3958 6512
139 475 1450 494 mm—

75 467 3328 533 Ege-5w

1393 516 1423 524 —
1441 510 2842 523 ...α-Μ-

694 681 1440 815 ΙΩΑΝΝΟΥ
1529 679 1877 815 ΤΟΥ
1954 676 2773 811 ΑΣΚΗΤΟΥ

387 941 1184 1182 ΤΟΥ
1425 938 3061 1179 ΖΩΝΑΡΑ

211 1269 649 1325 ΓΕΓΟΝΟΤΟΣ
707 1271 841 1325 ΤΟΥ
899 1271 1227 1326 ΜΕΓΑΛοΥ
1293 1270 1767 1324 ΔΡΟΥΙΤΑΡΙΟΥ
1842 1271 1975 1323 ΤΗΣ
2045 1270 2318 1336 ΒΙΓΑΔΣ,
2387 1269 2505 1322 ΚΑΙ
2579 1265 3207 1323 ΠΡΩΤΟΛΣΙΙΚΡΗἸἸΣ

989 1441 2474 1662 ΧΡΟΝΙΚΟΝ.

485 1927 1648 2141 JOANNIS
1781 1933 2048 2141 Z(

1391 1929 1648 2140 IS
1781 1932 2951 2144 ZONARAE

595 2487 859 2548 MAGNI
904 2487 1169 2546 ANTEA
1219 2482 1550 2545 VIGILUM
1600 2480 2001 2542 l‘iUEFECTl
2047 2482 2148 2543 ET
2193 2481 2509 2561 PRIMIA
2555 2480 2932 2544 SECBETIS

1202 2680 2266 2863 ANNALES.

913 2987 1290 3052 σηοως
1327 2987 1446 3048 DU
1477 2985 1841 3059 FRESNE,
1882 2985 2080 3048 ΗΘΜ.
2122 2986 2236 3048 DU
2276 2985 2588 3061 CANGE,

668 3112 837 3171 REGI
867 3114 908 3168 Α
942 3112 1311 3181 CONSILHS,
1356 3112 1450 3170 ET
1485 3111 1823 3169 FRANCIE
1885 3111 2081 3168 APUD
2119 3113 2482 3170 AMBIANOS
2515 3112 2887 3181 QUAE'ST'OR,

123 3257 528 3311 VOLFIANAI
546 3256 937 3309 ΕΠΙΤΙΟΝΕΜ
966 3253 1681 3307 ουυεσιίιιιτιςοουισι

1812 3253 2208 3314 τσοιγτυιιτ,
2231 3253 2538 3303 ιΑΤΙΝΔΜ
2564 3253 3375 3319 γεηςιοιιεκιεσεπςση.

1194 3362 1502 3413 ΑΝΝΑιεε
1539 3361 1752 3411 NOTIS
1792 3360 2275 3412 ILLUSTRAVIT.

1188 3643 1687 3722 DUCANGII
1772 3641 2323 3721 PBIEFA'HO.

191 3821 358 3878 Nemo
387 3832 482 3880 est
524 3830 648 3877 tum
682 3838 750 3877 ex
783 3823 982 3878 nostris
1015 3830 1130 3878 tum
1184 3824 1350 3879 etiam
1409 3825 1614 3880 exteris
1661 3823 1760 3894 (l),
1788 3823 1880 3893 qui
1939 3823 2162 3894 Regiam
2217 3823 2552 3893 scriptorum
2604 3821 3029 3894 Byaantinorum
3075 3825 3378 3882 editionem

134 3915 264 3970 velut
311 3917 589 3971 eximium
620 3915 843 3970 Gallicte
877 3914 1299 3986 magniﬁcentiae
1326 3925 1745 3971 monumentum
1781 3928 1889 3968 non
1924 3912 2206 3980 suspiciat.
2236 3911 2302 3964 Et
2329 3911 2526 3965 merito
2545 3925 2675 3965 sane
2709 3927 2772 3966 ac
2800 3913 2924 3983 jure
2949 3913 3180 3984 optimo,
3219 3931 3373 3982 cum,

147 4012 507 4074 pmlerquam
537 4003 686 4074 quod
724 4003 1006 4058 historiam
1048 4004 1232 4057 minus
1260 4005 1526 4060 hactenus
1552 4015 1734 4058 notam
1766 4011 1822 4055 tt
1862 4015 1986 4070 qua
2014 4008 2097 4052 tot
2134 4015 2318 4052 rerum
2344 3998 2560 4053 eventis
2593 3999 2858 4065 varietur,
2899 4000 3238 4072 Romanique
3269 4004 3378 4058 im-

137 4089 256 4156 perii
290 4093 563 4147 universo
613 4105 755 4159 pene
785 4090 904 4144 orbi
944 4091 1077 4144 olim
1126 4091 1464 4146 dominantis
1506 4106 1709 4144 causas
1749 4086 2128 4142 im:linationis
2158 4095 2322 4155 atque
2363 4086 2542 4140 ruina
2571 4086 2644 4140 ob
2681 4087 2874 4143 oculos
2902 4099 3193 4159 proponat,
3239 4093 3380 4162 typis

140 4174 220 4229 illa
249 4186 355 4231 tam
383 4178 752 4250 elegantibus
785 4178 1215 4246 chartarumque
1266 4176 1940 4246 magnitudine‘adornata
1983 4175 2097 4228 exit
2145 4174 2200 4228 in
2236 4173 2540 4243 publicum,
2572 4185 2631 4228 ut
2660 4176 2960 4244 quamdam
2990 4193 3104 4247 pra:
3146 4194 3207 4232 se
3241 4180 3378 4234 ferat

143 4264 485 4333 maiestatem,
519 4274 586 4320 et
621 4274 893 4336 quotquot
921 4267 1138 4320 litteras
1166 4276 1356 4320 amant
1397 4265 1467 4319 ad
1510 4265 1596 4319 sui
1631 4265 1926 4320 lectionem
1957 4260 2364 4330 quodammodo
2402 4260 2664 4315 sollicitet
2691 4269 2748 4316 et
2788 4263 3016 4317 alliciat.
3046 4263 3116 4318 At
3139 4280 3267 4318 eum
3294 4274 3381 4319 tot

144 4349 270 4404 inter
303 4355 468 4424 Regio
499 4355 617 4408 isto
645 4363 913 4424 apparatu
962 4353 1225 4423 insignes,
1248 4353 1480 4408 Joannis
1516 4353 1743 4407 Zonaras
1774 4351 2014 4405 Annales
2047 4349 2233 4403 Graece
2267 4349 2434 4403 semel
2466 4349 2759 4418 minusque
2786 4347 2960 4405 nitide
2988 4351 3284 4422 impressos
3313 4370 3380 4408 ac

148 4435 196 4490 in
223 4454 452 4507 praesens
481 4440 734 4494 rariores
773 4441 1022 4509 plerique
1050 4456 1118 4494 ex
1151 4439 1385 4494 eruditis
1412 4437 1714 4495 desiderari
1757 4439 2123 4502 monuissent,
2163 4438 2245 4490 vir
2289 4436 2700 4492 illustrissimus
2729 4439 2977 4493 marchio
3017 4441 3086 4495 de
3117 4441 3377 4506 Louvois,

148 4527 247 4592 regi
281 4527 343 4579 ab
385 4527 606 4582 intimis
648 4527 895 4582 consiliis
919 4534 973 4581 et
1019 4527 1272 4590 secretis,
1305 4527 1464 4597 cujus
1489 4541 1638 4580 cura:
1668 4525 1901 4581 aediﬁcia
1934 4527 2126 4596 Regia,
2172 4536 2340 4590 artes,
2381 4525 2606 4594 ipsaque
2655 4528 3012 4598 typographia
3049 4529 3216 4598 Regia
3251 4545 3378 4598 per-

150 4611 298 4666 missa
326 4626 468 4681 sunt,
503 4616 568 4669 in
603 4615 747 4669 idem
779 4615 946 4669 etiam
981 4614 1276 4669 consilium
1307 4615 1658 4685 conspirante
1699 4613 2073 4668 illustrissimo
2107 4613 2275 4667 fratre
2317 4612 2737 4683 archiepiscopo
2763 4615 3059 4669 Rhemensi
3097 4632 3159 4669 ac
3199 4617 3378 4688 primo

156 4697 370 4754 Francia:
392 4704 535 4773 pari,
572 4717 673 4772 pro
705 4702 892 4755 innato
923 4717 1032 4756 non
1071 4701 1281 4771 vulgari
1310 4717 1437 4772 erga
1468 4702 1682 4756 litteras
1711 4701 1909 4755 aﬂ‘ectu
1941 4709 2000 4754 ut
2025 4709 2218 4756 auctor
2244 4700 2414 4770 Regia
2443 4699 2687 4754 editione
2731 4701 3091 4772 dignissimus
3120 4704 3381 4759 ederetur

158 4789 398 4854 optimum
427 4791 633 4846 factum
668 4790 846 4844 videri
895 4790 1000 4844 sibi
1045 4790 1396 4860 signiﬁcavit.
1439 4789 1614 4844 llaece
1660 4787 1797 4843 mihi
1831 4788 2033 4842 deinde
2071 4786 2404 4842 demandata
2449 4787 2759 4857 provincia,
2801 4805 2908 4858 qua
2942 4790 3219 4846 doctiores
3245 4793 3380 4846 alios

157 4873 300 4944 longe
324 4880 513 4934 melius
546 4879 911 4934 defuncturos
949 4879 1078 4934 licet
1111 4879 1339 4934 minime
1379 4878 1648 4942 dubitem,
1675 4895 1900 4932 manum
1944 4880 2128 4933 statim
2173 4878 2417 4939 admovi,
2479 4877 2701 4932 codices
2730 4889 2946 4934 veteres
2976 4893 3245 4950 quantum
3282 4897 3379 4951 per

163 4970 356 5030 tempus
381 4966 541 5020 licuit
574 4968 769 5037 collegi
805 4976 860 5022 et
891 4967 1130 5032 contuli,
1164 4975 1434 5036 natasque
1465 4967 1644 5038 adjeci
1677 4985 1692 5021 :
1725 4967 1874 5038 quod
1903 4967 2285 5037 qualecunque
2309 4975 2416 5028 est,
2438 4965 2586 5034 atqui
2617 4965 2859 5036 bonique
2902 4970 3256 5024 consulturos
3282 4970 3382 5024 be-

163 5049 342 5117 nignos
366 5052 596 5109 lectores
621 5055 864 5110 confido.

225 5141 503 5202 Enimvero
534 5157 592 5202 ut
617 5149 686 5204 de
715 5150 868 5205 hisce
908 5149 1001 5220 qui
1033 5167 1185 5206 nunc
1219 5151 1492 5220 prodeunt
1520 5150 1828 5206 Annalibus
1866 5166 1930 5205 ac
1970 5150 2039 5204 de
2071 5167 2265 5206 eorum
2293 5162 2522 5208 auctore
2543 5154 2757 5209 Zonara
2781 5154 3037 5225 quzedam
3079 5153 3380 5224 pramitta-
3454 5142 3460 5148 ’

167 5243 293 5295 mus,
324 5232 421 5289 hos
455 5240 756 5305 praesertim
798 5238 1152 5294 commendat
1181 5239 1466 5309 scriptoris
1495 5239 1759 5304 eruditio,
1797 5255 1919 5309 qua:
1952 5255 2063 5292 non
2104 5255 2171 5293 ex
2217 5239 2286 5295 iis
2315 5240 2480 5294 modo
2521 5242 2704 5313 colligi
2741 5251 2945 5312 potest.
2979 5241 3075 5296 sed
3117 5241 3282 5296 etiam
3314 5256 3381 5295 ex

166 5321 276 5374 aliis
297 5339 448 5392 quam
483 5327 740 5395 plurimis
788 5327 1072 5398 operibus,
1103 5344 1338 5398 quorum
1372 5328 1608 5382 indicem
1646 5327 1838 5382 huiccc
1885 5325 2196 5380 Prmfationi
2233 5327 2588 5398 subjicimus;
2621 5329 2676 5383 in
2717 5329 2919 5399 quibus
2963 5344 3143 5398 neque
3191 5342 3376 5381 rerum

169 5410 504 5476 cognitionem
537 5431 716 5482 neque
747 5430 873 5470 acre
911 5416 992 5469 vel
1026 5416 1264 5470 solidum
1301 5416 1575 5486 judicium
1609 5423 1668 5468 ut
1704 5430 1807 5470 nec
1837 5413 2095 5483 pietatem
2124 5414 2398 5483 quispiam
2429 5415 2730 5472 desideret.
2767 5417 2909 5483 Quin
2939 5418 3103 5472 etiam
3139 5415 3185 5471 si
3224 5425 3382 5468 nata-

172 5496 286 5550 lium
316 5501 567 5570 splendor
596 5504 847 5574 gestique
891 5505 945 5559 iu
992 5505 1384 5574 imperatorum
1411 5505 1631 5573 palatiis
1664 5503 2015 5574 magistratus
2041 5502 2508 5558 existimationem
2538 5506 2776 5576 aliquam
2803 5505 3059 5574 scriptori
3087 5503 3380 5558 conciliare

172 5599 394 5656 possunt,
421 5591 566 5660 quod
587 5607 751 5646 nemo
781 5593 924 5647 forte
948 5594 1002 5648 in
1034 5593 1265 5648 dubium
1297 5592 1660 5656 revocaverit,
1689 5591 1759 5645 de
1801 5593 1896 5647 illo
1919 5593 2196 5662 praecipue
2229 5593 2323 5664 qui
2353 5593 2421 5648 de
2455 5595 2622 5649 rebus
2652 5595 2913 5666 politicis,
2941 5596 2994 5648 in
3030 5592 3232 5663 quibus
3257 5606 3382 5645 ver-

231 5763 300 5836 (Ι)
329 5765 476 5822 Mart.
518 5769 761 5824 Hankius
797 5769 847 5828 it.
951 5770 1119 5824 rarl'at.
1153 5769 1218 5824 ad
1268 5769 1366 5825 lib.
1413 5769 1486 5823 De
1527 5770 1708 5839 script.
1737 5768 1963 5840 Byzant.

458 5863 727 5925 ΡΑτιιοι..
762 5867 879 5928 Gn.
911 5866 1254 5928 CXXXIV.

3055 5864 3085 5923 1
