3984 6496
149 360 206 419 l3
1571 360 1963 420 PIUEFATIU
3332 360 3352 422 l
3363 369 3395 422 ι

154 478 274 532 dum
298 476 416 548 ipse
447 480 698 536 extorris
728 492 784 536 et
813 484 1005 552 procul
1030 482 1102 538 ab
1132 484 1267 538 urbe
1296 481 1351 537 in
1382 494 1552 551 parva
1589 478 1771 532 insula
1804 476 1975 531 vitam
2010 485 2238 546 ageret:
2273 491 2338 531 ex
2365 493 2481 548 quo
2511 477 2716 533 factum
2746 482 2992 551 agnoscit
3023 485 3393 541 utconsulum

146 567 561 622 etdietatorum
601 569 828 627 historia
876 572 1063 627 minus
1094 572 1168 626 sit
1208 570 1482 625 absoluta.
1520 568 1708 636 Neque
1748 580 1911 635 porro
1952 563 2141 619 mirari
2173 563 2377 619 debere
2421 565 2607 620 subdit
2649 568 2936 633 lectorem,
2971 571 3015 624 si
3054 570 3107 625 in
3147 570 3214 627 iis
3254 587 3397 643 quos

148 657 472 725 conscripsit
514 658 831 714 Annalibus
862 660 1181 730 scriptionis
1207 660 1496 714 character
1525 656 1732 727 ubique
1774 653 1877 709 sibi
1912 653 2109 708 similis
2149 671 2256 706 non
2285 664 2564 719 occurrat,
2596 672 2719 709 cum
2753 658 2912 712 aliter
2943 659 3059 714 ﬁeri
3084 661 3178 715 vix
3205 671 3392 733 queat,

153 753 205 795 nt
226 744 317 811 qui
352 744 653 801 historiam
673 762 705 800 e
727 748 896 803 variis
925 748 1297 818 scriptoribus
1322 745 1488 800 veluti
1517 746 1712 813 stipem
1746 742 1977 811 colligit,
2007 742 2227 797 illorum
2254 751 2310 797 et
2333 742 2573 798 dictione
2602 753 2656 799 et
2686 748 3086 815 compositione
3117 749 3171 803 in
3202 752 3396 806 multis

150 846 245 884 non
269 840 479 887 utatur.
509 833 670 900 Quod
696 835 768 889 ita
794 844 978 891 tamen
999 835 1258 900 confecit,
1285 846 1344 890 ut
1366 835 1415 888 si
1444 832 1650 902 aliquid
1677 831 1744 884 de
1773 846 1875 885 suo
1900 829 2262 900 interiecerit,
2289 830 2340 883 id
2366 831 2521 921 illius
2537 833 2677 904 stylo
2704 850 2868 903 quem
2894 837 3253 921 sequebatur
3294 855 3385 893 au-

148 917 304 971 ctoris
327 931 606 986 quantum
657 922 775 975 tieri
822 923 1002 991 potuit
1031 920 1557 980 accommodaverit.
1599 934 1669 972 ne
1725 917 2043 987 scriptionis
2078 918 2218 972 ratio
2253 934 2282 971 a
2319 934 2441 973 sese
2472 920 2677 991 ubique
2724 920 2992 979 dissidere
3043 925 3330 984 videretur
3375 947 3388 982 :

150 1018 260 1057 cum
292 1005 524 1059 interim
560 1009 666 1062 alia
717 1008 878 1079 longe
910 1027 1081 1080 quam
1121 1010 1304 1067 cmteri
1334 1010 1428 1080 qui
1477 1024 1567 1063 res
1622 1006 2043 1077 chronologicas
2090 1005 2360 1060 hactenus
2395 1013 2784 1075 tractaverant,
2828 1011 3068 1069 Annales
3097 1032 3226 1072 suos
3250 1034 3390 1075 «con-

152 1092 424 1157 scriberet,
456 1110 552 1149 res
582 1112 778 1166 nempe
822 1100 977 1168 quasi
1009 1099 1075 1152 de
1096 1114 1200 1152 suo
1224 1113 1563 1168 componens
1600 1104 1657 1151 et
1689 1110 1942 1158 narrans,
1973 1104 2031 1150 et
2059 1095 2204 1164 quod
2231 1092 2391 1149 laude
2426 1094 2651 1167 dignum
2686 1105 2767 1154 est
2799 1116 2974 1171 eaque
3010 1119 3244 1171 summa,
3278 1125 3389 1165 non

148 1178 439 1234 alienorum
474 1181 648 1236 furtis
675 1184 931 1253 plausum
956 1196 1207 1256 captans,
1246 1200 1428 1257 neque
1463 1193 1728 1255 tractatus
1764 1184 2011 1255 integros
2040 1182 2386 1249 cxscribens,
2418 1192 2476 1238 ut
2512 1182 2581 1243 de
2624 1186 2744 1257 ipso
2784 1184 2999 1244 Zonara
3046 1194 3242 1251 scribit
3276 1194 3389 1253 Leo

152 1266 364 1321 Allatius
387 1268 433 1338 (I
452 1269 531 1338 ι).

209 1353 318 1407 Non
343 1354 583 1411 defuere
609 1366 797 1413 tamen
816 1361 910 1429 qui
937 1362 1192 1417 censorio
1222 1361 1459 1431 quodam
1481 1359 1691 1432 judicio
1727 1368 1785 1415 ut
1814 1357 1995 1413 minus
2024 1357 2363 1429 diligentem.
2402 1361 2634 1415 maxime
2674 1361 2766 1416 ubi
2798 1364 2866 1419 de
2904 1367 3075 1423 rebus
3118 1369 3386 1429 Romanis

153 1441 263 1509 agit,
285 1442 608 1498 vellicarint
633 1455 801 1516 atque
822 1448 961 1502 adeo
993 1450 1441 1518 perstrinxerint.
1466 1467 1484 1497 ι
1510 1448 1729 1512 Omnia,
1754 1445 2143 1515 inquithorum
2169 1446 2307 1500 alter
2334 1447 2444 1518 (η)
2466 1490 2481 1513 ,
2510 1463 2634 1505 ante
2660 1450 3081 1511 Constantinum
3117 1459 3301 1531 inepte
3333 1474 3389 1521 et

153 1543 324 1594 parum
368 1529 676 1601 diligenter
726 1533 821 1606 (de
871 1538 1043 1590 rebus
1068 1534 1279 1591 Latinis
1330 1535 1544 1605 loquor)
1574 1535 1892 1604 explicavit.
1942 1552 1961 1584 ι
1999 1532 2107 1588 Sed
2139 1550 2301 1603 quam
2330 1552 2465 1590 sano
2495 1536 2586 1592 ille
2616 1540 2830 1610 judicio
2858 1540 2973 1600 ῐιὼο
2995 1529 3264 1603 etl'utierit
3300 1553 3385 1608 ve!

154 1614 263 1669 inde
287 1626 459 1685 patet,
495 1619 651 1688 quod
685 1635 717 1675 a
742 1622 904 1692 paulo
931 1623 1274 1692 a-quioribus
1299 1622 1604 1695 iudicibus,
1631 1623 1809 1691 iisque
1836 1620 2169 1691 pereruditis
2197 1623 2488 1692 quibusvis
2516 1625 2920 1699 chronologicis
2949 1635 3172 1705 scriptis
3202 1636 3379 1695 Anna.

151 1703 264 1755 lium
295 1704 526 1760 Zonaras
557 1723 689 1777 pars
718 1710 810 1764 illa
839 1728 959 1780 quae
990 1728 1080 1766 res
1112 1712 1336 1766 Latinas
1385 1719 1686 1782 pertractat
1727 1711 1885 1787 longe
1920 1719 2310 1779 anteponatur.
2352 1712 2488 1765 Nam
2518 1729 2643 1768 eum
2697 1717 2748 1769 in
2800 1724 3152 1779 recensendis
3183 1722 3384 1782 Roma-

150 1806 322 1844 norum
347 1795 523 1863 gestis
560 1812 630 1851 ex
666 1798 838 1852 Dione
870 1801 1199 1874 presertim,
1224 1815 1389 1870 quem
1422 1799 1647 1854 minime
1681 1808 1995 1853 truncatum
2042 1805 2101 1851 ut
2148 1797 2311 1852 hodie
2354 1800 2539 1854 editus
2573 1812 2656 1856 cst
2700 1805 2795 1859 sed
2828 1805 3112 1888 integrum
3152 1813 3389 1885 legerat,

150 1879 353 1948 altisque
384 1883 762 1952 scriptoribus
785 1886 876 1955 qui
912 1888 1126 1956 periere
1158 1896 1466 1959 temporum
1495 1887 1717 1958 injuria.
1749 1886 1892 1941 hanc
1920 1885 2166 1939 historiae
2198 1896 2410 1954 partem
2449 1879 2982 1960 compegeritfnova
3028 1896 3140 1954 fere
3166 1918 3386 1974 semper

146 1965 275 2018 etab
310 1966 434 2021 aliis
459 1969 675 2025 indicta
703 1984 1140 2029 commemorat:
1178 1975 1251 2029 ita
1287 1984 1347 2029 ut
1378 1975 1568 2028 multis
1599 1975 1651 2027 in
1680 1972 1816 2028 locis
1851 1971 1920 2027 tle
1954 1974 2125 2028 verbo
2151 1972 2221 2028 ad
2257 1975 2487 2030 verbum
2513 1977 2739 2034 Dionem
2773 1984 3132 2056 cxscripsisse
3166 1991 3384 2048 dicatur

150 2050 472 2110 aGuillelmo
492 2055 806 2127 Xylandro,
849 2060 1042 2115 Fulvio
1072 2062 1297 2125 Ursino.
1334 2061 1616 2116 Friderico
1646 2061 1942 2133 Sylburgio
1966 2074 2023 2118 et
2064 2063 2300 2118 Henrico
2332 2065 2572 2129 Valesio.
2622 2068 2784 2124 istius
2812 2050 3104 2145 scriptoris
3143 2082 3384 2137 eruditis

149 2139 552 2210 interpretibus,
584 2147 794 2215 quibus
831 2149 1079 2204 solemne
1110 2160 1194 2205 est
1224 2165 1290 2204 ex
1330 2149 1544 2203 Zonara
1577 2159 1673 2203 aut
1696 2151 1872 2220 ipsum
1902 2149 2127 2203 Dionem
2158 2151 2455 2207 emendare
2479 2164 2575 2208 aut
2603 2156 2881 2215 Romanos
2910 2163 3216 2233 scriptorcs
3244 2171 3380 2226 alios

152 2226 401 2282 illustrare
449 2249 463 2285 :
504 2235 655 2291 unde
681 2236 1007 2292 Theodorus
1033 2237 1308 2292 Mamilius
1347 2238 1457 2308 (i5)
1490 2235 1756 2291 Zonaram
1801 2245 1856 2290 et
1891 2237 2232 2307 Xiphilinum
2268 2238 2457 2294 Dionis
2499 2242 2758 2314 subdigas
2806 2259 2983 2303 vocat.
3028 2226 3096 2306 lit
3126 2266 3274 2311 certe
3308 2258 3382 2313 itu

148 2313 203 2366 de
228 2315 429 2371 Zanara
482 2324 729 2377 sensisse
772 2334 986 2382 constat
1019 2326 1273 2381 eumdem
1310 2324 1593 2392 Allatium,
1639 2344 1656 2376 ι
1709 2326 1802 2393 qui
1845 2345 1862 2376 ι
1911 2325 1986 2379 ait
2026 2325 2115 2380 ille
2165 2345 2183 2378 ι
2234 2326 2361 2381 licet
2404 2328 2458 2382 in
2510 2330 2738 2387 historia
2791 2346 2914 2405 post
2957 2338 3379 2403 Constantinum

152 2401 646 2477 Magnumjcjunior
676 2412 768 2476 sit,
798 2422 853 2467 et
888 2413 1103 2468 nonnisi
1132 2414 1289 2468 obvia
1321 2428 1554 2484 quzeque
1595 2413 1949 2482 percurrcrit,
1970 2412 2027 2466 in
2064 2413 2147 2469 his
2180 2430 2311 2470 vero
2332 2432 2454 2487 qua:
2477 2426 2603 2474 ante
2635 2418 3055 2482 Constantinum
3085 2431 3157 2484 ad
3190 2436 3381 2489 mundi

148 2492 340 2547 exordia
370 2496 702 2567 diligentius
736 2512 791 2557 et
813 2501 1092 2571 cepiosius
1121 2512 1392 2559 versatur.
1431 2522 1449 2553 ›
1484 2502 1601 2556 Non
1633 2502 1832 2556 mirum
1858 2501 2023 2571 igitur
2051 2503 2093 2555 si
2121 2502 2189 2556 ab
2215 2504 2521 2560 Alexandro
2553 2507 2873 2566 Brassicano
2899 2514 2952 2567 in
2976 2516 3295 2577 Prmfatione
3313 2526 3384 2579 ad

153 2578 437 2637 Salvianum
473 2587 713 2641 sincene
765 2587 890 2643 fidei
950 2590 1270 2652 historicus,
1323 2599 1379 2643 et
1426 2606 1454 2643 a
1502 2590 1827 2645 Casanbono
1868 2588 1977 2659 (ll)
2029 2591 2246 2645 dicatur
2302 2593 2390 2648 vir
2437 2595 2871 2657 eruditissimus.
2923 2603 3159 2661 Cedreni
3203 2613 3379 2668 codici

154 2672 504 2743 nranuscripto
536 2676 802 2731 schedam
840 2679 1159 2750 ascripsisse
1191 2679 1393 2733 dicitur
1443 2677 1699 2742 Wolfius,
1742 2677 1795 2731 in
1838 2695 1945 2747 qua
1980 2679 2309 2734 observabat
2352 2692 2589 2739 tractare
2627 2686 2769 2742 idem
2816 2706 3198 2760 arguunentum
3233 2704 3383 2769 quod

149 2752 377 2821 Zonaras,
417 2762 516 2816 sed
560 2762 766 2818 habere
797 2782 826 2819 a
870 2766 1082 2821 Zonara
1113 2768 1281 2821 nmlta
1336 2767 1404 2821 de
1456 2766 1724 2821 industria
1773 2766 2164 2836 praetermissa,
2202 2767 2489 2825 brevitatis
2517 2771 2659 2828 forte
2699 2779 2907 2842 studio,
2949 2783 3042 2837 sed
3091 2795 3240 2842 certe
3267 2808 3375 2845 ηοη

152 2848 618 2915 praetermittenda,
654 2852 727 2906 ita
771 2861 830 2907 ut
872 2855 1095 2923 optione
1139 2852 1245 2909 sibi
1287 2855 1412 2909 data
1459 2855 1529 2909 ab
1572 2854 1730 2910 initio
1774 2852 2087 2909 Ccdrenum
2133 2854 2358 2912 Zonara:
2402 2862 2755 2929 pra-tulisset.
2799 2865 2924 2932 Qui,
2966 2868 3142 2941 inquit
3171 2874 3374 2946 ’Xylan-

150 2932 231 2984 der
257 2935 378 3004 (Ιὸ),
410 2953 440 2991 a
475 2956 596 3010 quo
622 2940 738 2997 inec
768 2958 833 2997 ex
859 2941 1055 2999 Wolﬁo
1093 2943 1429 3007 referuntur,
1468 2944 1534 2997 ad
1568 2960 1632 2998 ca
1663 2942 1903 3009 respexit
1940 2944 2229 3013 praecipue,
2256 2961 2378 3016 qum
2408 2947 2631 3004 aliunde
2661 2967 2823 3020 quam
2855 2971 2919 3009 ex
2958 2973 3024 3013 eo
3066 2965 3237 3032 repeti
3266 2981 3374 3022 non

154 3033 368 3088 possunt,
397 3042 524 3082 cum
564 3027 676 3084 duo
707 3029 923 3099 priores
952 3031 1178 3085 Zonarze
1211 3031 1344 3086 tomi
1397 3031 1557 3102 longe
1604 3031 1847 3099 alioquin
1890 3030 2002 3086 sint
2048 3035 2306 3090 meliores
2342 3053 2405 3091 ac
2439 3038 2599 3094 laude
2627 3039 2925 3112 digniores,
2964 3065 3128 3119 quam
3157 3069 3219 3108 ea
3255 3072 3377 3125 qmc

150 3109 204 3161 ad
226 3109 640 3170 Coristantinum
672 3133 847 3188 usque
873 3118 1123 3189 Magnum
1157 3118 1442 3174 Cedrenus
1470 3118 1710 3191 collegit.
1742 3118 1951 3176 Scribit
1985 3131 2247 3191 praeterea
2296 3124 2440 3179 idem
2482 3109 2713 3185 κνοωυέ
2762 3132 2874 3204 (16)
2910 3109 3194 3194 ⁷Ζόιηιηηιί
3241 3109 3377 3199 alias

155 3198 472 3263 prolixiorem
524 3203 729 3268 videri,
768 3214 829 3259 ut
868 3206 924 3261 in
970 3206 1200 3262 Judaica
1257 3207 1511 3270 historia,
1541 3207 1677 3261 alias
1727 3206 2062 3273 breviorem,
2104 3217 2164 3264 ut
2205 3211 2260 3265 in
2304 3223 2618 3269 exterarum
2649 3220 2891 3288 gentium
2927 3226 3117 3293 gestis.
3168 3229 3225 3284 ln
3263 3249 3371 3302 quo

153 3286 338 3350 quidem
382 3292 424 3345 si
469 3307 588 3362 qua
629 3293 790 3364 culpa
823 3292 1115 3349 commissa
1147 3304 1251 3356 est.
1293 3296 1707 3352 excusationem
1751 3296 1956 3352 habere
1997 3299 2169 3353 videri
2218 3300 2380 3367 hanc,
2425 3303 2571 3372 quod
2610 3305 2725 3375 ipse
2763 3324 2870 3363 non
2906 3328 2971 3365 ex
3020 3329 3122 3369 suo
3151 3286 3377 3390 ingeiiio

170 3370 231 3390 ι--
421 3378 455 3390 .,
847 3384 858 3390 .
938 3381 948 3390 .
1105 3381 1119 3390 .
1356 3381 1390 3390 ..
1646 3382 1681 3390 ,η
1886 3385 1919 3390 -.
2078 3387 2086 3390 .

156 3370 463 3446 deprompsit
492 3394 565 3433 ea
604 3396 726 3450 qua:
754 3381 997 3451 scripsit,
1025 3381 1119 3436 sed
1157 3397 1222 3436 ex
1256 3381 1424 3436 variis
1447 3382 1771 3463 auctoribus
1818 3385 2044 3440 collecta
2077 3387 2130 3440 in
2162 3399 2373 3443 certum
2404 3390 2657 3446 ordinem
2712 3395 2922 3468 redegit
2950 3417 2964 3453 :
2998 3403 3091 3471 qui
3117 3370 3372 3466 auc‘iorel

155 3465 272 3515 inter
300 3480 354 3519 se
380 3467 747 3524 dissimillimi
791 3481 939 3524 sunt.
973 3468 1130 3536 Quod
1162 3479 1349 3524 autem
1382 3487 1492 3525 non
1523 3472 1709 3525 omnia
1740 3482 2062 3540 persecutus
2092 3487 2197 3541 est,
2244 3492 2353 3531 non
2394 3486 2505 3532 tam
2540 3481 2868 3552 negligentia
2900 3502 3061 3555 quam
3096 3492 3160 3547 dc
3203 3495 3362 3549 indu.

155 3549 264 3602 stria
287 3549 497 3610 fecisse.
2553 3570 2593 3651 ξ,

213 3636 410 3706 Verum,
440 3643 579 3699 licet
610 3644 663 3698 in
702 3645 769 3700 iis
795 3662 918 3715 qua:
946 3655 1077 3717 post
1109 3647 1535 3704 Constantinum
1567 3647 1818 3720 Magnum
1855 3647 2078 3727 scripsit
2103 3649 2265 3707 obvia
2288 3669 2517 3724 quaeque
2551 3636 2877 3723 percurrere
2909 3660 3177 3719 Zonaram
3212 3669 3360 3726 dicat

156 3722 373 3794 Allatius,
403 3732 576 3801 longe
605 3732 767 3789 aliter
801 3742 983 3789 tamen
1017 3736 1258 3791 sensisse
1297 3736 1516 3791 videtur
1554 3736 1731 3791 exacti
1777 3735 1866 3790 vir
1903 3722 2100 3807 judicii
2150 3722 2732 3812 Henricus—Valesius,
2773 3748 2866 3817 qui
2909 3767 3016 3805 non
3065 3755 3228 3810 modo
3272 3775 3366 3813 au-

156 3822 332 3869 ctorem
366 3830 448 3874 sat
477 3819 806 3889 diligentem
838 3821 986 3876 baud
1011 3823 1183 3879 semel
1210 3823 1488 3894 indigitat,
1522 3823 1617 3878 sed
1640 3832 1696 3877 ct
1721 3823 1772 3877 in
1806 3824 1873 3878 iis
1906 3827 2209 3895 prmsertim
2247 3844 2369 3898 qua:
2408 3830 2655 3900 ejusdem
2708 3833 3051 3895 Constan'ini
3102 3843 3365 3902 familiam

154 3913 392 3970 spectant,
419 3909 839 3964 accuratiorem
870 3926 1034 3981 quam
1074 3910 1130 3983 in
1163 3911 1399 3973 ueteris.
1432 3922 1612 3982 neque
1648 3912 1772 3966 aliis
1801 3913 1963 3967 obvia
1998 3914 2184 3970 dicere
2216 3912 2482 3973 observat
2503 3920 2638 3992 (ΓΙ).
2685 3920 2749 3977 Ει
2787 3940 2919 3981 sane
2954 3944 3269 4002 quanquam
3303 3936 3363 3992 in

158 3994 470 4050 recensendis
499 3993 921 4065 Cpolitanorum
950 3997 1345 4069 imperatorum
1373 3998 1561 4069 gestis,
1594 3999 1895 4054 fusioribus
1935 4003 2075 4058 forte
2125 4004 2290 4059 editis
2321 4002 2735 4065 commentariis
2782 3993 2985 4069 versati
3033 3993 3142 4074 sint
3182 4020 3364 4077 Theo-

158 4073 351 4143 phanes,
380 4081 695 4149 Cedrenus;
726 4083 989 4156 Scylitzes
1011 4097 1066 4141 et
1095 4085 1306 4156 aliquot
1336 4087 1454 4150 alii,
1487 4096 1701 4141 constat
1732 4088 1784 4142 id
1808 4089 2034 4145 Zonarze
2068 4093 2121 4145 in
2150 4092 2342 4163 primis
2378 4096 2666 4152 consilium
2699 4098 2888 4166 luisse,
2924 4112 2983 4157 ut
3011 4122 3118 4160 non
3144 4109 3364 4177 plenio-

160 4178 251 4218 rem
274 4170 726 4236 quemadmodum
756 4173 792 4226 ii
824 4172 1134 4238 historiam,
1168 4174 1265 4229 sed
1287 4175 1712 4230 contractiorem
1736 4186 1901 4247 atque
1930 4179 2069 4233 adeo
2102 4181 2491 4251 compendium
2520 4186 2922 4256 conscriberet,
2955 4191 3010 4245 in
3037 4209 3147 4263 quo
3178 4196 3362 4268 singu-

164 4252 268 4305 laria
290 4272 516 4327 qumque
543 4266 599 4314 et
631 4276 753 4330 quae
788 4262 841 4315 in
877 4278 935 4316 re
967 4262 1232 4318 historica
1269 4264 1529 4334 praecipui
1556 4263 1881 4319 viderentur
1918 4266 2179 4336 ponderis
2218 4271 2634 4342 perstringeret.
2672 4273 2745 4329 Ex
2773 4252 2978 4347 quibus
3015 4252 3175 4338 facile
3201 4252 3358 4340 dilid-

165 4348 232 4392 ωε
259 4344 389 4411 quod
413 4348 489 4401 ait
526 4345 807 4405 Gcrardus
851 4349 1096 4416 Vossius,
1136 4361 1250 4405 tum
1280 4353 1334 4406 in
1366 4368 1433 4408 eo
1458 4353 1722 4424 majorem
1760 4369 1945 4407 curam
1974 4362 2024 4409 et
2055 4355 2380 4412 industriam
2417 4360 2739 4428 desiderari,
2776 4374 2893 4419 tum
2927 4368 3092 4424 etiam
3124 4376 3364 4432 maxime

163 4426 427 4509 mirandum
450 4451 603 4502 esse,
642 4437 823 4492 virum
859 4454 1033 4509 usque
1058 4440 1195 4496 adeo
1221 4443 1600 4512 experientem
1631 4441 1792 4496 insui
1824 4442 2087 4512 temporis
2126 4448 2429 4515 przescrtim
2478 4449 2644 4504 rebus
2683 4453 2947 4524 pleraque
2989 4459 3365 4527 perfunctorie

942 4503 960 4509 -
1293 4503 1309 4512 .
1937 4503 1953 4512 .
2127 4503 2142 4515 .
2523 4503 2526 4504 ν
2593 4503 2637 4504 η
2683 4503 2946 4524 των-τ--
2989 4503 3365 4527 τωωηωην

160 4503 339 4572 tantum
368 4523 579 4589 dicere,
620 4541 745 4580 cum
776 4512 946 4585 multa
979 4545 1283 4600 magnaque
1318 4532 1383 4584 iis
1417 4530 1765 4600 temporibus
1791 4540 1941 4602 gesta
1983 4540 2131 4598 sunt,
2181 4535 2435 4589 orientali
2480 4536 2615 4592 orbe
2656 4553 2783 4593 cum
2826 4542 3153 4600 occidentali
3203 4551 3366 4619 quasi

162 4614 481 4666 concurrente
514 4612 691 4667 :adeo
727 4622 787 4668 ut
811 4630 981 4684 pauca
1021 4616 1131 4671 sint
1158 4617 1358 4687 quibus
1384 4616 1557 4672 Alexii
1590 4618 1759 4672 vitam
1800 4618 2203 4688 perstrinxerit.
2241 4621 2325 4687 ld,
2362 4626 2606 4692 inquam,
2649 4625 2795 4681 baud
2822 4643 2965 4699 aegre
2998 4634 3268 4689 refellitur
3295 4652 3359 4692 ex

166 4697 366 4752 auctoris
407 4700 585 4770 ipsius
617 4703 909 4757 Annalium
942 4704 1222 4767 lemmate,
1260 4706 1346 4761 vel
1374 4721 1441 4760 ex
1483 4707 1658 4775 ipsius
1701 4706 2053 4773 I’rael‘ationc,
2102 4708 2155 4762 in
2185 4725 2292 4778 qua
2328 4726 2438 4765 non
2473 4712 2758 4768 historiam
2800 4718 2891 4769 sed
2943 4718 3187 4777 historia:
3212 4738 3363 4779 com-

164 4782 384 4843 Pcttdium
414 4788 664 4844 scribere
695 4806 755 4845 se
783 4791 1111 4860 proﬁtetur;
1144 4793 1219 4848 ita
1249 4802 1306 4848 ut
1334 4794 1380 4848 si
1419 4794 1708 4865 prolixiori
1743 4794 1835 4849 sui
1857 4804 1958 4850 ten:
1971 4798 2125 4865 poris
2153 4812 2242 4852 res
2272 4797 2469 4853 fuisset
2513 4812 2837 4869 persecutus
2862 4809 3202 4876 narratione,
3247 4813 3358 4883 pri-

167 4879 285 4922 nium
312 4876 594 4945 scriptoris
627 4877 868 4933 cilicium
917 4881 1145 4935 minime
1189 4882 1512 4937 observasse
1540 4882 1821 4937 diceretur
1851 4902 1865 4936 :
1897 4900 2045 4950 cum,
2074 4893 2133 4938 ut
2176 4886 2255 4939 ait
2289 4887 2500 4942 Plinius
2522 4888 2692 4952 alter,
2721 4891 2940 4947 titulum
2975 4910 3137 4951 suum
3177 4898 3362 4971 legere

169 4956 345 5025 debeat,
374 4975 540 5035 atque
570 4966 876 5022 identidem
908 4969 1249 5041 interrogare
1280 4986 1341 5026 se
1368 4970 1503 5042 quid
1534 4971 1767 5041 coeperit
1806 4972 2053 5031 scribere
2074 5012 2092 5039 ,
2133 4973 2384 5045 scireque
2414 4975 2459 5029 si
2483 4978 2726 5033 materiae
2761 4979 3085 5039 immoratur
3105 5002 3215 5042 non
3239 5004 3362 5046 esse

169 5042 365 5118 longum,
395 5053 777 5126 longissimum
808 5058 854 5112 si
887 5060 1095 5129 aliquid
1137 5062 1374 5117 arcessit
1412 5071 1578 5133 atque
1619 5060 1869 5118 attrahit.
1907 5061 2085 5131 Atque
2129 5077 2196 5117 ex
2229 5042 2396 5119 haece
2436 5065 2683 5121 virorum
2709 5069 3055 5126 eruditorum
3092 5076 3241 5130 varia
3291 5079 3360 5134 de

168 5128 352 5192 lenam
376 5141 681 5200 Annalibus
716 5128 995 5201 sententia
1026 5157 1178 5218 patet
1215 5166 1378 5220 quant
1409 5128 1647 5207 infausta
1681 5152 1755 5206 sit
1781 5164 1973 5203 eorum
1999 5162 2120 5203 sors
2150 5150 2245 5220 qui
2266 5152 2485 5223 aliquid”
2508 5153 2760 5211 scribere
2785 5158 3206 5230 aggrediantur,
3229 5178 3359 5220 eum

170 5221 411 5287 quibusvis
438 5246 499 5284 ac
524 5232 639 5286 fere
671 5232 878 5304 iniquis
909 5235 1196 5292 hominum
1223 5238 1450 5310 judiciis
1479 5247 1536 5294 et
1558 5252 1804 5294 censurae
1830 5240 2038 5312 ingenii
2078 5239 2247 5297 foetus
2280 5253 2586 5314 exponunt.

218 5305 454 5370 Caeterum
487 5320 542 5373 in
586 5320 877 5376 Annalium
927 5322 1167 5380 decursu
1215 5305 1560 5381 occasionem
1597 5326 1875 5383 interdum
1924 5337 2106 5398 captat
2135 5328 2382 5386 Zonaras
2417 5332 2734 5387 Graecorum
2781 5351 2894 5390 sua:
2937 5340 3114 5394 aetatis
3171 5344 3354 5397 mores

168 5396 429 5471 tellicandi,
475 5408 643 5463 veluti
677 5426 802 5465 cum
844 5413 1091 5469 virorum
1139 5417 1637 5472 ecclesiasticarum
1702 5416 2000 5472 Simoniam
2050 5418 2248 5486 carpit,
2298 5429 2542 5474 comatos
2594 5430 2651 5474 et
2696 5421 3041 5483 cincinnatos
3088 5428 3355 5499 palatinos

220 5558 312 5654 illi
344 5563 641 5654 990,091.92
701 5640 739 5654 ._
1230 5649 1242 5654 _
1378 5649 1389 5654 _
1469 5650 1497 5654 __
1620 5651 1629 5654 _

1378 5649 1389 5654 ,
1469 5650 1497 5654 __
1620 5651 1629 5654 _
1857 5583 1966 5651 (ιιι)
1998 5581 2080 5654 Ad
2117 5584 2260 5638 Hist.
2301 5585 2440 5654 Aug.
2465 5598 2518 5654 ρ,
2545 5585 2672 5653 eos,
2709 5586 2744 5640 2
2774 5588 2865 5645 ed.
2900 5567 2914 5575 ’

221 5628 313 5697 W2)
336 5634 481 5706 Apud
505 5628 669 5695 A'llat.
696 5640 770 5696 De
791 5659 962 5703 error.
985 5662 1164 5719 magn.
1192 5649 1352 5705 uiror.
1372 5649 1431 5704 in
1444 5650 1684 5717 dicendo,

171 5696 353 5788 μλιὲῐξ..
600 5781 612 5788 _
648 5780 679 5788 Α
1860 5724 1969 5788 (16)
2006 5723 2060 5777 In
2094 5725 2299 5788 prrel'at.

225 5727 391 5829 {Sim
411 5789 522 5834 not.
547 5781 614 5836 ad
646 5780 872 5841 Sueten.
2324 5796 2419 5851 lib.
2445 5813 2577 5857 xvm
2600 5798 2873 5854 Ammiani-
