3958 6584
521 421 590 486 15
1924 420 2029 479 DU
2064 419 2084 477 (

2213 418 2327 478 GlI
3707 420 3773 485 16

514 532 843 607 perstringit
874 530 1011 602 (l8),
1036 542 1092 587 et
1122 531 1671 603 imperatores,quod
1712 528 1966 586 abdicato
1994 532 2177 599 patrio
2219 531 2422 585 vestitu
2464 529 2811 586 barbaricum
2850 531 3317 601 amplecterentur
3347 534 3482 606 (l9).
3525 534 3774 604 Denique

518 624 572 677 in
605 622 754 693 ipsos
789 620 971 675 adhuc
1014 619 1294 690 Augustos
1339 634 1405 674 ac
1443 634 1637 674 eorum
1688 619 1742 672 in
1793 618 1961 673 rebus
1997 617 2457 673 administrandis
2507 620 2749 688 publicis
2805 620 3154 690 tyrannidem
3200 622 3421 693 gravius
3469 622 3773 678 invehitur.

515 710 654 766 Nam
690 718 750 764 ut
779 709 1029 765 Valentis
1054 707 1428 764 mathematici
1467 707 1582 779 (‘20)
1606 707 1674 762 de
1717 707 1874 762 urbis
1904 705 2207 775 Cpolitana:
2232 705 2525 761 duratione
2556 707 2768 762 editum
2794 708 2898 762 sub
2930 708 3300 764 Constantino
3327 708 3522 779 Magno
3576 711 3777 764 natali-

516 801 654 854 tium
697 799 879 854 thema
923 795 1334 868 quodammodo
1368 807 1612 861 tueatur,
1638 811 1711 849 ne
1739 796 1970 849 omnino
2008 793 2205 849 falsum
2249 802 2494 863 putetur,
2539 810 2703 864 quam
2731 810 2908 849 annos
2929 795 3033 850 696
3062 795 3390 851 duraturam
3420 797 3774 867 pra-dixerat,

430 856 469 955 ἲ)
511 890 624 956 iam
651 887 783 942 olim
832 856 960 942 cum
1013 886 1294 943 scribebat
1321 884 1567 939 Zonaras
1594 856 1837 953 elapsos,
1867 882 2057 937 subdit
2099 891 2197 936 aut
2227 856 2419 935 [alsam
2466 856 2888 937 existimandam
2939 883 3186 938 Valentis
3216 856 3652 953 przedictionem,
3678 894 3778 938 aut

433 964 453 1062 ξ
514 989 690 1030 annos
716 975 839 1029 illos
871 973 1259 1044 intelligendos
1300 987 1421 1027 esse
1454 970 1662 1041 quibus
1714 970 1970 1025 instituta
1996 970 2077 1024 rei
2128 970 2367 1040 publica:
2415 986 2481 1024 ac
2508 980 2687 1025 status
2728 970 3224 1037 conscrvabantur,
3256 972 3389 1026 dum
3422 989 3558 1027 suus
3597 973 3777 1027 honor

512 1072 633 1118 erat
677 1063 918 1127 senatui,
954 1060 1085 1115 dum
1130 1060 1282 1115 cives
1327 1058 1433 1114 sub
1466 1059 1711 1130 legitima
1752 1058 1973 1129 imperii
2026 1067 2301 1126 potestate
2335 1057 2628 1122 ﬂorebant,
2676 1073 2785 1113 non
2827 1068 3011 1113 autem
3060 1074 3185 1113 cum
3235 1061 3524 1115 manifesta
3556 1060 3776 1131 vigebat

511 1148 764 1220 tyrannis
790 1148 1141 1203 dominorum
1172 1146 1393 1218 publica
1422 1146 1527 1201 sibi
1565 1161 1665 1218 pro
1697 1147 1928 1217 privatis
1958 1144 2360 1199 vindicantium
2391 1155 2449 1200 et
2489 1145 2557 1198 ad
2588 1161 2717 1200 suas
2752 1147 3066 1216 voluptates
3104 1149 3531 1211 conferentium,
3569 1164 3777 1218 easque

512 1254 707 1309 parum
743 1238 1029 1303 honestas,
1066 1253 1191 1292 cum
1220 1238 1443 1307 publica
1493 1237 1789 1307 quibusvis
1834 1236 2129 1297 donarent,
2164 1251 2268 1289 nec
2298 1249 2580 1303 pastorum
2635 1236 2809 1290 instar
2857 1236 3114 1292 subditos
3147 1246 3471 1302 tractarent,
3522 1253 3623 1293 nec
3646 1240 3773 1291 lana

513 1340 856 1395 supervacua
895 1325 1147 1393 detonsa,
1182 1325 1277 1382 sed
1305 1325 1627 1396 praedonum
1666 1340 1819 1379 more
1863 1340 1996 1378 oves
2031 1324 2346 1385 mactanda.
2375 1325 2441 1378 ad
2493 1324 2762 1379 medullas
2791 1324 2939 1394 ipsas
2970 1335 3324 1395 exsugerent.

582 1414 843 1470 Chronici
870 1414 1092 1469 titulum
1120 1414 1315 1469 buiccc
1344 1414 1574 1469 Zonara:
1604 1414 1851 1468 historiae
1895 1413 2256 1482 ascripsimus
2292 1411 2763 1481 quemadmodum
2801 1412 3055 1467 Wolfius.
3102 1413 3235 1467 Nam
3270 1426 3327 1467 et
3355 1413 3427 1468 ita
3463 1414 3718 1469 laudatur
3746 1433 3777 1467 ιι

509 1503 774 1559 Michaele
803 1502 968 1575 Glyca
987 1502 1050 1563 in
1069 1502 1379 1557 Annalibus
1411 1520 1427 1559 :
1475 1503 1534 1554 Ὀ
1574 1502 1836 1572 Ζωναρᾶς
1872 1501 1932 1553 ὲν
1967 1501 2042 1568 τῷ

2215 1500 2316 1569 mp
2348 1499 2785 1569 συντάγματι,ρι
2815 1499 2868 1553 in
2901 1500 3075 1554 altero
3111 1516 3141 1555 e
3172 1500 3459 1556 codicibus
3492 1502 3696 1573 Regiis,
3722 1504 3777 1555 in

510 1609 623 1665 quo
649 1592 894 1649 secunda
921 1593 1191 1648 duntaxat
1221 1608 1354 1662 pars
1383 1592 1726 1657 continetur,
1761 1590 1878 1646 ha:c
1904 1591 2072 1645 verba

2218 1597 2365 1641 route
2398 1587 2697 1656 leguntur:
2729 1586 2801 1638 Τὸ
2816 1587 2991 1658 παρὸν
3023 1586 3229 1657 βιῦλὶον
3256 1589 3627 1658 χρονογράφος
3663 1591 3781 1642 ὀνε-

513 1680 768 1753 μὰζεται.
794 1680 1001 1736 Netum
1032 1680 1088 1734 in
1123 1679 1317 1734 codice
1346 1677 1688 1742 Viennensi,
1732 1693 1843 1747 quo
1888 1693 2021 1731 usus
2065 1687 2151 1732 est
2188 1676 2422 1731 Wolﬁus
2447 1714 2461 1737 ,
2505 1676 2613 1728 alia
2670 1674 2911 1729 habetur
2955 1675 3254 1746 epigraphe
3278 1715 3293 1739 ,
3333 1675 3483 1731 hisce
3522 1678 3783 1733 videlicet

509 1767 1073 1836 vocibusconcepta:
1119 1764 1386 1834 Ἐπιτομὴ
1419 1764 1669 1833 ἱστοριῶν
1729 1762 2051 1829 συλλεγεῖσα

2249 1766 2633 1833 συγξνραφεῖσα
2683 1765 2835 1833 παρὰ
2894 1763 2987 1816 τοῦ
3043 1763 3355 1831 σοφωτάτου
3403 1767 3638 1835 μοναχοῦ
3681 1769 3779 1820 to")

510 1855 770 1926 Ζωναρᾶ,
804 1853 901 1907 τοῦ
950 1853 1234 1923 γεγονότος
1277 1851 1515 1921 μεγάλου
1573 1851 1937 1923 δρουγγαρίου
1969 1850 2067 1918 τῆς
2108 1849 2300 1919 βίγλας
2353 1852 2449 1904 καὶ
2510 1854 3029 1921 πρωτοασηκρτ,τις.
3082 1851 3147 1906 Ει
3203 1867 3335 1907 sane
3386 1855 3778 1922 compendium

508 1943 755 1999 historiae
800 1942 1053 1998 scribere
1097 1955 1155 1996 se
1190 1940 1480 2011 profitetur
1538 1939 1652 2009 ipse
1684 1938 1927 1992 Zonaras
1951 1954 1966 1969 ι
1988 1938 2071 2008 ‘Et

2218 1939 2242 1990 Γ
2276 1939 2542 2010 ἐπιτομὴν
2592 1940 2833 2009 ἱστορίας
2869 1941 3224 2011 πεποιημένῳ
3273 1942 3374 1993 οὐκ
3412 1943 3627 1995 ἐπέοικε
3679 1945 3781 2014 τὴν

508 2031 899 2103 πραγματείαν
931 2029 1124 2085 Θέσθαι
1156 2027 1507 2098 πολύστιγον,
1549 2036 1658 2081 etc.
1690 2027 1827 2097 (2|).

581 2126 912 2182 Universum
961 2139 1096 2179 vero
1139 2138 1282 2193 opus
1309 2118 1448 2174 duas
1473 2122 1525 2173 in
1566 2131 1752 2189 partes
1795 2120 2122 2174 distribuit:
2167 2136 2229 2174 ac
2268 2121 2323 2174 in
2364 2121 2533 2191 priori
2585 2122 2810 2192 quidem
2849 2123 3097 2177 historias
3129 2139 3293 2194 quain
3327 2124 3492 2195 vulgo
3524 2136 3772 2180 sanctam

510 2223 711 2270 vocant
736 2229 802 2268 ex
828 2213 1003 2267 sacris
1028 2211 1217 2266 Libris
1238 2219 1294 2264 et
1326 2225 1393 2263 ex
1422 2208 1650 2278 Joscphi
1684 2207 2066 2279 Archteologia
2098 2209 2490 2280 compendium
2517 2213 2862 2282 complexus,
2907 2222 3023 2266 tum
3055 2228 3143 2268 res
3176 2212 3493 2269 Graecorum
3525 2224 3778 2271 veterum

508 2303 706 2374 tangit,
738 2318 801 2357 ac
840 2302 1216 2356 Romanorum
1252 2298 1455 2354 deinde
1486 2297 1553 2352 ad
1583 2312 1648 2351 ea
1686 2312 1862 2366 usque
1918 2306 2169 2367 tempora
2221 2297 2517 2353 historiam
2558 2300 2838 2370 perducit,
2877 2301 3081 2371 quibus
3125 2316 3215 2355 res
3260 2302 3486 2372 publica
3524 2303 3575 2357 in
3612 2304 3783 2357 unius

507 2391 1050 2447 administrationem
1083 2404 1178 2443 seu
1220 2387 1600 2441 monarchiam
1637 2384 1861 2455 delapsa
1888 2394 1993 2439 est.
2022 2384 2265 2441 Alteram
2296 2396 2479 2441 autem
2511 2404 2540 2443 a
2578 2388 2933 2444 triumviratu
2971 2391 3214 2454 orditur,
3248 2405 3311 2445 ac
3343 2392 3635 2446 recensitis
3661 2392 3781 2447 sin-

509 2482 765 2551 gulorum
821 2479 1221 2550 imperatorum
1277 2473 1447 2547 gestis
1489 2488 1665 2543 usque
1705 2471 1773 2527 ad
1803 2473 1981 2526 Alexii
2027 2471 2295 2528 Comneni
2349 2476 2561 2530 exitum
2613 2480 2989 2549 persi-quitur,
3034 2462 3086 2535 id
3132 2487 3218 2534 est
3251 2479 3317 2534 ad
3360 2481 3618 2534 szeculum
3667 2494 3783 2550 quo

512 2571 631 2640 ipse
668 2569 807 2622 vixit
839 2566 1221 2620 undecimum.
1253 2563 1373 2618 Non
1407 2562 1585 2618 solum
1609 2559 1759 2614 enim
1781 2559 2015 2615 Joannis
2046 2560 2314 2618 Comneni
2350 2564 2705 2635 imperatoris
2744 2566 2922 2623 Alexii
2967 2569 3063 2621 tllii
3107 2569 3382 2635 meminit,
3427 2569 3525 2623 sed
3560 2578 3615 2623 et
3652 2569 3778 2624 Ma—

507 2658 671 2713 nuele
704 2655 938 2712 Joannis
971 2654 1086 2709 (ilio
1113 2654 1421 2723 imperante
1457 2650 1664 2705 vixisse
1702 2648 1846 2703 infra
1884 2649 2168 2705 docemus.
2213 2652 2488 2707 Caeterum
2534 2653 2649 2709 ltzec
2700 2655 2997 2709 Annalium
3038 2656 3266 2710 Zonara:
3299 2655 3529 2726 partitio
3562 2672 3671 2710 non
3708 2673 3780 2711 ex

509 2751 625 2819 ipsa
669 2745 835 2801 modo
869 2743 1206 2800 Pra'fatione
1238 2740 1565 2813 percipitur,
1598 2739 1693 2794 sed
1720 2739 2027 2809 pra-sertim
2057 2754 2124 2793 ex
2158 2739 2344 2794 verbis
2372 2740 2581 2810 quibus
2611 2758 2738 2810 pars
2769 2742 2922 2812 prior
2949 2743 3234 2798 clauditur
3260 2744 3396 2815 (22),
3436 2754 3602 2815 atque
3638 2746 3779 2799 adeo

505 2852 572 2891 cx
600 2836 829 2891 alterius
857 2831 1245 2903 inscriptione,
1287 2846 1409 2900 qua:
1432 2830 1487 2883 in
1519 2828 1746 2898 scriptis
1775 2826 2066 2883 codicibus

2236 2830 2405 2885 verba
2438 2832 2697 2901 prmfert:
2733 2834 2899 2904 Ἀρχὴ
2933 2834 3028 2903 τῆς
3057 2836 3184 2905 περὶ
3213 2835 3321 2888 τῶν
3354 2835 3776 2906 αὐτοκρατόρων

507 2923 770 2995 ἱστορίας.
801 2921 1017 2990 Quibus
1053 2920 1277 2991 quidem
1313 2918 1544 2973 vocibus
1577 2917 1633 2971 in
1664 2916 1843 2970 altero
1881 2931 1949 2970 ex
1995 2916 2182 2987 Regiis
2214 2916 2352 2978 istm.
2403 2919 2725 2975 charactere
2755 2922 2885 2975 licet
2916 2922 3083 2992 paulo
3124 2922 3445 2986 recentiori,
3487 2922 3779 2993 praeﬁgun-

509 3024 597 3067 tur
623 3030 637 3066 :
670 3011 929 3081 Ἱστορίας
962 3009 1195 3078 Ζωναρᾶ
1226 3007 1389 3076 τόμος
1411 3005 1663 3075 δεύτερος
1698 3006 1793 3058 καὶ
1814 3002 2072 3056 celeuma

2215 3005 2290 3058 led
2325 3007 2629 3074 pra'sertim
2663 3008 2804 3061 alter
2835 3024 2902 3063 ex
2936 3008 3143 3079 Regiis,
3179 3011 3270 3079 qui
3310 3010 3608 3065 secundam
3634 3011 3778 3064 dun~

507 3109 655 3155 taxat
704 3109 917 3171 partem
963 3096 1258 3151 Annalium
1302 3094 1532 3148 Zonartc
1575 3093 1986 3163 complectitur,
2038 3092 2092 3145 in
2158 3093 2352 3161 primis
2403 3103 2699 3149 contextus
2746 3096 2911 3151 lineis
2957 3098 3099 3152 hanc
3149 3099 3501 3168 partitionem
3548 3112 3777 3168 prorsus

506 3189 726 3254 astruit,
764 3188 818 3241 in
849 3200 961 3257 quo
993 3184 1234 3255 scriptor
1263 3183 1336 3237 ita
1364 3183 1505 3236 hanc
1533 3180 1753 3235 orditur
1784 3200 1795 3233 :
1840 3180 1933 3244 Ἐξ
1962 3182 2068 3250 ἁρχ

2209 3180 2267 3231 ὲν
2298 3176 2411 3245 οὖν,
2438 3181 2513 3244 ὡς
2546 3184 2603 3233 ὲν
2635 3186 2702 3253 τῇ
2741 3184 2983 3255 προτέρᾳ
3024 3185 3192 3255 βίϐλῳ
3228 3203 3316 3254 μοι
3357 3188 3772 3257 προῖστόρηται,

504 3275 828 3350 βασιλεῦσιν
872 3276 906 3344 ὴ
945 3273 1055 3326 τῶν
1096 3270 1410 3342 Ῥωμαίων,
1449 3280 1556 3324 etc.
1600 3269 1703 3325 Ubi
1742 3266 1916 3321 codex
1967 3268 2067 3322 alia

2209 3269 2352 3340 :gius
2396 3279 2453 3324 et
2493 3269 2825 3345 Colbertcus
2859 3266 3062 3343 praiter
3105 3274 3405 3327 editionem
3444 3273 3772 3329 Wollianam

505 3368 627 3417 lucc
660 3369 872 3415 tantum
908 3357 1112 3411 habent
1140 3374 1153 3408 :
1204 3355 1294 3418 Ἐξ
1320 3354 1499 3425 ἀρχῆς
1533 3353 1633 3424 μὲν
1660 3351 1776 3418 οὖν,
1809 3351 1884 3415 ὡς
1926 3352 2068 3422 ἱστός

2214 3396 2229 3420 ,
2259 3366 2369 3411 etc.
2414 3356 2522 3411 Sed
2554 3368 2609 3411 ct
2645 3359 2699 3411 iu
2745 3359 2991 3430 ejusdem
3035 3360 3244 3415 codicis
3280 3360 3432 3432 Regii
3466 3361 3627 3415 initio
3657 3362 3775 3416 lia-c

506 3452 810 3522 leguntur:
851 3447 940 3501 Ἐν
987 3446 1232 3519 προτέρᾳ
1276 3443 1444 3514 βίϐλῳ
1491 3442 1735 3512 περιέχει
1779 3442 1846 3493 τὰ
1888 3440 2155 3511 Ἑϐραϊκὰ
2183 3445 2278 3497 καὶ
2310 3446 2377 3498 τὰ
2429 3446 2562 3515 περὶ
2601 3447 2891 3515 Ῥωμαίων
2936 3449 3182 3511 ὑπάτων,
3219 3449 3296 3519 τῷ
3321 3448 3375 3501 δὲ
3410 3450 3508 3511 τὰς
3536 3450 3640 3501 τῶν
3674 3449 3775 3502 ai:-

506 3537 860 3609 τοκρατόρων
896 3534 1162 3605 ἱστορίας.
1199 3532 1346 3599 Quin
1375 3531 1543 3586 etiam
1577 3528 1878 3585 Wolﬁanos
1901 3529 2069 3583 εοάἰο‹

2209 3546 2298 3585 tnc
2345 3533 2637 3587 Annalium
2676 3532 2902 3609 Zonarze
2930 3536 3286 3606 partitionem
3334 3538 3640 3607 praetulisse
3679 3553 3772 3592 ar-

508 3625 627 3698 guit
661 3625 806 3695 quod
835 3624 890 3677 in
933 3622 1115 3675 fronte
1154 3619 1400 3676 Zottarazi
1442 3618 1654 3673 codicis
1678 3634 1706 3670 a
1742 3631 1802 3672 se
1831 3615 1988 3688 Cpoli
2024 3618 2196 3689 empti
2224 3619 2460 3687 praeﬁxit
2487 3620 2731 3676 Joannes
2761 3620 3243 3687 Dernschwamus,
3280 3633 3337 3679 et
3366 3638 3431 3678 ex
3463 3640 3530 3679 co
3565 3626 3778 3681 descri-

510 3714 618 3785 psit
645 3714 701 3768 in
742 3728 841 3767 sua
881 3710 1207 3765 l‘rwl’atione
1242 3707 1496 3763 Wolﬁus.
1531 3706 1608 3760 Ex
1653 3706 1861 3776 quibus
1910 3703 2133 3761 abunde.
2183 3707 2463 3778 colligitur
2496 3710 2663 3763 hosce
2697 3711 2942 3765 Annales
2976 3711 3031 3765 in
3067 3712 3207 3767 duos
3234 3711 3501 3766 duntaxat
3535 3722 3712 3769 tomos
3742 3731 3776 3769 a

509 3800 723 3855 Zonara
754 3798 925 3853 fuisse
958 3797 1307 3867 dispertitos,
1344 3810 1454 3849 non
1489 3810 1620 3849 vero
1652 3794 1706 3847 iu
1758 3804 1891 3858 tres,
1929 3805 1988 3849 ut
2030 3794 2156 3849 illos
2185 3796 2373 3851 divisit
2401 3797 2545 3852 idem
2576 3800 2813 3854 Wolﬁus
2848 3818 2860 3853 :
2901 3815 3137 3869 quorum
3181 3800 3332 3868 prior
3368 3801 3437 3856 de
3465 3801 3634 3857 rebus
3670 3802 3773 3856 Ju-

509 3889 688 3944 daicis
714 3888 784 3943 ab
817 3887 980 3942 initio
1012 3885 1199 3940 mundi
1235 3901 1410 3955 usque
1454 3885 1519 3938 ad
1562 3882 2125 3953 llierosolymitanutn
2169 3886 2487 3955 excidium;
2517 3888 2660 3942 alter
2694 3889 2980 3942 historiam
3025 3888 3329 3943 Romanam
3363 3890 3432 3943 ab
3457 3890 3602 3945 Urbe
3632 3906 3769 3944 cou-

508 3977 623 4031 dita
656 3991 831 4047 usque
862 3973 930 4029 ad
958 3972 1387 4029 Constantinum
1409 3970 1665 4043 Magnum
1697 3971 1941 4025 breviter
1967 3973 2387 4043 complectitur,
2418 3979 2472 4029 in
2502 3992 2609 4046 qua
2644 3985 2757 4032 tum
2796 3977 3047 4043 Dionem,
3084 3988 3145 4032 ut
3178 3978 3437 4037 diximus.
3465 3988 3578 4033 tum
3605 3980 3776 4033 etiam

512 4066 763 4136 Eutropit
790 4066 1152 4135 interpretem
1179 4061 1663 4129 l’:eanium,quem
1698 4060 1768 4114 ad
1799 4059 2030 4114 verbum
2057 4075 2441 4132 saepenumero
2465 4066 2751 4128 exscribit,
2786 4075 2845 4120 ut
2880 4067 3234 4121 observatum
3268 4083 3297 4121 a
3330 4067 3610 4138 Scaligero
3635 4068 3775 4135 (25),

512 4154 821 4227 praesertim
855 4155 1130 4222 sequitur.
1183 4150 1410 4204 Tertius
1430 4147 1670 4219 denique
1710 4147 2110 4219 imperatorum
2155 4166 2245 4204 res
2288 4162 2472 4223 gestas
2500 4167 2529 4206 a
2564 4152 2936 4227 Constantino.
2973 4138 3191 4225 Magno.
3217 4171 3388 4225 usque
3441 4157 3510 4210 ad
3556 4156 3774 4210 obitum

510 4243 685 4297 Alexii
712 4240 982 4298 Conmeni
1017 4248 1239 4295 tractat.
1275 4238 1494 4293 Falsum
1526 4246 1707 4291 tamen
1749 4245 1971 4291 constat
2015 4236 2525 4305 Deruschwamum,
2573 4255 2700 4294 cum
2743 4241 2882 4295 dixit
2923 4243 3165 4312 priorem
3209 4243 3503 4296 Annalium
3544 4243 3775 4298 Zonaras

509 4341 723 4403 partem
766 4329 821 4383 in
862 4326 1370 4398 Hierosolymorum
1408 4324 1690 4379 excidium
1721 4324 2002 4379 desinere.

588 4419 743 4474 Licet
767 4432 936 4488 porro
963 4415 1147 4472 Woltii
1179 4415 1381 4469 divisio
1416 4413 1642 4468 tolerari
1669 4412 2081 4483 quodammodo
2105 4413 2301 4483 possit,
2337 4424 2395 4469 ut
2441 4431 2565 4486 quas
2609 4430 2822 4470 sacram
2855 4416 3148 4472 historiam
3181 4433 3209 4472 a
3245 4418 3504 4473 Romana:
3542 4418 3619 4473 rei
3669 4436 3772 4490 pu-

510 4507 695 4573 blicae,
734 4520 957 4559 rursum
989 4517 1329 4574 paganorum
1371 4517 1401 4555 a
1441 4501 1891 4556 Christianorum
1924 4502 2325 4570 imperatorum
2353 4502 2582 4558 historia
2615 4503 2941 4576 distinguat,
2988 4521 3114 4559 cum
3165 4506 3339 4576 ipsius
3367 4507 3593 4562 Zonartc
3626 4508 3772 4562 divi-

516 4597 660 4653 sioni
688 4593 969 4651 contraria
1000 4592 1093 4656 sit,
1133 4591 1309 4646 satius
1338 4589 1598 4645 duximus
1636 4605 1704 4643 ex
1744 4590 1992 4643 virorutn
2037 4588 2387 4643 eruditorum
2419 4590 2651 4646 tonsilio
2694 4591 3013 4648 universum
3056 4592 3162 4647 hoc
3198 4593 3492 4647 Annalium
3526 4609 3666 4665 opus
3712 4596 3772 4649 in

509 4683 687 4740 libros
718 4698 847 4738 xvnt
876 4680 1093 4753 partiri,
1121 4679 1298 4735 libros
1324 4694 1456 4735 vero
1487 4681 1542 4733 in
1570 4678 1867 4741 sectiones,

1423 4781 1645 4838 Sumere
1669 4797 1735 4835 ne
1764 4780 1925 4836 lector
1956 4782 2088 4853 juge
2120 4793 2335 4854 paveret
2367 4801 2520 4856 opus.

510 4875 637 4916 nam
674 4870 733 4913 ιιι

1426 4938 1727 4996 Intervalla
1755 4940 1853 4993 via:
1885 4938 2034 5009 fessis
2066 4950 2323 5010 pra’stare
2361 4944 2566 4997 videtur

1501 5011 1607 5078 Qui
1635 5017 1784 5064 notat
1808 5010 2091 5081 inscriptus
2118 5012 2288 5066 miltia
2316 5013 2499 5068 crebra
2528 5015 2663 5087 lapis
2688 5015 2823 5089 (24),

508 5143 587 5201 ita
629 5142 894 5197 librorum
922 5140 1228 5196 divisiones
1257 5154 1288 5193 a
1314 5136 1580 5192 continua
1609 5132 1873 5188 lectionis
1902 5132 2235 5191 assiduitate
2261 5136 2488 5194 lectoris
2517 5138 2763 5194 animum
2796 5141 3066 5207 relaxant,
3112 5155 3241 5196 cum
3268 5138 3437 5197 habet
3465 5140 3559 5196 ubi
3600 5141 3771 5213 longo

509 5229 666 5301 quasi
698 5229 898 5284 itinere
920 5226 1253 5299 defatigatus
1274 5222 1575 5287 consistat;
1607 5221 1915 5291 praesertim
1944 5221 2111 5277 etiam
2148 5238 2273 5278 cum
2302 5226 2441 5280 nihil
2475 5228 2690 5282 auctori
2722 5227 3021 5283 detrahant
3052 5244 3154 5285 nec
3198 5228 3518 5300 scriptionis
3561 5232 3770 5285 seriem

506 5318 861 5389 abrumpant.
894 5316 1050 5372 Adde
1078 5314 1229 5386 quod
1259 5312 1313 5367 id
1347 5308 1665 5382 partitionis
1691 5324 1869 5380 genus
1898 5308 1967 5365 ad
2000 5310 2155 5366 locos
2188 5326 2256 5366 ex
2297 5314 2671 5384 scriptoribus
2698 5314 2952 5371 laudatos
2986 5316 3173 5372 statim
3218 5315 3582 5386 reperiendus
3621 5317 3771 5371 mul-

511 5417 628 5464 tum
658 5406 938 5462 conducat
971 5423 985 5457 :
1023 5402 1170 5458 unde
1217 5400 1508 5455 inductum
1549 5396 1683 5450 illud
1725 5396 1845 5453 fere
1891 5397 1962 5452 ab
2004 5398 2407 5455 eruditioribus
2442 5402 2495 5456 in
2528 5401 2819 5471 quibusvis
2852 5403 3282 5473 exemplaribus,
3332 5419 3454 5474 qua:
3501 5405 3769 5462 continua

505 5496 651 5555 serie
672 5495 882 5565 absque
908 5492 1070 5547 libris
1100 5490 1183 5546 vel
1210 5487 1420 5558 absque
1444 5485 1727 5557 capitibus
1748 5485 2173 5545 describuntur.
2207 5487 2364 5555 Quod
2394 5488 2643 5559 quidem.
2664 5489 2739 5544 ita
2781 5490 2837 5545 in
2889 5490 3103 5546 Zonara
3134 5491 3503 5559 confecimus,
3530 5504 3589 5548 ut
3624 5493 3767 5550 alte-

579 5659 693 5733 (18)
722 5657 846 5733 Li!»
873 5671 975 5719 νη»
1006 5651 1255 5733 sect-J7-
2271 5646 2939 5733 ςὲἓὶὲλίδοξκνδρίξέου¹ἔο
3080 5719 3176 5733 η..
3238 5719 3337 5733 υ-
3390 5720 3424 5733 η
3500 5716 3535 5733 ..

580 5716 691 5803 {l9}
722 5729 843 5803 _Li_b.
870 5742 923 5791 x,
960 5716 1097 5803 se_ct.
1124 5723 1214 5776 28.

2413 5719 2469 5803 in
2495 5728 2608 5803 not.
2643 5718 2709 5803 ad
2740 5720 3052 5803 Ense-Imp.
3080 5719 3207 5781 9.“,
3234 5719 3360 5786 ξιξ,
3390 5720 3426 5775 2
3448 5716 3583 5773 edit.

576 5790 690 5873 (‘20)
869 5792 1059 5873 xm,
1141 5864 1207 5873 Μ-
1778 5857 1782 5862 ,
2269 5791 2381 5859 (24)
2415 5790 2654 5844 Rutilius
2685 5791 2902 5845 humat.
2935 5791 3031 5845 lib.
3068 5807 3128 5844 tl.

577 5864 690 5938 fit)
716 5867 835 5925 Lib.
863 5882 943 5935 ut,
978 5866 1113 5923 sect.
1139 5864 1229 5919 26.
