3984 6580
134 449 208 510 l7
1532 441 1953 506 PR‘JEFATIO.
3291 446 3361 511 18

128 570 249 608 ram
277 562 469 622 partem
502 551 831 608 Wolilanam
865 570 897 608 a
921 564 1022 615 ιιι,
1054 551 1275 608 tertiam
1312 565 1446 605 vero
1475 566 1505 605 a
1541 566 1633 604 xm
1665 549 1832 616 libro,
1866 560 1925 605 ut
1954 559 2165 622 partem
2195 550 2501 608 Annalium
2520 552 3086 613 alteram-secundum
3115 558 3365 613 auctoris

125 653 386 712 receptam
415 641 748 698 divisionem
776 658 807 696 a
838 641 983 697 libro
1017 657 1050 695 x
1087 639 1465 709 auspicemnr.

198 731 306 785 Jam
343 743 469 784 vero
496 730 632 799 quid
682 728 944 783 Wolfium
977 727 1263 799 impulerit
1305 735 1365 781 ut
1416 725 1483 780 ad
1534 726 1760 783 Zonara:
1808 730 2047 787 Annales
2085 731 2139 786 in
2175 730 2429 787 Latinam
2485 734 2728 806 linguam
2779 734 3184 790 convertendos
3234 748 3358 788 sese

126 817 433 882 accinxerit,
464 817 721 887 pluribus
747 817 994 872 declarat
1024 818 1144 887 ipse
1181 816 1237 869 in
1276 813 1631 880 Prtefatione,
1666 830 1832 885 quam
1865 829 2071 873 nostra:
2115 820 2207 875 hic
2258 819 2608 890 subjicimus,
2640 831 2808 892 atque
2841 823 3009 879 etiam
3044 823 3099 877 in
3136 823 3238 877 alia
3288 821 3364 875 ad-

124 905 400 975 Nicepliori
433 905 692 975 Gregone
714 905 1014 960 llistoriam
1056 920 1085 958 a
1126 920 1184 958 se
1220 903 1429 973 pariter
1457 902 1617 957 Latio
1646 903 1930 970 donatam,
1966 922 2151 976 quam,
2190 915 2252 962 ut
2281 916 2337 963 et
2368 907 2616 973 Zonaras,
2643 908 2885 965 Antonio
2909 907 3158 979 Fuggero
3186 908 3356 963 nobili

120 994 384 1049 Germano
416 993 645 1047 dicavit.
679 994 741 1049 ln
774 1010 883 1064 qua
910 1003 1190 1065 postrema
1234 995 1314 1049 sic
1363 994 1651 1063 loquitur:
1710 1012 1728 1044 ι
1768 993 1968 1047 Fateor
2006 995 2265 1063 equidem
2316 995 2384 1051 ad
2428 996 2702 1055 Zonaram
2741 996 3179 1053 convertendum
3221 1011 3359 1066 pra-

123 1082 301 1136 miisa
335 1091 381 1135 te
413 1081 738 1150 propositis,
783 1096 961 1151 eoque
1008 1091 1258 1150 tempore
1303 1080 1758 1151 peropportunis,
1800 1080 1962 1136 initio
1996 1083 2296 1137 excitatura
2352 1099 2438 1139 me
2485 1083 2655 1140 fuisse
2690 1084 2874 1155 potius
2930 1099 3096 1154 quam
3143 1093 3359 1152 meapte

122 1172 392 1224 voluntate
436 1172 743 1225 accessisse
774 1187 788 1224 :
844 1186 954 1225 non
1008 1180 1117 1225 tam
1168 1169 1417 1224 laborum
1452 1177 1508 1223 et
1538 1168 1918 1224 molestiarum
1955 1169 2104 1241 fuga,
2139 1172 2345 1241 quibus
2378 1172 2453 1227 ita
2504 1182 2620 1229 tum
2661 1173 2883 1244 quoque
2921 1188 3271 1229 assueveram
3301 1181 3361 1225 ut

122 1259 306 1328 ignavo
326 1257 436 1310 otio
471 1257 608 1311 nihil
656 1258 796 1313 mihi
838 1268 985 1313 esset
1030 1257 1341 1319 molestius,
1389 1273 1556 1327 quam
1600 1256 1833 1327 privatis
1878 1259 2018 1315 meis
2055 1261 2275 1326 studiis,
2316 1262 2361 1317 si
2410 1262 2542 1332 quid
2593 1262 2822 1317 daretur
2862 1262 2986 1324 otii,
3031 1259 3273 1322 fruendi,
3303 1271 3362 1315 et

122 1349 420 1402 diuturnam
465 1348 625 1415 quasi
674 1348 825 1402 sitim
873 1348 1037 1402 varia:
1074 1346 1333 1402 lectionis
1374 1346 1756 1418 restinguendi
1802 1347 2131 1417 cupiditate.
2174 1367 2194 1401 ι
2249 1349 2386 1405 Cum
2416 1364 2545 1407 vero
2578 1349 2647 1405 de
2683 1350 3062 1420 Fuggerorum
3093 1347 3359 1406 nobilium

124 1434 309 1505 insigni
356 1436 686 1491 liberalitate
725 1452 790 1491 ae
828 1436 1210 1491 muniﬁcentia
1249 1436 1303 1490 in
1344 1435 1611 1492 eruendis
1653 1434 1724 1490 ab
1770 1435 2000 1493 interitu
2032 1436 2198 1493 bonis
2228 1437 2388 1493 libris
2414 1438 2560 1494 idem
2593 1438 2715 1493 fere
2740 1438 3004 1509 praedicet
3033 1436 3361 1493 Guillelmus

126 1522 399 1593 Xylander,
429 1523 783 1593 prtemiisqtte
817 1524 1032 1580 illectos
1074 1523 1145 1579 ab
1190 1523 1259 1578 iis
1307 1538 1421 1579 suae
1468 1523 1648 1579 aetatis
1690 1521 1841 1578 viros
1886 1523 2140 1579 eruditos
2185 1531 2422 1581 testetur
2450 1524 2545 1596 qui
2574 1525 2795 1582 Grzecos
2822 1525 3121 1595 scriptores
3168 1523 3359 1578 Latina

123 1620 241 1676 toga
262 1610 526 1665 donarent
560 1612 802 1667 necdum
830 1610 1039 1678 editos,
1069 1611 1155 1665 vel
1189 1610 1317 1665 inde
1346 1619 1497 1681 patet
1527 1620 1764 1682 quantas
1796 1610 1995 1666 debeat
2023 1613 2230 1684 gratias
2276 1629 2366 1669 res
2405 1613 2676 1668 litteraria
2701 1614 2837 1668 viris
2861 1611 3226 1682 principibus.
3263 1612 3358 1680 qui

124 1698 402 1767 propositis
431 1698 671 1754 subinde
695 1698 921 1755 coronis
958 1699 1236 1770 publicam
1268 1699 1566 1753 utilitatem
1597 1698 1704 1753 sibi
1731 1700 2032 1769 juvandam
2074 1710 2413 1771 proponunt,
2443 1711 2499 1757 et
2531 1701 2702 1756 Musis
2733 1717 2844 1755 non
2876 1715 3095 1768 semper
3134 1700 3366 1767 opulen-

122 1798 211 1847 t's,
243 1785 346 1839 imo
390 1801 640 1857 perszepe
689 1788 977 1858 inopibus,
1030 1801 1256 1840 manum
1309 1787 1455 1841 ultro
1495 1787 1803 1858 porrigunt.
1850 1787 2037 1857 Neque
2085 1788 2234 1843 enim
2277 1789 2437 1844 fateri
2485 1789 2815 1859 dedignatur
2850 1789 3083 1859 ipsemet
3106 1784 3361 1850 Wolfius,

120 1873 373 1944 quidquid
409 1874 683 1931 hactenus
715 1876 991 1941 ediderat,
1028 1875 1082 1930 id
1120 1875 1204 1930 vel
1244 1875 1465 1945 publica
1520 1875 1754 1930 utilitate
1809 1875 1894 1929 vel
1946 1876 2292 1946 temporibus
2348 1876 2466 1932 suis
2509 1876 2809 1932 adductum
2853 1875 3072 1940 fecisse,
3105 1890 3210 1929 nec
3250 1882 3363 1928 tam

121 1961 301 2016 famam
334 1970 586 2033 captasse
637 1979 805 2034 quam
857 1962 1055 2018 famem
1097 1963 1327 2019 vitasse.
1374 1963 1481 2018 Sed
1513 1973 1567 2017 et
1597 1962 1881 2034 Xylander
1909 1963 2068 2034 (25):
2114 1982 2132 2016 ι
2169 1964 2275 2030 Me,
2316 1983 2336 2017 ι
2373 1965 2578 2035 inquit,
2636 1983 2661 2017 ιη
2702 1979 2772 2020 ne
2811 1965 2944 2035 quid
2992 1962 3362 2025 dissimulem,

122 2059 421 2120 paupertas,
452 2060 518 2106 ut
550 2051 644 2106 ille
693 2052 792 2116 ait,
840 2052 1061 2123 impulit
1104 2051 1283 2106 audax
1321 2060 1382 2107 ut
1418 2051 1595 2105 libros
1640 2050 1903 2107 facerem.
1955 2071 1974 2105 ι
2024 2054 2198 2120 Quem
2249 2053 2472 2124 quidem
2517 2054 2795 2109 dicentem
2843 2051 3122 2109 audivisse
3167 2045 3364 2106 scribi‘

120 2136 345 2193 Joannes
371 2138 747 2195 Leunclavius
776 2139 915 2210 (26).
956 2138 1405 2195 lucubrationetn
1446 2139 1701 2195 Dioniam
1740 2147 1797 2193 et
1843 2140 1981 2196 alias
2023 2156 2134 2196 non
2164 2157 2194 2195 a
2228 2141 2374 2196 fama
2421 2141 2518 2197 sed
2556 2141 2701 2197 fame
2735 2141 2842 2197 sibi
2874 2140 3084 2211 pariter
3118 2147 3367 2195 extortas

119 2239 181 2279 ac
213 2226 579 2296 pracipitatas
622 2226 817 2283 fuisse.
867 2228 1059 2298 Neque
1091 2236 1409 2283 nostrorum
1459 2227 1788 2282 saeculorum
1839 2228 2030 2284 isthacc
2074 2238 2160 2284 est
2192 2230 2461 2286 duntaxat
2490 2230 2740 2300 querela,
2782 2246 2907 2286 eum
2955 2230 3201 2299 legamus
3224 2228 3361 2297 (‘37),

122 2312 355 2369 Plautum
385 2324 616 2386 propter
645 2331 880 2373 annome
906 2316 1284 2372 difﬁcultatem
1323 2316 1390 2370 ad
1420 2316 1594 2370 molas
1623 2316 1935 2371 manuarias
1961 2318 2230 2387 pistorem
2268 2333 2326 2374 se
2351 2320 2583 2385 locasse,
2627 2318 2816 2388 ibique
2847 2317 3068 2387 quoties
3095 2317 3166 2372 ab
3198 2331 3367 2385 opere

120 2416 369 2472 vacasset,
423 2407 674 2463 scribere
722 2406 939 2463 fabulas
975 2408 1200 2462 solitum
1250 2414 1306 2462 et
1348 2405 1587 2461 vendere
1617 2422 1631 2459 :
1662 2404 1942 2475 quomodo
1973 2407 2139 2460 etiam
2171 2406 2473 2461 Pacuvium
2507 2405 2920 2463 Brundusiuum
2960 2404 3364 2475 tragoediarum

120 2488 428 2563 scriptorem
460 2495 651 2550 Romae
677 2493 949 2564 picturam
992 2494 1312 2550 exercuisse
1341 2509 1405 2548 ac
1436 2492 1654 2548 fabulas
1683 2490 1998 2546 vendidisse
2026 2491 2231 2548 ferunt.
2265 2493 2372 2549 Sed
2400 2501 2457 2549 et
2482 2494 2856 2555 Laetantium,
2899 2492 3083 2548 virum
3115 2491 3373 2547 omnium

122 2594 217 2634 suo
247 2591 495 2652 tempore
527 2582 995 2645 eruditissimum,
1034 2582 1175 2638 adeo
1211 2581 1267 2637 in
1306 2581 1409 2637 hac
1453 2581 1566 2636 vita
1613 2594 1912 2650 pauperem
1958 2580 2152 2648 fuisse,
2197 2592 2256 2637 ut
2286 2584 2615 2654 plerumque
2648 2583 2815 2639 etiam
2856 2581 3189 2637 necessariis
3228 2579 3373 2635 indi-

121 2670 311 2737 guerit,
343 2669 542 2726 scribit
570 2671 867 2727 Eusebius.
905 2669 1149 2725 Infausta
1174 2669 1402 2725 omnino
1428 2669 1800 2725 litteratorum
1846 2667 2116 2734 conditio,
2168 2670 2262 2740 qui
2298 2686 2368 2726 ne
2396 2662 2596 2742 panem
2622 2669 2999 2727 emendicent.
3034 2668 3210 2724 libros
3237 2684 3371 2723 cou-

124 2758 276 2812 tieere
309 2766 607 2828 coguntur.
651 2759 931 2814 Debemus
980 2757 1149 2829 igitur
1198 2757 1508 2812 illustribus
1541 2754 1830 2825 Fuggeris,
1868 2756 2018 2825 quod
2062 2756 2285 2813 illorum
2330 2774 2468 2814 cura
2509 2770 2567 2815 et
2615 2757 2934 2829 sumptibus
2983 2757 3040 2812 in
3086 2755 3379 2827 publicum

122 2843 413 2912 prodierint
435 2845 666 2901 Joannis
698 2846 948 2911 lenam,
984 2844 1207 2916 Georgii
1236 2843 1494 2905 Cedreni,
1527 2843 1733 2898 Nicette
1766 2843 2077 2900 Acominati
2107 2855 2163 2901 et
2195 2847 2496 2919 Nicephori
2541 2846 2800 2918 Gregorte
2839 2845 3110 2909 historiae,
3138 2852 3197 2900 et
3221 2845 3370 2915 quod

122 2947 296 2987 rerum
326 2934 755 3006 Byzantinarum
779 2935 933 2991 hisce
957 2933 1306 2990 editionibus
1335 2943 1555 3004 gustum
1599 2931 1761 3002 primi
1790 2932 2201 3002 quodammodo
2235 2935 2559 3005 inspirarint
2583 2933 2897 2990 litterarum
2934 2931 3227 2988 studiosis.
3262 2930 3371 2986 Sed

122 3036 226 3074 non
250 3023 426 3077 minus
456 3023 727 3078 obstricta
772 3023 879 3077 erit
928 3022 1147 3077 erudita
1193 3020 1491 3091 posteritas
1525 3036 1717 3091 regum
1764 3029 2083 3077 nostrorum
2115 3024 2536 3091 munificentiae,
2575 3023 2674 3094 qui
2724 3038 2836 3078 non
2884 3022 3156 3077 hactenus
3207 3018 3374 3074 modo

122 3108 414 3176 publicatos
444 3111 848 3182 imperatorum
882 3110 1307 3181 Cpolitanorum
1362 3109 1617 3164 historiae
1662 3109 1992 3178 scriptores,
2042 3110 2138 3166 sed
2167 3118 2225 3165 et
2269 3126 2446 3168 novos
2474 3124 2538 3166 ac
2570 3125 2602 3165 e
2637 3107 3037 3179 manuscriptis
3087 3106 3376 3162 codicibus

120 3212 179 3248 ex
226 3197 365 3265 regia
391 3214 456 3253 ac
478 3199 748 3269 locupleti
780 3213 1012 3270 prorsus
1036 3198 1376 3254 bibliotheca
1400 3198 1765 3268 depromptos
1795 3198 2088 3269 magnifico
2115 3198 2255 3253 adeo
2302 3207 2469 3269 atque
2513 3199 2802 3269 splendido
2827 3202 3102 3267 apparatu
3125 3193 3215 3249 edi
3239 3210 3378 3264 quo-

123 3285 247 3340 ttdie
273 3288 477 3349 volunt,
499 3286 640 3343 viris
663 3286 847 3343 doctis
871 3294 933 3341 ut
961 3285 1017 3341 in
1050 3285 1197 3341 idem
1226 3285 1521 3341 consilium
1550 3301 1659 3341 una
1687 3288 2029 3358 conspirent,
2047 3304 2257 3359 suaque
2275 3288 2565 3345 conferant
2596 3286 2802 3352 studia,
2824 3284 2996 3355 Regia
3021 3282 3376 3354 praemiorum

124 3373 358 3433 Mreede
389 3376 636 3432 invitatis
664 3392 731 3432 ac
752 3376 982 3432 illectis.

185 3462 472 3520 Enimvero
506 3473 568 3519 ut
596 3464 832 3521 Wolfius
858 3464 915 3519 in
949 3464 1238 3521 vertendis
1268 3465 1496 3521 Zonarae
1522 3462 1829 3521 Annalibus
1852 3473 2104 3521 versatus
2134 3464 2327 3532 fuerit,
2356 3481 2589 3536 quaeque
2617 3463 2933 3520 observarit
2974 3470 3183 3532 quotve
3224 3460 3379 3515 cudi-

127 3550 269 3607 cibus
296 3554 525 3623 scriptis
553 3556 609 3608 in
643 3554 840 3611 iisdem
870 3553 1103 3611 edendis
1128 3570 1264 3609 usus
1293 3553 1487 3615 fuerit.
1519 3554 1776 3625 pluribus
1810 3556 1865 3609 in
1898 3554 2161 3624 praedicta
2212 3554 2278 3609 ad
2305 3554 2532 3611 eosdem
2565 3553 2808 3608 Annales
2840 3550 3171 3606 Praefatione
3204 3562 3379 3617 expo-

129 3640 230 3704 nit;
258 3652 317 3695 et
364 3652 428 3696 ut
455 3644 511 3696 in
548 3657 719 3713 opere
753 3642 950 3699 Latine
992 3641 1295 3713 Graeceque
1330 3642 1701 3698 exseribendo
1736 3642 2046 3715 adjut'brem
2089 3643 2193 3698 sibi
2245 3642 2505 3699 asciverit
2547 3640 2842 3698 Jeremiam
2890 3638 3185 3701 Martium,
3242 3650 3385 3706 praue

129 3727 271 3784 clara:
299 3740 416 3783 tum
452 3729 660 3785 indolis
690 3730 1130 3796 adolescentem,
1158 3730 1436 3785 medicum
1472 3729 1676 3785 deinde
1709 3730 1999 3801 physicum
2025 3728 2434 3802 Augustanum.
2465 3730 2639 3797 Quem
2672 3728 2900 3798 quidem
2931 3742 3001 3781 ea
3031 3724 3100 3779 de
3124 3740 3185 3780 re
3209 3722 3381 3778 verba

131 3813 402 3872 iacientem
442 3826 670 3888 praestat
691 3819 889 3876 audire
931 3820 986 3874 in
1024 3819 1358 3875 Praefatione
1400 3819 1468 3873 ad
1512 3816 1731 3873 Nonum
1777 3819 2081 3884 medicum,
2112 3834 2278 3889 quem
2316 3818 2668 3889 Argentorati
2705 3817 2752 3872 is
2790 3816 3004 3888 primus
3033 3811 3210 3869 edidit
3233 3827 3391 3866 anno

134 3903 256 3961 1568
291 3925 309 3961 :
349 3926 367 3959 ι
403 3906 542 3961 Cum
576 3908 781 3977 itaque,
822 3927 842 3960 ι
868 3908 1071 3978 inquit,
1117 3927 1136 3961 ι
1174 3923 1283 3963 non
1319 3907 1475 3977 parvi
1522 3906 1791 3962 interesse
1820 3907 2072 3962 viderem
2119 3916 2180 3961 ut
2227 3908 2354 3977 quis
2398 3906 2810 3977 quamprimum
2850 3900 3079 3975 optimis
3132 3909 3402 3956 uteretur-

133 3996 576 4066 praceptoribus,
609 4011 713 4051 nec
752 3996 825 4051 ob
874 3999 952 4053 rei
998 3996 1291 4052 familiaris
1338 3996 1649 4067 angustiam
1682 3994 1790 4048 alio
1820 3992 2075 4047 conferre
2114 4008 2222 4056 me,
2257 3992 2405 4062 quod
2434 3992 2597 4046 unice
2621 3990 2907 4060 optabam,
2931 4001 3176 4058 possem,
3225 3999 3381 4040 coms

134 4083 275 4138 Inde
305 4099 441 4139 sane
472 4084 679 4140 cecidit
711 4093 771 4139 ut
808 4100 878 4141 eo
923 4085 1045 4155 ipso
1093 4091 1345 4154 tempore
1385 4083 1540 4153 Cpoli
1576 4082 1881 4152 Augustam
1914 4079 2254 4134 atl'errentur
2294 4079 2536 4134 Annales
2565 4076 2798 4133 Joannis
2836 4075 3065 4130 Zonara:
3089 4081 3146 4126 et
3178 4070 3397 4126 Nicetae.

135 4167 397 4227 Cboniatm
429 4172 689 4235 historia,
741 4172 1058 4241 sumptibus
1112 4170 1390 4241 magnifici
1441 4180 1497 4225 et
1540 4169 1792 4240 generosi
1828 4168 1934 4223 viri
1981 4180 2038 4223 et
2081 4167 2458 4225 studiosorum
2501 4167 2753 4222 omnium
2803 4161 3116 4219 Maecenatis
3155 4157 3405 4214 Antonii-

138 4255 369 4328 Fuggeri.
421 4260 574 4325 Quos
613 4274 740 4315 cum
786 4258 1258 4329 prudentissimus
1296 4258 1402 4321 vir,
1430 4257 1507 4311 -in
1548 4256 1821 4326 judicium
1854 4254 2125 4310 adhibitis
2162 4254 2505 4310 doctissimis
2541 4252 2903 4318 hominibus,
2931 4246 3207 4320 praecipue
3247 4256 3384 4300 vero

140 4342 398 4401 Ludovico
421 4348 652 4409 Carino,
689 4346 780 4401 cui
808 4354 866 4401 et
902 4345 1188 4400 tribuebat
1222 4346 1458 4398 inultum
1491 4353 1549 4398 et
1571 4360 1683 4414 quo
1722 4359 1832 4398 uno
1861 4343 2111 4398 onmium
2141 4344 2379 4397 maxime
2404 4341 2812 4405 delectabatur,
2853 4341 3053 4411 dignos
3102 4334 3397 4392 existima-

141 4446 209 4487 ret
243 4438 388 4490 utin
420 4436 707 4506 publicum
758 4434 995 4498 exirent,
1029 4444 1145 4489 tum
1190 4432 1262 4489 ob
1317 4450 1503 4487 rerum
1536 4450 1676 4503 quas
1717 4433 2033 4504 tractabant
2080 4432 2531 4503 amplitudinem,
2578 4442 2696 4486 tum
2751 4430 2823 4486 ob
2876 4426 3125 4484 historia:
3179 4423 3382 4480 seriem

141 4520 494 4594 longissimam
524 4539 553 4578 a
593 4524 824 4579 condito
851 4522 1063 4577 mundo
1101 4536 1276 4590 usque
1307 4520 1544 4591 eleganti
1578 4519 1775 4576 ordine
1802 4519 2120 4586 deductam,
2154 4519 2393 4575 sollicite
2429 4520 2516 4588 (ut
2552 4518 2663 4574 fuit
2684 4512 3050 4589 propagandae
3088 4512 3385 4585 posterita-

143 4608 203 4663 tis
234 4610 699 4679 studiosissimus)
737 4611 807 4666 de
859 4609 1227 4665 conversione
1277 4609 1544 4679 cegitare,
1575 4617 1633 4662 et
1670 4623 1834 4677 quem
1860 4609 1910 4662 ei
1946 4608 2163 4663 muneri
2192 4607 2477 4679 prmﬁeere
2520 4615 2730 4677 posset,
2758 4605 2921 4660 anxie
2948 4601 3262 4659 deliberare
3294 4613 3386 4654 se-

144 4711 248 4751 cum
274 4698 468 4769 capit,
500 4709 558 4755 et
592 4699 816 4755 tandem
843 4698 914 4754 de
939 4697 1132 4752 multis
1155 4710 1330 4751 unum
1363 4711 1604 4763 eumque
1637 4694 1789 4749 onmi
1822 4695 2042 4751 liberali
2074 4695 2328 4751 doctrina
2365 4694 2761 4766 politissimum
2793 4692 2998 4757 virum,
3029 4697 3087 4746 et
3117 4688 3172 4744 in
3199 4686 3386 4758 lingua

148 4794 356 4856 utraque
389 4787 731 4858 singularem
778 4801 978 4858 prope,
1039 4785 1438 4855 Hieronymum
1472 4782 1756 4846 Wolfium,
1795 4784 1999 4839 schola:
2044 4794 2103 4840 et
2149 4784 2306 4840 urbis
2338 4797 2536 4838 vestra:
2568 4789 2983 4844 ornamentum,
3027 4792 3137 4834 non
3189 4776 3386 4845 exigua

150 4874 336 4938 praemii
380 4891 481 4945 spe
508 4874 794 4945 proposita
828 4874 1018 4945 elegit.
1056 4873 1230 4939 Quem
1262 4871 1506 4926 laborem
1540 4870 1645 4923 hoc
1679 4871 1945 4927 libentius
1968 4875 2235 4943 suscepit,
2269 4888 2379 4943 quo
2404 4870 2662 4938 juvandm
2703 4866 3049 4940 posteritatis
3085 4863 3390 4921 studiosior

149 4972 193 5013 et
222 4962 551 5034 Fuggerana:
598 4964 820 5018 familiar
858 4963 1040 5017 laudis
1085 4958 1456 5031 propagandae
1483 4957 1699 5012 avidior
1739 4958 1865 5014 fuit.
1903 4960 2013 5014 Sed
2053 4977 2181 5015 eum
2210 4960 2282 5015 ob
2317 4959 2576 5015 atilictam
2628 4955 3037 5019 valetudinem,
3069 4965 3239 5022 aqua
3273 4948 3411 5006 feres

151 5063 411 5120 ttnnquam
442 5051 519 5105 ob
546 5051 834 5106 assiduum
861 5051 916 5104 in
946 5048 1148 5104 litteris
1174 5048 1445 5111 studium,
1477 5055 1539 5099 ut
1569 5061 1674 5117 ego
1694 5046 1920 5116 quidem
1952 5049 2229 5113 existimo,
2266 5049 2410 5103 liber
2440 5056 2550 5109 est,
2584 5047 2739 5101 solus
2766 5054 2825 5101 et
2853 5040 3099 5100 versioni
3143 5049 3200 5095 et
3247 5037 3386 5093 scri-

153 5137 302 5206 ptioni
330 5156 530 5196 vacare
556 5156 665 5196 non
696 5148 903 5210 posset,
935 5154 1023 5193 me
1050 5137 1180 5200 sibi,
1210 5135 1509 5192 accedente
1531 5137 1865 5192 auctoritate
1892 5146 1949 5193 et
1990 5138 2227 5193 consilio
2264 5138 2493 5193 Joannis
2534 5136 2794 5208 Baptista:
2842 5131 3157 5196 Heintzelii,
3202 5127 3308 5191 viri
3336 5135 3409 5182 et.

155 5243 315 5283 rerum
364 5230 784 5286 tractandarum
833 5246 937 5285 usu
966 5227 1157 5285 eximii
1188 5235 1246 5281 et
1283 5224 1391 5280 mei
1430 5222 1819 5286 amantissimi,
1858 5240 1889 5277 a
1935 5225 2096 5293 cujus
2122 5223 2516 5295 praedicatione
2563 5222 2773 5277 invitus
2819 5218 3140 5293 digredior,
3176 5213 3391 5271 socium

155 5314 383 5371 laborum
419 5303 955 5387 adjunxitfmeaque
980 5329 1149 5387 opera
1178 5314 1233 5368 in
1258 5309 1628 5368 exscribendo
1657 5308 1870 5365 Zonara
1902 5323 1959 5367 et
2003 5311 2275 5368 Choniate
2322 5311 2512 5367 Gratce
2561 5318 2620 5366 et
2664 5307 2861 5365 Latine
2919 5306 3065 5362 ultra
3113 5303 3410 5387 integruutv

155 5418 337 5460 annum
374 5421 511 5461 usus
538 5416 649 5472 est,
678 5385 919 5477 eamque
940 5385 1050 5460 non
1084 5417 1314 5474 prorsus
1351 5397 1709 5469 improbavit.
1734 5397 1838 5464 Qui
1874 5401 1959 5454 vel
1992 5400 2065 5455 ob
2095 5401 2202 5457 hoc
2237 5400 2423 5455 minus
2461 5398 2646 5471 gravis
2676 5395 2811 5453 mihi
2850 5410 2976 5452 esse
3006 5385 3391 5477 debuit,un

155 5500 200 5545 et
227 5496 447 5550 triennii
492 5505 752 5567 sumptus
797 5476 1073 5551 Antonius
1106 5490 1410 5563 Fuggerus,
1452 5503 1521 5543 eo
1555 5496 1774 5554 exacto,
1809 5488 2094 5559 pollicitus
2134 5498 2244 5552 est,
2270 5497 2332 5542 et
2364 5486 2755 5551 liberalissime
2796 5484 2967 5567 etiam
3012 5476 3287 5552 praestitit,
3334 5479 3395 5526 et

157 5594 241 5649 ego
265 5591 475 5639 tantum
502 5566 759 5642 utilitatis
801 5601 869 5640 ex
911 5584 1167 5641 doctrina
1211 5589 1268 5638 et
1310 5576 1616 5636 domestica
1658 5573 2061 5633 consuetudine
2092 5572 2275 5628 Woltii
2318 5571 2464 5641 cepi,
2497 5580 2559 5624 ut
2585 5570 2709 5640 ejus
2738 5566 2948 5623 laboris
2979 5573 3262 5632 nunquam
3306 5570 3395 5611 me

160 5672 406 5734 ptenitere
437 5673 663 5731 debeat.
705 5693 725 5727 ι
762 5674 1044 5730 Hactenus
1069 5674 1186 5729 ille.

220 5831 322 5904 (25)
354 5833 412 5888 In
442 5833 595 5903 prart'.
626 5829 900 5904 ad_Cedr.
1894 5820 2005 5893 (27)
2042 5819 2243 5876 Euseb.
2274 5818 2329 5874 in
2352 5817 2485 5874 Chr.
2522 5816 2619 5872 lib.
2646 5832 2685 5872 ι.

226 5901 324 5972 ('16)
354 5904 411 5958 In
436 5901 588 5975 prati.
615 5902 682 5956 ad
708 5901 961 5957 Dionem.
