3984 6626
558 448 634 515 19
1963 456 2068 517 DU
2107 452 2369 517 CANGII
3749 450 3830 511 eo

616 565 894 619 Caeterum
924 572 1044 620 non
1082 582 1190 622 una
1234 576 1317 624 cst
1366 568 1420 623 in
1477 586 1607 625 mss.
1660 568 1949 626 codicibus
1986 569 2216 623 Zonarze
2267 569 2562 629 Annalium
2614 565 3004 635 descriptionis
3034 566 3196 628 ratio,
3241 580 3337 619 seu
3393 578 3579 619 rerum
3632 563 3689 616 in
3746 562 3831 618 iis

556 661 1008 722 pertractatarum
1038 666 1360 726 spectentur
1382 668 1727 729 argumenta,
1764 674 1888 728 quir-
1930 660 1981 711 in
2013 657 2344 728 quibusdam
2374 672 2440 711 ex
2474 656 2539 710 iis
2580 655 2633 708 in
2670 652 3034 724 marginibus,
3066 667 3164 707 seu
3199 654 3288 721 qui
3339 648 3638 713 interdum,
3680 666 3826 705 eum

558 756 700 795 nova
731 742 1025 796 inchoatur
1052 744 1307 808 materia,
1337 744 1391 798 in
1423 746 1543 815 ipso
1584 756 1845 801 contextu
1879 746 2022 800 tituli
2054 753 2425 815 apponuntur.
2462 743 2539 798 Ac
2562 755 2711 797 certe
2744 740 2923 812 quoad
2959 747 3122 794 notas
3154 739 3287 793 istas
3313 737 3661 809 marginales.
3692 754 3817 793 non

554 842 774 898 semper
811 832 976 885 etiam
1020 832 1229 887 eaedem
1274 834 1330 887 in
1376 834 1636 888 omnibus
1679 833 2090 905 exemplaribus
2122 834 2175 886 in
2202 830 2406 902 quibus
2454 830 2748 893 habentur,
2793 842 2895 883 nec
2944 826 3111 882 simili
3149 827 3390 882 dictione
3444 833 3703 881 exarata.
3753 824 3822 878 lu

553 917 884 985 quibusdam
918 928 1184 989 praeterea
1218 921 1495 975 interdum
1528 923 1714 992 plures
1743 938 1807 977 ac
1838 921 2154 978 crebriores
2186 934 2350 989 quam
2383 918 2437 972 in
2461 918 2604 980 aliis,
2636 917 2690 972 in
2719 915 3049 988 quibusdam
3086 929 3187 985 per
3227 914 3513 969 intervalla
3556 912 3828 983 longius—

554 1005 675 1061 cula
716 1006 1000 1061 breviores
1052 1018 1372 1063 occurrunt.
1430 1009 1488 1065 In
1535 1011 1658 1064 aliis
1697 1011 1940 1080 denique
1976 1026 2039 1063 ar.
2082 1005 2489 1078 antiquioribus
2529 1004 2818 1061 codicibus
2862 1004 3029 1059 nulla:
3077 1001 3195 1058 fere
3244 1016 3462 1072 semper
3505 999 3824 1056 habentur.

555 1092 760 1146 Scribit
790 1093 902 1149 Leo
920 1096 1154 1150 Allatins
1175 1096 1491 1152 inDiatriba
1525 1099 1590 1151 de
1612 1099 1858 1169 Georgiis
1886 1098 1973 1153 ulti
2002 1098 2070 1152 de
2096 1096 2347 1153 Cedreno
2366 1092 2497 1166 [imo
2524 1092 2775 1166 Scylitza.
2803 1109 2852 1148 c.
2874 1092 2970 1164 θη
2988 1092 3121 1162 agit,
3148 1100 3368 1146 exstare
3397 1090 3451 1145 in
3473 1088 3826 1145 bibliotheca

555 1181 833 1236 Sfortiana
867 1185 1117 1238 codicem
1160 1185 1441 1257 ingentem
1478 1186 1697 1257 Georgii
1752 1188 2003 1257 Seylitzre
2034 1199 2231 1239 nomen
2269 1183 2676 1256 przrfercntem,
2713 1183 2841 1238 licet
2880 1181 3074 1236 unicos
3115 1180 3385 1235 duntaxat
3423 1178 3651 1237 Zonaras
3699 1180 3832 1233 An-

555 1270 707 1323 nales
732 1272 1033 1326 contineat.
1076 1272 1183 1328 Sed
1216 1283 1271 1328 et
1318 1275 1463 1330 inter
1493 1276 1711 1330 eoiliccs
1754 1276 2030 1330 Palatinos
2076 1274 2302 1329 Ruinam
2345 1272 2604 1328 advectos
2631 1288 2691 1328 se
2725 1272 2928 1327 vidisse
2970 1271 3216 1343 ejoslem
3250 1270 3478 1325 Zonaras
3510 1267 3819 1325 historiam

552 1357 830 1428 principio
883 1359 1155 1427 mutilam,
1222 1377 1254 1416 a
1302 1363 1622 1416 monarchia
1672 1364 2039 1419 Itomanornm
2084 1361 2459 1430 incipientem,
2513 1361 2567 1415 in
2636 1376 2765 1430 qua,
2814 1360 2917 1416 etsi
2960 1358 3107 1415 notis
3158 1358 3227 1413 ab
3270 1356 3498 1413 historia
3549 1355 3822 1417 diversis,

555 1444 835 1513 pratiixum
868 1455 951 1501 est
985 1447 1261 1517 Γεωργίου
1284 1448 1379 1502 τοῦ
1409 1450 1700 1522 Σκυλὶτζη.
1728 1449 1859 1517 Quae
1884 1450 2107 1520 quidem

2247 1458 2347 1514 ert,
2382 1448 2582 1517 inquit,
2615 1448 2686 1503 ab
2719 1447 2867 1503 edito
2896 1447 3131 1512 Zonara,
3161 1444 3307 1515 quod
3334 1444 3386 1498 in
3421 1441 3605 1513 capita
3628 1442 3820 1497 divisa

556 1531 763 1602 ubique
790 1537 1090 1588 sumtuaria
1119 1537 1363 1606 capitum
1394 1538 1673 1592 exhibeat.
1702 1557 1719 1588 ι
1756 1539 1836 1592 An
1871 1553 2258 1600 summarum"
2298 1535 2485 1591 subdit
2518 1536 2661 1590 idem
2692 1536 2944 1599 Allatius,
2975 1554 2993 1586 ι
3032 1544 3226 1589 auctor
3258 1532 3523 1603 Scylitzes
3555 1528 3707 1586 iste?
3740 1545 3823 1583 an

556 1630 845 1689 propterea
892 1622 977 1676 vel
1012 1622 1207 1678 fraude
1239 1638 1339 1678 sua
1386 1625 1472 1679 vel
1518 1625 1922 1696 exscriptorum
1978 1625 2270 1679 oscilautia
2328 1624 2573 1679 historia:
2620 1632 2815 1678 auctor
2848 1621 3289 1677 coniminiscitur
3322 1639 3342 1672 ι
3396 1634 3492 1675 seu
3542 1616 3827 1688 ﬁngitur?

534 1706 705 1761 unde
732 1722 965 1775 prorsus
1001 1710 1129 1765 licet
1162 1711 1444 1783 conjicere
1487 1713 1669 1767 insece
1709 1728 1894 1767 rerum
1929 1722 2245 1783 argumenta
2298 1729 2404 1767 non
2449 1727 2569 1768 esse
2612 1712 2784 1781 ipsius
2805 1710 3051 1774 Zonaras,
3083 1720 3197 1764 tum
3242 1724 3309 1764 ex
3339 1724 3407 1765 eo
3444 1707 3611 1762 etiam
3656 1705 3825 1778 quod

552 1792 786 1848 diversis
809 1809 954 1865 saepe
982 1808 1250 1869 concepta
1300 1799 1484 1854 verbis
1525 1801 1798 1871 lcgantur,
1841 1811 1954 1855 tum
2008 1802 2179 1872 quod,
2212 1812 2270 1856 ut
2299 1804 2480 1874 attigi.
2515 1805 2665 1859 varie
2710 1803 3053 1876 marginibus
3090 1803 3368 1865 codicum.
3414 1803 3545 1859 alibi
3592 1803 3828 1860 scilicet

553 1881 916 1945 rarius,alibi
950 1887 1183 1955 singulis
1231 1887 1404 1943 ferme
1438 1889 1681 1957 periodis
1731 1889 2119 1960 appingantur.
2153 1891 2311 1959 Quod
2345 1908 2509 1961 quam
2556 1892 2749 1949 inutile
2789 1892 2864 1946 sit
2886 1892 2970 1946 vel
3013 1907 3080 1946 cx
3129 1907 3198 1946 eo
3244 1900 3416 1961 patet,
3466 1891 3618 1963 quod
3646 1891 3825 1960 longe

552 1969 728 2023 satius
754 1980 839 2025 est
882 1987 1008 2041 qua:
1032 1974 1086 2027 in
1118 1985 1378 2031 contextu
1423 1978 1667 2032 breviter
1706 1979 1981 2049 descripta
2019 1980 2298 2037 habentur
2320 1983 2521 2052 legere,
2553 1997 2718 2053 quam
2773 1981 2827 2036 in
2876 1981 3237 2052 argumentis,
3270 1996 3398 2037 cum
3432 1980 3666 2036 totidem
3698 1980 3827 2035 fere

554 2072 774 2128 semper
811 2060 998 2115 verbis
1046 2074 1323 2117 constent.
1359 2063 1429 2118 Ea
1458 2066 1860 2137 qualiacunque
1908 2077 2037 2121 sunt
2083 2076 2140 2123 et
2192 2068 2499 2138 cojusmodi
2536 2069 2588 2122 in
2625 2069 2746 2124 suis
2784 2068 3070 2124 codicibus
3114 2070 3402 2125 invenerat
3444 2068 3831 2140 Hieronymus

559 2146 789 2202 Wolﬁus
815 2149 869 2202 in
892 2149 1213 2206 interiorem
1242 2152 1508 2210 editionis
1533 2172 1645 2210 sua:
1688 2158 1987 2228 marginem
2013 2174 2108 2211 seu
2141 2157 2208 2212 ad
2245 2157 2488 2212 Grzecam
2538 2158 2849 2212 columnam
2882 2157 2971 2211 edi
3002 2158 3246 2222 curavit,
3276 2164 3336 2211 et
3364 2172 3490 2214 cum
3523 2173 3633 2213 non
3673 2156 3824 2211 tanti

557 2236 898 2301 viderentur,
923 2253 1117 2295 eorum
1148 2243 1333 2297 omisit
1366 2242 1902 2314 interpretationem,
1948 2247 2093 2300 notis
2127 2246 2250 2300 aliis
2287 2246 2634 2300 brevioribus
2663 2245 2871 2300 Latinis
2899 2244 2967 2299 ad
3001 2245 3229 2301 alteram
3257 2247 3573 2302 columnam
3603 2246 3831 2315 pariter

559 2324 832 2395 ascriptis,
878 2342 1001 2396 qua:
1046 2327 1283 2384 subinde
1323 2330 1392 2386 de
1438 2347 1622 2387 rerum
1663 2335 2002 2403 argumentis
2047 2337 2308 2388 lectorem
2355 2350 2383 2388 a
2410 2336 2739 2388 linunt-rent.
2805 2332 3009 2387 llarum
3062 2334 3353 2404 plerasque
3404 2334 3460 2389 in
3510 2334 3612 2388 hac
3642 2333 3825 2403 Regia

557 2412 647 2466 edi
672 2415 1010 2481 curavimus,
1044 2417 1168 2472 aliis
1193 2419 1363 2474 certis
1383 2435 1448 2474 ex
1489 2422 1675 2475 causis
1705 2422 1945 2492 rejectis,
1981 2431 2097 2476 tum
2140 2425 2307 2478 etiam
2354 2440 2444 2489 ne,
2473 2424 2516 2477 si
2547 2423 2927 2478 crebrioribus
2956 2423 3229 2494 ejusmodi
3265 2422 3605 2493 argumentis
3632 2422 3831 2477 fusca-

560 2512 758 2555 rentur
788 2501 915 2556 libri
948 2507 1242 2575 margines,
1272 2508 1533 2563 editionis
1560 2524 1791 2579 prorsus
1834 2511 2014 2581 Regite
2048 2522 2309 2569 venustas
2350 2529 2414 2568 ac
2441 2513 2702 2584 niajeStas
2732 2512 3255 2567 commacularetur.
3285 2512 3465 2581 Atque
3498 2510 3549 2566 id
3585 2509 3823 2581 quidem

552 2602 741 2642 causa:
772 2588 898 2655 fuit,
928 2600 985 2644 ut
1015 2591 1204 2647 Graeca
1238 2594 1337 2648 ista
1371 2607 1692 2664 argumenta
1727 2599 1778 2650 in
1824 2597 2117 2654 interiores
2150 2600 2425 2672 margines
2469 2602 2723 2670 rejicere,
2755 2600 2901 2671 quod
2935 2599 3139 2655 fecerat
3180 2598 3433 2662 Wolﬁus,
3475 2599 3654 2654 visum
3702 2613 3823 2652 non

558 2676 748 2740 fuerit,
783 2686 897 2737 tum
925 2679 1072 2748 quod
1101 2678 1207 2735 illa:
1239 2683 1292 2735 in
1330 2683 1669 2738 editionibus
1694 2685 1880 2756 Regiis
1910 2686 2073 2755 vulgo
2095 2687 2260 2742 hasce
2283 2696 2440 2743 notas
2484 2687 2751 2742 hactenus
2778 2702 2888 2741 non
2921 2686 3266 2766 admiserint,
3311 2697 3424 2741 tum
3453 2685 3621 2740 etiam
3663 2686 3820 2753 quod

556 2779 626 2817 eo
655 2776 784 2821 sunt
817 2768 1061 2835 inutiles,
1103 2771 1249 2841 quod
1286 2772 1551 2843 apposite
1581 2774 1790 2830 Latina:
1833 2774 1976 2829 idem
2018 2792 2252 2846 prorsus
2299 2776 2556 2831 ciliciant.
2602 2774 2679 2830 Ne
2715 2784 2894 2829 tamen
2922 2773 3127 2829 Graecis
3167 2774 3510 2845 argumentis
3555 2773 3824 2829 fraudare

557 2854 817 2909 lectorem
846 2856 1157 2921 videamur,
1185 2876 1247 2914 ea
1273 2877 1492 2916 rursum
1535 2862 1625 2917 hic
1666 2863 2000 2929 recedimus,
2024 2865 2234 2935 aliquot
2258 2862 2311 2916 in
2340 2862 2479 2916 locis
2513 2878 2580 2916 ex
2616 2877 2747 2915 mss.
2775 2859 3061 2914 codicibus
3090 2861 3360 2921 auctiora,
3391 2873 3566 2926 eaque
3615 2872 3826 2911 secun-

557 2942 688 2997 dum
720 2944 990 2999 librorum
1031 2957 1087 3001 ct
1110 2951 1420 3004 sectionum
1448 2967 1707 3006 numeros
1733 2954 1963 3025 digesta,
1998 2954 2070 3007 ita
2103 2961 2162 3007 ut
2201 2968 2386 3007 rerum
2430 2972 2458 3005 a
2488 2952 2700 3005 Zonara
2729 2951 2782 3003 in
2816 2949 3123 3005 Annalibus
3147 2947 3551 3018 descriptarum
3593 2946 3823 3002 clencbi

558 3046 654 3086 seu
686 3035 970 3089 summat-ii
999 3035 1174 3092 vicem
1212 3049 1471 3109 priest-are
1502 3041 1735 3110 possint.

624 3118 768 3186 Quid
802 3137 971 3190 porro
997 3133 1290 3192 postrema:
1321 3127 1452 3182 huic
1485 3146 1547 3183 ac
1581 3130 1762 3200 Regia:
1808 3146 2035 3201 prorsus
2081 3128 2310 3185 Joannis
2339 3127 2565 3183 Zanara:
2608 3126 2901 3182 Annalium
2926 3125 3158 3180 editioni
3200 3123 3521 3188 accesserit,
3551 3124 3826 3180 lectorem

560 3209 791 3264 interest
820 3211 1074 3269 educere.
1107 3215 1293 3271 Gnrca
1318 3219 1673 3283 contulimus,
1712 3220 1946 3274 tnaxime
1980 3221 2033 3272 in
2092 3218 2227 3273 locis
2256 3217 2347 3289 qui
2386 3217 2724 3271 dubietatem
2761 3215 3057 3287 quamdam
3090 3214 3485 3283 praeferebant,
3512 3230 3639 3269 cum
3681 3228 3825 3283 qua-

558 3312 686 3355 tuor
718 3302 1007 3359 codicibus
1055 3306 1240 3377 Regiis
1279 3317 1337 3362 et
1365 3322 1473 3361 uno
1517 3308 1831 3365 Colberteo.
1878 3309 2177 3380 Regiorum
2221 3309 2332 3363 duo
2374 3307 2560 3379 [i7l4,
2602 3322 2727 3362 saec.
2774 3324 2864 3361 xui
2901 3349 2915 3371 ,
2958 3315 3013 3360 et
3063 3307 3239 3368 l7i6,
3274 3321 3398 3361 sa-c.
3446 3304 3538 3376 xv}
3575 3306 3823 3375 integros

558 3391 797 3445 Annales
825 3395 1289 3462 complectuntur,
1324 3406 1691 3467 prxlerquam
1735 3398 1881 3469 quod
1932 3399 2128 3452 horum
2163 3398 2302 3454 alter
2335 3396 2521 3470 [l'ilG]
2562 3397 2782 3452 duobus
2814 3396 2960 3451 foliis
2992 3396 3151 3450 initio
3184 3395 3411 3449 mutilus
3449 3403 3575 3459 est;
3612 3394 3815 3449 tertius

561 3480 745 3551 [1768,
772 3498 898 3537 sa'c.
936 3482 1070 3557 inv].
1099 3486 1398 3541 secundam
1443 3488 1737 3543 Annalium
1786 3499 2031 3561 partem;
2061 3497 2294 3559 quartus
2334 3487 2519 3560 “718,
2566 3501 2695 3542 saec.
2738 3485 2850 3556 xvi]
2876 3486 3125 3548 domum.
3182 3483 3339 3553 isque
3384 3482 3687 3539 recentiori
3718 3483 3821 3537 de-

558 3571 798 3641 scriptus
823 3588 1007 3635 manu,
1034 3574 1257 3630 eosdem
1291 3576 1529 3632 Annales
1573 3577 1642 3633 ab
1689 3578 1924 3650 imperio
1952 3577 2279 3633 Diocletiani
2312 3576 2379 3631 ad
2415 3574 2671 3633 Alexium
2708 3575 2974 3631 continet.
2998 3573 3181 3629 Codex
3227 3572 3559 3629 Colberteus
3587 3569 3701 3643 (28)
3731 3582 3821 3626 sat

560 3659 717 3714 bona:
746 3669 910 3727 notae,
948 3665 1137 3731 paucis
1164 3665 1329 3719 etiam
1362 3666 1575 3737 paginis
1627 3666 1786 3722 initio
1828 3667 2075 3734 mutilus,
2109 3666 2315 3721 desinit
2354 3666 2409 3719 in
2446 3665 2676 3735 hujusce
2715 3664 2974 3719 editionis
3008 3662 3310 3717 sectionem
3351 3661 3425 3716 34
3457 3661 3583 3715 libri
3618 3676 3714 3725 xu,
3759 3662 3815 3713 in

558 3746 834 3802 Maximini
869 3751 1081 3806 scilicet
1112 3761 1169 3806 et
1213 3751 1407 3806 Licinii
1438 3753 1753 3822 imperium.
1787 3755 1975 3808 Varias
2005 3771 2072 3808 ex
2115 3754 2266 3811 hisce
2302 3753 2589 3807 codicibus
2623 3761 2912 3821 excerptas
2942 3749 3211 3805 lectiones
3264 3750 3319 3803 in
3371 3748 3537 3803 Notas
3580 3746 3820 3804 subinde

559 3835 875 3899 retulimus,
932 3840 1223 3894 nonnullis
1267 3855 1390 3910 qute
1440 3850 1592 3895 extra
1647 3844 2080 3898 controversiam
2133 3841 2466 3896 videbantur
2501 3840 2557 3894 in
2593 3850 2914 3896 contextum
2947 3839 3128 3907 ipsum
3180 3836 3463 3892 immissis.
3496 3834 3817 3907 Hieronymi

559 3922 741 3977 Wolfii
770 3924 1088 3980 versionem
1120 3925 1372 3981 Latinam
1412 3930 1690 3983 interdum
1725 3941 1781 3984 et
1811 3932 1991 3985 rarius
2018 3934 2461 3995 emendavimus.
2494 3932 2733 3986 maxime
2766 3930 2835 3985 iis
2868 3931 3004 3987 locis
3031 3930 3121 3984 ubi
3152 3930 3398 3984 auctoris
3433 3935 3674 3982 mentem
3705 3942 3817 3980 non

558 4012 783 4067 omnino
810 4025 930 4068 erat
957 4024 1265 4080 assecutus,
1300 4033 1442 4088 quos
1477 4019 1530 4071 in
1567 4018 1718 4073 Notis
1748 4019 1862 4075 fere
1893 4035 2112 4091 semper
2141 4022 2484 4082 indicamus;
2518 4017 2614 4073 sed
2644 4017 2945 4087 pUESCI'llm
2977 4017 3031 4071 in
3061 4032 3123 4071 ea
3159 4028 3313 4086 parte
3347 4016 3439 4069 ubi
3472 4031 3564 4070 res
3608 4015 3814 4081 Byzan-

559 4101 688 4156 tiuae
713 4111 1122 4172 pertractantur
1142 4105 1387 4173 quadam
1423 4107 1771 4177 potissimum
1815 4108 2246 4176 immutavimus,
2278 4109 2368 4162 ubi
2404 4107 2673 4178 palatinas
2698 4123 2793 4161 seu
2845 4107 3251 4161 ecclesiasticas
3290 4104 3590 4174 dignitates
3625 4103 3815 4157 minus

558 4198 930 4247 consentanee
959 4191 1266 4248 reddidisse
1302 4194 1609 4249 videbatur.
1644 4195 1955 4252 Annalibus
1982 4197 2225 4268 denique
2248 4197 2652 4253 Adnotaliones
2677 4204 2895 4250 nostras
2929 4195 3291 4265 subjecimus,
3325 4208 3432 4248 una
3464 4208 3590 4246 cum
3621 4191 3812 4245 Disce-

559 4279 807 4348 ptatione
830 4279 899 4334 de
929 4279 1214 4335 Hebdomo
1239 4289 1295 4335 et
1319 4281 1527 4353 aliquot
1554 4283 1948 4343 additamentis
1980 4286 2049 4340 ad
2087 4296 2329 4341 nostram
2360 4286 2572 4356 Cpolim
2602 4284 3004 4344 Christianam,
3037 4282 3107 4338 de
3137 4282 3346 4352 quibus
3369 4279 3630 4335 omnibus
3658 4277 3814 4332 initio

560 4370 828 4439 cujusque
852 4367 1258 4423 lucubrationis
1291 4368 1552 4424 lectorem
1584 4388 1892 4428 monemus.

631 4454 804 4510 Breve
836 4455 1077 4525 denique
1112 4456 1456 4522 Chronicon,
1505 4459 1729 4515 levioris
1765 4460 1905 4516 forte
1946 4462 2072 4516 licet
2128 4462 2412 4524 momenti.
2442 4460 2674 4518 Joannis
2701 4457 2927 4514 Zonarte
2967 4457 3275 4515 Annalibus
3298 4455 3645 4526 snlijicimus,
3668 4455 3810 4526 quod

582 4559 877 4613 emporum
904 4545 971 4599 ab
1004 4545 1213 4600 Adamo
1248 4547 1314 4600 ad
1350 4538 1602 4602 Alexium
1651 4547 2020 4615 Comncnnm,
2063 4568 2184 4621 qua:
2216 4553 2307 4607 ille
2353 4552 2727 4622 persequitur,
2778 4549 3142 4605 summarium
3184 4545 3466 4616 quoddam
3515 4546 3809 4605 contineat.

561 4632 870 4702 eujusmodi
906 4635 1173 4689 nonnulla
1198 4636 1307 4690 alia
1337 4636 1613 4692 habentur
1643 4636 1699 4692 in
1723 4639 2015 4694 codicibus
2046 4640 2439 4710 manuscriplis
2466 4641 2821 4696 bibliothecae
2844 4638 3050 4707 Regini.
3080 4651 3206 4706 qum
3237 4644 3435 4690 tamen
3455 4635 3511 4688 in
3545 4649 3810 4688 annorum

564 4723 1016 4778 eharacterismis
1039 4740 1147 4779 non
1180 4726 1408 4780 omnino
1436 4726 1643 4797 ubique
1673 4742 1799 4783 cum
1830 4743 1898 4782 eo
1926 4728 2071 4797 quod
2105 4729 2324 4783 cdinms
2350 4729 2710 4792 conveniunt,
2737 4725 3175 4794 exscriptorum.
3213 4733 3272 4778 ut
3318 4722 3597 4786 existimo,
3633 4723 3809 4792 potius

564 4811 797 4873 incuria,
825 4825 989 4882 quam
1020 4826 1211 4866 eorum
1238 4827 1273 4866 τι
1301 4813 1507 4883 quibus
1536 4823 1666 4868 sunt
1688 4814 1959 4870 confecta.
1998 4816 2071 4872 Ut
2107 4825 2292 4872 tamen
2325 4818 2539 4871 caeteris
2568 4815 2713 4870 istud
2753 4814 3094 4881 prteferrein.
3133 4811 3265 4866 fecit
3298 4811 3399 4865 viri
3439 4810 3493 4864 in
3522 4811 3808 4865 chronolo-

563 4898 699 4969 gieis
730 4908 787 4954 ut
821 4901 956 4954 etin
989 4900 1204 4956 carioris
1242 4901 1553 4971 disciplinis
1579 4903 1942 4959 versatissimi
1977 4904 2222 4977 Dionysii
2257 4904 2463 4960 Petavii
2498 4903 2820 4964 auctoritas,
2847 4917 2877 4955 a
2918 4915 3030 4969 quo
3062 4899 3300 4968 primum
3326 4898 3538 4952 editum
3574 4905 3661 4953 est
3685 4911 3807 4951 cum

563 4986 860 5057 Nicephori
890 4989 1215 5058 patriarchae
1235 4988 1510 5046 Breviario
1534 4989 1799 5047 historico
1825 5012 1837 5048 :
1868 4994 2011 5063 quod
2030 5008 2155 5049 cum
2186 4995 2240 5049 in
2265 4993 2432 5063 Regia
2453 4992 2701 5047 editione
2722 4988 2972 5056 ejusdem
3005 4986 3295 5056 scriptoris
3323 4984 3587 5041 omissum
3629 4985 3807 5043 fuerit.

564 5076 655 5130 hic
693 5092 909 5130 rursum
944 5091 1250 5147 proponere
1284 5079 1459 5134 visum
1499 5088 1604 5143 est,
1638 5090 1754 5133 tum
1798 5081 2052 5147 maxime,
2082 5092 2145 5137 ut
2176 5080 2480 5150 attigimus,
2509 5078 2653 5148 quod
2693 5077 2918 5131 eosdem
2961 5091 3102 5145 quos
3160 5074 3401 5128 Zonaras
3436 5088 3611 5127 annos
3668 5088 3806 5126 com-

564 5163 857 5232 plectatur,
886 5180 915 5219 a
946 5165 1150 5221 mundo
1178 5167 1389 5221 scilicet
1414 5167 1639 5221 condito
1668 5185 1698 5221 ιι
1714 5184 1841 5239 sque
1873 5169 1939 5223 ad
1975 5170 2230 5225 eumdem
2262 5170 2537 5225 Alcxium.

635 5253 741 5308 Sed
790 5256 1110 5326 priusquam
1159 5255 1289 5310 huic
1340 5256 1653 5312 Praefationi
1708 5260 1832 5312 linis
1888 5260 2243 5331 imponatur,
2293 5267 2550 5327 praestat,
2604 5256 2752 5326 quod
2804 5271 2972 5326 supra
3022 5270 3217 5311 sumus
3269 5243 3523 5323 polliciti,
3586 5252 3807 5306 aliorum

564 5339 791 5394 lunarat
819 5355 1072 5410 operum,
1119 5359 1358 5412 quorum
1409 5346 1674 5401 memoria
1725 5347 1791 5398 ad
1840 5362 1941 5402 nos
1977 5351 2254 5416 pervenit,
2301 5347 2537 5401 indicem
2572 5346 2868 5415 subjicere,
2905 5353 2965 5399 ut
2997 5344 3081 5399 vel
3119 5345 3268 5407 inde,
3312 5356 3476 5411 quam
3523 5340 3805 5411 singularis

566 5430 732 5481 fuerit
765 5422 864 5481 viri
895 5429 1136 5485 eruditio
1164 5447 1226 5483 ac
1260 5431 1457 5502 pietas,
1510 5433 1681 5489 lcetor
1708 5444 2057 5505 assequatur.
2092 5435 2271 5505 A:qne
2298 5444 2359 5491 ut
2381 5436 2449 5489 ab
2467 5434 2657 5489 .editis
2688 5441 2945 5487 sumatur
2983 5433 3227 5494 initium,
3263 5429 3510 5485 occurrit
3538 5429 3593 5481 in
3627 5428 3804 5497 primis

563 5515 1009 5572 Commentarios
1034 5518 1088 5572 in
1120 5532 1361 5575 canones
1391 5520 1766 5590 apostolorum
1810 5532 1866 5577 et
1907 5525 2271 5580 conciliorum
2318 5522 2430 5596 ('29)
2454 5535 2510 5578 et
2538 5523 2594 5577 in
2627 5521 2903 5590 Epistolas
2943 5519 3238 5576 canonicos
3266 5518 3403 5589 ('50),
3437 5519 3596 5586 cujus
3628 5516 3803 5569 titulus

641 5715 752 5784 (28)
783 5716 942 5789 Nunc,
983 5714 1187 5789 Regius
1239 5716 1397 5789 l7l7,
1440 5732 1564 5789 51cc.
1622 5734 1739 5771 xm.
1782 5717 1986 5773 Przeter
2034 5720 2136 5775 bos
2317 5718 2430 5789 (29)
2462 5718 2560 5772 Ed.
2594 5716 2764 5772 Paris.
2810 5717 2961 5781 1M8,
2992 5714 3045 5769 in
3078 5715 3172 5770 fol.
3210 5726 3265 5771 ct
3302 5718 3354 5771 in
3385 5713 3650 5782 Beveregii
3678 5711 3801 5766 Pan-

568 5760 1043 5866 Zpltarte_c_o_dices
1066 5760 1589 5866 ﬁarisiissu’ntdno
1625 5789 1905 5866 alii,al_tcr
1931 5788 2134 5848 Coisli-
2244 5760 2776 5866 ἀρξιίέρίιιιοηιιιιι..
2852 5817 2875 5830 ο
2941 5760 2974 5866 1
3141 5859 3171 5866 __
3208 5857 3265 5866 ,Μ
3457 5864 3465 5866 _
3646 5851 3704 5866 π
3749 5852 3758 5863 ,

570 5858 770 5930 manus
799 5857 933 5930 137.Δ
960 5872 1085 5912 smc.
1115 5875 1227 5917 xw,
1260 5860 1397 5912 alter
1426 5859 1585 5925 paulo
1640 5870 1763 5927 post
1801 5860 2070 5914 Zonaram
2106 5877 2135 5914 a
2321 5861 2431 5930 (50)
2470 5859 2569 5912 Ed.
2601 5860 2666 5911 ad
2694 5858 2900 5930 calcem
2933 5855 3171 5930 Gregorii
3208 5855 3609 5930 Thaitinntnrgi,
3646 5851 3788 5906 Paris

569 5926 848 5997 Docangio
872 5927 1079 5982 editum
1133 5930 1369 5986 Parisios
1409 5926 1688 5999 advectus,
1738 5930 1944 6000 Regius
1986 5933 2136 5986 I715.
2249 5926 2492 5999 lliill,in
2523 5931 2616 5984 fol.
2655 5938 2712 5984 et
2744 5928 2797 5982 in
2833 5927 3093 5998 Bercrcgii
3126 5928 3414 5983 Pandectis
3439 5926 3741 5980 (Iunonum.
