3958 6666
428 388 503 455 23
1840 397 1944 459 DU
1984 407 1991 449 ε

2136 393 2252 455 GU.
3625 399 3696 459 24

494 504 750 561 Meminit
780 508 1023 578 denique
1068 508 1311 566 Joannes
1340 511 1668 580 .l’outauus,
1726 512 1780 566 in
1826 508 2154 565 Praal‘atione
2201 508 2270 562 ad
2316 508 2604 565 historiam
2649 508 2880 567 Joannis
2925 511 3328 577 Cantacuzeni,
3377 523 3692 583 poematum

423 592 652 649 Joannis
677 595 912 652 Zmiane
934 599 1001 653 de
1037 598 1397 655 Processione
1436 600 1676 672 Spiritus
1705 601 1904 662 sancti,
1932 614 2054 670 quae
2105 614 2134 651 a
2182 596 2543 655 Gcnebrardo
2572 600 2625 655 in
2675 599 2929 655 Latinam
2959 600 3203 672 linguam
3253 615 3525 657 conversa
3568 617 3695 657 esse

426 678 705 735 observat.
732 681 813 735 Ea
834 697 959 736 cum
989 684 1044 737 in
1077 684 1338 738 ciuilibus
1367 685 1481 739 fere
1523 685 1878 739 bibliothecis
1898 693 2088 739 cxacm
2121 685 2258 741 satis
2281 686 2532 742 adhibita
2567 686 2857 755 diligentia
2893 688 3313 759 conquisierim,
3348 702 3452 744 nec
3488 690 3700 760 reperi,

427 782 528 823 nec
558 767 653 822 ubi
696 778 756 824 et
799 771 855 824 in
891 787 1004 842 quo
1029 771 1372 827 Gcnebrardi
1417 772 1698 827 volumine
1729 772 1876 826 edita
1924 771 2035 826 sint
2081 772 2150 826 ab
2178 773 2411 843 hujusce
2444 776 2599 832 urbis
2638 776 2776 832 viris
2804 776 2985 833 doctis
3008 775 3216 833 rescire
3244 776 3399 847 potui
3427 778 3566 849 (54).
3600 778 3695 834 Sic

427 873 596 928 porro
629 857 914 916 Pontanus
941 880 952 916 :
996 881 1014 913 ι
1048 860 1318 916 Zonaram
1351 862 1523 917 fuisse
1569 862 1984 917 schismaticum
2019 863 2210 917 testari
2240 874 2474 934 possunt
2501 866 2623 936 ejus
2656 875 2906 936 poemata
2934 866 3343 921 aculeatissima
3370 867 3438 922 de
3466 882 3697 938 proces-

397 934 587 1002 'sione
612 951 789 1003 sancti
822 949 1086 1019 Spiritus,
1119 961 1175 1005 ct
1202 951 1306 1005 alia
1343 950 1611 1004 adversus
1636 949 1862 1005 Latinos
1891 951 2217 1021 composita,
2243 969 2365 1023 qua:
2388 934 2779 1011 Genebrardus
2814 956 2943 1010 dum
2985 966 3361 1022 converteret,
3408 934 3692 1014 se—crimi-

431 1037 686 1091 nationes
711 1036 830 1092 illas
864 1039 1116 1093 omisisse
1144 1048 1351 1092 narrat.
1387 1058 1405 1091 ι
1439 1037 1571 1105 Qua.-
1604 1039 1827 1110 quidem
1879 1040 2151 1110 ipsissima
2193 1041 2429 1098 Pontani
2478 1045 2645 1100 verba
2687 1045 2985 1117 exscripsit
3037 1044 3273 1101 Allatius
3320 1046 3374 1101 in
3427 1044 3693 1118 Creygto-

425 1140 565 1179 num
593 1126 729 1197 (35).
1595 1137 1611 1151 ⁸

497 1194 797 1270 Enimvero
828 1225 1029 1286 printer
1058 1230 1224 1286 supra
1253 1216 1474 1271 laudata
1502 1217 1731 1273 Joannis
1750 1194 1984 1271 Iuliane
2012 1239 2173 1288 opera
2209 1219 2678 1276 circumferuntur
2718 1222 2918 1291 passim
2948 1221 3003 1277 in
3044 1220 3397 1277 bibliothecis
3434 1220 3692 1290 Epistolas

423 1301 773 1371 d'oguiaticze,
802 1302 1154 1358 continentes
1186 1303 1577 1359 obscuriorum
1608 1321 1774 1360 sacra:
1803 1306 2105 1376 Seripturm
2149 1307 2391 1362 locorum
2424 1310 2874 1378 explicationem,
2923 1324 3159 1366 numero
3188 1325 3281 1365 se:
3329 1317 3385 1364 et
3414 1310 3692 1378 quinqua-

423 1389 600 1459 ginta,
643 1403 879 1458 quarum
918 1391 1118 1446 seriem
1156 1402 1213 1448 et
1243 1404 1562 1465 argumenta
1616 1393 1907 1464 descripsit
1952 1395 2147 1450 Petrus
2197 1396 2524 1453 Lambecius
2562 1398 2710 1468 (56);
2763 1414 2901 1468 quas
2956 1398 3177 1469 quidem
3220 1399 3419 1455 Joanni
3466 1398 3692 1453 Zonaras

422 1476 651 1545 quidam
673 1476 918 1542 codices,
947 1479 1036 1534 alii
1065 1479 1318 1536 Michaeli
1343 1480 1526 1554 Glycae
1556 1482 1863 1547 ascribunt,
1900 1482 2038 1537 adeo
2082 1494 2141 1537 ut
2184 1484 2455 1539 hactenus
2487 1486 2762 1540 incertum
2790 1498 3008 1542 maneat
3040 1488 3224 1543 utrius
3266 1486 3380 1541 sint
3416 1507 3429 1541 :
3469 1487 3690 1541 tametsi

424 1564 482 1617 in
509 1579 631 1618 eam
662 1564 919 1620 videatur
943 1567 1251 1623 concedere
1292 1569 1622 1625 sententiam
1657 1567 1768 1624 Leo
1791 1569 2026 1625 Allatius
2057 1572 2169 1641 (57)
2196 1583 2253 1625 ut
2282 1572 2461 1645 Glyca:
2505 1574 2691 1643 potius
2715 1574 2837 1630 illas
2869 1575 3076 1630 tribuat
3105 1591 3270 1644 quam
3307 1575 3557 1636 Zonarse,
3595 1576 3687 1629 ubi

425 1653 501 1705 ita
538 1650 764 1709 scribit:
796 1673 814 1705 ι
842 1652 966 1709 Haec
996 1664 1053 1709 et
1091 1655 1196 1709 alia
1224 1654 1455 1709 Michael
1494 1654 1712 1725 Glycas,
1749 1656 1980 1725 cpistola
2022 1659 2154 1714 satis
2204 1661 2418 1731 prolixa
2466 1662 2532 1716 ad
2582 1661 2930 1718 Joannicium
2973 1663 3328 1725 monachum,
3355 1673 3466 1719 etc.
3514 1660 3692 1734 Hujus

422 1741 590 1795 etiam
622 1741 913 1812 epismlam
939 1742 1004 1798 de
1027 1742 1131 1797 hac
1153 1742 1346 1798 eadem
1375 1758 1433 1797 re
1462 1758 1520 1797 se
1545 1743 1740 1814 legisse
1770 1744 1964 1799 scribit
1991 1745 2350 1804 Casaubonus
2382 1750 2616 1805 exercit.
2664 1752 2720 1806 in
2768 1750 3065 1807 Baronium
3099 1751 3193 1818 l6,
3226 1769 3283 1806 ιι.
3311 1752 3401 1817 49,
3446 1750 3543 1806 sed
3585 1751 3689 1807 sub

423 1829 648 1884 nomine
671 1829 898 1885 Zonara:
922 1829 1152 1894 editam,
1178 1846 1343 1899 quam
1374 1831 1556 1901 Glyca:
1579 1847 1702 1887 esse
1737 1833 1959 1888 codices
1985 1835 2198 1905 antiqui
2224 1847 2640 1906 reprzesentant.
2667 1838 2968 1910 Cuiusnam
2997 1855 3132 1895 vero
3153 1840 3264 1895 sint
3293 1838 3399 1894 illa:
3416 1838 3685 1907 epistolae,

422 1931 547 1985 qua:
569 1917 672 1971 sub
699 1917 924 1972 nurnine
951 1915 1135 1989 Glyea:
1163 1925 1222 1973 et
1249 1916 1479 1972 Zonara:
1518 1919 1743 1974 nomine
1772 1920 1828 1974 in
1877 1934 2008 1975 mss.
2042 1934 2314 1992 prostant,
2346 1925 2490 1982 alius
2529 1928 2642 1984 erit
2686 1928 2992 1984 disserendi
3041 1930 3222 1985 locus.
3270 1953 3290 1983 ι
3324 1927 3548 1985 Utinam
3584 1928 3689 1983 viri

422 2005 731 2061 doctissimi
760 2006 894 2061 etin
928 2022 987 2062 re
1012 2014 1264 2063 veterum
1293 2006 1522 2063 libraria
1554 2007 1876 2078 peritissimi
1924 2019 2167 2068 exstaret
2208 2030 2378 2085 super
2418 2016 2521 2072 hac
2556 2016 2880 2074 dillicultate
2923 2017 3265 2081 dissertatio,
3311 2031 3434 2087 qua:
3480 2031 3582 2072 nos
3617 2016 3691 2071 ab

422 2093 529 2151 hac
555 2094 947 2165 disquisitione
966 2094 1226 2152 levasset.
1253 2094 1418 2152 Certe
1445 2096 1674 2153 Zonaras
1705 2098 1805 2153 has
1846 2097 2077 2154 ascribit
2112 2101 2284 2157 codex
2314 2103 2540 2175 Regius,
2581 2105 2679 2161 sed
2713 2106 3007 2162 recentiori
3041 2121 3205 2160 manu
3238 2107 3503 2176 scriptus,
3538 2120 3689 2160 anno

420 2182 634 2239 scilicet
663 2183 856 2239 mundi
882 2184 1038 2252 juxta
1059 2183 1280 2241 Grtccos
1304 2184 1443 2241 6996
1462 2186 1689 2256 (Christi
1715 2186 1983 2256 1688),lm

2135 2188 2240 2246 hoc
2267 2192 2428 2247 titulo
2472 2193 2785 2247 Ἐπιστολαὶ
2821 2192 2992 2263 κυροῦ
3036 2193 3287 2248 Ἰωάννου
3328 2193 3562 2262 Ζωναρᾶ
3593 2191 3693 2246 καὶ

420 2273 914 2344 πρωτοσυγκρίτης
951 2272 1048 2329 καὶ
1065 2274 1429 2346 δρουγγαρίου
1451 2276 1553 2345 τῆς
1575 2275 1787 2347 βίγλης.
1816 2275 1983 2332 Conli

2122 2279 2379 2337 iorrohie
2408 2282 2580 2338 codex
2628 2281 2708 2355 [n.
2738 2282 2900 2356 50t5]
2947 2283 3017 2339 45
3067 2282 3334 2339 duntaxat
3386 2282 3685 2353 epistolas,

348 2399 353 2404 -
419 2374 657 2429 quarum
672 2360 847 2430 prima
876 2358 1075 2416 Joanui
1107 2360 1334 2417 Sinaitze
1365 2362 1709 2430 inscribitur,
1735 2363 2038 2433 penultima
2074 2382 2226 2434 vero,
2253 2385 2375 2440 quae
2404 2381 2491 2427 est
2513 2371 2582 2426 38
2618 2372 2672 2427 in
2691 2372 2871 2428 indice
2893 2371 3284 2435 Lambeciano,
3319 2371 3537 2426 videtur
3567 2384 3698 2427 esse

418 2447 689 2505 Manuelis
726 2446 993 2505 Comueni
1018 2449 1471 2521 imper.,scripta
1512 2450 1793 2517 videlicet,
1816 2460 1875 2506 ut
1913 2467 1981 2523 pr

2136 2498 2137 2501 η
2169 2454 2473 2527 inscriptio.
2514 2457 2605 2527 Τῷ
2624 2459 2940 2530 τιμιωτάτῳ
2978 2456 3198 2529 μοναχῷ
3251 2459 3427 2529 κυρίῳ
3453 2458 3699 2529 Ἀλυπίῳ

420 2536 499 2605 τῷ
521 2536 827 2608 ἐγκλείστφ
877 2538 940 2591 Et
971 2539 1079 2609 χρὴ
1111 2538 1212 2610 τὴν
1252 2539 1648 2611 μαθηματικὴν
1686 2539 2006 2611 ἐπιστήμην
2036 2540 2405 2613 ἀποτρόπαιον
2427 2543 2680 2613 ἡγεῖσθαι
2719 2545 3088 2602 παντάπασιν.
3112 2543 3337 2599 Initium
3371 2558 3503 2598 vero
3541 2541 3694 2597 illius

419 2633 530 2690 est,
573 2624 660 2678 Τὰ
683 2626 786 2695 τῆς
824 2614 1238 2698 μαθηματικῆς,
1265 2637 1373 2684 etc.
1417 2627 1598 2699 Atque
1646 2628 1700 2683 in
1746 2628 1930 2684 hancce
1958 2645 1982 2683 v

2154 2627 2401 2685 desinit:
2453 2631 2549 2685 Ἐκ
2592 2632 2799 2685 τούτων
2831 2626 2925 2685 οὖν
2975 2631 3193 2685 πάντων
3247 2629 3511 2700 μάνθανε.
3567 2629 3689 2699 ἱερὰ

422 2710 656 2785 κεφαλὴ,
696 2712 772 2778 ὡς
816 2714 1133 2785 εἱμαρμένη
1184 2715 1286 2786 μὲν
1334 2716 1426 2770 καὶ
1469 2717 1725 2787 γέννησις
1758 2716 2106 2770 παντάπασιν
2151 2718 2560 2787 ἁπηγόρευνται
2589 2716 2684 2772 τὸν
2716 2719 2852 2772 κατ’
2881 2718 3067 2774 εἰκόνα
3110 2721 3205 2774 καὶ
3228 2718 3339 2789 γὰρ
3370 2716 3517 2771 Θεοῦ
3548 2715 3692 2771 πλα-

424 2800 623 2857 σθέντα
653 2802 874 2872 λογικὸν
898 2801 1255 2870 αὐτεξούσιον
1289 2805 1616 2876 ἄνθρωπον·
1654 2807 1718 2860 οὐ
1774 2804 1885 2877 γὰρ
1930 2807 2191 2875 φυσικαῖς
2239 2806 2509 2873 ἀνάγκαις
2552 2805 2876 2859 ὑποκεῖσθαι
2923 2804 3392 2876 καταδεξώμεθα·
3437 2820 3692 2877 προγνω-

426 2891 624 2962 στικὴν
671 2892 728 2944 δέ
768 2908 890 2947 τινα
922 2894 1035 2957 τοῖς
1069 2893 1379 2966 ἀνθρώποις
1410 2893 1792 2962 ὲνδεδόξασθαι
1832 2895 2084 2966 δύναμιν,
2121 2893 2263 2947 καθὰ
2315 2895 2406 2947 καὶ
2456 2891 2673 2962 φθάσας
2715 2895 2744 2948 6
2788 2893 2948 2963 λόγος
2982 2893 3283 2959 ὑπέδειξεν,
3329 2892 3390 2946 οὐ
3432 2891 3694 2946 τοσοῦτον

422 2979 654 3035 ἀπέοικε
682 2980 763 3034 δι’
797 2982 864 3051 ἢν
889 2981 1074 3036 αἰτίαν
1104 2982 1430 3054 εἰρήκαμεν,
1461 2986 1510 3037 εί
1540 2984 1634 3038 καὶ
1664 2984 1814 3055 παρὰ
1848 2983 1958 3036 τῶν
1992 2981 2165 3050 ἁγίων
2203 2980 2466 3051 Πατέρων
2517 2982 2931 3051 ἑνασχολεῖσυαι
2969 2981 3186 3047 τούτοις
3242 2983 3306 3036 οὐ
3363 2979 3690 3052 συγχωρού-

427 3068 589 3139 μεθα,
612 3069 694 3122 ὅτι
727 3068 804 3139 μὴ
836 3068 980 3123 κατὰ
1029 3069 1190 3140 λόγον
1217 3070 1385 3143 όρθδν
1411 3072 1599 3134 αὐτοῖς
1629 3070 1990 3141 ἀποχρώμεθα

2123 3069 2246 3123 ιιὶιιε
2289 3067 2543 3139 cpistola!
2585 3067 3111 3141 Autapologeticum
3157 3069 3411 3141 sequitur
3462 3071 3515 3124 in
3560 3068 3686 3123 cod.

424 3156 562 3230 Reg.
594 3165 645 3212 et
690 3158 745 3212 in
771 3157 958 3213 Indice
984 3156 1378 3222 Lambeciano,
1412 3160 1506 3231 qui
1552 3159 1693 3214 hanc
1736 3159 1971 3214 Mauueli

2127 3158 2230 3210 duo
2265 3155 2575 3221 ascribunt,
2631 3156 2736 3211 hoc
2780 3157 2988 3212 titulo:
3044 3154 3579 3226 ’Λνταπολογητικδν
3625 3155 3690 3208 ὲκ

427 3246 631 3316 μέρους
662 3246 801 3316 πρὸς
832 3247 1400 3320 τὴννὲγχειρισθείσαν
1444 3248 1596 3318 αὐτῷ
1644 3248 1864 3319 γραφὴν
1898 3246 1993 3299 τοῦ
2031 3244 2297 3317 κραταιοῦ
2331 3243 2426 3298 καὶ
2458 3245 2627 3313 ’ἁγίου
2682 3244 2848 3316 ἡμῶν
2893 3245 3162 3316 βασιλέως
3208 3246 3380 3317 κυροῦ
3431 3243 3690 3313 Μανουὴλ

423 3332 740 3405 Κομνηνοῦ,
768 3335 871 3407 τὴν
903 3335 1273 3391 ἀπολυθεῖσαν
1307 3337 1445 3408 πρός
1477 3355 1601 3391 τινα
1638 3336 1875 3407 μοναχὸν
1917 3332 2376 3405 ὲπιμεμψάμενον
2416 3333 2477 3384 οὐ
2526 3331 2740 3404 μικρῶς
2763 3334 2930 3387 αὐτοῦ
2960 3332 3049 3388 διό.
3092 3352 3156 3404 γε
3201 3333 3263 3388 τὸ
3292 3335 3392 3404 τῆς
3435 3332 3693 3402 ἀστρολο-

424 3423 550 3491 γίας
586 3422 842 3493 μάθημα,
886 3426 983 3478 καὶ
1014 3424 1434 3494 φιλονεικοῦσαν
1465 3425 1525 3479 τὸ
1561 3424 1803 3477 τοιοῦτον
1836 3423 2104 3492 συστῆσαι
2152 3421 2383 3492 μάθημα
2412 3424 2671 3490 φυσικαῖς
2718 3425 2812 3475 καὶ
2842 3426 3143 3494 γραφικαῖς
3182 3422 3516 3489 ἀποδείξεσι.
3548 3421 3693 3476 Tum

423 3528 555 3567 vero
579 3511 728 3567 illius
759 3512 980 3567 initium
1011 3511 1164 3568 hisce
1188 3512 1376 3568 verbis
1413 3513 1724 3581 concipitur
1768 3529 1780 3565 :
1818 3510 1986 3581 Τολμί

2127 3511 2474 3580 εοςιιμνήσκω
2506 3509 2566 3561 τὸ
2616 3512 2951 3581 προγεγονὸς
2991 3512 3231 3583 γράμμα
3262 3513 3361 3581 τῆς
3410 3510 3690 3582 βασιλείας

427 3616 522 3652 σου
557 3601 651 3654 καὶ
690 3600 770 3664 είς
824 3601 984 3671 ἡμῶν
1029 3601 1132 3673 ἤδη
1187 3604 1375 3673 χεῖρας
1426 3599 1704 3669 ὲληλυθὲν.
1760 3600 1869 3653 Καὶ
1933 3602 1992 3653 ὲν
2041 3598 2281 3672 πρώτοις
2325 3598 2425 3669 μὲν
2459 3599 2733 3665 ἀναγνοὺς
2767 3600 2860 3652 καί
2907 3600 3363 3672 περιεπτυξάμην
3407 3598 3556 3667 αὐτῷ
3596 3600 3692 3651 καὶ

366 3704 384 3714 ί
425 3689 645 3759 θερμῶς
684 3690 1049 3760 κατεφίλησα.
1087 3690 1247 3754 Τίνος
1288 3689 1515 3756 ἓνεκενς
1560 3690 1688 3743 ’Ότι
1721 3690 1964 3759 παναγίᾳ
2013 3690 2090 3759 τῷ
2126 3688 2241 3742 ὄντι
2288 3690 2382 3742 καὶ
2430 3689 2678 3759 ἠρεμαίᾳ
2715 3692 2888 3759 φωνῇ,
2922 3688 3064 3742 κατὰ
3116 3690 3349 3760 μίμησιν
3397 3687 3561 3742 αὑτοῦ
3595 3685 3691 3740 τοῦ

428 3778 673 3840 εἰπόντος
704 3779 965 3850 Χριστοῦ,
989 3798 1007 3830 ι
1035 3778 1251 3833 Μὰθετε
1282 3779 1392 3833 ἀπ’
1416 3777 1572 3848 ἐμοῦ,
1609 3781 1690 3833 ὅτι
1715 3778 1887 3848 πρᾶός
1913 3779 2028 3845 εἰμι
2056 3778 2150 3829 καὶ
2178 3776 2431 3839 ταπεινὸς
2458 3778 2528 3847 τῇ
2558 3776 2776 3848 καρδία,
2818 3794 2836 3827 ι
2872 3778 3008 3847 πρὸς
3040 3776 3207 3830 αὑτὸν
3253 3777 3467 3830 ἐκεῖνον
3502 3774 3694 3844 ἐποιή-

430 3882 563 3918 σατο
587 3866 685 3935 τὴν
714 3867 1009 3937 ἀπόκρισιν
1031 3869 1123 3921 τὸν
1150 3868 1577 3937 ἀπερισκέπτως
1604 3866 1749 3919 οὕτω
1791 3867 1883 3920 τοῦ
1925 3864 2251 3933 οεοστεφοῦς
2299 3865 2726 3936 καταδοώμενον
2767 3867 3007 3937 κράτους
3049 3881 3169 3919 σου.
3212 3866 3368 3918 Μετὰ
3412 3864 3468 3916 δὲ
3517 3862 3693 3916 ταῦτα

426 3953 488 4006 τὺ
519 3954 761 4007 τοιοῦτον
789 3955 1028 4026 γράμμα
1055 3956 1348 4025 ἔϐαὖμακα
1374 3955 1519 4008 κατά
1558 3972 1622 4022 γε
1654 3954 1716 4007 τὸ
1758 3954 1961 4023 προσὸν
2002 3953 2152 4023 αὐτῷ
2193 3954 2303 4007 τῶν
2337 3954 2537 4020 λέξεων
2565 3956 2836 4024 στρυφνὸν
2872 3955 2966 4008 καὶ
3013 3951 3286 4025 εὔρυθμον
3338 3952 3434 4007 καὶ
3480 3950 3543 4004 τὸ
3578 3950 3692 4002 τῶν

426 4042 718 4111 νοημάτων
747 4042 884 4111 βαθὺ
913 4046 1010 4097 καὶ
1038 4044 1261 4098 πυκνόν.
1293 4039 1389 4106 Οἷς
1424 4043 1488 4114 δὴ
1516 4027 1778 4113 νοήμασι,
1810 4040 1904 4094 κα)⁸
1928 4041 2028 4094 οὐκ
2054 4034 2149 4093 οἶδ’
2180 4040 2347 4106 ὅπως,
2377 4041 2712 4111 περιπεσὼν,
2756 4038 3133 4111 χειροδοθῆναι
3167 4040 3274 4108 πρὸ
3297 4037 3392 4092 τοῦ
3420 4054 3691 4091 καταπνι-

424 4120 590 4198 τῆνιιι
615 4130 675 4182 το
712 4129 919 4195 τέλεον,
947 4141 1057 4186 etc.
1109 4131 1229 4186 Alia
1259 4148 1326 4186 ex
1361 4131 1553 4186 eadem
1591 4128 1822 4200 epistula
1867 4128 2232 4184 exscribimus
2274 4130 2328 4183 in
2376 4130 2533 4185 Notis
2552 4131 2617 4185 ad
2640 4142 2886 4185 nostrum
2910 4130 3203 4193 Zonaram,
3231 4128 3323 4183 ubi
3373 4127 3442 4183 de
3494 4126 3689 4184 Vectio

332 4238 337 4243 ε
424 4218 654 4274 Valente
685 4227 1031 4285 astronomo,
1058 4222 1152 4291 qui
1194 4222 1500 4292 imperante
1523 4219 1887 4276 Constantino
1933 4216 2127 4287 Magno
2160 4218 2318 4283 vixit,
2350 4218 2583 4289 agimus.
2623 4218 2738 4273 Sub
2774 4217 2935 4272 [illum
2968 4232 3097 4271 vero
3144 4216 3260 4270 lucc
3306 4215 3629 4272 subduntur
3671 4235 3684 4269 :

428 4307 696 4377 Ιῐείθομαι
726 4307 819 4361 οῦν
850 4311 1147 4377 καὶτοῦτο,
1179 4314 1443 4380 κράτιστε
1489 4308 1738 4380 βασιλεῦ,
1791 4308 1867 4372 ὼς
1893 4306 1999 4387 ρύκ
2038 4304 2104 4358 ἂν
2146 4310 2173 4360 6
2207 4308 2441 4377 μοναχὸς
2476 4308 2688 4370 ἐκεῖνος
2736 4305 3006 4359 παύσαιτό
3045 4320 3176 4356 ποτε
3210 4302 3541 4375 κατηγορῶν
3590 4304 3687 4357 τοῦ

430 4394 780 4467 μαθήματος,
817 4395 981 4468 εἴπερ
1014 4396 1480 4469 εὐπαράγραπτοί
1519 4398 1658 4451 εἰσιν
1686 4397 1779 4449 ἐπὶ
1803 4393 2057 4448 τοσοῦτον
2091 4395 2139 4447 οἱ
2175 4397 2308 4449 κατ’
2342 4393 2509 4449 αὑτοῦ
2541 4396 2985 4465 προσφερόμενοι
3011 4396 3313 4467 μάρτυρες.
3346 4393 3427 4448 Ad
3479 4393 3693 4448 calcem

424 4482 665 4553 denique
686 4484 895 4541 codicis
916 4484 1073 4556 Regii
1107 4486 1502 4542 describuntur
1523 4501 1719 4541 eorum
1759 4483 1981 4538 nomina
2019 4498 2255 4553 quarunt
2286 4482 2717 4537 auctoritatibus
2753 4498 2886 4537 usus
2911 4493 2996 4538 est
3027 4482 3389 4553 epistularum
3428 4481 3692 4550 scriptor,

427 4571 849 4642 Συγγρᾶιροντες
903 4576 996 4626 καὶ
1060 4575 1451 4647 συμμάρτυρες
1514 4573 1613 4644 τῆς
1691 4573 1875 4643 βίῦλου
1931 4574 2125 4634 αὐτοὶ,
2197 4570 2499 4641 Ιῗρηγόριος
2563 4571 2592 4622 6
2659 4570 2949 4638 θεολόγος,
3016 4572 3045 4623 ό
3104 4571 3278 4640 μέγας
3355 4569 3683 4632 Βασίλειος,

425 4660 726 4732 Γρηγόριος
776 4661 989 4732 Νύσης,
1053 4661 1303 4734 Ἰωάννης
1360 4665 1387 4715 6
1431 4662 1876 4734 Χρυσορρήμων,
1933 4663 1961 4714 6
2017 4660 2188 4731 μέγας
2239 4657 2584 4723 Ἀθανάσιος,
2621 4659 2651 4712 6
2705 4657 2998 4729 Κύριλλος,
3048 4662 3077 4712 6
3111 4658 3287 4728 μέγας
3339 4658 3687 4726 Ἑπιιράνιος,

440 4750 845 4813 ’Λναστάσιοςδ
875 4750 1163 4820 Συναϊτης,
1207 4750 1460 4820 Ἰωάννης
1494 4753 1523 4803 6
1553 4751 1941 4821 Δαμασκηνὸς,
1992 4748 2293 4819 Γρηγόριος
2338 4750 2366 4800 6
2404 4746 2673 4816 διάλογος,
2731 4746 2990 4816 Ἀνδρέας
3036 4747 3284 4818 Κρήτης,
3338 4745 3545 4816 Πέτρος
3589 4745 3689 4797 καὶ

428 4838 640 4901 Παῦλος
685 4841 733 4891 οἱ
782 4839 1090 4905 ἀπόστολοι,
1132 4840 1451 4909 -Νικηφόρος
1497 4840 1864 4910 πατριάρχης,
1928 4837 2027 4891 σὺν
2057 4833 2268 4896 τούτοις
2316 4837 2414 4888 καὶ
2469 4835 2677 4904 Μωσῆς
2708 4835 2803 4888 καὶ
2848 4834 3039 4899 Δαὸιδ,
3098 4835 3191 4887 καὶ
3240 4834 3325 4896 τίς
3368 4833 3399 4886 6
3434 4829 3689 4902 φωτίζων

426 4924 651 4987 τούτους
681 4927 777 4980 καὶ
806 4926 1018 4999 μάρτυς
1076 4927 1336 4999 ἀψευδὴς,
1394 4929 1456 4981 τὸ
1488 4927 1713 4996 Πνεῦμα
1735 4927 1795 4979 τὸ
1826 4927 1980 4994 ἆγιον

2144 4924 2294 4978 hisce
2327 4922 2580 4992 epistolis
2601 4923 2813 4992 aliquot
2849 4923 3025 4978 edidit
3073 4922 3458 4977 Bonaventura
3492 4919 3688 4974 Vulca-

428 5013 558 5067 nius
582 5013 637 5066 in
670 5014 816 5069 notis
849 5013 916 5068 ad
954 5013 1011 5070 S.
1043 5014 1309 5087 Cyrillum
1338 5028 1530 5072 contra
1568 5012 2189 5085 Anthropumorpbitas,
2232 5028 2298 5067 ex
2325 5012 2448 5066 cod.
2481 5028 2643 5082 quem
2681 5012 2949 5083 Georgius
2992 5013 3174 5067 Douza
3208 5011 3363 5081 Cpoli
3399 5011 3687 5077 attulerat,

431 5102 644 5157 recenti
698 5111 756 5157 et
799 5119 994 5173 parum
1048 5103 1156 5158 lida
1202 5120 1388 5168 manu,
1439 5114 1498 5158 ut
1545 5105 1661 5174 ipse
1706 5110 1963 5163 testatur,
2019 5102 2320 5170 exscripto,
2372 5101 2467 5169 qui
2522 5100 2750 5156 Joannis
2799 5102 3023 5156 Zonaraa
3079 5115 3279 5154 nomen
3336 5099 3685 5169 praeferebat.

430 5188 658 5246 Zonaras
693 5192 1049 5248 ascribuntur
1073 5203 1340 5263 praeterea
1372 5194 1488 5248 ista:
1519 5194 1765 5261 epistolae
1797 5191 1853 5245 in
1886 5190 2074 5244 lmlice
2104 5189 2377 5243 librorum
2399 5188 2716 5244 Graecorum
2739 5204 2804 5243 ex
2827 5189 2951 5244 cod.
2983 5204 3085 5244 ms.
3117 5189 3251 5258 Reg.
3283 5189 3447 5242 2815.
3481 5188 3685 5244 Verum

430 5278 657 5334 codices
691 5279 804 5334 duo
827 5279 1093 5345 Caesarei,
1119 5296 1260 5351 quos
1289 5280 1476 5335 laudat
1503 5279 1839 5333 Lambecius
1864 5276 2000 5348 (58),
2036 5291 2273 5345 quorum
2308 5276 2462 5345 prior
2488 5275 2574 5342 50,
2604 5277 2742 5331 alter
2773 5276 2841 5331 56
2861 5277 3124 5346 epistolas
3156 5277 3424 5341 continet,
3453 5275 3690 5329 Michae-

431 5367 545 5422 lcm
576 5365 798 5439 Glycam
824 5378 1111 5425 auctorem
1144 5368 1586 5439 pricferunt,hoc
1614 5367 1873 5420 lemmate
1899 5386 1912 5420 :
1947 5366 1991 5419 Τ

2127 5365 2409 5432 οιρωτάτου
2434 5365 2527 5417 καὶ
2555 5363 2888 5432 λογιωτάτου
2919 5363 3088 5435 κυροῦ
3121 5364 3341 5443 Μιχαὴλ
3380 5364 3475 5417 τοῦ
3508 5362 3690 5417 Γλυκᾱ

432 5455 515 5519 τίς
541 5456 640 5519 τὰς
668 5456 901 5527 ἀπορίας
931 5456 1035 5526 τῆς
1076 5456 1230 5520 θείας
1261 5448 1515 5527 Γραφῆςί
1542 5453 1868 5530 Laudantur
1889 5454 1995 5509 etia

2155 5453 2401 5509 Gesnero
2434 5455 2539 5509 sub
2593 5454 2819 5509 nomine
2848 5454 3048 5526 Glycze,
3087 5465 3144 5508 ut
3170 5464 3225 5508 et
3257 5453 3346 5507 ab'
3370 5452 3688 5508 Hmsclaelio

433 5559 500 5597 es
532 5543 667 5603 bibl.
706 5545 1029 5617 Augustana
1055 5544 1250 5601 eodem
1288 5543 1470 5610 titulo,
1506 5553 1561 5598 et
1585 5560 1615 5598 a
1651 5543 1858 5598 Iacobo
1893 5545 2160 5611 Pontano,
2187 5544 2281 5615 qui
2314 5547 2530 5615 priores
2560 5543 2698 5599 duas
2724 5542 2917 5599 Latine
2944 5541 3139 5600 edidit.
3177 5543 3281 5599 Sed
3310 5553 3363 5599 et
3387 5543 3452 5598 ad
3476 5546 3689 5598 calcem

504 5727 619 5798 (56)
654 5727 719 5784 γ.
760 5726 995 5782 Fabricii
1035 5726 1296 5784 Bibliotlt.
1322 5728 1413 5783 Gr.
1460 5728 1550 5784 ed.
1604 5726 1813 5793 llarles,
1842 5736 1877 5781 t.
1915 5724 2006 5793 XI,

1509 5728 1550 5784 l.
1604 5726 1813 5793 llarles,
1842 5736 1877 5781 t.
1915 5724 2006 5793 XI,
2195 5724 2307 5798 (56)
2334 5720 2460 5798 Lib.
2497 5740 2571 5792 tv,
2599 5724 2674 5798 de
2705 5724 2841 5778 Bibl.
2871 5722 3072 5798 (ἔτνεος.

430 5793 681 5871 r1222:
824 5869 881 5871 μ

2191 5797 2306 5871 (ᾗῖ)
2344 5794 2566 5871 Contra
2584 5794 2868 5866 Creygton,
2900 5811 2952 5865 p.
2990 5793 3113 5850 544.

505 5868 620 5943 (55)
652 5869 782 5940 Pag.
822 5869 949 5926 546.

2197 5868 2308 5939 (58)
2356 5866 2469 5923 Ρυι.
2505 5866 2595 5935 50,
2621 5881 2672 5920 ν.
