  <div class='ocr_page' id='page_1' title='image "/cluster/home/n/w/nwhite01/storage/ocr_20150623/134/hvd.32044019208289/020.png"; bbox 0 0 3984 6586; ppageno 0'>
   <div class='ocr_carea' id='block_1_1' title="bbox 246 409 1819 535">
    <p class='ocr_par' dir='ltr' id='par_1_1' title="bbox 246 409 1819 513">
     <span class='ocr_line' id='line_1_1' title="bbox 246 409 1819 513; baseline 0.007 -11"><span class='ocrx_word' id='word_1_1' title='bbox 246 437 325 502; x_wconf 81' lang='lat'><strong>25</strong></span> <span class='ocrx_word' id='word_1_2' title='bbox 1076 409 1087 424; x_wconf 84' lang='grc'><em>’</em></span> <span class='ocrx_word' id='word_1_3' title='bbox 1318 420 1321 423; x_wconf 65' lang='grc'><em>’</em></span> <span class='ocrx_word' id='word_1_4' title='bbox 1654 412 1819 513; x_wconf 64' lang='grc' dir='ltr'><strong>ΡΜ</strong></span> 
     </span>
    </p>
   </div>
   <div class='ocr_carea' id='block_1_2' title="bbox 1985 409 3558 535">
    <p class='ocr_par' dir='ltr' id='par_1_2' title="bbox 1985 457 3558 535">
     <span class='ocr_line' id='line_1_2' title="bbox 1985 457 3558 535; baseline 0.011 -18"><span class='ocrx_word' id='word_1_5' title='bbox 1985 457 2081 521; x_wconf 86' lang='grc' dir='ltr'><strong>[Ο.</strong></span> <span class='ocrx_word' id='word_1_6' title='bbox 3419 472 3495 535; x_wconf 73' lang='lat'><strong>26</strong></span> <span class='ocrx_word' id='word_1_7' title='bbox 3547 523 3558 534; x_wconf 92' lang='lat'><strong>.</strong></span> 
     </span>
    </p>
   </div>
   <div class='ocr_carea' id='block_1_3' title="bbox 245 554 1818 647">
    <p class='ocr_par' dir='ltr' id='par_1_3' title="bbox 245 554 1812 623">
     <span class='ocr_line' id='line_1_3' title="bbox 245 554 1812 623; baseline 0.006 -16"><span class='ocrx_word' id='word_1_8' title='bbox 245 554 451 607; x_wconf 82' lang='lat' dir='ltr'><strong>codicis</strong></span> <span class='ocrx_word' id='word_1_9' title='bbox 479 554 792 623; x_wconf 74' lang='lat' dir='ltr'><strong>posterioris</strong></span> <span class='ocrx_word' id='word_1_10' title='bbox 821 556 1056 613; x_wconf 60' lang='lat' dir='ltr'><strong>Czesarci</strong></span> <span class='ocrx_word' id='word_1_11' title='bbox 1090 560 1206 616; x_wconf 82' lang='lat' dir='ltr'><strong>haec</strong></span> <span class='ocrx_word' id='word_1_12' title='bbox 1257 562 1580 619; x_wconf 84' lang='lat' dir='ltr'><strong>scribuntur</strong></span> <span class='ocrx_word' id='word_1_13' title='bbox 1610 582 1625 619; x_wconf 87' lang='lat'><strong>:</strong></span> <span class='ocrx_word' id='word_1_14' title='bbox 1673 563 1812 617; x_wconf 82' lang='grc' dir='ltr'><strong>Τοῦτ</strong></span> 
     </span>
    </p>
   </div>
   <div class='ocr_carea' id='block_1_4' title="bbox 1920 554 3493 647">
    <p class='ocr_par' dir='ltr' id='par_1_4' title="bbox 1920 568 3493 647">
     <span class='ocr_line' id='line_1_4' title="bbox 1920 568 3493 647; baseline 0.015 -28"><span class='ocrx_word' id='word_1_15' title='bbox 1920 568 2104 621; x_wconf 71' lang='grc' dir='ltr'>ιιὸλῑον</span> <span class='ocrx_word' id='word_1_16' title='bbox 2130 571 2366 644; x_wconf 76' lang='grc' dir='ltr'><strong>ὑπάρχει</strong></span> <span class='ocrx_word' id='word_1_17' title='bbox 2391 575 2610 647; x_wconf 79' lang='grc' dir='ltr'><strong>Μιχαὴλ</strong></span> <span class='ocrx_word' id='word_1_18' title='bbox 2631 577 2726 632; x_wconf 81' lang='grc' dir='ltr'><strong>τοῦ</strong></span> <span class='ocrx_word' id='word_1_19' title='bbox 2760 580 2965 638; x_wconf 63' lang='lat' dir='ltr'><strong>Fluxa.</strong></span> <span class='ocrx_word' id='word_1_20' title='bbox 3006 584 3327 642; x_wconf 85' lang='lat' dir='ltr'><strong>Promiscue</strong></span> <span class='ocrx_word' id='word_1_21' title='bbox 3356 602 3493 643; x_wconf 84' lang='lat' dir='ltr'><strong>vero</strong></span> 
     </span>
    </p>
   </div>
   <div class='ocr_carea' id='block_1_5' title="bbox 244 642 3495 745">
    <p class='ocr_par' dir='ltr' id='par_1_5' title="bbox 244 642 3495 745">
     <span class='ocr_line' id='line_1_5' title="bbox 244 642 3495 745; baseline 0.011 -52"><span class='ocrx_word' id='word_1_22' title='bbox 244 642 414 696; x_wconf 73' lang='lat' dir='ltr'><strong>hasce</strong></span> <span class='ocrx_word' id='word_1_23' title='bbox 434 643 684 710; x_wconf 72' lang='lat' dir='ltr'><strong>epistolas</strong></span> <span class='ocrx_word' id='word_1_24' title='bbox 718 644 823 699; x_wconf 87' lang='lat' dir='ltr'><strong>sub</strong></span> <span class='ocrx_word' id='word_1_25' title='bbox 859 649 1084 704; x_wconf 87' lang='lat' dir='ltr'><strong>nomine</strong></span> <span class='ocrx_word' id='word_1_26' title='bbox 1114 650 1341 706; x_wconf 72' lang='lat' dir='ltr'><strong>Zonaraa</strong></span> <span class='ocrx_word' id='word_1_27' title='bbox 1382 655 1498 711; x_wconf 86' lang='lat' dir='ltr'><strong>sive</strong></span> <span class='ocrx_word' id='word_1_28' title='bbox 1539 652 1721 726; x_wconf 69' lang='lat' dir='ltr'><strong>Glyca:</strong></span> <span class='ocrx_word' id='word_1_29' title='bbox 1755 669 1973 723; x_wconf 81' lang='lat' dir='ltr'><strong>semper</strong></span> <span class='ocrx_word' id='word_1_30' title='bbox 2006 656 2196 713; x_wconf 86' lang='lat' dir='ltr'><strong>laudat</strong></span> <span class='ocrx_word' id='word_1_31' title='bbox 2229 642 2504 725; x_wconf 48' lang='lat' dir='ltr'><strong>Allatius,</strong></span> <span class='ocrx_word' id='word_1_32' title='bbox 2543 642 2644 719; x_wconf 84' lang='lat' dir='ltr'><strong>lib.</strong></span> <span class='ocrx_word' id='word_1_33' title='bbox 2703 681 2739 721; x_wconf 87' lang='lat' dir='ltr'><strong>ll</strong></span> <span class='ocrx_word' id='word_1_34' title='bbox 2793 668 2869 722; x_wconf 88' lang='lat' dir='ltr'><strong>De</strong></span> <span class='ocrx_word' id='word_1_35' title='bbox 2912 686 3168 726; x_wconf 85' lang='lat' dir='ltr'><strong>consensu</strong></span> <span class='ocrx_word' id='word_1_36' title='bbox 3213 675 3495 745; x_wconf 82' lang='lat' dir='ltr'><strong>utriusque</strong></span> 
     </span>
    </p>
   </div>
   <div class='ocr_carea' id='block_1_6' title="bbox 246 727 3485 831">
    <p class='ocr_par' dir='ltr' id='par_1_6' title="bbox 246 727 3485 831">
     <span class='ocr_line' id='line_1_6' title="bbox 246 727 3485 831; baseline 0.012 -52"><span class='ocrx_word' id='word_1_37' title='bbox 246 727 508 831; x_wconf 53' lang='lat' dir='ltr'><strong>fit-desire,</strong></span> <span class='ocrx_word' id='word_1_38' title='bbox 542 747 659 802; x_wconf 80' lang='lat' dir='ltr'><strong>cap.</strong></span> <span class='ocrx_word' id='word_1_39' title='bbox 696 733 787 800; x_wconf 76' lang='lat'><strong>18,</strong></span> <span class='ocrx_word' id='word_1_40' title='bbox 821 752 878 789; x_wconf 92' lang='lat' dir='ltr'><strong>n.</strong></span> <span class='ocrx_word' id='word_1_41' title='bbox 910 737 1011 805; x_wconf 75' lang='lat' dir='ltr'><strong>i7;</strong></span> <span class='ocrx_word' id='word_1_42' title='bbox 1038 738 1133 793; x_wconf 91' lang='lat' dir='ltr'><strong>lib.</strong></span> <span class='ocrx_word' id='word_1_43' title='bbox 1170 753 1251 803; x_wconf 88' lang='lat' dir='ltr'><strong>tu,</strong></span> <span class='ocrx_word' id='word_1_44' title='bbox 1277 754 1399 811; x_wconf 88' lang='lat' dir='ltr'><strong>cap.</strong></span> <span class='ocrx_word' id='word_1_45' title='bbox 1431 741 1519 804; x_wconf 83' lang='lat' dir='ltr'><strong>l5,</strong></span> <span class='ocrx_word' id='word_1_46' title='bbox 1545 757 1602 796; x_wconf 93' lang='lat' dir='ltr'><strong>n.</strong></span> <span class='ocrx_word' id='word_1_47' title='bbox 1637 741 1690 806; x_wconf 89' lang='lat'><strong>8,</strong></span> <span class='ocrx_word' id='word_1_48' title='bbox 1718 756 1839 812; x_wconf 86' lang='lat' dir='ltr'><strong>cap.</strong></span> <span class='ocrx_word' id='word_1_49' title='bbox 1873 742 1960 806; x_wconf 81' lang='grc'><strong>16,</strong></span> <span class='ocrx_word' id='word_1_50' title='bbox 1989 759 2024 831; x_wconf 88' lang='lat' dir='ltr'><strong>n</strong></span> <span class='ocrx_word' id='word_1_51' title='bbox 2072 745 2162 813; x_wconf 75' lang='lat'><strong>24;</strong></span> <span class='ocrx_word' id='word_1_52' title='bbox 2200 762 2323 818; x_wconf 90' lang='lat' dir='ltr'><strong>cap.</strong></span> <span class='ocrx_word' id='word_1_53' title='bbox 2356 751 2447 813; x_wconf 77' lang='grc'><strong>18,</strong></span> <span class='ocrx_word' id='word_1_54' title='bbox 2474 768 2530 807; x_wconf 92' lang='lat' dir='ltr'><strong>n.</strong></span> <span class='ocrx_word' id='word_1_55' title='bbox 2564 753 2620 815; x_wconf 91' lang='lat'><strong>8,</strong></span> <span class='ocrx_word' id='word_1_56' title='bbox 2656 762 2714 810; x_wconf 92' lang='lat' dir='ltr'><strong>et</strong></span> <span class='ocrx_word' id='word_1_57' title='bbox 2733 767 2927 812; x_wconf 88' lang='lat' dir='ltr'><strong>contra</strong></span> <span class='ocrx_word' id='word_1_58' title='bbox 2951 757 3312 831; x_wconf 80' lang='lat' dir='ltr'><strong>Creygtonem</strong></span> <span class='ocrx_word' id='word_1_59' title='bbox 3353 727 3485 831; x_wconf 58' lang='lat' dir='ltr'><strong>(5b).</strong></span> 
     </span>
    </p>
   </div>
   <div class='ocr_carea' id='block_1_7' title="bbox 240 814 3488 919">
    <p class='ocr_par' dir='ltr' id='par_1_7' title="bbox 240 814 3488 919">
     <span class='ocr_line' id='line_1_7' title="bbox 240 814 3488 919; baseline 0.011 -50"><span class='ocrx_word' id='word_1_60' title='bbox 240 814 301 870; x_wconf 87' lang='lat' dir='ltr'><strong>In</strong></span> <span class='ocrx_word' id='word_1_61' title='bbox 344 819 536 887; x_wconf 80' lang='lat' dir='ltr'><strong>quibus</strong></span> <span class='ocrx_word' id='word_1_62' title='bbox 576 822 801 891; x_wconf 83' lang='lat' dir='ltr'><strong>quidem</strong></span> <span class='ocrx_word' id='word_1_63' title='bbox 842 824 981 880; x_wconf 90' lang='lat' dir='ltr'><strong>locis</strong></span> <span class='ocrx_word' id='word_1_64' title='bbox 1014 826 1277 896; x_wconf 88' lang='lat' dir='ltr'><strong>quasdam</strong></span> <span class='ocrx_word' id='word_1_65' title='bbox 1318 844 1385 885; x_wconf 81' lang='lat' dir='ltr'><strong>ex</strong></span> <span class='ocrx_word' id='word_1_66' title='bbox 1429 829 1497 884; x_wconf 79' lang='lat' dir='ltr'><strong>iis</strong></span> <span class='ocrx_word' id='word_1_67' title='bbox 1555 831 1797 900; x_wconf 81' lang='lat' dir='ltr'><strong>integras</strong></span> <span class='ocrx_word' id='word_1_68' title='bbox 1828 830 2139 901; x_wconf 75' lang='lat' dir='ltr'><strong>exscripsit,</strong></span> <span class='ocrx_word' id='word_1_69' title='bbox 2183 814 2283 890; x_wconf 41' lang='lat' dir='ltr'><strong>ita-</strong></span> <span class='ocrx_word' id='word_1_70' title='bbox 2311 845 2394 900; x_wconf 93' lang='lat' dir='ltr'><strong>ut,</strong></span> <span class='ocrx_word' id='word_1_71' title='bbox 2431 853 2557 893; x_wconf 91' lang='lat' dir='ltr'><strong>cum</strong></span> <span class='ocrx_word' id='word_1_72' title='bbox 2603 814 2901 909; x_wconf 84' lang='lat' dir='ltr'><strong>scribebat,</strong></span> <span class='ocrx_word' id='word_1_73' title='bbox 2944 814 3488 919; x_wconf 40' lang='lat' dir='ltr'><strong>cujtis’esseut‘no’n</strong></span> 
     </span>
    </p>
   </div>
   <div class='ocr_carea' id='block_1_8' title="bbox 239 906 3489 996">
    <p class='ocr_par' dir='ltr' id='par_1_8' title="bbox 239 906 3489 996">
     <span class='ocr_line' id='line_1_8' title="bbox 239 906 3489 996; baseline 0.013 -41"><span class='ocrx_word' id='word_1_74' title='bbox 239 906 465 959; x_wconf 82' lang='lat' dir='ltr'><strong>omnino</strong></span> <span class='ocrx_word' id='word_1_75' title='bbox 496 908 593 975; x_wconf 88' lang='lat' dir='ltr'><strong>ipsi</strong></span> <span class='ocrx_word' id='word_1_76' title='bbox 634 925 735 978; x_wconf 90' lang='lat' dir='ltr'><strong>pro</strong></span> <span class='ocrx_word' id='word_1_77' title='bbox 764 910 1076 967; x_wconf 85' lang='lat' dir='ltr'><strong>indubitato</strong></span> <span class='ocrx_word' id='word_1_78' title='bbox 1108 913 1434 970; x_wconf 77' lang='lat' dir='ltr'><strong>haberetur.</strong></span> <span class='ocrx_word' id='word_1_79' title='bbox 1461 916 1517 971; x_wconf 82' lang='lat' dir='ltr'><strong>ll</strong></span> <span class='ocrx_word' id='word_1_80' title='bbox 1548 916 1814 972; x_wconf 83' lang='lat' dir='ltr'><strong>duntaxat</strong></span> <span class='ocrx_word' id='word_1_81' title='bbox 1843 932 2078 988; x_wconf 87' lang='lat' dir='ltr'><strong>constat,</strong></span> <span class='ocrx_word' id='word_1_82' title='bbox 2119 924 2313 982; x_wconf 87' lang='lat' dir='ltr'><strong>barum</strong></span> <span class='ocrx_word' id='word_1_83' title='bbox 2346 938 2629 986; x_wconf 87' lang='lat' dir='ltr'><strong>auctorem</strong></span> <span class='ocrx_word' id='word_1_84' title='bbox 2656 934 2859 991; x_wconf 83' lang='lat' dir='ltr'><strong>vixisse</strong></span> <span class='ocrx_word' id='word_1_85' title='bbox 2886 906 2990 992; x_wconf 83' lang='lat' dir='ltr'><strong>sub</strong></span> <span class='ocrx_word' id='word_1_86' title='bbox 3013 906 3280 995; x_wconf 48' lang='lat' dir='ltr'><strong>&#39;Manuele</strong></span> <span class='ocrx_word' id='word_1_87' title='bbox 3321 940 3489 996; x_wconf 87' lang='lat' dir='ltr'><strong>Com-</strong></span> 
     </span>
    </p>
   </div>
   <div class='ocr_carea' id='block_1_9' title="bbox 239 998 3489 1099">
    <p class='ocr_par' dir='ltr' id='par_1_9' title="bbox 239 998 3489 1099">
     <span class='ocr_line' id='line_1_9' title="bbox 239 998 3489 1099; baseline 0.012 -54"><span class='ocrx_word' id='word_1_88' title='bbox 239 1007 406 1091; x_wconf 72' lang='lat' dir='ltr'><strong>neno.</strong></span> <span class='ocrx_word' id='word_1_89' title='bbox 437 1002 543 1048; x_wconf 87' lang='lat' dir='ltr'><strong>tum</strong></span> <span class='ocrx_word' id='word_1_90' title='bbox 575 1012 639 1050; x_wconf 77' lang='lat' dir='ltr'><strong>ex</strong></span> <span class='ocrx_word' id='word_1_91' title='bbox 670 998 1127 1072; x_wconf 83' lang='lat' dir='ltr'><strong>Antapologetico</strong></span> <span class='ocrx_word' id='word_1_92' title='bbox 1155 1005 1315 1071; x_wconf 85' lang='lat' dir='ltr'><strong>cujus</strong></span> <span class='ocrx_word' id='word_1_93' title='bbox 1364 1005 1736 1070; x_wconf 85' lang='lat' dir='ltr'><strong>meminimus,</strong></span> <span class='ocrx_word' id='word_1_94' title='bbox 1780 1016 1894 1063; x_wconf 91' lang='lat' dir='ltr'><strong>tum</strong></span> <span class='ocrx_word' id='word_1_95' title='bbox 1938 1024 2005 1064; x_wconf 77' lang='lat' dir='ltr'><strong>et</strong></span> <span class='ocrx_word' id='word_1_96' title='bbox 2036 1012 2170 1066; x_wconf 86' lang='lat' dir='ltr'><strong>viris</strong></span> <span class='ocrx_word' id='word_1_97' title='bbox 2201 1016 2483 1083; x_wconf 87' lang='lat' dir='ltr'><strong>primariis</strong></span> <span class='ocrx_word' id='word_1_98' title='bbox 2529 1020 2670 1075; x_wconf 69' lang='lat' dir='ltr'><strong>aula:</strong></span> <span class='ocrx_word' id='word_1_99' title='bbox 2696 1020 3005 1093; x_wconf 78' lang='lat' dir='ltr'><strong>Cpolitanze</strong></span> <span class='ocrx_word' id='word_1_100' title='bbox 3035 1026 3240 1097; x_wconf 84' lang='lat' dir='ltr'><strong>quibus</strong></span> <span class='ocrx_word' id='word_1_101' title='bbox 3277 1029 3489 1099; x_wconf 84' lang='lat' dir='ltr'><strong>aliquot</strong></span> 
     </span>
    </p>
   </div>
   <div class='ocr_carea' id='block_1_10' title="bbox 238 1078 3489 1183">
    <p class='ocr_par' dir='ltr' id='par_1_10' title="bbox 238 1078 3489 1183">
     <span class='ocr_line' id='line_1_10' title="bbox 238 1078 3489 1183; baseline 0.012 -52"><span class='ocrx_word' id='word_1_102' title='bbox 238 1078 628 1145; x_wconf 85' lang='lat' dir='ltr'><strong>inscribuntur.</strong></span> <span class='ocrx_word' id='word_1_103' title='bbox 660 1092 826 1154; x_wconf 73' lang='lat' dir='ltr'><strong>atqtte</strong></span> <span class='ocrx_word' id='word_1_104' title='bbox 860 1086 914 1141; x_wconf 91' lang='lat' dir='ltr'><strong>in</strong></span> <span class='ocrx_word' id='word_1_105' title='bbox 946 1089 1014 1142; x_wconf 88' lang='lat' dir='ltr'><strong>iis</strong></span> <span class='ocrx_word' id='word_1_106' title='bbox 1050 1087 1261 1145; x_wconf 81' lang='lat' dir='ltr'><strong>Joanne</strong></span> <span class='ocrx_word' id='word_1_107' title='bbox 1294 1091 1443 1146; x_wconf 86' lang='lat' dir='ltr'><strong>Duca</strong></span> <span class='ocrx_word' id='word_1_108' title='bbox 1478 1108 1673 1164; x_wconf 82' lang='lat' dir='ltr'><strong>magno</strong></span> <span class='ocrx_word' id='word_1_109' title='bbox 1699 1094 2060 1154; x_wconf 63' lang='lat' dir='ltr'><strong>hetmriarcba</strong></span> <span class='ocrx_word' id='word_1_110' title='bbox 2085 1109 2142 1154; x_wconf 91' lang='lat' dir='ltr'><strong>et</strong></span> <span class='ocrx_word' id='word_1_111' title='bbox 2164 1078 2404 1165; x_wconf 78' lang='lat' dir='ltr'><strong>Sebasto.</strong></span> <span class='ocrx_word' id='word_1_112' title='bbox 2434 1106 2593 1177; x_wconf 84' lang='lat' dir='ltr'><strong>cujus</strong></span> <span class='ocrx_word' id='word_1_113' title='bbox 2632 1078 2759 1178; x_wconf 48' lang='lat' dir='ltr'><strong>pra;</strong></span> <span class='ocrx_word' id='word_1_114' title='bbox 2794 1113 3028 1179; x_wconf 66' lang='lat' dir='ltr'><strong>caeteris,</strong></span> <span class='ocrx_word' id='word_1_115' title='bbox 3050 1078 3126 1169; x_wconf 77' lang='grc' dir='ltr'><strong>ιιιι</strong></span> <span class='ocrx_word' id='word_1_116' title='bbox 3167 1115 3308 1169; x_wconf 88' lang='lat' dir='ltr'><strong>alios</strong></span> <span class='ocrx_word' id='word_1_117' title='bbox 3351 1078 3489 1183; x_wconf 57' lang='lat' dir='ltr'><strong>pra:-</strong></span> 
     </span>
    </p>
   </div>
   <div class='ocr_carea' id='block_1_11' title="bbox 236 1172 3488 1267">
    <p class='ocr_par' dir='ltr' id='par_1_11' title="bbox 236 1172 3488 1267">
     <span class='ocr_line' id='line_1_11' title="bbox 236 1172 3488 1267; baseline 0.012 -46"><span class='ocrx_word' id='word_1_118' title='bbox 236 1177 461 1234; x_wconf 67' lang='lat' dir='ltr'><strong>teream,</strong></span> <span class='ocrx_word' id='word_1_119' title='bbox 492 1172 700 1267; x_wconf 81' lang='lat' dir='ltr'><strong>mentio</strong></span> <span class='ocrx_word' id='word_1_120' title='bbox 724 1175 966 1230; x_wconf 87' lang='lat' dir='ltr'><strong>occurrit</strong></span> <span class='ocrx_word' id='word_1_121' title='bbox 991 1178 1134 1247; x_wconf 85' lang='lat' dir='ltr'><strong>apud</strong></span> <span class='ocrx_word' id='word_1_122' title='bbox 1170 1179 1419 1236; x_wconf 87' lang='lat' dir='ltr'><strong>Nicetam</strong></span> <span class='ocrx_word' id='word_1_123' title='bbox 1451 1182 1584 1253; x_wconf 78' lang='grc'><strong>(40),</strong></span> <span class='ocrx_word' id='word_1_124' title='bbox 1611 1191 1666 1238; x_wconf 89' lang='lat' dir='ltr'><strong>et</strong></span> <span class='ocrx_word' id='word_1_125' title='bbox 1699 1185 1947 1243; x_wconf 85' lang='lat' dir='ltr'><strong>Manuele</strong></span> <span class='ocrx_word' id='word_1_126' title='bbox 1978 1186 2264 1246; x_wconf 83' lang='lat' dir='ltr'><strong>Comneno</strong></span> <span class='ocrx_word' id='word_1_127' title='bbox 2289 1172 2747 1263; x_wconf 39' lang='lat' dir='ltr'><strong>sebasto&#39;cratore,</strong></span> <span class='ocrx_word' id='word_1_128' title='bbox 2772 1198 2869 1267; x_wconf 90' lang='lat' dir='ltr'><strong>qui</strong></span> <span class='ocrx_word' id='word_1_129' title='bbox 2899 1172 3179 1259; x_wconf 41' lang='lat' dir='ltr'><strong>non&#39;alius</strong></span> <span class='ocrx_word' id='word_1_130' title='bbox 3208 1212 3294 1259; x_wconf 91' lang='lat' dir='ltr'><strong>est</strong></span> <span class='ocrx_word' id='word_1_131' title='bbox 3321 1172 3390 1259; x_wconf 79' lang='lat' dir='ltr'><strong>ab</strong></span> <span class='ocrx_word' id='word_1_132' title='bbox 3420 1219 3488 1260; x_wconf 90' lang='lat' dir='ltr'><strong>eo</strong></span> 
     </span>
    </p>
   </div>
   <div class='ocr_carea' id='block_1_12' title="bbox 234 1257 1399 1338">
    <p class='ocr_par' dir='ltr' id='par_1_12' title="bbox 234 1257 1399 1338">
     <span class='ocr_line' id='line_1_12' title="bbox 234 1257 1399 1338; baseline 0.013 -31"><span class='ocrx_word' id='word_1_133' title='bbox 234 1258 394 1324; x_wconf 85' lang='lat' dir='ltr'><strong>cujus</strong></span> <span class='ocrx_word' id='word_1_134' title='bbox 420 1257 623 1326; x_wconf 82' lang='lat' dir='ltr'><strong>pariter</strong></span> <span class='ocrx_word' id='word_1_135' title='bbox 653 1262 907 1318; x_wconf 82' lang='lat' dir='ltr'><strong>meminit</strong></span> <span class='ocrx_word' id='word_1_136' title='bbox 934 1262 1236 1322; x_wconf 86' lang='lat' dir='ltr'><strong>Cinnamus</strong></span> <span class='ocrx_word' id='word_1_137' title='bbox 1263 1267 1399 1338; x_wconf 73' lang='grc'><strong>(41).</strong></span> 
     </span>
    </p>
   </div>
   <div class='ocr_carea' id='block_1_13' title="bbox 299 1341 3483 1450">
    <p class='ocr_par' dir='ltr' id='par_1_13' title="bbox 299 1341 3483 1450">
     <span class='ocr_line' id='line_1_13' title="bbox 299 1341 3483 1450; baseline 0.013 -55"><span class='ocrx_word' id='word_1_138' title='bbox 299 1341 524 1410; x_wconf 91' lang='lat' dir='ltr'><strong>Quando</strong></span> <span class='ocrx_word' id='word_1_139' title='bbox 553 1362 686 1401; x_wconf 82' lang='lat' dir='ltr'><strong>vero</strong></span> <span class='ocrx_word' id='word_1_140' title='bbox 711 1349 906 1420; x_wconf 78' lang='lat' dir='ltr'><strong>Glycas</strong></span> <span class='ocrx_word' id='word_1_141' title='bbox 938 1354 1157 1415; x_wconf 80' lang='lat' dir='ltr'><strong>vixerit,</strong></span> <span class='ocrx_word' id='word_1_142' title='bbox 1186 1371 1252 1410; x_wconf 83' lang='lat' dir='ltr'><strong>ex</strong></span> <span class='ocrx_word' id='word_1_143' title='bbox 1285 1356 1435 1412; x_wconf 86' lang='lat' dir='ltr'><strong>illius</strong></span> <span class='ocrx_word' id='word_1_144' title='bbox 1454 1359 1697 1415; x_wconf 82' lang='lat' dir='ltr'><strong>Historia</strong></span> <span class='ocrx_word' id='word_1_145' title='bbox 1733 1377 1841 1417; x_wconf 92' lang='lat' dir='ltr'><strong>non</strong></span> <span class='ocrx_word' id='word_1_146' title='bbox 1875 1373 2190 1436; x_wconf 90' lang='lat' dir='ltr'><strong>promptum</strong></span> <span class='ocrx_word' id='word_1_147' title='bbox 2226 1379 2311 1425; x_wconf 93' lang='lat' dir='ltr'><strong>est</strong></span> <span class='ocrx_word' id='word_1_148' title='bbox 2337 1371 2557 1442; x_wconf 85' lang='lat' dir='ltr'><strong>assequi</strong></span> <span class='ocrx_word' id='word_1_149' title='bbox 2602 1391 2616 1427; x_wconf 89' lang='lat'><strong>:</strong></span> <span class='ocrx_word' id='word_1_150' title='bbox 2651 1375 2869 1430; x_wconf 86' lang='lat' dir='ltr'><strong>tametsi</strong></span> <span class='ocrx_word' id='word_1_151' title='bbox 2915 1376 3131 1434; x_wconf 88' lang='lat' dir='ltr'><strong>Zonara</strong></span> <span class='ocrx_word' id='word_1_152' title='bbox 3199 1379 3483 1450; x_wconf 87' lang='lat' dir='ltr'><strong>posterio-</strong></span> 
     </span>
    </p>
   </div>
   <div class='ocr_carea' id='block_1_14' title="bbox 233 1433 3481 1536">
    <p class='ocr_par' dir='ltr' id='par_1_14' title="bbox 233 1433 3481 1536">
     <span class='ocr_line' id='line_1_14' title="bbox 233 1433 3481 1536; baseline 0.011 -52"><span class='ocrx_word' id='word_1_153' title='bbox 381 1433 563 1498; x_wconf 87' lang='lat' dir='ltr'><strong>tuisse,</strong></span> <span class='ocrx_word' id='word_1_154' title='bbox 592 1437 678 1492; x_wconf 84' lang='lat' dir='ltr'><strong>vel</strong></span> <span class='ocrx_word' id='word_1_155' title='bbox 706 1449 860 1493; x_wconf 86' lang='lat' dir='ltr'><strong>certo</strong></span> <span class='ocrx_word' id='word_1_156' title='bbox 899 1453 1022 1511; x_wconf 89' lang='lat' dir='ltr'><strong>post</strong></span> <span class='ocrx_word' id='word_1_157' title='bbox 1044 1442 1312 1500; x_wconf 89' lang='lat' dir='ltr'><strong>Zonaram</strong></span> <span class='ocrx_word' id='word_1_158' title='bbox 1346 1448 1657 1518; x_wconf 89' lang='lat' dir='ltr'><strong>scripsisse,</strong></span> <span class='ocrx_word' id='word_1_159' title='bbox 1677 1465 1744 1506; x_wconf 80' lang='lat' dir='ltr'><strong>ex</strong></span> <span class='ocrx_word' id='word_1_160' title='bbox 1766 1466 1833 1507; x_wconf 93' lang='lat' dir='ltr'><strong>eo</strong></span> <span class='ocrx_word' id='word_1_161' title='bbox 1855 1433 2165 1522; x_wconf 74' lang='lat' dir='ltr'><strong>colligimus</strong></span> <span class='ocrx_word' id='word_1_162' title='bbox 2182 1456 2327 1525; x_wconf 92' lang='lat' dir='ltr'><strong>quod</strong></span> <span class='ocrx_word' id='word_1_163' title='bbox 2353 1433 2504 1513; x_wconf 78' lang='lat' dir='ltr'><strong>illius</strong></span> <span class='ocrx_word' id='word_1_164' title='bbox 2531 1460 2774 1515; x_wconf 83' lang='lat' dir='ltr'><strong>Annales</strong></span> <span class='ocrx_word' id='word_1_165' title='bbox 2804 1477 2913 1517; x_wconf 90' lang='lat' dir='ltr'><strong>non</strong></span> <span class='ocrx_word' id='word_1_166' title='bbox 2938 1466 3111 1520; x_wconf 87' lang='lat' dir='ltr'><strong>semel</strong></span> <span class='ocrx_word' id='word_1_167' title='bbox 3134 1433 3325 1521; x_wconf 72' lang='lat' dir='ltr'><strong>laudet</strong></span> <span class='ocrx_word' id='word_1_168' title='bbox 3345 1468 3481 1536; x_wconf 69' lang='grc' dir='ltr'><strong>με).</strong></span> 
     </span>
    </p>
   </div>
   <div class='ocr_carea' id='block_1_15' title="bbox 232 1518 3486 1616">
    <p class='ocr_par' dir='ltr' id='par_1_15' title="bbox 232 1518 3486 1616">
     <span class='ocr_line' id='line_1_15' title="bbox 232 1518 3486 1616; baseline 0.012 -44"><span class='ocrx_word' id='word_1_169' title='bbox 232 1518 387 1616; x_wconf 66' lang='lat' dir='ltr'><strong>llnde</strong></span> <span class='ocrx_word' id='word_1_170' title='bbox 415 1522 506 1576; x_wconf 93' lang='lat' dir='ltr'><strong>illo</strong></span> <span class='ocrx_word' id='word_1_171' title='bbox 530 1525 707 1579; x_wconf 89' lang='lat' dir='ltr'><strong>multo</strong></span> <span class='ocrx_word' id='word_1_172' title='bbox 734 1543 858 1584; x_wconf 90' lang='lat' dir='ltr'><strong>esse</strong></span> <span class='ocrx_word' id='word_1_173' title='bbox 894 1533 1257 1600; x_wconf 86' lang='lat' dir='ltr'><strong>posteriorem</strong></span> <span class='ocrx_word' id='word_1_174' title='bbox 1285 1550 1395 1589; x_wconf 90' lang='lat' dir='ltr'><strong>non</strong></span> <span class='ocrx_word' id='word_1_175' title='bbox 1422 1535 1626 1592; x_wconf 88' lang='lat' dir='ltr'><strong>desunt</strong></span> <span class='ocrx_word' id='word_1_176' title='bbox 1654 1539 1748 1609; x_wconf 89' lang='lat' dir='ltr'><strong>qui</strong></span> <span class='ocrx_word' id='word_1_177' title='bbox 1773 1541 2097 1611; x_wconf 84' lang='lat' dir='ltr'><strong>conjiciunt.</strong></span> <span class='ocrx_word' id='word_1_178' title='bbox 2117 1544 2307 1615; x_wconf 81' lang='lat' dir='ltr'><strong>Neque</strong></span> <span class='ocrx_word' id='word_1_179' title='bbox 2340 1547 2572 1616; x_wconf 85' lang='lat' dir='ltr'><strong>perinde</strong></span> <span class='ocrx_word' id='word_1_180' title='bbox 2601 1563 2668 1603; x_wconf 81' lang='lat' dir='ltr'><strong>ex</strong></span> <span class='ocrx_word' id='word_1_181' title='bbox 2718 1549 3050 1613; x_wconf 84' lang='lat' dir='ltr'><strong>Annalibus.</strong></span> <span class='ocrx_word' id='word_1_182' title='bbox 3100 1554 3187 1608; x_wconf 87' lang='lat' dir='ltr'><strong>vel</strong></span> <span class='ocrx_word' id='word_1_183' title='bbox 3237 1570 3305 1610; x_wconf 81' lang='lat' dir='ltr'><strong>ex</strong></span> <span class='ocrx_word' id='word_1_184' title='bbox 3348 1518 3486 1611; x_wconf 55' lang='lat' dir='ltr'><strong>‘aliis</strong></span> 
     </span>
    </p>
   </div>
   <div class='ocr_carea' id='block_1_16' title="bbox 229 1606 3487 1711">
    <p class='ocr_par' dir='ltr' id='par_1_16' title="bbox 229 1606 3487 1711">
     <span class='ocr_line' id='line_1_16' title="bbox 229 1606 3487 1711; baseline 0.011 -51"><span class='ocrx_word' id='word_1_185' title='bbox 229 1606 493 1711; x_wconf 64' lang='lat' dir='ltr'><strong>hactenus</strong></span> <span class='ocrx_word' id='word_1_186' title='bbox 514 1613 682 1669; x_wconf 89' lang='lat' dir='ltr'><strong>editis</strong></span> <span class='ocrx_word' id='word_1_187' title='bbox 710 1618 999 1687; x_wconf 84' lang='lat' dir='ltr'><strong>operibus,</strong></span> <span class='ocrx_word' id='word_1_188' title='bbox 1026 1621 1254 1678; x_wconf 82' lang='lat' dir='ltr'><strong>Joannis</strong></span> <span class='ocrx_word' id='word_1_189' title='bbox 1278 1624 1508 1680; x_wconf 65' lang='lat' dir='ltr'><strong>Zonaraa</strong></span> <span class='ocrx_word' id='word_1_190' title='bbox 1524 1606 1740 1683; x_wconf 67' lang='lat' dir='ltr'><strong>aetatem</strong></span> <span class='ocrx_word' id='word_1_191' title='bbox 1760 1606 1917 1699; x_wconf 74' lang='lat' dir='ltr'><strong>plane</strong></span> <span class='ocrx_word' id='word_1_192' title='bbox 1958 1606 2458 1700; x_wconf 77' lang='lat' dir='ltr'><strong>deprehendimus,</strong></span> <span class='ocrx_word' id='word_1_193' title='bbox 2486 1635 2591 1690; x_wconf 87' lang='lat' dir='ltr'><strong>nisi</strong></span> <span class='ocrx_word' id='word_1_194' title='bbox 2621 1638 2766 1705; x_wconf 90' lang='lat' dir='ltr'><strong>quod</strong></span> <span class='ocrx_word' id='word_1_195' title='bbox 2795 1648 2920 1708; x_wconf 89' lang='lat' dir='ltr'><strong>post</strong></span> <span class='ocrx_word' id='word_1_196' title='bbox 2983 1606 3278 1711; x_wconf 78' lang='lat' dir='ltr'><strong>imperium</strong></span> <span class='ocrx_word' id='word_1_197' title='bbox 3319 1643 3487 1700; x_wconf 83' lang='lat' dir='ltr'><strong>Joan-</strong></span> 
     </span>
    </p>
   </div>
   <div class='ocr_carea' id='block_1_17' title="bbox 229 1695 3476 1800">
    <p class='ocr_par' dir='ltr' id='par_1_17' title="bbox 229 1695 3476 1800">
     <span class='ocr_line' id='line_1_17' title="bbox 229 1695 3476 1800; baseline 0.011 -51"><span class='ocrx_word' id='word_1_198' title='bbox 229 1696 316 1751; x_wconf 90' lang='lat' dir='ltr'><strong>nis</strong></span> <span class='ocrx_word' id='word_1_199' title='bbox 340 1695 607 1756; x_wconf 88' lang='lat' dir='ltr'><strong>Comneni</strong></span> <span class='ocrx_word' id='word_1_200' title='bbox 628 1705 1161 1775; x_wconf 81' lang='lat' dir='ltr'><strong>vitamproduxisse</strong></span> <span class='ocrx_word' id='word_1_201' title='bbox 1188 1711 1425 1780; x_wconf 87' lang='lat' dir='ltr'><strong>ipsemet</strong></span> <span class='ocrx_word' id='word_1_202' title='bbox 1452 1712 1710 1770; x_wconf 87' lang='lat' dir='ltr'><strong>videatur</strong></span> <span class='ocrx_word' id='word_1_203' title='bbox 1733 1695 2000 1779; x_wconf 78' lang='lat' dir='ltr'><strong>indicare,</strong></span> <span class='ocrx_word' id='word_1_204' title='bbox 2027 1730 2195 1792; x_wconf 89' lang='lat' dir='ltr'><strong>atque</strong></span> <span class='ocrx_word' id='word_1_205' title='bbox 2218 1722 2358 1778; x_wconf 87' lang='lat' dir='ltr'><strong>adeo</strong></span> <span class='ocrx_word' id='word_1_206' title='bbox 2378 1724 2581 1781; x_wconf 84' lang='lat' dir='ltr'><strong>vixisse</strong></span> <span class='ocrx_word' id='word_1_207' title='bbox 2612 1695 2863 1783; x_wconf 75' lang='lat' dir='ltr'><strong>Manuele</strong></span> <span class='ocrx_word' id='word_1_208' title='bbox 2887 1695 3218 1799; x_wconf 69' lang='lat' dir='ltr'><strong>imperante,</strong></span> <span class='ocrx_word' id='word_1_209' title='bbox 3263 1747 3294 1786; x_wconf 87' lang='lat' dir='ltr'><strong>a</strong></span> <span class='ocrx_word' id='word_1_210' title='bbox 3343 1746 3476 1800; x_wconf 92' lang='lat' dir='ltr'><strong>quo,</strong></span> 
     </span>
    </p>
   </div>
   <div class='ocr_carea' id='block_1_18' title="bbox 227 1791 3482 1891">
    <p class='ocr_par' dir='ltr' id='par_1_18' title="bbox 227 1791 3482 1891">
     <span class='ocr_line' id='line_1_18' title="bbox 227 1791 3482 1891; baseline 0.01 -49"><span class='ocrx_word' id='word_1_211' title='bbox 227 1791 526 1891; x_wconf 41' lang='lat' dir='ltr'><strong>quopinor,</strong></span> <span class='ocrx_word' id='word_1_212' title='bbox 702 1804 759 1850; x_wconf 90' lang='lat' dir='ltr'><strong>et</strong></span> <span class='ocrx_word' id='word_1_213' title='bbox 788 1797 1116 1854; x_wconf 85' lang='lat' dir='ltr'><strong>Theodorus</strong></span> <span class='ocrx_word' id='word_1_214' title='bbox 1144 1801 1454 1869; x_wconf 89' lang='lat' dir='ltr'><strong>Balsamon,</strong></span> <span class='ocrx_word' id='word_1_215' title='bbox 1486 1812 1601 1858; x_wconf 90' lang='lat' dir='ltr'><strong>tum</strong></span> <span class='ocrx_word' id='word_1_216' title='bbox 1631 1805 1837 1877; x_wconf 70' lang='lat' dir='ltr'><strong>Magna:</strong></span> <span class='ocrx_word' id='word_1_217' title='bbox 1866 1809 2127 1865; x_wconf 68' lang='lat' dir='ltr'><strong>Ecclesiae</strong></span> <span class='ocrx_word' id='word_1_218' title='bbox 2160 1810 2467 1880; x_wconf 71' lang='lat' dir='ltr'><strong>Cpolitanre</strong></span> <span class='ocrx_word' id='word_1_219' title='bbox 2528 1816 2900 1887; x_wconf 71' lang='lat' dir='ltr'><strong>nomopliylax</strong></span> <span class='ocrx_word' id='word_1_220' title='bbox 2942 1791 2998 1871; x_wconf 70' lang='grc' dir='ltr'><strong>εἰ</strong></span> <span class='ocrx_word' id='word_1_221' title='bbox 3058 1791 3482 1891; x_wconf 50' lang='lat' dir='ltr'><strong>chartopliy&#39;lax,</strong></span> 
     </span>
    </p>
   </div>
   <div class='ocr_carea' id='block_1_19' title="bbox 228 1873 3487 1974">
    <p class='ocr_par' dir='ltr' id='par_1_19' title="bbox 228 1873 3487 1974">
     <span class='ocr_line' id='line_1_19' title="bbox 228 1873 3487 1974; baseline 0.01 -45"><span class='ocrx_word' id='word_1_222' title='bbox 228 1873 424 1932; x_wconf 81' lang='lat' dir='ltr'><strong>deinde</strong></span> <span class='ocrx_word' id='word_1_223' title='bbox 448 1879 834 1949; x_wconf 73' lang='lat' dir='ltr'><strong>Antiochenus</strong></span> <span class='ocrx_word' id='word_1_224' title='bbox 862 1887 1199 1956; x_wconf 84' lang='lat' dir='ltr'><strong>patriarcha,</strong></span> <span class='ocrx_word' id='word_1_225' title='bbox 1234 1901 1366 1946; x_wconf 89' lang='lat' dir='ltr'><strong>sunt</strong></span> <span class='ocrx_word' id='word_1_226' title='bbox 1383 1892 1578 1948; x_wconf 90' lang='lat' dir='ltr'><strong>delecti</strong></span> <span class='ocrx_word' id='word_1_227' title='bbox 1609 1903 1669 1948; x_wconf 90' lang='lat' dir='ltr'><strong>ut</strong></span> <span class='ocrx_word' id='word_1_228' title='bbox 1689 1909 1877 1952; x_wconf 89' lang='lat' dir='ltr'><strong>sacros</strong></span> <span class='ocrx_word' id='word_1_229' title='bbox 1910 1913 2151 1954; x_wconf 90' lang='lat' dir='ltr'><strong>canones</strong></span> <span class='ocrx_word' id='word_1_230' title='bbox 2179 1900 2520 1970; x_wconf 87' lang='lat' dir='ltr'><strong>inspicerent</strong></span> <span class='ocrx_word' id='word_1_231' title='bbox 2543 1913 2600 1957; x_wconf 92' lang='lat' dir='ltr'><strong>et</strong></span> <span class='ocrx_word' id='word_1_232' title='bbox 2623 1920 2745 1974; x_wconf 68' lang='lat' dir='ltr'><strong>quae</strong></span> <span class='ocrx_word' id='word_1_233' title='bbox 2768 1903 2825 1959; x_wconf 89' lang='lat' dir='ltr'><strong>in</strong></span> <span class='ocrx_word' id='word_1_234' title='bbox 2849 1905 2916 1961; x_wconf 88' lang='lat' dir='ltr'><strong>iis</strong></span> <span class='ocrx_word' id='word_1_235' title='bbox 2940 1906 3266 1962; x_wconf 87' lang='lat' dir='ltr'><strong>obscuriora</strong></span> <span class='ocrx_word' id='word_1_236' title='bbox 3286 1924 3487 1963; x_wconf 83' lang='lat' dir='ltr'><strong>occur-</strong></span> 
     </span>
    </p>
   </div>
   <div class='ocr_carea' id='block_1_20' title="bbox 226 1966 3484 2064">
    <p class='ocr_par' dir='ltr' id='par_1_20' title="bbox 226 1966 3484 2064">
     <span class='ocr_line' id='line_1_20' title="bbox 226 1966 3484 2064; baseline 0.01 -47"><span class='ocrx_word' id='word_1_237' title='bbox 226 1975 411 2020; x_wconf 85' lang='lat' dir='ltr'><strong>rerent</strong></span> <span class='ocrx_word' id='word_1_238' title='bbox 450 1966 976 2040; x_wconf 85' lang='lat' dir='ltr'><strong>interpretarentur,</strong></span> <span class='ocrx_word' id='word_1_239' title='bbox 1006 1977 1092 2032; x_wconf 87' lang='lat' dir='ltr'><strong>vel</strong></span> <span class='ocrx_word' id='word_1_240' title='bbox 1129 1994 1250 2049; x_wconf 65' lang='lat' dir='ltr'><strong>quae</strong></span> <span class='ocrx_word' id='word_1_241' title='bbox 1276 1982 1631 2050; x_wconf 81' lang='lat' dir='ltr'><strong>aliquatenus</strong></span> <span class='ocrx_word' id='word_1_242' title='bbox 1670 1983 1889 2054; x_wconf 67' lang='lat' dir='ltr'><strong>legibus</strong></span> <span class='ocrx_word' id='word_1_243' title='bbox 1934 1985 2217 2041; x_wconf 82' lang='lat' dir='ltr'><strong>adversari</strong></span> <span class='ocrx_word' id='word_1_244' title='bbox 2270 1966 2593 2044; x_wconf 67' lang='lat' dir='ltr'><strong>viderentur</strong></span> <span class='ocrx_word' id='word_1_245' title='bbox 2640 1966 3044 2059; x_wconf 48' lang='lat' dir='ltr'><strong>-observarent;</strong></span> <span class='ocrx_word' id='word_1_246' title='bbox 3095 1994 3241 2064; x_wconf 86' lang='lat' dir='ltr'><strong>quod</strong></span> <span class='ocrx_word' id='word_1_247' title='bbox 3298 1996 3366 2050; x_wconf 88' lang='lat' dir='ltr'><strong>de</strong></span> <span class='ocrx_word' id='word_1_248' title='bbox 3425 2012 3484 2052; x_wconf 85' lang='lat' dir='ltr'><strong>se</strong></span> 
     </span>
    </p>
   </div>
   <div class='ocr_carea' id='block_1_21' title="bbox 225 2056 3486 2150">
    <p class='ocr_par' dir='ltr' id='par_1_21' title="bbox 225 2056 3486 2150">
     <span class='ocr_line' id='line_1_21' title="bbox 225 2056 3486 2150; baseline 0.011 -47"><span class='ocrx_word' id='word_1_249' title='bbox 225 2061 455 2109; x_wconf 85' lang='lat' dir='ltr'><strong>testatur</strong></span> <span class='ocrx_word' id='word_1_250' title='bbox 486 2056 776 2114; x_wconf 86' lang='lat' dir='ltr'><strong>Balsamon</strong></span> <span class='ocrx_word' id='word_1_251' title='bbox 810 2062 866 2115; x_wconf 92' lang='lat' dir='ltr'><strong>in</strong></span> <span class='ocrx_word' id='word_1_252' title='bbox 890 2062 1215 2121; x_wconf 67' lang='lat' dir='ltr'><strong>Praefatione</strong></span> <span class='ocrx_word' id='word_1_253' title='bbox 1247 2067 1315 2121; x_wconf 90' lang='lat' dir='ltr'><strong>ad</strong></span> <span class='ocrx_word' id='word_1_254' title='bbox 1342 2070 1747 2138; x_wconf 82' lang='lat' dir='ltr'><strong>expositionem</strong></span> <span class='ocrx_word' id='word_1_255' title='bbox 1768 2071 2197 2131; x_wconf 87' lang='lat' dir='ltr'><strong>Nomocanonis.</strong></span> <span class='ocrx_word' id='word_1_256' title='bbox 2225 2074 2384 2143; x_wconf 86' lang='lat' dir='ltr'><strong>Quod</strong></span> <span class='ocrx_word' id='word_1_257' title='bbox 2447 2077 2675 2147; x_wconf 89' lang='lat' dir='ltr'><strong>quidem</strong></span> <span class='ocrx_word' id='word_1_258' title='bbox 2727 2080 2797 2134; x_wconf 91' lang='lat' dir='ltr'><strong>ad</strong></span> <span class='ocrx_word' id='word_1_259' title='bbox 2840 2080 3023 2150; x_wconf 91' lang='lat' dir='ltr'><strong>ipsum</strong></span> <span class='ocrx_word' id='word_1_260' title='bbox 3078 2056 3345 2136; x_wconf 77' lang='lat' dir='ltr'><strong>zonarum</strong></span> <span class='ocrx_word' id='word_1_261' title='bbox 3398 2097 3486 2138; x_wconf 88' lang='lat' dir='ltr'><strong>rc-</strong></span> 
     </span>
    </p>
   </div>
   <div class='ocr_carea' id='block_1_22' title="bbox 222 2139 3482 2241">
    <p class='ocr_par' dir='ltr' id='par_1_22' title="bbox 222 2139 3482 2241">
     <span class='ocr_line' id='line_1_22' title="bbox 222 2139 3482 2241; baseline 0.01 -48"><span class='ocrx_word' id='word_1_262' title='bbox 222 2139 353 2195; x_wconf 83' lang='lat' dir='ltr'><strong>terri</strong></span> <span class='ocrx_word' id='word_1_263' title='bbox 387 2154 587 2214; x_wconf 86' lang='lat' dir='ltr'><strong>potest,</strong></span> <span class='ocrx_word' id='word_1_264' title='bbox 614 2148 711 2218; x_wconf 90' lang='lat' dir='ltr'><strong>qui</strong></span> <span class='ocrx_word' id='word_1_265' title='bbox 750 2164 883 2205; x_wconf 90' lang='lat' dir='ltr'><strong>suos</strong></span> <span class='ocrx_word' id='word_1_266' title='bbox 912 2151 966 2205; x_wconf 92' lang='lat' dir='ltr'><strong>in</strong></span> <span class='ocrx_word' id='word_1_267' title='bbox 1009 2167 1250 2211; x_wconf 86' lang='lat' dir='ltr'><strong>canones</strong></span> <span class='ocrx_word' id='word_1_268' title='bbox 1274 2154 1717 2214; x_wconf 86' lang='lat' dir='ltr'><strong>Commentarios</strong></span> <span class='ocrx_word' id='word_1_269' title='bbox 1754 2176 1863 2216; x_wconf 90' lang='lat' dir='ltr'><strong>non</strong></span> <span class='ocrx_word' id='word_1_270' title='bbox 1897 2170 2092 2232; x_wconf 88' lang='lat' dir='ltr'><strong>suapte</strong></span> <span class='ocrx_word' id='word_1_271' title='bbox 2123 2163 2219 2217; x_wconf 90' lang='lat' dir='ltr'><strong>sed</strong></span> <span class='ocrx_word' id='word_1_272' title='bbox 2250 2164 2481 2220; x_wconf 86' lang='lat' dir='ltr'><strong>alterius</strong></span> <span class='ocrx_word' id='word_1_273' title='bbox 2508 2165 2662 2236; x_wconf 83' lang='lat' dir='ltr'><strong>jussu</strong></span> <span class='ocrx_word' id='word_1_274' title='bbox 2695 2181 2754 2222; x_wconf 91' lang='lat' dir='ltr'><strong>se</strong></span> <span class='ocrx_word' id='word_1_275' title='bbox 2804 2169 3206 2238; x_wconf 87' lang='lat' dir='ltr'><strong>conscripsisse</strong></span> <span class='ocrx_word' id='word_1_276' title='bbox 3275 2171 3482 2241; x_wconf 79' lang='lat' dir='ltr'><strong>prodit,</strong></span> 
     </span>
    </p>
   </div>
   <div class='ocr_carea' id='block_1_23' title="bbox 221 2232 3478 2325">
    <p class='ocr_par' dir='ltr' id='par_1_23' title="bbox 221 2232 3478 2325">
     <span class='ocr_line' id='line_1_23' title="bbox 221 2232 3478 2325; baseline 0.009 -41"><span class='ocrx_word' id='word_1_277' title='bbox 221 2232 298 2285; x_wconf 89' lang='lat' dir='ltr'><strong>uti</strong></span> <span class='ocrx_word' id='word_1_278' title='bbox 327 2248 493 2304; x_wconf 83' lang='lat' dir='ltr'><strong>supra</strong></span> <span class='ocrx_word' id='word_1_279' title='bbox 515 2235 960 2308; x_wconf 81' lang='lat' dir='ltr'><strong>observavimus,</strong></span> <span class='ocrx_word' id='word_1_280' title='bbox 993 2242 1068 2298; x_wconf 87' lang='lat' dir='ltr'><strong>ita</strong></span> <span class='ocrx_word' id='word_1_281' title='bbox 1095 2252 1278 2301; x_wconf 88' lang='lat' dir='ltr'><strong>tamen</strong></span> <span class='ocrx_word' id='word_1_282' title='bbox 1305 2255 1366 2301; x_wconf 89' lang='lat' dir='ltr'><strong>ut</strong></span> <span class='ocrx_word' id='word_1_283' title='bbox 1400 2247 1645 2305; x_wconf 84' lang='lat' dir='ltr'><strong>Zonaras</strong></span> <span class='ocrx_word' id='word_1_284' title='bbox 1670 2266 1801 2308; x_wconf 89' lang='lat' dir='ltr'><strong>suos</strong></span> <span class='ocrx_word' id='word_1_285' title='bbox 1830 2250 2079 2306; x_wconf 84' lang='lat' dir='ltr'><strong>emiserit</strong></span> <span class='ocrx_word' id='word_1_286' title='bbox 2117 2262 2244 2307; x_wconf 86' lang='lat' dir='ltr'><strong>ante</strong></span> <span class='ocrx_word' id='word_1_287' title='bbox 2277 2252 2683 2319; x_wconf 85' lang='lat' dir='ltr'><strong>Balsamonem,</strong></span> <span class='ocrx_word' id='word_1_288' title='bbox 2711 2269 2741 2309; x_wconf 93' lang='lat' dir='ltr'><strong>a</strong></span> <span class='ocrx_word' id='word_1_289' title='bbox 2770 2270 2881 2325; x_wconf 91' lang='lat' dir='ltr'><strong>quo</strong></span> <span class='ocrx_word' id='word_1_290' title='bbox 2901 2272 3012 2311; x_wconf 89' lang='lat' dir='ltr'><strong>non</strong></span> <span class='ocrx_word' id='word_1_291' title='bbox 3037 2259 3208 2313; x_wconf 85' lang='lat' dir='ltr'><strong>semel</strong></span> <span class='ocrx_word' id='word_1_292' title='bbox 3242 2267 3299 2313; x_wconf 90' lang='lat' dir='ltr'><strong>et</strong></span> <span class='ocrx_word' id='word_1_293' title='bbox 3351 2275 3478 2314; x_wconf 89' lang='lat' dir='ltr'><strong>cum</strong></span> 
     </span>
    </p>
   </div>
   <div class='ocr_carea' id='block_1_24' title="bbox 220 2320 3479 2415">
    <p class='ocr_par' dir='ltr' id='par_1_24' title="bbox 220 2320 3479 2415">
     <span class='ocr_line' id='line_1_24' title="bbox 220 2320 3479 2415; baseline 0.009 -43"><span class='ocrx_word' id='word_1_294' title='bbox 220 2320 399 2391; x_wconf 73' lang='lat' dir='ltr'><strong>elogio</strong></span> <span class='ocrx_word' id='word_1_295' title='bbox 427 2322 476 2377; x_wconf 90' lang='lat' dir='ltr'><strong>is</strong></span> <span class='ocrx_word' id='word_1_296' title='bbox 509 2323 790 2382; x_wconf 87' lang='lat' dir='ltr'><strong>laudatur.</strong></span> <span class='ocrx_word' id='word_1_297' title='bbox 812 2328 892 2384; x_wconf 81' lang='lat' dir='ltr'><strong>Ex</strong></span> <span class='ocrx_word' id='word_1_298' title='bbox 922 2331 1130 2402; x_wconf 88' lang='lat' dir='ltr'><strong>quibus</strong></span> <span class='ocrx_word' id='word_1_299' title='bbox 1164 2334 1363 2391; x_wconf 85' lang='lat' dir='ltr'><strong>saltem</strong></span> <span class='ocrx_word' id='word_1_300' title='bbox 1388 2337 1820 2410; x_wconf 81' lang='lat' dir='ltr'><strong>licetcolligere,</strong></span> <span class='ocrx_word' id='word_1_301' title='bbox 1844 2339 1949 2394; x_wconf 91' lang='lat' dir='ltr'><strong>sub</strong></span> <span class='ocrx_word' id='word_1_302' title='bbox 2007 2339 2258 2393; x_wconf 86' lang='lat' dir='ltr'><strong>Manuele</strong></span> <span class='ocrx_word' id='word_1_303' title='bbox 2313 2339 2515 2394; x_wconf 82' lang='lat' dir='ltr'><strong>vixisse</strong></span> <span class='ocrx_word' id='word_1_304' title='bbox 2558 2320 2832 2395; x_wconf 82' lang='lat' dir='ltr'><strong>Zonaram</strong></span> <span class='ocrx_word' id='word_1_305' title='bbox 2880 2353 3050 2412; x_wconf 89' lang='lat' dir='ltr'><strong>atque</strong></span> <span class='ocrx_word' id='word_1_306' title='bbox 3094 2345 3237 2400; x_wconf 83' lang='lat' dir='ltr'><strong>adeo</strong></span> <span class='ocrx_word' id='word_1_307' title='bbox 3299 2346 3479 2415; x_wconf 89' lang='lat' dir='ltr'><strong>ipsum</strong></span> 
     </span>
    </p>
   </div>
   <div class='ocr_carea' id='block_1_25' title="bbox 221 2406 3485 2502">
    <p class='ocr_par' dir='ltr' id='par_1_25' title="bbox 221 2406 3485 2502">
     <span class='ocr_line' id='line_1_25' title="bbox 221 2406 3485 2502; baseline 0.008 -41"><span class='ocrx_word' id='word_1_308' title='bbox 221 2406 464 2502; x_wconf 75' lang='lat' dir='ltr'><strong>Glycam,</strong></span> <span class='ocrx_word' id='word_1_309' title='bbox 495 2411 541 2467; x_wconf 90' lang='lat' dir='ltr'><strong>si</strong></span> <span class='ocrx_word' id='word_1_310' title='bbox 570 2414 795 2484; x_wconf 89' lang='lat' dir='ltr'><strong>quidem</strong></span> <span class='ocrx_word' id='word_1_311' title='bbox 821 2416 970 2473; x_wconf 90' lang='lat' dir='ltr'><strong>illius</strong></span> <span class='ocrx_word' id='word_1_312' title='bbox 1022 2429 1155 2476; x_wconf 90' lang='lat' dir='ltr'><strong>sunt</strong></span> <span class='ocrx_word' id='word_1_313' title='bbox 1180 2421 1429 2492; x_wconf 72' lang='lat' dir='ltr'><strong>epistolae</strong></span> <span class='ocrx_word' id='word_1_314' title='bbox 1474 2425 1542 2480; x_wconf 89' lang='lat' dir='ltr'><strong>de</strong></span> <span class='ocrx_word' id='word_1_315' title='bbox 1596 2406 1800 2496; x_wconf 82' lang='lat' dir='ltr'><strong>quibus</strong></span> <span class='ocrx_word' id='word_1_316' title='bbox 1847 2426 2102 2496; x_wconf 77' lang='lat' dir='ltr'><strong>agimus:</strong></span> <span class='ocrx_word' id='word_1_317' title='bbox 2169 2425 2316 2494; x_wconf 91' lang='lat' dir='ltr'><strong>quod</strong></span> <span class='ocrx_word' id='word_1_318' title='bbox 2384 2436 2535 2481; x_wconf 89' lang='lat' dir='ltr'><strong>certe</strong></span> <span class='ocrx_word' id='word_1_319' title='bbox 2580 2428 2816 2483; x_wconf 86' lang='lat' dir='ltr'><strong>suadere</strong></span> <span class='ocrx_word' id='word_1_320' title='bbox 2876 2406 3098 2485; x_wconf 82' lang='lat' dir='ltr'><strong>videtur</strong></span> <span class='ocrx_word' id='word_1_321' title='bbox 3161 2406 3485 2502; x_wconf 60' lang='lat' dir='ltr'><strong>st-riptionis</strong></span> 
     </span>
    </p>
   </div>
   <div class='ocr_carea' id='block_1_26' title="bbox 221 2497 3476 2584">
    <p class='ocr_par' dir='ltr' id='par_1_26' title="bbox 221 2497 3476 2584">
     <span class='ocr_line' id='line_1_26' title="bbox 221 2497 3476 2584; baseline 0.008 -34"><span class='ocrx_word' id='word_1_322' title='bbox 221 2511 321 2564; x_wconf 88' lang='lat' dir='ltr'><strong>qua</strong></span> <span class='ocrx_word' id='word_1_323' title='bbox 354 2497 409 2553; x_wconf 89' lang='lat' dir='ltr'><strong>in</strong></span> <span class='ocrx_word' id='word_1_324' title='bbox 444 2500 755 2560; x_wconf 79' lang='lat' dir='ltr'><strong>Annalibus</strong></span> <span class='ocrx_word' id='word_1_325' title='bbox 787 2506 968 2561; x_wconf 89' lang='lat' dir='ltr'><strong>utitur</strong></span> <span class='ocrx_word' id='word_1_326' title='bbox 993 2508 1156 2571; x_wconf 89' lang='lat' dir='ltr'><strong>ratio.</strong></span> <span class='ocrx_word' id='word_1_327' title='bbox 1186 2510 1280 2565; x_wconf 91' lang='lat' dir='ltr'><strong>ubi</strong></span> <span class='ocrx_word' id='word_1_328' title='bbox 1310 2527 1481 2569; x_wconf 84' lang='lat' dir='ltr'><strong>sacrae</strong></span> <span class='ocrx_word' id='word_1_329' title='bbox 1511 2513 1812 2584; x_wconf 73' lang='lat' dir='ltr'><strong>Scripturae</strong></span> <span class='ocrx_word' id='word_1_330' title='bbox 1838 2512 2023 2581; x_wconf 81' lang='lat' dir='ltr'><strong>potius</strong></span> <span class='ocrx_word' id='word_1_331' title='bbox 2049 2527 2216 2583; x_wconf 90' lang='lat' dir='ltr'><strong>quam</strong></span> <span class='ocrx_word' id='word_1_332' title='bbox 2274 2513 2617 2570; x_wconf 64' lang='lat' dir='ltr'><strong>illustrandae</strong></span> <span class='ocrx_word' id='word_1_333' title='bbox 2675 2515 2924 2573; x_wconf 66' lang='lat' dir='ltr'><strong>historiae</strong></span> <span class='ocrx_word' id='word_1_334' title='bbox 2985 2527 3135 2574; x_wconf 91' lang='lat' dir='ltr'><strong>totus</strong></span> <span class='ocrx_word' id='word_1_335' title='bbox 3179 2497 3476 2577; x_wconf 80' lang='lat' dir='ltr'><strong>incumbit.</strong></span> 
     </span>
    </p>
   </div>
   <div class='ocr_carea' id='block_1_27' title="bbox 221 2583 3478 2674">
    <p class='ocr_par' dir='ltr' id='par_1_27' title="bbox 221 2583 3478 2674">
     <span class='ocr_line' id='line_1_27' title="bbox 221 2583 3478 2674; baseline 0.008 -36"><span class='ocrx_word' id='word_1_336' title='bbox 221 2583 357 2651; x_wconf 86' lang='lat' dir='ltr'><strong>Quin</strong></span> <span class='ocrx_word' id='word_1_337' title='bbox 383 2587 554 2643; x_wconf 89' lang='lat' dir='ltr'><strong>etiam</strong></span> <span class='ocrx_word' id='word_1_338' title='bbox 586 2590 643 2646; x_wconf 89' lang='lat' dir='ltr'><strong>in</strong></span> <span class='ocrx_word' id='word_1_339' title='bbox 678 2591 746 2647; x_wconf 89' lang='lat' dir='ltr'><strong>iis</strong></span> <span class='ocrx_word' id='word_1_340' title='bbox 772 2602 1123 2651; x_wconf 85' lang='lat' dir='ltr'><strong>astronomos</strong></span> <span class='ocrx_word' id='word_1_341' title='bbox 1147 2596 1327 2668; x_wconf 87' lang='lat' dir='ltr'><strong>carpit</strong></span> <span class='ocrx_word' id='word_1_342' title='bbox 1352 2608 1407 2654; x_wconf 92' lang='lat' dir='ltr'><strong>et</strong></span> <span class='ocrx_word' id='word_1_343' title='bbox 1439 2599 1563 2656; x_wconf 91' lang='lat' dir='ltr'><strong>illos</strong></span> <span class='ocrx_word' id='word_1_344' title='bbox 1594 2600 1688 2671; x_wconf 86' lang='lat' dir='ltr'><strong>qui</strong></span> <span class='ocrx_word' id='word_1_345' title='bbox 1718 2612 1992 2657; x_wconf 90' lang='lat' dir='ltr'><strong>astrorum</strong></span> <span class='ocrx_word' id='word_1_346' title='bbox 2011 2600 2402 2658; x_wconf 80' lang='lat' dir='ltr'><strong>aﬂ‘ectionibus</strong></span> <span class='ocrx_word' id='word_1_347' title='bbox 2433 2602 2704 2674; x_wconf 88' lang='lat' dir='ltr'><strong>quidquid</strong></span> <span class='ocrx_word' id='word_1_348' title='bbox 2743 2604 2799 2659; x_wconf 92' lang='lat' dir='ltr'><strong>in</strong></span> <span class='ocrx_word' id='word_1_349' title='bbox 2871 2616 3019 2662; x_wconf 88' lang='lat' dir='ltr'><strong>terra</strong></span> <span class='ocrx_word' id='word_1_350' title='bbox 3068 2609 3253 2673; x_wconf 70' lang='lat' dir='ltr'><strong>agitur</strong></span> <span class='ocrx_word' id='word_1_351' title='bbox 3299 2609 3478 2663; x_wconf 81' lang='lat' dir='ltr'><strong>ascri-</strong></span> 
     </span>
    </p>
   </div>
   <div class='ocr_carea' id='block_1_28' title="bbox 221 2672 1794 2770">
    <p class='ocr_par' dir='ltr' id='par_1_28' title="bbox 221 2672 1794 2761">
     <span class='ocr_line' id='line_1_28' title="bbox 221 2672 1794 2761; baseline 0.01 -33"><span class='ocrx_word' id='word_1_352' title='bbox 221 2672 372 2741; x_wconf 82' lang='lat' dir='ltr'><strong>bunt,</strong></span> <span class='ocrx_word' id='word_1_353' title='bbox 405 2676 549 2733; x_wconf 85' lang='lat' dir='ltr'><strong>adeo</strong></span> <span class='ocrx_word' id='word_1_354' title='bbox 586 2687 650 2734; x_wconf 83' lang='lat' dir='ltr'><strong>ut</strong></span> <span class='ocrx_word' id='word_1_355' title='bbox 669 2682 799 2745; x_wconf 82' lang='grc' dir='ltr'>τοὺς</span> <span class='ocrx_word' id='word_1_356' title='bbox 830 2683 929 2752; x_wconf 78' lang='grc' dir='ltr'><strong>μὲν</strong></span> <span class='ocrx_word' id='word_1_357' title='bbox 956 2683 1211 2756; x_wconf 78' lang='grc' dir='ltr'><strong>πόρνους,</strong></span> <span class='ocrx_word' id='word_1_358' title='bbox 1249 2689 1378 2750; x_wconf 77' lang='grc' dir='ltr'><strong>τοὺς</strong></span> <span class='ocrx_word' id='word_1_359' title='bbox 1420 2688 1477 2742; x_wconf 76' lang='grc' dir='ltr'><strong>δὲ</strong></span> <span class='ocrx_word' id='word_1_360' title='bbox 1513 2690 1734 2761; x_wconf 79' lang='grc' dir='ltr'><strong>μοιχοὺς</strong></span> <span class='ocrx_word' id='word_1_361' title='bbox 1756 2709 1794 2743; x_wconf 58' lang='grc' dir='ltr'><strong>κη</strong></span> 
     </span>
    </p>
   </div>
   <div class='ocr_carea' id='block_1_29' title="bbox 1907 2672 3480 2770">
    <p class='ocr_par' dir='ltr' id='par_1_29' title="bbox 1907 2672 3480 2770">
     <span class='ocr_line' id='line_1_29' title="bbox 1907 2672 3480 2770; baseline 0.008 -27"><span class='ocrx_word' id='word_1_362' title='bbox 1907 2690 2077 2753; x_wconf 69' lang='lat' dir='ltr'><strong>mou;</strong></span> <span class='ocrx_word' id='word_1_363' title='bbox 2117 2690 2279 2745; x_wconf 79' lang='grc' dir='ltr'>πάλιν</span> <span class='ocrx_word' id='word_1_364' title='bbox 2321 2672 2520 2759; x_wconf 63' lang='grc' dir='ltr'>φονέᾷς</span> <span class='ocrx_word' id='word_1_365' title='bbox 2569 2672 2665 2746; x_wconf 55' lang='grc' dir='ltr'><strong>θεαὶ</strong></span> <span class='ocrx_word' id='word_1_366' title='bbox 2719 2695 2980 2763; x_wconf 69' lang='grc' dir='ltr'><strong>ἅρπαγας</strong></span> <span class='ocrx_word' id='word_1_367' title='bbox 3029 2672 3269 2753; x_wconf 78' lang='lat' dir='ltr'><strong>elﬁciant</strong></span> <span class='ocrx_word' id='word_1_368' title='bbox 3329 2698 3480 2770; x_wconf 61' lang='lat'><strong>(45);</strong></span> 
     </span>
    </p>
   </div>
   <div class='ocr_carea' id='block_1_30' title="bbox 220 2763 3473 2854">
    <p class='ocr_par' dir='ltr' id='par_1_30' title="bbox 220 2763 3473 2854">
     <span class='ocr_line' id='line_1_30' title="bbox 220 2763 3473 2854; baseline 0.007 -37"><span class='ocrx_word' id='word_1_369' title='bbox 220 2763 357 2833; x_wconf 88' lang='lat' dir='ltr'><strong>quod</strong></span> <span class='ocrx_word' id='word_1_370' title='bbox 397 2775 457 2821; x_wconf 90' lang='lat' dir='ltr'><strong>et</strong></span> <span class='ocrx_word' id='word_1_371' title='bbox 480 2766 663 2837; x_wconf 90' lang='lat' dir='ltr'><strong>ipsum</strong></span> <span class='ocrx_word' id='word_1_372' title='bbox 699 2769 896 2826; x_wconf 88' lang='lat' dir='ltr'><strong>iisdem</strong></span> <span class='ocrx_word' id='word_1_373' title='bbox 928 2770 1102 2828; x_wconf 90' lang='lat' dir='ltr'><strong>l&#39;erme</strong></span> <span class='ocrx_word' id='word_1_374' title='bbox 1132 2774 1322 2829; x_wconf 88' lang='lat' dir='ltr'><strong>verbis</strong></span> <span class='ocrx_word' id='word_1_375' title='bbox 1352 2774 1591 2832; x_wconf 85' lang='lat' dir='ltr'><strong>habetur</strong></span> <span class='ocrx_word' id='word_1_376' title='bbox 1624 2778 1679 2833; x_wconf 89' lang='lat' dir='ltr'><strong>in</strong></span> <span class='ocrx_word' id='word_1_377' title='bbox 1707 2779 2161 2849; x_wconf 72' lang='lat' dir='ltr'><strong>Antapologetico</strong></span> <span class='ocrx_word' id='word_1_378' title='bbox 2193 2779 2353 2850; x_wconf 88' lang='lat' dir='ltr'><strong>cujus</strong></span> <span class='ocrx_word' id='word_1_379' title='bbox 2384 2784 2552 2848; x_wconf 89' lang='lat' dir='ltr'><strong>supra</strong></span> <span class='ocrx_word' id='word_1_380' title='bbox 2578 2782 2939 2838; x_wconf 85' lang='lat' dir='ltr'><strong>meminimus</strong></span> <span class='ocrx_word' id='word_1_381' title='bbox 2976 2801 2990 2838; x_wconf 89' lang='lat'><strong>:</strong></span> <span class='ocrx_word' id='word_1_382' title='bbox 3028 2784 3160 2840; x_wconf 86' lang='lat' dir='ltr'><strong>licet</strong></span> <span class='ocrx_word' id='word_1_383' title='bbox 3207 2763 3473 2854; x_wconf 71' lang='lat' dir='ltr'><strong>fateatur,</strong></span> 
     </span>
    </p>
   </div>
   <div class='ocr_carea' id='block_1_31' title="bbox 221 2856 3474 2943">
    <p class='ocr_par' dir='ltr' id='par_1_31' title="bbox 221 2856 3474 2943">
     <span class='ocr_line' id='line_1_31' title="bbox 221 2856 3474 2943; baseline 0.007 -37"><span class='ocrx_word' id='word_1_384' title='bbox 221 2862 349 2909; x_wconf 88' lang='lat' dir='ltr'><strong>utet</strong></span> <span class='ocrx_word' id='word_1_385' title='bbox 381 2864 581 2911; x_wconf 88' lang='lat' dir='ltr'><strong>auctor</strong></span> <span class='ocrx_word' id='word_1_386' title='bbox 602 2856 1070 2931; x_wconf 75' lang='lat' dir='ltr'><strong>Antapologetici,</strong></span> <span class='ocrx_word' id='word_1_387' title='bbox 1102 2864 1274 2919; x_wconf 89' lang='lat' dir='ltr'><strong>multa</strong></span> <span class='ocrx_word' id='word_1_388' title='bbox 1310 2879 1378 2920; x_wconf 80' lang='lat' dir='ltr'><strong>es</strong></span> <span class='ocrx_word' id='word_1_389' title='bbox 1405 2865 1651 2922; x_wconf 90' lang='lat' dir='ltr'><strong>siderum</strong></span> <span class='ocrx_word' id='word_1_390' title='bbox 1683 2866 2076 2924; x_wconf 76' lang='lat' dir='ltr'><strong>alfectionibus</strong></span> <span class='ocrx_word' id='word_1_391' title='bbox 2107 2867 2354 2937; x_wconf 78' lang='lat' dir='ltr'><strong>etsignis</strong></span> <span class='ocrx_word' id='word_1_392' title='bbox 2397 2867 2723 2924; x_wconf 80' lang='lat' dir='ltr'><strong>cmlestibus</strong></span> <span class='ocrx_word' id='word_1_393' title='bbox 2775 2868 2832 2924; x_wconf 89' lang='lat' dir='ltr'><strong>id</strong></span> <span class='ocrx_word' id='word_1_394' title='bbox 2882 2871 3029 2943; x_wconf 86' lang='lat' dir='ltr'><strong>quod</strong></span> <span class='ocrx_word' id='word_1_395' title='bbox 3089 2871 3338 2928; x_wconf 84' lang='lat' dir='ltr'><strong>futurum</strong></span> <span class='ocrx_word' id='word_1_396' title='bbox 3399 2875 3474 2929; x_wconf 90' lang='lat' dir='ltr'><strong>sit</strong></span> 
     </span>
    </p>
   </div>
   <div class='ocr_carea' id='block_1_32' title="bbox 218 2946 3482 3033">
    <p class='ocr_par' dir='ltr' id='par_1_32' title="bbox 218 2946 3482 3033">
     <span class='ocr_line' id='line_1_32' title="bbox 218 2946 3482 3033; baseline 0.007 -38"><span class='ocrx_word' id='word_1_397' title='bbox 218 2955 314 2996; x_wconf 86' lang='lat' dir='ltr'><strong>nos</strong></span> <span class='ocrx_word' id='word_1_398' title='bbox 336 2957 503 3012; x_wconf 86' lang='lat' dir='ltr'><strong>posse</strong></span> <span class='ocrx_word' id='word_1_399' title='bbox 533 2946 872 3016; x_wconf 86' lang='lat' dir='ltr'><strong>conjectare.</strong></span> <span class='ocrx_word' id='word_1_400' title='bbox 904 2948 979 3003; x_wconf 80' lang='lat' dir='ltr'><strong>Ex</strong></span> <span class='ocrx_word' id='word_1_401' title='bbox 1001 2950 1205 3020; x_wconf 90' lang='lat' dir='ltr'><strong>quibus</strong></span> <span class='ocrx_word' id='word_1_402' title='bbox 1227 2967 1338 3007; x_wconf 89' lang='lat' dir='ltr'><strong>non</strong></span> <span class='ocrx_word' id='word_1_403' title='bbox 1362 2953 1593 3010; x_wconf 90' lang='lat' dir='ltr'><strong>omnino</strong></span> <span class='ocrx_word' id='word_1_404' title='bbox 1621 2964 1802 3011; x_wconf 86' lang='lat' dir='ltr'><strong>tamen</strong></span> <span class='ocrx_word' id='word_1_405' title='bbox 1828 2955 2124 3012; x_wconf 81' lang='lat' dir='ltr'><strong>coniicitur</strong></span> <span class='ocrx_word' id='word_1_406' title='bbox 2152 2956 2474 3011; x_wconf 77' lang='lat' dir='ltr'><strong>Micliaelem</strong></span> <span class='ocrx_word' id='word_1_407' title='bbox 2527 2956 2750 3030; x_wconf 78' lang='lat' dir='ltr'><strong>Glycam</strong></span> <span class='ocrx_word' id='word_1_408' title='bbox 2778 2975 2901 3015; x_wconf 90' lang='lat' dir='ltr'><strong>esse</strong></span> <span class='ocrx_word' id='word_1_409' title='bbox 2940 2969 3225 3017; x_wconf 89' lang='lat' dir='ltr'><strong>auctorem</strong></span> <span class='ocrx_word' id='word_1_410' title='bbox 3274 2964 3482 3033; x_wconf 71' lang='lat' dir='ltr'><strong>episto-</strong></span> 
     </span>
    </p>
   </div>
   <div class='ocr_carea' id='block_1_33' title="bbox 218 3029 3482 3117">
    <p class='ocr_par' dir='ltr' id='par_1_33' title="bbox 218 3029 3482 3117">
     <span class='ocr_line' id='line_1_33' title="bbox 218 3029 3482 3117; baseline 0.006 -33"><span class='ocrx_word' id='word_1_411' title='bbox 218 3029 387 3087; x_wconf 87' lang='lat' dir='ltr'><strong>larum</strong></span> <span class='ocrx_word' id='word_1_412' title='bbox 410 3032 481 3089; x_wconf 92' lang='lat' dir='ltr'><strong>de</strong></span> <span class='ocrx_word' id='word_1_413' title='bbox 516 3034 720 3105; x_wconf 87' lang='lat' dir='ltr'><strong>quibus</strong></span> <span class='ocrx_word' id='word_1_414' title='bbox 748 3036 979 3107; x_wconf 80' lang='lat' dir='ltr'><strong>agimus,</strong></span> <span class='ocrx_word' id='word_1_415' title='bbox 1007 3055 1134 3094; x_wconf 86' lang='lat' dir='ltr'><strong>cum</strong></span> <span class='ocrx_word' id='word_1_416' title='bbox 1164 3040 1399 3098; x_wconf 86' lang='lat' dir='ltr'><strong>trivialis</strong></span> <span class='ocrx_word' id='word_1_417' title='bbox 1425 3050 1481 3097; x_wconf 90' lang='lat' dir='ltr'><strong>et</strong></span> <span class='ocrx_word' id='word_1_418' title='bbox 1525 3042 1821 3114; x_wconf 87' lang='lat' dir='ltr'><strong>quibusvis</strong></span> <span class='ocrx_word' id='word_1_419' title='bbox 1856 3044 2016 3100; x_wconf 86' lang='lat' dir='ltr'><strong>obvia</strong></span> <span class='ocrx_word' id='word_1_420' title='bbox 2048 3045 2413 3117; x_wconf 82' lang='lat' dir='ltr'><strong>sitejusmodi</strong></span> <span class='ocrx_word' id='word_1_421' title='bbox 2446 3029 2906 3104; x_wconf 84' lang='lat' dir='ltr'><strong>circaastrorum</strong></span> <span class='ocrx_word' id='word_1_422' title='bbox 2969 3048 3211 3106; x_wconf 83' lang='lat' dir='ltr'><strong>influxus</strong></span> <span class='ocrx_word' id='word_1_423' title='bbox 3256 3029 3482 3106; x_wconf 80' lang='lat' dir='ltr'><strong>sentcn-</strong></span> 
     </span>
    </p>
   </div>
   <div class='ocr_carea' id='block_1_34' title="bbox 220 3118 3480 3211">
    <p class='ocr_par' dir='ltr' id='par_1_34' title="bbox 220 3118 3480 3211">
     <span class='ocr_line' id='line_1_34' title="bbox 220 3118 3480 3211; baseline 0.007 -38"><span class='ocrx_word' id='word_1_424' title='bbox 220 3118 309 3184; x_wconf 81' lang='lat' dir='ltr'><strong>tia,</strong></span> <span class='ocrx_word' id='word_1_425' title='bbox 337 3130 511 3190; x_wconf 83' lang='lat' dir='ltr'><strong>atque</strong></span> <span class='ocrx_word' id='word_1_426' title='bbox 532 3121 671 3178; x_wconf 90' lang='lat' dir='ltr'><strong>adeo</strong></span> <span class='ocrx_word' id='word_1_427' title='bbox 697 3123 873 3195; x_wconf 89' lang='lat' dir='ltr'><strong>ipsius</strong></span> <span class='ocrx_word' id='word_1_428' title='bbox 902 3124 1239 3190; x_wconf 70' lang='lat' dir='ltr'><strong>sitZonarm,</strong></span> <span class='ocrx_word' id='word_1_429' title='bbox 1259 3132 1352 3199; x_wconf 89' lang='lat' dir='ltr'><strong>qui</strong></span> <span class='ocrx_word' id='word_1_430' title='bbox 1390 3130 1445 3185; x_wconf 92' lang='lat' dir='ltr'><strong>in</strong></span> <span class='ocrx_word' id='word_1_431' title='bbox 1478 3131 1785 3187; x_wconf 83' lang='lat' dir='ltr'><strong>Annalibus</strong></span> <span class='ocrx_word' id='word_1_432' title='bbox 1811 3131 1922 3211; x_wconf 67' lang='grc'><strong>(44)</strong></span> <span class='ocrx_word' id='word_1_433' title='bbox 1980 3132 2154 3188; x_wconf 87' lang='lat' dir='ltr'><strong>Deum</strong></span> <span class='ocrx_word' id='word_1_434' title='bbox 2197 3144 2344 3190; x_wconf 88' lang='lat' dir='ltr'><strong>astra</strong></span> <span class='ocrx_word' id='word_1_435' title='bbox 2373 3134 2689 3191; x_wconf 85' lang='lat' dir='ltr'><strong>condidisse</strong></span> <span class='ocrx_word' id='word_1_436' title='bbox 2712 3137 2906 3190; x_wconf 88' lang='lat' dir='ltr'><strong>scribit</strong></span> <span class='ocrx_word' id='word_1_437' title='bbox 2934 3145 2995 3191; x_wconf 91' lang='lat' dir='ltr'><strong>ut</strong></span> <span class='ocrx_word' id='word_1_438' title='bbox 3018 3145 3180 3193; x_wconf 68' lang='lat' dir='ltr'><strong>terrae</strong></span> <span class='ocrx_word' id='word_1_439' title='bbox 3230 3139 3480 3195; x_wconf 85' lang='lat' dir='ltr'><strong>ambitus</strong></span> 
     </span>
    </p>
   </div>
   <div class='ocr_carea' id='block_1_35' title="bbox 218 3210 3476 3293">
    <p class='ocr_par' dir='ltr' id='par_1_35' title="bbox 218 3210 3476 3293">
     <span class='ocr_line' id='line_1_35' title="bbox 218 3210 3476 3293; baseline 0.006 -31"><span class='ocrx_word' id='word_1_440' title='bbox 218 3222 311 3277; x_wconf 88' lang='lat' dir='ltr'><strong>per</strong></span> <span class='ocrx_word' id='word_1_441' title='bbox 332 3225 401 3265; x_wconf 82' lang='lat' dir='ltr'><strong>ea</strong></span> <span class='ocrx_word' id='word_1_442' title='bbox 436 3210 816 3268; x_wconf 86' lang='lat' dir='ltr'><strong>illustraretur</strong></span> <span class='ocrx_word' id='word_1_443' title='bbox 852 3223 909 3269; x_wconf 89' lang='lat' dir='ltr'><strong>et</strong></span> <span class='ocrx_word' id='word_1_444' title='bbox 938 3230 1202 3271; x_wconf 84' lang='lat' dir='ltr'><strong>mensura</strong></span> <span class='ocrx_word' id='word_1_445' title='bbox 1235 3220 1506 3289; x_wconf 89' lang='lat' dir='ltr'><strong>temporis</strong></span> <span class='ocrx_word' id='word_1_446' title='bbox 1528 3235 1595 3276; x_wconf 74' lang='lat' dir='ltr'><strong>es</strong></span> <span class='ocrx_word' id='word_1_447' title='bbox 1627 3236 1820 3276; x_wconf 90' lang='lat' dir='ltr'><strong>eorum</strong></span> <span class='ocrx_word' id='word_1_448' title='bbox 1851 3210 2180 3278; x_wconf 89' lang='lat' dir='ltr'><strong>circuitibus</strong></span> <span class='ocrx_word' id='word_1_449' title='bbox 2206 3231 2511 3293; x_wconf 90' lang='lat' dir='ltr'><strong>peteretur,</strong></span> <span class='ocrx_word' id='word_1_450' title='bbox 2537 3239 2650 3278; x_wconf 90' lang='lat' dir='ltr'><strong>non</strong></span> <span class='ocrx_word' id='word_1_451' title='bbox 2685 3238 2818 3279; x_wconf 88' lang='lat' dir='ltr'><strong>vero</strong></span> <span class='ocrx_word' id='word_1_452' title='bbox 2885 3234 2947 3280; x_wconf 92' lang='lat' dir='ltr'><strong>ut</strong></span> <span class='ocrx_word' id='word_1_453' title='bbox 2989 3241 3098 3281; x_wconf 86' lang='lat' dir='ltr'><strong>una</strong></span> <span class='ocrx_word' id='word_1_454' title='bbox 3144 3243 3271 3283; x_wconf 91' lang='lat' dir='ltr'><strong>cum</strong></span> <span class='ocrx_word' id='word_1_455' title='bbox 3323 3236 3476 3283; x_wconf 84' lang='lat' dir='ltr'><strong>motu</strong></span> 
     </span>
    </p>
   </div>
   <div class='ocr_carea' id='block_1_36' title="bbox 216 3297 3480 3387">
    <p class='ocr_par' dir='ltr' id='par_1_36' title="bbox 216 3297 3480 3387">
     <span class='ocr_line' id='line_1_36' title="bbox 216 3297 3480 3387; baseline 0.006 -37"><span class='ocrx_word' id='word_1_456' title='bbox 216 3297 494 3354; x_wconf 83' lang='lat' dir='ltr'><strong>stellarum</strong></span> <span class='ocrx_word' id='word_1_457' title='bbox 526 3300 715 3357; x_wconf 89' lang='lat' dir='ltr'><strong>omnia</strong></span> <span class='ocrx_word' id='word_1_458' title='bbox 741 3311 933 3358; x_wconf 84' lang='lat' dir='ltr'><strong>nostra</strong></span> <span class='ocrx_word' id='word_1_459' title='bbox 964 3304 1451 3364; x_wconf 84' lang='lat' dir='ltr'><strong>circumferantur.</strong></span> <span class='ocrx_word' id='word_1_460' title='bbox 1478 3307 1599 3365; x_wconf 75' lang='lat' dir='ltr'><strong>Iam</strong></span> <span class='ocrx_word' id='word_1_461' title='bbox 1629 3324 1763 3365; x_wconf 91' lang='lat' dir='ltr'><strong>vero</strong></span> <span class='ocrx_word' id='word_1_462' title='bbox 1790 3308 2097 3366; x_wconf 76' lang='lat' dir='ltr'><strong>Manuelem</strong></span> <span class='ocrx_word' id='word_1_463' title='bbox 2147 3311 2540 3382; x_wconf 89' lang='lat' dir='ltr'><strong>imperatorem</strong></span> <span class='ocrx_word' id='word_1_464' title='bbox 2584 3315 2942 3369; x_wconf 65' lang='lat' dir='ltr'><strong>astronomia:</strong></span> <span class='ocrx_word' id='word_1_465' title='bbox 2988 3315 3112 3385; x_wconf 88' lang='lat' dir='ltr'><strong>plus</strong></span> <span class='ocrx_word' id='word_1_466' title='bbox 3162 3331 3329 3386; x_wconf 90' lang='lat' dir='ltr'><strong>quam</strong></span> <span class='ocrx_word' id='word_1_467' title='bbox 3380 3332 3480 3387; x_wconf 86' lang='lat' dir='ltr'><strong>par</strong></span> 
     </span>
    </p>
   </div>
   <div class='ocr_carea' id='block_1_37' title="bbox 217 3389 3477 3470">
    <p class='ocr_par' dir='ltr' id='par_1_37' title="bbox 217 3389 3477 3470">
     <span class='ocr_line' id='line_1_37' title="bbox 217 3389 3477 3470; baseline 0.006 -31"><span class='ocrx_word' id='word_1_468' title='bbox 217 3395 327 3440; x_wconf 83' lang='lat' dir='ltr'><strong>erat</strong></span> <span class='ocrx_word' id='word_1_469' title='bbox 347 3403 579 3457; x_wconf 84' lang='lat' dir='ltr'><strong>operam</strong></span> <span class='ocrx_word' id='word_1_470' title='bbox 610 3389 971 3461; x_wconf 90' lang='lat' dir='ltr'><strong>impendisse,</strong></span> <span class='ocrx_word' id='word_1_471' title='bbox 995 3402 1050 3448; x_wconf 90' lang='lat' dir='ltr'><strong>et</strong></span> <span class='ocrx_word' id='word_1_472' title='bbox 1077 3395 1486 3466; x_wconf 77' lang='lat' dir='ltr'><strong>astrologorum</strong></span> <span class='ocrx_word' id='word_1_473' title='bbox 1523 3412 1699 3468; x_wconf 79' lang='lat' dir='ltr'><strong>nugas</strong></span> <span class='ocrx_word' id='word_1_474' title='bbox 1732 3413 1834 3468; x_wconf 91' lang='lat' dir='ltr'><strong>pro</strong></span> <span class='ocrx_word' id='word_1_475' title='bbox 1857 3400 2100 3456; x_wconf 89' lang='lat' dir='ltr'><strong>oraculis</strong></span> <span class='ocrx_word' id='word_1_476' title='bbox 2127 3401 2442 3470; x_wconf 82' lang='lat' dir='ltr'><strong>excepisse,</strong></span> <span class='ocrx_word' id='word_1_477' title='bbox 2465 3409 2704 3456; x_wconf 88' lang='lat' dir='ltr'><strong>testatur</strong></span> <span class='ocrx_word' id='word_1_478' title='bbox 2739 3416 2850 3455; x_wconf 91' lang='lat' dir='ltr'><strong>non</strong></span> <span class='ocrx_word' id='word_1_479' title='bbox 2881 3417 2996 3457; x_wconf 92' lang='lat' dir='ltr'><strong>uno</strong></span> <span class='ocrx_word' id='word_1_480' title='bbox 3023 3403 3146 3460; x_wconf 91' lang='lat' dir='ltr'><strong>loco</strong></span> <span class='ocrx_word' id='word_1_481' title='bbox 3166 3405 3389 3461; x_wconf 86' lang='lat' dir='ltr'><strong>Nicetas</strong></span> <span class='ocrx_word' id='word_1_482' title='bbox 3417 3405 3477 3459; x_wconf 89' lang='lat' dir='ltr'><strong>in</strong></span> 
     </span>
    </p>
   </div>
   <div class='ocr_carea' id='block_1_38' title="bbox 218 3471 3476 3557">
    <p class='ocr_par' dir='ltr' id='par_1_38' title="bbox 218 3471 3476 3557">
     <span class='ocr_line' id='line_1_38' title="bbox 218 3471 3476 3557; baseline 0.007 -31"><span class='ocrx_word' id='word_1_483' title='bbox 218 3471 354 3530; x_wconf 90' lang='lat' dir='ltr'><strong>illius</strong></span> <span class='ocrx_word' id='word_1_484' title='bbox 382 3476 509 3532; x_wconf 82' lang='lat' dir='ltr'><strong>Vita</strong></span> <span class='ocrx_word' id='word_1_485' title='bbox 545 3476 681 3549; x_wconf 66' lang='lat'><strong>(45),</strong></span> <span class='ocrx_word' id='word_1_486' title='bbox 710 3478 887 3546; x_wconf 86' lang='lat' dir='ltr'><strong>Quem</strong></span> <span class='ocrx_word' id='word_1_487' title='bbox 914 3480 1139 3551; x_wconf 91' lang='lat' dir='ltr'><strong>quidem</strong></span> <span class='ocrx_word' id='word_1_488' title='bbox 1167 3482 1314 3538; x_wconf 90' lang='lat' dir='ltr'><strong>baud</strong></span> <span class='ocrx_word' id='word_1_489' title='bbox 1348 3484 1551 3539; x_wconf 90' lang='lat' dir='ltr'><strong>mirum</strong></span> <span class='ocrx_word' id='word_1_490' title='bbox 1575 3487 1908 3542; x_wconf 88' lang='lat' dir='ltr'><strong>sententiam</strong></span> <span class='ocrx_word' id='word_1_491' title='bbox 1939 3502 2091 3542; x_wconf 88' lang='lat' dir='ltr'><strong>suam</strong></span> <span class='ocrx_word' id='word_1_492' title='bbox 2118 3487 2175 3542; x_wconf 89' lang='lat' dir='ltr'><strong>in</strong></span> <span class='ocrx_word' id='word_1_493' title='bbox 2217 3488 2450 3557; x_wconf 88' lang='lat' dir='ltr'><strong>cpistola</strong></span> <span class='ocrx_word' id='word_1_494' title='bbox 2478 3488 2545 3543; x_wconf 90' lang='lat' dir='ltr'><strong>ad</strong></span> <span class='ocrx_word' id='word_1_495' title='bbox 2573 3489 2908 3544; x_wconf 87' lang='lat' dir='ltr'><strong>monachum</strong></span> <span class='ocrx_word' id='word_1_496' title='bbox 2937 3490 3189 3546; x_wconf 80' lang='lat' dir='ltr'><strong>ﬁrmasse</strong></span> <span class='ocrx_word' id='word_1_497' title='bbox 3242 3500 3326 3548; x_wconf 88' lang='lat' dir='ltr'><strong>tot</strong></span> <span class='ocrx_word' id='word_1_498' title='bbox 3381 3507 3476 3547; x_wconf 86' lang='lat' dir='ltr'><strong>sa-</strong></span> 
     </span>
    </p>
   </div>
   <div class='ocr_carea' id='block_1_39' title="bbox 218 3561 3473 3645">
    <p class='ocr_par' dir='ltr' id='par_1_39' title="bbox 218 3561 3473 3645">
     <span class='ocr_line' id='line_1_39' title="bbox 218 3561 3473 3645; baseline 0.006 -29"><span class='ocrx_word' id='word_1_499' title='bbox 218 3575 311 3616; x_wconf 74' lang='lat' dir='ltr'><strong>cra:</strong></span> <span class='ocrx_word' id='word_1_500' title='bbox 331 3561 638 3636; x_wconf 70' lang='lat' dir='ltr'><strong>Scriptum</strong></span> <span class='ocrx_word' id='word_1_501' title='bbox 668 3576 726 3622; x_wconf 90' lang='lat' dir='ltr'><strong>et</strong></span> <span class='ocrx_word' id='word_1_502' title='bbox 753 3566 976 3622; x_wconf 86' lang='lat' dir='ltr'><strong>Patrum</strong></span> <span class='ocrx_word' id='word_1_503' title='bbox 1003 3568 1452 3634; x_wconf 85' lang='lat' dir='ltr'><strong>auctoritatibus.</strong></span> <span class='ocrx_word' id='word_1_504' title='bbox 1488 3587 1615 3627; x_wconf 88' lang='lat' dir='ltr'><strong>cum</strong></span> <span class='ocrx_word' id='word_1_505' title='bbox 1644 3590 1675 3627; x_wconf 85' lang='lat' dir='ltr'><strong>a</strong></span> <span class='ocrx_word' id='word_1_506' title='bbox 1703 3572 1977 3629; x_wconf 79' lang='lat' dir='ltr'><strong>Ciunamo</strong></span> <span class='ocrx_word' id='word_1_507' title='bbox 1999 3574 2111 3644; x_wconf 74' lang='grc'><strong>(46)</strong></span> <span class='ocrx_word' id='word_1_508' title='bbox 2153 3573 2358 3629; x_wconf 86' lang='lat' dir='ltr'><strong>divinis</strong></span> <span class='ocrx_word' id='word_1_509' title='bbox 2376 3573 2609 3645; x_wconf 88' lang='lat' dir='ltr'><strong>perinde</strong></span> <span class='ocrx_word' id='word_1_510' title='bbox 2665 3590 2730 3631; x_wconf 88' lang='lat' dir='ltr'><strong>ac</strong></span> <span class='ocrx_word' id='word_1_511' title='bbox 2776 3575 3208 3634; x_wconf 82' lang='lat' dir='ltr'><strong>humanioribus</strong></span> <span class='ocrx_word' id='word_1_512' title='bbox 3261 3579 3473 3636; x_wconf 84' lang='lat' dir='ltr'><strong>litteris</strong></span> 
     </span>
    </p>
   </div>
   <div class='ocr_carea' id='block_1_40' title="bbox 218 3650 3489 3725">
    <p class='ocr_par' dir='ltr' id='par_1_40' title="bbox 218 3650 3489 3725">
     <span class='ocr_line' id='line_1_40' title="bbox 218 3650 3489 3725; baseline 0.005 -21"><span class='ocrx_word' id='word_1_513' title='bbox 218 3650 509 3709; x_wconf 79' lang='lat' dir='ltr'><strong>admodum</strong></span> <span class='ocrx_word' id='word_1_514' title='bbox 548 3654 874 3723; x_wconf 90' lang='lat' dir='ltr'><strong>instructus,</strong></span> <span class='ocrx_word' id='word_1_515' title='bbox 896 3664 953 3711; x_wconf 86' lang='lat' dir='ltr'><strong>et</strong></span> <span class='ocrx_word' id='word_1_516' title='bbox 988 3657 1136 3713; x_wconf 91' lang='lat' dir='ltr'><strong>bello</strong></span> <span class='ocrx_word' id='word_1_517' title='bbox 1164 3658 1348 3715; x_wconf 89' lang='lat' dir='ltr'><strong>clarus</strong></span> <span class='ocrx_word' id='word_1_518' title='bbox 1383 3660 1628 3725; x_wconf 87' lang='lat' dir='ltr'><strong>habitus,</strong></span> <span class='ocrx_word' id='word_1_519' title='bbox 1661 3661 1890 3716; x_wconf 80' lang='lat' dir='ltr'><strong>Martem</strong></span> <span class='ocrx_word' id='word_1_520' title='bbox 1920 3671 1975 3717; x_wconf 91' lang='lat' dir='ltr'><strong>et</strong></span> <span class='ocrx_word' id='word_1_521' title='bbox 1996 3662 2330 3718; x_wconf 81' lang='lat' dir='ltr'><strong>Mercurium</strong></span> <span class='ocrx_word' id='word_1_522' title='bbox 2365 3676 2474 3717; x_wconf 90' lang='lat' dir='ltr'><strong>una</strong></span> <span class='ocrx_word' id='word_1_523' title='bbox 2497 3671 2553 3717; x_wconf 90' lang='lat' dir='ltr'><strong>et</strong></span> <span class='ocrx_word' id='word_1_524' title='bbox 2586 3660 2752 3717; x_wconf 88' lang='lat' dir='ltr'><strong>simul</strong></span> <span class='ocrx_word' id='word_1_525' title='bbox 2784 3662 3027 3721; x_wconf 89' lang='lat' dir='ltr'><strong>coluisse</strong></span> <span class='ocrx_word' id='word_1_526' title='bbox 3082 3664 3303 3722; x_wconf 85' lang='lat' dir='ltr'><strong>dicatur</strong></span> <span class='ocrx_word' id='word_1_527' title='bbox 3330 3680 3346 3720; x_wconf 89' lang='lat'><strong>:</strong></span> <span class='ocrx_word' id='word_1_528' title='bbox 3398 3664 3489 3721; x_wconf 70' lang='lat' dir='ltr'><strong>ita,</strong></span> 
     </span>
    </p>
   </div>
   <div class='ocr_carea' id='block_1_41' title="bbox 220 3741 2698 3824">
    <p class='ocr_par' dir='ltr' id='par_1_41' title="bbox 220 3741 2698 3824">
     <span class='ocr_line' id='line_1_41' title="bbox 220 3741 2698 3824; baseline 0.006 -31"><span class='ocrx_word' id='word_1_529' title='bbox 220 3749 274 3794; x_wconf 81' lang='lat' dir='ltr'><strong>ut</strong></span> <span class='ocrx_word' id='word_1_530' title='bbox 297 3741 543 3798; x_wconf 83' lang='lat' dir='ltr'><strong>Manueli</strong></span> <span class='ocrx_word' id='word_1_531' title='bbox 571 3744 746 3815; x_wconf 83' lang='lat' dir='ltr'><strong>aptari</strong></span> <span class='ocrx_word' id='word_1_532' title='bbox 782 3745 1027 3816; x_wconf 88' lang='lat' dir='ltr'><strong>potuerit</strong></span> <span class='ocrx_word' id='word_1_533' title='bbox 1055 3747 1202 3817; x_wconf 89' lang='lat' dir='ltr'><strong>quod</strong></span> <span class='ocrx_word' id='word_1_534' title='bbox 1230 3747 1567 3820; x_wconf 88' lang='lat' dir='ltr'><strong>Calpurnius</strong></span> <span class='ocrx_word' id='word_1_535' title='bbox 1597 3749 1710 3824; x_wconf 74' lang='grc'><strong>(47)</strong></span> <span class='ocrx_word' id='word_1_536' title='bbox 1738 3751 1807 3806; x_wconf 91' lang='lat' dir='ltr'><strong>de</strong></span> <span class='ocrx_word' id='word_1_537' title='bbox 1837 3751 2044 3809; x_wconf 90' lang='lat' dir='ltr'><strong>Carino</strong></span> <span class='ocrx_word' id='word_1_538' title='bbox 2074 3752 2410 3824; x_wconf 86' lang='lat' dir='ltr'><strong>imperatore</strong></span> <span class='ocrx_word' id='word_1_539' title='bbox 2442 3749 2655 3808; x_wconf 87' lang='lat' dir='ltr'><strong>cecinit</strong></span> <span class='ocrx_word' id='word_1_540' title='bbox 2681 3767 2698 3808; x_wconf 90' lang='lat'><strong>:</strong></span> 
     </span>
    </p>
   </div>
   <div class='ocr_carea' id='block_1_42' title="bbox 1079 3879 2154 3956">
    <p class='ocr_par' dir='ltr' id='par_1_42' title="bbox 1079 3879 2154 3956">
     <span class='ocr_line' id='line_1_42' title="bbox 1079 3879 2154 3956; baseline 0.006 -21"><span class='ocrx_word' id='word_1_541' title='bbox 1079 3879 1351 3956; x_wconf 62' lang='lat' dir='ltr'><strong>Utcunque</strong></span> <span class='ocrx_word' id='word_1_542' title='bbox 1379 3891 1559 3939; x_wconf 85' lang='lat' dir='ltr'><strong>tamen</strong></span> <span class='ocrx_word' id='word_1_543' title='bbox 1586 3887 1950 3956; x_wconf 73' lang='lat' dir='ltr'><strong>conspeximus</strong></span> <span class='ocrx_word' id='word_1_544' title='bbox 1983 3886 2154 3953; x_wconf 88' lang='lat' dir='ltr'><strong>ipsum</strong></span> 
     </span>
    </p>
   </div>
   <div class='ocr_carea' id='block_1_43' title="bbox 1075 3950 2301 4027">
    <p class='ocr_par' dir='ltr' id='par_1_43' title="bbox 1075 3950 2301 4027">
     <span class='ocr_line' id='line_1_43' title="bbox 1075 3950 2301 4027; baseline 0.006 -22"><span class='ocrx_word' id='word_1_545' title='bbox 1075 3950 1326 4027; x_wconf 50' lang='lat' dir='ltr'><strong>Qangjtis,</strong></span> <span class='ocrx_word' id='word_1_546' title='bbox 1364 3972 1447 4019; x_wconf 83' lang='lat' dir='ltr'><strong>ac,</strong></span> <span class='ocrx_word' id='word_1_547' title='bbox 1481 3958 1582 4027; x_wconf 84' lang='lat' dir='ltr'><strong>nisi</strong></span> <span class='ocrx_word' id='word_1_548' title='bbox 1606 3972 1689 4010; x_wconf 87' lang='lat' dir='ltr'><strong>me</strong></span> <span class='ocrx_word' id='word_1_549' title='bbox 1713 3950 1916 4027; x_wconf 79' lang='lat' dir='ltr'><strong>decepit</strong></span> <span class='ocrx_word' id='word_1_550' title='bbox 1934 3950 2091 4024; x_wconf 33' lang='lat' dir='ltr'><strong>uis-us,</strong></span> <span class='ocrx_word' id='word_1_551' title='bbox 2110 3960 2167 4012; x_wconf 91' lang='lat' dir='ltr'><strong>in</strong></span> <span class='ocrx_word' id='word_1_552' title='bbox 2195 3974 2301 4012; x_wconf 82' lang='lat' dir='ltr'><strong>uno</strong></span> 
     </span>
    </p>
   </div>
   <div class='ocr_carea' id='block_1_44' title="bbox 1077 4024 2304 4099">
    <p class='ocr_par' dir='ltr' id='par_1_44' title="bbox 1077 4024 2304 4099">
     <span class='ocr_line' id='line_1_44' title="bbox 1077 4024 2304 4099; baseline 0.004 -21"><span class='ocrx_word' id='word_1_553' title='bbox 1077 4024 1147 4078; x_wconf 84' lang='lat' dir='ltr'><strong>Et</strong></span> <span class='ocrx_word' id='word_1_554' title='bbox 1172 4024 1366 4081; x_wconf 80' lang='lat' dir='ltr'><strong>Martis</strong></span> <span class='ocrx_word' id='word_1_555' title='bbox 1398 4025 1576 4081; x_wconf 81' lang='lat' dir='ltr'><strong>vultus</strong></span> <span class='ocrx_word' id='word_1_556' title='bbox 1604 4035 1653 4081; x_wconf 86' lang='lat' dir='ltr'><strong>et</strong></span> <span class='ocrx_word' id='word_1_557' title='bbox 1675 4024 1941 4097; x_wconf 79' lang='lat' dir='ltr'><strong>Apollinis</strong></span> <span class='ocrx_word' id='word_1_558' title='bbox 1960 4043 2071 4082; x_wconf 82' lang='lat' dir='ltr'><strong>esse</strong></span> <span class='ocrx_word' id='word_1_559' title='bbox 2099 4030 2304 4099; x_wconf 77' lang='lat' dir='ltr'><strong>putavi.</strong></span> 
     </span>
    </p>
   </div>
   <div class='ocr_carea' id='block_1_45' title="bbox 280 4196 1853 4379">
    <p class='ocr_par' dir='ltr' id='par_1_45' title="bbox 280 4196 1191 4379">
     <span class='ocr_line' id='line_1_45' title="bbox 280 4196 1191 4265; baseline 0.007 -15"><span class='ocrx_word' id='word_1_560' title='bbox 280 4196 389 4265; x_wconf 74' lang='lat'><strong>(39,</strong></span> <span class='ocrx_word' id='word_1_561' title='bbox 417 4198 480 4254; x_wconf 70' lang='grc' dir='ltr'><strong>Ρ.</strong></span> <span class='ocrx_word' id='word_1_562' title='bbox 505 4197 633 4264; x_wconf 73' lang='lat' dir='ltr'><strong>su,</strong></span> <span class='ocrx_word' id='word_1_563' title='bbox 654 4199 783 4253; x_wconf 74' lang='lat' dir='ltr'><strong>5M.</strong></span> <span class='ocrx_word' id='word_1_564' title='bbox 1184 4222 1191 4231; x_wconf 65' lang='grc' dir='ltr'>η</span> 
     </span>
     <span class='ocr_line' id='line_1_46' title="bbox 280 4266 1175 4379; baseline 0.002 0"><span class='ocrx_word' id='word_1_565' title='bbox 280 4266 391 4379; x_wconf 66' lang='grc' dir='ltr'><strong>ἓέἳξ</strong></span> <span class='ocrx_word' id='word_1_566' title='bbox 421 4268 696 4379; x_wconf 48' lang='lat' dir='ltr'><strong>sese:</strong></span> <span class='ocrx_word' id='word_1_567' title='bbox 730 4268 939 4379; x_wconf 57' lang='lat' dir='ltr'><strong>trit-</strong></span> <span class='ocrx_word' id='word_1_568' title='bbox 964 4287 1020 4326; x_wconf 78' lang='grc' dir='ltr'><strong>η·</strong></span> 
     </span>
    </p>
   </div>
   <div class='ocr_carea' id='block_1_46' title="bbox 1887 4196 3460 4379">
    <p class='ocr_par' dir='ltr' id='par_1_46' title="bbox 1964 4204 3460 4379">
     <span class='ocr_line' id='line_1_47' title="bbox 1973 4204 2497 4274; baseline -0.004 -10"><span class='ocrx_word' id='word_1_569' title='bbox 1973 4206 2087 4274; x_wconf 69' lang='grc' dir='ltr'><strong>(Η)</strong></span> <span class='ocrx_word' id='word_1_570' title='bbox 2124 4204 2246 4262; x_wconf 87' lang='lat' dir='ltr'><strong>Lib.</strong></span> <span class='ocrx_word' id='word_1_571' title='bbox 2279 4204 2497 4274; x_wconf 68' lang='lat' dir='ltr'><strong>t,n.&#39;l.-</strong></span> 
     </span>
     <span class='ocr_line' id='line_1_48' title="bbox 1964 4275 3460 4379; baseline 0.003 -47"><span class='ocrx_word' id='word_1_572' title='bbox 1964 4275 2323 4379; x_wconf 34' lang='lat' dir='ltr'><strong>tib-1.1.,</strong></span> <span class='ocrx_word' id='word_1_573' title='bbox 2355 4296 2415 4379; x_wconf 65' lang='lat' dir='ltr'><strong>n.</strong></span> <span class='ocrx_word' id='word_1_574' title='bbox 2437 4277 2508 4379; x_wconf 58' lang='grc' dir='ltr'>ἔς</span> <span class='ocrx_word' id='word_1_575' title='bbox 2537 4277 2638 4336; x_wconf 91' lang='lat' dir='ltr'><strong>lib.</strong></span> <span class='ocrx_word' id='word_1_576' title='bbox 2662 4292 2719 4347; x_wconf 89' lang='lat' dir='ltr'><strong>v,</strong></span> <span class='ocrx_word' id='word_1_577' title='bbox 2751 4293 2811 4337; x_wconf 81' lang='grc' dir='ltr'><strong>ιι.</strong></span> <span class='ocrx_word' id='word_1_578' title='bbox 2836 4279 2895 4346; x_wconf 71' lang='grc' dir='ltr'><strong>Ξ,</strong></span> <span class='ocrx_word' id='word_1_579' title='bbox 2915 4277 2988 4346; x_wconf 86' lang='lat'><strong>8;</strong></span> <span class='ocrx_word' id='word_1_580' title='bbox 3018 4275 3119 4335; x_wconf 88' lang='lat' dir='ltr'><strong>lib.</strong></span> <span class='ocrx_word' id='word_1_581' title='bbox 3149 4292 3249 4343; x_wconf 84' lang='lat' dir='ltr'><strong>vn,</strong></span> <span class='ocrx_word' id='word_1_582' title='bbox 3309 4293 3370 4335; x_wconf 91' lang='lat' dir='ltr'><strong>n.</strong></span> <span class='ocrx_word' id='word_1_583' title='bbox 3407 4282 3460 4336; x_wconf 88' lang='lat'><strong>7.</strong></span> 
     </span>
    </p>
   </div>
   <div class='ocr_carea' id='block_1_47' title="bbox 299 4337 1872 4491">
    <p class='ocr_par' dir='ltr' id='par_1_47' title="bbox 299 4337 1327 4491">
     <span class='ocr_line' id='line_1_49' title="bbox 299 4337 948 4408; baseline 0.009 -17"><span class='ocrx_word' id='word_1_584' title='bbox 299 4337 388 4408; x_wconf 73' lang='lat' dir='ltr'><strong>ti)</strong></span> <span class='ocrx_word' id='word_1_585' title='bbox 418 4338 545 4394; x_wconf 89' lang='lat' dir='ltr'><strong>Lib.</strong></span> <span class='ocrx_word' id='word_1_586' title='bbox 571 4354 629 4405; x_wconf 75' lang='grc' dir='ltr'><strong>ν,</strong></span> <span class='ocrx_word' id='word_1_587' title='bbox 652 4356 711 4395; x_wconf 90' lang='lat' dir='ltr'><strong>n.</strong></span> <span class='ocrx_word' id='word_1_588' title='bbox 744 4340 831 4403; x_wconf 71' lang='lat' dir='ltr'><strong>tt,</strong></span> <span class='ocrx_word' id='word_1_589' title='bbox 860 4339 948 4397; x_wconf 81' lang='lat' dir='ltr'><strong>t5.</strong></span> 
     </span>
     <span class='ocr_line' id='line_1_50' title="bbox 300 4408 1327 4491; baseline 0.011 -28"><span class='ocrx_word' id='word_1_590' title='bbox 300 4408 391 4491; x_wconf 56' lang='lat' dir='ltr'><strong>is)</strong></span> <span class='ocrx_word' id='word_1_591' title='bbox 418 4409 617 4491; x_wconf 58' lang='grc' dir='ltr'><strong>ρεγαρδ</strong></span> <span class='ocrx_word' id='word_1_592' title='bbox 649 4426 706 4481; x_wconf 88' lang='lat' dir='ltr'><strong>p.</strong></span> <span class='ocrx_word' id='word_1_593' title='bbox 735 4410 860 4491; x_wconf 54' lang='lat' dir='ltr'><strong>tto,</strong></span> <span class='ocrx_word' id='word_1_594' title='bbox 890 4412 1021 4481; x_wconf 77' lang='lat' dir='ltr'><strong>sse,</strong></span> <span class='ocrx_word' id='word_1_595' title='bbox 1042 4413 1170 4482; x_wconf 71' lang='lat'><strong>294,</strong></span> <span class='ocrx_word' id='word_1_596' title='bbox 1198 4414 1327 4474; x_wconf 76' lang='lat'><strong>297.</strong></span> 
     </span>
    </p>
   </div>
   <div class='ocr_carea' id='block_1_48' title="bbox 922 4337 2495 4491">
    <p class='ocr_par' dir='ltr' id='par_1_48' title="bbox 922 4337 2495 4491">
     <span class='ocr_line' id='line_1_51' title="bbox 922 4337 2495 4421; baseline 0.009 -28"><span class='ocrx_word' id='word_1_597' title='bbox 922 4343 948 4396; x_wconf 70' lang='grc' dir='ltr'><strong>ἱ.</strong></span> <span class='ocrx_word' id='word_1_598' title='bbox 2094 4342 2227 4404; x_wconf 74' lang='grc' dir='ltr'><strong>ιη).</strong></span> <span class='ocrx_word' id='word_1_599' title='bbox 2253 4337 2327 4412; x_wconf 61' lang='lat' dir='ltr'><strong>vr,</strong></span> <span class='ocrx_word' id='word_1_600' title='bbox 2358 4365 2419 4406; x_wconf 90' lang='lat' dir='ltr'><strong>n.</strong></span> <span class='ocrx_word' id='word_1_601' title='bbox 2437 4342 2495 4407; x_wconf 72' lang='lat'><strong>2.</strong></span> 
     </span>
     <span class='ocr_line' id='line_1_52' title="bbox 922 4412 2377 4491; baseline 0.006 -24"><span class='ocrx_word' id='word_1_602' title='bbox 922 4412 1021 4481; x_wconf 65' lang='lat' dir='ltr'><strong>iss,</strong></span> <span class='ocrx_word' id='word_1_603' title='bbox 1042 4413 1170 4482; x_wconf 71' lang='lat'><strong>294,</strong></span> <span class='ocrx_word' id='word_1_604' title='bbox 1198 4414 1327 4474; x_wconf 75' lang='lat'><strong>297.</strong></span> <span class='ocrx_word' id='word_1_605' title='bbox 1964 4421 2079 4491; x_wconf 73' lang='grc'><strong>(47)</strong></span> <span class='ocrx_word' id='word_1_606' title='bbox 2117 4419 2236 4476; x_wconf 86' lang='lat' dir='ltr'><strong>Ecl.</strong></span> <span class='ocrx_word' id='word_1_607' title='bbox 2271 4421 2377 4478; x_wconf 90' lang='lat' dir='ltr'><strong>ult.</strong></span> 
     </span>
    </p>
   </div>
   <div class='ocr_carea' id='block_1_49' title="bbox 278 4480 828 4553">
    <p class='ocr_par' dir='ltr' id='par_1_49' title="bbox 278 4480 828 4553">
     <span class='ocr_line' id='line_1_53' title="bbox 278 4480 828 4553; baseline 0.011 -19"><span class='ocrx_word' id='word_1_608' title='bbox 278 4480 388 4551; x_wconf 69' lang='lat'><strong>(43)</strong></span> <span class='ocrx_word' id='word_1_609' title='bbox 418 4480 618 4553; x_wconf 82' lang='lat' dir='ltr'><strong>Glycas</strong></span> <span class='ocrx_word' id='word_1_610' title='bbox 649 4480 707 4552; x_wconf 76' lang='lat' dir='ltr'><strong>p.</strong></span> <span class='ocrx_word' id='word_1_611' title='bbox 734 4481 828 4540; x_wconf 73' lang='lat'><strong>26.</strong></span> 
     </span>
    </p>
   </div>
   <div class='ocr_carea' id='block_1_50' title="bbox 231 4677 3456 4715">
    <p class='ocr_par' dir='ltr' id='par_1_50' title="bbox 231 4677 3456 4715">
     <span class='ocr_line' id='line_1_54' title="bbox 231 4677 3456 4715; baseline 0.006 -20"><span class='ocrx_word' id='word_1_612' title='bbox 231 4677 3456 4715; x_wconf 53' lang='lat' dir='ltr'><strong>mm</strong></span> 
     </span>
    </p>
   </div>
   <div class='ocr_carea' id='block_1_51' title="bbox 1548 4871 2120 4968">
    <p class='ocr_par' dir='ltr' id='par_1_51' title="bbox 1548 4871 2120 4968">
     <span class='ocr_line' id='line_1_55' title="bbox 1548 4871 2120 4968; baseline 0.007 -5"><span class='ocrx_word' id='word_1_613' title='bbox 1548 4871 2120 4968; x_wconf 80' lang='lat' dir='ltr'><strong>LECTORI.</strong></span> 
     </span>
    </p>
   </div>
   <div class='ocr_carea' id='block_1_52' title="bbox 222 5059 3456 5133">
    <p class='ocr_par' dir='ltr' id='par_1_52' title="bbox 222 5059 3456 5133">
     <span class='ocr_line' id='line_1_56' title="bbox 222 5059 3456 5133; baseline 0.005 -25"><span class='ocrx_word' id='word_1_614' title='bbox 222 5059 441 5111; x_wconf 64' lang='lat' dir='ltr'><strong>lenitum</strong></span> <span class='ocrx_word' id='word_1_615' title='bbox 466 5062 784 5124; x_wconf 83' lang='lat' dir='ltr'><strong>subsequens</strong></span> <span class='ocrx_word' id='word_1_616' title='bbox 808 5061 1200 5124; x_wconf 77' lang='lat' dir='ltr'><strong>praemittebatur</strong></span> <span class='ocrx_word' id='word_1_617' title='bbox 1224 5063 1364 5114; x_wconf 88' lang='lat' dir='ltr'><strong>Notis</strong></span> <span class='ocrx_word' id='word_1_618' title='bbox 1386 5061 1638 5114; x_wconf 84' lang='lat' dir='ltr'><strong>historicis</strong></span> <span class='ocrx_word' id='word_1_619' title='bbox 1650 5063 1731 5116; x_wconf 89' lang='lat' dir='ltr'><strong>Du</strong></span> <span class='ocrx_word' id='word_1_620' title='bbox 1751 5063 1920 5129; x_wconf 78' lang='lat' dir='ltr'><strong>Cangti</strong></span> <span class='ocrx_word' id='word_1_621' title='bbox 1938 5076 2064 5126; x_wconf 87' lang='lat' dir='ltr'><strong>quas</strong></span> <span class='ocrx_word' id='word_1_622' title='bbox 2082 5076 2146 5115; x_wconf 83' lang='lat' dir='ltr'><strong>ex</strong></span> <span class='ocrx_word' id='word_1_623' title='bbox 2177 5063 2375 5119; x_wconf 85' lang='lat' dir='ltr'><strong>calcet.</strong></span> <span class='ocrx_word' id='word_1_624' title='bbox 2399 5065 2446 5118; x_wconf 90' lang='lat' dir='ltr'>II</span> <span class='ocrx_word' id='word_1_625' title='bbox 2464 5072 2723 5122; x_wconf 78' lang='lat' dir='ltr'><strong>revocatas</strong></span> <span class='ocrx_word' id='word_1_626' title='bbox 2752 5071 2917 5122; x_wconf 78' lang='lat' dir='ltr'><strong>textui</strong></span> <span class='ocrx_word' id='word_1_627' title='bbox 2944 5070 3273 5133; x_wconf 83' lang='lat' dir='ltr'><strong>subjeclmus.</strong></span> <span class='ocrx_word' id='word_1_628' title='bbox 3314 5071 3456 5125; x_wconf 69' lang='lat' dir='ltr'><strong>Enn.</strong></span> 
     </span>
    </p>
   </div>
   <div class='ocr_carea' id='block_1_53' title="bbox 281 5368 3471 5447">
    <p class='ocr_par' dir='ltr' id='par_1_53' title="bbox 281 5368 3471 5447">
     <span class='ocr_line' id='line_1_57' title="bbox 281 5368 3471 5447; baseline 0.002 -26"><span class='ocrx_word' id='word_1_629' title='bbox 281 5368 552 5437; x_wconf 76' lang='lat' dir='ltr'><strong>Ejusmodi</strong></span> <span class='ocrx_word' id='word_1_630' title='bbox 602 5377 726 5421; x_wconf 87' lang='lat' dir='ltr'><strong>sunt</strong></span> <span class='ocrx_word' id='word_1_631' title='bbox 765 5370 855 5431; x_wconf 84' lang='lat' dir='ltr'><strong>qui</strong></span> <span class='ocrx_word' id='word_1_632' title='bbox 897 5370 1199 5440; x_wconf 85' lang='lat' dir='ltr'><strong>generalem</strong></span> <span class='ocrx_word' id='word_1_633' title='bbox 1241 5369 1535 5440; x_wconf 74' lang='lat' dir='ltr'><strong>prresertim</strong></span> <span class='ocrx_word' id='word_1_634' title='bbox 1579 5377 1820 5437; x_wconf 77' lang='lat' dir='ltr'><strong>spectant</strong></span> <span class='ocrx_word' id='word_1_635' title='bbox 1867 5373 2165 5439; x_wconf 81' lang='lat' dir='ltr'><strong>historiam,</strong></span> <span class='ocrx_word' id='word_1_636' title='bbox 2217 5373 2661 5443; x_wconf 87' lang='lat' dir='ltr'><strong>quemadmodum</strong></span> <span class='ocrx_word' id='word_1_637' title='bbox 2710 5381 2837 5428; x_wconf 88' lang='lat' dir='ltr'><strong>sunt</strong></span> <span class='ocrx_word' id='word_1_638' title='bbox 2879 5371 3107 5432; x_wconf 63' lang='lat' dir='ltr'><strong>Zonaras</strong></span> <span class='ocrx_word' id='word_1_639' title='bbox 3144 5393 3274 5447; x_wconf 89' lang='lat' dir='ltr'><strong>quos</strong></span> <span class='ocrx_word' id='word_1_640' title='bbox 3315 5378 3471 5435; x_wconf 78' lang='lat' dir='ltr'><strong>modo</strong></span> 
     </span>
    </p>
   </div>
   <div class='ocr_carea' id='block_1_54' title="bbox 225 5449 3471 5535">
    <p class='ocr_par' dir='ltr' id='par_1_54' title="bbox 225 5449 3471 5535">
     <span class='ocr_line' id='line_1_58' title="bbox 225 5449 3471 5535; baseline 0.002 -24"><span class='ocrx_word' id='word_1_641' title='bbox 225 5462 518 5523; x_wconf 70' lang='lat' dir='ltr'><strong>recedimus,</strong></span> <span class='ocrx_word' id='word_1_642' title='bbox 549 5460 804 5526; x_wconf 79' lang='lat' dir='ltr'><strong>Annales,</strong></span> <span class='ocrx_word' id='word_1_643' title='bbox 848 5473 905 5514; x_wconf 90' lang='lat' dir='ltr'><strong>ut</strong></span> <span class='ocrx_word' id='word_1_644' title='bbox 934 5461 1214 5532; x_wconf 82' lang='lat' dir='ltr'><strong>fusioribus</strong></span> <span class='ocrx_word' id='word_1_645' title='bbox 1253 5460 1523 5515; x_wconf 80' lang='lat' dir='ltr'><strong>illustrari</strong></span> <span class='ocrx_word' id='word_1_646' title='bbox 1555 5449 1947 5516; x_wconf 74' lang='lat' dir='ltr'><strong>commentariis</strong></span> <span class='ocrx_word' id='word_1_647' title='bbox 1979 5463 2194 5515; x_wconf 87' lang='lat' dir='ltr'><strong>minime</strong></span> <span class='ocrx_word' id='word_1_648' title='bbox 2223 5461 2446 5514; x_wconf 86' lang='lat' dir='ltr'><strong>debeant</strong></span> <span class='ocrx_word' id='word_1_649' title='bbox 2480 5477 2499 5515; x_wconf 89' lang='lat'><strong><em>:</em></strong></span> <span class='ocrx_word' id='word_1_650' title='bbox 2538 5479 2656 5516; x_wconf 91' lang='lat' dir='ltr'><strong>cum</strong></span> <span class='ocrx_word' id='word_1_651' title='bbox 2682 5465 2772 5533; x_wconf 82' lang='lat' dir='ltr'><strong>qui</strong></span> <span class='ocrx_word' id='word_1_652' title='bbox 2798 5465 2853 5519; x_wconf 88' lang='lat' dir='ltr'><strong>id</strong></span> <span class='ocrx_word' id='word_1_653' title='bbox 2878 5465 3179 5535; x_wconf 79' lang='lat' dir='ltr'><strong>faciendum</strong></span> <span class='ocrx_word' id='word_1_654' title='bbox 3214 5464 3314 5518; x_wconf 85' lang='lat' dir='ltr'><strong>sibi</strong></span> <span class='ocrx_word' id='word_1_655' title='bbox 3342 5481 3471 5534; x_wconf 84' lang='lat' dir='ltr'><strong>pro-</strong></span> 
     </span>
    </p>
   </div>
   <div class='ocr_carea' id='block_1_55' title="bbox 225 5548 3469 5621">
    <p class='ocr_par' dir='ltr' id='par_1_55' title="bbox 225 5548 3469 5621">
     <span class='ocr_line' id='line_1_59' title="bbox 225 5548 3469 5621; baseline 0.002 -19"><span class='ocrx_word' id='word_1_656' title='bbox 225 5559 441 5615; x_wconf 83' lang='lat' dir='ltr'><strong>poneret,</strong></span> <span class='ocrx_word' id='word_1_657' title='bbox 492 5549 769 5604; x_wconf 82' lang='lat' dir='ltr'><strong>inutilibus</strong></span> <span class='ocrx_word' id='word_1_658' title='bbox 809 5552 980 5621; x_wconf 85' lang='lat' dir='ltr'><strong>potius</strong></span> <span class='ocrx_word' id='word_1_659' title='bbox 1010 5567 1072 5604; x_wconf 89' lang='lat' dir='ltr'><strong>ac</strong></span> <span class='ocrx_word' id='word_1_660' title='bbox 1107 5551 1514 5620; x_wconf 85' lang='lat' dir='ltr'><strong>supervacaneis</strong></span> <span class='ocrx_word' id='word_1_661' title='bbox 1561 5549 1828 5604; x_wconf 82' lang='lat' dir='ltr'><strong>Lectorem</strong></span> <span class='ocrx_word' id='word_1_662' title='bbox 1858 5551 2110 5621; x_wconf 75' lang='lat' dir='ltr'><strong>fatigaret</strong></span> <span class='ocrx_word' id='word_1_663' title='bbox 2154 5548 2623 5614; x_wconf 83' lang='lat' dir='ltr'><strong>observationibus,</strong></span> <span class='ocrx_word' id='word_1_664' title='bbox 2663 5567 2822 5621; x_wconf 86' lang='lat' dir='ltr'><strong>quam</strong></span> <span class='ocrx_word' id='word_1_665' title='bbox 2874 5551 3054 5607; x_wconf 84' lang='lat' dir='ltr'><strong>labore</strong></span> <span class='ocrx_word' id='word_1_666' title='bbox 3083 5552 3261 5620; x_wconf 86' lang='lat' dir='ltr'><strong>quovis</strong></span> <span class='ocrx_word' id='word_1_667' title='bbox 3288 5552 3469 5607; x_wconf 83' lang='lat' dir='ltr'><strong>suble-</strong></span> 
     </span>
    </p>
   </div>
   <div class='ocr_carea' id='block_1_56' title="bbox 225 5636 3467 5710">
    <p class='ocr_par' dir='ltr' id='par_1_56' title="bbox 225 5636 3467 5710">
     <span class='ocr_line' id='line_1_60' title="bbox 225 5636 3467 5710; baseline 0.003 -24"><span class='ocrx_word' id='word_1_668' title='bbox 225 5648 367 5692; x_wconf 72' lang='lat' dir='ltr'><strong>varet.</strong></span> <span class='ocrx_word' id='word_1_669' title='bbox 397 5637 479 5692; x_wconf 83' lang='lat' dir='ltr'><strong>Ea</strong></span> <span class='ocrx_word' id='word_1_670' title='bbox 510 5640 704 5709; x_wconf 81' lang='lat' dir='ltr'><strong>quippe</strong></span> <span class='ocrx_word' id='word_1_671' title='bbox 743 5647 818 5691; x_wconf 87' lang='lat' dir='ltr'><strong>est</strong></span> <span class='ocrx_word' id='word_1_672' title='bbox 856 5638 1153 5707; x_wconf 85' lang='lat' dir='ltr'><strong>scriptionis</strong></span> <span class='ocrx_word' id='word_1_673' title='bbox 1189 5637 1339 5691; x_wconf 88' lang='lat' dir='ltr'><strong>istius</strong></span> <span class='ocrx_word' id='word_1_674' title='bbox 1382 5638 1541 5702; x_wconf 87' lang='lat' dir='ltr'><strong>ratio,</strong></span> <span class='ocrx_word' id='word_1_675' title='bbox 1582 5648 1639 5692; x_wconf 88' lang='lat' dir='ltr'><strong>ut</strong></span> <span class='ocrx_word' id='word_1_676' title='bbox 1668 5655 1784 5709; x_wconf 70' lang='lat' dir='ltr'><strong>qua:</strong></span> <span class='ocrx_word' id='word_1_677' title='bbox 1822 5654 1884 5693; x_wconf 78' lang='lat' dir='ltr'><strong>ea:</strong></span> <span class='ocrx_word' id='word_1_678' title='bbox 1911 5638 2212 5691; x_wconf 86' lang='lat' dir='ltr'><strong>auctoribus</strong></span> <span class='ocrx_word' id='word_1_679' title='bbox 2241 5636 2619 5706; x_wconf 76' lang='lat' dir='ltr'><strong>decerpantur,</strong></span> <span class='ocrx_word' id='word_1_680' title='bbox 2660 5641 2998 5710; x_wconf 86' lang='lat' dir='ltr'><strong>atlingantur</strong></span> <span class='ocrx_word' id='word_1_681' title='bbox 3047 5640 3332 5704; x_wconf 72' lang='lat' dir='ltr'><strong>duntaxat,</strong></span> <span class='ocrx_word' id='word_1_682' title='bbox 3373 5656 3467 5696; x_wconf 78' lang='lat' dir='ltr'><strong>nec</strong></span> 
     </span>
    </p>
   </div>
   <div class='ocr_carea' id='block_1_57' title="bbox 226 5721 3461 5799">
    <p class='ocr_par' dir='ltr' id='par_1_57' title="bbox 226 5721 3461 5799">
     <span class='ocr_line' id='line_1_61' title="bbox 226 5721 3461 5799; baseline 0.002 -25"><span class='ocrx_word' id='word_1_683' title='bbox 226 5721 430 5789; x_wconf 82' lang='lat' dir='ltr'><strong>pleniori</strong></span> <span class='ocrx_word' id='word_1_684' title='bbox 464 5728 709 5780; x_wconf 85' lang='lat' dir='ltr'><strong>oratione</strong></span> <span class='ocrx_word' id='word_1_685' title='bbox 759 5724 1178 5779; x_wconf 82' lang='lat' dir='ltr'><strong>conscribuntur.</strong></span> <span class='ocrx_word' id='word_1_686' title='bbox 1229 5723 1494 5780; x_wconf 80' lang='lat' dir='ltr'><strong>Continuo</strong></span> <span class='ocrx_word' id='word_1_687' title='bbox 1524 5736 1791 5796; x_wconf 83' lang='lat' dir='ltr'><strong>gestorum</strong></span> <span class='ocrx_word' id='word_1_688' title='bbox 1822 5728 2003 5793; x_wconf 85' lang='lat' dir='ltr'><strong>series,</strong></span> <span class='ocrx_word' id='word_1_689' title='bbox 2046 5736 2096 5779; x_wconf 85' lang='lat' dir='ltr'><strong>et</strong></span> <span class='ocrx_word' id='word_1_690' title='bbox 2126 5724 2413 5780; x_wconf 86' lang='lat' dir='ltr'><strong>secundum</strong></span> <span class='ocrx_word' id='word_1_691' title='bbox 2452 5726 2700 5780; x_wconf 83' lang='lat' dir='ltr'><strong>certiores</strong></span> <span class='ocrx_word' id='word_1_692' title='bbox 2732 5735 3025 5797; x_wconf 82' lang='lat' dir='ltr'><strong>temporum</strong></span> <span class='ocrx_word' id='word_1_693' title='bbox 3056 5733 3209 5780; x_wconf 87' lang='lat' dir='ltr'><strong>notas</strong></span> <span class='ocrx_word' id='word_1_694' title='bbox 3235 5726 3461 5799; x_wconf 82' lang='lat' dir='ltr'><strong>digesta,</strong></span> 
     </span>
    </p>
   </div>
   <div class='ocr_carea' id='block_1_58' title="bbox 226 5808 3456 5887">
    <p class='ocr_par' dir='ltr' id='par_1_58' title="bbox 226 5808 3456 5887">
     <span class='ocr_line' id='line_1_62' title="bbox 226 5808 3456 5887; baseline 0.004 -28"><span class='ocrx_word' id='word_1_695' title='bbox 226 5809 270 5860; x_wconf 86' lang='lat' dir='ltr'><strong>in</strong></span> <span class='ocrx_word' id='word_1_696' title='bbox 290 5811 387 5866; x_wconf 83' lang='lat' dir='ltr'><strong>illis</strong></span> <span class='ocrx_word' id='word_1_697' title='bbox 419 5815 716 5866; x_wconf 75' lang='lat' dir='ltr'><strong>attenditur</strong></span> <span class='ocrx_word' id='word_1_698' title='bbox 757 5815 1107 5884; x_wconf 86' lang='lat' dir='ltr'><strong>potissimum,</strong></span> <span class='ocrx_word' id='word_1_699' title='bbox 1151 5812 1283 5867; x_wconf 85' lang='lat' dir='ltr'><strong>adeo</strong></span> <span class='ocrx_word' id='word_1_700' title='bbox 1326 5822 1383 5867; x_wconf 88' lang='lat' dir='ltr'><strong>ut</strong></span> <span class='ocrx_word' id='word_1_701' title='bbox 1431 5814 1573 5885; x_wconf 83' lang='lat' dir='ltr'><strong>ipsas</strong></span> <span class='ocrx_word' id='word_1_702' title='bbox 1619 5815 1891 5871; x_wconf 82' lang='lat' dir='ltr'><strong>consulere</strong></span> <span class='ocrx_word' id='word_1_703' title='bbox 1939 5816 2167 5887; x_wconf 84' lang='lat' dir='ltr'><strong>origines</strong></span> <span class='ocrx_word' id='word_1_704' title='bbox 2213 5808 2418 5867; x_wconf 82' lang='lat' dir='ltr'><strong>necesse</strong></span> <span class='ocrx_word' id='word_1_705' title='bbox 2464 5812 2675 5877; x_wconf 82' lang='lat' dir='ltr'><strong>habent,</strong></span> <span class='ocrx_word' id='word_1_706' title='bbox 2724 5815 2814 5883; x_wconf 87' lang='lat' dir='ltr'><strong>qui</strong></span> <span class='ocrx_word' id='word_1_707' title='bbox 2839 5812 3155 5883; x_wconf 66' lang='lat' dir='ltr'><strong>prolixiores</strong></span> <span class='ocrx_word' id='word_1_708' title='bbox 3185 5817 3456 5885; x_wconf 75' lang='lat' dir='ltr'><strong>expetierit</strong></span> 
     </span>
    </p>
   </div>
   <div class='ocr_carea' id='block_1_59' title="bbox 228 5898 3454 5978">
    <p class='ocr_par' dir='ltr' id='par_1_59' title="bbox 228 5898 3454 5978">
     <span class='ocr_line' id='line_1_63' title="bbox 228 5898 3454 5978; baseline 0.004 -31"><span class='ocrx_word' id='word_1_709' title='bbox 228 5898 735 5966; x_wconf 48' lang='lat' dir='ltr'><strong>narrationes;»cum</strong></span> <span class='ocrx_word' id='word_1_710' title='bbox 772 5915 951 5954; x_wconf 84' lang='lat' dir='ltr'><strong>eorum</strong></span> <span class='ocrx_word' id='word_1_711' title='bbox 988 5900 1076 5970; x_wconf 70' lang='lat' dir='ltr'><strong>qui</strong></span> <span class='ocrx_word' id='word_1_712' title='bbox 1102 5901 1331 5955; x_wconf 84' lang='lat' dir='ltr'><strong>condunt</strong></span> <span class='ocrx_word' id='word_1_713' title='bbox 1357 5903 1577 5958; x_wconf 75' lang='lat' dir='ltr'><strong>annales</strong></span> <span class='ocrx_word' id='word_1_714' title='bbox 1601 5906 1923 5978; x_wconf 79' lang='lat' dir='ltr'><strong>pra&#39;cipuum</strong></span> <span class='ocrx_word' id='word_1_715' title='bbox 1953 5906 2019 5959; x_wconf 84' lang='lat' dir='ltr'><strong>sit</strong></span> <span class='ocrx_word' id='word_1_716' title='bbox 2046 5900 2345 5973; x_wconf 55' lang='lat' dir='ltr'><strong>consilium,</strong></span> <span class='ocrx_word' id='word_1_717' title='bbox 2387 5909 2442 5955; x_wconf 86' lang='lat' dir='ltr'><strong>ut</strong></span> <span class='ocrx_word' id='word_1_718' title='bbox 2477 5899 2764 5956; x_wconf 81' lang='lat' dir='ltr'><strong>universali</strong></span> <span class='ocrx_word' id='word_1_719' title='bbox 2789 5902 3022 5968; x_wconf 82' lang='lat' dir='ltr'><strong>quadam</strong></span> <span class='ocrx_word' id='word_1_720' title='bbox 3063 5919 3238 5958; x_wconf 84' lang='lat' dir='ltr'><strong>rerum</strong></span> <span class='ocrx_word' id='word_1_721' title='bbox 3270 5904 3454 5962; x_wconf 76' lang='lat' dir='ltr'><strong>conni-</strong></span> 
     </span>
    </p>
   </div>
  </div>
