3958 6596
392 500 401 507 .
453 411 521 472 27
1696 412 2142 473 HIERONYMI
2185 413 2471 473 WOLFII
2868 410 2877 419 ’
3632 402 3713 464 28

452 530 613 593 tione,
645 528 877 585 Lectoris
901 531 1141 586 animum
1176 531 1489 602 informem.
1540 550 1559 583 ι
1604 532 1690 587 Ita
1716 531 1943 586 Zonara:
1982 529 2115 584 illud
2160 531 2216 585 iu
2256 532 2444 601 primis
2487 531 2618 602 fuit,
2660 538 2716 583 ut
2753 533 2887 582 recte
2918 527 2974 582 in
3006 524 3324 594 Praefatione
3360 524 3434 577 ait
3468 521 3715 589 Wolﬁus,

452 627 650 671 certam
678 620 967 690 quamdam
991 621 1227 675 historia:
1251 622 1403 690 quasi
1436 620 1773 692 disciplinam
1802 618 2175 681 constituendi.
2198 627 2247 672 ct
2278 618 2513 690 dispersa
2539 620 2594 672 iu
2632 616 2881 690 plurimis
2911 615 3167 672 ntembra.
3213 619 3262 665 et
3296 621 3471 682 partes
3509 610 3624 680 ejus
3656 611 3711 662 in

452 720 616 759 unum
648 706 911 776 quoddam
940 725 1126 779 corpus
1156 709 1446 780 redigendi.
1477 708 1680 779 Delegit
1708 709 1848 760 enim
1880 707 1977 760 sibi
2006 723 2110 762 non
2148 708 2404 773 omnium,
2431 698 2523 761 sed
2552 707 2941 776 prarcipuarum
2981 703 3216 775 gentium
3238 701 3485 754 historias
3507 714 3524 752 :
3548 712 3715 768 neque

453 808 542 846 eas
578 810 776 858 omnes,
805 794 897 848 sed
924 796 1008 850 uel
1031 798 1325 867 praecipuas
1356 800 1641 852 duntaxat.
1669 794 1752 849 vel
1786 811 1875 848 eas
1906 810 2025 864 qute
2050 792 2120 848 ad
2152 790 2395 848 Ecclesia:
2427 795 2616 848 seriem
2654 792 3070 863 perspiciendum
3105 791 3276 860 facere
3313 787 3646 843 videbantur.
3688 805 3707 834 ι

454 876 516 933 In
541 881 639 934 hac
669 884 829 952 igitur
864 891 938 937 tot
966 893 1241 939 eventuum
1283 895 1443 956 atque
1482 900 1663 939 rerum
1693 884 2039 953 expositione,
2090 899 2253 952 quam
2298 882 2534 936 Annales
2573 882 3014 951 complectuntur,
3062 880 3150 950 qui
3186 878 3369 932 mundi
3390 874 3723 945 primordia,

462 965 767 1041 Veterisque
797 969 1025 1027 Fwderis
1050 974 1319 1034 historias,
1341 988 1461 1041 qua:
1484 987 1548 1025 ex
1575 973 1742 1026 sacris
1771 968 1965 1035 Libris,
1993 979 2041 1024 et
2076 986 2140 1024 ea;
2168 969 2414 1042 Josepho,
2444 988 2507 1025 ac
2539 968 2760 1041 Georgio
2790 968 3071 1041 Syncello:
3110 977 3202 1021 aut
3231 983 3312 1019 res
3351 964 3715 1022 Grueanicas.

452 1054 534 1108 uel
565 1057 725 1111 etiam
751 1057 1045 1127 Romanas,
1079 1076 1169 1113 seu
1198 1058 1496 1127 reipublica:
1523 1076 1615 1112 seu
1648 1059 1857 1128 imperii
1903 1070 2144 1131 tempora
2185 1068 2508 1129 spectentur,
2540 1075 2604 1113 ex
2638 1061 2982 1130 scriptoribus
3014 1056 3174 1127 refert
3204 1053 3468 1117 Zonaras,
3493 1068 3610 1105 cum
3648 1051 3714 1103 iis

450 1144 693 1213 conferre
729 1146 902 1209 uellet,
934 1162 999 1201 ac
1029 1162 1209 1200 eorum
1236 1148 1557 1201 auctoritate
1581 1144 1805 1215 ﬁrmare
1830 1147 1918 1217 qui
1952 1145 2197 1216 singulas
2230 1163 2298 1200 ea:
2325 1145 2564 1218 professo
2606 1154 3024 1217 pertractarunt,
3056 1142 3138 1200 vel
3167 1159 3283 1214 qua:
3309 1141 3399 1195 ille
3428 1141 3507 1209 ide
3552 1139 3710 1192 indu-

449 1234 586 1287 stria
629 1235 805 1288 omisit
852 1236 1062 1306 afferre,
1096 1237 1200 1290 duo
1233 1238 1438 1308 pariter
1462 1238 1659 1290 subiret
1694 1236 2050 1299 incommoda,
2080 1245 2136 1288 ut
2169 1245 2217 1289 et
2241 1220 2464 1289 nimium
2489 1236 2702 1298 diceret,
2742 1252 2836 1290 nec
2865 1244 3043 1289 tamen
3076 1240 3270 1297 totum,
3305 1239 3362 1283 ut
3396 1223 3721 1295 Quintiliani

453 1321 620 1375 verbis
666 1330 791 1376 utar
825 1339 844 1375 :
888 1323 1169 1393 fatendum
1213 1333 1393 1379 tamen
1435 1342 1707 1379 occurrere
1747 1325 2011 1379 interdum
2059 1325 2113 1378 in
2142 1324 2206 1378 iis
2244 1325 2435 1391 multa,
2464 1340 2581 1395 qua:
2603 1325 2786 1378 critica
2808 1324 3096 1395 indigeant
3126 1337 3287 1374 manu
3310 1335 3329 1374 :
3369 1334 3486 1373 cum
3512 1317 3568 1371 in
3597 1316 3712 1384 ipsa

452 1407 687 1462 uidelicet
711 1412 1047 1479 narratione,
1089 1422 1183 1469 aut
1217 1415 1270 1468 in
1305 1429 1650 1481 personarum
1686 1412 1767 1467 vel
1802 1411 2037 1466 locorum
2084 1411 2520 1478 uomenclaturis,
2564 1420 2722 1482 atque
2751 1412 2881 1466 adeo
2914 1414 2968 1466 in
3009 1410 3163 1481 factis
3194 1408 3318 1479 ipsis
3350 1424 3382 1460 a
3411 1407 3518 1460 suis
3545 1404 3716 1457 disce-

452 1492 584 1548 dunt
612 1498 946 1563 authenticis,
976 1500 1039 1553 de
1060 1501 1249 1569 quibus
1273 1499 1541 1556 Lectorem
1584 1502 1800 1554 interest
1825 1500 2129 1554 admouere.
2175 1500 2449 1555 Nonnulla
2475 1511 2597 1555 sunt
2637 1511 2917 1572 pratterea,
2953 1516 3070 1570 quw
3098 1498 3222 1553 locis
3257 1496 3468 1550 exoticis
3498 1498 3716 1564 possunt

453 1582 731 1650 adornari,
755 1603 871 1641 cum
910 1585 1085 1643 lumen
1118 1590 1218 1643 sibi
1243 1591 1461 1646 inuicem
1484 1589 1794 1661 plerumque
1823 1588 2153 1643 commodent
2177 1590 2464 1658 scriptores
2484 1605 2506 1644 :
2544 1589 2684 1660 quod
2708 1589 2913 1661 quidem
2937 1589 2989 1641 in
3029 1588 3188 1650 notis,
3213 1602 3345 1654 quas
3384 1583 3465 1637 hic
3490 1583 3543 1633 in
3574 1596 3717 1651 pnr~

452 1687 572 1726 sens
602 1676 826 1739 edimus.
852 1694 950 1747 pro
983 1678 1125 1732 uirili
1148 1680 1516 1747 priestitimus.
1562 1680 1615 1733 in
1653 1680 1715 1733 iis
1751 1670 1984 1733 maxime
2016 1693 2132 1746 qua:
2173 1676 2487 1747 Byzantina:
2518 1677 2755 1732 historia:
2796 1676 3134 1732 illustrauda:
3192 1672 3509 1730 conducunt.
3542 1684 3713 1739 quan-

455 1761 735 1831 doquidem
761 1764 912 1819 hosce
934 1765 1170 1821 Annales
1198 1767 1549 1837 publicamus,
1575 1768 1778 1822 cteteris
1812 1783 1991 1819 rerum
2036 1765 2461 1834 Byzantiuarum
2487 1765 2850 1836 scriptoribus,
2881 1765 3018 1836 typis
3051 1764 3208 1833 regiis
3231 1765 3484 1815 hactenus
3508 1773 3722 1827 expres—

453 1848 550 1914 sis,
596 1852 984 1924 adjuugeudos.
1030 1855 1176 1909 Num
1214 1864 1269 1910 ut
1316 1855 1703 1927 Theophanem,
1749 1872 1813 1908 ac
1845 1855 1987 1908 illius
2020 1851 2451 1916 Coutinuatores,
2494 1854 2577 1908 vel
2618 1856 2728 1925 qui,
2782 1862 2836 1908 ut
2879 1853 3143 1917 Zonaras,
3196 1847 3426 1904 Annales
3461 1865 3491 1899 a
3537 1841 3723 1899 mundi

455 1938 668 1992 conditu
698 1942 768 1994 ad
798 1958 895 1995 sua
931 1950 1196 2013 tempora,
1246 1943 1358 1999 alia
1403 1944 1539 2013 forte
1573 1943 1838 2007 methodo,
1869 1944 2253 2014 perduxerunt,
2299 1941 2579 2014 Georgium
2624 1942 2945 2005 Cedrenum,
2992 1940 3277 2010 Georgium
3322 1933 3719 1995 liantartolum,

454 2022 768 2096 Symeonem
789 2028 1157 2099 Logothetam,
1199 2030 1464 2086 Joannem
1506 2030 1792 2101 Scylitzen,
1825 2028 2239 2085 Constantinum
2282 2029 2613 2095 Manassem,
2636 2031 2945 2107 Michaech
2984 2030 3228 2100 Clycam,
3259 2027 3488 2089 Joelem,
3516 2033 3565 2077 ct
3588 2023 3723 2078 alios

455 2115 756 2170 istiusmodi
798 2135 915 2172 cum
946 2119 1058 2188 ipso
1087 2118 1303 2174 Zonara
1331 2135 1719 2188 compararem,
1765 2119 2019 2173 absonum
2059 2136 2274 2188 prorsus
2319 2120 2487 2173 visum
2538 2129 2692 2180 esset,
2735 2136 2854 2174 cum
2901 2119 3033 2173 satis
3089 2129 3136 2172 et
3182 2116 3392 2171 abunde
3423 2116 3508 2173 sit.
3541 2114 3588 2166 si
3610 2127 3726 2183 qua:

454 2211 578 2255 sunt
604 2214 753 2257 extra
798 2221 953 2259 usum
994 2224 1347 2272 communem,
1389 2206 1471 2261 vel
1500 2225 1530 2262 a
1563 2209 1765 2261 ueteris
1808 2207 2033 2270 intacta,
2066 2211 2119 2259 in
2160 2218 2312 2261 notas
2344 2208 2668 2278 referantur,
2710 2224 2774 2262 ea:
2805 2207 2995 2278 quibus
3044 2205 3295 2274 scriptori
3331 2203 3422 2256 lux
3461 2213 3728 2271 utcunque

453 2289 730 2360 aﬂulgeat.
762 2291 885 2346 lam
916 2309 1034 2347 vero
1065 2311 1183 2348 cum
1213 2298 1265 2348 iu
1300 2296 1602 2349 universam
1644 2294 2001 2365 Byzantiuam
2032 2296 2311 2351 historiam
2339 2307 2637 2366 perpetuos,
2673 2305 2730 2349 ut
2753 2297 2828 2351 ita
2856 2296 3058 2359 dicam,
3101 2310 3192 2349 seu
3218 2293 3308 2356 qui
3333 2289 3552 2362 singulis
3578 2288 3727 2343 illius

455 2379 797 2457 scriptoribus
825 2384 1002 2449 aptari
1023 2386 1243 2453 possint,
1267 2386 1674 2438 commentarios
1704 2387 1929 2437 antehac
1957 2383 2235 2450 ediderim,
2272 2383 2471 2436 duobus
2507 2384 2787 2453 publicatis
2832 2381 3205 2439 voluminibus.
3237 2397 3466 2450 quorum
3494 2377 3725 2432 alterum

459 2462 727 2521 Familias
765 2471 1030 2539 Augustas
1064 2480 1112 2524 et
1153 2470 1511 2536 Dalmaticas,
1564 2489 1670 2525 una
1698 2489 1817 2525 cum
1852 2473 1997 2525 urbis
2048 2471 2655 2542 Constantinopolitame
2697 2472 3065 2541 descriptione,
3114 2467 3366 2531 alterum,
3416 2466 3485 2520 ad
3542 2466 3728 2520 media:

455 2562 507 2606 et
540 2554 737 2622 inﬁma:
762 2556 1054 2613 Graecitatis
1084 2559 1415 2615 Glossarium
1439 2560 1914 2632 complectatur,in
1939 2578 2040 2630 quo
2072 2578 2175 2615 non
2213 2558 2366 2613 modo
2396 2558 2652 2614 vocabula
2700 2558 3098 2618 mixubarbara.
3132 2555 3224 2611 sed
3245 2555 3408 2609 etiam
3443 2554 3727 2624 dignitates

458 2643 739 2713 palatium,
771 2646 1054 2712 militares,
1093 2647 1462 2704 ecclesiastica:
1488 2657 1536 2703 et
1565 2651 1870 2703 mouastica:
1908 2649 2247 2718 explicantur
2269 2665 2288 2703 :
2330 2666 2493 2702 unum
2525 2658 2822 2719 supererat,
2859 2658 2917 2702 ut
2945 2647 3061 2701 sola
3104 2646 3365 2699 duntaxat
3417 2642 3561 2713 facta
3602 2640 3731 2695 illu-

434 2734 626 2786 'strari
652 2749 804 2803 posse
833 2736 1146 2791 arbitrarer.
1187 2736 1338 2803 Quod
1369 2738 1578 2808 quidem
1605 2739 1681 2791 ita
1713 2754 1744 2790 a
1776 2752 1855 2790 me
1884 2737 2179 2805 pra’stitnm
2203 2745 2299 2797 est,
2339 2745 2394 2789 ut
2419 2738 2466 2790 si
2494 2739 2620 2807 quid
2650 2739 2704 2790 in
2727 2751 2889 2804 supra
2932 2734 3235 2789 memoratis
3278 2731 3728 2786 lucubrationibus

461 2820 754 2886 excidisset,
783 2823 1003 2879 subinde
1037 2833 1375 2893 aunotarem,
1405 2826 1561 2896 idque
1589 2841 1728 2895 sa'pe
1761 2841 1826 2878 ex
1854 2824 2195 2895 scriptoribus
2226 2823 2458 2885 ineditis,
2496 2840 2559 2875 ne
2592 2822 2675 2876 vel
2707 2839 2770 2876 ex
2804 2823 3013 2876 incuria
3041 2832 3245 2886 nostra,
3271 2819 3351 2874 vel
3377 2833 3440 2871 ex
3466 2820 3730 2870 memoria:

466 2905 618 2977 lapsu
649 2911 979 2980 dispendium
1010 2911 1194 2968 Lector
1224 2916 1489 2984 patiatur.
1522 2910 1626 2967 Sed
1669 2921 1716 2966 et
1761 2913 1940 2966 uarias
1988 2911 2252 2964 interdum
2292 2909 2538 2965 lectiones
2579 2926 2642 2965 ex
2675 2910 2905 2965 Zonaras
2940 2926 3102 2964 manu
3142 2907 3414 2978 descriptis
3445 2904 3728 2964 codicibus.

462 2996 789 3063 quosvidere
815 3001 1050 3068 contigit,
1090 3001 1313 3054 subinde
1350 3001 1652 3062 inserimus,
1694 2999 2058 3069 praetermissis
2096 2999 2301 3052 interea
2336 2998 2664 3068 synonymis,
2716 3009 2975 3068 tanquam
3024 2994 3220 3050 nullius
3251 2992 3564 3064 compendii,
3592 2993 3734 3062 quod

463 3092 512 3136 et
540 3100 596 3137 se
618 3084 797 3154 fecisse
825 3086 1104 3154 proﬁtetur
1134 3087 1354 3156 Wolﬁus
1386 3089 1684 3155 interpres;
1717 3088 1868 3156 cujus
1900 3085 2139 3156 alioquin
2185 3094 2337 3139 notas
2369 3087 2537 3157 priori
2571 3086 2790 3141 editioni
2818 3084 3077 3143 subditas.
3115 3100 3234 3137 cum
3284 3084 3475 3135 nostris
3509 3080 3591 3134 edi
3618 3081 3735 3133 suis

465 3171 591 3227 locis
615 3175 938 3239 curavimus,
973 3176 1151 3230 littera
1192 3177 1420 3231 nominis
1451 3175 1652 3232 initiali
1684 3176 1766 3231 ιν.
1818 3175 2105 3234 indicatus,
2146 3177 2513 3243 prwtermissis
2544 3173 2857 3244 quibusdam
2888 3172 3180 3227 inutilibus.
3216 3172 3388 3240 Atque
3410 3171 3491 3224 ha:
3517 3167 3731 3239 quidem

465 3263 696 3332 priorem
734 3262 1026 3318 Annalium
1064 3274 1293 3333 partem,
1336 3274 1384 3318 et
1437 3263 1666 3318 alteram
1718 3281 1882 3334 usque
1925 3264 1996 3317 ad
2035 3259 2450 3317 Constantinum
2493 3261 2747 3334 Magnum
2776 3262 3109 3333 potissimum
3154 3267 3416 3329 spectant,
3455 3258 3541 3312 ubi
3567 3255 3736 3328 paulo

465 3350 604 3403 uisus
626 3358 699 3402 est
733 3352 1056 3412 accuratior,
1104 3368 1268 3421 quam
1302 3351 1356 3404 in
1391 3351 1455 3405 iis
1504 3368 1623 3420 qua:
1655 3351 2080 3421 Byzantinorum
2116 3350 2500 3420 imperatorum
2540 3353 2771 3407 historia:
2807 3360 2958 3404 erant
2996 3346 3310 3413 subiunctev,
3337 3348 3390 3400 in
3416 3364 3522 3418 qua
3557 3347 3732 3399 minus

467 3437 716 3491 scientem
741 3437 905 3506 fuisse
931 3436 1112 3508 palam
1141 3447 1240 3503 est,
1271 3440 1408 3509 quod
1451 3446 1499 3491 et
1528 3440 1741 3507 ipsemet
1774 3440 1996 3508 ingenue
2021 3440 2295 3510 agnoscit;
2334 3438 2779 3510 quemadmodum
2823 3448 2870 3491 et
2902 3436 3170 3508 Xylander
3190 3438 3243 3488 in
3274 3435 3407 3488 notis
3434 3435 3505 3488 ad
3535 3432 3732 3488 Cedre—

470 3541 594 3579 num
635 3525 859 3597 singulis
898 3528 1007 3596 [ere
1039 3524 1186 3591 locis,
1226 3527 1316 3597 qui
1348 3543 1428 3580 res
1478 3523 1806 3596 Byzantinus
1850 3535 2113 3596 spectant,
2150 3544 2252 3581 non
2288 3524 2440 3582 modo
2478 3530 2724 3582 luesitare
2765 3529 2987 3599 cogitur,
3028 3525 3119 3579 sed
3150 3526 3347 3593 fatetur
3377 3522 3516 3575 ultro
3549 3539 3735 3576 vocum

470 3613 570 3667 sibi
594 3612 954 3677 insolentium,
985 3617 1183 3684 partim
1217 3617 1560 3687 hybridurum
1596 3633 1660 3669 ac
1694 3614 2140 3686 μιξοϐαρδὰρων,
2174 3617 2372 3685 partim
2399 3631 2618 3685 prorsus
2653 3622 2703 3666 et
2732 3615 2800 3666 ad
2831 3612 2971 3683 apud
3007 3610 3224 3666 Latinos
3262 3616 3311 3662 et
3342 3610 3484 3679 apud
3522 3606 3736 3662 Grtccas

472 3703 898 3774 peregrinarum,
947 3707 1186 3759 notiones
1230 3708 1462 3776 ignotas,
1513 3722 1607 3759 uec
1663 3703 1792 3760 alibi
1823 3704 2027 3759 lectas:
2067 3704 2205 3774 quod
2249 3720 2354 3757 non
2392 3703 2606 3757 omnino
2634 3701 2959 3763 mirandum,
2985 3700 3244 3771 siquidem
3274 3702 3372 3751 hac
3399 3704 3734 3766 tempestate,

476 3790 613 3847 nulli
651 3801 762 3846 tum
810 3793 918 3862 fere
964 3801 1133 3845 essent
1170 3795 1297 3848 editi
1339 3794 1654 3865 Byzantina:
1694 3792 1928 3846 historia:
1965 3792 2266 3860 scriptorcs,
2318 3801 2366 3843 et
2398 3792 2451 3845 in
2487 3791 2551 3844 iis
2594 3788 2931 3843 illustrandis
2975 3805 3126 3841 nemo
3154 3801 3219 3840 ea:
3255 3795 3329 3840 tot
3361 3786 3484 3840 uiris
3514 3783 3740 3840 eruditis

474 3880 653 3942 studia
680 3896 777 3934 sua
806 3882 1059 3935 hactenus
1087 3881 1410 3938 contulerat.

3572 4022 3691 4042 -η

709 4026 3566 4052 MM

492 4034 703 4057 ,⁵-

1116 4216 2237 4374 HIERONYMI
2348 4209 3092 4372 WOLFII

954 4670 1665 4791 JOANNIS
1741 4668 2459 4791 ZONAR/E

1750 4668 2459 4791 ZONAR/E
2547 4665 3313 4789 ANNALES

1751 4906 2443 5020 PR/EFATIO,

519 5110 618 5173 Ad
648 5108 1045 5190 magniﬁbum
1084 5118 1138 5170 et
1170 5126 1538 5190 generosum
1570 5109 1774 5168 virum
1813 5107 1886 5165 ι).
1920 5105 2259 5190 Antonium
2299 5105 2658 5190 Ij‘uggerum
2677 5107 3094 5190 Kirchpcrgre
3124 5115 3181 5168 ct
3243 5105 3713 5173 Wet'sseuhorui

1311 5187 1656 5261 dominum,
1689 5190 1984 5250 Cwsarcu:
2016 5187 2333 5266 majestati
2365 5183 2409 5245 ai
2437 5183 2744 5255 consiliis,
2780 5183 2904 5247 etc:
3004 5183 3026 5187 ’
3334 5198 3348 5223 ’

557 5513 709 5583 Opus
734 5511 838 5566 hoc
866 5511 1224 5567 historiarum
1256 5513 1481 5568 Joannis
1509 5513 1756 5573 Ζοιιειηε,
1821 5511 1927 5565 viri
1955 5527 2053 5566 sua
2097 5519 2260 5567 actate
2307 5511 2360 5565 in
2409 5509 2701 5581 Cpolitano
2761 5511 2998 5582 imperio
3049 5512 3365 5576 clarissimi,
3416 5511 3582 5581 longo
3626 5511 3749 5583 jam

492 5614 741 5672 tempore
765 5618 795 5657 a
815 5604 1005 5659 multis
1027 5604 1162 5659 viris
1193 5604 1534 5658 doctissimis
1562 5602 1964 5667 desideratum,
2003 5602 2212 5671 duplici
2244 5598 2590 5670 potissimum
2623 5601 2850 5655 nomine
2881 5598 3380 5655 commendandum
3409 5618 3530 5656 esse
3580 5602 3746 5658 viue-

452 5752 456 5757 λ
499 5698 611 5751 tur,
639 5699 753 5743 tum
786 5701 1011 5761 propter
1032 5690 1454 5760 amplitudinem
1486 5697 1544 5746 et
1577 5691 1902 5745 varietatem
1933 5707 2120 5745 rerum
2154 5706 2275 5760 qua:
2298 5690 2351 5744 in
2379 5704 2446 5743 eo
2468 5688 2849 5752 continentur,
2886 5697 3001 5741 tum
3028 5688 3098 5740 ob
3158 5687 3507 5754 brevitatem,
3556 5688 3588 5742 h
3634 5689 3746 5743 mi»

500 5778 663 5833 nibus
689 5780 772 5832 vel
804 5780 860 5833 in
895 5795 954 5833 re
986 5778 1204 5849 publica
1238 5780 1323 5833 vel
1358 5779 1682 5833 domesticis
1717 5780 1953 5849 negotiis
1977 5780 2063 5833 vel
2095 5777 2294 5834 studiis
2311 5776 2661 5847 gravioribus
2693 5776 3003 5845 occupatis,
3032 5775 3118 5828 vel
3175 5774 3243 5829 iis
3293 5791 3531 5845 quorum
3585 5777 3754 5831 inlir-

503 5864 643 5922 iuiot'
668 5876 752 5922 cst
780 5867 1064 5932 memoria,
1089 5876 1301 5932 gratam
1329 5876 1496 5924 atcue
1528 5867 1890 5929 aptissimam.
1915 5867 2106 5930 Neque
2132 5867 2281 5924 enim
2309 5864 2542 5923 cuilibet
2568 5864 3043 5921 accommodatum
3068 5870 3153 5919 est
3172 5862 3356 5918 omnia
3384 5862 3590 5920 scribta
3628 5880 3757 5918 om—
