3984 6570
1615 350 1746 370 ..ο-νιγ-
1768 341 1808 357 ’“’³
1846 358 1863 362 κ-

291 461 360 524 29
1705 466 2123 528 PRJ‘EFATIO.
3454 462 3537 529 '30

293 579 437 632 nium
478 577 871 632 historicorum
904 578 1184 641 evolvere,
1218 587 1274 634 et
1302 582 1604 654 prmcipuas
1630 598 1718 639 res
1746 602 2091 641 summorum
2120 585 2478 654 imperiorum
2513 600 2542 639 a
2568 582 2757 638 mundt
2783 582 3036 647 exordio,
3086 593 3353 654 quantum
3404 584 3532 656 qui-

293 668 412 722 dem
432 667 760 721 mortalitati
798 678 998 721 nostrre
1028 682 1350 724 concessum
1386 680 1492 731 est,
1525 689 1698 744 usque
1725 675 1792 728 ad
1823 675 1963 729 hanc
1994 685 2233 738 aetatem,
2278 674 2532 743 ignorare
2557 673 2960 744 turpissimum.
2992 673 3125 728 Nam
3151 673 3195 728 si
3261 672 3532 729 Cicerone

293 768 519 812 auctore
552 757 696 812 inter
726 756 1007 810 hominem
1030 762 1083 810 et
1118 755 1356 812 belluam
1390 760 1495 815 hoc
1536 763 1773 817 maxime
1815 765 2072 828 interest,
2105 764 2252 835 quod
2283 765 2400 819 haec
2431 773 2643 817 tantum
2700 773 2967 832 quantum
3025 778 3188 817 sensu
3255 771 3533 826 movetur,

295 844 432 899 adid
466 847 645 899 solum
668 846 815 916 quod
850 847 1003 902 adest
1041 850 1300 919 quodque
1333 866 1574 919 praesens
1610 860 1695 906 est
1724 868 1782 907 se
1804 854 2204 917 accommodat,
2235 854 2518 923 paululum
2546 852 2841 906 admodum
2891 852 3135 908 sentiens
3190 850 3536 921 prmteritum

294 943 386 987 aut
414 932 685 997 futurum,
726 934 891 987 homo
921 945 1103 990 autem
1132 940 1392 1007 quoniam
1440 938 1670 993 rationis
1731 949 1815 995 est
1864 942 2165 1011 particeps,
2220 940 2609 1010 consequentia
2654 942 2854 1004 cernit,
2916 939 3184 1009 principia
3228 947 3285 993 et
3345 952 3540 993 causas

295 1037 475 1073 rerum
503 1021 679 1082 videt.
711 1037 1012 1092 earumque
1044 1041 1367 1094 progressus
1399 1033 1455 1080 et
1480 1027 1633 1095 quasi
1658 1029 2073 1082 antecessiones
2108 1044 2215 1082 non
2254 1029 2493 1098 ignorat,
2526 1026 2923 1083 similitudines
2964 1034 3270 1095 comparat,
3328 1035 3387 1079 et
3440 1041 3532 1078 re-

298 1110 397 1163 bus
428 1110 805 1179 praesentibus
837 1113 1082 1182 adjungit
1109 1124 1275 1186 atque
1308 1114 1552 1170 adnectit
1578 1115 1810 1179 futuras,
1838 1117 1998 1172 facile
2027 1117 2198 1172 totius
2228 1118 2353 1172 vitae
2375 1133 2602 1173 cursum
2635 1116 2808 1177 videt.
2843 1117 2907 1171 ad
2940 1130 3174 1184 eamque
3227 1113 3534 1185 degendam

296 1206 571 1266 prmparat
601 1214 690 1252 res
718 1200 1074 1267 necessarias,
1103 1202 1191 1255 vix
1226 1201 1469 1260 hominis
1493 1204 1716 1258 nomine
1745 1204 1944 1275 dignus
1972 1213 2056 1260 est
2084 1206 2177 1275 qui
2212 1205 2475 1260 memoria
2511 1214 2563 1258 ct
2622 1205 2949 1275 cogitatione
3001 1203 3141 1257 ultra
3194 1218 3350 1257 suam
3405 1209 3539 1255 mta-

296 1295 401 1337 tem
433 1299 547 1337 non
578 1286 950 1355 progreditur.
986 1292 1061 1342 Ae
1089 1290 1430 1359 pnescieutia
1470 1308 1655 1346 rerum
1691 1291 2019 1355 futurarum.
2051 1295 2096 1347 si
2126 1309 2231 1363 qua
2281 1301 2385 1359 est,
2438 1291 2610 1346 divini
2662 1292 2845 1361 potius
2902 1306 3026 1347 esse
3077 1290 3319 1344 muneris
3367 1302 3531 1358 quam

293 1369 524 1425 humani
558 1373 765 1444 ingenii
789 1373 1036 1428 creditur
1066 1393 1080 1430 :
1112 1377 1214 1431 etsi
1252 1394 1360 1433 non
1394 1380 1594 1434 desunt
1625 1381 1718 1450 qui
1742 1381 1824 1434 vel
1861 1390 2054 1434 natura
2085 1381 2293 1435 incitati
2328 1380 2409 1433 vel
2440 1388 2559 1433 arte
2609 1378 2781 1446 adjuti
2805 1377 2886 1432 vel
2945 1394 3044 1432 usu
3102 1392 3288 1431 rerum
3349 1374 3534 1429 edocti

293 1475 352 1513 ea
385 1461 702 1530 prmdicunt
733 1479 854 1532 qum
885 1465 1060 1518 multo
1092 1478 1212 1534 post
1241 1467 1425 1521 futura
1456 1477 1606 1524 sunt.
1647 1467 1780 1535 Quae
1818 1468 2039 1537 quidem
2071 1467 2298 1522 facultas
2328 1478 2383 1523 et
2430 1468 2595 1521 latius
2641 1476 2853 1535 pateret
2889 1474 2944 1518 et
2981 1465 3155 1518 multo
3216 1472 3361 1516 esset
3414 1462 3540 1517 illu-

293 1548 479 1611 strior,
517 1550 568 1603 si
601 1551 703 1603 tria
738 1550 853 1606 hate
888 1553 940 1607 ilt
977 1570 1087 1609 uno
1109 1555 1331 1610 homine
1358 1558 1822 1628 conjungerentur
1852 1574 1865 1609 :
1894 1558 2292 1624 praeteritarum
2320 1572 2501 1611 autent
2536 1557 2807 1628 ignoratio
2833 1556 2886 1608 in
2940 1553 3162 1606 hontiue
3192 1551 3398 1608 litteris
3454 1552 3539 1605 vel

297 1635 893 1694 mediocritcrimbuto
927 1641 1012 1694 vix
1041 1641 1206 1696 ullam
1239 1643 1404 1698 habet
1428 1643 1863 1699 excusationem.
1898 1645 2085 1714 Neque
2115 1647 2261 1699 enim
2296 1646 2349 1699 in
2388 1646 2509 1709 hac,
2542 1655 2601 1698 ut
2632 1645 2685 1698 in
2718 1645 2831 1704 illa.
2864 1643 2948 1698 vel
2983 1644 3050 1697 de
3093 1640 3168 1696 rei
3219 1638 3540 1694 difﬁcultate

294 1724 375 1777 vel
401 1724 473 1779 de
498 1737 712 1781 natura:
739 1738 940 1784 nostrae
968 1730 1345 1787 imbecillitate
1373 1734 1528 1801 queri
1562 1747 1879 1802 possumus,
1911 1733 2003 1787 sed
2028 1732 2111 1788 vel
2149 1731 2343 1801 supina
2379 1732 2710 1802 negligentia
2736 1731 2817 1785 vel
2850 1729 3141 1798 occupatio
3203 1742 3539 1796 supervaca-

297 1826 395 1867 nea
426 1816 516 1870 vel
548 1816 710 1872 inane
747 1818 1047 1889 voluptatis
1078 1820 1322 1875 studium
1344 1822 1561 1889 culpam
1596 1836 1814 1875 omnem
1853 1820 2109 1876 sustinet.
2134 1818 2268 1884 Quis
2300 1818 2450 1871 enim
2495 1818 2740 1870 omnium
2801 1815 3116 1869 mortalium
3185 1815 3255 1867 ita
3307 1810 3543 1881 negotiis

295 1901 559 1956 obruitur
579 1906 733 1973 quin.
762 1906 806 1958 si
833 1921 1038 1975 parcus
1068 1916 1123 1962 et
1151 1908 1397 1976 prudens
1422 1909 1492 1963 sit
1521 1908 1785 1978 temporis
1818 1906 2203 1976 pretiosissimi
2233 1919 2280 1959 et
2307 1903 2944 1974 irreparabilisthesauri
2966 1902 3336 1972 dispensator,
3371 1912 3535 1953 unam

295 1998 461 2059 atque
479 1991 714 2046 alteram
741 1993 932 2048 horam
974 1994 1204 2067 legendo
1242 1996 1674 2067 meditaudoque
1704 1996 1913 2066 absque
1946 1991 2054 2050 ullo
2085 1995 2434 2049 incommodo
2458 1994 2793 2049 valetudinis
2823 2003 2876 2049 et
2902 2008 3087 2047 rerum
3143 2006 3369 2046 suarum
3418 1987 3543 2041 dis-

296 2081 503 2149 pendio
539 2083 789 2152 quotidie
815 2085 985 2154 possit
1012 2085 1376 2157 impendere?
1411 2086 1675 2141 Videmus
1697 2088 1844 2139 enim
1870 2082 2070 2155 quibus
2099 2086 2280 2153 nugis,
2311 2098 2378 2138 ne
2403 2082 2533 2152 quid
2560 2084 2739 2137 dicant
2777 2082 3019 2151 gravius,
3068 2078 3345 2150 plerisque
3401 2086 3545 2130 tetu-

297 2184 400 2238 pus
434 2180 653 2240 pereat,
680 2173 826 2243 quod
859 2175 1020 2241 longe
1055 2176 1259 2230 rectius
1286 2176 1469 2231 studio
1503 2174 1788 2245 sapientiae
1814 2174 2169 2243 tribueretur,
2200 2171 2312 2227 Nec
2343 2171 2543 2241 injuria
2569 2170 2653 2223 vir
2681 2168 3039 2241 gravissimus
3095 2166 3310 2222 Seneca
3366 2162 3547 2217 etcla-

299 2267 429 2317 mat,
470 2274 728 2329 magnam
757 2261 881 2317 vita:
908 2274 1117 2331 partem
1143 2263 1280 2318 nihil
1313 2264 1626 2333 agentibus,
1667 2265 1928 2332 majorem
1960 2262 2102 2315 male
2138 2260 2447 2331 agentibus,
2475 2268 2643 2314 totam
2675 2257 2822 2312 aliud
2849 2256 3139 2326 agentibus
3168 2251 3334 2313 elabi.
3367 2263 3545 2319 eoque

298 2344 413 2399 fieri
450 2357 516 2401 u‘.
549 2349 863 2403 necessaria
902 2352 1220 2421 ignoremus
1246 2352 1506 2422 quoniam
1528 2365 1936 2422 supervacanea
1960 2348 2340 2402 didicerimus.
2379 2346 2801 2414 Supervacanea
2840 2358 3009 2414 porro
3039 2340 3296 2410 intelligit
3342 2339 3542 2392 immo-

298 2430 483 2486 dicum
510 2434 877 2504 voluptatum.
904 2438 1152 2505 honoris,
1178 2440 1459 2510 potentiae,
1493 2440 1852 2509 peeuniveque
1878 2436 2144 2499 studium,
2174 2436 2485 2493 necossaria
2510 2449 2641 2488 vero
2669 2429 3094 2503 pltilosOphiam,
3120 2429 3225 2483 hoc
3250 2426 3544 2482 estltuma-

297 2535 492 2574 narum
530 2521 954 2595 divinarumque
990 2543 1172 2581 rerum
1207 2528 1583 2599 cognitionem
1618 2544 1779 2596 :quae
1802 2526 1846 2582 si
1879 2525 1973 2580 uili
2009 2523 2322 2579 mortalium
2350 2520 2587 2592 perfecta
2620 2520 2989 2590 contingeret.
3021 2515 3165 2570 haud
3202 2513 3370 2569 dubie
3429 2527 3549 2565 om-

299 2608 452 2660 nium
475 2611 627 2664 oculi
653 2621 817 2682 atque
849 2614 1016 2669 animi
1051 2614 1103 2668 iu
1128 2600 1279 2673 illum
1310 2632 1476 2675 unum
1500 2625 1760 2685 tanquam
1797 2614 1960 2669 deum
1984 2611 2274 2681 quemdam
2308 2619 2783 2665 converterentur.
2818 2605 3123 2676 Nutthuia
3157 2620 3356 2658 nomen
3384 2604 3549 2656 inane

302 2695 456 2749 multi
478 2697 761 2766 jactitant,
794 2703 1050 2770 perpauci
1083 2719 1212 2756 vero
1240 2705 1312 2757 ita
1351 2713 1478 2758 sunt
1518 2703 1712 2757 morati
1740 2711 1799 2757 ut
1830 2710 1978 2756 recta
2006 2700 2143 2754 ratio
2174 2698 2433 2767 postulat,
2475 2695 2533 2749 fit
2564 2707 2625 2751 ut
2674 2712 2763 2750 res
2815 2696 2932 2764 ipsa
2993 2694 3156 2763 vulgo
3184 2708 3291 2745 non
3340 2688 3539 2744 intelli-

300 2791 556 2851 επακ-,ει
590 2801 791 2841 nomen
818 2790 1069 2844 odiosum
1101 2806 1253 2859 aeque
1285 2800 1449 2861 atque
1477 2791 1770 2845 ridiculum
1802 2789 2091 2845 habeatur.
2151 2789 2321 2858 quue
2343 2786 2491 2842 haud
2543 2788 2657 2842 seio
2710 2801 2874 2856 quant
2941 2793 3111 2838 recte.
3171 2782 3357 2852 Neque
3398 2780 3546 2834 enim

302 2868 616 2940 disciplina;-
643 2883 738 2927 aut
773 2875 897 2928 vitae
930 2891 1102 2946 genus
1130 2877 1201 2932 ob
1236 2877 1526 2932 hominum
1550 2878 1826 2934 inscitiam
1859 2890 1953 2936 aut
1983 2879 2398 2951 perversitatem
2420 2878 2545 2948 jure
2578 2876 2887 2931 traducitur
2915 2891 2930 2929 :
2966 2882 3022 2928 et
3046 2872 3140 2944 qui
3187 2883 3294 2926 tant
3351 2885 3542 2926 severe

296 2956 572 3026 iudicant,
609 2974 680 3013 ne
704 2964 1034 3032 semetipsos
1058 2965 1306 3034 quidem,
1342 2967 1447 3020 nisi
1476 2968 1677 3022 mentis
1703 2982 1897 3023 errore
1937 2968 2273 3033 afficiantur,
2311 2964 2648 3036 probabunt.
2675 2964 2938 3018 Homines
2969 2962 3117 3017 enim
3144 2970 3274 3016 sunt
3311 2967 3372 3012 ut
3433 2973 3541 3012 cae-

305 3044 426 3109 teri,
457 3055 520 3100 et
550 3046 748 3101 iisdem
779 3048 1065 3106 affectibus
1089 3052 1314 3107 obnoxii
1350 3073 1363 3106 :
1392 3062 1448 3108 et
1473 3070 1666 3123 parum
1693 3055 1921 3110 liberale
1949 3066 2034 3112 est
2065 3071 2236 3111 unum
2265 3063 2430 3124 atque
2455 3054 2692 3108 alterum
2725 3067 2937 3108 naevum
2971 3050 3253 3120 exagitare
3289 3046 3550 3102 dissimu-

301 3132 427 3187 latis
463 3135 800 3196 virtutibus,
825 3152 1062 3207 quarum
1090 3137 1146 3194 in
1170 3140 1515 3211 philosophis
1554 3157 1664 3197 non
1713 3142 1942 3199 minima
2002 3154 2088 3200 est
2140 3143 2389 3199 studiunt
2436 3140 2756 3213 inquirendi
2801 3139 2917 3194 veri
2980 3147 3037 3193 et
3083 3134 3545 3191 moderandarum

302 3222 695 3287 cupiditatum,
724 3235 784 3280 ut
818 3226 957 3282 intra
988 3236 1197 3284 natura
1243 3231 1624 3301 praescriptum
1676 3241 2059 3293 coerceantur,
2110 3230 2421 3300 eodemque
2477 3243 2576 3298 pro
2626 3243 2725 3282 sua
2794 3224 2945 3280 virili
2997 3220 3338 3293 producendi
3381 3234 3546 3289 quam

302 3308 597 3377 plurimos.
630 3314 917 3371 Postulare
950 3325 1135 3373 autem
1158 3327 1218 3373 ut
1250 3319 1287 3372 ii
1312 3334 1433 3374 sese
1464 3320 1603 3373 infra
1634 3334 1826 3375 omnes
1848 3317 2067 3374 intimos
2108 3318 2361 3373 homines
2420 3316 2701 3388 abjieiant,
2762 3323 2819 3369 et
2860 3314 2915 3367 in
2960 3310 3225 3366 extremis
3285 3307 3550 3364 sordibus

300 3393 635 3467 Cynicorum
663 3417 818 3457 more
855 3404 1063 3471 vivant,
1089 3405 1343 3462 immanis
1361 3416 1446 3462 est
1469 3408 1702 3463 inscitiae
1738 3417 1901 3478 atque
1926 3406 2216 3477 superbiae.
2254 3405 2359 3461 Sed
2391 3404 2459 3459 ad
2483 3404 2773 3459 historiam
2806 3402 2995 3466 redeo,
3044 3415 3167 3471 quae
3220 3413 3345 3453 cum
3393 3410 3546 3450 cras-

303 3484 418 3540 sior
443 3488 702 3557 quaedam
738 3491 1082 3563 philosophia
1109 3496 1200 3559 sit,
1231 3503 1286 3550 et
1315 3496 1580 3565 exemplis
1610 3499 1792 3565 potius
1816 3511 1979 3565 quam
2016 3495 2325 3549 rationibus
2351 3498 2518 3548 vitam
2553 3494 2771 3549 civilem
2827 3507 2892 3546 ac
2941 3491 3209 3560 privatam
3269 3485 3547 3545 instituat,

305 3587 411 3628 non
442 3576 681 3632 dubium
701 3588 789 3633 est
823 3581 958 3649 quin
988 3597 1235 3652 magnam
1270 3583 1470 3652 habeat
1506 3583 1802 3636 utilitatem
1832 3598 1958 3637 eum
1991 3596 2201 3637 summa
2229 3581 2501 3635 suavitate
2529 3581 2900 3650 conjunctam.
2923 3578 2983 3631 In
3036 3592 3140 3645 qua
3180 3588 3301 3642 quae
3350 3570 3548 3640 praeci—

312 3676 414 3729 pue
447 3663 798 3723 observanda
837 3648 966 3735 sint,
991 3648 1291 3738 prudenter
1320 3653 1508 3725 Livius
1539 3670 1624 3724 his
1661 3669 1850 3725 verbis
1882 3678 2068 3724 monet
2096 3688 2110 3721 :
2148 3687 2167 3720 ι
2196 3670 2276 3724 Ad
2309 3669 2399 3723 illa
2423 3668 2555 3722 mihi
2587 3648 2686 3738 pro
2719 3678 2777 3722 se
2803 3666 3035 3736 quisque
3060 3663 3262 3717 acriter
3295 3656 3549 3713 intendat

308 3751 580 3819 animum,
614 3771 736 3825 quae
766 3759 898 3822 vita,
927 3760 1019 3828 qui
1056 3776 1235 3814 mores
1257 3759 1482 3823 fuerint,
1509 3774 1608 3830 per
1629 3774 1769 3829 quos
1803 3760 1951 3814 viros
1974 3760 2288 3831 quibusque
2318 3759 2532 3814 artibus
2558 3757 2708 3813 domi
2753 3755 3072 3825 militisque
3121 3761 3178 3806 et
3225 3756 3444 3820 partum
3491 3757 3552 3802 et

307 3854 531 3896 auctum
559 3843 851 3913 imperium
875 3846 966 3903 sit.
1004 3846 1248 3901 Lubente
1302 3847 1501 3901 deinde
1556 3847 1820 3918 paulatim
1868 3849 2177 3920 disciplina,
2240 3852 2391 3906 velut
2442 3848 2771 3905 dissidentes
2821 3846 2997 3917 primo
3040 3857 3222 3898 mores
3280 3845 3550 3909 sequatur

310 3931 517 3992 animo,
538 3931 742 3986 deinde
777 3942 838 3988 ut
865 3934 1037 4003 magis
1068 3935 1352 4004 magisque
1379 3934 1514 4003 lapsi
1538 3935 1668 4000 sint,
1696 3943 1810 3989 tum
1839 3937 1917 3991 ire
1952 3937 2223 4005 coeperint
2249 3934 2585 4005 praecipites,
2616 3935 2794 3990 donec
2824 3932 2893 3986 ad
2918 3931 3037 3987 hate
3080 3941 3350 3998 tempora,
3423 3923 3549 3993 qui-

312 4018 409 4071 bus
447 4033 552 4071 nec
580 4019 714 4073 vitia
742 4030 931 4074 nostra
968 4036 1067 4076 nec
1089 4021 1331 4075 remedia
1368 4022 1476 4091 pati
1504 4037 1821 4091 possumus,
1855 4032 2077 4077 ventum
2110 4031 2214 4077 est.
2244 4021 2358 4076 Hoc
2385 4023 2520 4076 illud
2540 4031 2624 4076 est
2654 4021 2927 4090 praecipue
2972 4018 3028 4070 in
3089 4014 3402 4085 cognitione
3456 4025 3550 4063 re-

315 4118 431 4157 rum
470 4105 696 4160 salubre
725 4122 790 4161 ac
818 4107 1164 4179 frugiferum,
1187 4107 1365 4162 omnis
1394 4117 1444 4162 te
1469 4110 1703 4179 exempli
1728 4110 2061 4164 documenta
2097 4110 2150 4163 in
2174 4110 2375 4164 illustri
2407 4108 2581 4178 posita
2614 4106 2955 4161 monimento
2985 4102 3190 4157 intueri
3218 4118 3234 4154 :
3272 4099 3400 4153 inde
3449 4095 3550 4149 tibi

311 4199 528 4261 tuaeque
552 4192 633 4247 rei
671 4193 905 4263 publieae
940 4194 1086 4264 quod
1109 4194 1326 4250 imitere
1356 4195 1562 4266 capias,
1599 4196 1726 4250 inde
1752 4196 1961 4251 foedum
2000 4198 2245 4266 inceptu.
2277 4196 2484 4252 foedum
2528 4194 2702 4256 exitu,
2769 4191 2915 4263 quod
2966 4191 3129 4245 vites.
3198 4205 3216 4238 ι
3273 4184 3552 4239 Hactenus

314 4278 422 4333 ille.
460 4277 571 4334 Sed
595 4289 652 4334 et
678 4281 897 4346 Cicero,
937 4291 1300 4353 praeterquam
1330 4282 1476 4352 quod
1509 4284 1587 4338 ait
1621 4301 1639 4332 ‹
1671 4285 1882 4338 nescire
1915 4285 2046 4353 quid
2075 4282 2236 4341 antea
2265 4300 2428 4356 quam
2468 4295 2631 4340 natus
2656 4284 2732 4339 sis
2755 4278 3041 4343 acciderit,
3092 4277 3145 4333 id
3197 4284 3283 4331 est
3331 4286 3552 4341 semper

313 4380 429 4420 esse
458 4364 720 4435 puerum,
746 4387 762 4419 ι
793 4368 1004 4439 magnis
1025 4379 1188 4424 ornat
1223 4370 1480 4423 laudibus
1503 4370 1811 4438 historiam,
1842 4390 1968 4428 cum
1995 4381 2192 4430 testem
2226 4382 2558 4443 temporum,
2583 4373 2762 4427 lucem
2794 4368 3065 4431 veritatis,
3124 4364 3293 4419 vitam
3340 4373 3551 4416 memo-

314 4453 425 4519 riae,
456 4456 777 4525 magistram
810 4458 954 4522 vitm,
986 4458 1247 4535 nuntiam,
1261 4459 1550 4513 vetustatis
1575 4460 1986 4528 appellat.Quze
2008 4466 2134 4516 cum
2173 4476 2307 4516 vera
2332 4475 2454 4515 esse
2485 4475 2593 4514 non
2628 4473 2822 4529 negem
2847 4456 3051 4526 (neque
3078 4455 3226 4509 enim
3280 4462 3551 4521 quorum-

314 4540 434 4596 dam
468 4543 718 4600 fabulosa
756 4554 1062 4599 commenta
1092 4559 1209 4601 rem
1234 4545 1406 4614 ipsam
1438 4561 1795 4616 corrumpere
1823 4549 2102 4617 possunt),
2141 4558 2348 4615 tamen,
2380 4548 2426 4603 si
2463 4546 2697 4601 maxima
2729 4561 2795 4600 ex
2825 4554 2980 4614 parte
3016 4541 3264 4596 omnium
3326 4546 3549 4592 :etatum

317 4632 566 4693 consilia,
592 4642 734 4695 acta,
768 4644 997 4687 eventus
1024 4633 1379 4697 aestimemus,
1415 4633 1542 4703 quid
1574 4635 1833 4690 estaliud
1868 4635 2098 4691 historia
2168 4651 2333 4706 quam
2391 4638 2585 4705 ingens
2642 4633 2918 4703 quoddam
2969 4631 3192 4700 pelagus
3250 4642 3312 4682 ac
3368 4626 3553 4695 potius

316 4718 662 4789 naufragium
690 4718 1006 4773 miserabile
1028 4718 1281 4774 humana:
1301 4721 1570 4785 stultitim,
1603 4721 1972 4788 improbitatis
1992 4735 2048 4779 et
2081 4724 2338 4788 miseriae,
2368 4733 2424 4778 et
2444 4722 2731 4792 speculum
2755 4722 2914 4788 longe
2942 4718 3214 4772 illustrius
3255 4715 3380 4768 vita:
3441 4711 3540 4781 pri-

317 4814 453 4861 vata
474 4815 532 4860 et
555 4806 814 4876 politiae,
851 4822 1015 4876 quam
1046 4808 1153 4861 ulla
1189 4808 1459 4863 commdia
1486 4818 1581 4862 aut
1616 4811 2071 4879 tragmdia?Qu:e
2094 4811 2353 4881 cogitatio
2373 4810 2428 4864 in
2453 4810 2618 4881 hujus
2645 4808 2828 4879 operis
2849 4805 3266 4862 elucubratione
3289 4810 3555 4872 perpetuo

319 4892 574 4947 sensibus
591 4902 758 4964 atque
789 4894 976 4947 animo
1007 4910 1131 4949 meo
1163 4896 1447 4951 obversata
1481 4906 1587 4951 est.
1613 4895 1741 4950 Sive
1771 4897 1917 4951 enim
1945 4914 2099 4955 saera
2116 4902 2232 4954 sive
2260 4898 2506 4968 profana,
2550 4898 2668 4952 sive
2728 4910 2869 4950 nova
2891 4895 3008 4949 sive
3052 4902 3241 4946 vetera
3295 4899 3552 4943 occurrite

321 4989 462 5046 rent,
497 4981 612 5035 sive
634 4981 858 5036 Hebraea
879 4981 994 5036 sive
1014 4980 1200 5038 Graeca
1224 4992 1613 5049 tractarentur,
1642 4984 1904 5039 crantben
1931 4986 2180 5040 eamdem
2208 4986 2405 5055 repeti,
2428 4983 2759 5039 cantinelam
2786 4982 3039 5037 eamdem
3085 4977 3208 5033 cani
3259 4975 3512 5028 videbam
3538 4989 3552 5026 :

322 5068 502 5123 omnia
526 5070 686 5139 plena
711 5079 1043 5136 erratorum,
1079 5073 1374 5137 scelerum,
1407 5073 1685 5138 fraudum,
1721 5074 2154 5139 mendaciorum,
2180 5074 2606 5144 prmstigiarum,
2673 5083 3071 5131 aerumnarum,
3118 5062 3551 5121 dissensionum,

323 5160 578 5221 aedium.
604 5159 970 5214 excidiorum.
1003 5162 1071 5218 Ut
1096 5178 1187 5215 res
1213 5161 1329 5231 ipsa
1364 5162 1584 5217 abunde
1612 5163 1830 5228 doceat,
1864 5164 2163 5217 humanum
2196 5162 2475 5232 ingenium
2532 5161 2621 5223 ab
2652 5165 2772 5231 ipso
2830 5166 2954 5213 ortu
3003 5169 3129 5211 esse
3171 5154 3552 5222 depravatum.

324 5261 497 5317 neque
525 5247 747 5302 inanem
784 5249 1059 5303 exstitisse
1093 5249 1335 5304 divinam
1370 5250 1831 5313 exsecrationem,
1862 5266 1989 5305 cum
2018 5250 2223 5318 ubique
2262 5249 2431 5303 sudor
2472 5249 2676 5312 vultus,
2725 5247 2933 5315 ubique
2985 5241 3181 5297 tribuli
3237 5248 3295 5292 et
3358 5234 3552 5303 ερίιηθν

326 5334 526 5404 ubique
550 5335 828 5405 serpentis
856 5336 1070 5391 insidia:
1097 5347 1417 5406 appareant.
1452 5337 1587 5392 Boni
1614 5347 1669 5393 et
1698 5338 1977 5408 simplices
2004 5338 2162 5407 pauci
2202 5346 2331 5391 sunt
2359 5353 2373 5390 :
2407 5345 2464 5391 et
2499 5336 2543 5390 si
2575 5336 2668 5405 qui
2697 5343 2848 5398 sunt,
2876 5333 2911 5385 ii
2938 5331 3074 5385 alias
3099 5345 3200 5399 per
3231 5321 3543 5392 imprudeu

325 5422 452 5475 tiam
490 5424 547 5475 in
585 5422 800 5477 facinus
826 5432 1013 5486 ruunt,
1040 5424 1174 5477 alias
1205 5425 1361 5479 malis
1386 5427 1652 5496 exemplis
1673 5434 2126 5496 corrumpuntur,
2184 5426 2369 5479 aliasa
2417 5425 2655 5478 maximo
2710 5419 3086 5490 improborum
3136 5424 3192 5469 et
3223 5408 3548 5466 callidorum

328 5526 558 5565 numero
578 5512 1008 5592 opprimuntur;
1024 5508 1092 5566 Et
1122 5528 1436 5582 quanquam
1462 5524 1670 5570 natura:
1700 5515 1986 5569 hominum
2019 5513 2131 5568 duo
2157 5513 2391 5582 insignia
2423 5527 2671 5574 munera,
2698 5509 2933 5564 facultas
2959 5504 3190 5561 rationis
3234 5509 3291 5554 et
3341 5499 3551 5553 oratio-

327 5604 406 5651 nis
423 5599 688 5653 divinitus
716 5608 847 5653 sunt
872 5587 1155 5665 concessa,
1185 5602 1386 5670 quibus
1420 5602 1488 5656 ad
1523 5603 2006 5672 contemplandum
2068 5612 2126 5657 et
2172 5600 2567 5657 celebrandum
2608 5600 2774 5669 hujus
2826 5591 3200 5651 universitatis
3257 5587 3551 5657 Opilieem.

327 5695 379 5738 et
401 5687 466 5740 ad
492 5686 750 5741 tuendam
780 5702 846 5741 ac
873 5688 1171 5758 juvandam
1204 5689 1489 5745 hominum
1518 5690 1666 5744 inter
1698 5690 1847 5761 ipsos
1871 5692 2321 5747 communitatem
2343 5687 2610 5745 utendum
2634 5695 2777 5746 erat.
2833 5684 2888 5738 in
2945 5680 3156 5736 nullum
3209 5683 3323 5735 fere
3381 5677 3551 5732 alium

332 5786 482 5827 usum
505 5788 537 5827 a
560 5773 839 5843 plerisque
868 5791 932 5830 ea
967 5777 1216 5831 converti
1245 5775 1520 5843 videmus,
1549 5776 1658 5832 nisi
1693 5777 1765 5833 ad
1793 5779 2105 5848 expeditius
2134 5774 2435 5832 fallendum
2464 5782 2521 5829 et
2563 5771 2903 5832 nocendum,
2957 5777 3015 5823 et
3063 5767 3383 5822 vastitatem
3440 5763 3550 5822 efli'

331 5859 600 5917 ciendam.
622 5861 820 5917 Annon
877 5863 949 5918 ita
990 5863 1315 5953 plerumque
1339 5863 1568 5931 vivitur,
1599 5875 1659 5921 ut
1685 5866 2148 5933 quemadmodum
2174 5865 2304 5921 fere:
2330 5863 2383 5919 in
2401 5860 2703 5919 solitudine
2728 5869 2786 5915 et
2815 5857 2992 5918 silvis.
3047 5856 3224 5917 pisces
3273 5855 3328 5910 in
3370 5851 3545 5912 ﬂumi-
