3984 6584
428 383 497 450 31
1597 458 1604 473 .
1671 389 2111 450 HIEBONYMI
2153 392 2437 451 WOLFII
3604 391 3683 452 32

429 497 593 552 nibus
616 507 673 552 et
703 499 863 562 mari,
893 499 1149 554 volucres
1180 500 1233 553 in
1268 501 1552 555 immensis
1572 501 1682 555 illis
1705 501 1851 555 aeris
1883 501 2096 568 spatiis,
2129 516 2323 571 magna
2350 515 2417 553 ex
2444 507 2598 568 parte
2629 500 2785 568 quasi
2812 509 3023 555 natura:
3046 501 3281 570 quadam
3321 502 3441 570 lege
3507 502 3683 558 imbe-

427 585 670 641 cilliores
696 588 1018 657 opprimunt
1047 598 1103 643 et
1128 587 1420 653 devorant,
1458 589 1531 642 ita
1556 588 1721 643 etiam
1754 589 1806 641 in
1843 598 2034 641 nostro
2067 604 2269 657 genere
2295 587 2638 642 callidissimi
2671 598 2728 643 et
2764 589 3132 659 potentissimi
3160 591 3367 660 quique
3435 591 3684 648 imbecil-

428 670 635 726 litatetn
672 682 728 728 et
751 674 1162 744 simplicitatem
1200 685 1525 730 ctetcrnrum
1564 676 1619 730 in
1652 690 1808 729 suam
1836 674 2079 744 przedam
2114 684 2361 732 vertunt.
2385 675 2685 745 aliquando
2708 676 2874 730 etiam
2907 677 3026 731 sine
3054 678 3261 742 fructu,
3318 678 3450 748 quid
3498 679 3679 734 fructu

427 758 595 814 dico?
641 759 753 815 imo
805 762 970 816 etiam
1019 778 1145 816 cum
1188 763 1432 831 periculo
1459 763 1897 817 etincommodo
1932 778 2032 816 suo
2066 763 2191 817 aliis
2231 773 2463 828 nocent;
2531 762 2696 832 idque
2749 779 2874 818 cum
2923 764 3155 827 faciunt,
3213 766 3368 830 quasi
3419 781 3479 819 re
3540 766 3681 822 bene

427 856 578 915 gesta
601 847 930 917 gloriantur.
957 849 1169 904 Interea
1192 850 1427 920 theologi
1450 849 1518 904 de
1543 851 1696 919 jttsto
1731 849 1827 904 Dei
1865 850 2099 920 judicio,
2149 850 2218 904 de
2266 850 2508 919 praemiis
2563 852 2801 920 Iliorum,
2835 850 2904 905 de
2964 851 3254 923 suppliciis
3308 852 3681 921 improborum

427 934 871 1001 concionantur;
907 953 1033 990 eum
1062 937 1165 1007 ipsi
1191 953 1334 1000 sese,
1372 937 1528 1007 quasi
1559 938 1850 1007 terrigena:
1874 938 1948 991 illi
1980 938 2201 999 fratres,
2242 937 2422 990 aeutis
2466 939 2808 992 exacerbata;
2849 938 3046 1006 linguae
3105 938 3437 1009 pugionibus
3489 941 3682 995 confo-

430 1018 610 1084 diant,
638 1023 1007 1094 eumdemque
1031 1026 1279 1078 morbum
1310 1025 1363 1079 in
1396 1025 1595 1079 animis
1622 1026 1942 1079 auditorum
1976 1038 2306 1097 prOpagent,
2332 1035 2390 1080 ut
2418 1026 2563 1081 haud
2600 1027 2805 1098 injuria
2853 1028 3097 1083 dubitari
3153 1038 3320 1098 queat
3378 1046 3446 1084 an
3477 1069 3518 1085 ..
3585 1033 3680 1087 sed

428 1110 857 1177 temperandum
882 1121 966 1166 est
981 1112 1212 1176 calamo,
1240 1127 1308 1167 ne
1336 1110 1453 1182 ipse
1482 1111 1534 1165 in
1562 1112 1706 1165 idem
1740 1113 1939 1166 vitium
1972 1113 2230 1169 incidam.
2253 1116 2569 1186 Philosophi
2603 1116 2671 1171 de
2706 1116 2899 1171 ofﬁciis
2933 1117 3280 1187 praecipiunt,
3343 1125 3395 1172 et
3458 1117 3560 1185 ipsi
3612 1117 3682 1170 ab

424 1193 605 1250 oﬁicio
639 1212 782 1267 saepe
811 1197 1103 1253 discedunt
1148 1217 1166 1257 :
1209 1216 1385 1268 neque
1440 1200 1556 1255 fere
1603 1217 1837 1271 usquam
1886 1201 2008 1270 plus
2046 1213 2132 1258 est
2176 1203 2391 1273 injuria:
2447 1220 2611 1274 quam
2663 1203 2753 1259 ubi
2781 1205 2924 1276 juris
2969 1204 3293 1274 plurimum,
3343 1220 3520 1274 neque
3560 1204 3683 1275 pl‘us

425 1284 743 1338 morborum
795 1300 957 1355 quam
1014 1288 1068 1342 in
1118 1286 1275 1358 copia
1325 1284 1719 1352 remediorum,
1782 1306 2049 1358 nusquam
2104 1292 2226 1361 plus
2293 1293 2629 1361 paupertatis
2677 1309 2841 1361 quam
2898 1292 2952 1347 in
2993 1293 3226 1347 summis
3276 1293 3497 1364 opibus,
3545 1308 3681 1346 nus-

424 1386 587 1440 quam
646 1372 772 1443 plus
831 1374 1121 1430 dementire
1179 1391 1344 1445 quam
1393 1376 1447 1430 in
1504 1391 1719 1431 summa
1790 1378 2070 1446 sapientia:
2139 1379 2514 1448 persuasione.
2570 1378 2703 1446 Quae
2757 1379 2979 1449 quidem
3045 1380 3314 1450 sapientia
3383 1392 3683 1435 consuetu-

421 1457 572 1514 dinis
627 1461 985 1527 inveteratae,
1051 1474 1401 1534 acceptaeque
1457 1479 1489 1518 a
1556 1465 1858 1535 majoribus
1931 1466 2248 1533 opinionis,
2306 1477 2361 1520 et
2435 1468 2781 1523 auctoritatis
2857 1469 3244 1537 magistrorum
3309 1468 3683 1524 fundamentis

424 1543 573 1600 haud
627 1547 743 1602 seio
809 1564 972 1617 quam
1038 1551 1214 1607 ﬁrmis
1270 1551 1548 1606 innititur.
1599 1551 1737 1606 Hinc
1809 1551 2022 1606 infinita
2081 1553 2170 1605 illa
2221 1552 2446 1607 dissidia
2518 1553 2885 1622 religionum,
2947 1554 3359 1617 dei-trinarum,
3423 1570 3681 1619 morum,

428 1633 836 1698 institutorum,
887 1644 943 1690 et
1002 1650 1231 1708 propter
1284 1639 1605 1710 opinionum
1674 1640 1775 1710 (rei
1839 1639 2148 1707 levissimm)
2211 1639 2590 1695 diversitatem
2655 1641 2921 1710 capitales
2983 1641 3325 1703 inimicitiae,
3379 1642 3683 1698 seditiones

427 1721 771 1789 perniciosae,
817 1724 1068 1795 bellaque
1130 1726 1499 1781 atrocissima.
1564 1727 1709 1781 Inter
1758 1727 1874 1781 haec
1932 1727 2023 1781 alii
2071 1727 2335 1791 fremunt,
2393 1727 2484 1781 alii
2533 1737 2782 1798 gemunt,
2840 1728 3009 1797 aliqui
3062 1727 3261 1793 rident,
3321 1729 3476 1785 tnulti
3526 1729 3681 1792 ﬁent,

426 1809 611 1878 plures
638 1812 1012 1882 indignantur,
1049 1814 1294 1885 plerique
1328 1831 1525 1870 omnes
1569 1824 2009 1884 conqueruntur.
2048 1813 2221 1868 Nemo
2244 1831 2353 1868 non
2391 1815 2569 1870 aliena
2616 1815 2748 1869 vitia
2806 1814 3074 1884 perspicit
3127 1825 3184 1867 et
3244 1817 3521 1884 exag'tat;
3579 1832 3681 1868 sua

427 1914 557 1952 vero
582 1900 728 1953 serio
758 1911 815 1954 et
838 1911 1158 1957 constanter
1183 1903 1442 1957 emendat
1467 1902 1581 1957 fere
1606 1918 1789 1967 nemo,
1824 1912 1918 1956 aut
1942 1918 2075 1955 sane
2109 1901 2428 1972 paucissimi
2463 1902 2553 1956 :in
2584 1918 2695 1971 quo
2744 1902 2945 1971 exiguo
2990 1918 3151 1972 grege
3199 1904 3409 1956 utinam
3460 1913 3516 1957 et
3572 1918 3679 1972 ego

426 1985 697 2056 meipsum
722 2002 1015 2044 numerare
1044 1992 1297 2060 possem!
1337 1990 1443 2047 Sed
1478 1992 1666 2047 nescio
1687 2006 1797 2061 quo
1829 2000 1992 2060 pacto
2015 1989 2285 2059 exemplis
2307 1989 2480 2059 magis
2508 2004 2703 2044 omnes
2727 1989 3001 2043 trahimur
3026 2005 3195 2059 quam
3253 1989 3546 2059 disciplina
3615 1999 3675 2043 et

425 2073 659 2135 ratione.
684 2076 780 2128 καὶ
816 2075 904 2129 τὸν
932 2077 1253 2149 ἐπιχώριον.
1285 2090 1344 2133 ut
1381 2080 1782 2149 Aristophanes
1813 2079 1910 2141 ait,
1937 2081 1998 2132 diu

2100 2078 2222 2146 ἱμεν
2248 2077 2468 2147 τρόπον.
2506 2076 2671 2132 Pauci
2702 2077 2850 2132 enim
2879 2092 2945 2132 ea
2969 2086 3093 2132 sunt
3126 2079 3210 2133 vel
3256 2078 3552 2148 prudentia
3588 2080 3673 2132 vel

423 2161 733 2217 animorum
770 2165 1082 2220 constantia
1115 2167 1355 2238 praediti,
1382 2177 1442 2222 ut
1466 2183 1592 2223 cum
1623 2168 1775 2229 vitiis
1810 2178 1865 2221 et
1896 2167 2184 2222 erroribus
2224 2180 2450 2220 suorum
2485 2174 2798 2236 temporum
2825 2182 3068 2237 pugnare
3099 2166 3333 2236 possint.
3378 2166 3456 2221 Ita
3518 2167 3675 2236 quasi

424 2248 535 2304 fato
558 2251 793 2319 quodam
827 2254 1142 2324 praecipites
1165 2255 1217 2309 in
1250 2256 1379 2310 vitia
1408 2256 1643 2322 ruimus,
1676 2266 1732 2311 et
1755 2271 1823 2311 ex
1851 2248 2000 2310 vitiis
2026 2255 2083 2310 in
2108 2254 2474 2309 calamitates.
2502 2254 2634 2320 Quae
2664 2255 2900 2311 fortasse
2948 2256 3138 2310 minus
3180 2256 3370 2310 multm
3403 2267 3501 2310 aut
3559 2256 3673 2310 sal-

424 2332 545 2392 tem'
569 2339 807 2397 leviores
829 2352 1039 2408 essent,
1061 2342 1108 2398 si
1141 2352 1350 2399 rectam
1381 2345 1651 2398 rationem
1684 2353 1739 2398 et
1780 2343 2025 2413 reliquos
2054 2342 2236 2397 adhuc
2266 2340 2324 2395 in
2357 2350 2553 2395 natura
2595 2353 2790 2396 nostra
2842 2341 3047 2397 divinat
3094 2342 3239 2398 lucis
3285 2342 3567 2413 igniculos
3616 2343 3675 2397 in

424 2428 592 2481 tantis
611 2428 845 2486 fortuna:
875 2431 1121 2487 tenebris
1148 2442 1408 2502 tanquam
1443 2430 1797 2486 ﬁdelissimos
1819 2430 1990 2485 duces
2014 2444 2405 2500 sequeremur.
2437 2426 2597 2494 Quod
2624 2429 2669 2482 si
2694 2429 2871 2495 ﬁeret,
2902 2445 3013 2485 non
3046 2430 3211 2486 toties
3238 2430 3409 2486 fatum
3441 2431 3577 2486 fatui
3616 2439 3679 2486 et

423 2530 622 2570 caream
648 2518 925 2574 fortunam
951 2520 1081 2575 caeci
1116 2534 1529 2581 aeeusaremus,
1549 2534 1730 2589 neque
1770 2528 1997 2573 nostros
2021 2533 2247 2572 errores
2274 2525 2332 2570 et
2361 2515 2494 2569 vitia
2541 2516 2799 2571 obscuris
2854 2517 3548 2590 quibusdamnominibus
3582 2534 3685 2574 ves

423 2599 681 2660 laremns.
708 2606 865 2662 Nulla
889 2606 1115 2677 quidem
1149 2617 1235 2663 est
1261 2605 1318 2661 in
1354 2606 1518 2662 terris
1553 2606 1637 2660 vel
1659 2604 1946 2676 sapientiae
1975 2601 2064 2656 vel
2093 2600 2319 2655 virtutis
2348 2599 2641 2670 perfectio,
2667 2608 2724 2656 et
2746 2600 2954 2657 frustra
2990 2601 3328 2659 describitur
3377 2603 3538 2659 nobis
3583 2603 3679 2657 ille

421 2692 514 2761 qui
544 2693 690 2764 apud
732 2694 1019 2750 Horatium
1056 2713 1073 2751 :

1889 2810 2001 2866 Uno
2041 2808 2213 2862 minor
2250 2814 2324 2860 est
2361 2805 2485 2861 Iove
2513 2819 2535 2858 .'
2573 2808 2736 2869 dives,

1387 2882 1564 2942 Liber.
1593 2883 1902 2947 hortamina,
1926 2879 2163 2951 pulcher,
2205 2893 2297 2930 rea:
2323 2878 2545 2947 denique
2577 2894 2781 2949 regum,

1376 2952 1654 3023 Prwripue
1678 2967 1865 3018 sanus,

417 3098 516 3142 aut
540 3088 679 3158 apud
709 3088 945 3144 Gellium
974 3087 1275 3152 ἀκώλυτος,
1313 3087 1695 3154 ἀνεκὸίαστος,
1725 3089 1990 3157 ἁπαρεμπ

2109 3102 2226 3150 ττος,
2258 3082 2564 3151 ἐλεύθερος,
2600 3080 2859 3153 εὔπορος,
2891 3083 3190 3151 εὐδαίμων.
3228 3083 3437 3152 Qualis,
3471 3096 3530 3140 ιιι
3559 3086 3682 3156 opi—

418 3190 543 3240 nor,
571 3190 736 3230 nemo
769 3190 1010 3244 unquam
1059 3176 1162 3229 fuit
1204 3191 1384 3245 neque
1424 3175 1648 3231 futurus
1679 3182 1783 3230 est.
1817 3174 2090 3229 Omnibus
2133 3176 2305 3237 enim,
2336 3173 2482 3242 quod
2529 3173 2801 3244 satyricus
2836 3173 3110 3243 perfacete
3151 3172 3324 3238 addit,
3358 3190 3465 3231 non
3514 3176 3681 3230 modo

417 3262 638 3331 pituita,
674 3262 771 3318 sed
800 3262 937 3318 ﬁava
964 3271 1019 3316 et
1043 3272 1159 3318 atra
1203 3263 1328 3319 bilis
1346 3263 1643 3333 aliquando
1672 3263 1902 3318 molesta
1939 3270 2047 3318 est.
2084 3260 2240 3328 Quod
2274 3260 2482 3314 utinam
2513 3260 2696 3314 minus
2727 3259 2923 3315 crebro
2951 3270 3008 3316 et
3043 3260 3097 3315 in
3128 3259 3291 3316 dictis
3320 3270 3376 3316 et
3422 3262 3476 3317 in
3516 3262 3681 3319 factis

418 3350 997 3420 praStantissimorum
1027 3351 1274 3406 virorum
1306 3360 1624 3405 cerneretur
1657 3350 1909 3419 iAlioqui
1942 3349 2250 3407 doctrinam
2288 3347 2596 3402 divinarum
2623 3347 3095 3417 humanarumque
3130 3364 3309 3403 rerum
3333 3359 3390 3405 et
3417 3350 3681 3421 integrio-

421 3453 538 3492 rem
571 3445 629 3493 et
663 3438 846 3492 minus
880 3447 1293 3493 controversam
1322 3448 1374 3493 et
1408 3439 1581 3493 multo
1611 3438 2009 3507 expeditiorem
2038 3437 2393 3500 haberemus,
2424 3444 2482 3489 et
2506 3434 2617 3490 vita
2642 3435 2957 3491 mortalium
2982 3436 3242 3491 aerumnis
3266 3437 3425 3507 longe
3458 3438 3685 3507 paucio-

418 3522 572 3577 ribus
612 3531 977 3592 premeretur.
1022 3523 1127 3578 Sed
1163 3531 1367 3578 tantam
1396 3540 1517 3579 esse
1543 3524 1853 3580 vecordiam
1888 3532 1945 3579 et
1972 3525 2261 3590 malitiam,
2294 3533 2353 3579 ut
2390 3523 2545 3594 quasi
2573 3523 2639 3578 de
2680 3523 2952 3579 industria
2977 3525 3207 3579 miseros
3229 3534 3286 3580 et
3314 3540 3416 3579 nos
3449 3524 3596 3595 ipsos
3621 3537 3681 3581 et

417 3610 558 3665 alios
595 3625 716 3666 esse
747 3610 1018 3672 velimus,
1048 3610 1102 3664 id
1139 3628 1274 3667 vero
1304 3620 1391 3666 est
1431 3611 1753 3666 dolendum.
1784 3610 1927 3677 Quid
1972 3612 2119 3667 enim
2169 3613 2376 3674 obstat,
2427 3610 2719 3666 md’rbish
2766 3619 2944 3666 morte
2989 3612 3233 3682 exceptis
3262 3612 3515 3681 (quorum
3557 3613 3682 3669 illos

423 3698 852 3766 intemperantia
891 3698 1232 3768 voluptatum
1267 3708 1431 3768 atque
1467 3699 1763 3753 libidinum
1785 3700 2158 3764 eurnulamus,
2191 3700 2333 3755 hanc
2375 3716 2519 3768 saepe
2543 3699 2700 3768 quasi
2734 3699 3098 3768 refugientem
3132 3699 3274 3754 ultro
3301 3701 3678 3770 arcessimus),

414 3786 721 3854 quominus
760 3787 927 3840 etiam
965 3786 1019 3839 in
1052 3787 1215 3841 terris
1247 3786 1433 3857 aliquo
1465 3787 1629 3843 modo
1660 3787 1805 3842 beati
1850 3786 2057 3843 simus?
2088 3804 2213 3842 cum
2253 3788 2442 3843 divina
2473 3786 2779 3856 benignitas
2812 3786 2881 3840 ad
2914 3786 3122 3841 victum
3151 3795 3206 3841 et
3245 3787 3453 3841 cultum
3487 3804 3679 3844 neces-

418 3873 562 3927 saria
602 3873 907 3929 liberaliter
945 3874 1130 3928 omnia
1176 3875 1526 3944 suppeditet,
1560 3876 1723 3929 modo
1766 3883 1913 3929 recte
1950 3882 2234 3930 uteremur
2265 3883 2319 3929 et
2367 3874 2685 3929 humaniter
2718 3873 3272 3930 communicaremus.
3323 3876 3459 3931 Nam
3508 3879 3678 3947 pesti—

418 3959 599 4016 lentia:
625 3960 849 4030 quidem
890 3974 947 4017 et
978 3962 1298 4017 sterilitates
1343 3974 1399 4018 et
1425 3974 1585 4018 terra:
1616 3969 1810 4017 'motus
1843 3970 1899 4016 et
1934 3963 2211 4018 siccitates
2243 3972 2298 4016 et
2350 3959 2758 4020 inundationes,
2807 3969 2864 4014 et
2896 3959 2942 4013 si
2989 3975 3112 4028 quae
3140 3970 3270 4015 sunt
3311 3962 3432 4030 ejus
3463 3963 3679 4032 generis

418 4047 524 4103 alia
568 4048 786 4117 publica
833 4050 1006 4113 mala,
1051 4050 1104 4104 in
1137 4050 1300 4105 unius
1331 4050 1572 4104 hominis
1601 4060 1817 4104 aetatem
1866 4050 2042 4103 rarius
2084 4048 2354 4103 incidunt.
2390 4047 2537 4101 Bella
2570 4062 2702 4102 vero
2741 4046 2889 4100 nulla
2933 4055 3142 4101 natura:
3195 4050 3548 4114 necessitate,
3579 4049 3676 4104 sed

419 4135 730 4203 hominum,
761 4153 1065 4209 eorumque
1105 4139 1416 4209 principum
1452 4149 1507 4193 et
1538 4155 1751 4209 regum,
1783 4154 1923 4207 quos
1951 4137 2156 4190 virtute
2185 4145 2239 4189 et
2278 4134 2548 4203 sapientia
2574 4141 2837 4202 praestare
2866 4134 3080 4188 caeteris
3107 4143 3164 4188 et
3190 4134 3341 4191 cives
3372 4151 3503 4191 suos
3542 4136 3676 4191 red-

419 4225 553 4282 dere
592 4227 785 4283 beatos
815 4227 1066 4291 decebat,
1107 4229 1192 4283 vel
1233 4228 1537 4283 ambitione
1565 4228 1647 4284 vel
1681 4226 2033 4281 aemulatione
2066 4222 2147 4277 vel
2173 4222 2402 4277 avaritia
2433 4221 2518 4275 vel
2546 4220 2874 4275 crudelitate
2902 4222 3194 4285 exsistunt,
3221 4226 3278 4278 et
3303 4222 3462 4294 longe
3505 4225 3678 4295 majo-

420 4331 538 4369 rem
576 4316 843 4371 malorum
875 4316 1121 4371 omnium
1151 4317 1348 4372 molem
1380 4331 1568 4371 secum
1605 4316 1832 4369 trahunt
1860 4328 2171 4383 quamqua:
2205 4323 2424 4366 natura:
2460 4312 2619 4365 nobis
2649 4311 2947 4366 necessitas
2982 4311 3266 4382 imposuit.
3297 4312 3375 4368 Ne
3406 4330 3538 4369 vero
3572 4331 3679 4371 ca:-

420 4402 523 4456 teri
550 4418 653 4457 nos
681 4413 972 4459 excusatos
999 4415 1256 4474 putemus
1278 4443 1294 4467 ,
1329 4419 1611 4473 nunquam
1646 4401 1928 4472 principes
1960 4409 2142 4455 tantos
2176 4402 2324 4463 ciere
2361 4399 2633 4454 tumultus
2680 4408 2928 4469 possent,
2981 4399 3084 4454 nisi
3128 4400 3436 4468 inferiores,
3481 4401 3674 4457 iisdem

420 4493 630 4548 morbis
652 4493 989 4559 laborantes,
1018 4494 1235 4550 illorum
1261 4494 1662 4564 cupiditatibus
1688 4508 1799 4547 non
1824 4492 2108 4546 ministros
2135 4488 2299 4543 modo
2330 4488 2427 4543 sed
2460 4487 2628 4542 duces
2656 4487 2822 4542 etiam
2854 4502 2913 4542 se
2947 4491 3255 4557 praeberent
3287 4504 3301 4540 :
3335 4490 3427 4558 qui
3460 4489 3677 4545 honesti

418 4579 625 4636 laboris
656 4580 778 4651 fuga
803 4588 861 4636 et
899 4581 1118 4637 scelesti
1155 4582 1254 4637 otii
1284 4581 1583 4651 cupiditate
1615 4579 1800 4633 divina
1832 4580 2203 4646 humanaque,
2223 4577 2349 4647 jura
2381 4576 2565 4629 omnia
2596 4574 2799 4629 violare
2845 4590 2952 4629 non
2990 4585 3276 4640 verentur,
3316 4586 3373 4632 et
3420 4577 3676 4633 horribili

419 4669 605 4724 furore
631 4679 688 4725 et
714 4670 837 4739 plus
863 4686 1026 4739 quam
1056 4669 1299 4724 belluina
1327 4668 1668 4722 immanitate
1700 4675 2048 4737 grassantur;
2079 4682 2315 4733 cumque
2360 4662 2464 4732 ipsi
2515 4663 2738 4732 pessimi
2798 4662 2930 4723 sint,
2968 4662 3110 4715 bona
3142 4663 3310 4718 etiam
3344 4672 3440 4718 aut
3480 4665 3675 4721 saltem

418 4757 719 4813 mediocria
757 4757 974 4828 ingenia
1012 4765 1406 4826 corrumpunt,
1442 4763 1538 4808 aut
1568 4762 1799 4809 caeteros
1828 4753 2048 4822 quietos
2073 4762 2130 4807 et
2161 4750 2489 4822 tranquillos
2532 4765 2655 4804 esse
2690 4764 2801 4803 non
2833 4748 3140 4818 patiuntur.
3172 4749 3386 4806 Saevum
3424 4752 3674 4821 profecto

417 4853 474 4899 et
501 4844 837 4901 horrendum
876 4853 961 4900 est
993 4843 1182 4899 Martis
1211 4843 1525 4913 imperium,
1560 4841 1656 4912 qui
1693 4842 1839 4895 ferro
1869 4848 1921 4894 et
1958 4840 2066 4910 igni
2091 4840 2282 4904 suavit;
2327 4837 2421 4893 sed
2457 4838 2620 4907 paulo
2651 4835 2839 4891 utilior
2864 4842 2948 4888 est
2974 4834 3229 4890 Mercurii
3272 4838 3543 4913 tyrannis,
3576 4842 3675 4907 qui

419 4933 575 4990 falsis
624 4934 932 4991 rationibus
969 4942 1027 4990 et
1056 4932 1273 4989 callidis
1299 4931 1484 4986 verbis
1511 4931 1706 4987 miscet
1734 4929 1942 4994 omnia,
1983 4937 2041 4983 et
2084 4929 2190 4984 tela
2233 4927 2347 4981 fere
2376 4925 2689 4994 suppeditat
2720 4938 2844 4992 quze
2886 4922 3028 4978 Mars
3061 4924 3364 4995 ejaculetur
3396 4945 3410 4980 :
3451 4928 3678 4996 pessimi

421 5014 552 5079 sane
587 5023 894 5095 dcmagogi,
937 5032 998 5078 ut
1030 5022 1100 5077 ab
1144 5021 1436 5092 astrologis
1467 5020 1839 5091 appellantur,
1874 5035 1937 5072 ac
1982 5018 2167 5087 potius
2199 5015 2672 5086 κοσμοκράτορες.
2705 5012 2840 5066 Nam
2882 5012 2966 5066 vis
2997 5021 3054 5066 et
3094 5012 3398 5083 fraus,jure
3435 5024 3491 5070 et
3536 5014 3681 5070 veri-

425 5121 534 5166 tate
560 5111 865 5180 oppressis,
895 5111 1223 5179 plerumque
1250 5124 1432 5163 rerum
1465 5108 1774 5178 potiuntur.
1806 5106 1961 5174 Quod
1991 5106 2093 5160 etsi
2127 5104 2201 5158 ita
2234 5106 2287 5158 in
2322 5112 2578 5173 promptu
2611 5110 2716 5162 est,
2752 5112 2812 5154 ut
2838 5099 3078 5169 aptahile
3109 5103 3180 5154 sit
3210 5118 3330 5156 esse
3364 5103 3677 5165 obscurius,

423 5210 604 5255 tamen
645 5198 835 5253 nescio
865 5214 975 5268 quo
1006 5198 1174 5253 modo
1196 5197 1437 5252 lectione
1463 5196 1820 5250 historiarum
1857 5195 2028 5263 magis
2054 5194 2274 5247 animus
2306 5198 2687 5245 commovetur
2721 5198 2777 5243 et
2805 5187 2873 5242 ad
2913 5187 3371 5243 considerandam
3413 5192 3538 5246 vita!
3573 5192 3679 5245 hn-

424 5303 595 5341 tnanze
619 5286 735 5341 sive
753 5284 1327 5355 comico-tragoediam
1345 5284 1460 5340 sive
1489 5282 2049 5353 tragicoocomrediam
2068 5289 2123 5335 et
2150 5278 2429 5333 miseriam
2458 5275 2621 5330 simul
2648 5283 2704 5328 et
2729 5275 3023 5327 vanitatem
3054 5274 3355 5345 impellitur
3381 5291 3393 5329 :
3424 5295 3546 5347 qua:
3578 5295 3678 5333 nos

423 5375 490 5430 ad
520 5375 685 5429 aliam
702 5374 894 5438 vitam,
910 5372 1013 5443 piis
1028 5373 1298 5428 divinitus
1312 5373 1660 5442 promissam,
1676 5371 1867 5442 majori
1885 5370 2068 5424 studio
2091 5381 2148 5424 et
2163 5364 2571 5422 ardentiorihus
2590 5361 2732 5416 votis
2753 5364 3113 5429 expetendam
3130 5363 3369 5420 excitare
3383 5365 3689 5436 debebant,

424 5474 480 5519 et
499 5463 630 5517 dum
650 5462 740 5517 hic
754 5477 966 5526 sumus,
997 5462 1164 5517 etiam
1183 5461 1582 5530 diligentiores,
1605 5460 1993 5530 prudentiores
2020 5466 2075 5511 et
2112 5453 2512 5508 moderatiores
2530 5450 2766 5505 ellicere.
2792 5447 2925 5503 Nam
2966 5449 3203 5519 tragicos
3241 5466 3424 5514 casus,
3445 5469 3682 5522 quorum

426 5553 601 5622 plena:
617 5550 1025 5615 sunthistorim,
1045 5551 1126 5606 vel
1156 5566 1222 5605 ex
1255 5549 1512 5620 superbia
1542 5558 1600 5605 et
1629 5548 1951 5610 ambitione,
1978 5546 2065 5600 vel
2089 5559 2157 5598 ex
2192 5540 2522 5611 negligentia
2549 5552 2605 5592 et
2636 5530 2966 5600 temeritate',
2987 5538 3071 5591 vel
3099 5553 3163 5593 ex
3190 5538 3358 5593 animi
3379 5540 3684 5599 libidincet

426 5637 698 5709 injustitia
715 5646 897 5695 ortum
914 5637 1167 5694 habuisse
1190 5637 1306 5693 fere
1327 5646 1570 5703 constat;
1600 5649 1905 5707 perpaucos
1919 5644 2124 5696 autem,
2144 5630 2274 5683 dum
2305 5626 2483 5683 oﬁieio
2502 5625 2883 5693 fungerentur,
2919 5624 3228 5696 impegisse.
3261 5627 3431 5699 Cujus
3460 5631 3538 5685 rei
3574 5630 3681 5686 Zo-

426 5736 791 5782 narasnoster
816 5727 1064 5797 exempla
1092 5741 1230 5798 pene
1265 5726 1575 5788 innumera,
1609 5728 1663 5778 in
1693 5732 1968 5793 postremo
1999 5732 2149 5775 tonio
2183 5718 2485 5788 praesertim
2518 5713 2744 5784 (absque
2769 5725 2879 5780 quo
2915 5710 2960 5766 si
2990 5720 3157 5777 esset,
3184 5717 3553 5783 posteriorum
3578 5718 3684 5773 im-

343 5858 347 5863 .
433 5824 746 5878 peratorqu
791 5832 880 5871 res
909 5824 1093 5882 gestas
1123 5831 1317 5883 magna
1333 5829 1397 5871 ex
1433 5823 1585 5883 parte
1614 5808 2013 5882 ignoraremus)
2037 5804 2365 5879 compendio
2405 5800 2681 5874 proponit.
2716 5798 2791 5880 Ιιχ
2807 5814 2917 5870 quo
2943 5800 3046 5857 etsi
3093 5801 3185 5858 alii
3217 5804 3323 5861 alia
3364 5803 3681 5863 desiderare
