3984 6590
283 433 372 494 33
1703 427 2124 488 PRIEFATIU.
3460 429 3534 493 34

280 552 512 616 possunt
541 541 689 614 (quis
714 541 864 598 enim
893 540 1192 597 satisfaciat
1225 539 1566 610 omnibus?),
1599 550 1782 597 tamen
1820 552 2051 598 conatus
2084 542 2204 614 ejus
2235 542 2490 614 egregius
2513 548 2680 611 alque
2709 543 3021 599 institutum
3056 543 3377 614 praclarum
3408 545 3516 600 fuit
3535 587 3551 609 ,

281 643 489 688 certam
522 630 815 702 quamdam
861 631 1106 685 historia
1137 631 1293 701 quasi
1332 629 1680 700 disciplinam
1721 631 2122 696 constituendi,
2153 637 2209 684 et
2239 631 2484 700 dispersa
2519 631 2573 684 in
2609 631 2862 700 plurimis
2891 633 3268 688 voluminibus
3305 634 3555 688 membra

284 734 346 776 et
384 731 552 790 partes
582 721 701 790 ejus
730 719 786 772 in
817 735 987 771 utunn
1020 719 1296 788 quoddam
1337 733 1543 788 corpus
1573 718 1879 788 redigendi,
1911 734 1975 772 ea
2003 719 2383 773 moderatione
2417 720 2685 782 adhibita,
2719 729 2780 772 ut
2809 720 2984 774 instar
3012 721 3147 774 lauti
3187 721 3361 790 magis
3388 737 3554 790 quam

286 809 492 878 copiosi
522 808 896 867 convivatoris
925 807 1132 876 optima
1173 807 1358 876 potius
1399 821 1562 876 quam
1612 807 1850 875 plurima
1884 818 2204 877 apponeret,
2244 825 2346 864 nec
2377 811 2637 864 convivas
2665 825 2790 863 cum
2823 809 3044 865 fastidio
3077 810 3420 869 dimitteret.
3455 811 3553 864 sed

289 899 365 951 ita
399 898 637 962 allectos,
666 906 726 950 ut
758 897 1114 950 Timotheum
1153 895 1221 950 de
1262 897 1488 950 Platone
1521 896 1725 950 dixisse
1760 898 1964 960 ferunt,
1992 911 2178 950 canas
2200 899 2322 967 ejus
2350 899 2517 951 etiam
2550 897 2816 966 postridie
2843 897 3134 952 delectare.
3169 899 3377 968 Detegit
3403 899 3550 950 enim

287 987 394 1039 sibi
425 1002 528 1039 non
559 987 831 1046 omnium.
863 985 957 1038 sed
989 987 1390 1055 pracipuarum
1415 984 1660 1054 gentium
1694 983 1975 1042 historias.
2006 999 2186 1052 neque
2217 1001 2311 1038 eas
2343 1000 2555 1050 omnes,
2586 985 2682 1040 sed
2710 986 2793 1038 vel
2826 986 3131 1055 praecipuas
3161 986 3427 1040 duntaxat
3458 988 3542 1040 vel

286 1091 384 1127 eas
411 1089 526 1142 qua
561 1074 628 1127 ad
666 1074 915 1127 ecclesia
961 1074 1158 1129 seriem
1207 1071 1654 1142 perspiciendum
1702 1072 1880 1125 facere
1913 1072 2262 1138 videbantur,
2305 1074 2538 1128 consilio
2567 1073 2887 1143 judicioque
2929 1089 3050 1127 suo.
3084 1073 3240 1140 Quod
3270 1074 3385 1129 sive
3416 1088 3540 1143 pro-

287 1163 428 1216 barit
454 1163 567 1215 sive
597 1178 705 1215 non
733 1161 985 1231 probarit
1014 1161 1294 1224 omnibus,
1325 1161 1428 1214 hoc
1454 1161 1530 1214 illi
1557 1175 1684 1214 cum
1715 1161 1924 1223 multis,
1951 1161 2084 1214 illud
2116 1176 2241 1214 cum
2273 1162 2624 1230 paucissimis
2645 1161 3026 1230 scriptoribus,
3053 1176 3122 1214 ne
3148 1161 3328 1216 dicam
3361 1162 3549 1224 nullis,

286 1266 571 1304 commune
603 1251 729 1304 erit.
769 1251 824 1304 lu
860 1252 1000 1305 bona
1042 1259 1220 1305 tamen
1255 1266 1352 1320 spe
1393 1265 1538 1312 sum,
1571 1249 1690 1303 fore
1717 1249 1902 1318 plures
1936 1250 2028 1318 qui
2055 1249 2210 1303 avide
2234 1249 2515 1318 accepturi
2545 1257 2602 1302 et
2632 1249 2806 1315 gratis
2835 1249 3037 1302 animis
3067 1249 3172 1302 hoc
3205 1264 3345 1319 opus
3374 1250 3547 1318 pelle-

287 1341 422 1391 ctori
454 1340 586 1400 sint,
620 1354 785 1408 quam
826 1341 918 1408 qui
951 1338 1326 1408 contempturi
1363 1349 1458 1391 aut
1498 1337 1910 1392 calumniaturi.
1951 1336 2291 1392 Morosorum
2333 1351 2466 1390 vero
2515 1346 2571 1390 et
2623 1336 3062 1392 obtrectatowm
3094 1337 3349 1406 querelas
3388 1347 3554 1406 atque

286 1427 501 1479 aculeos
531 1427 658 1494 quis
694 1426 981 1479 hominum
1017 1426 1317 1480 deorumve
1344 1426 1606 1496 eﬁ‘ugiat?
1638 1425 1864 1496 quibus,
1893 1425 1996 1478 nisi
2031 1423 2176 1493 quod
2208 1423 2308 1492 ipsu
2347 1423 2615 1486 fecerunt,
2656 1423 2793 1476 nihil
2826 1423 3005 1492 placet
3035 1438 3048 1474 :
3081 1438 3146 1478 ac
3173 1438 3242 1478 ne
3286 1424 3391 1494 ipsi
3425 1424 3554 1494 qui-

283 1515 402 1568 dem
443 1515 548 1568 sibi
591 1514 795 1584 ubique
825 1515 958 1568 satis
988 1515 1231 1585 placent,
1266 1515 1474 1584 alioqui
1512 1531 1623 1570 non
1663 1514 1800 1568 alias
1827 1511 1975 1568 aliud
2005 1510 2306 1580 probarent
2335 1521 2501 1580 atque
2538 1511 2941 1580 improbarent.
2971 1512 3091 1566 Non
3141 1511 3359 1567 inﬁcior
3387 1528 3549 1581 posse

283 1602 451 1656 videri
479 1602 749 1656 Zonaram
795 1602 931 1656 alias
979 1603 1378 1670 prolixiorem,
1423 1614 1482 1657 ut
1523 1603 1576 1656 in
1616 1602 1847 1658 Judaica
1887 1600 2139 1666 historia,
2189 1601 2325 1654 alias
2360 1601 2696 1664 breviorem,
2729 1610 2790 1655 ut
2835 1601 2890 1654 in
2939 1611 3256 1656 exterarum
3301 1604 3579 1672 gentium-

284 1690 442 1745 rebus
483 1691 676 1760 gestis.
719 1691 777 1744 In
809 1705 920 1760 quo
952 1691 995 1744 si
1029 1706 1137 1760 qua
1176 1691 1338 1760 culpa
1373 1689 1667 1744 commissa
1698 1699 1801 1753 est,
1835 1689 2244 1744 excusationem
2285 1689 2491 1744 habere
2524 1689 2744 1743 videtur
2791 1675 2954 1754 hanc,
2993 1689 3140 1759 quod
3187 1690 3303 1758 ipse
3342 1706 3452 1743 non
3483 1707 3552 1745 ex

281 1794 376 1831 suo
412 1779 633 1849 ingenio
670 1779 1013 1849 deprompsit
1039 1794 1101 1833 ea
1135 1794 1256 1848 qua
1289 1778 1531 1848 scripsit,
1558 1778 1653 1832 sed
1693 1795 1761 1832 ex
1791 1777 1957 1832 variis
1994 1777 2316 1830 auctoribus
2347 1777 2577 1832 collecta
2624 1777 2678 1830 in
2730 1785 2943 1830 certum
2984 1777 3239 1832 ordinem
3278 1776 3540 1846 redegit;

279 1865 367 1931 qui
399 1875 659 1918 auctores
701 1865 847 1919 inter
877 1881 936 1919 se
967 1864 1321 1920 dissimillimi
1364 1874 1511 1920 sunt.
1542 1864 1698 1931 Quod
1735 1875 1918 1919 autem
1949 1879 2058 1917 non
2094 1864 2274 1918 omnia
2301 1873 2625 1934 persecutus
2650 1873 2754 1926 est,
2806 1863 3038 1918 fortasse
3076 1879 3185 1917 nou
3221 1864 3554 1934 negligentia

277 1953 367 2006 sed
405 1953 474 2004 de
512 1951 783 2006 industria
819 1952 969 2007 fecit.
1009 1952 1144 2007 Nam
1180 1953 1428 2007 omnium
1462 1953 1711 2024 gentium
1740 1963 1906 2022 atque
1941 1952 2162 2006 urbium
2201 1969 2288 2006 res
2332 1963 2513 2023 gestas
2540 1953 2858 2007 describere
2910 1952 3164 2006 immensi
3204 1961 3290 2006 est
3338 1953 3546 2023 negotii

277 2051 440 2108 atque
472 2041 614 2094 adeo
640 2040 862 2106 inﬁniti,
896 2052 956 2096 ut
991 2050 1200 2096 taceam
1232 2057 1342 2095 non
1377 2056 1596 2110 semper
1626 2057 1746 2095 esse
1774 2041 2142 2095 fructuosum.
2189 2041 2268 2094 Ac
2317 2055 2508 2110 parum
2536 2041 2691 2095 abest
2711 2041 2843 2110 quin
2871 2039 3070 2102 dicam,
3099 2039 3150 2092 id
3178 2039 3234 2093 in
3263 2047 3412 2094 tanta
3435 2055 3555 2095 am-

275 2128 548 2196 plitudine
591 2128 744 2183 orbis
782 2137 1053 2183 terrarum
1093 2145 1203 2183 non
1245 2128 1418 2199 magis
1465 2144 1586 2183 esse
1632 2129 1718 2182 vel
1745 2128 1879 2182 utile
1920 2129 2005 2183 vel
2042 2128 2436 2192 necessarium,
2486 2143 2653 2198 quam
2697 2129 2743 2182 si
2785 2128 2910 2198 quis
2933 2127 2989 2180 in
3040 2126 3260 2182 civitate
3314 2125 3552 2180 maxima

272 2216 522 2270 omnium
549 2217 842 2271 domorum
875 2224 994 2271 acta
1023 2231 1355 2287 cognoscere
1383 2217 1620 2270 studeat.
1650 2215 1910 2284 insignia,
1945 2232 2086 2278 rara.
2115 2217 2407 2287 exquisita,
2433 2232 2535 2272 nos
2564 2218 2746 2286 aliqua
2767 2232 2832 2271 ex
2862 2227 3015 2286 parte
3039 2215 3368 2286 attingentia
3394 2215 3552 2285 igno-

278 2318 395 2357 rare
431 2313 594 2374 turpe
629 2321 643 2356 :
680 2305 991 2360 consectari
1028 2304 1246 2375 singula
1277 2303 1616 2359 curiositatis
1649 2303 1832 2374 potius
1861 2312 1944 2359 est
1989 2320 2154 2374 quam
2181 2305 2530 2360 eruditionis.
2580 2303 2636 2359 Si
2668 2304 3018 2374 geographia,
3061 2303 3156 2372 qui
3193 2303 3362 2356 totius
3391 2313 3552 2356 terra

277 2393 509 2448 formam
545 2403 734 2449 tenere
762 2411 820 2450 se
852 2394 1203 2465 profitentur,
1232 2394 1434 2447 multas
1463 2401 1518 2447 et
1546 2408 1772 2462 magnas
1811 2392 1963 2447 orbis
2000 2403 2185 2462 partes
2225 2393 2481 2464 ignorare
2508 2393 2688 2456 licuit,
2726 2409 2825 2446 cur
2874 2407 2981 2446 non
3028 2391 3172 2445 idem
3216 2391 3272 2444 in
3318 2390 3554 2446 historia

275 2497 495 2552 quoque
537 2497 663 2536 cum
699 2483 857 2537 venia
890 2482 1088 2537 liceat?
1129 2482 1246 2536 Jam
1281 2481 1429 2551 quod
1466 2479 1532 2534 a’d
1559 2481 1933 2535 elocutionem
1962 2480 2183 2542 attinet,
2212 2481 2524 2544 contiones,
2557 2489 2968 2551 strategemata,
2995 2479 3249 2541 consilia,
3293 2487 3553 2546 eventus,

278 2568 467 2622 eadem
503 2569 619 2623 fere
653 2569 858 2639 ubique
899 2577 1218 2623 recurrunt.
1253 2568 1389 2623 Nam
1433 2567 1696 2622 ﬁnitimos
1730 2568 1962 2638 populos
1993 2568 2319 2638 plerumque
2363 2569 2432 2624 de
2478 2569 2683 2623 ﬁnibus
2726 2568 3017 2631 dimicare,
3064 2582 3188 2622 esse
3231 2582 3427 2622 causas
3464 2567 3552 2623 vel

280 2664 576 2724 pratcxtus
606 2656 872 2726 quosdam
915 2656 1186 2711 bellorum
1220 2665 1277 2711 et
1323 2655 1538 2710 subitas
1572 2655 1912 2720 occasiones,
1944 2655 2049 2709 alia
2103 2646 2270 2725 atque
2317 2657 2424 2711 alia
2471 2656 2726 2723 consilia,
2763 2655 3091 2718 sententias,
3123 2665 3376 2723 eventus,
3426 2656 3553 2725 quis

279 2743 458 2797 nescit
479 2742 504 2795 ‘i

1061 2849 1256 2905 Occidit
1285 2850 1498 2904 miseros
1525 2849 1733 2903 crambe
1772 2851 1993 2920 repetita
2036 2851 2344 2921 magistros,

282 2937 457 3008 inquit
489 2937 605 3004 ille,
648 2947 703 2994 et
736 2938 846 2993 alio
875 2937 998 2993 loco

1055 3025 1323 3094 Quidquid
1360 3036 1524 3095 agunt
1554 3027 1810 3090 homines,
1850 3036 2051 3091 votum,
2087 3029 2267 3091 timor,
2305 3027 2388 3080 ira
2416 3065 2430 3091 ,
2462 3024 2729 3096 voluptas,

1053 3096 1289 3163 Gaudia,
1321 3099 1589 3150 discursus
1623 3101 1786 3151 nostri
1815 3099 2033 3168 farrago
2067 3097 2250 3152 libelli.

346 3239 477 3304 Qua
503 3253 630 3292 cum
669 3238 745 3294 ita
775 3253 834 3294 se
868 3237 1128 3299 habeant,
1157 3246 1212 3292 et
1247 3237 1580 3308 Philosopho
1607 3249 1834 3294 auctore
1865 3237 2164 3310 singularia
2193 3237 2406 3292 inﬁnita
2434 3237 2544 3292 sint
2572 3253 2677 3294 nec
2708 3239 2836 3295 ullis
2873 3238 3122 3295 scientiae
3149 3236 3419 3292 limitibus
3459 3237 3548 3292 in-

283 3326 424 3380 cludi
453 3328 686 3396 possint,
727 3327 1002 3397 pracipua
1034 3340 1102 3380 ex
1139 3325 1208 3380 iis
1245 3325 1386 3380 scire
1416 3325 1551 3380 satis
1580 3335 1672 3381 est
1705 3326 1796 3395 (de
1826 3327 2146 3380 hominibus
2185 3326 2469 3395 occupatis
2498 3327 2716 3400 loquor)
2757 3336 2815 3382 et
2858 3327 3108 3383 ordinem
3152 3336 3458 3396 temporum
3484 3341 3550 3380 ac

282 3430 461 3468 rerum
488 3423 769 3486 gestarum
802 3413 987 3468 animo
1030 3412 1348 3482 complecti.
1379 3411 1554 3479 Quam
1604 3414 1670 3468 ad
1716 3430 1827 3469 rem
1868 3430 1977 3468 non
2006 3429 2198 3482 parum
2237 3413 2540 3483 adjumeuti
2582 3414 2776 3469 afferet
2810 3403 3052 3470 Zonaras
3085 3423 3308 3478 noster,
3342 3415 3438 3483 qui
3479 3414 3548 3467 ab

281 3503 410 3556 orbe
437 3501 664 3556 condito
691 3500 1009 3570 auspicatus
1036 3499 1106 3554 ad
1137 3515 1292 3554 suam
1323 3515 1498 3570 usque
1527 3511 1744 3556 atatem
1770 3542 1784 3565 ,
1819 3502 1924 3556 hoc
1957 3512 2044 3556 est
2072 3502 2137 3555 ad
2169 3517 2344 3555 annos
2373 3501 2577 3556 abhinc
2605 3503 2842 3572 amplius
2881 3502 2986 3556 400
3017 3504 3311 3573 processit.
3348 3503 3404 3556 In
3436 3518 3548 3571 quo

280 3605 503 3644 necesse
540 3588 731 3642 habuit
767 3588 942 3658 pritna
974 3588 1130 3657 quasi
1166 3602 1351 3642 rerum
1386 3599 1664 3658 gestarum
1692 3588 1966 3643 cunabula
1999 3605 2064 3642 ex
2097 3589 2325 3642 Litteris
2349 3589 2544 3650 sacris.
2569 3591 2812 3660 Josepho
2838 3601 3000 3661 atque
3031 3591 3154 3645 aliis
3181 3590 3550 3659 scriptoribus

281 3678 510 3732 vetustis
543 3685 822 3746 repetere.
865 3677 995 3742 Qua
1034 3675 1216 3739 nobis,
1245 3676 1292 3730 si
1325 3677 1533 3746 absque
1563 3675 1709 3732 Mose
1743 3675 1956 3741 fuisset,
1989 3677 2148 3747 plane
2181 3677 2379 3746 ignota
2407 3687 2594 3732 essent
2628 3698 2641 3734 :
2681 3679 2769 3733 cui
2801 3695 2903 3735 nos
2947 3688 3007 3734 ut
3049 3679 3316 3733 divinitus
3347 3679 3548 3732 edocto

282 3767 471 3836 religio
502 3777 714 3827 nostra,
741 3764 996 3835 quamvis
1029 3765 1360 3820 adversante
1400 3765 1772 3835 philosophia,
1805 3766 2033 3820 credere
2064 3764 2225 3836 jubet
2253 3781 2315 3819 ac
2346 3765 2511 3835 cogit.
2547 3766 2615 3822 Ut
2648 3775 2706 3820 ut
2728 3765 2820 3830 sit,
2854 3776 3136 3821 auctorem
3173 3781 3239 3819 eo
3269 3765 3549 3834 antiquio-

283 3869 393 3909 rem
416 3863 472 3908 et
493 3853 788 3909 certiorem
814 3868 920 3906 non
956 3852 1245 3908 habemus.
1273 3853 1370 3907 Est
1399 3853 1546 3906 enim
1573 3853 1799 3908 Judaica
1829 3853 2055 3909 historia
2088 3853 2255 3908 veluti
2289 3852 2706 3908 fundamentum
2729 3865 2822 3908 aut
2854 3854 3187 3924 principium
3218 3864 3543 3907 catcrarum

281 3944 525 3998 omnium
566 3965 579 3998 :
613 3953 670 3997 et
697 3943 876 4011 gentis
910 3944 1060 3997 illius
1092 3943 1297 3996 mirum
1331 3942 1609 4010 quoddam
1643 3942 1839 4008 fatum,
1874 3953 1931 3996 ut
1961 3957 2102 4012 pene
2138 3950 2309 3996 totum
2343 3949 2616 3995 terrarum
2657 3942 2846 3996 orbem
2878 3952 3189 4011 pervagata,
3227 3940 3282 3994 in
3311 3941 3548 3996 summis

281 4042 589 4086 exterarum
613 4033 859 4102 gentium
883 4031 1027 4086 odiis
1051 4041 1109 4086 et
1137 4030 1638 4094 adversationibus,
1667 4041 1847 4084 tamen
1878 4030 2169 4100 opiniones
2195 4043 2325 4083 suas
2350 4029 2587 4083 mirabili
2617 4030 2732 4084 sive
2761 4030 3063 4098 pertinacia
3090 4031 3204 4083 sive
3231 4030 3547 4083 constantia

283 4119 612 4184 defenderit,
653 4129 819 4189 atque
852 4120 1018 4174 etiam
1048 4119 1212 4174 hodie
1247 4127 1489 4182 tueatur,
1522 4127 1584 4172 et
1625 4119 1827 4173 multos
1851 4119 1907 4172 in
1935 4135 2091 4174 suam
2120 4119 2450 4172 sententiam
2485 4119 2834 4188 pertraxerit.
2862 4119 3033 4183 Quale
3065 4117 3202 4170 nihil
3235 4117 3290 4170 in
3321 4119 3542 4170 caloris

282 4209 497 4278 populis
525 4208 807 4262 cernitur:
829 4221 1064 4276 quorum
1100 4206 1366 4270 historia,
1393 4206 1616 4260 insertis
1651 4207 1816 4260 etiam
1843 4215 1896 4262 et
1925 4209 2212 4278 explicatis
2240 4207 2479 4262 Danielis
2501 4217 2557 4262 et
2586 4208 2824 4262 aliorum
2858 4206 3250 4276 prophetarum
3278 4205 3544 4270 oraculis,

281 4299 460 4352 obiter
505 4296 881 4366 attinguntur,
913 4304 974 4350 ut
1017 4294 1348 4366 Egyptiaca
1375 4334 1390 4358 ,
1432 4295 1702 4365 Assyria,
1740 4293 2002 4360 Persica,
2033 4297 2395 4351 Macedonica
2419 4337 2434 4359 ,
2465 4298 2742 4352 Romana.
2783 4296 3106 4365 Quanquam
3143 4295 3227 4349 his
3263 4295 3546 4365 peculiare

281 4386 538 4440 volumen
605 4383 908 4442 dedicavit.
978 4385 1126 4451 quod
1186 4398 1286 4450 ego
1346 4383 1399 4435 in
1463 4383 1602 4437 duas
1658 4393 1843 4453 partes
1895 4382 2158 4450 distinxi,
2225 4395 2280 4439 et
2334 4383 2684 4441 Christianos
2753 4384 3117 4454 imperatores
3177 4382 3245 4436 ab
3303 4382 3546 4437 ethnicis

279 4474 566 4542 separavi,
621 4481 683 4526 ut
744 4480 920 4526 totum
962 4487 1102 4540 opus
1162 4471 1502 4543 tripartitum
1544 4483 1712 4528 esset.
1777 4472 1855 4526 De
1898 4473 2057 4542 cujus
2116 4480 2443 4542 argumento
2504 4473 2788 4527 hactenus.
2832 4471 2991 4526 Nunc
3050 4470 3218 4526 etiam
3268 4470 3336 4525 de
3402 4469 3545 4540 stylo

278 4561 521 4616 auctoris
559 4559 812 4615 nonnihil
860 4567 946 4614 est.
987 4559 1304 4624 dicendum,
1348 4561 1441 4629 qui
1489 4575 1612 4614 cum
1637 4575 1744 4614 non
1787 4560 1952 4614 unius
1994 4559 2065 4613 sit
2102 4559 2322 4628 generis
2351 4569 2406 4613 et
2437 4558 2647 4623 forma,
2679 4559 2775 4614 sed
2826 4575 2926 4630 pro
2957 4560 3218 4613 varietate
3254 4567 3543 4612 auctorum

279 4666 308 4704 ο
329 4650 532 4718 quibus
558 4649 676 4702 hac
704 4649 874 4716 petita
905 4655 1055 4712 sunt,
1091 4655 1146 4701 et
1186 4647 1301 4716 ipse
1325 4648 1517 4712 variet,
1549 4649 1600 4702 in
1637 4648 1831 4703 ultimo
1858 4657 2004 4702 tomo
2041 4646 2343 4715 prasertim
2369 4686 2382 4708 ,
2417 4663 2522 4715 qua
2569 4657 2726 4702 atate
2752 4645 2938 4702 Graca
2965 4646 3168 4715 pariter
3202 4654 3258 4700 et
3298 4645 3544 4700 Romana

279 4738 854 4810 linguadegeneravit,
884 4736 1087 4791 eruditi
1137 4738 1390 4792 homines
1426 4737 1479 4791 in
1533 4752 1600 4792 eo
1645 4737 1897 4792 nonnihil
1942 4734 2364 4790 desiderabunt.
2415 4735 2732 4789 Desideravi
2777 4743 2832 4789 et
2874 4737 2990 4804 ipse
3033 4734 3311 4797 nonnihil,
3364 4735 3545 4804 parci-

282 4830 515 4883 moniam
558 4827 614 4881 in
660 4825 855 4896 primis
900 4824 1335 4880 Demosthenica
1378 4824 1646 4879 orationis
1673 4865 1688 4889 ,
1733 4840 1854 4894 qua
1900 4839 2023 4879 meo
2057 4823 2239 4892 palato
2293 4822 2453 4892 longe
2496 4823 2602 4877 fuit
2645 4821 2853 4892 gratior
2891 4831 2947 4877 et
2991 4822 3056 4876 ad
3101 4822 3539 4877 convertendum

282 4934 383 4971 non
440 4925 652 4970 tantum
682 4913 979 4984 jucundior
1033 4913 1129 4968 sed
1178 4912 1344 4967 etiam
1399 4911 1613 4966 facilior
1652 4929 1664 4964 :
1698 4921 1758 4966 ut
1807 4921 1867 4966 ut
1918 4913 2041 4966 aliis
2081 4911 2320 4966 difﬁcilis
2351 4911 2626 4974 videatur,
2672 4920 2729 4965 et
2771 4925 2892 4965 mea
2943 4912 3209 4966 tenuitate
3262 4911 3539 4980 superior.

281 5007 352 5061 Na
485 5019 527 5058 ‘ll
580 5005 683 5059 hoc
732 5013 958 5057 auctore
1014 5002 1200 5056 multa
1257 5010 1386 5054 sunt
1445 5011 1542 5056 aut
1596 4999 1731 5054 mihi
1786 5011 1938 5054 certe
1991 5014 2114 5052 esse
2165 4997 2427 5051 videntur
2479 4998 2930 5066 περισσολογίαι,
2999 5015 3120 5068 qua
3179 5010 3240 5053 ut
3283 4999 3535 5054 Graecum

283 5109 586 5148 sermonem
644 5106 746 5146 suo
796 5089 1035 5159 quodam
1071 5089 1233 5159 genio
1269 5103 1411 5158 sape
1445 5103 1555 5142 non
1586 5088 1878 5142 infeliciter
1907 5087 2282 5143 lascivientem
2339 5087 2592 5150 deceant,
2637 5087 2850 5142 Latinis
2896 5088 3124 5142 auribus
3167 5089 3337 5142 multo
3376 5103 3534 5142 sevc-

284 5181 536 5244 riori‘bus,
575 5178 678 5232 nisi
710 5178 944 5232 multum
986 5191 1088 5245 ego
1137 5173 1314 5235 fallor,
1353 5174 1700 5243 permolesta
1742 5173 1940 5228 futura
1971 5185 2151 5232 erant.
2181 5178 2368 5247 anue
2401 5178 2469 5231 de
2498 5192 2686 5242 causa,
2733 5177 2823 5230 tibi
2878 5177 3016 5231 citra
3047 5179 3337 5232 sententia
3363 5175 3532 5231 detri-

283 5278 521 5322 mentum
561 5265 681 5320 ﬁeri
715 5265 912 5334 powit,
957 5279 988 5317 a
1031 5277 1117 5317 me
1153 5261 1358 5316 alicubi
1399 5260 1786 5329 pratermissa
1826 5271 1971 5316 sunt.
2007 5262 2176 5333 quue
2210 5279 2334 5318 cum
2362 5280 2472 5319 non
2519 5273 2624 5318 tam
2673 5279 2792 5318 mea
2843 5274 3059 5333 Sponte,
3103 5281 3266 5334 quam
3323 5264 3536 5318 monitu

281 5356 727 5412 doctissimorum
761 5352 1030 5418 virorum,
1064 5348 1334 5407 Joachimi
1365 5348 1678 5406 Camerari't
1701 5358 1754 5403 et
1789 5349 2050 5405 Ludovici
2097 5350 2305 5418 Carini,
2362 5351 2610 5416 fecerim,
2648 5366 2734 5404 me
2771 5351 2932 5406 facile
2966 5352 3101 5405 viris
3127 5350 3312 5405 doctis
3341 5349 3540 5417 proba-

283 5455 462 5500 turum
487 5442 730 5499 couﬁdo.
759 5440 1144 5512 lmperitorum
1178 5448 1363 5492 autem
1398 5445 1454 5491 et
1481 5437 1912 5492 obtrectatorum
1940 5436 2172 5506 judicia,
2198 5453 2320 5506 qua
2348 5438 2436 5493 vel
2460 5438 2608 5491 nulla
2633 5438 2717 5492 vel
2752 5453 3012 5507 perversa
3039 5447 3186 5500 sunt,
3224 5446 3537 5499 contemno,

279 5548 456 5603 neque
479 5531 622 5587 facio
654 5530 830 5600 pluris
859 5543 1024 5600 quam
1060 5540 1304 5581 morsum
1336 5523 1535 5594 pulicis
1568 5523 1897 5594 elephantus
1925 5523 2165 5580 ludicus.
2205 5525 2398 5579 Fabris
2426 5525 2573 5579 enim
2606 5524 2824 5579 fabrilia
2864 5526 3145 5580 tractanda
3176 5533 3324 5588 sunt,
3358 5541 3540 5595 neque
3623 5556 3627 5560 -

283 5629 484 5676 temere
532 5619 705 5674 falces
738 5619 794 5673 in
823 5617 1059 5672 alienam
1097 5628 1332 5669 messeni
1376 5611 1761 5667 immittenda.
1805 5611 2076 5667 Concessa
2119 5613 2378 5667 omnibus
2409 5621 2492 5666 est
2524 5611 2593 5666 ab
2639 5611 2842 5666 invidia
2886 5622 2940 5666 et
2972 5612 3247 5681 imperitia
3277 5612 3342 5666 ad
3370 5615 3542 5684 aqui-

281 5719 442 5763 tatem
472 5718 532 5763 et
567 5707 940 5764 eruditionem
988 5703 1327 5774 provocatio.
1366 5699 1512 5755 Idem
1546 5699 1678 5754 mihi
1724 5699 1834 5769 jus,
1873 5701 1963 5754 ubi
2006 5701 2091 5755 vel
2129 5701 2324 5756 decere
2367 5699 2451 5753 vel
2487 5701 2861 5754 necessarium
2895 5715 3014 5753 esse
3047 5699 3223 5752 visum
3258 5710 3361 5768 est,
3396 5711 3449 5757 et
3483 5703 3537 5756 iu

283 5797 618 5868 dialogismis
661 5797 727 5849 ad
763 5804 1082 5865 perpetuam
1120 5793 1427 5848 orationem
1471 5789 1788 5858 redigendis
1834 5789 1975 5844 haud
2026 5806 2149 5844 raro
2191 5787 2441 5859 permisi,
2492 5804 2558 5841 ne
2605 5789 2826 5858 propria
2874 5787 3092 5841 nomina
3127 5797 3183 5843 et
3213 5791 3539 5859 pronomina

282 5891 525 5956 quaedam
553 5897 610 5942 et.
638 5885 867 5942 verbum
894 5884 1064 5952 inquit
1096 5881 1283 5938 etralia
1321 5877 1637 5948 hujusutodi
1664 5876 1730 5931 ad
1763 5878 2040 5932 fastidiunt
2093 5894 2264 5947 usque
2299 5876 2623 5932 inculcanda
2653 5884 2854 5928 essent.
2894 5873 3028 5939 Quis
3060 5877 3206 5930 etiim
3243 5891 3353 5930 non
3385 5876 3538 5930 malit
