3958 6592
393 398 466 459 35
1650 381 2103 443 IIIERONYMI
2148 376 2433 438 WOLFII
3583 369 3651 430 36

393 518 523 557 cum
552 499 885 556 Aristoxeno
920 495 1104 555 redire
1145 496 1201 550 in
1237 491 1510 555 latomias,
1548 506 1715 562 quam
1743 489 1993 549 eamdem
2036 486 2214 542 cuculi
2260 484 2588 540 cantilenam
2620 480 2812 534 audire
2846 479 3053 536 toties?
3090 479 3152 536 Ut
3186 480 3334 536 enim
3359 477 3533 535 Graeci
3567 477 3649 531 vel

394 591 470 645 ob
492 590 807 659 complures
841 589 1039 644 breves
1072 596 1126 641 et
1170 583 1486 641 commodas
1517 583 1921 637 conuexionum
1969 578 2285 646 particulas,
2327 575 2410 630 vel
2446 573 2516 630 ob
2571 572 3008 644 participiornm,
3060 587 3181 642 qum
3213 571 3477 641 praeteriti
3512 580 3649 625 tetu-

398 679 552 748 poris
577 676 1036 747 signiﬁcationem
1068 675 1292 738 habent,
1327 669 1763 730 multitudinem,
1796 667 1911 721 sive
1949 665 2114 719 etiam
2150 664 2271 717 aliis
2302 662 2368 717 dc
2395 661 2596 727 causis,
2629 678 2766 733 quas
2798 661 2884 715 hic
2919 662 3173 730 persequi
3202 661 3424 731 longum
3463 660 3651 715 fuerit.

397 784 428 821 a
465 768 776 837 tautol0gils
813 776 871 820 et
901 764 1277 836 perissologiis
1326 763 1511 816 minus
1560 760 1885 819 abhorrent,
1939 767 1993 810 et
2026 752 2210 807 omnia
2247 751 2514 805 minutius
2559 762 2615 807 ct
2674 751 2948 806 curiosius
2986 758 3416 820 persequuntur,
3451 750 3530 803 sic
3558 751 3649 818 qui

400 856 551 924 apud
575 854 799 909 Latinos
825 855 1029 908 imitari
1071 857 1265 907 eadem
1304 848 1563 913 valuerit,
1592 863 1675 901 nte
1710 846 1755 900 is
1791 845 1847 898 in
1877 841 2208 897 horrendam
2261 851 2317 895 ct
2358 841 2598 910 ineptam
2644 838 2848 894 incidet
2887 838 3323 906 loquacitatem?
3360 837 3460 903 Qui
3493 837 3656 906 igitur

393 943 767 1012 interpretem.
794 941 1111 1013 bujusmodi
1148 939 1397 996 salebras
1424 935 1546 989 sine
1576 936 1688 989 ullo
1714 933 2001 989 sententia:
2034 931 2367 985 detrimento
2400 931 2662 985 vitantem
2705 930 2790 983 vel
2844 928 3185 996 negligentia:
3218 926 3301 979 vel
3332 927 3487 980 mahe
3528 927 3651 981 ﬁdei

398 1041 684 1092 accusant,
725 1012 879 1086 suam
903 1031 989 1085 vel
1021 1029 1295 1084 inscitiam
1318 1034 1374 1081 et
1398 1024 1594 1095 judicii
1630 1024 1868 1094 inopiam
1895 1021 1982 1077 vel
2022 1019 2277 1074 morbum
2308 1017 2474 1072 animi
2513 1026 2569 1071 et
2612 1017 2759 1071 nulla
2790 1016 2856 1070 de
2887 1032 3049 1069 causa
3080 1013 3438 1067 maledicendi
3469 1012 3655 1068 libidi-

398 1135 525 1172 nem
567 1120 831 1187 produnt.
861 1120 1050 1187 Neque
1093 1125 1277 1171 tamen
1327 1113 1531 1170 indulsi
1571 1113 1704 1169 mihi
1740 1113 1997 1170 nimium.
2052 1114 2184 1169 Nam
2227 1116 2373 1185 quod
2405 1114 2557 1168 Plato
2587 1113 2685 1179 ait,
2721 1113 2770 1166 ei
2806 1111 2898 1180 qui
2955 1109 3007 1163 in
3048 1108 3382 1179 disputando
3429 1124 3655 1177 respon-

398 1205 527 1259 deat
563 1206 963 1276 interrogantis
1005 1205 1233 1274 vestigia
1277 1201 1659 1273 persequenda
1694 1217 1835 1265 esse,
1879 1202 1932 1256 id
1984 1204 2353 1273 multomagis
2400 1200 2708 1255 iaciendum
2760 1215 2878 1253 esse
2915 1199 3105 1252 alienze
3137 1197 3337 1267 lingua:
3369 1196 3527 1259 inter,
3553 1196 3652 1249 reti

398 1295 657 1365 cogitavi.
688 1295 845 1361 Quod
893 1295 938 1348 si
982 1295 1027 1349 is
1058 1294 1318 1363 scriptor,
1346 1306 1510 1360 quem
1553 1289 1939 1361 explicandum
1976 1292 2309 1363 susceperis,
2346 1299 2498 1345 rerto
2547 1288 2761 1344 itineris
2794 1287 3094 1357 prmccssit.
3147 1286 3251 1341 hoc
3281 1293 3363 1339 est
3396 1287 3439 1339 si
3473 1278 3653 1339 rerum

399 1382 700 1438 bonitatem
738 1398 864 1438 cum
891 1383 1162 1453 elegantia
1210 1380 1471 1436 dictionis
1504 1380 1813 1449 conjunxit,
1863 1380 2136 1449 interpres
2176 1389 2226 1433 et
2260 1379 2442 1433 minus
2474 1377 2680 1432 laboris
2715 1386 2771 1431 et
2807 1377 2929 1445 plus
2964 1373 3142 1429 laudis
3167 1373 3346 1443 capit:
3389 1372 3472 1427 sin
3509 1372 3657 1427 illius

400 1471 677 1524 salebrosa
708 1481 795 1526 est
816 1473 1018 1533 oratio,
1067 1478 1123 1524 ct
1158 1484 1247 1524 res
1288 1467 1434 1523 haud
1478 1467 1656 1534 magni
1710 1467 1974 1521 tuomenti
2017 1467 2286 1529 continet,
2329 1465 2521 1520 aliena:
2569 1464 2744 1533 cuipzc
2785 1463 2916 1516 dare
2952 1477 3143 1533 punias
3184 1464 3350 1516 etiarn
3384 1459 3657 1530 interpres

397 1559 639 1627 cogitur.
667 1559 826 1626 Nam,
856 1568 916 1614 ut
948 1558 1254 1628 Sophocles
1289 1557 1396 1612 alio
1427 1572 1590 1612 sensu
1615 1554 1875 1617 aﬁirmat,
1897 1556 2164 1610 malarum
2196 1571 2377 1610 rerum
2408 1555 2637 1625 pulchra
2666 1570 2788 1609 esse
2827 1551 3280 1606 commemoratio
3308 1566 3414 1605 non
3451 1558 3652 1620 potest,

398 1658 458 1701 et
493 1645 748 1701 ordinem
788 1662 854 1701 ac
897 1645 1323 1716 dispositionem
1358 1660 1550 1700 earum
1603 1644 1896 1697 immutare
1946 1644 2041 1697 vix
2089 1645 2431 1698 conceditur.
2472 1644 2539 1699 Ut
2586 1645 2750 1711 igitur
2797 1643 2974 1696 oratio
3020 1638 3335 1710 interpretis
3380 1637 3569 1692 Latina
3600 1647 3656 1691 et

399 1751 539 1805 pura
576 1736 669 1798 sit.
704 1738 821 1805 ipsa
855 1744 1037 1791 tamen
1067 1736 1395 1805 compositio
1425 1735 1709 1789 horridum
1750 1735 2008 1804 quiddam
2039 1742 2203 1802 atque
2233 1748 2489 1801 asperum
2517 1740 2695 1793 sonat,
2731 1730 2994 1784 membris
3024 1740 3079 1784 et
3112 1727 3364 1798 partibus
3397 1727 3517 1797 ejus
3542 1740 3652 1779 non

401 1825 577 1879 multo
609 1825 810 1881 melius
848 1841 1011 1895 quam
1046 1840 1213 1879 arena
1248 1826 1369 1879 sine
1395 1824 1548 1879 calce
1574 1824 2009 1879 coinerentibus.
2038 1822 2170 1889 Qum
2206 1823 2336 1876 vitia
2371 1823 2464 1891 qui
2494 1820 2737 1891 eﬁ'ugere
2773 1822 2986 1882 volunt,
3022 1821 3074 1873 in
3103 1818 3250 1873 aliud
3289 1816 3508 1887 gravius
3542 1816 3658 1884 plc-

400 1928 638 1982 rumque
663 1914 937 1978 incidunt,
978 1923 1039 1967 ut
1066 1914 1197 1968 dum
1229 1914 1466 1967 orationi
1501 1911 1773 1981 poliendae
1802 1920 1857 1964 et
1884 1910 2222 1967 exornanda:
2246 1909 2490 1979 impense
2519 1910 2764 1968 student,
2801 1909 2867 1961 ab
2900 1907 3147 1962 auctoris
3176 1904 3465 1960 sententiis
3494 1904 3655 1972 longe

400 2001 699 2063 aberrent,
751 2012 808 2056 et
859 2001 1185 2071 χιιι-ἰθείηιο
1216 2000 1460 2070 perﬁdia:
1503 1999 1737 2054 crimine
1793 2014 1851 2054 se
1899 1999 2269 2069 obstringunt.
2321 1997 2417 2053 llis
2458 1997 2823 2052 incommodis
2862 2006 3022 2051 acute
3073 1996 3392 2066 perspectis,
3439 2006 3655 2049 summo

401 2087 624 2157 ingenio
655 2098 712 2143 et
742 2089 1000 2144 doctrina
1045 2090 1130 2143 vir
1169 2088 1412 2144 Joannes
1447 2087 1713 2143 Joviauus
1750 2088 2034 2142 Pontanus
2091 2088 2346 2158 praeclare
2394 2086 2636 2156 scripsit,
2687 2086 2846 2140 malle
2889 2102 2947 2140 se
2986 2100 3260 2156 quemque
3307 2083 3503 2138 ail‘erre
3534 2096 3656 2145 sua,

400 2191 565 2243 quam
601 2176 803 2232 oﬂerre
835 2179 1012 2231 aliena
1042 2197 1057 2231 :
1104 2188 1162 2232 ct
1186 2180 1333 2247 quod
1381 2176 1623 2246 scripsit,
1678 2178 1794 2246 ipse
1822 2177 1877 2230 in
1907 2176 2155 2230 doctrina
2186 2191 2399 2229 morum
2430 2185 2486 2228 ct
2513 2190 2697 2228 rerum
2730 2173 3037 2229 cmlcstiutn
3077 2171 3401 2242 explicanda
3441 2169 3591 2232 fecit,
3627 2185 3655 2223 a

402 2263 753 2334 philosophis
779 2275 836 2319 et
860 2268 1159 2337 astrologis
1199 2267 1371 2336 petita
1418 2266 1668 2330 materia,
1706 2282 1868 2333 quam
1906 2281 2007 2321 suo
2037 2264 2307 2320 arbitratu
2353 2272 2409 2319 et
2443 2263 2741 2317 collocaret
2767 2271 2822 2316 et
2868 2269 3182 2316 cxornaret.
3234 2258 3338 2315 Sed
3377 2257 3510 2311 tanti
3550 2255 3656 2311 viri

401 2353 711 2422 exemplum
738 2370 839 2421 ego
869 2355 1093 2420 imitari,
1118 2355 1425 2424 praesertim
1459 2354 1518 2408 in
1540 2354 1646 2408 hoc
1669 2355 1861 2423 scripti
1885 2368 2106 2422 genere,
2144 2360 2199 2407 et
2223 2352 2426 2422 ingenii
2458 2350 2723 2406 tenuitate
2747 2360 2805 2405 et
2826 2350 2948 2405 aliis
2974 2348 3338 2404 incommodis
3362 2345 3660 2415 impeditus

402 2454 587 2509 neutro
617 2444 819 2511 possim
857 2460 1037 2514 neque
1067 2445 1267 2498 ausim.
1302 2443 1438 2498 Illud
1470 2443 1604 2498 mihi
1638 2444 1771 2499 satis
1806 2444 1927 2508 fuit,
1959 2453 2017 2498 ut
2038 2442 2342 2497 sententias
2372 2441 2516 2495 bona
2545 2441 2650 2495 ﬁde
2676 2440 3072 2510 appenderem,
3101 2447 3158 2494 et
3192 2437 3453 2496 dictione.
3487 2451 3663 2505 quan-

405 2538 520 2582 tum
550 2530 668 2599 ipse
694 2541 888 2585 auctor
915 2540 970 2586 et
1010 2532 1277 2586 orationis
1308 2547 1445 2587 inea:
1472 2541 1773 2601 paupertas
1799 2541 2103 2601 pateretur,
2153 2544 2316 2599 quant
2366 2528 2595 2583 minime
2638 2543 2832 2599 aspera
2876 2537 3066 2581 uterer
3100 2534 3197 2580 aut
3246 2524 3499 2579 barbara.
3546 2523 3660 2577 Nec

406 2626 585 2673 tamen
623 2619 739 2688 ipse
787 2620 923 2674 mihi
971 2621 1177 2691 ubique
1206 2620 1471 2683 satisfeci,
1506 2630 1565 2676 et
1598 2622 1653 2677 in
1683 2637 1815 2677 me.»
1854 2619 2196 2676 inlelieitatis
2223 2628 2376 2687 parte
2401 2615 2710 2681 numeravi,
2745 2616 2892 2686 quod
2930 2616 2983 2671 in
3017 2625 3298 2670 auctorem
3330 2610 3662 2668 luculentio-

405 2721 522 2759 rcm
556 2722 666 2760 non
694 2706 1034 2762 incidissem.
1066 2710 1183 2763 Non
1219 2708 1363 2777 quod
1400 2710 1547 2763 hunc
1574 2707 2000 2778 reprehendam,
2038 2706 2132 2761 sed
2165 2705 2311 2775 quod
2362 2719 2558 2758 vereor
2603 2720 2672 2758 ne
2716 2705 2785 2758 ab
2818 2704 2941 2758 aliis
2988 2705 3105 2773 ipse
3144 2702 3533 2773 reprehendar,
3565 2700 3657 2769 qui

407 2791 543 2844 nihil
576 2792 679 2847 nisi
715 2792 902 2848 ﬂorem
931 2795 1193 2849 dictionis
1218 2805 1550 2867 sequuntur,
1580 2797 1673 2867 qui
1712 2796 1957 2866 tuofecto
2011 2796 2066 2849 in
2107 2794 2378 2849 brevitate
2419 2793 2699 2847 annalium
2752 2793 2932 2847 locum
2982 2808 3090 2845 non
3127 2792 3314 2846 habet.
3344 2791 3658 2845 chrtatem

409 2875 546 2933 Livii
583 2879 830 2947 qua-ris?
868 2890 923 2935 at
957 2884 1222 2938 orationis
1254 2884 1458 2939 divitia:
1486 2900 1609 2939 cum
1640 2895 1961 2954 paupertate
1990 2900 2175 2939 rerum
2203 2883 2631 2952 conjungentur.
2661 2881 3007 2952 Diligentiam
3035 2883 3090 2936 in
3120 2879 3503 2935 minutissimis
3535 2877 3661 2948 qni-

408 2968 624 3036 busque
656 2971 1053 3038 persequendis
1083 2972 1370 3040 postulas?
1426 2973 1585 3042 atqui
1613 2972 1668 3027 in
1720 2972 2050 3028 immensum
2080 2975 2335 3029 volumen
2382 2983 2662 3028 excrescct
2694 2972 2947 3037 historia,
2991 2988 3091 3027 nec
3126 2973 3237 3042 jam
3272 2969 3658 3039 compendium

407 3056 513 3108 crit
549 3056 643 3109 sed
672 3056 1023 3127 dispendium
1055 3069 1150 3114 aut
1176 3062 1359 3130 potius
1391 3060 1619 3117 furtum.
1674 3062 1808 3117 Nam
1835 3077 1998 3133 quem
2032 3063 2321 3130 prolixitas
2347 3061 2687 3116 voluminum
2732 3060 2992 3126 delectat,
3040 3062 3087 3115 is
3130 3076 3236 3115 non
3270 3060 3539 3129 epitomas
3563 3059 3657 3113 sed

411 3144 671 3201 historias
702 3146 863 3215 legat.
898 3146 1043 3213 Quas
1077 3148 1121 3202 si
1158 3164 1351 3204 omnes
1382 3149 1655 3215 meminit,
1692 3151 1830 3204 bene
1856 3159 1975 3204 est:
2019 3149 2103 3203 sin
2135 3149 2338 3214 minus,
2385 3148 2595 3203 Zonara
2631 3160 2888 3219 tanquam
2944 3149 3123 3203 indice
3158 3158 3213 3203 et
3247 3148 3517 3202 tnonitorc
3545 3157 3632 3200 uta

412 3243 533 3298 tur;
573 3248 635 3287 ac
657 3224 864 3304 cogitet
888 3235 1029 3291 nihil
1058 3236 1126 3290 ab
1165 3237 1314 3291 omni
1348 3247 1501 3308 parte
1526 3238 1746 3291 beatum
1775 3254 1918 3303 esse,
1948 3247 2003 3291 et
2035 3236 2395 3306 multiplicem
2427 3236 2711 3289 variarum
2752 3251 2935 3291 rerum
2967 3237 3020 3291 in
3051 3251 3167 3291 uno
3186 3252 3294 3291 non
3323 3251 3496 3305 usque
3525 3234 3664 3289 adeo

413 3337 608 3391 magno
637 3323 916 3378 volumine
952 3325 1324 3395 cognitionem
1358 3325 1480 3397 styli
1514 3324 1900 3389 incommodis,
1937 3325 1982 3379 si
2016 3341 2123 3395 qua
2156 3333 2307 3388 sunt,
2358 3334 2661 3395 comparet.
2698 3324 2831 3391 Qua
2857 3326 3001 3380 ratio
3029 3342 3120 3381 me
3145 3340 3369 3396 quoque
3403 3326 3579 3380 movit
3606 3333 3675 3378 ut-

399 3426 521 3463 tuon
552 3411 1000 3482 conquiescerem
1038 3414 1193 3482 prius
1226 3429 1388 3483 quam
1418 3430 1607 3468 saxum
1637 3414 1760 3478 hoc,
1796 3413 1941 3483 quod
1975 3422 2089 3468 toto
2116 3413 2221 3467 hoc
2250 3428 2397 3467 anno
2433 3413 2669 3476 versari,
2703 3414 2771 3466 ad
2810 3414 3013 3468 montis
3043 3428 3311 3468 cacumen
3336 3414 3669 3483 perductum

414 3498 632 3553 tandem
663 3498 961 3571 aliquando
994 3500 1358 3565 constitisset,
1416 3502 1621 3572 ingenti
1670 3503 1860 3571 utique
1897 3502 2085 3557 labore
2122 3510 2178 3555 et
2225 3500 2414 3554 multis
2460 3500 2779 3567 sudoribus,
2818 3516 3150 3573 quocunque
3187 3504 3406 3556 tandem
3438 3512 3665 3556 eventu.

410 3585 545 3640 Nam
585 3596 642 3641 ut
667 3588 734 3643 de
765 3589 1144 3644 conversionis
1176 3590 1350 3661 ipsius
1379 3590 1641 3645 :erumnis
1672 3599 1903 3657 taceam,
1930 3600 2196 3661 quantmn
2227 3590 2571 3648 diﬁlcultatis
2598 3592 2655 3646 in
2684 3593 2798 3663 ipsa
2830 3593 3069 3648 lectione
3100 3594 3203 3648 fuit
3223 3594 3293 3648 ob
3317 3594 3673 3650 characteres

412 3676 851 3747 elegantissimos
883 3677 1005 3732 illos
1041 3677 1263 3747 quidem
1295 3680 1388 3734 sed
1418 3679 1562 3735 lectu
1591 3678 1942 3734 diﬁic‘llunos
1977 3688 2211 3750 propter
2227 3678 2481 3734 aﬂectata
2524 3680 2614 3734 illa
2659 3679 2937 3735 scribendi
2969 3682 3294 3751 compendia
3329 3690 3385 3735 et
3418 3683 3518 3751 τῆς
3537 3680 3669 3735 καλ-

413 3759 727 3835 λιγραφίας,
761 3764 1004 3820 studium
1048 3766 1192 3819 unde
1221 3764 1433 3820 inﬁnita
1475 3777 1657 3821 errata
1692 3768 1949 3821 oriuntur
1983 3782 2050 3822 ex
2102 3766 2248 3821 facili
2291 3776 2549 3821 notarum
2596 3767 2939 3821 mutatione:
2994 3783 3117 3838 qua:
3154 3783 3280 3824 cum
3319 3769 3522 3824 alicubi
3558 3784 3673 3824 non

416 3853 722 3908 dissimiles
750 3864 881 3916 sint,
910 3854 1018 3907 vim
1054 3853 1485 3909 diversissimam
1516 3856 1743 3910 habent.
1778 3855 1935 3911 Unde
1969 3856 2171 3909 factum
2204 3862 2283 3920 ut,
2312 3853 2777 3924 quemadmodum
2814 3855 3145 3911 Plutarchus
3187 3872 3247 3911 se
3274 3857 3466 3911 Latina
3500 3857 3673 3913 verba

415 3957 481 3995 ex
509 3942 824 4011 cognitione
859 3955 1041 3996 rerum
1070 3951 1385 3997 assecutum
1445 3943 1737 4014 proﬁtetur
1758 3987 1771 4006 ,
1807 3944 1880 3998 ita
1907 3960 2009 4015 ego
2044 3958 2187 4013 saepe
2215 3943 2283 3997 de
2318 3943 2586 3997 varietate
2613 3942 2867 3998 lectionis
2887 3958 2954 3998 ex
2984 3959 3148 3998 sensu
3175 3954 3235 3999 et
3258 3946 3675 4000 constructione

417 4026 667 4081 divinare
718 4028 817 4082 siut
875 4039 1121 4093 coactus,
1171 4031 1384 4084 ratione
1435 4031 1596 4100 plane
1643 4039 1995 4100 prmpostera.
2043 4029 2179 4084 Nam
2230 4040 2285 4084 et
2317 4030 2480 4085 verba
2514 4044 2723 4095 rerum,
2772 4040 2827 4085 et
2878 4030 3076 4086 litterae
3106 4034 3571 4089 verborumnotze
3611 4044 3673 4089 ut

417 4129 605 4171 essent
644 4124 771 4170 sunt
808 4116 1058 4171 inventae.
1097 4117 1287 4188 Neque
1314 4127 1493 4172 tamen
1533 4118 1634 4172 hac
1665 4119 1887 4171 solertia
1924 4133 2009 4170 me
2040 4118 2302 4187 expedire
2333 4117 2539 4187 ubique
2572 4119 2895 4188 potuissem,
2925 4121 3033 4175 nisi
3068 4124 3257 4190 plures
3282 4124 3417 4176 mihi
3453 4124 3673 4178 codices

417 4202 753 4273 suppeditati
788 4203 1044 4259 fuissent.
1081 4204 1327 4270 Quorum
1366 4214 1476 4259 tres
1509 4220 1538 4259 e
1575 4216 1664 4260 tua
1698 4205 2034 4259 bibliotheca
2072 4205 2281 4275 accepi,
2335 4206 2546 4275 magnis
2581 4206 2899 4276 sumptibus
2935 4208 3088 4278 Cpoli
3132 4219 3478 4280 comparatos
3503 4226 3670 4282 opera

418 4301 584 4362 atque
618 4293 889 4347 industria
914 4295 1120 4365 egregii
1156 4295 1260 4348 viri
1298 4305 1352 4349 et
1385 4295 1676 4365 prudentia
1708 4295 2024 4364 longinquis
2058 4294 2600 4365 peregrinationibus
2635 4295 2843 4367 Ulyssis
2890 4299 3144 4367 certentplo
3176 4284 3244 4357 ac
3285 4300 3457 4353 multo
3485 4314 3671 4354 rerum

420 4396 522 4434 usu
571 4392 724 4449 parta
769 4382 1175 4446 clari,.ioannis
1222 4383 1637 4443 Dernschwam,
1685 4383 1779 4451 qui
1837 4382 1890 4435 in
1945 4382 2128 4437 fronte
2180 4384 2540 4438 vetustissimi
2596 4384 2745 4438 illius
2791 4386 2995 4440 codicis
3037 4385 3157 4441 hmc
3204 4389 3365 4441 verba
3408 4388 3668 4458 scripsit:

425 4485 444 4518 ι
493 4467 807 4523 Chronicon
840 4470 1068 4527 Joannis
1108 4472 1335 4526 Zonara:
1366 4472 1583 4526 duobus
1621 4472 1783 4527 tomis
1814 4469 2159 4531 distinctum,
2206 4483 2440 4537 quorum
2476 4470 2629 4538 prior
2671 4469 2955 4524 historiam
3002 4471 3285 4526 Judaicam
3322 4473 3675 4541 potissimum

419 4555 489 4609 ab
514 4556 739 4611 exordio
775 4558 964 4610 mundi
998 4574 1167 4628 usque
1199 4561 1265 4613 ad
1302 4560 1804 4631 Hierosolymorum
1839 4557 2137 4619 excidium,
2163 4557 2307 4611 alter
2337 4556 2730 4627 imperatorum
2767 4569 2873 4613 tam
2922 4559 3238 4615 Graecorum
3275 4579 3436 4632 quam
3467 4564 3672 4619 Romo-

422 4659 621 4697 norun:
650 4661 737 4701 res
767 4657 947 4714 gestas
979 4664 1150 4715 usque
1175 4648 1247 4700 ad
1278 4648 1453 4700 Alexii
1482 4645 1747 4700 Cowneui
1773 4648 1985 4701 obitum
2022 4646 2443 4713 complectitur:
2486 4661 2631 4700 anno
2665 4648 2878 4701 Domini
2920 4650 3054 4702 lbiit
3089 4649 3242 4718 Cpoii
3290 4651 3345 4703 in
3385 4652 3518 4705 Pera
3557 4654 3673 4709 sive

421 4730 615 4786 Galata
652 4733 838 4803 (quam
882 4734 1013 4786 olim
1048 4736 1215 4804 κέρας
1244 4732 1360 4787 sive
1385 4734 1569 4787 Cornu
1601 4733 1928 4803 appellatam
1961 4736 2182 4803 putant)
2215 4733 2318 4788 £50
2345 4735 2563 4789 ducatis
2595 4734 2917 4806 liungaricis
2943 4738 3047 4790 emi
3078 4752 3107 4790 a
3132 4739 3421 4807 ntagniﬁco
3448 4742 3672 4797 domino

422 4818 662 4873 Antonio
708 4820 1138 4876 Cantacuzeno:
1183 4824 1341 4892 cujus
1388 4820 1620 4883 fatnilia,
1671 4821 1800 4874 dum
1838 4836 1927 4874 res
1964 4820 2269 4893 Byzantina
2297 4825 2473 4886 stetit,
2521 4824 2875 4893 imperatoria
2929 4822 3053 4890 fuit,
3103 4840 3252 4880 nunc
3303 4826 3406 4882 sub
3438 4826 3674 4885 Turcieu

423 4898 710 4961 dominatu
758 4908 826 4962 ad
860 4909 1132 4979 privatam
1186 4907 1561 4962 conditionem
1610 4908 1825 4961 redacta
1856 4917 1981 4961 est:
2022 4910 2092 4963 ab
2123 4927 2301 4983 eoque
2336 4919 2559 4981 rogatus
2601 4927 2723 4965 sum
2758 4922 2819 4966 ut
2854 4912 2959 4966 hoc
2993 4928 3133 4983 opus
3175 4915 3477 4985 aliquando
3502 4934 3674 4973 excito

421 4993 674 5058 deretur,
721 5006 776 5050 et
821 4997 1075 5066 impressi
1132 4996 1339 5050 codicis
1387 4995 1491 5050 sibi
1524 4996 1681 5065 copia
1721 4997 1878 5051 ﬁeret
1909 4996 1979 5050 ob
2014 4995 2286 5051 Zonaram
2336 5010 2745 5054 conservatum.
2791 5000 3062 5055 Praeterea
3105 5003 3409 5057 secundum
3447 5006 3676 5062 Zonarrc

424 5093 637 5137 tomum
686 5085 752 5138 de
800 5085 1232 5154 imperatoribus
1284 5083 1606 5138 conferendi
1657 5088 1831 5154 gratia
1883 5085 1952 5139 ab
1986 5086 2299 5139 Alexandro
2349 5086 2776 5156 chartophylace
2814 5089 3036 5158 triginta
3093 5089 3305 5145 ducatis
3350 5092 3677 5163 Hungaricis

422 5171 764 5241 comparavi.
800 5171 985 5226 Alium
1032 5171 1162 5225 item
1200 5171 1426 5226 Zonara:
1466 5172 1712 5226 libellum
1744 5172 1811 5225 de
1849 5173 2014 5227 rebus
2047 5171 2265 5240 imperii
2301 5183 2357 5227 et
2378 5172 2636 5228 Ecclesia:
2665 5188 2694 5227 a
2721 5174 3084 5230 Constantino
3111 5193 3287 5248 usque
3314 5182 3383 5234 ad
3411 5180 3678 5236 Iustinia-

426 5275 560 5313 num
593 5261 982 5329 imperatorctu
1025 5276 1088 5313 ex
1142 5275 1191 5312 vi
1215 5268 1362 5314 tusto
1406 5260 1599 5314 codice
1631 5259 2112 5317 transcribendum
2167 5263 2378 5319 curavi.
2419 5284 2436 5315 ι
2479 5262 2758 5321 Hactenus
2786 5266 2899 5320 ille.
2922 5267 3191 5333 Quartum
3220 5271 3487 5337 codicem,
3519 5275 3615 5344 qui
3644 5290 3677 5328 tt

424 5349 790 5406 Constantino
824 5349 1017 5418 Magno
1044 5350 1366 5422 incipiebat,
1395 5352 1657 5406 omnibus
1693 5351 2035 5406 ornamentis
2084 5351 2407 5417 amplissimi
2440 5352 2566 5413 viri,
2617 5352 2828 5408 domini
2857 5364 2919 5410 et
2945 5356 3259 5414 Maecenatis
3284 5362 3413 5425 mei,
3445 5361 3677 5419 Joannis

423 5438 614 5494 Jacobi
650 5438 879 5508 Fuggeri
912 5438 1243 5494 bibliotheca
1278 5440 1704 5494 instructissima
1738 5440 2133 5509 suppeditavit.
2184 5442 2428 5512 Denique
2458 5451 2657 5513 praeter
2687 5458 2911 5498 omnem
2942 5461 3095 5515 spem
3126 5458 3179 5501 et
3209 5451 3673 5517 exspectationem

429 5547 609 5587 meam
640 5532 874 5585 accessit
906 5532 1235 5588 Viennensis
1284 5534 1634 5588 bibliotheca:
1683 5532 1856 5587 codex
1892 5533 2125 5601 integer,
2156 5529 2496 5600 benignitate
2550 5532 2815 5602 singulari
2857 5535 3153 5588 clarissimi
3182 5536 3285 5590 viri
3322 5546 3375 5592 et
3403 5542 3677 5596 senatoris

426 5618 585 5689 xcgii,
617 5617 825 5673 domini
859 5617 1116 5689 Gasparis
1141 5638 1171 5674 a
1201 5622 1480 5694 Nydprug,
1514 5631 1650 5685 etc.,
1686 5623 1831 5675 ultro
1849 5621 2231 5691 suppeditatus
2259 5640 2271 5675 :
2307 5638 2469 5692 quem
2501 5631 2699 5686 totum,
2741 5624 2993 5696 adiutore
3016 5624 3256 5681 Jeremia
3295 5628 3508 5692 Martio,
3542 5647 3680 5700 pra-

426 5714 589 5768 ciarte
617 5711 816 5768 indolis
842 5713 1192 5769 adolescente
1228 5716 1408 5786 (cujus
1451 5716 1503 5769 in
1549 5715 1655 5769 hoc
1698 5730 1865 5785 opere
1899 5713 2085 5769 Grtece
2116 5709 2422 5781 Latineque
2473 5713 2837 5768 exscribendo
2870 5713 3059 5768 solerti
3091 5724 3147 5770 et
3180 5715 3324 5771 ﬁdeli
3352 5734 3520 5789 opera
3555 5736 3675 5774 sum

427 5804 607 5870 usus),
644 5803 872 5871 contuli,
904 5812 958 5859 et
986 5806 1188 5859 multas
1216 5804 1391 5859 nostri
1426 5803 1637 5860 codicis
1668 5804 1893 5858 lacunas
1916 5800 2156 5872 explevi.
2182 5799 2286 5866 Qui
2312 5800 2490 5854 sicubi
2518 5801 2681 5857 ambo
2713 5817 2820 5855 non
2848 5803 3255 5869 Satisi'eccruut,
3284 5817 3513 5862 cteteros
3542 5825 3679 5869 unu-
