3958 6580
278 426 337 487 31
1686 422 1783 482 PR
1794 425 2105 490 .EFATIO.
2260 475 2270 484 .
3439 424 3516 489 38

274 553 367 606 que
398 545 501 589 tres
529 534 768 606 inspexi.
791 546 850 591 et
884 552 915 591 e
942 538 1113 593 variis
1143 538 1560 595 dilﬁcultatihus
1585 556 1673 595 me
1702 554 1911 611 quanto
1935 547 2088 614 potui
2121 546 2313 601 studio
2340 545 2630 615 expedivi:
2672 548 2888 615 quanto
2914 544 3124 609 labore,
3169 560 3335 603 netuo
3363 548 3518 605 atati-

278 622 422 678 mabit
448 621 653 676 melius
678 640 839 693 quam
867 624 966 695 qui
999 624 1116 696 ipse
1148 625 1333 695 operis
1364 642 1474 680 non
1499 626 1788 684 dissimilis
1823 638 2133 701 perieulum
2161 639 2374 694 fecerit,
2411 639 2467 693 Si
2503 653 2634 709 qua,
2663 638 2713 691 in
2745 639 3073 694 diversitate
3092 638 3209 703 ωε,
3245 652 3516 699 nam.“

273 717 481 784 alicuius
529 730 659 769 esse
682 716 1045 783 videbantur,
1088 718 1155 772 ad
1184 720 1346 772 linem
1380 720 1565 789 operis
1609 723 1860 792 ascripsi.
1916 725 2202 782 Manifesta
2244 744 2379 782 vero
2414 727 2778 798 praetermissa
2817 736 2915 780 aut
2939 727 3237 797 depravata
3275 743 3386 785 non
3417 731 3519 785 ad-

272 803 454 859 notavi.
483 800 664 872 Cujus
690 804 838 858 enim
881 806 1173 861 dementia:
1199 807 1387 872 fuerit,
1423 809 1805 878 persequenda
1831 811 2184 868 librariorum
2221 816 2303 870 vel
2337 815 2557 870 inscitia
2589 817 2673 868 vel
2719 815 3052 881 negligentia
3089 816 3175 869 vel
3203 817 3435 884 perﬁdia
3457 827 3521 871 et

269 895 383 949 mihi
406 904 461 948 et
497 894 815 951 lectoribus
856 898 1128 954 facessere
1178 901 1508 971 negotium?
1544 902 1613 957 Ut
1651 902 1798 957 enim
1845 901 2038 957 oculus
2085 903 2303 971 integer
2337 902 2635 956 candidum
2663 917 2693 955 a
2743 903 2902 970 nigro
2934 903 3097 957 facile
3118 903 3407 968 discernit,
3432 906 3517 961 sie

266 991 407 1039 acuto
428 991 483 1037 et
513 985 831 1039 exercitato
877 986 1101 1057 ingenio
1140 988 1331 1043 videre
1375 1005 1483 1043 non
1514 989 1733 1043 dinieilc
1761 1002 1865 1060 est,
1912 1010 2032 1065 qua:
2063 995 2229 1049 lectio
2256 1011 2387 1050 vera
2431 995 2522 1060 sit,
2570 1011 2694 1065 qua!
2744 996 3137 1065 praetermissa,
3174 1012 3301 1068 qua
3324 998 3517 1053 addita

264 1093 320 1131 et
345 1091 705 1145 supervacuo,
741 1094 865 1149 qua:
888 1080 1185 1150 depravata
1219 1082 1353 1137 sint.
1396 1082 1585 1152 Neque
1629 1083 1715 1138 his
1749 1084 2320 1147 contentus,imlicem
2364 1099 2587 1154 quoque
2625 1084 2800 1154 adjeci
2829 1098 2845 1138 :
2899 1084 3047 1155 quod
3096 1100 3272 1155 genus
3307 1101 3514 1157 operm.

264 1163 492 1234 quamvis
519 1165 836 1221 lectoribus
863 1169 1246 1236 utilissimum,
1276 1181 1335 1225 nt
1362 1171 1497 1225 nihil
1523 1172 1819 1226 admodum
1842 1173 2019 1227 laudis
2045 1182 2100 1229 et
2130 1173 2331 1243 ingenii
2363 1174 2550 1235 habet.
2572 1175 2647 1228 ita
2681 1176 2917 1230 multum
2943 1177 3209 1246 temporis
3228 1186 3287 1232 et
3310 1177 3517 1233 laboris

262 1256 349 1310 sibi
386 1256 672 1323 vindieat,
717 1262 1028 1333 praesertim
1071 1261 1116 1316 si
1168 1278 1297 1316 eum
1351 1261 1592 1316 indicem
1638 1278 1737 1332 per
1771 1262 2039 1331 temporis
2082 1262 2363 1331 angustias
2387 1270 2442 1317 et
2479 1262 2617 1316 alias
2674 1265 3069 1333 occupationes
3108 1265 3181 1318 ita
3225 1269 3514 1333 pertexere

200 1424 203 1427 Α
262 1345 483 1401 licuisset
518 1347 611 1401 uti
633 1364 941 1417 caperem.
974 1350 1115 1419 Quid
1151 1350 1324 1409 multa
1351 1349 1379 1409 ι
1403 1344 1642 1406 Ὀυηῐίιῑο
1680 1366 1775 1407 tne
1808 1350 1985 1409 ollicio
2019 1351 2199 1406 Ecl-lis
2240 1361 2299 1409 et
2341 1367 2451 1409 non
2494 1352 2755 1410 indiserti
2798 1356 3121 1426 interpretis
3162 1354 3360 1412 seditio
3392 1371 3513 1411 esse.

262 1438 531 1498 iunctum:
578 1440 637 1493 in
674 1440 730 1495 id
769 1450 924 1499 certe
952 1458 1183 1512 operam
1222 1443 1367 1501 dedi.
1420 1444 1517 1499 Sin
1552 1443 1678 1501 aliis
1713 1442 1861 1501 aliud
1900 1441 2200 1502 videbitur,
2258 1438 2398 1497 Elui
2422 1440 2621 1499 sale.
2653 1441 2926 1499 alimare
2962 1458 3206 1517 possim,
3247 1460 3341 1504 me
3364 1446 3511 1515 quod

258 1526 450 1580 scierim
498 1537 558 1580 et
596 1531 876 1596 pomerint
940 1530 1046 1585 fide
1087 1532 1294 1601 optima
1329 1533 1524 1588 fecisse
1568 1545 1624 1587 ct
1672 1532 1953 1600 diligentia
1986 1549 2231 1599 summa;
2275 1532 2455 1588 sicubi
2490 1550 2619 1589 vero
2651 1545 2747 1589 aut
2779 1534 2987 1605 ingenii
3019 1537 3284 1591 vircsaut
3318 1537 3512 1592 erudi-

258 1620 399 1672 tionis
423 1621 581 1673 nervi
622 1623 761 1676 mihi
792 1624 1094 1687 defuerint.
1126 1624 1360 1679 fortuna:
1389 1642 1509 1679 eam
1537 1641 1658 1683 esse
1686 1625 1821 1694 culp:

1972 1619 2357 1677 infelicitatem
2396 1634 2598 1685 meam,
2641 1636 2765 1691 qua:
2817 1637 2941 1677 cum
2980 1621 3102 1677 aliis
3160 1630 3373 1676 tantum
3400 1623 3512 1677 dis-

255 1706 450 1774 pliceat,
487 1708 635 1762 mihi
668 1711 835 1765 etiam
873 1711 1170 1781 plurimum
1208 1722 1388 1769 nocet.
1423 1712 1618 1783 Neque
1643 1723 1759 1768 tam
1786 1711 2045 1779 illituum
2067 1708 2240 1763 ullum
2267 1721 2391 1763 esse
2419 1716 2575 1777 pttto,
2604 1709 2699 1778 qni
2738 1708 2862 1778 plus
2888 1724 2916 1763 a
2960 1725 3047 1764 me
3073 1711 3315 1779 postulet
3343 1725 3509 1779 quam

252 1804 486 1861 prestare
535 1812 770 1864 queam.
820 1798 934 1869 Ego
977 1815 1110 1853 vero
1159 1800 1247 1865 iis,
1293 1800 1389 1869 qui
1433 1802 1517 1855 vel
1569 1802 1623 1855 in
1661 1801 1766 1855 hoc
1812 1800 1902 1853 vel
1941 1798 1996 1850 in
2026 1797 2151 1851 aliis
2185 1796 2448 1865 operibus
2483 1811 2513 1849 a
2555 1811 2643 1850 me
2686 1797 2973 1851 conversis
3018 1796 3240 1852 laudem
3278 1795 3508 1851 solidam

249 1893 622 1949 assequentur,
673 1887 995 1955 gratulabor
1041 1887 1229 1957 potius
1273 1905 1440 1958 quam
1480 1889 1761 1945 invidebo.
1810 1887 1953 1943 Cum
1991 1885 2163 1950 enim,
2209 1885 2482 1955 quidquid
2531 1885 2801 1940 hactenus
2839 1886 3007 1953 edidi,
3055 1885 3108 1939 id
3157 1886 3241 1940 vel
3286 1885 3509 1956 publica

250 1969 468 2021 utilitate
498 1970 589 2024 vel
647 1974 993 2043 temporibus
1033 1975 1174 2030 meis
1206 1976 1481 2031 adductus
1525 1977 1772 2038 fecerim.
1806 1991 1909 2030 nec
1954 1984 2062 2030 tam
2096 1975 2296 2029 famam
2329 1974 2592 2043 captarim
2635 1989 2800 2043 quam
2842 1974 3041 2028 famem
3084 1974 3330 2036 vitarim,
3355 1974 3400 2029 si
3430 1990 3510 2028 ca:

248 2055 653 2112 lucubrationes
684 2075 820 2116 mea:
847 2057 1249 2121 illustriorilns
1278 2065 1525 2121 aliorum
1555 2064 1923 2127 etﬁtionibas,
1957 2064 2153 2133 quales
2200 2061 2383 2133 aliqui
2408 2062 2773 2133 pulhetmtur,
2799 2062 2968 2133 aliqui
3005 2062 3170 2117 etiam
3202 2062 3507 2125 minantur,

245 2142 441 2196 abolitas
490 2144 740 2209 fuerint,
776 2164 888 2203 non
931 2150 1125 2224 iniquo
1167 2151 1356 2211 attint.
1392 2155 1685 2211 ferendum
1753 2170 1808 2209 er

1946 2164 2084 2209 tcum
2136 2150 2417 2219 privatum
2453 2148 2701 2207 detinens
2742 2150 2808 2216 (si
2859 2150 3008 2221 quod
3053 2161 3234 2204 tamen
3271 2148 3509 2204 infelicis

245 2233 407 2298 potus
438 2248 620 2299 quant
652 2234 934 2292 inhonesti
968 2250 1202 2295 conatus
1233 2249 1318 2296 est
1348 2242 1614 2313 dedecus)
1653 2259 1778 2297 cum
1820 2240 1900 2293 rei
1932 2238 2162 2309 publica:
2197 2236 2482 2292 litteraria:
2523 2237 2760 2292 utilitate
2787 2239 3069 2310 conjungi.
3102 2239 3190 2293 cui
3218 2252 3285 2292 ex
3321 2238 3510 2292 animo

243 2318 533 2374 consultum
581 2338 717 2378 esse
758 2333 818 2380 et
856 2327 982 2382 volo
1018 2338 1074 2383 et
1104 2330 1277 2384 volui.
1326 2330 1535 2385 Vellem
1575 2331 1832 2401 equidem
1869 2328 1923 2383 id
1948 2342 2073 2382 cum
2105 2326 2267 2379 laude
2314 2342 2433 2380 mea
2467 2326 2653 2396 potius
2680 2337 2736 2381 et
2763 2327 2935 2393 gloria
2966 2325 3080 2380 fleri
3121 2326 3327 2397 (neque
3352 2324 3505 2380 enim

240 2420 463 2459 amorem
496 2410 691 2464 nostri
723 2411 794 2465 ab
831 2413 950 2483 ipsa
980 2425 1175 2471 natura
1208 2417 1436 2473 insitum
1464 2420 1631 2489 plane
1657 2415 2009 2490 abjeehtus).
2037 2413 2138 2471 sed
2159 2414 2203 2469 si
2239 2414 2366 2468 fatis
2394 2413 2558 2468 aliter
2599 2416 2775 2468 visum
2826 2422 2931 2476 est.
2985 2413 3090 2468 hoc
3115 2428 3338 2484 quoque
3359 2414 3506 2484 aequi

241 2493 461 2564 bonique
491 2493 824 2554 faciendum
853 2503 987 2557 erit.

296 2585 469 2654 Atque
502 2582 633 2643 hec
661 2589 733 2642 de
762 2599 987 2646 auctore
1019 2601 1077 2647 et
1104 2602 1414 2659 argumenti
1450 2609 1651 2664 genere
1682 2602 1738 2648 et
1770 2608 1935 2663 Opera
1968 2606 2088 2646 mea
2116 2608 2129 2644 :
2168 2605 2315 2645 nunc
2346 2589 2413 2644 ad
2461 2603 2581 2643 eam
2613 2588 2956 2643 Przefationis
2985 2598 3196 2659 partem
3225 2590 3504 2647 acceden-

242 2672 355 2728 dum
402 2685 510 2741 est,
554 2678 620 2732 in
673 2692 783 2747 qua
831 2677 1038 2747 alioqui
1091 2679 1325 2734 multum
1360 2680 1563 2734 sudare
1605 2680 1823 2741 solitus.
1861 2678 2010 2750 quod
2063 2679 2298 2733 verebar
2328 2693 2398 2732 ne
2445 2678 2533 2732 vel
2581 2677 2637 2732 in
2685 2677 3080 2731 assentationis
3125 2678 3504 2747 suspicionem

238 2764 722 2819 commemorando
763 2765 857 2821 vel
902 2765 1340 2839 “Migrantis
1372 2767 1584 2822 crimen
1631 2767 2031 2823 dissimulando
2063 2767 2312 2821 venirem
2353 2782 2366 2819 :
2420 2781 2568 2819 nunc
2618 2774 2677 2817 ut
2714 2764 2979 2819 liberiore
3025 2765 3129 2819 sim
3164 2766 3372 2832 animo,
3408 2775 3501 2822 tua

239 2849 487 2905 modestia
520 2853 619 2906 vel
658 2850 843 2922 potius
873 2853 1200 2923 magnitudo
1229 2855 1400 2909 animi
1447 2855 1599 2918 facit,
1640 2872 1747 2926 qua
1778 2856 1832 2910 id
1878 2857 1947 2909 ab
1982 2857 2209 2910 ineunte
2241 2864 2411 2910 artata
2448 2852 2750 2911 audimus
2779 2866 2902 2911 esse
2937 2852 3144 2909 Videris
3172 2854 3320 2923 quod
3356 2855 3502 2923 apud

234 2936 547 2993 Ciceronem
580 2939 831 3011 Scipioni
861 2941 1133 2999 divinitus
1157 2943 1502 3014 praecipitur,
1534 2953 1594 2999 ut
1629 2944 1743 2998 alte
1774 2954 2029 3014 spectans
2066 2953 2232 3014 atque
2267 2942 2333 2994 ad
2370 2942 2647 2996 ctelestem
2681 2940 2867 2995 sedent
2900 2952 2955 2995 et
2984 2951 3248 2996 mternam
3273 2944 3501 2997 domum

234 3035 505 3087 αιιιιιιω.
537 3043 730 3099 neque
756 3031 1109 3089 sermonibus
1136 3032 1285 3103 vulgi
1323 3030 1547 3087 dederis
1573 3040 1646 3095 te,
1679 3048 1782 3087 nec
1813 3031 1869 3089 in
1895 3032 2136 3101 pnemiis
2164 3030 2427 3085 humanis
2452 3045 2603 3100 Spem
2633 3029 2884 3099 posueris
2918 3046 3105 3084 rerum
3131 3040 3380 3098 tuarum,
3403 3029 3500 3086 sed

233 3114 333 3170 suis
360 3126 413 3173 te
440 3117 737 3176 illecebris
761 3121 881 3190 ipsa
912 3120 1089 3175 virtus
1113 3121 1344 3177 traxerit
1370 3120 1439 3179 ad
1471 3135 1663 3179 verum
1694 3120 1893 3174 decus:
1913 3129 1971 3173 ut
2003 3118 2135 3173 illud
2175 3118 2346 3173 (ἔικωοὶ
2389 3126 2564 3188 poeta:
2595 3116 2665 3173 de
2698 3125 2750 3174 te
2780 3116 2891 3172 dici
2922 3119 3132 3187 possit:

1103 3315 1322 3389 ρύᾲγὰρ
1353 3315 1535 3389 ὃφιιζν
1567 3315 1788 3389 aptato;
1818 3317 1936 3375 ἀλλ’
1962 3311 2101 3371 εἶναι
2139 3317 2337 3382 θέλεις,

1101 3386 1338 3460 Βαοεξάν
1369 3386 1547 3460 ﬂexa.
1575 3387 1911 3460 διξφρενῶν
1943 3390 2355 3460 καρπούμενσε,

1112 3459 1203 3527 Ἐξ
1238 3453 1306 3530 ἦς
1333 3458 1402 3509 τὰ
1443 3456 1602 3510 κεδνὰ
1638 3453 1924 3527 Massiva:
1957 3453 2304 3530 βυὺλεύιλαττι
2325 3476 2345 3493 ο

230 3639 413 3709 quibus
432 3635 700 3692 versibus
734 3635 788 3690 id
825 3632 1164 3706 Amphiarao
1202 3651 1306 3693 suo
1338 3640 1535 3694 tribuit
1574 3636 1889 3709 Eschylus,
1925 3646 1986 3692 ut
2018 3636 2257 3693 afﬁrmet
2288 3651 2417 3691 eum
2459 3636 2639 3691 virum
2671 3637 2945 3706 optimum
2974 3638 3294 3694 esso‘ntalle
3327 3653 3501 3710 quam.

228 3728 409 3790 videri,
449 3728 622 3798 cujus
661 3726 881 3781 animus
918 3735 1178 3796 tanquam
1233 3742 1365 3797 ager
1393 3727 1668 3783 fecundus
1692 3736 1748 3784 et
1799 3728 1969 3798 probe
2000 3727 2291 3790 subactus,
2327 3727 2612 3795 conceptis
2643 3725 2913 3783 virtutum
2957 3727 3287 3791 seminibus,
3320 3726 3496 3783 bone.

226 3826 418 3870 storum
448 3815 822 3871 consiliorum
855 3823 911 3868 et
938 3830 1059 3884 qua:
1084 3815 1217 3869 inde
1242 3816 1505 3871 oriuntur
1536 3819 1817 3873 actionum
1846 3814 2143 3885 quamdam
2169 3814 2324 3885 quasi
2355 3821 2601 3883 segetem
2631 3812 2897 3883 proferat.
2920 3812 3055 3879 Quae
3080 3814 3127 3869 si
3154 3829 3251 3885 per
3271 3830 3493 3870 omnem

224 3906 385 3958 aetatis
416 3915 531 3957 tua:
568 3902 890 3963 decursum,
926 3916 1089 3970 quem
1132 3901 1206 3955 ita
1245 3904 1563 3959 moderatus
1596 3920 1657 3959 es
1687 3914 1747 3957 ut
1783 3905 2013 3960 honesta
2052 3906 2274 3974 negotia
2312 3904 2638 3959 suavissimo
2674 3903 2790 3957 otio
2821 3917 3040 3972 semper
3077 3903 3490 3974 anteposueris,

226 3991 530 4062 singulatim
560 3989 843 4059 explicare
876 3988 1152 4051 studeam,
1181 4006 1322 4059 opus
1356 3992 1525 4049 iliade
1566 3993 1830 4061 prolixius
1878 3992 2015 4047 mihi
2067 4004 2349 4059 nascetur,
2376 4001 2434 4046 et
2462 4002 2569 4046 tua:
2599 4006 2765 4045 aures
2793 3991 2926 4045 satis
2970 3990 3092 4047 scio
3122 4007 3234 4045 non
3284 3992 3489 4047 ferent.

225 4079 341 4146 Qua:
368 4082 550 4151 igitur
576 4080 789 4133 calamo
816 4078 907 4133 vel
940 4086 1032 4132 tua
1064 4080 1322 4133 voluntas
1356 4081 1443 4134 vel
1474 4095 1592 4135 mea
1623 4081 1965 4137 verecundia
2006 4090 2199 4151 negat,
2219 4095 2285 4135 ea
2334 4079 2680 4151 posteritatis
2715 4078 3067 4134 sermonibus
3106 4079 3192 4132 vel
3231 4079 3401 4133 invito
3438 4091 3491 4134 te

224 4170 667 4223 celebrabuntur.
697 4166 846 4222 idem
872 4166 1021 4220 enim
1045 4175 1132 4222 est
1156 4168 1342 4238 gloriae
1370 4169 1519 4238 quod
1548 4169 1812 4225 crocodili
1851 4169 2137 4239 ingenium
2166 4187 2180 4224 :
2213 4177 2513 4238 sequentes
2542 4167 2702 4237 lugit,
2731 4166 3007 4237 fugientes
3030 4165 3306 4237 sequitur.
3337 4166 3488 4220 Nihil

226 4268 299 4327 (ut
322 4260 662 4329 etoquentize
697 4259 960 4313 Romanae
1004 4272 1210 4329 parens
1242 4261 1500 4329 testatur)
1544 4261 1613 4314 de
1646 4257 1960 4328 insignibus
2007 4260 2073 4311 ad
2121 4257 2341 4311 laudem
2378 4255 2514 4310 viris
2546 4254 2783 4310 obscure
2831 4254 3078 4310 nuntiari
3112 4255 3293 4309 solet:
3328 4254 3488 4309 {unite

228 4362 372 4399 remo
403 4361 663 4415 unquam
691 4346 975 4416 imperare
998 4346 1197 4414 potuit.
1230 4345 1349 4400 Non
1386 4348 1596 4416 patitur
1620 4348 1715 4401 illa
1742 4345 1966 4401 ilcsiodi
1992 4344 2094 4400 dea
2128 4344 2232 4398 sibi
2262 4343 2449 4398 frenos
2480 4342 2633 4415 injici
2668 4361 2680 4396 :
2721 4342 2971 4412 loquitur
3006 4351 3063 4397 et
3088 4342 3308 4405 clamat,
3334 4344 3486 4397 utab

226 4437 323 4501 ipsa
372 4436 713 4505 posteritate
737 4450 843 4488 vos
872 4435 997 4504 ejus
1024 4433 1303 4493 amliatur.
1334 4435 1664 4491 Prtedicabit
1712 4436 1803 4492 illa
1835 4450 1945 4489 non
1983 4441 2194 4488 tantum
2226 4447 2551 4489 ornamenta
2584 4434 2842 4495 fortunae,
2879 4432 2951 4487 ob
2979 4448 3103 4503 qua:
3133 4447 3258 4488 cum
3290 4432 3489 4487 beatus

225 4523 485 4586 habearis,
523 4530 584 4578 tu
629 4536 697 4576 ea
745 4522 959 4579 umbra
1002 4525 1277 4591 parietum
1325 4537 1653 4592 comparare
1686 4522 1850 4582 soles,
1883 4522 1980 4576 sed
2028 4530 2084 4575 et
2129 4522 2336 4592 ingenii
2380 4521 2820 4592 magnitudinem
2856 4530 2912 4575 ct
2949 4520 3299 4593 prudentiam
3333 4531 3485 4576 luant

224 4610 711 4675 peﬁwlosisdotis
742 4610 1089 4679 temporibus
1122 4613 1181 4665 iu
1208 4626 1267 4665 re
1301 4620 1360 4666 et
1392 4611 1616 4682 publica
1643 4623 1699 4666 et
1725 4611 1960 4682 privata,
1994 4612 2161 4664 animi
2196 4611 2566 4664 constantiam
2604 4620 2661 4665 et
2692 4610 3126 4680 aequabilitatem
3162 4609 3216 4664 in
3249 4618 3489 4679 utraque

222 4696 454 4760 fortun,
481 4696 540 4751 iu
572 4696 932 4766 amplissimis
958 4697 1183 4767 opibus.
1209 4712 1351 4767 quas
1386 4714 1421 4751 ιι
1444 4699 1746 4768 majoribus
1769 4707 2024 4767 acceptas
2051 4707 2106 4751 et
2140 4698 2379 4752 feliciter
2409 4699 2754 4753 conservasti
2788 4706 2845 4752 et
2872 4698 2995 4752 sine
3036 4697 3366 4771 cujusquam
3401 4694 3488 4753 in-

220 4783 739 4855 iuriaemplilioasti
766 4794 825 4840 et
849 4785 914 4838 ad
946 4785 1084 4839 lit-tte
1116 4785 1444 4839 merendum
1471 4786 1537 4837 de
1568 4786 1756 4839 multis
1787 4786 2092 4848 contulisti,
2122 4803 2243 4840 eam
2274 4787 2602 4840 modestiam
2630 4797 2684 4840 et
2711 4786 2885 4841 debiti
2907 4785 3071 4841 etiam
3105 4786 3332 4841 honoris
3352 4801 3488 4841 con-

225 4881 507 4943 lentim,
538 4871 637 4941 qui
677 4873 763 4926 vel
809 4873 866 4931 in
906 4870 1110 4929 inlimis
1141 4869 1465 4927 hominibus
1498 4886 1622 4926 raro
1656 4873 1971 4938 invenitur;
2013 4889 2114 4928 nec
2146 4874 2348 4929 tacebit
2395 4873 2480 4928 vel
2532 4874 2931 4944 benignitatem
2984 4888 3111 4944 erga
3146 4874 3381 4928 miseros
3427 4883 3486 4927 et

222 4960 471 5025 amictus,
498 4962 597 5015 vel
615 4960 1001 5021 liberalitatem
1029 4975 1157 5031 erga
1206 4961 1487 5017 studiosos
1528 4969 1580 5016 et
1612 4960 1804 5016 ductos
1834 4977 1848 5015 :
1884 4961 1939 5015 in
1973 4976 2083 5030 quo
2115 4977 2350 5016 numero
2378 4962 2425 5017 si
2474 4966 2601 5032 quis
2646 4962 2782 5017 mihi
2832 4963 2989 5017 locus
3019 4970 3126 5024 est,
3157 4970 3212 5014 et
3259 4959 3305 5014 si
3337 4960 3485 5015 inter

222 5045 529 5113 luscinias,
549 5047 809 5113 Carinas,
841 5047 1154 5113 Tonncros,
1189 5048 1445 5116 Streitus,
1476 5046 1755 5117 Siphanos
1786 5055 1953 5117 atque
1980 5049 2118 5103 alios
2145 5050 2484 5119 complures,
2513 5052 2607 5121 qui
2646 5060 2737 5106 tua
2769 5049 3153 5105 munilieeutia
3192 5048 3480 5114 fruuntur,

220 5138 489 5193 numerari
519 5151 738 5190 mereor
765 5140 850 5201 (ut
875 5148 1057 5191 autem
1084 5150 1326 5199 merear,
1351 5144 1441 5191 tua
1473 5135 1787 5190 humanitas
1814 5136 1998 5206 potius
2021 5152 2185 5206 quam
2219 5153 2337 5191 mea
2369 5138 2609 5209 dignitas
2640 5139 2819 5208 facit),
2848 5148 2904 5193 et
2924 5152 3029 5208 ego
3059 5151 3267 5193 nomen
3293 5150 3480 5190 meum

219 5239 281 5278 ex
306 5229 447 5296 grati
473 5224 647 5281 animi
671 5224 849 5278 ollicio
886 5224 1131 5293 proﬁteri
1167 5223 1362 5284 debeo.
1394 5223 1489 5293 qui
1522 5235 1645 5294 post
1679 5224 1881 5278 multas
1908 5240 2185 5279 mrutnnas
2214 5233 2308 5279 tua
2347 5227 2709 5291 liberalitate,
2736 5226 2831 5280 Vir
2860 5225 3228 5295 amplissime,
3254 5225 3477 5279 tamlen

223 5313 316 5368 huc
346 5322 686 5370 consecutus
719 5313 928 5375 videor,
958 5322 1019 5367 ut
1047 5314 1113 5369 ad
1141 5329 1335 5368 omnes
1378 5312 1614 5368 fortunae
1657 5327 1837 5376 casus,
1872 5312 1966 5380 qui
2004 5312 2149 5366 varii
2189 5314 2534 5383 impendent,
2568 5314 2781 5385 aliquid
2823 5314 3005 5383 parati
3052 5313 3288 5369 subsidii
3342 5311 3475 5383 (nisi

221 5401 384 5455 fatalis
414 5401 600 5472 aliqua
630 5400 914 5457 calamitas
946 5402 1348 5471 intercesserit)
1382 5416 1467 5454 me
1500 5401 1705 5455 habere
1739 5398 2012 5453 confidam
2039 5419 2052 5455 :
2083 5411 2140 5456 et
2167 5401 2257 5456 hic
2283 5417 2486 5465 annos,
2510 5402 2607 5456 cui.
2639 5413 2697 5455 tu
2726 5412 2988 5471 tanquam
3021 5402 3262 5457 salutare
3290 5399 3475 5469 quodc

221 5487 335 5543 dant
356 5490 508 5543 sidus
537 5489 821 5551 aﬂuisisli.
851 5488 903 5543 id
934 5489 1070 5543 mihi
1093 5488 1364 5554 attulerit,
1391 5485 1536 5558 quod
1565 5502 1664 5557 per
1691 5501 1912 5543 omnem
1940 5500 2157 5544 aetatem
2196 5489 2453 5544 exhausti
2479 5488 2699 5544 labores
2730 5506 2847 5544 non
2873 5490 3255 5546 contulerunt.
3286 5486 3363 5541 ita
3385 5502 3475 5544 res

222 5576 327 5647 ipSa
354 5594 440 5633 tne
473 5578 657 5641 docet,
692 5578 858 5632 nimis
890 5591 1080 5632 verum
1109 5576 1243 5631 illud
1270 5592 1393 5633 esse
1420 5576 1577 5648 Regii
1606 5577 1760 5632 Vatis
1783 5578 2094 5642 oraculum,
2129 5579 2223 5648 qui
2256 5578 2469 5632 frustra
2498 5587 2626 5633 aute
2659 5578 2841 5633 lucem
2873 5579 3024 5648 surgi
3057 5584 3113 5631 et
3144 5590 3348 5646 panem
3378 5591 3475 5632 co-

222 5666 353 5719 medi
375 5666 605 5727 doloris.
638 5667 809 5721 Deum
839 5674 1019 5719 autem
1056 5665 1170 5719 suis
1194 5665 1283 5720 vel
1310 5664 1718 5721 dormientibus
1747 5666 2101 5736 suppeditare
2128 5666 2312 5721 omnia
2338 5665 2649 5723 conﬁrmat.
2683 5666 2794 5721 Etsi
2822 5677 3009 5721 autem
3038 5665 3094 5719 in
3125 5673 3281 5719 tanto
3304 5678 3472 5735 opere

225 5770 388 5823 neque
413 5755 714 5809 dormitare
742 5769 921 5824 neque
978 5753 1223 5807 dormire
1284 5754 1541 5816 nimium.
1572 5769 1636 5807 ac
1687 5768 1757 5807 ne
1804 5754 2141 5811 Valetudinis
2166 5756 2393 5826 quidem
2441 5773 2657 5827 semper
2712 5756 2981 5809 rationem
3061 5754 3264 5810 habere
3316 5754 3474 5811 licuit

226 5846 361 5908 (nam
388 5846 519 5899 alias
549 5858 833 5912 nunquam
868 5852 1078 5899 tantum
1108 5843 1371 5897 volumen
1405 5844 1623 5898 tantillo
1653 5844 1838 5914 spatio
1871 5846 2135 5915 u'ntporis
2165 5845 2571 5917 absolvissem),
2608 5854 2809 5908 tamen,
2842 5843 2888 5898 si
2921 5842 2979 5898 Ιιί
2999 5842 3193 5900 decent
3224 5858 3466 5913 menses,
