3984 6596
436 383 508 446 39
1711 387 1998 456 Ῑ,ΟΛΝΝΙ;

2102 387 2391 449 .ONARE
3607 388 3680 453 40

431 498 639 565 quibus
681 499 735 553 in
772 499 873 555 hac
903 499 1289 557 lucubratione
1309 505 1660 560 continenter
1691 505 1938 568 elaboro,
1975 521 2102 560 cum
2131 505 2280 560 omni
2323 512 2574 560 anteacta
2603 504 2710 560 vita
2755 520 2872 559 mea
2905 513 3319 576 comparentur,
3351 507 3512 578 plane
3558 506 3686 560 dor-

433 588 658 644 mientis
687 599 804 643 rete
838 591 1069 644 traxisse
1098 590 1311 657 videor,
1342 609 1538 664 meque
1564 594 1761 665 insigni
1793 594 2064 648 beneﬂcio
2090 604 2184 648 tuo
2210 594 2525 648 devinctum
2551 609 2668 648 esse
2707 593 2811 647 hoc
2838 593 3060 663 publico
3092 607 3453 649 monumento
3489 604 3684 659 testor,

432 677 581 746 quod
618 687 707 732 tua
733 677 1112 733 muniﬁcentia
1137 679 1405 734 studiosis
1440 682 1795 736 historiarum
1831 698 1978 734 nunc
2014 682 2252 751 primum
2286 685 2748 739 communicatur.
2781 683 2936 738 Faxit
2971 685 3115 739 Deus
3143 684 3385 754 optimus
3415 685 3688 738 maximus

433 773 496 817 ut
527 778 707 832 neque
743 772 795 817 te
823 772 1144 834 sumptuum
1177 777 1452 822 tantorum
1487 783 1666 836 neque
1699 783 1784 821 me
1815 768 2066 822 laborum
2101 772 2398 839 pmniteat;
2430 772 2686 841 idemque
2719 781 2767 825 te
2793 788 2918 826 cum
2954 771 3146 826 liberis
3175 775 3284 826 tuis
3317 772 3689 828 ornatissimis

433 855 657 920 totaque
689 853 1026 922 amplissima
1057 853 1378 924 Fuggerana
1404 855 1611 909 familia
1635 869 1800 924 quam
1829 855 2141 912 diutissime
2172 859 2501 913 incolumem
2534 870 2589 914 et
2618 860 2904 914 ﬂorentem
2942 870 3251 914 conservet.
3275 861 3534 932 Angusta:
3557 860 3658 914 Vin

431 939 763 1006 dclicorum,
795 957 861 996 ex
895 941 1232 999 bibliotheca
1267 943 1426 998 herili
1465 959 1479 996 :
1514 943 1780 998 Kalendis
1808 943 2155 1008 Novembris,
2192 962 2338 1000 anno
2375 962 2404 1000 a
2445 945 2741 1002 Nativitate
2777 947 2994 1002 Domini
3025 946 3258 1000 MDLVI.

449 1129 3670 1164 εῖτ-’Μῃ-

511 1209 515 1213 ’
596 1310 1804 1528 ΙΩΑΝΝΟΥ
1884 1328 1998 1523 Ἰ

2102 1319 2416 1529 DY
2507 1166 3673 1534 ΖΩΝΑΡῙ

1615 1625 2546 1761 ΧΡΟΝΙΚΟΝ.

1041 2042 1954 2226 JOANNIS

2102 2044 3044 2234 ΖΟΝΑΒΖΕ
3133 2035 3138 2038 ’

1662 2369 2441 2505 ANNALES.

819 2790 867 2860 1
910 2787 1589 2884 PREFATIO.

490 2949 759 3023 Equidem
778 2953 924 3011 haud
941 2957 1126 3027 inepte
1144 2958 1311 3016 rideri
1329 2977 1550 3032 queam,
1571 2969 1630 3018 ut
1647 2967 2008 3036 supervacuis

423 3046 484 3102 in
521 3047 688 3102 rebus
735 3048 926 3119 magis,
968 3064 1132 3119 quam
1187 3051 1243 3106 in
1296 3055 1623 3110 necessariis
1683 3067 2003 3128 occupatus.

421 3135 780 3208 Posteaquam
796 3139 944 3195 enim
969 3155 1001 3196 e
1041 3142 1224 3198 medio
1253 3147 1495 3212 excessi,
1522 3147 1801 3218 vitamque
1831 3150 2007 3222 delegi

416 3232 742 3296 solitariam,
757 3243 1024 3304 perpetuo
1039 3236 1173 3290 mihi
1193 3236 1294 3308 ipsi
1315 3239 1463 3294 velut
1477 3240 1668 3295 exsilio
1685 3240 2014 3310 indicto(id-

415 3338 526 3395 que
560 3323 706 3380 illius
725 3337 863 3381 nutu
887 3343 1197 3400 arcanoque
1227 3331 1459 3386 consilto
1477 3332 1814 3404 factum,qui
1840 3351 2005 3405 supra

419 3431 521 3471 nos
549 3428 652 3482 est,
687 3419 864 3490 ruptis
897 3421 1132 3477 vinculis
1164 3424 1318 3490 meis,
1351 3426 1664 3496 ereptisque
1703 3427 1838 3481 mihi
1872 3427 2007 3482 cha-

417 3508 675 3576 rissimis,
699 3527 824 3568 cum
849 3512 1038 3568 dolore
1055 3515 1302 3585 quidem,
1335 3517 1546 3572 utiliter
1580 3519 1806 3587 tamen),
1823 3521 2008 3574 omni-

417 3614 491 3652 no
510 3615 597 3655 me
608 3587 1198 3672 jampridem,omissis
1230 3606 1486 3675 negotiis,
1509 3606 1796 3676 turbisque
1831 3623 2000 3676 repu-

2559 2797 3226 2888 ΠΡΟΟΙΜΙΟΝ.

2176 2956 2255 3008 A'.
2325 2956 2610 3029 Εὐστόχως
2661 2960 2726 3014 άν
2770 2977 2856 3024 τις
2924 2960 3067 3014 εἴποι
3096 3001 3112 3027 ,
3164 2958 3519 3023 ἐπιτωθάζων
3569 2974 3685 3027 μοι,

2107 3049 2292 3117 μεῖζόν
2325 3067 2405 3103 σοι
2436 3051 2530 3104 τοῦ
2585 3052 2746 3124 ἔργου
2790 3055 2852 3106 τὸ
2897 3055 3193 3125 πάρεργον.
3241 3053 3388 3107 Ἔδει
3429 3053 3538 3124 γάρ
3591 3068 3683 3124 με,

2107 3141 2181 3204 ὡς
2235 3143 2451 3213 ἀληθῶς
2507 3145 2676 3200 πάλαι
2733 3147 2842 3200 τῶν
2883 3148 3224 3218 πραγμάτων
3262 3147 3555 3217 ἀφέμενον,
3591 3143 3688 3197 καὶ
3755 3133 3766 3140 ’

2105 3229 2437 3299 τυρϐάζεται
2475 3232 2874 3305 ἀποσχόμενον,
2929 3235 3025 3289 καὶ
3073 3235 3166 3289 τοῦ
3221 3236 3390 3304 μέσου
3445 3251 3685 3305 μετανα-

2105 3321 2386 3387 στεύοντα,
2419 3326 2512 3378 καὶ
2539 3327 2663 3380 καθ’
2683 3328 2875 3382 ἑαυτὸν
2904 3329 3160 3400 ἑλόμενον
3204 3329 3325 3402 ζῇν,
3390 3327 3685 3399 ἀειφυγίαν

2105 3430 2164 3466 τε
2201 3414 2396 3468 ἑαυτοῦ
2450 3417 2974 3490 καταψηφισάμενον
3033 3419 3198 3488 (οὕτω
3251 3421 3321 3474 τά
3369 3419 3492 3474 καθ’
3534 3420 3685 3490 ἡμᾶς

2104 3509 2560 3579 οἱκονομήσαντος
2587 3510 2682 3564 τοῦ
2716 3511 2856 3583 ὑπὲρ
2880 3513 3049 3582 ἡμᾶς,
3083 3513 3270 3584 ἐπειδὴ
3303 3515 3428 3577 τοὺς
3448 3510 3684 3582 δεσμούς

2107 3618 2208 3670 μου
2242 3601 2515 3672 διέρρηξε,
2552 3601 2659 3656 τῶν
2687 3602 2960 3673 φιλτάτων
2995 3604 3267 3674 στερήσας
3305 3620 3393 3673 με,
3432 3598 3514 3665 οἷς
3543 3598 3685 3654 οἶδεν

415 3691 600 3757 diatis,
636 3694 773 3747 nihil
805 3695 952 3748 aliud
979 3705 1212 3750 tractare
1243 3697 1628 3761 conveniebat,
1653 3697 1755 3751 nisi
1785 3713 1846 3751 ea
1877 3713 1998 3766 qua:

2102 3695 2310 3757 ἐκεῖνος
2365 3693 2565 3762 λόγοις,
2617 3695 2883 3764 ἀλγεινῶς
2933 3696 3034 3768 μὲν
3083 3697 3228 3767 ἐμοὶ,
3291 3695 3684 3766 συμφερόντως

412 3783 658 3838 animum
679 3790 959 3854 excolunt,
979 3797 1035 3841 et
1060 3803 1088 3840 a
1129 3789 1358 3842 maculis
1382 3804 1675 3857 pravarum
1716 3790 1998 3844 actionum

2102 3784 2144 3836 δ’
2175 3785 2346 3854 ὅμως)
2391 3786 2559 3857 μηδὲν
2599 3787 2788 3859 ἕτερον
2825 3791 3091 3860 μετιέναι,
3128 3789 3160 3859 ἣ
3202 3789 3302 3842 ὅσα
3337 3788 3514 3860 ψυχὴν
3553 3798 3683 3841 κατ-

411 3879 772 3934 assuetudine
823 3880 1184 3949 aimpressis
1211 3890 1464 3949 purgant,
1499 3895 1730 3950 qumque
1781 3880 1993 3937 Numen

2102 3877 2383 3947 αρτίζουσι
2437 3880 2532 3932 καὶ
2593 3879 2923 3952 καθαίρουσι
2977 3882 3086 3934 τῶν
3148 3881 3488 3936 ὲντακέντων
3542 3882 3680 3951 αὐτῇ

414 3968 672 4024 infestum
706 3972 840 4025 mihi
887 3972 958 4026 ob
989 3973 1108 4043 ejus
1147 3981 1417 4042 prmccpta
1468 3973 1692 4036 violata,
1727 3984 1782 4028 et
1810 3974 1998 4030 deser-

2104 3967 2466 4038 μολυσμάτων
2502 3971 2589 4024 διὰ
2620 3973 2932 4042 φαυλότητα
2970 3973 3244 4042 πράξεων,
3279 3973 3374 4028 καὶ
3420 3975 3557 4027 ἄττα
3591 3971 3682 4038 ἐξ·

413 4069 523 4116 tam
558 4063 788 4133 justitia:
837 4064 981 4118 viam
1023 4065 1244 4133 placare
1298 4075 1523 4135 queant,
1557 4065 1739 4136 itaque
1771 4066 1998 4123 delicto-

2109 4058 2378 4114 ιλεοῦνται
2425 4061 2486 4114 τὺ
2511 4062 2674 4127 θεῖον,
2703 4063 2790 4131 ἐφ’
2827 4060 2908 4128 οἷς
2953 4065 3320 4136 παρόργισται
3345 4065 3476 4135 παρ’
3519 4065 3682 4135 ἐμοῦ,

412 4171 539 4228 runt
584 4157 797 4212 veniam
855 4157 1182 4226 impetrare.
1242 4159 1351 4228 Ego
1404 4174 1535 4212 vero
1577 4160 1721 4226 (qua:
1769 4175 1887 4213 mea
1927 4162 1992 4215 ad

2103 4153 2553 4224 παραϐεϐηκότος
2571 4155 2670 4220 τὰς
2692 4129 2911 4220 ἐντολὰς
2928 4129 3116 4218 αὐτοῦ,
3135 4129 3228 4209 atat
3244 4156 3311 4210 τά
3329 4129 3680 4226 δικαιώματα

408 4257 559 4302 recte
619 4248 939 4303 faciendum
999 4248 1252 4302 socordia
1303 4251 1406 4316 est)
1465 4252 1630 4303 rebus
1665 4250 1995 4305 necessariis

2102 4249 2194 4300 καὶ
2214 4245 2397 4316 ζητεῖν
2417 4247 2559 4300 οὕτω
2577 4247 2908 4319 συγγνώμην
2925 4247 3020 4300 ἐπὶ
3032 4249 3141 4311 τοῖς
3162 4248 3518 4318 πταίσμασιν.
3538 4249 3680 4318 Ἐγὼ

408 4328 698 4409 neglectis,
741 4339 794 4393 in
843 4340 1203 4410 supervacuis
1234 4339 1484 4394 elaboro.
1532 4340 1759 4404 Tamen,
1807 4350 1864 4394 ut
1895 4357 1996 4411 pro

2102 4342 2142 4394 δ’
2168 4340 2386 4409 ἀμελῶς
2409 4341 2545 4412 πρὸς
2565 4341 2626 4394 τὸ
2645 4342 2806 4411 ἔργον
2823 4343 2886 4394 ὲκ
2911 4341 3008 4406 τῆς
3036 4341 3174 4410 πρὸς
3191 4343 3258 4395 τὰ
3281 4342 3420 4396 καλά
3440 4344 3679 4414 νωτριάς

409 4432 516 4486 mei
552 4431 876 4487 defensioue
913 4433 1127 4502 aliquid
1172 4432 1399 4486 aﬂeram
1439 4451 1452 4486 :
1497 4448 1607 4487 non
1650 4443 1864 4503 meapte
1895 4450 1997 4489 au-

408 4523 664 4578 ctoritate
688 4535 1007 4596 susceptum
1044 4528 1148 4580 hoc
1184 4541 1326 4594 opus
1354 4535 1458 4590 est,
1492 4527 1584 4580 sed
1614 4527 1836 4582 hortatu
1860 4530 2019 4627 ami-‘

407 4627 600 4668 corum
651 4618 792 4685 :qui
829 4633 954 4671 cum
1015 4634 1102 4672 me
1161 4619 1336 4673 otium
1393 4635 1557 4688 agere
1607 4619 1882 4684 viderent,
1938 4618 2010 4718 id,‘

407 4705 631 4760 aiebant
665 4706 719 4761 in
768 4711 1050 4780 negotium
1103 4711 1330 4781 aliquod
1391 4727 1513 4768 esse
1568 4712 1990 4778 conferendum,

405 4797 552 4866 quod
585 4807 641 4852 et
691 4801 1086 4872 rempublicam
1113 4804 1358 4874 juvaret,
1380 4804 1630 4874 etipsum
1653 4821 1873 4876 quoque
1906 4806 1993 4860 di-

403 4889 594 4944 vinum
629 4892 758 4946 mihi
814 4895 1100 4962 praemium
1144 4896 1492 4952 conciliaret.
1537 4897 1830 4953 Addebant
1873 4914 1990 4965 eos,

405 4979 501 5049 qui
552 4982 804 5039 historiis
849 4993 906 5040 et
965 4987 1133 5041 rebus
1187 4988 1322 5042 olim
1379 4989 1551 5058 gestis
1612 4990 1994 5046 describendis

402 5071 774 5141 laborassent,
820 5079 1018 5148 partim
1067 5096 1193 5135 cum
1225 5082 1331 5135 alia
1379 5082 1522 5136 facta
1571 5093 1839 5149 veterum,
1877 5095 1990 5139 tum

404 5176 792 5237 ttrategemata
842 5163 1110 5240 prolixius
1167 5174 1580 5244 conscripsisse,
1621 5185 1788 5247 atque
1845 5177 1992 5232 acies

407 5258 761 5324 insrructas,
835 5266 1180 5319 exercituum
1279 5265 1622 5331 conﬂictus,
1692 5279 1992 5323 castrame-

404 5351 681 5417 tationes,
717 5368 944 5423 aggeres
989 5358 1278 5423 excitatos,
1324 5368 1375 5411 et
1404 5358 1541 5414 alias
1604 5359 1769 5429 hujus
1825 5374 2004 5428 gene-.

2099 4431 2492 4501 διατιθέμενος,
2526 4431 2657 4502 περὶ
2686 4431 2747 4485 τδ
2770 4433 3048 4503 πάρεργον
3075 4433 3363 4488 κατέτεινα
3388 4433 3487 4504 τὴν
3512 4450 3680 4488 σπου·

2097 4523 2217 4594 δήν.
2237 4523 2380 4578 Ἀλλ’
2406 4527 2493 4578 ἵνα
2512 4542 2566 4578 τι
2583 4526 2676 4578 καὶ
2697 4523 3255 4596 ὑπεραπολογήσομαι
3283 4527 3546 4596 ἐμαυτοῦ,
3575 4529 3678 4580 οὐκ

2097 4617 2307 4670 οἴκοθεν
2337 4615 2604 4690 ὡρμήθην
2635 4619 2770 4689 πρὸς
2794 4617 2858 4670 τὸ
2893 4619 3219 4690 ἐγχείρημα.
3260 4621 3488 4691 Ἄνδρες
3518 4621 3576 4674 δέ
3606 4638 3673 4690 με

2099 4712 2241 4780 φίλοι
2271 4711 2407 4782 πρὸς
2436 4711 2598 4765 τοῦτο
2622 4711 2965 4782 παρέθηξαν,
3003 4712 3329 4781 σχολάζοντα
3355 4713 3670 4783 βλέποντες,

2099 4805 2192 4858 καὶ
2220 4804 2422 4874 χρῆσαι
2449 4803 2698 4872 λέγοντες
2729 4805 2794 4872 τῇ
2846 4802 3012 4874 σχολῇ
3047 4804 3181 4874 πρὺς
3218 4805 3378 4874 ἔργον
3411 4823 3674 4876 κοινωφε-

2097 4897 2206 4959 λὲς,
2240 4899 2331 4950 καὶ
2363 4894 2614 4962 κεῑσηταί
2653 4911 2735 4946 σοι
2779 4910 2832 4945 τι
2867 4892 2975 4947 κάκ
3023 4896 3212 4949 τούτου
3243 4897 3380 4966 πρὸς
3415 4899 3509 4951 τοῦ
3531 4899 3669 4953 Θεοῦ

2096 4989 2471 5056 ἀνταπόδομα.
2506 4987 2865 5059 Προσεπῆγον
2895 4990 3025 5062 γὰρ,
3058 4989 3132 5052 ὡς
3162 4990 3210 5043 οἱ
3237 4992 3364 5061 περὶ
3394 4991 3492 5054 τὰς
3530 4993 3674 5044 ἱστο-

2100 5082 2220 5152 ρίας
2246 5079 2603 5150 πονήσαντες,
2627 5080 2720 5132 καὶ
2752 5078 2821 5132 τά
2848 5080 3016 5134 πάλαι
3049 5082 3314 5152 γενόμενα
3347 5082 3672 5154 συγγραψά-

2097 5189 2271 5242 μενοι,
2306 5174 2354 5224 οἱ
2399 5171 2496 5241 μὲν
2536 5170 2978 5242 διεξοδικώτερον
3013 5174 3112 5236 τάς
3153 5191 3210 5227 τε
3249 5175 3412 5238 ἄλλοις
3443 5177 3673 5246 πράξεις

2096 5264 2206 5316 τῶν
2241 5263 2486 5318 παλαιῶν
2510 5263 2741 5335 ἀνδρῶν,
2769 5266 2956 5319 καὶτὰ
2993 5268 3426 5338 στρατηγήματα
3468 5285 3671 5336 συγγε-

2096 5354 2344 5425 γράφασι
2387 5352 2723 5424 παρατάξεις
2775 5353 3146 5424 διηγούμενοι,
3196 5355 3288 5408 καὶ
3347 5355 3669 5424 συμπλοκάς

403 5443 483 5497 ris
546 5459 805 5501 enarrare
870 5464 885 5500 :
940 5457 1314 5518 praetereaque
1380 5449 1542 5515 loca,
1605 5459 1661 5505 et
1726 5449 1988 5519 impedita

2102 5447 2545 5519 στρατευμάτων,
2570 5449 2664 5501 καὶ⁵
2688 5451 3128 5518 στρατοπεδείας,
3156 5450 3248 5502 καὶ
3276 5451 3547 5520 χάρακας.
3576 5451 3667 5503 καὶ

404 5535 624 5600 itinera,
652 5547 705 5592 et
735 5548 950 5595 montes
973 5543 1176 5597 arduos
1201 5555 1367 5614 atque
1398 5543 1730 5607 inaccessos,
1765 5543 1986 5596 vallium

402 5627 532 5682 item
585 5632 886 5698 angustias,
943 5634 1168 5688 urbium
1227 5635 1588 5694 munitiones,
1639 5641 1695 5687 et
1750 5635 1984 5687 turrium

402 5720 724 5776 altitudines
757 5723 1079 5788 immensas,
1120 5742 1402 5796 propeque
1454 5725 1508 5778 in
1547 5725 1748 5778 coelum
1797 5738 1985 5792 porre-

402 5821 520 5868 ctas
549 5813 707 5884 quasi
745 5816 919 5872 oculis
954 5818 1231 5889 subjicere
1264 5835 1275 5871 :
1311 5817 1510 5886 partim
1549 5816 1753 5886 scripta
1777 5832 1874 5872 sua
1913 5818 1980 5872 ad

2097 5542 2148 5594 ετ
2182 5558 2234 5594 τι
2263 5540 2475 5602 τούτοις
2527 5539 2812 5610 ἑπόμενον.
2866 5542 3007 5613 Πρὸς
3050 5543 3106 5594 δὲ
3148 5545 3260 5604 τοῖς
3312 5545 3669 5612 περιηγήσεις

2095 5631 2309 5702 χωρίων
2351 5629 2446 5682 καὶ
2479 5629 2770 5700 δυσχορίας
2797 5629 2953 5694 ὁδῶν,
2986 5631 3077 5682 καὶ
3107 5630 3206 5701 ὅρη
3248 5633 3524 5703 προσάντη
3571 5634 3668 5684 καὶ

2093 5722 2357 5786 δύσὸατα,
2416 5719 2512 5775 καὶ
2559 5720 2817 5775 αὐλώνων
2868 5723 3262 5792 στενοχωρίας,
3319 5725 3411 5776 καὶ
3459 5725 3667 5776 πόλεων

2092 5814 2450 5886 ὀχυρότητας,
2487 5817 2581 5868 καὶ
2614 5813 3001 5885 πυργωμάτων
3027 5813 3135 5884 ὕψη
3168 5817 3438 5886 μετέωρα,
3465 5817 3558 5870 καὶ
3590 5818 3665 5879 ὼς
