3984 6584
553 303 613 366 67
1829 304 2155 367 JUANNIS
2193 302 2512 365 ZONAR/B

3754 301 3835 363 68

553 432 742 473 norem
770 416 1077 473 asserebat.
1101 418 1215 485 Qua
1241 419 1309 474 de
1344 436 1402 476 re
1432 421 1812 478 controversia
1840 423 1976 477 inter
2007 436 2133 476 eum

2245 422 2532 493 μιουργὸν,
2577 422 2642 473 ἐκ
2668 419 2776 472 τῶν
2820 418 3142 491 ποιημάτων
3189 418 3517 473 καταλαϐὼν
3540 417 3631 470 τὸν
3665 434 3801 484 ποιη

554 520 609 565 et
635 509 925 567 Chaldaeos
959 519 1103 573 orta,
1128 511 1455 583 demigravit
1490 513 1661 578 illinc,
1692 523 1919 569 auclore
1968 528 2131 584 quem

553 612 887 673 cognoverat
914 604 1047 668 Deo,
1082 614 1139 660 et
1167 605 1532 662 Chananmam
1571 607 1769 662 tenuit.
1804 606 1975 673 Quam
2007 622 2133 661 cum

552 696 724 750 fames
754 708 1052 766 premeret,
1101 699 1238 752 abiit
1268 698 1323 753 in
1352 699 1670 770 1Egyptum,
1721 699 1908 768 ibique
1940 698 2011 752 ob
2043 713 2133 752 sa-

553 786 812 852 pientiam
872 788 1223 843 admirationi
1311 790 1561 853 habitus,
1623 790 2025 844 arithmeticam
2079 798 2136 845 et

551 879 952 933 astronomiam
983 880 1214 936 rudibus
1235 891 1348 935 tum
1374 883 1578 936 artium
1613 881 1831 935 illarum
1860 880 2134 953 Aigyptiis

551 970 783 1024 tradidit
829 988 843 1024 :
897 986 1020 1041 qua:
1055 973 1279 1043 quidem
1324 990 1353 1026 a
1397 974 1673 1029 Chaldmis
1709 976 1762 1029 in
1812 974 2130 1045 JEgyptum,

552 1072 719 1132 atque
754 1064 877 1118 inde
914 1072 964 1118 in
1008 1065 1269 1120 Graeciam
1304 1067 1566 1122 transisse
1603 1067 1993 1137 perhibentur.
2030 1066 2134 1121 As-

554 1156 719 1226 syriis
743 1169 925 1211 autem
968 1147 1281 1213 Sodomitas
1305 1162 1599 1228 aggressis,
1632 1160 1776 1230 apud
1804 1176 1943 1229 quos
1963 1159 2133 1215 Lotus

554 1245 741 1298 fratris
783 1247 1076 1301 Ahrahami
1115 1246 1283 1314 ﬁlius,
1323 1262 1378 1305 et
1408 1250 1557 1307 Sara:
1601 1251 1770 1306 frater
1806 1251 2087 1307 habitabat
2113 1290 2128 1314 ,

553 1350 617 1388 ac
644 1338 833 1391 multis
863 1337 1276 1397 Sodomitarum
1323 1342 1653 1409 interfectis,
1683 1345 2008 1415 eceterisque
2038 1360 2133 1398 ea-

484 1428 489 1433 '
553 1426 684 1495 ptis,
719 1421 888 1483 Lotus
918 1433 1083 1486 etiam
1114 1433 1254 1487 inter
1286 1443 1516 1489 caeteros
1541 1440 1776 1508 capitur.
1812 1436 1931 1505 Quo
1959 1436 2136 1490 Abra-

553 1520 750 1597 hamus
786 1522 1084 1589 intellecto,
1118 1540 1243 1580 cmn
1277 1543 1507 1582 cccxvm
1552 1529 1741 1585 vernis
1765 1538 1822 1584 et
1852 1546 1911 1584 ιιι
1939 1529 2134 1585 amicis

554 1612 806 1682 Assyrios
842 1618 1222 1685 persequitur,
1253 1616 1450 1673 Letum
1480 1635 1545 1675 ac
1573 1618 1888 1676 Sodomitas
1909 1621 2129 1679 liberat.

558 1701 947 1760 Revertentem
992 1707 1061 1763 ab
1110 1708 1350 1764 hostium
1403 1712 1810 1781 persecutione,
1848 1713 2002 1768 urbis
2030 1712 2130 1768 So—

555 1795 712 1865 lyma:
747 1813 842 1851 rex
867 1800 1087 1856 nomine
1119 1802 1554 1860 Melchisedecus
1582 1805 1694 1877 (qui
1732 1794 1937 1861 Graecis
1960 1820 2133 1875 regem

550 1883 756 1952 justum
787 1885 1082 1958 signiﬁcat)
1127 1891 1352 1960 exeipit.
1395 1886 1613 1964 Solyma
1658 1910 1789 1949 vero
1824 1903 1940 1948 tum
1978 1894 2133 1948 diee-

556 1971 721 2027 batur
748 1977 882 2030 urbs
914 1974 1241 2034 Jerusalem.
1269 1981 1420 2037 Adeo
1453 1988 1668 2039 vetusta
1705 1982 1793 2039 illa
1821 1994 1924 2062 cst,
1969 1995 2134 2057 atque

560 2082 755 2122 onities
789 2069 1116 2139 antiquitate
1146 2084 1391 2143 superat.
1423 2070 1569 2131 Deus
1595 2079 1892 2148 approbata
1929 2080 2133 2135 virtute

555 2156 877 2223 Abraliami,
911 2166 1414 2222 remunerationem
1451 2168 1528 2223 illi
1562 2169 1875 2240 pollicetur.
1905 2172 2004 2226 Illo
2037 2189 2137 2226 au-

555 2264 665 2308 tem
693 2254 935 2322 dicente,
965 2258 1199 2327 quodvis
1229 2260 1333 2317 sibi
1368 2262 1697 2319 beneficium
1740 2264 1967 2321 insuave
1992 2265 2131 2334 fore,

555 2346 650 2415 qui
709 2345 930 2402 luerede
978 2360 1198 2406 careret
1247 2355 1580 2424 (nequedum
1632 2356 1778 2410 enim
1819 2375 2132 2427 germanam

556 2439 800 2494 sobolem
837 2453 1178 2511 susceperat,
1224 2447 1372 2501 Sara:
1419 2448 1581 2503 vulva
1637 2452 2136 2522 obstructa;,Deus

554 2531 720 2585 etiam
751 2532 922 2587 ﬁlium
947 2536 996 2590 ei
1022 2552 1080 2591 se
1113 2536 1372 2592 daturum
1398 2542 1691 2610 promittit,
1714 2559 1745 2597 a
1768 2560 1878 2614 quo
1905 2563 2137 2618 magnus

556 2624 794 2696 populus
845 2637 993 2682 esset
1041 2632 1448 2701 propagandus.
1487 2634 1662 2690 stellis
1711 2652 1942 2693 numero
1973 2656 2074 2710 par
2116 2659 2132 2696 :

556 2736 797 2789 eumque
830 2736 938 2776 una
970 2738 1094 2776 cum
1126 2723 1245 2778 suis
1274 2722 1499 2780 masculi
1534 2744 1698 2783 sexus
1728 2724 1985 2800 pudenda
2025 2735 2137 2788 eir-

556 2813 874 2867 t-umcidere
902 2815 1088 2885 jussit,
1121 2832 1189 2870 ne
1210 2832 1385 2888 genus
1411 2818 1531 2889 ejus
1564 2836 1688 2876 cum
1723 2824 1846 2878 aliis
1876 2824 2136 2895 gentibus

568 2906 1006 2962 confunderetur
1052 2925 1065 2962 :
1090 2910 1274 2979 itaque
1298 2911 1792 2969 circumciduntur.
1819 2914 2135 2972 Abrahamo

552 2996 664 3065 jam
700 2999 1026 3053 centenario
1085 3005 1389 3058 uasciture
1433 3002 1566 3059 Sara
1617 3006 1783 3074 ﬁlius,
1837 3008 1933 3064 Dei
1977 3010 2131 3081 jussu

557 3090 775 3147 lsaaeus
825 3095 1155 3164 appellatus.
1210 3098 1357 3167 quod
1418 3102 1581 3156 risum
1630 3102 1901 3173 signiﬁcat

555 3184 703 3255 quod
759 3182 913 3247 Sara,
947 3186 1076 3243 dato
1122 3193 1348 3246 oraculo
1388 3192 1457 3248 de
1507 3203 1665 3264 partu
1717 3211 1819 3250 suo
1870 3197 2066 3253 riserat
2116 3215 2129 3252 :

556 3277 701 3347 quod
732 3277 802 3332 ob
826 3277 1042 3333 effetam
1077 3291 1317 3348 aetatem,
1348 3285 1702 3354 promissioni
1735 3286 1897 3341 ﬁdem
1931 3287 2135 3345 habere

556 3366 797 3434 diﬁicile,
810 3385 987 3439 neque
1005 3370 1110 3424 ulla
1123 3387 1248 3442 spes
1260 3375 1432 3444 prolis
1447 3383 1565 3431 erat
1582 3376 1973 3448 (nonagenaria
1986 3377 2134 3433 enim

554 3461 799 3517 lsaacum
834 3463 940 3534 23
968 3465 1202 3536 peperit)
1231 3485 1244 3520 :
1284 3467 1399 3523 sive
1432 3468 1577 3539 quod
1611 3485 1767 3539 puer,
1796 3470 1939 3524 risus
1960 3486 2135 3525 occa-

557 3552 641 3605 sio
668 3552 835 3608 fuerit
860 3556 1206 3625 parentibus,
1232 3556 1336 3611 hoc
1364 3567 1472 3624 est,
1498 3559 1796 3614 alacritatis
1826 3566 1881 3613 et
1910 3561 2133 3617 laetitiae.

552 3640 761 3699 Octavo
792 3655 919 3715 post
964 3647 1313 3703 nativitatem
1362 3650 1452 3704 die
1507 3666 1644 3721 puer
1669 3653 2132 3713 circumciditur:

552 3739 647 3806 qui
678 3754 799 3795 mos
837 3743 1004 3795 etiam
1047 3759 1077 3795 a
1107 3742 1314 3798 Judaeis
1356 3744 1705 3800 observatur.
1749 3747 1959 3804 Arabes
2002 3765 2135 3804 vero

553 3845 700 3884 anno
725 3847 818 3884 xnt
852 3832 1250 3887 circumcidere
1295 3846 1497 3904 pueros
1538 3840 1737 3901 solent,
1769 3838 1915 3909 quod
1942 3838 2134 3894 Ismael

552 3920 733 3990 gentis
777 3921 1033 3977 conditor
1066 3925 1213 3979 circa
1254 3941 1378 3979 eam
1411 3926 1582 3982 fuerit
1624 3939 1841 3983 a-tatem
1893 3930 2137 3984 circum-

552 4012 721 4067 risus.
747 4012 882 4067 Nam
910 4029 1021 4084 quo
1050 4024 1299 4086 tempore
1320 4017 1803 4073 circumcisionem
1824 4020 2136 4077 Ahrahamo

552 4104 843 4161 mandarat
870 4107 1035 4166 Deus.
1067 4123 1163 4162 xm
1187 4124 1459 4163 annorum
1494 4110 1695 4165 fuerat.
1724 4112 2006 4182 Significat
2034 4129 2136 4167 au-

553 4208 662 4251 tem
687 4196 931 4252 lsmaelis
953 4214 1155 4253 nomen
1180 4201 1432 4254 divinitus
1458 4213 1738 4270 vocatum;
1765 4203 1965 4274 quippe
1988 4205 2134 4276 quod

555 4289 700 4342 Deus
739 4289 1119 4345 Abrahamum
1173 4293 1442 4364 supplicis
1499 4296 1609 4348 voti
1663 4306 1976 4365 compotem
2012 4298 2137 4353 red-

553 4380 804 4445 didisset,
842 4383 972 4438 dato
1008 4385 1144 4439 ﬁlio.
1182 4385 1384 4442 Genuit
1417 4397 1600 4442 autem
1639 4388 1785 4442 hunc
1810 4406 1878 4444 ex
1916 4391 2133 4459 ancilla,

2235 521 2355 585 τὴν,
2409 517 2502 569 καὶ
2553 515 2730 586 τούτῳ
2796 514 2946 585 μόνῳ
3002 516 3100 583 τὴν
3146 514 3314 583 τιμὴν
3368 513 3667 583 ἀπονέμειν
3708 504 3823 564 δεῖν

2235 610 2413 677 ἔλεγε.
2462 609 2883 663 Στασιασᾶντων
2909 607 2966 660 δὲ
3009 606 3099 659 δια
3130 606 3304 659 ταῦτα
3352 605 3488 675 πρὸς
3519 605 3683 658 αὐτὸν
3709 603 3822 656 τῶν

2237 702 2542 765 Χαλδαίων,
2565 698 2888 772 μετῴκησεν
2914 700 3149 762 ἐκεῖθεν,
3177 698 3271 752 τοῦ
3299 698 3639 766 γνωσθέντος
3669 695 3821 765 αὐτῷ

2236 797 2484 851 κελεύσει
2513 795 2673 859 Θεοῦ,
2704 793 2799 847 καὶ
2830 792 2928 863 τὴν
2957 792 3275 845 Χαναναίαν
3303 791 3507 859 ἔσχηκε
3545 788 3671 858 γῆν.
3716 788 3819 840 Δι-

2239 890 2342 960 μοῦ
2368 890 2424 942 δὲ
2456 890 2556 959 τήν
2584 886 2906 940 Χαναναίαν
2958 885 3265 949 πιέζοντος,
3308 884 3714 955 μεταναστεύει
3740 884 3824 945 εἶς

2236 985 2530 1051 Αἴγυπτον.
2563 983 2676 1035 Καὶ
2704 980 3044 1051 θαυμασθεὶς
3068 979 3161 1033 ἐπὶ
3183 978 3425 1039 συνέσει,
3450 977 3549 1047 τὴν
3576 975 3822 1046 ἀριθμηο

2234 1077 2397 1149 τικὴν
2450 1080 2564 1140 τοῖς
2616 1076 2935 1145 Αἰγυπτίοις
2992 1075 3091 1129 καὶ
3148 1072 3219 1127 τὰ
3270 1072 3397 1145 περὶ
3427 1069 3819 1143 ἀστρονομίας,

2234 1171 2466 1241 ἀμαθῶς
2495 1171 2704 1225 τούτων
2728 1170 2933 1240 ἔχουσι,
2968 1166 3367 1237 παραδίδωσιν.
3410 1164 3507 1216 Ἐκ
3530 1161 3824 1217 Χαλδαίων

2236 1265 2347 1336 γὰρ
2381 1264 2605 1332 λέγεται
2641 1259 3098 1330 φοιτῆσαιταῦτα
3123 1257 3260 1329 πρὸς
3293 1255 3597 1324 Αἴγυπτον,
3628 1254 3825 1307 xcist—

2236 1359 2329 1413 θεν
2362 1358 2500 1423 πρὸς
2550 1355 2824 1426 ’Έλληνας
2869 1353 3007 1423 (9.9).
3041 1350 3351 1431 Ἀσσυρίων
3387 1348 3433 1402 δ’
3479 1345 3822 1402 ἐπελθόντων

2233 1453 2348 1514 τοῖς
2401 1449 2738 1519 Σοδομίταις.
2773 1442 2853 1510 οἷς
2912 1445 3148 1517 συνῴκει
3182 1445 3277 1498 καὶ
3306 1442 3455 1506 Λὼτ,
3479 1439 3821 1508 ἀδελφόπαις

2234 1543 2313 1599 ὢν
2344 1542 2621 1613 ’Δϐραὰμ,
2653 1542 2755 1610 τῆς
2782 1541 3001 1611 Σάρρας
3049 1557 3108 1593 τε
3164 1536 3415 1606 ἁδελφὺς,
3445 1535 3542 1590 καὶ
3602 1531 3823 1589 πολλῶν

2240 1638 2340 1708 μὲν
2370 1637 2650 1690 πεσόντων
2686 1632 3014 1704 Σοδομιτῶν,
3039 1629 3593 1704 αἰχμαλωτισθέντων
3622 1627 3680 1680 δὲ
3710 1626 3822 1679 τῶν

2236 1730 2462 1792 λοιπῶν,
2503 1728 2598 1781 καὶ
2644 1725 2771 1780 Λὼτ
2808 1728 2920 1789 τοῖς
2951 1723 3271 1795 Σοδομίταις
3298 1720 3822 1793 συνηχμαλώτευτο.
3874 1740 3881 1747 ·

2240 1830 2307 1881 Ὃ
2336 1826 2524 1897 μαθὼν
2544 1823 2820 1895 Ἀϐρααμ.
2850 1823 2950 1876 σὺν
2977 1819 3313 1892 τριακοσίοις
3360 1818 3508 1871 ὀκτὼ
3554 1816 3649 1871 καὶ
3679 1814 3825 1867 δέκα

2234 1918 2476 1979 οἰκέταις
2515 1916 2708 1980 αὐτοῦ,
2740 1915 2836 1969 καὶ
2861 1914 3041 1985 φίλοις
3077 1913 3249 1984 τρισὶ,
3277 1908 3605 1973 κατεδίωξεν
3639 1907 3825 1960 ὀπίσω

2234 2010 2344 2063 τῶν
2376 2009 2704 2078 Ἀσσυρίων,
2751 2008 2846 2062 καὶ
2871 2005 2997 2070 τούς
3031 2023 3092 2058 τε
3137 2003 3436 2073 Σοδομίτας
3471 1999 3666 2055 ἔσωσε,
3723 1997 3829 2048 καὶ

2235 2104 2327 2157 τὸν
2352 2102 2495 2156 Λώτ.
2534 2100 2845 2156 Ἐπανιόντι
2872 2099 2917 2153 δ’
2946 2101 3009 2152 ὲκ
3030 2100 3128 2168 τῆς
3152 2095 3451 2161 διώξεως,ὁ
3475 2093 3573 2165 τῆς
3598 2093 3823 2157 Σόλυμα

2236 2195 2446 2258 πόλεως
2467 2194 2722 2261 βασιλεὺς
2742 2192 2905 2245 αὑτὸν
2928 2190 3275 2260 ὑποδέχεται,
3301 2185 3641 2256 κεκλημένος
3671 2181 3827 2237 Μελ-

2236 2287 2475 2359 χισεδέκ.
2509 2286 2778 2356 Σημαίνει
2806 2284 2860 2338 δὲ
2890 2282 3051 2336 τοῦτο
3091 2278 3585 2352 μεθαρμοζὸμενον
3610 2278 3689 2337 εἰς
3719 2274 3827 2342 τὴν

2247 2380 2521 2448 Ἑλλήνων
2574 2378 2879 2441 διάλεκτον,
2936 2373 3238 2440 ,ϐασιλεὺς
3276 2371 3531 2435 δίκαιος.
3596 2366 3827 2435 Σόλυμοι

2235 2474 2346 2543 γὲρ
2392 2469 2461 2544 ἦν
2500 2472 2672 2540 ὄνομα
2711 2470 2833 2522 τότε
2865 2470 2929 2540 τῇ
2967 2467 3123 2520 πόλει
3192 2462 3584 2536 Ἱερουσαλήμέ
3641 2459 3826 2520 οὔτως

2237 2566 2443 2636 ἀρχαία
2489 2564 2612 2617 λίαν
2651 2565 2683 2633 ἠ
2730 2562 2905 2627 πόλις,
2952 2562 3045 2613 καὶ
3079 2558 3260 2629 χρόνῳ
3288 2556 3357 2611 τὰ
3389 2554 3655 2628 πρεσϐεῖα
3682 2550 3826 2639 xli]-

2238 2656 2533 2725 ρωσαμένη
2567 2654 2706 2706 κατὰ
2743 2651 2953 2706 πασῶν.
2980 2650 3092 2721 Τῆς
3123 2649 3324 2720 ἀρετῆς
3357 2648 3415 2702 δὲ
3443 2648 3533 2701 τὸν
3556 2643 3828 2715 Ἀϐρααμ.

2237 2747 2639 2817 ἀποδεξάμενος
2673 2748 2699 2799 ὁ
2731 2745 2863 2808 Θεὸς
2891 2743 3130 2815 ἀμοιϐὴν
3167 2744 3309 2814 ὑπὲρ
3335 2741 3505 2810 αὐτῆς
3532 2737 3825 2809 ἐπηγγέλ-

2235 2841 2360 2893 λετο
2380 2857 2393 2871 ο
2430 2839 2524 2892 τοῦ
2561 2840 2618 2891 δὲ
2656 2840 2903 2907 φαμένου
2934 2837 3097 2907 ἄχαρι
3128 2837 3236 2889 πᾶν
3271 2833 3421 2904 αὐτῷ
3449 2828 3626 2887 δοκεῖν
3653 2832 3825 2900 εὐερ-

2237 2934 2476 3004 γέτημα,
2529 2934 2606 3000 μὴ
2635 2929 2817 3000 ἔχοντι
2866 2927 2959 2981 τὸν
2987 2925 3147 2980 τοῦτο
3172 2925 3548 2994 διαδεξόμενον
3571 2926 3586 2990 (
3606 2917 3675 2992 ἦν
3705 2922 3827 2990 γὰρ

2238 3026 2318 3080 ἔτι
2352 3025 2518 3095 γονῆς
2547 3022 2799 3096 ἀμοιρῶν
2833 3022 3084 3092 γνησίας,
3110 3020 3191 3073 ὅτι
3211 3021 3309 3089 τὴν
3341 3020 3549 3089 μήτραν
3575 3018 3607 3087 ἡ
3630 3016 3827 3087 sigea

1948 3122 1964 3156 ε
2018 3105 2135 3160 Si“
2162 3151 2205 3206 ε
2240 3118 2558 3191 πεπήρωτο)
2602 3119 2630 3170 ὁ
2658 3116 2793 3180 Θεὸς
2824 3112 2920 3168 καὶ
2952 3115 3122 3169 παῖδα
3162 3112 3362 3167 διδσειν
3392 3110 3544 3206 αὐτῷ
3573 3109 3828 3206 καθυπέ-

2240 3228 2421 3281 σχετο,
2454 3212 2547 3263 καὶ
2585 3206 2647 3275 ἐξ
2695 3206 2909 3261 ἐκείνου
2947 3206 3092 3277 μέγα
3147 3204 3434 3276 προελθεῖν
3486 3202 3662 3266 ἔθνος,
3706 3201 3827 3263 τοῖς

2237 3306 2474 3375 ἄστρασι
2495 3303 2585 3356 τὸν
2608 3300 2845 3373 ἀριθμὸν
2874 3299 3222 3368 ἐξισούμενον
3242 3314 3257 3328 ⁸
3287 3297 3381 3350 καὶ
3402 3293 3827 3367 περιτμηθῆναι

2236 3396 2305 3449 τὰ
2339 3395 2514 3448 αἰδοῖα
2548 3393 2711 3446 αὐτὸν
2733 3391 2827 3444 καὶ
2858 3393 2985 3454 τοὺς
3013 3389 3105 3442 ὑπ’
3137 3388 3303 3443 αὑτὸν
3332 3388 3623 3440 ἐκέλευσεν
3646 3386 3827 3458 ἄρρετ

2238 3506 2354 3553 νας,
2384 3486 2450 3540 ἵν’
2475 3487 2560 3555 εἴη
2588 3486 2648 3538 τὸ
2680 3486 2838 3554 γένος
2877 3482 3044 3537 αὑτοῦ
3079 3485 3191 3545 τοῖς
3221 3482 3402 3543 ἄλλοις
3437 3480 3650 3533 ἔθνεσιν
3686 3481 3825 3531 ἁνεο

2238 3576 2523 3647 πιμικτδν,
2584 3577 2679 3629 καὶ
2732 3575 3205 3647 περιετμήθησαν.
3259 3573 3473 3624 Γίνεται
3522 3572 3705 3623 τοίνυν
3740 3563 3827 3639 τῷ

2251 3669 2500 3740 Ἀϐραὰμ
2563 3672 2695 3731 παῖς
2743 3668 2943 3723 ἑκατὸν
2996 3667 3247 3736 γεγονότι
3306 3665 3571 3720 ἐνιαυτῶν
3603 3666 3667 3717 ὲκ
3717 3663 3830 3733 τῆς

2238 3762 2478 3833 mppx,
2508 3760 2566 3813 ὃν
2585 3761 2612 3812 ό
2648 3759 2777 3822 Θεὸς
2804 3759 2994 3813 Ἰσαὰκ
3020 3758 3254 3812 καλέσαι
3290 3754 3618 3829 προσέταξε.
3655 3752 3831 3825 Δηλοῑ

2237 3853 2292 3905 δὲ
2318 3853 2376 3904 τὸ
2413 3853 2584 3923 ὄνομα
2609 3852 2900 3923 γέλωτα,ἢ
2934 3852 3016 3905 ὅτι
3064 3850 3324 3921 μειδίαμα
3367 3852 3434 3920 τῇ
3472 3850 3661 3919 Σάρρα
3689 3848 3827 3915 ἐγέ-

2237 3962 2379 4007 νετο,
2415 3944 2665 4009 τέξεσθαι
2719 3943 2891 4012 αὐτὴν
2919 3942 3014 3996 τοῦ
3064 3940 3201 3995 θεοῦ
3232 3939 3699 4011 χρηματίσαντος,
3731 3936 3830 3990 διὰ

2236 4040 2298 4092 τὸ
2323 4040 2421 4107 τῆς
2452 4038 2803 4109 ὑποσχέσεως
2831 4037 3083 4104 δύσελπι,
3116 4036 3383 4106 παρήλικι
3426 4032 3586 4105 οὔσῃ,
3610 4031 3705 4083 καὶ⁵
3742 4032 3827 4101 μὴ

2239 4128 2594 4205 προσδοκώσῃ
2660 4126 2840 4182 τεκεῖν
2931 4127 3287 4197 (ἐνενήκοντα
3347 4125 3456 4195 γὰρ
3520 4124 3660 4179 ἑτῶν
3726 4124 3827 4176 τὸν

2238 4214 2426 4275 Ἰσαὰκ
2446 4220 2679 4274 τεκοῦσα
2712 4218 3035 4291 ἐτύγχανεν)
3070 4220 3102 4290 ἢ
3156 4219 3240 4272 ὄτι
3278 4216 3516 4289 γέλωτος
3554 4216 3831 4280 ὑπόθεσις

2237 4318 2349 4379 τοῖς
2372 4314 2591 4384 γονεῦσι
2616 4315 2675 4366 τὸ
2699 4314 2912 4368 παιδίον
2936 4314 3174 4382 ἐγένετο,
3201 4312 3469 4382 θυμηδίας
3490 4309 3696 4383 δηλαδὴ
3724 4306 3829 4365 καὶ

2238 4408 2432 4478 χαρᾶς.
2494 4406 2770 4478 Τεχθέντα
2825 4407 2880 4459 δὲ
2945 4407 3036 4459 τὸν
3093 4405 3265 4458 παῖδα
3304 4402 3689 4471 τοῦτον,κατὰ
3716 4402 3825 4475 τὴν

553 4511 679 4555 Cum
713 4514 817 4568 qua
849 4514 975 4554 eum
1003 4499 1136 4555 Sara
1164 4516 1278 4555 rem
1314 4502 1519 4556 habere
1545 4503 1806 4574 jusscrat.
1832 4503 1969 4558 Nam
2000 4505 2130 4576 quia

2243 4496 2436 4570 ὀγδόην
2475 4500 2692 4569 ἡμέραν
2723 4501 2751 4552 ό
2774 4500 2957 4572 πατὴρ
2978 4499 3328 4570 περιέτεμεν.
3361 4492 3528 4551 Ὅθεν
3555 4496 3697 4551 οὕτω
3723 4499 3827 4551 καὶ

558 4599 672 4644 tum
700 4604 765 4643 ex
796 4605 917 4645 sese
948 4589 1087 4644 nihil
1132 4606 1329 4661 parere
1370 4600 1606 4661 poterat,
1660 4608 1691 4648 a
1728 4596 1926 4648 marito
1957 4596 2135 4664 petiit,

556 4691 616 4734 ut
637 4697 763 4736 cum
792 4683 990 4737 ancilla
1018 4684 1343 4748 domestica,
1379 4684 1634 4756 Aigj'ptia
1660 4702 1881 4756 genere,
1919 4687 2004 4740 cui
2031 4704 2133 4742 no-

553 4791 678 4830 men
704 4776 850 4847 Agar
880 4787 1022 4845 erat,
1057 4779 1455 4834 concumberet
1482 4798 1495 4832 :
1522 4796 1553 4834 e
1585 4798 1690 4851 qua
1718 4790 1904 4836 natum
1936 4782 2133 4840 lsmae-

554 4866 684 4930 lem,
723 4883 821 4937 pro
855 4867 968 4924 ﬁlio
1001 4869 1108 4924 sibi
1140 4870 1472 4925 vendicavit.
1512 4873 1645 4926 Post
1676 4881 1854 4928 tamen
1888 4873 2129 4929 lsaacum

553 4959 823 5028 genitura,
842 4962 1072 5033 Agarem
1095 4964 1358 5034 cumglilio
1382 4980 1445 5020 ex
1467 4966 1815 5021 mmulatione
1844 4967 2129 5038 relegavit.

552 5053 689 5107 Cum
721 5053 1053 5110 adolevisset
1074 5054 1313 5123 lsaacus,
1337 5069 1455 5124 aut,
1497 5067 1549 5112 ut
1577 5059 1844 5131 Jusephus
1868 5060 2131 5115 Hebraeus

557 5143 742 5205 tradit,
769 5145 854 5198 vir
889 5146 1066 5201 factus
1094 5158 1240 5202 esset
1276 5155 1421 5218 (nam
1458 5150 1704 5206 lsaacum
1741 5164 1854 5206 tum
1889 5154 2129 5223 quinde—

552 5238 659 5292 cim
711 5254 983 5294 annorum
1059 5241 1230 5296 fuisse
1292 5244 1420 5314 ait),
1456 5245 1598 5299 Deus
1644 5247 1952 5316 periculmn
2003 5247 2134 5301 facit

552 5333 873 5400 Abrahami,
901 5345 956 5391 et
982 5335 1150 5390 lilium
1171 5337 1651 5406 imtnularejubet.
1680 5350 1843 5413 atque
1871 5342 1922 5394 in
1949 5352 2132 5394 Innnte

551 5427 788 5495 quodam
815 5428 1043 5486 adolere
1068 5430 1411 5507 unigenitum
1444 5429 1597 5484 illum
1622 5442 1677 5487 et
1698 5432 1983 5487 dilectum.
2014 5433 2132 5486 Non

553 5518 865 5592 refragatur
910 5522 1255 5579 Abrahamus
1289 5543 1302 5580 :
1351 5524 1448 5580 sed
1499 5523 1613 5578 ﬁlio
1644 5536 1952 5593 assumpto,
1985 5535 2040 5578 et
2078 5525 2132 5580 in

2240 4593 2352 4652 τοῖς
2380 4586 2657 4655 Ἰουδαίοις
2710 4590 3025 4657 ὲνενόμιστο
3069 4586 3517 4659 περιτέμνεσθαι.
3569 4587 3828 4659 ’Δραϐες

2238 4684 2296 4737 δὲ
2325 4684 2464 4752 μετὰ
2511 4678 2965 4754 τρισκαιδέκατον
3014 4677 3134 4741 ἔτος
3186 4677 3312 4742 τοὺς
3347 4677 3548 4742 παῖδας
3601 4680 3829 4748 περιτέ-

2242 4793 2397 4846 μνειν
2428 4775 2710 4839 εἰώθασιν,
2740 4775 2824 4826 ὅτι
2850 4773 2945 4826 καὶ
2991 4770 3218 4843 Ἰσμαὴλ
3253 4773 3281 4823 ὁ
3312 4771 3613 4842 προπάτωρ
3634 4769 3829 4822 αὐτῶν

2235 4866 2293 4922 iv
2326 4871 2500 4940 τούτῳ
2535 4866 2610 4938 τῷ
2643 4867 2819 4938 χρόνῳ
2853 4865 3275 4935 περιετέτμητο.
3309 4864 3685 4934 Τρισκαίδεκα
3711 4864 3829 4935 γὰρ

2238 4957 2307 5032 ἦν
2344 4961 2501 5022 ἑτῶν,
2536 4958 2626 5013 ὅτε
2654 4958 2732 5029 τῷ
2767 4956 3021 5028 Ἀϐραὰμ
3052 4956 3079 5008 ό
3109 4957 3242 5017 Θεὸς
3273 4955 3505 5018 ἐπέταξε
3538 4955 3640 5025 τὴν
3665 4971 3828 5026 περι-

2240 5056 2435 5126 τομήν.
2494 5052 2762 5122 Σημαίνει
2814 5051 2869 5103 δὲ
2908 5049 2970 5102 τὸ
3030 5047 3203 5117 ὄνομα
3250 5047 3412 5100 τοῦτο
3452 5049 3829 5116 Θεόκλητον,

2225 5148 2300 5209 de;
2329 5146 2425 5200 τοῦ
2450 5144 2587 5198 Θεοῦ
2637 5142 2741 5212 τῆς
2779 5141 2992 5203 ἱκεσίας
3026 5141 3284 5212 ’Δῦραὰμ
3323 5141 3682 5205 ἀκούσαντος,
3722 5144 3829 5197 καὶ

2230 5239 2399 5294 παῖδα
2430 5241 2612 5300 δόντος
2650 5236 2820 5307 αὖτίς).
2871 5236 3157 5302 Ἐγείνατο
3199 5234 3255 5286 δὲ
3289 5234 3481 5288 τοῦτον
3538 5238 3603 5288 ὲκ
3632 5237 3829 5303 παιδί-

2232 5349 2391 5402 σκης,
2435 5332 2559 5401 ἣνὴ
2608 5328 2795 5397 Σάρρα
2828 5323 2978 5394 αὐτῷ
3015 5320 3465 5393 συγκατέκλινεν.
3503 5325 3668 5388 ’ἰδίας
3710 5327 3830 5397 γὰρ

2233 5424 2545 5494 ἀμοιροῦσα
2568 5423 2687 5474 τότε
2717 5420 2905 5490 γονῆς,
2941 5418 3123 5487 οἰκείᾳ
3159 5418 3444 5490 παιδίσκῃ,
3480 5416 3663 5489 ’Δγὰρ
3699 5419 3825 5471 ὀνο-

2241 5519 2536 5590 μασθεέσῃ,
2589 5516 2867 5590 Αἰγυπτία
2922 5513 2984 5566 τὸ
3032 5512 3211 5580 γένος,
3267 5513 3501 5584 μιγῆναι
3529 5512 3621 5567 τὸν
3645 5512 3826 5586 ἄνδρα

1745 5648 1944 5711 Varia:
1975 5650 2284 5711 lectiones
2316 5654 2375 5708 et
2410 5652 2600 5706 notae.

625 5775 739 5849 (29)
772 5781 924 5851 Πρός
957 5783 1291 5851 Ἕλληνας.
1319 5782 1433 5844 Εἰς.
1463 5778 1527 5834 Et
1552 5788 1675 5850 post
1707 5776 2257 5848 αἰχμαλωτισθέντων
2288 5790 2386 5846 pro
2417 5770 2987 5844 α’χμαλωτευθέντων.
3021 5763 3110 5823 W.
