3984 6608
534 439 605 499 73
1197 513 1201 517 .
1300 465 1307 473 ’
1800 443 2123 505 JOANNIS
2168 443 2487 504 ZONARE
3712 446 3781 507 ’ίῦ

534 558 715 612 adhuc
744 557 1020 612 viventem
1056 556 1266 612 invenit
1294 576 1308 613 :
1334 556 1431 613 sed
1458 558 1836 632 Reheceajam
1865 559 2100 616 obierat.

2213 562 2525 631 κειμένων,
2586 561 2681 613 καὶ
2728 559 3090 631 ὀδυνωμένων
3144 560 3240 614 διὰ
3305 559 3405 631 τὴν
3459 557 3784 630 φλεγμονὴν,

533 651 648 704 Nec
676 649 849 704 multo
880 649 1426 720 postetiam'lsaacus
1461 651 1718 717 moritur,
1755 660 1812 707 et
1846 667 1954 707 una
1986 667 2106 707 cum

2222 651 2482 704 ἐπέθεντο
2529 650 2734 715 αὐτοῖς,
2774 653 2871 703 καὶ
2915 650 3128 705 ἀνεῖλον
3167 652 3440 714 ἅπαντας,
3476 649 3787 715 ἀγνοοῦντος

533 758 705 798 uxore
750 741 807 797 in
876 743 1056 813 patrio
1121 750 1479 798 monumento
1534 743 1800 814 sepelitur
1832 784 1847 810 ,
1888 744 2106 815 expletis

2222 742 2317 796 τοῦ
2360 743 2556 797 Ἰακώϐ
2594 760 2608 776 ο
2661 737 2704 812 ᾧ
2750 742 3140 815 χαλεπαίνοντι
3190 743 3277 797 διὰ
3321 741 3516 805 ταῦτα,
3572 741 3787 812 θαρρεῖν

531 834 657 887 vitm
681 833 843 890 annis
871 850 1037 905 supra
1073 850 1300 891 chxxv.

2225 836 2517 891 ἐκέλευσεν
2558 840 2587 892 ὁ
2618 837 2775 901 Θεός.
2821 836 3029 894 Ἐλθὼν
3065 837 3124 891 δὲ
3170 838 3230 890 ἐν
3260 835 3467 906 Batti-lg).
3510 837 3539 889 ὁ
3577 833 3785 899 Ἰακὼϐ,

531 930 665 982 ὀπου
695 928 787 981 τὸν
804 928 1022 999 ὖνειρον
1051 929 1335 995 ἐθεάσατο,
1367 929 1580 985 ἔθυσεν.
1610 930 1719 983 Καὶ
1748 928 1979 1001 προῖὼν,
2000 928 2100 1001 τὴν
2153 931 2357 1003 Ῥαχὴλ
2401 933 2465 985 ἐκ
2512 929 2737 984 τοκετοῦ
2816 930 3109 997 θανοῦσαν,
3175 933 3233 985 ἐν
3266 930 3517 1001 Ἐφρατᾶ
3568 929 3780 983 θάπτει.

534 1026 643 1081 Καὶ
670 1026 731 1079 τὸ
763 1024 824 1090 ἐξ
867 1026 1039 1095 αὐτῆς
1073 1024 1286 1079 παιδίον
1316 1024 1581 1095 Βενιαμὶν
1611 1024 1861 1089 ἐκάλεσε,
1890 1022 1980 1077 διὰ
2006 1024 2105 1095 τὴν
2144 1023 2234 1077 ἐπ’
2265 1022 2415 1096 αὐτῷ
2477 1022 2782 1095 γινομένην
2846 1025 2914 1096 τῇ
2951 1023 3122 1095 μητρὶ
3149 1022 3366 1094 ὀδύνην.
3408 1020 3616 1076 Ἐλθὼν
3643 1022 3689 1075 δ’
3712 1025 3787 1086 εἰς

531 1126 782 1197 Χεϐρὼν,
820 1123 976 1178 πόλιν
1015 1121 1123 1175 τῶν
1170 1121 1521 1183 Χαναναίων,
1569 1118 1840 1174 κατέλαϐε
1905 1125 2001 1173 τὸν
2066 1121 2282 1191 πατέρα
2330 1118 2499 1173 αὐτοῦ
2531 1120 2721 1175 Ἰσαὰκ
2751 1118 2833 1173 ἔτι
2868 1119 3080 1185 ζῶντα·
3149 1120 3183 1190 ἡ
3249 1121 3306 1175 δὲ
3346 1121 3616 1177 Ῥεϐέκκα
3653 1125 3786 1197 ἔφθη

529 1223 735 1277 θανεῖν.
782 1217 1025 1289 Θνήσκει
1073 1214 1131 1267 δὲ
1169 1216 1306 1286 μετὰ
1344 1215 1519 1285 βραχὺ
1559 1215 1654 1267 καὶ
1695 1214 1724 1266 ὀ
1791 1213 2000 1280 Ἰσαὰκ,
2049 1214 2144 1267 καὶ
2219 1212 2490 1267 θάπτεται
2529 1214 2628 1267 σὺν
2684 1216 2754 1286 τῇ
2810 1213 3034 1284 γυναικὶ
3085 1213 3240 1283 παρά
3288 1213 3367 1286 τῷ
3417 1215 3621 1286 γονεκῷ
3657 1234 3789 1287 μνη.

532 1314 689 1384 μείῳ,
724 1310 931 1383 βιώσας
975 1307 1070 1379 ἔτη
1126 1309 1290 1360 πέντε
1323 1307 1421 1360 καὶ
1456 1305 1789 1375 ὀγδοήκοντα
1820 1304 1957 1376 πρὸς
1984 1307 2098 1368 τοῖς
2134 1304 2351 1359 ἐκατόν.

599 1402 690 1456 lx.
726 1401 901 1456 Esaus
928 1409 1112 1455 autem
1157 1399 1409 1454 Idumaeas
1458 1397 1787 1468 imperabat,
1821 1395 2035 1466 regioni
2074 1411 2105 1451 a

529 1513 587 1552 se
617 1496 746 1551 dato
786 1493 1032 1549 nomine.
1064 1492 1238 1547 Edom
1272 1487 1420 1548 enim
1468 1500 1696 1561 vocatus
1726 1490 1929 1557 fuerat,
1959 1487 2107 1559 quod

525 1589 826 1661 aliquando
881 1586 1173 1642 famelicus
1224 1601 1254 1640 a
1315 1593 1520 1640 venatu
1572 1598 1852 1650 reversus,
1899 1597 2026 1638 cum
2077 1595 2109 1635 a

524 1681 692 1735 fratre
728 1678 997 1749 petiisset,
1028 1685 1090 1731 ut
1128 1677 1358 1740 lentem,
1391 1690 1556 1745 quam
1600 1675 1696 1730 ille
1725 1674 1833 1730 sibi
1859 1681 2105 1736 coxerat,

523 1775 700 1835 daret,
754 1767 1119 1840 jurejurando
1169 1766 1421 1829 adactus,
1455 1765 1634 1822 atatis
1675 1764 2100 1836 praerogativam

2275 1394 2351 1451 ϐ’.
2399 1394 2573 1450 Ἦσαῦ
2607 1395 2665 1449 δέ
2695 1391 2836 1468 ἦρχε
2866 1394 2971 1466 τῆς
3039 1394 3371 1465 Ἰδουμαίας,
3411 1394 3650 1460 καλέσας
3694 1400 3787 1469 τήν

2206 1486 2394 1559 χώραν
2424 1486 2520 1556 ἀφ’
2553 1487 2773 1541 ἐαυτοῦ.
2807 1485 2990 1557 Ἐδὼμ
3011 1486 3122 1558 γὰρ
3152 1488 3361 1551 ἐκεῖνος
3391 1488 3683 1558 ἐκέκλητο,
3710 1490 3789 1542 ὅτι

2207 1580 2316 1634 ἀπὸ
2346 1580 2521 1654 θήρας
2545 1579 2679 1633 ποτέ
2704 1579 2995 1652 λιμώττων
3024 1578 3360 1645 ἐπανελθὼν,
3395 1582 3491 1634 καὶ
3516 1580 3610 1633 τὸν
3638 1579 3791 1633 ἀδελ-

2210 1672 2312 1740 φδν
2342 1671 2522 1743 εὑρὼν
2564 1670 2750 1743 φακὴν
2781 1672 3154 1743 ἐτοιμάσαντα
3185 1671 3367 1742 ἐαυτῷ
3398 1671 3537 1743 πρὸς
3563 1674 3788 1743 τροφήν,

2213 1764 2367 1837 ἠξίου
2391 1765 2575 1819 δοῦναι
2594 1765 2767 1838 αὐτῷ.
2792 1766 2851 1820 Ὀ
2868 1765 2923 1820 δὲ
2940 1746 3237 1820 ἀποδόσθαι
3251 1764 3402 1837 αύτῷ
3421 1765 3482 1818 τὸ
3504 1763 3789 1836 πρεσϐεῖον

524 1863 601 1919 illi
643 1862 936 1917 concessit.
992 1860 1073 1916 Ex
1114 1874 1182 1915 eo
1214 1858 1638 1931 cognominatus
1676 1869 1764 1914 est
1807 1856 2006 1923 Edoni,
2032 1857 2105 1912 ob

2213 1858 2530 1929 ἠνάγκασεν
2573 1859 2698 1912 ἀντὶ
2751 1858 2850 1928 τῆς
2880 1860 3085 1929 φακῆς,
3120 1858 3214 1912 καὶ
3246 1858 3576 1928 παραχωρεῖ
3601 1855 3788 1909 τούτου

524 1960 705 2014 rufum
773 1956 1068 2015 admodum
1122 1956 1287 2013 lentis
1306 1954 1568 2011 colorem.
1610 1954 1782 2009 Edom
1818 1968 1984 2025 porro
2004 1951 2111 2009 Hc-

524 2053 686 2111 bragis
724 2052 905 2122 rufum
952 2048 1242 2122 significat.
1282 2047 1524 2105 Jacobus
1573 2048 1873 2119 Josepbum
1926 2046 1997 2102 ob
2052 2057 2108 2103 et

523 2148 711 2202 vultus
759 2145 1115 2217 elegantiam,
1169 2152 1228 2198 et
1286 2144 1494 2216 ingenii
1539 2143 1947 2208 dexteritatem,
1995 2156 2108 2213 pra:

520 2238 734 2293 ceteris
764 2234 1050 2306 diligebat.
1083 2234 1273 2304 Itaque
1298 2242 1355 2289 ct
1381 2233 1559 2304 patria
1582 2233 1844 2296 charitas,
1871 2240 1928 2288 et
1958 2247 2105 2288 som-

520 2332 608 2386 nia
642 2345 763 2401 quae
792 2327 1026 2393 viderat,
1046 2325 1279 2380 fratrum
1314 2325 1579 2382 invidiam
1603 2326 1681 2381 illi
1712 2324 2104 2380 conciliarunt.

522 2421 741 2478 Somnia
774 2417 1092 2492 hujusmodi
1125 2416 1370 2473 fuerunt.
1392 2417 1576 2474 Unum
1616 2416 1928 2486 :Tempore
1961 2431 2106 2472 mes-

522 2520 598 2571 sis
631 2530 760 2571 cum
788 2513 1054 2569 fratribus
1083 2519 1319 2575 metens,
1347 2509 1664 2580 manipulos
1693 2509 1802 2564 sibi
1826 2508 2001 2580 ligare
2050 2518 2106 2565 et

522 2622 878 2677 componere,
911 2619 974 2661 ac
1002 2619 1134 2660 suos
1162 2604 1423 2658 immotos
1469 2612 1645 2670 stare,
1681 2617 1822 2672 quos
1870 2602 2104 2657 fraterni

521 2704 879 2751 accurrentes
913 2692 1212 2749 adorarent
1239 2709 1252 2746 :
1284 2692 1545 2758 alterum,
1581 2707 1610 2746 a
1632 2693 1747 2748 sole
1777 2702 1831 2747 et
1861 2693 1992 2747 luna
2040 2708 2106 2749 ac

524 2785 755 2856 reliquis
784 2783 959 2839 stellis
994 2781 1216 2839 adorari
1243 2782 1349 2838 sibi
1377 2781 1697 2838 videbatur.
1729 2781 1837 2837 Has
1862 2782 2107 2838 visiones

469 2861 482 2874 ’
524 2877 798 2933 fratribus
848 2875 1019 2931 etiam
1064 2874 1440 2946 praesentibus
1474 2874 1619 2945 patri
1674 2874 1925 2931 referens
1973 2874 2105 2945 quid

519 2970 621 3025 sibi
652 2968 878 3035 vellent,
904 2967 1047 3023 scire
1070 2967 1350 3037 cupiebat.
1388 2966 1461 3023 At
1487 2967 1583 3023 ille
1614 2966 1939 3022 felicitatem
1972 2976 2104 3024 nato

519 3060 883 3116 denuntiabat
906 3101 921 3126 ,
979 3074 1045 3115 ac
1074 3057 1191 3114 fore
1224 3068 1463 3131 tempus,
1489 3074 1601 3129 quo
1639 3069 1694 3114 et
1716 3076 1747 3114 a
1781 3060 2106 3130 parentibus

519 3162 575 3207 et
601 3169 630 3207 a
661 3150 927 3207 fratribus
952 3149 1254 3217 coleretur,
1285 3158 1342 3205 et
1372 3149 1718 3205 adoraretur.
1752 3150 1878 3207 llaec
1902 3151 2100 3206 fratres

2217 1950 2337 2021 μεθ’
2364 1951 2545 2021 ὅρκων
2584 1950 2676 2004 διὰ
2728 1949 2818 2004 τὸν
2865 1950 3058 2022 λιμόν·
3093 1950 3217 2005 ὅθεν
3259 1950 3442 2023 Ἐδὼμ
3489 1950 3787 2021 ἐπεκλήθη,

2213 2041 2301 2097 διὰ
2334 2042 2434 2114 τὴν
2473 2041 2779 2112 ξανθότητα
2816 2043 2916 2114 τῆς
2948 2042 3130 2113 φακῆς
3157 2058 3173 2075 ·
3210 2042 3414 2113 σφόδρα
3451 2044 3561 2115 γὰρ
3589 2037 3659 2115 ἦν
3695 2042 3791 2113 τήν

2212 2133 2405 2205 χροίαν
2447 2134 2701 2204 τοιαύτη.
2747 2134 2924 2205 Ἐδὼμ
2954 2135 3010 2189 δὲ
3043 2136 3187 2207 παρ’
3248 2134 3523 2208 Ἑϐραίοις
3553 2136 3616 2189 τὸ
3658 2135 3792 2206 ἐρυ-

2214 2226 2362 2294 θρὸν
2416 2225 2770 2298 ὀνομάζεται.
2815 2227 3011 2281 Ἰακὼϐ
3072 2228 3131 2282 δὲ
3177 2227 3268 2282 τὸν
3313 2229 3380 2283 ἐκ
3427 2228 3530 2298 τῆς
3599 2225 3793 2300 Ῥαχὴλ

2215 2320 2440 2393 Ἰωσὴφ,
2474 2323 2565 2377 διά
2590 2338 2651 2375 τε
2694 2322 2789 2394 τὴν
2822 2320 2919 2383 τοῦ
2949 2320 3249 2391 προσώπου
3284 2322 3534 2393 εὐφυΐαν,
3573 2325 3667 2376 καὶ
3699 2324 3794 2393 τὴν

2219 2412 2321 2482 τῆς
2352 2413 2535 2484 ψυχῆς
2565 2412 2789 2486 ἀρετὴν,
2818 2413 2983 2467 πλέον
3007 2413 3116 2467 τῶν
3136 2413 3314 2469 ἄλλων
3347 2414 3554 2470 παίδων
3584 2416 3790 2487 ἠγάπα.

2216 2506 2290 2559 ’Ἢ
2322 2523 2383 2560 τε
2436 2507 2570 2575 γοῦν
2605 2505 2701 2561 τοῦ
2748 2508 2953 2579 πατρὸς
2996 2509 3226 2581 στοργή,
3262 2510 3357 2564 καὶ
3402 2509 3452 2562 οἱ
3476 2508 3681 2581 ὄνειροι
3707 2507 3796 2572 οὓς

2213 2597 2495 2664 ἐθεάσατο,
2513 2600 2592 2663 είς
2616 2599 2811 2669 φθόνον
2833 2599 3001 2654 αὑτοῦ
3019 2601 3144 2663 τοὺς
3170 2599 3432 2668 ἀδελφοὺς
3448 2601 3792 2671 κεκινήκασι.

2214 2690 2335 2745 Τῶν
2385 2691 2440 2744 δέ
2493 2691 2790 2764 ὀνειράτων
2836 2693 2899 2745 τὸ
2945 2693 3046 2764 μὲν
3096 2688 3164 2765 ἦν
3215 2693 3478 2747 τοιοῦτον.
3536 2692 3627 2746 Ἐν
3680 2692 3797 2764 ὥρᾳ

2214 2782 2408 2853 θέρους
2428 2783 2622 2852 ἐδόκει,
2653 2785 2793 2854 μετά
2818 2784 2928 2837 τῶν
2954 2784 3203 2855 ἀδελφῶν
3221 2785 3477 2855 θερίζων,
3503 2783 3795 2857 δράγματα

2212 2875 2436 2944 δεσμεῖν
2481 2875 2577 2928 καὶ
2615 2875 2847 2943 τιθέναι,
2884 2876 2979 2930 καὶ
3009 2877 3076 2931 τά
3106 2877 3206 2948 μὲν
3244 2878 3412 2932 αὑτοῦ
3445 2878 3702 2949 ἠρεμεῖν,
3730 2878 3797 2932 τὰ

2212 2969 2268 3033 δὲ
2290 2970 2400 3023 τῶν
2424 2971 2671 3040 ἀδελφῶν
2693 2973 3103 3044 προστρέχοντα
3124 2976 3450 3047 προσκυνεῖν
3470 2976 3584 3038 τοῖς
3609 2973 3792 3029 αὐτοῦ.

2213 3064 2286 3116 Τὸ
2322 3064 2400 3128 δὲ,
2437 3065 2529 3118 τὸν
2565 3065 2716 3135 ἥλιον
2740 3065 2834 3119 καὶ
2869 3069 2967 3137 τήν
3001 3067 3256 3139 σελήνην,
3295 3068 3388 3122 καὶ
3419 3069 3547 3132 τοὺς
3573 3068 3795 3131 λοιποὺς

2214 3156 2323 3209 τῶν
2353 3156 2602 3228 ἀστέρων
2634 3162 2966 3229 προσκυνεῖν
3014 3161 3190 3215 ἐδόκει
3224 3161 3394 3231 αύτῷ.
3432 3161 3658 3225 Ταύτας
3701 3161 3796 3223 τὰς

520 3258 663 3317 aegre
690 3243 860 3310 ferre,
887 3250 943 3298 et
998 3251 1156 3298 torve
1212 3240 1684 3298 adolescentulum
1718 3242 1942 3298 intueri.
1974 3244 2103 3300 Post

2215 3248 2365 3319 ὄφεις
2419 3250 2496 3321 τῷ
2548 3251 2716 3322 πατρὶ
2771 3252 3152 3321 διηγούμενος,
3201 3254 3489 3324 παρόντων
3541 3253 3639 3307 καὶ
3691 3251 3799 3305 τῶν

523 3338 638 3392 haec
671 3344 831 3408 pater
850 3334 1155 3405 Josephum
1186 3334 1253 3390 ad
1284 3334 1445 3401 ﬁlios,
1475 3351 1669 3408 greges
1725 3336 1949 3391 Sicimis
2005 3353 2103 3407 pa-

519 3437 760 3494 scentes,
790 3428 969 3484 visum
996 3427 1184 3484 mittit.
1227 3426 1348 3495 Quo
1378 3437 1699 3499 conspecto,
1742 3429 1809 3483 ad
1847 3446 1974 3485 eum
2010 3446 2105 3501 pe-

521 3524 835 3578 rimendum
861 3531 991 3579 sunt
1018 3521 1305 3579 concitati.
1333 3519 1438 3577 Sed
1473 3521 1675 3577 Ruben
1704 3522 1985 3589 mouebat,
2037 3537 2107 3579 ne

520 3616 766 3672 fraterno
809 3616 1079 3688 sanguine
1117 3630 1319 3671 manus
1351 3615 1694 3686 polluerent,
1738 3615 1835 3671 sed
1868 3616 1922 3670 in
1976 3631 2107 3686 pro-

520 3711 729 3766 ximam
776 3721 1005 3781 puteum
1073 3710 1388 3781 conjectum
1447 3709 1624 3764 emori
1686 3709 1977 3764 sinerent:
2029 3709 2110 3763 sic

518 3806 697 3860 levius
729 3803 848 3860 fore
888 3804 1129 3859 facinus.
1185 3794 1311 3869 Quo
1365 3800 1602 3857 consilio
1658 3799 2109 3855 adolescentibus

522 3899 774 3969 probato,
800 3912 1033 3968 puerum
1069 3894 1277 3951 sensim
1317 3894 1373 3948 in
1408 3902 1638 3964 puteum
1667 3891 1914 3948 demisit.
1939 3891 2109 3948 Iudas

519 4008 654 4048 vero
677 3990 929 4047 Arabicis
957 3986 1368 4045 mercatoribus
1390 3986 1543 4054 visis,
1572 3993 1771 4040 auctor
1805 3984 1867 4040 ﬁt
1922 3984 2112 4040 fratri-

527 4086 633 4141 bus
673 4082 949 4141 vendendi
978 4081 1093 4138 illis
1131 4078 1386 4151 Josephi.
1421 4078 2109 4148 Assentiuntur,eumque

522 4180 724 4251 viginti
757 4179 925 4233 minis
954 4177 1226 4241 vendunt,
1256 4189 1432 4230 annos
1455 4182 1647 4229 natum
1681 4173 2106 4245 septemdecim.

520 4273 721 4329 Ruben
761 4279 931 4325 noctu
997 4269 1067 4324 ad
1127 4275 1357 4339 puteum
1400 4265 1636 4331 accedit,
1688 4277 1750 4320 ut
1806 4264 2106 4336 Joseplium

520 4362 652 4418 inde
673 4371 926 4431 ereptum
954 4359 1096 4415 clam
1132 4357 1401 4413 fratribus
1438 4367 1817 4413 conservaret.
1851 4357 1971 4423 Quo
1998 4374 2105 4412 non

522 4451 772 4515 invento,
843 4439 1063 4518 lugens,
1116 4447 1322 4501 fratres
1369 4444 1746 4501 criminatur:
1785 4447 1882 4501 sed
1923 4463 1982 4502 re
2040 4463 2110 4502 cx

517 4543 634 4613 28
664 4542 779 4598 illis
816 4542 1062 4612 cognita,
1097 4539 1291 4610 lugere
1323 4536 1549 4594 desinit.
1576 4536 1659 4592 Illi
1696 4540 1880 4593 tunica
1920 4539 2107 4594 adole-

2211 3344 2512 3409 συγγόνων,
2543 3340 2641 3413 τὴν
2668 3341 2905 3413 δήλωσιν
2934 3344 3116 3415 ἐζήτει
3150 3343 3369 3413 μαθεῖν,
3417 3345 3476 3397 '0
3518 3344 3578 3398 δὲ
3616 3343 3797 3397 εύδαι-

2212 3434 2403 3501 μονίαν
2433 3434 2771 3505 κατήγγειλε
2799 3435 2878 3506 τῷ
2902 3436 3056 3490 παιδί
3084 3453 3096 3467 ·
3123 3435 3219 3490 καὶ
3244 3437 3433 3509 καιρὸν
3465 3435 3647 3508 ἥξειν,
3678 3435 3799 3490 καθ’

2210 3526 2269 3580 ὃν
2303 3527 2408 3580 ὑπὸ
2451 3528 2561 3581 τῶν
2609 3528 2818 3597 γονέων
2850 3529 3089 3582 καὶτῶν
3136 3529 3386 3599 ἀδελφῶν
3432 3532 3801 3602 τιμηθήσεται

2209 3622 2306 3674 καὶ
2337 3622 2873 3693 προσκυνηθήσεται.
2905 3621 3092 3676 Ταῦτα
3118 3622 3244 3687 τοὺς
3264 3623 3526 3693 ἀδελφοὺς
3555 3622 3797 3692 ἐλύπησε

2207 3713 2302 3766 τοῦ
2334 3714 2556 3783 Ἰωσὴφ,
2585 3714 2682 3766 καὶ
2734 3714 3104 3767 ὑπεϐλέποντο
3140 3714 3203 3768 τὸ
3247 3715 3554 3785 μειράκιον.
3589 3713 3803 3781 Νεμόν·

2208 3823 2318 3859 των
2342 3806 2399 3859 δὲ
2438 3807 2508 3858 τὰ
2541 3804 2771 3877 ποίμνια
2806 3806 2914 3860 τῶν
2949 3806 3156 3860 παίδων
3190 3806 3284 3860 τοῦ
3318 3804 3518 3859 Ἰακὼϐ
3550 3806 3609 3858 ὲν
3643 3803 3800 3855 Σικί-

2211 3914 2355 3968 μοις,
2378 3899 2406 3951 ό
2422 3898 2608 3969 πατὴρ
2632 3898 2841 3968 πέμπει
2862 3899 2953 3951 τὸν
2980 3898 3202 3968 Ἰωσὴφ,
3226 3897 3472 3961 ἐκείνους
3497 3896 3798 3965 ἐπισκεψό-

2214 4006 2398 4060 μενον.
2452 3992 2515 4043 Ut
2578 3990 2637 4043 δέ
2686 3990 2876 4044 τοῦτον
2939 3991 3163 4054 ἰδόντες,
3222 3989 3492 4062 ὥρμησαν
3560 3989 3802 4043 ἀνελεῖν.

2218 4084 2452 4155 Ῥουϐῖμ
2500 4085 2557 4137 δὲ
2610 4083 2987 4149 συνεϐούλευε,
3034 4084 3107 4154 μὴ
3161 4083 3488 4155 αὐτόχειρας
3548 4082 3805 4151 γενέσθαι

2215 4175 2311 4229 τοῦ
2340 4175 2596 4245 ἀδελφοῦ,
2624 4176 2737 4229 ἀλλ’
2759 4178 2839 4240 εἰς
2860 4179 2951 4231 τὸν
2975 4177 3385 4247 παρακείμενον
3406 4174 3611 4229 λάκκον
3642 4175 3805 4247 ῥίψαι

2209 4269 2372 4323 me;
2393 4310 2409 4334 ,
2455 4270 2544 4324 ἵνα
2566 4267 2861 4325 ’ἀποθάνει
2898 4270 3050 4331 ἐκεῖ,
3081 4268 3175 4321 καὶ
3223 4267 3367 4322 οὕτω
3427 4268 3807 4341 μετριώτερον

2209 4362 2387 4415 ἔσοιτο
2413 4362 2475 4415 τὸ
2499 4363 2686 4416 κακόν.
2722 4361 3162 4416 Συναινεσάντων
3184 4358 3240 4412 δὲ
3269 4360 3345 4430 τῷ
3382 4359 3526 4429 λόγῳ
3553 4359 3665 4413 τῶν
3681 4376 3806 4411 νεα-

2209 4452 2434 4516 νίσκων,
2462 4452 2644 4506 λαϐὼν
2668 4453 2697 4504 ὁ
2743 4452 2920 4506 Ῥουϐῖ
2931 4470 2971 4523 μ
2995 4452 3058 4505 τὸ
3111 4451 3421 4522 μειράκιον,
3446 4453 3548 4524 ήρέ
3559 4471 3638 4524 μα
3671 4452 3806 4506 καθ-

2210 4549 2407 4615 ίμησεν
2460 4546 2542 4606 εἰς
2593 4544 2686 4596 τὸν
2737 4544 2963 4600 λάκκον.
2998 4544 3198 4607 Ἰούδα;
3244 4544 3303 4598 δέ
3352 4546 3632 4617 ἐμπόρους
3682 4544 3807 4598 ἰδὼν

521 4634 726 4691 scentis
749 4633 971 4689 hircino
993 4632 1266 4704 sanguine
1278 4630 1508 4703 polluta,
1527 4630 1595 4686 ad
1618 4639 1828 4700 patrem
1856 4633 2103 4698 veniunt,

2216 4636 2486 4707 Ἀραϐας,
2534 4638 2927 4691 συνεϐούλευσε
2980 4641 3091 4702 τοῖς
3150 4638 3404 4709 ἀδελφοῖς
3454 4641 3546 4692 τὸν
3596 4640 3808 4711 Ἰωσὴφ

523 4730 792 4795 dieentes,
835 4744 893 4784 se
919 4726 1224 4795 Josephum
1258 4740 1364 4781 nec
1398 4723 1629 4791 vidisse,
1677 4739 1782 4780 nec
1827 4726 2105 4795 quomodo

526 4821 838 4878 iuteriisset
884 4820 1076 4876 scire-
1124 4817 1221 4875 sed
1277 4817 1524 4874 tunicam
1586 4817 1736 4872 illam
1788 4817 2103 4888 reperiisse,

521 4922 869 4969 cruentatam
904 4920 957 4966 et
995 4910 1319 4966 laceratam.
1353 4907 1597 4966 Iacobus
1644 4924 1806 4964 sacco
1856 4909 2102 4977 indutus,

521 5007 823 5077 .losephum
877 5006 1049 5076 luget.
1103 5002 1173 5059 At
1226 5003 1381 5057 illum
1436 5018 1468 5058 a
1524 5003 1935 5059 mercatoribus
1971 5004 2109 5060 emit

527 5101 847 5170 l‘eteplucs,
869 5099 1036 5154 homo
1056 5094 1367 5169 Egyptius,
1394 5095 1701 5150 Pharaonis
1722 5096 1870 5167 regis
1915 5096 2109 5165 coquis

528 5193 911 5263 μι·ωί“υ’;ιιιις,ει
936 5188 1241 5246 honorifice
1269 5197 1485 5245 tractat.
1516 5187 1717 5244 Herilis
1743 5198 1927 5242 autem
1947 5203 2108 5252 uxor,

526 5282 773 5338 etforma
797 5291 856 5337 et
888 5280 1221 5337 dexteritate
1244 5281 1366 5351 ejus
1394 5280 1448 5334 in
1479 5294 1725 5335 amorem
1757 5279 1959 5344 illecta,
1989 5292 2111 5333 vcr-

527 5377 614 5432 his
640 5377 706 5431 ad
744 5390 871 5431 eum
898 5378 967 5431 de
989 5390 1291 5445 congressu
1315 5372 1498 5441 factis,
1529 5373 1804 5443 repulsam
1842 5372 1952 5428 fert
1989 5388 2004 5426 :
2044 5386 2110 5427 ac

525 5467 707 5523 nihilo
751 5476 936 5522 tamen
989 5465 1173 5522 secius
1224 5465 1549 5537 cupiditatis
1601 5464 1803 5519 ardore
1857 5465 2106 5529 subacta,

528 5576 740 5633 speque
779 5559 1149 5632 persuadendi
1177 5559 1411 5631 dejecm,
1452 5558 1563 5615 vim
1588 5565 1768 5628 parat.
1796 5556 1867 5612 Ut
1921 5567 2106 5612 autem

527 5653 855 5709 adolescens
884 5661 1037 5707 veste
1067 5651 1261 5707 relicta
1298 5651 1504 5716 exsilit,
1536 5649 1628 5704 illa
1666 5649 1841 5704 tristis
1891 5658 1948 5703 et
1980 5663 2107 5719 per-

530 5747 748 5803 turbata
779 5744 934 5801 sedet
972 5763 985 5799 :
1033 5745 1350 5821 maritoque
1405 5757 1646 5807 reverso,
1686 5740 1985 5810 Josephum
2018 5757 2108 5796 ac-

529 5848 705 5907 cusat,
743 5839 1129 5894 demonstrans
1176 5847 1411 5900 vestem,
1463 5849 1628 5904 quam
1679 5832 1771 5887 illc
1805 5833 2109 5891 viulaturus

527 5934 827 6000 dominam,
868 5932 1202 6002 reliquisset.
1234 5927 1535 5999 Petephres
1562 5924 1864 5995 Josephum
1899 5926 1952 5980 in
1984 5941 2106 5981 car-

2210 4730 2603 4802 ἀπεμπολῆσαι
2632 4732 2835 4795 αὐτοῖς.
2866 4732 2977 4785 Καὶ
3001 4731 3160 4797 δόξαν
3181 4731 3359 4797 τοῦτο,
3391 4734 3502 4796 τοῖς
3528 4734 3808 4804 ἐμπόροις

2211 4824 2376 4877 αὑτὸν
2423 4824 2773 4877 ἀποδίδονται
2822 4824 2973 4895 μνῶν
3006 4824 3204 4893 εἴκοσι,
3239 4827 3378 4879 ἐτῶν
3427 4828 3810 4880 ἑπτακαίδεκα

2211 4916 2497 4986 γεγονότα.
2562 4916 2793 4987 Ῥουϐὶμ
2860 4916 2919 4970 δὲ
3010 4918 3228 4989 νύκτωρ
3273 4920 3366 4972 ἐπὶ
3424 4920 3519 4972 τὸν
3598 4918 3811 4972 λάκκον

2212 5011 2418 5075 ἐλθὼν,
2493 5009 2559 5063 ἵν’
2637 5009 2902 5082 ἐξενέγκῃ
2962 5009 3054 5064 τὸν
3136 5010 3379 5081 Ἰωσὴφ,
3452 5011 3549 5064 καὶ
3610 5010 3810 5085 σώσῃ,

2210 5106 2338 5167 τοὺς
2404 5102 2670 5171 ἀδελφοὺς
2732 5101 2954 5169 λαθὼν,
3026 5104 3124 5156 καὶ
3201 5103 3275 5174 μή
3344 5103 3524 5175 εύρὼν
3596 5106 3809 5171 αὐτὸν,

2213 5195 2426 5250 πενθῶν
2460 5196 2651 5267 ᾐτιᾶτο
2700 5195 2827 5258 τοὺς
2875 5195 3160 5265 ἀδελφούς.
3192 5197 3316 5250 Τῶν
3359 5196 3511 5251 δὲτὸ
3556 5200 3815 5270 πραχθὲν

2215 5287 2565 5357 φρασάντων,
2591 5285 2831 5340 παύεται
2874 5286 2970 5340 τοῦ
2993 5286 3243 5352 πένθους.
3272 5288 3379 5342 Τὸν
3396 5290 3453 5343 δὲ
3477 5291 3813 5362 χιτωνίσκον

2213 5379 2307 5434 τοῦ
2342 5380 2632 5451 μειρακίου
2656 5380 2850 5452 αἵματι
2878 5381 3088 5452 τράγου
3114 5382 3468 5453 μολύναντες,
3496 5379 3636 5458 ⁴ἧκον
3673 5385 3815 5456 πρὸς

2211 5470 2304 5524 τὸν
2345 5471 2582 5541 πατέρα,
2610 5473 2705 5526 καὶ
2749 5467 2924 5539 εἷπον,
2958 5474 3053 5526 τὸν
3102 5473 3203 5545 μὲν
3228 5476 3430 5546 Ἰωσὴφ
3476 5476 3604 5547 μήτ’
3653 5478 3812 5542 ἰδεῖν,

2217 5557 2345 5628 μήθ’
2392 5558 2543 5623 ὅπως
2592 5560 2919 5631 διέφθαρται
2968 5564 3211 5631 γνῶναν
3253 5566 3458 5635 χιτῶνα
3508 5567 3566 5620 δὲ
3615 5569 3817 5623 τοῦτον

2214 5651 2414 5720 εὑρεῖν,
2444 5654 2764 5724 ᾑμαγμένον
2812 5656 2908 5707 καὶ
2958 5654 3314 5726 διερρωγότα.
3361 5657 3562 5712 Ἰακὼϐ
3605 5659 3671 5714 δὲ
3720 5662 3818 5715 ἐπὶ

2214 5742 2293 5812 τῷ
2317 5744 2590 5815 μειρακίῳ
2618 5745 2835 5799 πενθῶν
2862 5746 3178 5814 ἐκαθέζετο,
3206 5753 3302 5802 καὶ
3324 5749 3529 5805 σάκκον
3551 5752 3816 5816 ἐνδύσας.

2215 5835 2320 5886 Τὸν
2347 5836 2550 5906 Ἰωσὴφ
2578 5836 2635 5890 δὲ
2666 5839 2729 5890 ἐκ
2761 5838 2871 5891 τῶν
2910 5839 3172 5909 ἐμπόρων
3206 5840 3462 5911 ὠνήσατο
3492 5842 3819 5914 Πετεφρὴς,

2212 5928 2352 6000 ἀνὴρ
2383 5929 2699 5999 Αίγύπτιος,
2726 5930 2951 5985 ἐπὶτῶν
2973 5931 3241 6001 βασιλέως
3266 5932 3466 6006 Φαραὼ
3498 5937 3819 6006 μαγείρων,
