3984 6594
234 421 299 481 ’Π
1524 417 1839 480 ANNALH

1971 418 2115 478 LIB.
2173 417 2221 478 Ι.
2643 477 2646 482 .
2886 456 2897 467 -
3449 425 3517 491 78

237 541 323 592 καὶ
343 531 487 605 εἶχεν
514 534 680 589 αἰτίον
701 535 761 588 ἐν
778 535 943 605 τιμῇ.
961 534 1073 604 Τῆς
1095 531 1150 587 δὲ
1175 534 1271 587 τοῦ
1288 531 1555 588 δεσπότου
1579 534 1839 603 γυναικὸς

1946 531 2547 589 ceremmalcﬁcornm
2576 534 2772 606 conjici
2797 534 2976 607 jubet,
3008 552 3119 608 quo
3168 546 3224 595 et
3259 539 3525 611 pincerna

233 630 317 683 διὰ
348 647 407 682 τε
443 627 761 698 εὐμορςςίαν
810 626 906 680 καὶ
954 625 1052 698 τὴν
1092 625 1256 680 αὐτοῦ
1308 624 1592 697 δεξιότητα
1640 628 1835 699 ἔρωτι.

239 721 345 784 πῶς
368 719 739 789 διατεθείσης,
780 719 877 773 καὶ
906 717 1100 788 λόγους
1140 719 1271 788 περὶ
1311 717 1514 789 μίξεως
1557 734 1835 789 προσαγα-

234 812 473 883 γοὺσης,
522 814 871 883 παρέπεμπε
933 812 1034 882 τὴν
1096 810 1344 876 ἀξίωσιν.
1400 810 1464 865 Ἥ
1532 809 1589 864 δὲ
1645 811 1834 873 δεινῶς

235 906 680 977 πολιορκουμένη
724 906 804 977 τῷ
849 906 1037 977 ἔρωτι,
1081 905 1348 976 δευτέραν
1393 904 1568 974 ἐπῆγε
1614 906 1832 976 πεῖραν,

232 1000 321 1053 καὶ
355 999 420 1052 τὸ
443 998 662 1052 πείθειν
694 997 1038 1068 ἀπογνοῦσα,
1073 997 1360 1070 βιάζεσθαι
1396 997 1608 1069 ἤθελεν.
1650 997 1739 1060 Ὠς
1777 997 1835 1050 δὲ

235 1093 328 1145 καὶ
371 1091 436 1144 τὸ
467 1091 694 1161 ἱμάτιον
736 1094 766 1145 δ
805 1091 1091 1155 νεανίσκος
1122 1088 1464 1151 καταλιπὼν,
1506 1088 1831 1161 ἐξεπήδησε,

235 1183 480 1253 καθῆστο
532 1184 791 1255 κατηφὴς
846 1184 941 1238 παλ⁸
985 1184 1392 1256 συγκεχυμένη.
1427 1181 1668 1235 Ἐλθόντι
1696 1180 1752 1234 δέ
1786 1182 1832 1233 τ’

236 1275 391 1343 ἀνδρὶ
443 1276 746 1346 κατηγόρει
786 1274 883 1328 τοῦ
923 1274 1147 1346 Ἰωσὴφ,
1204 1276 1299 1329 καὶ
1344 1275 1406 1327 τὸ
1470 1275 1685 1343 ἱμάτιον
1732 1275 1832 1325 ἐπ-

236 1365 538 1427 εδείκνυεν,
566 1365 645 1430 ὣς
675 1365 755 1419 ὅτ’
783 1366 1058 1436 ἐπεχείρει
1095 1365 1399 1436 βιάζεσθαι,
1445 1364 1834 1427 καταλιπόντος

238 1458 386 1513 αὐτό.
424 1458 716 1530 Πετεφρὴς
753 1459 809 1513 δὲ
840 1460 922 1522 εἰς
964 1457 1061 1529 τὴν
1100 1457 1208 1512 τῶν
1241 1457 1567 1529 κακούργων
1606 1454 1833 1528 εἱρκτὴν

235 1549 495 1618 ἑμὸἁλλει
542 1552 636 1604 τὸν
672 1552 879 1621 Ἰωσὴφ
909 1590 924 1615 ,
957 1551 1015 1604 ὲν
1134 1550 1227 1603 καὶ
1271 1551 1301 1603 ό
1340 1549 1578 1619 οἰνοχόος
1630 1547 1833 1620 Φαραὼ

234 1640 350 1693 κατ’
383 1641 563 1713 ὀργὴν
605 1642 1010 1706 ἐνεκέκλειστο,
1043 1640 1140 1696 καὶ
1190 1645 1219 1696 ὁ
1265 1640 1708 1711 ἀρχισιτοποιός⁸
1751 1635 1832 1707 οἷς

234 1734 474 1804 συνήθης
538 1735 859 1807 γενόμενος,
922 1735 1146 1807 ἠξιοῦτο
1210 1736 1421 1807 φρᾶσαι
1484 1736 1669 1798 αὐτοῖς
1721 1733 1831 1787 τῶν

232 1827 504 1881 ἐνυπνίων
528 1829 630 1899 τὴν
654 1828 907 1899 δήλωσιν.
941 1830 1000 1883 '0
1034 1829 1134 1900 μὲν
1174 1828 1284 1900 γὰρ
1314 1828 1552 1898 οἰνοχόος
1585 1824 1830 1899 ἄμπελον

1944 622 2253 678 Pharaonis
2281 639 2380 693 per
2404 622 2751 679 iracundiam
2781 627 3066 699 coniectus
3094 628 3296 694 fuerat,
3328 640 3387 687 et
3414 648 3524 690 ma-

1943 715 2116 786 gister
2153 716 2425 787 pistorum
2453 735 2466 770 :
2494 715 2588 787 qui
2656 716 2794 774 inita
2850 734 2976 774 cum
3009 736 3076 776 eo
3120 720 3525 789 familiaritate,

1944 809 2207 878 petebant
2234 811 2446 866 somnia
2481 810 2588 866 sibi
2624 811 2693 867 ab
2717 827 2785 868 eo
2809 827 2907 868 sua
2933 812 3227 870 declarari.
3256 815 3526 875 Pincerna

1942 903 2111 958 vitem
2140 902 2248 959 sibi
2278 904 2465 959 videre
2495 904 2645 960 visus
2682 905 2887 971 fuerat,
2925 906 3070 962 unde
3109 915 3222 964 tres
3272 910 3529 979 palmites

1942 1004 2364 1060 enascerentur,
2413 996 2480 1051 de
2538 996 2744 1067 quibus
2793 1012 3005 1069 magna:
3040 1008 3373 1055 ct‘matura:
3409 1017 3528 1068 uva:

1944 1086 2347 1157 dependerent,
2388 1104 2528 1160 quas
2561 1089 2614 1143 in
2646 1090 2887 1160 phialam
2911 1092 3274 1163 exprimeret,
3293 1086 3528 1165 eamque

1944 1179 2214 1236 Pharaoni
2244 1181 2491 1246 offerret,
2518 1183 2615 1254 qui
2636 1183 2871 1255 benigne
2888 1194 3228 1256 acceptaret.
3255 1185 3529 1257 Jusephus

1943 1271 2143 1327 bonam
2183 1273 2383 1328 somnii
2411 1289 2532 1331 esse
2564 1274 3023 1345 significationem
3048 1276 3328 1333 asserebat
3360 1295 3373 1331 :
3402 1294 3528 1335 nam

1943 1365 2089 1421 intra
2127 1366 2373 1422 triduum
2414 1368 2708 1438 pristinam
2738 1367 2789 1422 ei
2833 1367 3178 1424 iunctionem
3210 1370 3527 1426 restitutum

1943 1458 2011 1512 iri
2047 1459 2442 1531 :petebatque,
2499 1469 2561 1514 ut
2624 1460 2672 1515 is
2732 1460 2901 1516 rebus
2948 1463 3064 1517 suis
3106 1463 3387 1527 secundis.
3443 1465 3530 1521 sui

1944 1546 2355 1601 recordaretur.
2413 1547 2688 1604 Pistorum
2715 1559 2901 1605 autem
2933 1551 3194 1622 magister
3239 1553 3390 1608 visus
3418 1554 3525 1629 sibi

1943 1635 2124 1692 fuerat
2144 1639 2248 1693 tria
2278 1640 2519 1697 canistra
2551 1641 2604 1696 in
2630 1643 2807 1713 capite
2839 1643 3010 1709 ferre,
3040 1644 3151 1699 duo
3183 1645 3341 1714 plena
3373 1648 3531 1716 pani-

1941 1726 2065 1791 bus,
2100 1730 2323 1785 tertium
2354 1731 2585 1786 obsonio
2610 1734 2846 1788 etvariis
2870 1733 3010 1789 cibis
3032 1734 3319 1801 refertum,
3350 1751 3472 1807 quae
3497 1752 3530 1792 a

1949 1822 2338 1879 devolantibus
2365 1825 2592 1880 alitibus
2620 1824 3017 1896 diriperentur.
3036 1826 3378 1883 Dixitautetn
3400 1828 3530 1909 huic

232 1919 364 1989 ίρᾷν
390 1919 601 1987 ἔδοξεν,
637 1920 695 1987 ἐξ
722 1918 790 1994 ἧς
822 1923 952 1993 τρία
980 1924 1211 1993 ἐφύοντο
1237 1921 1515 1994 κλήματα,
1547 1915 1622 1976 ὧν
1647 1918 1838 1992 ἀπῃώ-

1944 1917 2108 1973 etiam
2134 1916 2426 1987 Josephus,
2472 1918 2577 1972 tria
2622 1919 2869 1973 canistra
2904 1918 3216 1991 signiﬁcare
3259 1919 3530 1984 triduum.

235 2026 401 2080 ρηντο
449 2012 685 2080 μεγάλοι
741 2014 837 2067 καὶ
894 2014 1147 2086 πέπειροι
1192 2015 1437 2086 βότρυες.
1489 2011 1725 2078 Τούτους
1785 2010 1835 2065 δ’

232 2099 554 2156 ἀποθλίϐειν
602 2104 683 2168 είς
725 2105 949 2176 φιάλην,
985 2107 1078 2160 καὶ
1124 2109 1423 2177 προσάγειν
1471 2107 1549 2178 τῷ
1601 2105 1830 2179 Φαραὼ,

233 2190 494 2248 κάκεῖνον
520 2194 713 2251 λαϐεῖν
753 2200 1065 2269 προσηνῶς.
1106 2198 1319 2270 ’Λγαθά
1351 2200 1484 2268 γοῦν
1539 2197 1830 2270 σημαίνειν

1942 2025 2006 2064 ac
2034 2008 2123 2065 die
2147 2010 2326 2093 .tertia
2368 2025 2700 2082 suspensum
2757 2026 2886 2066 eum
2930 2013 3243 2068 carnivoris
3298 2013 3530 2071 alitibus

1937 2104 2056 2159 fore
2085 2104 2293 2160 cibum.
2336 2105 2567 2178 Utrique
2627 2107 2880 2164 accidere
2931 2122 3055 2178 quae
3080 2107 3357 2179 Josephns
3394 2125 3533 2181 prae-

1942 2200 2185 2256 dixerat.

235 2287 386 2359 αὺτῷ
425 2289 519 2342 τὸν
548 2289 759 2362 ὄνειρον
788 2292 1039 2362 ἐξηγεῖτο
1070 2295 1098 2346 ὁ
1129 2292 1355 2363 Ἰωσήφ.
1389 2293 1480 2345 Ἐν
1515 2291 1626 2364 γὰρ
1657 2288 1837 2363 τρζσὶν
1877 2293 2117 2363 ἡμέραις
2179 2296 2299 2351 ταῖς
2365 2293 2775 2363 προσαγούσαις
2805 2295 2886 2357 εἰς
2916 2294 2979 2348 τὸ
3016 2295 3282 2367 πρότερον
3317 2297 3529 2352 artaxa-

236 2383 649 2455 τασταθήσεται
686 2384 1022 2458 διακόνημα,
1055 2386 1149 2440 καὶ
1180 2385 1337 2457 ἠξίου
1373 2386 1687 2457 μεμνῆσθαι
1727 2385 1919 2451 αὑτοῦ,
1984 2388 2441 2458 εὐπραγήσαντα.

237 2478 417 2532 ιδόκει
475 2478 666 2550 φέρειν
721 2480 816 2533 ἐπὶ
863 2483 962 2550 τῆς
1008 2479 1276 2552 κεφαλῆς,
1328 2481 1424 2534 δύο
1488 2481 1589 2550 μὲν
1638 2479 1822 2551 ἄρτων
1862 2480 2069 2554 πλήρη,
2094 2481 2154 2534 τὸ
2187 2479 2231 2532 δ’
2297 2481 2488 2552 ἕτερον
2533 2481 2667 2551 ὕψου
2717 2482 2813 2536 καὶ
2853 2482 3118 2539 ποικίλων
3194 2482 3525 2555 βρωμάτων.

240 2571 319 2627 Τὰ
377 2573 437 2627 δὲ
500 2574 877 2646 διαρπαγῆναι
934 2574 1039 2628 ὑπὸ
1099 2576 1321 2646 πτηνῶν
1380 2575 1830 2645 καθιπταμένων.
1878 2575 2024 2644 Ἔφη
2069 2575 2127 2627 δὲ
2176 2577 2271 2629 καὶ
2300 2575 2477 2647 τούτῳ
2523 2576 2551 2628 ὁ
2616 2575 2818 2647 Ἰωσὴφ
2862 2575 2932 2629 τὰ
2972 2578 3100 2648 τρία
3169 2579 3313 2631 κανᾶ
3359 2579 3532 2650 τριῶν

242 2665 470 2736 ἡμερῶν
490 2663 635 2721 εἶναι
661 2667 999 2738 σημαντικὰ,
1025 2668 1121 2722 καὶ
1146 2670 1203 2724 ἐν
1223 2672 1290 2741 τῇ
1309 2668 1469 2742 τρίτῃ
1493 2669 1678 2740 ἡμέρᾳ
1704 2669 1921 2740 μέλλειν
1975 2667 2139 2721 αὑτὸν
2200 2668 2610 2739 κρεμασθέντα,
2679 2669 3053 2740 σαρκοφάγοις
3087 2668 3314 2723 ἔσεσθαι
3364 2671 3530 2742 βορὰν

244 2762 539 2824 πετεινοῖς.
575 2760 775 2829 Γέγονε
808 2760 855 2813 δ’
885 2759 973 2814 ἐπ’
1006 2762 1232 2833 ἀμφοῖν,
1267 2762 1342 2826 ὼς
1373 2760 1573 2830 Ἰωσὴφ
1615 2761 1950 2833 ἐξηγήσατο.

314 2853 372 2909 l'.
416 2851 553 2907 Εἶτα
599 2856 678 2924 τῷ
715 2852 917 2926 Φαραὼ
948 2855 977 2908 ὁ
1024 2854 1157 2919 Θεὸς
1194 2856 1346 2925 ὄψεις
1391 2855 1660 2909 ἐνυπνίων
1706 2858 1827 2908 ἐπι-

244 2947 457 3016 πέμπει
484 2947 694 3009 διττὰς,
721 2932 818 3000 καὶ
847 2947 945 3010 τὰς
977 2945 1239 3018 δηλώσεις
1276 2950 1502 3019 ἀμφοῖν.
1548 2947 1607 3000 '0
1644 2947 1699 3000 δὲ
1722 2946 1832 3000 τῶν

246 3042 345 3110 μὲν
397 3039 576 3110 ὄψεων
623 3042 1022 3112 ὲμιμνήσκετο,
1044 3042 1151 3094 τῶν
1192 3041 1237 3094 δ’
1274 3042 1592 3112 ἐξηγήσεων
1635 3041 1833 3096 ἐπελά-

240 3131 390 3186 θετο.
422 3132 700 3200 Συγκαλεί
729 3135 911 3187 τοίνυν
938 3135 1067 3198 τοὺς
1104 3134 1214 3187 τῶν
1243 3134 1565 3203 Αἰγυπτίων
1611 3134 1833 3206 σοφοὺς,

2003 2847 2074 2912 Χ.
2109 2856 2244 2910 Post
2264 2856 2380 2912 haec
2407 2856 2555 2911 Deus
2590 2855 2863 2911 Pharaoni
2902 2857 3033 2914 bina
3090 2859 3206 2914 visa
3242 2859 3297 2914 in
3320 2864 3533 2918 somnis

1936 2949 2955 3019 oﬂ‘ert,eorumqueenarratiunes.At
3002 2946 3093 3006 ille
3144 2951 3260 3007 visa
3303 2951 3530 3024 quidem

1935 3041 2286 3107 meminerat,
2317 3042 2738 3098 enarrationum
2765 3052 2950 3098 autem
2976 3043 3186 3099 oblitus
3204 3044 3407 3101 fuerat.
3428 3045 3534 3101 Ita-

1938 3147 2045 3202 que
2061 3131 2335 3200 sapientes
2350 3128 2733 3203 }Egyptiorum
2748 3142 3035 3199 convocat,
3056 3134 3267 3189 somnia
3283 3144 3530 3199 enarrat,

243 3230 339 3283 καὶ
405 3230 749 3299 ἀπαγγέλλει
826 3231 1010 3294 αὐτοῖς
1073 3231 1144 3284 τὰ
1213 3228 1521 3294 ἐνύπνια,’
1569 3230 1664 3282 καὶ
1737 3230 1838 3299 τὴν

1944 3225 2458 3296 interpretationem
2504 3224 2748 3295 expetit:
2779 3223 2985 3296 quibus
3015 3224 3402 3282 haesitantibus
3424 3225 3534 3281 ira-

240 3324 475 3393 δήλωσιν
506 3328 766 3378 ἁπαιτείο
824 3323 1179 3397 ἀπορούντων
1232 3324 1276 3376 δ’
1326 3324 1575 3386 ἐκείνων,
1611 3320 1833 3392 ὀργίζε-

242 3434 357 3471 ται.
429 3418 489 3471 '0
538 3419 583 3472 δ’
640 3421 900 3488 οίνοχὸος,
959 3421 1009 3471 εί
1064 3419 1158 3471 καὶ
1221 3418 1297 3489 μὴ
1353 3418 1640 3487 πρότερον,
1696 3414 1834 3468 ἀλλὰ

242 3511 367 3564 τότε
454 3512 597 3582 πρὸς
690 3512 919 3582 μνήμην
1011 3505 1115 3583 ἧκε
1176 3502 1304 3563 τοῦ
1398 3508 1595 3580 Ἰωσὴφ
1633 3550 1648 3574 ,
1741 3509 1836 3560 καὶ

243 3603 495 3659 διδάσκει
591 3606 721 3675 περὶ
815 3604 1031 3658 ἐκείνω
1116 3605 1208 3658 τὸν
1288 3603 1511 3673 Φαραώ.
1604 3603 1835 3670 ’Δγεται

244 3697 422 3750 τοίνυν
468 3696 690 3751 αὐτίκα.
740 3696 801 3750 '0
852 3696 908 3749 δὲ
962 3698 1138 3768 φησί’
1175 3697 1422 3761 Νεανία,
1454 3693 1683 3765 φράσαι
1729 3709 1834 3763 μοι

244 3790 361 3857 τὴν
424 3791 636 3860 κρίσιν
696 3789 815 3843 τῶν
880 3788 1223 3858 ὀνειράτων,
1284 3783 1483 3857 ὦνπερ
1534 3788 1833 3857 τεθέαμαι.

250 3882 470 3947 Ἔδοξε
521 3883 680 3949 ,βόας
744 3882 1059 3953 εὐτραφεῖς
1121 3881 1271 3936 ἑπτὰ
1338 3881 1658 3949 προϊόντας
1725 3878 1835 3934 τοῦ

245 3974 523 4045 ποταμοῦ
562 3977 717 4043 πρὸς
748 3976 816 4027 τὸ
849 3974 991 4042 ἕλος
1020 3974 1234 4044 χωρεῖν
1264 3991 1278 4004 ·
1322 3974 1567 4040 ἐτέρους
1600 3972 1652 4025 δ’
1683 3970 1835 4025 ἑπτὰ

245 4069 525 4138 ίσχνοὺς,
572 4069 673 4121 καὶ
722 4070 1127 4138 term-peravi;
1164 4065 1319 4137 λιμῷ
1354 4067 1461 4120 τοῦ
1509 4065 1694 4131 ἕλους
1736 4064 1833 4128 ἐξ·

247 4163 543 4229 ελθόντας
598 4159 989 4232 συναντῆσαι
1049 4164 1318 4228 τούτοις,
1372 4161 1471 4215 καί
1522 4158 1835 4229 βρωθῆναι

248 4253 407 4324 παρὰ
439 4252 564 4309 τῶν
595 4252 889 4323 δευτέρων
930 4254 1074 4320 τοὺς
1116 4253 1387 4323 πρώτους
1427 4254 1523 4306 καί
1595 4253 1832 4316 πίονας,

253 4347 350 4400 καί
379 4349 594 4417 μένειν
648 4345 731 4400 ἔτ’
786 4348 1011 4413 αὐτοὺς
1069 4347 1284 4416 ὁμοίως
1333 4347 1605 4414 ίσχνοὺς.
1651 4340 1834 4411 Αὖθις

252 4440 303 4493 δ’
339 4440 459 4510 ὁρῶ
508 4440 787 4510 στάχυας
823 4440 974 4494 ἑπτὰ
1022 4440 1325 4509 ἑκφύντας
1351 4436 1513 4506 ῥίζης
1537 4436 1677 4505 μιᾶς
1728 4439 1835 4491 θα-

255 4534 470 4603 λεροὺς
513 4533 617 4587 καί
667 4532 1061 4603 κεκλιμένους
1105 4531 1186 4598 τῷ
1217 4530 1395 4599 βάρει
1431 4530 1513 4596 τῷ
1545 4529 1652 4584 τοῦ
1695 4546 1834 4599 καρ-

1941 3320 2133 3374 scitur.
2158 3319 2228 3374 At
2245 3319 2529 3389 pincerna,
2548 3318 2647 3372 etsi
2665 3317 2879 3387 pridem
2895 3317 3122 3384 oblitus,
3142 3318 3363 3375 tandem
3379 3319 3533 3375 lose-

1940 3411 2036 3482 phi
2054 3411 2195 3468 redit
2214 3412 2269 3465 in
2289 3410 2613 3466 memoriam
2632 3428 2647 3466 :
2669 3411 2738 3465 dc
2750 3426 2818 3466 eo
2839 3426 3022 3482 regem
3039 3411 3259 3467 edocet.
3283 3412 3530 3468 Adduci-

1943 3511 2032 3557 tur
2047 3501 2156 3572 29
2180 3501 2269 3557 ille
2292 3502 2495 3557 statim.
2525 3501 2624 3556 Cui
2649 3517 2743 3556 rex
2775 3519 2789 3555 :
2817 3501 3153 3568 Adolescens,
3173 3504 3371 3572 inquit,
3387 3519 3533 3557 som-

1939 3595 2149 3648 niorum
2179 3610 2296 3663 qua:
2343 3593 2450 3648 vidi
2472 3594 2738 3661 judicium
2774 3595 2903 3648 mihi
2936 3595 3172 3650 declara.
3222 3594 3339 3649 Vidi
3381 3596 3532 3651 boves

1938 3702 2012 3741 vn
2042 3687 2302 3757 pinguese
2325 3687 2546 3755 [lumine
2577 3686 2912 3742 ascendentes
2938 3728 2952 3753 ,
2986 3704 3042 3741 se
3072 3688 3311 3758 conferre
3340 3688 3410 3743 ad
3434 3706 3531 3758 pa-

1940 3778 2113 3833 ludem
2139 3820 2155 3845 ,
2205 3780 2391 3851 quibus
2431 3779 2528 3835 alii
2567 3797 2642 3836 vn
2677 3791 3009 3836 occurrerent
3054 3790 3236 3836 tenues
3285 3791 3335 3836 et
3388 3784 3531 3853 {ante

1940 3873 2164 3945 confecti
2187 3890 2203 3929 :
2234 3884 2394 3945 atque
2425 3874 2702 3946 pinguibus
2724 3874 2831 3929 illis
2858 3875 3121 3931 devoratis
3139 3915 3154 3940 ,
3180 3890 3327 3945 mque
3353 3882 3532 3929 tenues

1939 3979 2235 4023 manerent.
2298 3968 2496 4023 Rursus
2534 3971 2639 4025 vidi
2666 3971 2839 4040 spicas
2866 3986 2942 4025 vu
2966 4011 2979 4033 ,
3008 3987 3073 4025 ea:
3110 3987 3215 4024 uno
3232 3978 3412 4040 vegeto
3438 3985 3533 4023 ca-

1939 4058 2083 4114 lamo
2136 4069 2362 4127 enatus,
2416 4062 2648 4131 pondere
2704 4077 2998 4132 granorum
3054 4062 3345 4117 inclinatas
3400 4076 3420 4114 :
3467 4081 3530 4119 ac

1935 4169 2102 4225 prope
2151 4154 2274 4209 illas
2310 4155 2525 4209 tetidem
2578 4156 2755 4210 videre
2789 4157 3003 4211 videbar
3043 4157 3216 4227 spicas
3243 4168 3459 4227 tenues,
3486 4174 3536 4217 et

1941 4247 2002 4300 ob
2049 4248 2357 4320 squalorem
2380 4259 2596 4320 aspectu
2622 4251 2822 4321 fmdas,
2858 4265 2978 4321 qua:
3020 4260 3069 4304 et
3101 4252 3230 4321 ipsa:
3270 4252 3527 4321 fecundas

1938 4354 1989 4399 et
2018 4344 2267 4414 pulchras
2301 4353 2686 4399 consumerent.
2715 4344 2796 4399 Ad
2829 4344 2945 4400 haec
2968 4345 3284 4415 Iosephus:
3312 4346 3468 4412 Etsi,
3497 4366 3530 4403 ο

1938 4452 2065 4499 res,
2106 4437 2323 4509 inquit,
2366 4438 2574 4490 somnia
2614 4437 2739 4491 bina
2787 4448 2949 4503 sunt,
2996 4438 3181 4497 eadem
3231 4448 3410 4494 tamen
3458 4449 3535 4495 est

1938 4530 2211 4598 utriusque
2267 4529 2325 4583 in
2372 4529 2612 4599 futurum
2667 4531 3010 4601 signiﬁcatio.
3064 4530 3207 4587 Nam
3256 4543 3306 4588 et
3334 4535 3529 4601 boves,

258 4625 392 4680 τοῦ.
465 4626 746 4693 Πλησίον
797 4624 853 4678 δ’
906 4623 1107 4679 αὐτῶν
1162 4625 1513 4692 ἰσαρίθμους
1578 4620 1837 4675 ἐδόκουν

1944 4621 2155 4677 animal
2187 4623 2395 4676 arando
2428 4623 2662 4677 exerceri
2698 4625 2915 4678 solitum
2938 4663 2956 4688 ,
2994 4643 3027 4678 a
3061 4626 3410 4682 deterioribus
3444 4631 3537 4683 de-

261 4718 405 4785 ὀρᾷν
448 4717 727 4785 στάχυας
771 4715 1052 4783 ἀδρανεῖς
1087 4716 1205 4770 ὑπὸ
1240 4713 1529 4783 ἀδροσίας
1562 4713 1662 4766 καί
1690 4712 1842 4783 πρὸς

262 4806 472 4874 ὅρασιν
516 4805 746 4875 ἀηδεῖς,
805 4807 862 4862 οἳ
914 4807 1014 4861 καὶ
1052 4805 1400 4874 ἀνήλισκον
1454 4802 1593 4869 τοὺς
1631 4801 1846 4870 εὐχάρ-

263 4919 411 4969 acac
445 4919 508 4956 τε
541 4902 642 4955 καί
673 4901 952 4970 ὡραίους.
1000 4900 1060 4953 Ὀ
1089 4899 1134 4952 δ’
1197 4898 1398 4969 Ἰωσήφ
1422 4914 1437 4928 ·
1487 4895 1619 4951 Κᾶν
1652 4896 1843 4963 διττὰ,

264 4996 447 5067 φησιν,
484 4989 532 5051 ὦ
568 4993 860 5060 βασιλεῦ,
895 4992 1015 5047 εισί
1058 4990 1129 5045 τὰ
1164 4990 1443 5054 ἐνύπνια,
1499 4989 1661 5043 ἀλλὰ
1694 4986 1847 5056 μίαν
1879 5031 1888 5043 .

264 5091 473 5159 ἔχουσι
520 5087 645 5143 τῶν
683 5089 1041 5158 μελλόντων
1070 5086 1186 5155 τὴν
1208 5083 1504 5153 δήλωσιν.
1544 5082 1611 5135 ΟΖ
1642 5098 1706 5134 τε
1736 5082 1847 5151 γὰρ

261 5182 426 5248 βόες,
472 5179 622 5241 ζῶον
667 5182 760 5234 ἐπ’
789 5180 1019 5249 ἀρότρῳ
1053 5177 1307 5242 πονοῦν,
1339 5176 1460 5233 ὑπὸ
1491 5172 1609 5230 τῶν
1652 5175 1848 5245 χειρό-

269 5291 385 5327 νων
427 5274 903 5343 κατεσθιόμενοι,
955 5271 1056 5325 καί
1110 5272 1166 5325 οί
1196 5268 1530 5334 θάλλοντες
1578 5267 1847 5337 στάχυες

272 5365 384 5419 ὑπὸ
415 5362 538 5417 τῶν
569 5362 849 5432 ἀδρανῶν
877 5360 1315 5429 δαπανώμενοι,
1347 5361 1528 5430 λιμὸν
1573 5358 1672 5412 ἐπὶ
1708 5372 1849 5412 τοσ-

274 5456 447 5511 οῦτον
504 5457 611 5526 ἐτη
683 5457 758 5527 τῇ
803 5457 965 5527 χώρᾳ
1019 5474 1137 5513 σου
1194 5459 1718 5527 καταγγέλλουσιν
1782 5440 1852 5507 ἓν

277 5549 600 5621 ισαρίθμοις
628 5550 927 5617 ἐνιαυτοῖς
962 5551 1370 5619 εὐθηνηθείσῃ
1407 5549 1698 5617 πρότερον
1726 5544 1852 5611 τοῖς

278 5644 542 5711 καρποῖς,
587 5644 672 5711 ὡς
716 5644 834 5712 τὴν
883 5639 1117 5700 τοῦτων
1150 5643 1442 5713 εὐφορίαν
1465 5638 1854 5707 ἀναλωθῆναι

276 5733 390 5787 ὑπὸ
408 5730 528 5788 τῶν
549 5733 777 5789 ἔπειτα.
810 5738 877 5790 El
895 5733 965 5788 δὲ
991 5734 1074 5788 σὺ
1103 5734 1445 5804 ταμιεύσεις
1468 5733 1541 5786 τὰ
1568 5729 1679 5798 τῆς
1709 5732 1825 5798 πρό
1840 5758 1855 5771 ο

284 5831 445 5900 τέρας
483 5834 895 5905 εὐδαιμονίας,
929 5834 1019 5900 είς
1048 5832 1191 5900 τοὺς
1218 5829 1330 5901 τῆς
1365 5829 1621 5900 ἀφορίας
1656 5827 1856 5882 ἐνιαυ-

287 5924 441 5995 τοὺς,
470 5927 683 5997 θήσεις
730 5929 855 5996 τοῖς
906 5926 1249 6000 Αἰγυπτίοις
1296 5925 1751 5992 ἀνεπαίσθητον
1789 5922 1910 6015 mn

1945 4715 2120 4773 uorati
2143 4755 2158 4779 ,
2189 4725 2239 4769 et
2265 4715 2424 4786 spica,
2449 4718 2697 4785 ﬂorentes
2724 4733 2758 4770 a
2792 4717 3032 4771 tenuibus
3079 4718 3371 4790 absumptae
3391 4760 3408 4785 ,
3459 4730 3536 4776 tot

1947 4826 2211 4867 annorum
2256 4810 2449 4885 famem
2490 4819 2594 4865 tute
2641 4810 2844 4880 regioni
2883 4812 3234 4882 portendunt,
3267 4830 3386 4868 cum
3411 4816 3535 4886 qui-

1914 4902 2068 4957 _dem
2101 4903 2318 4956 totidem
2367 4903 2523 4957 annis
2566 4910 2852 4973 proventus
2894 4919 3120 4959 annona:
3158 4904 3457 4962 uberrimus
3498 4926 3533 4963 a

1949 4994 2325 5064 posterioribus
2368 4994 2437 5048 sit
2487 4995 2863 5053 absumendus.
2918 4997 2998 5053 Tu
3022 5012 3164 5063 vero,
3213 5000 3258 5053 si
3305 5001 3536 5069 priorem

1950 5091 2158 5159 copiam
2180 5090 2234 5142 in
2263 5087 2558 5144 sterilitatis
2582 5101 2754 5145 annos
2784 5092 3078 5161 seposueris
3100 5131 3117 5156 ,
3145 5108 3357 5147 sensum
3385 5095 3536 5148 istius

1952 5180 2279 5235 calamitatis
2329 5179 2594 5251 Egyptiis
2648 5181 2871 5238 adimes.
2928 5182 3143 5239 Pharao
3186 5185 3410 5254 Josephi
3451 5203 3537 5239 sa-

1954 5270 2163 5343 pientia
2210 5271 2670 5341 obstupefactus,
2722 5284 2837 5328 tum
2889 5273 2961 5327 ob
3010 5274 3350 5330 somniorum
3403 5290 3537 5329 con-

1949 5359 2261 5431 jecturam,
2311 5367 2426 5413 tum
2484 5373 2712 5431 propter
2753 5361 3044 5418 consilium
3094 5382 3107 5417 :
3147 5363 3264 5428 Tn,
3314 5364 3532 5433 inquit.

1954 5451 2094 5522 ipse,
2131 5465 2310 5505 rerum
2340 5454 2567 5506 istarum
2599 5452 2862 5523 conjector
2886 5462 2935 5508 et
2967 5471 3176 5519 suasor,
3214 5455 3348 5509 idem
3375 5457 3536 5512 etiam

1955 5541 2297 5597 consiliorum
2352 5543 2761 5598 administrator
2802 5545 2928 5601 eris.
2972 5545 3161 5613 Itaque
3205 5552 3535 5613 potestatem

1958 5652 2114 5693 suam
2173 5637 2232 5692 in
2258 5653 2385 5692 eum
2413 5638 2667 5700 confert,
2702 5645 2762 5690 ut
2785 5646 2842 5691 et
2876 5637 3056 5707 sigillo
3079 5636 3379 5692 Pharaonis
3407 5648 3532 5694 utc-

1960 5736 2149 5792 retur,
2203 5737 2261 5784 ει
2294 5742 2595 5800 purpuram
2628 5735 2901 5797 gestaret,
2932 5735 2990 5781 et
3022 5741 3189 5780 curru
3220 5728 3534 5788 veheretur.

1959 5823 2175 5879 Accidit
2205 5823 2313 5878 hoc
2360 5822 2599 5891 Josepho
2622 5820 2689 5875 50
2719 5834 2894 5874 annos
2930 5828 3095 5884 nato,
3132 5836 3293 5891 quem
3330 5822 3540 5879 l'harao

1963 5916 2636 5989 Pso:;thomphanechum,
2664 5914 2768 5970 hoc
2800 5922 2902 5981 est,
2932 5910 3257 5971 occultorum
3283 5918 3537 5987 interpre-

2525 2388 2584 2440 'U
2622 2387 2678 2441 δὲ
2712 2388 3123 2469 άρχισιτοποιὸς
3190 2389 3319 2459 τρία
3387 2392 3530 2446 καινὰ
3618 2388 3637 2395 “
