3984 6576
466 479 534 542 83
1743 481 2066 545 JOANNIS
2102 481 2424 542 ΖΟΝΑΒἙ.
3666 482 3741 549 84

538 600 632 657 λιι
690 599 923 675 Ᾱῐεγριίἰ
951 642 967 666 .
1005 603 1133 673 quia
1181 601 1376 658 ﬂorere
1421 602 1684 658 videbant
1734 601 2042 661 lsraelitas,

2222 599 2320 653 lB'.
2354 601 2645 667 Αἰγύπτιοι
2696 600 2750 652 δί
2798 599 3151 670 ἀκμάζοντας
3202 601 3331 664 τοὺς
3388 599 3744 671 Ἰσραηλίτας

469 693 625 749 obliti
650 694 873 765 .loseplii
899 740 914 761 ,
945 697 1125 754 varias
1166 695 1222 750 in
1266 710 1364 751 eos
1405 709 1678 749 a-rumuas
1713 692 2046 763 excogitant.

468 781 605 839 Nam
646 796 704 841 et
746 788 929 843 Nilum
983 788 1039 843 in
1087 788 1353 858 plurimas
1401 786 1577 841 fossas
1625 785 1878 841 derivare
1926 785 2047 856 jus-

468 886 661 931 serunt
688 918 703 941 ,
751 889 805 933 et
839 879 1001 934 urbes
1032 879 1372 935 circumdare
1407 877 1714 941 mmnibus,
1744 889 1797 932 et
1824 891 2050 949 aggeres

472 969 714 1024 excitare
740 1009 755 1033 ,
805 970 912 1040 32
966 986 1064 1041 per
1092 986 1231 1040 quos
1276 970 1381 1025 Nili
1417 968 1821 1024 exundationes
1853 984 2045 1024 -cocr-

471 1068 764 1124 cerentur,
817 1069 874 1116 et
947 1060 1256 1132 pyramides
1327 1070 1638 1114 exstruere.
1722 1059 2047 1130 llujusmodi

475 1150 643 1220 igitur
689 1152 856 1208 rebus
907 1152 1168 1207 Hebraeos
1209 1152 1620 1208 excruciabant.
1657 1152 1735 1207 Ac
1778 1152 1941 1221 longe
1971 1152 2046 1207 illi

476 1251 723 1312 tempore
757 1243 891 1301 istas
913 1259 1188 1300 aerumnas
1228 1245 1554 1308 tolerarent,
1577 1258 1702 1299 eum
1729 1245 1951 1315 quidam
1981 1261 2047 1300 ex

474 1334 853 1390 sacerdotibus
891 1335 1161 1391 Pharaoni
1218 1336 1475 1401 nuntiat,
1508 1336 1627 1393 fore
1678 1346 1737 1392 ut
1786 1337 1932 1395 circa
1989 1339 2044 1393 id

476 1433 694 1496 tempus
734 1426 959 1497 quidam
1012 1428 1277 1484 lsraelitis
1309 1439 1649 1493 nasceretur,
1678 1430 1772 1493 qui
1820 1430 1865 1485 si
1913 1430 2046 1486 ado-

474 1516 733 1586 levissvt,
765 1530 823 1576 et
863 1521 1151 1595 Egyptios
1200 1523 1603 1594 depressurus.
1651 1533 1708 1581 et
1758 1527 2049 1597 populares

469 1625 602 1665 suos
642 1622 937 1668 evccturus
959 1623 1124 1671 esset.
1159 1615 1275 1684 Qua
1329 1633 1387 1673 re
1438 1618 1768 1687 perterritus
1812 1619 2043 1681 Pharao,

469 1717 662 1758 omnes
707 1706 981 1762 masculos
1014 1708 1106 1777 qui
1141 1707 1385 1765 Hebraeis
1430 1720 1812 1771 nascerentur,
1846 1710 1900 1764 in
1940 1710 2042 1765 llu-

470 1809 596 1850 men
640 1797 917 1867 projectos
963 1800 1147 1856 necari
1174 1801 1350 1872 jubet.
1386 1801 1542 1869 Quod
1590 1803 1904 1873 quicunque
1946 1818 2043 1873 pa-

471 1895 688 1942 rentum
726 1889 1064 1960 negligerent
1088 1930 1104 1955 ,
1126 1905 1251 1945 cum
1282 1891 1431 1947 omni
1467 1891 1672 1946 familia
1711 1893 1990 1961 perituros
2024 1908 2036 1944 :
2081 1931 2123 1990 Β

468 1986 524 2030 ιιι
589 1990 779 2048 partus
847 1982 1200 2037 llebraearum
1268 1984 1562 2041 mulierum
1635 1983 1706 2040 ab
1775 1983 2047 2055 Egyptiis

468 2067 863 2128 obstetricibus
905 2074 1191 2130 observari
1241 2076 1421 2147 jubet.
1476 2076 1554 2133 Ac
1591 2077 1669 2131 illi
1715 2076 1938 2146 quidem
1991 2074 2049 2129 in

468 2160 555 2216 bis
584 2175 763 2220 erant.
808 2164 1041 2231 Quidam
1084 2177 1269 2223 autem
1320 2166 1406 2221 vir
1452 2167 1657 2241 nobilis
1692 2167 1766 2222 ob
1802 2166 2048 2222 edictum

467 2253 612 2307 istud
660 2255 967 2326 augebatur
1003 2256 1153 2320 (nam
1195 2274 1332 2312 uxor
1363 2258 1484 2328 ejus
1535 2257 1744 2313 ferebat
1797 2257 2043 2322 uterum)

465 2359 530 2398 ac
557 2355 810 2415 precatus
835 2348 1023 2414 Deum,
1053 2349 1107 2403 in
1129 2350 1339 2405 somnis
1363 2358 1639 2413 mouetur,
1661 2365 1729 2405 ne
1755 2351 2009 2421 desperet
2035 2368 2048 2407 :

464 2436 605 2491 Nam
638 2446 689 2492 et
714 2456 845 2509 puer
874 2440 1076 2511 (inquit
1116 2441 1282 2507 Deus)
1311 2458 1463 2513 quem
1492 2444 1738 2497 dixerunt
1769 2441 2008 2515 Eyyptii
2030 2487 2046 2512 ,

468 2540 588 2585 tuus
633 2534 776 2596 erit,
825 2541 875 2586 et
929 2536 1156 2590 manebit
1208 2537 1488 2591 incolumis
1517 2579 1534 2600 ,
1581 2545 1631 2590 et
1682 2538 2052 2609 ignorantibus

466 2622 864 2680 insidiatoribus
914 2629 1228 2683 educabitur
1278 2645 1297 2682 :
1340 2639 1390 2684 et
1436 2629 1780 2700 popularibus
1825 2630 1934 2684 suis
1986 2645 2051 2683 es:

466 2713 785 2787 Egyptiaca
830 2721 1077 2776 servitute
1114 2724 1335 2792 ereptis,
1378 2730 1580 2778 aeterna
1614 2725 1872 2778 memoria
1908 2723 2048 2777 cele-

468 2804 730 2864 brabitur.
783 2806 981 2865 Frater
1009 2814 1132 2867 item
1167 2813 1282 2883 ejus
1309 2829 1427 2867 cum
1462 2817 1573 2869 suis
1618 2817 1841 2884 posteris
1877 2831 2053 2870 sacer-

469 2899 565 2953 dos
609 2918 755 2957 meus
794 2918 998 2975 semper
1024 2907 1143 2961 erit.
1205 2904 1351 2962 Uxor
1383 2907 1522 2962 clam
1553 2906 1883 2963 custodibus
1916 2922 2053 2977 pue-

472 3007 595 3047 rum
635 3010 839 3052 marem
865 2998 916 3053 ei
941 3000 1122 3069 parit,
1166 3015 1332 3070 quem
1374 3009 1484 3055 tres
1522 3015 1741 3056 menses
1790 3008 2052 3071 parentes

470 3087 644 3143 alunt.
692 3088 799 3145 Sed
853 3101 1004 3146 metu
1056 3092 1279 3148 tandem
1329 3093 1586 3157 subacti,
1645 3096 1882 3152 salutem
1928 3094 2050 3165 ejus

471 3176 584 3235 Deo
630 3182 1024 3242 committunt:
1057 3200 1122 3241 ac
1153 3186 1207 3239 in
1243 3185 1504 3242 fiscellam
1550 3187 1819 3242 bitumine
1856 3186 2050 3242 illitam

2150 690 2408 762 ὁρῶντες,
2442 693 2537 746 καὶ
2565 694 2660 747 τοῦ
2703 692 2904 762 Ἰωσὴφ
2954 692 3401 771 ἐπιλελησμένοι,
3447 693 3737 747 ταλαιπω-

2154 784 2277 855 ρίας
2329 784 2582 849 ποικίλας
2624 784 2745 838 κατ’
2803 784 2982 839 αὐτῶν
3029 785 3307 839 ἐπένθουν.
3361 785 3467 838 Τόν
3506 802 3565 838 τε
3620 784 3741 852 γὰρ

2152 878 2397 942 ποταμὸν
2426 879 2507 937 είς
2547 876 2827 946 διώρυχας
2870 877 3130 939 πλείστας
3173 879 3508 945 κατατεμεῖν
3548 878 3743 941 αὐτοῖς

2152 968 2447 1034 ἐπέταξαν,
2501 970 2597 1023 καὶ
2639 968 2992 1040 οἰκοδομῆσαι
3036 969 3190 1038 τείχη
3231 972 3349 1032 ταῖς
3392 969 3605 1034 πόλεσι,
3640 969 3740 1023 καὶ

2150 1060 2384 1131 χώματα
2418 1062 2724 1131 ἀνεγεῖραι,
2757 1061 2845 1114 ἵνα
2881 1061 2949 1114 δι’
2983 1062 3166 1114 αὐτῶν
3196 1063 3225 1114 ὁ
3264 1061 3509 1131 ποταμὸς
3541 1061 3742 1131 λιμνά-

2150 1154 2265 1219 ζειν
2293 1155 2624 1223 ἀνείργοιτο,
2658 1156 2751 1208 καὶ
2785 1154 3009 1226 ἁνιστᾷν
3028 1154 3364 1225 πυραμίδας,
3393 1154 3487 1207 καὶ
3517 1153 3742 1217 τούτοις

2149 1247 2277 1309 τοὺς
2319 1245 2603 1315 Ἐϐραίους
2644 1245 2955 1318 ὲξέτρυχον.
3009 1247 3221 1316 Χρόνον
3265 1245 3365 1317 μὲν
3402 1244 3494 1299 οὖν
3539 1245 3741 1317 συχνὸν

2149 1339 2237 1393 ἐπ’
2269 1339 2461 1403 αὑταῖς
2482 1372 2485 1375 -
2505 1339 2762 1408 διήνυσαν
2791 1343 2910 1403 ταῖς
2941 1338 3274 1396 κακώσεσιν.
3313 1337 3446 1394 Εἶτα
3482 1341 3593 1394 τῶν
3634 1340 3743 1394 Ὶε-

2153 1432 2592 1503 ρογραμματέων
2636 1450 2723 1495 τις
2770 1433 3027 1501 ἀγγέλλει
3078 1432 3155 1504 τῷ
3199 1433 3422 1502 Φαραὼ,
3466 1433 3740 1503 τεχθήσε-

2150 1524 2276 1578 σθαι
2298 1524 2421 1578 τινὰ
2457 1524 2581 1579 κατ’
2611 1524 2820 1578 ἐκεῖνον
2854 1528 2944 1578 τὸν
2969 1525 3162 1591 καιρὸν
3188 1528 3302 1589 τοῖς
3345 1525 3740 1596 Ἰσραηλίταις,

2147 1612 2207 1673 ὃς
2239 1612 2468 1681 τραφεὶς
2495 1614 2827 1667 ταπεινώσει
2866 1614 2965 1684 μὲν
3007 1615 3136 1678 τοὺς
3175 1614 3533 1681 Αἰγυπτίους,
3566 1616 3745 1686 αὐξή-

2151 1720 2233 1755 σει
2264 1702 2322 1756 δὲ
2350 1703 2478 1766 τοὺς
2509 1705 2817 1772 ὁμογενεῖς.
2857 1704 3053 1766 Δείσας
3089 1700 3183 1757 οὖν
3207 1705 3236 1756 ὁ
3262 1703 3488 1775 Φαραὼ,
3520 1705 3744 1759 κελεύει

2149 1797 2260 1849 πᾶν
2287 1796 2455 1867 ἄρσεν
2481 1795 2793 1866 γενώμενον
2820 1799 2933 1861 τοῖς
2964 1797 3259 1866 Ἑϐραίοις,
3293 1798 3624 1867 ῥιπτοῦντας
3659 1799 3745 1860 είς

2150 1891 2244 1943 τὸν
2264 1889 2535 1959 ποταμὸν,
2567 1888 2912 1959 διαφθείρειν
2940 1902 2955 1918 ⁸
2993 1889 3119 1951 τοὺς
3159 1888 3227 1977 δὲ
3250 1888 3324 1960 μὴ
3348 1887 3491 1942 οὕτω
3518 1888 3737 1942 ποιοῦν-

2153 2000 2251 2046 τας
2281 1982 2389 2036 τῶν
2419 1982 2629 2035 παίδων
2665 1984 2869 2045 τοκεῖς,
2915 1981 3166 2051 παγγενῆ
3211 1982 3555 2050 ἀναιρεῖσθαι
3590 1998 3604 2014 ο
3641 1982 3746 2035 καὶ

2152 2075 2278 2137 τοὺς
2307 2074 2562 2138 τοκετοὺς
2584 2073 2643 2127 δὲ
2669 2072 2777 2127 τῶν
2809 2073 3084 2143 Ἐϐραίων
3111 2074 3414 2142 γυναικῶν,
3438 2072 3536 2137 τὰς
3566 2074 3745 2142 Δίγυο

2153 2167 2316 2231 πτίας
2370 2166 2536 2237 μαίας
2583 2166 3053 2237 παραφυλάττειν.
3102 2167 3213 2221 Καὶ
3250 2166 3300 2219 oi
3344 2166 3443 2236 μὲν
3478 2162 3619 2238 ἦσαν
3683 2170 3747 2221 ἑν

2151 2258 2383 2322 τούτοις.
2431 2259 2596 2331 ’Δνὴρ
2633 2257 2691 2311 δέ
2720 2275 2804 2321 τις
2834 2258 2943 2311 τῶν
2978 2257 3037 2312 εὖ
3070 2258 3376 2327 γεγονότων
3401 2257 3540 2326 πρὸς
3563 2257 3747 2312 ταῦτα

2151 2352 2383 2405 διέκειτο
2412 2352 2688 2424 χαλεπῶς.
2733 2353 3058 2423 Ἑκυοφὸρει
3101 2353 3211 2421 γὰρ
3257 2353 3291 2420 ἡ
3338 2353 3532 2407 τούτου
3574 2352 3743 2424 γυνὴ,

2155 2446 2247 2499 καὶ
2269 2445 2448 2498 ἐδέετο
2469 2444 2564 2498 τοῦ
2589 2444 2747 2499 Θεοῦ.
2777 2445 2869 2514 Μὴ
2891 2444 3297 2511 ἀπογινώσκειν
3317 2446 3374 2499 δὲ
3391 2446 3515 2500 καθ’
3534 2444 3746 2507 ὕπνους

2155 2538 2495 2609 προσέταξεν
2524 2534 2675 2606 αὐτῷ
2705 2539 2733 2589 ὁ
2762 2535 2984 2599 Θεός.”0
3021 2553 3083 2589 τε
3122 2537 3231 2604 γὰρ
3268 2537 3430 2604 παῖς,
3464 2537 3537 2590 ὃν
3562 2533 3748 2591 εἷπον

2153 2630 2481 2699 Αίγύπτιοι,
2530 2630 2664 2694 σὸς,
2712 2628 2945 2695 ἔλεγεν.
2993 2626 3190 2690 ἔσται,
3227 2628 3321 2683 καὶ
3373 2626 3745 2695 σωθήσεται,
3860 2696 3868 2707 _

2154 2724 2249 2778 καί
2309 2722 2699 2793 τραφήσεται,
2763 2720 2970 2777 λαϐὼν
3016 2719 3161 2787 τοὺς
3202 2721 3745 2789 ἐπιϐουλεύοντας,

2154 2819 2252 2872 καὶ
2304 2817 2479 2871 λύσει
2533 2815 2649 2884 μὲν
2697 2812 2805 2881 τῆς
2868 2812 3004 2882 παρ’
3047 2815 3395 2880 Αἰγυπτίοις
3457 2814 3750 2881 δουλείας

2153 2910 2297 2975 τοὺς
2333 2909 2703 2979 ὁμοφύλους,
2754 2904 2999 2975 μνήμης
3031 2903 3098 2958 δὲ
3145 2905 3389 2959 αἰωνίου
3442 2904 3748 2969 τεύξεται.

2164 3000 2231 3053 '0
2288 2998 2365 3061 δὲ,
2401 2997 2667 3066 ἁδελφὸς
2706 2996 2895 3051 αὑτοῦ
2934 2993 3239 3065 ἱερὰσεται
3291 3013 3393 3066 μοι
3445 2995 3570 3050 σὺν
3616 2996 3753 3065 τοῖς

2154 3093 2431 3160 ἐκγόνοις
2455 3089 2805 3154 διαπαντός,
2862 3089 3052 3141 Τίκτει
3106 3087 3285 3141 τοίνυν
3338 3088 3489 3160 αὐτῷ
3537 3090 3573 3159 ἡ
3603 3089 3751 3160 γυνὴ

2159 3182 2373 3236 παιδίον
2405 3182 2596 3253 ἄρρεν,
2622 3179 2865 3234 λαθοῦσα
2898 3180 3026 3243 τοὺς
3055 3179 3326 3249 φύλακας,
3357 3185 3452 3233 καὶ
3480 3180 3753 3251 τρέφεται

471 3269 786 3338 impositum
830 3271 1138 3340 infantem,
1167 3275 1222 3329 in
1274 3275 1500 3330 fluvium
1545 3273 1844 3332 demittunt
1893 3275 2047 3330 :Mao

2159 3273 2310 3343 παρὰ
2351 3274 2456 3326 τῶν
2504 3272 2769 3326 τεκόντων
2818 3271 2879 3325 τὸ
2932 3270 3133 3343 βρέφος
3186 3273 3277 3347 ἐπι
3330 3271 3507 3342 μῆνας
3568 3273 3752 3342 τρεῖς.

471 3360 703 3417 riamme
739 3365 895 3433 pueri
917 3380 1108 3421 sorore
1140 3367 1472 3421 observante
1497 3408 1511 3428 ,
1544 3365 1675 3438 quid
1716 3366 1784 3422 de
1813 3382 1882 3423 eo
1908 3366 2055 3422 futu-

470 3465 591 3504 rum
619 3462 784 3508 esset.
837 3453 1049 3512 Interea
1098 3455 1459 3513 Thermuthis
1494 3455 1601 3511 filia
1657 3454 1961 3512 Pharaonis
1988 3457 2057 3513 ad

467 3543 644 3613 ripam
714 3544 986 3614 lusitans,
1059 3549 1316 3605 fiscellam
1397 3549 1595 3614 videt,
1669 3551 1785 3605 tolli
1855 3549 2051 3622 jubet,

467 3648 811 3707 puerumque
860 3637 1041 3693 visum
1086 3639 1158 3707 ob
1212 3640 1681 3710 pulchritudinem
1728 3652 1786 3698 et
1836 3646 2051 3714 magni-

471 3727 718 3781 tudinem
773 3728 974 3801 diligit.
1022 3729 1389 3786 Adducuutur
1434 3731 1702 3803 Egyptiae
1747 3734 2048 3799 mulieres,

469 3817 756 3875 laetatura:
802 3836 1033 3891 puerum
1083 3838 1099 3876 :
1144 3830 1199 3876 at
1242 3822 1332 3877 ille
1397 3838 1686 3879 mammam
1741 3823 2052 3896 [Egyptiam

466 3922 771 3967 aversatur.
825 3911 963 3968 Tum
999 3913 1353 3980 Mariammc,
1381 3916 1538 3985 quasi
1590 3916 1817 3972 fortuito
1872 3917 2053 3974 inter-

466 4003 709 4060 venisset
741 4020 756 4058 :
795 4004 1021 4077 Regina,
1046 4006 1247 4078 inquit,
1274 4010 1319 4063 si
1348 4006 1571 4063 Hebra'a
1605 4008 1796 4063 mulier
1826 4020 2058 4075 vocetur,

467 4092 706 4159 fortassis
766 4099 1008 4154 admittet
1082 4094 1372 4155 mammam
1433 4100 1633 4169 infans.
1698 4101 1794 4155 llla
1854 4103 2037 4157 vocari

463 4188 621 4259 jubet
654 4206 668 4243 :
702 4190 998 4246 adducitur
1022 4192 1178 4262 pueri
1217 4201 1413 4259 mater,
1444 4193 1534 4248 cui
1565 4193 1923 4250 Thcrmutbis
1948 4194 2054 4249 ali-

466 4284 709 4339 moniam
762 4286 883 4357 ejus
938 4286 1192 4342 mercede
1238 4288 1380 4342 locat
1408 4327 1422 4352 ,
1467 4288 1689 4344 nomine
1739 4304 1806 4345 ex
1851 4298 2059 4345 eventu

469 4374 666 4432 indito.
707 4374 842 4431 Nam
879 4391 1078 4448 aquam
1100 4395 1209 4433 mos
1235 4388 1436 4435 vocant
1459 4380 1699 4454 Egyptii
1718 4401 1732 4449 ;
1754 4384 1904 4455 Ityses
1925 4422 1939 4447 ,
1964 4399 2061 4441 eos

468 4469 566 4540 qui
593 4484 661 4524 cx
700 4484 841 4539 aqua
879 4469 1215 4540 eripiuntur.
1251 4474 1535 4531 Ambobus
1571 4476 1740 4546 igitur
1760 4476 1849 4532 his
1874 4480 2060 4535 verbis

467 4561 789 4632 compositis
813 4605 828 4630 ,
866 4563 934 4619 ad
973 4562 1198 4621 infantis
1234 4581 1435 4622 nomen
1469 4568 1560 4623 illa
1604 4584 1699 4624 usa
1736 4580 1842 4625 est.
1880 4570 2058 4628 Moses

470 4654 540 4708 ab
574 4630 890 4711 Abrahamo
926 4657 1199 4727 septimus
1232 4668 1575 4716 numeratur.
1606 4661 1742 4717 Nam
1781 4664 2054 4719 Amarami
2092 4630 2133 4683 θ

472 4748 618 4804 filius
661 4748 802 4813 luit,
841 4748 1084 4806 Caathus
1106 4751 1382 4807 Amarami
1416 4762 1593 4824 pater,
1616 4755 1708 4811 ille
1745 4755 1903 4812 Levis
1926 4757 2063 4821 ,Le-

472 4845 555 4899 vis
574 4844 786 4907 Jacobi,
804 4827 1043 4898 Iacobus
1064 4842 1230 4899 Isaaci
1254 4845 1418 4909 (ilius,
1444 4857 1602 4916 patre
1625 4848 1741 4903 nati
1765 4848 2063 4906 Abraamo.

475 4940 677 4994 Mosem
743 4944 855 4992 tres
908 4951 1085 4991 annos
1124 4944 1311 4991 natum
1355 4947 1412 4994 et
1450 4949 1681 4997 statum
1718 4944 2023 5013 proceritas
2050 4988 2067 5011 ,

474 5028 579 5101 33
610 5038 666 5085 et
693 5029 881 5084 formae
909 5027 1199 5099 elegantia,
1227 5028 1495 5086 beneficio
1536 5033 1774 5103 quodam
1816 5036 2064 5090 numinis

475 5121 847 5178 decorabant:
894 5120 1174 5193 ingenium
1206 5137 1371 5193 porro
1412 5139 1577 5194 supra
1610 5136 1832 5196 captum
1883 5132 2061 5187 aetatis

477 5215 533 5269 in
589 5230 657 5269 eo
705 5212 975 5270 elucebat.
1027 5213 1381 5272 Thermuthis
1422 5217 1609 5289 itaque
1657 5219 1793 5275 orba
1842 5221 2056 5290 liberis,

476 5321 603 5362 eum
629 5304 875 5377 adoptat,
896 5305 964 5361 ad
993 5314 1202 5377 patrem
1235 5308 1416 5364 atl‘ert.
1469 5309 1519 5365 ls
1546 5326 1774 5380 puerum
1810 5314 2057 5386 comple-

478 5399 667 5464 t-titur,
691 5406 749 5456 et
774 5397 1023 5454 diadema
1058 5415 1157 5472 per
1191 5399 1484 5457 blanditias
1526 5402 1577 5458 ei
1608 5402 1880 5473 imponit:
1911 5406 2056 5475 quod

480 5507 637 5563 puer,
664 5500 724 5547 ut
754 5491 863 5547 fert
892 5491 1039 5548 illius
1071 5492 1249 5549 aetatis
1278 5493 1624 5564 simplicitas,
1656 5496 1808 5551 humi
1843 5497 2054 5567 abjicit,

2159 3365 2470 3429 Δεδοικότες
2521 3364 2598 3430 δὲ,
2659 3363 2749 3417 ἐπὶ
2798 3361 2877 3434 τῷ
2911 3361 3030 3434 Θεῷ
3081 3364 3182 3431 τὴν
3238 3363 3407 3417 αὑτοῦ
3464 3364 3753 3433 σωτηρίαν

2161 3456 2510 3527 πεποίηνται,
2534 3456 2631 3508 καὶ
2654 3456 2875 3526 πλέγμα
2898 3471 2949 3506 τι
2981 3453 3456 3525 μηχανησάμενοι,
3479 3455 3757 3525 ἀσφάλτῳ

2160 3567 2220 3603 τε
2251 3549 2694 3621 περιχρίσαντες.
2736 3546 3009 3600 ἐντιθέασι
3054 3546 3114 3599 τὸ
3161 3546 3383 3617 βρέφος,
3421 3548 3516 3600 καὶ
3547 3548 3755 3615 ἀφιᾶσι

2163 3644 2303 3715 μετὰ
2334 3642 2429 3697 τοῦ
2466 3641 2711 3711 ποταμοῦ
2765 3641 2899 3709 (55).
2963 3640 3025 3695 Ἦ
3052 3640 3110 3692 δὲ
3158 3639 3253 3694 τοῦ
3289 3640 3502 3693 παιδίου
3537 3638 3756 3708 ἀδελφὴ

2160 3736 2496 3807 Μαριάμμης
2526 3734 2831 3804 παρετήρει
2856 3731 2915 3785 τδ
2945 3732 3335 3803 γενησόμενον.
3367 3732 3655 3796 Παίζουσα,
3690 3735 3753 3789 δὲ

2163 3828 2311 3898 παρὰ
2332 3828 2450 3890 ταῖς
2480 3825 2669 3895 ὄχθαις
2701 3823 2792 3878 τοῦ
2821 3822 3069 3894 ποταμοῦ
3090 3823 3465 3895 Θέρμουθι’,ή
3497 3823 3755 3897 θυγάτηρ

2160 3918 2381 3989 Φαραὼ,
2435 3921 2538 3991 ὁρᾷ
2589 3918 2649 3971 τὸ
2695 3917 2940 3987 πλέγμα,
2999 3916 3095 3970 καὶ
3151 3916 3410 3969 στείλασα
3454 3915 3759 3987 κομίζεται

2160 4011 2340 4067 τοῦτο.
2383 4010 2590 4064 ’ἰδοῦσα
2632 4010 2687 4063 δὲ
2746 4010 2806 4063 τὸ
2866 4009 3105 4072 παιδίον,
3158 4008 3448 4079 ἠγάπησεν
3482 4008 3619 4089 αὐτὸ
3655 4011 3759 4064 καὶ

2160 4105 2251 4159 διὰ
2297 4103 2513 4167 κάλλος,
2551 4102 2645 4156 καὶ
2678 4102 2765 4155 διὰ
2813 4101 3063 4171 μέγεθος,
3112 4100 3223 4152 Καὶ
3259 4102 3608 4171 παράγονται
3647 4118 3757 4170 γυ-

2162 4201 2347 4262 ναῖκες
2374 4196 2670 4262 Αἰγύπτιαι
2704 4188 3043 4263 ’θηλάσουσαι
3064 4194 3223 4248 αὑτό.
3255 4194 3328 4246 Τὸ
3357 4194 3414 4249 δὲ
3448 4194 3623 4267 θήλην
3651 4196 3761 4251 αὖ·

2160 4292 2271 4347 τῶν
2285 4293 2346 4346 οὐ
2375 4290 2649 4363 προσίετο.
2685 4288 2747 4340 Ἡ
2763 4288 2819 4339 δὲ
2848 4286 3163 4357 Μαριάμμη
3190 4285 3266 4348 ὡς
3292 4287 3434 4356 τάχα
3460 4303 3759 4358 παρατυγ-

2162 4386 2418 4455 χάνουσα,
2476 4382 2845 4441 Βασίλισσα,
2902 4378 3048 4435 εἷπε,
3112 4378 3167 4431 ει
3208 4378 3437 4446 Ἐὄραῒς
3492 4382 3755 4450 κληθείη

2161 4479 2340 4551 γυνὴ,
2371 4479 2517 4543 ἴσως
2539 4474 2919 4545 προσήσεται
2951 4471 3152 4539 θήλην
3188 4472 3254 4526 τὸ
3282 4473 3518 4542 ,βρέφος
3546 4478 3761 4545 dyon.

2160 4572 2329 4636 νοῦς.
2393 4570 2459 4626 Ἡ
2492 4569 2569 4630 δὲ,
2612 4566 2911 4629 Κάλεσον.
2958 4564 3086 4633 ἔφη·
3151 4563 3245 4618 καὶ
3296 4566 3597 4635 παρήγαγε
3647 4569 3758 4641 τὴν

2171 4663 2406 4737 μητέρα.
2441 4661 2551 4714 Καὶ
2582 4662 2613 4729 ἡ
2650 4655 2957 4728 Θέρμουθις
2992 4655 3089 4724 τὴν
3133 4653 3230 4707 τοῦ
3276 4644 3482 4720 ’παιδὸς
3537 4658 3756 4730 τροφὴν

2172 4756 2443 4830 ἔμμισθον
2475 4752 2614 4822 αὐτῇ
2640 4748 2951 4816 ἀνατίθησι,
2983 4747 3079 4800 καὶ
3112 4748 3176 4799 ὲκ
3204 4745 3300 4801 τοῦ
3333 4747 3757 4819 συμϐεϐηκότος

2168 4847 2425 4919 ὀνομάζει
2479 4841 2631 4897 αὐτό.
2668 4838 2742 4893 Th
2776 4838 2886 4908 γὰρ
2933 4838 3078 4910 ὕδωρ
3106 4838 3236 4909 μῶς
3286 4839 3549 4895 καλοῦσιν
3580 4844 3760 4911 Αίγύ-

2170 4959 2339 5004 πτιοι,
2368 4936 2531 5005 ὐσ-ἦς
2558 4936 2615 4989 δὲ
2644 4935 2770 4996 τοὺς
2810 4933 2870 4998 ἐξ
2900 4930 3093 4995 ὓδατος
3130 4935 3498 5006 σωζομένους.
3539 4938 3754 5009 ’Ἄμφω

2168 5031 2300 5102 γοῦν
2355 5027 2608 5081 συνθεῖσα
2658 5023 2727 5076 τὰ
2759 5023 2981 5093 ῥήματα
3026 5024 3107 5085 είς
3160 5024 3355 5093 κλῆσιν
3414 5027 3602 5090 αὐτοῖς
3657 5028 3755 5082 τοῦ

2170 5125 2405 5195 βρέφους
2456 5118 2748 5189 ἐχρήσατο.
2811 5109 2919 5167 Ἦν
2982 5113 3029 5167 δ’
3087 5113 3149 5180 ἐξ
3217 5116 3471 5189 Ἀϐραὰμ
3518 5120 3757 5189 ἕβδομος

2165 5218 2432 5285 Μωῦσῆς.
2477 5211 2739 5281 Ἀμαρὰμ
2773 5207 2871 5278 μὲν
2893 5208 3003 5278 γὰρ
3028 5208 3190 5272 αὐτὸς
3212 5204 3281 5280 ἦν
3308 5212 3460 5275 παῖς,
3501 5212 3665 5267 Καὰθ
3693 5213 3752 5266 δὲ

2164 5311 2244 5379 τῷ
2274 5304 2534 5378 Ἀμαρὰμ
2557 5303 2586 5354 ὁ
2606 5301 2809 5371 πατήρ.
2829 5299 2889 5350 '0
2920 5299 2976 5351 δὲ
3003 5296 3095 5351 τοῦ
3126 5298 3278 5366 Λευτ,
3304 5302 3401 5354 καὶ
3427 5301 3519 5355 τοῦ
3554 5301 3756 5358 Ἰακὼϐ

2167 5404 2195 5455 ὀ
2240 5399 2394 5454 Λευῖ.
2455 5392 2651 5450 Ἰακὼϐ
2709 5392 2767 5446 δὲ
2812 5389 3008 5459 ἐτέχθη
3064 5389 3142 5461 τῷ
3190 5391 3398 5457 Ἰσαὰκ,
3458 5394 3652 5449 Ἰσαὰκ
3705 5395 3753 5448 δ’

2165 5495 2329 5564 ἐξέφυ
2386 5488 2484 5544 τοῦ
2554 5485 2829 5558 Ἁϐραάμ.
2887 5485 3106 5554 Τριετεῖ
3178 5486 3237 5539 δὲ
3308 5486 3388 5557 τῷ
3439 5489 3597 5542 παιδὶ
3654 5506 3755 5558 γε-

1651 5606 1855 5668 Varite
1890 5607 2201 5670 lectiones
2233 5613 2297 5668 et
2336 5612 2525 5667 nolis.

553 5734 663 5818 (ϐξ)
704 5733 865 5793 Μετὰ
892 5731 998 5789 τοῦ
1032 5733 1325 5802 ποταμοῦ.
1374 5734 1517 5807 Lege
1567 5737 1729 5790 κατά.
1780 5735 1950 5790 Error
1978 5736 2049 5791 li-

482 5806 1052 5946 l’r?g;').300‘i.lwa’a.
1107 5883 1185 5936 lta
1236 5878 1607 5941 Tlrermutim,
1659 5878 1804 5949 regis
1859 5876 2052 5949 tiliam,

482 5950 717 6021 reginam
767 5960 927 6008 vocat
958 5951 1249 6022 Josepbus,
1282 5950 1379 6009 lib.
1408 5967 1468 6019 tt,
1512 5964 1633 6019 cap.
1676 5947 1741 6012 5,“
1770 5948 1914 6004 unde
1953 5963 2053 6002 sua

2158 5734 2345 5792 hausit
2369 5734 2634 5789 Zonaras.
2677 5730 2881 5787 Scribit
2911 5726 3111 5782 Suidas
3141 5743 3208 5782 ex
3243 5724 3569 5790 Aristotele,
3597 5725 3749 5795 apud

2162 5809 2392 5879 Cyprios
2446 5802 2873 5879 regum___tl_lios__
2908 5799 3208 5879 ἄνακτας..
3237 5807 3296 5851 ut
3340 5796 3504 5879 .lilias
3539 5801 3749 5879 ,ἀνασ-

2166 5865 2266 5940 ea;
2300 5865 2622 5949 appellatas.
2658 5873 2791 5928 Vide
2811 5871 2986 5926 Gloss.
3015 5868 3162 5923 med.
3188 5866 3313 5921 Lat.
3340 5867 3395 5920 in
3419 5865 3649 5937 Regina.
