  <div class='ocr_page' id='page_1' title='image "/cluster/home/n/w/nwhite01/storage/ocr_20150623/134/hvd.32044019208289/050.png"; bbox 0 0 3984 6576; ppageno 0'>
   <div class='ocr_carea' id='block_1_1' title="bbox 195 387 1787 455">
    <p class='ocr_par' dir='ltr' id='par_1_1' title="bbox 195 387 1787 455">
     <span class='ocr_line' id='line_1_1' title="bbox 195 387 1787 455; baseline -0.004 0"><span class='ocrx_word' id='word_1_1' title='bbox 195 394 258 455; x_wconf 69' lang='lat'><strong>$5</strong></span> <span class='ocrx_word' id='word_1_2' title='bbox 707 397 712 402; x_wconf 85' lang='grc'><em>’</em></span> <span class='ocrx_word' id='word_1_3' title='bbox 1455 387 1787 449; x_wconf 63' lang='grc' dir='ltr'><strong>ΑΝΝΛΙΛῈ</strong></span> 
     </span>
    </p>
   </div>
   <div class='ocr_carea' id='block_1_2' title="bbox 1887 387 3458 455">
    <p class='ocr_par' dir='ltr' id='par_1_2' title="bbox 1913 390 3458 452">
     <span class='ocr_line' id='line_1_2' title="bbox 1913 390 3458 452; baseline 0.003 -4"><span class='ocrx_word' id='word_1_4' title='bbox 1913 390 2060 449; x_wconf 87' lang='lat' dir='ltr'><strong>LIB.</strong></span> <span class='ocrx_word' id='word_1_5' title='bbox 2105 390 2154 450; x_wconf 83' lang='lat' dir='ltr'><strong>I.</strong></span> <span class='ocrx_word' id='word_1_6' title='bbox 3389 391 3458 452; x_wconf 85' lang='grc'><strong>86</strong></span> 
     </span>
    </p>
   </div>
   <div class='ocr_carea' id='block_1_3' title="bbox 197 507 1787 587">
    <p class='ocr_par' dir='ltr' id='par_1_3' title="bbox 197 507 1766 582">
     <span class='ocr_line' id='line_1_3' title="bbox 197 507 1766 582; baseline 0.001 -19"><span class='ocrx_word' id='word_1_7' title='bbox 197 510 380 578; x_wconf 62' lang='grc' dir='ltr'>τονότι,</span> <span class='ocrx_word' id='word_1_8' title='bbox 447 509 543 562; x_wconf 71' lang='grc' dir='ltr'>καὶ</span> <span class='ocrx_word' id='word_1_9' title='bbox 601 509 666 563; x_wconf 84' lang='grc' dir='ltr'><strong>τδ</strong></span> <span class='ocrx_word' id='word_1_10' title='bbox 728 509 834 579; x_wconf 81' lang='grc' dir='ltr'>τῆς</span> <span class='ocrx_word' id='word_1_11' title='bbox 888 507 1110 582; x_wconf 78' lang='grc' dir='ltr'>ἡλικίας</span> <span class='ocrx_word' id='word_1_12' title='bbox 1169 507 1488 580; x_wconf 80' lang='grc' dir='ltr'><strong>ἀνάστημα,</strong></span> <span class='ocrx_word' id='word_1_13' title='bbox 1556 510 1653 565; x_wconf 77' lang='grc' dir='ltr'>καὶ</span> <span class='ocrx_word' id='word_1_14' title='bbox 1705 511 1766 565; x_wconf 83' lang='grc' dir='ltr'><strong>τὸ</strong></span> 
     </span>
    </p>
   </div>
   <div class='ocr_carea' id='block_1_4' title="bbox 1887 507 3460 587">
    <p class='ocr_par' dir='ltr' id='par_1_4' title="bbox 1887 511 3460 587">
     <span class='ocr_line' id='line_1_4' title="bbox 1887 511 3460 587; baseline 0.003 -21"><span class='ocrx_word' id='word_1_15' title='bbox 1887 511 2104 567; x_wconf 75' lang='grc' dir='ltr'>)οι1ἰ1)υε</span> <span class='ocrx_word' id='word_1_16' title='bbox 2146 511 2428 569; x_wconf 85' lang='lat' dir='ltr'><strong>insistens.</strong></span> <span class='ocrx_word' id='word_1_17' title='bbox 2449 511 2580 579; x_wconf 72' lang='lat' dir='ltr'><strong>Quo</strong></span> <span class='ocrx_word' id='word_1_18' title='bbox 2632 511 2688 568; x_wconf 47' lang='lat' dir='ltr'><strong>is.</strong></span> <span class='ocrx_word' id='word_1_19' title='bbox 2728 511 3008 578; x_wconf 70' lang='lat' dir='ltr'><strong>sacerdos,</strong></span> <span class='ocrx_word' id='word_1_20' title='bbox 3053 513 3146 583; x_wconf 85' lang='lat' dir='ltr'><strong>qui</strong></span> <span class='ocrx_word' id='word_1_21' title='bbox 3189 529 3256 570; x_wconf 81' lang='lat' dir='ltr'><strong>ex</strong></span> <span class='ocrx_word' id='word_1_22' title='bbox 3297 527 3460 587; x_wconf 87' lang='lat' dir='ltr'><strong>gente</strong></span> 
     </span>
    </p>
   </div>
   <div class='ocr_carea' id='block_1_5' title="bbox 197 601 1770 676">
    <p class='ocr_par' dir='ltr' id='par_1_5' title="bbox 197 601 1770 676">
     <span class='ocr_line' id='line_1_5' title="bbox 197 601 1770 676; baseline -0.001 -19"><span class='ocrx_word' id='word_1_23' title='bbox 197 607 282 674; x_wconf 70' lang='grc' dir='ltr'>τῆς</span> <span class='ocrx_word' id='word_1_24' title='bbox 329 603 546 672; x_wconf 66' lang='grc' dir='ltr'>μορφῆς</span> <span class='ocrx_word' id='word_1_25' title='bbox 591 603 814 656; x_wconf 77' lang='grc' dir='ltr'>ἀστεῖον</span> <span class='ocrx_word' id='word_1_26' title='bbox 859 604 925 657; x_wconf 86' lang='grc' dir='ltr'><strong>ἐκ</strong></span> <span class='ocrx_word' id='word_1_27' title='bbox 977 601 1258 675; x_wconf 79' lang='grc' dir='ltr'><strong>θειοτέρας</strong></span> <span class='ocrx_word' id='word_1_28' title='bbox 1302 603 1580 675; x_wconf 73' lang='grc' dir='ltr'><strong>ἐπέτρεπε</strong></span> <span class='ocrx_word' id='word_1_29' title='bbox 1611 603 1770 676; x_wconf 82' lang='grc' dir='ltr'>χάρι-</span> 
     </span>
    </p>
   </div>
   <div class='ocr_carea' id='block_1_6' title="bbox 196 696 1769 769">
    <p class='ocr_par' dir='ltr' id='par_1_6' title="bbox 196 696 1769 769">
     <span class='ocr_line' id='line_1_6' title="bbox 196 696 1769 769; baseline 0.003 -19"><span class='ocrx_word' id='word_1_30' title='bbox 196 717 296 760; x_wconf 72' lang='grc' dir='ltr'>τος.</span> <span class='ocrx_word' id='word_1_31' title='bbox 327 699 390 750; x_wconf 80' lang='lat' dir='ltr'><strong>&#39;ll</strong></span> <span class='ocrx_word' id='word_1_32' title='bbox 407 697 462 750; x_wconf 82' lang='grc' dir='ltr'><strong>δὲ</strong></span> <span class='ocrx_word' id='word_1_33' title='bbox 488 698 709 762; x_wconf 75' lang='grc' dir='ltr'><strong>σύνεσις</strong></span> <span class='ocrx_word' id='word_1_34' title='bbox 732 697 872 752; x_wconf 78' lang='grc' dir='ltr'>πολὺ</span> <span class='ocrx_word' id='word_1_35' title='bbox 895 696 1167 769; x_wconf 79' lang='grc' dir='ltr'><strong>κρείττων</strong></span> <span class='ocrx_word' id='word_1_36' title='bbox 1190 698 1292 768; x_wconf 78' lang='grc' dir='ltr'>τῆς</span> <span class='ocrx_word' id='word_1_37' title='bbox 1309 696 1528 768; x_wconf 76' lang='grc' dir='ltr'>ἡλικίας</span> <span class='ocrx_word' id='word_1_38' title='bbox 1551 697 1769 768; x_wconf 74' lang='grc' dir='ltr'>ἐφύετο.</span> 
     </span>
    </p>
   </div>
   <div class='ocr_carea' id='block_1_7' title="bbox 207 783 1770 858">
    <p class='ocr_par' dir='ltr' id='par_1_7' title="bbox 207 783 1770 858">
     <span class='ocr_line' id='line_1_7' title="bbox 207 783 1770 858; baseline -0.003 -17"><span class='ocrx_word' id='word_1_39' title='bbox 207 790 263 841; x_wconf 82' lang='grc' dir='ltr'><strong>Ἡ</strong></span> <span class='ocrx_word' id='word_1_40' title='bbox 289 787 594 858; x_wconf 74' lang='grc' dir='ltr'><strong>Θέρμουθις</strong></span> <span class='ocrx_word' id='word_1_41' title='bbox 620 786 716 842; x_wconf 79' lang='grc' dir='ltr'><strong>οὖν</strong></span> <span class='ocrx_word' id='word_1_42' title='bbox 753 785 986 856; x_wconf 81' lang='grc' dir='ltr'><strong>γνησίας</strong></span> <span class='ocrx_word' id='word_1_43' title='bbox 1021 783 1332 857; x_wconf 79' lang='grc' dir='ltr'><strong>ἀμοιροῦσα</strong></span> <span class='ocrx_word' id='word_1_44' title='bbox 1368 785 1555 855; x_wconf 84' lang='grc' dir='ltr'>γονῆς,</span> <span class='ocrx_word' id='word_1_45' title='bbox 1590 785 1770 838; x_wconf 82' lang='grc' dir='ltr'>υίοτε-</span> 
     </span>
    </p>
   </div>
   <div class='ocr_carea' id='block_1_8' title="bbox 199 875 1773 948">
    <p class='ocr_par' dir='ltr' id='par_1_8' title="bbox 199 875 1773 948">
     <span class='ocr_line' id='line_1_8' title="bbox 199 875 1773 948; baseline -0.001 -17"><span class='ocrx_word' id='word_1_46' title='bbox 199 881 357 931; x_wconf 69' lang='lat' dir='ltr'><strong>esi-:1:</strong></span> <span class='ocrx_word' id='word_1_47' title='bbox 391 878 580 944; x_wconf 77' lang='grc' dir='ltr'>αὐτὸν,</span> <span class='ocrx_word' id='word_1_48' title='bbox 615 879 711 931; x_wconf 80' lang='grc' dir='ltr'>καὶ</span> <span class='ocrx_word' id='word_1_49' title='bbox 755 876 978 948; x_wconf 78' lang='grc' dir='ltr'><strong>κομίζει</strong></span> <span class='ocrx_word' id='word_1_50' title='bbox 1022 876 1160 948; x_wconf 79' lang='grc' dir='ltr'>πρὸς</span> <span class='ocrx_word' id='word_1_51' title='bbox 1208 876 1302 929; x_wconf 73' lang='grc' dir='ltr'>τὸν</span> <span class='ocrx_word' id='word_1_52' title='bbox 1344 875 1584 948; x_wconf 87' lang='grc' dir='ltr'>πατέρα.</span> <span class='ocrx_word' id='word_1_53' title='bbox 1629 876 1687 930; x_wconf 85' lang='lat'><strong>&#39;0</strong></span> <span class='ocrx_word' id='word_1_54' title='bbox 1716 876 1773 930; x_wconf 80' lang='grc' dir='ltr'><strong>δέ</strong></span> 
     </span>
    </p>
   </div>
   <div class='ocr_carea' id='block_1_9' title="bbox 197 969 1773 1042">
    <p class='ocr_par' dir='ltr' id='par_1_9' title="bbox 197 969 1773 1042">
     <span class='ocr_line' id='line_1_9' title="bbox 197 969 1773 1042; baseline 0.001 -20"><span class='ocrx_word' id='word_1_55' title='bbox 197 975 276 1023; x_wconf 64' lang='grc' dir='ltr'><strong>τόν</strong></span> <span class='ocrx_word' id='word_1_56' title='bbox 309 973 470 1024; x_wconf 77' lang='grc' dir='ltr'>παῖδα</span> <span class='ocrx_word' id='word_1_57' title='bbox 508 970 1075 1042; x_wconf 75' lang='grc' dir='ltr'>προστερνισάμενος,</span> <span class='ocrx_word' id='word_1_58' title='bbox 1116 970 1429 1037; x_wconf 78' lang='grc' dir='ltr'>ἐπιτίθησιν</span> <span class='ocrx_word' id='word_1_59' title='bbox 1454 969 1605 1040; x_wconf 84' lang='grc' dir='ltr'><strong>αὐτῷ</strong></span> <span class='ocrx_word' id='word_1_60' title='bbox 1630 969 1773 1024; x_wconf 83' lang='grc' dir='ltr'><strong>κατὰ</strong></span> 
     </span>
    </p>
   </div>
   <div class='ocr_carea' id='block_1_10' title="bbox 201 1065 1773 1139">
    <p class='ocr_par' dir='ltr' id='par_1_10' title="bbox 201 1065 1773 1139">
     <span class='ocr_line' id='line_1_10' title="bbox 201 1065 1773 1139; baseline -0.01 -16"><span class='ocrx_word' id='word_1_61' title='bbox 201 1069 579 1139; x_wconf 64' lang='grc' dir='ltr'>φιλοφρόνησιν</span> <span class='ocrx_word' id='word_1_62' title='bbox 609 1069 670 1123; x_wconf 82' lang='grc' dir='ltr'>τὺ</span> <span class='ocrx_word' id='word_1_63' title='bbox 693 1068 956 1138; x_wconf 85' lang='grc' dir='ltr'>διάδημα.</span> <span class='ocrx_word' id='word_1_64' title='bbox 984 1067 1091 1122; x_wconf 74' lang='grc' dir='ltr'><strong>Καὶ</strong></span> <span class='ocrx_word' id='word_1_65' title='bbox 1115 1069 1142 1120; x_wconf 92' lang='lat'><strong>6</strong></span> <span class='ocrx_word' id='word_1_66' title='bbox 1167 1069 1296 1130; x_wconf 85' lang='grc' dir='ltr'>παῖς</span> <span class='ocrx_word' id='word_1_67' title='bbox 1321 1065 1475 1131; x_wconf 83' lang='grc' dir='ltr'>αὐτὸ,</span> <span class='ocrx_word' id='word_1_68' title='bbox 1509 1065 1652 1121; x_wconf 78' lang='grc' dir='ltr'>κατὰ</span> <span class='ocrx_word' id='word_1_69' title='bbox 1675 1083 1773 1135; x_wconf 85' lang='grc' dir='ltr'>νη-</span> 
     </span>
    </p>
   </div>
   <div class='ocr_carea' id='block_1_11' title="bbox 199 1159 1774 1233">
    <p class='ocr_par' dir='ltr' id='par_1_11' title="bbox 199 1159 1774 1233">
     <span class='ocr_line' id='line_1_11' title="bbox 199 1159 1774 1233; baseline -0.001 -19"><span class='ocrx_word' id='word_1_70' title='bbox 199 1164 418 1233; x_wconf 77' lang='grc' dir='ltr'>πιότητα</span> <span class='ocrx_word' id='word_1_71' title='bbox 445 1161 634 1232; x_wconf 80' lang='grc' dir='ltr'><strong>δῆθεν,</strong></span> <span class='ocrx_word' id='word_1_72' title='bbox 675 1163 864 1233; x_wconf 79' lang='grc' dir='ltr'>ῥιπτεῖ</span> <span class='ocrx_word' id='word_1_73' title='bbox 890 1160 1034 1215; x_wconf 72' lang='grc' dir='ltr'>κατὰ</span> <span class='ocrx_word' id='word_1_74' title='bbox 1067 1161 1196 1232; x_wconf 78' lang='grc' dir='ltr'>γῆς,</span> <span class='ocrx_word' id='word_1_75' title='bbox 1233 1160 1329 1215; x_wconf 73' lang='grc' dir='ltr'>καὶ</span> <span class='ocrx_word' id='word_1_76' title='bbox 1365 1159 1629 1214; x_wconf 83' lang='grc' dir='ltr'>ἐπέϐαινε</span> <span class='ocrx_word' id='word_1_77' title='bbox 1659 1161 1774 1224; x_wconf 86' lang='grc' dir='ltr'>τοῖς</span> 
     </span>
    </p>
   </div>
   <div class='ocr_carea' id='block_1_12' title="bbox 153 1254 1776 1328">
    <p class='ocr_par' dir='ltr' id='par_1_12' title="bbox 153 1254 1776 1328">
     <span class='ocr_line' id='line_1_12' title="bbox 153 1254 1776 1328; baseline -0.001 -19"><span class='ocrx_word' id='word_1_78' title='bbox 153 1318 164 1328; x_wconf 42' lang='grc'><strong>.</strong></span> <span class='ocrx_word' id='word_1_79' title='bbox 200 1258 362 1312; x_wconf 75' lang='grc' dir='ltr'>ποσίν.</span> <span class='ocrx_word' id='word_1_80' title='bbox 390 1258 572 1328; x_wconf 87' lang='grc' dir='ltr'>Ὅπερ</span> <span class='ocrx_word' id='word_1_81' title='bbox 605 1259 634 1311; x_wconf 95' lang='lat'><strong>6</strong></span> <span class='ocrx_word' id='word_1_82' title='bbox 682 1257 1188 1328; x_wconf 78' lang='grc' dir='ltr'>Ἰερογραμματεὺς</span> <span class='ocrx_word' id='word_1_83' title='bbox 1223 1254 1588 1326; x_wconf 84' lang='grc' dir='ltr'>θεασάμενος,</span> <span class='ocrx_word' id='word_1_84' title='bbox 1622 1255 1680 1320; x_wconf 83' lang='grc' dir='ltr'>ὃς</span> <span class='ocrx_word' id='word_1_85' title='bbox 1711 1256 1776 1308; x_wconf 86' lang='grc' dir='ltr'><strong>ἐκ</strong></span> 
     </span>
    </p>
   </div>
   <div class='ocr_carea' id='block_1_13' title="bbox 198 1348 1774 1421">
    <p class='ocr_par' dir='ltr' id='par_1_13' title="bbox 198 1348 1774 1421">
     <span class='ocr_line' id='line_1_13' title="bbox 198 1348 1774 1421; baseline -0.003 -17"><span class='ocrx_word' id='word_1_86' title='bbox 198 1351 294 1404; x_wconf 82' lang='grc' dir='ltr'><strong>τῶν</strong></span> <span class='ocrx_word' id='word_1_87' title='bbox 334 1349 607 1420; x_wconf 82' lang='grc' dir='ltr'>Ἐϐραίων</span> <span class='ocrx_word' id='word_1_88' title='bbox 655 1349 914 1418; x_wconf 81' lang='grc' dir='ltr'>γενέσθαι</span> <span class='ocrx_word' id='word_1_89' title='bbox 966 1349 1114 1414; x_wconf 74' lang='grc' dir='ltr'>τινὰ,</span> <span class='ocrx_word' id='word_1_90' title='bbox 1158 1349 1252 1402; x_wconf 70' lang='grc' dir='ltr'>τὸν</span> <span class='ocrx_word' id='word_1_91' title='bbox 1311 1348 1409 1421; x_wconf 83' lang='grc' dir='ltr'><strong>τήν</strong></span> <span class='ocrx_word' id='word_1_92' title='bbox 1459 1348 1774 1417; x_wconf 80' lang='grc' dir='ltr'><strong>Αἰγυπτίων</strong></span> 
     </span>
    </p>
   </div>
   <div class='ocr_carea' id='block_1_14' title="bbox 201 1439 1772 1514">
    <p class='ocr_par' dir='ltr' id='par_1_14' title="bbox 201 1439 1772 1514">
     <span class='ocr_line' id='line_1_14' title="bbox 201 1439 1772 1514; baseline -0.001 -18"><span class='ocrx_word' id='word_1_93' title='bbox 201 1443 360 1513; x_wconf 74' lang='grc' dir='ltr'>ἀρχὴν</span> <span class='ocrx_word' id='word_1_94' title='bbox 393 1442 816 1498; x_wconf 81' lang='grc' dir='ltr'>ταπεινὼσοντα</span> <span class='ocrx_word' id='word_1_95' title='bbox 835 1444 1122 1514; x_wconf 81' lang='grc' dir='ltr'>προεῖπεν,</span> <span class='ocrx_word' id='word_1_96' title='bbox 1151 1443 1488 1513; x_wconf 84' lang='grc' dir='ltr'>ἀνακραγών</span> <span class='ocrx_word' id='word_1_97' title='bbox 1513 1459 1528 1474; x_wconf 76' lang='grc' dir='ltr'><strong><em>ο</em></strong></span> <span class='ocrx_word' id='word_1_98' title='bbox 1560 1439 1772 1508; x_wconf 83' lang='grc' dir='ltr'>Οὗτος,</span> 
     </span>
    </p>
   </div>
   <div class='ocr_carea' id='block_1_15' title="bbox 199 1534 1776 1607">
    <p class='ocr_par' dir='ltr' id='par_1_15' title="bbox 199 1534 1776 1607">
     <span class='ocr_line' id='line_1_15' title="bbox 199 1534 1776 1607; baseline 0 -18"><span class='ocrx_word' id='word_1_99' title='bbox 199 1534 359 1596; x_wconf 81' lang='grc' dir='ltr'>εἶπεν,</span> <span class='ocrx_word' id='word_1_100' title='bbox 392 1535 632 1600; x_wconf 74' lang='grc' dir='ltr'>ἐκεῖνος</span> <span class='ocrx_word' id='word_1_101' title='bbox 652 1538 684 1588; x_wconf 84' lang='grc' dir='ltr'><em>ὀ</em></span> <span class='ocrx_word' id='word_1_102' title='bbox 725 1535 888 1601; x_wconf 82' lang='grc' dir='ltr'>παῖς,</span> <span class='ocrx_word' id='word_1_103' title='bbox 907 1535 980 1590; x_wconf 75' lang='grc' dir='ltr'><strong>ὃν</strong></span> <span class='ocrx_word' id='word_1_104' title='bbox 1001 1535 1243 1591; x_wconf 78' lang='grc' dir='ltr'><strong>ἀνελὼν</strong></span> <span class='ocrx_word' id='word_1_105' title='bbox 1269 1535 1394 1604; x_wconf 85' lang='grc' dir='ltr'>τοῖς</span> <span class='ocrx_word' id='word_1_106' title='bbox 1425 1538 1776 1607; x_wconf 65' lang='grc' dir='ltr'>Αἰγυπτίοις</span> 
     </span>
    </p>
   </div>
   <div class='ocr_carea' id='block_1_16' title="bbox 201 1627 1775 1699">
    <p class='ocr_par' dir='ltr' id='par_1_16' title="bbox 201 1627 1775 1699">
     <span class='ocr_line' id='line_1_16' title="bbox 201 1627 1775 1699; baseline -0.001 -17"><span class='ocrx_word' id='word_1_107' title='bbox 201 1630 252 1682; x_wconf 75' lang='grc' dir='ltr'><strong>τό</strong></span> <span class='ocrx_word' id='word_1_108' title='bbox 273 1628 412 1694; x_wconf 77' lang='grc' dir='ltr'>δέος</span> <span class='ocrx_word' id='word_1_109' title='bbox 431 1629 699 1696; x_wconf 75' lang='grc' dir='ltr'>περίελε.</span> <span class='ocrx_word' id='word_1_110' title='bbox 741 1627 920 1698; x_wconf 76' lang='grc' dir='ltr'>Ἐφθη</span> <span class='ocrx_word' id='word_1_111' title='bbox 951 1628 998 1681; x_wconf 85' lang='grc' dir='ltr'>δ’</span> <span class='ocrx_word' id='word_1_112' title='bbox 1023 1627 1185 1682; x_wconf 80' lang='grc' dir='ltr'>αὐτὸν</span> <span class='ocrx_word' id='word_1_113' title='bbox 1217 1630 1250 1699; x_wconf 79' lang='grc' dir='ltr'>ἡ</span> <span class='ocrx_word' id='word_1_114' title='bbox 1277 1628 1586 1699; x_wconf 79' lang='grc' dir='ltr'>Θέρμουθις</span> <span class='ocrx_word' id='word_1_115' title='bbox 1611 1629 1775 1698; x_wconf 80' lang='grc' dir='ltr'>ἐξαρο</span> 
     </span>
    </p>
   </div>
   <div class='ocr_carea' id='block_1_17' title="bbox 200 1719 1776 1792">
    <p class='ocr_par' dir='ltr' id='par_1_17' title="bbox 200 1719 1776 1792">
     <span class='ocr_line' id='line_1_17' title="bbox 200 1719 1776 1792; baseline 0.002 -19"><span class='ocrx_word' id='word_1_116' title='bbox 200 1723 434 1788; x_wconf 72' lang='grc' dir='ltr'>πάσασα,</span> <span class='ocrx_word' id='word_1_117' title='bbox 464 1721 565 1775; x_wconf 71' lang='grc' dir='ltr'><strong>καὶ</strong></span> <span class='ocrx_word' id='word_1_118' title='bbox 596 1720 691 1775; x_wconf 71' lang='grc' dir='ltr'><strong>τὸν</strong></span> <span class='ocrx_word' id='word_1_119' title='bbox 741 1719 944 1789; x_wconf 78' lang='grc' dir='ltr'>Φαραὼ</span> <span class='ocrx_word' id='word_1_120' title='bbox 972 1721 1030 1775; x_wconf 85' lang='grc' dir='ltr'>δὲ</span> <span class='ocrx_word' id='word_1_121' title='bbox 1079 1720 1288 1792; x_wconf 75' lang='grc' dir='ltr'>νωθρὸν</span> <span class='ocrx_word' id='word_1_122' title='bbox 1329 1720 1467 1791; x_wconf 84' lang='grc' dir='ltr'>πρὸς</span> <span class='ocrx_word' id='word_1_123' title='bbox 1496 1722 1590 1774; x_wconf 83' lang='grc' dir='ltr'><strong>τὸν</strong></span> <span class='ocrx_word' id='word_1_124' title='bbox 1614 1723 1776 1790; x_wconf 79' lang='grc' dir='ltr'>φόνον</span> 
     </span>
    </p>
   </div>
   <div class='ocr_carea' id='block_1_18' title="bbox 197 1813 1774 1886">
    <p class='ocr_par' dir='ltr' id='par_1_18' title="bbox 197 1813 1774 1886">
     <span class='ocr_line' id='line_1_18' title="bbox 197 1813 1774 1886; baseline 0.002 -19"><span class='ocrx_word' id='word_1_125' title='bbox 197 1814 436 1886; x_wconf 75' lang='grc' dir='ltr'>διέθηκεν</span> <span class='ocrx_word' id='word_1_126' title='bbox 462 1817 491 1869; x_wconf 87' lang='lat'><strong>6</strong></span> <span class='ocrx_word' id='word_1_127' title='bbox 520 1815 672 1878; x_wconf 85' lang='grc' dir='ltr'>Θεός.</span> <span class='ocrx_word' id='word_1_128' title='bbox 709 1813 1008 1885; x_wconf 81' lang='grc' dir='ltr'>Παρελθὼν</span> <span class='ocrx_word' id='word_1_129' title='bbox 1038 1814 1096 1868; x_wconf 86' lang='grc' dir='ltr'><strong>δέ</strong></span> <span class='ocrx_word' id='word_1_130' title='bbox 1121 1814 1204 1878; x_wconf 87' lang='grc' dir='ltr'><strong>είς</strong></span> <span class='ocrx_word' id='word_1_131' title='bbox 1227 1814 1451 1886; x_wconf 76' lang='grc' dir='ltr'>ἠλικίαν</span> <span class='ocrx_word' id='word_1_132' title='bbox 1479 1818 1506 1868; x_wconf 93' lang='lat'><strong>6</strong></span> <span class='ocrx_word' id='word_1_133' title='bbox 1531 1817 1662 1870; x_wconf 88' lang='grc' dir='ltr'>Μωῦ</span> <span class='ocrx_word' id='word_1_134' title='bbox 1675 1815 1774 1884; x_wconf 82' lang='grc' dir='ltr'>σῆς</span> 
     </span>
    </p>
   </div>
   <div class='ocr_carea' id='block_1_19' title="bbox 198 1891 1853 1980">
    <p class='ocr_par' dir='ltr' id='par_1_19' title="bbox 198 1891 1853 1980">
     <span class='ocr_line' id='line_1_19' title="bbox 198 1891 1853 1980; baseline 0.001 -21"><span class='ocrx_word' id='word_1_135' title='bbox 198 1911 253 1959; x_wconf 78' lang='grc' dir='ltr'><strong>ἐκ</strong></span> <span class='ocrx_word' id='word_1_136' title='bbox 284 1907 547 1980; x_wconf 74' lang='grc' dir='ltr'>τοιαύτης</span> <span class='ocrx_word' id='word_1_137' title='bbox 574 1907 748 1975; x_wconf 83' lang='grc' dir='ltr'>λαϐῆς</span> <span class='ocrx_word' id='word_1_138' title='bbox 775 1903 889 1970; x_wconf 73' lang='grc' dir='ltr'>οἷος</span> <span class='ocrx_word' id='word_1_139' title='bbox 919 1907 1022 1978; x_wconf 81' lang='grc' dir='ltr'><strong>τήν</strong></span> <span class='ocrx_word' id='word_1_140' title='bbox 1050 1907 1254 1978; x_wconf 80' lang='grc' dir='ltr'>ἀρετὴν</span> <span class='ocrx_word' id='word_1_141' title='bbox 1274 1902 1365 1978; x_wconf 84' lang='grc' dir='ltr'>ἦν,</span> <span class='ocrx_word' id='word_1_142' title='bbox 1403 1906 1638 1979; x_wconf 76' lang='grc' dir='ltr'>φανερὸς</span> <span class='ocrx_word' id='word_1_143' title='bbox 1665 1910 1778 1969; x_wconf 83' lang='grc' dir='ltr'>τοῖς</span> <span class='ocrx_word' id='word_1_144' title='bbox 1811 1891 1853 1950; x_wconf 79' lang='grc' dir='ltr'><strong>Β</strong></span> 
     </span>
    </p>
   </div>
   <div class='ocr_carea' id='block_1_20' title="bbox 198 1997 1781 2071">
    <p class='ocr_par' dir='ltr' id='par_1_20' title="bbox 198 1997 1781 2071">
     <span class='ocr_line' id='line_1_20' title="bbox 198 1997 1781 2071; baseline -0.002 -18"><span class='ocrx_word' id='word_1_145' title='bbox 198 1999 514 2065; x_wconf 71' lang='grc' dir='ltr'><strong>Αἰγυπτίοις</strong></span> <span class='ocrx_word' id='word_1_146' title='bbox 564 1999 802 2068; x_wconf 67' lang='grc' dir='ltr'><strong>ἐγένετο⁸</strong></span> <span class='ocrx_word' id='word_1_147' title='bbox 849 1999 1142 2071; x_wconf 85' lang='grc' dir='ltr'>Πρόσοικοι</span> <span class='ocrx_word' id='word_1_148' title='bbox 1196 1999 1353 2062; x_wconf 77' lang='grc' dir='ltr'>ὄντες</span> <span class='ocrx_word' id='word_1_149' title='bbox 1397 2000 1462 2068; x_wconf 79' lang='grc' dir='ltr'>τῇ</span> <span class='ocrx_word' id='word_1_150' title='bbox 1517 1997 1781 2069; x_wconf 76' lang='grc' dir='ltr'>Αἰγύπτῳ</span> 
     </span>
    </p>
   </div>
   <div class='ocr_carea' id='block_1_21' title="bbox 201 2093 1781 2164">
    <p class='ocr_par' dir='ltr' id='par_1_21' title="bbox 201 2093 1781 2164">
     <span class='ocr_line' id='line_1_21' title="bbox 201 2093 1781 2164; baseline 0.001 -20"><span class='ocrx_word' id='word_1_151' title='bbox 201 2093 469 2157; x_wconf 79' lang='grc' dir='ltr'>Αἰθίοπες,</span> <span class='ocrx_word' id='word_1_152' title='bbox 502 2095 746 2148; x_wconf 76' lang='grc' dir='ltr'>ἐσίνοντο</span> <span class='ocrx_word' id='word_1_153' title='bbox 770 2094 871 2161; x_wconf 83' lang='grc' dir='ltr'><strong>τὴν</strong></span> <span class='ocrx_word' id='word_1_154' title='bbox 892 2093 1080 2164; x_wconf 82' lang='grc' dir='ltr'>χώραν</span> <span class='ocrx_word' id='word_1_155' title='bbox 1105 2093 1308 2147; x_wconf 81' lang='grc' dir='ltr'>αὐτῶν.</span> <span class='ocrx_word' id='word_1_156' title='bbox 1337 2093 1400 2146; x_wconf 87' lang='grc' dir='ltr'><strong>Οἱ</strong></span> <span class='ocrx_word' id='word_1_157' title='bbox 1423 2093 1467 2143; x_wconf 79' lang='grc' dir='ltr'>δ’</span> <span class='ocrx_word' id='word_1_158' title='bbox 1488 2093 1781 2160; x_wconf 75' lang='grc' dir='ltr'>Αἰγύπτιοι</span> 
     </span>
    </p>
   </div>
   <div class='ocr_carea' id='block_1_22' title="bbox 203 2185 1782 2257">
    <p class='ocr_par' dir='ltr' id='par_1_22' title="bbox 203 2185 1782 2257">
     <span class='ocr_line' id='line_1_22' title="bbox 203 2185 1782 2257; baseline -0.001 -18"><span class='ocrx_word' id='word_1_159' title='bbox 203 2187 592 2256; x_wconf 75' lang='grc' dir='ltr'>στρατεύουσιν</span> <span class='ocrx_word' id='word_1_160' title='bbox 631 2188 720 2240; x_wconf 78' lang='grc' dir='ltr'>ἐπ’</span> <span class='ocrx_word' id='word_1_161' title='bbox 752 2188 977 2253; x_wconf 72' lang='grc' dir='ltr'>αὐτοὺς,</span> <span class='ocrx_word' id='word_1_162' title='bbox 1016 2188 1109 2240; x_wconf 77' lang='grc' dir='ltr'>καὶ</span> <span class='ocrx_word' id='word_1_163' title='bbox 1151 2186 1488 2257; x_wconf 78' lang='grc' dir='ltr'>ἡττήθησαν.</span> <span class='ocrx_word' id='word_1_164' title='bbox 1524 2185 1782 2251; x_wconf 71' lang='grc' dir='ltr'>Αἰθίοπες</span> 
     </span>
    </p>
   </div>
   <div class='ocr_carea' id='block_1_23' title="bbox 201 2282 1782 2354">
    <p class='ocr_par' dir='ltr' id='par_1_23' title="bbox 201 2282 1782 2354">
     <span class='ocr_line' id='line_1_23' title="bbox 201 2282 1782 2354; baseline 0 -20"><span class='ocrx_word' id='word_1_165' title='bbox 201 2283 247 2335; x_wconf 66' lang='grc' dir='ltr'><strong>δὲ</strong></span> <span class='ocrx_word' id='word_1_166' title='bbox 285 2283 811 2354; x_wconf 68' lang='grc' dir='ltr'>καταφρονήσαντες</span> <span class='ocrx_word' id='word_1_167' title='bbox 835 2282 1040 2348; x_wconf 80' lang='grc' dir='ltr'>αὐτῶν,</span> <span class='ocrx_word' id='word_1_168' title='bbox 1069 2282 1170 2354; x_wconf 82' lang='grc' dir='ltr'><strong>τὴν</strong></span> <span class='ocrx_word' id='word_1_169' title='bbox 1197 2282 1417 2336; x_wconf 74' lang='grc' dir='ltr'>ἅπασαν</span> <span class='ocrx_word' id='word_1_170' title='bbox 1447 2282 1782 2352; x_wconf 81' lang='grc' dir='ltr'>κατέτρεχον</span> 
     </span>
    </p>
   </div>
   <div class='ocr_carea' id='block_1_24' title="bbox 204 2373 1778 2446">
    <p class='ocr_par' dir='ltr' id='par_1_24' title="bbox 204 2373 1778 2446">
     <span class='ocr_line' id='line_1_24' title="bbox 204 2373 1778 2446; baseline 0.001 -20"><span class='ocrx_word' id='word_1_171' title='bbox 204 2375 493 2441; x_wconf 77' lang='grc' dir='ltr'>Αἴγυπτον.</span> <span class='ocrx_word' id='word_1_172' title='bbox 532 2376 690 2429; x_wconf 76' lang='grc' dir='ltr'>Κατὰ</span> <span class='ocrx_word' id='word_1_173' title='bbox 722 2374 780 2428; x_wconf 82' lang='grc' dir='ltr'><strong>δέ</strong></span> <span class='ocrx_word' id='word_1_174' title='bbox 810 2374 956 2429; x_wconf 82' lang='grc' dir='ltr'>θεῖον</span> <span class='ocrx_word' id='word_1_175' title='bbox 985 2373 1260 2445; x_wconf 82' lang='grc' dir='ltr'>χρησμὸν,</span> <span class='ocrx_word' id='word_1_176' title='bbox 1297 2375 1445 2428; x_wconf 77' lang='grc' dir='ltr'>αἰτεῖ</span> <span class='ocrx_word' id='word_1_177' title='bbox 1470 2374 1569 2446; x_wconf 81' lang='grc' dir='ltr'>τὴν</span> <span class='ocrx_word' id='word_1_178' title='bbox 1605 2375 1778 2444; x_wconf 83' lang='grc' dir='ltr'>θυγα-</span> 
     </span>
    </p>
   </div>
   <div class='ocr_carea' id='block_1_25' title="bbox 203 2468 1786 2540">
    <p class='ocr_par' dir='ltr' id='par_1_25' title="bbox 203 2468 1786 2540">
     <span class='ocr_line' id='line_1_25' title="bbox 203 2468 1786 2540; baseline -0.001 -19"><span class='ocrx_word' id='word_1_179' title='bbox 203 2471 325 2539; x_wconf 80' lang='grc' dir='ltr'>τέρα</span> <span class='ocrx_word' id='word_1_180' title='bbox 353 2470 444 2523; x_wconf 72' lang='grc' dir='ltr'><strong>τὸν</strong></span> <span class='ocrx_word' id='word_1_181' title='bbox 477 2468 724 2540; x_wconf 79' lang='grc' dir='ltr'>Μωῦσὴν</span> <span class='ocrx_word' id='word_1_182' title='bbox 764 2468 971 2540; x_wconf 81' lang='grc' dir='ltr'>Φαραὼ</span> <span class='ocrx_word' id='word_1_183' title='bbox 999 2469 1101 2540; x_wconf 76' lang='grc' dir='ltr'><strong>ήδη</strong></span> <span class='ocrx_word' id='word_1_184' title='bbox 1137 2468 1508 2538; x_wconf 72' lang='grc' dir='ltr'>ἀνδρωθέντα,</span> <span class='ocrx_word' id='word_1_185' title='bbox 1539 2469 1660 2521; x_wconf 76' lang='grc' dir='ltr'>κατ’</span> <span class='ocrx_word' id='word_1_186' title='bbox 1688 2469 1786 2521; x_wconf 83' lang='grc' dir='ltr'>Αί-</span> 
     </span>
    </p>
   </div>
   <div class='ocr_carea' id='block_1_26' title="bbox 208 2561 1785 2633">
    <p class='ocr_par' dir='ltr' id='par_1_26' title="bbox 208 2561 1785 2633">
     <span class='ocr_line' id='line_1_26' title="bbox 208 2561 1785 2633; baseline 0 -19"><span class='ocrx_word' id='word_1_187' title='bbox 208 2563 403 2615; x_wconf 81' lang='grc' dir='ltr'>θιόπων</span> <span class='ocrx_word' id='word_1_188' title='bbox 437 2561 751 2633; x_wconf 81' lang='grc' dir='ltr'>στρατηγὸν</span> <span class='ocrx_word' id='word_1_189' title='bbox 815 2561 964 2632; x_wconf 77' lang='grc' dir='ltr'>αὑτῷ</span> <span class='ocrx_word' id='word_1_190' title='bbox 1009 2561 1404 2631; x_wconf 87' lang='grc' dir='ltr'>γενησόμενον.</span> <span class='ocrx_word' id='word_1_191' title='bbox 1450 2561 1516 2614; x_wconf 81' lang='grc' dir='ltr'><strong>Ἦ</strong></span> <span class='ocrx_word' id='word_1_192' title='bbox 1549 2561 1606 2616; x_wconf 82' lang='grc' dir='ltr'><strong>δὲ</strong></span> <span class='ocrx_word' id='word_1_193' title='bbox 1628 2561 1785 2615; x_wconf 75' lang='grc' dir='ltr'>δίδω-</span> 
     </span>
    </p>
   </div>
   <div class='ocr_carea' id='block_1_27' title="bbox 209 2653 1788 2726">
    <p class='ocr_par' dir='ltr' id='par_1_27' title="bbox 209 2653 1788 2726">
     <span class='ocr_line' id='line_1_27' title="bbox 209 2653 1788 2726; baseline 0.001 -19"><span class='ocrx_word' id='word_1_194' title='bbox 209 2673 302 2718; x_wconf 83' lang='grc' dir='ltr'>σιν,</span> <span class='ocrx_word' id='word_1_195' title='bbox 335 2653 637 2724; x_wconf 78' lang='grc' dir='ltr'>δρκὼσασα</span> <span class='ocrx_word' id='word_1_196' title='bbox 680 2656 770 2708; x_wconf 74' lang='grc' dir='ltr'><strong>τὸν</strong></span> <span class='ocrx_word' id='word_1_197' title='bbox 817 2654 1054 2724; x_wconf 85' lang='grc' dir='ltr'>πατέρα,</span> <span class='ocrx_word' id='word_1_198' title='bbox 1092 2654 1262 2726; x_wconf 80' lang='grc' dir='ltr'>μηδὲν</span> <span class='ocrx_word' id='word_1_199' title='bbox 1321 2654 1589 2708; x_wconf 84' lang='grc' dir='ltr'>διαθεῖναι</span> <span class='ocrx_word' id='word_1_200' title='bbox 1621 2656 1788 2709; x_wconf 82' lang='grc' dir='ltr'>αὑτὸν</span> 
     </span>
    </p>
   </div>
   <div class='ocr_carea' id='block_1_28' title="bbox 210 2747 1789 2818">
    <p class='ocr_par' dir='ltr' id='par_1_28' title="bbox 210 2747 1789 2818">
     <span class='ocr_line' id='line_1_28' title="bbox 210 2747 1789 2818; baseline 0.002 -18"><span class='ocrx_word' id='word_1_201' title='bbox 210 2748 392 2802; x_wconf 81' lang='grc' dir='ltr'>κακόν.</span> <span class='ocrx_word' id='word_1_202' title='bbox 426 2748 676 2817; x_wconf 77' lang='grc' dir='ltr'>Μωΰσῆς</span> <span class='ocrx_word' id='word_1_203' title='bbox 727 2747 786 2801; x_wconf 84' lang='grc' dir='ltr'>δὲ</span> <span class='ocrx_word' id='word_1_204' title='bbox 816 2747 908 2802; x_wconf 82' lang='grc' dir='ltr'><strong>τὸν</strong></span> <span class='ocrx_word' id='word_1_205' title='bbox 963 2747 1203 2818; x_wconf 81' lang='grc' dir='ltr'>πόλεμον</span> <span class='ocrx_word' id='word_1_206' title='bbox 1237 2749 1570 2813; x_wconf 72' lang='grc' dir='ltr'>πιστευθεὶς,</span> <span class='ocrx_word' id='word_1_207' title='bbox 1603 2750 1662 2802; x_wconf 72' lang='grc' dir='ltr'><strong>οὐ</strong></span> <span class='ocrx_word' id='word_1_208' title='bbox 1699 2750 1789 2803; x_wconf 82' lang='grc' dir='ltr'>διὰ</span> 
     </span>
    </p>
   </div>
   <div class='ocr_carea' id='block_1_29' title="bbox 212 2841 1790 2914">
    <p class='ocr_par' dir='ltr' id='par_1_29' title="bbox 212 2841 1790 2914">
     <span class='ocr_line' id='line_1_29' title="bbox 212 2841 1790 2914; baseline -0.001 -17"><span class='ocrx_word' id='word_1_209' title='bbox 212 2845 474 2914; x_wconf 79' lang='grc' dir='ltr'>συνήθους</span> <span class='ocrx_word' id='word_1_210' title='bbox 509 2843 632 2896; x_wconf 79' lang='grc' dir='ltr'>ὁδοῦ</span> <span class='ocrx_word' id='word_1_211' title='bbox 659 2843 784 2910; x_wconf 76' lang='grc' dir='ltr'>ἄγει</span> <span class='ocrx_word' id='word_1_212' title='bbox 839 2841 934 2896; x_wconf 81' lang='grc' dir='ltr'>ἐπὶ</span> <span class='ocrx_word' id='word_1_213' title='bbox 977 2843 1105 2906; x_wconf 77' lang='grc' dir='ltr'>τοὺς</span> <span class='ocrx_word' id='word_1_214' title='bbox 1155 2841 1456 2912; x_wconf 81' lang='grc' dir='ltr'>πολεμίους</span> <span class='ocrx_word' id='word_1_215' title='bbox 1487 2842 1586 2911; x_wconf 82' lang='grc' dir='ltr'><strong>τὴν</strong></span> <span class='ocrx_word' id='word_1_216' title='bbox 1618 2860 1790 2912; x_wconf 88' lang='grc' dir='ltr'>στρα-</span> 
     </span>
    </p>
   </div>
   <div class='ocr_carea' id='block_1_30' title="bbox 208 2934 1788 3007">
    <p class='ocr_par' dir='ltr' id='par_1_30' title="bbox 208 2934 1788 3007">
     <span class='ocr_line' id='line_1_30' title="bbox 208 2934 1788 3007; baseline -0.001 -18"><span class='ocrx_word' id='word_1_217' title='bbox 208 2941 343 3001; x_wconf 71' lang='grc' dir='ltr'>τιὰν,</span> <span class='ocrx_word' id='word_1_218' title='bbox 369 2937 508 2990; x_wconf 74' lang='grc' dir='ltr'>ἀλλὰ</span> <span class='ocrx_word' id='word_1_219' title='bbox 538 2936 610 2990; x_wconf 88' lang='grc' dir='ltr'>δι’</span> <span class='ocrx_word' id='word_1_220' title='bbox 633 2936 933 3007; x_wconf 83' lang='grc' dir='ltr'>ἅστιϐήτου</span> <span class='ocrx_word' id='word_1_221' title='bbox 965 2937 1030 2988; x_wconf 91' lang='grc' dir='ltr'><strong>ἐκ</strong></span> <span class='ocrx_word' id='word_1_222' title='bbox 1055 2934 1299 3005; x_wconf 78' lang='grc' dir='ltr'>πλήθους</span> <span class='ocrx_word' id='word_1_223' title='bbox 1343 2935 1592 3005; x_wconf 83' lang='grc' dir='ltr'>ἑρπετῶν</span> <span class='ocrx_word' id='word_1_224' title='bbox 1646 2934 1788 2988; x_wconf 73' lang='lat' dir='ltr'><em>i066-</em></span> 
     </span>
    </p>
   </div>
   <div class='ocr_carea' id='block_1_31' title="bbox 209 3026 1792 3102">
    <p class='ocr_par' dir='ltr' id='par_1_31' title="bbox 209 3026 1792 3102">
     <span class='ocr_line' id='line_1_31' title="bbox 209 3026 1792 3102; baseline -0.001 -19"><span class='ocrx_word' id='word_1_225' title='bbox 209 3031 306 3085; x_wconf 74' lang='grc' dir='ltr'><strong>λων</strong></span> <span class='ocrx_word' id='word_1_226' title='bbox 327 3048 342 3061; x_wconf 89' lang='grc'><strong>·</strong></span> <span class='ocrx_word' id='word_1_227' title='bbox 380 3031 513 3084; x_wconf 75' lang='grc' dir='ltr'>ἔνθα</span> <span class='ocrx_word' id='word_1_228' title='bbox 549 3029 644 3084; x_wconf 72' lang='grc' dir='ltr'>καὶ</span> <span class='ocrx_word' id='word_1_229' title='bbox 672 3029 773 3102; x_wconf 80' lang='grc' dir='ltr'>τὴν</span> <span class='ocrx_word' id='word_1_230' title='bbox 814 3026 1033 3082; x_wconf 75' lang='grc' dir='ltr'>σύνεσιν</span> <span class='ocrx_word' id='word_1_231' title='bbox 1065 3028 1232 3082; x_wconf 80' lang='grc' dir='ltr'>αὐτοῦ</span> <span class='ocrx_word' id='word_1_232' title='bbox 1266 3027 1603 3096; x_wconf 80' lang='grc' dir='ltr'>ἐπεδείξατο.</span> <span class='ocrx_word' id='word_1_233' title='bbox 1649 3027 1792 3082; x_wconf 85' lang='grc' dir='ltr'>Πλέ-</span> 
     </span>
    </p>
   </div>
   <div class='ocr_carea' id='block_1_32' title="bbox 209 3118 1791 3194">
    <p class='ocr_par' dir='ltr' id='par_1_32' title="bbox 209 3118 1791 3194">
     <span class='ocr_line' id='line_1_32' title="bbox 209 3118 1791 3194; baseline -0.001 -18"><span class='ocrx_word' id='word_1_234' title='bbox 209 3142 391 3194; x_wconf 78' lang='grc' dir='ltr'>γματα</span> <span class='ocrx_word' id='word_1_235' title='bbox 423 3121 538 3194; x_wconf 79' lang='grc' dir='ltr'>γὰρ</span> <span class='ocrx_word' id='word_1_236' title='bbox 600 3124 858 3193; x_wconf 86' lang='grc' dir='ltr'>ποιήσας,</span> <span class='ocrx_word' id='word_1_237' title='bbox 897 3119 1204 3176; x_wconf 73' lang='grc' dir='ltr'>καὶταῦτα</span> <span class='ocrx_word' id='word_1_238' title='bbox 1265 3119 1568 3192; x_wconf 59' lang='grc' dir='ltr'>πληρώσας</span> <span class='ocrx_word' id='word_1_239' title='bbox 1626 3118 1791 3174; x_wconf 77' lang='grc' dir='ltr'>ἴϐεων</span> 
     </span>
    </p>
   </div>
   <div class='ocr_carea' id='block_1_33' title="bbox 1874 603 3460 676">
    <p class='ocr_par' dir='ltr' id='par_1_33' title="bbox 1874 603 3460 676">
     <span class='ocr_line' id='line_1_33' title="bbox 1874 603 3460 676; baseline 0.001 -18"><span class='ocrx_word' id='word_1_240' title='bbox 1874 603 2232 659; x_wconf 74' lang='lat' dir='ltr'><strong>llcbneorum</strong></span> <span class='ocrx_word' id='word_1_241' title='bbox 2259 605 2531 660; x_wconf 72' lang='lat' dir='ltr'><strong>oriturum</strong></span> <span class='ocrx_word' id='word_1_242' title='bbox 2565 619 2687 660; x_wconf 87' lang='lat' dir='ltr'><strong>esse</strong></span> <span class='ocrx_word' id='word_1_243' title='bbox 2723 603 2961 669; x_wconf 80' lang='lat' dir='ltr'><strong>dixerat,</strong></span> <span class='ocrx_word' id='word_1_244' title='bbox 2992 605 3086 675; x_wconf 86' lang='lat' dir='ltr'><strong>qui</strong></span> <span class='ocrx_word' id='word_1_245' title='bbox 3132 603 3346 676; x_wconf 68' lang='lat' dir='ltr'><strong>Egypti</strong></span> <span class='ocrx_word' id='word_1_246' title='bbox 3375 621 3460 660; x_wconf 78' lang='lat' dir='ltr'><strong>re-</strong></span> 
     </span>
    </p>
   </div>
   <div class='ocr_carea' id='block_1_34' title="bbox 1873 698 3456 769">
    <p class='ocr_par' dir='ltr' id='par_1_34' title="bbox 1873 698 3456 769">
     <span class='ocr_line' id='line_1_34' title="bbox 1873 698 3456 769; baseline 0 -18"><span class='ocrx_word' id='word_1_247' title='bbox 1873 698 2456 769; x_wconf 52' lang='lat' dir='ltr'><strong>gnunvdepressurus</strong></span> <span class='ocrx_word' id='word_1_248' title='bbox 2503 707 2672 762; x_wconf 89' lang='lat' dir='ltr'><strong>esset,</strong></span> <span class='ocrx_word' id='word_1_249' title='bbox 2724 709 3045 769; x_wconf 89' lang='lat' dir='ltr'><strong>conspecto,</strong></span> <span class='ocrx_word' id='word_1_250' title='bbox 3095 700 3456 754; x_wconf 79' lang='lat' dir='ltr'><strong>exclamans.</strong></span> 
     </span>
    </p>
   </div>
   <div class='ocr_carea' id='block_1_35' title="bbox 1877 787 3461 860">
    <p class='ocr_par' dir='ltr' id='par_1_35' title="bbox 1877 787 3461 860">
     <span class='ocr_line' id='line_1_35' title="bbox 1877 787 3461 860; baseline 0.001 -19"><span class='ocrx_word' id='word_1_251' title='bbox 1877 787 1999 853; x_wconf 79' lang='lat' dir='ltr'><strong>llic,</strong></span> <span class='ocrx_word' id='word_1_252' title='bbox 2045 788 2245 860; x_wconf 92' lang='lat' dir='ltr'><strong>inquit,</strong></span> <span class='ocrx_word' id='word_1_253' title='bbox 2279 789 2371 844; x_wconf 82' lang='lat' dir='ltr'><strong>ille</strong></span> <span class='ocrx_word' id='word_1_254' title='bbox 2413 807 2542 860; x_wconf 83' lang='lat' dir='ltr'><strong>puer</strong></span> <span class='ocrx_word' id='word_1_255' title='bbox 2563 798 2678 844; x_wconf 84' lang='lat' dir='ltr'><strong>est:</strong></span> <span class='ocrx_word' id='word_1_256' title='bbox 2711 790 2808 844; x_wconf 84' lang='lat' dir='ltr'><strong>hoc</strong></span> <span class='ocrx_word' id='word_1_257' title='bbox 2842 789 3140 858; x_wconf 78' lang='lat' dir='ltr'><strong>interfecto,</strong></span> <span class='ocrx_word' id='word_1_258' title='bbox 3186 788 3461 860; x_wconf 66' lang='lat' dir='ltr'><strong>zEgyptios</strong></span> 
     </span>
    </p>
   </div>
   <div class='ocr_carea' id='block_1_36' title="bbox 1876 883 3463 952">
    <p class='ocr_par' dir='ltr' id='par_1_36' title="bbox 1876 883 3463 952">
     <span class='ocr_line' id='line_1_36' title="bbox 1876 883 3463 952; baseline -0.001 -15"><span class='ocrx_word' id='word_1_259' title='bbox 1876 893 2017 937; x_wconf 83' lang='lat' dir='ltr'><strong>metu</strong></span> <span class='ocrx_word' id='word_1_260' title='bbox 2059 883 2359 939; x_wconf 80' lang='lat' dir='ltr'><strong>libera.Sed</strong></span> <span class='ocrx_word' id='word_1_261' title='bbox 2383 883 2744 938; x_wconf 85' lang='lat' dir='ltr'><strong>Thermuthis</strong></span> <span class='ocrx_word' id='word_1_262' title='bbox 2780 898 2954 952; x_wconf 86' lang='lat' dir='ltr'><strong>puero</strong></span> <span class='ocrx_word' id='word_1_263' title='bbox 2983 892 3175 952; x_wconf 79' lang='lat' dir='ltr'><strong>erepto</strong></span> <span class='ocrx_word' id='word_1_264' title='bbox 3205 893 3463 937; x_wconf 74' lang='lat' dir='ltr'><strong>antever—</strong></span> 
     </span>
    </p>
   </div>
   <div class='ocr_carea' id='block_1_37' title="bbox 1877 974 3463 1046">
    <p class='ocr_par' dir='ltr' id='par_1_37' title="bbox 1877 974 3463 1046">
     <span class='ocr_line' id='line_1_37' title="bbox 1877 974 3463 1046; baseline -0.002 -15"><span class='ocrx_word' id='word_1_265' title='bbox 1877 977 2038 1042; x_wconf 85' lang='lat' dir='ltr'><strong>tit,et</strong></span> <span class='ocrx_word' id='word_1_266' title='bbox 2060 976 2398 1032; x_wconf 79' lang='lat' dir='ltr'><strong>Pharaonem</strong></span> <span class='ocrx_word' id='word_1_267' title='bbox 2433 977 2576 1032; x_wconf 87' lang='lat' dir='ltr'><strong>Deus</strong></span> <span class='ocrx_word' id='word_1_268' title='bbox 2602 977 2907 1046; x_wconf 82' lang='lat' dir='ltr'><strong>segniorem</strong></span> <span class='ocrx_word' id='word_1_269' title='bbox 2944 975 3011 1029; x_wconf 87' lang='lat' dir='ltr'><strong>ad</strong></span> <span class='ocrx_word' id='word_1_270' title='bbox 3042 974 3246 1030; x_wconf 67' lang='lat' dir='ltr'><strong>caulem</strong></span> <span class='ocrx_word' id='word_1_271' title='bbox 3283 976 3463 1030; x_wconf 80' lang='lat' dir='ltr'><strong>reddi-</strong></span> 
     </span>
    </p>
   </div>
   <div class='ocr_carea' id='block_1_38' title="bbox 1875 1071 3462 1142">
    <p class='ocr_par' dir='ltr' id='par_1_38' title="bbox 1875 1071 3462 1142">
     <span class='ocr_line' id='line_1_38' title="bbox 1875 1071 3462 1142; baseline -0.001 -16"><span class='ocrx_word' id='word_1_272' title='bbox 1875 1071 2053 1126; x_wconf 88' lang='lat' dir='ltr'><strong>derat.</strong></span> <span class='ocrx_word' id='word_1_273' title='bbox 2085 1071 2266 1127; x_wconf 62' lang='lat' dir='ltr'><strong>Aftate</strong></span> <span class='ocrx_word' id='word_1_274' title='bbox 2313 1087 2635 1142; x_wconf 88' lang='lat' dir='ltr'><strong>progressus</strong></span> <span class='ocrx_word' id='word_1_275' title='bbox 2675 1072 2877 1135; x_wconf 86' lang='lat' dir='ltr'><strong>Moses,</strong></span> <span class='ocrx_word' id='word_1_276' title='bbox 2901 1087 3009 1138; x_wconf 89' lang='lat' dir='ltr'><strong>qua</strong></span> <span class='ocrx_word' id='word_1_277' title='bbox 3053 1071 3253 1125; x_wconf 88' lang='lat' dir='ltr'><strong>virtute</strong></span> <span class='ocrx_word' id='word_1_278' title='bbox 3295 1082 3462 1132; x_wconf 86' lang='lat' dir='ltr'><strong>esset,</strong></span> 
     </span>
    </p>
   </div>
   <div class='ocr_carea' id='block_1_39' title="bbox 1877 1161 3464 1238">
    <p class='ocr_par' dir='ltr' id='par_1_39' title="bbox 1877 1161 3464 1238">
     <span class='ocr_line' id='line_1_39' title="bbox 1877 1161 3464 1238; baseline -0.003 -16"><span class='ocrx_word' id='word_1_279' title='bbox 1877 1168 1968 1222; x_wconf 92' lang='lat' dir='ltr'><strong>tali</strong></span> <span class='ocrx_word' id='word_1_280' title='bbox 2002 1167 2288 1222; x_wconf 80' lang='lat' dir='ltr'><strong>occasione</strong></span> <span class='ocrx_word' id='word_1_281' title='bbox 2326 1165 2599 1238; x_wconf 66' lang='grc' dir='ltr'>Ᾱεεγριίίε</span> <span class='ocrx_word' id='word_1_282' title='bbox 2626 1167 2886 1222; x_wconf 85' lang='lat' dir='ltr'><strong>innotuit.</strong></span> <span class='ocrx_word' id='word_1_283' title='bbox 2921 1161 3213 1233; x_wconf 47' lang='lat' dir='ltr'><strong>Aitbi&#39;opes</strong></span> <span class='ocrx_word' id='word_1_284' title='bbox 3231 1162 3464 1234; x_wconf 58' lang='lat' dir='ltr'><strong>[Egypto</strong></span> 
     </span>
    </p>
   </div>
   <div class='ocr_carea' id='block_1_40' title="bbox 1877 1257 3460 1330">
    <p class='ocr_par' dir='ltr' id='par_1_40' title="bbox 1877 1257 3460 1330">
     <span class='ocr_line' id='line_1_40' title="bbox 1877 1257 3460 1330; baseline -0.001 -16"><span class='ocrx_word' id='word_1_285' title='bbox 1877 1259 2098 1314; x_wconf 85' lang='lat' dir='ltr'><strong>ﬁnitimi</strong></span> <span class='ocrx_word' id='word_1_286' title='bbox 2128 1259 2409 1330; x_wconf 78' lang='lat' dir='ltr'><strong>regionem</strong></span> <span class='ocrx_word' id='word_1_287' title='bbox 2442 1259 2795 1330; x_wconf 78' lang='lat' dir='ltr'><strong>populantur.</strong></span> <span class='ocrx_word' id='word_1_288' title='bbox 2827 1257 3070 1330; x_wconf 57' lang='lat' dir='ltr'><strong>[Egyptii</strong></span> <span class='ocrx_word' id='word_1_289' title='bbox 3103 1257 3250 1312; x_wconf 89' lang='lat' dir='ltr'><strong>bello</strong></span> <span class='ocrx_word' id='word_1_290' title='bbox 3272 1270 3460 1312; x_wconf 86' lang='lat' dir='ltr'><strong>contra</strong></span> 
     </span>
    </p>
   </div>
   <div class='ocr_carea' id='block_1_41' title="bbox 1875 1349 3466 1420">
    <p class='ocr_par' dir='ltr' id='par_1_41' title="bbox 1875 1349 3466 1420">
     <span class='ocr_line' id='line_1_41' title="bbox 1875 1349 3466 1420; baseline -0.005 -10"><span class='ocrx_word' id='word_1_291' title='bbox 1875 1370 1972 1410; x_wconf 89' lang='lat' dir='ltr'><strong>eos</strong></span> <span class='ocrx_word' id='word_1_292' title='bbox 2008 1362 2179 1418; x_wconf 86' lang='lat' dir='ltr'><strong>moto,</strong></span> <span class='ocrx_word' id='word_1_293' title='bbox 2224 1361 2281 1407; x_wconf 89' lang='lat' dir='ltr'><strong>et</strong></span> <span class='ocrx_word' id='word_1_294' title='bbox 2325 1351 2715 1418; x_wconf 87' lang='lat' dir='ltr'><strong>succumbunt,</strong></span> <span class='ocrx_word' id='word_1_295' title='bbox 2749 1360 2805 1406; x_wconf 86' lang='lat' dir='ltr'><strong>et</strong></span> <span class='ocrx_word' id='word_1_296' title='bbox 2828 1349 3168 1420; x_wconf 90' lang='lat' dir='ltr'><strong>contemptui</strong></span> <span class='ocrx_word' id='word_1_297' title='bbox 3201 1359 3331 1405; x_wconf 87' lang='lat' dir='ltr'><strong>sunt</strong></span> <span class='ocrx_word' id='word_1_298' title='bbox 3369 1349 3466 1402; x_wconf 83' lang='lat' dir='ltr'><strong>ho-</strong></span> 
     </span>
    </p>
   </div>
   <div class='ocr_carea' id='block_1_42' title="bbox 1877 1443 3464 1516">
    <p class='ocr_par' dir='ltr' id='par_1_42' title="bbox 1877 1443 3464 1516">
     <span class='ocr_line' id='line_1_42' title="bbox 1877 1443 3464 1516; baseline -0.005 -14"><span class='ocrx_word' id='word_1_299' title='bbox 1877 1447 2074 1513; x_wconf 87' lang='lat' dir='ltr'><strong>stibus,</strong></span> <span class='ocrx_word' id='word_1_300' title='bbox 2128 1448 2201 1502; x_wconf 90' lang='lat' dir='ltr'><strong>ita</strong></span> <span class='ocrx_word' id='word_1_301' title='bbox 2262 1455 2321 1500; x_wconf 92' lang='lat' dir='ltr'><strong>ut</strong></span> <span class='ocrx_word' id='word_1_302' title='bbox 2377 1445 2689 1500; x_wconf 80' lang='lat' dir='ltr'><strong>universam</strong></span> <span class='ocrx_word' id='word_1_303' title='bbox 2752 1443 3043 1516; x_wconf 65' lang='lat' dir='ltr'><strong>Egyptum</strong></span> <span class='ocrx_word' id='word_1_304' title='bbox 3099 1443 3464 1497; x_wconf 83' lang='lat' dir='ltr'><strong>incu-rsarent.</strong></span> 
     </span>
    </p>
   </div>
   <div class='ocr_carea' id='block_1_43' title="bbox 1877 1535 3467 1607">
    <p class='ocr_par' dir='ltr' id='par_1_43' title="bbox 1877 1535 3467 1607">
     <span class='ocr_line' id='line_1_43' title="bbox 1877 1535 3467 1607; baseline -0.007 -10"><span class='ocrx_word' id='word_1_305' title='bbox 1877 1542 2092 1598; x_wconf 81' lang='lat' dir='ltr'><strong>Pharao</strong></span> <span class='ocrx_word' id='word_1_306' title='bbox 2139 1556 2204 1595; x_wconf 79' lang='lat' dir='ltr'><strong>ex</strong></span> <span class='ocrx_word' id='word_1_307' title='bbox 2261 1539 2488 1595; x_wconf 91' lang='lat' dir='ltr'><strong>oraculo</strong></span> <span class='ocrx_word' id='word_1_308' title='bbox 2529 1538 2734 1594; x_wconf 85' lang='lat' dir='ltr'><strong>Mosem</strong></span> <span class='ocrx_word' id='word_1_309' title='bbox 2786 1538 2898 1607; x_wconf 86' lang='lat' dir='ltr'><strong>jam</strong></span> <span class='ocrx_word' id='word_1_310' title='bbox 2932 1535 3110 1591; x_wconf 85' lang='lat' dir='ltr'><strong>virum</strong></span> <span class='ocrx_word' id='word_1_311' title='bbox 3164 1535 3389 1596; x_wconf 79' lang='lat' dir='ltr'><strong>factum,</strong></span> <span class='ocrx_word' id='word_1_312' title='bbox 3437 1549 3467 1586; x_wconf 91' lang='lat' dir='ltr'><strong>a</strong></span> 
     </span>
    </p>
   </div>
   <div class='ocr_carea' id='block_1_44' title="bbox 1881 1625 3469 1703">
    <p class='ocr_par' dir='ltr' id='par_1_44' title="bbox 1881 1625 3469 1703">
     <span class='ocr_line' id='line_1_44' title="bbox 1881 1625 3469 1703; baseline -0.006 -15"><span class='ocrx_word' id='word_1_313' title='bbox 1881 1634 1990 1690; x_wconf 82' lang='lat' dir='ltr'><strong>lilia</strong></span> <span class='ocrx_word' id='word_1_314' title='bbox 2033 1634 2232 1689; x_wconf 90' lang='lat' dir='ltr'><strong>ducem</strong></span> <span class='ocrx_word' id='word_1_315' title='bbox 2282 1634 2438 1703; x_wconf 82' lang='lat' dir='ltr'><strong>petit.</strong></span> <span class='ocrx_word' id='word_1_316' title='bbox 2479 1631 2745 1688; x_wconf 89' lang='lat' dir='ltr'><strong>Concedit</strong></span> <span class='ocrx_word' id='word_1_317' title='bbox 2784 1631 2920 1694; x_wconf 86' lang='lat' dir='ltr'><strong>illa;</strong></span> <span class='ocrx_word' id='word_1_318' title='bbox 2970 1629 3066 1684; x_wconf 86' lang='lat' dir='ltr'><strong>sed</strong></span> <span class='ocrx_word' id='word_1_319' title='bbox 3106 1625 3469 1700; x_wconf 80' lang='lat' dir='ltr'><strong>jurejurando</strong></span> 
     </span>
    </p>
   </div>
   <div class='ocr_carea' id='block_1_45' title="bbox 1881 1719 3470 1799">
    <p class='ocr_par' dir='ltr' id='par_1_45' title="bbox 1881 1719 3470 1799">
     <span class='ocr_line' id='line_1_45' title="bbox 1881 1719 3470 1799; baseline -0.007 -16"><span class='ocrx_word' id='word_1_320' title='bbox 1881 1739 2093 1799; x_wconf 82' lang='lat' dir='ltr'><strong>patrem</strong></span> <span class='ocrx_word' id='word_1_321' title='bbox 2145 1727 2334 1798; x_wconf 79' lang='lat' dir='ltr'><strong>adigit,</strong></span> <span class='ocrx_word' id='word_1_322' title='bbox 2385 1741 2455 1781; x_wconf 80' lang='lat' dir='ltr'><strong>ne</strong></span> <span class='ocrx_word' id='word_1_323' title='bbox 2511 1725 2645 1796; x_wconf 92' lang='lat' dir='ltr'><strong>quid</strong></span> <span class='ocrx_word' id='word_1_324' title='bbox 2705 1725 2780 1779; x_wconf 88' lang='lat' dir='ltr'><strong>illi</strong></span> <span class='ocrx_word' id='word_1_325' title='bbox 2837 1731 3052 1778; x_wconf 77' lang='lat' dir='ltr'><strong>noceat.</strong></span> <span class='ocrx_word' id='word_1_326' title='bbox 3105 1721 3282 1777; x_wconf 83' lang='lat' dir='ltr'><strong>Moses</strong></span> <span class='ocrx_word' id='word_1_327' title='bbox 3337 1719 3470 1775; x_wconf 80' lang='lat' dir='ltr'><strong>belli</strong></span> 
     </span>
    </p>
   </div>
   <div class='ocr_carea' id='block_1_46' title="bbox 1882 1812 3472 1884">
    <p class='ocr_par' dir='ltr' id='par_1_46' title="bbox 1882 1812 3472 1884">
     <span class='ocr_line' id='line_1_46' title="bbox 1882 1812 3472 1884; baseline -0.006 -7"><span class='ocrx_word' id='word_1_328' title='bbox 1882 1838 2096 1877; x_wconf 86' lang='lat' dir='ltr'><strong>summa</strong></span> <span class='ocrx_word' id='word_1_329' title='bbox 2129 1822 2234 1878; x_wconf 90' lang='lat' dir='ltr'><strong>sibi</strong></span> <span class='ocrx_word' id='word_1_330' title='bbox 2269 1820 2509 1884; x_wconf 89' lang='lat' dir='ltr'><strong>credita,</strong></span> <span class='ocrx_word' id='word_1_331' title='bbox 2541 1836 2652 1875; x_wconf 90' lang='lat' dir='ltr'><strong>non</strong></span> <span class='ocrx_word' id='word_1_332' title='bbox 2679 1818 2841 1876; x_wconf 87' lang='lat' dir='ltr'><strong>solita</strong></span> <span class='ocrx_word' id='word_1_333' title='bbox 2883 1819 2969 1872; x_wconf 87' lang='lat' dir='ltr'><strong>via</strong></span> <span class='ocrx_word' id='word_1_334' title='bbox 2992 1816 3295 1872; x_wconf 79' lang='lat' dir='ltr'><strong>exercitum</strong></span> <span class='ocrx_word' id='word_1_335' title='bbox 3321 1812 3472 1869; x_wconf 85' lang='lat' dir='ltr'><strong>ducit</strong></span> 
     </span>
    </p>
   </div>
   <div class='ocr_carea' id='block_1_47' title="bbox 1883 1907 3471 1984">
    <p class='ocr_par' dir='ltr' id='par_1_47' title="bbox 1883 1907 3471 1984">
     <span class='ocr_line' id='line_1_47' title="bbox 1883 1907 3471 1984; baseline -0.008 -12"><span class='ocrx_word' id='word_1_336' title='bbox 1883 1925 2077 1972; x_wconf 85' lang='lat' dir='ltr'><strong>contra</strong></span> <span class='ocrx_word' id='word_1_337' title='bbox 2123 1917 2328 1980; x_wconf 86' lang='lat' dir='ltr'><strong>hostes,</strong></span> <span class='ocrx_word' id='word_1_338' title='bbox 2381 1914 2477 1970; x_wconf 86' lang='lat' dir='ltr'><strong>sed</strong></span> <span class='ocrx_word' id='word_1_339' title='bbox 2525 1929 2624 1984; x_wconf 90' lang='lat' dir='ltr'><strong>per</strong></span> <span class='ocrx_word' id='word_1_340' title='bbox 2657 1913 2776 1967; x_wconf 89' lang='lat' dir='ltr'><strong>loca</strong></span> <span class='ocrx_word' id='word_1_341' title='bbox 2821 1911 2893 1967; x_wconf 89' lang='lat' dir='ltr'><strong>ob</strong></span> <span class='ocrx_word' id='word_1_342' title='bbox 2924 1919 3318 1965; x_wconf 85' lang='lat' dir='ltr'><strong>venenatarum</strong></span> <span class='ocrx_word' id='word_1_343' title='bbox 3373 1907 3471 1961; x_wconf 81' lang='lat' dir='ltr'><strong>be-</strong></span> 
     </span>
    </p>
   </div>
   <div class='ocr_carea' id='block_1_48' title="bbox 1884 1999 3472 2080">
    <p class='ocr_par' dir='ltr' id='par_1_48' title="bbox 1884 1999 3472 2080">
     <span class='ocr_line' id='line_1_48' title="bbox 1884 1999 3472 2080; baseline -0.008 -17"><span class='ocrx_word' id='word_1_344' title='bbox 1884 2009 2117 2063; x_wconf 73' lang='lat' dir='ltr'><strong>aliarum</strong></span> <span class='ocrx_word' id='word_1_345' title='bbox 2177 2007 2590 2080; x_wconf 81' lang='lat' dir='ltr'><strong>multitudinem</strong></span> <span class='ocrx_word' id='word_1_346' title='bbox 2645 2006 2813 2070; x_wconf 91' lang='lat' dir='ltr'><strong>invia,</strong></span> <span class='ocrx_word' id='word_1_347' title='bbox 2874 2005 3060 2074; x_wconf 87' lang='lat' dir='ltr'><strong>ibique</strong></span> <span class='ocrx_word' id='word_1_348' title='bbox 3124 1999 3472 2072; x_wconf 83' lang='lat' dir='ltr'><strong>prudentiam</strong></span> 
     </span>
    </p>
   </div>
   <div class='ocr_carea' id='block_1_49' title="bbox 1885 2095 3473 2166">
    <p class='ocr_par' dir='ltr' id='par_1_49' title="bbox 1885 2095 3473 2166">
     <span class='ocr_line' id='line_1_49' title="bbox 1885 2095 3473 2166; baseline -0.006 -10"><span class='ocrx_word' id='word_1_349' title='bbox 1885 2117 2039 2157; x_wconf 85' lang='lat' dir='ltr'><strong>suam</strong></span> <span class='ocrx_word' id='word_1_350' title='bbox 2090 2100 2456 2156; x_wconf 84' lang='lat' dir='ltr'><strong>demonstrat.</strong></span> <span class='ocrx_word' id='word_1_351' title='bbox 2515 2099 2651 2154; x_wconf 87' lang='lat' dir='ltr'><strong>Nam</strong></span> <span class='ocrx_word' id='word_1_352' title='bbox 2708 2099 2926 2154; x_wconf 77' lang='lat' dir='ltr'><strong>fiscellis</strong></span> <span class='ocrx_word' id='word_1_353' title='bbox 2981 2097 3160 2152; x_wconf 90' lang='lat' dir='ltr'><strong>ibides</strong></span> <span class='ocrx_word' id='word_1_354' title='bbox 3217 2095 3473 2166; x_wconf 82' lang='lat' dir='ltr'><strong>(quarum</strong></span> 
     </span>
    </p>
   </div>
   <div class='ocr_carea' id='block_1_50' title="bbox 1886 2187 3472 2264">
    <p class='ocr_par' dir='ltr' id='par_1_50' title="bbox 1886 2187 3472 2264">
     <span class='ocr_line' id='line_1_50' title="bbox 1886 2187 3472 2264; baseline -0.007 -12"><span class='ocrx_word' id='word_1_355' title='bbox 1886 2197 2124 2257; x_wconf 85' lang='lat' dir='ltr'><strong>multas,</strong></span> <span class='ocrx_word' id='word_1_356' title='bbox 2171 2209 2374 2264; x_wconf 90' lang='lat' dir='ltr'><strong>easque</strong></span> <span class='ocrx_word' id='word_1_357' title='bbox 2402 2193 2619 2248; x_wconf 82' lang='lat' dir='ltr'><strong>cicures</strong></span> <span class='ocrx_word' id='word_1_358' title='bbox 2671 2191 2941 2264; x_wconf 61' lang='lat' dir='ltr'><strong>{&#39;Egyptus</strong></span> <span class='ocrx_word' id='word_1_359' title='bbox 3003 2189 3133 2258; x_wconf 88' lang='lat' dir='ltr'><strong>alit)</strong></span> <span class='ocrx_word' id='word_1_360' title='bbox 3191 2187 3472 2251; x_wconf 77' lang='lat' dir='ltr'><strong>inclusas,</strong></span> 
     </span>
    </p>
   </div>
   <div class='ocr_carea' id='block_1_51' title="bbox 1885 2280 3476 2358">
    <p class='ocr_par' dir='ltr' id='par_1_51' title="bbox 1885 2280 3476 2358">
     <span class='ocr_line' id='line_1_51' title="bbox 1885 2280 3476 2358; baseline -0.008 -12"><span class='ocrx_word' id='word_1_361' title='bbox 1885 2300 2076 2346; x_wconf 83' lang='lat' dir='ltr'><strong>contra</strong></span> <span class='ocrx_word' id='word_1_362' title='bbox 2104 2287 2396 2358; x_wconf 65' lang='lat' dir='ltr'><strong>xEthiopes</strong></span> <span class='ocrx_word' id='word_1_363' title='bbox 2420 2285 2620 2357; x_wconf 86' lang='lat' dir='ltr'><strong>portati</strong></span> <span class='ocrx_word' id='word_1_364' title='bbox 2647 2287 2798 2354; x_wconf 91' lang='lat' dir='ltr'><strong>(sunt</strong></span> <span class='ocrx_word' id='word_1_365' title='bbox 2825 2293 3009 2338; x_wconf 89' lang='lat' dir='ltr'><strong>autem</strong></span> <span class='ocrx_word' id='word_1_366' title='bbox 3043 2280 3220 2336; x_wconf 89' lang='lat' dir='ltr'><strong>ibides</strong></span> <span class='ocrx_word' id='word_1_367' title='bbox 3246 2295 3476 2350; x_wconf 90' lang='lat' dir='ltr'><strong>serpen-</strong></span> 
     </span>
    </p>
   </div>
   <div class='ocr_carea' id='block_1_52' title="bbox 1888 2374 3480 2450">
    <p class='ocr_par' dir='ltr' id='par_1_52' title="bbox 1888 2374 3480 2450">
     <span class='ocr_line' id='line_1_52' title="bbox 1888 2374 3480 2450; baseline -0.008 -11"><span class='ocrx_word' id='word_1_368' title='bbox 1888 2383 2039 2439; x_wconf 86' lang='lat' dir='ltr'><strong>tibus</strong></span> <span class='ocrx_word' id='word_1_369' title='bbox 2085 2379 2325 2450; x_wconf 67' lang='lat' dir='ltr'><strong>inl‘estaz).</strong></span> <span class='ocrx_word' id='word_1_370' title='bbox 2360 2379 2564 2450; x_wconf 86' lang='lat' dir='ltr'><strong>quibus</strong></span> <span class='ocrx_word' id='word_1_371' title='bbox 2603 2374 3123 2447; x_wconf 83' lang='lat' dir='ltr'><strong>propugnatricibus</strong></span> <span class='ocrx_word' id='word_1_372' title='bbox 3152 2383 3341 2428; x_wconf 82' lang='lat' dir='ltr'><strong>contra</strong></span> <span class='ocrx_word' id='word_1_373' title='bbox 3387 2387 3480 2426; x_wconf 85' lang='lat' dir='ltr'><strong>ve-</strong></span> 
     </span>
    </p>
   </div>
   <div class='ocr_carea' id='block_1_53' title="bbox 1889 2466 3484 2538">
    <p class='ocr_par' dir='ltr' id='par_1_53' title="bbox 1889 2466 3484 2538">
     <span class='ocr_line' id='line_1_53' title="bbox 1889 2466 3484 2538; baseline -0.009 -7"><span class='ocrx_word' id='word_1_374' title='bbox 1889 2485 2119 2532; x_wconf 86' lang='lat' dir='ltr'><strong>nenatas</strong></span> <span class='ocrx_word' id='word_1_375' title='bbox 2167 2472 2373 2528; x_wconf 87' lang='lat' dir='ltr'><strong>bestias</strong></span> <span class='ocrx_word' id='word_1_376' title='bbox 2424 2486 2576 2536; x_wconf 91' lang='lat' dir='ltr'><strong>usus,</strong></span> <span class='ocrx_word' id='word_1_377' title='bbox 2612 2478 2668 2524; x_wconf 88' lang='lat' dir='ltr'><strong>et</strong></span> <span class='ocrx_word' id='word_1_378' title='bbox 2721 2468 3026 2538; x_wconf 56' lang='lat' dir='ltr'><strong>(Ethiopes.</strong></span> <span class='ocrx_word' id='word_1_379' title='bbox 3059 2481 3162 2522; x_wconf 89' lang='lat' dir='ltr'><strong>nec</strong></span> <span class='ocrx_word' id='word_1_380' title='bbox 3189 2466 3484 2536; x_wconf 79' lang='lat' dir='ltr'><strong>opinantes</strong></span> 
     </span>
    </p>
   </div>
   <div class='ocr_carea' id='block_1_54' title="bbox 1891 2557 3477 2640">
    <p class='ocr_par' dir='ltr' id='par_1_54' title="bbox 1891 2557 3477 2640">
     <span class='ocr_line' id='line_1_54' title="bbox 1891 2557 3477 2640; baseline -0.009 -16"><span class='ocrx_word' id='word_1_381' title='bbox 1891 2583 2202 2640; x_wconf 79' lang='lat' dir='ltr'><strong>aggressus,</strong></span> <span class='ocrx_word' id='word_1_382' title='bbox 2249 2566 2442 2629; x_wconf 87' lang='lat' dir='ltr'><strong>vincit,</strong></span> <span class='ocrx_word' id='word_1_383' title='bbox 2495 2579 2560 2618; x_wconf 88' lang='lat' dir='ltr'><strong>ac</strong></span> <span class='ocrx_word' id='word_1_384' title='bbox 2609 2563 2777 2617; x_wconf 89' lang='lat' dir='ltr'><strong>urbes</strong></span> <span class='ocrx_word' id='word_1_385' title='bbox 2813 2577 3004 2617; x_wconf 86' lang='lat' dir='ltr'><strong>eorum</strong></span> <span class='ocrx_word' id='word_1_386' title='bbox 3036 2560 3232 2630; x_wconf 87' lang='lat' dir='ltr'><strong>capit:</strong></span> <span class='ocrx_word' id='word_1_387' title='bbox 3267 2558 3360 2628; x_wconf 91' lang='lat' dir='ltr'><strong>qui</strong></span> <span class='ocrx_word' id='word_1_388' title='bbox 3420 2557 3477 2611; x_wconf 93' lang='lat' dir='ltr'><strong>in</strong></span> 
     </span>
    </p>
   </div>
   <div class='ocr_carea' id='block_1_55' title="bbox 1894 2644 3481 2728">
    <p class='ocr_par' dir='ltr' id='par_1_55' title="bbox 1894 2644 3481 2728">
     <span class='ocr_line' id='line_1_55' title="bbox 1894 2644 3481 2728; baseline -0.007 -11"><span class='ocrx_word' id='word_1_389' title='bbox 1894 2644 2086 2717; x_wconf 88' lang='lat' dir='ltr'><strong>urbem</strong></span> <span class='ocrx_word' id='word_1_390' title='bbox 2133 2658 2428 2728; x_wconf 63' lang='lat' dir='ltr'><strong>Ethiopiae</strong></span> <span class='ocrx_word' id='word_1_391' title='bbox 2481 2655 2686 2723; x_wconf 73' lang='lat' dir='ltr'><strong>regiam</strong></span> <span class='ocrx_word' id='word_1_392' title='bbox 2724 2654 2927 2718; x_wconf 89' lang='lat' dir='ltr'><strong>Saban,</strong></span> <span class='ocrx_word' id='word_1_393' title='bbox 2955 2656 3103 2723; x_wconf 88' lang='lat' dir='ltr'><strong>(post</strong></span> <span class='ocrx_word' id='word_1_394' title='bbox 3135 2668 3165 2706; x_wconf 92' lang='lat' dir='ltr'><strong>a</strong></span> <span class='ocrx_word' id='word_1_395' title='bbox 3210 2650 3481 2721; x_wconf 79' lang='lat' dir='ltr'><strong>Cambyse</strong></span> 
     </span>
    </p>
   </div>
   <div class='ocr_carea' id='block_1_56' title="bbox 1892 2743 3484 2814">
    <p class='ocr_par' dir='ltr' id='par_1_56' title="bbox 1892 2743 3484 2814">
     <span class='ocr_line' id='line_1_56' title="bbox 1892 2743 3484 2814; baseline -0.011 -1"><span class='ocrx_word' id='word_1_396' title='bbox 1892 2774 1958 2813; x_wconf 83' lang='lat' dir='ltr'><strong>ex</strong></span> <span class='ocrx_word' id='word_1_397' title='bbox 1989 2755 2210 2810; x_wconf 82' lang='lat' dir='ltr'><strong>nomine</strong></span> <span class='ocrx_word' id='word_1_398' title='bbox 2240 2750 2448 2808; x_wconf 88' lang='lat' dir='ltr'><strong>sororis</strong></span> <span class='ocrx_word' id='word_1_399' title='bbox 2476 2750 2661 2804; x_wconf 84' lang='lat' dir='ltr'><strong>Meroe</strong></span> <span class='ocrx_word' id='word_1_400' title='bbox 2689 2748 2835 2802; x_wconf 89' lang='lat' dir='ltr'><strong>dicta</strong></span> <span class='ocrx_word' id='word_1_401' title='bbox 2867 2746 2972 2814; x_wconf 88' lang='lat' dir='ltr'><strong>est)</strong></span> <span class='ocrx_word' id='word_1_402' title='bbox 3003 2744 3294 2814; x_wconf 84' lang='lat' dir='ltr'><strong>compulsi,</strong></span> <span class='ocrx_word' id='word_1_403' title='bbox 3335 2743 3484 2798; x_wconf 81' lang='lat' dir='ltr'><strong>obsi-</strong></span> 
     </span>
    </p>
   </div>
   <div class='ocr_carea' id='block_1_57' title="bbox 1893 2836 3481 2914">
    <p class='ocr_par' dir='ltr' id='par_1_57' title="bbox 1893 2836 3481 2914">
     <span class='ocr_line' id='line_1_57' title="bbox 1893 2836 3481 2914; baseline -0.01 -8"><span class='ocrx_word' id='word_1_404' title='bbox 1893 2853 2116 2914; x_wconf 81' lang='lat' dir='ltr'><strong>dentur,</strong></span> <span class='ocrx_word' id='word_1_405' title='bbox 2169 2857 2226 2904; x_wconf 85' lang='lat' dir='ltr'><strong>et</strong></span> <span class='ocrx_word' id='word_1_406' title='bbox 2263 2847 2309 2902; x_wconf 92' lang='lat' dir='ltr'><strong>si</strong></span> <span class='ocrx_word' id='word_1_407' title='bbox 2346 2846 2480 2900; x_wconf 88' lang='lat' dir='ltr'><strong>urbs</strong></span> <span class='ocrx_word' id='word_1_408' title='bbox 2533 2844 2624 2898; x_wconf 90' lang='lat' dir='ltr'><strong>illa</strong></span> <span class='ocrx_word' id='word_1_409' title='bbox 2683 2843 2985 2896; x_wconf 87' lang='lat' dir='ltr'><strong>haberetur</strong></span> <span class='ocrx_word' id='word_1_410' title='bbox 3020 2836 3481 2908; x_wconf 74' lang='lat' dir='ltr'><strong>inexpugnabilis.</strong></span> 
     </span>
    </p>
   </div>
   <div class='ocr_carea' id='block_1_58' title="bbox 1892 2928 3482 3008">
    <p class='ocr_par' dir='ltr' id='par_1_58' title="bbox 1892 2928 3482 3008">
     <span class='ocr_line' id='line_1_58' title="bbox 1892 2928 3482 3008; baseline -0.013 -7"><span class='ocrx_word' id='word_1_411' title='bbox 1892 2947 2098 3000; x_wconf 80' lang='lat' dir='ltr'><strong>Verum</strong></span> <span class='ocrx_word' id='word_1_412' title='bbox 2148 2940 2368 2996; x_wconf 88' lang='lat' dir='ltr'><strong>Tharbe</strong></span> <span class='ocrx_word' id='word_1_413' title='bbox 2429 2935 2698 3008; x_wconf 90' lang='lat' dir='ltr'><strong>principis</strong></span> <span class='ocrx_word' id='word_1_414' title='bbox 2763 2933 3083 3002; x_wconf 56' lang='lat' dir='ltr'><strong>(Ethiopum</strong></span> <span class='ocrx_word' id='word_1_415' title='bbox 3142 2928 3272 2991; x_wconf 82' lang='lat' dir='ltr'><strong>lilia,</strong></span> <span class='ocrx_word' id='word_1_416' title='bbox 3326 2937 3482 2996; x_wconf 85' lang='lat' dir='ltr'><strong>capta</strong></span> 
     </span>
    </p>
   </div>
   <div class='ocr_carea' id='block_1_59' title="bbox 1895 3021 3480 3098">
    <p class='ocr_par' dir='ltr' id='par_1_59' title="bbox 1895 3021 3480 3098">
     <span class='ocr_line' id='line_1_59' title="bbox 1895 3021 3480 3098; baseline -0.013 -3"><span class='ocrx_word' id='word_1_417' title='bbox 1895 3053 2080 3095; x_wconf 88' lang='lat' dir='ltr'><strong>amore</strong></span> <span class='ocrx_word' id='word_1_418' title='bbox 2104 3035 2290 3098; x_wconf 88' lang='lat' dir='ltr'><strong>Mosis,</strong></span> <span class='ocrx_word' id='word_1_419' title='bbox 2313 3029 2686 3088; x_wconf 87' lang='lat' dir='ltr'><strong>internuntios</strong></span> <span class='ocrx_word' id='word_1_420' title='bbox 2703 3028 2767 3083; x_wconf 92' lang='lat' dir='ltr'><strong>ad</strong></span> <span class='ocrx_word' id='word_1_421' title='bbox 2781 3043 2906 3083; x_wconf 81' lang='lat' dir='ltr'><strong>eum</strong></span> <span class='ocrx_word' id='word_1_422' title='bbox 2933 3024 3101 3079; x_wconf 90' lang='lat' dir='ltr'><strong>mittit</strong></span> <span class='ocrx_word' id='word_1_423' title='bbox 3118 3022 3185 3078; x_wconf 89' lang='lat' dir='ltr'><strong>de</strong></span> <span class='ocrx_word' id='word_1_424' title='bbox 3203 3021 3480 3093; x_wconf 81' lang='lat' dir='ltr'><strong>conjugio.</strong></span> 
     </span>
    </p>
   </div>
   <div class='ocr_carea' id='block_1_60' title="bbox 1897 3113 3485 3192">
    <p class='ocr_par' dir='ltr' id='par_1_60' title="bbox 1897 3113 3485 3192">
     <span class='ocr_line' id='line_1_60' title="bbox 1897 3113 3485 3192; baseline -0.013 -8"><span class='ocrx_word' id='word_1_425' title='bbox 1897 3131 1993 3186; x_wconf 89' lang='lat' dir='ltr'><strong>Ille</strong></span> <span class='ocrx_word' id='word_1_426' title='bbox 2048 3127 2277 3192; x_wconf 89' lang='lat' dir='ltr'><strong>annuit,</strong></span> <span class='ocrx_word' id='word_1_427' title='bbox 2324 3124 2369 3181; x_wconf 91' lang='lat' dir='ltr'><strong>si</strong></span> <span class='ocrx_word' id='word_1_428' title='bbox 2400 3123 2594 3178; x_wconf 90' lang='lat' dir='ltr'><strong>urbem</strong></span> <span class='ocrx_word' id='word_1_429' title='bbox 2624 3120 2728 3176; x_wconf 84' lang='lat' dir='ltr'><strong>sibi</strong></span> <span class='ocrx_word' id='word_1_430' title='bbox 2775 3117 3036 3174; x_wconf 81' lang='lat' dir='ltr'><strong>traderet.</strong></span> <span class='ocrx_word' id='word_1_431' title='bbox 3081 3114 3168 3170; x_wconf 85' lang='lat' dir='ltr'><strong>Fit</strong></span> <span class='ocrx_word' id='word_1_432' title='bbox 3202 3113 3306 3168; x_wconf 89' lang='lat' dir='ltr'><strong>hoc</strong></span> <span class='ocrx_word' id='word_1_433' title='bbox 3337 3113 3485 3167; x_wconf 85' lang='lat' dir='ltr'><strong>dictu</strong></span> 
     </span>
    </p>
   </div>
   <div class='ocr_carea' id='block_1_61' title="bbox 209 3205 1787 3306">
    <p class='ocr_par' dir='ltr' id='par_1_61' title="bbox 209 3213 1787 3287">
     <span class='ocr_line' id='line_1_61' title="bbox 209 3213 1787 3287; baseline -0.001 -18"><span class='ocrx_word' id='word_1_434' title='bbox 209 3217 434 3287; x_wconf 72' lang='grc' dir='ltr'>(πολλὰς</span> <span class='ocrx_word' id='word_1_435' title='bbox 462 3217 522 3269; x_wconf 78' lang='grc' dir='ltr'>δὲ</span> <span class='ocrx_word' id='word_1_436' title='bbox 555 3215 764 3279; x_wconf 79' lang='grc' dir='ltr'>ταύτας</span> <span class='ocrx_word' id='word_1_437' title='bbox 813 3215 1007 3284; x_wconf 81' lang='grc' dir='ltr'>τρέφει</span> <span class='ocrx_word' id='word_1_438' title='bbox 1043 3213 1138 3268; x_wconf 77' lang='grc' dir='ltr'><strong>καὶ</strong></span> <span class='ocrx_word' id='word_1_439' title='bbox 1189 3213 1504 3284; x_wconf 77' lang='grc' dir='ltr'>χειροήθεις</span> <span class='ocrx_word' id='word_1_440' title='bbox 1533 3215 1565 3283; x_wconf 85' lang='grc' dir='ltr'>ἡ</span> <span class='ocrx_word' id='word_1_441' title='bbox 1617 3215 1787 3282; x_wconf 82' lang='grc' dir='ltr'>Δίγυ-</span> 
     </span>
    </p>
   </div>
   <div class='ocr_carea' id='block_1_62' title="bbox 1887 3205 3488 3306">
    <p class='ocr_par' dir='ltr' id='par_1_62' title="bbox 1899 3205 3488 3286">
     <span class='ocr_line' id='line_1_62' title="bbox 1899 3205 3488 3286; baseline -0.014 -8"><span class='ocrx_word' id='word_1_442' title='bbox 1899 3223 2084 3279; x_wconf 89' lang='lat' dir='ltr'><strong>citius.</strong></span> <span class='ocrx_word' id='word_1_443' title='bbox 2121 3218 2300 3274; x_wconf 85' lang='lat' dir='ltr'><strong>Moses</strong></span> <span class='ocrx_word' id='word_1_444' title='bbox 2349 3215 2572 3286; x_wconf 89' lang='lat' dir='ltr'><strong>nuptias</strong></span> <span class='ocrx_word' id='word_1_445' title='bbox 2618 3211 2885 3274; x_wconf 71' lang='lat' dir='ltr'><strong>celebrat,</strong></span> <span class='ocrx_word' id='word_1_446' title='bbox 2937 3206 3222 3280; x_wconf 66' lang='lat' dir='ltr'><strong>Egyptios</strong></span> <span class='ocrx_word' id='word_1_447' title='bbox 3273 3205 3488 3260; x_wconf 83' lang='lat' dir='ltr'><strong>reducit</strong></span> 
     </span>
    </p>
   </div>
   <div class='ocr_carea' id='block_1_63' title="bbox 214 3305 1794 3380">
    <p class='ocr_par' dir='ltr' id='par_1_63' title="bbox 214 3305 1794 3380">
     <span class='ocr_line' id='line_1_63' title="bbox 214 3305 1794 3380; baseline -0.002 -17"><span class='ocrx_word' id='word_1_448' title='bbox 214 3312 387 3380; x_wconf 66' lang='grc' dir='ltr'>πτας),</span> <span class='ocrx_word' id='word_1_449' title='bbox 431 3310 578 3364; x_wconf 72' lang='grc' dir='ltr'>κατὰ</span> <span class='ocrx_word' id='word_1_450' title='bbox 608 3310 708 3379; x_wconf 75' lang='grc' dir='ltr'><strong>τὴν</strong></span> <span class='ocrx_word' id='word_1_451' title='bbox 738 3309 860 3363; x_wconf 78' lang='grc' dir='ltr'>ὁδὸν</span> <span class='ocrx_word' id='word_1_452' title='bbox 895 3309 1117 3378; x_wconf 79' lang='grc' dir='ltr'>ἐκείνην</span> <span class='ocrx_word' id='word_1_453' title='bbox 1145 3305 1430 3376; x_wconf 87' lang='grc' dir='ltr'>ἐκόμιζεν.</span> <span class='ocrx_word' id='word_1_454' title='bbox 1455 3308 1519 3361; x_wconf 85' lang='grc' dir='ltr'>Δί</span> <span class='ocrx_word' id='word_1_455' title='bbox 1551 3307 1607 3360; x_wconf 81' lang='grc' dir='ltr'>δὲ</span> <span class='ocrx_word' id='word_1_456' title='bbox 1651 3308 1794 3372; x_wconf 88' lang='grc' dir='ltr'>ῐϐεις</span> 
     </span>
    </p>
   </div>
   <div class='ocr_carea' id='block_1_64' title="bbox 212 3401 1793 3473">
    <p class='ocr_par' dir='ltr' id='par_1_64' title="bbox 212 3401 1793 3473">
     <span class='ocr_line' id='line_1_64' title="bbox 212 3401 1793 3473; baseline -0.001 -15"><span class='ocrx_word' id='word_1_457' title='bbox 212 3410 316 3468; x_wconf 67' lang='grc' dir='ltr'>τοῖς</span> <span class='ocrx_word' id='word_1_458' title='bbox 351 3405 588 3470; x_wconf 81' lang='grc' dir='ltr'>ίοϐόλοις</span> <span class='ocrx_word' id='word_1_459' title='bbox 632 3403 844 3465; x_wconf 83' lang='grc' dir='ltr'>τούτοις</span> <span class='ocrx_word' id='word_1_460' title='bbox 887 3403 1162 3473; x_wconf 87' lang='grc' dir='ltr'>πολέμιοι.</span> <span class='ocrx_word' id='word_1_461' title='bbox 1211 3401 1318 3454; x_wconf 71' lang='grc' dir='ltr'>Καὶ</span> <span class='ocrx_word' id='word_1_462' title='bbox 1365 3403 1598 3466; x_wconf 80' lang='grc' dir='ltr'>ταύταις</span> <span class='ocrx_word' id='word_1_463' title='bbox 1659 3420 1793 3473; x_wconf 84' lang='grc' dir='ltr'>προ-</span> 
     </span>
    </p>
   </div>
   <div class='ocr_carea' id='block_1_65' title="bbox 212 3493 1794 3568">
    <p class='ocr_par' dir='ltr' id='par_1_65' title="bbox 212 3493 1794 3568">
     <span class='ocr_line' id='line_1_65' title="bbox 212 3493 1794 3568; baseline -0.002 -17"><span class='ocrx_word' id='word_1_464' title='bbox 212 3517 342 3568; x_wconf 78' lang='grc' dir='ltr'>ηγου</span> <span class='ocrx_word' id='word_1_465' title='bbox 354 3499 552 3568; x_wconf 82' lang='grc' dir='ltr'>μέναις</span> <span class='ocrx_word' id='word_1_466' title='bbox 579 3497 679 3568; x_wconf 82' lang='grc' dir='ltr'>τῆς</span> <span class='ocrx_word' id='word_1_467' title='bbox 705 3497 968 3566; x_wconf 80' lang='grc' dir='ltr'>στρατιᾶς</span> <span class='ocrx_word' id='word_1_468' title='bbox 1004 3493 1312 3566; x_wconf 77' lang='grc' dir='ltr'>προμάχοις</span> <span class='ocrx_word' id='word_1_469' title='bbox 1341 3494 1484 3548; x_wconf 86' lang='grc' dir='ltr'>κατὰ</span> <span class='ocrx_word' id='word_1_470' title='bbox 1509 3495 1616 3548; x_wconf 77' lang='grc' dir='ltr'><strong>τῶν</strong></span> <span class='ocrx_word' id='word_1_471' title='bbox 1650 3495 1794 3548; x_wconf 76' lang='grc' dir='ltr'>ἰοϐό-</span> 
     </span>
    </p>
   </div>
   <div class='ocr_carea' id='block_1_66' title="bbox 211 3587 1796 3661">
    <p class='ocr_par' dir='ltr' id='par_1_66' title="bbox 211 3587 1796 3661">
     <span class='ocr_line' id='line_1_66' title="bbox 211 3587 1796 3661; baseline -0.001 -18"><span class='ocrx_word' id='word_1_472' title='bbox 211 3593 310 3644; x_wconf 80' lang='grc' dir='ltr'><strong>λων</strong></span> <span class='ocrx_word' id='word_1_473' title='bbox 368 3592 672 3661; x_wconf 78' lang='grc' dir='ltr'>ἐχρήσατο,</span> <span class='ocrx_word' id='word_1_474' title='bbox 723 3591 818 3642; x_wconf 73' lang='grc' dir='ltr'><strong>καὶ</strong></span> <span class='ocrx_word' id='word_1_475' title='bbox 861 3589 1032 3658; x_wconf 77' lang='grc' dir='ltr'>μηδὲν</span> <span class='ocrx_word' id='word_1_476' title='bbox 1084 3587 1417 3658; x_wconf 87' lang='grc' dir='ltr'>προγνοῦσιν</span> <span class='ocrx_word' id='word_1_477' title='bbox 1469 3588 1650 3640; x_wconf 75' lang='grc' dir='ltr'>ἔπεισι</span> <span class='ocrx_word' id='word_1_478' title='bbox 1681 3589 1796 3652; x_wconf 85' lang='grc' dir='ltr'>τοῖς</span> 
     </span>
    </p>
   </div>
   <div class='ocr_carea' id='block_1_67' title="bbox 212 3681 1792 3755">
    <p class='ocr_par' dir='ltr' id='par_1_67' title="bbox 212 3681 1792 3755">
     <span class='ocr_line' id='line_1_67' title="bbox 212 3681 1792 3755; baseline -0.003 -16"><span class='ocrx_word' id='word_1_479' title='bbox 212 3686 442 3755; x_wconf 67' lang='grc' dir='ltr'>Αἰθίοψι.</span> <span class='ocrx_word' id='word_1_480' title='bbox 503 3686 613 3738; x_wconf 78' lang='grc' dir='ltr'>Καὶ</span> <span class='ocrx_word' id='word_1_481' title='bbox 648 3684 873 3744; x_wconf 81' lang='grc' dir='ltr'>τούτους</span> <span class='ocrx_word' id='word_1_482' title='bbox 896 3683 1042 3753; x_wconf 77' lang='grc' dir='ltr'>νικᾷ,</span> <span class='ocrx_word' id='word_1_483' title='bbox 1071 3685 1166 3736; x_wconf 78' lang='grc' dir='ltr'><strong>καὶ</strong></span> <span class='ocrx_word' id='word_1_484' title='bbox 1201 3682 1388 3745; x_wconf 81' lang='grc' dir='ltr'>πόλεις</span> <span class='ocrx_word' id='word_1_485' title='bbox 1416 3681 1595 3736; x_wconf 81' lang='grc' dir='ltr'>αὐτῶν</span> <span class='ocrx_word' id='word_1_486' title='bbox 1626 3681 1792 3752; x_wconf 77' lang='grc' dir='ltr'>αἱρεῖ.</span> 
     </span>
    </p>
   </div>
   <div class='ocr_carea' id='block_1_68' title="bbox 215 3772 1798 3843">
    <p class='ocr_par' dir='ltr' id='par_1_68' title="bbox 215 3772 1798 3843">
     <span class='ocr_line' id='line_1_68' title="bbox 215 3772 1798 3843; baseline -0.001 -15"><span class='ocrx_word' id='word_1_487' title='bbox 215 3778 272 3828; x_wconf 80' lang='grc' dir='ltr'><strong>Οἱ</strong></span> <span class='ocrx_word' id='word_1_488' title='bbox 298 3777 356 3830; x_wconf 77' lang='grc' dir='ltr'>δὲ</span> <span class='ocrx_word' id='word_1_489' title='bbox 397 3773 792 3836; x_wconf 80' lang='grc' dir='ltr'>συνελαθέντες</span> <span class='ocrx_word' id='word_1_490' title='bbox 827 3774 906 3833; x_wconf 83' lang='grc' dir='ltr'><strong>είς</strong></span> <span class='ocrx_word' id='word_1_491' title='bbox 945 3772 1126 3825; x_wconf 73' lang='grc' dir='ltr'>Σαϐὰν</span> <span class='ocrx_word' id='word_1_492' title='bbox 1150 3772 1288 3843; x_wconf 74' lang='grc'>(55),</span> <span class='ocrx_word' id='word_1_493' title='bbox 1323 3773 1476 3826; x_wconf 83' lang='grc' dir='ltr'>πόλιν</span> <span class='ocrx_word' id='word_1_494' title='bbox 1523 3772 1798 3842; x_wconf 84' lang='grc' dir='ltr'>βασίλειον</span> 
     </span>
    </p>
   </div>
   <div class='ocr_carea' id='block_1_69' title="bbox 214 3861 1796 3935">
    <p class='ocr_par' dir='ltr' id='par_1_69' title="bbox 214 3861 1796 3935">
     <span class='ocr_line' id='line_1_69' title="bbox 214 3861 1796 3935; baseline -0.002 -17"><span class='ocrx_word' id='word_1_495' title='bbox 214 3862 374 3918; x_wconf 68' lang='grc' dir='ltr'>οὖσαν</span> <span class='ocrx_word' id='word_1_496' title='bbox 422 3863 738 3927; x_wconf 74' lang='grc' dir='ltr'>Αἰθιοπίας,</span> <span class='ocrx_word' id='word_1_497' title='bbox 779 3863 846 3934; x_wconf 77' lang='grc' dir='ltr'>ῆν</span> <span class='ocrx_word' id='word_1_498' title='bbox 895 3861 1126 3932; x_wconf 77' lang='grc' dir='ltr'>ὕστερον</span> <span class='ocrx_word' id='word_1_499' title='bbox 1185 3861 1496 3935; x_wconf 84' lang='grc' dir='ltr'>Καμϐύσης</span> <span class='ocrx_word' id='word_1_500' title='bbox 1571 3863 1796 3934; x_wconf 80' lang='grc' dir='ltr'>Μερόην</span> 
     </span>
    </p>
   </div>
   <div class='ocr_carea' id='block_1_70' title="bbox 213 3952 1794 4028">
    <p class='ocr_par' dir='ltr' id='par_1_70' title="bbox 213 3952 1794 4028">
     <span class='ocr_line' id='line_1_70' title="bbox 213 3952 1794 4028; baseline -0.001 -19"><span class='ocrx_word' id='word_1_501' title='bbox 213 3957 468 4028; x_wconf 82' lang='grc' dir='ltr'>ὠνόμασε</span> <span class='ocrx_word' id='word_1_502' title='bbox 492 3955 586 4010; x_wconf 77' lang='grc' dir='ltr'>διὰ</span> <span class='ocrx_word' id='word_1_503' title='bbox 610 3955 714 4024; x_wconf 79' lang='grc' dir='ltr'>τὴν</span> <span class='ocrx_word' id='word_1_504' title='bbox 742 3952 1037 4025; x_wconf 83' lang='grc' dir='ltr'>ὁμώνυμον</span> <span class='ocrx_word' id='word_1_505' title='bbox 1059 3952 1321 4028; x_wconf 72' lang='grc' dir='ltr'>ἀδελφήν,</span> <span class='ocrx_word' id='word_1_506' title='bbox 1346 3952 1794 4025; x_wconf 78' lang='grc' dir='ltr'>ἐπολιορκοῦντο.</span> 
     </span>
    </p>
   </div>
   <div class='ocr_carea' id='block_1_71' title="bbox 215 4026 1800 4122">
    <p class='ocr_par' dir='ltr' id='par_1_71' title="bbox 215 4026 1800 4122">
     <span class='ocr_line' id='line_1_71' title="bbox 215 4026 1800 4122; baseline -0.003 -17"><span class='ocrx_word' id='word_1_507' title='bbox 215 4026 405 4106; x_wconf 15' lang='grc' dir='ltr'>Ἦνήδὲ</span> <span class='ocrx_word' id='word_1_508' title='bbox 437 4051 474 4122; x_wconf 86' lang='grc' dir='ltr'>ἡ</span> <span class='ocrx_word' id='word_1_509' title='bbox 507 4049 666 4113; x_wconf 86' lang='grc' dir='ltr'>πόλις</span> <span class='ocrx_word' id='word_1_510' title='bbox 695 4047 1184 4119; x_wconf 83' lang='grc' dir='ltr'>δυσπολιόρκητος.</span> <span class='ocrx_word' id='word_1_511' title='bbox 1213 4026 1444 4118; x_wconf 57' lang='grc' dir='ltr'>’Θάρϐης</span> <span class='ocrx_word' id='word_1_512' title='bbox 1469 4047 1526 4100; x_wconf 82' lang='grc' dir='ltr'>δὲ</span> <span class='ocrx_word' id='word_1_513' title='bbox 1572 4049 1668 4101; x_wconf 83' lang='grc' dir='ltr'><strong>τοῦ</strong></span> <span class='ocrx_word' id='word_1_514' title='bbox 1705 4049 1800 4101; x_wconf 79' lang='lat' dir='ltr'><strong>Ai-</strong></span> 
     </span>
    </p>
   </div>
   <div class='ocr_carea' id='block_1_72' title="bbox 221 4139 1800 4214">
    <p class='ocr_par' dir='ltr' id='par_1_72' title="bbox 221 4139 1800 4214">
     <span class='ocr_line' id='line_1_72' title="bbox 221 4139 1800 4214; baseline -0.003 -15"><span class='ocrx_word' id='word_1_515' title='bbox 221 4147 417 4199; x_wconf 79' lang='grc' dir='ltr'>θιόπων</span> <span class='ocrx_word' id='word_1_516' title='bbox 445 4143 785 4214; x_wconf 81' lang='grc' dir='ltr'>κρατοῦντος</span> <span class='ocrx_word' id='word_1_517' title='bbox 811 4141 1059 4211; x_wconf 80' lang='grc' dir='ltr'>θυγάτηρ</span> <span class='ocrx_word' id='word_1_518' title='bbox 1088 4141 1164 4204; x_wconf 83' lang='grc' dir='ltr'><strong>είς</strong></span> <span class='ocrx_word' id='word_1_519' title='bbox 1196 4139 1377 4214; x_wconf 80' lang='grc' dir='ltr'>ἔρωτα</span> <span class='ocrx_word' id='word_1_520' title='bbox 1407 4140 1604 4194; x_wconf 78' lang='grc' dir='ltr'>ὤλισθε</span> <span class='ocrx_word' id='word_1_521' title='bbox 1637 4142 1800 4195; x_wconf 85' lang='grc' dir='ltr'><strong>Μωῦ-</strong></span> 
     </span>
    </p>
   </div>
   <div class='ocr_carea' id='block_1_73' title="bbox 225 4234 1797 4305">
    <p class='ocr_par' dir='ltr' id='par_1_73' title="bbox 225 4234 1797 4305">
     <span class='ocr_line' id='line_1_73' title="bbox 225 4234 1797 4305; baseline -0.005 -11"><span class='ocrx_word' id='word_1_522' title='bbox 225 4242 374 4304; x_wconf 77' lang='grc' dir='ltr'>σέως,</span> <span class='ocrx_word' id='word_1_523' title='bbox 405 4239 507 4292; x_wconf 67' lang='grc' dir='ltr'><strong>καὶ</strong></span> <span class='ocrx_word' id='word_1_524' title='bbox 533 4234 1077 4305; x_wconf 75' lang='grc' dir='ltr'>διαπέμπεταιπρδς</span> <span class='ocrx_word' id='word_1_525' title='bbox 1109 4235 1280 4286; x_wconf 71' lang='grc' dir='ltr'>αὐτὸν</span> <span class='ocrx_word' id='word_1_526' title='bbox 1321 4236 1451 4305; x_wconf 78' lang='grc' dir='ltr'>περὶ</span> <span class='ocrx_word' id='word_1_527' title='bbox 1494 4234 1699 4304; x_wconf 87' lang='grc' dir='ltr'>γάμου.</span> <span class='ocrx_word' id='word_1_528' title='bbox 1739 4235 1797 4286; x_wconf 86' lang='grc' dir='ltr'><strong>Ὀ</strong></span> 
     </span>
    </p>
   </div>
   <div class='ocr_carea' id='block_1_74' title="bbox 223 4325 1796 4399">
    <p class='ocr_par' dir='ltr' id='par_1_74' title="bbox 223 4325 1796 4399">
     <span class='ocr_line' id='line_1_74' title="bbox 223 4325 1796 4399; baseline -0.006 -11"><span class='ocrx_word' id='word_1_529' title='bbox 223 4336 276 4389; x_wconf 69' lang='grc' dir='ltr'>δὲ</span> <span class='ocrx_word' id='word_1_530' title='bbox 305 4334 622 4396; x_wconf 79' lang='grc' dir='ltr'>κατένευεν,</span> <span class='ocrx_word' id='word_1_531' title='bbox 662 4329 712 4382; x_wconf 78' lang='grc' dir='ltr'><strong>εί</strong></span> <span class='ocrx_word' id='word_1_532' title='bbox 740 4328 1012 4399; x_wconf 79' lang='grc' dir='ltr'>παραδοίη</span> <span class='ocrx_word' id='word_1_533' title='bbox 1039 4327 1138 4399; x_wconf 78' lang='grc' dir='ltr'>τὴν</span> <span class='ocrx_word' id='word_1_534' title='bbox 1187 4327 1340 4380; x_wconf 86' lang='grc' dir='ltr'>πόλιν</span> <span class='ocrx_word' id='word_1_535' title='bbox 1381 4325 1551 4397; x_wconf 71' lang='grc' dir='ltr'>αὐτῷ.</span> <span class='ocrx_word' id='word_1_536' title='bbox 1596 4326 1796 4381; x_wconf 79' lang='grc' dir='ltr'>Φθάνει</span> 
     </span>
    </p>
   </div>
   <div class='ocr_carea' id='block_1_75' title="bbox 1896 3305 3486 3373">
    <p class='ocr_par' dir='ltr' id='par_1_75' title="bbox 1896 3305 3486 3373">
     <span class='ocr_line' id='line_1_75' title="bbox 1896 3305 3486 3373; baseline -0.014 0"><span class='ocrx_word' id='word_1_537' title='bbox 1896 3317 2145 3373; x_wconf 89' lang='lat' dir='ltr'><strong>domum.</strong></span> <span class='ocrx_word' id='word_1_538' title='bbox 2176 3314 2246 3367; x_wconf 83' lang='lat' dir='ltr'><strong>At</strong></span> <span class='ocrx_word' id='word_1_539' title='bbox 2286 3309 2363 3365; x_wconf 90' lang='lat' dir='ltr'><strong>illi</strong></span> <span class='ocrx_word' id='word_1_540' title='bbox 2407 3318 2464 3364; x_wconf 90' lang='lat' dir='ltr'><strong>et</strong></span> <span class='ocrx_word' id='word_1_541' title='bbox 2492 3307 2725 3363; x_wconf 90' lang='lat' dir='ltr'><strong>oderant</strong></span> <span class='ocrx_word' id='word_1_542' title='bbox 2770 3305 2965 3367; x_wconf 84' lang='lat' dir='ltr'><strong>illum,</strong></span> <span class='ocrx_word' id='word_1_543' title='bbox 3001 3313 3316 3373; x_wconf 87' lang='lat' dir='ltr'><strong>quanquam</strong></span> <span class='ocrx_word' id='word_1_544' title='bbox 3352 3311 3486 3352; x_wconf 88' lang='lat' dir='ltr'><strong>con-</strong></span> 
     </span>
    </p>
   </div>
   <div class='ocr_carea' id='block_1_76' title="bbox 1885 3389 3486 3472">
    <p class='ocr_par' dir='ltr' id='par_1_76' title="bbox 1885 3389 3486 3472">
     <span class='ocr_line' id='line_1_76' title="bbox 1885 3389 3486 3472; baseline -0.016 -5"><span class='ocrx_word' id='word_1_545' title='bbox 1885 3409 2134 3472; x_wconf 75' lang='lat' dir='ltr'><strong>servati,</strong></span> <span class='ocrx_word' id='word_1_546' title='bbox 2166 3414 2223 3462; x_wconf 90' lang='lat' dir='ltr'><strong>et</strong></span> <span class='ocrx_word' id='word_1_547' title='bbox 2250 3405 2590 3460; x_wconf 88' lang='lat' dir='ltr'><strong>Pharaonem</strong></span> <span class='ocrx_word' id='word_1_548' title='bbox 2623 3408 2813 3455; x_wconf 89' lang='lat' dir='ltr'><strong>contra</strong></span> <span class='ocrx_word' id='word_1_549' title='bbox 2835 3413 2960 3452; x_wconf 91' lang='lat' dir='ltr'><strong>eum</strong></span> <span class='ocrx_word' id='word_1_550' title='bbox 2993 3394 3346 3464; x_wconf 81' lang='lat' dir='ltr'><strong>instigabant.</strong></span> <span class='ocrx_word' id='word_1_551' title='bbox 3383 3389 3486 3456; x_wconf 84' lang='lat' dir='ltr'><strong>Qui</strong></span> 
     </span>
    </p>
   </div>
   <div class='ocr_carea' id='block_1_77' title="bbox 1897 3481 3489 3558">
    <p class='ocr_par' dir='ltr' id='par_1_77' title="bbox 1897 3481 3489 3558">
     <span class='ocr_line' id='line_1_77' title="bbox 1897 3481 3489 3558; baseline -0.015 -3"><span class='ocrx_word' id='word_1_552' title='bbox 1897 3507 1956 3555; x_wconf 91' lang='lat' dir='ltr'><strong>et</strong></span> <span class='ocrx_word' id='word_1_553' title='bbox 1991 3495 2372 3554; x_wconf 89' lang='lat' dir='ltr'><strong>sacerdotibus</strong></span> <span class='ocrx_word' id='word_1_554' title='bbox 2400 3493 2811 3558; x_wconf 88' lang='lat' dir='ltr'><strong>obtemperans,</strong></span> <span class='ocrx_word' id='word_1_555' title='bbox 2850 3494 2907 3540; x_wconf 87' lang='lat' dir='ltr'><strong>et</strong></span> <span class='ocrx_word' id='word_1_556' title='bbox 2927 3489 3075 3540; x_wconf 61' lang='lat' dir='ltr'><strong>caede</strong></span> <span class='ocrx_word' id='word_1_557' title='bbox 3102 3481 3364 3553; x_wconf 63' lang='lat' dir='ltr'><strong>Egyptii,</strong></span> <span class='ocrx_word' id='word_1_558' title='bbox 3393 3482 3489 3549; x_wconf 88' lang='lat' dir='ltr'><strong>qui</strong></span> 
     </span>
    </p>
   </div>
   <div class='ocr_carea' id='block_1_78' title="bbox 1897 3575 3490 3657">
    <p class='ocr_par' dir='ltr' id='par_1_78' title="bbox 1897 3575 3490 3657">
     <span class='ocr_line' id='line_1_78' title="bbox 1897 3575 3490 3657; baseline -0.012 -12"><span class='ocrx_word' id='word_1_559' title='bbox 1897 3591 2188 3646; x_wconf 63' lang='lat' dir='ltr'><strong>Hebraeum</strong></span> <span class='ocrx_word' id='word_1_560' title='bbox 2217 3586 2538 3657; x_wconf 73' lang='lat' dir='ltr'><strong>ﬂagellarat,</strong></span> <span class='ocrx_word' id='word_1_561' title='bbox 2560 3581 2812 3637; x_wconf 90' lang='lat' dir='ltr'><strong>irritatus</strong></span> <span class='ocrx_word' id='word_1_562' title='bbox 2838 3579 2922 3650; x_wconf 90' lang='lat' dir='ltr'><strong>(ut</strong></span> <span class='ocrx_word' id='word_1_563' title='bbox 2953 3579 3007 3632; x_wconf 91' lang='lat' dir='ltr'><strong>in</strong></span> <span class='ocrx_word' id='word_1_564' title='bbox 3039 3579 3180 3631; x_wconf 89' lang='lat' dir='ltr'><strong>libro</strong></span> <span class='ocrx_word' id='word_1_565' title='bbox 3209 3575 3490 3631; x_wconf 84' lang='lat' dir='ltr'><strong>Geneseos</strong></span> 
     </span>
    </p>
   </div>
   <div class='ocr_carea' id='block_1_79' title="bbox 1897 3668 3493 3747">
    <p class='ocr_par' dir='ltr' id='par_1_79' title="bbox 1897 3668 3493 3747">
     <span class='ocr_line' id='line_1_79' title="bbox 1897 3668 3493 3747; baseline -0.013 -5"><span class='ocrx_word' id='word_1_566' title='bbox 1897 3687 2234 3747; x_wconf 73' lang='lat' dir='ltr'><strong>continetur,</strong></span> <span class='ocrx_word' id='word_1_567' title='bbox 2259 3697 2383 3737; x_wconf 88' lang='lat' dir='ltr'><strong>esse</strong></span> <span class='ocrx_word' id='word_1_568' title='bbox 2412 3678 2688 3747; x_wconf 78' lang='lat' dir='ltr'><strong>.losephus</strong></span> <span class='ocrx_word' id='word_1_569' title='bbox 2715 3677 2819 3731; x_wconf 74' lang='lat' dir='ltr'><strong>hoc</strong></span> <span class='ocrx_word' id='word_1_570' title='bbox 2873 3673 3160 3745; x_wconf 79' lang='lat' dir='ltr'><strong>pra-.teriit)</strong></span> <span class='ocrx_word' id='word_1_571' title='bbox 3188 3671 3310 3726; x_wconf 65' lang='lat' dir='ltr'><strong>vita:</strong></span> <span class='ocrx_word' id='word_1_572' title='bbox 3329 3668 3493 3723; x_wconf 79' lang='lat' dir='ltr'><strong>Mosis</strong></span> 
     </span>
    </p>
   </div>
   <div class='ocr_carea' id='block_1_80' title="bbox 1903 3763 3490 3840">
    <p class='ocr_par' dir='ltr' id='par_1_80' title="bbox 1903 3763 3490 3840">
     <span class='ocr_line' id='line_1_80' title="bbox 1903 3763 3490 3840; baseline -0.013 -4"><span class='ocrx_word' id='word_1_573' title='bbox 1903 3779 2218 3836; x_wconf 87' lang='lat' dir='ltr'><strong>insidiatur.</strong></span> <span class='ocrx_word' id='word_1_574' title='bbox 2255 3775 2483 3840; x_wconf 62' lang='lat' dir='ltr'><strong>Tamen,</strong></span> <span class='ocrx_word' id='word_1_575' title='bbox 2511 3773 2622 3836; x_wconf 91' lang='lat' dir='ltr'><strong>ille,</strong></span> <span class='ocrx_word' id='word_1_576' title='bbox 2649 3769 2903 3840; x_wconf 88' lang='lat' dir='ltr'><strong>quamvis</strong></span> <span class='ocrx_word' id='word_1_577' title='bbox 2929 3767 3030 3822; x_wconf 67' lang='lat' dir='ltr'><strong>via:</strong></span> <span class='ocrx_word' id='word_1_578' title='bbox 3055 3763 3490 3825; x_wconf 87' lang='lat' dir='ltr'><strong>custodirentur,</strong></span> 
     </span>
    </p>
   </div>
   <div class='ocr_carea' id='block_1_81' title="bbox 1901 3856 3493 3944">
    <p class='ocr_par' dir='ltr' id='par_1_81' title="bbox 1901 3856 3493 3944">
     <span class='ocr_line' id='line_1_81' title="bbox 1901 3856 3493 3944; baseline -0.013 -15"><span class='ocrx_word' id='word_1_579' title='bbox 1901 3875 2040 3930; x_wconf 90' lang='lat' dir='ltr'><strong>clam</strong></span> <span class='ocrx_word' id='word_1_580' title='bbox 2077 3888 2176 3944; x_wconf 89' lang='lat' dir='ltr'><strong>per</strong></span> <span class='ocrx_word' id='word_1_581' title='bbox 2208 3870 2489 3925; x_wconf 87' lang='lat' dir='ltr'><strong>desertum</strong></span> <span class='ocrx_word' id='word_1_582' title='bbox 2530 3864 2741 3936; x_wconf 79' lang='lat' dir='ltr'><strong>aufugit</strong></span> <span class='ocrx_word' id='word_1_583' title='bbox 2769 3865 2822 3918; x_wconf 79' lang='lat' dir='ltr'><strong>in</strong></span> <span class='ocrx_word' id='word_1_584' title='bbox 2853 3861 2964 3933; x_wconf 69' lang='grc'><strong>34</strong></span> <span class='ocrx_word' id='word_1_585' title='bbox 2995 3860 3186 3915; x_wconf 89' lang='lat' dir='ltr'><strong>urbem</strong></span> <span class='ocrx_word' id='word_1_586' title='bbox 3237 3856 3493 3920; x_wconf 82' lang='lat' dir='ltr'><strong>Madiam,</strong></span> 
     </span>
    </p>
   </div>
   <div class='ocr_carea' id='block_1_82' title="bbox 1902 3949 3494 4031">
    <p class='ocr_par' dir='ltr' id='par_1_82' title="bbox 1902 3949 3494 4031">
     <span class='ocr_line' id='line_1_82' title="bbox 1902 3949 3494 4031; baseline -0.011 -9"><span class='ocrx_word' id='word_1_587' title='bbox 1902 3983 1968 4022; x_wconf 90' lang='lat' dir='ltr'><strong>ac</strong></span> <span class='ocrx_word' id='word_1_588' title='bbox 1997 3962 2302 4021; x_wconf 86' lang='lat' dir='ltr'><strong>sacerdotis</strong></span> <span class='ocrx_word' id='word_1_589' title='bbox 2331 3961 2495 4031; x_wconf 88' lang='lat' dir='ltr'><strong>hujus</strong></span> <span class='ocrx_word' id='word_1_590' title='bbox 2519 3959 2620 4012; x_wconf 90' lang='lat' dir='ltr'><strong>loci</strong></span> <span class='ocrx_word' id='word_1_591' title='bbox 2644 3956 2885 4025; x_wconf 87' lang='lat' dir='ltr'><strong>hospitio</strong></span> <span class='ocrx_word' id='word_1_592' title='bbox 2909 3955 3084 4009; x_wconf 89' lang='lat' dir='ltr'><strong>utitur</strong></span> <span class='ocrx_word' id='word_1_593' title='bbox 3111 3971 3123 4006; x_wconf 76' lang='grc' dir='ltr'>ε</span> <span class='ocrx_word' id='word_1_594' title='bbox 3155 3951 3249 4022; x_wconf 93' lang='lat' dir='ltr'><strong>qui</strong></span> <span class='ocrx_word' id='word_1_595' title='bbox 3272 3949 3494 4005; x_wconf 86' lang='lat' dir='ltr'><strong>nomine</strong></span> 
     </span>
    </p>
   </div>
   <div class='ocr_carea' id='block_1_83' title="bbox 1904 4044 3494 4126">
    <p class='ocr_par' dir='ltr' id='par_1_83' title="bbox 1904 4044 3494 4126">
     <span class='ocr_line' id='line_1_83' title="bbox 1904 4044 3494 4126; baseline -0.009 -15"><span class='ocrx_word' id='word_1_596' title='bbox 1904 4057 2112 4126; x_wconf 88' lang='lat' dir='ltr'><strong>duplici</strong></span> <span class='ocrx_word' id='word_1_597' title='bbox 2156 4054 2439 4125; x_wconf 81' lang='lat' dir='ltr'><strong>praeditus.</strong></span> <span class='ocrx_word' id='word_1_598' title='bbox 2484 4060 2542 4106; x_wconf 90' lang='lat' dir='ltr'><strong>ct</strong></span> <span class='ocrx_word' id='word_1_599' title='bbox 2589 4050 2793 4120; x_wconf 78' lang='lat' dir='ltr'><strong>Raguel</strong></span> <span class='ocrx_word' id='word_1_600' title='bbox 2843 4059 2898 4104; x_wconf 91' lang='lat' dir='ltr'><strong>et</strong></span> <span class='ocrx_word' id='word_1_601' title='bbox 2942 4048 3136 4104; x_wconf 82' lang='lat' dir='ltr'><strong>Jothor</strong></span> <span class='ocrx_word' id='word_1_602' title='bbox 3170 4044 3494 4100; x_wconf 86' lang='lat' dir='ltr'><strong>vocabatur.</strong></span> 
     </span>
    </p>
   </div>
   <div class='ocr_carea' id='block_1_84' title="bbox 1904 4137 3501 4214">
    <p class='ocr_par' dir='ltr' id='par_1_84' title="bbox 1904 4137 3501 4214">
     <span class='ocr_line' id='line_1_84' title="bbox 1904 4137 3501 4214; baseline -0.009 -9"><span class='ocrx_word' id='word_1_603' title='bbox 1904 4151 1958 4206; x_wconf 92' lang='lat' dir='ltr'><strong>ls</strong></span> <span class='ocrx_word' id='word_1_604' title='bbox 1989 4149 2154 4204; x_wconf 75' lang='lat' dir='ltr'><strong>tiliam</strong></span> <span class='ocrx_word' id='word_1_605' title='bbox 2200 4161 2356 4202; x_wconf 88' lang='lat' dir='ltr'><strong>suam</strong></span> <span class='ocrx_word' id='word_1_606' title='bbox 2400 4144 2703 4214; x_wconf 87' lang='lat' dir='ltr'><strong>Sephoram</strong></span> <span class='ocrx_word' id='word_1_607' title='bbox 2741 4141 2876 4198; x_wconf 88' lang='lat' dir='ltr'><strong>Mosi</strong></span> <span class='ocrx_word' id='word_1_608' title='bbox 2912 4155 3138 4195; x_wconf 76' lang='lat' dir='ltr'><strong>uxorem</strong></span> <span class='ocrx_word' id='word_1_609' title='bbox 3166 4137 3501 4208; x_wconf 77' lang='lat' dir='ltr'><strong>despondet,</strong></span> 
     </span>
    </p>
   </div>
   <div class='ocr_carea' id='block_1_85' title="bbox 1906 4237 2714 4312">
    <p class='ocr_par' dir='ltr' id='par_1_85' title="bbox 1906 4237 2714 4312">
     <span class='ocr_line' id='line_1_85' title="bbox 1906 4237 2714 4312; baseline -0.012 -12"><span class='ocrx_word' id='word_1_610' title='bbox 1906 4251 1964 4300; x_wconf 88' lang='lat' dir='ltr'><strong>et</strong></span> <span class='ocrx_word' id='word_1_611' title='bbox 1993 4257 2181 4298; x_wconf 90' lang='lat' dir='ltr'><strong>curam</strong></span> <span class='ocrx_word' id='word_1_612' title='bbox 2212 4255 2436 4312; x_wconf 88' lang='lat' dir='ltr'><strong>gregum</strong></span> <span class='ocrx_word' id='word_1_613' title='bbox 2471 4237 2714 4293; x_wconf 88' lang='lat' dir='ltr'><strong>mandat.</strong></span> 
     </span>
    </p>
   </div>
   <div class='ocr_carea' id='block_1_86' title="bbox 225 4413 3500 4499">
    <p class='ocr_par' dir='ltr' id='par_1_86' title="bbox 225 4413 3500 4499">
     <span class='ocr_line' id='line_1_86' title="bbox 225 4413 3500 4499; baseline -0.005 -18"><span class='ocrx_word' id='word_1_614' title='bbox 225 4429 280 4481; x_wconf 77' lang='grc' dir='ltr'>τὺ</span> <span class='ocrx_word' id='word_1_615' title='bbox 339 4430 503 4499; x_wconf 83' lang='grc' dir='ltr'>ἔργον</span> <span class='ocrx_word' id='word_1_616' title='bbox 552 4426 680 4490; x_wconf 75' lang='grc' dir='ltr'>τοὺς</span> <span class='ocrx_word' id='word_1_617' title='bbox 729 4424 946 4491; x_wconf 80' lang='grc' dir='ltr'>λόγους,</span> <span class='ocrx_word' id='word_1_618' title='bbox 1008 4421 1102 4474; x_wconf 69' lang='grc' dir='ltr'>καὶ</span> <span class='ocrx_word' id='word_1_619' title='bbox 1135 4421 1377 4491; x_wconf 83' lang='grc' dir='ltr'>Μωῢσῆς</span> <span class='ocrx_word' id='word_1_620' title='bbox 1435 4421 1611 4473; x_wconf 78' lang='grc' dir='ltr'>ἐτέλει</span> <span class='ocrx_word' id='word_1_621' title='bbox 1673 4419 1802 4482; x_wconf 76' lang='grc' dir='ltr'>τοὺς</span> <span class='ocrx_word' id='word_1_622' title='bbox 1842 4419 2078 4490; x_wconf 81' lang='grc' dir='ltr'>γάμους,</span> <span class='ocrx_word' id='word_1_623' title='bbox 2113 4417 2210 4471; x_wconf 72' lang='grc' dir='ltr'><strong>καὶ</strong></span> <span class='ocrx_word' id='word_1_624' title='bbox 2263 4416 2392 4481; x_wconf 79' lang='grc' dir='ltr'>τοὺς</span> <span class='ocrx_word' id='word_1_625' title='bbox 2419 4415 2756 4486; x_wconf 76' lang='grc' dir='ltr'>Αἰγυπτίους</span> <span class='ocrx_word' id='word_1_626' title='bbox 2817 4417 3110 4487; x_wconf 86' lang='grc' dir='ltr'>απήγαγεν</span> <span class='ocrx_word' id='word_1_627' title='bbox 3135 4416 3215 4478; x_wconf 86' lang='grc' dir='ltr'><strong>είς</strong></span> <span class='ocrx_word' id='word_1_628' title='bbox 3255 4413 3353 4484; x_wconf 82' lang='grc' dir='ltr'>τὴν</span> <span class='ocrx_word' id='word_1_629' title='bbox 3376 4413 3500 4466; x_wconf 83' lang='grc' dir='ltr'>ἐαυ-</span> 
     </span>
    </p>
   </div>
   <div class='ocr_carea' id='block_1_87' title="bbox 227 4508 3501 4590">
    <p class='ocr_par' dir='ltr' id='par_1_87' title="bbox 227 4508 3501 4590">
     <span class='ocr_line' id='line_1_87' title="bbox 227 4508 3501 4590; baseline -0.003 -18"><span class='ocrx_word' id='word_1_630' title='bbox 227 4521 346 4576; x_wconf 84' lang='grc' dir='ltr'><strong>τῶν.</strong></span> <span class='ocrx_word' id='word_1_631' title='bbox 384 4521 499 4575; x_wconf 77' lang='grc' dir='ltr'>Οἴδ⁹</span> <span class='ocrx_word' id='word_1_632' title='bbox 533 4521 763 4590; x_wconf 82' lang='grc' dir='ltr'>ἐμίσουν</span> <span class='ocrx_word' id='word_1_633' title='bbox 793 4515 956 4571; x_wconf 70' lang='grc' dir='ltr'>αὐτὸν</span> <span class='ocrx_word' id='word_1_634' title='bbox 991 4516 1085 4569; x_wconf 69' lang='grc' dir='ltr'>καὶ</span> <span class='ocrx_word' id='word_1_635' title='bbox 1112 4513 1436 4584; x_wconf 80' lang='grc' dir='ltr'>σωζόμενοι,</span> <span class='ocrx_word' id='word_1_636' title='bbox 1469 4515 1564 4568; x_wconf 69' lang='grc' dir='ltr'>καὶ</span> <span class='ocrx_word' id='word_1_637' title='bbox 1603 4511 1860 4584; x_wconf 70' lang='grc' dir='ltr'>ἠρέθιζον</span> <span class='ocrx_word' id='word_1_638' title='bbox 1927 4509 2021 4565; x_wconf 84' lang='grc' dir='ltr'>τὸν</span> <span class='ocrx_word' id='word_1_639' title='bbox 2091 4509 2294 4583; x_wconf 79' lang='grc' dir='ltr'>Φαραὼ</span> <span class='ocrx_word' id='word_1_640' title='bbox 2325 4509 2446 4563; x_wconf 80' lang='grc' dir='ltr'>κατ’</span> <span class='ocrx_word' id='word_1_641' title='bbox 2510 4508 2702 4567; x_wconf 84' lang='grc' dir='ltr'>αὑτοῦ.</span> <span class='ocrx_word' id='word_1_642' title='bbox 2741 4509 2800 4564; x_wconf 82' lang='grc'><strong>’0</strong></span> <span class='ocrx_word' id='word_1_643' title='bbox 2825 4509 2882 4563; x_wconf 82' lang='grc' dir='ltr'>δὲ</span> <span class='ocrx_word' id='word_1_644' title='bbox 2915 4511 3010 4563; x_wconf 70' lang='grc' dir='ltr'><strong>καὶ</strong></span> <span class='ocrx_word' id='word_1_645' title='bbox 3061 4511 3177 4572; x_wconf 85' lang='grc' dir='ltr'>τοῖς</span> <span class='ocrx_word' id='word_1_646' title='bbox 3198 4510 3501 4582; x_wconf 73' lang='grc' dir='ltr'>ἱερογραμο</span> 
     </span>
    </p>
   </div>
   <div class='ocr_carea' id='block_1_88' title="bbox 231 4606 3502 4688">
    <p class='ocr_par' dir='ltr' id='par_1_88' title="bbox 231 4606 3502 4688">
     <span class='ocr_line' id='line_1_88' title="bbox 231 4606 3502 4688; baseline -0.005 -15"><span class='ocrx_word' id='word_1_647' title='bbox 231 4617 456 4688; x_wconf 73' lang='grc' dir='ltr'>ματεῦσι</span> <span class='ocrx_word' id='word_1_648' title='bbox 481 4616 837 4686; x_wconf 80' lang='grc' dir='ltr'>πειθόμενος,</span> <span class='ocrx_word' id='word_1_649' title='bbox 873 4617 971 4671; x_wconf 68' lang='grc' dir='ltr'><strong>καὶ</strong></span> <span class='ocrx_word' id='word_1_650' title='bbox 1015 4616 1106 4670; x_wconf 79' lang='grc' dir='ltr'>διὰ</span> <span class='ocrx_word' id='word_1_651' title='bbox 1149 4615 1242 4669; x_wconf 71' lang='grc' dir='ltr'>τὸν</span> <span class='ocrx_word' id='word_1_652' title='bbox 1267 4614 1431 4684; x_wconf 80' lang='grc' dir='ltr'>φόνον</span> <span class='ocrx_word' id='word_1_653' title='bbox 1481 4612 1575 4668; x_wconf 89' lang='grc' dir='ltr'><strong>τοῦ</strong></span> <span class='ocrx_word' id='word_1_654' title='bbox 1631 4611 1964 4680; x_wconf 81' lang='grc' dir='ltr'>Αἰγυπτίου,</span> <span class='ocrx_word' id='word_1_655' title='bbox 2034 4609 2130 4664; x_wconf 87' lang='grc' dir='ltr'><strong>τοῦ</strong></span> <span class='ocrx_word' id='word_1_656' title='bbox 2203 4608 2298 4663; x_wconf 80' lang='grc' dir='ltr'>τὸν</span> <span class='ocrx_word' id='word_1_657' title='bbox 2347 4607 2608 4680; x_wconf 83' lang='grc' dir='ltr'>Ἐϐραῖον</span> <span class='ocrx_word' id='word_1_658' title='bbox 2641 4606 3022 4680; x_wconf 86' lang='grc' dir='ltr'>μαστίζοντος,</span> <span class='ocrx_word' id='word_1_659' title='bbox 3092 4608 3168 4671; x_wconf 84' lang='grc' dir='ltr'>ὼς</span> <span class='ocrx_word' id='word_1_660' title='bbox 3194 4609 3261 4678; x_wconf 78' lang='grc' dir='ltr'>τῇ</span> <span class='ocrx_word' id='word_1_661' title='bbox 3330 4607 3502 4679; x_wconf 78' lang='grc' dir='ltr'>βίϐλῳ</span> 
     </span>
    </p>
   </div>
   <div class='ocr_carea' id='block_1_89' title="bbox 232 4704 3502 4787">
    <p class='ocr_par' dir='ltr' id='par_1_89' title="bbox 232 4704 3502 4787">
     <span class='ocr_line' id='line_1_89' title="bbox 232 4704 3502 4787; baseline -0.004 -16"><span class='ocrx_word' id='word_1_662' title='bbox 232 4718 612 4787; x_wconf 76' lang='grc' dir='ltr'>περιείληπται</span> <span class='ocrx_word' id='word_1_663' title='bbox 649 4715 749 4783; x_wconf 79' lang='grc' dir='ltr'>τῆς</span> <span class='ocrx_word' id='word_1_664' title='bbox 796 4714 1166 4785; x_wconf 82' lang='grc' dir='ltr'>Γενέσεως(εί</span> <span class='ocrx_word' id='word_1_665' title='bbox 1205 4713 1297 4766; x_wconf 68' lang='grc' dir='ltr'>καὶ</span> <span class='ocrx_word' id='word_1_666' title='bbox 1360 4711 1520 4766; x_wconf 89' lang='grc' dir='ltr'>τοῦτο</span> <span class='ocrx_word' id='word_1_667' title='bbox 1591 4708 1948 4780; x_wconf 78' lang='grc' dir='ltr'>παοὲδραμεν</span> <span class='ocrx_word' id='word_1_668' title='bbox 1983 4709 2012 4762; x_wconf 91' lang='lat'><strong>6</strong></span> <span class='ocrx_word' id='word_1_669' title='bbox 2093 4705 2382 4780; x_wconf 81' lang='grc' dir='ltr'>Ἰώσηπος)</span> <span class='ocrx_word' id='word_1_670' title='bbox 2417 4705 2644 4761; x_wconf 85' lang='grc' dir='ltr'>ἐπέθετο</span> <span class='ocrx_word' id='word_1_671' title='bbox 2694 4707 2762 4776; x_wconf 80' lang='grc' dir='ltr'>τῇ</span> <span class='ocrx_word' id='word_1_672' title='bbox 2833 4704 3113 4776; x_wconf 81' lang='grc' dir='ltr'>ἀναιρέσει</span> <span class='ocrx_word' id='word_1_673' title='bbox 3175 4704 3270 4758; x_wconf 84' lang='grc' dir='ltr'><strong>τοῦ</strong></span> <span class='ocrx_word' id='word_1_674' title='bbox 3332 4706 3502 4759; x_wconf 83' lang='grc' dir='ltr'><strong>Μωῦ-</strong></span> 
     </span>
    </p>
   </div>
   <div class='ocr_carea' id='block_1_90' title="bbox 233 4796 3502 4874">
    <p class='ocr_par' dir='ltr' id='par_1_90' title="bbox 233 4796 3502 4874">
     <span class='ocr_line' id='line_1_90' title="bbox 233 4796 3502 4874; baseline -0.004 -10"><span class='ocrx_word' id='word_1_675' title='bbox 233 4814 380 4874; x_wconf 76' lang='grc' dir='ltr'>σὲως.</span> <span class='ocrx_word' id='word_1_676' title='bbox 444 4809 504 4863; x_wconf 86' lang='grc' dir='ltr'>Ὀ</span> <span class='ocrx_word' id='word_1_677' title='bbox 553 4807 610 4861; x_wconf 78' lang='grc' dir='ltr'>δὲ</span> <span class='ocrx_word' id='word_1_678' title='bbox 669 4808 766 4862; x_wconf 77' lang='grc' dir='ltr'><strong>καὶ</strong></span> <span class='ocrx_word' id='word_1_679' title='bbox 818 4809 927 4860; x_wconf 84' lang='grc' dir='ltr'>τῶν</span> <span class='ocrx_word' id='word_1_680' title='bbox 954 4807 1089 4863; x_wconf 80' lang='grc' dir='ltr'>ὁδῶν</span> <span class='ocrx_word' id='word_1_681' title='bbox 1146 4805 1576 4874; x_wconf 82' lang='grc' dir='ltr'>φυλαττομένων</span> <span class='ocrx_word' id='word_1_682' title='bbox 1630 4802 1812 4857; x_wconf 83' lang='grc' dir='ltr'>λαθὼν</span> <span class='ocrx_word' id='word_1_683' title='bbox 1888 4800 2142 4866; x_wconf 82' lang='grc' dir='ltr'>ὑπέξεισι</span> <span class='ocrx_word' id='word_1_684' title='bbox 2181 4799 2274 4854; x_wconf 82' lang='grc' dir='ltr'>διὰ</span> <span class='ocrx_word' id='word_1_685' title='bbox 2333 4800 2435 4870; x_wconf 85' lang='grc' dir='ltr'>τῆς</span> <span class='ocrx_word' id='word_1_686' title='bbox 2484 4801 2721 4870; x_wconf 83' lang='grc' dir='ltr'>ἐρήμου,</span> <span class='ocrx_word' id='word_1_687' title='bbox 2787 4800 2885 4851; x_wconf 73' lang='grc' dir='ltr'>καὶ</span> <span class='ocrx_word' id='word_1_688' title='bbox 2953 4799 3034 4862; x_wconf 82' lang='grc' dir='ltr'><strong>είς</strong></span> <span class='ocrx_word' id='word_1_689' title='bbox 3091 4796 3250 4851; x_wconf 89' lang='grc' dir='ltr'>πόλιν</span> <span class='ocrx_word' id='word_1_690' title='bbox 3311 4799 3502 4852; x_wconf 81' lang='grc' dir='ltr'>ἄπεισι</span> 
     </span>
    </p>
   </div>
   <div class='ocr_carea' id='block_1_91' title="bbox 232 4891 3502 4972">
    <p class='ocr_par' dir='ltr' id='par_1_91' title="bbox 232 4891 3502 4972">
     <span class='ocr_line' id='line_1_91' title="bbox 232 4891 3502 4972; baseline -0.004 -13"><span class='ocrx_word' id='word_1_691' title='bbox 232 4907 471 4972; x_wconf 52' lang='lat' dir='ltr'><strong>Marsum,</strong></span> <span class='ocrx_word' id='word_1_692' title='bbox 493 4904 591 4957; x_wconf 69' lang='grc' dir='ltr'><strong>καὶ</strong></span> <span class='ocrx_word' id='word_1_693' title='bbox 625 4902 896 4967; x_wconf 67' lang='grc' dir='ltr'>ξενίζεται</span> <span class='ocrx_word' id='word_1_694' title='bbox 923 4900 1077 4970; x_wconf 81' lang='grc' dir='ltr'>παρᾶ</span> <span class='ocrx_word' id='word_1_695' title='bbox 1110 4901 1187 4971; x_wconf 84' lang='grc' dir='ltr'>τῷ</span> <span class='ocrx_word' id='word_1_696' title='bbox 1221 4901 1318 4969; x_wconf 76' lang='grc' dir='ltr'>τῆς</span> <span class='ocrx_word' id='word_1_697' title='bbox 1355 4899 1564 4961; x_wconf 84' lang='grc' dir='ltr'>πόλεως</span> <span class='ocrx_word' id='word_1_698' title='bbox 1584 4899 1742 4967; x_wconf 78' lang='grc' dir='ltr'>ἱερεῖ,</span> <span class='ocrx_word' id='word_1_699' title='bbox 1767 4896 1847 4961; x_wconf 81' lang='grc' dir='ltr'>ὃς,</span> <span class='ocrx_word' id='word_1_700' title='bbox 1871 4895 2144 4965; x_wconf 84' lang='grc' dir='ltr'>διώνυμος</span> <span class='ocrx_word' id='word_1_701' title='bbox 2169 4895 2268 4960; x_wconf 81' lang='grc' dir='ltr'><strong>ὢν,</strong></span> <span class='ocrx_word' id='word_1_702' title='bbox 2307 4893 2585 4964; x_wconf 81' lang='grc' dir='ltr'>Ῥαγουὴλ</span> <span class='ocrx_word' id='word_1_703' title='bbox 2608 4891 2859 4947; x_wconf 82' lang='grc' dir='ltr'>ἐκαλεῖτο</span> <span class='ocrx_word' id='word_1_704' title='bbox 2880 4894 2975 4947; x_wconf 82' lang='grc' dir='ltr'>καὶ</span> <span class='ocrx_word' id='word_1_705' title='bbox 3011 4891 3204 4964; x_wconf 85' lang='grc' dir='ltr'>Ἰοθόρ.</span> <span class='ocrx_word' id='word_1_706' title='bbox 3243 4894 3300 4947; x_wconf 88' lang='lat'><strong>&#39;0</strong></span> <span class='ocrx_word' id='word_1_707' title='bbox 3321 4893 3378 4947; x_wconf 78' lang='grc' dir='ltr'>δὲ</span> <span class='ocrx_word' id='word_1_708' title='bbox 3400 4893 3502 4964; x_wconf 80' lang='grc' dir='ltr'><strong>τὴν</strong></span> 
     </span>
    </p>
   </div>
   <div class='ocr_carea' id='block_1_92' title="bbox 237 4983 3501 5066">
    <p class='ocr_par' dir='ltr' id='par_1_92' title="bbox 237 4983 3501 5066">
     <span class='ocr_line' id='line_1_92' title="bbox 237 4983 3501 5066; baseline -0.003 -16"><span class='ocrx_word' id='word_1_709' title='bbox 237 4997 502 5066; x_wconf 77' lang='grc' dir='ltr'>θυγατέρα</span> <span class='ocrx_word' id='word_1_710' title='bbox 533 4993 700 5048; x_wconf 83' lang='grc' dir='ltr'>αὑτοῦ</span> <span class='ocrx_word' id='word_1_711' title='bbox 729 4991 1035 5062; x_wconf 76' lang='grc' dir='ltr'>Σεπφὼραν</span> <span class='ocrx_word' id='word_1_712' title='bbox 1059 4993 1134 5062; x_wconf 74' lang='grc' dir='ltr'><strong>τῷ</strong></span> <span class='ocrx_word' id='word_1_713' title='bbox 1166 4992 1374 5062; x_wconf 76' lang='grc' dir='ltr'>Μωῡσῇ</span> <span class='ocrx_word' id='word_1_714' title='bbox 1409 4990 1545 5062; x_wconf 76' lang='grc' dir='ltr'>πρὸς</span> <span class='ocrx_word' id='word_1_715' title='bbox 1576 4990 1753 5060; x_wconf 81' lang='grc' dir='ltr'>γάμον</span> <span class='ocrx_word' id='word_1_716' title='bbox 1779 4987 2084 5052; x_wconf 86' lang='grc' dir='ltr'>ἐκδίδωσιν,</span> <span class='ocrx_word' id='word_1_717' title='bbox 2107 4987 2205 5040; x_wconf 73' lang='grc' dir='ltr'>καὶ</span> <span class='ocrx_word' id='word_1_718' title='bbox 2239 4985 2474 5057; x_wconf 89' lang='grc' dir='ltr'>ποιμένα</span> <span class='ocrx_word' id='word_1_719' title='bbox 2509 4986 2746 5039; x_wconf 86' lang='grc' dir='ltr'>ποιεῖται</span> <span class='ocrx_word' id='word_1_720' title='bbox 2779 4983 2889 5038; x_wconf 87' lang='grc' dir='ltr'>τῶν</span> <span class='ocrx_word' id='word_1_721' title='bbox 2916 4984 3114 5039; x_wconf 88' lang='grc' dir='ltr'>ἐαυτοῦ</span> <span class='ocrx_word' id='word_1_722' title='bbox 3141 4984 3501 5056; x_wconf 79' lang='grc' dir='ltr'>θρεμμάτων.</span> 
     </span>
    </p>
   </div>
   <div class='ocr_carea' id='block_1_93' title="bbox 299 5103 1787 5181">
    <p class='ocr_par' dir='ltr' id='par_1_93' title="bbox 299 5109 1787 5181">
     <span class='ocr_line' id='line_1_93' title="bbox 299 5109 1787 5181; baseline -0.004 -14"><span class='ocrx_word' id='word_1_723' title='bbox 299 5112 394 5168; x_wconf 60' lang='grc' dir='ltr'><strong>ιγ’.</strong></span> <span class='ocrx_word' id='word_1_724' title='bbox 424 5113 627 5180; x_wconf 78' lang='grc' dir='ltr'>Νέμων</span> <span class='ocrx_word' id='word_1_725' title='bbox 651 5110 695 5164; x_wconf 80' lang='grc' dir='ltr'>δ’</span> <span class='ocrx_word' id='word_1_726' title='bbox 728 5111 823 5165; x_wconf 78' lang='grc' dir='ltr'><strong>ἐπὶ</strong></span> <span class='ocrx_word' id='word_1_727' title='bbox 845 5110 904 5163; x_wconf 72' lang='grc' dir='ltr'>τὸ</span> <span class='ocrx_word' id='word_1_728' title='bbox 936 5110 1154 5164; x_wconf 89' lang='grc' dir='ltr'>Σίναιον</span> <span class='ocrx_word' id='word_1_729' title='bbox 1194 5111 1318 5181; x_wconf 85' lang='grc' dir='ltr'>δρος</span> <span class='ocrx_word' id='word_1_730' title='bbox 1351 5112 1378 5163; x_wconf 87' lang='grc' dir='ltr'><strong>ό</strong></span> <span class='ocrx_word' id='word_1_731' title='bbox 1408 5112 1672 5180; x_wconf 80' lang='grc' dir='ltr'>Μωῦσῆς,</span> <span class='ocrx_word' id='word_1_732' title='bbox 1709 5109 1787 5164; x_wconf 73' lang='grc' dir='ltr'><strong>τοί</strong></span> 
     </span>
    </p>
   </div>
   <div class='ocr_carea' id='block_1_94' title="bbox 1887 5103 3496 5181">
    <p class='ocr_par' dir='ltr' id='par_1_94' title="bbox 1985 5103 3496 5176">
     <span class='ocr_line' id='line_1_94' title="bbox 1985 5103 3496 5176; baseline -0.005 -15"><span class='ocrx_word' id='word_1_733' title='bbox 1985 5105 2129 5161; x_wconf 82' lang='grc' dir='ltr'>ΧΙΙΙ.</span> <span class='ocrx_word' id='word_1_734' title='bbox 2156 5103 2293 5161; x_wconf 90' lang='lat' dir='ltr'><strong>Cum</strong></span> <span class='ocrx_word' id='word_1_735' title='bbox 2334 5112 2515 5159; x_wconf 89' lang='lat' dir='ltr'><strong>autem</strong></span> <span class='ocrx_word' id='word_1_736' title='bbox 2551 5103 2616 5158; x_wconf 90' lang='lat' dir='ltr'><strong>ad</strong></span> <span class='ocrx_word' id='word_1_737' title='bbox 2654 5103 2912 5176; x_wconf 77' lang='lat' dir='ltr'><strong>Syriacum</strong></span> <span class='ocrx_word' id='word_1_738' title='bbox 2943 5109 3190 5156; x_wconf 86' lang='lat' dir='ltr'><strong>montem</strong></span> <span class='ocrx_word' id='word_1_739' title='bbox 3223 5110 3496 5173; x_wconf 86' lang='lat' dir='ltr'><strong>pasceret,</strong></span> 
     </span>
    </p>
   </div>
   <div class='ocr_carea' id='block_1_95' title="bbox 243 5195 1787 5277">
    <p class='ocr_par' dir='ltr' id='par_1_95' title="bbox 243 5202 1785 5277">
     <span class='ocr_line' id='line_1_95' title="bbox 243 5202 1785 5277; baseline -0.001 -19"><span class='ocrx_word' id='word_1_740' title='bbox 243 5208 360 5276; x_wconf 80' lang='grc' dir='ltr'>περὶ</span> <span class='ocrx_word' id='word_1_741' title='bbox 379 5207 478 5277; x_wconf 82' lang='grc' dir='ltr'><strong>τὴν</strong></span> <span class='ocrx_word' id='word_1_742' title='bbox 507 5205 672 5276; x_wconf 88' lang='grc' dir='ltr'>βάτον</span> <span class='ocrx_word' id='word_1_743' title='bbox 707 5202 954 5269; x_wconf 81' lang='grc' dir='ltr'>ἀξιοῦται</span> <span class='ocrx_word' id='word_1_744' title='bbox 988 5204 1289 5274; x_wconf 75' lang='grc' dir='ltr'>ὁράματος,</span> <span class='ocrx_word' id='word_1_745' title='bbox 1325 5203 1392 5275; x_wconf 79' lang='grc' dir='ltr'>ἣν</span> <span class='ocrx_word' id='word_1_746' title='bbox 1431 5203 1630 5273; x_wconf 74' lang='grc' dir='ltr'>ἔφλεγε</span> <span class='ocrx_word' id='word_1_747' title='bbox 1673 5204 1785 5274; x_wconf 88' lang='grc' dir='ltr'><strong>πῦρ</strong></span> 
     </span>
    </p>
   </div>
   <div class='ocr_carea' id='block_1_96' title="bbox 1887 5195 3504 5277">
    <p class='ocr_par' dir='ltr' id='par_1_96' title="bbox 1920 5195 3504 5266">
     <span class='ocr_line' id='line_1_96' title="bbox 1920 5195 3504 5266; baseline -0.003 -13"><span class='ocrx_word' id='word_1_748' title='bbox 1920 5199 2099 5254; x_wconf 89' lang='lat' dir='ltr'><strong>cernit</strong></span> <span class='ocrx_word' id='word_1_749' title='bbox 2147 5197 2471 5252; x_wconf 90' lang='lat' dir='ltr'><strong>miraculum</strong></span> <span class='ocrx_word' id='word_1_750' title='bbox 2524 5195 2658 5250; x_wconf 91' lang='lat' dir='ltr'><strong>illud</strong></span> <span class='ocrx_word' id='word_1_751' title='bbox 2719 5195 3016 5266; x_wconf 87' lang='lat' dir='ltr'><strong>rubl:qui</strong></span> <span class='ocrx_word' id='word_1_752' title='bbox 3071 5211 3195 5252; x_wconf 93' lang='lat' dir='ltr'><strong>cum</strong></span> <span class='ocrx_word' id='word_1_753' title='bbox 3249 5195 3504 5255; x_wconf 79' lang='lat' dir='ltr'><strong>arderet,</strong></span> 
     </span>
    </p>
   </div>
   <div class='ocr_carea' id='block_1_97' title="bbox 245 5287 1787 5369">
    <p class='ocr_par' dir='ltr' id='par_1_97' title="bbox 245 5291 1787 5369">
     <span class='ocr_line' id='line_1_97' title="bbox 245 5291 1787 5369; baseline -0.001 -19"><span class='ocrx_word' id='word_1_754' title='bbox 245 5300 298 5350; x_wconf 72' lang='grc' dir='ltr'>οὗ</span> <span class='ocrx_word' id='word_1_755' title='bbox 367 5301 554 5369; x_wconf 79' lang='grc' dir='ltr'>μέντοι</span> <span class='ocrx_word' id='word_1_756' title='bbox 627 5298 943 5352; x_wconf 84' lang='grc' dir='ltr'>κατέκαιεν.</span> <span class='ocrx_word' id='word_1_757' title='bbox 1003 5291 1141 5350; x_wconf 76' lang='grc' dir='ltr'><strong>Εἶτα</strong></span> <span class='ocrx_word' id='word_1_758' title='bbox 1203 5296 1302 5349; x_wconf 74' lang='grc' dir='ltr'><strong>καὶ</strong></span> <span class='ocrx_word' id='word_1_759' title='bbox 1357 5297 1546 5367; x_wconf 82' lang='grc' dir='ltr'>φωνῆς</span> <span class='ocrx_word' id='word_1_760' title='bbox 1600 5296 1787 5350; x_wconf 62' lang='grc' dir='ltr'>ἐκεῖθεε</span> 
     </span>
    </p>
   </div>
   <div class='ocr_carea' id='block_1_98' title="bbox 1887 5287 3503 5369">
    <p class='ocr_par' dir='ltr' id='par_1_98' title="bbox 1921 5287 3503 5348">
     <span class='ocr_line' id='line_1_98' title="bbox 1921 5287 3503 5348; baseline -0.006 -1"><span class='ocrx_word' id='word_1_761' title='bbox 1921 5307 2031 5347; x_wconf 90' lang='lat' dir='ltr'><strong>non</strong></span> <span class='ocrx_word' id='word_1_762' title='bbox 2065 5291 2434 5348; x_wconf 87' lang='lat' dir='ltr'><strong>cremabatur.</strong></span> <span class='ocrx_word' id='word_1_763' title='bbox 2482 5289 2690 5345; x_wconf 90' lang='lat' dir='ltr'><strong>Deinde</strong></span> <span class='ocrx_word' id='word_1_764' title='bbox 2721 5305 2911 5344; x_wconf 81' lang='lat' dir='ltr'><strong>vorem</strong></span> <span class='ocrx_word' id='word_1_765' title='bbox 2945 5290 3109 5345; x_wconf 86' lang='lat' dir='ltr'><strong>etiam</strong></span> <span class='ocrx_word' id='word_1_766' title='bbox 3161 5289 3286 5344; x_wconf 86' lang='lat' dir='ltr'><strong>inde</strong></span> <span class='ocrx_word' id='word_1_767' title='bbox 3331 5287 3503 5348; x_wconf 73' lang='lat' dir='ltr'><strong>audit,</strong></span> 
     </span>
    </p>
   </div>
   <div class='ocr_carea' id='block_1_99' title="bbox 246 5382 1787 5460">
    <p class='ocr_par' dir='ltr' id='par_1_99' title="bbox 246 5385 1787 5460">
     <span class='ocr_line' id='line_1_99' title="bbox 246 5385 1787 5460; baseline -0.001 -18"><span class='ocrx_word' id='word_1_768' title='bbox 246 5390 439 5453; x_wconf 58' lang='grc' dir='ltr'>ἀκούει,</span> <span class='ocrx_word' id='word_1_769' title='bbox 478 5394 512 5460; x_wconf 80' lang='grc' dir='ltr'>ἢ</span> <span class='ocrx_word' id='word_1_770' title='bbox 547 5388 625 5458; x_wconf 80' lang='grc' dir='ltr'>μὴ</span> <span class='ocrx_word' id='word_1_771' title='bbox 662 5386 983 5458; x_wconf 87' lang='grc' dir='ltr'>προϐαίνειν</span> <span class='ocrx_word' id='word_1_772' title='bbox 1023 5387 1340 5451; x_wconf 80' lang='grc' dir='ltr'>ἐπέταττεν,</span> <span class='ocrx_word' id='word_1_773' title='bbox 1379 5385 1475 5440; x_wconf 74' lang='lat' dir='ltr'><strong>am</strong></span> <span class='ocrx_word' id='word_1_774' title='bbox 1517 5385 1666 5440; x_wconf 89' lang='grc' dir='ltr'>θείου</span> <span class='ocrx_word' id='word_1_775' title='bbox 1719 5389 1787 5440; x_wconf 63' lang='grc' dir='ltr'>τοὶ</span> 
     </span>
    </p>
   </div>
   <div class='ocr_carea' id='block_1_100' title="bbox 1887 5382 3503 5460">
    <p class='ocr_par' dir='ltr' id='par_1_100' title="bbox 1923 5382 3503 5456">
     <span class='ocr_line' id='line_1_100' title="bbox 1923 5382 3503 5456; baseline -0.006 -15"><span class='ocrx_word' id='word_1_776' title='bbox 1923 5401 2044 5456; x_wconf 67' lang='grc' dir='ltr'><strong>ηοω</strong></span> <span class='ocrx_word' id='word_1_777' title='bbox 2067 5383 2322 5456; x_wconf 81' lang='lat' dir='ltr'><strong>progredi</strong></span> <span class='ocrx_word' id='word_1_778' title='bbox 2358 5393 2570 5440; x_wconf 87' lang='lat' dir='ltr'><strong>vetaret</strong></span> <span class='ocrx_word' id='word_1_779' title='bbox 2590 5425 2604 5449; x_wconf 92' lang='lat'><strong>,</strong></span> <span class='ocrx_word' id='word_1_780' title='bbox 2634 5382 2781 5454; x_wconf 90' lang='lat' dir='ltr'><strong>quod</strong></span> <span class='ocrx_word' id='word_1_781' title='bbox 2815 5383 2970 5438; x_wconf 88' lang='lat' dir='ltr'><strong>locus</strong></span> <span class='ocrx_word' id='word_1_782' title='bbox 2989 5383 3079 5438; x_wconf 88' lang='lat' dir='ltr'><strong>ille</strong></span> <span class='ocrx_word' id='word_1_783' title='bbox 3097 5383 3316 5438; x_wconf 86' lang='lat' dir='ltr'><strong>divinus</strong></span> <span class='ocrx_word' id='word_1_784' title='bbox 3337 5391 3503 5441; x_wconf 79' lang='lat' dir='ltr'><strong>esset,</strong></span> 
     </span>
    </p>
   </div>
   <div class='ocr_carea' id='block_1_101' title="bbox 247 5472 1787 5552">
    <p class='ocr_par' dir='ltr' id='par_1_101' title="bbox 247 5480 1780 5552">
     <span class='ocr_line' id='line_1_101' title="bbox 247 5480 1780 5552; baseline -0.001 -19"><span class='ocrx_word' id='word_1_785' title='bbox 247 5483 400 5536; x_wconf 83' lang='grc' dir='ltr'>τόπου</span> <span class='ocrx_word' id='word_1_786' title='bbox 429 5482 823 5552; x_wconf 80' lang='grc' dir='ltr'>τυγχάνοντος,</span> <span class='ocrx_word' id='word_1_787' title='bbox 882 5482 976 5534; x_wconf 78' lang='grc' dir='ltr'><strong>καὶ</strong></span> <span class='ocrx_word' id='word_1_788' title='bbox 1032 5481 1102 5532; x_wconf 59' lang='grc' dir='ltr'><strong>τι</strong></span> <span class='ocrx_word' id='word_1_789' title='bbox 1152 5480 1391 5548; x_wconf 87' lang='grc' dir='ltr'>ἐσόμενα</span> <span class='ocrx_word' id='word_1_790' title='bbox 1432 5481 1780 5550; x_wconf 80' lang='grc' dir='ltr'>προηγόρευε</span> 
     </span>
    </p>
   </div>
   <div class='ocr_carea' id='block_1_102' title="bbox 1887 5472 3508 5552">
    <p class='ocr_par' dir='ltr' id='par_1_102' title="bbox 1924 5472 3508 5550">
     <span class='ocr_line' id='line_1_102' title="bbox 1924 5472 3508 5550; baseline -0.008 -15"><span class='ocrx_word' id='word_1_791' title='bbox 1924 5490 1981 5535; x_wconf 89' lang='lat' dir='ltr'><strong>et</strong></span> <span class='ocrx_word' id='word_1_792' title='bbox 2003 5479 2188 5535; x_wconf 79' lang='lat' dir='ltr'><strong>futura</strong></span> <span class='ocrx_word' id='word_1_793' title='bbox 2221 5479 2565 5550; x_wconf 86' lang='lat' dir='ltr'><strong>praediceret,</strong></span> <span class='ocrx_word' id='word_1_794' title='bbox 2593 5487 2650 5534; x_wconf 90' lang='lat' dir='ltr'><strong>et</strong></span> <span class='ocrx_word' id='word_1_795' title='bbox 2678 5477 2833 5532; x_wconf 88' lang='lat' dir='ltr'><strong>abire</strong></span> <span class='ocrx_word' id='word_1_796' title='bbox 2863 5477 2915 5530; x_wconf 92' lang='lat' dir='ltr'><strong>in</strong></span> <span class='ocrx_word' id='word_1_797' title='bbox 2946 5474 3240 5546; x_wconf 67' lang='lat' dir='ltr'><strong>Egyptum</strong></span> <span class='ocrx_word' id='word_1_798' title='bbox 3266 5472 3508 5542; x_wconf 75' lang='lat' dir='ltr'><strong>jubet-et,</strong></span> 
     </span>
    </p>
   </div>
   <div class='ocr_carea' id='block_1_103' title="bbox 250 5567 1787 5644">
    <p class='ocr_par' dir='ltr' id='par_1_103' title="bbox 250 5571 1787 5644">
     <span class='ocr_line' id='line_1_103' title="bbox 250 5571 1787 5644; baseline -0.001 -18"><span class='ocrx_word' id='word_1_799' title='bbox 250 5575 333 5626; x_wconf 69' lang='lat' dir='ltr'><strong>ut</strong></span> <span class='ocrx_word' id='word_1_800' title='bbox 360 5576 582 5629; x_wconf 80' lang='grc' dir='ltr'>ἀπιέναι</span> <span class='ocrx_word' id='word_1_801' title='bbox 611 5572 765 5644; x_wconf 76' lang='grc' dir='ltr'><strong>αὐτῷ</strong></span> <span class='ocrx_word' id='word_1_802' title='bbox 795 5574 875 5637; x_wconf 81' lang='grc' dir='ltr'>εις</span> <span class='ocrx_word' id='word_1_803' title='bbox 907 5575 1186 5642; x_wconf 71' lang='grc' dir='ltr'>Αἴγυπτον</span> <span class='ocrx_word' id='word_1_804' title='bbox 1217 5571 1460 5634; x_wconf 78' lang='grc' dir='ltr'>ἐκέλευε,</span> <span class='ocrx_word' id='word_1_805' title='bbox 1502 5571 1636 5635; x_wconf 83' lang='grc' dir='ltr'>τοὺς</span> <span class='ocrx_word' id='word_1_806' title='bbox 1675 5571 1787 5640; x_wconf 86' lang='grc' dir='ltr'><strong>ὁμο</strong></span> 
     </span>
    </p>
   </div>
   <div class='ocr_carea' id='block_1_104' title="bbox 1887 5567 3512 5644">
    <p class='ocr_par' dir='ltr' id='par_1_104' title="bbox 1927 5567 3512 5644">
     <span class='ocr_line' id='line_1_104' title="bbox 1927 5567 3512 5644; baseline -0.006 -14"><span class='ocrx_word' id='word_1_807' title='bbox 1927 5583 1988 5631; x_wconf 86' lang='grc' dir='ltr'><strong>ιιι</strong></span> <span class='ocrx_word' id='word_1_808' title='bbox 2021 5573 2314 5644; x_wconf 87' lang='lat' dir='ltr'><strong>populares</strong></span> <span class='ocrx_word' id='word_1_809' title='bbox 2348 5588 2478 5628; x_wconf 87' lang='lat' dir='ltr'><strong>suos</strong></span> <span class='ocrx_word' id='word_1_810' title='bbox 2509 5587 2578 5627; x_wconf 80' lang='lat' dir='ltr'><strong>ex</strong></span> <span class='ocrx_word' id='word_1_811' title='bbox 2613 5571 2720 5626; x_wconf 88' lang='lat' dir='ltr'><strong>illis</strong></span> <span class='ocrx_word' id='word_1_812' title='bbox 2751 5570 3013 5626; x_wconf 67' lang='lat' dir='ltr'><strong>aerumnis</strong></span> <span class='ocrx_word' id='word_1_813' title='bbox 3049 5567 3292 5638; x_wconf 88' lang='lat' dir='ltr'><strong>eriperet</strong></span> <span class='ocrx_word' id='word_1_814' title='bbox 3329 5585 3339 5618; x_wconf 94' lang='lat'>:</span> <span class='ocrx_word' id='word_1_815' title='bbox 3372 5581 3512 5636; x_wconf 81' lang='lat' dir='ltr'><strong>quos</strong></span> 
     </span>
    </p>
   </div>
   <div class='ocr_carea' id='block_1_105' title="bbox 252 5658 1787 5752">
    <p class='ocr_par' dir='ltr' id='par_1_105' title="bbox 252 5663 1786 5752">
     <span class='ocr_line' id='line_1_105' title="bbox 252 5663 1786 5752; baseline -0.001 -32"><span class='ocrx_word' id='word_1_816' title='bbox 252 5671 413 5752; x_wconf 64' lang='grc' dir='ltr'>τενεῖς</span> <span class='ocrx_word' id='word_1_817' title='bbox 450 5669 549 5739; x_wconf 85' lang='grc' dir='ltr'>τῆς</span> <span class='ocrx_word' id='word_1_818' title='bbox 593 5669 712 5721; x_wconf 79' lang='grc' dir='ltr'>ἐκεῖ</span> <span class='ocrx_word' id='word_1_819' title='bbox 750 5665 1048 5730; x_wconf 82' lang='grc' dir='ltr'>κακώσεως</span> <span class='ocrx_word' id='word_1_820' title='bbox 1098 5665 1487 5732; x_wconf 81' lang='grc' dir='ltr'>ἁπαλλάξοντι,</span> <span class='ocrx_word' id='word_1_821' title='bbox 1547 5664 1642 5717; x_wconf 76' lang='grc' dir='ltr'><strong>καὶ</strong></span> <span class='ocrx_word' id='word_1_822' title='bbox 1686 5663 1786 5728; x_wconf 78' lang='grc' dir='ltr'><strong>ἐξά</strong></span> 
     </span>
    </p>
   </div>
   <div class='ocr_carea' id='block_1_106' title="bbox 1887 5658 3509 5752">
    <p class='ocr_par' dir='ltr' id='par_1_106' title="bbox 1925 5658 3509 5737">
     <span class='ocr_line' id='line_1_106' title="bbox 1925 5658 3509 5737; baseline -0.005 -16"><span class='ocrx_word' id='word_1_823' title='bbox 1925 5681 2052 5721; x_wconf 91' lang='lat' dir='ltr'><strong>cum</strong></span> <span class='ocrx_word' id='word_1_824' title='bbox 2084 5666 2365 5722; x_wconf 75' lang='lat' dir='ltr'><strong>eduxisset</strong></span> <span class='ocrx_word' id='word_1_825' title='bbox 2393 5681 2460 5721; x_wconf 79' lang='lat' dir='ltr'><strong>ex</strong></span> <span class='ocrx_word' id='word_1_826' title='bbox 2481 5662 2734 5737; x_wconf 66' lang='lat' dir='ltr'><strong>Egypto,</strong></span> <span class='ocrx_word' id='word_1_827' title='bbox 2759 5678 2912 5719; x_wconf 91' lang='lat' dir='ltr'><strong>sacra</strong></span> <span class='ocrx_word' id='word_1_828' title='bbox 2943 5662 2996 5716; x_wconf 93' lang='lat' dir='ltr'><strong>in</strong></span> <span class='ocrx_word' id='word_1_829' title='bbox 3021 5661 3140 5715; x_wconf 93' lang='lat' dir='ltr'><strong>loco</strong></span> <span class='ocrx_word' id='word_1_830' title='bbox 3164 5658 3256 5714; x_wconf 83' lang='lat' dir='ltr'><strong>illo</strong></span> <span class='ocrx_word' id='word_1_831' title='bbox 3280 5658 3509 5713; x_wconf 68' lang='lat' dir='ltr'><strong>faceret.</strong></span> 
     </span>
    </p>
   </div>
   <div class='ocr_carea' id='block_1_107' title="bbox 1476 5775 2330 5842">
    <p class='ocr_par' dir='ltr' id='par_1_107' title="bbox 1476 5775 2330 5842">
     <span class='ocr_line' id='line_1_107' title="bbox 1476 5775 2330 5842; baseline 0.001 -2"><span class='ocrx_word' id='word_1_832' title='bbox 1476 5777 1676 5840; x_wconf 65' lang='lat' dir='ltr'><strong>Variae</strong></span> <span class='ocrx_word' id='word_1_833' title='bbox 1702 5775 2020 5842; x_wconf 89' lang='lat' dir='ltr'><strong>lectiones</strong></span> <span class='ocrx_word' id='word_1_834' title='bbox 2052 5785 2115 5842; x_wconf 90' lang='lat' dir='ltr'><strong>et</strong></span> <span class='ocrx_word' id='word_1_835' title='bbox 2135 5785 2330 5842; x_wconf 66' lang='lat' dir='ltr'><strong>notua.</strong></span> 
     </span>
    </p>
   </div>
   <div class='ocr_carea' id='block_1_108' title="bbox 317 5884 1922 5966">
    <p class='ocr_par' dir='ltr' id='par_1_108' title="bbox 317 5884 1922 5966">
     <span class='ocr_line' id='line_1_108' title="bbox 317 5884 1922 5966; baseline -0.007 -16"><span class='ocrx_word' id='word_1_836' title='bbox 317 5893 421 5966; x_wconf 74' lang='lat'><strong>(35)</strong></span> <span class='ocrx_word' id='word_1_837' title='bbox 451 5889 686 5949; x_wconf 82' lang='grc' dir='ltr'>Βασάν.</span> <span class='ocrx_word' id='word_1_838' title='bbox 716 5889 919 5946; x_wconf 71' lang='grc' dir='ltr'>Σαϐαν.</span> <span class='ocrx_word' id='word_1_839' title='bbox 948 5887 1024 5946; x_wconf 87' lang='lat' dir='ltr'><strong>ita</strong></span> <span class='ocrx_word' id='word_1_840' title='bbox 1056 5888 1246 5946; x_wconf 83' lang='lat' dir='ltr'><strong>codice</strong></span> <span class='ocrx_word' id='word_1_841' title='bbox 1281 5886 1454 5958; x_wconf 81' lang='lat' dir='ltr'><strong>Regio</strong></span> <span class='ocrx_word' id='word_1_842' title='bbox 1497 5893 1553 5944; x_wconf 88' lang='lat' dir='ltr'><strong>ct</strong></span> <span class='ocrx_word' id='word_1_843' title='bbox 1578 5884 1922 5942; x_wconf 85' lang='lat' dir='ltr'><strong>Colbertino.</strong></span> 
     </span>
    </p>
   </div>
  </div>
