3958 6578
3603 270 3626 301 \

400 392 467 458 9i
1666 390 1986 455 JOANNIS
2024 389 2351 453 ZONARIE
3580 386 3654 448 9‘].

397 504 691 581 nncnsurze
741 506 795 562 id
853 521 1029 577 genus
1075 507 1182 579 est)
1227 523 1292 565 ex
1341 523 1409 565 eo
1456 508 1756 580 colligere:
1795 524 1904 580 quo
1934 509 1980 564 si

2087 507 2183 561 ἐπὶ
2222 506 2436 570 τούτοις
2465 503 2526 560 τὸ
2559 503 2751 559 Μάννα
2783 502 2914 559 ὗσεν
2953 504 3139 571 αύτοτς
3202 506 3230 560 6
3272 504 3426 569 Θέὸς,
3471 504 3651 576 μέλιτι

395 601 521 670 quis
566 601 688 671 plus
730 599 1063 670 collegisset,
1108 599 1376 670 postridie
1427 615 1537 655 non
1560 608 1680 656 erat
1724 601 1866 666 esui,
1919 608 1976 656 et

2083 599 2184 672 μὲν
2207 600 2310 672 τήν
2334 598 2528 670 ἡδονὴν
2563 597 2829 669 ἐμφερὲς,
2864 595 2926 651 τὸ
2952 596 3009 649 δέ
3064 596 3297 667 μέγεθος
3333 599 3661 669 κοριάνδρου

396 693 683 749 vermibus
712 703 766 749 et
793 692 1161 749 amaritudine
1191 682 1537 762 corruptum.
1565 691 1633 746 ld
1652 707 1718 746 eo
1741 691 1976 747 consilio

2083 694 2358 766 σπέρματι
2395 693 2606 764 ὅμοιον.
2664 693 2859 746 Μάννα
2892 690 2950 744 δέ
2986 691 3121 763 παρ’
3169 690 3394 745 ἐκείνων
3429 691 3651 762 κληθὲν,

394 785 624 853 factum,
656 801 724 841 ne
759 786 852 841 ubi
890 786 1099 842 robusti
1150 786 1380 841 multum
1411 791 1847 849 coacervasseut,
1894 785 1980 838 in—

2083 786 2154 850 ώς
2178 784 2530 858 ἀπορούντων
2566 785 2620 837 τί
2667 783 2733 839 ἂν
2775 783 2859 854 εῐη
2901 781 3053 837 αὐτό.
3105 781 3180 836 Τὸ
3230 781 3342 853 γὰρ
3382 782 3509 837 Μάν
3558 784 3653 837 καὶ

398 880 542 939 Ιίτωὶ
585 889 830 951 egerent.
883 880 997 935 Hoc
1037 879 1186 933 victu
1237 893 1411 933 annos
1451 876 1812 948 quadraginta
1846 884 1975 931 sunt

276 1034 287 1043 η
399 973 501 1037 nsi,
536 972 712 1029 donec
740 988 772 1028 e
802 973 1026 1028 deserto
1056 978 1432 1026 excesserunt.
1467 969 1656 1024 Denuo
1702 969 1755 1023 in
1795 969 1976 1024 locum

398 1083 666 1137 aquarum
689 1076 968 1137 expertem
994 1063 1289 1135 progressi,
1315 1062 1538 1118 nomine
1565 1063 1863 1133 Rapliidin,
1885 1061 1977 1118 siti

400 1172 595 1230 contra
641 1160 845 1215 Mosem
895 1157 1343 1214 exstimulantur.
1389 1155 1439 1211 Is
1476 1164 1731 1225 precatus
1780 1155 1974 1221 Deum,

391 1251 616 1322 iubetur
661 1249 854 1304 baculo
880 1256 1166 1318 percutere
1192 1254 1445 1317 petram:
1482 1262 1592 1317 quo
1621 1245 1789 1310 facto,
1823 1260 1979 1316 aquae

397 1340 794 1410 limpidissimze
825 1338 983 1408 copia
1004 1339 1263 1409 erumpit.
1294 1337 1424 1393 lnde
1442 1336 1816 1402 Amalecliitaa,
1850 1335 1977 1391 tini-

406 1432 557 1486 timis
592 1430 758 1486 etiam
800 1432 856 1485 in
903 1430 1167 1486 auxilium
1211 1429 1475 1495 evocatis,
1497 1436 1687 1484 contra
1722 1427 1981 1483 Hebraeos

398 1521 727 1591 procedunt.
778 1521 955 1578 Moses
989 1521 1265 1577 bellicosis
1307 1536 1337 1576 a
1368 1520 1576 1591 reliqua
1608 1519 1768 1575 turba
1794 1534 1977 1588 segre—

399 1613 562 1684 gatis,
618 1622 675 1667 et
721 1613 852 1669 Jesu
906 1614 1072 1669 Navis
1122 1613 1235 1668 tilio
1281 1612 1421 1668 duce
1463 1620 1693 1695 creato,‘
1723 1626 1788 1667 ac
1819 1619 1979 1680 parte

398 1707 680 1764 exercitus
710 1706 781 1762 ad
804 1723 1071 1777 aquarum
1093 1706 1400 1762 custodiam
1433 1704 1540 1776 37
1584 1705 1803 1769 relicta,
1862 1705 1979 1773 ipse

2078 878 2424 950 ἐπειρώτησιν
2477 877 2651 948 δηλοῖ,
2708 876 2852 929 κατά
2902 874 3000 946 τήν
3068 874 3301 933 ἐκείνων
3346 873 3648 929 διάλεκτον.

2079 971 2237 1027 Οὕτω
2263 971 2360 1027 καὶ
2396 970 2573 1025 ταῦτα
2621 968 2908 1040 Ἰώσηπος.
2968 966 3318 1021 Ἐνετέταλτο
3366 966 3424 1020 δέ
3477 967 3651 1022 ἀσσά-

2080 1081 2228 1138 ρωνα
2263 1065 2327 1118 ἐκ
2355 1062 2550 1117 τούτου
2600 1061 2829 1115 ἕκαστον
2889 1059 3169 1128 συλλέγειν
3202 1057 3264 1129 (6
3292 1058 3348 1111 δὲ
3396 1059 3651 1132 ἀσσάρων

2082 1154 2282 1225 μέτρον
2309 1153 2502 1222 iactv):
2523 1153 2572 1206 εί
2590 1151 2648 1206 δέ
2677 1169 2761 1216 τις
2790 1151 2953 1205 πλέον
2986 1149 3290 1217 συνέλεξεν,
3312 1151 3393 1213 είς
3414 1150 3513 1219 τήν
3548 1149 3646 1204 αύ-

2082 1265 2197 1318 ριον
2223 1247 2457 1319 ἄϐροτον
2511 1240 2604 1318 ἦν,
2657 1243 2764 1299 ὑπό
2805 1261 2865 1297 τε
2925 1244 3235 1314 σκωλήκων
3294 1242 3390 1297 καὶ
3425 1242 3651 1312 πικρίας

2077 1337 2518 1409 διεφθαρμένων.
2567 1336 2743 1391 Τοῦτο
2793 1336 2851 1390 δέ
2901 1336 3247 1408 ᾤκονόμητο,
3304 1336 3392 1390 ἵνα
3434 1336 3509 1407 μὴ
3543 1335 3651 1387 τῶν

2078 1429 2414 1500 ἐρρωμένων
2450 1428 2586 1483 πολὺ
2626 1429 2995 1497 συναγόντων,
3041 1428 3302 1502 ἐπιλείπῃ
3338 1431 3449 1491 τοῖς
3491 1425 3652 1481 ἀσθε-

2078 1518 2217 1574 νέσι.
2244 1520 2323 1591 Τῇ
2357 1519 2415 1573 δέ
2448 1522 2623 1591 τροφῇ
2676 1520 2852 1591 ταύτῃ
2897 1521 3310 1591 τεσσαράκοντα
3348 1520 3654 1591 ἐχρήσαντο

2080 1618 2277 1683 ἔτεσιν,
2304 1618 2390 1687 ἐφ’
2427 1618 2552 1673 ὅσον
2586 1613 2730 1689 ἦσαν
2777 1619 2836 1671 ἐν
2869 1619 2935 1689 τῇ
2980 1617 3197 1689 ἐρήμῳ.
3243 1615 3409 1678 Αὖθις
3451 1614 3542 1668 οὖν
3573 1614 3653 1677 είς

2079 1712 2309 1785 ἄνυδρον
2331 1707 2498 1780 ἦλθον
2536 1711 2727 1777 τόπον,
2758 1711 3104 1780 καλούμενον
3144 1710 3417 1778 Ῥαφιδὶν,
3448 1709 3546 1762 καὶ
3576 1708 3657 1761 δι-

403 1798 989 1855 montem~consceudit
1019 1817 1033 1854 :
1075 1799 1317 1869 Jesuque
1358 1797 1601 1862 mandat,
1633 1807 1693 1851 ut
1728 1797 1841 1851 Deo
1874 1795 1980 1850 fre-

2083 1804 2261 1873 ψῶτες
2289 1804 2430 1858 κατά
2483 1803 2764 1867 Μωῦσέως
2827 1802 3138 1872 κεκίνηντο.
3178 1803 3237 1855 Ὀ
3282 1801 3340 1854 δὲ
3387 1800 3485 1854 τοῦ
3518 1799 3653 1854 Θεοῦ

402 1900 512 1954 tus,
567 1900 757 1946 contra
813 1891 999 1947 hostes
1045 1890 1246 1948 educat
1297 1892 1502 1962 copias.
1546 1892 1811 1950 Conserta
1862 1895 1975 1965 jam

2083 1862 2625 1963 6eq05ic,xe').etietat
2670 1862 2852 1965 ῥάϐδῳ
2900 1862 3019 1962 τὴν.
3042 1893 3251 1963 πέτραν
3296 1891 3523 1962 πλῆξαι,
3559 1891 3656 1945 καὶ

400 1998 606 2052 pugna,
634 1982 814 2053 quoad
840 1983 1017 2039 Moses
1044 1998 1240 2039 manus
1258 1998 1475 2040 sursum
1502 1986 1745 2052 tenebat,
1768 1987 1980 2043 Hebraei

2085 1986 2334 2056 πλήττει,
2384 1979 2449 2056 ἦς
2504 1984 2705 2037 αὐτίκα
2755 1983 2901 2053 ὕδωρ
2932 1982 3236 2051 ἐξεϐλύσθη
3283 1981 3418 2037 πολύ
3469 2000 3528 2035 τε
3560 1982 3657 2035 καὶ

400 2073 768 2128 Amalccliitas
841 2074 981 2128 male
1047 2075 1408 2130 tractabant:
1452 2091 1578 2131 cum
1656 2076 1979 2145 remisisset,

2083 2069 2493 2145 διαυγέστατον.
2523 2076 2585 2129 υί.
2606 2075 2663 2129 δὲ
2681 2070 3047 2146 Ἀμαληκῖται
3073 2073 3214 2129 κατὰ
3243 2075 3353 2127 τῶν
3387 2073 3656 2144 Ἑϐραίων

399 2166 725 2221 extensione
789 2165 881 2221 illa
933 2165 1213 2238 fatigatus,
1290 2167 1456 2222 iidem
1514 2169 1976 2224 succumbebant.

2083 2168 2346 2240 ἐχώρουν,
2377 2168 2504 2228 τοὺς
2537 2168 2856 2236 περιοίκους
2904 2167 3232 2238 συμμάχους
3276 2163 3657 2239 προσκαλεσὼ

402 2261 593 2328 ltaque
645 2259 846 2314 Aaroni
901 2260 1081 2324 fratri,
1135 2270 1192 2315 et
1243 2260 1339 2316 Ori
1391 2261 1735 2317 Mariammes
1783 2263 1980 2319 marito

2087 2278 2256 2331 μενοι.
2289 2261 2529 2331 Μωῦσῆς
2557 2259 2615 2312 δὲ
2643 2259 2702 2312 τὸ
2756 2260 3000 2330 μάχιμον
3040 2259 3134 2313 τοῦ
3170 2258 3303 2313 λαοῦ
3330 2258 3441 2313 τῶν
3479 2256 3660 2313 ἄλλων

405 2349 650 2414 mandat,
698 2361 759 2405 ut
788 2351 1047 2421 utrinque
1073 2358 1314 2407 astantes
1347 2368 1546 2408 manus
1567 2353 1672 2409 sibi
1700 2354 1975 2409 fulcirent.

2085 2350 2407 2416 ἀποδιελὼν,
2436 2352 2531 2405 καὶ
2555 2350 2767 2421 Ἰησοῦν
2787 2351 2878 2404 τὸν
2908 2349 3003 2405 τοῦ
3055 2351 3211 2422 Ναυῆ
3249 2353 3546 2417 ἐπιστήσας
3567 2351 3659 2404 αύ-

403 2440 493 2494 Slc
555 2440 767 2497 Hebraei
824 2443 1081 2510 victores,
1158 2443 1528 2500 Amalechitas
1599 2446 1978 2501 internecione

2085 2447 2219 2511 τοῖς,
2247 2443 2418 2515 μέρος
2437 2443 2495 2497 δέ
2523 2461 2576 2497 τι
2595 2444 2695 2513 τῆς
2711 2444 2973 2514 στρατιᾶς
2996 2442 3315 2498 καταλιπὼν
3344 2444 3425 2506 είς
3440 2442 3536 2513 τὴν
3557 2442 3654 2497 τοῦ

401 2535 754 2604 ᾶοῖενίεεοιιι,
793 2536 903 2592 nisi
946 2554 1053 2593 nox
1097 2538 1345 2609 pmlium
1378 2538 1711 2600 diremisset.
1752 2540 1904 2595 nullo
1946 2555 1980 2597 ε

2086 2539 2277 2600 ὓδατος
2309 2538 2580 2608 φυλακὴν,
2601 2537 2767 2599 αὐτὸς
2797 2536 2896 2606 μὲν
2932 2536 3200 2609 ἀνεχώρει
3231 2537 3368 2609 πρὸς
3401 2534 3461 2590 τὸ
3480 2536 3606 2608 ὅρος
3629 2554 3644 2570 .

401 2628 518 2682 suis
546 2643 710 2684 03:80.
2085 2632 2264 2704 Ἰησοῦ
2299 2632 2342 2684 δ’
2373 2631 2684 2685 ἐνετέλλετο
2714 2632 3037 2686 πεποιθέναι
3076 2633 3219 2702 Θεῷ,
3262 2634 3358 2685 καί
3394 2633 3455 2685 τὸ
3479 2630 3649 2701 στρά-

401 2739 581 2792 τευμα
621 2724 763 2776 κατὰ
791 2721 902 2775 τῶν
942 2722 1204 2777 ἐναντίων
1238 2722 1479 2792 ἐξάγειν.
1550 2724 1689 2795 Ἤδη
1746 2719 1843 2778 οὗν
1907 2725 1937 2778 6
1978 2723 2218 2795 πόλεμος
2285 2726 2724 2798 συνερρήγνυτο⁸
2781 2725 2877 2779 καὶ
2930 2726 3088 2797 μέχρι
3139 2725 3239 2796 μὲν
3276 2725 3517 2794 Μωῢσῆς
3553 2725 3655 2787 τὰς

405 2814 609 2879 κείραςΔ
628 2807 772 2881 εῖχεν
811 2812 972 2883 ὑψοῦ,
1029 2813 1155 2878 τοὺς
1193 2816 1570 2885 Ἀμαληκίτας
1618 2818 1668 2869 οἱ
1724 2815 1971 2887 Ἑϐραῖοι
2010 2816 2198 2881 κακῶς
2255 2815 2574 2870 διετίθεντο.
2662 2816 2886 2881 Ὁσάκις
2939 2818 2997 2870 δέ
3042 2816 3139 2880 τὰς
3181 2820 3370 2888 χεῖρας
3412 2812 3657 2870 καθίειό

402 2904 666 2968 Μωῦσῆς,
699 2907 768 2975 τῇ
802 2906 1071 2978 ἀνατάσει
1141 2906 1350 2962 τούτων
1418 2909 1781 2980 πονούμενος,
1844 2908 2298 2979 καταπονηθηῖψαι
2345 2910 2474 2973 τοὺς
2533 2908 2825 2980 Ἐϐραίους
2873 2909 3207 2964 συνέϐαινεν.
3275 2911 3654 2981 Ἐκατὲρωθεν

401 2989 495 3047 οὖν
542 2996 636 3047 τὸν
673 2995 910 3064 ἀδελφὸν
948 2995 1186 3067 Ἀαρὼν,
1228 2998 1325 3053 καὶ
1368 2999 1489 3071 Ὠρ,
1523 3001 1614 3053 τὸν
1646 2999 1816 3070 ἄνδρα
1871 3000 1967 3070 τῆς
2009 2998 2250 3070 ἀδελφῆς
2281 3001 2538 3070 Μαριὰμ,
2597 3000 2805 3069 στήσας
2834 3001 3053 3070 ἀνέχειν
3122 3000 3223 3065 τὰς
3251 3004 3441 3075 χεῖρας
3485 3001 3659 3057 αὑτοῦ

358 3126 365 3133 .
402 3086 707 3143 ἐνετείλατο
755 3088 852 3143 καὶ
900 3090 1044 3142 οὕτω
1087 3092 1214 3154 τοὺς
1282 3091 1652 3162 Ἀμαληκίτας
1694 3090 1955 3155 νικῶντες
2006 3090 2274 3157 Ἑϐραῖοι,
2335 3093 2545 3156 πάντας
2578 3091 2891 3157 ἀπώλεσαν,
2935 3093 3002 3148 ἂν
3051 3095 3101 3147 εί
3144 3094 3221 3166 μὴ
3266 3095 3362 3160 νὺξ
3424 3097 3659 3167 ἐπέσχεν

401 3182 603 3243 αὐτοὺς
641 3180 912 3254 Ἐϐραίων
942 3184 1000 3237 δὲ
1030 3183 1292 3253 τέθνηκεν
1322 3184 1446 3238 οὐδὲ
1481 3178 1585 3251 εἷς.

476 3277 593 3333 XV.
664 3277 737 3331 Et
772 3293 839 3333 eo
879 3280 1002 3335 loco
1032 3282 1303 3352 progressi
1329 3322 1343 3345 .
1394 3282 1654 3337 trimestri
1707 3292 1829 3352 post
1859 3284 1975 3338 exi-

2153 3276 2261 3334 lE’.‘
2292 3275 2536 3330 Ἐκεῖθεν
2567 3276 2819 3348 ἀπῄεσαν
2849 3277 2931 3338 είς
2967 3276 3027 3329 τὸ
3063 3273 3273 3345 πρόσω,
3314 3276 3409 3331 καὶ
3447 3278 3508 3331 ἐν
3537 3294 3659 3349 τρι-

406 3382 519 3425 Inm
573 3387 639 3426 ex
692 3371 924 3442 [Egypto
950 3373 1171 3442 spatio,
1207 3375 1274 3428 ad
1308 3374 1439 3430 Sina
1486 3383 1727 3430 montem
1783 3391 1977 3445 perve-

2084 3375 2236 3438 μήνῳ
2270 3371 2408 3438 μετά
2439 3368 2537 3431 τὴν
2594 3368 2653 3430 ἐξ
2700 3368 2978 3435 Δίγύπτου
3037 3367 3338 3432 ὲξέλευσιν,
3400 3368 3658 3439 παρῆσαν

408 3466 585 3519 niunt.
619 3466 697 3520 lbi
732 3465 908 3520 Moses
936 3481 1051 3520 rem
1088 3465 1331 3521 divinam
1354 3469 1482 3523 facit
1510 3486 1521 3521 :
1562 3480 1634 3523 iet
1664 3484 1694 3522 a
1734 3469 1977 3539 Raguele

2083 3452 2174 3513 tiri.
2199 3464 2259 3512 τὸ
2284 3459 2409 3529 ὅρος
2434 3460 2585 3512 Σινί.
2625 3461 2735 3513 Καὶ
2769 3459 2931 3512 ἔθυσε
2972 3459 3220 3529 Μωῦσῆς
3242 3461 3360 3512 ἐκεῖ
3402 3459 3480 3531 τῷ
3509 3460 3654 3531 Θεῷ,

405 3572 598 3610 socero
618 3555 802 3610 aditur
824 3595 840 3621 ,
870 3557 963 3626 qui
992 3571 1118 3611 cum
1141 3573 1404 3627 generum
1445 3558 1679 3630 negotiis
1715 3558 1978 3613 obrutum

403 3648 638 3725 videret,
674 3648 933 3703 omnibus
971 3663 1098 3703 eum
1144 3649 1494 3715 adeuntibus,
1515 3653 1728 3717 suadet,
1761 3661 1815 3706 ut
1839 3652 1980 3722 juris

404 3741 629 3796 dicundi
692 3741 1025 3811 provinciam
1069 3741 1190 3796 aliis
1235 3744 1489 3799 mandet:
1544 3745 1660 3816 ipse
1710 3750 1976 3820 majorum

407 3850 588 3889 rerum
634 3850 766 3889 cura
804 3843 1095 3905 suscepta,
1142 3836 1305 3892 saluti
1360 3839 1548 3910 populi
1587 3843 1876 3908 consulat,
1923 3853 1979 3899 et

410 3930 692 4002 prmfectos
732 3932 1015 4004 designet,
1049 3933 1143 4005 qui
1169 3934 1354 3988 decies
1379 3933 1650 3999 millenis,
1676 3935 1771 4004 qui
1806 3934 1981 3990 mille-

407 4024 515 4087 nis,
545 4024 639 4092 qui
678 4025 991 4095 quingenis,
1028 4025 1298 4089 centenis,
1334 4024 1775 4095 quinquagenis.
1812 4026 1976 4080 trice-

408 4115 494 4168 nis
548 4114 710 4181 item,
731 4115 941 4170 vicenis
961 4155 976 4180 ,
1005 4125 1060 4170 et
1093 4115 1255 4171 denis
1280 4116 1525 4185 praesint.
1570 4116 1830 4187 Raguelis
1862 4132 1982 4170 mo-

407 4207 540 4262 nitis
593 4217 748 4277 paret
796 4209 1008 4276 Moses;
1061 4210 1323 4279 populum
1379 4224 1554 4279 prope
1621 4208 1753 4263 Sina
1799 4217 1981 4265 castra

407 4301 794 4373 locare‘jubet,
829 4303 947 4373 ipse
975 4312 1216 4357 montem
1249 4300 1520 4356 ascendit.
1555 4300 1800 4371 Populus
1822 4301 1977 4370 jussa

410 4395 737 4464 exsequitur
759 4434 774 4460 ,
810 4410 935 4450 cum
962 4394 1087 4449 aliis
1128 4394 1293 4449 rebus
1328 4392 1648 4457 immundis,
1683 4408 1811 4447 cum
1845 4408 1978 4448 con-

410 4505 600 4559 gressu
626 4489 924 4544 mulierum
960 4488 1203 4544 triduum
1231 4488 1533 4543 abstinens.
1564 4488 1663 4543 Die
1689 4488 1853 4545 tertio
1884 4505 1987 4543 nu-

2078 3554 2214 3606 ὅπου
2272 3555 2365 3603 καὶ
2425 3550 2698 3621 Ῥαγουὴλ
2734 3553 2763 3603 6
2805 3549 3070 3620 πενθερὸς
3111 3550 3276 3603 αὐτοῦ
3339 3554 3657 3623 ἀπήντησεν

2080 3642 2250 3714 αύτῷ.
2283 3645 2633 3711 Θεασάμενος
2675 3642 2731 3695 δέ
2778 3641 2872 3695 τὸν
2919 3641 3169 3713 γαμϐρὸν
3214 3645 3272 3696 ἐν
3340 3643 3483 3715 ὔχλῳ
3514 3662 3661 3713 πρα-

2078 3738 2305 3808 γμάτων
2358 3737 2510 3800 ὅντα,
2550 3737 2769 3789 πάντων
2801 3735 2886 3788 ἐπ’
2917 3736 3081 3789 αὐτὸν
3129 3735 3482 3807 βαδιζόντων,
3532 3755 3660 3792 συν-

2081 3829 2333 3883 εϐούλευε
2366 3829 2466 3899 τὴν
2495 3831 2594 3899 μὲν
2623 3829 2731 3883 τών
2756 3828 2925 3883 δικῶν
2959 3828 3188 3899 ζήτησιν
3209 3829 3420 3901 ἑτέροις
3446 3832 3661 3902 ἐπιτρέ-

2081 3938 2228 3979 πειν,
2250 3920 2416 3973 αὐτὸν
2438 3919 2495 3973 δὲ
2531 3919 2639 3972 τών
2669 3919 2942 3989 μειζόνων
2982 3922 3236 3986 προνοεῖν
3276 3923 3654 3991 πραγμάτων,

2082 4015 2178 4067 καὶ
2202 4014 2301 4083 τῆς
2328 4011 2423 4065 τοῦ
2457 4011 2589 4064 λαοῦ
2623 4010 2902 4081 σωτηρίας
2925 4028 2940 4043 ο
2974 4012 3070 4065 καὶ
3113 4012 3259 4066 κατὰ
3298 4014 3529 4085 μυρίους
3556 4015 3684 4086 ἄρν’

2082 4119 2279 4175 χοντας
2313 4100 2713 4168 ἀποδεικνύειν,
2763 4097 2887 4154 εἶτα
2921 4102 3067 4156 κατὰ
3105 4101 3337 4172 χιλίους,
3379 4105 3475 4157 καὶ
3516 4105 3658 4157 κατά

2083 4197 2478 4261 πεντακοσίους
2504 4196 2727 4267 ἐτέρους
2761 4198 3014 4268 ἐφιστᾷν,
3039 4197 3137 4250 καὶ
3162 4198 3258 4251 ἐπὶ
3278 4196 3494 4262 τούτοις
3528 4198 3661 4252 ἑκα-

2082 4292 2415 4363 τοντάρχους
2476 4290 2574 4344 καὶ
2639 4291 3154 4360 πεντηκονταρχους
3211 4292 3409 4357 ποιεῖν,
3457 4292 3551 4345 καὶ
3598 4293 3660 4345 ἐν

2081 4383 2402 4454 τριάκοντα,
2434 4386 2527 4439 καὶ
2549 4386 2746 4450 εἴκοσι,
2776 4381 2871 4437 καὶ
2898 4380 3034 4435 δέκα
3069 4382 3296 4452 ἐφιστᾷν
3335 4382 3461 4446 τοὺς
3482 4382 3663 4437 διακοο

2086 4478 2419 4547 σμήσοντας.
2446 4477 2636 4532 Ταῦτα
2679 4475 2779 4529 τοῦ
2816 4472 3086 4544 Ῥαγουήλ
3128 4472 3657 4542 συμϐουλεύσαντος,
3706 4512 3717 4554 τ

408 4584 506 4639 bes
534 4584 888 4640 Hebraeorum
922 4594 1100 4639 castra
1138 4581 1478 4647 circumdat,
1514 4597 1639 4637 cum
1674 4581 1980 4654 fulguribus

2088 4569 2332 4638 Μωΰσῆς
2368 4568 2511 4622 κατά
2566 4568 2666 4640 τὴν
2699 4568 2913 4623 ἐκείνου
2977 4564 3266 4635 ὑποθήκην
3307 4568 3472 4621 ποιεῖ.
3524 4561 3660 4620 Εἶτα

409 4674 784 4738 terribilibus,
815 4683 868 4729 et
897 4674 1103 4745 impetu
1129 4683 1456 4729 ventorum:
1511 4674 1715 4743 quibus
1760 4675 1980 4731 Hebraei

407 4765 728 4836 perterriti,
762 4765 904 4819 intra
932 4766 1283 4819 tabernacula
1325 4780 1386 4820 se
1420 4767 1724 4821 continent.
1772 4766 1980 4822 Deinde

2093 4660 2319 4728 πλησίον
2360 4660 2785 4730 μετασκηνῶσαι
2812 4659 2910 4712 τοῦ
2937 4657 3102 4728 ὅρους
3136 4656 3268 4710 Σινᾶ
3297 4657 3378 4729 τῷ
3416 4658 3529 4729 λαῷ
3570 4662 3660 4711 εν-

2089 4752 2430 4822 τειλάμενος,
2481 4753 2645 4817 αὐτὸς
2707 4753 2788 4814 είς
2821 4750 2883 4803 τὸ
2912 4750 3280 4834 δροςσὼιῄειο
3326 4750 3419 4805 καὶ
3463 4751 3491 4804 6
3533 4750 3663 4814 λαὸς

409 4855 587 4909 Moses
621 4855 904 4925 procedit,
942 4854 1142 4908 ﬁducia
1177 4855 1375 4924 plenus
1396 4892 1413 4921 ,
1441 4869 1653 4924 suoque
1678 4866 1976 4924 conspectu

2092 4845 2530 4916 μετεσκήνωσεν,
2566 4840 2812 4911 ἀγνεύων
2844 4844 2946 4913 τήν
2989 4857 3049 4895 τε
3082 4840 3251 4910 ἄλλην
3280 4840 3529 4910 ἁγνείαν,
3561 4841 3661 4893 καὶ

410 4947 769 5017 popularibus
811 4958 1018 5002 metum
1059 4946 1304 5000 adimit:
1351 4962 1475 5017 quae
1517 4947 1793 5003 mandarit
1835 4948 1980 5004 Deus

2089 4937 2198 4989 ἀπὸ
2224 4934 2485 5004 γυναικὸς
2511 4932 2803 4995 συνουσίας
2830 4934 3027 5003 τρίτην
3045 4933 3289 5004 ἡμέραν.
3322 4932 3483 4987 Κατά
3509 4931 3566 4985 δέ
3594 4949 3664 5001 γε

408 5040 660 5111 exponit,
687 5050 745 5095 et
773 5056 895 5111 qua:
916 5039 999 5094 eis
1022 5040 1273 5095 instituta
1295 5041 1407 5095 sint
1430 5040 1698 5096 tenenda:
1726 5041 1980 5112 producit

2083 5028 2182 5097 τὴν
2226 5024 2634 5098 τρίτηνέωθεν
2715 5025 2915 5098 νεφέλη
2986 5024 3355 5097 περιεκύκλου
3410 5024 3472 5078 τὸ
3551 5025 3665 5079 τῶν

406 5133 674 5202 populum
732 5147 859 5187 cum
907 5131 1172 5186 uxoribus
1205 5138 1262 5186 et
1299 5131 1492 5187 liberis
1536 5132 1605 5187 ad
1645 5133 1980 5188 audiendum

2099 5121 2371 5192 Ἐϐραίων
2402 5122 2792 5194 στρατόπεδον,
2824 5122 3107 5195 ἀστραπαί
3128 5140 3187 5175 τε
3216 5118 3359 5193 ἦσαν
3404 5123 3663 5194 φοϐεραὶ,

412 5223 607 5278 Deum.
647 5221 899 5278 Audiunt
942 5222 1022 5277 illi
1057 5236 1249 5277 vocem
1279 5238 1347 5278 ex
1379 5223 1490 5277 alto
1518 5221 1833 5279 demissam.
1890 5223 1980 5279 Ille

2088 5216 2185 5270 καὶ
2214 5217 2547 5285 πνευμάτων
2580 5216 2906 5289 σφοδρότης.
2941 5215 2978 5270 ἃ.
3009 5216 3140 5280 τοὺς
3181 5216 3472 5288 Ἐϐραίους
3522 5216 3663 5270 ἐδεί-

408 5332 603 5371 rursus
660 5324 906 5371 montem
953 5315 1320 5370 conscendit:
1359 5315 1414 5369 in
1457 5330 1568 5384 quo
1604 5331 1730 5371 cum
1776 5316 1984 5372 diutius

409 5418 744 5472 moraretur,
768 5406 1006 5477 populus
1032 5406 1100 5462 ad
1120 5407 1394 5462 Aaronem
1428 5406 1746 5461 conﬂucns:
1774 5406 1978 5471 Facito,

410 5496 610 5565 inquit,
643 5495 787 5550 nobis
814 5495 974 5550 deos:
998 5510 1124 5549 nam
1147 5494 1273 5566 quid
1307 5493 1443 5548 Mosi
1473 5495 1746 5559 acciderit,
1768 5495 1988 5565 ignora-

418 5602 557 5640 mus.
601 5584 784 5639 Aaron
804 5585 858 5639 vi
898 5584 1194 5650 subactus,
1240 5600 1439 5640 aureas
1466 5584 1717 5650 inaures,
1748 5594 1804 5639 et
1828 5601 1989 5640 mun-

419 5678 550 5732 dum
582 5676 906 5732 muliebrem
940 5692 1172 5732 uxorum
1199 5687 1257 5732 et
1293 5677 1526 5732 (iliaruni
1553 5693 1650 5730 eos
1678 5676 1881 5731 afferre
1901 5677 1992 5747 ju—

420 5770 538 5828 bet.
560 5769 810 5825 Al'l'erunt
830 5771 949 5838 illa,
978 5779 1036 5826 ct
1057 5771 1291 5826 vitulum
1318 5785 1548 5824 aureum
1578 5768 1705 5824 inde
1725 5768 1990 5835 conﬂant,

2094 5323 2252 5376 μαινε
2279 5308 2401 5369 ταῖς
2433 5308 2664 5377 σκηναῖς
2700 5306 3133 5377 προσμένοντας.
3180 5306 3565 5377 Ἐπιφαίνεται
3605 5305 3665 5359 δέ

2087 5399 2117 5451 6
2144 5398 2384 5467 Μωῦσῆς
2415 5396 2669 5465 ἔμπλεως
2696 5397 2955 5469 θάρσους,
2986 5398 3084 5452 καὶ
3133 5398 3322 5468 ὀφθεὶς
3380 5397 3665 5452 ἀπαλλάτ·

2090 5506 2170 5543 τει
2197 5486 2294 5541 τοῦ
2335 5488 2490 5551 δέους
2522 5487 2744 5552 αὐτοὺς,
2773 5488 2867 5543 καὶ
2924 5488 3123 5560 μηνύει
3175 5490 3358 5560 σφίσιν
3399 5490 3436 5544 ἃ
3463 5491 3491 5543 6
3527 5488 3663 5554 θεὸς

2089 5580 2415 5647 ἐνετείλατο,
2452 5581 2546 5635 καὶ
2596 5580 2696 5633 ὅσα
2743 5580 3040 5650 φυλάξουσι
3081 5583 3314 5653 νόμιμα,
3357 5582 3453 5635 καὶ
3492 5598 3664 5651 προσ-

2093 5670 2218 5740 άγει
2239 5673 2331 5724 τὸν
2358 5672 2485 5727 λαδν
2516 5672 2633 5742 ἅμα
2657 5671 2872 5741 γυναιξὶ
2897 5673 2990 5726 καὶ
3016 5673 3252 5739 τέκνοις,
3274 5672 3350 5738 ώς
3370 5672 3664 5727 ἀκούσαιεν

2091 5767 2183 5820 τοῦ
2230 5765 2388 5819 Θεοῦ.
2459 5767 2569 5818 Καὶ
2613 5766 2813 5837 ήκουον
2871 5768 3054 5837 φωνῆς
3101 5766 3299 5837 ὑψόθεν
3340 5766 3663 5834 γινομένης.

423 5864 589 5936 eique
622 5864 929 5923 immolant.
971 5865 1151 5922 Moses
1190 5863 1260 5920 de
1306 5873 1492 5920 monte
1532 5862 1911 5930 descendens,
1939 5872 1980 5916 el

2097 5859 2207 5915 Εἶτ’
2262 5859 2417 5924 αὖθις
2451 5861 2660 5915 ἄνεισιν
2718 5861 2796 5923 είς
2851 5859 2912 5913 τὸ
2938 5860 3101 5931 ὅρος·
3160 5861 3256 5913 καὶ
3294 5861 3666 5931 χρονήσαντος
