3984 6570
262 426 330 492 93
1527 442 1805 504 ANNAIZI
1820 445 1930 506 UM
1972 448 2117 508 LIB;
2172 450 2197 507 Ι
2207 496 2221 509 .
3442 461 3514 521 Μ

263 545 397 609 ἐκεῖ,
424 546 452 599 ό
474 545 603 609 λαὸς
635 544 900 619 ἡθροίσθη
922 549 1060 619 πρὸς
1099 548 1331 620 Ἀαρὼν,
1345 551 1549 621 λέγων·
1579 556 1848 623 Ποίησον

1955 558 2090 614 duas
2132 557 2429 615 testimonii
2468 559 2685 616 tabulas
2717 562 2971 621 manibus
3002 564 3182 621 ferens
3202 607 3217 631 ,
3247 565 3519 638 lapideas.

264 637 406 705 ἡμῖν
430 637 631 705 θεοὺς,
667 640 700 694 ό
742 641 856 710 γὰρ
881 641 1142 711 Μωῦσῆς
1172 645 1284 697 οὐκ
1312 644 1562 714 οἴδαμεν
1594 647 1650 701 τί
1676 647 1836 717 τέγο-

262 745 383 783 γεν.
455 730 672 801 Ἀαρὼν
720 731 776 784 δὲ
835 731 1180 801 βιαζόμενος,
1230 740 1623 806 προσενεγκεῖν
1692 738 1840 809 αὐτῷ

262 824 523 887 ἐπέταξεν
559 823 796 877 ἕκαστον
816 827 885 878 τὰ
925 824 1120 879 ἐνώτια
1147 828 1216 880 τὰ
1236 829 1435 898 χρυσᾶ,
1471 831 1566 884 καὶ
1617 830 1709 884 τὸν
1748 831 1839 883 κό-

267 931 403 983 σμον
426 914 489 966 ὃν
518 916 575 966 αἰ
606 916 889 981 γυναῖκες,
925 916 1017 969 καὶ
1043 917 1100 969 αἰ
1132 918 1430 989 Θυγατέρες
1458 918 1643 975 αὐτῶν
1681 938 1842 992 περι·

263 1006 486 1060 έκειντο.
528 1007 593 1059 Οί
624 1007 680 1060 δὲ
732 1010 1107 1080 προσήγαγον,
1144 1011 1239 1065 καὶ
1295 1013 1355 1077 ἐξ
1402 1011 1583 1066 αὐτῶν
1630 1010 1843 1084 ’μόσχον

264 1098 528 1168 ἐποίησαν
557 1099 852 1169 χωνευτὸν,
899 1102 990 1154 καὶ
1039 1101 1241 1155 ἔθυσαν
1289 1103 1461 1175 αὐτῷ.
1509 1103 1754 1174 Μωΰσῆς
1785 1104 1842 1158 δὲ

264 1192 610 1245 καταϐαίνων
645 1193 755 1246 ἀπὸ
784 1193 880 1246 τοῦ
902 1194 1084 1265 ὄρους,
1117 1195 1215 1249 καὶ
1249 1197 1345 1259 τὰς
1379 1195 1475 1250 δύο
1503 1196 1718 1261 πλάκας
1747 1195 1842 1250 τοῦ

265 1282 572 1351 μαρτυρίου
605 1283 665 1335 ἐν
698 1284 822 1346 ταῖς
851 1285 1011 1354 χερσὶ
1059 1284 1266 1356 φέρων,
1301 1283 1546 1349 λιθίνους
1604 1302 1843 1351 καταγεο

263 1375 592 1444 γραμμένας
633 1377 723 1428 ἐπ’
756 1377 1086 1449 ἀμφοτέρων
1113 1379 1223 1430 τῶν
1275 1379 1480 1450 μερῶν,
1524 1379 1600 1442 ὡς
1630 1379 1843 1450 ἧγγησε

261 1467 324 1534 τῇ
357 1465 711 1537 παρεμϐολῇ,
746 1468 850 1538 ὁρᾷ
896 1467 988 1519 τὸν
1012 1468 1237 1538 μόσχον,
1286 1467 1385 1522 καὶ
1436 1468 1716 1539 ὀργισθεὶς
1743 1467 1845 1533 τὰς

264 1556 473 1620 πλάκας
505 1558 820 1628 συνέτριψε,
843 1560 940 1629 καὶ
962 1557 1143 1612 λαϐὼν
1162 1559 1255 1613 τὸν
1282 1559 1484 1631 μόσχον
1509 1559 1840 1625 κατέκαυσε,

265 1649 352 1702 καὶ
383 1649 674 1716 ἑλέπτυνε,
713 1650 808 1703 καὶ
844 1649 1024 1720 βαλὼν
1052 1652 1133 1716 εἰς
1151 1651 1296 1723 ὕδωρ
1319 1652 1540 1705 ὲπότισε
1573 1652 1664 1705 τὸν
1688 1650 1839 1705 λαόν.

266 1742 371 1794 Kal.
399 1742 713 1795 ἐνετείλατο
741 1745 859 1807 τοῖς
890 1745 1026 1806 υίοῖς
1063 1741 1225 1810 Δευτ,
1247 1745 1352 1796 καί
1378 1743 1597 1815 διῆλθον
1622 1742 1712 1796 διὰ
1739 1742 1843 1813 τῆς

263 1832 641 1904 παρεμϐολῆς,
679 1834 776 1887 καὶ
805 1834 1140 1888 ἀπέκτειναν
1182 1834 1435 1897 πολλοὺς,
1471 1834 1544 1896 ὼς
1574 1836 1653 1897 εἰς
1684 1850 1842 1905 τρισ-

1950 653 2211 722 utrinque
2241 652 2477 724 scriptas
2502 669 2514 707 :
2542 662 2604 709 ut
2636 655 2832 711 castris
2861 658 3331 728 apprenpinquans,
3376 665 3521 717 vitu-

1943 742 2056 798 lum
2117 744 2303 811 \‘idet,
2374 745 2547 800 iratus
2619 745 2835 803 tabulas
2888 747 3225 818 confringit,
3284 750 3517 804 vitulum

1946 831 2342 887 comminutum
2376 834 2688 899 comburit,
2729 835 2894 891 scobe
2941 837 2997 890 in
3039 853 3235 908 aquam
3267 840 3523 911 conjecta

1943 932 2098 991 βοείη
2122 923 2234 994 38
2264 926 2548 996 pepulum.
2590 926 2798 983 Levitis
2834 929 3086 992 mandat,
3120 939 3180 983 ut
3212 946 3309 1000 per
3333 941 3513 986 castra
3560 911 3568 962 ἕ

1945 1025 2297 1084 grassentur:
2323 1033 2352 1072 a
2381 1019 2582 1087 quibus
2613 1020 2788 1074 tribus
2822 1020 3045 1077 circiter
3067 1021 3312 1077 millibus
3341 1023 3524 1077 homi-

1945 1122 2076 1160 num
2123 1109 2325 1165 occisis
2349 1149 2364 1170 .
2393 1108 2448 1163 in
2485 1122 2726 1165 montem
2770 1113 3114 1179 revertitur,
3154 1113 3384 1172 dicens:
3423 1114 3526 1166 Do-

1946 1199 2106 1262 mine,
2126 1199 2350 1270 populus
2369 1202 2619 1272 peccavit,
2637 1204 2777 1272 quod
2795 1212 3066 1268 peccatum
3079 1207 3124 1257 ai
3139 1206 3212 1259 eis
3228 1206 3517 1271 candentis,

1945 1288 2072 1344 bene
2117 1299 2228 1345 est:
2269 1294 2353 1347 sin
2396 1294 2604 1358 minus,
2643 1309 2725 1348 me
2759 1311 2962 1365 quoque
2988 1311 3016 1349 ε
3045 1294 3178 1350 libro
3206 1306 3295 1352 tuo
3327 1297 3519 1355 deleta.

1944 1379 2110 1436 Jubet
2139 1383 2287 1439 Deus
2326 1385 2532 1439 Mosem
2561 1383 2899 1442 descendere
2922 1426 2937 1451 ,
2962 1402 3027 1443 ac
3070 1389 3334 1457 populum
3359 1388 3412 1443 in
3438 1389 3524 1442 lo-

1946 1483 2072 1523 cum
2108 1470 2458 1542 designatum
2482 1475 2816 1543 perducere:
2840 1476 3003 1545 eique
3024 1485 3379 1546 conspectum
3403 1479 3524 1545 eius

1949 1562 2196 1632 petenti,
2235 1564 2541 1631 posteriora
2578 1580 2676 1621 sua
2727 1566 3115 1636 conspicienda
3160 1568 3390 1638 praebet.
3434 1569 3533 1626 Sic

1945 1669 2139 1709 rursus
2166 1654 2232 1709 ad
2269 1657 2531 1726 populum
2565 1656 2655 1711 ille
2693 1657 3003 1723 descendit,
3039 1659 3180 1715 duas
3203 1660 3422 1716 tabulas
3447 1661 3529 1716 af-

1945 1745 2130 1801 ferens
2153 1789 2167 1811 ,
2200 1746 2404 1816 quibus
2423 1747 2615 1803 decem
2644 1749 2723 1804 illi
2747 1764 3031 1806 sermones
3056 1752 3307 1823 inscripti
3340 1763 3520 1807 erant.

1944 1836 2216 1894 Caeterum
2246 1838 2413 1893 facies
2438 1839 2557 1911 ejus
2591 1842 2660 1895 ita
2708 1840 2985 1912 fulgebat,
3047 1852 3107 1898 ut
3129 1859 3251 1899 eam
3286 1845 3524 1915 p0pulus

262 1925 466 1993 χιλῖους
523 1926 653 1989 τοὺς
706 1925 979 1991 πεσόντας
1026 1926 1424 1999 ἀριθμηθῆναι.
1488 1924 1834 1994 Ὑπέστρεψε

1955 1930 2147 1985 intueri
2179 1932 2473 2001 nequiret:
2508 1948 2683 2003 eaque
2717 1934 2786 1989 de
2815 1949 2978 1989 causa
3007 1936 3153 1990 velat
3179 1952 3323 2004 eam,
3355 1946 3524 2009 atque

261 2018 314 2069 δὲ
341 2019 585 2088 Μωῡσῆς
620 2018 758 2089 πρὸς
788 2019 849 2071 τὸ
870 2019 1016 2088 ὅρος,
1046 2018 1228 2087 λέγων
1247 2035 1260 2048 ’
1282 2020 1477 2087 Κύριε,
1505 2016 1849 2086 ἡμάρτηκεν

266 2111 475 2177 όλαός
518 2127 661 2176 σου,
706 2110 807 2165 καὶ
850 2115 968 2165 νῦν
1010 2113 1063 2165 εί
1100 2111 1217 2181 μὲν
1245 2112 1432 2180 ἀφίης
1482 2098 1690 2175 αὐτοῖς
1732 2108 1849 2175 τὴν

263 2203 583 2270 ἁμαρτίαν,
614 2204 763 2271 ἄφες
787 2219 803 2234 ⁸
841 2206 895 2257 εί
939 2203 1007 2256 δὲ
1046 2202 1155 2272 μὴ,
1201 2202 1356 2272 κάμὲ
1395 2202 1729 2271 ἐξάλειψον
1775 2201 1844 2254 ἐκ

266 2292 373 2361 τῆς
393 2295 620 2356 ,ϐίϐλου
650 2309 792 2347 σου.
826 2294 933 2346 Καὶ
983 2288 1140 2347 εἶπεν
1169 2292 1320 2363 αὐτῷ
1369 2293 1574 2363 Κύριος
1600 2306 1614 2320 ⁸
1657 2290 1846 2344 Κατά-

266 2384 412 2454 ϐηθι,
448 2386 722 2456 όδήγησον
750 2384 845 2439 τὸν
887 2383 1015 2437 λαὸν
1042 2384 1236 2438 τοῦτον
1272 2386 1352 2447 εἰς
1407 2384 1501 2437 τὸν
1551 2382 1738 2442 τόπον.
1786 2383 1847 2435 ὃν

266 2474 415 2531 εἶπόν
442 2495 551 2531 σοι.
585 2480 693 2531 Καὶ
738 2477 1025 2550 ἐνεφάνισε
1065 2476 1274 2548 Κύριος
1326 2475 1405 2547 τῷ
1444 2477 1654 2548 Μωῦσῇ
1682 2478 1842 2547 αἰτή-

270 2588 421 2633 σαντι
456 2571 587 2624 ἰδεῖν
619 2572 804 2635 αὐτὸν,
850 2572 919 2624 τὰ
971 2570 1199 2625 ὀπίσθια
1243 2569 1432 2626 αὐτοῦ.
1480 2570 1590 2623 Καὶ
1636 2569 1845 2641 κατέϐη

269 2665 400 2733 πρὸς
443 2664 540 2717 τὸν
592 2664 722 2717 λαὺν
769 2665 948 2730 αὖθις,
1003 2664 1098 2717 δύο
1149 2664 1368 2727 πλάκας
1420 2663 1840 2734 ἐπιφερόμενος,

267 2756 389 2817 τοὺς
436 2754 574 2808 δέκα
610 2754 805 2823 λόγους
863 2755 1286 2825 γεγραμμένους
1340 2752 1596 2824 ἐχούσαςο
1659 2756 1753 2808 καὶ
1810 2758 1842 2826 ἠ

268 2848 383 2915 ﬁt;
414 2846 514 2900 τοῦ
538 2847 837 2916 προσώπου
860 2846 1024 2900 αὐτοῦ
1065 2848 1282 2917 ὑπῆρχε
1313 2846 1705 2919 δεδοξασμένη,
1747 2849 1844 2901 καὶ

268 2941 363 2991 οὒκ
394 2939 629 3007 ἠδύνατο
655 2939 904 2993 ἀτενίσαι
957 2938 1109 3008 αὺτῷ
1166 2942 1193 2993 ό
1222 2939 1373 3004 λαὸς,
1414 2940 1510 2992 καὶ
1554 2939 1845 3011 περιέθετο

271 3031 536 3100 κάλυμμα
570 3031 702 3100 περὶ
760 3028 858 3100 τὴν
895 3028 1020 3099 δψιν
1059 3028 1250 3095 αὑτοῦ,
1307 3031 1404 3082 καὶ
1434 3027 1613 3092 οὕτως
1646 3028 1842 3100 ὡμίλει

272 3125 474 3185 αὐτοῖς.
507 3123 618 3176 Kal.
648 3122 988 3193 ἀπήγγειλεν
1018 3122 1205 3186 αὐτοῖς
1235 3120 1271 3176 ἃ
1310 3123 1622 3177 ἐνετείλατο
1659 3125 1686 3175 ό
1707 3122 1844 3187 Θεὸς

272 3217 396 3286 περί
428 3234 491 3270 τε
519 3216 726 3269 θυσιῶν
767 3217 864 3269 καὶ
911 3215 1248 3287 καθαρσίων,
1277 3216 1370 3269 καὶ
1415 3215 1571 3281 ζώων
1596 3216 1844 3287 ἀκαθάρ-

1952 2022 2028 2076 ita
2052 2037 2175 2077 cum
2208 2023 2275 2078 iis
2307 2025 2662 2095 colloquens,
2699 2027 2953 2082 mandata
2992 2030 3090 2085 Dei
3121 2031 3190 2085 de
3214 2032 3521 2100 sacriﬁriis,

1950 2113 2014 2167 de
2038 2114 2484 2181 lustrationibus,
2522 2118 2589 2173 de
2612 2119 2943 2176 animalibus
2968 2123 3187 2177 mundis
3207 2132 3261 2178 et
3283 2123 3525 2191 immun-

1948 2204 2055 2271 dis,
2094 2222 2335 2277 quorum
2383 2209 2471 2264 bis
2520 2210 2899 2279 abstinerent,
2945 2214 3055 2269 illis
3100 2215 3412 2277 alerentur,
3453 2215 3525 2269 de

1957 2298 2104 2353 coitu
2132 2300 2345 2360 illicito.
2364 2301 2433 2355 de
2451 2303 2819 2361 matrimoniis
2847 2306 3195 2361 sacerdotum
3218 2318 3274 2363 et
3298 2307 3521 2377 pontiﬁ-

1948 2404 2072 2446 cum
2083 2392 2180 2455 ,‘de
2199 2392 2462 2458 Sabbato,
2476 2394 2544 2449 de
2561 2410 2704 2450 anno
2720 2397 2954 2466 septimo
2971 2408 3027 2453 et
3041 2398 3519 2469 quinquagesimo,

1948 2500 2111 2554 quem
2140 2485 2430 2541 Jubilaeum
2468 2498 2689 2550 vocant.
2713 2493 2959 2560 exponit.
2982 2493 3148 2549 Jubet
3171 2509 3338 2564 porro
3368 2495 3515 2549 Deus

1951 2575 2375 2632 tabernaculum
2407 2579 2524 2635 ﬁeri
2549 2621 2564 2644 ,
2600 2582 2652 2635 in
2678 2583 2824 2652 quod
2864 2584 3245 2645 descenderet.
3268 2588 3525 2656 quodque

1948 2681 2071 2722 cum
2104 2669 2186 2722 eis
2226 2669 2640 2727 discedentibus
2675 2674 3101 2731 transferretur:
3150 2678 3529 2734 dimensiones

1949 2770 2005 2814 et
2036 2760 2260 2830 ﬁguram
2290 2764 2410 2832 ejus
2444 2765 2576 2820 Mosi
2618 2766 2994 2833 demonstrat,
3036 2770 3340 2825 secundum
3386 2787 3529 2841 quas

1946 2850 2001 2905 id
2037 2851 2419 2909 fabricandum
2444 2867 2612 2912 esset.
2649 2860 2893 2929 Populus
2924 2860 2994 2916 iis
3022 2862 3190 2917 rebus
3222 2863 3399 2929 laetus,
3424 2878 3530 2918 au-
3608 2912 3611 2915 γ

1949 2959 2095 3010 rum,
2122 2957 2432 3018 argentum.
2466 2966 2731 3021 gemmas,
2755 2968 2853 3018 tes,
2880 2955 3053 3025 ligna,
3079 2957 3219 3026 pilos
3242 2953 3523 3026 caprinos,

1948 3033 2123 3101 pelles
2147 3036 2409 3101 arietum,
2436 3037 2611 3092 linum
2639 3048 2696 3093 et
2724 3039 2878 3094 lanas
2894 3041 3134 3097 confert.
3159 3042 3325 3113 Operi
3349 3044 3528 3098 taber-

1950 3126 2129 3180 naculi
2156 3129 2482 3184 conﬁciendi
2514 3131 2811 3201 prmﬁcitur
2840 3127 3105 3202 Beseléel,
3126 3134 3533 3205 Mariasororie

1947 3215 2112 3274 Mosis
2144 3220 2307 3287 ﬁlius,
2331 3230 2387 3277 et
2416 3222 2727 3294 Elipbatus.

268 3330 373 3365 των
399 3329 462 3366 τε
493 3313 588 3365 καὶ
617 3311 901 3384 καθαρῶν,
932 3311 1073 3367 ὥστε
1104 3310 1212 3365 τῶν
1239 3312 1339 3382 μὲν
1368 3312 1693 3383 ἀπέχεσθαι,
1723 3314 1838 3375 τοῖς
1874 3311 1930 3365 δὲ
1964 3315 2281 3387 τρέφεσθαι,
2310 3318 2439 3389 περί
2476 3336 2535 3372 τε
2563 3320 2767 3389 μίξεων
2787 3318 3064 3391 ἀθέσμων,
3128 3320 3223 3375 καὶ
3277 3320 3433 3381 τίνας
3460 3321 3512 3373 οἰ

272 3406 433 3476 ἱερεῖς
462 3408 544 3470 εἰς
575 3406 756 3477 γάμον
784 3407 1107 3475 ἀγάγονται,
1149 3406 1247 3458 καὶ
1294 3405 1413 3468 οἵας
1442 3404 1492 3457 oi
1522 3405 1821 3475 ἀρχιερεῖς,
1863 3404 1958 3458 καὶ
2020 3408 2150 3478 περὶ
2215 3410 2522 3474 Σαϐϐἀτου,
2573 3417 2668 3466 καὶ
2706 3413 2800 3467 τοῦ
2830 3415 3060 3485 ἑϐδόμου
3090 3414 3363 3479 ἐνιαυτοῦ,
3416 3415 3516 3466 καὶ
3608 3462 3611 3469 η

269 3502 359 3553 τοῦ
404 3499 810 3568 πεντηκοστοῦ,
866 3498 929 3552 ὃν
964 3498 1282 3567 Ἰωϐηλαῖον
1334 3495 1581 3551 καλοῦσι.
1622 3498 1728 3549 Καὶ
1760 3499 1843 3550 ὅτι
1881 3497 2197 3564 ὲπέταξενό
2235 3501 2368 3565 Θεὸς
2426 3504 2635 3574 σκηνὴν
2674 3505 2952 3573 γενέσθαι,
2978 3508 3059 3568 εἰς
3085 3505 3152 3575 ἡν
3200 3506 3268 3558 ἂν
3336 3522 3520 3574 παρα·

270 3597 493 3665 γίνοιτο,
555 3594 1009 3665 συνεπαγομένην
1051 3593 1237 3655 αὐτοῖς
1286 3594 1713 3661 μεταϐαίνουσι·
1744 3594 1838 3646 καὶ
1903 3595 2079 3665 μέτρα
2145 3596 2244 3665 τῆς
2290 3598 2501 3669 σκηνῆς
2534 3599 2734 3667 ἔδειξεν
2763 3600 2937 3669 αὐτῷ,
3010 3602 3106 3655 καὶ
3156 3603 3343 3672 σχῆμα
3392 3601 3528 3655 καθ’

272 3691 301 3743 ὃ
329 3694 394 3745 ἓν
419 3672 923 3758 κατασκευασθείη.
960 3691 1018 3744 ’0
1041 3690 1098 3744 δὲ
1124 3690 1250 3755 λαὸς
1270 3690 1559 3761 χαίροντες
1589 3690 1681 3743 ἐπὶ
1712 3688 1950 3757 τούτοις,
2010 3694 2294 3764 προσῆγον
2336 3696 2564 3769 χρυσόν
2621 3714 2680 3750 τε
2724 3697 2821 3751 καὶ
2865 3697 3130 3770 ἄργυρον,
3205 3696 3303 3749 καὶ
3338 3694 3532 3755 λίθους

272 3785 503 3854 τιμίους,
536 3784 638 3838 καὶ
670 3784 894 3855 χαλκὸν,
933 3785 1027 3838 καί¹
1060 3783 1217 3851 ξύλα,
1242 3784 1338 3836 καὶ
1404 3784 1600 3854 τρίχας
1636 3784 1878 3851 αἰγείας,
1919 3783 2013 3837 καὶ
2077 3785 2320 3859 δέρματα
2350 3789 2543 3861 κριῶν,
2584 3791 2680 3845 καὶ
2721 3790 2888 3855 λίνον,
2951 3791 3047 3844 καὶ
3085 3789 3231 3861 ἔρια.
3267 3788 3523 3860 Ἀρχιτέ-

274 3897 466 3943 κτονας
500 3879 547 3932 δ’
577 3880 832 3951 ἐφίστησι
873 3879 972 3950 τῆς
1006 3879 1237 3950 σκηνῆς,
1270 3879 1360 3933 τὸν
1404 3896 1464 3932 τε
1502 3881 1600 3949 τῆς
1633 3879 1871 3949 ἀδελφῆς
1909 3880 2073 3936 αὑτοῦ
2117 3886 2217 3957 τῆς
2276 3885 2513 3958 Μαριὰμ
2541 3888 2658 3940 υἱὸν
2686 3886 2785 3973 τὸν
2804 3884 3094 3957 Βεσελεὴλ,
3120 3886 3216 3939 καὶ
3245 3885 3340 3939 τὸν
3387 3885 3531 3939 Ἐλι-

278 3972 435 4039 φάτξ.

345 4067 458 4133 lq'.
486 4066 631 4136 Ἤδη
672 4065 729 4118 δὲ
772 4064 874 4136 τῆς
921 4067 1132 4137 σκηνῆς
1192 4066 1593 4138 εἰργασμένης,
1654 4066 1854 4137 ἔστησε

280 4158 478 4229 ταύτην
504 4161 532 4212 ό
565 4159 831 4227 Μωῦσῆς.
860 4156 1136 4229 Εἴργαστο
1157 4159 1211 4213 δὲ
1245 4160 1339 4213 καὶ
1361 4160 1644 4232 ὴκιϐωτδς
1670 4160 1734 4213 ἔκ
1760 4159 1855 4226 ξύ-

282 4248 383 4301 λων
412 4250 705 4320 ἀσήπτων,
730 4251 1115 4320 ἁπανταχόθεν
1138 4251 1364 4322 χρυσίόν
1388 4252 1851 4321 περιεκάλυπτον,

285 4336 438 4417 ᾖτᾶς
474 4342 572 4395 δύο
628 4342 843 4405 πλάκας
890 4343 1160 4409 ἐνέθεντο,
1216 4348 1270 4397 αἰ
1308 4345 1433 4408 τοὺς
1473 4345 1605 4397 δέκα
1660 4345 1859 4414 λόγους

287 4434 424 4506 ετχον
470 4438 990 4508 ἐγγεγραμμένους.
1043 4432 1144 4492 Ὧν
1187 4443 1215 4494 ό
1264 4440 1363 4511 μὲν
1418 4440 1657 4512 πρῶτος,
1724 4443 1859 4495 Ἕνα

288 4529 411 4581 Θεὸν
434 4524 576 4582 εἷναί
607 4547 764 4599 φησι,
797 4531 889 4584 καὶ
917 4529 1106 4583 τοῦτον
1137 4532 1298 4601 μόνον
1332 4532 1749 4590 σέϐεσθαιδεῖν.
1799 4533 1858 4587 '0

286 4623 532 4693 δεύτερος
600 4622 679 4687 δὲ,
735 4621 982 4691 Mdequ
1028 4623 1216 4675 εἰκόνα
1261 4621 1402 4687 ζώου
1470 4626 1665 4690 ποιεῖν,
1723 4625 1859 4695 μηδὲ

288 4717 630 4787 προσκυνεῖν.
664 4706 725 4768 Ὀ
755 4716 962 4786 τρίτος,
994 4715 1122 4770 Ἐπὶ
1145 4716 1340 4785 μηδενὶ
1367 4716 1588 4786 ματαίῳ
1610 4717 1704 4771 τὸν
1725 4717 1860 4771 Θεὸν

288 4809 531 4878 ὀμνύναι.
579 4807 639 4860 '0
660 4808 948 4877 τέταρτος,
972 4807 1087 4870 Τὰς
1135 4807 1440 4878 ἑϐδομάδας
1476 4810 1854 4880 παρατηρεῖν,

291 4901 735 4971 ἀναπαυομένους
764 4900 823 4965 ἐξ
855 4900 1017 4972 ἔργου
1070 4901 1293 4964 παντός.
1334 4900 1396 4954 '0
1451 4900 1725 4970 πέμπτος,
1764 4900 1858 4953 Γο-

273 4994 396 5066 ινεῖς
426 4994 620 5064 τιμᾷν.
657 4992 716 5044 ’0
756 4991 939 5054 ἕκτος,
992 4990 1160 5044 Φόνου
1217 4990 1546 5061 ἀπέχεσθαι.
1601 4990 1659 5043 ὐ
1711 4989 1861 5043 ἕϐδο-

297 5103 406 5156 μος,
433 5087 525 5147 Μὴ
564 5083 869 5155 μοιχεύειν.
907 5083 969 5137 '0
996 5084 1202 5153 ὄγδοος,
1231 5083 1324 5154 Μὴ
1365 5082 1644 5137 κλέπτειν.
1690 5082 1749 5138 Ὀ
1778 5083 1862 5136 ἔν-

295 5195 468 5244 νατος,
518 5178 613 5246 Μὴ
654 5176 1151 5247 ψευδομαρτυρεῖν.
1210 5175 1270 5230 '0
1323 5174 1574 5240 δέκατος,
1613 5174 1861 5244 Μηδενὺς

2034 4069 2172 4126 XVI.
2192 4067 2632 4123 Tabernaculum
2656 4068 2768 4137 jam
2799 4066 3110 4121 confectum
3141 4065 3319 4121 Moses
3344 4067 3531 4137 erigit.

1960 4162 2159 4218 Arcam
2180 4161 2344 4216 etiam
2391 4159 2680 4214 fabrefecit
2703 4174 2734 4214 e
2758 4157 2924 4229 lignis
2938 4173 3049 4212 non
3071 4159 3535 4227 putrescentibus,

1961 4254 2319 4312 circumcirca
2351 4251 2604 4306 inaurat:
2639 4251 2695 4305 in
2717 4266 2896 4321 eaque
2918 4248 3056 4305 duas
3079 4249 3311 4313 tabulas,
3336 4251 3537 4318 quibus

1961 4348 2258 4416 decalogus
2289 4343 2682 4400 continebatur
2705 4383 2720 4408 ,
2755 4342 2966 4398 condit.
2994 4341 3174 4399 Unum
3208 4357 3331 4396 esse
3364 4340 3536 4397 Deum

1960 4435 2227 4503 affirmat,
2271 4449 2509 4504 eumque
2538 4434 2714 4487 solum
2747 4431 3061 4487 colendum.
3094 4431 3368 4495 Alterum,
3400 4432 3538 4486 Nul-

1959 4528 2068 4584 lius
2097 4528 2392 4582 animantis
2427 4525 2720 4596 imaginem
2760 4525 3064 4580 faciendam
3096 4533 3153 4578 et
3187 4524 3539 4580 adorandum

1961 4634 2104 4674 esse.
2137 4619 2414 4682 Tertium,
2442 4618 2548 4672 Per
2573 4616 2671 4671 Dei
2698 4630 2902 4671 nomen
2935 4615 3007 4670 ob
3034 4615 3240 4669 nullam
3269 4628 3384 4670 rem
3418 4615 3537 4670 ina-

1963 4725 2089 4767 nem
2138 4725 2260 4766 esse
2305 4708 2629 4781 iurandum.
2676 4707 2988 4774 Quartum,
3048 4707 3200 4761 Diem
3245 4709 3539 4776 septimum

1962 4803 2392 4864 observandum,
2440 4810 2609 4870 atque
2647 4800 2703 4853 in
2726 4799 2821 4853 illo
2863 4798 3014 4853 omni
3042 4813 3210 4868 opere
3261 4798 3547 4854 abstinen-

1963 4894 2115 4949 dum.
2145 4892 2435 4959 Quintum,
2460 4892 2724 4946 Parentes
2747 4889 3122 4946 honorandos.
3158 4888 3408 4953 Sextum,
3434 4889 3549 4944 Ca:-

1963 4992 2032 5041 de
2072 4983 2480 5039 abstinendum.
2536 4981 2886 5052 Septimum,
2934 4981 3053 5037 Non
3101 4980 3544 5036 adulterandum.

1961 5076 2226 5134 Octavum
2252 5116 2265 5136 .
2298 5073 2419 5129 Non
2450 5072 2767 5129 furandum.
2809 5073 3060 5137 Nonum,
3092 5072 3214 5127 Non
3244 5069 3544 5125 dicendum

1962 5184 2083 5226 esse
2110 5168 2302 5223 falsum
2346 5167 2746 5222 testimonium.
2775 5165 3094 5227 Decimum,
3129 5162 3271 5217 Nihil
3310 5162 3548 5216 alienum

295 5269 571 5340 ἁλλοτρίου
630 5266 946 5337 ἐπιθυμεῖν.
1023 5266 1248 5335 Ταύτην
1303 5261 1400 5319 οὖν
1465 5266 1565 5337 τὴν
1626 5266 1849 5320 κιϐωτὸν

1964 5259 2463 5331 concupiscendum
2496 5273 2639 5313 esse.
2677 5263 2871 5312 Arcam
2920 5255 3062 5310 hanc
3088 5255 3142 5308 in
3179 5253 3339 5325 adyta
3385 5251 3553 5306 colic-

301 5336 611 5430 εἰσάγουσιν
654 5361 735 5423 είς
800 5336 864 5410 τὸ
911 5357 1123 5412 ἄδυτον.
1166 5358 1257 5411 Ἐν
1309 5357 1368 5411 δὲ
1392 5357 1470 5428 τῷ
1516 5336 1627 5429 ναῷ
1652 5358 1849 5413 τιθέασπ

1972 5361 2120 5417 cant,
2159 5353 2212 5406 in
2251 5350 2367 5406 aede
2407 5365 2651 5406 mensam
2687 5356 2957 5411 statuunt,
2991 5357 3046 5403 et
3077 5346 3128 5400 in
3156 5361 3218 5400 ea
3255 5356 3420 5412 panes
3444 5356 3552 5395 non

301 5454 596 5524 τράπεζαν,
636 5453 733 5504 καὶ
766 5452 860 5504 ἐπὶ
897 5448 1105 5535 ταύτης
1132 5450 1333 5520 ἄρτους
1361 5447 1608 5520 ἀζύμους
1630 5448 1865 5516 δώδεκα,

305 5546 393 5597 καὶ
427 5544 655 5616 λυχνίαν
677 5543 907 5613 χρυσῆν,
930 5543 1025 5595 καὶ
1059 5542 1419 5613 θυμιατήριον
1450 5540 1662 5608 ξύλινον
1690 5542 1865 5608 ἐντὸς,

1974 5447 2330 5501 fermentatos
2362 5441 2654 5498 duodecim
2683 5459 2696 5494 :
2727 5439 2836 5510 39
2863 5438 3255 5496 candelabrum
3294 5436 3421 5488 item
3453 5448 3550 5487 au.

1969 5551 2159 5601 reum,
2203 5545 2260 5590 et
2304 5549 2454 5590 aram
2516 5532 2838 5588 suﬁitoriam
2885 5531 3221 5586 intrinsecus
3275 5526 3551 5596 ligneam,

308 5636 495 5701 ἔξωθεν
519 5636 579 5691 δὲ
612 5635 824 5707 χρυσίῳ
851 5632 1422 5704 περικεκαλυμμένον.
1462 5633 1573 5688 Καὶ
1614 5624 1721 5704 πρὸ
1770 5636 1849 5704 τῆ‹

1972 5630 2105 5685 foris
2145 5643 2281 5683 auro
2328 5628 2709 5682 incrustatam.
2761 5625 2902 5679 Ante
2939 5619 3352 5678 tabernaculum
3399 5633 3550 5672 aram

310 5728 505 5798 σκηνῆς
544 5726 734 5798 βωμὸν
794 5723 1049 5796 ἱδρύσατο
1103 5724 1336 5790 ξύλινον,
1398 5724 1630 5796 χαλκαῖς
1684 5725 1845 5778 λεπίσ

1973 5721 2156 5791 posuit
2217 5720 2490 5790 ligneam,
2544 5716 2765 5771 laminis
2842 5713 3042 5768 ferreis
3106 5713 3556 5774 circumtectam,

310 5818 783 5892 περιεληλαμένον,
829 5809 892 5871 οὗ
924 5816 1185 5887 ἄντικρυς
1237 5815 1426 5885 φιάλαι
1480 5816 1574 5870 καὶ
1593 5815 1872 5887 κρατῆρες

310 5914 401 5970 σὺν
454 5910 1009 5978 θυῖακοις,ἒτίθεντο,
1069 5912 1163 5966 καὶ
1208 5910 1344 5967 ἄλλα
1398 5909 1592 5982 σκεύη,
1642 5909 1678 5963 ἃ
1726 5909 1865 5981 πρὸς

1979 5817 2035 5872 in
2069 5829 2176 5885 qua
2203 5811 2399 5883 phialae
2426 5820 2482 5866 et
2507 5821 2751 5865 crateres
2789 5821 2915 5862 cum
2960 5802 3169 5859 acerris
3214 5801 3554 5858 collocabau

1978 5917 2067 5976 tur
2093 5922 2107 5961 :
2137 5906 2352 5976 aliaque
2384 5916 2508 5958 vasa
2528 5943 2542 5967 ,
2573 5916 2694 5966 qua:
2725 5898 2791 5952 ad
2823 5894 3092 5953 sacriﬁcia
3163 5904 3351 5952 uarata
3375 5901 3551 5951 erant.
