3958 6604
430 402 505 466 99
1026 381 1030 389 ’
1698 390 2029 455 JOANNlS
2066 388 2388 450 ZUNAR/E

307 540 316 549 -
428 512 629 575 lerant,
665 507 912 564 sumunt.
940 508 1080 562 Tum
1106 506 1310 579 ingens
1329 504 1544 559 llamma
1577 503 1802 566 emicat,
1831 501 2015 571 qualis

2134 496 2381 566 ςυνίζησε
2405 495 2537 566 περὶ
2586 497 2685 558 τᾶς
2718 495 2945 548 ἐκείνων
2980 496 3205 567 σκηνὰς,
3268 494 3366 548 καὶ
3413 493 3610 557 αὐτούς
3642 511 3701 546 τε

432 600 692 654 videlicet
714 600 944 670 jubente
968 588 1465 659 Deo-incendatur,
1494 610 1601 664 qua
1632 594 1709 647 illi
1751 607 1857 646 ccr.
1893 606 2002 644 una

432 708 558 747 cum
589 693 734 747 Core
766 691 842 745 ita
876 688 1312 759 conﬂagrarunt.
1348 696 1415 741 ut
1472 701 1575 740 nec
1600 683 1873 739 cadavera
1917 698 2014 737 eo-

434 800 554 840 rum
587 783 986 854 reperirentur.
1012 780 1176 837 Solus
1190 780 1372 835 Aaron
1401 776 1695 831 incolumis
1714 775 2013 830 invenitur.

447 877 629 931 Moses
689 873 972 929 tliuribula
1023 873 1242 926 illorum
1297 870 1543 924 virorum
1595 867 1740 921 circa
1799 883 2008 921 remain

432 983 587 1023 aram
650 966 842 1036 reponi
888 965 1072 1036 jubet,
1100 965 1155 1018 in
1179 964 1256 1018 rei
1285 972 1452 1032 gestae
1499 968 1919 1015 monumentum
1950 958 2019 1013 ad

435 1072 731 1131 posteros;
769 1075 836 1115 ac
874 1060 1058 1114 denuo
1114 1056 1304 1110 habita
1350 1055 1642 1121 concione,
1694 1053 1865 1109 edicit
1914 1052 2018 1107 tri-

436 1155 622 1220 bunis,
651 1165 711 1208 ut
734 1153 957 1207 nomina
975 1149 1217 1204 tribuum
1239 1149 1454 1203 baculis
1478 1148 1740 1218 inscripta
1759 1146 2017 1201 aﬂ‘erant.

434 1247 572 1302 Nam
629 1244 781 1299 illius
829 1243 947 1297 fore
985 1240 1381 1303 sacerdotium,
1418 1241 1474 1295 in
1519 1239 1679 1311 cujus
1720 1237 1916 1292 baculo
1946 1236 2021 1292 si-

434 1352 610 1408 gnum
637 1334 907 1390 edidisset
930 1333 1097 1389 Deus.
1137 1331 1394 1388 Aiferunt
1425 1331 1594 1401 igitur
1623 1340 1738 1385 tum
1765 1329 1860 1383 alii
1890 1344 2022 1385 suos

434 1427 680 1491 baculos,
715 1434 830 1480 tum
861 1426 1044 1480 Aaron
1084 1440 1305 1495 quoque
1336 1437 1520 1482 suum,
1580 1422 1772 1477 Levita
1828 1420 2023 1476 inscri-

434 1526 551 1587 pto.
575 1516 686 1571 Eos
714 1518 767 1570 in
794 1515 1150 1572 tabernaculo
1173 1515 1267 1570 Dei
1293 1514 1542 1583 repowit
1565 1514 1795 1581 Moyses,
1829 1512 2026 1583 postri-

436 1609 525 1663 die
561 1608 790 1679 protulit
821 1623 886 1663 ac
908 1608 1091 1664 caeteri
1116 1608 1361 1677 quidem,
1392 1608 1584 1676 quales
1614 1604 1857 1669 fuerant,
1888 1604 2026 1660 tales

436 1699 545 1773 42
575 1709 895 1755 manserant
931 1718 946 1758 ;
991 1700 1227 1755 Araonis
1272 1708 1457 1754 autem
1512 1707 1567 1753 et
1602 1713 1788 1752 ramos
1819 1706 1875 1752 et
1902 1699 2023 1751 fru—

439 1799 562 1845 ctus
577 1791 915 1862 germinarat
941 1808 953 1844 :
981 1806 1120 1860 quos
1141 1789 1357 1844 fructus
1376 1789 1611 1844 Levitici
1642 1789 1784 1844 liber
1815 1803 2020 1854 nuces;

3581 381 3684 444 1(ῖο

2118 592 2213 643 καὶ
2248 590 2314 642 τὰ
2350 589 2532 643 αὐτῶν
2559 590 2639 651 είς
2676 589 2736 640 τὸ
2769 589 2960 657 χάσμα
2990 590 3319 658 κατήνεγκε,
3375 586 3470 639 καὶ
3522 586 3699 649 οὕτως

2116 680 2275 744 αὖθις
2306 680 2537 752 συνῆλθε
2560 680 2621 733 τὸ
2654 678 2904 744 διεστὼς.
2960 680 3082 732 Ἐπὶ
3113 679 3325 741 τούτοις
3356 677 3545 749 ἔφριξε
3602 679 3705 747 μὲν

2117 776 2147 826 6
2190 773 2338 837 λαὸς,
2399 774 2644 842 Μωῦσῆς
2712 771 2771 825 δέ
2828 771 2988 825 καλεί
3029 772 3158 834 τοὺς
3216 771 3344 841 περὶ
3406 771 3707 842 ἱερωσύνης

2120 864 2550 936 ἀμιλλαμένους.
2614 864 2725 918 Καὶ
2790 863 3141 927 συνελθόντες
3215 862 3555 933 πεντήκοντα
3611 865 3707 916 καὶ

2119 959 2387 1012 διακόσιοι
2443 958 2641 1030 ἄνδρες
2694 958 2804 1012 τῶν
2851 958 3165 1029 ἐπισήμων,
3214 957 3310 1011 καὶ
3346 955 3565 1024 Ἀαρὼν
3612 959 3708 1010 καὶ

2121 1052 2269 1124 Κορὲ
2307 1053 2414 1123 πρὸ
2443 1051 2544 1122 τῆς
2580 1051 2789 1122 σκηνῆς
2818 1051 2911 1105 ἐπὶ
2983 1053 3095 1115 τοῖς
3132 1051 3521 1121 θυμιατηρίοις
3571 1048 3712 1102 καθ-

2121 1142 2312 1216 ήγιξον
2351 1143 2387 1197 ἃ
2408 1143 2687 1214 ἐκόμιζον.
2740 1141 3044 1213 Ἐξέλαμψε
3069 1141 3128 1195 δὲ
3176 1140 3289 1212 πῦρ
3309 1139 3444 1193 πολὺ
3474 1134 3589 1193 οἷον
3640 1139 3710 1193 ἂν

2122 1237 2260 1291 Θεοῦ
2301 1236 2667 1299 κελεύσαντος
2721 1234 3014 1304 ἀναφθείη,
3049 1233 3140 1302 ὑφ’
3164 1225 3225 1285 οῦ
3255 1232 3310 1285 οῖ
3333 1249 3392 1285 τε
3437 1230 3709 1285 διακόσιοι

2124 1329 2219 1382 καὶ
2256 1327 2622 1397 πεντήκοντα,
2654 1326 2755 1379 καὶ
2774 1323 2919 1394 Κορέ
2949 1322 3349 1394 διεφθάρησαν,
3377 1320 3454 1386 ῶς
3483 1320 3620 1392 μηδὲ
3643 1320 3711 1373 τά

2127 1419 2359 1490 σώματα
2391 1419 2577 1473 αὐτῶν
2632 1417 2946 1489 εὑρεθῆναι·
2985 1417 3146 1487 μόνος
3164 1415 3222 1469 δέ
3254 1415 3473 1482 Ἀαρὼν
3507 1414 3708 1484 εὑρέθη

2126 1511 2433 1581 ἀλώὸητος.
2487 1510 2727 1580 Μωῦσῆς
2754 1509 2811 1562 δέ
2845 1508 2915 1561 τά
2968 1507 3312 1578 θυμιατήρια
3345 1506 3455 1559 τῶν
3502 1505 3714 1575 ἀνδρῶν

2127 1606 2356 1658 ἐκείνων
2423 1604 2553 1674 περὶ
2601 1603 2694 1656 τὶν
2755 1602 2987 1671 χάλκεον
3038 1599 3295 1655 ἐκέλευσε
3372 1598 3714 1653 καταθέσθαι

2130 1695 2338 1768 βωμὸν,
2382 1695 2451 1749 ἶν’
2485 1695 2795 1765 ὑπόμνησις
2825 1688 2929 1748 ὦσι
2951 1694 3065 1747 τῶν
3092 1693 3424 1761 γεγονότων,
3471 1692 3569 1745 καὶ
3596 1693 3713 1752 τοῖς

2132 1790 2453 1861 μετέπειτα.
2509 1788 2917 1858 Ἐκκλησιάσας
2971 1786 3029 1839 δέ
3082 1786 3243 1840 πάλιν
3296 1786 3527 1855 προεῖπε
3596 1785 3716 1846 τοῖς

438 1861 711 1953 Iosephus
741 1882 1057 1954 amygdalas
1088 1883 1261 1937 fuisse
1292 1882 1442 1938 dicit.
1472 1881 1893 1951 Obstupuerunt
1916 1881 2021 1951 igi-

2134 1876 2426 1949 φυλάρχοις
2471 1878 2648 1948 ἥκειν,
2683 1877 2752 1931 τὰ
2784 1878 2892 1930 τῶν
2917 1876 3102 1946 φυλῶν
3121 1876 3364 1947 ὀνόματα
3388 1874 3715 1947 βακτηρίαις

442 1983 534 2027 tur
569 1989 784 2036 onmes,
816 1975 1033 2028 Aarone
1070 1984 1155 2029 ter
1179 1972 1453 2028 divinitus
1478 1973 1680 2028 electo.
1726 1972 1847 2028 Jam
1896 1972 2026 2041 quia

440 2061 686 2119 Levitica
718 2064 898 2119 tribus
933 2064 1208 2119 bellorum
1244 2071 1300 2118 et
1329 2064 1740 2134 expeditionum
1767 2063 2033 2119 immunis

441 2162 580 2219 erat,
609 2170 678 2210 ne
710 2155 781 2210 ob
805 2171 919 2209 rem
945 2156 1381 2212 necessariarum
1415 2155 1726 2225 penuriam,
1748 2170 2033 2211 sacrorum

442 2259 630 2298 curam
655 2245 980 2316 adiicerent,
1003 2245 1161 2318 jubet
1180 2246 1407 2317 Moyses
1430 2243 1700 2310 Hebraeis,
1737 2254 1794 2298 ut
1815 2243 2034 2301 Chana-

442 2351 559 2391 naea
606 2347 750 2393 terra
784 2349 962 2409 parta,
994 2338 1196 2410 Oppida
1222 2353 1386 2392 XLVIII
1410 2336 1620 2393 Levitis
1658 2339 2025 2410 assignarent,

446 2438 505 2482 ut
538 2443 702 2498 agros
749 2440 878 2485 ante
907 2444 995 2494 ea,
1026 2438 1083 2485 et
1137 2430 1383 2485 decimas
1414 2444 1728 2484 annual-um
1782 2430 2025 2501 frugum,

446 2529 563 2576 tum
589 2521 745 2593 ipsis,
797 2533 914 2577 tum
969 2521 1354 2578 sacerdotibus
1401 2523 1755 2592 penderent:
1808 2524 2029 2594 aliaque

447 2613 688 2683 plurima
747 2614 830 2669 eis
886 2630 918 2670 a
953 2616 1158 2685 populo
1210 2613 1507 2669 tribuenda
1560 2614 1872 2680 constituit,
1904 2630 2029 2685 qua:

446 2707 543 2778 qui
577 2708 896 2779 singulatim
930 2711 1075 2766 scire
1120 2709 1402 2765 desiderat
1436 2709 1490 2764 in
1526 2710 1692 2777 libro,
1740 2711 1836 2780 qui
1864 2708 2028 2766 Levi-

449 2803 592 2854 ticus
614 2800 942 2857 inscribitur
977 2803 1246 2858 inveniet.

2126 1968 2594 2039 ἐπιγεγραμμένα
2629 1967 2980 2038 κομίζοντας,
3041 1966 3239 2036 ἐκείνῳ
3276 1965 3376 2035 τῆς
3404 1966 3715 2036 ἱερωσύνης

2126 2064 2414 2132 ἐσομένης,
2456 2055 2627 2132 οὗπερ
2679 2059 2746 2115 ἂν
2768 2062 2833 2129 τῇ
2877 2058 3153 2131 βακτηρίᾳ
3210 2059 3439 2129 σημεῖον
3482 2057 3714 2126 γένηται

2132 2153 2198 2206 ἐκ
2231 2152 2399 2207 Θεοῦ.
2463 2151 2800 2222 Κομίζουσιν
2840 2149 2956 2214 οὖν,
2978 2149 3035 2203 οῖ
3073 2167 3129 2203 τε
3160 2149 3309 2204 ἄλλοι
3354 2150 3449 2203 καὶ
3477 2147 3713 2218 Ἀαρὼν,

2131 2247 2450 2317 ἐπιγράψας
2477 2249 2546 2317 τῇ
2583 2246 2861 2317 βακτηρίᾳ
2904 2245 3163 2316 Λευῖτην,
3204 2244 3271 2305 ἃς
3325 2244 3384 2296 ἐν
3416 2246 3484 2315 τῇ
3536 2244 3715 2313 σκηνῇ

2134 2338 2229 2391 τοῦ
2263 2338 2398 2392 Θεοῦ
2432 2338 2694 2392 κατέθετο
2718 2338 2987 2407 Μωῦσῆς,
3015 2340 3081 2409 τῇ
3124 2337 3169 2390 δ’
3198 2339 3431 2411 ἐπιούσῃ
3475 2336 3711 2407 προεκό-

2141 2447 2309 2501 μισαν
2338 2431 2566 2492 ταύτας.
2592 2432 2701 2485 Καὶ
2723 2433 2779 2485 αί
2817 2431 2917 2501 μὲν
2947 2430 3130 2496 ἄλλαι,
3154 2425 3267 2484 οἷαί
3324 2444 3430 2503 περ
3491 2429 3722 2498 ἐτύγχα-

2137 2540 2250 2589 νον,
2278 2522 2491 2594 ἔμενον,
2521 2525 2553 2595 ὴ
2586 2524 2643 2577 δὲ
2671 2524 2881 2595 Ἀαρὼν
2926 2524 3233 2596 ἐϐλάστησε
3266 2523 3496 2587 κλάδους
3519 2539 3579 2575 τε
3612 2520 3712 2574 καὶ

2136 2615 2408 2687 καρπούς.
2441 2615 2621 2670 Τὸνδέ
2653 2618 2870 2689 καρπὸν
2901 2620 2935 2688 ἡ
2965 2618 3063 2689 μὲν
3094 2619 3188 2671 τοῦ
3220 2617 3508 2672 Λευῖτικοῦ
3536 2615 3720 2687 βίϐλος

2137 2708 2323 2778 κάρυα
2370 2708 2543 2778 λέγει,
2589 2709 2885 2779 ἀμύγδαλα
2914 2711 2970 2764 δὲ
3035 2713 3064 2764 6
3119 2708 3404 2778 Ἰώσηπος.
3459 2708 3723 2776 Ἔξεπλά-

2137 2817 2320 2870 γησαν
2364 2799 2460 2858 οὖν
2507 2803 2736 2869 πάντες,
2784 2806 2907 2876 τρὶς
2934 2805 3026 2858 τὸν
3053 2803 3269 2876 Ἀαρὼν
3297 2803 3724 2876 χειροτονήσανο

448 2910 543 2957 τος
598 2893 695 2947 τοῦ
728 2894 1075 2950 Θεοῦ.Ἐπε“ι
1116 2895 1173 2950 δὲ
1212 2895 1474 2967 πολέμων
1539 2895 1636 2949 καὶ
1695 2894 1984 2966 στρατείας
2046 2894 2224 2964 ἡτῶν
2289 2897 2536 2951 Δευῖτῶν
2582 2897 2775 2967 ἀφεῖτο
2825 2898 2991 2969 φυλὴ,
3045 2899 3134 2953 ἵνα
3203 2899 3279 2971 μὴ
3344 2899 3433 2953 διὰ
3484 2898 3724 2968 ἀπορίαν

454 2990 560 3044 τῶν
644 2993 963 3061 ἀναγκαίων
1022 2994 1276 3067 ἀμελοῖεν
1353 2996 1454 3066 τῆς
1520 2994 1870 3066 λειτουργίας
1938 2992 2036 3048 τοῦ
2112 2994 2285 3066 ίεροῦ,
2321 2994 2542 3048 ἐκέλευε
2594 2996 2836 3066 Μωῦσῆς
2916 2996 3016 3067 τὴν
3067 2996 3381 3052 Χαναναίαν
3430 2994 3721 3067 κτησαμέ-

449 3100 578 3149 νους
602 3090 732 3152 τοὺς
769 3087 1080 3159 Ἐὕραίους,
1101 3086 1249 3142 ὀκτὼ
1264 3086 1358 3143 καὶ
1382 3088 1802 3159 τεσσαράκοντα
1832 3087 2020 3150 πόλεις
2059 3089 2392 3159 κατανεῖμαι
2456 3091 2571 3153 τοῖς
2623 3086 2900 3154 Λευῖταις,
2933 3089 3029 3142 καὶ
3092 3090 3196 3160 γῆν
3230 3091 3343 3159 πρὸ
3377 3090 3584 3156 αὐτῶν,
3618 3090 3718 3144 καὶ

450 3180 688 3252 δεκάτην
746 3180 855 3234 τῶν
917 3180 1182 3235 ἐπετείων
1254 3181 1487 3252 καρπῶν
1567 3182 1751 3244 αὐτοῖς
1808 3198 1869 3235 τε
1936 3181 2033 3234 καὶ
2070 3183 2184 3246 τοῖς
2245 3181 2453 3253 ἱερεῦσι
2499 3180 2698 3249 τελεῖν,
2780 3182 2873 3235 καὶ
2923 3182 3060 3238 ἄλλα
3108 3182 3166 3238 δέ
3214 3182 3442 3236 πλεῖστα
3505 3184 3725 3249 τούτοις

451 3275 713 3345 χορηγεῖν
762 3272 852 3325 τὸν
895 3271 1025 3328 λαὸν
1083 3275 1393 3342 διετάξατο,
1452 3269 1529 3328 ὧν
1590 3275 1651 3328 τὸ
1698 3274 1823 3328 καθ’
1873 3275 2164 3330 ’ἑκαστονὸ
2214 3276 2419 3347 ζητῶν,
2496 3274 2599 3346 τὴν
2659 3275 2755 3330 τοῦ
2812 3276 3105 3330 Δευῖτικοῦ
3164 3277 3348 3348 βίϐλον
3401 3266 3724 3353 ἀναπτύξας

453 3369 588 3438 εύρή
601 3385 704 3421 σει.
3442 3383 3446 3387 ·

522 3457 713 3514 XVlll.
750 3458 846 3515 His
871 3459 1041 3516 rebus
1069 3458 1364 3526 ordinatis,
1395 3459 1575 3516 Moses
1603 3474 1736 3514 cum
1777 3459 2028 3515 exercitu

2207 3453 2321 3514 ΠΥ.
2353 3456 2540 3511 Ταῦτα
2578 3456 2637 3511 δὲ
2665 3456 2926 3524 διατάξας
2970 3459 3235 3531 Μωῦσῆς,
3276 3461 3371 3514 ἐπὶ
3414 3461 3514 3534 τὴν
3558 3462 3727 3517 ἰδου-

452 3551 521 3607 ad
572 3551 865 3606 ldumaeam
906 3551 1141 3618 accedit,
1204 3552 1494 3607 transitum
1544 3558 1765 3622 petens.
1807 3551 1880 3606 At
1934 3565 2028 3606 rex

2139 3551 2309 3623 μαίαν
2336 3546 2470 3623 ἦλθε
2499 3553 2637 3623 μετά
2664 3552 2765 3624 τῆς
2811 3555 3101 3625 στρατιᾶς,
3170 3555 3272 3608 καὶ
3307 3555 3461 3626 ἠξίου
3510 3557 3727 3625 παρελ-

451 3646 603 3701 illius
627 3654 785 3700 terra:
813 3660 938 3701 cum
968 3642 1200 3701 armatis
1224 3644 1399 3714 capiis
1429 3645 1696 3700 occurrit.
1722 3644 1901 3701 Moses
1927 3642 2028 3697 ita-

2136 3643 2250 3697 θεῖν
2272 3642 2341 3697 δι’
2371 3644 2566 3714 αὐτῆς.
2591 3644 2706 3714 Τῆς
2727 3643 2915 3716 χώρας
2943 3645 2999 3699 δέ
3020 3646 3049 3696 6
3080 3646 3355 3716 βασιλεὺς,
3383 3647 3522 3717 μετὰ
3553 3636 3727 3716 στρα-

454 3753 563 3808 que
594 3753 694 3808 per
718 3737 1001 3794 desertum
1027 3737 1233 3808 pergit,
1258 3738 1503 3793 monitus
1520 3752 1550 3792 a
1572 3738 1684 3793 Deo
1703 3751 1772 3792 ne
1795 3751 2033 3808 pugnam

453 3831 864 3900 auspicaretur.
916 3830 996 3885 Eo
1053 3838 1306 3898 tempore
1365 3828 1533 3883 etiam
1567 3828 1884 3883 Mariamme
1916 3843 2035 3882 mo-

453 3921 623 3986 ritur,
658 3919 825 3977 Mosis
847 3936 1031 3990 soror,
1080 3920 1510 3992 quadragesimo
1548 3936 1696 3974 anno
1750 3929 1873 3990 post
1920 3919 2037 3975 exi-

456 4025 574 4069 tum
603 4030 670 4070 ει
702 4014 956 4088 Εεγριο.
1012 4015 1225 4086 Populo
1285 4015 1455 4086 igitur
1510 4014 1680 4072 ductu
1725 4014 1892 4070 Musis
1939 4030 2036 4085 per

455 4105 733 4162 desertum
779 4117 836 4162 et
878 4107 1140 4163 Arabiam
1182 4107 1593 4178 proﬁciscente,
1648 4107 1837 4163 Aaron
1867 4108 2036 4163 etiam

456 4197 592 4264 obit,
628 4198 740 4252 alto
777 4211 965 4254 monte
998 4213 1323 4263 conscenso,
1383 4209 1442 4254 et
1483 4198 1895 4270 pontiﬁcalibus
1943 4214 2038 4254 ve-

459 4289 645 4345 stibus
680 4291 942 4347 Eleazaro
977 4290 1092 4346 ﬁlio
1127 4291 1347 4347 traditis
1373 4291 1428 4346 in
1473 4293 1661 4364 populi
1710 4302 2036 4361 conspectu,

462 4397 609 4437 anno
637 4384 815 4438 aetatis
843 4398 1033 4438 cxxin.
1061 4383 1239 4439 Moses
1261 4383 1330 4438 ad
1369 4383 1735 4438 Moabitarum
1764 4392 1822 4439 et
1848 4382 2041 4438 Amor-

459 4473 736 4527 rhzeorum
764 4473 1047 4544 regionem
1071 4488 1415 4544 progressus,
1432 4474 1652 4545 petebat
1673 4485 1735 4529 ut
1754 4474 2040 4530 traducere

456 4564 647 4620 liceret
679 4565 1006 4621 exercitum.
1055 4565 1162 4619 Sed
1222 4566 1327 4621 loci
1371 4566 1519 4621 illius
1564 4581 1662 4621 rex
1695 4568 1841 4621 Seon
1890 4576 2042 4621 trau-

457 4657 567 4713 situ
606 4658 871 4728 populum
904 4657 1258 4727 prohibebat.
1319 4656 1457 4714 Cum
1514 4668 1700 4715 autem
1747 4659 1883 4715 Mosi
1913 4675 2042 4716 ora-

458 4748 646 4802 culum
680 4748 1018 4814 consulenti,
1070 4749 1318 4805 victoria:
1366 4749 1521 4821 signa
1572 4750 1817 4807 dedisset
1870 4752 2035 4818 Deus,

2135 3737 2259 3799 τιᾶς
2280 3735 2507 3789 ἐνόπλου
2539 3731 2867 3807 προῦπήντᾳ
2891 3736 2970 3808 τῷ
3001 3738 3237 3807 Μωῦσῇ.
3268 3737 3379 3791 Καὶ
3405 3738 3465 3802 ὃς
3503 3738 3590 3792 διὰ
3615 3737 3723 3808 τῆς

2135 3827 2345 3898 ἐρήμου
2401 3825 2622 3897 ἐχώρει,
2648 3826 2727 3896 μὴ
2762 3826 2958 3896 ἄρχειν
3001 3827 3183 3898 μάχης
3247 3826 3725 3897 συμϐουλεύοντος

2137 3916 2236 3971 τοῦ
2270 3915 2430 3971 Θεοῦ.
2467 3916 2604 3970 Τότε
2634 3917 2734 3971 καὶ
2759 3917 3079 3989 Μαριάμμη
3114 3916 3375 3988 τέθνηκε,
3407 3916 3504 3971 τοῦ
3552 3919 3728 3973 Maii)-

2140 4005 2333 4077 σέωςή
2365 4004 2652 4075 σύγγονος,
2697 4008 2840 4077 μετά
2871 4010 3316 4077 τεσσαρακοστὸν
3372 4008 3494 4073 ἔτος
3527 4010 3627 4081 τῆς
3660 4009 3728 4075 ἐξ

2137 4094 2418 4164 Αἰγύπτου
2446 4084 2657 4163 ἐξόδου.
2693 4096 2799 4150 Τὸν
2823 4097 2881 4150 δὲ
2930 4096 3061 4151 λαὸν
3090 4099 3276 4169 ἀπῆγε
3307 4098 3398 4153 διὰ
3451 4100 3552 4171 τῆς
3585 4101 3726 4175 ἐρὴ-

2143 4205 2268 4259 μου,
2306 4190 2402 4243 καὶ
2428 4191 2532 4260 τῆς
2563 4187 2851 4258 ⁹Λραὸίας,
2886 4189 3019 4245 ἔνθα
3048 4191 3145 4243 καὶ
3186 4191 3401 4261 Ἀαρὼν
3428 4192 3726 4264 ἐτελεύτηο
3835 4232 3838 4234 η

2142 4298 2233 4334 σεν
2267 4281 2349 4344 εἰς
2375 4282 2502 4353 ὅρος
2529 4281 2743 4346 ἀναϐὰς
2791 4280 3021 4352 ὑψηλὸν,
3056 4283 3153 4335 καὶ
3181 4281 3281 4354 τὴν
3315 4283 3723 4356 ἀρχιερατικὴν

2141 4373 2337 4442 στολὴν
2387 4373 2668 4441 παραδοὺς
2715 4372 2795 4444 τῷ
2848 4373 2950 4444 υίῷ
3005 4372 3295 4445 Ἐλεάζαρ,
3343 4376 3438 4429 τοῦ
3480 4376 3724 4448 πλήθους

2139 4467 2400 4539 ὁρῶντος,
2457 4466 2553 4538 ἔτη
2594 4468 2744 4539 βιοὺς
2780 4467 2979 4522 ἐκατδν
3011 4468 3150 4539 πρὸς
3181 4471 3360 4524 εἰκοσι
3389 4470 3485 4523 καὶ
3516 4472 3722 4542 τρισίν.

2141 4560 2348 4614 Ἐλθὼν
2386 4559 2443 4613 δὲ
2473 4560 2712 4629 Μωῦσῆς
2755 4560 2850 4613 ἐπὶ
2878 4559 2979 4632 τὴν
3022 4560 3335 4616 Μωαϐιτῶν
3375 4563 3470 4617 καὶ
3519 4563 3725 4636 Ἀμορ-

2145 4654 2314 4725 ραίων
2340 4652 2549 4724 χώραν,
2576 4651 2654 4722 τῷ
2707 4652 2931 4723 στρατῷ
2956 4652 3130 4707 δίοδον
3167 4654 3309 4725 ῆτει.
3341 4654 3500 4725 Σηὼν
3527 4656 3585 4712 δὲ
3620 4657 3727 4726 τῆς

2143 4744 2327 4816 χώρας
2353 4748 2381 4798 6
2412 4744 2676 4815 βασιλεὺς
2721 4744 3026 4800 διαὸαίνειν
3054 4748 3183 4811 τοὺς
3255 4747 3543 4820 Ἐϐραίους
3580 4749 3728 4802 ἐκώ-

458 4838 672 4894 Hebraei
708 4840 875 4893 armis
909 4840 1166 4909 sumptis,
1191 4842 1246 4894 in
1280 4840 1531 4910 praalium
1562 4844 1791 4895 vadunt.
1827 4840 2028 4897 Statim

2142 4837 2261 4902 λυε,
2284 4838 2382 4891 καὶ
2412 4837 2508 4890 τοῦ
2546 4835 2685 4890 Θεοῦ
2740 4838 2899 4907 νίκην
2952 4837 3306 4910 σημήναντος
3338 4840 3584 4911 ἐρομένῳ
3641 4838 3724 4911 τῷ

459 4931 517 4985 in
547 4930 727 5002 fugam
759 4939 1056 4988 vertuntur
1083 4932 1412 4999 Amorrhazi,
1432 4942 1487 4987 et
1518 4948 1712 4988 omnes
1730 4933 2032 5000 intereunt,

462 5037 590 5093 rege
628 5023 796 5076 etiam
825 5022 1032 5087 occiso,
1064 5031 1121 5078 et
1153 5023 1328 5092 captis
1353 5021 1608 5090 urbibus,
1644 5038 1708 5077 ac
1749 5023 2038 5094 provincia

461 5126 753 5185 occupata.
807 5113 957 5186 Ogus
1004 5115 1137 5171 item
1196 5113 1518 5171 Galaditica:
1567 5125 1623 5170 et
1671 5115 2039 5172 Gaulanitidis

461 5221 581 5274 rex,
618 5206 713 5276 qui
745 5204 911 5261 Seoni
933 5208 1044 5276 jam
1095 5206 1386 5263 interfecto
1434 5207 1715 5279 suppetias
1753 5208 2034 5276 veniebat,

462 5298 738 5353 lsraelitas
768 5298 1108 5368 aggreditur.
1158 5299 1271 5353 Sed
1294 5310 1352 5355 et
1398 5300 1517 5369 ipse
1554 5300 1608 5354 in
1644 5300 1836 5371 prmlio
1864 5302 2033 5362 cadit.

362 5442 371 5451 ,
462 5401 520 5446 et
575 5392 856 5446 exercitus
907 5392 1030 5462 ejus
1062 5392 1278 5448 deletur
1320 5395 1499 5464 captis
1546 5395 1802 5459 urbibus,
1857 5404 1913 5449 et
1948 5395 2037 5450 iu-

461 5481 602 5536 culis
660 5482 990 5538 interfectis.
1042 5484 1172 5540 lude
1206 5485 1384 5540 Moses
1436 5486 1624 5557 copias
1673 5488 1730 5541 in
1784 5502 2031 5558 magnam

461 5571 748 5642 planitiem
773 5572 947 5641 ducit,
981 5585 1038 5630 et
1066 5557 1246 5631 castra
1280 5585 1472 5631 contra
1506 5557 1920 5633 Uiericliuntem
1948 5578 2033 5633 lo-

461 5673 570 5730 cat,
606 5664 799 5721 urbem
824 5667 1062 5735 beatam,
1093 5685 1158 5724 ac
1199 5670 1503 5740 palmarum
1528 5680 1586 5725 et
1629 5671 1861 5725 Balsami
1886 5671 2032 5726 fera—

461 5771 606 5813 cem.
641 5757 872 5815 Balacus
895 5770 1079 5815 autem
1119 5778 1214 5816 rex
1247 5763 1560 5816 Balaamuin
1608 5771 1787 5815 vatem
1840 5778 2032 5819 accer-

461 5857 557 5917 ιιι,
591 5859 652 5908 ιιι
675 5850 954 5911 lsraelitas
986 5855 1124 5912 diris
1145 5855 1462 5912 devoveret.
1497 5854 1604 5914 Sed
1634 5855 1739 5911 iter
1758 5855 2030 5928 ingresso,

2145 4930 2375 5000 Μωῡσῇ,
2408 4931 2508 4991 τάς
2544 4928 2853 4993 πανοπλίας
2885 4928 3253 4994 ἀναλαδόντες
3284 4929 3549 5002 Ἑϐραῖοι,
3584 4933 3725 5003 πρὸς

2149 5021 2331 5093 μάχην
2360 5020 2628 5089 ἐχώρουν.
2658 5020 2969 5091 Τρέπονται
2998 5021 3045 5074 δ’
3078 5022 3278 5077 αὐτίκα
3304 5024 3352 5076 oi
3376 5024 3722 5094 Ἀμορραῖοι,

2148 5117 2244 5168 καὶ
2273 5111 2516 5174 ἅπαντες
2540 5112 2941 5183 διεφθάρησαν.
2966 5113 3234 5167 Πέπτωκε
3281 5115 3341 5168 δέ
3376 5119 3470 5169 καὶ
3501 5117 3658 5183 Σηὼν
3693 5118 3725 5170 6

2144 5206 2327 5261 αὐτῶν
2382 5205 2660 5275 βασιλεὺς,
2710 5206 2806 5259 καὶ
2853 5210 2955 5269 τὰς
3016 5207 3204 5270 πόλεις
3255 5202 3421 5275 εἷλον,
3490 5211 3586 5263 καὶ
3617 5212 3722 5282 τὴν

2143 5299 2251 5371 γῆν
2278 5301 2507 5353 ἐκείνων
2534 5296 2870 5370 παρέλαϐον.
2901 5299 3244 5353 Ἐπιτίθεται
3269 5300 3328 5353 δέ
3356 5303 3475 5365 τοῖς
3503 5303 3728 5374 Ἰσραη-

2140 5393 2344 5462 λίταις,
2380 5393 2474 5446 καὶ
2516 5392 2621 5461 Ὠγ
2666 5392 2696 5444 ὁ
2723 5393 2826 5462 τῆς
2874 5392 3193 5463 Γαλαδηνῆς
3250 5395 3473 5465 καὶτῆς
3504 5395 3723 5451 Γαυλα-

2143 5486 2342 5550 νίτιδος
2394 5485 2651 5557 βασιλεὺς
2700 5484 2993 5557 σύμμαχος
3045 5485 3217 5540 ἐλθὼν
3264 5487 3344 5558 τῷ
3409 5488 3566 5561 Σηὼν
3614 5491 3720 5562 ἤδη

2144 5578 2473 5633 ἀπολωλότι.
2505 5579 2682 5641 Αὐτός
2727 5596 2788 5631 τε
2810 5576 2904 5633 οὖν
2946 5579 3173 5651 θνήσκει
3202 5582 3348 5635 κατὰ
3377 5583 3476 5652 τὴν
3510 5584 3722 5655 μάχην,

2145 5670 2242 5725 καὶ
2303 5672 2330 5722 6
2363 5671 2597 5741 στρατὸς
2626 5670 2794 5724 αὐτοῦ
2827 5671 3229 5744 διαφθείρεται,
3267 5674 3361 5729 καὶ
3418 5677 3476 5729 αί
3530 5676 3722 5742 πόλεις

2144 5763 2414 5830 ἑάλωσαν,
2474 5762 2573 5815 καὶ
2601 5764 2652 5816 οἱ
2708 5764 3047 5831 ἐνοικοῦντες
3113 5768 3420 5825 ἀπώλοντο.
3471 5768 3722 5825 Ἐκεῖθεν

2141 5857 2199 5912 δὲ
2225 5856 2470 5928 Μωῦσής
2504 5856 2605 5929 τὴν
2647 5857 2881 5931 δύναμιν
2925 5864 3146 5921 κατὰτὸ
3177 5867 3321 5933 μέγα
3352 5866 3535 5926 πεδίον
3566 5867 3718 5936 ἄνει,
