3958 6588
349 414 434 476 lOl

1578 409 1992 475 ANN-ALIUM
2034 410 2182 473 LIB.
2235 411 2283 471 Ι.

3481 405 3584 468 102

343 525 427 576 καὶ
488 522 907 594 στρατοπεδεύει
960 521 1316 594 Ἱεριχοῦντος
1377 521 1581 576 ἔναντι.
1643 523 1806 586 Πόλις
1857 521 1903 576 δ’

2016 519 2230 575 divinus
2259 517 2483 588 angelus
2516 516 2784 575 occurrit.
2820 531 2931 585 quo
2959 515 3135 574 asina.
3172 517 3260 570 cui
3293 516 3588 570 Balaamns'

342 619 476 668 ἐστὶν
505 616 776 687 εὐδαίμων
835 615 1003 687 αῦτη,
1058 616 1316 684 φοινικάς
1366 634 1426 668 τε
1484 614 1754 686 φέρουσα,
1810 612 1907 665 καὶ

341 708 605 778 βάλσαμον
669 708 977 778 νεμομένη.
1017 706 1201 760 Βαλὰκ
1248 707 1306 760 δὲ
1355 709 1382 760 6
1437 707 1548 759 τῶν
1591 705 1906 761 Μωαϐιτῶν

339 799 607 870 βασιλεὺς,
644 799 1041 870 μετακαλεῖται
1087 799 1178 852 τὸν
1203 799 1414 868 μάντεα
1471 798 1724 868 Βαλαάμ,
1757 799 1907 860 ὅπως

337 891 646 961 ὲπ⁹ὀλέθρ·ρ
702 893 812 944 τῶν
869 891 1232 964 Ἰσραηλιτῶν
1291 891 1432 962 ἀράς
1489 891 1694 962 ποιήσῃ
1724 906 1906 958 παρα-

337 984 776 1052 γενόμενος.Καὶ
838 986 865 1037 6
919 986 1016 1053 μὲν
1071 982 1258 1055 ἀπῄει.
1317 982 1477 1035 Κατὰ
1537 982 1594 1034 δὲ
1635 984 1736 1051 τὴν
1788 980 1906 1034 ὁδὸν

333 1074 552 1142 ἀγγέλου
582 1075 727 1127 θείου
765 1075 1178 1144 προσϐαλόντος
1213 1074 1385 1144 αὐτῷ,
1413 1076 1446 1146 ἡ
1485 1068 1684 1147 ὅνο;,ᾕ
1716 1075 1742 1126 6
1796 1073 1904 1126 Ba.-

336 1165 476 1233 λαάμ
509 1166 802 1235 ἐπωχεῖτο,
855 1168 1080 1218 συνεῖσα
1108 1165 1203 1218 τοῦ
1253 1165 1400 1217 θείου
1447 1163 1780 1234 πνεύματος,
1842 1163 1904 1215 ού

331 1255 674 1326 προέϐαινεν,
729 1257 850 1310 οὐδὲ
877 1259 1002 1320 ταῖς
1044 1258 1286 1326 πληγαῖς
1321 1255 1576 1309 ἐνεδίδου*
1608 1260 1908 1325 φωνήσασα

329 1349 370 1400 δ’
392 1348 758 1419 ἀνθρωπίνως
807 1351 947 1402 κατὰ
975 1350 1127 1403 θεῖαν
1153 1349 1437 1418 βούλησιν,
1493 1347 1681 1401 ἄδικον
1721 1347 1908 1400 ἐκάλει

329 1442 410 1493 τὸν
434 1442 716 1510 δεσπότην
767 1442 988 1512 πληγάς
1042 1443 1184 1512 αὐτῇ
1252 1441 1611 1511 ἐπιφέροντα,
1675 1438 1772 1492 καὶ
1833 1438 1908 1509 μὴ

329 1533 594 1591 συνιέντα,
625 1534 708 1586 ὃτι
743 1534 809 1585 έκ
834 1531 970 1584 Θεοῦ
1007 1527 1088 1596 οἷς
1132 1533 1403 1584 ἔσπευσεν
1435 1533 1732 1602 ὑπηρετεῖν
1793 1532 1908 1601 είρ-

328 1641 496 1691 γεται.
525 1624 960 1695 Ταραττομένου
991 1625 1035 1677 δ’
1061 1623 1232 1679 αὑτοῦ
1267 1625 1358 1678 διὰ
1400 1627 1500 1695 τὴν
1557 1625 1908 1695 ἀνθρωπίνην

328 1715 524 1782 φωνὴν,
555 1717 852 1785 ἐπιφανεὶς
883 1719 910 1769 6
943 1717 1199 1786 ἄγγελος,
1235 1717 1398 1780 αὐτὸς
1429 1715 1528 1786 τὴν
1578 1717 1695 1769 ὁδὸν
1753 1715 1908 1783 ἔλεγε

329 1809 554 1861 κωλύειν
622 1809 701 1879 τῷ
759 1811 975 1880 κτήνει.
1035 1810 1372 1880 Βουλόμενον
1421 1809 1466 1861 δ’
1521 1809 1908 1878 ἀναστρέφειν,

326 1904 517 1972 χωρεῖν
555 1901 906 1973 προσωτέρω
931 1901 1331 1974 παρώρμησεν,
1386 1902 1481 1955 καὶ
1507 1902 1535 1954 δ
1568 1902 1633 1955 ἂν
1679 1905 1742 1955 ὲκ
1773 1901 1907 1955 Θεοῦ
1938 1881 1984 1940 Β

327 1995 728 2064 ἐμπνευσθείη,
760 1994 927 2048 τοῦτο
957 1994 1158 2062 λέγειν.
1191 1997 1300 2048 Καὶ
1328 1994 1355 2046 6
1380 1994 1479 2061 μὲν
1507 1994 1631 2064 ἥκει
1665 1994 1799 2064 πρὸς
1819 1993 1909 2046 τὸν

329 2087 526 2141 Βαλὰκ.
602 2088 715 2140 Καὶ
764 2088 846 2151 είς
897 2087 1024 2158 ὅρος
1083 2088 1294 2158 ἀχθεὶς,
1373 2090 1516 2145 ἑπτά
1569 2105 1629 2142 τε
1675 2087 1910 2158 ταύρους

321 2178 730 2245 ὁλοκαυτώσας,
768 2180 860 2231 καὶ
904 2178 1207 2243 τοσούτους
1239 2180 1454 2250 κριοὺς,
1505 2179 1580 2244 ὡς
1640 2173 1750 2232 εἶδε
1786 2195 1910 2249 τρο⁴

329 2276 428 2340 πῂν
483 2272 934 2341 σημαινομένην,
995 2273 1056 2324 ού
1116 2271 1276 2342 μόνον
1332 2273 1392 2325 οὐ
1451 2269 1756 2342 κατηύξατο
1802 2270 1910 2322 τῶν

338 2362 636 2432 Ἐϐραίων,
670 2363 810 2418 ⁵ἀλλ’
847 2365 1172 2426 ἐπιθειάσας
1218 2363 1414 2426 αὐτούς
1453 2381 1511 2417 τε
1538 2365 1635 2417 καὶ
1665 2363 1724 2416 τὸ
1753 2362 1910 2431 γένος

326 2455 466 2506 ἀπαν
509 2454 704 2507 αὐτῶν
728 2455 1038 2525 suum“,
1062 2455 1158 2509 καὶ
1214 2454 1514 2526 ὲξύμνησε.
1575 2453 1682 2507 Τοῦ
1717 2454 1771 2507 δὲ
1806 2454 1901 2506 Βαο

326 2541 424 2592 λὰκ
470 2543 932 2614 δυσχεραίνοντος
984 2548 1077 2598 ὲπί
1133 2545 1374 2609 τούτοις,
1423 2545 1527 2614 ἔφη
1572 2546 1600 2597 6
1656 2545 1906 2614 Βαλαάμ·

329 2637 442 2687 Οὐκ
471 2633 568 2702 ἐφ’
604 2633 756 2702 ἡμῖν
785 2635 918 2703 περὶ
954 2634 1071 2688 τῶν
1100 2638 1384 2690 τοιούτων
1411 2635 1593 2706 σιγᾷν
1634 2637 1672 2705 ἢ
1713 2635 1912 2704 λέγε-ν

324 2727 512 2791 ἐστὶν,
544 2721 910 2793 ὦβασιλεῦ,
948 2729 1096 2781 ἀλλ’
1145 2728 1242 2781 ὅτε
1273 2727 1428 2797 ἡμᾶς
1476 2729 1543 2782 τὸ
1599 2728 1705 2783 τοῦ
1762 2728 1911 2782 Θεοῦ

325 2819 474 2886 λάϐῃ
513 2819 784 2888 πνεῦμα.
828 2819 903 2884 ἃς
936 2820 1129 2873 ἐκεῖνο
1149 2821 1437 2884 βούλεται
1469 2823 1670 2890 φωνὰς
1697 2820 1912 2890 ἀφίησι

327 2910 625 2978 δι’ἠμῶν.
675 2911 838 2980 Ἐμοὶ
901 2911 970 2964 δὲ
1001 2911 1343 2981 χαρίζεσθαι
1367 2915 1726 2982 ,ϐουλομένῳ
1787 2931 1910 2979 σοι,

324 3003 526 3070 βωμὸν
567 2997 753 3066 αὖθις
778 3002 1172 3072 ἐτοιμαστέον
1212 3006 1308 3056 καὶ
1359 3005 1610 3072 θύματα.
1644 3004 1772 3056 Θύει
1801 3005 1914 3056 τοί-

328 3111 414 3145 νυν
439 3093 537 3145 καὶ
587 3094 785 3154 πάλιν,
819 3094 917 3147 καὶ
975 3111 1158 3146 πεσων
1213 3095 1307 3146 ἐπὶ
1354 3095 1550 3164 στόμα,
1612 3094 1914 3165 προύλεγεν

328 3187 421 3237 ὅσα
453 3202 514 3237 τε
547 3184 879 3255 βασιλεῦσιν
903 3187 1056 3238 ἔσται
1089 3185 1261 3257 πάθη,
1296 3188 1391 3238 καὶ
1411 3186 1513 3239 ὅσα
1545 3188 1668 3248 ταῖς
1699 3185 1911 3239 πόλεσι.

334 3278 514 3329 Βαλὰκ
580 3278 646 3330 δὲ
690 3277 906 3348 ἀτίμως
959 3279 1282 3349 ἀποπέμπει
1324 3278 1416 3330 τὸν
1474 3275 1724 3346 Βαλαάμ.
1785 3273 1916 3329 Εἶτα

334 3371 427 3434 τάς
463 3371 788 3442 παρθένους
839 3370 1145 3439 ἐπιπέμπει
1181 3373 1295 3434 τοῖς
1348 3369 1738 3440 Ἰσραηλίταις,
1779 3368 1920 3421 κατά

332 3463 658 3532 συμϐουλὴν
722 3462 980 3530 Βαλαὰμ,
1040 3458 1126 3524 αἷς
1159 3462 1209 3514 οί
1241 3460 1350 3513 τῶν
1409 3461 1676 3531 Ἐϐραίων
1734 3461 1920 3522 παῖδες

331 3554 682 3617 ἁλίσκονται,
717 3552 811 3606 καὶ
860 3553 1087 3614 ταύταις
1139 3550 1432 3621 συνῄεσαν.
1486 3551 1559 3614 ὼς
1627 3548 1920 3612 διαπαντὸς

334 3649 430 3716 ἠδη
478 3645 580 3699 τοῦ
651 3646 892 3717 στρατοῦ
946 3647 1044 3716 τὴν
1101 3645 1448 3715 παρανομίαν
1506 3646 1706 3714 χωρεῖν
1759 3646 1922 3714 ἔρωτι

335 3743 440 3793 τῶν
529 3740 900 3799 Μαδιανιτῶν
985 3739 1290 3808 γυναικῶν,
1352 3740 1493 3801 Θεοῖς
1569 3738 1748 3791 αὐτῶν
1813 3737 1922 3790 τῶν

344 3833 624 3904 Ἐϐραίων
656 3834 915 3898 θυόντων,
962 3832 1056 3885 καὶ
1091 3832 1386 3902 ἀσυνήθων
1435 3832 1747 3900 γευομένων
1792 3846 1918 3898 τρο⁹

339 3926 472 3992 φῶν.
526 3925 785 3995 Μωῡσῆς
816 3925 874 3978 δὲ
918 3927 998 3986 είς
1055 3925 1359 3994 ἐκκλησίαν
1391 3923 1618 3992 ἀγαγὼν
1651 3927 1740 3975 τὸν
1770 3924 1920 3984 λαὸν,

337 4022 431 4070 ουκ
493 4019 636 4083 ἄξια
683 4019 823 4088 δρᾷν
877 4016 1107 4083 ἑαυτῶν,
1159 4017 1280 4069 οὐδὲ
1323 4016 1431 4068 τῶν
1493 4015 1744 4086 πατέρων
1797 4015 1924 4078 τοὺς

339 4113 491 4174 νέους
545 4111 738 4179 ἐλεγεο
799 4110 897 4164 καὶ
949 4111 1213 4180 ἐπειρᾶτο
1265 4108 1490 4171 τούτους
1569 4106 1922 4178 ἐπανορθοῦν.

343 4204 620 4274 Ζαμὸρὴς
651 4204 710 4257 δὲ
749 4205 1030 4273 φύλαρχος
1069 4204 1145 4256 ῶν
1172 4201 1351 4272 φυλῆς
1377 4201 1474 4270 τῆς
1506 4201 1922 4270 Συμεωνίτιδος,

342 4299 432 4348 καὶ
473 4296 837 4350 Μαδιανίτιδι
879 4295 1172 4360 συνοικῶν,
1204 4295 1302 4348 καὶ
1356 4294 1680 4364 περιμανῶς
1713 4293 1928 4362 ἐκείνης

340 4388 502 4456 ἐρῶν,
547 4388 839 4450 Μωῦσέως
887 4388 1377 4457 κατηναιδεύσατο,
1434 4386 1531 4438 καὶ
1567 4388 1644 4456 μὴ
1693 4385 1759 4438 ἄν
1797 4402 1928 4438 ποτε

341 4481 437 4549 τὴν
487 4483 736 4548 γυναῖκα
788 4479 1115 4532 καταλιπεῖν
1170 4476 1520 4548 διωμώσατο.
1567 4476 1624 4528 '0
1657 4474 1844 4536 Φινεὲς
1873 4473 1929 4526 δὲ

2013 610 2307 676 insidebat,
2335 607 2746 672 animadverso,
2801 623 2910 662 non
2964 608 3444 677 progrediebatur,
3487 625 3582 663 nc-

2010 720 2116 776 que
2151 703 2384 758 cedebat
2410 701 2733 756 verberibus
2767 719 2779 754 :
2821 699 2916 755 sed
2956 701 3045 755 Dei
3102 710 3238 754 nutu
3288 716 3422 754 voce
3478 701 3584 755 liu-

2010 810 2168 848 mana
2195 794 2363 856 edita,
2391 793 2786 862 expostulabat
2835 791 2943 863 a3
2979 807 3105 846 cum
3135 791 3383 854 domino,
3412 807 3442 845 a
3477 809 3587 861 quo

2012 889 2328 958 vapulabat,
2363 888 2510 955 quod
2537 901 2643 939 non
2671 885 3021 955 intelligeret,
3079 885 3348 940 divinitus
3371 900 3433 939 ea
3461 901 3588 955 pro-

2011 980 2213 1042 hiberi,
2255 980 2322 1034 ad
2383 996 2502 1048 qua:
2570 987 2912 1048 properaret.
2958 977 3102 1031 Voce
3148 977 3240 1031 illa
3292 977 3588 1047 perterrito

2010 1073 2174 1126 ctiam
2206 1071 2430 1141 angelus
2457 1079 2708 1141 apparet,
2752 1085 2814 1124 ac
2857 1084 2913 1124 se
2957 1070 3032 1124 ait
3083 1069 3335 1140 jumento
3369 1071 3478 1123 iter
3503 1069 3587 1122 in-

2011 1163 2342 1217 tercludere.
2375 1163 2597 1216 Reverti
2654 1161 2952 1225 volentem,
3003 1169 3062 1214 ut
3088 1171 3277 1232 pergat
3305 1161 3587 1226 hortatur,

2010 1266 2065 1309 et
2087 1256 2357 1326 quidquid
2383 1257 2432 1310 ci
2472 1255 2738 1310 divinitus
2759 1256 3084 1325 inspiretur,
3109 1256 3279 1312 dicat.
3305 1258 3380 1309 Ac
3434 1256 3590 1310 venit

2012 1348 2105 1402 ille
2135 1348 2357 1418 quidem
2393 1347 2459 1401 ad
2501 1347 2782 1412 Balacum,
2819 1357 2872 1403 et
2903 1348 2957 1402 in
2994 1357 3234 1403 montem
3266 1349 3589 1419 perductus.

2010 1448 2222 1512 septem
2257 1440 2430 1494 tauris
2465 1439 2807 1508 totidemque
2831 1440 3098 1495 arietibus
3123 1441 3441 1506 immolatis,
3463 1457 3588 1496 cum

2012 1546 2251 1604 stragem
2298 1534 2597 1603 signiﬁcari
2656 1531 2891 1599 videret,
2949 1551 3057 1587 non
3093 1535 3254 1588 modo
3291 1536 3430 1588 mala
3482 1550 3591 1588 non

2015 1627 2347 1697 imprecatus
2399 1636 2483 1682 est
2535 1626 2824 1689 lsraclitis.
2884 1622 2978 1681 sed
3017 1637 3073 1681 et
3109 1629 3257 1696 ipsos
3307 1638 3365 1682 et
3420 1643 3585 1682 omne

2011 1735 2188 1787 genus
2211 1735 2404 1772 eorum
2435 1719 2633 1772 faustis
2666 1718 2945 1772 ominibus
2991 1727 3048 1772 et
3083 1718 3285 1772 divinis
3333 1719 3594 1773 laudibus

2013 1820 2359 1881 prosecutus.
2384 1810 2462 1865 Ae.
2490 1812 2733 1882 graviter
2766 1811 2858 1865 illa
2925 1811 3124 1866 lerenti
3173 1811 3369 1865 Balaco
3397 1831 3408 1865 :
3471 1811 3591 1863 Non

2012 1919 2166 1973 penes
2237 1919 2351 1968 nos,
2421 1902 2620 1973 inquit,
2671 1913 2768 1968 est,
2822 1920 2852 1957 ο
2907 1919 3022 1968 rex,
3072 1906 3176 1957 ista
3250 1903 3332 1956 vel
3424 1901 3590 1973 loqui,

2011 1993 2090 2047 vel
2143 2003 2314 2048 tacere
2341 2010 2359 2047 :
2385 1995 2472 2048 sed
2525 2011 2642 2048 cum
2677 1994 2882 2048 divinus
2914 1997 3130 2064 spiritus
3167 2011 3260 2048 nos
3304 1998 3594 2064 occuparit,

2010 2104 2142 2157 quas
2164 2089 2271 2158 ipse
2298 2087 2429 2151 vult,
2461 2103 2555 2157 per
2598 2105 2690 2141 nos
2718 2105 2861 2141 voces
2894 2088 3018 2142 edit.
3056 2088 3161 2143 Sed
3186 2089 3312 2158 quia
3341 2089 3435 2141 tibi
3467 2103 3595 2156 gra-

2015 2188 2132 2233 tum
2170 2181 2343 2250 facere
2369 2182 2542 2250 cupio,
2577 2179 2748 2234 denuo
2785 2182 3094 2234 instruenda
3135 2181 3232 2233 erit
3280 2197 3377 2233 ara
3413 2188 3460 2232 et
3524 2181 3597 2232 vi-

2010 2275 2201 2327 ctimae.
2239 2272 2450 2327 Rursus
2508 2272 2672 2342 igitur
2729 2273 3018 2336 sacriﬁcat,
3055 2283 3110 2326 et
3148 2272 3203 2325 in
3238 2272 3431 2326 faciem
3468 2286 3598 2340 pro-

2013 2365 2218 2434 lapsus,
2251 2363 2438 2419 clades
2479 2365 2704 2435 regibus
2729 2373 2783 2420 et
2821 2364 3056 2420 urbibus
3087 2363 3436 2419 imminentes
3463 2364 3598 2417 vati-

2014 2455 2256 2510 cinatur.
2298 2456 2414 2523 Qua
2457 2456 2526 2512 de
2575 2472 2738 2512 causa
2773 2456 3002 2513 Balacus
3052 2473 3178 2513 eum
3219 2457 3337 2512 sine
3389 2457 3599 2512 honore

2013 2547 2260 2602 dimittit.
2288 2548 2546 2618 Idemque
2577 2534 2701 2618 p'osi
2723 2551 2787 2604 tle
2811 2549 3047 2604 Balaami
3077 2549 3334 2613 concilio,
3357 2549 3602 2619 virgines

2022 2640 2080 2693 in
2120 2640 2494 2696 lsraclitarum
2529 2651 2710 2698 castra
2738 2643 2928 2706 mittit,
2985 2658 3014 2696 a
3049 2644 3254 2712 quibus
3282 2642 3497 2697 llcbraei
3531 2643 3600 2696 ad

2014 2731 2219 2786 coitum
2248 2733 2652 2798 alliciebantur,
2689 2745 2748 2789 ut
2774 2735 2824 2788 id
2853 2736 3064 2789 facinus
3095 2744 3266 2790 totum
3299 2734 3598 2790 exercitum

2016 2833 2444 2894 pervagaretur,
2500 2839 2686 2878 amore
2743 2824 3214 2877 Madianiticarum
3279 2823 3596 2886 mulierum,

2017 2915 2126 2969 diis
2164 2931 2354 2969 carum
2391 2913 2637 2970 llebrzeis
2672 2915 3143 2980 sacriﬁcantibus,
3176 2922 3233 2968 et
3259 2914 3414 2969 cibos
3446 2915 3598 2969 inso-

2017 3007 2147 3060 litos
2199 3006 2656 3062 concedentibus.
2706 3006 2882 3060 Moses
2931 3005 3137 3076 populo
3167 3005 3233 3060 ad
3268 3006 3592 3060 concionem

2018 3107 2234 3163 vocato,
2272 3098 2509 3163 dicebat,
2548 3098 2930 3157 adolescentes
2961 3113 3138 3168 neque
3176 3113 3258 3163 se,
3293 3114 3473 3170 neque
3500 3115 3596 3168 pa-

2021 3193 2202 3247 tribus
2227 3194 2343 3248 suis
2389 3193 2552 3260 digna
2581 3192 2783 3257 facere,
2819 3209 3028 3264 eosque
3056 3193 3337 3263 corrigere
3373 3203 3586 3262 satagc.

2021 3285 2131 3338 bat.
2165 3283 2434 3339 Cancrum
2467 3285 2729 3339 Zambres
2761 3283 3055 3339 Simeonize
3105 3283 3283 3338 tribus
3314 3283 3591 3353 princeps,

2019 3378 2113 3448 qui
2148 3377 2551 3432 Madianitieam
2582 3378 2867 3431 mulierem
2898 3378 3001 3432 sibi
3033 3386 3258 3446 nuptam
3289 3379 3484 3431 insano
3528 3393 3594 3430 a~

2019 3485 2172 3524 more
2217 3468 2526 3537 deperibat,
2586 3467 2936 3538 impudenter
2985 3482 3105 3522 sese
3141 3468 3272 3521 Mosi
3322 3469 3602 3537 opposuit,

2021 3576 2200 3630 neque
2229 3573 2467 3628 unquam
2503 3559 2850 3612 deserturum
2888 3558 3252 3629 jurejurando
3284 3557 3594 3611 afﬁrmavit.

2021 3653 2256 3708 Pbinees
2285 3662 2468 3708 autem
2532 3652 2808 3723 pontiﬁcis
2868 3652 3113 3706 Eleazari
3199 3652 3346 3705 ﬁlius
3397 3652 3608 3705 doloris

2022 3745 2322 3802 acerbitate
2349 3746 2552 3810 victus,
2605 3760 2715 3798 non
2775 3745 2930 3814 prius
2980 3753 3036 3798 et
3093 3743 3502 3799 Madianitidem
3551 3755 3608 3797 et

2021 3839 2310 3894 Zainbrem
2344 3840 2527 3908 gladio
2569 3838 2865 3894 verberare
2902 3838 3134 3904 destitit,
3185 3855 3349 3908 quam
3393 3848 3609 3891 utrum-

2022 3946 2130 3999 que
2161 3930 2475 3985 occidisset.
2520 3931 2677 3984 llunc
2708 3931 2798 3983 alii
2829 3931 3064 4000 juvenes
3110 3930 3344 3984 studiosi
3380 3929 3604 3982 virtutis

2025 4025 2257 4088 imitari,
2294 4025 2642 4094 pcrimebant
2671 4025 3050 4079 adolescentes
3098 4025 3190 4094 qui
3226 4032 3418 4077 contra
3461 4023 3608 4086 leges

2024 4116 2235 4185 patrias
2269 4115 2598 4184 alienigenis
2633 4115 2966 4168 mulieribus
3017 4130 3074 4168 se
3130 4113 3601 4168 contaminarant.

2026 4207 2104 4260 lta
2137 4207 2241 4260 viri
2317 4222 2406 4260 xw
2462 4205 2705 4261 millibus
2759 4205 2904 4259 haud
2960 4204 3245 4275 pauciores
3301 4203 3607 4273 perierunt.

2026 4299 2102 4354 Ea
2143 4316 2199 4355 re
2239 4301 2415 4355 Moses
2468 4301 2663 4361 iratus,
2715 4307 2905 4352 contra
2939 4298 3260 4351 Madianitas
3303 4297 3608 4351 exercitum

2029 4393 2220 4456 mittit,
2257 4393 2480 4447 Phinea:
2520 4391 2777 4446 mandato
2815 4389 3068 4459 imperio.
3106 4389 3301 4443 Praelio
3350 4388 3612 4442 commis-

2031 4501 2112 4550 so,
2148 4500 2304 4553 reges
2350 4500 2540 4538 eorum
2579 4483 2782 4538 cadunt
2813 4497 3044 4535 numero
3085 4483 3352 4549 quinque,
3381 4487 3436 4533 et
3470 4480 3614 4532 mul-

340 4577 432 4626 τοῦ
485 4573 804 4644 ἀρχιερέως
863 4571 940 4626 ὢν
991 4574 1122 4634 παῖς
1175 4569 1468 4639 Ἐλεάζαρ,
1527 4568 1913 4638 περιαλγήσας.

2033 4576 2207 4630 titudo
2236 4574 2448 4644 ingens.
2497 4574 2706 4628 Hebraei
2745 4573 3024 4642 regionem
3079 4585 3271 4624 eorum
3317 4569 3609 4638 diripiunt,

346 4667 442 4718 οῦκ
474 4667 656 4737 ἀνῆκε
699 4665 880 4718 παίων
915 4666 983 4734 τῇ
1043 4664 1292 4734 ῥομφαίᾳ
1321 4662 1420 4732 τὴν
1454 4661 1779 4715 Μαδιανίτιν
1835 4660 1913 4711 κ;ι“

2031 4665 2246 4720 civibus
2281 4680 2385 4718 una
2415 4679 2540 4718 cum
2566 4663 2833 4717 uxoribus
2865 4661 3085 4723 occisis,
3114 4659 3248 4712 solis
3299 4657 3610 4727 virginibus

347 4760 436 4811 τὸν
471 4758 770 4828 Ζαμερὴν,
800 4758 907 4821 ἕως
961 4757 1058 4811 καὶ
1091 4756 1261 4824 ἄμφω
1302 4753 1650 4808 ἀπέκτεινεν.
1686 4753 1782 4803 Ὃν
1833 4748 1913 4803 κα⁴

2034 4763 2344 4824 parcentes,
2376 4767 2498 4822 qua:
2529 4752 2683 4806 fuere
2723 4752 2789 4804 ad
2833 4766 2975 4803 χχιιι
3005 4748 3202 4812 millia,
3240 4760 3381 4815 quas
3437 4747 3612 4800 Moses

348 4851 498 4904 ἄλλοι
564 4853 715 4916 νέοι,
750 4844 832 4913 οἷς
879 4849 1078 4920 ἀρετῆς
1139 4846 1344 4918 ἔμελε,
1391 4846 1795 4916 μιμησάμενοι,
1847 4843 1913 4896 ἀν

2033 4844 2440 4906 sacerdotibus,
2491 4842 2601 4914 44
2640 4842 2849 4896 Levitis
2873 4850 2928 4894 et
2975 4841 3179 4910 populo
3203 4839 3487 4895 distribuit
3515 4857 3526 4892 :
3560 4848 3614 4892 et

314 4944 516 5015 ,ῄρουν
557 4944 670 4996 τῶν
701 4944 836 4996 νέων
874 4942 1002 5004 τοὺς
1049 4941 1142 4994 ἐπὶ
1181 4938 1433 5008 γυναιξὶν
1484 4935 1804 5005 ἀλλοφύλοις
1831 4951 1913 4986 παι

2037 4937 2165 5006 quia
2215 4937 2327 5006 jam
2381 4935 2536 4990 senio
2575 4937 2860 4988 confectus
2899 4944 3041 4997 erat,
3092 4949 3472 4989 successorem
3507 4931 3612 4986 sibi

353 5039 804 5108 ρανομήσαντας.
859 5034 1222 5090 Ἀπόλλυνται
1271 5028 1364 5086 οὖν
1395 5029 1588 5100 ἄνδρες
1632 5029 1733 5080 οὐκ
1774 5025 1913 5078 ὲλάτ·

2041 5029 2294 5098 designat
2322 5028 2506 5083 Jesum
2541 5027 2708 5081 Navis
2739 5027 2932 5080 ﬁlium.

349 5149 473 5194 τους
511 5132 727 5201 μυρίων
798 5130 892 5182 καὶ
935 5125 1418 5198 τετρακισχιλίων.
1472 5122 1758 5176 Ἐντεῦθεν
1841 5120 2200 5191 παροξυνθεὶς
2242 5122 2484 5191 Μωῦσῆς
2575 5121 2718 5174 κατά
2773 5122 2883 5174 τῶν
2932 5120 3281 5175 Μαδιανιτῶν
3344 5119 3612 5186 ἐξέπεμψε

352 5227 646 5297 στρατιὰν,
686 5225 1038 5295 στρατάρχην
1087 5223 1261 5291 αὐτῆς
1290 5218 1581 5283 ἀποδείξας
1623 5217 1716 5270 τὸν
1763 5217 1972 5279 Φινεές.
2011 5216 2120 5269 Καὶ
2191 5218 2372 5287 μάχης
2425 5217 2724 5286 συστάσης,
2799 5218 2856 5270 οῖ
2892 5234 2953 5270 τε
3008 5216 3249 5286 βασιλεῖς
3301 5216 3482 5268 αὐτῶν
3527 5215 3612 5266 πί·

353 5340 613 5384 πτουσιν,
638 5321 791 5384 ὄντες
827 5321 1009 5384 πέντε,
1039 5319 1134 5372 καὶ
1163 5316 1370 5386 πλῆθος
1413 5315 1555 5384 ἄγαν
1604 5311 1763 5366 πολύ.
1817 5313 1881 5365 οι
1926 5312 1982 5364 δὲ
2034 5311 2276 5381 Ἐὀραῖοι
2319 5314 2420 5381 τὴν
2468 5313 2655 5383 χώραν
2713 5313 2893 5368 αὐτῶν
2963 5313 3326 5384 διηρπάκασι,
3367 5309 3614 5371 καὶτοὺς

351 5420 655 5485 οἱκὴιορας
689 5417 786 5468 σὺν
827 5411 1046 5481 γυναιξὶ⁸
1106 5409 1546 5478 διαφθείραντες,
1615 5405 1784 5477 μόνας
1837 5406 1937 5469 τὰς
1977 5405 2283 5477 παρθένους
2310 5405 2625 5470 κατέλιπον,
2671 5407 2751 5467 είς
2814 5404 3151 5476 τρισμυρίας
3209 5403 3304 5455 καὶ
3347 5401 3614 5470 δισχιλίας

354 5515 800 5584 ἀριθμουμένας,
829 5509 894 5574 ἃς
933 5513 1045 5573 τοῖς
1093 5507 1303 5578 ἱερεῦσι
1329 5523 1390 5558 τε
1418 5503 1791 5564 καὶΛευῒταις
1833 5504 1928 5556 καὶ
2003 5503 2078 5571 τῷ
2125 5501 2239 5571 λαῴ
2309 5501 2548 5571 διένειμε
2599 5501 2862 5569 Μωῡσῆς.
2913 5499 3149 5571 Γηραιὸς
3198 5497 3254 5549 δὲ
3309 5498 3616 5565 τυγχάνων,

355 5612 604 5679 διάδοχον
636 5606 837 5660 ἑαυτοῦ
865 5605 1171 5672 κατέστησε
1217 5602 1309 5654 τὸν
1354 5599 1450 5653 τοῦ
1498 5598 1655 5668 Ναυῆ
1705 5593 1939 5666 Ἰησοῦν,
1982 5596 2338 5658 κελεύσαντος
2365 5595 2458 5647 τοῦ
2488 5593 2646 5647 Θεοῦ.

431 5702 540 5756 16’.
577 5702 642 5754 Αἱ
689 5697 862 5766 φυλαὶ
902 5696 959 5749 δὲ
1003 5695 1110 5749 Γάδ
1137 5713 1198 5747 τε
1260 5696 1356 5746 καὶ
1396 5693 1643 5762 Ῥου6“ιμ,
1696 5694 1791 5743 καὶ
1838 5690 1906 5757 τῆ

2125 5686 2269 5740 XlX.
2305 5686 2439 5740 Cum
2473 5686 2647 5740 tribus
2677 5685 2868 5746 Gadia,
2910 5681 3180 5744 Rubenia.
3217 5689 3272 5736 ct
3322 5681 3620 5738 Manasseae

361 5797 457 5849 τοῦ
527 5795 797 5860 Μανασσῆ
838 5792 873 5860 η
915 5789 1166 5859 ἡμίσεια,
1218 5787 1430 5840 ἐδέοντο
1492 5783 1796 5846 Μωῦσέως,
1840 5785 1913 5846 τὴ

2047 5781 2288 5834 semissis
2331 5780 2531 5833 Moscm
2566 5789 2807 5840 orarent,
2847 5787 2905 5829 ut
2934 5775 3381 5830 Amorrliaaorum
3416 5785 3618 5830 terrain

364 5890 472 5946 τῶν
532 5884 888 5960 Ἀμορραίων
939 5882 1044 5953 γῆν
1128 5879 1557 5952 προσκληρῶσαι
1613 5878 1818 5954 αὐτοῖς.
1881 5874 1913 5925 ⁸(

2049 5875 2185 5944 ipsis
2211 5873 2537 5928 attribueret
2560 5889 2572 5938 ;
2593 5873 2776 5937 itaque
2811 5869 2899 5925 ille
2927 5867 3200 5935 ignaviam
3229 5868 3310 5926 eis
3333 5870 3610 5926 ooorobra
