3984 6578
219 413 313 477 105

1488 418 1899 481 ANNALIUM
1942 419 2087 480 LIB.
2135 419 2179 479 Ι.

3365 417 3467 479 illi)

215 528 308 596 τῆς
340 526 562 598 ἡμέρας
593 530 822 599 ταύτης
888 530 1029 601 Ἤδη
1057 530 1109 583 δὲ
1143 529 1232 584 τοῦ
1274 529 1506 594 πένθους
1537 529 1786 600 λελωφη-

1921 531 2140 585 ιεσυιιιιι
2174 530 2278 589 sub
2312 530 2410 585 lini
2451 529 2750 594 fasciculis,
2784 539 2842 585 et
2880 527 3299 599 inquisitoribus
3333 527 3470 585 dicit

213 626 378 688 κότος,
427 624 641 693 πέμπει
681 626 1067 690 κατασκόπους
1109 629 1189 690 εἰς
1245 625 1574 700 Ἱεριχοῦντα
1606 628 1634 679 ὁ
1677 625 1787 692 1r,—

215 713 347 777 σοῦς.
381 715 926 786 Μετακαλεσάμενος
964 717 1018 769 δὲ
1049 719 1177 781 τοὺς
1208 716 1521 788 φυλάρχους
1560 716 1659 787 τῆς
1688 714 1783 768 τοῦ

221 808 438 876 Ῥουϐὶμ
483 808 685 878 φυλῆς,
737 808 836 861 καὶ
885 810 983 878 τῆς
1016 810 1141 873 Γὰδ,
1197 811 1292 864 καὶ
1340 810 1439 880 τῆς
1491 808 1786 879 Μανασσῆ,

213 899 629 970 ὑπεμίμνησκεν
665 902 865 966 αὐτοὺς
888 902 996 955 τῶν
1032 904 1169 973 πρὸς
1195 903 1440 972 Μωῦσῆν
1475 898 1785 969 συνθηκῶν.

212 992 324 1046 Τῶν
356 993 414 1045 δὲ
457 995 752 1065 ἑπομένων
801 995 1060 1060 πεντάκις
1116 996 1331 1067 μυρίοις
1379 994 1648 1058 ὁπλίταις,
1694 992 1790 1045 ἐπὶ

210 1085 291 1140 τὸν
336 1087 614 1158 Ἰορδάνην
657 1090 910 1161 προσῄει.
947 1090 1012 1142 Οἱ
1041 1088 1099 1142 δὲ
1139 1088 1481 1157 πεμφθέντες
1516 1086 1789 1159 κατάσκο-

215 1198 314 1245 ποι,
353 1184 434 1244 εἰς
481 1182 699 1254 Ἱεριχὼ
747 1183 1215 1254 παραγενόμενοι,
1260 1181 1359 1254 τὴν
1391 1180 1545 1234 πόλιν
1571 1180 1792 1234 ἃπασαν

213 1273 566 1343 κατενόησαν.
604 1275 944 1339 Γνωσθέντες
972 1274 1048 1339 δὲ,
1088 1273 1166 1342 τῷ
1197 1272 1412 1343 βασιλεί
1459 1271 1556 1342 τῆς
1606 1270 1792 1341 χώρας

215 1363 530 1432 μηνύονται.
574 1364 633 1419 ’0
656 1366 701 1418 δ⁹
733 1366 897 1430 εὐθὺς
927 1367 1127 1429 αὐτοὺς
1172 1364 1544 1436 συλληφθῆναι
1572 1362 1795 1417 ἐκέλευ-

216 1479 314 1514 σεν.
356 1462 449 1525 Ὠς
492 1462 552 1516 δὲ
610 1462 755 1531 ἔγνω
787 1461 889 1531 τὴν
931 1460 1124 1529 ἔφοδον
1170 1460 1279 1514 τῶν
1310 1458 1619 1533 ζητούντων
1668 1455 1794 1519 τοὺς

213 1554 397 1625 ἄνδρας
429 1556 469 1625 ἡ
513 1558 680 1625 γυνὴ,
716 1557 846 1626 παρ’
885 1548 919 1629 ᾖ
964 1553 1441 1623 προσπεφεύγασι,
1489 1554 1660 1609 Ῥαὰϐ
1695 1571 1795 1608 κα-

214 1649 468 1720 λουμένη,
509 1650 638 1713 τοὺς
671 1650 771 1721 μὲν
799 1649 1138 1720 κατέκρυψε,
1167 1648 1318 1702 λίνου
1354 1650 1540 1713 αὐτοῖς
1566 1650 1795 1717 ἀγκαλί-

213 1744 300 1807 δας
352 1743 690 1814 ἐπιθεμένη,
748 1744 874 1807 Τοῖς
933 1743 991 1797 δὲ
1050 1742 1309 1814 ζητοῦσιν
1361 1741 1571 1811 ἔλεγεν,
1613 1744 1690 1808 ὡς
1741 1744 1792 1797 οἱ

218 1833 455 1901 ἀγνῶτες
486 1835 681 1905 ἄνδρες
706 1835 929 1898 ἐκεῖνοι,
967 1834 1101 1906 πρὶν
1145 1834 1303 1888 δῦναι
1338 1835 1429 1888 τὸν
1455 1835 1631 1906 ἥλιον,
1663 1835 1793 1906 παρ’

216 1928 339 1997 αὐτῇ
367 1925 798 1997 δειπνήσαντες,
848 1926 1268 1997 ἀπηλλάγησαν.
1311 1927 1377 1980 Οἱ
1413 1927 1458 1978 δ’
1496 1927 1670 1992 οὕτως
1697 1930 1802 1982 αὐ·
1829 1907 1878 1968 Β

216 2020 329 2078 τοὺς
354 2016 708 2088 ὑπελθούσης
737 2018 838 2087 τῆς
861 2018 1143 2086 γυναικὸς,
1168 2016 1438 2089 ὥρμησαν
1462 2017 1623 2083 ἄλλος
1649 2020 1805 2073 ἀλλα-

216 2107 327 2180 χοῦ,
356 2110 491 2172 τοὺς
544 2109 746 2180 ἄνδρας
805 2094 1119 2173 δὶώκοντες.
1185 2109 1250 2163 Ἠ
1294 2110 1351 2163 δὲ
1406 2110 1576 2164 Ῥαὰϐ
1606 2114 1808 2182 χωρεῖν

218 2203 503 2255 ἐκέλευσεν
525 2203 623 2255 ἐπὶ
642 2204 709 2255 τὰ
739 2203 918 2256 οἰκεῖα
950 2203 1079 2266 τοὺς
1109 2202 1335 2272 ἄνδρας,
1368 2205 1464 2258 καὶ
1491 2204 1808 2276 μεμνῆσθαι

220 2295 397 2366 αὐτῆς,
437 2299 539 2350 καὶ
569 2295 807 2366 ἀμοιϐὴν
842 2296 1084 2362 ὲκτίσαι,
1122 2295 1222 2366 τῆς
1254 2298 1582 2351 Χαναναίων
1621 2298 1809 2371 χώρας

222 2387 723 2460 ἰπικρατὴσαντας.
755 2390 816 2444 Οἱ
861 2388 919 2442 δὲ
959 2390 1053 2444 καὶ
1095 2390 1260 2461 χάριν
1295 2390 1444 2461 ἔχειν
1470 2390 1811 2461 ὡμολόγουν,

1895 624 2044 680 viros
2095 624 2220 680 illos
2271 625 2507 696 ignotos,
2558 635 2690 681 ante
2728 624 2863 681 solis
2910 639 3189 687 occasum,
3220 624 3363 693 apud
3411 640 3470 680 se

1894 728 2140 772 comatos
2172 717 2518 774 discessisse.
2558 718 2642 774 Illi
2672 719 2755 774 sic
2781 736 2812 773 a
2857 718 3088 773 muliere
3132 716 3295 781 elusi,
3333 717 3474 773 alius

1894 810 2002 864 alio
2030 810 2375 876 dilabuntur,
2398 810 2740 882 persecuturi
2763 827 2877 867 eos.
2904 812 3043 866 Tum
3075 811 3222 865 liaab
3248 810 3470 865 domum

1894 917 1955 958 se
2009 904 2256 974 recipere
2281 905 2440 975 jubet
2467 905 2634 968 viros,
2666 905 2922 961 beneﬁcii
2969 905 3056 960 sui
3087 918 3381 969 memores,
3411 918 3475 958 ac

1901 1005 2045 1050 terra
2096 996 2406 1053 Chananwa
2461 1000 2704 1067 potitos,
2736 998 2942 1056 referre
2997 998 3250 1070 gratiam.
3280 997 3366 1055 Illi
3420 1006 3478 1053 et

1900 1088 2104 1160 gratias
2135 1101 2326 1161 agunt,
2360 1107 2593 1163 eamque
2624 1093 2715 1147 ubi
2751 1093 2884 1148 urbs
2907 1104 3066 1163 capta
3096 1100 3264 1157 esset,
3290 1102 3353 1148 ut
3387 1104 3478 1148 res

1898 1198 2032 1238 suas
2054 1192 2111 1237 et
2156 1186 2499 1242 necessarios
2527 1187 2583 1241 in
2608 1186 2914 1241 diversorio
2944 1186 3325 1251 concluderet,
3351 1200 3479 1240 sus-

1901 1292 2074 1346 penso
2119 1294 2221 1348 pro
2263 1277 2474 1335 foribus
2517 1295 2776 1349 purpurae
2821 1295 3023 1348 panno,
3073 1287 3320 1343 monent,
3369 1295 3480 1349 quo

1902 1378 2232 1423 nosceretur
2284 1370 2521 1435 domus,
2573 1379 2628 1426 et
2676 1380 3122 1426 conservaretur.
3174 1371 3363 1441 Itaque
3411 1371 3481 1425 ad

1900 1475 2031 1515 suos
2055 1460 2362 1516 incolumes
2385 1462 2611 1523 reversi,
2635 1461 2769 1530 quid
2794 1462 3113 1531 gessissent,
3138 1460 3482 1515 renuntiant.

1903 1553 2040 1609 Cum
2094 1563 2280 1610 autem
2332 1554 2591 1611 Iordanis
2640 1554 3016 1616 intumuisset,
3050 1553 3132 1610 sic
3165 1555 3326 1611 Jesus
3374 1552 3485 1610 He—

1904 1647 2084 1702 braeos
2112 1662 2211 1717 per
2236 1662 2380 1703 eum
2409 1646 2676 1702 traduxit.
2714 1646 3109 1703 Prmccdebant
3141 1647 3483 1705 sacerdotes.

1904 1756 2087 1796 arcam
2156 1741 2417 1799 ferentes.
2471 1741 2684 1797 Deinde
2756 1741 3001 1805 Levitaa,
3063 1740 3485 1797 tabernaculum

1905 1843 2205 1904 gestantes.
2238 1833 2352 1890 Hos
2394 1833 2635 1904 populus
2665 1831 3022 1903 sequebatur.
3054 1818 3129 1887 Ut
3169 1841 3355 1887 autem
3397 1846 3487 1887 sa-

1890 1928 2226 2018 ocerdotibus
2246 1926 2437 1996 primis
2465 1926 2750 1997 ingressis,
2776 1928 3015 1996 impetus
3038 1925 3280 1980 ﬂuminis
3299 1925 3484 1980 statim

1905 2022 2350 2091 interrumpitur,
2380 2035 2574 2076 omnes
2601 2018 2865 2074 audacter
2900 2019 3186 2089 traiecere,
3210 2017 3489 2073 stantibus

1903 2114 1960 2169 in
1991 2112 2176 2167 medio
2207 2109 2612 2175 sacerdotibus,
2641 2109 2820 2165 donec
2850 2111 3091 2179 populus
3124 2109 3417 2165 transisset
3466 2125 3481 2162 :

1905 2222 1971 2261 ac
2001 2216 2117 2262 tum
2144 2206 2370 2261 demum
2415 2203 2521 2273 ipsi
2567 2202 2737 2257 etiam
2766 2211 2898 2256 sunt
2922 2202 3152 2272 egressi,
3183 2217 3353 2258 cursu
3380 2202 3489 2258 nu.

1907 2300 2074 2355 minis
2128 2300 2182 2354 in
2234 2298 2510 2367 integrum
2569 2295 2849 2350 restituto.
2902 2294 3144 2349 Jordane
3199 2302 3487 2365 superato.

1905 2402 2088 2450 castra
2113 2391 2308 2447 decem
2338 2388 2533 2444 stadiis
2565 2387 2636 2442 ab
2676 2387 3038 2443 Hiericbunte
3063 2388 3273 2443 locant.

223 2486 305 2538 καὶ
330 2486 501 2556 ἡνίκα
526 2486 595 2540 ἂν
638 2488 673 2558 ἡ
715 2486 872 2551 πόλις
896 2485 1208 2557 ἁλίσκηται,
1240 2485 1340 2558 τὴν
1370 2487 1566 2553 κτῆσίν
1599 2505 1660 2542 τε
1703 2491 1798 2544 καὶ
1836 2491 1966 2554 τοὺς
2032 2489 2270 2549 οἰκείους
2309 2486 2392 2549 εἰς
2461 2485 2526 2538 τδ
2565 2483 2915 2553 καταγώγιον
2947 2482 3322 2554 ἐγκαθεῖρξαι,
3346 2483 3490 2554 αὐτῇ

223 2579 575 2646 ἐνετέλλοντο,
606 2582 970 2651 ἀπαιωρῆσαι
1008 2575 1064 2630 δὲ
1100 2580 1195 2636 καὶ
1236 2579 1511 2650 φοινικίδα
1549 2580 1656 2652 πρὸ
1716 2583 1825 2638 τῶν
1865 2581 2071 2654 θυρῶν,
2105 2580 2173 2635 ἶν’
2222 2579 2310 2649 εἴη
2352 2579 2632 2649 γνώριμος
2678 2579 2712 2647 ἡ
2747 2577 2919 2642 οἰκία,
2958 2576 3056 2642 καὶ
3120 2575 3489 2647 διαφυλαχθῇ.

225 2674 322 2727 Καὶ
366 2676 419 2727 οἱ
471 2675 572 2746 μὲν
623 2676 763 2746 πρὸς
815 2677 939 2749 τοὺς
983 2676 1222 2739 οἰκείους
1274 2674 1583 2745 ἐσώθησαν,
1619 2677 1715 2730 καὶ
1767 2677 1803 2731 ὃ.
1843 2676 2092 2749 ἔπραξαν
2130 2674 2376 2747 εδήλουν.
2443 2673 2552 2726 Τοῦ
2626 2671 2893 2744 Ἰορδάνου
2917 2673 2974 2727 δὲ
3015 2672 3216 2729 πολλοῦ
3253 2672 3493 2745 ῥέοντος,

226 2766 354 2820 οὕτω
382 2768 515 2831 τοὺς
549 2768 840 2837 Ἐϐραίους
864 2772 893 2823 ὁ
964 2769 1174 2849 Ἰησοῦς
1210 2769 1300 2823 ἐπ’
1336 2768 1505 2822 αὐτοῦ
1570 2769 1871 2826 διεϐίϐασε.
1914 2769 2205 2843 Προῄεσαν
2256 2770 2357 2841 μὲν
2412 2769 2463 2822 οἱ
2517 2769 2706 2838 ἱερεῖς,
2736 2769 2853 2847 ,τὴν
2891 2767 3139 2821 Κιϐωτδν
3195 2764 3450 2836 αἴροντες
3476 2804 3493 2830 ,

227 2852 336 2915 εἷτα
359 2861 411 2913 οἱ
442 2856 696 2925 Λευῖται,
719 2860 1163 2932 κομίζοντεςτὴν
1198 2863 1432 2932 σκηνήν.
1465 2860 1700 2915 Εῖποντο
1734 2862 1794 2916 δὲ
1833 2860 2047 2926 τούτοις
2103 2862 2133 2915 ὁ
2163 2860 2316 2924 λαός.
2383 2859 2479 2923 Ὦς
2502 2858 2560 2912 δὲ
2583 2862 2698 2923 τοῖς
2731 2858 2939 2929 ἱερεῦσι
2967 2858 3210 2927 πρώτοις
3233 2859 3492 2929 ἱμϐᾶσιν,

228 2955 463 3026 ἀνεκόπη
497 2956 561 3008 τὸ
615 2955 797 3027 ῥεῦμα
840 2954 936 3010 τοῦ
969 2955 1244 3026 ποταμοῦ,
1271 2956 1475 3019 πάντες
1499 2955 1848 3029 θαρρούντως
1885 2956 2266 3028 ἐπεραιοῦντο.
2301 2956 2582 3026 Ἐστησαν
2608 2953 2653 3007 δ’
2682 2956 2740 3007 ὲν
2809 2952 2960 3025 μέσῳ
2987 2953 3038 3005 οἱ
3082 2952 3269 3023 ἱερεῖς,
3303 2952 3411 3016 ἓως
3434 2947 3498 3007 οὗ

231 3049 437 3120 διαϐαίη
469 3048 530 3101 τὸ
553 3048 780 3119 πλῆθος,
809 3044 930 3103 εἷτα
955 3050 1202 3104 κάκεῖνοι
1234 3050 1487 3122 ἐξῄεσαν,
1557 3049 1846 3120 ἐλεύθερον
1885 3051 2119 3121 ἀφέντες
2166 3050 2231 3103 τὸ
2300 3049 2483 3120 ῥεῦμα
2535 3049 2754 3119 χωρεῖν,
2797 3047 2893 3101 καὶ
2943 3045 3052 3117 πρὸ
3092 3045 3226 3099 δέκα
3267 3046 3499 3100 σταδίων

233 3145 319 3212 τὴς
353 3142 713 3213 Ἱεριχοῦντος
742 3141 1288 3211 στρατοπεδεύονται.

297 3240 378 3297 ις’.
407 3240 605 3310 Βωμδν
633 3239 680 3293 δ’
703 3241 768 3293 ἐκ
793 3239 906 3293 τῶν
930 3238 1096 3293 λίθων
1119 3240 1148 3293 δ
1187 3236 1400 3310 Ἰησοῦς
1431 3239 1815 3310 ἱδρυσάμενος,

1989 3236 2111 3291 XX.
2143 3236 2308 3292 Iesus
2338 3234 2391 3288 in
2419 3249 2514 3288 ara
2545 3248 2613 3289 ex
2638 3231 2937 3302 lapidibus.
2970 3247 3113 3302 quos
3145 3232 3320 3303 ipsius
3340 3234 3499 3303 jussu

235 3336 317 3399 οὓς
354 3335 591 3396 ἑκαστος
624 3332 737 3387 τῶν
765 3332 1063 3403 φυλάρχων
1107 3331 1234 3385 κατ’
1279 3332 1502 3402 ἐντολὴν
1543 3330 1714 3387 αὐτοῦ
1747 3334 1813 3386 ὲκ

1921 3328 2155 3398 quilibet
2208 3326 2468 3381 tribunus
2523 3340 2592 3378 ex
2647 3324 2806 3378 alveo
2863 3324 3122 3380 Jordanis
3174 3327 3499 3391 sustulerat,

237 3426 323 3482 τοῦ
349 3425 516 3498 βυθοῦ
551 3425 648 3480 τοῦ
684 3424 957 3496 Ἰορδάνου
998 3426 1264 3492 ἀνείλετο,
1312 3425 1470 3480 ἔθυεν
1506 3427 1596 3480 ἐπ’
1620 3426 1813 3492 αὐτοῦ,

1921 3421 2186 3484 immolat,
2216 3428 2274 3473 et
2310 3418 2511 3473 festum
2558 3417 2842 3473 Paschatis
2885 3419 3149 3474 celebrat.
3183 3419 3502 3491 Eodemque

240 3520 323 3575 καὶ
352 3520 453 3591 τὴν
481 3520 680 3591 ἑορτὴν
717 3519 813 3574 τοῦ
853 3520 1047 3590 Πάσχα
1075 3519 1341 3590 ἑώρταζε.
1374 3517 1512 3573 Τότε
1543 3518 1590 3572 δ’
1618 3519 1817 3582 αὐτοὺς
1860 3568 1863 3571 λ

243 3613 328 3669 καὶ
358 3614 421 3667 τὸ
447 3613 646 3668 Μάννα
696 3611 1057 3678 ἐπιλελοίπει,
1100 3612 1483 3683 χρησαμένους
1528 3611 1680 3683 αὐτῷ
1723 3613 1817 3665 ἐπὶ

242 3705 642 3775 τεσσαράκοντα
670 3702 791 3773 ετη.
824 3703 966 3773 Ἤδη
990 3703 1099 3774 γὰρ
1120 3703 1392 3774 εὐπόρουν
1417 3704 1482 3757 ὲκ
1507 3704 1611 3772 τῆς
1632 3701 1819 3774 χώρας

246 3796 474 3864 πάντων,
505 3793 694 3868 ὧνπερ
728 3797 964 3853 ιδέοντο.
1021 3797 1100 3867 Τῇ
1156 3795 1216 3851 δὲ
1264 3793 1459 3869 πρώτῃ
1498 3796 1597 3867 τῆς
1624 3796 1818 3867 ἑορτῆς

247 3890 417 3962 ἡμέρᾳ
469 3893 537 3960 τῇ
596 3890 889 3961 πολιορκίᾳ
934 3891 1034 3961 τῆς
1106 3887 1466 3960 Ἱεριχοῦντος
1514 3892 1543 3943 ὁ
1610 3887 1819 3961 Ἰησοῦς

253 3981 621 4051 ἐπεχείρησεν,
648 3979 796 4034 οὕτω
828 3979 1036 4051 ταύτην
1064 3980 1461 4051 διατιθέμενος.
1497 3980 1608 4051 Τὴν
1639 3980 1824 4035 Κιϐω-

252 4072 334 4126 τδν
357 4074 406 4126 οἱ
433 4075 601 4144 ἱερεῖς
651 4073 934 4143 φέροντες,
969 4072 1303 4143 περιώδευον
1347 4073 1408 4124 τὸ
1457 4074 1659 4142 τεῖχος,
1683 4072 1822 4126 ἑπτὰ

258 4166 601 4231 σαλπίζοντες
659 4168 877 4238 κέρασι.
938 4167 1051 4220 Καὶ
1092 4168 1126 4235 ἡ
1176 4166 1443 4237 γερουσία
1491 4165 1821 4236 παρείπετο,

261 4254 348 4311 εἷθ’
386 4259 719 4315 δπενόστουν
748 4260 830 4321 εἱς
864 4261 925 4312 τὸ
959 4259 1349 4330 στρατόπεδον.
1383 4259 1495 4312 Καὶ
1536 4255 1696 4311 τοῦτο
1730 4258 1825 4311 ἐπὶ

261 4349 313 4417 ἐξ
346 4353 561 4406 ἐποίουν
586 4352 821 4422 ἡμέρας.
855 4352 898 4403 Τ
901 4354 935 4422 ᾗ
968 4352 1023 4404 δὲ
1058 4350 1267 4424 ἐϐδόμῃ
1290 4352 1360 4405 τὰ
1390 4352 1534 4405 αὐτὰ
1564 4350 1826 4419 ποιησάν-

265 4458 379 4508 των,
400 4447 493 4498 καὶ
516 4444 916 4515 περιελθόντων
956 4444 1210 4511 ἑπτάκις,
1237 4446 1298 4497 τὸ
1322 4447 1502 4515 τεῖχος
1528 4444 1824 4507 κατέπεσε,

265 4537 351 4587 καὶ
371 4540 398 4590 ὁ
424 4537 551 4599 λαὸς
584 4536 866 4601 εἰσελθὼν,
892 4536 1103 4600 πάντας
1122 4536 1396 4602 ἔκτειναν,
1427 4536 1522 4589 καὶ
1551 4534 1652 4605 τὴν
1673 4533 1828 4587 πόλιν

1921 3521 2167 3581 tempore
2194 3524 2394 3564 manna
2421 3524 2519 3563 eos
2546 3509 2767 3572 defecit,
2797 3523 2908 3578 quo
2936 3524 3035 3579 per
3062 3526 3239 3565 annos
3266 3510 3505 3582 quadra-

1920 3604 2068 3675 ginta
2098 3603 2318 3657 fuerant
2365 3600 2475 3659 usi.
2519 3601 2638 3657 Jam
2685 3601 2833 3656 enim
2864 3616 2933 3657 ex
2981 3601 3129 3673 agris
3178 3605 3362 3658 omnia
3394 3604 3506 3678 46

1921 3696 2128 3767 quibus
2163 3709 2305 3765 opus
2331 3703 2473 3761 erat,
2502 3694 2893 3765 suppetebant.
2925 3693 3286 3751 Obsidionem
3323 3696 3506 3754 Hieri-

1922 3788 2146 3843 chuntis
2175 3787 2337 3842 Jesus
2367 3785 2549 3856 primo
2580 3786 2672 3841 die
2698 3785 3017 3842 festivitatis
3046 3796 3132 3842 est
3164 3789 3505 3858 auspicatus,

1926 3897 1985 3937 re
2011 3880 2092 3937 sic
2117 3880 2405 3935 instructa.
2432 3878 2764 3937 Sacerdotes
2791 3895 2974 3935 arcam
2998 3889 3278 3950 gestantes
3305 3884 3508 3940 moenia

1923 3974 2315 4039 circumibant,
2340 3985 2551 4044 septem
2580 3988 2787 4029 cornua
2816 3974 3088 4041 inﬂantes,
3114 3984 3342 4032 senatus
3364 3991 3507 4048 pone

1925 4070 2287 4140 sequebatur,
2314 4078 2440 4138 post
2471 4070 2527 4122 in
2551 4078 2730 4124 castra
2762 4070 3036 4124 redibant.
3072 4072 3243 4141 quue
3270 4087 3367 4126 sex
3391 4071 3512 4127 die-

1927 4166 2033 4221 bus
2061 4181 2188 4220 eum
2226 4164 2510 4229 fecissent,
2537 4179 2603 4221 ac
2635 4163 2725 4219 die
2772 4165 3010 4234 septimo
3055 4165 3428 4235 repetiissent,
3454 4175 3512 4220 et

1927 4257 2134 4328 septies
2174 4256 2586 4319 circumissent,
2618 4272 2812 4313 murus
2864 4256 3129 4323 concidit,
3160 4257 3399 4327 populus
3425 4257 3512 4311 ln-

1928 4365 2173 4421 gressus,
2200 4365 2396 4404 omnes
2429 4348 2655 4415 occidit,
2695 4358 2753 4405 et
2786 4349 2979 4404 urbem
3023 4349 3291 4405 incendit.
3327 4348 3512 4404 Solam

1934 4445 2178 4499 Raabem
2209 4460 2336 4500 cum
2371 4445 2508 4511 suis,
2532 4445 2691 4515 signo
2711 4444 2804 4499 illo
2828 4459 2928 4512 pro
2952 4444 3168 4499 foribus
3192 4454 3512 4514 conspecto,

1932 4539 2313 4609 exploratores
2335 4549 2734 4593 conservarunt
2762 4555 2776 4592 :
2809 4538 2968 4592 Jesus
2996 4539 3163 4593 etiam
3188 4552 3323 4608 agro
3343 4538 3515 4594 dona-

269 4626 582 4699 ἱνέπρησαν.
613 4630 726 4699 Τὴν
777 4629 834 4681 δὲ
879 4628 1050 4684 Ῥαὰϐ
1106 4631 1276 4699 μόνην
1324 4622 1423 4683 σὺν
1464 4630 1578 4690 τοῖς
1606 4627 1817 4689 οίκεὶοις

1935 4633 2036 4699 vit,
2066 4642 2123 4688 et
2154 4633 2461 4688 honorifice
2500 4634 2776 4688 tractavit.
2805 4632 2860 4688 Si
2894 4632 2986 4702 qui
3022 4648 3155 4688 vero
3193 4634 3388 4688 urbem
3430 4634 3515 4689 in-

271 4720 469 4775 ἱσωσαν
518 4725 568 4776 οἱ
614 4722 977 4786 κατάσκοποι,
1031 4722 1303 4789 φοινικίδα
1371 4721 1479 4791 πρὸ
1518 4721 1617 4790 τῆς
1649 4720 1829 4782 οἰκίας

272 4810 704 4883 ἁπαιωρήσασαν.
731 4814 842 4868 Καὶ
869 4813 1078 4883 Ἰησοῦς
1102 4815 1307 4883 ἀγροὺς
1330 4814 1469 4882 αὐτῇ
1495 4811 1828 4880 ἐδωρήσατο,

276 4906 360 4956 καὶ
379 4900 475 4975 ἦγε
503 4906 594 4959 διὰ
611 4906 802 4976 τιμῆς.
836 4906 996 4972 Kurd:
1022 4906 1081 4959 δὲ
1108 4907 1222 4959 τῶν
1255 4906 1500 4974 ἐγείρειν
1521 4899 1678 4966 αὖθις
1705 4902 1832 4973 βου-

278 4997 648 5069 ληθησομένων
676 5000 775 5070 τὴν
802 4998 960 5053 πόλιν
983 4999 1125 5068 ἀρὰς
1152 4999 1330 5061 ἔθετο,
1368 4997 1699 5068 στερηθῆναι
1733 4997 1835 5066 μὲν

279 5088 362 5141 τοῦ
390 5092 599 5160 πρώτου
631 5093 841 5158 παιδὸς,
889 5093 982 5144 τὸν
1036 5090 1327 5161 θεμελίους
1366 5089 1717 5160 βαλλόμενον,
1746 5090 1837 5143 τὸν

283 5182 625 5239 τελειώσαντα
652 5186 711 5239 δὲ
742 5185 1091 5256 ζημιωθῆναι
1135 5186 1230 5239 τὸν
1276 5185 1568 5239 νεώτατον.
1611 5184 1754 5237 Πολὺ
1781 5183 1840 5236 δὲ

289 5275 472 5342 πλῇθος
496 5280 562 5330 ὲκ
607 5279 708 5345 τῆς
756 5278 964 5340 πόλεως
1012 5277 1330 5348 ἁθροίζεται
1376 5277 1621 5348 ἀργύρου
1656 5294 1717 5329 τε
1746 5279 1841 5329 καὶ

289 5368 491 5433 χρυσοῦ,
528 5370 623 5423 καὶ
650 5369 799 5421 ἆπαν
825 5368 1056 5438 ἀνετέθη
1083 5369 1164 5438 τῷ
1194 5367 1336 5437 Θεῷ,
1364 5368 1440 5430 ὡς
1474 5368 1586 5421 τῶν
1626 5385 1845 5437 κατωρο

290 5454 522 5523 θωμένων
549 5460 808 5530 ἐσόμενον
856 5461 1135 5529 ἀπαρχήν.
1200 5460 1491 5528 Ἀπείρητο
1516 5459 1624 5530 γὰρ
1675 5461 1845 5513 πᾶσιν

293 5547 350 5598 ἐκ
369 5550 544 5604 τούτου
588 5568 643 5604 τι
683 5554 1134 5621 σφετερίσασθαι.
1177 5554 1371 5622 Ἀχωρ
1404 5553 1462 5604 δέ
1504 5568 1588 5615 τις
1635 5554 1700 5606 ὲκ
1746 5554 1845 5623 τῆς

310 5639 455 5696 Ἰούδα
481 5644 672 5713 φυλῇ,
725 5646 1010 5713 ὑφάσματι
1059 5648 1360 5717 χρυσοῖ)φεί
1396 5644 1724 5717 περιτυχὼν,
1752 5648 1846 5699 καὶ

300 5735 428 5808 μάζῃ
458 5737 661 5808 χρυσοῦ
710 5738 945 5811 ἑλκούσῃ
978 5739 1196 5801 σίκλους
1231 5739 1558 5802 διακοσίους,
1598 5739 1848 5792 ἰδιώσατο

300 5832 468 5895 terra,
499 5831 805 5899 κατορύξας
838 5835 897 5884 ἐν
927 5836 994 5903 τῇ
1047 5835 1245 5901 σκηνῇ.
1293 5831 1447 5884 Μετὰ
1477 5831 1652 5889 ταῦτα
1687 5832 1849 5886 πολέ-

307 5936 393 5989 μου
414 5927 701 5988 συστάντος
725 5925 1021 5996 τρέπονται
1047 5927 1096 5979 οἱ
1133 5924 1399 5994 Ἑϐραῖοι,
1432 5925 1527 5978 καὶ
1553 5925 1848 5980 πίπτουσιν

647 6024 919 6085 Parnm.
967 6027 1082 6082 (in.
1134 6021 1475 6084 CXXXIV.

1936 4727 2238 4782 stauraturi
2324 4734 2552 4791 essent,
2627 4741 2724 4781 eos
2807 4726 2945 4781 diris
3025 4727 3339 4797 huiusmodi
3430 4737 3517 4785 est

1937 4820 2261 4885 detestatus,
2281 4829 2342 4874 ut
2360 4820 2452 4889 qui
2476 4820 2826 4873 fundamenta
2842 4818 3069 4883 iaceret,
3090 4819 3516 4891 primogenitum

1938 4910 2266 4964 amitteret:
2311 4911 2405 4979 qui
2452 4910 2764 4979 perficeret,
2800 4919 2933 4963 natu
2984 4911 3271 4966 minimum
3320 4911 3517 4968 filium.

1940 5004 2130 5074 Magna
2183 5004 2306 5057 auri
2347 5010 2405 5057 et
2451 5003 2664 5071 argenti
2694 5002 2867 5072 _.c0pia
2914 5018 2982 5057 ex
3032 5005 3315 5059 manubiis
3361 5006 3519 5062 urbis

1942 5106 2149 5160 coacta,
2179 5096 2290 5150 Deo
2314 5094 2566 5149 universa
2588 5104 2963 5161 consecratur,
2990 5096 3245 5165 primitiae
3271 5099 3350 5153 rei
3376 5099 3519 5155 bene

1947 5198 2110 5258 gestae
2140 5204 2152 5240 :
2179 5201 2244 5241 ac
2274 5187 2535 5241 omnibus
2573 5187 2944 5245 interdicitur.
2982 5203 3052 5241 ne
3079 5189 3212 5258 quid
3242 5190 3371 5246 inde
3409 5192 3518 5247 sibi

1946 5289 2234 5349 usurpent.
2261 5278 2367 5335 Sed
2392 5280 2575 5333 Achor
2594 5280 2813 5348 quidam
2834 5279 3073 5334 Iudaicae
3092 5282 3292 5347 tribus,
3310 5289 3519 5336 textum

1946 5373 2218 5442 quoddam
2271 5388 2338 5427 ex
2385 5388 2542 5436 auro,
2591 5380 2646 5427 et
2692 5373 2811 5426 auri
2870 5388 3125 5437 massam,
3172 5388 3295 5442 quae
3357 5373 3521 5430 siclos

1947 5467 2217 5521 ducentos
2248 5465 2545 5537 pendebat,
2577 5477 2790 5528 nactus,
2822 5468 3042 5531 retinet,
3076 5482 3138 5521 ae
3182 5469 3235 5520 in
3265 5464 3522 5521 taberna-

1949 5559 2076 5611 culo
2106 5573 2208 5611 suo
2229 5558 2455 5612 defodit.
2498 5559 2625 5612 Post
2658 5568 2781 5630 orto
2816 5559 2979 5622 bello,
3010 5560 3063 5612 in
3094 5558 3272 5627 fugam
3298 5567 3518 5615 vertun-

1955 5659 2044 5703 tur
2098 5649 2333 5716 llcbraei,
2386 5651 2611 5722 triginta
2644 5668 2737 5706 sex
2774 5666 2840 5706 ex
2885 5652 2967 5704 eis
3016 5649 3344 5705 interfectis.
3388 5651 3523 5707 Eam

1954 5742 2163 5795 cladem
2219 5743 2457 5812 p0pulus
2502 5743 2787 5812 aegerrime
2843 5743 2989 5795 tulit.
3040 5739 3201 5795 Jesus
3232 5742 3287 5796 in
3331 5744 3523 5799 faciem

1951 5834 2245 5904 prolapsus
2291 5834 2625 5905 deprecatur
2654 5837 2825 5891 Deum
2863 5852 2875 5887 :
2913 5842 2968 5889 et
3015 5835 3242 5891 oraculo
3272 5837 3525 5907 edoctus,

1955 5925 2303 5999 sacrilegium
2335 5941 2455 5985 esse
2479 5927 2703 5995 factum,
2733 5925 3002 5999 judicium
3029 5940 3110 5983 sor
3124 5928 3161 5982 ti
3186 5928 3480 5986 committit
3502 5966 3516 5985 .

3192 6026 3231 6085 Ιι
