3984 6616
272 466 358 526 109

1527 459 1931 521 ANNALIUM
1973 459 2121 519 LIB.
2165 457 2214 518 Ι.

3381 453 3482 516 110

269 576 449 650 βωμοῦ.
477 575 538 628 Oi
572 575 628 629 δὲ
661 573 736 646 μὴ
775 574 916 630 κατά
963 575 1331 647 νεωτερισμὸν
1364 579 1674 648 αναστῆσαι
1707 577 1803 629 τὸν

1921 583 2049 628 asset
2097 569 2333 644 posteris
2390 569 2817 625 necessitudinis
2854 569 3007 638 ejus,
3045 583 3168 638 qua:
3205 568 3310 623 sibi
3354 586 3480 626 cum

266 671 421 742 βωμὸν
459 668 663 735 ἔλεγον,
701 669 782 729 είς
816 667 872 720 δὲ
908 669 1209 738 τεκμήριον
1234 669 1346 731 τοῖς
1374 665 1504 735 ἑξῆς
1533 671 1632 737 τῆς
1664 668 1802 739 πρὸς

1906 667 2014 721 illis
2035 664 2426 720 intercederet.
2448 663 2627 720 Unum
2652 663 2800 717 enim
2822 675 2943 716 sese
2965 661 3136 716 Deum
3158 676 3477 732 agnoscere,

265 764 385 834 ὑμᾶς
429 760 784 828 οίκειὸτητος.
825 759 961 812 Ἕνα
1005 759 1114 830 γάρ
1155 757 1291 813 Θεὸν
1340 759 1658 828 γινώσκειν,
1710 759 1803 812 τὸν

1921 758 2164 814 πηιιὶὺυε
2191 755 2438 812 Hebraeis
2471 771 2845 812 communem.
2881 755 2975 810 llis
2998 755 3222 818 auditis,
3246 753 3484 810 Phinees

265 856 485 922 σύμπασι
532 853 649 913 τοῖς
693 849 972 921 Ἑϐραίοις
1013 851 1217 906 κοινόν.
1272 851 1460 906 Ταῦτα
1516 853 1800 920 εἰπόντων,

260 945 414 1006 Φινεὲς
441 945 532 999 καὶ
568 945 620 998 οι
659 944 758 996 σὺν
786 943 936 1012 αὐτῷ
969 943 1105 1013 πρὸς
1134 943 1224 996 τὸν
1261 944 1472 1015 Ἰησοῦν
1503 945 1807 1015 ὑπενόστη-

262 1056 364 1090 σαν.
400 1035 603 1104 Ἰησοῦς
629 1036 685 1088 δὲ
715 1035 1121 1106 κληροδοτήσας
1149 1035 1230 1106 τῷ
1260 1035 1456 1107 πλήθει
1488 1036 1588 1099 τὰς
1618 1035 1805 1107 χώρας

259 1130 307 1181 ἐν
342 1127 577 1196 Σικίμοις
624 1125 834 1196 διῆγεν.
886 1123 1229 1196 ’Υπέργηρος
1276 1125 1334 1178 δὲ
1382 1123 1651 1194 γεγονὼς,
1709 1125 1806 1180 καὶ

258 1224 480 1293 θνήσκειν
511 1218 613 1289 ἥδη
639 1218 875 1288 μέλλων,
907 1219 1233 1289 παραίνεσιν
1262 1218 1556 1289 ἐποιήσατο
1591 1218 1726 1289 πρὸς
1746 1218 1807 1272 τὸ

257 1313 456 1385 πλῆθος,
495 1311 594 1364 καὶ
634 1309 983 1381 ἐτελεύτησε,
1015 1309 1166 1380 βιοὺς
1196 1309 1291 1379 ἔτη
1323 1309 1519 1364 ἑκατὸν
1547 1309 1701 1372 δέκα,
1733 1301 1807 1363 ὧν

256 1405 338 1458 σὺν
386 1403 614 1457 Μωῦσεῐ
658 1400 906 1471 διέτριψε
937 1400 1379 1472 τεσσαράκοντα,
1415 1401 1555 1472 μετά
1602 1400 1658 1453 δὲ
1708 1401 1808 1472 τὴν

255 1497 436 1551 ἐκείνου
466 1495 729 1565 τελευτὴν
756 1493 1080 1566 στρατηγῶν
1118 1493 1286 1546 πέντε
1317 1493 1412 1546 καὶ
1435 1492 1634 1547 εἴκοσι.
1665 1492 1810 1563 Θνή-

256 1608 356 1645 σκει
402 1589 457 1642 δὲ
497 1589 595 1642 καὶ
639 1589 667 1641 ὁ
702 1588 996 1658 ἀρχιερεὺς
1037 1585 1330 1658 Ἐλεάζαρ,
1361 1587 1548 1650 Φινεὲς
1587 1585 1666 1656 τῷ
1707 1585 1810 1658 υἱῷ

256 1685 332 1754 τὴν
355 1680 767 1753 ἀρχιερωσύνην
795 1677 993 1734 λιπών.
1021 1679 1177 1733 Μετὰ
1203 1677 1472 1743 δὲταῦτα,
1511 1679 1810 1734 Χαναναῖοι

255 1776 544 1838 ἑλπίσαντες
573 1772 965 1844 περιγενέσθαι
1012 1771 1107 1826 τοῦ
1152 1771 1264 1825 τῶν
1299 1770 1569 1843 Ἐϐραίων
1599 1773 1809 1839 γένους,

254 1871 474 1931 θανόντος
542 1866 750 1938 Ἰησοῦ,
805 1867 930 1920 κατ’
971 1865 1157 1920 αὐτῶν
1214 1865 1680 1936 ἐπεστράτευσαν,
1731 1863 1812 1935 τῷ

253 1961 438 2031 βασιλεῖ
499 1957 870 2022 ’Δδωνιὸεζὲκ
899 1957 998 2030 τὴν
1041 1957 1344 2028 ἡγεμονίαν
1395 1958 1810 2021 πιστεύσαντες.

252 2053 387 2122 Δηλοί
404 2052 462 2105 δὲ
486 2052 547 2104 τὸ
567 2052 746 2122 ὄνομα
765 2049 983 2119 Κύριος
1008 2049 1197 2114 Βεζέκ.
1235 2049 1443 2105 ’Δδωνὶ
1465 2049 1812 2122 γὰρἙϐραῐ-

253 2146 324 2197 στὶ
349 2144 532 2212 κύριος
561 2141 808 2211 λέγεται.
839 2139 1192 2212 Συμμίξασαι
1230 2141 1288 2194 δὲ
1330 2144 1446 2204 τοῖς
1484 2141 1814 2206 Χαναναίοις

253 2238 297 2290 αἱ
317 2235 401 2289 δύο
425 2233 622 2303 φυλαὶ,
650 2236 684 2305 ὴ
717 2233 813 2288 τοῦ
862 2233 1034 2289 Ἰούδα
1070 2234 1224 2304 καὶῆ
1257 2232 1354 2287 τοῦ
1399 2234 1649 2303 Συμεὼν,
1689 2236 1815 2307 τρέ-

253 2345 422 2381 πονται
451 2327 688 2390 αὐτοὺς,
721 2327 819 2380 καὶ
859 2327 952 2380 τὸν
1011 2325 1369 2391 ’Δδωνιὸεζὶκ
1424 2326 1668 2397 αἱροῦσι,
1717 2329 1814 2386 καὶ

251 2419 774 2489 ἀκρωτηριάςουσιν.
807 2414 963 2472 Εἷλον
1004 2417 1063 2472 δὲ
1106 2418 1203 2471 καὶ
1246 2417 1435 2482 πόλεις
1463 2419 1688 2483 πολλὰς,
1719 2420 1814 2473 καὶ

253 2512 342 2564 τῶν
381 2508 776 2582 Ἰεροσολύμων
815 2509 916 2581 τὴν
967 2509 1122 2564 κάτω
1186 2509 1364 2576 πόλιν,
1395 2511 1646 2575 καὶτοὺς
1672 2512 1815 2565 ενοι-

253 2602 458 2666 κνιῦντας
489 2601 851 2656 ἀπέκτειναν.
888 2599 1002 2669 Τῆς
1032 2599 1080 2654 δ’
1120 2599 1232 2654 ἄνω
1265 2600 1534 2672 δυσχερὴς
1559 2595 1629 2672 ἦν
1654 2601 1687 2670 ἡ
1717 2617 1816 2654 πο-

253 2697 463 2766 λιορκία,
495 2695 666 2763 φύσει
688 2712 748 2748 τε
777 2693 874 2748 τοῦ
907 2692 1136 2766 χωρίου,
1167 2694 1263 2748 καὶ
1283 2695 1480 2766 τειχῶν
1499 2695 1812 2766 ὀχυρότητι.

261 2790 485 2852 Ἐλὸντες
509 2789 572 2842 δὲ
603 2790 698 2842 καὶ
722 2789 823 2859 τὴν
858 2787 1110 2860 Χεϐρὼν,
1159 2786 1407 2852 ἅπαντας
1437 2789 1816 2861 διεχρήσαντο,

256 2882 334 2934 καὶ
377 2880 595 2934 ἔδωκαν
651 2881 821 2950 αὐτὴν
868 2881 945 2951 τῷ
979 2879 1163 2934 Χάλεσ
1223 2881 1305 2945 είς
1356 2881 1582 2951 κλῆρον,
1631 2880 1817 2946 καθὼς

255 2973 470 3042 Μωῦσῆς
501 2972 839 3028 ἐνετείλατο.
879 2973 989 3028 Καὶ
1015 2975 1130 3037 τοῖς
1159 2971 1256 3027 τοῦ
1302 2973 1474 3044 Ἰοθδρ
1504 2974 1813 3042 ἀπογόνοις,

254 3064 596 3133 ἀγχιστεῦσιν
645 3060 766 3119 οὖσι
814 3064 1120 3129 Μωῦσέως,
1171 3068 1276 3136 γῆν
1323 3065 1814 3138 προσεκλήρωσαν,

254 3157 325 3210 ὅτι
353 3157 446 3228 τὴν
480 3156 729 3228 πατρίδα
803 3157 1222 3222 καταλιπόντες,
1282 3159 1598 3213 συνείποντο
1645 3160 1706 3212 εν
1750 3160 1816 3228 τῇ

1904 868 2029 908 cum
2074 853 2190 909 suis
2223 852 2289 906 ad
2321 852 2507 906 Jesum
2547 849 2865 905 revertitur.
2912 848 2964 903 ls
3003 849 3286 919 provincia
3333 857 3484 904 sorte

1907 945 2054 1000 inter
2099 945 2364 1015 populum
2413 943 2748 1008 distributa,
2799 942 3018 997 Sicimis
3071 942 3306 1010 degebat
3352 959 3366 995 :
3420 958 3485 994 ac

1906 1039 2063 1094 senio
2096 1038 2405 1104 confectus,
2428 1047 2485 1094 et
2513 1038 2737 1109 jamjam
2773 1038 3104 1102 moriturus,
3141 1037 3346 1108 populo
3373 1036 3486 1108 48

1907 1130 2070 1186 ofﬁcii
2101 1129 2403 1194 admonito,
2441 1129 2580 1195 obit,
2621 1144 2748 1184 cum
2788 1144 2965 1184 annos
2998 1129 3229 1184 vixisset
3262 1140 3482 1184 centum

1907 1233 1964 1279 et
1989 1222 2204 1285 decem,
2237 1238 2473 1293 quorum
2501 1237 2630 1276 cum
2663 1221 2811 1277 Mose
2846 1229 3095 1276 versatus
3134 1222 3316 1276 fuerat
3345 1238 3486 1292 qua-

1909 1316 2184 1388 draginta,
2219 1325 2275 1371 et
2319 1325 2442 1386 post
2474 1317 2594 1390 ejus
2638 1315 2854 1371 obitum
2909 1316 3214 1371 exercitum
3253 1316 3487 1371 duxerat

1909 1410 2153 1480 quinque
2181 1419 2239 1464 et
2274 1409 2483 1479 viginti.
2511 1408 2748 1463 Moritur
2789 1417 2844 1463 et
2888 1409 3185 1463 Eleazarus
3217 1408 3484 1479 pontifex,

1910 1502 2025 1557 ﬁlio
2071 1501 2267 1557 Phinei
2309 1501 2619 1557 sacerdotio
2668 1500 2888 1556 relicto.
2923 1499 3055 1555 Post
3099 1499 3310 1556 obitum
3356 1500 3485 1556 Jesn

1910 1595 2224 1658 Chananzei,
2250 1595 2428 1664 gentis
2452 1595 2695 1649 Hebrzeze
2729 1593 3053 1664 superanda:
3081 1607 3176 1662 spe
3199 1601 3486 1662 concepta,

1911 1688 2117 1743 bellum
2169 1685 2412 1751 iaciunt,
2461 1686 2846 1741 Adonibczeco
2897 1685 3228 1749 imperatore
3276 1696 3490 1753 creato,

1913 1777 2061 1848 quod
2090 1793 2290 1832 nomen
2322 1775 2567 1831 Hebrzeis
2598 1776 2792 1831 Bezeci
2823 1775 3108 1830 dominum
3142 1785 3321 1830 sonat.
3349 1775 3486 1830 Cum

1915 1871 2004 1925 his
2033 1871 2156 1926 duae
2208 1869 2408 1936 tribus,
2439 1868 2667 1925 Judaica
2714 1878 2772 1924 et
2815 1855 3128 1939 Symeonia,
3161 1882 3488 1939 congressze,

1915 1963 1973 2018 in
2022 1961 2204 2033 fugam
2247 1970 2475 2016 vertunt
2521 1961 2731 2026 hostes,
2771 1959 3220 2016 Adonibezecum
3269 1969 3489 2031 captum

1915 2059 2194 2114 mutilant.
2230 2057 2398 2112 Multa
2431 2056 2562 2112 item
2598 2055 2798 2126 oppida
2827 2069 3047 2125 cepere.
3081 2063 3136 2109 et
3170 2053 3489 2110 inferiorem

1917 2149 2420 2222 Hierosolymorum
2497 2147 2734 2214 urbem,
2798 2146 3208 2202 habitatoribus
3269 2146 3490 2203 occisis.

1917 2243 2118 2300 Verum
2165 2241 2468 2314 superioris
2511 2239 2752 2296 dimcilis
2790 2247 2910 2294 erat
2954 2239 3192 2304 obsidio,
3231 2245 3342 2293 tam
3382 2238 3489 2294 situ

1915 2351 2080 2406 quam
2155 2333 2433 2391 mcenibus
2495 2331 2847 2403 permunilm.
2906 2329 3255 2385 Chebronem
3324 2329 3492 2385 etiam

1917 2438 2170 2500 captam,
2229 2427 2446 2482 civibus
2493 2423 2843 2486 interfectis,
2907 2421 3111 2478 Calebo
3174 2421 3230 2476 in
3286 2431 3492 2477 sortem

1916 2522 2230 2584 dederunt,
2283 2528 2344 2575 ut
2391 2519 2681 2574 mandarat
2735 2519 2931 2575 Moses.
2980 2517 3229 2574 Jothoris
3276 2532 3495 2587 quoque

1915 2612 2172 2684 posteris,
2201 2611 2362 2666 Mosis
2385 2610 2660 2675 aﬂinibus,
2691 2625 2852 2682 agros
2877 2609 3247 2680 assignarunt,
3273 2609 3418 2680 quod
3448 2608 3496 2664 is

1918 2704 2095 2776 patria
2143 2703 2374 2769 relicta,
2424 2703 2689 2774 populum
2743 2701 3098 2757 Hebraeorum
3157 2702 3212 2755 in
3267 2701 3493 2756 deserto

1917 2802 2140 2850 secutus
2165 2803 2332 2850 esset.
2358 2795 2428 2848 At
2464 2793 2696 2850 Judaica
2721 2804 2778 2848 et
2818 2791 3109 2864 Symeonia
3148 2789 3347 2857 tribus,
3375 2807 3492 2846 ma-

1917 2901 2079 2958 gnam
2097 2887 2306 2958 adeptae
2329 2886 2669 2952 felicitatem,
2696 2901 2847 2940 arma
2879 2892 3217 2955 posuerunt;
3253 2883 3494 2954 Ephraio

1919 2981 2067 3037 mitze
2093 2997 2251 3052 vero,
2282 2981 2523 3036 Betbelis
2554 2980 2843 3035 obsidione
2868 2979 3071 3036 frustra
3105 2987 3333 3042 tentata,
3367 2993 3490 3032 cum

1921 3072 2102 3127 civem
2155 3073 2276 3143 ejus
2320 3070 2474 3125 urbis
2523 3071 2821 3140 cepissent,
2853 3069 3291 3124 incolumitatem
3325 3068 3402 3124 illi
3436 3077 3494 3123 et

1922 3164 2171 3235 cognatis
2222 3164 2342 3235 ejus
2389 3163 2741 3235 promittunt,
2770 3163 2815 3219 si
2869 3163 3064 3218 urbem
3107 3163 3384 3234 proderet.
3419 3161 3493 3225 ls,

256 3251 426 3321 ἐρήμῳ
454 3252 537 3322 τῷ
571 3251 682 3305 τῶν
718 3249 988 3321 Ἑσραίων
1015 3250 1153 3316 λαῷ.
1195 3252 1262 3306 Al
1299 3250 1355 3306 δὲ
1395 3251 1454 3319 ἓξ
1511 3251 1682 3306 Ἰούδα
1725 3252 1817 3306 καὶ

1926 3259 2063 3312 urbe
2111 3257 2350 3328 prodita,
2397 3265 2757 3313 conservatur
2802 3275 2816 3312 :
2865 3255 2967 3322 illi,
3009 3255 3226 3310 civibus
3273 3255 3493 3314 occisis.

257 3343 464 3413 Συμεὼν
515 3343 692 3412 φυλαὶ
735 3342 986 3415 μεγάλως
1019 3341 1513 3414 εὐδαιμονήσασαι,
1559 3343 1628 3398 τὰ
1679 3344 1817 3398 ὅπλα

1928 3349 2118 3404 urbem
2220 3359 2511 3419 occupant.
2585 3348 2924 3419 Benjamitm,
2981 3347 3183 3416 quibus
3239 3346 3498 3401 Hieroso-

258 3439 554 3494 κατέθεντο.
609 3440 692 3496 Τὰ
736 3438 978 3509 Βαίθηλα
1004 3439 1062 3492 δέ
1093 3455 1157 3506 γε
1199 3439 1562 3511 πολιορκοῦσα
1598 3441 1630 3512 ἡ
1677 3440 1817 3512 φυλὴ

1923 3442 2193 3514 lymorum
2229 3443 2360 3495 urbs
2393 3443 2715 3504 obvenerat,
2746 3441 2954 3494 tributo
2983 3439 3261 3509 imposito,
3298 3439 3497 3493 incolis

256 3531 337 3583 τοῦ
373 3531 640 3602 Ἑφραῒμ,
675 3532 830 3588 οὐδὲν
859 3533 1012 3602 ἤνυε.
1054 3531 1418 3597 Συλλαῶντες
1466 3532 1524 3586 δέ
1563 3549 1682 3585 τινα
1708 3533 1816 3587 τῶν

1927 3533 2178 3588 divinum
2227 3532 2544 3587 mandatum
2578 3541 2969 3603 pepercerunt.
3000 3531 3148 3586 idem
3181 3532 3346 3586 etiam
3377 3532 3497 3585 alin-

257 3624 341 3694 τῆς
368 3627 607 3689 πόλεως,
638 3626 853 3688 πίστεις
883 3625 1160 3696 παρέσχον
1189 3625 1358 3695 αὐτῷ,
1385 3625 1696 3695 παραδόντα
1717 3627 1816 3696 τὴν

1923 3625 2101 3680 tribus
2131 3634 2258 3679 sunt
2293 3623 2531 3678 imitatae.

258 3719 482 3789 πατρίδα
503 3718 735 3782 σώσειν,
760 3717 858 3774 καὶ
891 3715 1056 3770 αὑτὸν
1087 3717 1338 3781 καὶτοὺς
1369 3718 1678 3786 συγγενεῖς.
1719 3717 1826 3772 Καὶ
1861 3718 1888 3770 ὁ
1930 3717 2028 3788 μὲν
2057 3715 2230 3780 οὕτως
2297 3717 2552 3786 προδοὺς,
2609 3712 2842 3779 σώζεται
2899 3715 3038 3786 μετὰ
3080 3716 3188 3770 τῶν
3257 3716 3494 3769 οἰκείων.

257 3811 310 3863 0i
347 3812 422 3876 δὲ,
454 3810 782 3873 κτείναντες
817 3809 943 3872 τοὺς
976 3807 1284 3875 οἰκοῦντας,
1347 3804 1495 3879 εἶχον
1561 3808 1662 3863 τὴν
1707 3810 1884 3866 πόλινς
1930 3811 2248 3878 Βενιαμῖται
2297 3809 2353 3861 δὲ
2401 3809 2501 3878 τῆς
2535 3808 2927 3879 Ἰεροσολύμων
2976 3809 3184 3872 πόλεως
3230 3809 3499 3880 λαχούσης

257 3910 444 3970 αὒτοίς,
479 3909 688 3977 φόρους
715 3907 828 3967 τοῖς
893 3905 1172 3968 κατοίκοις
1241 3904 1522 3970 ἐπέθεντο,
1585 3903 1688 3974 ζῇν
1749 3908 2210 3979 συγχωρήσαντες
2258 3903 2413 3975 παρὰ
2464 3904 2563 3974 τὴν
2606 3904 2758 3957 θείαν
2800 3903 3084 3976 διαταγήν.
3160 3904 3393 3976 Ὁμοίως
3441 3920 3502 3957 τε

255 4000 456 4053 ἐποίουν
484 4000 588 4053 καὶ
611 3999 668 4052 αξ
695 3997 852 4050 αλλαι
881 3997 1069 4066 φυλαί,

321 4089 442 4144 KB’.
506 4091 654 4157 Ἤδη
708 4089 753 4144 δ’
807 4089 1239 4158 εὐθηνουμένους
1297 4091 1424 4151 τοὺς
1480 4089 1540 4154 ἐξ
1607 4089 1826 4162 Ἰσραὴλ

257 4183 554 4256 arescet?“
587 4185 618 4252 ἡ
651 4182 856 4252 τρυφὴ,
906 4182 1004 4236 καὶ
1055 4183 1182 4244 τοὺς
1235 4181 1412 4244 θείους
1453 4183 1652 4251 νόμους
1687 4199 1829 4252 παρ-

260 4274 478 4338 έϐαινον,
519 4273 618 4327 καὶ
652 4274 789 4342 πρὸς
821 4273 881 4326 τὸ
912 4276 1098 4326 πονεῖν
1127 4273 1390 4328 διέκειντο
1418 4272 1618 4341 ἀηδῶς,
1664 4277 1758 4326 καί
1792 4275 1826 4344 ή

259 4364 646 4436 ἀριστοκρατία
671 4364 887 4428 ἐξέλιπε
915 4363 1050 4434 (45),
1087 4365 1180 4416 καὶ
1214 4364 1248 4432 ἡ
1282 4363 1541 4431 γερουσία
1565 4363 1666 4418 οὐκ
1693 4365 1828 4416 ἁπε-

257 4455 514 4512 δείκνυτο.
549 4455 716 4509 Ὅθεν
752 4455 940 4518 στάσις
975 4455 1174 4517 αὐτοὺς
1216 4455 1626 4524 καταλαμϐάνει
1654 4453 1825 4524 δεινὴ,

1997 4086 2165 4141 XXII.
2219 4086 2492 4140 lsraelitas
2545 4085 2711 4140 rebus
2753 4085 3013 4141 secundis
3055 4087 3166 4157 jam
3218 4085 3503 4150 ﬂorentes,

1927 4179 2146 4235 luxuria
2182 4178 2451 4248 corrupit,
2486 4187 2545 4232 ut
2591 4188 2647 4232 et
2696 4176 2911 4232 divinas
2942 4178 3091 4248 leges
3120 4177 3414 4242 violarent,
3446 4187 3505 4233 et

1931 4273 2000 4328 ad
2033 4274 2276 4328 laborem
2326 4288 2521 4340 segnes
2553 4279 2759 4327 essent.
2793 4271 3039 4326 Desierat
3067 4271 3232 4327 etiam
3266 4270 3502 4340 optima-

1921 4376 2046 4446 tum
2097 4367 2464 4436 magistratus,
2493 4379 2673 4434 neque
2716 4366 2953 4434 amplius
2998 4372 3224 4420 senatus
3285 4365 3504 4435 legebao

1936 4467 2046 4513 tur.
2095 4458 2283 4528 itaque
2317 4471 2472 4512 atrox
2519 4457 2720 4511 seditio
2751 4457 2895 4511 inter
2937 4472 3032 4511 eos
3064 4458 3262 4520 oritur,
3293 4458 3385 4512 tali
3435 4457 3504 4511 de

262 4548 314 4612 ἐξ
363 4551 540 4611 αἰτίας
600 4546 882 4616 τοιαύτης.
947 4547 1111 4617 Ἀνὴρ
1161 4548 1396 4617 Λευῖτης
1442 4545 1538 4616 τὴν
1589 4545 1817 4612 σύζυγον

1932 4566 2119 4605 causa.
2167 4549 2356 4603 Levita
2407 4548 2629 4617 quidam
2684 4549 2969 4618 conjugem
3031 4549 3503 4604 Bethlecmiticam

261 4639 638 4708 ἐπαγόμενος,
694 4638 760 4689 ὲκ
821 4636 1069 4705 Βηθλεὲμ
1117 4635 1317 4702 οὖσαν,
1384 4634 1568 4690 οἶκαδε
1631 4633 1821 4705 ἀπῄει.

264 4730 391 4800 Ἤδη
454 4731 500 4783 δ’
567 4729 731 4798 ὀψίας
802 4727 971 4797 οὔσης
1032 4727 1374 4794 ἐπιξενοῦται
1441 4729 1594 4798 παρά
1654 4744 1826 4798 πρεσ-

265 4821 389 4890 εύτῃ
443 4823 558 4884 τινὶ
619 4825 678 4875 ὲν
746 4821 943 4878 Γαϐαὼ
1002 4822 1187 4886 πόλει,
1247 4821 1422 4891 φυλῆς
1482 4821 1584 4890 τῆς
1638 4821 1828 4874 Βενια-

266 4913 481 4980 μίτιδος.
514 4914 745 4968 Νεανίαι
796 4913 854 4966 δὲ
903 4913 1246 4972 Γαϐαωνῖται
1294 4929 1463 4977 τινες,
1516 4912 1577 4965 τὸ
1608 4911 1828 4980 γύναιον

265 5007 610 5078 θεασάμενοι,
638 5003 775 5077 ἧκον
800 5006 1160 5070 ἀπαιτοῦντες
1203 5006 1357 5063 αὑτό.
1411 5004 1519 5058 Τοῦ
1566 5005 1830 5075 δὲπρεσ-

265 5099 416 5153 εύτου
477 5102 555 5171 μὴ
599 5101 856 5163 διδόντος,
906 5098 1258 5154 ἀποκτείνειν
1313 5097 1592 5166 ἠπείλουν.
1659 5096 1720 5148 '0
1772 5095 1831 5149 δὲ

264 5195 354 5260 τῆς
410 5191 606 5247 ἑαυτοῦ
662 5192 933 5264 θυγατρὸς
984 5191 1168 5254 αὐτοῖς
1225 5189 1562 5259 παρεχώρει,
1615 5187 1701 5241 ἵνα
1753 5189 1828 5257 μή

265 5298 315 5332 τι
365 5283 539 5351 βίαιον
583 5285 881 5337 ὑποσταῖεν
914 5284 965 5337 οἱ
1014 5282 1437 5349 ὲπιξενωθέντες
1484 5279 1656 5348 αὐτῷ.
1703 5279 1827 5349 ’Δρο

269 5372 537 5436 πάσαντες
597 5375 644 5428 δ’
700 5377 902 5428 ἐκεῖνοι
978 5377 1038 5428 τὸ
1099 5373 1322 5443 γύναιον
1388 5371 1828 5440 ἀπηλλάγησαν,

270 5468 356 5516 καὶ
416 5466 486 5520 δι’
552 5466 683 5536 ὅλης
741 5467 840 5537 τῆς
911 5467 1106 5530 νυκτὸς
1171 5464 1576 5534 ὲμφορηθέντες
1637 5463 1828 5531 αὐτῆς.

270 5556 482 5627 ἀφῆκαν
537 5559 854 5630 ἀρχομένης
920 5560 1156 5630 ἡμέρας.
1231 5558 1295 5610 Ἦ
1359 5555 1417 5610 δὲ
1478 5557 1544 5625 τῇ
1609 5571 1668 5608 τε
1738 5573 1832 5606 νυσ-

1927 4641 2150 4696 domum
2166 4639 2527 4703 abducturus,
2546 4637 2690 4707 apud
2708 4653 2894 4691 senem
2910 4638 3201 4706 quemdam
3226 4636 3503 4701 Gabaone,

1929 4731 2296 4803 Benjamiticae
2343 4732 2517 4784 tribus
2563 4730 2787 4798 oppido,
2823 4729 3035 4798 vesperi
3078 4727 3390 4782 divertitur.
3423 4727 3505 4782 lbi

1930 4824 2152 4892 quidam
2189 4823 2576 4877 adolescentes
2603 4821 2940 4883 Gabaonitaz,
2970 4836 3091 4874 cum
3125 4820 3505 4875 mulierculam

1931 4917 2223 4978 vidissent,
2263 4914 2483 4976 adsunt,
2515 4929 2636 4968 eam
2683 4911 3010 4983 ﬂagitantes.
3040 4912 3167 4965 Seni
3204 4913 3503 4973 recusanti,

1931 5001 2122 5064 necem
2152 5007 2494 5060 minitantur.
2523 5005 2614 5058 ille
2641 5004 2806 5057 filiam
2834 5019 2988 5058 suam
3011 5005 3094 5057 eis
3118 5003 3299 5076 pOiills
3321 5002 3504 5064 otl‘ert,

1932 5098 2096 5152 modo
2118 5095 2409 5163 hospitesa
2435 5094 2484 5147 vi
2509 5103 2565 5148 et
2590 5094 2787 5163 injuria
2807 5103 3045 5148 tueatur.
3073 5094 3272 5146 Verum
3296 5091 3373 5146 illi
3398 5106 3506 5144 non

1933 5189 2040 5244 nisi
2067 5197 2222 5256 rapta
2253 5186 2576 5240 muliercula
2612 5186 2924 5246 discedunt,
2949 5201 3182 5253 eamque
3215 5200 3311 5254 per
3338 5193 3504 5237 totam

1933 5289 2152 5334 noctem
2188 5293 2288 5346 pro
2318 5277 2548 5331 libidine
2577 5293 2674 5332 sua
2717 5276 3107 5347 subagitatam,
3135 5275 3381 5330 diluculo
3421 5273 3506 5326 di-

1935 5371 2184 5425 mittunt.
2221 5369 2291 5423 At
2339 5369 2429 5422 illa
2477 5377 2534 5423 et
2583 5378 2853 5424 nocturna
2900 5385 3166 5430 aerumna,
3203 5377 3258 5423 et
3299 5365 3508 5436 pudore

1936 5462 2048 5534 49
2085 5461 2300 5524 mariti,
2335 5469 2392 5515 et
2432 5459 2622 5514 dolore
2649 5476 2909 5530 oppressa
2933 5501 2946 5521 ,
2984 5461 3205 5514 exhalat
3247 5457 3509 5512 auinam.

1939 5555 2079 5609 Tum
2133 5552 2382 5617 maritus,
2418 5563 2636 5607 mortua
2683 5553 2738 5607 in
2783 5553 3073 5609 duodecim
3119 5559 3304 5622 partes
3337 5555 3508 5614 seeta,

1418 5713 1617 5775 Varias
1658 5711 1964 5775 lectiones
2008 5719 2070 5774 et
2108 5721 2300 5777 noue.

343 5844 452 5910 (43)
484 5843 589 5898 Καὶ
626 5845 658 5897 ὁ
697 5841 1111 5910 τριετοκράτης
1159 5841 1419 5906 ἐξέλιπε.
1487 5839 1817 5908 Magistratus

1941 5840 2202 5910 ἐξέλιπεη
2241 5840 2446 5897 rectius
2476 5841 2529 5897 in
2552 5839 2849 5898 Viennensi
2886 5835 3074 5892 codice
3109 5843 3165 5891 et
3199 5835 3252 5892 in
3286 5835 3422 5906 Reg.
3455 5843 3507 5890 et

279 5909 665 5972 ad’triennium
698 5909 933 5984 praeesse
961 5914 1179 5970 solitus.
1215 5914 1324 5966 Καὶ
1363 5912 1398 5982 η
1439 5911 1817 5983 ἀριστοκρατία

1941 5909 2097 5966 Culb.
2124 5911 2344 5982 legitur.
