3958 6584
482 403 578 469 ill

483 604 792 660 calamitate
828 613 883 657 et
924 602 1249 658 auctoribus
1281 602 1429 657 illius
1457 600 1747 671 expositis.
1799 599 2059 655 Israelita:

480 698 649 766 igitur
669 696 893 751 feciales
920 695 1232 763 Gabaonem
1265 694 1512 756 mittunt,
1534 693 1627 761 qui
1648 692 1693 745 ei
1722 692 1957 746 facinori
1981 690 2061 745 af-

483 793 618 847 ﬁnes
662 791 729 847 ad
753 790 1083 859 supplicium
1129 795 1451 857 exposcunt.
1498 786 1611 839 lllis
1637 800 1748 839 non
1799 783 2057 840 dedenti-

483 883 866 948 bus,‘bellum
917 880 1200 934 inferunt:
1258 892 1322 930 ae
1376 877 1461 930 bis
1506 875 1623 929 acie
1655 876 1973 945 congressi,
2026 892 2058 930 a

485 975 803 1043 lienjamitis
857 972 914 1027 in
946 972 1129 1042 fugam
1172 978 1486 1023 vertuntur.
1516 967 1756 1022 Tandem
1793 982 1891 1036 per
1925 966 2058 1022 Phi-

482 1083 635 1121 neem
660 1065 1000 1121 sacerdotem
1028 1063 1396 1131 deprecantur
1429 1060 1619 1124 Deum,
1643 1069 1698 1114 et
1719 1060 1802 1115 sic
1819 1059 2083 1130 aggressi,

480 1161 810 1232 Benjamitas
831 1159 904 1212 ita
926 1156 1166 1218 credunt,
1209 1160 1270 1207 ut
1313 1161 1525 1206 tantum
1564 1168 1630 1209 nc
1671 1168 1739 1208 ex
1762 1152 1845 1206 eis
1864 1167 2057 1221 super.

480 1261 685 1319 essent,
732 1250 827 1321 qui
867 1251 925 1303 in
962 1247 1173 1303 vicinos
1209 1254 1427 1302 montes
1466 1246 1826 1315 diﬂugerunt.
1874 1244 2054 1299 Israe-

476 1346 587 1401 litzu
616 1343 931 1400 Gabaonem
966 1338 1274 1395 incendunt
1318 1336 1580 1393 mulieres
1607 1345 1665 1392 et
1696 1351 1898 1408 pueros
1940 1352 2058 1391 om-

479 1452 576 1507 nes
610 1435 929 1506 perimunt,
981 1432 1125 1487 idem
1163 1431 1219 1485 in
1258 1431 1474 1486 czeteris
1503 1429 1668 1484 etiam
1699 1428 1936 1484 urbibus
1972 1429 2054 1484 fa-

374 1527 383 1534 ’
477 1540 648 1585 ctum.
681 1528 825 1594 Quin
869 1536 925 1581 et
954 1524 1107 1581 Jabis
1150 1521 1465 1579 Galaditicae
1499 1520 1650 1576 urbis
1699 1520 1905 1575 incolas
1928 1535 2052 1575 cum

481 1618 747 1672 uxoribus
792 1627 848 1671 et
884 1616 1075 1671 liberis
1116 1613 1416 1677 occidunt,
1462 1611 1533 1666 ob
1570 1618 1876 1667 recusatam
1926 1610 2053 1665 belli

480 1711 632 1764 illius
660 1709 1000 1770 societatem,
1031 1704 1447 1777 quadringentis
1467 1702 1772 1773 virginibus
1790 1702 2053 1770 exceptis,

478 1818 617 1874 quas
642 1801 1075 1870 Benjamitarum
1121 1797 1375 1868 reliquiis
1412 1795 1787 1865 praebuerunt,
1823 1805 1882 1849 ut
1917 1809 2050 1849 con-

471 1898 630 1969 juges
653 1894 942 1957 haberent,
970 1891 1179 1947 miserti
1201 1889 1531 1947 calamitatis
1551 1904 1743 1944 eorum
1762 1905 1778 1941 :
1797 1895 2052 1961 suscepta

477 1989 643 2044 etiam
678 1985 1037 2057 cogitatione,
1088 1981 1549 2053 quemadmodum
1598 1980 1797 2050 reliqui
1830 1981 2053 2036 ducenti

478 2080 806 2155 conjugibus
842 2078 1177 2148 potirentur.
1224 2074 1442 2129 Pridem
1498 2073 1647 2128 enim
1689 2073 2054 2144 jurejurando

475 2172 819 2241 interposito,
844 2170 1103 2225 facinoris
1131 2168 1278 2222 illius
1307 2167 1433 2221 odio
1457 2175 1776 2229 sanxerant,
1831 2182 1899 2221 ne
1928 2168 2055 2237 quis

478 2264 642 2335 tiliam
700 2260 1016 2332 Benjamitae
1063 2274 1285 2313 uxorem
1327 2257 1714 2327 desponderet.
1759 2258 1835 2312 Ea
1895 2261 1963 2313 de
1994 2274 2054 2314 re

477 2354 917 2431 deliberantibus
943 2353 1147 2418 visum,
1181 2366 1292 2406 non
1320 2351 1547 2420 quidem
1590 2350 1800 2406 dandas
1836 2351 1945 2406 illis
1982 2357 2052 2406 ob

470 2447 893 2522 jusjurandum,
939 2445 1037 2501 sed
1091 2444 1508 2501 concedendum
1541 2453 1601 2498 ut
1646 2444 1748 2514 ipsi
1798 2456 2054 2516 raperent

454 2524 736 2619 orirgincs,
787 2554 926 2610 quas
956 2538 1062 2595 sibi
1097 2537 1337 2592 thalamo
1366 2536 1663 2602 sociarent,
1706 2538 1840 2608 ipsis
1871 2553 2050 2608 neque

480 2633 910 2704 prohibentibus
937 2670 953 2696 ,
1007 2646 1189 2700 neque
1230 2629 1613 2685 incitantibus.
1670 2631 1786 2687 Iloc
1830 2632 2051 2687 decreto

475 2728 641 2793 facto,
686 2725 1005 2795 Bcnjamita‘.
1050 2738 1167 2777 rem
1209 2722 1457 2777 exsecuti
1494 2732 1643 2777 sunt.
1677 2722 1814 2778 Cum
1864 2714 2048 2787 autem

478 2818 733 2873 Israelita:
785 2819 948 2887 longo
990 2816 1105 2886 jam
1145 2823 1392 2884 tempore
1438 2814 1653 2870 bellicae
1678 2818 1757 2871 rei
1803 2818 2049 2873 studium

479 2904 929 2967 intermisissent,
963 2912 1422 2975 contempserunt
1458 2918 1555 2959 eos
1586 2903 1902 2972 Chananaai,
1925 2910 2049 2977 qui-

477 3000 705 3054 busdam
743 2996 972 3052 urbibus
1003 2996 1297 3066 ademptis.
1341 2997 1455 3050 Iian
1488 2997 1669 3052 tribus
1701 2997 1755 3052 in
1804 3010 2046 3057 montem

476 3090 740 3161 confugit,
779 3099 942 3159 atque
990 3087 1116 3143 inde
1170 3089 1225 3144 in
1257 3089 1661 3144 mediterranea
1694 3091 1856 3147 sedes
1902 3101 2052 3147 tran-

1787 399 2108 489 Jt‘iANNlS
2150 399 2466 459 zonarum

481 513 545 566 ad
621 509 864 579 singulas
937 508 1113 564 tribus
1172 523 1335 574 unam
1400 508 1708 578 portionem
1752 505 2138 573 mittit,|etA
2166 511 2389 579 κτερινῇ

3638 405 3743 471 ll?

2470 508 2850 580 ταλαιπωρίᾳ,
2939 511 3030 564 καὶ
3097 516 3158 581 τῇ
3229 513 3361 583 πρὸς
3428 515 3515 567 τὶν
3574 517 3742 587 ἄνδρα

2161 603 2416 672 αίσχύνῃ,
2478 604 2575 657 καὶ
2627 607 2692 674 τῇ
2770 606 2915 676 λύττῃ
2968 607 3399 677 καταϐληθεῖσα,
3461 609 3734 681 διαπεφὼο

2130 712 2316 765 .νηκε.
2359 698 2466 749 Καὶ
2510 696 2539 747 ὁ
2571 699 2780 765 ταύτης
2810 698 2950 768 ἀνὴρ
3006 702 3085 762 εἰς
3122 701 3266 770 μέρη
3297 702 3507 755 δώδεκα
3548 704 3745 758 διελὼν

2160 789 2259 856 τὴν
2289 787 2584 853 θανοῦσαν,
2621 790 2893 860 διέπεμψε
2937 792 3101 864 μέρος
3146 794 3225 855 είς
3265 795 3506 864 ἑκάστην
3543 797 3744 867 φυλὴν,

2160 879 2221 933 τό
2254 897 2312 934 τε
2355 883 2527 945 πάθος
2560 882 2781 947 διδάξεις
2822 882 3044 945 αὐτοὺς,
3091 884 3187 936 καὶ⁸
3224 887 3354 948 τοὺς
3399 887 3606 950 αἰτίους
3639 887 3743 959 τῆς

2162 976 2472 1043 συμφορᾶς.
2530 975 2851 1045 Πέμπουσιν
2896 972 2990 1029 οὖν
3030 979 3166 1047 πρὸς
3210 977 3310 1047 τὴν
3356 978 3574 1042 Γαϐαὼ,
3612 983 3745 1043 τοὺς

2159 1067 2666 1134 παρανομήσαντας
2710 1067 3115 1137 ἐξαιτούμενοι.
3150 1070 3215 1121 Ol.
3244 1070 3301 1122 δὲ
3336 1071 3438 1123 οὐκ
3465 1071 3745 1134 ἐξέδοσαν.

2159 1159 2222 1209 Ai
2255 1156 2420 1223 φυλαὶ
2446 1157 2494 1210 δ’
2531 1159 2936 1229 ἐπεστράτευον
2969 1160 3058 1213 ἐπ’
3082 1161 3304 1225 αὐτούς.
3334 1163 3442 1214 Καὶ
3488 1163 3569 1225 δὶς
3600 1178 3745 1232 συμ-

2159 1248 2416 1313 ὕαλόντες
2437 1253 2548 1315 τοῖς
2571 1252 2948 1319 Βενιαμίταις,
2978 1253 3254 1324 ἡττῶνται
3290 1255 3343 1306 οἱ
3378 1254 3590 1324 Ἰσραηὶ
3603 1256 3739 1307 ῖται.

2158 1338 2294 1394 Εἶτα
2341 1342 2431 1395 διὰ
2475 1345 2661 1408 Φινεὲς
2697 1344 2793 1398 τοῦ
2841 1346 3150 1417 ἀρχιερέως
3192 1344 3405 1399 δέονται
3449 1346 3546 1400 τοῦ
3578 1347 3740 1412 Θεοῦ,

2158 1434 2257 1489 καὶ
2285 1434 2430 1488 οὕτω
2461 1435 2833 1505 συμϐαλόντες
2865 1439 2981 1501 τοῖς
3014 1436 3369 1506 Βενιαμίταις
3398 1438 3735 1507 ἐκράτησαν,

2156 1527 2232 1590 ὡς
2260 1526 2467 1588 πάντας
2499 1528 2640 1598 πλὴν
2675 1528 2978 1593 ἑξακοσίων
3016 1532 3224 1593 πεσεῖν,
3253 1529 3302 1582 οἳ
3333 1529 3473 1600 πρὸς
3503 1529 3573 1582 τά
3599 1530 3741 1598 πλη-

2159 1620 2273 1674 σίον
2322 1622 2424 1691 ὅρη
2462 1623 2793 1692 κατέφυγον.
2832 1624 2897 1677 Oi
2943 1622 3000 1676 δὲ
3040 1623 3381 1694 Ἰσραηλῖται
3418 1624 3738 1693 ἐνέπρησαν

2155 1731 2216 1767 τε
2247 1713 2347 1785 τὴν
2380 1715 2418 1767 Γ
2422 1713 2598 1782 αὸαὼ,
2651 1718 2741 1768 καὶ
2780 1714 2880 1778 τὰς
2934 1719 3202 1784 γυναῖκας
3249 1715 3347 1770 καὶ
3378 1714 3505 1776 τοὺς
3540 1715 3742 1778 παῖδας

2157 1804 2367 1867 πάντας
2401 1805 2833 1877 διεχειρίσαντο·
2869 1809 2966 1860 καὶ
2993 1807 3086 1859 ἐπὶ
3116 1809 3238 1869 ταῖς
3266 1806 3456 1869 ἄλλαις
3486 1804 3543 1858 δὲ
3577 1804 3741 1857 πόλε-

2158 1914 2246 1950 σιν
2275 1899 2456 1951 αὐτῶν
2486 1898 2654 1968 δρῶσι
2678 1900 2748 1951 τὰ
2777 1901 2965 1969 ὃμοια.
2994 1901 3106 1954 Καὶ
3153 1894 3359 1960 Ἰαόεὶς
3381 1898 3439 1952 δὲ
3467 1898 3738 1951 Γαλααδί-

2156 1989 2300 2051 τιδος
2327 1989 2558 2053 πόλεως,
2580 1990 2664 2043 ὅτι
2696 1990 2770 2061 μὴ
2801 1991 3188 2060 συνεμάχησεν
3215 1991 3425 2057 αὐτοῖς,
3445 1991 3739 2059 φονεύουσι

2155 2084 2281 2146 τοὺς
2307 2083 2599 2146 κατοίκους
2631 2085 2728 2138 σὺν
2757 2085 2972 2147 τέκνοις
2989 2085 3085 2138 καὶ
3103 2086 3340 2153 γυναιξὶ,
3369 2084 3511 2155 πλὴν
3539 2101 3740 2154 τετραο

2158 2174 2359 2228 κοσίων
2397 2176 2712 2245 παρθένων,
2756 2176 2822 2240 ἃς
2870 2179 2983 2239 τοῖς
3018 2177 3377 2246 περισωθεῖσι
3408 2177 3516 2230 τῶν
3545 2178 3741 2230 Βεν.α-

2158 2267 2333 2336 μιτῶν
2362 2271 2659 2339 παρέσχον,
2700 2269 2788 2324 ἵνα
2838 2269 3134 2335 συνεύνους
3177 2275 3358 2340 σχοῖεν
3396 2272 3590 2334 αὑτὰς,
3636 2272 3742 2341 τῆς

2156 2359 2443 2429 συμφορᾶς
2499 2367 2693 2423 αὐτους
2756 2360 3262 2430 κατοικτείραντες.
3334 2360 3635 2414 Ἐσκόπιυν
3689 2357 3740 2411 δ’

2152 2450 2300 2513 ὅπως
2325 2451 2418 2506 καὶ
2444 2452 2494 2504 oi
2529 2452 2708 2505 λοιποὶ
2729 2452 2998 2506 διακόσιοι
3017 2451 3295 2520 γυναικῶν
3322 2453 3736 2523 εὐπορήσουσιν.

2158 2544 2395 2614 Ὀρκους
2430 2543 2540 2615 γάρ
2563 2544 2753 2599 ἔθεντο
2808 2545 3025 2615 πρώην,
3057 2544 3144 2599 διά
3204 2545 3265 2598 τὸ
3302 2545 3587 2615 τόλμημα,
3628 2562 3738 2614 μη-

2140 2635 2282 2693 δένα
2308 2636 2506 2691 δώσειν
2548 2636 2828 2708 θυγατέρα
2863 2638 3001 2708 πρὸς
3035 2636 3217 2706 γάμον
3256 2636 3580 2708 Βενιαμίτῃ.
3619 2637 3736 2690 Καὶ

2155 2727 2455 2783 σκοποῦσιν
2494 2728 2701 2795 ἔδοξεν,
2753 2730 2953 2793 αὐτοὺς
2996 2730 3095 2800 μὲν
3144 2730 3220 2799 μὴ
3265 2729 3468 2783 διδόναι
3516 2729 3605 2782 διὰ
3638 2729 3735 2781 τὸν

2150 2825 2336 2894 ὅρκον,
2366 2826 2480 2887 τοῖς
2524 2824 2583 2877 δὲ
2638 2823 2991 2894 Βενιαμίταις
3036 2824 3235 2889 ἐξεῖναι
3274 2824 3583 2895 παρθένους
3634 2824 3734 2891 άρ-

2151 2918 2389 2981 στάζουσι
2411 2917 2742 2976 συνοικίζειν
2774 2919 3013 2982 ἑαυτοῖς,
3048 2918 3232 2971 αὐτῶν
3271 2917 3346 2987 μὴ
3385 2917 3732 2978 κωλυόντων,

2154 3013 2228 3080 μή
2273 3029 2332 3065 τε
2368 3012 2857 3083 προτρεπομένων.
2892 3012 3003 3065 Καὶ
3048 3013 3161 3073 τοῖς
3214 3009 3314 3081 μὲν
3361 3010 3533 3071 οὕτως
3582 3009 3735 3072 ἕδοέε

2153 3109 2282 3180 περὶ
2305 3107 2532 3162 τούτων.
2567 3109 2630 3160 Oi
2660 3108 2717 3161 δὲ
2739 3107 3064 3176 Βενιαμῖται
3098 3106 3178 3168 είς
3210 3104 3373 3173 ἔργον
3402 3104 3470 3155 τά
3501 3102 3736 3168 δόξαντα

464 3172 623 3242 ἰυιίι.
674 3184 938 3245 Israelitis
969 3198 1107 3248 ,cum
1161 3192 1219 3237 et
1287 3180 1722 3237 Chananaaorum
1801 3185 2049 3240 instituta

2153 3172 2383 3271 ῆγάγον.
2416 3200 2554 3254 Ἤδη
2587 3200 2644 3253 δὲ
2682 3200 2786 3271 πρὸ
2816 3172 3032 3270 μακροῦ
3059 3198 3170 3252 τῶν
3209 3196 3561 3268 Ἰσραηλιτῶν
3595 3213 3735 3249 παυ-

478 3288 837 3350 usurparent,
878 3287 933 3331 et
976 3291 1130 3331 suam
1163 3275 1481 3345 reipublica:
1526 3274 1756 3329 formam
1789 3292 2051 3347 asperna-

479 3382 687 3435 rentur,
723 3372 934 3426 Numen
972 3369 1243 3425 infensum
1272 3370 1502 3425 exstitit.
1535 3370 1722 3441 Itaque
1740 3369 2051 3443 Chugarga—

479 3466 717 3521 thaimns
745 3463 1090 3534 Assyriorum
1129 3478 1221 3516 rex
1259 3463 1461 3517 bellum
1487 3462 1569 3518 eis
1597 3463 1797 3527 infert,
1846 3471 1902 3518 et
1924 3481 2049 3533 gra-

476 3557 562 3610 via
592 3556 798 3609 tributa
824 3556 1076 3625 imperat,
1107 3554 1309 3625 quibus
1332 3563 1456 3608 octo
1479 3570 1654 3610 annos
1682 3565 2048 3623 premuntur:

476 3649 654 3703 donec
692 3648 774 3701 vir
822 3646 1045 3725 quidam
1093 3657 1355 3701 strenuus
1394 3647 1637 3702 Judaica:
1691 3648 1905 3714 tribus,
1955 3663 2052 3703 no-

479 3740 624 3795 mine
647 3738 964 3804 Gothoniel,
992 3737 1185 3807 paucis
1221 3737 1387 3792 sociis
1416 3752 1484 3790 ex
1512 3737 1738 3791 oraculo
1767 3753 2053 3806 compara-

479 3833 587 3895 tis,
644 3830 992 3901 Assyriorum
1041 3829 1185 3898 apud
1237 3843 1297 3883 se
1357 3829 1666 3895 pnesidium
1717 3827 1924 3883 czedit:
1986 3844 2051 3884 ac

479 3924 729 3995 pluribus
774 3922 972 3977 deinde
1044 3920 1474 3986 conﬂuentibus,
1550 3921 1803 3992 Assyrios
1861 3921 2052 3991 praelia

478 4018 654 4072 victos
684 4024 924 4072 amovet.
966 4015 1046 4070 fie
1083 4014 1224 4071 bene
1256 4024 1431 4084 gesta,
1464 4015 1756 4086 imperiunm
1811 4026 1865 4070 et
1905 4014 2053 4084 judi-

477 4111 634 4167 candi
657 4119 903 4182 potestas
924 4125 953 4164 a
979 4108 1182 4180 pupulo
1208 4108 1261 4163 ei
1288 4106 1629 4162 decernitur.
1653 4106 1756 4173 Qui
1786 4123 1911 4167 eum
1934 4123 2051 4160 ma-

479 4204 709 4272 gistratu
732 4202 797 4256 ad
826 4215 1002 4255 annos
1031 4198 1427 4270 quinquaginta
1458 4200 1699 4265 functus,
1731 4198 1896 4253 vitam
1925 4214 2050 4254 cum

478 4304 655 4350 morte
686 4294 793 4364 50
819 4300 1212 4347 commutasset
1243 4308 1256 4343 :
1291 4291 1549 4345 Israelita:
1572 4292 1690 4343 sine
1708 4292 2050 4360 magistratu,

476 4391 596 4444 sine
648 4397 801 4441 metu
845 4383 1101 4439 Numinis
1142 4385 1425 4444 viventes,
1473 4381 1542 4435 ab
1581 4380 1784 4451 Eglone
1846 4382 2049 4437 Moabi-

478 4494 657 4536 tarum
704 4494 831 4550 rege
864 4478 1101 4542 subacti,
1147 4491 1330 4531 annua
1367 4474 1569 4528 tributa
1598 4477 1966 4543 pensitarunt.
2003 4476 2052 4531 ls

477 4572 837 4628 Ilierichuute
864 4569 1129 4626 aedificata
1166 4568 1334 4638 regia,
1373 4567 1502 4621 dum
1532 4583 1627 4636 per
1659 4582 1833 4622 annos
1857 4568 2045 4622 decem
2085 4556 2125 4609 υ

474 4678 533 4721 et
574 4675 700 4720 octo
732 4665 901 4719 variis
942 4663 1067 4718 illos
1103 4660 1260 4715 malis
1293 4660 1552 4728 exagitat,
1581 4658 1901 4714 adolescens
1926 4661 2050 4729 qui-

474 4760 599 4813 dam
635 4756 1004 4827 Benjamiticae
1036 4753 1235 4819 tribus,
1263 4752 1483 4806 nomine
1503 4750 1740 4815 Aothus,
1765 4767 1926 4821 quem
1950 4752 2049 4808 Ju-

477 4850 600 4904 dam
633 4855 882 4903 vocatum
920 4844 1197 4914 Iosephus
1257 4844 1490 4907 asserit,
1539 4844 1703 4900 homo
1752 4847 2051 4913 conlidens

483 4950 539 4994 et
576 4938 859 5001 robustus,
893 4951 952 4992 se
986 4937 1041 4990 in
1068 4934 1293 5006 Eglonis
1326 4934 1751 4991 familiaritatem
1786 4938 2047 5004 insinuat,

473 5032 652 5086 auiam
679 5032 799 5101 ejus
829 5027 1207 5097 frequentans,
1239 5036 1296 5082 et
1326 5027 1610 5081 blanditiis
1635 5029 1914 5084 hominem
1941 5032 2047 5087 sibi

475 5126 814 5180 devinciens.
874 5122 974 5176 llic
1026 5121 1323 5191 aliquando
1371 5136 1495 5175 cum
1541 5122 1760 5187 duobus
1807 5125 2048 5190 famulis,

473 5216 665 5287 Egloni
708 5230 933 5269 innuera
965 5214 1170 5277 ferens.
1199 5216 1340 5269 clam
1370 5214 1512 5270 sicas
1534 5226 1711 5286 gestat
1744 5234 1756 5272 :
1809 5234 2044 5288 cumque

472 5311 577 5380 jam
627 5307 887 5361 meridies
921 5318 1088 5373 esset,
1125 5307 1456 5363 satellitibus
1487 5310 1551 5361 ad
1600 5324 1698 5363 sua
1748 5310 2041 5378 digressa,

476 5410 671 5454 nactus
694 5414 821 5454 eum
852 5399 1051 5463 solum,
1078 5414 1181 5470 pro
1208 5399 1581 5456 familiaritate
1607 5401 1937 5473 ingreditur,
1959 5418 2044 5458 sc-

479 5494 848 5562 itnctumque,
891 5503 951 5546 ut
980 5493 1166 5548 arcani
1208 5493 1459 5548 dicturus
1512 5494 1718 5563 aliquid
1775 5495 1887 5549 ictu
1940 5511 2043 5564 0pc

474 5592 711 5654 portuno
737 5584 890 5640 illato
937 5593 1229 5657 tyrannum
1269 5586 1512 5656 perimit.
1544 5587 1831 5657 Digressus
1865 5588 2046 5643 Ilieri-

2153 3295 2411 3364 σαμένων
2442 3293 2536 3346 τοῦ
2575 3294 2867 3363 μάχεσθαι.
2906 3291 3321 3362 κατεφρόνησαν
3350 3291 3400 3342 οἱ
3438 3292 3734 3343 Χαναναῖοι

2151 3387 2356 3449 αὐτῶν,
2390 3388 2486 3441 καὶ
2533 3385 2721 3449 πόλεις
2766 3386 3054 3455 ἀφείλοντο
3094 3384 3155 3450 ἐξ
3186 3385 3387 3439 αὐτῶν.
3432 3384 3496 3436 Οί
3533 3384 3590 3436 δὲ
3626 3384 3733 3451 τῆς

2150 3481 2245 3535 τοῦ
2278 3480 2386 3534 Δάν
2414 3478 2588 3549 φυλῆς
2620 3481 2700 3544 είς
2733 3476 2793 3532 ro
2836 3478 2961 3548 ὅρος
2990 3480 3325 3548 κατέφυγον,
3362 3478 3621 3532 κάκεῖθεν
3647 3479 3732 3539 είς

2146 3576 2251 3648 τὴν
2309 3576 2594 3645 μεσόγειον
2647 3576 3031 3643 μετῳκήκασι.
3078 3572 3217 3635 Τοὺς
3273 3572 3332 3624 δὲ
3385 3569 3733 3641 Ἰσραηλίτας

2155 3668 2561 3741 μεταλαϐόντας
2598 3666 2709 3721 τῶν
2741 3665 2895 3737 παρὰ
2931 3667 3044 3728 τοῖς
3070 3664 3403 3727 Χαναναίοις
3427 3662 3590 3724 ἐθῶν,
3634 3665 3735 3715 καὶ

2150 3765 2247 3833 τῆς
2276 3762 2547 3831 σφετέρας
2571 3761 2851 3823 πολιτείας
2887 3760 3435 3830 καταφρονήσαντας,
3462 3757 3530 3810 δι’
3556 3756 3734 3827 ὀργῆς

2151 3856 2213 3908 τὸ
2247 3855 2389 3908 θεῖον
2429 3853 2717 3925 πεποίητο.
2763 3852 3061 3923 Στρατεύει
3103 3850 3288 3903 τοίνυν
3333 3849 3420 3901 ἐπ’
3464 3847 3663 3910 αὐτοὺς
3704 3848 3734 3900 ὁ

2151 3945 2262 4001 τῶν
2312 3945 2611 4017 ’Δσσυρίων
2658 3943 2910 4014 βασιλεὺς
2957 3939 3400 4012 Χουγαργαθαῒμ
3447 3940 3582 4009 (id),
3631 3940 3733 3993 καὶ

2150 4041 2355 4111 φόρους
2390 4037 2580 4108 βαρεῖς
2627 4036 2919 4090 ἐπιτάσσει
2960 4036 3172 4099 αὐτοῖς,
3211 4030 3294 4096 οἷς
3324 4033 3419 4086 ἐπὶ
3447 4032 3592 4086 ὀκτὼ
3622 4034 3735 4086 ἐνι-

2152 4131 2351 4193 αυτοὺς
2391 4127 2696 4193 ἐπιέζοντο.
2734 4122 2874 4182 Εἶτα
2901 4126 3232 4197 δραστήριός
3260 4142 3346 4190 τις
3374 4124 3515 4196 ἀνὴρ
3538 4125 3603 4178 ὲκ
3631 4124 3735 4194 τῆς

2166 4221 2336 4276 Ἰούδα
2375 4220 2574 4290 φυλῆς,
2607 4217 2866 4288 Γοθονιὴλ
2910 4217 3279 4286 κεκλημένος,
3321 4216 3545 4287 βραχεῖς
3574 4231 3734 4278 τινας

2152 4311 2725 4382 προσεταιρισάμενος
2754 4311 2899 4363 κατὰ
2942 4308 3086 4362 θεῖον
3133 4308 3407 4379 χρησμὸν,
3448 4305 3548 4376 τὴν
3596 4306 3734 4377 παρ’

2153 4409 2339 4471 αὐτοῖς
2372 4404 2481 4459 τῶν
2521 4402 2833 4472 Ἀσσυρίων
2871 4400 3177 4472 διαφθείρει
3221 4400 3491 4471 φρουράν.
3518 4399 3732 4467 Συνηγ.

2159 4501 2337 4568 μένων
2372 4498 2431 4550 δὲ
2466 4495 2608 4567 μετὰ
2657 4495 2830 4548 ταῦτα
2860 4492 3150 4557 πλειόνων,
3186 4493 3333 4563 μάχῃ
3378 4493 3509 4555 τοὺς
3540 4491 3736 4543 Ἀσσυ-

2155 4592 2301 4661 ρίους
2354 4592 2619 4661 νικήσας,
2660 4586 2961 4645 ἀπώσατο.
3006 4587 3101 4639 καὶ
3153 4585 3342 4656 ἄρχειν
3406 4585 3584 4655 ᾑρέθη
3632 4582 3727 4636 διὰ

2148 4683 2311 4737 τοῦτο
2347 4684 2442 4735 τοῦ
2499 4680 2763 4750 πλήθους,
2816 4678 3023 4749 κρίνειν
3072 4692 3133 4730 τε
3182 4678 3273 4730 τὸν
3302 4676 3455 4731 λαόν.
3504 4675 3604 4738 Ὃς
3636 4675 3736 4727 ἐπὶ

2150 4774 2496 4841 πεντήκοντα
2540 4771 2635 4839 ἔτη
2674 4769 2772 4839 τὴν
2806 4769 2982 4838 ἀρχὴν
3024 4768 3251 4831 ἀνύσας,
3291 4763 3599 4836 μετήλλαξε
3628 4765 3733 4833 τὴν

2150 4866 2317 4934 ζωήν.
2367 4863 2635 4932 Ἀναρχοι
2684 4862 2742 4913 δὲ
2788 4859 2939 4923 ὅντες
2986 4862 3035 4913 oi
3075 4858 3433 4928 Ἰσραηλῖται,
3477 4856 3575 4909 καὶ
3624 4853 3728 4908 τοῦ

2153 4950 2299 5004 θείου
2353 4946 2850 5017 καταφρονοῦντες,
2905 4948 3057 5017 παρὰ
3111 4948 3208 5001 τοῦ
3253 4947 3362 5001 τῶν
3413 4944 3732 5000 Μωαϐιτῶν

2148 5042 2417 5112 βασιλέως
2493 5041 2724 5113 Αίγλὼμ
2786 5044 2989 5105 αὐτοὺς
3040 5040 3447 5105 ὑποτάξαντος,
3500 5038 3735 5105 ἐτησίας

2152 5136 2416 5206 εἰσφορὰς
2446 5135 2860 5205 ἐπετάχθησαν.
2902 5136 2999 5199 Ὃς
3028 5137 3086 5187 ὲν
3128 5132 3447 5203 Ἱεριχοῦντι
3475 5130 3733 5200 βασίλεια

2152 5228 2553 5298 δομησάμενος,
2588 5227 2686 5280 ἐπὶ
2713 5226 2993 5289 ἐνιαυτοὺς
3025 5224 3407 5278 ὀκτωκαίδεκα
3427 5222 3733 5285 πολυειδῶς

2150 5319 2355 5372 ἐκάκου
2405 5319 2624 5380 αὐτούς.
2680 5317 2918 5382 Νεανίας
2965 5318 3023 5370 δέ
3079 5335 3163 5380 τις
3216 5315 3547 5385 Βενιαμίτης
3580 5314 3729 5367 Ἀὼθ

2154 5412 2391 5482 τοῦνομα
2447 5412 2746 5484 (Ἰώσηπος
2799 5412 3112 5467 δὲηΊοὺδαν
3169 5411 3361 5463 τοῦτον
3437 5410 3733 5462 καλεῖσθαι

2154 5503 2352 5572 λέγει),
2399 5503 2699 5574 τολμητίας
2741 5504 2838 5557 καὶ
2885 5503 3190 5575 ῥωμαλέος,
3237 5502 3479 5573 συνήθης
3514 5500 3738 5570 γίνεται

2152 5595 2229 5664 τῷ
2259 5594 2519 5665 Λίγλὼμ,
2550 5595 2643 5649 καὶ
2688 5594 2934 5664 συνεχῶς
2987 5594 3117 5665 παρ’
3170 5594 3337 5649 αὑτὸν
3378 5592 3569 5661 ἐφοίτα
3621 5590 3736 5642 θω-

1674 5751 1879 5814 Variae
1912 5751 2221 5813 lectiones
2256 5763 2315 5815 et
2346 5765 2537 5817 noue.

545 5874 652 5945 (44)
682 5874 1136 5944 Χουγαργίιθαΐμ
1184 5874 1320 5931 Cod.
1355 5875 1493 5929 alter
1515 5889 1543 5929 c
1570 5875 1729 5929 Wolii
1754 5874 1877 5940 mis,
1911 5877 2051 5929 Χουσ

2153 5877 2372 5947 σαθαῖμ.
2401 5876 2644 5934 Colbcrt.
2681 5878 2912 5930 Χουσπα
2924 5875 3148 5945 meum.
