3984 6618
254 428 337 485 Ηῖί

251 530 408 583 πιύων
437 529 523 582 τὸν
544 529 732 600 ἄνδρα,
762 527 857 583 καὶ
891 528 1286 599 ὑπερχόμενος.
1318 519 1488 589 Οὗτος
1512 528 1609 581 σὺν
1633 527 1785 581 δυσὶν
1818 537 1860 591 Α

1517 420 1923 481 ΛΝΝΛΙᾸΠΜ
1958 422 2106 484 LIB.
2150 422 2197 482 Ι.

3346 424 3464 483 τ114

1890 528 2134 585 cltuntiis
2168 540 2363 586 auctor
2410 530 2469 585 tit
2497 529 2839 586 vindicanda:
2866 528 3161 584 libertatis.
3205 528 3269 581 lli
3312 542 3463 585 arma

247 622 458 682 οίκέεαις
493 620 623 672 ποτὲ
672 620 825 690 δῶρα
876 619 1120 689 κομίζων
1148 618 1224 688 τῷ
1253 618 1505 688 Αίγλὼμ,
1563 618 1788 686 ξιφίδιον

1916 620 2126 691 apiunt.
2163 624 2373 693 Eglonii
2406 623 2696 688 satellites,
2736 637 2862 692 rege
2896 622 3121 695 invento
3143 631 3382 683 mortuo,
3410 619 3463 671 in

247 713 411 783 ἔφερεν
437 712 681 779 ἀφανῶς.
719 714 828 765 Καὶ
854 713 956 783 τῆς
985 712 1202 783 ἡμέρας
1232 712 1334 782 ἤδη
1372 709 1665 800 μεσούσης,
1697 710 1791 763 καὶ

1913 732 2064 787 ngam
2095 719 2262 781 versi,
2302 734 2333 771 a
2363 717 2832 788 persequentibus
2865 716 3090 772 civibus
3112 714 3462 771 occiduntur.

246 807 336 858 τῶν
358 803 608 872 φυλακων
632 806 768 875 πρὸς
797 805 1029 867 ἑαυτοὺς
1064 803 1510 873 ἀπεληλυθότων,
1537 819 1785 872 μεμονω-

1887 807 1979 862 Sic
2029 809 2289 864 lsraclitm
2340 827 2409 864 ex
2469 809 2763 866 Moabitica
2814 808 3083 864 servitute
3132 806 3463 861 liberantur.

247 898 383 966 μένον
411 896 588 965 εύρὼν
618 897 807 957 αὐτὸν,
830 898 1056 952 εἴσεισιν
1085 897 1158 959 ὡς
1192 896 1456 966 συνήθης,
1498 894 1592 949 καὶ
1627 893 1790 964 μόνον

1913 900 2028 954 toth
2057 900 2318 972 suffragio
2347 901 2538 972 populi
2568 901 2829 972 princeps
2859 908 3099 963 creatus,
3118 914 3260 955 cum
3295 911 3468 967 annos

246 987 505 1042 ἀπολαϐὼν
537 989 729 1053 αὐτὸν,
761 990 838 1050 ὡς
881 990 942 1058 δή
973 1007 1025 1043 τι
1062 988 1476 1059 μυστικώτερον
1519 1002 1790 1058 προσομι-

244 1079 398 1147 λήσων
428 1079 600 1148 αύτῷ,
644 1081 874 1149 πλήττει
918 1082 1150 1152 καιρίως
1184 1080 1258 1151 τῷ
1289 1080 1528 1151 ξιφιδίῳ,
1561 1078 1655 1132 καὶ
1691 1078 1787 1130 ἀν-

242 1171 382 1240 αιρεῖ.
414 1170 700 1225 Ἀπελοὼν
740 1173 801 1226 δὲ
836 1172 970 1243 πρὸς
1005 1174 1134 1237 τοὺς
1177 1172 1612 1244 Ἱεριχουντίους,
1663 1171 1783 1223 πεί-

1890 991 2166 1061 octoginta
2227 990 2556 1060 praefuisset,
2618 991 2875 1045 moritur.
2923 989 3052 1043 Post
3090 987 3239 1043 hunc
3286 984 3467 1052 Megar-

1894 1080 2121 1140 Dinachi
2178 1081 2362 1145 filius,
2417 1082 2606 1143 multis
2652 1083 3023 1138 Barbarorum
3083 1077 3259 1140 caesis,
3319 1090 3467 1130 ulmo

1892 1170 2074 1241 primo
2098 1171 2316 1242 imperii
2347 1174 2586 1239 decedit.

242 1258 310 1314 θει
336 1261 423 1330 τῆς
449 1261 761 1334 ἐλευθερίας
787 1264 1202 1319 ἀντιποιεῖσθαι.
1241 1266 1351 1318 Καὶ
1378 1264 1431 1316 οί
1474 1262 1574 1333 μὲν
1617 1261 1939 1327 ὡπλίζοντο,
1985 1262 2035 1314 οἱ
2063 1261 2120 1315 δὲ
2175 1264 2307 1334 περὶ
2369 1263 2462 1317 τὸν
2501 1264 2747 1336 Αίγλὼμ,
2783 1262 2977 1333 νεκρὸν
3008 1260 3171 1316 αὑτὸν
3216 1259 3467 1329 εὑρόντες

244 1356 309 1417 εἰς
331 1354 500 1423 φυγὴν
530 1354 851 1423 τρέπονται,
881 1356 973 1409 καὶ
1005 1355 1325 1425 διωκόμενοι
1345 1352 1777 1423 διαφθείρονται.
1842 1351 1955 1404 Καὶ
2023 1350 2196 1416 οὓτως
2251 1353 2495 1421 Ἑϐραῖοι
2543 1353 2642 1423 τῆς
2708 1352 2816 1407 τῶν
2873 1350 3180 1406 Μωαϐιτῶν
3224 1345 3469 1411 δουλείας

241 1447 651 1518 ἐλευθεροῦνται.
706 1449 799 1519 Τῷ
839 1449 896 1501 δὲ
933 1448 1099 1514 Ἀὼο,
1141 1452 1173 1516 ἡ
1224 1448 1317 1502 τοῦ
1387 1447 1629 1517 πλήθους
1677 1442 1819 1513 ἀρχὴ
1858 1444 2256 1516 ἐγκεχείριστο,
2303 1446 2363 1511 ὃς
2411 1445 2500 1500 ἐπ’
2546 1446 2725 1499 ἔτεσιν
2795 1444 3132 1513 ὀγδοήκοντα
3187 1440 3284 1495 τοῦ
3334 1436 3467 1491 λαοῦ

243 1537 595 1608 Ῑπησαμενος,
633 1539 728 1592 τὸν
777 1538 891 1610 βίον
934 1540 1221 1595 κατέλυσε.
1273 1541 1426 1594 Μετὰ
1471 1540 1534 1593 δὲ
1597 1535 1788 1590 τοῦτον
1827 1535 2022 1604 Μεγάῳ
2063 1537 2178 1601 υἱὸς
2248 1539 2415 1610 Δινὰχ
2445 1538 2639 1611 ἄρξας,
2673 1540 2765 1608 ,ἐν
2811 1536 2889 1608 τῷ
2910 1534 3124 1607 πρώτῳ
3165 1533 3265 1603 τῆς
3294 1529 3468 1598 ἀρχῆς

240 1632 444 1702 ἐνιαυτῷ
477 1633 864 1706 τετελεύτηκε,
902 1638 1151 1703 πατάξας
1176 1639 1284 1693 τῶν
1312 1635 1629 1707 ἀλλοφύλων
1658 1629 1911 1692 πολλούς.

298 1723 415 1780 ΚΓ.
448 1725 559 1778 Τοῦ
597 1727 657 1780 δὲ
687 1727 820 1783 λαοῦ
845 1730 956 1783 τῶν
996 1730 1268 1800 Ἐϐραίων
1318 1731 1443 1791 τοὺς
1479 1728 1657 1790 θείους
1690 1742 1794 1778 πα-

240 1817 568 1885 ραδαίιοντος
603 1822 827 1890 νόμους,
851 1821 1122 1894 ὠργίζετο
1149 1826 1176 1876 ὁ
1203 1822 1341 1886 Θεὸς
1359 1839 1374 1854 ο
1405 1824 1502 1875 καὶ
1529 1821 1789 1890 Σισάρας,

238 1907 365 1962 ὁτοῧ
408 1910 621 1982 Ἰαόεὶμ
655 1912 927 1983 βασιλέως
971 1915 1080 1969 τῶν
1132 1914 1460 1968 Χαναναίων
1492 1912 1776 1984 ἀρχιστροϊ
1821 1930 1861 1984 Β

1965 1724 2160 1780 XXIII.
2212 1727 2479 1785 Israelitis
2527 1737 2713 1782 autem
2757 1725 2828 1782 ob
2857 1724 3092 1779 violatas
3126 1720 3343 1776 divinas
3389 1718 3470 1773 lea

1894 1834 1991 1888 ges
2046 1821 2186 1875 irato
2218 1821 2351 1885 Deo,
2393 1821 2610 1877 Sisaras
2640 1819 2796 1877 Jabis
2837 1816 3274 1874 Cbananzeorum
3322 1810 3471 1881 regis

1892 1911 2000 1967 dux
2034 1928 2132 1969 eos
2161 1929 2468 1984 aggressus,
2501 1913 2740 1985 graviter
2765 1911 2989 1976 afflixit,
3035 1917 3093 1964 et
3147 1903 3470 1964 tributarios

238 2016 397 2067 τηγος.
432 2002 694 2057 ἐπελθὼν
743 2006 963 2070 αὐτοῖς,
1020 2005 1271 2059 ἐκάκωσε
1326 2023 1384 2058 τε
1439 2005 1668 2076 σφόδρα,
1697 2005 1792 2056 καὶ

1913 2003 2111 2060 :fi'ecit:
2149 2005 2203 2060 in
2232 2019 2343 2075 quo
2392 2014 2539 2060 statu
2564 2019 2740 2059 annos
2786 2002 2982 2074 viginti
3023 2005 3469 2071 permanserunt.

239 2092 400 2162 φόροις
432 2094 700 2160 ὑπέϐαλε,
740 2099 834 2151 καὶ
866 2092 1023 2168 εἶχον
1053 2097 1224 2161 οὕτως
1270 2099 1363 2151 ἐπὶ
1404 2098 1689 2159 ἐνιαυτοὺς
1718 2097 1794 2149 εί-

240 2197 362 2234 κοσι.
408 2184 636 2251 Δευὼρα
687 2187 742 2238 δέ
788 2204 875 2249 τις
921 2188 1195 2256 προφῆτις
1223 2187 1397 2258 (δηλοῖ
1446 2187 1501 2241 δὲ
1531 2187 1592 2240 τὸ
1624 2187 1795 2256 ὄνομα

239 2274 536 2346 μέλισσαν)
577 2278 722 2349 ὑπὲρ
761 2280 856 2333 τοῦ
882 2279 1012 2333 λαοῦ
1045 2282 1325 2334 ἱκέτευσεν
1358 2280 1452 2334 τὸν
1495 2281 1649 2335 Θεόν.
1684 2282 1796 2335 Καὶ

239 2367 405 2435 όΘεὸς
452 2371 746 2439 ἐπένευσε,
784 2373 883 2427 καὶ
927 2375 1236 2447 στρατηγὸν
1267 2374 1541 2444 αἱρεῖσθαι
1582 2375 1796 2429 κελεύει

239 2456 427 2527 Βαράκ,
453 2462 789 2532 ἀστραπὴν
852 2465 908 2519 δὲ
965 2466 1125 2519 τοῦτο
1180 2466 1440 2537 σημαίνει
1503 2466 1647 2522 κατὰ
1698 2468 1797 2537 τὴν

249 2549 495 2621 Ἑϐραίων
521 2554 810 2609 διάλεκτον
840 2570 854 2585 ·
881 2552 948 2627 ἦν
983 2558 1028 2611 δ’
1050 2558 1114 2611 ἐκ
1138 2560 1235 2628 τῆς
1263 2557 1602 2629 Νεφθαλίδος
1625 2559 1797 2628 φυλῆς

239 2644 264 2696 6
284 2643 431 2713 ἁνήρ.
460 2647 573 2699 Καὶ
598 2649 634 2717 ἡ
663 2649 891 2720 Λευώρα
920 2650 1010 2702 τὸν
1037 2651 1227 2721 Βαρὰκ
1255 2649 1635 2722 προετρέψατο
1659 2649 1798 2704 κατὰ

241 2737 334 2789 τῶν
362 2738 643 2809 πολεμίων
685 2741 823 2794 ίέναι
875 2743 1017 2812 μετὰ
1064 2743 1201 2797 νέων
1246 2741 1679 2814 μυρίων,τοῦτο
1709 2760 1801 2796 κε·-

243 2829 469 2895 λεύοντος
498 2833 598 2884 τοῦ
640 2833 803 2887 Θεοῦ.
850 2834 907 2886 Ὀ
935 2835 993 2887 δὲ
1035 2835 1297 2904 κάκείνην
1329 2834 1527 2906 ἀπῄτει
1560 2851 1800 2903 συστρα-

245 2925 431 2992 τηγεῖν.
451 2925 717 2978 Πείθεται
749 2927 781 2995 ἡ
811 2927 969 2996 γυνὴ,
990 2928 1085 2979 καὶ
1125 2928 1305 2998 μάχης
1328 2927 1426 2979 σὺν
1448 2928 1557 2989 τοῖς
1584 2927 1801 2996 μυρίοις

246 3011 602 3080 συρῤαγείσης
643 3014 830 3075 αὐτοῖς
878 3016 1013 3083 πρὸς
1042 3014 1134 3068 τὸν
1174 3015 1431 3084 Σισάραν,
1464 3014 1670 3086 ὄμϐρος
1707 3033 1804 3070 κα-

245 3106 469 3170 ταχεῖται
495 3105 698 3169 πολὺς.
757 3106 851 3160 καὶ
881 3107 1096 3176 χάλαζα
1126 3109 1596 3181 καταρρήγνυται.
1616 3110 1804 3163 Ταῦτα

245 3193 450 3250 sema
483 3198 787 3268 πρόσωπον
817 3201 926 3252 τῶν
970 3202 1248 3271 πολεμίων
1304 3202 1408 3255 ὑπὸ
1460 3201 1556 3255 τοῦ
1599 3203 1802 3270 ἀνέμου

247 3284 508 3355 ἠλαύνετο,
543 3291 644 3342 καὶ
693 3293 811 3354 ταῖς
847 3292 1034 3361 ὕψεσιν
1062 3294 1391 3347 ὲπεσκὸτουν
1417 3293 1620 3348 αὐτῶν.
1657 3296 1803 3347 Κάνο
1833 3274 1875 3330 c

247 3377 417 3431 τεῦϐεν
442 3380 735 3436 ἐνέκλιναν
766 3384 845 3445 είς
873 3385 1307 3455 φυγήν.Φεύγων
1336 3386 1391 3440 δὲ
1421 3387 1513 3440 καὶ
1543 3385 1802 3456 Σισάρας,

250 3469 369 3539 πρός
413 3491 536 3526 τινα
600 3477 841 3541 γυναῖκα
896 3477 1193 3546 κατέφυγε,
1234 3477 1586 3546 κατακρύψαι
1642 3478 1805 3532 αὑτὸν

249 3560 416 3624 ἀξιῶν.
443 3563 603 3634 Ἰαὴλ
657 3566 942 3636 ὡνὸμαστο
986 3568 1021 3637 ἡ
1055 3569 1212 3638 γυνή.
1269 3567 1335 3622 Ἡ
1373 3568 1429 3620 δὲ
1460 3568 1675 3638 δέχεται
1711 3569 1809 3622 αύ-

250 3652 349 3716 τδν,
376 3656 465 3707 καί
499 3654 694 3709 δίδωσι
749 3655 884 3725 γάλα
916 3660 1083 3723 πιεῖν,
1128 3659 1226 3712 καὶ
1263 3657 1320 3720 ὃς
1359 3655 1500 3712 πιὼν
1536 3658 1806 3715 ὕπνωσεν.

251 3744 587 3818 Κοιμωμένῳ
631 3749 676 3801 δ’
718 3750 871 3820 αὐτῷ
918 3750 1147 3803 ἐπέθετο
1186 3750 1355 3822 ’Ῑαὴλ,
1403 3752 1498 3804 καὶ
1543 3746 1673 3823 ἧλον
1724 3752 1812 3805 διὰ

250 3837 331 3890 τοῦ
363 3843 648 3911 κροτάφου
687 3843 853 3895 αὑτοῦ
884 3842 1148 3907 ἐλάσασα,
1178 3843 1257 3913 τῷ
1283 3843 1470 3914 scirpe:
1499 3860 1812 3915 προσεπαττ

250 3932 486 3999 ταλενσε,
519 3937 621 3988 καὶ
660 3939 772 3997 τοῖς
801 3936 931 4005 περὶ
965 3935 1055 3988 τὸν
1088 3937 1278 4006 Βαρὰκ
1306 3935 1496 4006 νεκρὸν
1530 3938 1622 3988 τὸν
1652 3922 1814 3990 πολέέ

255 4043 362 4093 μιον
382 4027 651 4081 δείκνυσι.
682 4027 1025 4098 Στρατεύσας
1049 4028 1107 4081 δὲ
1136 4030 1231 4081 καὶ
1250 4030 1343 4083 ἐπὶ
1364 4027 1558 4092 Ἰαϐεὶς
1590 4028 1816 4098 βασιλέα

252 4118 526 4172 Χαναναέιν
575 4121 604 4171 ὁ
630 4120 854 4190 Βαρὰκ,
885 4120 1042 4174 αὐτόν
1072 4135 1131 4172 τε
1166 4119 1373 4173 ἔκτεινε
1392 4157 1407 4181 ,
1453 4120 1550 4172 καὶ
1579 4118 1678 4190 τὴν
1717 4120 1816 4173 πόο

253 4207 324 4262 λιν
354 4212 696 4281 κατέσκαψε.
725 4213 827 4266 Καὶ
850 4212 1238 4282 στρατηγήσας
1264 4214 1352 4265 ἐπ’
1376 4212 1469 4284 ἐτη
1495 4213 1814 4283 τριάκοντα,

255 4304 468 4375 τελευτᾷ
494 4306 597 4358 καὶ
630 4304 882 4374 ,ὶευὼρας
918 4306 1058 4359 κατὰ
1088 4305 1178 4359 τὸν
1211 4305 1372 4359 αὑτὸν
1400 4306 1668 4377 Θανούσης
1699 4326 1820 4362 και,

258 4396 357 4466 ρον.
390 4393 523 4452 Εἶτα
552 4398 876 4451 Μαδιανῖται
905 4399 1001 4452 σὺν
1045 4398 1441 4467 Ἀμαληκίταις
1466 4399 1564 4454 καὶ
1588 4399 1817 4470 Ἀραψι,

261 4491 393 4562 μάχη
443 4493 577 4553 τοὺς
634 4490 979 4561 Ἰσραηλίτας
1028 4489 1346 4561 ἐτρέψαντο.
1400 4490 1508 4544 Καὶ
1564 4491 1655 4543 ἐπὶ
1722 4493 1818 4563 ἔτη

260 4580 383 4631 ἔπτὰ
446 4579 850 4650 ἐπιτιθεμένων
903 4578 1131 4642 αὐτοῖς,
1173 4580 1328 4651 λιμὸς
1379 4575 1470 4652 ἦν.
1522 4583 1619 4634 καὶ
1674 4583 1817 4635 σπά-
1852 4612 1896 4669 D

257 4688 330 4733 νις
386 4673 495 4726 τῶν
554 4673 902 4739 ἀναγκαίων,
960 4673 1053 4725 καὶ
1113 4672 1323 4725 ἐδέοντο
1356 4673 1449 4725 τοῦ
1504 4673 1666 4727 Θεοῦ.
1718 4674 1757 4726 Γ
1760 4691 1818 4727 ε-

259 4762 381 4816 δεὼν
409 4765 466 4816 δὲ
505 4762 683 4831 φυλῆς
713 4762 787 4815 ὢν
814 4761 1105 4833 Μανασσῆ,
1140 4762 1435 4835 δράγματα
1465 4763 1711 4834 σταχύων
1740 4765 1820 4828 εἰς

261 4855 341 4906 τὶν
366 4856 530 4923 ληνὸν
568 4855 765 4906 ἔκοπτε
794 4852 1002 4924 κρύφα,
1036 4854 1130 4907 καὶ
1151 4854 1255 4924 ὁρᾶ
1281 4855 1402 4908 τινα
1431 4856 1489 4908 ὲν
1528 4856 1658 4908 εἴδει
1694 4872 1822 4909 νεα-

264 4942 433 4998 νίσκου
468 4945 797 5015 παρεστῶτα
827 4942 995 5014 αὐτῷ,
1025 4943 1119 4996 καλ⁸
1148 4942 1440 5007 καλοῦντος
1471 4944 1634 4998 αὑτὸν
1670 4944 1823 5013 φίλον

264 5036 331 5106 τῷ
362 5036 478 5108 Θεῷ
537 5037 634 5090 καὶ
662 5036 979 5104 εὐδαίμονα.
1021 5034 1083 5087 '0
1126 5034 1169 5087 δ’
1206 5035 1660 5104 εἰρωνευόμενος,
1691 5052 1822 5089 τεκ-

270 5133 454 5202 μήριον
516 5131 710 5197 ἔλεγεν
774 5123 915 5183 εἶναι
966 5128 1132 5183 αὐτοῦ
1187 5128 1289 5196 τῆς
1348 5128 1716 5196 εύιὶαιμονίας,
1766 5130 1827 5181 τὸ

268 5224 565 5295 κεχρῆσθαι
607 5222 686 5292 τῷ
735 5220 885 5290 ληνῷ
933 5220 1054 5273 ἀντὶ
1100 5218 1326 5281 ἅλωνος.
1372 5220 1479 5272 Καὶ
1536 5219 1565 5272 ὁ
1608 5221 1826 5285 νεανίας

271 5314 481 5385 θαρρεῖν
543 5314 641 5366 καὶ
699 5311 954 5365 σπεύδειν
1011 5311 1160 5379 αύτῷ
1228 5310 1632 5381 παρεκελεύετο
1688 5312 1827 5383 ὑπὲρ

270 5404 573 5478 ἐλευθερίας
630 5404 742 5459 τῶν
795 5403 1061 5475 φυλετῶν.
1100 5403 1306 5457 Γεδεὼν
1354 5405 1410 5457 δὲ
1464 5404 1707 5458 ἱκέτευσε
1738 5408 1829 5459 τὸν

274 5498 609 5566 φαινόμενον,
643 5496 720 5568 μὴ
754 5495 1152 5566 μεταναστῆναι
1184 5494 1415 5547 ἐκεῖθεν.
1443 5495 1550 5548 Καὶ
1574 5492 1829 5549 εἰσελθὼν

275 5589 487 5657 ἐκόμισε
536 5588 753 5642 θυσίαν.
793 5587 900 5639 Καὶ
930 5586 958 5637 ὁ
990 5585 1218 5654 ἄγγελος
1262 5586 1433 5639 θεῖναι
1462 5585 1630 5656 αὐτὴν
1681 5587 1833 5657 παρὰ

274 5678 365 5750 τὴν
398 5682 607 5749 πέτραν
658 5678 935 5731 ἐκέλευσε.
986 5678 1093 5731 Καὶ
1126 5679 1190 5747 τῇ
1250 5677 1430 5747 ῥάϐδῳ
1472 5676 1688 5745 ψαύσας
1732 5678 1834 5747 τῆς

281 5770 497 5839 πέτρας,
545 5768 657 5840 πῦρ
706 5767 914 5839 ἀνῆψεν
960 5767 1291 5836 αὐτόματον,
1342 5770 1438 5819 καί
1488 5766 1587 5835 τὴν
1643 5767 1834 5820 Ουσίαν

281 5864 624 5917 κατέκαυσεν.
663 5858 794 5915 Εἶτα
844 5860 1013 5920 ᾔτησε
1057 5862 1150 5913 τὸν
1196 5860 1328 5913 Θεὸν
1381 5859 1585 5912 Γεδεὼν
1618 5860 1711 5913 ἐπὶ
1743 5860 1833 5914 τὸν

1895 2096 2032 2152 Τυιη
2066 2097 2310 2158 Debora.
2346 2097 2566 2152 fatidica
2598 2096 2796 2152 mulier
2825 2097 2994 2165 (apem
3022 2093 3233 2148 Latinis
3262 2090 3466 2159 sonat),
3496 2140 3501 2145 .

1895 2202 2120 2246 exorato
2152 2192 2282 2256 Deo,
2316 2191 2582 2246 Baracum
2617 2193 2799 2246 virum
2821 2205 2895 2245 ex.
2920 2187 3258 2257 Nephthalia
3280 2184 3429 2239 tribu
3450 2225 3465 2251 ,

1898 2279 2048 2335 illius
2071 2282 2228 2353 jussu
2255 2282 2450 2336 ducem
2481 2291 2668 2348 creat;
2696 2279 2878 2351 fulgur
2908 2277 3236 2333 Hebrmisid
3264 2290 3477 2329 nomen.

1896 2369 2186 2441 signiﬁcat.
2228 2371 2494 2426 Hortatur
2536 2382 2599 2427 ut
2643 2371 2834 2426 decem
2887 2368 3133 2425 millibus
3188 2366 3470 2428 virorum,

1898 2463 2361 2533 quemadmodum
2405 2465 2550 2519 Deus
2581 2464 2848 2535 jusserit,
2903 2459 3207 2531 assumptis
3231 2499 3247 2523 ,
3283 2457 3482 2512 hostes

1900 2557 2155 2613 invadat:
2186 2558 2301 2628 ipsa
2327 2568 2546 2629 petente
2574 2560 2667 2614 illo
2697 2574 2804 2613 una
2833 2556 3228 2628 proﬁciscitur,
3254 2551 3473 2622 imperii

1900 2650 2194 2721 particeps.
2236 2651 2433 2706 Praelio
2471 2667 2596 2706 cum
2638 2652 2826 2707 decem
2860 2649 2970 2704 illis
3002 2647 3248 2703 millibus
3277 2646 3478 2701 adven

1902 2758 1996 2798 sus
2024 2741 2261 2798 Sisaram
2290 2744 2589 2799 commisso
2619 2758 2849 2814 magnus
2882 2741 3059 2796 imber
3088 2739 3386 2803 delabitur,
3419 2746 3479 2792 ct

1902 2837 2111 2906 grando
2150 2837 2430 2906 erumpit,
2467 2852 2588 2906 qua:
2620 2852 2651 2891 ιι
2694 2844 2861 2891 vento
2893 2834 2947 2888 in
2989 2833 3229 2888 hostium
3274 2830 3481 2887 faciem

1902 2939 2043 2992 aeta,
2079 2939 2359 2999 aspectum
2396 2930 2505 2984 illis
2536 2929 2784 3001 eripiunt
2815 2928 3000 2997 itaque
3030 2943 3045 2994 ;
3079 2925 3135 2979 in
3169 2925 3351 2996 fugam
3391 2925 3476 2978 in.-

1903 3021 2130 3085 clinant,
2165 3023 2220 3076 in
2261 3037 2368 3091 qua
2405 3021 2621 3077 Sisaras
2659 3022 2826 3078 etiam
2854 3020 2922 3074 ad
2956 3019 3245 3074 mulierem
3284 3033 3489 3088 quatu-

1905 3112 2031 3167 dam
2064 3113 2269 3169 Jaclem
2307 3113 2528 3169 nomine
2561 3113 2828 3182 confugit,
2867 3121 2928 3167 ut
2955 3111 3026 3167 ab
3067 3126 3133 3166 ea
3171 3109 3485 3165 occultare-

1910 3215 2019 3261 tur.
2047 3206 2153 3262 llla
2167 3208 2372 3276 excipit
2392 3206 2695 3270 hominem,
2717 3214 2774 3261 et
2798 3206 2884 3260 lac
2910 3202 3211 3259 bibendum
3232 3201 3444 3273 praebet
3460 3217 3479 3255 :

1906 3313 2019 3363 quo
2045 3307 2231 3368 epoto.
2249 3300 2365 3354 Joel
2391 3298 2631 3368 sopitum
2667 3312 2942 3369 aggressa,
2971 3305 3135 3364 caput
3164 3295 3288 3365 ejus
3310 3293 3483 3348 clavis

1908 3392 2059 3446 humi
2094 3390 2281 3461 alligit,
2320 3402 2376 3446 et
2403 3392 2613 3447 Baraco
2633 3400 2915 3446 mortuum
2950 3389 3162 3442 hostem
3198 3384 3480 3450 ostendit,

1908 3484 2000 3553 qui
2037 3484 2206 3539 armis
2247 3493 2437 3539 contra
2465 3483 2645 3539 Jabim
2674 3482 3109 3538 Chaunus-orum
3141 3492 3322 3548 regem
3344 3491 3489 3532 con-

1909 3574 2102 3637 versis,
2141 3584 2197 3629 ct
2225 3575 2407 3645 ipsum
2438 3574 2663 3640 occidit,
2686 3582 2751 3630 et.
2777 3572 2968 3628 urbem
2992 3569 3096 3641 51
3134 3571 3252 3626 solo
3270 3576 3478 3638 aequat.

1910 3667 2166 3726 Moritur.
2209 3683 2335 3722 eum
2379 3682 2558 3722 annos
2602 3666 2824 3738 triginta
2854 3666 3223 3734 imperasset:
3263 3662 3491 3718 Deboraa

1910 3759 2078 3815 etiam
2116 3760 2261 3815 circa
2293 3760 2435 3814 idem
2471 3769 2691 3829 tempus
2722 3757 3002 3813 defuncta.
3031 3758 3183 3829 Post,
3212 3753 3493 3810 Madianim

1916 3859 1982 3907 tae
2024 3858 2149 3906 cum
2188 3850 2464 3907 Arabibus
2493 3859 2549 3904 et
2587 3828 2947 3905 Amalechitis
2992 3828 3487 3914 lsraelitasprazlio

1914 3942 2155 3998 fundunt
2212 3943 2534 4014 fugantque.
2603 3942 2847 4009 Quorum
2903 3937 3314 3995 incursionibus
3357 3952 3490 4005 ,ρει

1917 4045 2127 4107 septem
2158 4051 2335 4095 annos
2368 4036 2615 4104 fatigati,
2663 4050 2727 4089 ac
2763 4034 2829 4088 ad
2859 4040 3159 4103 egestatem
3188 4039 3249 4085 et
3285 4030 3488 4084 famem

1918 4128 2153 4192 redacti,
2175 4128 2423 4183 divinam
2443 4142 2601 4195 opem
2629 4125 2941 4195 implorant.
2964 4124 3090 4178 Erat
3120 4130 3233 4175 tum
3262 4120 3491 4190 quidam

1920 4220 2100 4275 tribus
2128 4220 2429 4275 Manassae
2456 4220 2538 4274 vir
2565 4218 2811 4280 Gedeon,
2836 4217 2930 4286 qui
2961 4213 3273 4283 manipulos
3308 4213 3497 4283 θρίοις

1921 4327 2042 4365 rum
2100 4309 2154 4364 in
2196 4309 2463 4365 torculari
2503 4323 2697 4364 secans
2723 4347 2738 4371 ,
2783 4304 3077 4376 quemdam
3124 4301 3494 4358 adolescentis

1922 4402 2111 4459 habitu
2155 4402 2259 4454 sibi
2304 4403 2652 4457 assisteutcm
2681 4400 2833 4454 videt
2860 4415 2876 4462 ;
2906 4414 2937 4451 a
2989 4413 3100 4465 quo
3132 4412 3258 4451 cum
3291 4405 3351 4450 ut
3381 4395 3494 4450 Deo

1921 4494 2121 4553 charus
2157 4502 2213 4547 et
2242 4492 2433 4546 beatus
2461 4491 2855 4560 praedicaretur
2878 4529 2893 4553 ,
2937 4489 3029 4544 ille
3059 4486 3299 4541 irridens
3331 4504 3344 4540 :
3382 4483 3497 4540 Hoc

1920 4584 2136 4642 scilicet.
2168 4583 2366 4652 inquit,
2390 4584 2600 4652 signum
2629 4592 2703 4635 est
2735 4581 3001 4636 beatitatis
3032 4595 3183 4645 metu,
3208 4577 3346 4648 quod
3386 4585 3501 4633 tor-2

1923 4677 2095 4734 calari
2120 4694 2216 4747 pro
2250 4693 2377 4731 area
2427 4687 2568 4730 utor.
2610 4675 2948 4730 Adolescens
2976 4688 3105 4727 eum
3134 4673 3283 4727 bono
3310 4671 3501 4726 animo

1923 4783 2046 4821 esse
2070 4767 2250 4832 jubet,
2279 4779 2345 4819 ac
2378 4780 2613 4833 propere
2649 4760 2995 4817 vindicanda:
3040 4760 3390 4830 popularium
3423 4761 3503 4814 li-.

1923 4858 2155 4914 bertatis
2202 4871 2390 4911 curam
2421 4857 2727 4923 suscipere.
2779 4853 3001 4910 Gedeon
3033 4868 3160 4907 cum
3195 4852 3289 4922 qui
3321 4867 3506 4923 appa-.

1926 4962 2132 5015 ruerat,
2179 4961 2300 5005 orat
2338 4964 2406 5002 ne
2431 4949 2766 5013 discederet,
2800 4962 2863 5002 ac
2893 4949 3175 5017 ingressus
3216 4946 3509 5001 victimam.

1926 5044 2105 5098 affert.
2175 5042 2305 5095 Eam
2361 5040 2589 5109 angelus
2644 5040 2797 5110 juxta
2854 5053 3047 5107 rupem
3102 5037 3232 5107 poni
3297 5037 3495 5108 jubet:

1926 5152 2090 5207 quam
2144 5149 2267 5188 cum
2321 5133 2516 5186 baculo
2566 5131 2864 5201 tetigisset,
2903 5131 3045 5201 ignis
3079 5132 3229 5188 ultro
3267 5139 3501 5185 exortus

1928 5227 2207 5282 victimam
2255 5222 2582 5278 combussit.
2639 5221 2847 5277 Deinde
2883 5222 3021 5292 petit
3052 5237 3082 5278 δ
3115 5223 3224 5276 lico
3253 5221 3498 5283 Gedeon,

1929 5330 1990 5373 ut
2019 5319 2184 5374 rosin
2225 5318 2399 5372 vellus
2438 5315 2780 5381 descendat,
2818 5327 2876 5370 et
2923 5315 3229 5375 descendit.
3288 5314 3503 5368 Rursus

1931 5412 2069 5482 petit
2106 5422 2166 5464 ut
2213 5426 2334 5464 rore
2387 5410 2549 5464 tellus
2588 5408 2887 5470 madescat.
2924 5409 3101 5463 vellus
3137 5408 3346 5463 siccum
3382 5422 3502 5461 ma-

1932 5511 2060 5556 neat
2086 5518 2099 5554 :
2127 5500 2313 5568 itaque
2344 5497 2547 5553 factum
2578 5506 2683 5553 est.
2725 5499 2888 5554 Paret
2926 5498 3110 5567 itaque
3132 5495 3354 5552 chcon
3378 5535 3393 5557 .
3450 5509 3504 5550 et

1934 5593 2123 5647 decem
2152 5590 2320 5643 millia
2351 5589 2592 5641 virorum
2622 5597 2813 5642 contra
2844 5588 3031 5643 hostes
3064 5593 3262 5649 armat,
3296 5602 3504 5656 eosque

1929 5686 2085 5755 jussu
2124 5680 2219 5734 Dei
2251 5678 2355 5734 sub
2386 5677 2672 5733 meridiem
2711 5679 2779 5732 ad
2828 5677 3031 5732 flumen
3074 5674 3229 5730 ducit
3260 5693 3273 5728 :
3304 5684 3361 5739 et
3407 5677 3504 5746 qui

1936 5769 2230 5826 lambendo
2267 5782 2333 5822 ac
2372 5766 2698 5822 festinanter
2760 5766 3186 5834 circumagendo
3220 5779 3301 5831 se,
3351 5764 3502 5821 bibe-

1941 5871 2063 5918 rant
2103 5861 2178 5921 (hi
2208 5858 2441 5915 trecenti
2470 5859 2672 5919 erant).
2702 5872 2799 5913 cos
2833 5856 3040 5911 relictis
3075 5856 3289 5914 caeteris
3313 5864 3513 5912 contra
