3984 6582
490 378 596 444 115

1787 383 2115 444 JOANNIS
2152 381 2472 444 ΖΟΝΑΒᾸΞ

3635 376 3752 441 116

487 499 706 554 hostem
729 495 904 554 ducit.
935 496 1135 564 Noctu,
1172 511 1282 553 uno
1313 497 1490 554 milite
1529 512 1716 553 secum
1749 511 2053 570 assumpto,

2164 501 2331 554 πόκον
2379 496 2634 568 γενέσθαι
2689 495 2902 567 δρόσον,
2965 497 3061 550 καὶ
3111 495 3352 565 ἐγένετο.
3407 493 3519 549 Kal
3570 491 3752 557 αὖθις

483 599 664 645 castra
694 589 938 645 hostium
960 589 1257 660 ingressus,
1286 589 1442 645 audit
1469 592 1759 661 quemdam
1783 606 1884 646 suo
1917 607 2054 648 con-

483 682 759 738 tubernali
797 693 1110 739 narrantem
1156 697 1215 738 se
1275 683 1482 739 vidisse
1523 684 1578 740 in
1615 685 1822 739 somnis
1858 699 2054 754 panem

480 774 874 841 ltordeaccutn,
917 776 1010 846 qui
1051 788 1148 846 per
1197 783 1377 831 castra
1423 776 1764 830 volutaretur
1809 785 1867 831 et
1910 776 2058 847 regis

481 872 646 932 atque
673 864 951 918 exercitus
990 863 1344 919 tabernacula
1395 863 1698 935 dejiceret:
1736 865 1877 920 alter
1905 881 2056 920 som-

480 956 634 1008 nium
674 955 748 1017 id,
780 957 1057 1011 exercitus
1089 957 1371 1012 interitum
1433 958 1763 1026 portendere
1807 957 2056 1028 coniicit,

480 1045 792 1102 Gedeonem
830 1063 954 1103 cum
984 1050 1098 1104 suis
1131 1045 1200 1102 ob
1233 1049 1570 1117 paucitatem
1609 1057 1665 1104 et
1697 1049 2056 1104 imbecillita-

487 1149 595 1193 tem
623 1140 748 1210 pani
777 1140 1090 1196 hordeaceo
1121 1156 1474 1211 comparans.
1515 1140 1612 1196 His
1638 1141 1862 1198 Gedeon
1899 1142 2056 1196 audio

484 1233 576 1296 lis,
603 1231 848 1286 animum
883 1233 1110 1302 recepit.
1142 1245 1198 1288 et
1228 1233 1282 1287 in
1313 1243 1490 1290 castra
1517 1249 1794 1297 reversus,
1828 1247 1959 1288 suos
2001 1234 2054 1288 in

480 1327 648 1389 armis
673 1341 812 1390 esse,
830 1328 1186 1397 exercituque
1209 1327 1262 1382 in
1285 1338 1396 1382 tres
1412 1329 1691 1382 centurias
1714 1325 1911 1391 diviso,
1936 1342 2056 1381 am-

483 1414 710 1481 phoram
734 1427 959 1469 vacuam
979 1414 1222 1485 singulos
1234 1431 1357 1469 cum
1377 1414 1496 1470 face
1513 1417 1741 1471 ardente
1756 1415 2058 1469 etarietino

481 1501 801 1557 eornuferre
821 1502 1000 1571 jubet.
1024 1501 1181 1558 Circa
1199 1504 1436 1575 vigiliam
1460 1507 1898 1575 noctisquartam
1919 1503 2060 1558 edu-

483 1594 673 1648 citeos
696 1604 887 1649 contra
912 1595 1126 1650 hostes:
1143 1596 1343 1667 quibus
1365 1613 1488 1651 cum
1505 1597 2058 1667 appropinquassent,

481 1694 535 1738 et
563 1685 827 1740 cornibus
855 1687 1204 1752 cecinerunt,
1231 1696 1287 1742 et
1321 1688 1616 1758 amphoras
1645 1688 2056 1758 confregerunt,

2154 593 2344 665 δρόσον
2381 592 2582 664 ᾔτησεν
2641 591 2734 642 ἐπὶ
2781 591 2963 643 πᾶσαν
3003 587 3100 659 τὴν
3152 589 3256 656 γῆν
3308 587 3588 655 γενέσθαι,
3637 587 3752 641 ἐπὶ

2156 681 2248 737 τὸν
2280 686 2447 736 πόκον
2473 682 2529 736 δέ
2557 681 2842 752 ξηρασίαν·
2867 682 2958 734 καὶ
2985 681 3212 748 γέγονεν
3240 678 3436 740 οὕτως.
3470 678 3751 732 Πείθεται

2156 769 2252 827 οὖν
2282 775 2310 826 ὁ
2337 773 2567 834 Γεδεὼν,
2601 772 2697 825 καὶ
2739 773 2836 824 σὺν
2887 771 3101 840 μυρίοις
3145 768 3287 822 κατὰ
3318 762 3428 820 τῶν
3475 766 3751 820 ἐναντίων

2154 861 2447 929 ὡπλίζετο.
2482 861 2613 918 Elea
2647 864 2835 935 ἐντολῇ
2882 861 2978 917 τοῦ
3009 860 3148 915 Θεοῦ
3179 862 3302 930 ἀγει
3353 859 3562 922 πάντας
3591 857 3749 912 κατά

2159 957 2537 1028 μεσημϐρίαν,
2594 959 2688 1010 ἐπὶ
2733 958 2825 1010 τὸν
2864 955 3130 1025 ποταμόν.
3173 953 3284 1007 Kal
3330 954 3455 1015 τοὺς
3499 953 3597 1022 μὲν
3633 950 3747 1004 λά-

2156 1050 2363 1120 ψαντας
2399 1050 2458 1102 ἐν
2483 1047 2562 1116 τῷ
2585 1045 2786 1112 πίνειν,
2825 1046 2922 1100 καὶ
2955 1047 3097 1117 μετὰ
3129 1046 3367 1115 σπουδῆς
3397 1045 3470 1107 ὡς
3506 1042 3744 1112 περιφό-

2160 1161 2293 1216 ρους
2325 1143 2439 1214 (45)
2478 1142 2701 1206 πιόντας
2739 1142 3064 1213 (τριακόσιοι
3110 1139 3168 1192 δέ
3210 1136 3354 1210 ἦσαν
3392 1132 3560 1205 οὗτοι)
3593 1137 3748 1206 ἔχων

2161 1237 2279 1304 μεθ’
2316 1234 2536 1301 ἑαυτοῦ,
2579 1231 2748 1306 ἀπῄει
2789 1232 2926 1306 πρὸς
2949 1232 3044 1286 τὸν
3067 1232 3330 1304 πόλεμον.
3361 1230 3503 1294 Τοὺς
3535 1229 3594 1283 δέ
3624 1229 3746 1281 λοι-

2157 1329 2290 1390 ποὺς
2322 1327 2733 1382 καταλέλοιπεν.
2769 1325 2981 1390 Νυκτὸς
3003 1326 3062 1380 δέ
3091 1325 3188 1379 ἕνα
3229 1323 3336 1378 τῶν
3368 1320 3740 1393 στρατιωτῶν

2158 1415 2626 1488 προσλαϐόμενος,
2666 1413 2909 1486 ἀπῆλθεν
2959 1417 3040 1479 είς
3071 1416 3142 1471 ,τὸ
3177 1413 3294 1486 (ιο)
3324 1414 3432 1467 τῶν
3472 1412 3746 1467 ἐναντίων

2161 1510 2548 1582 στρατόπεδον.
2581 1509 2696 1564 Kal
2733 1507 2924 1564 ἀκούει
2965 1508 3086 1573 ἑνός
3123 1525 3270 1571 τινος
3301 1506 3411 1559 τῶν
3457 1504 3747 1572 πολεμίων

2156 1602 2235 1674 τῷ
2280 1603 2638 1673 συσκηνοῦντι
2673 1599 3062 1672 διηγουμένου,
3101 1599 3178 1662 ὡς
3208 1598 3388 1664 ἔδοξεν
3438 1597 3577 1668 όρᾷν
3607 1593 3746 1648 καθ’

2161 1696 2362 1760 ὕπνους
2395 1694 2576 1766 μάζαν
2619 1693 2871 1766 κριθίνην
2905 1693 2992 1747 διά
3017 1691 3112 1746 τοῦ
3151 1691 3519 1760 στρατοπέδου
3552 1689 3745 1742 κυλιο-

481 1788 539 1830 ct
592 1777 834 1833 clamore
892 1780 1109 1834 sublato
1155 1795 1281 1835 cum
1321 1779 1540 1835 facibus
1596 1781 1900 1836 irruerunt.
1936 1779 2053 1834 llaec

2165 1785 2353 1857 μένην,
2388 1785 2422 1857 η
2459 1786 2558 1857 τὴν
2600 1784 2696 1838 τοῦ
2743 1783 3011 1854 βασιλέως
3064 1782 3271 1853 σκηνὴν
3301 1781 3604 1843 κατέδαλε,
3643 1779 3746 1832 καὶ

482 1867 770 1925 horrorem
796 1870 1047 1928 hostibus
1074 1873 1397 1928 incussere:
1427 1883 1483 1928 et
1513 1873 1644 1928 dum
1667 1873 1758 1928 alii
1789 1873 1858 1928 ab
1901 1872 2053 1927 hoste

2159 1876 2259 1940 τάς
2288 1854 2849 1948 *τοῦ-στρατεύματος
2877 1889 2891 1906 ⁵
2927 1877 2955 1930 ὁ
2987 1875 3079 1940 δὲ,
3116 1873 3214 1928 τοῦ
3262 1871 3500 1943 στρατοῦ
3540 1870 3745 1941 δηλωῦν

482 1959 805 2026 czeduntur,
866 1962 982 2027 alii,
1029 1973 1086 2017 et
1130 1963 1353 2034 quidem
1375 1963 1534 2033 longe
1587 1963 1809 2033 plures,
1850 1961 2053 2032 quippe

2158 1969 2378 2040 ὄλεθρον
2423 1969 2484 2022 τὸ
2517 1967 2768 2022 ἐνύπνιον
2796 1968 3034 2039 ἔκρινεν,
3081 1966 3400 2029 ἀπεικάζων
3433 1964 3582 2034 μάζῃ
3614 1981 3747 2035 κρι-

483 2063 672 2117 noctu,
731 2069 764 2108 a
803 2054 925 2110 suis
958 2054 1332 2120 trucidantur,
1381 2055 1486 2126 52
1537 2054 1652 2109 fere
1687 2069 1884 2108 omnes
1927 2061 2053 2108 sunt

2158 2061 2278 2133 θίνῃ
2301 2062 2391 2114 τὸν
2414 2061 2644 2126 Γεδεὼν,
2676 2063 2771 2115 καὶ
2806 2062 2933 2124 τοὺς
2971 2063 3070 2115 σὺν
3097 2060 3266 2131 αύτῷ,
3297 2059 3385 2112 διά
3419 2058 3516 2128 τὴν
3552 2057 3743 2124 όλιγό-

482 2141 672 2206 delcti,
699 2159 826 2198 cum
860 2144 1080 2200 duobus
1113 2145 1338 2216 regibus
1377 2147 1559 2200 Orebo
1590 2149 1648 2199 et
1689 2145 1858 2199 Zebo.
1909 2144 2059 2199 Reli-

481 2235 627 2304 quiae
657 2234 860 2291 ducum
895 2247 1062 2307 atque
1095 2237 1378 2292 exercitus
1430 2237 1703 2308 fugientes
1735 2276 1749 2301 ,
1788 2256 1817 2292 a
1846 2235 2059 2293 Gedeo-

481 2325 588 2382 uiis
629 2328 1033 2399 comprehensi,
1075 2345 1268 2385 omnes
1325 2331 1665 2386 cecidi-runt.
1705 2327 1905 2386 Tenuit
1950 2329 2054 2384 im~

482 2419 696 2486 perium
726 2419 950 2476 Gedeon
992 2437 1168 2478 annos
1191 2422 1577 2494 quadraginta.
1608 2434 1664 2478 et
1696 2439 1862 2479 senex
1885 2423 2052 2488 obiit,

481 2510 611 2564 filiis
631 2511 944 2583 legitimise
984 2515 1237 2583 pluribus
1275 2519 1542 2570 uxoribus
1581 2516 1929 2586 septuaginta
1969 2531 2057 2571 re-

479 2601 646 2670 lictis,
677 2613 737 2658 ct
783 2621 891 2660 uno
931 2623 962 2661 c
997 2608 1334 2671 concubina,
1368 2608 1768 2664 Abimelccho:
1811 2610 1902 2679 qui
1945 2607 2056 2661 fra-

483 2697 661 2751 tribus
690 2699 973 2762 omnibus,
1020 2715 1130 2754 uno
1158 2700 1429 2756 Joathaue
1464 2700 1592 2771 fuga
1642 2702 1850 2771 elapso,
1887 2701 2058 2755 truci-

481 2789 646 2854 datis,
681 2791 1025 2862 tyrannidem
1058 2793 1368 2863 occupavit.
1407 2792 1672 2848 Sicimitae
1715 2804 1863 2848 mota
1909 2793 2056 2848 sedi-

481 2885 632 2941 tione
692 2886 1112 2941 Abimeiechum
1159 2888 1296 2942 urbe
1336 2888 1572 2958 pellunt.
1611 2888 1662 2942 ls
1721 2886 1889 2942 unius
1919 2887 2055 2941 civis

477 2994 646 3047 opera
677 2978 925 3050 adjutus,
960 2981 1153 3036 urbem
1184 2981 1312 3036 dolo
1355 2990 1571 3051 captam
1597 2991 1860 3036 omnibus
1884 2980 2056 3050 pube-

479 3072 637 3128 ribus
667 3074 870 3128 occisis
901 3073 1020 3128 solo
1059 3084 1259 3146 aquat.
1309 3075 1486 3130 Aliam
1521 3074 1654 3130 item
1688 3076 1879 3129 urbem
1905 3074 2053 3129 The-

2157 2171 2295 2223 τητα
2328 2152 2425 2207 καὶ
2459 2153 2521 2208 τδ
2573 2154 2824 2217 ἀσθενές.
2877 2151 3098 2206 Τούτων
3148 2154 3388 2215 ἀκούσας
3431 2152 3459 2204 ὁ
3500 2147 3740 2213 Γεδεὼν,

2155 2246 2522 2318 ἀνεθάρσησε.
2561 2248 2669 2301 Kal
2711 2245 3078 2318 ὑποστρέψας,
3113 2246 3171 2299 ἐν
3217 2246 3333 2308 τοῖς
3371 2243 3557 2306 ὅπλοις
3596 2237 3744 2294 εἶναι

2154 2341 2272 2403 τοῐς
2324 2339 2523 2394 ἐαυτοῦ
2579 2339 2912 2394 ἐνετείλατο.
2946 2338 3058 2392 Kal
3094 2339 3172 2400 είς
3210 2340 3358 2406 τρεῖς
3395 2334 3744 2396 ἑκατοστύας

2155 2431 2254 2503 τὴν
2284 2432 2549 2503 στρατιάν
2589 2415 2803 2494 διελὼν,
2847 2430 3107 2502 ἀμφορέα
3140 2429 3298 2481 κενὸν
3332 2426 3581 2496 κομίζειν
3602 2426 3747 2477 ἐκα-

2159 2541 2284 2578 στον
2329 2524 2426 2577 καὶ
2470 2523 2733 2591 λαμπάδα
2787 2523 3046 2593 ἡμμένην
3078 2523 3172 2574 καὶ
3215 2517 3374 2590 κριοῦ
3407 2518 3581 2590 κέρας
3609 2516 3744 2569 ἐκέ-

2156 2617 2337 2671 λευσε.
2359 2615 2516 2669 Κατά
2539 2615 2808 2685 τετάρτην
2826 2631 2885 2667 τε
2909 2614 3158 2683 φυλάκην
3183 2613 3281 2681 τῆς
3305 2610 3523 2676 νυκτὸς,
3539 2607 3744 2679 ἐξῆγεν

2155 2706 2354 2771 αὐτοὺς
2383 2710 2523 2761 κατὰ
2555 2706 2666 2760 τῶν
2701 2707 2984 2760 ἐναντίων.
3024 2706 3134 2760 Kal
3165 2704 3266 2776 ἤδη
3308 2701 3540 2770 πλησίον
3579 2702 3742 2761 ὄντες

2156 2799 2358 2866 αὐτῶν,
2378 2797 2684 2853 ἐσάλπισαν
2717 2797 2814 2868 μὲν
2835 2798 2950 2860 τοῖς
2981 2796 3198 2865 κέρασι,
3222 2796 3348 2857 τοὺς
3371 2793 3415 2846 δ’
3445 2791 3742 2862 ἀμφορέας

2157 2890 2452 2955 κατέαξαν,
2488 2891 2585 2943 καὶ
2644 2890 2782 2960 μετὰ
2824 2887 2932 2942 τῶν
2961 2886 3264 2958 λαμπάδων
3291 2885 3564 2956 ὥρμησαν
3593 2884 3740 2937 ἀλα.-

2153 2982 2442 3048 λάξαντες.
2461 2982 2660 3048 ,Ταῦτα
2688 2981 2745 3034 δέ
2775 2983 2886 3043 τοῖς
2917 2979 3202 3050 πολεμίοις
3227 2977 3417 3030 πτοίαν
3447 2975 3738 3028 ἐνέϐαλον.

2155 3077 2265 3130 Καὶ
2295 3075 2344 3128 οἱ
2393 3073 2492 3145 μὲν
2531 3072 2636 3126 ὑπὸ
2666 3072 2776 3124 τῶν
2824 3071 3084 3125 ἐναντίων
3119 3069 3428 3124 ἐκτείνοντο
3449 3081 3464 3095 ’
3503 3069 3553 3119 ei
3579 3067 3634 3118 δέ
3665 3081 3739 3133 γε

477 3161 598 3224 bas,
655 3161 836 3231 primo
897 3163 1105 3233 impetu
1156 3165 1321 3234 capit.
1377 3165 1664 3221 Multitudo
1719 3165 1929 3220 urbana
1991 3166 2045 3220 in

2159 3174 2375 3237 πλείους
2409 3172 2503 3225 ὑπ’
2549 3169 2820 3242 ἀλλήλων,
2862 3167 3031 3239 οὔσης
3073 3166 3289 3232 νυκτὸς,
3330 3165 3737 3234 διεφθάρησαν.

480 3268 647 3307 uuam
682 3265 889 3309 turrem
921 3255 976 3310 iu
1011 3255 1150 3312 urbe
1183 3257 1361 3313 media
1395 3257 1577 3322 sitam,
1603 3273 1746 3329 aegre
1777 3257 2046 3329 confugit.

477 3346 647 3417 Cujus
665 3348 1264 3416 portisAbimelechum
1292 3349 1696 3414 imminentem,
1723 3349 2050 3406 muliercula

478 3438 637 3492 mola:
674 3437 942 3510 fragmine
978 3441 1031 3494 in
1065 3451 1230 3512 caput
1257 3443 1471 3514 dejecto
1501 3442 1728 3498 occidit.
1796 3442 2050 3498 ilehrzeo-

476 3545 599 3584 rem
629 3530 968 3601 principatus
998 3532 1148 3588 Jairo
1165 3549 1234 3590 ex
1263 3534 1544 3593 Manassea
1572 3536 1723 3592 tribu
1752 3545 1877 3606 post
1903 3538 2052 3592 hunc

476 3623 745 3689 creditur,
781 3639 890 3695 quo
933 3626 1022 3680 ille
1064 3641 1242 3684 annos
1294 3626 1406 3683 duo
1449 3639 1509 3685 et
1579 3629 1774 3702 viginti
1827 3630 2051 3686 functus

477 3714 614 3771 obit.
642 3715 793 3793 Tum
813 3719 1137 3774 Ammanitae
1169 3735 1294 3776 cum
1325 3721 1628 3777 Palaestinis
1660 3723 1940 3792 regionem
1965 3725 2050 3778 di-

479 3807 712 3876 ripiunt.
746 3807 884 3863 Cum
909 3821 1092 3865 autem
1123 3812 1448 3868 Ammanitae
1476 3813 1836 3870 Galadilicam
1871 3825 2054 3872 vasta-

480 3907 628 3966 rent,
680 3900 873 3957 incola:
921 3903 1173 3974 .Ieplttam
1211 3903 1408 3960 ducem
1463 3905 1715 3976 eligunt:
1786 3909 1881 3979 qui
1926 3924 2051 3964 cum

479 3993 736 4050 hostibus
781 4011 1210 4068 congressurus,
1263 4007 1447 4065 vovet,
1493 4002 1538 4055 si
1575 4001 1805 4056 victoria
1846 4002 2053 4072 potire-

478 4095 594 4153 tur,
621 4087 890 4158 quidquid
913 4087 1169 4146 redeanti
1191 4091 1296 4147 sibi
1328 4093 1568 4161 primum
1603 4094 1962 4158 occurrisset,
1996 4094 2052 4150 id

477 4192 540 4233 se
594 4178 1005 4235 immolaturum
1059 4195 1206 4237 esse.
1254 4181 1563 4238 Commisso
1611 4183 1804 4253 pmlio
1857 4184 2049 4241 vincit.

478 4270 798 4326 Revertenti
857 4273 1020 4328 unica
1081 4275 1244 4328 filiola
1302 4276 1568 4340 occurrit,
1619 4276 1776 4347 virgo
1847 4278 2051 4334 adhuc.

479 4362 734 4432 Suspirat
763 4365 856 4419 ille
883 4382 896 4422 :
920 4365 1016 4419 sed
1047 4381 1117 4421 ne
1151 4365 1312 4421 fidem
1352 4366 1586 4432 falleret,
1617 4367 1865 4423 immolat
1893 4369 2052 4438 puel-

481 4455 593 4510 lam
661 4465 720 4511 et
769 4465 998 4512 cremat.
1033 4457 1169 4513 Cum
1219 4469 1403 4514 autem
1447 4459 1782 4530 Ephramitze
1816 4461 1894 4516 illi
1934 4460 2050 4516 ira-

2159 3263 2270 3320 Kal
2302 3262 2491 3334 σχεδὸν
2522 3262 2763 3325 ἀπαντες
2793 3259 3017 3326 ὤλοντο,
3058 3260 3154 3314 καὶ
3182 3259 3278 3313 δύο
3310 3259 3417 3312 τῶν
3461 3255 3741 3328 βασιλέων

2161 3357 2339 3414 αὐτῶν
2379 3356 2546 3429 Ὠρήῦ
2582 3371 2644 3410 τι
2675 3355 2769 3409 καὶ
2794 3354 2926 3426 Ζήϐ.
2957 3354 3023 3408 Οί
3054 3353 3112 3407 δέ
3143 3351 3591 3423 περιλειφθέντες
3621 3349 3741 3402 τῶν

2159 3451 2450 3522 ἡγεμόνων
2479 3448 2702 3504 καὶτοῦ
2743 3446 3160 3519 στρατεύματος
3203 3445 3522 3516 φεύγοντες,
3562 3458 3746 3496 κατα-

2158 3543 2531 3614 λαμϐάνονται
2582 3541 2734 3613 παρά
2773 3538 2982 3593 Γεδεὼν
3013 3539 3107 3592 καὶ
3137 3538 3246 3592 τῶν
3276 3535 3397 3607 μετ’
3423 3533 3614 3596 αὐτοῦ,
3639 3532 3745 3586 καὶ

2159 3635 2519 3689 πεπτώκασιν
2548 3634 2810 3696 ἀπαντες.
2832 3633 3074 3704 Ἐσχηκε
3097 3629 3154 3684 δὲ
3183 3629 3279 3700 τὴν
3313 3626 3490 3700 ἀρχὴν
3525 3625 3738 3679 Γεδεὼν

2161 3731 2221 3783 ἐν
2267 3729 2680 3799 τεσσαράκοντα
2733 3727 2902 3790 ἔτεσι,
2953 3727 3047 3778 καὶ
3092 3722 3421 3792 ἐτελεύτησε
3475 3719 3738 3791 γηραιὸς,

2162 3821 2483 3876 καταλιπὼν
2531 3821 2596 3872 ἐκ
2641 3817 2920 3886 διαφόρων
2968 3816 3245 3884 γυναικῶν
3293 3811 3552 3883 γνησίους
3584 3809 3742 3873 υἱοὺς

2163 3913 2562 3984 ἐϐδομήκοντα,
2598 3911 2696 3964 ενα
2722 3909 2766 3963 δ’
2795 3912 2862 3962 ἐκ
2897 3907 3178 3976 παλλακῆς
3219 3903 3507 3976 ’Δσιμέλεχ
3535 3900 3739 3956 καλού-

2164 4023 2346 4077 μενον.
2393 4004 2489 4067 ’ος
2517 4003 2643 4066 τοὺς
2697 4000 2962 4070 ἀδελφοὺς
3003 3998 3222 4062 κτείνας
3271 3996 3540 4060 ἅπαντας,
3595 3992 3738 4048 ἀνευ

2161 4097 2281 4162 ἐνὸς
2319 4095 2609 4151 Ἰωαθάνου
2654 4094 2941 4164 φυγόντος,
2972 4091 3397 4160 τετυράννηκεν.
3430 4087 3490 4141 '0
3518 4086 3576 4140 δὲ
3607 4085 3740 4148 λαὸς

2161 4189 2566 4250 ἐπαναστάντες
2597 4186 2739 4240 κατὰ
2765 4183 2860 4238 τοῦ
2901 4183 3192 4252 Ἀδιμέλεχ
3215 4179 3593 4246 ἐξελαύνουσιν
3633 4179 3739 4230 αύ-

2160 4280 2255 4336 τδν
2281 4281 2380 4351 τῆς
2406 4279 2614 4342 πόλεως
2645 4278 2756 4331 τῶν
2803 4277 3070 4346 Σικίμων.
3111 4275 3171 4328 '0
3212 4275 3270 4328 δὲ
3303 4271 3740 4342 συνεργούμενος

2162 4373 2258 4438 ὑφ’
2289 4372 2408 4432 ινὺς
2441 4369 2551 4423 τῶν
2592 4366 2916 4437 Σικιμιτῶν,
2948 4365 3082 4435 δόλῳ
3117 4364 3219 4434 τὴν
3248 4364 3403 4416 πόλιν
3434 4363 3602 4430 αἱρεῖ,
3641 4360 3740 4413 καὶ

2161 4466 2290 4528 τοὺς
2331 4463 2623 4534 Σικιμίτας
2665 4460 2868 4533 ἡϐηδὸν
2903 4461 3136 4530 ἀναιρεῖ,
3164 4457 3262 4527 τὴν
3293 4456 3447 4511 πόλιν
3478 4455 3536 4508 δὲ
3565 4471 3740 4508 κατα-

479 4555 790 4612 soerentur,
813 4551 960 4618 quod
985 4549 1050 4603 ad
1064 4548 1415 4606 Ammanitici
1448 4550 1574 4606 belli
1600 4551 1921 4608 societatem
1941 4569 2053 4608 non

2167 4559 2425 4612 σκάπτει.
2463 4555 2703 4610 Ἤλαυνε
2740 4554 2770 4608 δ
2832 4554 2924 4606 ἐπὶ
2968 4551 3153 4622 Θήϐας
3187 4551 3380 4620 ἐτέραν
3431 4549 3608 4613 πόλιν,
3640 4547 3738 4601 καὶ

479 4640 734 4695 accersiti
763 4650 970 4706 essent,
1003 4657 1185 4712 neque
1211 4642 1375 4698 ullam
1395 4649 1516 4715 ejus
1531 4644 1941 4701 excusationem
1969 4661 2056 4701 ac-

477 4732 772 4802 ciperent:
816 4743 1000 4803 pugna
1038 4733 1174 4788 inita
1206 4734 1386 4790 mulos
1419 4749 1610 4790 eorum
1644 4736 1825 4800 czcdit,
1863 4748 1920 4792 et
1959 4752 2057 4792 sex

478 4839 654 4878 annos
691 4824 1000 4895 principatu
1040 4824 1429 4882 administrate
1471 4829 1727 4883 moritur.
1759 4830 1821 4884 Ei
1853 4844 2054 4884 succe-

477 4913 560 4967 dit
585 4917 818 4971 Amesas
846 4933 914 4972 ex
947 4917 1094 4972 tribu
1125 4918 1372 4983 Iudaica,
1412 4922 1506 4990 qui
1535 4932 1744 4991 septem
1779 4923 1938 4976 annis
1956 4922 2053 4977 ad-

479 5005 794 5062 ministrate
825 5009 1063 5077 imperio
1096 5011 1337 5066 decedit.
1371 5013 1501 5068 Post
1536 5014 1688 5069 illum
1724 5013 1951 5069 Labdon
1982 5031 2048 5069 ea

480 5097 633 5152 tribu
694 5100 1093 5171 prraintitica
1137 5103 1246 5157 dux
1288 5115 1530 5168 creatus,
1575 5108 1814 5162 moritur
1858 5123 2048 5168 senex,

481 5200 679 5248 octavo
711 5193 1063 5265 magistratus
1087 5209 1255 5252 anno.

2161 4645 2307 4705 εἷλεν
2328 4650 2499 4718 αὐτὴν
2524 4649 2584 4714 ἐξ
2609 4647 2932 4720 ἐπιδρομῆς.
2955 4641 3030 4698 Τὸ
3055 4643 3114 4696 δέ
3139 4642 3342 4714 πλῆθος
3367 4643 3446 4704 είς
3475 4641 3572 4696 ἕνα
3593 4641 3737 4711 πύρο

2161 4759 2260 4812 γον
2293 4743 2451 4810 μόγις
2494 4739 2858 4809 συνέδραμεν,
2887 4736 3018 4790 ὅντα
3056 4738 3114 4790 ἐν
3163 4735 3312 4806 μέσῳ
3353 4733 3456 4802 τῆς
3500 4733 3732 4795 πόλεως.

2162 4834 2548 4902 Πλησιάσαντα
2580 4831 2636 4884 δὲ
2679 4831 2800 4892 ταῖς
2834 4828 3030 4892 πύλαις
3063 4828 3258 4881 τούτου
3287 4828 3377 4879 τὶν
3410 4823 3732 4894 Ἀὅιμέλεχ,

2163 4927 2474 4998 θραύσματι
2530 4924 2702 4995 μύλου
2746 4922 2970 4992 γύναιον
3009 4919 3220 4974 ἀνωθεν
3247 4921 3390 4973 κατὰ
3429 4921 3526 4987 τῆς
3560 4933 3735 4983 κεφα-

2159 5019 2260 5089 λῆς
2313 5018 2475 5070 ἐσαλε
2521 5019 2614 5069 καὶ
2665 5015 2980 5068 ἀπέκτεινε.
3031 5013 3142 5083 Τὴν
3196 5012 3252 5064 δὲ
3291 5011 3400 5063 τῶν
3461 5009 3734 5077 Ἐϐραίων

2163 5111 2466 5183 ἠγεμονίαν
2514 5109 2684 5179 Ίαεὶρ
2733 5107 3164 5178 ἐμπεπίστευτο,
3213 5109 3276 5159 ἐκ
3326 5107 3424 5174 τῆς
3457 5103 3733 5172 Μανασσῆ

2161 5199 2448 5269 τυγχάνων
2471 5197 2664 5267 φυλῆς.
2687 5195 2792 5248 Δύο
2818 5197 2876 5250 δὲ
2916 5199 3010 5249 καὶ
3048 5198 3220 5248 εἴκοσι
3247 5189 3403 5256 οὗτος
3448 5194 3732 5254 ἐνιαυτοὺς

483 5289 670 5356 ίθύνας
727 5291 827 5362 τὴν
891 5293 1068 5364 ἀρχὴν
1136 5294 1512 5364 ἐτελεύτησεν.
1566 5295 1901 5366 Ἀμμανῖται
1950 5297 2049 5349 σὺν
2089 5295 2484 5361 Παλαιστηνοῖς
2546 5295 2824 5347 είσὲπειτα
2866 5291 2965 5363 τὴν
3031 5292 3216 5364 χώραν
3241 5291 3562 5361 διήρπαζον.
3594 5292 3733 5361 Δηῖ·

481 5386 726 5456 ζομένων
761 5388 822 5440 δὲ
856 5387 955 5460 τὴν
1000 5389 1318 5460 Γαλαδηνὴν
1361 5389 1470 5444 τῶν
1512 5390 1889 5460 ⁹Δμμανιτῶν,
1927 5391 2175 5460 ἡγεμόνα
2232 5391 2324 5442 τὸν
2397 5388 2607 5457 Ἰεφθάε
2666 5390 2714 5442 ei
2745 5387 3030 5458 ἐπιχώριοι
3079 5385 3302 5438 εἴλοντο.
3338 5383 3436 5446 ⁸ος
3458 5383 3732 5454 συμμίξαι

481 5480 694 5550 μέλλων
767 5483 882 5544 τοῖς
929 5481 1233 5552 πολεμίοις,
1285 5483 1454 5552 εὐχὴν
1508 5483 1826 5552 ἐποιήσατο,
1891 5485 1940 5536 εί
1978 5484 2253 5553 νικήσειεν
2282 5525 2296 5548 ,
2374 5484 2484 5536 πᾶν
2525 5482 2554 5534 ὃ
2584 5480 2803 5553 πρῶτον
2843 5479 2996 5551 αύτῴ
3047 5479 3374 5549 συναντήσει
3427 5475 3730 5542 ἐπανιόντι,

1665 5633 1872 5697 Varia;
1911 5636 2219 5698 lectiones
2247 5643 2315 5698 et
2349 5642 2541 5699 noue.

551 5786 663 5857 (45)
701 5785 1104 5857 Περιφόρους.
1143 5753 1502 5856 Περιφόϐους,
1549 5793 1606 5837 ut
1664 5783 2044 5854 formidolosus.

2232 5780 2344 5854 (46)
2376 5782 2480 5848 Εἰς
2517 5783 2605 5837 τό.
2637 5781 2715 5838 Ita
2741 5779 2896 5837 Colb.
2939 5780 3076 5836 alter
3103 5779 3239 5850 πρὸς
3269 5779 3352 5834 τά.

478 5858 557 5915 Ita
587 5858 708 5915 cod.
743 5859 873 5919 lica.
904 5869 960 5914 et
994 5856 1241 5912 Colbcrt.
