3958 6574
486 355 589 425 119

1783 367 2105 428 JOANNIS
2147 368 2464 433 ZONARZE

3627 378 3738 445 120

484 474 755 545 Sampson
790 472 1096 546 refragatur
1134 474 1329 531 initio:
1363 476 1584 534 tandem
1614 479 1793 536 victus
1838 496 2044 550 sponsm

2152 468 2374 554 ἐξῆλθε
2398 488 2650 556 βρῶσις,
2694 490 2789 545 καί
2821 490 2941 547 ἀπὸ
2992 492 3253 563 ίσχινροῦ
3280 514 3285 519 ·
3309 495 3523 564 γλυκύ.
3556 496 3620 549 Ol
3649 499 3729 561 δὲ,

481 568 759 640 lacrymis,
797 584 912 625 rem
940 569 1140 638 aperit.
1195 570 1287 632 Illa
1343 572 1527 640 prodit
1585 571 2054 643 adolescentibus,

480 661 688 731 quidie
715 664 949 733 septima
979 661 1270 731 Sampsoni
1302 664 1533 719 dicunt:
1584 664 1723 730 Quid
1766 679 1841 720 est
1901 667 2055 722 melle

480 754 729 810 dulcius?
749 755 874 824 quid
902 755 1048 809 leone
1068 756 1256 825 fortius
1274 756 1299 808 ?
1324 757 1591 825 Sampson
1638 756 1805 827 igitur
1855 758 2049 824 iratus,

477 845 924 900 adolescentibus
940 846 1164 915 quidem
1191 845 1285 900 dat
1315 861 1438 915 quae
1460 845 1807 915 promiserat.
1831 848 1940 922 54
1954 851 2051 905 sed

477 945 707 1007 nuptam
736 937 956 993 abdicat
989 958 1002 993 :
1035 953 1200 1008 quam
1224 952 1253 991 a
1299 947 1453 1007 patre
1499 936 1662 994 alteri
1717 941 2047 1012 desponsam

474 1046 616 1102 aegre
652 1030 858 1095 ferens,
901 1040 1172 1086 trecentas
1230 1030 1422 1101 vulpes
1466 1032 1632 1101 capit,
1692 1049 1786 1089 eas
1837 1033 2051 1092 facibus

475 1122 800 1178 ardentibus
827 1122 1017 1177 caudis
1042 1121 1257 1176 illarum
1301 1121 1559 1192 alligatis,
1617 1123 1673 1179 in
1728 1126 2050 1181 Palaestino-

476 1231 600 1270 rum
639 1230 768 1270 arva
805 1214 1070 1276 immittit,
1100 1224 1341 1284 segetem
1369 1217 1481 1287 jam
1521 1215 1635 1272 fere
1684 1218 1928 1273 adultam
1993 1230 2049 1275 et

472 1309 664 1363 vineas
699 1307 945 1362 incendit
982 1322 1119 1378 :pro
1158 1323 1270 1379 quo
1307 1310 1452 1364 facto
1481 1309 1758 1366 Palaestini
1816 1328 2046 1368 uxorem

473 1397 681 1452 dudum
712 1397 850 1468 ejus,
889 1413 1014 1452 cum
1080 1399 1328 1469 cognatis
1377 1401 1432 1454 tn
1487 1399 1667 1471 ignem
1717 1402 2044 1472 coniectam,

473 1500 918 1545 concremarunt.
964 1489 1237 1563 Sampson
1275 1506 1436 1559 vero,
1488 1494 1676 1549 multis
1711 1493 2047 1564 alienigena-

468 1597 590 1637 rum
615 1582 938 1650 interfectis,
970 1584 1027 1640 in
1056 1601 1194 1655 rupe
1224 1585 1497 1641 consedit.
1535 1586 1644 1652 llli,
1691 1587 2044 1658 expeditione

467 1686 743 1745 suscepta,
766 1675 1033 1732 lsraelitis
1076 1677 1324 1741 edicunt.
1365 1678 1411 1733 si
1434 1667 1684 1735 insontes
1718 1678 1913 1735 haberi
1945 1695 2041 1735 ve-

465 1768 591 1834 lint,
626 1771 1067 1842 utSampsonem
1104 1770 1329 1826 dedant.
1360 1771 1658 1827 Accessere
1711 1772 1780 1827 ad
1848 1787 2037 1843 rupem

2162 581 2238 648 μὴ
2270 578 2556 650 δυνάμενοι
2587 582 2777 651 νοῆσαι
2820 583 2881 636 τὸ
2908 584 3223 655 πρόϐλημα,
3275 586 3375 656 τὴν
3407 588 3576 658 κόρην
3609 590 3728 643 ἱκέ·

2158 688 2358 724 τευσαν
2409 672 2603 742 μαθεῖν
2636 675 2786 745 παρᾶ
2838 673 2933 727 τοῦ
2989 675 3201 747 ἀνδρὸς,
3253 677 3347 730 καὶ
3391 679 3730 748 ἀπαγγεῖλαι

2156 766 2362 828 αὐτοῖς.
2405 766 2465 820 '0
2494 766 2731 838 Σαμψὼν
2759 768 2817 822 δὲ
2849 772 3278 843 παρακαλούσης
3312 771 3475 827 αὑτὸν
3502 773 3603 843 τῆς
3637 775 3729 826 κό-

2156 875 2258 929 ρης
2293 860 2470 912 εἰπεῖν
2508 860 2647 931 αὐτῇ
2680 860 2740 913 τὸ
2770 862 2863 914 τοῦ
2896 862 3280 934 προϐλήματος
3302 864 3502 935 νόημα,
3539 865 3594 919 τὸ
3626 866 3730 934 μὲν

2155 950 2375 1022 πρῶτον
2428 953 2667 1022 ἀντεῖχε.
2701 955 3056 1025 Δακρυούσης
3090 956 3137 1009 δ’
3168 957 3405 1027 ἐκείνης,
3454 959 3635 1022 ἐξεῖπε
3666 960 3730 1012 τὸ

2152 1045 2283 1098 πᾶν.
2336 1045 2400 1097 Ἡ
2452 1045 2508 1098 δὲ
2556 1048 2672 1109 τοῖς
2711 1047 3016 1109 νεανίσκοις
3050 1048 3379 1118 ἀπήγγειλε.
3435 1052 3546 1103 Kal
3582 1052 3729 1106 κατὰ

2149 1137 2386 1211 έσδόμην
2407 1139 2619 1208 ἡμέραν
2653 1136 2805 1193 εἷπον
2838 1141 3037 1194 ἐκεῖνοι
3064 1140 3140 1212 τῷ
3172 1142 3414 1212 Σαμψών
3436 1160 3449 1174 ·
3492 1145 3555 1198 Τί
3577 1149 3727 1215 γλυ-

2150 1226 2404 1294 κύτερον
2444 1227 2688 1298 μέλιτος
2714 1268 2729 1289 .
2783 1228 2819 1296 ἢ
2875 1228 2934 1281 τί
2979 1229 3230 1297 λέοντος
3290 1231 3728 1300 ίσχυρότερονς

2162 1315 2420 1386 Ὠργίσθη
2475 1314 2566 1370 οὖν
2598 1318 2624 1369 6
2656 1319 2920 1387 Σαμψὼν,
2956 1319 3050 1372 καὶ
3104 1322 3217 1382 τοῖς
3259 1320 3359 1391 μὲν
3416 1324 3725 1387 νεανίσκοις

2148 1408 2350 1462 ἔδωκεν
2402 1408 2438 1464 ἃ
2472 1410 2762 1480 ὑπέτχετο,
2819 1412 2910 1465 τὸν
2954 1413 3010 1466 δὲ
3032 1414 3211 1484 γάμον
3262 1416 3557 1470 ἀπείπατο.
3609 1419 3725 1472 Καὶ

2147 1501 2349 1555 ἔδωκεν
2384 1503 2556 1575 ἑτέρῳ
2590 1505 2651 1557 τὸ
2690 1504 2915 1571 γύναιον
2958 1509 2984 1560 6
3011 1508 3217 1577 πατήρ.
3255 1509 3621 1579 Παροξυνθεὶς
3664 1512 3722 1564 δὲ

2144 1596 2172 1646 ό
2199 1593 2438 1663 Σαμψὼν
2488 1595 2579 1649 διὰ
2611 1595 2791 1662 τοῦτο,
2822 1596 2917 1651 καὶ
2945 1596 3229 1652 συλλαϐὼν
3278 1601 3602 1669 τριακοσίας
3629 1601 3726 1654 ἀλ-

2143 1685 2387 1749 ώπεκας,
2444 1685 2734 1755 λαμπάδας
2784 1688 3043 1758 ἡμμένας
3089 1693 3212 1753 ταῖς
3259 1691 3450 1758 οὐραῖς
3491 1693 3724 1745 ἐκείνων

2143 1777 2468 1848 προσέδησε,
2526 1777 2623 1832 καὶ
2671 1780 2791 1842 ταῖς
2839 1780 2948 1832 τῶν
3008 1781 3386 1835 Παλαιστινῶν
3435 1783 3725 1853 ἐπαφῆκεν

469 1861 665 1915 armati
691 1871 774 1916 ter
801 1862 970 1917 mille.
1004 1861 1269 1930 Sampson
1306 1863 1800 1923 descenditpultro
1842 1879 1902 1919 se
1940 1877 2042 1934 po-

2150 1868 2432 1940 ἀρούραις,
2473 1867 2667 1938 θέρους
2697 1870 3071 1940 ἐνισταμένου
3114 1872 3224 1924 Καὶ
3274 1871 3418 1925 οὕτω
3466 1872 3533 1926 τὰ
3560 1849 3725 1941 ’σηπιῶν

467 1953 755 2025 pularibus
783 1955 967 2019 otl‘crt,
999 1955 1093 2026 qui
1124 1970 1249 2010 eum
1280 1955 1592 2012 Palaestinis
1634 1957 1878 2012 vinctum
1923 1967 2038 2012 tra-

469 2049 626 2104 dunt.
656 2048 724 2103 At
754 2048 869 2115 ille,
899 2049 1149 2120 abruptis
1170 2048 1424 2115 vinculis,
1453 2059 1509 2105 et
1536 2049 1675 2106 asini
1701 2050 1919 2105 maxilla
1958 2060 2039 2105 te-

468 2159 618 2199 mere
653 2143 767 2199 illic
786 2144 1005 2216 jacente
1035 2154 1275 2213 arrepta,
1294 2145 1445 2199 mille
1469 2144 1807 2217 alienigenas
1836 2160 1899 2199 ea
1940 2159 2044 2215 pc-

470 2232 643 2305 rimit,
671 2238 915 2309 reliquos
948 2239 1120 2309 fugat.
1153 2239 1308 2294 Unde
1337 2238 1496 2294 locus
1536 2238 1627 2293 ille
1684 2239 1900 2295 Maxilla
1950 2239 2041 2294 di-

468 2333 635 2386 citur.
691 2331 828 2387 Cum
890 2343 1073 2387 autem
1105 2347 1215 2402 prae
1263 2331 1351 2386 siti
1379 2332 1641 2387 deﬁciens
1691 2333 1861 2386 Deum
1913 2346 2039 2388 cum

468 2423 684 2493 ploratu
713 2423 1110 2490 obtestaretur,
1140 2439 1279 2494 aqua
1312 2438 1342 2478 e
1372 2423 1567 2478 ﬁssura
1634 2432 1822 2487 terras,
1875 2437 2037 2493 quam

467 2518 710 2587 projecta
740 2517 957 2572 maxilla
990 2516 1221 2580 fecerat,
1260 2516 1531 2572 scaturiit.
1599 2516 1737 2572 Potu
1774 2515 2039 2582 refectus,

468 2608 666 2663 Gazam
698 2609 834 2673 adit,
862 2608 955 2663 ubi
977 2624 1103 2663 cum
1131 2608 1307 2664 Gazaai
1365 2610 1541 2680 portis
1590 2611 1794 2666 clausis
1846 2626 2041 2668 cavere

469 2701 693 2766 vellent,
735 2716 806 2757 nc
847 2701 1178 2766 elaberetur,
1234 2702 1327 2757 ille
1382 2703 1485 2757 sub
1534 2702 1771 2757 mediam
1817 2713 2037 2759 noctem

469 2794 666 2864 surgit.
699 2804 934 2864 portam,
972 2795 1158 2849 limina
1186 2805 1242 2851 et
1287 2804 1471 2865 postes
1535 2795 1590 2850 in
1635 2795 1885 2852 humeris
1947 2811 2044 2852 su-

469 2889 641 2953 blata,
665 2900 722 2943 et
749 2889 802 2944 in
829 2889 1032 2945 montis
1061 2888 1268 2959 perlata
1298 2889 1565 2944 verticem
1620 2888 1869 2959 deponit.
1911 2890 2041 2946 Post

470 2984 590 3038 haec
617 2982 883 3053 Sampson
912 2982 1256 3037 Palaestinam
1290 2982 1635 3038 metriculam
1668 2982 1902 3052 deperit.
1937 2997 2042 3036 no-

472 3074 622 3130 mine
650 3073 918 3129 Dalidam.
958 3072 1095 3129 Cum
1164 3088 1227 3129 ea
1282 3087 1539 3143 proceres
1606 3072 2041 3143 alienigenarum

471 3175 663 3238 agunt,
697 3167 865 3221 multa
894 3166 1145 3237 polliciti,
1183 3166 1229 3221 si
1263 3175 1537 3220 tantarum
1565 3165 1769 3220 virium
1813 3179 2038 3220 causam

469 3277 505 3316 c
538 3261 841 3331 Sampsone
871 3260 1145 3332 cognitam
1179 3259 1285 3315 sibi
1317 3260 1709 3315 renuntiasset.
1761 3258 1853 3313 llla
1896 3258 2041 3311 mul-

474 3354 707 3409 tifariam
745 3367 995 3424 aggressa
1030 3353 1231 3419 virum,
1294 3362 1354 3408 ut
1408 3352 1463 3407 id
1508 3351 1754 3414 eliceret,
1795 3367 1825 3405 a
1883 3350 2061 3406 Sam-‘

471 3462 645 3517 psone
677 3445 824 3501 aliud
850 3454 1014 3514 atque
1037 3442 1186 3498 aliud
1221 3442 1460 3509 dicente,
1489 3458 1612 3497 cum
1632 3442 1708 3496 rei
1740 3440 2042 3511 fericulum

472 3539 697 3603 faceret,
733 3536 997 3591 eluditur.
1025 3534 1132 3590 Sed
1165 3549 1290 3589 cum
1330 3534 1418 3588 illa
1446 3534 1698 3597 instaret,
1747 3544 2044 3601 oraretque

416 3630 423 3637 ’
471 3629 880 3696 vehementius,
929 3642 1199 3682 arcanum
1259 3625 1481 3680 tandem
1547 3625 1778 3695 prodit:
1830 3623 1909 3679 Se"
1947 3622 2042 3678 Dei

469 3724 626 3794 jussu
660 3736 871 3777 comam
902 3720 1076 3782 alere.
1113 3720 1207 3789 qui
1246 3717 1601 3773 interdixerlt
1627 3732 1695 3773 ne
1720 3732 1840 3772 eam
1865 3715 2041 3782 radat,

474 3814 530 3867 in
558 3827 735 3883 eaque
767 3811 1070 3882 repositum
1102 3825 1221 3868 esse
1253 3809 1423 3864 robur
1449 3823 1633 3864 suum.
1670 3808 1865 3862 Mulier
1915 3806 2044 3862 dor-

472 3903 669 3959 mieuti
696 3917 907 3957 comam
951 3901 1113 3962 radit,
1174 3900 1503 3956 imbecillem
1552 3900 1805 3955 hostibus
1854 3897 2043 3964 tradit,

473 3997 551 4052 illi
575 3996 765 4052 oculos
789 3995 840 4051 ei
870 3994 1158 4051 eﬂ‘odiunt.
1203 3995 1278 4048 lta
1320 3995 1411 4049 ille
1449 3994 1602 4065 prius
1650 3991 2043 4057 formidabilis,

472 4089 721 4144 ludibrio
764 4088 1021 4144 habetur.
1070 4086 1362 4157 Progressu
1423 4087 1687 4157 temporis
1747 4101 1903 4141 coma
1955 4085 2045 4140 illa

473 4181 804 4246 renascitur,
832 4181 1093 4250 viresque
1130 4179 1385 4234 redeunt.
1444 4178 1582 4234 Cum
1629 4186 1811 4233 autem
1872 4176 2046 4231 Palae-

475 4272 605 4327 stini
672 4281 949 4342 putarent,
1004 4287 1309 4340 eorumque
1350 4285 1608 4340 proceres
1652 4277 1711 4323 et
1764 4268 2046 4338 magnates

475 4366 905 4420 convivaremur
936 4365 992 4419 in
1015 4364 1178 4419 domo
1211 4379 1333 4434 qua!
1375 4364 1650 4419 columnis
1686 4363 2043 4430 fulciebatur,

475 4458 637 4511 etiam
678 4456 995 4526 Sampsona
1029 4470 1203 4526 puero
1232 4454 1299 4509 ad
1341 4454 1680 4509 illudcndum
1721 4454 2040 4511 adducitur.

476 4549 557 4604 Ad
585 4549 733 4604 illam
763 4550 987 4604 domum
1016 4549 1310 4604 multitudo
1340 4549 1582 4602 virorum
1636 4558 1693 4603 et
1748 4549 2043 4604 mulierum

474 4643 695 4697 circiter
721 4642 887 4696 trium
926 4642 1159 4696 millium
1192 4642 1439 4707 conﬂuit,
1487 4653 1547 4696 ut
1603 4642 1842 4698 ludibria
1888 4643 2043 4699 Sam—

473 4734 662 4804 psonis
694 4742 925 4805 spectet.
958 4733 1063 4801 Qui
1106 4747 1231 4788 cum
1296 4732 1543 4788 dicteriis
1597 4735 1968 4793 incesseretur
1989 4746 2045 4795 et

475 4829 647 4898 alapis
674 4828 998 4892 éaaderetur,
1020 4841 1251 4897 puerum
1277 4826 1470 4880 ducem
1519 4827 1674 4898 jubet
1729 4841 1789 4882 se
1836 4827 1904 4882 ad
1949 4842 2047 4882 co-

474 4921 694 4975 lumnas
718 4921 1011 4985 adducere,
1035 4927 1092 4972 ut
1116 4919 1371 4990 defessus,
1402 4920 1599 4988 inquit,
1621 4920 1725 4990 55
1743 4922 1815 4975 eis
1844 4921 2049 4975 innitar

475 5023 523 5067 ct
553 5015 834 5084 quiescam.
866 5013 1007 5067 Tum
1029 5011 1247 5066 duabus
1280 5011 1553 5067 columnis
1594 5013 1894 5076 convulsis,
1916 5013 2050 5068 aedi-

479 5105 663 5159 licium
691 5105 911 5175 dejecit,
935 5106 1095 5174 cujus
1132 5104 1291 5158 ruina
1317 5113 1372 5157 ct
1408 5104 1524 5174 ipse
1558 5113 1613 5159 et
1639 5120 1833 5160 omnes
1850 5106 1943 5174 qui
1987 5105 2043 5159 in

477 5212 544 5250 co
575 5206 753 5262 erant,
785 5204 915 5251 sunt
939 5197 1207 5265 oppressi.
1240 5196 1308 5249 Et
1335 5197 1482 5251 lmuc
1519 5198 1726 5251 exitum
1797 5197 1888 5251 ille
1947 5197 2045 5251 ba-

477 5290 619 5351 buit,
653 5304 777 5343 cum
814 5288 1113 5343 Israelitico
1147 5289 1348 5358 populo
1376 5304 1474 5359 per
1505 5304 1678 5342 annos
1724 5289 1915 5361 viginti
1955 5291 2047 5362 jus

478 5380 730 5435 dixisset.

2151 1959 2461 2012 κατέκαυσε
2491 1957 2641 2028 λήῖα,
2692 1958 2788 2011 καὶ
2823 1959 2921 2020 τάς
2951 1958 3255 2028 ἀμπέλους.
3300 1962 3653 2017 Παλαιστινοὶ
3680 1965 3727 2017 δ’

2149 2053 2270 2105 ἀντὶ
2298 2051 2503 2105 τούτων
2532 2052 2633 2123 τὴν
2657 2051 2960 2122 γενομένην
2984 2052 3151 2106 αὑτοῦ
3181 2057 3441 2120 γυναῖκα,
3475 2057 3567 2109 καὶ
3598 2060 3726 2121 τοὺς

2149 2144 2285 2215 αὐτῇ
2307 2144 2683 2214 προσήκοντας
2709 2144 3021 2213 ἐνέπρησαν
3057 2144 3152 2196 καὶ
3177 2146 3547 2200 κατέκαυσαν.
3575 2147 3727 2217 Σαμ-

2148 2237 2265 2309 ψὼν
2301 2238 2360 2293 δὲ
2390 2237 2621 2300 πολλοὺς
2646 2235 2974 2300 ἀποκτείνας
3024 2234 3137 2288 τῶν
3165 2236 3501 2305 ἀλλοφύλων,
3536 2238 3595 2292 ἐν
3629 2240 3726 2293 πέ-

2148 2350 2255 2404 τρᾳ
2281 2330 2555 2395 ἐκάθισεν,
2585 2329 2635 2382 ol
2673 2329 2729 2382 δὲ
2765 2327 2909 2382 κατὰ
2937 2329 3047 2383 τῶν
3080 2328 3432 2399 Ἰσραηλιτῶν
3466 2330 3726 2402 ἐξεστρά-

2148 2444 2375 2488 τευσαν,
2405 2423 2680 2491 λέγοντεςο
2713 2421 2775 2474 Ei
2831 2419 3089 2491 βούλεσθε
3111 2420 3343 2473 ἀναίτιοι
3393 2417 3555 2485 εἶναι,
3608 2422 3726 2474 δότε

2149 2521 2285 2591 ἡμῖν
2309 2518 2401 2571 τὸν
2427 2514 2669 2587 Σαμψὼν
2728 2514 3059 2584 ὑποχείριον.
3097 2512 3207 2567 Kal
3240 2513 3479 2584 ἀπῆλθον
3504 2513 3600 2566 ἐπὶ
3629 2515 3727 2584 τὴν

2149 2614 2360 2683 πέτραν
2387 2610 2605 2663 ὁπλῖται
2664 2606 2980 2677 τρισχίλιοι.
3043 2604 3305 2669 Καταϐᾶς
3353 2606 3409 2659 δὲ
3458 2604 3723 2676 Σαμψὼν,

2149 2701 2291 2756 ἑκὼν
2315 2703 2432 2764 τοῖς
2455 2698 2715 2769 φυλέταις
2743 2698 3061 2768 παρέδωκεν
3093 2697 3307 2752 ἑαυτόν.
3339 2699 3605 2752 Κάκεῖνοι
3637 2697 3726 2752 δε-

2149 2794 2373 2863 δεμένον
2416 2792 2726 2862 παρέδοσαν
2757 2793 2873 2854 τοῖς
2918 2790 3322 2853 Παλαιστινοῖς.
3372 2790 3429 2844 ’0
3472 2791 3529 2843 δὲ
3569 2791 3725 2862 διαρο

2152 2885 2323 2958 ῥήξας
2359 2884 2428 2937 τά
2457 2884 2654 2950 δεσμὰ,
2685 2883 2780 2936 καὶ
2811 2881 2936 2936 ὄνου
2973 2884 3199 2950 σιαγόνα
3228 2884 3346 2935 ἐκεῖ
3373 2899 3476 2935 που
3532 2883 3727 2953 spem.

2154 2979 2323 3051 μένην
2371 2976 2647 3050 ἀρπάσας,
2675 2975 2882 3045 χιλίους
2912 2976 3022 3028 τῶν
3053 2974 3371 3043 ἀλλοφύλων
3402 2976 3731 3031 ἀπέκτεινεν

2151 3074 2209 3126 ὲν
2231 3071 2389 3141 αὐτῇ,
2418 3068 2558 3132 Τοὺς
2587 3068 2644 3121 δὲ
2685 3068 2879 3132 ἄλλους
2931 3069 3220 3140 ἐτρέψατο,
3251 3068 3376 3122 ὅθεν
3409 3069 3626 3138 Σιαγὼν
3668 3068 3727 3134 ἐξ

2151 3165 2362 3217 ἐκείνου
2393 3162 2419 3214 6
2451 3162 2615 3224 τόπος
2643 3161 2870 3231 ἐκλήθη.
2903 3158 3036 3213 Εἶτα
3067 3161 3320 3231 ὲδίψησεν
3352 3160 3428 3225 ὡς
3448 3162 3726 3215 ἐκλείπειν

2106 3270 2111 3275 ‘
2148 3257 2256 3312 ἀπὸ
2289 3256 2389 3327 τῆς
2413 3256 2595 3326 δίψης,
2628 3255 2725 3307 καὶ
2774 3253 3007 3307 ἔκλαυσε
3043 3254 3295 3324 δεόμενος
3324 3255 3419 3308 τοῦ
3470 3255 3632 3309 Θεοῦ.
3669 3255 3725 3309 ’0

2146 3350 2203 3405 δὲ
2236 3349 2370 3412 Θεὸς
2408 3348 2591 3418 πηγὴν
2627 3347 2821 3409 ὕδατος
2846 3347 3046 3417 ἀνῆκεν
3080 3348 3188 3401 ἀπὸ
3220 3348 3312 3401 τοῦ
3360 3351 3668 3419 ρήγματος,
3698 3349 3727 3403 ὃ

2145 3441 2246 3510 τὴν
2274 3441 2499 3509 σιαγόνα
2553 3440 2714 3511 ῥίψας
2748 3440 2889 3494 κατά
2918 3441 3020 3510 γῆς
3051 3441 3354 3512 πεποίηκεν
3402 3443 3432 3494 6
3463 3442 3724 3512 Σαμψὼν,

2146 3533 2242 3586 καὶ
2271 3532 2513 3603 ἀπῆλθεν
2537 3533 2618 3595 είς
2641 3531 2842 3595 Γάζαν.
2870 3532 3235 3603 Ἐνήδρευσαν
3259 3532 3316 3586 δὲ
3345 3534 3510 3588 αὐτὸν
3546 3536 3599 3587 οἱ
3628 3535 3726 3588 Γα-

2147 3625 2323 3691 Calor
2383 3628 2478 3681 καὶ
2535 3626 2621 3679 ἵνα
2657 3626 2731 3696 μὴ
2767 3625 2906 3697 λάθῃ
2936 3625 3137 3688 αὐτοὺς
3182 3623 3373 3690 ἐξιὼν,
3421 3627 3522 3690 τας
3552 3626 3726 3690 πύλας

2145 3721 2248 3790 τῆς
2286 3718 2495 3782 πόλεως
2543 3718 2818 3772 ἔκλεισαν.
2887 3719 2947 3771 '0
2997 3718 3054 3772 δὲ
3105 3718 3234 3789 περὶ
3291 3719 3466 3790 μέσας
3516 3723 3723 3784 νύκτας

2146 3810 2405 3873 ἀναστὰς,
2436 3810 2533 3873 τάς
2559 3826 2617 3862 τε
2652 3809 2827 3872 πύλας
2861 3809 2955 3863 καὶ
2984 3809 3083 3872 τὰς
3115 3810 3277 3879 φλιάς
3300 3811 3481 3864 αὐτῶν
3507 3813 3605 3864 καὶ
3632 3812 3728 3874 τὰς

2149 3899 2504 3973 παραστάδας
2535 3901 2982 3970 ἑπωμισάμενος,
3023 3902 3103 3964 είς
3132 3900 3234 3972 τὴν
3265 3900 3358 3953 τοῦ
3395 3900 3558 3970 ὅρους
3597 3903 3725 3970 ἀνήο

2147 4008 2312 4059 νεγκε
2369 3990 2633 4061 κορυφὴν,
2696 3993 2923 4044 κακετσε
2990 3991 3278 4046 κατέθετο.
3338 3993 3631 4061 Ἐρασθεῖς
3684 3991 3728 4045 δ’

2148 4082 2369 4153 ἑταίρας
2416 4083 2803 4151 Παλαιστινῆς,
2847 4084 3078 4148 Δαλιδᾶς
3137 4085 3509 4159 καλουμένης,
3562 4085 3733 4160 τήν

2150 4174 2311 4245 αὐτῇ.
2345 4172 2456 4227 Kal
2497 4176 2544 4227 οἱ
2581 4174 2914 4244 προύχοντες
2939 4176 3051 4228 τῶν
3081 4176 3423 4248 ἀλλοφύλων,
3460 4181 3637 4236 πολλὰ
3665 4185 3729 4252 τῇ

2150 4271 2369 4337 γυναικὶ
2413 4268 2832 4339 ἐπηγγείλαντο,
2860 4270 3112 4345 ,είλᾶϊῐῃ
3158 4276 3308 4344 παρὰ
3346 4275 3438 4329 τοῦ
3470 4275 3730 4346 ’Σαμψὼν

2147 4364 2199 4417 τί
2229 4363 2291 4417 τὸ
2319 4364 2497 4418 αἴτιον
2520 4365 2669 4435 αὐτῷ
2696 4365 2796 4428 τῆς
2825 4366 3131 4435 δυνάμεως,
3166 4370 3260 4422 καὶ
3290 4369 3605 4440 ἀπαγγείλῃ
3637 4369 3730 4423 αὑ·

2147 4458 2285 4520 τοῖς.
2327 4457 2391 4511 Ἦ
2439 4458 2496 4510 δὲ
2530 4457 2793 4521 ποικίλως
2856 4460 3047 4531 μετῄει
3087 4461 3180 4514 τὸν
3231 4460 3436 4532 ἄνδρα,
3492 4459 3728 4532 ζητοῦσα

2148 4548 2372 4616 γνῶναι,
2401 4550 2524 4603 ὅθεν
2554 4551 2705 4618 αὐτῷ
2733 4552 2765 4621 ἡ
2796 4551 3037 4620 τοσαύτη
3075 4552 3248 4621 ίσχύς.
3286 4553 3526 4616 Ἐκεῖνος
3548 4554 3607 4608 δὲ
3634 4554 3726 4608 ἀλ-

2150 4640 2269 4694 λοτε
2296 4642 2463 4705 ἄλλας
2518 4643 2890 4713 πλαττόμενος
2941 4646 3121 4706 αἰτίας
3171 4648 3236 4716 τῇ
3293 4649 3511 4712 γυναικὶ
3552 4648 3725 4714 ἔλεγε.

2153 4737 2266 4791 Kal
2297 4739 2328 4806 ὴ
2365 4737 2500 4807 γυνὴ
2527 4738 2843 4809 πειρωμένη
2881 4738 2990 4791 τῶν
3017 4738 3213 4807 λόγων,
3256 4727 3499 4804 ἁπάντας
3531 4742 3729 4805 αὐτοὺς

2155 4828 2432 4900 εὕρισκεν.
2500 4830 2865 4901 Ἐγκειμένης
2925 4830 2982 4883 δὲ
3038 4832 3134 4885 καὶ
3166 4832 3431 4903 δεομένης
3470 4833 3724 4902 θερμότεο

2159 4938 2271 4989 ρον,
2300 4922 2360 4973 τὸ
2388 4920 2618 4990 κρύφιον
2664 4923 2801 4992 αὐτῇ
2833 4922 3144 4991 ἀνεκάλυψε
3164 4938 3177 4953 ο
3219 4927 3342 4977 κατ’
3373 4925 3600 4994 ἐντολὴν
3646 4927 3725 4977 εί-

2157 5012 2275 5067 πὼν
2302 5012 2398 5067 τοῦ
2433 5013 2568 5066 Θεοῦ
2595 5013 2694 5086 τὴν
2722 5014 2902 5084 κόμην
2953 5015 3198 5085 τρέφειν,
3231 5016 3615 5085 ἐντειλαμένου
3651 5015 3724 5085 μὴ

2156 5106 2366 5175 κείρειν
2406 5107 2576 5176 αὑτήν
2602 5123 2615 5137 ’
2649 5108 2742 5159 καὶ
2791 5108 2849 5158 ὲν
2895 5107 3069 5177 ταύτῃ
3112 5107 3383 5177 προσῆναι
3429 5108 3578 5177 αὐτῷ
3628 5106 3723 5176 τὴν

2162 5197 2334 5268 ίσχύν.
2365 5200 2553 5270 Κείρει
2576 5198 2672 5269 τὴν
2701 5200 2878 5269 κόμην
2909 5198 3262 5268 κοιμωμένου
3297 5197 3464 5252 αὐτοῦ
3491 5201 3525 5268 ἡ
3568 5201 3722 5267 γυνὴ,

2161 5293 2255 5346 καὶ
2287 5292 2620 5363 παραδίδωσι
2651 5296 2766 5356 τοῖς
2801 5292 3066 5354 ἐναντίοις
3114 5291 3279 5344 αὑτὸν
3324 5292 3545 5361 ἀσθενῆ.
3599 5292 3721 5343 Ἐκ·

2162 5384 2452 5435 κόπτουσιν
2477 5383 2671 5434 ἐκεῖνοι
2696 5381 2766 5435 τὰ
2799 5381 3028 5452 ὖμματα
3058 5381 3155 5435 τοῦ
3179 5382 3397 5451 ἀνδρὸς,
3424 5384 3520 5435 καὶ
3550 5384 3578 5435 ὁ
3600 5381 3723 5451 πρὶν

480 5470 731 5540 ῳοῦερδς,
759 5472 837 5532 είς
865 5473 1115 5536 παίγνιον
1158 5470 1396 5539 κατέστη
1437 5471 1654 5533 αὐτοῖς’
1687 5473 1980 5541 Προϊόντος
2008 5471 2063 5525 δὲ
2090 5472 2185 5526 τοῦ
2209 5472 2424 5543 καιροῦ,
2448 5470 2645 5541 ηὔξετο
2701 5472 2855 5535 αὖθις
2882 5474 2915 5543 ἡ
2949 5472 3092 5543 κόμη
3140 5471 3312 5541 αὐτῷ,
3349 5476 3444 5527 καὶ⁹
3509 5474 3543 5543 ἡ
3580 5473 3722 5543 ἰσχὺς

478 5570 840 5636 ἐπανήρχετο.
876 5565 1049 5616 ῐιότου
1089 5564 1144 5616 δὲ
1176 5568 1285 5628 τοῖς
1338 5567 1716 5627 Παλαιστινοῖς
1749 5566 1925 5631 ὄντος,
1956 5567 2052 5621 καὶ
2091 5567 2200 5621 τῶν
2259 5567 2535 5638 ἀρχόντων
2567 5566 2661 5620 καὶ
2731 5566 3073 5638 μεγιστάνων
3100 5567 3487 5639 εὐωχουμένων
3509 5565 3643 5635 ὁμοῦ
3669 5567 3722 5617 ὲν

478 5663 613 5733 οἴκῳ
652 5662 828 5716 κίοσιν
849 5663 1179 5733 ἀνεχομένῳ,
1213 5662 1350 5733 ἢχθη
1386 5664 1479 5716 καὶ
1504 5665 1530 5715 6
1554 5661 1794 5733 Σαμιιὺν
1846 5664 2306 5734 παιχθησόμενος,
2367 5664 2462 5716 καὶ
2525 5663 2812 5734 παιδάριον
2850 5661 3208 5735 ἐχειραγώγει
3272 5662 3455 5717 αὐτόν.
3478 5652 3719 5730 Συνήχθη

478 5756 534 5808 δὲ
560 5756 709 5827 παρὰ
742 5755 833 5809 τὸν
862 5752 1009 5809 οἷκον
1039 5757 1241 5824 πλῆθος
1281 5758 1490 5825 ἀνδρῶν
1538 5775 1593 5812 τε
1627 5761 1721 5813 καὶ
1766 5760 2044 5828 γυναικῶν
2081 5758 2212 5810 ὡσεὶ
2237 5759 2571 5829 τρισχιλίων,
2601 5758 2667 5810 ἶν’
2693 5758 2868 5830 ὁρῷεν
2926 5758 3016 5811 τὸν
3055 5756 3295 5827 Σαμψὼν
3360 5754 3718 5827 παροινούμε·

481 5870 587 5909 νον.
639 5854 696 5906 '0
726 5854 781 5906 δὲ
810 5853 1135 5919 παιζόμενός
1161 5872 1215 5908 τε
1262 5856 1351 5909 καὶ
1380 5854 1764 5923 ὁαπιζόμενος,
1798 5857 1945 5923 λέγει
1973 5857 2047 5911 τῶ
2088 5855 2514 5926 χειραγωγοῦντι
2550 5856 2740 5910 αὗτύεν
2809 5854 3087 5923 ’Λπλγαγέ
3147 5873 3209 5923 με
3266 5854 3408 5924 παρὰ
3451 5854 3575 5915 τοὺς
3618 5847 3714 5900 vtio-
