  <div class='ocr_page' id='page_1' title='image "/cluster/home/n/w/nwhite01/storage/ocr_20150623/134/hvd.32044019208289/068.png"; bbox 0 0 3984 6570; ppageno 0'>
   <div class='ocr_carea' id='block_1_1' title="bbox 204 363 319 444">
    <p class='ocr_par' dir='ltr' id='par_1_1' title="bbox 204 363 319 444">
     <span class='ocr_line' id='line_1_1' title="bbox 204 363 319 444; baseline -0.026 1"><span class='ocrx_word' id='word_1_1' title='bbox 204 363 319 444; x_wconf 78' lang='grc' dir='ltr'><strong>ἰει</strong></span> 
     </span>
    </p>
   </div>
   <div class='ocr_carea' id='block_1_2' title="bbox 1506 376 2193 444">
    <p class='ocr_par' dir='ltr' id='par_1_2' title="bbox 1506 376 2193 444">
     <span class='ocr_line' id='line_1_2' title="bbox 1506 376 2193 444; baseline 0.013 -9"><span class='ocrx_word' id='word_1_2' title='bbox 1506 376 1912 438; x_wconf 81' lang='lat' dir='ltr'><strong>ANNALIUM</strong></span> <span class='ocrx_word' id='word_1_3' title='bbox 1952 380 2096 440; x_wconf 86' lang='lat' dir='ltr'><strong>LIB.</strong></span> <span class='ocrx_word' id='word_1_4' title='bbox 2146 382 2193 444; x_wconf 90' lang='grc'><strong>1.</strong></span> 
     </span>
    </p>
   </div>
   <div class='ocr_carea' id='block_1_3' title="bbox 3375 382 3481 447">
    <p class='ocr_par' dir='ltr' id='par_1_3' title="bbox 3375 382 3481 447">
     <span class='ocr_line' id='line_1_3' title="bbox 3375 382 3481 447; baseline 0.009 -2"><span class='ocrx_word' id='word_1_5' title='bbox 3375 382 3481 447; x_wconf 66' lang='grc' dir='ltr'><strong>Ῑὲἳ</strong></span> 
     </span>
    </p>
   </div>
   <div class='ocr_carea' id='block_1_4' title="bbox 234 486 3476 561">
    <p class='ocr_par' dir='ltr' id='par_1_4' title="bbox 234 486 3476 561">
     <span class='ocr_line' id='line_1_4' title="bbox 234 486 3476 561; baseline 0.002 -20"><span class='ocrx_word' id='word_1_6' title='bbox 234 490 417 555; x_wconf 71' lang='grc' dir='ltr'>νες,ὠς</span> <span class='ocrx_word' id='word_1_7' title='bbox 438 487 518 542; x_wconf 78' lang='grc' dir='ltr'>ἂν</span> <span class='ocrx_word' id='word_1_8' title='bbox 540 487 752 555; x_wconf 81' lang='grc' dir='ltr'>αὐτοῖς</span> <span class='ocrx_word' id='word_1_9' title='bbox 773 486 1202 556; x_wconf 76' lang='grc' dir='ltr'>ἐπιστηριχθῶ,</span> <span class='ocrx_word' id='word_1_10' title='bbox 1229 486 1513 557; x_wconf 75' lang='grc' dir='ltr'><strong>δεόμενος</strong></span> <span class='ocrx_word' id='word_1_11' title='bbox 1534 488 2023 545; x_wconf 82' lang='grc' dir='ltr'>ἀναπαύσασθαι.</span> <span class='ocrx_word' id='word_1_12' title='bbox 2094 490 2441 561; x_wconf 79' lang='grc' dir='ltr'>Δραξάμενος</span> <span class='ocrx_word' id='word_1_13' title='bbox 2467 490 2524 545; x_wconf 79' lang='grc' dir='ltr'><strong>δὲ</strong></span> <span class='ocrx_word' id='word_1_14' title='bbox 2570 490 2682 549; x_wconf 84' lang='grc' dir='ltr'><strong>τῶν</strong></span> <span class='ocrx_word' id='word_1_15' title='bbox 2733 492 2828 548; x_wconf 84' lang='grc' dir='ltr'>δύο</span> <span class='ocrx_word' id='word_1_16' title='bbox 2882 490 3077 547; x_wconf 81' lang='grc' dir='ltr'>κιόνων</span> <span class='ocrx_word' id='word_1_17' title='bbox 3138 494 3476 551; x_wconf 80' lang='grc' dir='ltr'>ἐπικατέσει-</span> 
     </span>
    </p>
   </div>
   <div class='ocr_carea' id='block_1_5' title="bbox 237 579 3475 664">
    <p class='ocr_par' dir='ltr' id='par_1_5' title="bbox 237 579 3475 664">
     <span class='ocr_line' id='line_1_5' title="bbox 237 579 3475 664; baseline 0.003 -28"><span class='ocrx_word' id='word_1_18' title='bbox 237 601 314 637; x_wconf 75' lang='grc' dir='ltr'><strong>σεν</strong></span> <span class='ocrx_word' id='word_1_19' title='bbox 335 584 504 655; x_wconf 79' lang='grc' dir='ltr'>ἑαυτῷ</span> <span class='ocrx_word' id='word_1_20' title='bbox 529 586 626 637; x_wconf 79' lang='grc' dir='ltr'>τὸν</span> <span class='ocrx_word' id='word_1_21' title='bbox 664 579 836 650; x_wconf 80' lang='grc' dir='ltr'>οἷκον,</span> <span class='ocrx_word' id='word_1_22' title='bbox 868 585 964 637; x_wconf 74' lang='grc' dir='ltr'>καὶ</span> <span class='ocrx_word' id='word_1_23' title='bbox 992 583 1158 646; x_wconf 78' lang='grc' dir='ltr'>αὐτός</span> <span class='ocrx_word' id='word_1_24' title='bbox 1186 601 1244 636; x_wconf 85' lang='grc' dir='ltr'><strong>τε</strong></span> <span class='ocrx_word' id='word_1_25' title='bbox 1275 583 1370 637; x_wconf 77' lang='grc' dir='ltr'><strong>καὶ</strong></span> <span class='ocrx_word' id='word_1_26' title='bbox 1396 585 1446 638; x_wconf 81' lang='grc' dir='ltr'>οἱ</span> <span class='ocrx_word' id='word_1_27' title='bbox 1476 586 1535 637; x_wconf 79' lang='grc' dir='ltr'>ἐν</span> <span class='ocrx_word' id='word_1_28' title='bbox 1558 583 1636 655; x_wconf 82' lang='grc' dir='ltr'>τῷ</span> <span class='ocrx_word' id='word_1_29' title='bbox 1655 584 1791 655; x_wconf 68' lang='grc' dir='ltr'>οἴκῳ</span> <span class='ocrx_word' id='word_1_30' title='bbox 1830 585 2032 650; x_wconf 85' lang='grc' dir='ltr'>πάντες</span> <span class='ocrx_word' id='word_1_31' title='bbox 2104 590 2405 646; x_wconf 84' lang='grc' dir='ltr'>ἀπώλοντο.</span> <span class='ocrx_word' id='word_1_32' title='bbox 2471 591 2584 645; x_wconf 75' lang='grc' dir='ltr'><strong>Καὶ</strong></span> <span class='ocrx_word' id='word_1_33' title='bbox 2613 591 2673 646; x_wconf 77' lang='grc' dir='ltr'>τὸ</span> <span class='ocrx_word' id='word_1_34' title='bbox 2712 593 2814 662; x_wconf 82' lang='grc' dir='ltr'><strong>μὲν</strong></span> <span class='ocrx_word' id='word_1_35' title='bbox 2847 595 3087 649; x_wconf 75' lang='grc' dir='ltr'>τοιοῦτον</span> <span class='ocrx_word' id='word_1_36' title='bbox 3122 595 3356 664; x_wconf 79' lang='grc' dir='ltr'>ἐγένετο,</span> <span class='ocrx_word' id='word_1_37' title='bbox 3384 593 3475 646; x_wconf 72' lang='grc' dir='ltr'>ἐπὶ</span> 
     </span>
    </p>
   </div>
   <div class='ocr_carea' id='block_1_6' title="bbox 237 679 1578 752">
    <p class='ocr_par' dir='ltr' id='par_1_6' title="bbox 237 679 1578 752">
     <span class='ocr_line' id='line_1_6' title="bbox 237 679 1578 752; baseline -0.001 -15"><span class='ocrx_word' id='word_1_38' title='bbox 237 685 314 750; x_wconf 77' lang='grc' dir='ltr'><strong>ἔτη</strong></span> <span class='ocrx_word' id='word_1_39' title='bbox 343 683 511 735; x_wconf 67' lang='grc' dir='ltr'>εἴκοσι</span> <span class='ocrx_word' id='word_1_40' title='bbox 558 681 814 752; x_wconf 77' lang='grc' dir='ltr'><strong>κρίναντι</strong></span> <span class='ocrx_word' id='word_1_41' title='bbox 844 681 938 735; x_wconf 80' lang='grc' dir='ltr'>τὸν</span> <span class='ocrx_word' id='word_1_42' title='bbox 971 682 1083 736; x_wconf 83' lang='grc' dir='ltr'><strong>τῶν</strong></span> <span class='ocrx_word' id='word_1_43' title='bbox 1125 679 1394 751; x_wconf 76' lang='grc' dir='ltr'>Ἐϐραίων</span> <span class='ocrx_word' id='word_1_44' title='bbox 1428 681 1578 735; x_wconf 76' lang='grc' dir='ltr'>λαόν.</span> 
     </span>
    </p>
   </div>
   <div class='ocr_carea' id='block_1_7' title="bbox 294 772 1808 850">
    <p class='ocr_par' dir='ltr' id='par_1_7' title="bbox 294 772 1793 850">
     <span class='ocr_line' id='line_1_7' title="bbox 294 772 1793 850; baseline -0.003 -19"><span class='ocrx_word' id='word_1_45' title='bbox 294 779 411 832; x_wconf 71' lang='grc' dir='ltr'><strong>κεν.</strong></span> <span class='ocrx_word' id='word_1_46' title='bbox 436 778 639 830; x_wconf 74' lang='grc' dir='ltr'><strong>Οὐκέτι</strong></span> <span class='ocrx_word' id='word_1_47' title='bbox 684 778 739 830; x_wconf 84' lang='grc' dir='ltr'><strong>δὲ</strong></span> <span class='ocrx_word' id='word_1_48' title='bbox 782 777 985 849; x_wconf 81' lang='grc' dir='ltr'>Κριταὶ</span> <span class='ocrx_word' id='word_1_49' title='bbox 1018 772 1153 846; x_wconf 81' lang='grc' dir='ltr'>ἦγον</span> <span class='ocrx_word' id='word_1_50' title='bbox 1181 778 1273 832; x_wconf 79' lang='grc' dir='ltr'>τὸν</span> <span class='ocrx_word' id='word_1_51' title='bbox 1323 777 1567 850; x_wconf 79' lang='grc' dir='ltr'>Ἰσραὴλ,</span> <span class='ocrx_word' id='word_1_52' title='bbox 1601 776 1716 831; x_wconf 79' lang='grc' dir='ltr'>ἀλλ’</span> <span class='ocrx_word' id='word_1_53' title='bbox 1765 775 1793 827; x_wconf 86' lang='grc' dir='ltr'><strong>ὁ</strong></span> 
     </span>
    </p>
   </div>
   <div class='ocr_carea' id='block_1_8' title="bbox 1911 772 3478 850">
    <p class='ocr_par' dir='ltr' id='par_1_8' title="bbox 1967 775 3478 850">
     <span class='ocr_line' id='line_1_8' title="bbox 1967 775 3478 850; baseline 0.001 -20"><span class='ocrx_word' id='word_1_54' title='bbox 1967 775 2132 833; x_wconf 82' lang='lat' dir='ltr'><strong>XXV.</strong></span> <span class='ocrx_word' id='word_1_55' title='bbox 2168 778 2295 834; x_wconf 89' lang='lat' dir='ltr'><strong>Post</strong></span> <span class='ocrx_word' id='word_1_56' title='bbox 2322 779 2680 850; x_wconf 84' lang='lat' dir='ltr'><strong>Sampsonem</strong></span> <span class='ocrx_word' id='word_1_57' title='bbox 2712 795 2823 835; x_wconf 89' lang='lat' dir='ltr'><strong>non</strong></span> <span class='ocrx_word' id='word_1_58' title='bbox 2860 779 3098 850; x_wconf 89' lang='lat' dir='ltr'><strong>amplius</strong></span> <span class='ocrx_word' id='word_1_59' title='bbox 3114 778 3339 834; x_wconf 85' lang='lat' dir='ltr'><strong>Judiccs</strong></span> <span class='ocrx_word' id='word_1_60' title='bbox 3381 793 3478 847; x_wconf 91' lang='lat' dir='ltr'><strong>po-</strong></span> 
     </span>
    </p>
   </div>
   <div class='ocr_carea' id='block_1_9' title="bbox 233 862 1795 945">
    <p class='ocr_par' dir='ltr' id='par_1_9' title="bbox 233 862 1795 945">
     <span class='ocr_line' id='line_1_9' title="bbox 233 862 1795 945; baseline -0.004 -16"><span class='ocrx_word' id='word_1_61' title='bbox 233 872 497 945; x_wconf 80' lang='grc' dir='ltr'>ἀρχιερεὺς</span> <span class='ocrx_word' id='word_1_62' title='bbox 541 871 695 924; x_wconf 78' lang='grc' dir='ltr'>Ἠλεὶ</span> <span class='ocrx_word' id='word_1_63' title='bbox 728 872 968 942; x_wconf 82' lang='grc' dir='ltr'><strong>προέστη</strong></span> <span class='ocrx_word' id='word_1_64' title='bbox 1014 873 1219 939; x_wconf 81' lang='grc' dir='ltr'>αὐτῶν,</span> <span class='ocrx_word' id='word_1_65' title='bbox 1261 873 1351 941; x_wconf 74' lang='grc' dir='ltr'><strong>ἐφ’</strong></span> <span class='ocrx_word' id='word_1_66' title='bbox 1396 862 1458 925; x_wconf 72' lang='grc' dir='ltr'><strong>οὗ</strong></span> <span class='ocrx_word' id='word_1_67' title='bbox 1495 868 1653 941; x_wconf 75' lang='grc' dir='ltr'>λιμὸς</span> <span class='ocrx_word' id='word_1_68' title='bbox 1702 869 1795 938; x_wconf 83' lang='grc' dir='ltr'><strong>γέ-</strong></span> 
     </span>
    </p>
   </div>
   <div class='ocr_carea' id='block_1_10' title="bbox 233 963 1795 1035">
    <p class='ocr_par' dir='ltr' id='par_1_10' title="bbox 233 963 1795 1035">
     <span class='ocr_line' id='line_1_10' title="bbox 233 963 1795 1035; baseline -0.003 -16"><span class='ocrx_word' id='word_1_69' title='bbox 233 984 356 1034; x_wconf 84' lang='grc' dir='ltr'>γονε.</span> <span class='ocrx_word' id='word_1_70' title='bbox 384 963 490 1021; x_wconf 78' lang='grc' dir='ltr'>Καί</span> <span class='ocrx_word' id='word_1_71' title='bbox 516 981 603 1024; x_wconf 78' lang='grc' dir='ltr'><strong>τις</strong></span> <span class='ocrx_word' id='word_1_72' title='bbox 631 963 774 1033; x_wconf 77' lang='grc' dir='ltr'>ἀνὴρ</span> <span class='ocrx_word' id='word_1_73' title='bbox 808 965 871 1017; x_wconf 86' lang='grc' dir='ltr'><strong>ὲκ</strong></span> <span class='ocrx_word' id='word_1_74' title='bbox 905 964 1176 1035; x_wconf 75' lang='grc' dir='ltr'>Βηθλεὲμ,</span> <span class='ocrx_word' id='word_1_75' title='bbox 1201 964 1496 1035; x_wconf 80' lang='grc' dir='ltr'>’Λδιμὲλεχ</span> <span class='ocrx_word' id='word_1_76' title='bbox 1526 963 1795 1032; x_wconf 84' lang='grc' dir='ltr'>καλούμε-</span> 
     </span>
    </p>
   </div>
   <div class='ocr_carea' id='block_1_11' title="bbox 233 1055 1793 1127">
    <p class='ocr_par' dir='ltr' id='par_1_11' title="bbox 233 1055 1793 1127">
     <span class='ocr_line' id='line_1_11' title="bbox 233 1055 1793 1127; baseline -0.003 -17"><span class='ocrx_word' id='word_1_77' title='bbox 233 1077 325 1123; x_wconf 78' lang='grc' dir='ltr'>νος,</span> <span class='ocrx_word' id='word_1_78' title='bbox 348 1058 441 1110; x_wconf 76' lang='grc' dir='ltr'>σὺν</span> <span class='ocrx_word' id='word_1_79' title='bbox 466 1059 535 1127; x_wconf 72' lang='grc' dir='ltr'><strong>τῇ</strong></span> <span class='ocrx_word' id='word_1_80' title='bbox 570 1056 822 1125; x_wconf 80' lang='grc' dir='ltr'>γυναικὶ,</span> <span class='ocrx_word' id='word_1_81' title='bbox 864 1056 959 1110; x_wconf 74' lang='grc' dir='ltr'><strong>καὶ</strong></span> <span class='ocrx_word' id='word_1_82' title='bbox 984 1056 1079 1111; x_wconf 84' lang='grc' dir='ltr'><strong>δύο</strong></span> <span class='ocrx_word' id='word_1_83' title='bbox 1118 1057 1254 1120; x_wconf 77' lang='grc' dir='ltr'>υἱοῖς</span> <span class='ocrx_word' id='word_1_84' title='bbox 1285 1057 1372 1111; x_wconf 83' lang='grc' dir='ltr'>διὰ</span> <span class='ocrx_word' id='word_1_85' title='bbox 1397 1057 1488 1110; x_wconf 75' lang='grc' dir='ltr'>τὸν</span> <span class='ocrx_word' id='word_1_86' title='bbox 1513 1055 1672 1125; x_wconf 78' lang='grc' dir='ltr'>λιμὸν</span> <span class='ocrx_word' id='word_1_87' title='bbox 1713 1055 1793 1118; x_wconf 80' lang='grc' dir='ltr'><strong>είς</strong></span> 
     </span>
    </p>
   </div>
   <div class='ocr_carea' id='block_1_12' title="bbox 230 1148 1795 1222">
    <p class='ocr_par' dir='ltr' id='par_1_12' title="bbox 230 1148 1795 1222">
     <span class='ocr_line' id='line_1_12' title="bbox 230 1148 1795 1222; baseline -0.003 -17"><span class='ocrx_word' id='word_1_88' title='bbox 230 1154 312 1222; x_wconf 74' lang='grc' dir='ltr'>τὴν</span> <span class='ocrx_word' id='word_1_89' title='bbox 334 1151 625 1206; x_wconf 66' lang='grc' dir='ltr'>Μωαιπτιν</span> <span class='ocrx_word' id='word_1_90' title='bbox 664 1149 1086 1219; x_wconf 75' lang='grc' dir='ltr'>μεταναστεύει.</span> <span class='ocrx_word' id='word_1_91' title='bbox 1139 1148 1485 1219; x_wconf 76' lang='grc' dir='ltr'>Ἀγεταιοῦν</span> <span class='ocrx_word' id='word_1_92' title='bbox 1521 1150 1631 1212; x_wconf 81' lang='grc' dir='ltr'>τοῖς</span> <span class='ocrx_word' id='word_1_93' title='bbox 1660 1149 1795 1212; x_wconf 80' lang='grc' dir='ltr'>υἱοῖς</span> 
     </span>
    </p>
   </div>
   <div class='ocr_carea' id='block_1_13' title="bbox 233 1243 1794 1315">
    <p class='ocr_par' dir='ltr' id='par_1_13' title="bbox 233 1243 1794 1315">
     <span class='ocr_line' id='line_1_13' title="bbox 233 1243 1794 1315; baseline -0.001 -17"><span class='ocrx_word' id='word_1_94' title='bbox 233 1245 453 1315; x_wconf 69' lang='grc' dir='ltr'>γαμετὰς</span> <span class='ocrx_word' id='word_1_95' title='bbox 492 1243 872 1307; x_wconf 64' lang='grc' dir='ltr'>Μωαϐίτιδας.</span> <span class='ocrx_word' id='word_1_96' title='bbox 904 1243 1139 1297; x_wconf 77' lang='grc' dir='ltr'>Ἕνδεκα</span> <span class='ocrx_word' id='word_1_97' title='bbox 1199 1244 1388 1314; x_wconf 80' lang='grc' dir='ltr'>μέντοι</span> <span class='ocrx_word' id='word_1_98' title='bbox 1438 1246 1731 1307; x_wconf 79' lang='grc' dir='ltr'>ἐνιαυτοῖς,</span> <span class='ocrx_word' id='word_1_99' title='bbox 1765 1243 1794 1296; x_wconf 83' lang='grc' dir='ltr'><strong>ὅ</strong></span> 
     </span>
    </p>
   </div>
   <div class='ocr_carea' id='block_1_14' title="bbox 233 1336 1793 1408">
    <p class='ocr_par' dir='ltr' id='par_1_14' title="bbox 233 1336 1793 1408">
     <span class='ocr_line' id='line_1_14' title="bbox 233 1336 1793 1408; baseline -0.003 -16"><span class='ocrx_word' id='word_1_100' title='bbox 233 1356 282 1392; x_wconf 82' lang='grc' dir='ltr'><strong>τε</strong></span> <span class='ocrx_word' id='word_1_101' title='bbox 304 1337 594 1407; x_wconf 71' lang='grc' dir='ltr'><strong>’Δόιμέλεχ</strong></span> <span class='ocrx_word' id='word_1_102' title='bbox 646 1339 741 1391; x_wconf 69' lang='grc' dir='ltr'><strong>καὶ</strong></span> <span class='ocrx_word' id='word_1_103' title='bbox 791 1339 841 1391; x_wconf 81' lang='grc' dir='ltr'>οἱ</span> <span class='ocrx_word' id='word_1_104' title='bbox 880 1337 1070 1402; x_wconf 80' lang='grc' dir='ltr'>παῖδες</span> <span class='ocrx_word' id='word_1_105' title='bbox 1124 1337 1291 1391; x_wconf 74' lang='grc' dir='ltr'>αὐτοῦ</span> <span class='ocrx_word' id='word_1_106' title='bbox 1324 1336 1643 1408; x_wconf 80' lang='grc' dir='ltr'><strong>τεθνήκασι.</strong></span> <span class='ocrx_word' id='word_1_107' title='bbox 1683 1336 1793 1389; x_wconf 73' lang='lat' dir='ltr'><strong>Ka‘t</strong></span> 
     </span>
    </p>
   </div>
   <div class='ocr_carea' id='block_1_15' title="bbox 235 1427 1793 1501">
    <p class='ocr_par' dir='ltr' id='par_1_15' title="bbox 235 1427 1793 1501">
     <span class='ocr_line' id='line_1_15' title="bbox 235 1427 1793 1501; baseline -0.003 -17"><span class='ocrx_word' id='word_1_108' title='bbox 235 1430 651 1498; x_wconf 71' lang='grc' dir='ltr'><strong>κατελείφθησαν</strong></span> <span class='ocrx_word' id='word_1_109' title='bbox 672 1431 862 1501; x_wconf 81' lang='grc' dir='ltr'>χῆραι,</span> <span class='ocrx_word' id='word_1_110' title='bbox 895 1431 930 1501; x_wconf 79' lang='grc' dir='ltr'><strong>ἧ</strong></span> <span class='ocrx_word' id='word_1_111' title='bbox 980 1447 1039 1483; x_wconf 82' lang='grc' dir='ltr'><strong>τε</strong></span> <span class='ocrx_word' id='word_1_112' title='bbox 1069 1429 1276 1499; x_wconf 72' lang='grc' dir='ltr'>Νοεμὶν</span> <span class='ocrx_word' id='word_1_113' title='bbox 1303 1431 1336 1500; x_wconf 76' lang='grc' dir='ltr'><strong>ἡ</strong></span> <span class='ocrx_word' id='word_1_114' title='bbox 1361 1429 1688 1483; x_wconf 83' lang='grc' dir='ltr'><strong>συνοικοῦσα</strong></span> <span class='ocrx_word' id='word_1_115' title='bbox 1715 1427 1793 1499; x_wconf 83' lang='grc' dir='ltr'>τῷ</span> 
     </span>
    </p>
   </div>
   <div class='ocr_carea' id='block_1_16' title="bbox 245 1521 1793 1590">
    <p class='ocr_par' dir='ltr' id='par_1_16' title="bbox 245 1521 1793 1590">
     <span class='ocr_line' id='line_1_16' title="bbox 245 1521 1793 1590; baseline -0.001 -16"><span class='ocrx_word' id='word_1_116' title='bbox 245 1521 534 1590; x_wconf 74' lang='grc' dir='ltr'>Ἀδιμέλεχ,</span> <span class='ocrx_word' id='word_1_117' title='bbox 570 1522 679 1574; x_wconf 67' lang='grc' dir='ltr'><strong>καὶ</strong></span> <span class='ocrx_word' id='word_1_118' title='bbox 705 1521 763 1573; x_wconf 87' lang='grc' dir='ltr'><strong>αί</strong></span> <span class='ocrx_word' id='word_1_119' title='bbox 791 1523 1051 1589; x_wconf 84' lang='grc' dir='ltr'>γυναῖκες</span> <span class='ocrx_word' id='word_1_120' title='bbox 1103 1521 1274 1590; x_wconf 77' lang='grc' dir='ltr'><strong>ἄμφω</strong></span> <span class='ocrx_word' id='word_1_121' title='bbox 1306 1521 1416 1575; x_wconf 82' lang='grc' dir='ltr'>τῶν</span> <span class='ocrx_word' id='word_1_122' title='bbox 1454 1522 1665 1575; x_wconf 78' lang='grc' dir='ltr'>παίδων</span> <span class='ocrx_word' id='word_1_123' title='bbox 1695 1522 1793 1573; x_wconf 80' lang='grc' dir='ltr'><strong>αὐ-</strong></span> 
     </span>
    </p>
   </div>
   <div class='ocr_carea' id='block_1_17' title="bbox 235 1613 1794 1685">
    <p class='ocr_par' dir='ltr' id='par_1_17' title="bbox 235 1613 1794 1685">
     <span class='ocr_line' id='line_1_17' title="bbox 235 1613 1794 1685; baseline 0.001 -18"><span class='ocrx_word' id='word_1_124' title='bbox 235 1614 332 1676; x_wconf 76' lang='grc' dir='ltr'>τοῦ,</span> <span class='ocrx_word' id='word_1_125' title='bbox 361 1613 544 1684; x_wconf 76' lang='grc' dir='ltr'>Ὀρφᾶ</span> <span class='ocrx_word' id='word_1_126' title='bbox 572 1629 633 1668; x_wconf 82' lang='grc' dir='ltr'><strong>τε</strong></span> <span class='ocrx_word' id='word_1_127' title='bbox 671 1615 768 1668; x_wconf 76' lang='grc' dir='ltr'><strong>καὶ</strong></span> <span class='ocrx_word' id='word_1_128' title='bbox 809 1613 983 1668; x_wconf 75' lang='grc' dir='ltr'>Ῥούθ.</span> <span class='ocrx_word' id='word_1_129' title='bbox 1026 1615 1090 1668; x_wconf 83' lang='grc' dir='ltr'><em>Ἡ</em></span> <span class='ocrx_word' id='word_1_130' title='bbox 1128 1615 1336 1685; x_wconf 77' lang='grc' dir='ltr'>Νοεμὶν</span> <span class='ocrx_word' id='word_1_131' title='bbox 1367 1615 1424 1668; x_wconf 81' lang='grc' dir='ltr'><strong>δὲ</strong></span> <span class='ocrx_word' id='word_1_132' title='bbox 1452 1616 1533 1675; x_wconf 83' lang='grc' dir='ltr'><strong>είς</strong></span> <span class='ocrx_word' id='word_1_133' title='bbox 1561 1614 1662 1684; x_wconf 82' lang='grc' dir='ltr'>τὴν</span> <span class='ocrx_word' id='word_1_134' title='bbox 1688 1631 1794 1668; x_wconf 89' lang='grc' dir='ltr'>πα-</span> 
     </span>
    </p>
   </div>
   <div class='ocr_carea' id='block_1_18' title="bbox 234 1705 1793 1779">
    <p class='ocr_par' dir='ltr' id='par_1_18' title="bbox 234 1705 1793 1779">
     <span class='ocr_line' id='line_1_18' title="bbox 234 1705 1793 1779; baseline 0 -21"><span class='ocrx_word' id='word_1_135' title='bbox 234 1706 369 1776; x_wconf 75' lang='grc' dir='ltr'>τρῐδα</span> <span class='ocrx_word' id='word_1_136' title='bbox 416 1707 757 1777; x_wconf 78' lang='grc' dir='ltr'>ὑπέστρεφε.</span> <span class='ocrx_word' id='word_1_137' title='bbox 789 1707 910 1760; x_wconf 83' lang='grc' dir='ltr'><strong>Τῶν</strong></span> <span class='ocrx_word' id='word_1_138' title='bbox 939 1707 996 1761; x_wconf 78' lang='grc' dir='ltr'><strong>δέ</strong></span> <span class='ocrx_word' id='word_1_139' title='bbox 1039 1723 1102 1775; x_wconf 89' lang='grc' dir='ltr'><strong>γε</strong></span> <span class='ocrx_word' id='word_1_140' title='bbox 1151 1706 1378 1777; x_wconf 71' lang='grc' dir='ltr'>νυμφῶν</span> <span class='ocrx_word' id='word_1_141' title='bbox 1409 1707 1583 1777; x_wconf 81' lang='grc' dir='ltr'>αὐτῆς</span> <span class='ocrx_word' id='word_1_142' title='bbox 1624 1708 1656 1779; x_wconf 82' lang='grc' dir='ltr'><strong>ἡ</strong></span> <span class='ocrx_word' id='word_1_143' title='bbox 1691 1705 1793 1777; x_wconf 69' lang='grc' dir='ltr'><strong>μὲν</strong></span> 
     </span>
    </p>
   </div>
   <div class='ocr_carea' id='block_1_19' title="bbox 244 1799 1791 1873">
    <p class='ocr_par' dir='ltr' id='par_1_19' title="bbox 244 1799 1791 1873">
     <span class='ocr_line' id='line_1_19' title="bbox 244 1799 1791 1873; baseline -0.001 -18"><span class='ocrx_word' id='word_1_144' title='bbox 244 1802 397 1872; x_wconf 66' lang='grc' dir='ltr'>Ὀρφα</span> <span class='ocrx_word' id='word_1_145' title='bbox 453 1800 879 1873; x_wconf 82' lang='grc' dir='ltr'><strong>παρακληθεῖσα</strong></span> <span class='ocrx_word' id='word_1_146' title='bbox 915 1799 1015 1869; x_wconf 82' lang='grc' dir='ltr'>τῆς</span> <span class='ocrx_word' id='word_1_147' title='bbox 1055 1800 1344 1870; x_wconf 78' lang='grc' dir='ltr'><strong>πενθερᾶς,</strong></span> <span class='ocrx_word' id='word_1_148' title='bbox 1399 1799 1581 1866; x_wconf 79' lang='grc' dir='ltr'>ἔμεινε</span> <span class='ocrx_word' id='word_1_149' title='bbox 1639 1800 1791 1869; x_wconf 69' lang='grc' dir='ltr'>παρὰ</span> 
     </span>
    </p>
   </div>
   <div class='ocr_carea' id='block_1_20' title="bbox 235 1891 1788 1964">
    <p class='ocr_par' dir='ltr' id='par_1_20' title="bbox 235 1891 1788 1964">
     <span class='ocr_line' id='line_1_20' title="bbox 235 1891 1788 1964; baseline -0.004 -14"><span class='ocrx_word' id='word_1_150' title='bbox 235 1894 559 1958; x_wconf 74' lang='grc' dir='ltr'>Μωαϐίταις.</span> <span class='ocrx_word' id='word_1_151' title='bbox 607 1895 671 1947; x_wconf 86' lang='grc' dir='ltr'><strong><em>Ἠ</em></strong></span> <span class='ocrx_word' id='word_1_152' title='bbox 709 1894 766 1947; x_wconf 75' lang='grc' dir='ltr'><strong>δὲ</strong></span> <span class='ocrx_word' id='word_1_153' title='bbox 790 1891 944 1946; x_wconf 78' lang='grc' dir='ltr'>Ῥοὺθ</span> <span class='ocrx_word' id='word_1_154' title='bbox 976 1893 1072 1946; x_wconf 80' lang='grc' dir='ltr'><strong>σὺν</strong></span> <span class='ocrx_word' id='word_1_155' title='bbox 1100 1895 1165 1964; x_wconf 82' lang='grc' dir='ltr'>τῇ</span> <span class='ocrx_word' id='word_1_156' title='bbox 1208 1891 1411 1962; x_wconf 69' lang='grc' dir='ltr'>Νοεμὶν</span> <span class='ocrx_word' id='word_1_157' title='bbox 1451 1891 1788 1963; x_wconf 81' lang='grc' dir='ltr'>ἀπελήλυθε’</span> 
     </span>
    </p>
   </div>
   <div class='ocr_carea' id='block_1_21' title="bbox 235 1981 1790 2056">
    <p class='ocr_par' dir='ltr' id='par_1_21' title="bbox 235 1981 1790 2056">
     <span class='ocr_line' id='line_1_21' title="bbox 235 1981 1790 2056; baseline -0.003 -17"><span class='ocrx_word' id='word_1_158' title='bbox 235 1988 312 2039; x_wconf 69' lang='grc' dir='ltr'>καὶ</span> <span class='ocrx_word' id='word_1_159' title='bbox 331 1986 432 2056; x_wconf 64' lang='grc' dir='ltr'><strong>ἤδη</strong></span> <span class='ocrx_word' id='word_1_160' title='bbox 467 1984 925 2056; x_wconf 71' lang='grc' dir='ltr'>παραγενομένας</span> <span class='ocrx_word' id='word_1_161' title='bbox 965 1987 1044 2047; x_wconf 75' lang='grc' dir='ltr'><strong>εἰς</strong></span> <span class='ocrx_word' id='word_1_162' title='bbox 1089 1983 1360 2053; x_wconf 74' lang='grc' dir='ltr'>Βηθλεὲμ,</span> <span class='ocrx_word' id='word_1_163' title='bbox 1405 1981 1603 2049; x_wconf 77' lang='grc' dir='ltr'>ξενίζει</span> <span class='ocrx_word' id='word_1_164' title='bbox 1633 1982 1790 2049; x_wconf 74' lang='grc' dir='ltr'>Βοὸζ,</span> 
     </span>
    </p>
   </div>
   <div class='ocr_carea' id='block_1_22' title="bbox 243 2074 1790 2147">
    <p class='ocr_par' dir='ltr' id='par_1_22' title="bbox 243 2074 1790 2147">
     <span class='ocr_line' id='line_1_22' title="bbox 243 2074 1790 2147; baseline -0.001 -18"><span class='ocrx_word' id='word_1_165' title='bbox 243 2076 518 2146; x_wconf 74' lang='grc' dir='ltr'>Ἀδιμέλεχ</span> <span class='ocrx_word' id='word_1_166' title='bbox 546 2074 625 2129; x_wconf 83' lang='grc' dir='ltr'>ὢν</span> <span class='ocrx_word' id='word_1_167' title='bbox 669 2076 962 2145; x_wconf 81' lang='grc' dir='ltr'>συγγενής.</span> <span class='ocrx_word' id='word_1_168' title='bbox 995 2075 1523 2147; x_wconf 81' lang='grc' dir='ltr'>Προσαγορευομένη</span> <span class='ocrx_word' id='word_1_169' title='bbox 1554 2075 1610 2129; x_wconf 83' lang='grc' dir='ltr'>δὲ</span> <span class='ocrx_word' id='word_1_170' title='bbox 1639 2075 1790 2146; x_wconf 76' lang='grc' dir='ltr'>παρὰ</span> 
     </span>
    </p>
   </div>
   <div class='ocr_carea' id='block_1_23' title="bbox 1896 870 3476 943">
    <p class='ocr_par' dir='ltr' id='par_1_23' title="bbox 1896 870 3476 943">
     <span class='ocr_line' id='line_1_23' title="bbox 1896 870 3476 943; baseline -0.001 -17"><span class='ocrx_word' id='word_1_171' title='bbox 1896 873 2025 941; x_wconf 90' lang='lat' dir='ltr'><strong>pulo</strong></span> <span class='ocrx_word' id='word_1_172' title='bbox 2059 871 2417 943; x_wconf 66' lang='lat' dir='ltr'><strong>praefuerunt,</strong></span> <span class='ocrx_word' id='word_1_173' title='bbox 2457 872 2552 927; x_wconf 87' lang='lat' dir='ltr'><strong>sed</strong></span> <span class='ocrx_word' id='word_1_174' title='bbox 2587 872 2697 927; x_wconf 85' lang='lat' dir='ltr'><strong>Elei</strong></span> <span class='ocrx_word' id='word_1_175' title='bbox 2732 871 3015 941; x_wconf 77' lang='lat' dir='ltr'><strong>pontifex:</strong></span> <span class='ocrx_word' id='word_1_176' title='bbox 3048 872 3151 925; x_wconf 87' lang='lat' dir='ltr'><strong>sub</strong></span> <span class='ocrx_word' id='word_1_177' title='bbox 3191 887 3300 941; x_wconf 89' lang='lat' dir='ltr'><strong>quo</strong></span> <span class='ocrx_word' id='word_1_178' title='bbox 3337 870 3476 924; x_wconf 72' lang='lat' dir='ltr'><strong>{alite</strong></span> 
     </span>
    </p>
   </div>
   <div class='ocr_carea' id='block_1_24' title="bbox 1899 962 3477 1034">
    <p class='ocr_par' dir='ltr' id='par_1_24' title="bbox 1899 962 3477 1034">
     <span class='ocr_line' id='line_1_24' title="bbox 1899 962 3477 1034; baseline -0.003 -15"><span class='ocrx_word' id='word_1_179' title='bbox 1899 965 2331 1034; x_wconf 86' lang='lat' dir='ltr'><strong>ingravescente,</strong></span> <span class='ocrx_word' id='word_1_180' title='bbox 2356 969 2442 1020; x_wconf 85' lang='lat' dir='ltr'><strong>vir</strong></span> <span class='ocrx_word' id='word_1_181' title='bbox 2466 964 2686 1034; x_wconf 90' lang='lat' dir='ltr'><strong>quidam</strong></span> <span class='ocrx_word' id='word_1_182' title='bbox 2708 964 3180 1027; x_wconf 88' lang='lat' dir='ltr'><strong>Bethleemiticus,</strong></span> <span class='ocrx_word' id='word_1_183' title='bbox 3196 962 3477 1016; x_wconf 55' lang='lat' dir='ltr'><strong>Ahimelca</strong></span> 
     </span>
    </p>
   </div>
   <div class='ocr_carea' id='block_1_25' title="bbox 1896 1052 3478 1122">
    <p class='ocr_par' dir='ltr' id='par_1_25' title="bbox 1896 1052 3478 1122">
     <span class='ocr_line' id='line_1_25' title="bbox 1896 1052 3478 1122; baseline -0.004 -11"><span class='ocrx_word' id='word_1_184' title='bbox 1896 1056 2034 1112; x_wconf 83' lang='lat' dir='ltr'><strong>chus</strong></span> <span class='ocrx_word' id='word_1_185' title='bbox 2064 1057 2305 1122; x_wconf 84' lang='lat' dir='ltr'><strong>nomine,</strong></span> <span class='ocrx_word' id='word_1_186' title='bbox 2335 1072 2459 1113; x_wconf 87' lang='lat' dir='ltr'><strong>eum</strong></span> <span class='ocrx_word' id='word_1_187' title='bbox 2480 1073 2648 1112; x_wconf 80' lang='lat' dir='ltr'><strong>uxore</strong></span> <span class='ocrx_word' id='word_1_188' title='bbox 2677 1066 2732 1112; x_wconf 91' lang='lat' dir='ltr'><strong>et</strong></span> <span class='ocrx_word' id='word_1_189' title='bbox 2753 1056 2970 1111; x_wconf 91' lang='lat' dir='ltr'><strong>duobus</strong></span> <span class='ocrx_word' id='word_1_190' title='bbox 3010 1054 3135 1109; x_wconf 85' lang='lat' dir='ltr'><strong>ﬁliis</strong></span> <span class='ocrx_word' id='word_1_191' title='bbox 3168 1053 3224 1108; x_wconf 92' lang='lat' dir='ltr'><strong>in</strong></span> <span class='ocrx_word' id='word_1_192' title='bbox 3266 1052 3478 1107; x_wconf 84' lang='lat' dir='ltr'><strong>Moabi—</strong></span> 
     </span>
    </p>
   </div>
   <div class='ocr_carea' id='block_1_26' title="bbox 1899 1147 3475 1223">
    <p class='ocr_par' dir='ltr' id='par_1_26' title="bbox 1899 1147 3475 1223">
     <span class='ocr_line' id='line_1_26' title="bbox 1899 1147 3475 1223; baseline -0.003 -18"><span class='ocrx_word' id='word_1_193' title='bbox 1899 1149 2065 1206; x_wconf 88' lang='lat' dir='ltr'><strong>tidem</strong></span> <span class='ocrx_word' id='word_1_194' title='bbox 2099 1152 2475 1223; x_wconf 82' lang='lat' dir='ltr'><strong>trausmigrat.</strong></span> <span class='ocrx_word' id='word_1_195' title='bbox 2507 1152 2585 1206; x_wconf 90' lang='lat' dir='ltr'><strong>lbi</strong></span> <span class='ocrx_word' id='word_1_196' title='bbox 2618 1149 2744 1205; x_wconf 90' lang='lat' dir='ltr'><strong>ﬁliis</strong></span> <span class='ocrx_word' id='word_1_197' title='bbox 2769 1149 3090 1205; x_wconf 85' lang='lat' dir='ltr'><strong>Moabiticas</strong></span> <span class='ocrx_word' id='word_1_198' title='bbox 3138 1163 3338 1202; x_wconf 79' lang='lat' dir='ltr'><strong>uxores</strong></span> <span class='ocrx_word' id='word_1_199' title='bbox 3373 1147 3475 1200; x_wconf 82' lang='lat' dir='ltr'><strong>de-</strong></span> 
     </span>
    </p>
   </div>
   <div class='ocr_carea' id='block_1_27' title="bbox 1896 1237 3477 1314">
    <p class='ocr_par' dir='ltr' id='par_1_27' title="bbox 1896 1237 3477 1314">
     <span class='ocr_line' id='line_1_27' title="bbox 1896 1237 3477 1314; baseline -0.006 -15"><span class='ocrx_word' id='word_1_200' title='bbox 1896 1243 2149 1314; x_wconf 87' lang='lat' dir='ltr'><strong>spondet,</strong></span> <span class='ocrx_word' id='word_1_201' title='bbox 2179 1253 2235 1298; x_wconf 91' lang='lat' dir='ltr'><strong>et</strong></span> <span class='ocrx_word' id='word_1_202' title='bbox 2270 1244 2411 1298; x_wconf 88' lang='lat' dir='ltr'><strong>intra</strong></span> <span class='ocrx_word' id='word_1_203' title='bbox 2436 1243 2626 1298; x_wconf 83' lang='lat' dir='ltr'><strong>decem</strong></span> <span class='ocrx_word' id='word_1_204' title='bbox 2652 1257 2826 1298; x_wconf 88' lang='lat' dir='ltr'><strong>annos</strong></span> <span class='ocrx_word' id='word_1_205' title='bbox 2848 1257 2954 1296; x_wconf 90' lang='lat' dir='ltr'><strong>una</strong></span> <span class='ocrx_word' id='word_1_206' title='bbox 2985 1255 3107 1295; x_wconf 91' lang='lat' dir='ltr'><strong>cum</strong></span> <span class='ocrx_word' id='word_1_207' title='bbox 3148 1238 3274 1292; x_wconf 86' lang='lat' dir='ltr'><strong>ﬁliis</strong></span> <span class='ocrx_word' id='word_1_208' title='bbox 3303 1237 3477 1291; x_wconf 88' lang='lat' dir='ltr'><strong>mori-</strong></span> 
     </span>
    </p>
   </div>
   <div class='ocr_carea' id='block_1_28' title="bbox 1898 1333 3477 1405">
    <p class='ocr_par' dir='ltr' id='par_1_28' title="bbox 1898 1333 3477 1405">
     <span class='ocr_line' id='line_1_28' title="bbox 1898 1333 3477 1405; baseline -0.005 -11"><span class='ocrx_word' id='word_1_209' title='bbox 1898 1347 2007 1404; x_wconf 88' lang='lat' dir='ltr'><strong>tur,</strong></span> <span class='ocrx_word' id='word_1_210' title='bbox 2024 1338 2211 1394; x_wconf 87' lang='lat' dir='ltr'><strong>relicta</strong></span> <span class='ocrx_word' id='word_1_211' title='bbox 2226 1338 2389 1393; x_wconf 90' lang='lat' dir='ltr'><strong>vidua</strong></span> <span class='ocrx_word' id='word_1_212' title='bbox 2415 1352 2584 1391; x_wconf 79' lang='lat' dir='ltr'><strong>uxore</strong></span> <span class='ocrx_word' id='word_1_213' title='bbox 2603 1336 2887 1401; x_wconf 86' lang='lat' dir='ltr'><strong>Noemide,</strong></span> <span class='ocrx_word' id='word_1_214' title='bbox 2902 1336 3226 1405; x_wconf 89' lang='lat' dir='ltr'><strong>duabusque</strong></span> <span class='ocrx_word' id='word_1_215' title='bbox 3242 1333 3477 1387; x_wconf 86' lang='lat' dir='ltr'><strong>nuribus</strong></span> 
     </span>
    </p>
   </div>
   <div class='ocr_carea' id='block_1_29' title="bbox 1897 1428 3475 1503">
    <p class='ocr_par' dir='ltr' id='par_1_29' title="bbox 1897 1428 3475 1503">
     <span class='ocr_line' id='line_1_29' title="bbox 1897 1428 3475 1503; baseline -0.003 -15"><span class='ocrx_word' id='word_1_216' title='bbox 1897 1430 2081 1503; x_wconf 86' lang='lat' dir='ltr'><strong>Orpha</strong></span> <span class='ocrx_word' id='word_1_217' title='bbox 2120 1443 2177 1488; x_wconf 87' lang='lat' dir='ltr'><strong>et</strong></span> <span class='ocrx_word' id='word_1_218' title='bbox 2207 1432 2640 1488; x_wconf 79' lang='lat' dir='ltr'><strong>RutbaNoemis</strong></span> <span class='ocrx_word' id='word_1_219' title='bbox 2664 1433 2895 1502; x_wconf 86' lang='lat' dir='ltr'><strong>patriam</strong></span> <span class='ocrx_word' id='word_1_220' title='bbox 2926 1430 3149 1500; x_wconf 75' lang='lat' dir='ltr'><strong>repetit,</strong></span> <span class='ocrx_word' id='word_1_221' title='bbox 3191 1446 3255 1485; x_wconf 86' lang='lat' dir='ltr'><strong>ac</strong></span> <span class='ocrx_word' id='word_1_222' title='bbox 3293 1428 3475 1497; x_wconf 85' lang='lat' dir='ltr'><strong>Orpha</strong></span> 
     </span>
    </p>
   </div>
   <div class='ocr_carea' id='block_1_30' title="bbox 1901 1522 3470 1594">
    <p class='ocr_par' dir='ltr' id='par_1_30' title="bbox 1901 1522 3470 1594">
     <span class='ocr_line' id='line_1_30' title="bbox 1901 1522 3470 1594; baseline -0.003 -14"><span class='ocrx_word' id='word_1_223' title='bbox 1901 1542 2140 1580; x_wconf 91' lang='lat' dir='ltr'><strong>nuruum</strong></span> <span class='ocrx_word' id='word_1_224' title='bbox 2169 1526 2337 1580; x_wconf 87' lang='lat' dir='ltr'><strong>altera</strong></span> <span class='ocrx_word' id='word_1_225' title='bbox 2356 1526 2564 1580; x_wconf 90' lang='lat' dir='ltr'><strong>monitu</strong></span> <span class='ocrx_word' id='word_1_226' title='bbox 2596 1541 2790 1580; x_wconf 86' lang='lat' dir='ltr'><strong>socrus</strong></span> <span class='ocrx_word' id='word_1_227' title='bbox 2813 1523 2957 1594; x_wconf 87' lang='lat' dir='ltr'><strong>apud</strong></span> <span class='ocrx_word' id='word_1_228' title='bbox 2978 1522 3242 1578; x_wconf 82' lang='lat' dir='ltr'><strong>Moabitas</strong></span> <span class='ocrx_word' id='word_1_229' title='bbox 3265 1531 3470 1576; x_wconf 85' lang='lat' dir='ltr'><strong>manet.</strong></span> 
     </span>
    </p>
   </div>
   <div class='ocr_carea' id='block_1_31' title="bbox 1902 1615 3464 1688">
    <p class='ocr_par' dir='ltr' id='par_1_31' title="bbox 1902 1615 3464 1688">
     <span class='ocr_line' id='line_1_31' title="bbox 1902 1615 3464 1688; baseline -0.004 -14"><span class='ocrx_word' id='word_1_230' title='bbox 1902 1619 2085 1674; x_wconf 80' lang='lat' dir='ltr'><strong>Rutha</strong></span> <span class='ocrx_word' id='word_1_231' title='bbox 2109 1634 2232 1674; x_wconf 87' lang='lat' dir='ltr'><strong>cum</strong></span> <span class='ocrx_word' id='word_1_232' title='bbox 2260 1618 2525 1674; x_wconf 85' lang='lat' dir='ltr'><strong>Noemide</strong></span> <span class='ocrx_word' id='word_1_233' title='bbox 2557 1616 2938 1688; x_wconf 90' lang='lat' dir='ltr'><strong>proliciscitur.</strong></span> <span class='ocrx_word' id='word_1_234' title='bbox 2965 1615 3295 1670; x_wconf 80' lang='lat' dir='ltr'><strong>Bethleemae</strong></span> <span class='ocrx_word' id='word_1_235' title='bbox 3321 1615 3464 1667; x_wconf 83' lang='lat' dir='ltr'><strong>Boo-</strong></span> 
     </span>
    </p>
   </div>
   <div class='ocr_carea' id='block_1_32' title="bbox 1848 1704 3476 1779">
    <p class='ocr_par' dir='ltr' id='par_1_32' title="bbox 1848 1704 3476 1779">
     <span class='ocr_line' id='line_1_32' title="bbox 1848 1704 3476 1779; baseline -0.004 -15"><span class='ocrx_word' id='word_1_236' title='bbox 1848 1751 1852 1755; x_wconf 82' lang='lat'><strong>.</strong></span> <span class='ocrx_word' id='word_1_237' title='bbox 1900 1726 1998 1764; x_wconf 88' lang='lat' dir='ltr'><strong>zus</strong></span> <span class='ocrx_word' id='word_1_238' title='bbox 2048 1710 2384 1765; x_wconf 86' lang='lat' dir='ltr'><strong>Abimelechi</strong></span> <span class='ocrx_word' id='word_1_239' title='bbox 2414 1719 2679 1779; x_wconf 87' lang='lat' dir='ltr'><strong>cognatus</strong></span> <span class='ocrx_word' id='word_1_240' title='bbox 2718 1723 2812 1762; x_wconf 90' lang='lat' dir='ltr'><strong>eas</strong></span> <span class='ocrx_word' id='word_1_241' title='bbox 2856 1706 3098 1777; x_wconf 87' lang='lat' dir='ltr'><strong>hospitio</strong></span> <span class='ocrx_word' id='word_1_242' title='bbox 3140 1704 3365 1773; x_wconf 83' lang='lat' dir='ltr'><strong>excipit.</strong></span> <span class='ocrx_word' id='word_1_243' title='bbox 3396 1704 3476 1758; x_wconf 88' lang='lat' dir='ltr'><strong>lbi</strong></span> 
     </span>
    </p>
   </div>
   <div class='ocr_carea' id='block_1_33' title="bbox 1900 1797 3479 1871">
    <p class='ocr_par' dir='ltr' id='par_1_33' title="bbox 1900 1797 3479 1871">
     <span class='ocr_line' id='line_1_33' title="bbox 1900 1797 3479 1871; baseline -0.003 -14"><span class='ocrx_word' id='word_1_244' title='bbox 1900 1803 2096 1858; x_wconf 89' lang='lat' dir='ltr'><strong>mulier</strong></span> <span class='ocrx_word' id='word_1_245' title='bbox 2112 1817 2141 1855; x_wconf 87' lang='lat' dir='ltr'><strong>a</strong></span> <span class='ocrx_word' id='word_1_246' title='bbox 2161 1802 2375 1858; x_wconf 82' lang='lat' dir='ltr'><strong>civibus</strong></span> <span class='ocrx_word' id='word_1_247' title='bbox 2405 1818 2504 1856; x_wconf 80' lang='lat' dir='ltr'><strong>suo</strong></span> <span class='ocrx_word' id='word_1_248' title='bbox 2538 1801 2861 1871; x_wconf 89' lang='lat' dir='ltr'><strong>compellata</strong></span> <span class='ocrx_word' id='word_1_249' title='bbox 2886 1800 3109 1854; x_wconf 89' lang='lat' dir='ltr'><strong>nomine</strong></span> <span class='ocrx_word' id='word_1_250' title='bbox 3134 1815 3147 1853; x_wconf 91' lang='lat'>:</span> <span class='ocrx_word' id='word_1_251' title='bbox 3174 1797 3249 1853; x_wconf 77' lang='lat' dir='ltr'><strong>Ne</strong></span> <span class='ocrx_word' id='word_1_252' title='bbox 3270 1814 3369 1862; x_wconf 87' lang='lat' dir='ltr'><strong>me,</strong></span> <span class='ocrx_word' id='word_1_253' title='bbox 3392 1797 3479 1852; x_wconf 88' lang='lat' dir='ltr'><strong>in-</strong></span> 
     </span>
    </p>
   </div>
   <div class='ocr_carea' id='block_1_34' title="bbox 1899 1892 3475 1968">
    <p class='ocr_par' dir='ltr' id='par_1_34' title="bbox 1899 1892 3475 1968">
     <span class='ocr_line' id='line_1_34' title="bbox 1899 1892 3475 1968; baseline -0.005 -17"><span class='ocrx_word' id='word_1_254' title='bbox 1899 1902 2038 1968; x_wconf 90' lang='lat' dir='ltr'><strong>quit,</strong></span> <span class='ocrx_word' id='word_1_255' title='bbox 2063 1895 2307 1961; x_wconf 85' lang='lat' dir='ltr'><strong>Noemin,</strong></span> <span class='ocrx_word' id='word_1_256' title='bbox 2326 1897 2417 1950; x_wconf 86' lang='lat' dir='ltr'><strong>sed</strong></span> <span class='ocrx_word' id='word_1_257' title='bbox 2437 1895 2645 1950; x_wconf 80' lang='lat' dir='ltr'><strong>Maram</strong></span> <span class='ocrx_word' id='word_1_258' title='bbox 2667 1894 2935 1966; x_wconf 80' lang='lat' dir='ltr'><strong>appellate</strong></span> <span class='ocrx_word' id='word_1_259' title='bbox 2969 1892 3267 1964; x_wconf 85' lang='lat' dir='ltr'><strong>(signiﬁcat</strong></span> <span class='ocrx_word' id='word_1_260' title='bbox 3294 1899 3475 1946; x_wconf 89' lang='lat' dir='ltr'><strong>autem</strong></span> 
     </span>
    </p>
   </div>
   <div class='ocr_carea' id='block_1_35' title="bbox 1897 1984 3476 2060">
    <p class='ocr_par' dir='ltr' id='par_1_35' title="bbox 1897 1984 3476 2060">
     <span class='ocr_line' id='line_1_35' title="bbox 1897 1984 3476 2060; baseline -0.005 -14"><span class='ocrx_word' id='word_1_261' title='bbox 1897 1990 2123 2046; x_wconf 85' lang='lat' dir='ltr'><strong>Noemis</strong></span> <span class='ocrx_word' id='word_1_262' title='bbox 2149 1988 2473 2060; x_wconf 73' lang='lat' dir='ltr'><strong>felicitatem,</strong></span> <span class='ocrx_word' id='word_1_263' title='bbox 2506 1988 2650 2042; x_wconf 84' lang='lat' dir='ltr'><strong>Mara</strong></span> <span class='ocrx_word' id='word_1_264' title='bbox 2697 1986 2933 2040; x_wconf 85' lang='lat' dir='ltr'><strong>dolorem</strong></span> <span class='ocrx_word' id='word_1_265' title='bbox 2978 1995 3034 2039; x_wconf 85' lang='lat' dir='ltr'><strong>et</strong></span> <span class='ocrx_word' id='word_1_266' title='bbox 3079 1984 3476 2052; x_wconf 75' lang='lat' dir='ltr'><strong>acerbitatem);</strong></span> 
     </span>
    </p>
   </div>
   <div class='ocr_carea' id='block_1_36' title="bbox 1906 2081 3477 2152">
    <p class='ocr_par' dir='ltr' id='par_1_36' title="bbox 1906 2081 3477 2152">
     <span class='ocr_line' id='line_1_36' title="bbox 1906 2081 3477 2152; baseline -0.007 -13"><span class='ocrx_word' id='word_1_267' title='bbox 1906 2101 2028 2140; x_wconf 88' lang='lat' dir='ltr'><strong>nam</strong></span> <span class='ocrx_word' id='word_1_268' title='bbox 2085 2100 2201 2139; x_wconf 84' lang='lat' dir='ltr'><strong>cum</strong></span> <span class='ocrx_word' id='word_1_269' title='bbox 2270 2083 2426 2152; x_wconf 82' lang='lat' dir='ltr'><strong>plena</strong></span> <span class='ocrx_word' id='word_1_270' title='bbox 2471 2081 2815 2141; x_wconf 85' lang='lat' dir='ltr'><strong>discesserim,</strong></span> <span class='ocrx_word' id='word_1_271' title='bbox 2861 2094 3028 2132; x_wconf 86' lang='lat' dir='ltr'><strong>vacua</strong></span> <span class='ocrx_word' id='word_1_272' title='bbox 3088 2094 3204 2131; x_wconf 87' lang='lat' dir='ltr'><strong>sum</strong></span> <span class='ocrx_word' id='word_1_273' title='bbox 3243 2091 3477 2129; x_wconf 82' lang='lat' dir='ltr'><strong>reversa.</strong></span> 
     </span>
    </p>
   </div>
   <div class='ocr_carea' id='block_1_37' title="bbox 234 2166 1808 2246">
    <p class='ocr_par' dir='ltr' id='par_1_37' title="bbox 234 2166 1799 2239">
     <span class='ocr_line' id='line_1_37' title="bbox 234 2166 1799 2239; baseline -0.002 -19"><span class='ocrx_word' id='word_1_274' title='bbox 234 2170 328 2220; x_wconf 70' lang='grc' dir='ltr'>τῶν</span> <span class='ocrx_word' id='word_1_275' title='bbox 364 2166 603 2221; x_wconf 83' lang='grc' dir='ltr'>πολιτῶν</span> <span class='ocrx_word' id='word_1_276' title='bbox 652 2167 712 2233; x_wconf 77' lang='grc' dir='ltr'><strong>ἐξ</strong></span> <span class='ocrx_word' id='word_1_277' title='bbox 758 2167 1021 2237; x_wconf 83' lang='grc' dir='ltr'>ὀνόματος</span> <span class='ocrx_word' id='word_1_278' title='bbox 1049 2168 1083 2237; x_wconf 80' lang='grc' dir='ltr'><strong>ἠ</strong></span> <span class='ocrx_word' id='word_1_279' title='bbox 1123 2168 1283 2239; x_wconf 71' lang='grc' dir='ltr'>γυνή’</span> <span class='ocrx_word' id='word_1_280' title='bbox 1323 2167 1416 2234; x_wconf 81' lang='grc' dir='ltr'><strong>Μή</strong></span> <span class='ocrx_word' id='word_1_281' title='bbox 1461 2185 1538 2237; x_wconf 82' lang='grc' dir='ltr'>με</span> <span class='ocrx_word' id='word_1_282' title='bbox 1576 2167 1799 2236; x_wconf 78' lang='grc' dir='ltr'><strong>Νοεμιν</strong></span> 
     </span>
    </p>
   </div>
   <div class='ocr_carea' id='block_1_38' title="bbox 1911 2166 3475 2246">
    <p class='ocr_par' dir='ltr' id='par_1_38' title="bbox 1911 2166 3475 2246">
     <span class='ocr_line' id='line_1_38' title="bbox 1911 2166 3475 2246; baseline -0.008 -15"><span class='ocrx_word' id='word_1_283' title='bbox 1911 2177 2176 2246; x_wconf 85' lang='lat' dir='ltr'><strong>Tempore</strong></span> <span class='ocrx_word' id='word_1_284' title='bbox 2238 2173 2433 2228; x_wconf 88' lang='lat' dir='ltr'><strong>messis</strong></span> <span class='ocrx_word' id='word_1_285' title='bbox 2476 2171 2681 2237; x_wconf 80' lang='lat' dir='ltr'><strong>Rutha,</strong></span> <span class='ocrx_word' id='word_1_286' title='bbox 2719 2170 2787 2225; x_wconf 89' lang='lat' dir='ltr'><strong>de</strong></span> <span class='ocrx_word' id='word_1_287' title='bbox 2831 2184 3025 2224; x_wconf 90' lang='lat' dir='ltr'><strong>socrus</strong></span> <span class='ocrx_word' id='word_1_288' title='bbox 3084 2169 3359 2223; x_wconf 87' lang='lat' dir='ltr'><strong>sententia</strong></span> <span class='ocrx_word' id='word_1_289' title='bbox 3409 2166 3475 2220; x_wconf 83' lang='lat' dir='ltr'><strong>ad</strong></span> 
     </span>
    </p>
   </div>
   <div class='ocr_carea' id='block_1_39' title="bbox 235 2258 1808 2331">
    <p class='ocr_par' dir='ltr' id='par_1_39' title="bbox 235 2258 1808 2331">
     <span class='ocr_line' id='line_1_39' title="bbox 235 2258 1808 2331; baseline -0.001 -17"><span class='ocrx_word' id='word_1_290' title='bbox 235 2261 442 2331; x_wconf 67' lang='grc' dir='ltr'>(ἔλεγεν)</span> <span class='ocrx_word' id='word_1_291' title='bbox 470 2259 632 2314; x_wconf 70' lang='grc' dir='ltr'><em>ἀλλὰ</em></span> <span class='ocrx_word' id='word_1_292' title='bbox 659 2258 870 2328; x_wconf 76' lang='grc' dir='ltr'>Μάραν</span> <span class='ocrx_word' id='word_1_293' title='bbox 894 2258 1130 2313; x_wconf 75' lang='grc' dir='ltr'>καλεῖτε</span> <span class='ocrx_word' id='word_1_294' title='bbox 1181 2259 1406 2330; x_wconf 67' lang='grc' dir='ltr'>(Νοεμὶν</span> <span class='ocrx_word' id='word_1_295' title='bbox 1432 2258 1490 2311; x_wconf 72' lang='grc' dir='ltr'><strong>δὲ</strong></span> <span class='ocrx_word' id='word_1_296' title='bbox 1517 2259 1808 2329; x_wconf 75' lang='grc' dir='ltr'>εὐτυχίαν</span> 
     </span>
    </p>
   </div>
   <div class='ocr_carea' id='block_1_40' title="bbox 234 2350 1804 2424">
    <p class='ocr_par' dir='ltr' id='par_1_40' title="bbox 234 2350 1804 2424">
     <span class='ocr_line' id='line_1_40' title="bbox 234 2350 1804 2424; baseline -0.003 -18"><span class='ocrx_word' id='word_1_297' title='bbox 234 2354 365 2424; x_wconf 72' lang='grc' dir='ltr'>δηλοῖ</span> <span class='ocrx_word' id='word_1_298' title='bbox 383 2371 396 2382; x_wconf 87' lang='grc'><strong>·</strong></span> <span class='ocrx_word' id='word_1_299' title='bbox 422 2353 623 2424; x_wconf 71' lang='grc' dir='ltr'>Μάραν</span> <span class='ocrx_word' id='word_1_300' title='bbox 643 2352 724 2417; x_wconf 80' lang='grc' dir='ltr'>δὲ,</span> <span class='ocrx_word' id='word_1_301' title='bbox 752 2351 1004 2420; x_wconf 77' lang='grc' dir='ltr'><strong>ὀδύνην,</strong></span> <span class='ocrx_word' id='word_1_302' title='bbox 1033 2353 1126 2405; x_wconf 70' lang='grc' dir='ltr'>καὶ</span> <span class='ocrx_word' id='word_1_303' title='bbox 1157 2352 1493 2421; x_wconf 69' lang='grc' dir='ltr'>πικρασμόν)</span> <span class='ocrx_word' id='word_1_304' title='bbox 1519 2366 1537 2385; x_wconf 81' lang='grc'><em>’</em></span> <span class='ocrx_word' id='word_1_305' title='bbox 1565 2350 1804 2419; x_wconf 70' lang='grc' dir='ltr'><strong>πλήρης</strong></span> 
     </span>
    </p>
   </div>
   <div class='ocr_carea' id='block_1_41' title="bbox 238 2443 1804 2514">
    <p class='ocr_par' dir='ltr' id='par_1_41' title="bbox 238 2443 1804 2514">
     <span class='ocr_line' id='line_1_41' title="bbox 238 2443 1804 2514; baseline 0 -18"><span class='ocrx_word' id='word_1_306' title='bbox 238 2445 331 2514; x_wconf 76' lang='grc' dir='ltr'>γὰρ</span> <span class='ocrx_word' id='word_1_307' title='bbox 360 2444 749 2512; x_wconf 63' lang='grc' dir='ltr'>πορευθεῖσα,</span> <span class='ocrx_word' id='word_1_308' title='bbox 790 2443 937 2510; x_wconf 81' lang='grc' dir='ltr'><strong>κενὴ</strong></span> <span class='ocrx_word' id='word_1_309' title='bbox 995 2444 1409 2510; x_wconf 82' lang='grc' dir='ltr'>ὐπενόστησα.</span> <span class='ocrx_word' id='word_1_310' title='bbox 1452 2443 1692 2512; x_wconf 76' lang='grc' dir='ltr'>’Δμητοῡ</span> <span class='ocrx_word' id='word_1_311' title='bbox 1746 2443 1804 2496; x_wconf 85' lang='grc' dir='ltr'><strong>δὲ</strong></span> 
     </span>
    </p>
   </div>
   <div class='ocr_carea' id='block_1_42' title="bbox 238 2535 1809 2608">
    <p class='ocr_par' dir='ltr' id='par_1_42' title="bbox 238 2535 1809 2608">
     <span class='ocr_line' id='line_1_42' title="bbox 238 2535 1809 2608; baseline -0.001 -17"><span class='ocrx_word' id='word_1_312' title='bbox 238 2540 394 2600; x_wconf 71' lang='grc' dir='ltr'>ὄντος,</span> <span class='ocrx_word' id='word_1_313' title='bbox 432 2536 581 2608; x_wconf 78' lang='grc' dir='ltr'>ἐξῄει</span> <span class='ocrx_word' id='word_1_314' title='bbox 605 2536 749 2589; x_wconf 77' lang='grc' dir='ltr'>κατὰ</span> <span class='ocrx_word' id='word_1_315' title='bbox 774 2536 1000 2607; x_wconf 82' lang='grc' dir='ltr'>γνώμην</span> <span class='ocrx_word' id='word_1_316' title='bbox 1036 2537 1135 2604; x_wconf 81' lang='grc' dir='ltr'>τῆς</span> <span class='ocrx_word' id='word_1_317' title='bbox 1180 2536 1450 2605; x_wconf 76' lang='grc' dir='ltr'><strong>πενθερᾶς</strong></span> <span class='ocrx_word' id='word_1_318' title='bbox 1484 2535 1809 2605; x_wconf 70' lang='grc' dir='ltr'>καλαμησοο</span> 
     </span>
    </p>
   </div>
   <div class='ocr_carea' id='block_1_43' title="bbox 241 2627 1803 2701">
    <p class='ocr_par' dir='ltr' id='par_1_43' title="bbox 241 2627 1803 2701">
     <span class='ocr_line' id='line_1_43' title="bbox 241 2627 1803 2701; baseline 0 -20"><span class='ocrx_word' id='word_1_319' title='bbox 241 2630 363 2701; x_wconf 71' lang='grc' dir='ltr'><strong>μένη</strong></span> <span class='ocrx_word' id='word_1_320' title='bbox 413 2632 447 2699; x_wconf 78' lang='grc' dir='ltr'><strong>ἡ</strong></span> <span class='ocrx_word' id='word_1_321' title='bbox 492 2628 678 2693; x_wconf 67' lang='lat' dir='ltr'><strong>&#39;PobB,</strong></span> <span class='ocrx_word' id='word_1_322' title='bbox 716 2629 799 2692; x_wconf 80' lang='grc' dir='ltr'><strong>είς</strong></span> <span class='ocrx_word' id='word_1_323' title='bbox 836 2629 926 2680; x_wconf 81' lang='grc' dir='ltr'>τὸν</span> <span class='ocrx_word' id='word_1_324' title='bbox 973 2629 1141 2697; x_wconf 66' lang='grc' dir='ltr'>ἀγρὸν</span> <span class='ocrx_word' id='word_1_325' title='bbox 1180 2628 1274 2681; x_wconf 75' lang='grc' dir='ltr'>τοῦ</span> <span class='ocrx_word' id='word_1_326' title='bbox 1324 2627 1480 2691; x_wconf 77' lang='grc' dir='ltr'><strong>Βοόζ.</strong></span> <span class='ocrx_word' id='word_1_327' title='bbox 1538 2628 1595 2682; x_wconf 86' lang='lat' dir='ltr'><strong>&#39;O</strong></span> <span class='ocrx_word' id='word_1_328' title='bbox 1623 2627 1678 2681; x_wconf 78' lang='grc' dir='ltr'><strong>δὲ</strong></span> <span class='ocrx_word' id='word_1_329' title='bbox 1704 2628 1803 2697; x_wconf 74' lang='grc' dir='ltr'>τὴν</span> 
     </span>
    </p>
   </div>
   <div class='ocr_carea' id='block_1_44' title="bbox 240 2720 1805 2794">
    <p class='ocr_par' dir='ltr' id='par_1_44' title="bbox 240 2720 1805 2794">
     <span class='ocr_line' id='line_1_44' title="bbox 240 2720 1805 2794; baseline -0.001 -18"><span class='ocrx_word' id='word_1_330' title='bbox 240 2725 393 2794; x_wconf 77' lang='grc' dir='ltr'>κόρην</span> <span class='ocrx_word' id='word_1_331' title='bbox 425 2722 574 2788; x_wconf 77' lang='grc' dir='ltr'>ἰδὼν,</span> <span class='ocrx_word' id='word_1_332' title='bbox 604 2724 699 2775; x_wconf 72' lang='grc' dir='ltr'><strong>καὶ</strong></span> <span class='ocrx_word' id='word_1_333' title='bbox 724 2720 914 2788; x_wconf 88' lang='grc' dir='ltr'>μαθὼν</span> <span class='ocrx_word' id='word_1_334' title='bbox 948 2722 1029 2785; x_wconf 86' lang='grc' dir='ltr'><strong>τίς</strong></span> <span class='ocrx_word' id='word_1_335' title='bbox 1057 2724 1226 2784; x_wconf 79' lang='grc' dir='ltr'>ἐστιν,</span> <span class='ocrx_word' id='word_1_336' title='bbox 1255 2721 1492 2794; x_wconf 76' lang='grc' dir='ltr'>θερίζειν</span> <span class='ocrx_word' id='word_1_337' title='bbox 1525 2721 1552 2775; x_wconf 85' lang='grc' dir='ltr'>ὂ</span> <span class='ocrx_word' id='word_1_338' title='bbox 1586 2720 1805 2777; x_wconf 83' lang='grc' dir='ltr'>δύναιτο</span> 
     </span>
    </p>
   </div>
   <div class='ocr_carea' id='block_1_45' title="bbox 240 2812 1805 2887">
    <p class='ocr_par' dir='ltr' id='par_1_45' title="bbox 240 2812 1805 2887">
     <span class='ocr_line' id='line_1_45' title="bbox 240 2812 1805 2887; baseline -0.002 -17"><span class='ocrx_word' id='word_1_339' title='bbox 240 2817 324 2871; x_wconf 73' lang='grc' dir='ltr'><strong>καὶ</strong></span> <span class='ocrx_word' id='word_1_340' title='bbox 356 2815 497 2887; x_wconf 73' lang='grc' dir='ltr'>ἔχειν</span> <span class='ocrx_word' id='word_1_341' title='bbox 530 2814 857 2884; x_wconf 75' lang='grc' dir='ltr'>ἐπέτρεψεν,</span> <span class='ocrx_word' id='word_1_342' title='bbox 889 2813 1112 2885; x_wconf 75' lang='grc' dir='ltr'>ἄριστόν</span> <span class='ocrx_word' id='word_1_343' title='bbox 1143 2832 1202 2867; x_wconf 85' lang='grc' dir='ltr'><strong>τε</strong></span> <span class='ocrx_word' id='word_1_344' title='bbox 1244 2816 1510 2885; x_wconf 78' lang='grc' dir='ltr'>παρέχειν</span> <span class='ocrx_word' id='word_1_345' title='bbox 1537 2814 1674 2884; x_wconf 74' lang='grc' dir='ltr'>αὐτῇ</span> <span class='ocrx_word' id='word_1_346' title='bbox 1727 2812 1805 2885; x_wconf 82' lang='grc' dir='ltr'>τῷ</span> 
     </span>
    </p>
   </div>
   <div class='ocr_carea' id='block_1_46' title="bbox 242 2904 1802 2978">
    <p class='ocr_par' dir='ltr' id='par_1_46' title="bbox 242 2904 1802 2978">
     <span class='ocr_line' id='line_1_46' title="bbox 242 2904 1802 2978; baseline -0.002 -17"><span class='ocrx_word' id='word_1_347' title='bbox 242 2910 518 2978; x_wconf 80' lang='grc' dir='ltr'><strong>ἀγροκόμῳ</strong></span> <span class='ocrx_word' id='word_1_348' title='bbox 546 2906 834 2969; x_wconf 75' lang='grc' dir='ltr'><strong>ἐπέταξεν.</strong></span> <span class='ocrx_word' id='word_1_349' title='bbox 883 2904 952 2959; x_wconf 86' lang='grc' dir='ltr'><strong>Ἦ</strong></span> <span class='ocrx_word' id='word_1_350' title='bbox 993 2906 1051 2959; x_wconf 78' lang='grc' dir='ltr'><strong>δὲ</strong></span> <span class='ocrx_word' id='word_1_351' title='bbox 1085 2907 1181 2959; x_wconf 68' lang='grc' dir='ltr'><strong>καὶ</strong></span> <span class='ocrx_word' id='word_1_352' title='bbox 1213 2906 1416 2975; x_wconf 79' lang='grc' dir='ltr'>ἄλφιτα</span> <span class='ocrx_word' id='word_1_353' title='bbox 1460 2905 1590 2976; x_wconf 71' lang='grc' dir='ltr'>παρ’</span> <span class='ocrx_word' id='word_1_354' title='bbox 1633 2905 1802 2959; x_wconf 74' lang='grc' dir='ltr'>αὑτοῦ</span> 
     </span>
    </p>
   </div>
   <div class='ocr_carea' id='block_1_47' title="bbox 242 2998 1805 3072">
    <p class='ocr_par' dir='ltr' id='par_1_47' title="bbox 242 2998 1805 3072">
     <span class='ocr_line' id='line_1_47' title="bbox 242 2998 1805 3072; baseline -0.001 -18"><span class='ocrx_word' id='word_1_355' title='bbox 242 3001 484 3065; x_wconf 72' lang='grc' dir='ltr'>λαϐοῦσα,</span> <span class='ocrx_word' id='word_1_356' title='bbox 516 3003 585 3072; x_wconf 81' lang='grc' dir='ltr'>τῇ</span> <span class='ocrx_word' id='word_1_357' title='bbox 615 2999 856 3072; x_wconf 85' lang='grc' dir='ltr'>πενθερᾷ</span> <span class='ocrx_word' id='word_1_358' title='bbox 888 3000 1247 3070; x_wconf 87' lang='grc' dir='ltr'>συνετήρησε.</span> <span class='ocrx_word' id='word_1_359' title='bbox 1282 3001 1392 3053; x_wconf 73' lang='grc' dir='ltr'><strong>Καὶ</strong></span> <span class='ocrx_word' id='word_1_360' title='bbox 1445 2998 1685 3070; x_wconf 73' lang='grc' dir='ltr'>ἀπῆλθεν</span> <span class='ocrx_word' id='word_1_361' title='bbox 1707 2999 1805 3069; x_wconf 71' lang='grc' dir='ltr'><strong>ὀψὲ</strong></span> 
     </span>
    </p>
   </div>
   <div class='ocr_carea' id='block_1_48' title="bbox 243 3088 1808 3162">
    <p class='ocr_par' dir='ltr' id='par_1_48' title="bbox 243 3088 1808 3162">
     <span class='ocr_line' id='line_1_48' title="bbox 243 3088 1808 3162; baseline -0.003 -16"><span class='ocrx_word' id='word_1_362' title='bbox 243 3092 529 3162; x_wconf 78' lang='grc' dir='ltr'>κομίζουσα</span> <span class='ocrx_word' id='word_1_363' title='bbox 573 3091 672 3144; x_wconf 74' lang='grc' dir='ltr'><strong>καὶ</strong></span> <span class='ocrx_word' id='word_1_364' title='bbox 721 3090 820 3152; x_wconf 83' lang='grc' dir='ltr'>τὰς</span> <span class='ocrx_word' id='word_1_365' title='bbox 872 3089 1106 3159; x_wconf 79' lang='grc' dir='ltr'>κριθὰς,</span> <span class='ocrx_word' id='word_1_366' title='bbox 1166 3088 1235 3152; x_wconf 72' lang='grc' dir='ltr'>ἃς</span> <span class='ocrx_word' id='word_1_367' title='bbox 1273 3089 1543 3159; x_wconf 63' lang='grc' dir='ltr'>συνέλεξε,</span> <span class='ocrx_word' id='word_1_368' title='bbox 1591 3089 1701 3143; x_wconf 71' lang='grc' dir='ltr'><strong>Καὶ</strong></span> <span class='ocrx_word' id='word_1_369' title='bbox 1739 3088 1808 3141; x_wconf 82' lang='grc' dir='ltr'><strong>τὰ</strong></span> 
     </span>
    </p>
   </div>
   <div class='ocr_carea' id='block_1_49' title="bbox 244 3179 1807 3256">
    <p class='ocr_par' dir='ltr' id='par_1_49' title="bbox 244 3179 1807 3256">
     <span class='ocr_line' id='line_1_49' title="bbox 244 3179 1807 3256; baseline -0.002 -20"><span class='ocrx_word' id='word_1_370' title='bbox 244 3187 380 3256; x_wconf 79' lang='grc' dir='ltr'>παρᾶ</span> <span class='ocrx_word' id='word_1_371' title='bbox 404 3184 497 3238; x_wconf 82' lang='grc' dir='ltr'>τοῦ</span> <span class='ocrx_word' id='word_1_372' title='bbox 539 3184 677 3248; x_wconf 60' lang='lat' dir='ltr'><strong>Bob:</strong></span> <span class='ocrx_word' id='word_1_373' title='bbox 731 3184 867 3253; x_wconf 75' lang='grc' dir='ltr'>αὐτῇ</span> <span class='ocrx_word' id='word_1_374' title='bbox 913 3182 1233 3251; x_wconf 77' lang='grc' dir='ltr'>διηγήσατο.</span> <span class='ocrx_word' id='word_1_375' title='bbox 1275 3182 1385 3234; x_wconf 81' lang='grc' dir='ltr'><strong>Καὶ</strong></span> <span class='ocrx_word' id='word_1_376' title='bbox 1444 3179 1599 3241; x_wconf 76' lang='grc' dir='ltr'>αὖθις</span> <span class='ocrx_word' id='word_1_377' title='bbox 1639 3181 1807 3253; x_wconf 80' lang='grc' dir='ltr'>ἀπῄει</span> 
     </span>
    </p>
   </div>
   <div class='ocr_carea' id='block_1_50' title="bbox 246 3273 1807 3346">
    <p class='ocr_par' dir='ltr' id='par_1_50' title="bbox 246 3273 1807 3346">
     <span class='ocr_line' id='line_1_50' title="bbox 246 3273 1807 3346; baseline -0.003 -16"><span class='ocrx_word' id='word_1_378' title='bbox 246 3279 332 3331; x_wconf 70' lang='grc' dir='ltr'>σὺν</span> <span class='ocrx_word' id='word_1_379' title='bbox 385 3280 505 3341; x_wconf 83' lang='grc' dir='ltr'>ταῖς</span> <span class='ocrx_word' id='word_1_380' title='bbox 541 3275 898 3346; x_wconf 77' lang='grc' dir='ltr'>θεραπαινίσι</span> <span class='ocrx_word' id='word_1_381' title='bbox 929 3274 1088 3337; x_wconf 70' lang='grc' dir='ltr'>Βοός.</span> <span class='ocrx_word' id='word_1_382' title='bbox 1138 3275 1201 3327; x_wconf 86' lang='grc' dir='ltr'><em>Ἢ</em></span> <span class='ocrx_word' id='word_1_383' title='bbox 1247 3274 1454 3343; x_wconf 70' lang='grc' dir='ltr'>Νοεμὶν</span> <span class='ocrx_word' id='word_1_384' title='bbox 1507 3273 1564 3327; x_wconf 80' lang='grc' dir='ltr'><strong>δὲ</strong></span> <span class='ocrx_word' id='word_1_385' title='bbox 1598 3291 1807 3341; x_wconf 80' lang='grc' dir='ltr'>συγκα-</span> 
     </span>
    </p>
   </div>
   <div class='ocr_carea' id='block_1_51' title="bbox 246 3365 1806 3438">
    <p class='ocr_par' dir='ltr' id='par_1_51' title="bbox 246 3365 1806 3438">
     <span class='ocr_line' id='line_1_51' title="bbox 246 3365 1806 3438; baseline -0.003 -17"><span class='ocrx_word' id='word_1_386' title='bbox 246 3370 501 3423; x_wconf 80' lang='grc' dir='ltr'>τακλίνειν</span> <span class='ocrx_word' id='word_1_387' title='bbox 533 3366 684 3438; x_wconf 70' lang='grc' dir='ltr'><strong>αὖτῷ</strong></span> <span class='ocrx_word' id='word_1_388' title='bbox 708 3368 806 3435; x_wconf 78' lang='grc' dir='ltr'>τὴν</span> <span class='ocrx_word' id='word_1_389' title='bbox 848 3366 1004 3420; x_wconf 76' lang='grc' dir='ltr'>Ῥοὺθ</span> <span class='ocrx_word' id='word_1_390' title='bbox 1045 3366 1428 3419; x_wconf 78' lang='grc' dir='ltr'>ἐϐουλεύσατο.</span> <span class='ocrx_word' id='word_1_391' title='bbox 1460 3366 1568 3418; x_wconf 74' lang='grc' dir='ltr'><strong>Καὶ</strong></span> <span class='ocrx_word' id='word_1_392' title='bbox 1597 3365 1806 3432; x_wconf 76' lang='grc' dir='ltr'>πέμπει</span> 
     </span>
    </p>
   </div>
   <div class='ocr_carea' id='block_1_52' title="bbox 1906 2257 3479 2339">
    <p class='ocr_par' dir='ltr' id='par_1_52' title="bbox 1906 2257 3479 2339">
     <span class='ocr_line' id='line_1_52' title="bbox 1906 2257 3479 2339; baseline -0.008 -16"><span class='ocrx_word' id='word_1_393' title='bbox 1906 2267 2250 2339; x_wconf 84' lang='lat' dir='ltr'><strong>spieilegium</strong></span> <span class='ocrx_word' id='word_1_394' title='bbox 2284 2265 2338 2318; x_wconf 90' lang='lat' dir='ltr'><strong>in</strong></span> <span class='ocrx_word' id='word_1_395' title='bbox 2360 2264 2522 2318; x_wconf 78' lang='lat' dir='ltr'><strong>B0021</strong></span> <span class='ocrx_word' id='word_1_396' title='bbox 2551 2277 2743 2332; x_wconf 82' lang='lat' dir='ltr'><strong>agrum</strong></span> <span class='ocrx_word' id='word_1_397' title='bbox 2784 2261 3089 2330; x_wconf 82' lang='lat' dir='ltr'><strong>egreditur.</strong></span> <span class='ocrx_word' id='word_1_398' title='bbox 3152 2258 3245 2313; x_wconf 87' lang='lat' dir='ltr'><strong>Ille</strong></span> <span class='ocrx_word' id='word_1_399' title='bbox 3295 2257 3479 2327; x_wconf 82' lang='lat' dir='ltr'><strong>agnita</strong></span> 
     </span>
    </p>
   </div>
   <div class='ocr_carea' id='block_1_53' title="bbox 1907 2354 3481 2432">
    <p class='ocr_par' dir='ltr' id='par_1_53' title="bbox 1907 2354 3481 2432">
     <span class='ocr_line' id='line_1_53' title="bbox 1907 2354 3481 2432; baseline -0.008 -17"><span class='ocrx_word' id='word_1_400' title='bbox 1907 2362 2109 2432; x_wconf 90' lang='lat' dir='ltr'><strong>puella,</strong></span> <span class='ocrx_word' id='word_1_401' title='bbox 2136 2359 2425 2430; x_wconf 85' lang='lat' dir='ltr'><strong>permittit,</strong></span> <span class='ocrx_word' id='word_1_402' title='bbox 2459 2365 2520 2410; x_wconf 90' lang='lat' dir='ltr'><strong>ut</strong></span> <span class='ocrx_word' id='word_1_403' title='bbox 2555 2354 2702 2426; x_wconf 91' lang='lat' dir='ltr'><strong>quod</strong></span> <span class='ocrx_word' id='word_1_404' title='bbox 2744 2362 2952 2424; x_wconf 89' lang='lat' dir='ltr'><strong>posset,</strong></span> <span class='ocrx_word' id='word_1_405' title='bbox 3000 2360 3231 2407; x_wconf 89' lang='lat' dir='ltr'><strong>meteret</strong></span> <span class='ocrx_word' id='word_1_406' title='bbox 3277 2358 3333 2405; x_wconf 88' lang='lat' dir='ltr'><strong>et</strong></span> <span class='ocrx_word' id='word_1_407' title='bbox 3384 2366 3481 2403; x_wconf 86' lang='lat' dir='ltr'><strong>au-</strong></span> 
     </span>
    </p>
   </div>
   <div class='ocr_carea' id='block_1_54' title="bbox 1907 2441 3481 2523">
    <p class='ocr_par' dir='ltr' id='par_1_54' title="bbox 1907 2441 3481 2523">
     <span class='ocr_line' id='line_1_54' title="bbox 1907 2441 3481 2523; baseline -0.011 -12"><span class='ocrx_word' id='word_1_408' title='bbox 1907 2456 2097 2513; x_wconf 83' lang='lat' dir='ltr'><strong>ferret.</strong></span> <span class='ocrx_word' id='word_1_409' title='bbox 2125 2470 2188 2508; x_wconf 88' lang='lat' dir='ltr'><strong>ac</strong></span> <span class='ocrx_word' id='word_1_410' title='bbox 2223 2455 2512 2523; x_wconf 80' lang='lat' dir='ltr'><strong>prandium</strong></span> <span class='ocrx_word' id='word_1_411' title='bbox 2542 2450 2591 2504; x_wconf 91' lang='lat' dir='ltr'><strong>ei</strong></span> <span class='ocrx_word' id='word_1_412' title='bbox 2625 2446 3041 2520; x_wconf 67' lang='lat' dir='ltr'><strong>prmberijubet</strong></span> <span class='ocrx_word' id='word_1_413' title='bbox 3077 2443 3331 2499; x_wconf 85' lang='lat' dir='ltr'><strong>avillico.</strong></span> <span class='ocrx_word' id='word_1_414' title='bbox 3388 2441 3481 2495; x_wconf 91' lang='lat' dir='ltr'><strong>Illa</strong></span> 
     </span>
    </p>
   </div>
   <div class='ocr_carea' id='block_1_55' title="bbox 1908 2534 3479 2613">
    <p class='ocr_par' dir='ltr' id='par_1_55' title="bbox 1908 2534 3479 2613">
     <span class='ocr_line' id='line_1_55' title="bbox 1908 2534 3479 2613; baseline -0.012 -8"><span class='ocrx_word' id='word_1_415' title='bbox 1908 2550 1977 2606; x_wconf 89' lang='lat' dir='ltr'><strong>de</strong></span> <span class='ocrx_word' id='word_1_416' title='bbox 2021 2548 2147 2603; x_wconf 90' lang='lat' dir='ltr'><strong>cibo</strong></span> <span class='ocrx_word' id='word_1_417' title='bbox 2197 2546 2363 2602; x_wconf 90' lang='lat' dir='ltr'><strong>etiam</strong></span> <span class='ocrx_word' id='word_1_418' title='bbox 2416 2559 2583 2613; x_wconf 83' lang='lat' dir='ltr'><strong>quem</strong></span> <span class='ocrx_word' id='word_1_419' title='bbox 2639 2547 2951 2611; x_wconf 85' lang='lat' dir='ltr'><strong>acceperat,</strong></span> <span class='ocrx_word' id='word_1_420' title='bbox 3004 2535 3211 2607; x_wconf 88' lang='lat' dir='ltr'><strong>aliquid</strong></span> <span class='ocrx_word' id='word_1_421' title='bbox 3294 2534 3479 2589; x_wconf 89' lang='lat' dir='ltr'><strong>socrui</strong></span> 
     </span>
    </p>
   </div>
   <div class='ocr_carea' id='block_1_56' title="bbox 1906 2627 3479 2707">
    <p class='ocr_par' dir='ltr' id='par_1_56' title="bbox 1906 2627 3479 2707">
     <span class='ocr_line' id='line_1_56' title="bbox 1906 2627 3479 2707; baseline -0.013 -10"><span class='ocrx_word' id='word_1_422' title='bbox 1906 2647 2224 2702; x_wconf 80' lang='lat' dir='ltr'><strong>conservat,</strong></span> <span class='ocrx_word' id='word_1_423' title='bbox 2279 2646 2337 2692; x_wconf 89' lang='lat' dir='ltr'><strong>et</strong></span> <span class='ocrx_word' id='word_1_424' title='bbox 2392 2632 2609 2707; x_wconf 85' lang='lat' dir='ltr'><strong>vesperi</strong></span> <span class='ocrx_word' id='word_1_425' title='bbox 2662 2632 2930 2687; x_wconf 90' lang='lat' dir='ltr'><strong>hordeum</strong></span> <span class='ocrx_word' id='word_1_426' title='bbox 2971 2629 3118 2700; x_wconf 90' lang='lat' dir='ltr'><strong>quod</strong></span> <span class='ocrx_word' id='word_1_427' title='bbox 3162 2627 3479 2695; x_wconf 80' lang='lat' dir='ltr'><strong>collegerat,</strong></span> 
     </span>
    </p>
   </div>
   <div class='ocr_carea' id='block_1_57' title="bbox 1908 2715 3481 2793">
    <p class='ocr_par' dir='ltr' id='par_1_57' title="bbox 1908 2715 3481 2793">
     <span class='ocr_line' id='line_1_57' title="bbox 1908 2715 3481 2793; baseline -0.013 -7"><span class='ocrx_word' id='word_1_428' title='bbox 1908 2732 2132 2788; x_wconf 88' lang='lat' dir='ltr'><strong>domum</strong></span> <span class='ocrx_word' id='word_1_429' title='bbox 2165 2730 2370 2793; x_wconf 85' lang='lat' dir='ltr'><strong>ferens,</strong></span> <span class='ocrx_word' id='word_1_430' title='bbox 2403 2735 2515 2780; x_wconf 90' lang='lat' dir='ltr'><strong>uta</strong></span> <span class='ocrx_word' id='word_1_431' title='bbox 2544 2725 2725 2779; x_wconf 84' lang='lat' dir='ltr'><strong>Boozo</strong></span> <span class='ocrx_word' id='word_1_432' title='bbox 2757 2729 2988 2777; x_wconf 84' lang='lat' dir='ltr'><strong>tractata</strong></span> <span class='ocrx_word' id='word_1_433' title='bbox 3056 2729 3223 2781; x_wconf 87' lang='lat' dir='ltr'><strong>esset,</strong></span> <span class='ocrx_word' id='word_1_434' title='bbox 3287 2715 3481 2780; x_wconf 81' lang='lat' dir='ltr'><strong>refert,</strong></span> 
     </span>
    </p>
   </div>
   <div class='ocr_carea' id='block_1_58' title="bbox 1907 2806 3480 2884">
    <p class='ocr_par' dir='ltr' id='par_1_58' title="bbox 1907 2806 3480 2884">
     <span class='ocr_line' id='line_1_58' title="bbox 1907 2806 3480 2884; baseline -0.015 -3"><span class='ocrx_word' id='word_1_435' title='bbox 1907 2806 1972 2880; x_wconf 65' lang='lat' dir='ltr'><strong>ac</strong></span> <span class='ocrx_word' id='word_1_436' title='bbox 2000 2839 2122 2879; x_wconf 86' lang='lat' dir='ltr'><strong>cum</strong></span> <span class='ocrx_word' id='word_1_437' title='bbox 2146 2821 2311 2875; x_wconf 78' lang='lat' dir='ltr'><strong>Boozi</strong></span> <span class='ocrx_word' id='word_1_438' title='bbox 2341 2819 2556 2874; x_wconf 86' lang='lat' dir='ltr'><strong>ancillis</strong></span> <span class='ocrx_word' id='word_1_439' title='bbox 2582 2818 2766 2871; x_wconf 87' lang='lat' dir='ltr'><strong>denuo</strong></span> <span class='ocrx_word' id='word_1_440' title='bbox 2790 2813 3091 2884; x_wconf 70' lang='lat' dir='ltr'><strong>egreditur.</strong></span> <span class='ocrx_word' id='word_1_441' title='bbox 3137 2809 3220 2864; x_wconf 89' lang='lat' dir='ltr'><strong>lbi</strong></span> <span class='ocrx_word' id='word_1_442' title='bbox 3258 2808 3480 2865; x_wconf 71' lang='lat' dir='ltr'><strong>Noemis</strong></span> 
     </span>
    </p>
   </div>
   <div class='ocr_carea' id='block_1_59' title="bbox 1910 2902 3483 2982">
    <p class='ocr_par' dir='ltr' id='par_1_59' title="bbox 1910 2902 3483 2982">
     <span class='ocr_line' id='line_1_59' title="bbox 1910 2902 3483 2982; baseline -0.013 -9"><span class='ocrx_word' id='word_1_443' title='bbox 1910 2916 2200 2974; x_wconf 89' lang='lat' dir='ltr'><strong>consilium</strong></span> <span class='ocrx_word' id='word_1_444' title='bbox 2243 2910 2646 2982; x_wconf 78' lang='lat' dir='ltr'><strong>despondendae</strong></span> <span class='ocrx_word' id='word_1_445' title='bbox 2702 2908 2888 2963; x_wconf 87' lang='lat' dir='ltr'><strong>Boozo</strong></span> <span class='ocrx_word' id='word_1_446' title='bbox 2943 2903 3143 2960; x_wconf 72' lang='lat' dir='ltr'><strong>Ruthte</strong></span> <span class='ocrx_word' id='word_1_447' title='bbox 3200 2902 3368 2972; x_wconf 85' lang='lat' dir='ltr'><strong>capit,</strong></span> <span class='ocrx_word' id='word_1_448' title='bbox 3418 2916 3483 2954; x_wconf 85' lang='lat' dir='ltr'><strong>ac</strong></span> 
     </span>
    </p>
   </div>
   <div class='ocr_carea' id='block_1_60' title="bbox 1910 2995 3483 3075">
    <p class='ocr_par' dir='ltr' id='par_1_60' title="bbox 1910 2995 3483 3075">
     <span class='ocr_line' id='line_1_60' title="bbox 1910 2995 3483 3075; baseline -0.012 -11"><span class='ocrx_word' id='word_1_449' title='bbox 1910 3022 2113 3064; x_wconf 89' lang='lat' dir='ltr'><strong>nurum</strong></span> <span class='ocrx_word' id='word_1_450' title='bbox 2142 3005 2378 3075; x_wconf 75' lang='lat' dir='ltr'><strong>ablegat,</strong></span> <span class='ocrx_word' id='word_1_451' title='bbox 2405 3004 2670 3057; x_wconf 82' lang='lat' dir='ltr'><strong>monitam</strong></span> <span class='ocrx_word' id='word_1_452' title='bbox 2692 3010 2753 3054; x_wconf 91' lang='lat' dir='ltr'><strong>ut</strong></span> <span class='ocrx_word' id='word_1_453' title='bbox 2778 2999 2846 3054; x_wconf 86' lang='lat' dir='ltr'><strong>ad</strong></span> <span class='ocrx_word' id='word_1_454' title='bbox 2867 2998 3037 3068; x_wconf 86' lang='lat' dir='ltr'><strong>pedes</strong></span> <span class='ocrx_word' id='word_1_455' title='bbox 3068 2995 3231 3051; x_wconf 90' lang='lat' dir='ltr'><strong>Boozi</strong></span> <span class='ocrx_word' id='word_1_456' title='bbox 3266 2995 3322 3047; x_wconf 88' lang='lat' dir='ltr'><strong>in</strong></span> <span class='ocrx_word' id='word_1_457' title='bbox 3352 3010 3483 3047; x_wconf 86' lang='lat' dir='ltr'><strong>area</strong></span> 
     </span>
    </p>
   </div>
   <div class='ocr_carea' id='block_1_61' title="bbox 1910 3089 3482 3170">
    <p class='ocr_par' dir='ltr' id='par_1_61' title="bbox 1910 3089 3482 3170">
     <span class='ocr_line' id='line_1_61' title="bbox 1910 3089 3482 3170; baseline -0.013 -11"><span class='ocrx_word' id='word_1_458' title='bbox 1910 3102 2237 3159; x_wconf 87' lang='lat' dir='ltr'><strong>dormientis</strong></span> <span class='ocrx_word' id='word_1_459' title='bbox 2262 3099 2654 3170; x_wconf 85' lang='lat' dir='ltr'><strong>procumbens,</strong></span> <span class='ocrx_word' id='word_1_460' title='bbox 2677 3110 2929 3150; x_wconf 91' lang='lat' dir='ltr'><strong>somnum</strong></span> <span class='ocrx_word' id='word_1_461' title='bbox 2966 3102 3209 3163; x_wconf 87' lang='lat' dir='ltr'><strong>caperet.</strong></span> <span class='ocrx_word' id='word_1_462' title='bbox 3255 3089 3482 3144; x_wconf 84' lang='lat' dir='ltr'><strong>Obtctn-</strong></span> 
     </span>
    </p>
   </div>
   <div class='ocr_carea' id='block_1_62' title="bbox 1911 3185 3483 3268">
    <p class='ocr_par' dir='ltr' id='par_1_62' title="bbox 1911 3185 3483 3268">
     <span class='ocr_line' id='line_1_62' title="bbox 1911 3185 3483 3268; baseline -0.012 -17"><span class='ocrx_word' id='word_1_463' title='bbox 1911 3206 2067 3268; x_wconf 86' lang='lat' dir='ltr'><strong>perat</strong></span> <span class='ocrx_word' id='word_1_464' title='bbox 2099 3195 2211 3251; x_wconf 84' lang='lat' dir='ltr'><strong>illa.</strong></span> <span class='ocrx_word' id='word_1_465' title='bbox 2239 3192 2397 3260; x_wconf 83' lang='lat' dir='ltr'><strong>Quod</strong></span> <span class='ocrx_word' id='word_1_466' title='bbox 2430 3192 2643 3246; x_wconf 86' lang='lat' dir='ltr'><strong>Boozus</strong></span> <span class='ocrx_word' id='word_1_467' title='bbox 2668 3205 2792 3244; x_wconf 93' lang='lat' dir='ltr'><strong>eum</strong></span> <span class='ocrx_word' id='word_1_468' title='bbox 2830 3187 2933 3242; x_wconf 86' lang='lat' dir='ltr'><strong>sub</strong></span> <span class='ocrx_word' id='word_1_469' title='bbox 2966 3185 3203 3239; x_wconf 85' lang='lat' dir='ltr'><strong>mediam</strong></span> <span class='ocrx_word' id='word_1_470' title='bbox 3262 3191 3483 3235; x_wconf 88' lang='lat' dir='ltr'><strong>noctem</strong></span> 
     </span>
    </p>
   </div>
   <div class='ocr_carea' id='block_1_63' title="bbox 1913 3272 3486 3356">
    <p class='ocr_par' dir='ltr' id='par_1_63' title="bbox 1913 3272 3486 3356">
     <span class='ocr_line' id='line_1_63' title="bbox 1913 3272 3486 3356; baseline -0.011 -12"><span class='ocrx_word' id='word_1_471' title='bbox 1913 3287 2198 3353; x_wconf 88' lang='lat' dir='ltr'><strong>sensisset,</strong></span> <span class='ocrx_word' id='word_1_472' title='bbox 2219 3300 2341 3356; x_wconf 69' lang='lat' dir='ltr'><strong>qua:</strong></span> <span class='ocrx_word' id='word_1_473' title='bbox 2356 3292 2502 3340; x_wconf 88' lang='lat' dir='ltr'><strong>esset</strong></span> <span class='ocrx_word' id='word_1_474' title='bbox 2523 3290 2712 3353; x_wconf 87' lang='lat' dir='ltr'><strong>rogat;</strong></span> <span class='ocrx_word' id='word_1_475' title='bbox 2744 3296 2804 3334; x_wconf 91' lang='lat' dir='ltr'><strong>re</strong></span> <span class='ocrx_word' id='word_1_476' title='bbox 2846 3278 3062 3347; x_wconf 81' lang='lat' dir='ltr'><strong>cognita</strong></span> <span class='ocrx_word' id='word_1_477' title='bbox 3117 3284 3231 3329; x_wconf 90' lang='lat' dir='ltr'><strong>tum</strong></span> <span class='ocrx_word' id='word_1_478' title='bbox 3259 3272 3486 3345; x_wconf 84' lang='lat' dir='ltr'><strong>quidem</strong></span> 
     </span>
    </p>
   </div>
   <div class='ocr_carea' id='block_1_64' title="bbox 1913 3370 3487 3453">
    <p class='ocr_par' dir='ltr' id='par_1_64' title="bbox 1913 3370 3487 3453">
     <span class='ocr_line' id='line_1_64' title="bbox 1913 3370 3487 3453; baseline -0.01 -16"><span class='ocrx_word' id='word_1_479' title='bbox 1913 3382 2187 3453; x_wconf 87' lang='lat' dir='ltr'><strong>quiescit;</strong></span> <span class='ocrx_word' id='word_1_480' title='bbox 2221 3393 2380 3433; x_wconf 81' lang='lat' dir='ltr'><strong>mune</strong></span> <span class='ocrx_word' id='word_1_481' title='bbox 2416 3386 2598 3432; x_wconf 86' lang='lat' dir='ltr'><strong>autem</strong></span> <span class='ocrx_word' id='word_1_482' title='bbox 2644 3374 2936 3430; x_wconf 81' lang='lat' dir='ltr'><strong>excitatam</strong></span> <span class='ocrx_word' id='word_1_483' title='bbox 2992 3371 3234 3426; x_wconf 81' lang='lat' dir='ltr'><strong>Rutham</strong></span> <span class='ocrx_word' id='word_1_484' title='bbox 3281 3370 3351 3423; x_wconf 91' lang='lat' dir='ltr'><strong>ad</strong></span> <span class='ocrx_word' id='word_1_485' title='bbox 3398 3383 3487 3422; x_wconf 85' lang='lat' dir='ltr'><strong>so-</strong></span> 
     </span>
    </p>
   </div>
   <div class='ocr_carea' id='block_1_65' title="bbox 244 3456 1808 3542">
    <p class='ocr_par' dir='ltr' id='par_1_65' title="bbox 244 3456 1805 3533">
     <span class='ocr_line' id='line_1_65' title="bbox 244 3456 1805 3533; baseline -0.003 -19"><span class='ocrx_word' id='word_1_486' title='bbox 244 3463 334 3533; x_wconf 72' lang='grc' dir='ltr'>τὴν</span> <span class='ocrx_word' id='word_1_487' title='bbox 359 3461 597 3531; x_wconf 72' lang='grc' dir='ltr'>νύμφην,</span> <span class='ocrx_word' id='word_1_488' title='bbox 629 3459 941 3530; x_wconf 79' lang='grc' dir='ltr'>ὑποθεμένη</span> <span class='ocrx_word' id='word_1_489' title='bbox 978 3457 1130 3529; x_wconf 73' lang='grc' dir='ltr'>παρὰ</span> <span class='ocrx_word' id='word_1_490' title='bbox 1173 3461 1287 3520; x_wconf 83' lang='grc' dir='ltr'>τοῖς</span> <span class='ocrx_word' id='word_1_491' title='bbox 1325 3457 1453 3511; x_wconf 68' lang='grc' dir='ltr'>ποσὶ</span> <span class='ocrx_word' id='word_1_492' title='bbox 1489 3457 1584 3510; x_wconf 81' lang='grc' dir='ltr'><strong>τοῦ</strong></span> <span class='ocrx_word' id='word_1_493' title='bbox 1615 3456 1805 3527; x_wconf 84' lang='grc' dir='ltr'>ἄνδρος</span> 
     </span>
    </p>
   </div>
   <div class='ocr_carea' id='block_1_66' title="bbox 1911 3456 3487 3542">
    <p class='ocr_par' dir='ltr' id='par_1_66' title="bbox 1914 3462 3487 3542">
     <span class='ocr_line' id='line_1_66' title="bbox 1914 3462 3487 3542; baseline -0.012 -11"><span class='ocrx_word' id='word_1_494' title='bbox 1914 3489 2067 3531; x_wconf 88' lang='lat' dir='ltr'><strong>crum</strong></span> <span class='ocrx_word' id='word_1_495' title='bbox 2105 3473 2183 3527; x_wconf 90' lang='lat' dir='ltr'><strong>ire</strong></span> <span class='ocrx_word' id='word_1_496' title='bbox 2207 3470 2365 3542; x_wconf 85' lang='lat' dir='ltr'><strong>jubet</strong></span> <span class='ocrx_word' id='word_1_497' title='bbox 2400 3487 2412 3524; x_wconf 93' lang='lat'>:</span> <span class='ocrx_word' id='word_1_498' title='bbox 2444 3468 2586 3538; x_wconf 86' lang='lat' dir='ltr'><strong>Ipse,</strong></span> <span class='ocrx_word' id='word_1_499' title='bbox 2612 3468 2810 3537; x_wconf 88' lang='lat' dir='ltr'><strong>inquit,</strong></span> <span class='ocrx_word' id='word_1_500' title='bbox 2843 3463 3181 3533; x_wconf 79' lang='lat' dir='ltr'><strong>interrogabo</strong></span> <span class='ocrx_word' id='word_1_501' title='bbox 3222 3478 3369 3525; x_wconf 89' lang='lat' dir='ltr'><strong>eum,</strong></span> <span class='ocrx_word' id='word_1_502' title='bbox 3398 3462 3487 3530; x_wconf 84' lang='lat' dir='ltr'><strong>qui</strong></span> 
     </span>
    </p>
   </div>
   <div class='ocr_carea' id='block_1_67' title="bbox 247 3546 1812 3618">
    <p class='ocr_par' dir='ltr' id='par_1_67' title="bbox 247 3546 1812 3618">
     <span class='ocr_line' id='line_1_67' title="bbox 247 3546 1812 3618; baseline -0.004 -12"><span class='ocrx_word' id='word_1_503' title='bbox 247 3552 595 3612; x_wconf 76' lang='grc' dir='ltr'>ὕπνὼττοντος</span> <span class='ocrx_word' id='word_1_504' title='bbox 624 3551 682 3602; x_wconf 70' lang='grc' dir='ltr'>ὲν</span> <span class='ocrx_word' id='word_1_505' title='bbox 728 3551 791 3618; x_wconf 77' lang='grc' dir='ltr'>τῇ</span> <span class='ocrx_word' id='word_1_506' title='bbox 824 3548 1011 3613; x_wconf 53' lang='lat' dir='ltr'><strong>alio“,</strong></span> <span class='ocrx_word' id='word_1_507' title='bbox 1059 3547 1334 3601; x_wconf 76' lang='grc' dir='ltr'>πεσοῦσαν</span> <span class='ocrx_word' id='word_1_508' title='bbox 1373 3546 1649 3600; x_wconf 79' lang='grc' dir='ltr'>ὑπνῶσαι.</span> <span class='ocrx_word' id='word_1_509' title='bbox 1699 3547 1812 3599; x_wconf 76' lang='grc' dir='ltr'><strong>Καὶ</strong></span> 
     </span>
    </p>
   </div>
   <div class='ocr_carea' id='block_1_68' title="bbox 248 3638 1805 3716">
    <p class='ocr_par' dir='ltr' id='par_1_68' title="bbox 248 3638 1805 3716">
     <span class='ocr_line' id='line_1_68' title="bbox 248 3638 1805 3716; baseline -0.003 -19"><span class='ocrx_word' id='word_1_510' title='bbox 248 3644 398 3716; x_wconf 72' lang='grc' dir='ltr'><strong>ἠμὲν</strong></span> <span class='ocrx_word' id='word_1_511' title='bbox 441 3643 581 3697; x_wconf 71' lang='grc' dir='ltr'>οὕτω</span> <span class='ocrx_word' id='word_1_512' title='bbox 615 3642 943 3711; x_wconf 78' lang='grc' dir='ltr'>πεποίηκεν.</span> <span class='ocrx_word' id='word_1_513' title='bbox 981 3641 1313 3709; x_wconf 80' lang='grc' dir='ltr'>Δίσθόμενος</span> <span class='ocrx_word' id='word_1_514' title='bbox 1345 3638 1391 3694; x_wconf 82' lang='grc' dir='ltr'>δ’</span> <span class='ocrx_word' id='word_1_515' title='bbox 1438 3641 1467 3692; x_wconf 86' lang='grc' dir='ltr'>ὁ</span> <span class='ocrx_word' id='word_1_516' title='bbox 1502 3638 1640 3704; x_wconf 55' lang='lat' dir='ltr'><strong>Boi;</strong></span> <span class='ocrx_word' id='word_1_517' title='bbox 1672 3640 1805 3708; x_wconf 60' lang='grc' dir='ltr'><strong>περ)⁴</strong></span> 
     </span>
    </p>
   </div>
   <div class='ocr_carea' id='block_1_69' title="bbox 254 3731 1811 3804">
    <p class='ocr_par' dir='ltr' id='par_1_69' title="bbox 254 3731 1811 3804">
     <span class='ocr_line' id='line_1_69' title="bbox 254 3731 1811 3804; baseline -0.002 -18"><span class='ocrx_word' id='word_1_518' title='bbox 254 3736 408 3804; x_wconf 69' lang='grc' dir='ltr'>μέσην</span> <span class='ocrx_word' id='word_1_519' title='bbox 430 3734 623 3797; x_wconf 81' lang='grc' dir='ltr'>νύκτα,</span> <span class='ocrx_word' id='word_1_520' title='bbox 657 3733 822 3803; x_wconf 68' lang='grc' dir='ltr'>ἤρετο</span> <span class='ocrx_word' id='word_1_521' title='bbox 846 3731 932 3795; x_wconf 82' lang='grc' dir='ltr'><strong>τίς</strong></span> <span class='ocrx_word' id='word_1_522' title='bbox 959 3735 1101 3788; x_wconf 71' lang='grc' dir='ltr'>ἔστι.</span> <span class='ocrx_word' id='word_1_523' title='bbox 1130 3733 1242 3787; x_wconf 76' lang='grc' dir='ltr'><strong>Καὶ</strong></span> <span class='ocrx_word' id='word_1_524' title='bbox 1295 3731 1504 3803; x_wconf 85' lang='grc' dir='ltr'>μαθὼν,</span> <span class='ocrx_word' id='word_1_525' title='bbox 1560 3731 1680 3785; x_wconf 77' lang='grc' dir='ltr'>τότε</span> <span class='ocrx_word' id='word_1_526' title='bbox 1713 3732 1811 3801; x_wconf 86' lang='grc' dir='ltr'><strong>μὲν</strong></span> 
     </span>
    </p>
   </div>
   <div class='ocr_carea' id='block_1_70' title="bbox 253 3812 1810 3896">
    <p class='ocr_par' dir='ltr' id='par_1_70' title="bbox 253 3812 1810 3896">
     <span class='ocr_line' id='line_1_70' title="bbox 253 3812 1810 3896; baseline -0.001 -18"><span class='ocrx_word' id='word_1_527' title='bbox 253 3827 554 3896; x_wconf 67' lang='grc' dir='ltr'>ἡούχασεντ</span> <span class='ocrx_word' id='word_1_528' title='bbox 609 3823 782 3879; x_wconf 76' lang='grc' dir='ltr'>ἕωθεν</span> <span class='ocrx_word' id='word_1_529' title='bbox 809 3825 855 3879; x_wconf 79' lang='grc' dir='ltr'><strong>δ’</strong></span> <span class='ocrx_word' id='word_1_530' title='bbox 894 3812 1176 3896; x_wconf 79' lang='grc' dir='ltr'>ἐξεγείρας</span> <span class='ocrx_word' id='word_1_531' title='bbox 1209 3826 1308 3896; x_wconf 79' lang='grc' dir='ltr'>τὴν</span> <span class='ocrx_word' id='word_1_532' title='bbox 1352 3825 1531 3891; x_wconf 79' lang='grc' dir='ltr'>Ῥοὺθ,</span> <span class='ocrx_word' id='word_1_533' title='bbox 1577 3824 1810 3896; x_wconf 82' lang='grc' dir='ltr'>πορεύε-</span> 
     </span>
    </p>
   </div>
   <div class='ocr_carea' id='block_1_71' title="bbox 256 3909 1815 3990">
    <p class='ocr_par' dir='ltr' id='par_1_71' title="bbox 256 3909 1815 3990">
     <span class='ocr_line' id='line_1_71' title="bbox 256 3909 1815 3990; baseline 0.001 -20"><span class='ocrx_word' id='word_1_534' title='bbox 256 3919 370 3970; x_wconf 74' lang='grc' dir='ltr'>σθαι</span> <span class='ocrx_word' id='word_1_535' title='bbox 400 3909 532 3989; x_wconf 73' lang='grc' dir='ltr'>πρὸς</span> <span class='ocrx_word' id='word_1_536' title='bbox 557 3919 662 3990; x_wconf 83' lang='grc' dir='ltr'>τὴν</span> <span class='ocrx_word' id='word_1_537' title='bbox 703 3916 978 3987; x_wconf 84' lang='grc' dir='ltr'>πενθερὰν</span> <span class='ocrx_word' id='word_1_538' title='bbox 1016 3917 1343 3974; x_wconf 77' lang='grc' dir='ltr'>ἐνετείλατο.</span> <span class='ocrx_word' id='word_1_539' title='bbox 1387 3918 1559 3983; x_wconf 79' lang='grc' dir='ltr'>Αὐτὸς</span> <span class='ocrx_word' id='word_1_540' title='bbox 1587 3917 1667 3982; x_wconf 74' lang='grc' dir='ltr'><strong>δὲ,</strong></span> <span class='ocrx_word' id='word_1_541' title='bbox 1701 3917 1815 3971; x_wconf 67' lang='lat' dir='ltr'><strong>Ter</strong></span> 
     </span>
    </p>
   </div>
   <div class='ocr_carea' id='block_1_72' title="bbox 256 4009 1815 4081">
    <p class='ocr_par' dir='ltr' id='par_1_72' title="bbox 256 4009 1815 4081">
     <span class='ocr_line' id='line_1_72' title="bbox 256 4009 1815 4081; baseline 0.001 -18"><span class='ocrx_word' id='word_1_542' title='bbox 256 4012 551 4080; x_wconf 72' lang='grc' dir='ltr'>ἐγγύτερον</span> <span class='ocrx_word' id='word_1_543' title='bbox 568 4011 714 4080; x_wconf 75' lang='grc' dir='ltr'><strong>ἐμοῦ</strong></span> <span class='ocrx_word' id='word_1_544' title='bbox 743 4010 1187 4081; x_wconf 65' lang='grc' dir='ltr'>ἀτχιστεύοντά</span> <span class='ocrx_word' id='word_1_545' title='bbox 1224 4027 1323 4066; x_wconf 91' lang='grc' dir='ltr'><strong>σοι</strong></span> <span class='ocrx_word' id='word_1_546' title='bbox 1353 4010 1644 4080; x_wconf 73' lang='grc' dir='ltr'>ἐρήσομαι</span> <span class='ocrx_word' id='word_1_547' title='bbox 1669 4028 1683 4042; x_wconf 76' lang='grc' dir='ltr'><strong><em>ο</em></strong></span> <span class='ocrx_word' id='word_1_548' title='bbox 1716 4009 1815 4064; x_wconf 73' lang='grc' dir='ltr'>καί</span> 
     </span>
    </p>
   </div>
   <div class='ocr_carea' id='block_1_73' title="bbox 256 4101 1814 4172">
    <p class='ocr_par' dir='ltr' id='par_1_73' title="bbox 256 4101 1814 4172">
     <span class='ocr_line' id='line_1_73' title="bbox 256 4101 1814 4172; baseline -0.001 -15"><span class='ocrx_word' id='word_1_549' title='bbox 256 4107 302 4157; x_wconf 79' lang='grc' dir='ltr'>εὶ</span> <span class='ocrx_word' id='word_1_550' title='bbox 318 4104 423 4172; x_wconf 77' lang='grc' dir='ltr'><strong>μὲν</strong></span> <span class='ocrx_word' id='word_1_551' title='bbox 443 4104 672 4169; x_wconf 75' lang='grc' dir='ltr'>ἐκεῖνος</span> <span class='ocrx_word' id='word_1_552' title='bbox 699 4101 1027 4172; x_wconf 78' lang='grc' dir='ltr'>ἀγαγέσθαι</span> <span class='ocrx_word' id='word_1_553' title='bbox 1059 4118 1134 4157; x_wconf 86' lang='grc' dir='ltr'><strong>σε</strong></span> <span class='ocrx_word' id='word_1_554' title='bbox 1157 4104 1473 4168; x_wconf 77' lang='grc' dir='ltr'>βούλεται,</span> <span class='ocrx_word' id='word_1_555' title='bbox 1511 4102 1814 4169; x_wconf 80' lang='grc' dir='ltr'>ἁπελεύσῃ</span> 
     </span>
    </p>
   </div>
   <div class='ocr_carea' id='block_1_74' title="bbox 260 4190 1815 4262">
    <p class='ocr_par' dir='ltr' id='par_1_74' title="bbox 260 4190 1815 4262">
     <span class='ocr_line' id='line_1_74' title="bbox 260 4190 1815 4262; baseline 0.001 -17"><span class='ocrx_word' id='word_1_556' title='bbox 260 4194 393 4260; x_wconf 69' lang='grc' dir='ltr'>πρὸς</span> <span class='ocrx_word' id='word_1_557' title='bbox 435 4194 543 4249; x_wconf 75' lang='grc' dir='ltr'><strong>τὸν</strong></span> <span class='ocrx_word' id='word_1_558' title='bbox 593 4193 819 4262; x_wconf 80' lang='grc' dir='ltr'><strong>ἄνδρα’</strong></span> <span class='ocrx_word' id='word_1_559' title='bbox 887 4190 1366 4261; x_wconf 77' lang='grc' dir='ltr'>παραιτουμένου</span> <span class='ocrx_word' id='word_1_560' title='bbox 1412 4192 1501 4257; x_wconf 83' lang='grc' dir='ltr'>δὲ,</span> <span class='ocrx_word' id='word_1_561' title='bbox 1552 4192 1815 4262; x_wconf 79' lang='grc' dir='ltr'><strong>νομίμως</strong></span> 
     </span>
    </p>
   </div>
   <div class='ocr_carea' id='block_1_75' title="bbox 261 4282 1817 4357">
    <p class='ocr_par' dir='ltr' id='par_1_75' title="bbox 261 4282 1817 4357">
     <span class='ocr_line' id='line_1_75' title="bbox 261 4282 1817 4357; baseline 0 -19"><span class='ocrx_word' id='word_1_562' title='bbox 261 4285 630 4353; x_wconf 77' lang='grc' dir='ltr'>συνοικήσεις</span> <span class='ocrx_word' id='word_1_563' title='bbox 668 4285 820 4356; x_wconf 78' lang='grc' dir='ltr'><strong>ἐμοῖ.</strong></span> <span class='ocrx_word' id='word_1_564' title='bbox 864 4286 1130 4355; x_wconf 77' lang='grc' dir='ltr'>’Δπῆλθεν</span> <span class='ocrx_word' id='word_1_565' title='bbox 1154 4282 1246 4341; x_wconf 83' lang='grc' dir='ltr'>οὖν</span> <span class='ocrx_word' id='word_1_566' title='bbox 1267 4288 1300 4356; x_wconf 81' lang='grc' dir='ltr'><strong>ή</strong></span> <span class='ocrx_word' id='word_1_567' title='bbox 1328 4285 1487 4357; x_wconf 84' lang='grc' dir='ltr'>γυνὴ,</span> <span class='ocrx_word' id='word_1_568' title='bbox 1536 4286 1633 4338; x_wconf 79' lang='lat' dir='ltr'><strong>xa‘t</strong></span> <span class='ocrx_word' id='word_1_569' title='bbox 1659 4285 1817 4355; x_wconf 80' lang='grc' dir='ltr'>δεδή-</span> 
     </span>
    </p>
   </div>
   <div class='ocr_carea' id='block_1_76' title="bbox 262 4375 1817 4449">
    <p class='ocr_par' dir='ltr' id='par_1_76' title="bbox 262 4375 1817 4449">
     <span class='ocr_line' id='line_1_76' title="bbox 262 4375 1817 4449; baseline 0.001 -22"><span class='ocrx_word' id='word_1_570' title='bbox 262 4378 387 4431; x_wconf 80' lang='grc' dir='ltr'>λωκε</span> <span class='ocrx_word' id='word_1_571' title='bbox 420 4380 597 4433; x_wconf 73' lang='grc' dir='ltr'>πὰντα</span> <span class='ocrx_word' id='word_1_572' title='bbox 626 4381 694 4448; x_wconf 84' lang='grc' dir='ltr'><strong>τῇ</strong></span> <span class='ocrx_word' id='word_1_573' title='bbox 746 4376 976 4447; x_wconf 84' lang='grc' dir='ltr'>Νοεμίν.</span> <span class='ocrx_word' id='word_1_574' title='bbox 1011 4375 1070 4449; x_wconf 80' lang='grc' dir='ltr'><em>Ὅ</em></span> <span class='ocrx_word' id='word_1_575' title='bbox 1099 4377 1156 4430; x_wconf 79' lang='grc' dir='ltr'><em>δέ</em></span> <span class='ocrx_word' id='word_1_576' title='bbox 1186 4394 1250 4446; x_wconf 89' lang='grc' dir='ltr'><strong>γε</strong></span> <span class='ocrx_word' id='word_1_577' title='bbox 1283 4377 1415 4442; x_wconf 60' lang='lat' dir='ltr'><strong>Bob;</strong></span> <span class='ocrx_word' id='word_1_578' title='bbox 1441 4379 1595 4449; x_wconf 76' lang='grc' dir='ltr'>παρὰ</span> <span class='ocrx_word' id='word_1_579' title='bbox 1630 4378 1695 4447; x_wconf 85' lang='grc' dir='ltr'><strong>τῇ</strong></span> <span class='ocrx_word' id='word_1_580' title='bbox 1724 4392 1817 4442; x_wconf 90' lang='grc' dir='ltr'>γε-</span> 
     </span>
    </p>
   </div>
   <div class='ocr_carea' id='block_1_77' title="bbox 266 4468 1816 4543">
    <p class='ocr_par' dir='ltr' id='par_1_77' title="bbox 266 4468 1816 4543">
     <span class='ocr_line' id='line_1_77' title="bbox 266 4468 1816 4543; baseline -0.001 -21"><span class='ocrx_word' id='word_1_581' title='bbox 266 4472 437 4543; x_wconf 68' lang='grc' dir='ltr'>ρουσίᾳ</span> <span class='ocrx_word' id='word_1_582' title='bbox 469 4473 568 4542; x_wconf 77' lang='grc' dir='ltr'>τήν</span> <span class='ocrx_word' id='word_1_583' title='bbox 594 4487 660 4523; x_wconf 80' lang='grc' dir='ltr'><strong>τε</strong></span> <span class='ocrx_word' id='word_1_584' title='bbox 699 4468 859 4523; x_wconf 79' lang='grc' dir='ltr'>Ῥοὺθ</span> <span class='ocrx_word' id='word_1_585' title='bbox 887 4471 982 4522; x_wconf 83' lang='grc' dir='ltr'><strong>καὶ</strong></span> <span class='ocrx_word' id='word_1_586' title='bbox 1029 4469 1121 4522; x_wconf 82' lang='grc' dir='ltr'>τὸν</span> <span class='ocrx_word' id='word_1_587' title='bbox 1172 4469 1410 4539; x_wconf 86' lang='grc' dir='ltr'>συγγενῆ</span> <span class='ocrx_word' id='word_1_588' title='bbox 1467 4469 1816 4532; x_wconf 78' lang='grc' dir='ltr'>συνεκάλεσε,</span> 
     </span>
    </p>
   </div>
   <div class='ocr_carea' id='block_1_78' title="bbox 264 4561 1817 4633">
    <p class='ocr_par' dir='ltr' id='par_1_78' title="bbox 264 4561 1817 4633">
     <span class='ocr_line' id='line_1_78' title="bbox 264 4561 1817 4633; baseline 0.001 -17"><span class='ocrx_word' id='word_1_589' title='bbox 264 4567 346 4617; x_wconf 65' lang='grc' dir='ltr'><strong>καὶ</strong></span> <span class='ocrx_word' id='word_1_590' title='bbox 375 4561 519 4617; x_wconf 72' lang='grc' dir='ltr'>εἷπεν</span> <span class='ocrx_word' id='word_1_591' title='bbox 573 4563 721 4633; x_wconf 77' lang='grc' dir='ltr'><strong>αὐτῷ</strong></span> <span class='ocrx_word' id='word_1_592' title='bbox 742 4579 760 4595; x_wconf 71' lang='grc' dir='ltr'><strong><em>ο</em></strong></span> <span class='ocrx_word' id='word_1_593' title='bbox 786 4562 1099 4630; x_wconf 72' lang='grc' dir='ltr'><strong>Ἀϐιμέλεχ</strong></span> <span class='ocrx_word' id='word_1_594' title='bbox 1123 4561 1230 4615; x_wconf 85' lang='grc' dir='ltr'>τοῦ</span> <span class='ocrx_word' id='word_1_595' title='bbox 1260 4561 1598 4632; x_wconf 62' lang='grc' dir='ltr'>συγγενοῦς</span> <span class='ocrx_word' id='word_1_596' title='bbox 1626 4561 1817 4631; x_wconf 71' lang='grc' dir='ltr'><strong>ἡμῶν,</strong></span> 
     </span>
    </p>
   </div>
   <div class='ocr_carea' id='block_1_79' title="bbox 268 4642 1821 4724">
    <p class='ocr_par' dir='ltr' id='par_1_79' title="bbox 268 4642 1821 4724">
     <span class='ocr_line' id='line_1_79' title="bbox 268 4642 1821 4724; baseline -0.002 -14"><span class='ocrx_word' id='word_1_597' title='bbox 268 4657 351 4710; x_wconf 75' lang='grc' dir='ltr'><strong>καὶ</strong></span> <span class='ocrx_word' id='word_1_598' title='bbox 393 4655 506 4709; x_wconf 75' lang='grc' dir='ltr'><strong>τῶν</strong></span> <span class='ocrx_word' id='word_1_599' title='bbox 544 4655 776 4708; x_wconf 78' lang='grc' dir='ltr'>παίδων</span> <span class='ocrx_word' id='word_1_600' title='bbox 804 4652 991 4708; x_wconf 83' lang='grc' dir='ltr'>αὐτοῦ</span> <span class='ocrx_word' id='word_1_601' title='bbox 1020 4642 1292 4724; x_wconf 73' lang='grc' dir='ltr'>κατέχεις</span> <span class='ocrx_word' id='word_1_602' title='bbox 1321 4654 1590 4724; x_wconf 76' lang='grc' dir='ltr'><strong>κλῆρον;</strong></span> <span class='ocrx_word' id='word_1_603' title='bbox 1623 4655 1821 4708; x_wconf 76' lang='grc' dir='ltr'>Συνθεο</span> 
     </span>
    </p>
   </div>
   <div class='ocr_carea' id='block_1_80' title="bbox 272 4746 1809 4819">
    <p class='ocr_par' dir='ltr' id='par_1_80' title="bbox 272 4746 1809 4819">
     <span class='ocr_line' id='line_1_80' title="bbox 272 4746 1809 4819; baseline -0.002 -19"><span class='ocrx_word' id='word_1_604' title='bbox 272 4752 413 4819; x_wconf 78' lang='grc' dir='ltr'>μένου</span> <span class='ocrx_word' id='word_1_605' title='bbox 447 4750 489 4802; x_wconf 75' lang='grc' dir='ltr'>δ’</span> <span class='ocrx_word' id='word_1_606' title='bbox 541 4749 687 4819; x_wconf 74' lang='grc' dir='ltr'>ἔχειν</span> <span class='ocrx_word' id='word_1_607' title='bbox 716 4747 948 4810; x_wconf 73' lang='grc' dir='ltr'>ἐκείνου,</span> <span class='ocrx_word' id='word_1_608' title='bbox 985 4746 1128 4799; x_wconf 82' lang='grc' dir='ltr'><strong>κατᾶ</strong></span> <span class='ocrx_word' id='word_1_609' title='bbox 1160 4749 1283 4808; x_wconf 75' lang='grc' dir='ltr'>τοὺς</span> <span class='ocrx_word' id='word_1_610' title='bbox 1314 4746 1513 4816; x_wconf 77' lang='grc' dir='ltr'>νόμους</span> <span class='ocrx_word' id='word_1_611' title='bbox 1559 4747 1624 4800; x_wconf 88' lang='grc' dir='ltr'>δι’</span> <span class='ocrx_word' id='word_1_612' title='bbox 1662 4751 1809 4817; x_wconf 75' lang='grc' dir='ltr'>ἀγχι-</span> 
     </span>
    </p>
   </div>
   <div class='ocr_carea' id='block_1_81' title="bbox 272 4834 1817 4907">
    <p class='ocr_par' dir='ltr' id='par_1_81' title="bbox 272 4834 1817 4907">
     <span class='ocr_line' id='line_1_81' title="bbox 272 4834 1817 4907; baseline -0.001 -14"><span class='ocrx_word' id='word_1_613' title='bbox 272 4841 448 4896; x_wconf 79' lang='grc' dir='ltr'>στείαν·</span> <span class='ocrx_word' id='word_1_614' title='bbox 485 4841 722 4895; x_wconf 77' lang='grc' dir='ltr'><strong>Οὐκοῦν</strong></span> <span class='ocrx_word' id='word_1_615' title='bbox 750 4841 862 4907; x_wconf 79' lang='grc' dir='ltr'><strong>οὐχ</strong></span> <span class='ocrx_word' id='word_1_616' title='bbox 894 4839 962 4902; x_wconf 79' lang='grc' dir='ltr'><strong>ἐξ</strong></span> <span class='ocrx_word' id='word_1_617' title='bbox 988 4840 1286 4907; x_wconf 77' lang='grc' dir='ltr'>ἡμισείας,</span> <span class='ocrx_word' id='word_1_618' title='bbox 1312 4837 1438 4907; x_wconf 69' lang='grc' dir='ltr'>ἔφη,</span> <span class='ocrx_word' id='word_1_619' title='bbox 1476 4834 1593 4891; x_wconf 82' lang='grc' dir='ltr'><strong>τῶν</strong></span> <span class='ocrx_word' id='word_1_620' title='bbox 1618 4841 1817 4906; x_wconf 78' lang='grc' dir='ltr'><em>νόμων</em></span> 
     </span>
    </p>
   </div>
   <div class='ocr_carea' id='block_1_82' title="bbox 267 4929 1818 5001">
    <p class='ocr_par' dir='ltr' id='par_1_82' title="bbox 267 4929 1818 5001">
     <span class='ocr_line' id='line_1_82' title="bbox 267 4929 1818 5001; baseline -0.003 -15"><span class='ocrx_word' id='word_1_621' title='bbox 267 4935 575 5001; x_wconf 71' lang='grc' dir='ltr'>μεμνῆσθαι</span> <span class='ocrx_word' id='word_1_622' title='bbox 608 4932 758 4993; x_wconf 79' lang='grc' dir='ltr'>δεῖν,</span> <span class='ocrx_word' id='word_1_623' title='bbox 805 4931 902 4985; x_wconf 77' lang='grc' dir='ltr'><strong>ἐπὶ</strong></span> <span class='ocrx_word' id='word_1_624' title='bbox 936 4929 1089 4987; x_wconf 83' lang='grc' dir='ltr'>πᾶσι</span> <span class='ocrx_word' id='word_1_625' title='bbox 1117 4929 1185 4983; x_wconf 82' lang='grc' dir='ltr'><strong>δὲ</strong></span> <span class='ocrx_word' id='word_1_626' title='bbox 1218 4930 1411 4983; x_wconf 82' lang='grc' dir='ltr'>ποιεῖν</span> <span class='ocrx_word' id='word_1_627' title='bbox 1437 4931 1562 4983; x_wconf 79' lang='grc' dir='ltr'>κατ’</span> <span class='ocrx_word' id='word_1_628' title='bbox 1596 4929 1818 4994; x_wconf 79' lang='grc' dir='ltr'>αὐτοὺς</span> 
     </span>
    </p>
   </div>
   <div class='ocr_carea' id='block_1_83' title="bbox 274 5020 1825 5092">
    <p class='ocr_par' dir='ltr' id='par_1_83' title="bbox 274 5020 1825 5092">
     <span class='ocr_line' id='line_1_83' title="bbox 274 5020 1825 5092; baseline -0.001 -15"><span class='ocrx_word' id='word_1_629' title='bbox 274 5028 480 5088; x_wconf 61' lang='grc' dir='ltr'>λοιπὸν,</span> <span class='ocrx_word' id='word_1_630' title='bbox 507 5025 603 5078; x_wconf 76' lang='grc' dir='ltr'><strong>καὶ</strong></span> <span class='ocrx_word' id='word_1_631' title='bbox 630 5024 697 5078; x_wconf 83' lang='grc' dir='ltr'>τὸ</span> <span class='ocrx_word' id='word_1_632' title='bbox 724 5024 831 5077; x_wconf 85' lang='grc' dir='ltr'>τοῦ</span> <span class='ocrx_word' id='word_1_633' title='bbox 861 5022 1125 5077; x_wconf 75' lang='grc' dir='ltr'><strong>Μαλλῶν</strong></span> <span class='ocrx_word' id='word_1_634' title='bbox 1151 5024 1401 5090; x_wconf 77' lang='grc' dir='ltr'>γύναιον</span> <span class='ocrx_word' id='word_1_635' title='bbox 1446 5022 1581 5077; x_wconf 79' lang='grc' dir='ltr'>υἱοῦ</span> <span class='ocrx_word' id='word_1_636' title='bbox 1606 5020 1825 5092; x_wconf 75' lang='grc' dir='ltr'><strong>Ἀϐιμέ-</strong></span> 
     </span>
    </p>
   </div>
   <div class='ocr_carea' id='block_1_84' title="bbox 273 5115 1827 5189">
    <p class='ocr_par' dir='ltr' id='par_1_84' title="bbox 273 5115 1827 5189">
     <span class='ocr_line' id='line_1_84' title="bbox 273 5115 1827 5189; baseline 0.001 -20"><span class='ocrx_word' id='word_1_637' title='bbox 273 5119 560 5189; x_wconf 76' lang='grc' dir='ltr'>λεχγῆμαι</span> <span class='ocrx_word' id='word_1_638' title='bbox 602 5133 678 5171; x_wconf 84' lang='grc' dir='ltr'><strong>σε</strong></span> <span class='ocrx_word' id='word_1_639' title='bbox 730 5115 869 5185; x_wconf 78' lang='grc' dir='ltr'>χρὴ,</span> <span class='ocrx_word' id='word_1_640' title='bbox 901 5117 1003 5170; x_wconf 77' lang='grc' dir='ltr'><strong>ἵνα</strong></span> <span class='ocrx_word' id='word_1_641' title='bbox 1060 5117 1421 5185; x_wconf 72' lang='grc' dir='ltr'>ἀναστήσῃς</span> <span class='ocrx_word' id='word_1_642' title='bbox 1452 5115 1692 5185; x_wconf 80' lang='grc' dir='ltr'>σπέρμα</span> <span class='ocrx_word' id='word_1_643' title='bbox 1744 5117 1827 5183; x_wconf 81' lang='grc' dir='ltr'>τῷ</span> 
     </span>
    </p>
   </div>
   <div class='ocr_carea' id='block_1_85' title="bbox 276 5209 1826 5282">
    <p class='ocr_par' dir='ltr' id='par_1_85' title="bbox 276 5209 1826 5282">
     <span class='ocr_line' id='line_1_85' title="bbox 276 5209 1826 5282; baseline -0.001 -18"><span class='ocrx_word' id='word_1_644' title='bbox 276 5213 546 5281; x_wconf 75' lang='grc' dir='ltr'>συγγενεῖ.</span> <span class='ocrx_word' id='word_1_645' title='bbox 586 5213 645 5265; x_wconf 84' lang='grc' dir='ltr'>Ὀ</span> <span class='ocrx_word' id='word_1_646' title='bbox 693 5211 751 5264; x_wconf 81' lang='grc' dir='ltr'><strong>δὲ</strong></span> <span class='ocrx_word' id='word_1_647' title='bbox 788 5211 1168 5282; x_wconf 78' lang='grc' dir='ltr'>παρῃτήσατο,</span> <span class='ocrx_word' id='word_1_648' title='bbox 1223 5209 1317 5262; x_wconf 70' lang='grc' dir='ltr'><strong>καὶ</strong></span> <span class='ocrx_word' id='word_1_649' title='bbox 1355 5209 1449 5262; x_wconf 84' lang='grc' dir='ltr'>τοῦ</span> <span class='ocrx_word' id='word_1_650' title='bbox 1497 5209 1699 5279; x_wconf 84' lang='grc' dir='ltr'>κλήρου</span> <span class='ocrx_word' id='word_1_651' title='bbox 1730 5211 1826 5262; x_wconf 74' lang='grc' dir='ltr'>καὶ</span> 
     </span>
    </p>
   </div>
   <div class='ocr_carea' id='block_1_86' title="bbox 275 5301 1828 5376">
    <p class='ocr_par' dir='ltr' id='par_1_86' title="bbox 275 5301 1828 5376">
     <span class='ocr_line' id='line_1_86' title="bbox 275 5301 1828 5376; baseline -0.002 -19"><span class='ocrx_word' id='word_1_652' title='bbox 275 5306 357 5373; x_wconf 70' lang='grc' dir='ltr'>τῆς</span> <span class='ocrx_word' id='word_1_653' title='bbox 404 5304 661 5373; x_wconf 71' lang='grc' dir='ltr'>γυναικὸς</span> <span class='ocrx_word' id='word_1_654' title='bbox 693 5303 1103 5376; x_wconf 77' lang='grc' dir='ltr'>παραχωρήσας</span> <span class='ocrx_word' id='word_1_655' title='bbox 1137 5302 1306 5370; x_wconf 80' lang='grc' dir='ltr'>αὐτῷ.</span> <span class='ocrx_word' id='word_1_656' title='bbox 1350 5302 1509 5353; x_wconf 70' lang='grc' dir='ltr'>Κατὰ</span> <span class='ocrx_word' id='word_1_657' title='bbox 1563 5301 1694 5368; x_wconf 81' lang='grc' dir='ltr'>γοῦν</span> <span class='ocrx_word' id='word_1_658' title='bbox 1737 5302 1828 5354; x_wconf 70' lang='grc' dir='ltr'><strong>τὸν</strong></span> 
     </span>
    </p>
   </div>
   <div class='ocr_carea' id='block_1_87' title="bbox 276 5393 1827 5465">
    <p class='ocr_par' dir='ltr' id='par_1_87' title="bbox 276 5393 1827 5465">
     <span class='ocr_line' id='line_1_87' title="bbox 276 5393 1827 5465; baseline 0.001 -19"><span class='ocrx_word' id='word_1_659' title='bbox 276 5396 417 5464; x_wconf 63' lang='grc' dir='ltr'>νῦμον</span> <span class='ocrx_word' id='word_1_660' title='bbox 449 5398 679 5451; x_wconf 79' lang='grc' dir='ltr'>ἐνώπιον</span> <span class='ocrx_word' id='word_1_661' title='bbox 712 5396 810 5465; x_wconf 73' lang='grc' dir='ltr'><strong>τῆς</strong></span> <span class='ocrx_word' id='word_1_662' title='bbox 860 5396 1188 5465; x_wconf 83' lang='grc' dir='ltr'>γερουσίας,</span> <span class='ocrx_word' id='word_1_663' title='bbox 1241 5396 1275 5465; x_wconf 75' lang='grc' dir='ltr'><strong>ἡ</strong></span> <span class='ocrx_word' id='word_1_664' title='bbox 1331 5396 1486 5448; x_wconf 81' lang='grc' dir='ltr'><strong>Ῥοὺο</strong></span> <span class='ocrx_word' id='word_1_665' title='bbox 1522 5393 1827 5448; x_wconf 82' lang='grc' dir='ltr'>ὑπελύσατο</span> 
     </span>
    </p>
   </div>
   <div class='ocr_carea' id='block_1_88' title="bbox 278 5488 1825 5561">
    <p class='ocr_par' dir='ltr' id='par_1_88' title="bbox 278 5488 1825 5561">
     <span class='ocr_line' id='line_1_88' title="bbox 278 5488 1825 5561; baseline 0.001 -21"><span class='ocrx_word' id='word_1_666' title='bbox 278 5489 358 5541; x_wconf 78' lang='grc' dir='ltr'><strong>καὶ</strong></span> <span class='ocrx_word' id='word_1_667' title='bbox 387 5492 441 5543; x_wconf 70' lang='grc' dir='ltr'>τὸ</span> <span class='ocrx_word' id='word_1_668' title='bbox 487 5491 742 5561; x_wconf 73' lang='grc' dir='ltr'>ὑπόδημα</span> <span class='ocrx_word' id='word_1_669' title='bbox 793 5489 886 5542; x_wconf 82' lang='grc' dir='ltr'><strong>τοῦ</strong></span> <span class='ocrx_word' id='word_1_670' title='bbox 919 5489 1107 5559; x_wconf 70' lang='grc' dir='ltr'>ἀνδρὸς</span> <span class='ocrx_word' id='word_1_671' title='bbox 1155 5490 1386 5551; x_wconf 77' lang='grc' dir='ltr'>ἐκείνου,</span> <span class='ocrx_word' id='word_1_672' title='bbox 1441 5489 1533 5540; x_wconf 72' lang='grc' dir='ltr'>καὶ</span> <span class='ocrx_word' id='word_1_673' title='bbox 1594 5488 1825 5541; x_wconf 78' lang='grc' dir='ltr'>ἔπτυσεν</span> 
     </span>
    </p>
   </div>
   <div class='ocr_carea' id='block_1_89' title="bbox 174 5580 1823 5652">
    <p class='ocr_par' dir='ltr' id='par_1_89' title="bbox 174 5580 1823 5652">
     <span class='ocr_line' id='line_1_89' title="bbox 174 5580 1823 5652; baseline 0.003 -22"><span class='ocrx_word' id='word_1_674' title='bbox 174 5602 179 5607; x_wconf 61' lang='grc' dir='ltr'><strong>ι</strong></span> <span class='ocrx_word' id='word_1_675' title='bbox 282 5581 423 5634; x_wconf 77' lang='grc' dir='ltr'><strong>αὖτοῦ</strong></span> <span class='ocrx_word' id='word_1_676' title='bbox 446 5585 523 5645; x_wconf 87' lang='grc' dir='ltr'><strong>εἰς</strong></span> <span class='ocrx_word' id='word_1_677' title='bbox 549 5583 610 5635; x_wconf 72' lang='grc' dir='ltr'><strong>τὸ</strong></span> <span class='ocrx_word' id='word_1_678' title='bbox 638 5582 951 5652; x_wconf 79' lang='grc' dir='ltr'>πρόσωπον.</span> <span class='ocrx_word' id='word_1_679' title='bbox 984 5581 1090 5632; x_wconf 76' lang='grc' dir='ltr'><strong>Καὶ</strong></span> <span class='ocrx_word' id='word_1_680' title='bbox 1114 5580 1293 5644; x_wconf 75' lang='grc' dir='ltr'>οὕτως</span> <span class='ocrx_word' id='word_1_681' title='bbox 1320 5581 1489 5651; x_wconf 70' lang='grc' dir='ltr'>αὐτὴν</span> <span class='ocrx_word' id='word_1_682' title='bbox 1519 5580 1761 5651; x_wconf 78' lang='grc' dir='ltr'>ἠγάγετο</span> <span class='ocrx_word' id='word_1_683' title='bbox 1794 5583 1823 5635; x_wconf 85' lang='grc' dir='ltr'>ὁ</span> 
     </span>
    </p>
   </div>
   <div class='ocr_carea' id='block_1_90' title="bbox 284 5671 1821 5744">
    <p class='ocr_par' dir='ltr' id='par_1_90' title="bbox 284 5671 1821 5744">
     <span class='ocr_line' id='line_1_90' title="bbox 284 5671 1821 5744; baseline 0.003 -22"><span class='ocrx_word' id='word_1_684' title='bbox 284 5671 524 5736; x_wconf 56' lang='lat' dir='ltr'><strong>Bob-{.741</strong></span> <span class='ocrx_word' id='word_1_685' title='bbox 566 5673 755 5727; x_wconf 80' lang='grc' dir='ltr'>ἔτεκεν</span> <span class='ocrx_word' id='word_1_686' title='bbox 785 5674 844 5738; x_wconf 76' lang='grc' dir='ltr'>ἐξ</span> <span class='ocrx_word' id='word_1_687' title='bbox 894 5672 1062 5743; x_wconf 76' lang='grc' dir='ltr'>αὐτῆς</span> <span class='ocrx_word' id='word_1_688' title='bbox 1098 5672 1184 5724; x_wconf 77' lang='grc' dir='ltr'>τὸν</span> <span class='ocrx_word' id='word_1_689' title='bbox 1213 5673 1392 5742; x_wconf 80' lang='grc' dir='ltr'><strong>Ὠϐήδ.</strong></span> <span class='ocrx_word' id='word_1_690' title='bbox 1425 5673 1730 5744; x_wconf 69' lang='grc' dir='ltr'>Ἑλληνιστὶ</span> <span class='ocrx_word' id='word_1_691' title='bbox 1775 5674 1821 5726; x_wconf 80' lang='grc' dir='ltr'><strong>δ’</strong></span> 
     </span>
    </p>
   </div>
   <div class='ocr_carea' id='block_1_91' title="bbox 286 5762 1824 5836">
    <p class='ocr_par' dir='ltr' id='par_1_91' title="bbox 286 5762 1824 5836">
     <span class='ocr_line' id='line_1_91' title="bbox 286 5762 1824 5836; baseline 0.007 -25"><span class='ocrx_word' id='word_1_692' title='bbox 286 5762 637 5832; x_wconf 73' lang='grc' dir='ltr'>ἑρμηνεύεται,</span> <span class='ocrx_word' id='word_1_693' title='bbox 682 5765 1008 5820; x_wconf 78' lang='grc' dir='ltr'><strong>δουλεύων.</strong></span> <span class='ocrx_word' id='word_1_694' title='bbox 1049 5764 1138 5833; x_wconf 82' lang='grc' dir='ltr'>Ἐξ</span> <span class='ocrx_word' id='word_1_695' title='bbox 1167 5766 1328 5836; x_wconf 71' lang='grc' dir='ltr'><strong>Ὠϐὴδ</strong></span> <span class='ocrx_word' id='word_1_696' title='bbox 1354 5766 1407 5817; x_wconf 80' lang='grc' dir='ltr'><strong>δὲ</strong></span> <span class='ocrx_word' id='word_1_697' title='bbox 1459 5766 1665 5833; x_wconf 87' lang='grc' dir='ltr'>γίνεται</span> <span class='ocrx_word' id='word_1_698' title='bbox 1693 5767 1824 5820; x_wconf 82' lang='grc' dir='ltr'>Ἰεσ-</span> 
     </span>
    </p>
   </div>
   <div class='ocr_carea' id='block_1_92' title="bbox 289 5856 1822 5928">
    <p class='ocr_par' dir='ltr' id='par_1_92' title="bbox 289 5856 1822 5928">
     <span class='ocr_line' id='line_1_92' title="bbox 289 5856 1822 5928; baseline 0.007 -24"><span class='ocrx_word' id='word_1_699' title='bbox 289 5857 381 5919; x_wconf 67' lang='lat' dir='ltr'><strong>eat,</strong></span> <span class='ocrx_word' id='word_1_700' title='bbox 406 5857 490 5911; x_wconf 73' lang='grc' dir='ltr'><strong>καὶ</strong></span> <span class='ocrx_word' id='word_1_701' title='bbox 520 5859 582 5910; x_wconf 71' lang='grc' dir='ltr'><strong>ἐκ</strong></span> <span class='ocrx_word' id='word_1_702' title='bbox 610 5856 803 5911; x_wconf 58' lang='grc' dir='ltr'>τούτου</span> <span class='ocrx_word' id='word_1_703' title='bbox 832 5857 1016 5924; x_wconf 71' lang='grc' dir='ltr'>Δαϐὶδ,</span> <span class='ocrx_word' id='word_1_704' title='bbox 1049 5858 1104 5923; x_wconf 77' lang='grc' dir='ltr'>ὃς</span> <span class='ocrx_word' id='word_1_705' title='bbox 1157 5859 1264 5915; x_wconf 78' lang='grc' dir='ltr'>τῶν</span> <span class='ocrx_word' id='word_1_706' title='bbox 1299 5858 1356 5924; x_wconf 73' lang='grc' dir='ltr'>ἐξ</span> <span class='ocrx_word' id='word_1_707' title='bbox 1391 5858 1599 5928; x_wconf 68' lang='grc' dir='ltr'>Ἰσραὴλ</span> <span class='ocrx_word' id='word_1_708' title='bbox 1636 5858 1822 5914; x_wconf 61' lang='grc' dir='ltr'>ἐϐασί-</span> 
     </span>
    </p>
   </div>
   <div class='ocr_carea' id='block_1_93' title="bbox 1916 3554 3485 3633">
    <p class='ocr_par' dir='ltr' id='par_1_93' title="bbox 1916 3554 3485 3633">
     <span class='ocr_line' id='line_1_93' title="bbox 1916 3554 3485 3633; baseline -0.01 -13"><span class='ocrx_word' id='word_1_709' title='bbox 1916 3575 1992 3620; x_wconf 85' lang='lat' dir='ltr'><strong>est</strong></span> <span class='ocrx_word' id='word_1_710' title='bbox 2024 3565 2118 3618; x_wconf 83' lang='lat' dir='ltr'><strong>tibi</strong></span> <span class='ocrx_word' id='word_1_711' title='bbox 2137 3562 2396 3633; x_wconf 80' lang='lat' dir='ltr'><strong>sanguine</strong></span> <span class='ocrx_word' id='word_1_712' title='bbox 2423 3559 2637 3629; x_wconf 82' lang='lat' dir='ltr'><strong>propior</strong></span> <span class='ocrx_word' id='word_1_713' title='bbox 2663 3575 2680 3612; x_wconf 90' lang='lat'><strong><em>:</em></strong></span> <span class='ocrx_word' id='word_1_714' title='bbox 2702 3559 2792 3628; x_wconf 90' lang='lat' dir='ltr'><strong>qui</strong></span> <span class='ocrx_word' id='word_1_715' title='bbox 2842 3558 2887 3610; x_wconf 78' lang='lat' dir='ltr'><strong>si</strong></span> <span class='ocrx_word' id='word_1_716' title='bbox 2915 3563 2963 3609; x_wconf 91' lang='lat' dir='ltr'><strong>te</strong></span> <span class='ocrx_word' id='word_1_717' title='bbox 3003 3555 3191 3616; x_wconf 82' lang='lat' dir='ltr'><strong>ducere</strong></span> <span class='ocrx_word' id='word_1_718' title='bbox 3238 3554 3485 3616; x_wconf 82' lang='lat' dir='ltr'><strong>voluerit,</strong></span> 
     </span>
    </p>
   </div>
   <div class='ocr_carea' id='block_1_94' title="bbox 1915 3645 3488 3721">
    <p class='ocr_par' dir='ltr' id='par_1_94' title="bbox 1915 3645 3488 3721">
     <span class='ocr_line' id='line_1_94' title="bbox 1915 3645 3488 3721; baseline -0.011 -8"><span class='ocrx_word' id='word_1_719' title='bbox 1915 3657 1985 3713; x_wconf 88' lang='lat' dir='ltr'><strong>ad</strong></span> <span class='ocrx_word' id='word_1_720' title='bbox 2033 3654 2184 3709; x_wconf 83' lang='lat' dir='ltr'><strong>illum</strong></span> <span class='ocrx_word' id='word_1_721' title='bbox 2239 3665 2288 3708; x_wconf 88' lang='lat' dir='ltr'><strong>te</strong></span> <span class='ocrx_word' id='word_1_722' title='bbox 2319 3651 2597 3721; x_wconf 74' lang='lat' dir='ltr'><strong>conferes:</strong></span> <span class='ocrx_word' id='word_1_723' title='bbox 2638 3650 2720 3703; x_wconf 86' lang='lat' dir='ltr'><strong>sin</strong></span> <span class='ocrx_word' id='word_1_724' title='bbox 2763 3647 3042 3711; x_wconf 83' lang='lat' dir='ltr'><strong>recusarit,</strong></span> <span class='ocrx_word' id='word_1_725' title='bbox 3074 3645 3307 3714; x_wconf 87' lang='lat' dir='ltr'><strong>legitima</strong></span> <span class='ocrx_word' id='word_1_726' title='bbox 3361 3645 3488 3697; x_wconf 86' lang='lat' dir='ltr'><strong>mihi</strong></span> 
     </span>
    </p>
   </div>
   <div class='ocr_carea' id='block_1_95' title="bbox 1916 3734 3479 3812">
    <p class='ocr_par' dir='ltr' id='par_1_95' title="bbox 1916 3734 3479 3812">
     <span class='ocr_line' id='line_1_95' title="bbox 1916 3734 3479 3812; baseline -0.011 -8"><span class='ocrx_word' id='word_1_727' title='bbox 1916 3749 2111 3812; x_wconf 69' lang='lat' dir='ltr'><strong>coniux</strong></span> <span class='ocrx_word' id='word_1_728' title='bbox 2129 3748 2251 3801; x_wconf 82' lang='lat' dir='ltr'><strong>eris.</strong></span> <span class='ocrx_word' id='word_1_729' title='bbox 2276 3745 2406 3800; x_wconf 89' lang='lat' dir='ltr'><strong>Abit</strong></span> <span class='ocrx_word' id='word_1_730' title='bbox 2440 3742 2662 3803; x_wconf 88' lang='lat' dir='ltr'><strong>mulier,</strong></span> <span class='ocrx_word' id='word_1_731' title='bbox 2706 3737 2960 3795; x_wconf 88' lang='lat' dir='ltr'><strong>Noemidi</strong></span> <span class='ocrx_word' id='word_1_732' title='bbox 3016 3736 3241 3807; x_wconf 86' lang='lat' dir='ltr'><strong>exponit</strong></span> <span class='ocrx_word' id='word_1_733' title='bbox 3271 3734 3479 3789; x_wconf 88' lang='lat' dir='ltr'><strong>omnia.</strong></span> 
     </span>
    </p>
   </div>
   <div class='ocr_carea' id='block_1_96' title="bbox 1915 3830 3492 3906">
    <p class='ocr_par' dir='ltr' id='par_1_96' title="bbox 1915 3830 3492 3906">
     <span class='ocr_line' id='line_1_96' title="bbox 1915 3830 3492 3906; baseline -0.01 -8"><span class='ocrx_word' id='word_1_734' title='bbox 1915 3843 2128 3898; x_wconf 83' lang='lat' dir='ltr'><strong>Boozus</strong></span> <span class='ocrx_word' id='word_1_735' title='bbox 2158 3839 2395 3895; x_wconf 85' lang='lat' dir='ltr'><strong>Rutham</strong></span> <span class='ocrx_word' id='word_1_736' title='bbox 2424 3846 2479 3891; x_wconf 85' lang='lat' dir='ltr'><strong>et</strong></span> <span class='ocrx_word' id='word_1_737' title='bbox 2507 3842 2801 3906; x_wconf 89' lang='lat' dir='ltr'><strong>cognatum</strong></span> <span class='ocrx_word' id='word_1_738' title='bbox 2835 3833 2955 3904; x_wconf 83' lang='lat' dir='ltr'><strong>ejus</strong></span> <span class='ocrx_word' id='word_1_739' title='bbox 2993 3830 3061 3884; x_wconf 86' lang='lat' dir='ltr'><strong>ad</strong></span> <span class='ocrx_word' id='word_1_740' title='bbox 3095 3838 3347 3884; x_wconf 89' lang='lat' dir='ltr'><strong>senatum</strong></span> <span class='ocrx_word' id='word_1_741' title='bbox 3401 3843 3492 3883; x_wconf 85' lang='lat' dir='ltr'><strong>ae-</strong></span> 
     </span>
    </p>
   </div>
   <div class='ocr_carea' id='block_1_97' title="bbox 1916 3921 3492 4001">
    <p class='ocr_par' dir='ltr' id='par_1_97' title="bbox 1916 3921 3492 4001">
     <span class='ocr_line' id='line_1_97' title="bbox 1916 3921 3492 4001; baseline -0.011 -12"><span class='ocrx_word' id='word_1_742' title='bbox 1916 3933 2106 3998; x_wconf 86' lang='lat' dir='ltr'><strong>cersit,</strong></span> <span class='ocrx_word' id='word_1_743' title='bbox 2158 3932 2320 4001; x_wconf 83' lang='lat' dir='ltr'><strong>eique</strong></span> <span class='ocrx_word' id='word_1_744' title='bbox 2378 3928 2552 3983; x_wconf 88' lang='lat' dir='ltr'><strong>dicit:</strong></span> <span class='ocrx_word' id='word_1_745' title='bbox 2597 3925 2912 3981; x_wconf 80' lang='lat' dir='ltr'><strong>Abimelechi</strong></span> <span class='ocrx_word' id='word_1_746' title='bbox 2955 3923 3167 3994; x_wconf 88' lang='lat' dir='ltr'><strong>cognati</strong></span> <span class='ocrx_word' id='word_1_747' title='bbox 3231 3921 3396 3977; x_wconf 83' lang='lat' dir='ltr'><strong>nostri</strong></span> <span class='ocrx_word' id='word_1_748' title='bbox 3426 3925 3492 3973; x_wconf 87' lang='lat' dir='ltr'><strong>&#39;et</strong></span> 
     </span>
    </p>
   </div>
   <div class='ocr_carea' id='block_1_98' title="bbox 1916 4011 3489 4095">
    <p class='ocr_par' dir='ltr' id='par_1_98' title="bbox 1916 4011 3489 4095">
     <span class='ocr_line' id='line_1_98' title="bbox 1916 4011 3489 4095; baseline -0.011 -15"><span class='ocrx_word' id='word_1_749' title='bbox 1916 4026 2151 4095; x_wconf 75' lang='lat' dir='ltr'><strong>filiorum</strong></span> <span class='ocrx_word' id='word_1_750' title='bbox 2182 4023 2295 4092; x_wconf 77' lang='lat' dir='ltr'><strong>ejus</strong></span> <span class='ocrx_word' id='word_1_751' title='bbox 2346 4021 2706 4075; x_wconf 71' lang='lat' dir='ltr'><strong>[nereditatem</strong></span> <span class='ocrx_word' id='word_1_752' title='bbox 2752 4015 2940 4070; x_wconf 84' lang='lat' dir='ltr'><strong>tenes?</strong></span> <span class='ocrx_word' id='word_1_753' title='bbox 2989 4014 3307 4069; x_wconf 81' lang='lat' dir='ltr'><strong>Aﬁirmante</strong></span> <span class='ocrx_word' id='word_1_754' title='bbox 3373 4011 3489 4073; x_wconf 88' lang='lat' dir='ltr'><strong>illo,</strong></span> 
     </span>
    </p>
   </div>
   <div class='ocr_carea' id='block_1_99' title="bbox 1920 4101 3485 4182">
    <p class='ocr_par' dir='ltr' id='par_1_99' title="bbox 1920 4101 3485 4182">
     <span class='ocr_line' id='line_1_99' title="bbox 1920 4101 3485 4182; baseline -0.012 -11"><span class='ocrx_word' id='word_1_755' title='bbox 1920 4127 2108 4173; x_wconf 84' lang='lat' dir='ltr'><strong>tenere</strong></span> <span class='ocrx_word' id='word_1_756' title='bbox 2143 4129 2203 4169; x_wconf 87' lang='lat' dir='ltr'><strong>se</strong></span> <span class='ocrx_word' id='word_1_757' title='bbox 2245 4114 2315 4168; x_wconf 91' lang='lat' dir='ltr'><strong>ob</strong></span> <span class='ocrx_word' id='word_1_758' title='bbox 2368 4110 2836 4182; x_wconf 77' lang='lat' dir='ltr'><strong>propinquitatem</strong></span> <span class='ocrx_word' id='word_1_759' title='bbox 2889 4121 2957 4160; x_wconf 83' lang='lat' dir='ltr'><strong>ex</strong></span> <span class='ocrx_word' id='word_1_760' title='bbox 3001 4105 3160 4174; x_wconf 86' lang='lat' dir='ltr'><strong>lege:</strong></span> <span class='ocrx_word' id='word_1_761' title='bbox 3193 4101 3310 4157; x_wconf 88' lang='lat' dir='ltr'><strong>Non</strong></span> <span class='ocrx_word' id='word_1_762' title='bbox 3337 4117 3485 4170; x_wconf 89' lang='lat' dir='ltr'><strong>ergo,</strong></span> 
     </span>
    </p>
   </div>
   <div class='ocr_carea' id='block_1_100' title="bbox 1921 4189 3493 4276">
    <p class='ocr_par' dir='ltr' id='par_1_100' title="bbox 1921 4189 3493 4276">
     <span class='ocr_line' id='line_1_100' title="bbox 1921 4189 3493 4276; baseline -0.013 -15"><span class='ocrx_word' id='word_1_763' title='bbox 1921 4205 2122 4276; x_wconf 86' lang='lat' dir='ltr'><strong>inquit,</strong></span> <span class='ocrx_word' id='word_1_764' title='bbox 2150 4220 2212 4258; x_wconf 77' lang='lat' dir='ltr'><strong>ex</strong></span> <span class='ocrx_word' id='word_1_765' title='bbox 2231 4202 2446 4258; x_wconf 75' lang='lat' dir='ltr'><strong>semisse</strong></span> <span class='ocrx_word' id='word_1_766' title='bbox 2476 4197 2813 4253; x_wconf 76' lang='lat' dir='ltr'><strong>observanda:</strong></span> <span class='ocrx_word' id='word_1_767' title='bbox 2841 4194 2947 4266; x_wconf 79' lang='lat'><strong>56</strong></span> <span class='ocrx_word' id='word_1_768' title='bbox 2971 4202 3091 4248; x_wconf 85' lang='lat' dir='ltr'><strong>sunt</strong></span> <span class='ocrx_word' id='word_1_769' title='bbox 3116 4191 3271 4263; x_wconf 79' lang='lat' dir='ltr'><strong>leges,</strong></span> <span class='ocrx_word' id='word_1_770' title='bbox 3303 4189 3394 4244; x_wconf 86' lang='lat' dir='ltr'><strong>sed</strong></span> <span class='ocrx_word' id='word_1_771' title='bbox 3438 4190 3493 4241; x_wconf 88' lang='lat' dir='ltr'><strong>in</strong></span> 
     </span>
    </p>
   </div>
   <div class='ocr_carea' id='block_1_101' title="bbox 1921 4274 3495 4359">
    <p class='ocr_par' dir='ltr' id='par_1_101' title="bbox 1921 4274 3495 4359">
     <span class='ocr_line' id='line_1_101' title="bbox 1921 4274 3495 4359; baseline -0.015 -4"><span class='ocrx_word' id='word_1_772' title='bbox 1921 4274 2159 4354; x_wconf 77' lang='lat' dir='ltr'><strong>omnibus</strong></span> <span class='ocrx_word' id='word_1_773' title='bbox 2199 4297 2350 4350; x_wconf 81' lang='lat' dir='ltr'><strong>rebus</strong></span> <span class='ocrx_word' id='word_1_774' title='bbox 2375 4292 2481 4347; x_wconf 84' lang='lat' dir='ltr'><strong>illis</strong></span> <span class='ocrx_word' id='word_1_775' title='bbox 2525 4274 3037 4359; x_wconf 68' lang='lat' dir='ltr'><strong>obtemperantium?</strong></span> <span class='ocrx_word' id='word_1_776' title='bbox 3094 4283 3275 4338; x_wconf 79' lang='lat' dir='ltr'><strong>Restat</strong></span> <span class='ocrx_word' id='word_1_777' title='bbox 3330 4282 3495 4351; x_wconf 80' lang='lat' dir='ltr'><strong>igitur</strong></span> 
     </span>
    </p>
   </div>
   <div class='ocr_carea' id='block_1_102' title="bbox 1922 4376 3495 4446">
    <p class='ocr_par' dir='ltr' id='par_1_102' title="bbox 1922 4376 3495 4446">
     <span class='ocr_line' id='line_1_102' title="bbox 1922 4376 3495 4446; baseline -0.012 -5"><span class='ocrx_word' id='word_1_778' title='bbox 1922 4398 1978 4442; x_wconf 84' lang='lat' dir='ltr'><strong>ut</strong></span> <span class='ocrx_word' id='word_1_779' title='bbox 2023 4385 2274 4441; x_wconf 82' lang='lat' dir='ltr'><strong>Mallonis</strong></span> <span class='ocrx_word' id='word_1_780' title='bbox 2314 4379 2634 4439; x_wconf 82' lang='lat' dir='ltr'><strong>Abimclechi</strong></span> <span class='ocrx_word' id='word_1_781' title='bbox 2693 4378 2794 4446; x_wconf 83' lang='lat' dir='ltr'><strong>ﬁlii</strong></span> <span class='ocrx_word' id='word_1_782' title='bbox 2827 4393 3044 4431; x_wconf 73' lang='lat' dir='ltr'><strong>uxorem</strong></span> <span class='ocrx_word' id='word_1_783' title='bbox 3086 4376 3272 4437; x_wconf 80' lang='lat' dir='ltr'><strong>ducas,</strong></span> <span class='ocrx_word' id='word_1_784' title='bbox 3310 4381 3360 4425; x_wconf 87' lang='lat' dir='ltr'><strong>et</strong></span> <span class='ocrx_word' id='word_1_785' title='bbox 3408 4385 3495 4423; x_wconf 87' lang='lat' dir='ltr'><strong>co-</strong></span> 
     </span>
    </p>
   </div>
   <div class='ocr_carea' id='block_1_103' title="bbox 1922 4467 3493 4551">
    <p class='ocr_par' dir='ltr' id='par_1_103' title="bbox 1922 4467 3493 4551">
     <span class='ocr_line' id='line_1_103' title="bbox 1922 4467 3493 4551; baseline -0.013 -17"><span class='ocrx_word' id='word_1_786' title='bbox 1922 4487 2083 4551; x_wconf 86' lang='lat' dir='ltr'><strong>gnato</strong></span> <span class='ocrx_word' id='word_1_787' title='bbox 2112 4493 2286 4531; x_wconf 82' lang='lat' dir='ltr'><strong>semen</strong></span> <span class='ocrx_word' id='word_1_788' title='bbox 2311 4477 2526 4530; x_wconf 77' lang='lat' dir='ltr'><strong>excites.</strong></span> <span class='ocrx_word' id='word_1_789' title='bbox 2568 4473 2812 4528; x_wconf 82' lang='lat' dir='ltr'><strong>Becusat</strong></span> <span class='ocrx_word' id='word_1_790' title='bbox 2860 4470 2974 4530; x_wconf 86' lang='lat' dir='ltr'><strong>ille,</strong></span> <span class='ocrx_word' id='word_1_791' title='bbox 3021 4482 3085 4522; x_wconf 91' lang='lat' dir='ltr'><strong>ac</strong></span> <span class='ocrx_word' id='word_1_792' title='bbox 3139 4467 3316 4520; x_wconf 85' lang='lat' dir='ltr'><strong>Boozo</strong></span> <span class='ocrx_word' id='word_1_793' title='bbox 3382 4467 3493 4517; x_wconf 81' lang='lat' dir='ltr'><strong>tam</strong></span> 
     </span>
    </p>
   </div>
   <div class='ocr_carea' id='block_1_104' title="bbox 1923 4557 3496 4637">
    <p class='ocr_par' dir='ltr' id='par_1_104' title="bbox 1923 4557 3496 4637">
     <span class='ocr_line' id='line_1_104' title="bbox 1923 4557 3496 4637; baseline -0.011 -11"><span class='ocrx_word' id='word_1_794' title='bbox 1923 4569 2246 4627; x_wconf 81' lang='lat' dir='ltr'><strong>haereditate</strong></span> <span class='ocrx_word' id='word_1_795' title='bbox 2302 4581 2467 4637; x_wconf 91' lang='lat' dir='ltr'><strong>quam</strong></span> <span class='ocrx_word' id='word_1_796' title='bbox 2520 4564 2753 4619; x_wconf 89' lang='lat' dir='ltr'><strong>muliere</strong></span> <span class='ocrx_word' id='word_1_797' title='bbox 2808 4561 2971 4616; x_wconf 88' lang='lat' dir='ltr'><strong>cedit.</strong></span> <span class='ocrx_word' id='word_1_798' title='bbox 3015 4559 3218 4621; x_wconf 77' lang='lat' dir='ltr'><strong>Rutha,</strong></span> <span class='ocrx_word' id='word_1_799' title='bbox 3274 4564 3336 4612; x_wconf 87' lang='lat' dir='ltr'><strong>ut</strong></span> <span class='ocrx_word' id='word_1_800' title='bbox 3375 4557 3496 4626; x_wconf 88' lang='lat' dir='ltr'><strong>lege</strong></span> 
     </span>
    </p>
   </div>
   <div class='ocr_carea' id='block_1_105' title="bbox 1919 4650 3498 4738">
    <p class='ocr_par' dir='ltr' id='par_1_105' title="bbox 1919 4650 3498 4738">
     <span class='ocr_line' id='line_1_105' title="bbox 1919 4650 3498 4738; baseline -0.013 -16"><span class='ocrx_word' id='word_1_801' title='bbox 1919 4666 2239 4738; x_wconf 85' lang='lat' dir='ltr'><strong>jubebatur,</strong></span> <span class='ocrx_word' id='word_1_802' title='bbox 2272 4662 2453 4717; x_wconf 91' lang='lat' dir='ltr'><strong>soluto</strong></span> <span class='ocrx_word' id='word_1_803' title='bbox 2479 4658 2577 4713; x_wconf 86' lang='lat' dir='ltr'><strong>viri</strong></span> <span class='ocrx_word' id='word_1_804' title='bbox 2602 4657 2752 4711; x_wconf 86' lang='lat' dir='ltr'><strong>illius</strong></span> <span class='ocrx_word' id='word_1_805' title='bbox 2776 4654 2985 4716; x_wconf 86' lang='lat' dir='ltr'><strong>calceo,</strong></span> <span class='ocrx_word' id='word_1_806' title='bbox 3018 4652 3075 4707; x_wconf 92' lang='lat' dir='ltr'><strong>in</strong></span> <span class='ocrx_word' id='word_1_807' title='bbox 3128 4652 3322 4706; x_wconf 78' lang='lat' dir='ltr'><strong>faciem</strong></span> <span class='ocrx_word' id='word_1_808' title='bbox 3376 4650 3498 4719; x_wconf 88' lang='lat' dir='ltr'><strong>ejus</strong></span> 
     </span>
    </p>
   </div>
   <div class='ocr_carea' id='block_1_106' title="bbox 1926 4740 3500 4829">
    <p class='ocr_par' dir='ltr' id='par_1_106' title="bbox 1926 4740 3500 4829">
     <span class='ocr_line' id='line_1_106' title="bbox 1926 4740 3500 4829; baseline -0.013 -14"><span class='ocrx_word' id='word_1_809' title='bbox 1926 4759 2164 4829; x_wconf 80' lang='lat' dir='ltr'><strong>exspuit,</strong></span> <span class='ocrx_word' id='word_1_810' title='bbox 2222 4756 2406 4825; x_wconf 88' lang='lat' dir='ltr'><strong>itaque</strong></span> <span class='ocrx_word' id='word_1_811' title='bbox 2448 4753 2625 4806; x_wconf 88' lang='lat' dir='ltr'><strong>Boozo</strong></span> <span class='ocrx_word' id='word_1_812' title='bbox 2671 4749 2851 4813; x_wconf 87' lang='lat' dir='ltr'><strong>nubit,</strong></span> <span class='ocrx_word' id='word_1_813' title='bbox 2904 4754 2961 4802; x_wconf 91' lang='lat' dir='ltr'><strong>et</strong></span> <span class='ocrx_word' id='word_1_814' title='bbox 3003 4745 3229 4800; x_wconf 88' lang='lat' dir='ltr'><strong>ﬁliolum</strong></span> <span class='ocrx_word' id='word_1_815' title='bbox 3275 4742 3326 4796; x_wconf 91' lang='lat' dir='ltr'><strong>ci</strong></span> <span class='ocrx_word' id='word_1_816' title='bbox 3357 4740 3500 4811; x_wconf 78' lang='lat' dir='ltr'><strong>parit</strong></span> 
     </span>
    </p>
   </div>
   <div class='ocr_carea' id='block_1_107' title="bbox 1923 4834 3499 4919">
    <p class='ocr_par' dir='ltr' id='par_1_107' title="bbox 1923 4834 3499 4919">
     <span class='ocr_line' id='line_1_107' title="bbox 1923 4834 3499 4919; baseline -0.013 -11"><span class='ocrx_word' id='word_1_817' title='bbox 1923 4852 2172 4908; x_wconf 89' lang='lat' dir='ltr'><strong>Obedum</strong></span> <span class='ocrx_word' id='word_1_818' title='bbox 2225 4850 2549 4919; x_wconf 84' lang='lat' dir='ltr'><strong>(servientem</strong></span> <span class='ocrx_word' id='word_1_819' title='bbox 2593 4843 2643 4896; x_wconf 91' lang='lat' dir='ltr'><strong>id</strong></span> <span class='ocrx_word' id='word_1_820' title='bbox 2695 4858 2895 4897; x_wconf 90' lang='lat' dir='ltr'><strong>nomen</strong></span> <span class='ocrx_word' id='word_1_821' title='bbox 2947 4835 3264 4909; x_wconf 85' lang='lat' dir='ltr'><strong>signiﬁcat).</strong></span> <span class='ocrx_word' id='word_1_822' title='bbox 3309 4834 3499 4891; x_wconf 89' lang='lat' dir='ltr'><strong>Obedo</strong></span> 
     </span>
    </p>
   </div>
   <div class='ocr_carea' id='block_1_108' title="bbox 1922 4928 3499 5003">
    <p class='ocr_par' dir='ltr' id='par_1_108' title="bbox 1922 4928 3499 5003">
     <span class='ocr_line' id='line_1_108' title="bbox 1922 4928 3499 5003; baseline -0.012 -4"><span class='ocrx_word' id='word_1_823' title='bbox 1922 4944 2167 4999; x_wconf 89' lang='lat' dir='ltr'><strong>nascitur</strong></span> <span class='ocrx_word' id='word_1_824' title='bbox 2203 4940 2454 5001; x_wconf 68' lang='lat' dir='ltr'><strong>Jessmus,</strong></span> <span class='ocrx_word' id='word_1_825' title='bbox 2495 4950 2671 5003; x_wconf 90' lang='lat' dir='ltr'><strong>eoque</strong></span> <span class='ocrx_word' id='word_1_826' title='bbox 2697 4931 2892 4995; x_wconf 88' lang='lat' dir='ltr'><strong>David,</strong></span> <span class='ocrx_word' id='word_1_827' title='bbox 2952 4930 3297 5002; x_wconf 83' lang='lat' dir='ltr'><strong>quireguum</strong></span> <span class='ocrx_word' id='word_1_828' title='bbox 3324 4928 3499 4982; x_wconf 87' lang='lat' dir='ltr'><strong>Israe-</strong></span> 
     </span>
    </p>
   </div>
   <div class='ocr_carea' id='block_1_109' title="bbox 1927 5016 3502 5093">
    <p class='ocr_par' dir='ltr' id='par_1_109' title="bbox 1927 5016 3502 5093">
     <span class='ocr_line' id='line_1_109' title="bbox 1927 5016 3502 5093; baseline -0.015 -3"><span class='ocrx_word' id='word_1_829' title='bbox 1927 5036 2153 5090; x_wconf 85' lang='lat' dir='ltr'><strong>litarum</strong></span> <span class='ocrx_word' id='word_1_830' title='bbox 2187 5031 2456 5093; x_wconf 91' lang='lat' dir='ltr'><strong>obtinuit,</strong></span> <span class='ocrx_word' id='word_1_831' title='bbox 2486 5035 2543 5082; x_wconf 83' lang='lat' dir='ltr'><strong>et</strong></span> <span class='ocrx_word' id='word_1_832' title='bbox 2578 5026 2705 5081; x_wconf 86' lang='lat' dir='ltr'><strong>ﬁliis</strong></span> <span class='ocrx_word' id='word_1_833' title='bbox 2743 5024 2858 5080; x_wconf 92' lang='lat' dir='ltr'><strong>suis</strong></span> <span class='ocrx_word' id='word_1_834' title='bbox 2905 5022 3198 5091; x_wconf 87' lang='lat' dir='ltr'><strong>imperium</strong></span> <span class='ocrx_word' id='word_1_835' title='bbox 3260 5016 3502 5085; x_wconf 87' lang='lat' dir='ltr'><strong>reliquit,</strong></span> 
     </span>
    </p>
   </div>
   <div class='ocr_carea' id='block_1_110' title="bbox 1930 5104 3505 5194">
    <p class='ocr_par' dir='ltr' id='par_1_110' title="bbox 1930 5104 3505 5194">
     <span class='ocr_line' id='line_1_110' title="bbox 1930 5104 3505 5194; baseline -0.015 -16"><span class='ocrx_word' id='word_1_836' title='bbox 1930 5124 1996 5179; x_wconf 89' lang='lat' dir='ltr'><strong>ad</strong></span> <span class='ocrx_word' id='word_1_837' title='bbox 2031 5137 2202 5194; x_wconf 83' lang='lat' dir='ltr'><strong>genus</strong></span> <span class='ocrx_word' id='word_1_838' title='bbox 2223 5119 2459 5190; x_wconf 90' lang='lat' dir='ltr'><strong>primum</strong></span> <span class='ocrx_word' id='word_1_839' title='bbox 2482 5126 2537 5171; x_wconf 90' lang='lat' dir='ltr'><strong>et</strong></span> <span class='ocrx_word' id='word_1_840' title='bbox 2562 5114 2886 5170; x_wconf 80' lang='lat' dir='ltr'><strong>vicesimum</strong></span> <span class='ocrx_word' id='word_1_841' title='bbox 2936 5117 3316 5181; x_wconf 85' lang='lat' dir='ltr'><strong>propagatum.</strong></span> <span class='ocrx_word' id='word_1_842' title='bbox 3382 5104 3505 5159; x_wconf 90' lang='lat' dir='ltr'><strong>Elio</strong></span> 
     </span>
    </p>
   </div>
   <div class='ocr_carea' id='block_1_111' title="bbox 1930 5195 3504 5282">
    <p class='ocr_par' dir='ltr' id='par_1_111' title="bbox 1930 5195 3504 5282">
     <span class='ocr_line' id='line_1_111' title="bbox 1930 5195 3504 5282; baseline -0.015 -13"><span class='ocrx_word' id='word_1_843' title='bbox 1930 5222 2135 5277; x_wconf 88' lang='lat' dir='ltr'><strong>autem,</strong></span> <span class='ocrx_word' id='word_1_844' title='bbox 2169 5210 2288 5282; x_wconf 91' lang='lat' dir='ltr'><strong>qui,</strong></span> <span class='ocrx_word' id='word_1_845' title='bbox 2314 5217 2375 5263; x_wconf 88' lang='lat' dir='ltr'><strong>ut</strong></span> <span class='ocrx_word' id='word_1_846' title='bbox 2404 5208 2667 5270; x_wconf 76' lang='lat' dir='ltr'><strong>diximus,</strong></span> <span class='ocrx_word' id='word_1_847' title='bbox 2697 5206 2963 5276; x_wconf 86' lang='lat' dir='ltr'><strong>populum</strong></span> <span class='ocrx_word' id='word_1_848' title='bbox 2989 5200 3352 5271; x_wconf 84' lang='lat' dir='ltr'><strong>gubernabat,</strong></span> <span class='ocrx_word' id='word_1_849' title='bbox 3392 5195 3504 5248; x_wconf 90' lang='lat' dir='ltr'><strong>duo</strong></span> 
     </span>
    </p>
   </div>
   <div class='ocr_carea' id='block_1_112' title="bbox 1930 5284 3505 5368">
    <p class='ocr_par' dir='ltr' id='par_1_112' title="bbox 1930 5284 3505 5368">
     <span class='ocr_line' id='line_1_112' title="bbox 1930 5284 3505 5368; baseline -0.017 -6"><span class='ocrx_word' id='word_1_850' title='bbox 1930 5306 2084 5362; x_wconf 78' lang='lat' dir='ltr'><strong>fuere</strong></span> <span class='ocrx_word' id='word_1_851' title='bbox 2119 5304 2236 5368; x_wconf 88' lang='lat' dir='ltr'><strong>ﬁlii,</strong></span> <span class='ocrx_word' id='word_1_852' title='bbox 2259 5302 2516 5356; x_wconf 90' lang='lat' dir='ltr'><strong>homines</strong></span> <span class='ocrx_word' id='word_1_853' title='bbox 2550 5297 2767 5360; x_wconf 82' lang='lat' dir='ltr'><strong>nefarii,</strong></span> <span class='ocrx_word' id='word_1_854' title='bbox 2804 5305 2859 5351; x_wconf 89' lang='lat' dir='ltr'><strong>et</strong></span> <span class='ocrx_word' id='word_1_855' title='bbox 2889 5294 3037 5350; x_wconf 91' lang='lat' dir='ltr'><strong>omni</strong></span> <span class='ocrx_word' id='word_1_856' title='bbox 3080 5302 3282 5363; x_wconf 86' lang='lat' dir='ltr'><strong>genere</strong></span> <span class='ocrx_word' id='word_1_857' title='bbox 3327 5284 3505 5339; x_wconf 87' lang='lat' dir='ltr'><strong>scele-</strong></span> 
     </span>
    </p>
   </div>
   <div class='ocr_carea' id='block_1_113' title="bbox 1936 5383 3502 5466">
    <p class='ocr_par' dir='ltr' id='par_1_113' title="bbox 1936 5383 3502 5466">
     <span class='ocr_line' id='line_1_113' title="bbox 1936 5383 3502 5466; baseline -0.016 -13"><span class='ocrx_word' id='word_1_858' title='bbox 1936 5415 2055 5454; x_wconf 91' lang='lat' dir='ltr'><strong>rum</strong></span> <span class='ocrx_word' id='word_1_859' title='bbox 2108 5394 2375 5466; x_wconf 89' lang='lat' dir='ltr'><strong>cooperti,</strong></span> <span class='ocrx_word' id='word_1_860' title='bbox 2422 5383 2633 5461; x_wconf 85' lang='lat' dir='ltr'><strong>Ophuis</strong></span> <span class='ocrx_word' id='word_1_861' title='bbox 2656 5397 2712 5442; x_wconf 90' lang='lat' dir='ltr'><strong>et</strong></span> <span class='ocrx_word' id='word_1_862' title='bbox 2747 5387 3035 5442; x_wconf 87' lang='lat' dir='ltr'><strong>Phinees:</strong></span> <span class='ocrx_word' id='word_1_863' title='bbox 3087 5396 3265 5451; x_wconf 86' lang='lat' dir='ltr'><strong>neque</strong></span> <span class='ocrx_word' id='word_1_864' title='bbox 3318 5384 3502 5447; x_wconf 86' lang='lat' dir='ltr'><strong>paler-</strong></span> 
     </span>
    </p>
   </div>
   <div class='ocr_carea' id='block_1_114' title="bbox 1872 5467 3506 5556">
    <p class='ocr_par' dir='ltr' id='par_1_114' title="bbox 1872 5467 3506 5556">
     <span class='ocr_line' id='line_1_114' title="bbox 1872 5467 3506 5556; baseline -0.017 -9"><span class='ocrx_word' id='word_1_865' title='bbox 1872 5470 1884 5486; x_wconf 47' lang='lat'><em>.</em></span> <span class='ocrx_word' id='word_1_866' title='bbox 1934 5493 2020 5547; x_wconf 88' lang='lat' dir='ltr'><strong>nis</strong></span> <span class='ocrx_word' id='word_1_867' title='bbox 2062 5488 2287 5543; x_wconf 88' lang='lat' dir='ltr'><strong>monitis</strong></span> <span class='ocrx_word' id='word_1_868' title='bbox 2347 5485 2650 5556; x_wconf 86' lang='lat' dir='ltr'><strong>quidquam</strong></span> <span class='ocrx_word' id='word_1_869' title='bbox 2714 5480 3100 5535; x_wconf 84' lang='lat' dir='ltr'><strong>movebantur.</strong></span> <span class='ocrx_word' id='word_1_870' title='bbox 3148 5472 3357 5527; x_wconf 80' lang='lat' dir='ltr'><strong>Horum</strong></span> <span class='ocrx_word' id='word_1_871' title='bbox 3401 5467 3506 5521; x_wconf 84' lang='lat' dir='ltr'><strong>ini-</strong></span> 
     </span>
    </p>
   </div>
   <div class='ocr_carea' id='block_1_115' title="bbox 1933 5562 3500 5651">
    <p class='ocr_par' dir='ltr' id='par_1_115' title="bbox 1933 5562 3500 5651">
     <span class='ocr_line' id='line_1_115' title="bbox 1933 5562 3500 5651; baseline -0.013 -17"><span class='ocrx_word' id='word_1_872' title='bbox 1933 5578 2128 5651; x_wconf 86' lang='lat' dir='ltr'><strong>quitati</strong></span> <span class='ocrx_word' id='word_1_873' title='bbox 2154 5579 2328 5632; x_wconf 77' lang='lat' dir='ltr'><strong>iratus</strong></span> <span class='ocrx_word' id='word_1_874' title='bbox 2353 5575 2521 5638; x_wconf 90' lang='lat' dir='ltr'><strong>Deus,</strong></span> <span class='ocrx_word' id='word_1_875' title='bbox 2545 5588 2645 5642; x_wconf 88' lang='lat' dir='ltr'><strong>per</strong></span> <span class='ocrx_word' id='word_1_876' title='bbox 2677 5571 2988 5627; x_wconf 84' lang='lat' dir='ltr'><strong>Samuelem</strong></span> <span class='ocrx_word' id='word_1_877' title='bbox 3018 5579 3253 5639; x_wconf 90' lang='lat' dir='ltr'><strong>puerum</strong></span> <span class='ocrx_word' id='word_1_878' title='bbox 3294 5562 3500 5623; x_wconf 91' lang='lat' dir='ltr'><strong>adhue,</strong></span> 
     </span>
    </p>
   </div>
   <div class='ocr_carea' id='block_1_116' title="bbox 1932 5656 3504 5740">
    <p class='ocr_par' dir='ltr' id='par_1_116' title="bbox 1932 5656 3504 5740">
     <span class='ocr_line' id='line_1_116' title="bbox 1932 5656 3504 5740; baseline -0.01 -12"><span class='ocrx_word' id='word_1_879' title='bbox 1932 5673 2055 5728; x_wconf 86' lang='lat' dir='ltr'><strong>Elio</strong></span> <span class='ocrx_word' id='word_1_880' title='bbox 2089 5669 2361 5740; x_wconf 85' lang='lat' dir='ltr'><strong>signiﬁcat</strong></span> <span class='ocrx_word' id='word_1_881' title='bbox 2386 5666 2571 5722; x_wconf 76' lang='lat' dir='ltr'><strong>clades</strong></span> <span class='ocrx_word' id='word_1_882' title='bbox 2601 5666 2704 5736; x_wconf 91' lang='lat' dir='ltr'><strong>ipsi</strong></span> <span class='ocrx_word' id='word_1_883' title='bbox 2731 5663 3034 5731; x_wconf 82' lang='lat' dir='ltr'><strong>liberisque</strong></span> <span class='ocrx_word' id='word_1_884' title='bbox 3064 5666 3120 5713; x_wconf 89' lang='lat' dir='ltr'><strong>et</strong></span> <span class='ocrx_word' id='word_1_885' title='bbox 3144 5657 3333 5712; x_wconf 89' lang='lat' dir='ltr'><strong>domui</strong></span> <span class='ocrx_word' id='word_1_886' title='bbox 3384 5656 3504 5727; x_wconf 84' lang='lat' dir='ltr'><strong>ejus</strong></span> 
     </span>
    </p>
   </div>
   <div class='ocr_carea' id='block_1_117' title="bbox 1930 5747 3503 5819">
    <p class='ocr_par' dir='ltr' id='par_1_117' title="bbox 1930 5747 3503 5819">
     <span class='ocr_line' id='line_1_117' title="bbox 1930 5747 3503 5819; baseline -0.012 0"><span class='ocrx_word' id='word_1_887' title='bbox 1930 5763 2299 5819; x_wconf 84' lang='lat' dir='ltr'><strong>imminentes.</strong></span> <span class='ocrx_word' id='word_1_888' title='bbox 2332 5761 2462 5815; x_wconf 73' lang='lat' dir='ltr'><strong>Erat</strong></span> <span class='ocrx_word' id='word_1_889' title='bbox 2483 5768 2662 5813; x_wconf 88' lang='lat' dir='ltr'><strong>autem</strong></span> <span class='ocrx_word' id='word_1_890' title='bbox 2689 5754 2906 5810; x_wconf 80' lang='lat' dir='ltr'><strong>Samuel</strong></span> <span class='ocrx_word' id='word_1_891' title='bbox 2960 5751 3059 5803; x_wconf 80' lang='lat' dir='ltr'><strong>viri</strong></span> <span class='ocrx_word' id='word_1_892' title='bbox 3122 5749 3326 5804; x_wconf 68' lang='lat' dir='ltr'><strong>Levita:</strong></span> <span class='ocrx_word' id='word_1_893' title='bbox 3375 5747 3503 5801; x_wconf 70' lang='lat' dir='ltr'><strong>[lel-</strong></span> 
     </span>
    </p>
   </div>
   <div class='ocr_carea' id='block_1_118' title="bbox 1934 5840 3498 5923">
    <p class='ocr_par' dir='ltr' id='par_1_118' title="bbox 1934 5840 3498 5923">
     <span class='ocr_line' id='line_1_118' title="bbox 1934 5840 3498 5923; baseline -0.014 -12"><span class='ocrx_word' id='word_1_894' title='bbox 1934 5872 2083 5912; x_wconf 75' lang='lat' dir='ltr'><strong>canae</strong></span> <span class='ocrx_word' id='word_1_895' title='bbox 2104 5854 2267 5919; x_wconf 81' lang='lat' dir='ltr'><strong>(ilius,</strong></span> <span class='ocrx_word' id='word_1_896' title='bbox 2297 5852 2390 5923; x_wconf 82' lang='lat' dir='ltr'><strong>qui</strong></span> <span class='ocrx_word' id='word_1_897' title='bbox 2420 5852 2555 5906; x_wconf 84' lang='lat' dir='ltr'><strong>duas</strong></span> <span class='ocrx_word' id='word_1_898' title='bbox 2604 5847 2837 5903; x_wconf 75' lang='lat' dir='ltr'><strong>habebat</strong></span> <span class='ocrx_word' id='word_1_899' title='bbox 2901 5858 3119 5907; x_wconf 73' lang='lat' dir='ltr'><strong>uxores,</strong></span> <span class='ocrx_word' id='word_1_900' title='bbox 3176 5840 3387 5897; x_wconf 79' lang='lat' dir='ltr'><strong>Annam</strong></span> <span class='ocrx_word' id='word_1_901' title='bbox 3444 5844 3498 5890; x_wconf 85' lang='lat' dir='ltr'><strong>et</strong></span> 
     </span>
    </p>
   </div>
  </div>
