3984 6584
448 307 556 371 123
1747 311 2026 373 JOANNI

2138 307 2438 369 ΞΟΝΑΗΛΞ
3607 298 3718 362 124

448 429 804 483 Pbenannam
834 447 848 483 :
878 443 1111 498 quarum
1145 426 1261 483 haec
1287 425 1495 482 liberos
1527 442 1591 483 ex
1619 427 1853 482 lleleana
1893 443 2018 482 sus—

2138 433 2304 488 >.ευσε,
2357 423 2450 476 καὶ
2480 422 2592 485 τοῖς
2611 417 2813 472 ἑαυτοῦ
2872 416 3028 471 παισὶ
3064 415 3322 470 κατέλιπε
3374 413 3472 484 τὴν
3505 431 3718 488 αρχην.

444 531 692 591 ceperat,
725 522 878 576 Anna
902 536 1010 575 non
1043 529 1356 592 pepererat.
1400 519 1532 576 Viro
1589 519 1834 574 Silonem
1890 535 2016 574 cum

2138 519 2211 569 ιπ¹ι
2233 518 2404 570 εἴκοσι
2435 514 2627 582 γενεάς
2658 511 2793 580 πρὸς
2820 511 2921 581 μιᾷ
2940 509 3323 580 διαρκέσαοαν.
3358 508 3508 563 Ὶὶλεὶ
3533 509 3588 562 δὲ
3615 507 3718 562 τοῦ

448 614 717 668 uxoribus
753 616 1022 683 profecto,
1063 629 1188 667 cum
1243 614 1481 683 peractis
1537 613 1728 677 sacris,
1780 613 2019 668 convivii

2138 605 2454 678 ὶρχιερέως,
2499 604 2576 667 ὡς
2610 603 2709 674 ἥδη
2739 601 3044 671 ἱστόρηται,
3076 599 3168 652 τὸν
3200 599 3327 652 λαὸν
3355 601 3602 666 ἄγοντος,
3654 601 3718 652 οἱ.

445 717 663 775 tempus
707 705 943 768 adesset,
977 720 1042 759 ac
1090 704 1400 759 Pbenennae
1456 703 1615 756 liberi
1663 702 2019 757 assiderent:

2138 700 2215 753 itio
2249 698 2352 752 υἱοὶ
2383 695 2549 752 αὐτοῦ
2571 694 2726 764 ὐφνὶ
2756 692 2852 747 καὶ
2876 691 3060 753 Φινεὲς
3091 691 3335 762 ὑπῆρχον
3370 689 3571 761 λοιμοὶ,
3600 710 3716 744 πα-

446 797 601 852 Anna
631 797 924 852 orbitatem
958 812 1112 851 suam
1145 795 1415 865 deplorat.
1452 804 1507 850 et
1546 809 1779 864 propere
1836 794 2021 850 taber-

2138 787 2489 860 οανομοῦντες
2524 788 2580 841 ἐν
2616 787 2808 849 ἅπασι,
2867 785 2960 838 καὶ
3017 782 3410 853 παραινοῦντος
3461 783 3556 836 τοῦ
3599 801 3716 838 πα-

451 889 712 942 naculum
737 887 954 942 Domini
1005 887 1272 956 ingressa.
1315 886 1486 940 Deum
1541 893 1664 938 orat
1716 893 1773 938 ut
1818 883 2024 940 liberos

2138 883 2250 952 πρὸς
2282 883 2465 945 αὐτοῖς
2493 881 2568 952 μὴ
2595 879 3070 951 ἐπιστρεφόμενοι.
3104 878 3161 930 '0
3188 877 3244 930 δὲ
3268 877 3399 941 Θεὸς
3429 879 3717 947 ὀργισθεὶς

450 982 556 1036 sibi
586 981 698 1043 det,
735 981 1162 1050 primogenitum
1208 995 1268 1034 se
1324 977 1433 1033 Deo
1457 986 1900 1032 consecraturam
1927 991 2025 1029 vo-

2138 976 2211 1029 Ξιά
2243 975 2340 1038 τὰς
2372 973 2596 1028 ἐκείνων
2652 971 3026 1042 παρανομίας,
3081 970 3169 1022 διὰ
3196 969 3290 1023 τοῦ
3322 970 3572 1041 Σαμουὴλ
3623 973 3713 1023 ἔτι

447 1082 558 1129 vet.
594 1074 730 1128 Dum
761 1073 1018 1143 precibus
1081 1073 1428 1136 immoratur,
1470 1071 1622 1125 Elius
1682 1085 1783 1139 pro
1849 1068 2029 1123 taber-

2138 1067 2312 1128 παιδὸς
2346 1067 2498 1129 δντος
2529 1065 2796 1136 δεδήλωκε
2816 1065 2894 1135 τῷ
2929 1064 3101 1128 Ἠλεὶ,
3145 1064 3287 1132 ἅπερ
3309 1064 3470 1126 αὐτός
3502 1081 3562 1116 τε
3612 1064 3719 1116 καὶ

451 1165 649 1220 naculo
671 1166 889 1228 sedens,
920 1164 1128 1220 ebriam
1155 1175 1328 1229 ratus.
1361 1178 1483 1219 eam
1511 1162 1805 1217 discedere
1846 1159 2022 1233 jubet.

2138 1160 2177 1214 οἱ
2217 1160 2406 1222 παῖδες
2437 1159 2532 1212 καὶ
2580 1159 2608 1213 ό
2632 1153 2780 1221 οἶκος
2817 1155 2983 1210 αὑτοῦ
3020 1155 3320 1208 πείσονται.
3351 1153 3609 1225 Σαμουὴλ
3653 1156 3718 1207 δὲ

449 1259 518 1310 At
548 1257 636 1312 illa
675 1274 688 1310 :
720 1255 901 1326 Neque
930 1259 1127 1323 vinum,
1165 1255 1365 1327 inquit,
1402 1256 1528 1315 bibi.
1574 1254 1810 1316 domine.
1861 1269 2028 1324 neque

2138 1251 2372 1305 Ἐλκανᾶ
2399 1253 2625 1305 Λευΐτου
2662 1250 2853 1322 ἀνδρὸς
2889 1248 3150 1321 ἐτύγχανε
3183 1250 3311 1307 παῖς
3341 1241 3384 1316 ᾧ
3419 1247 3704 1318 συνῴκουν

452 1348 599 1402 aliud
618 1347 906 1418 quidquam
940 1348 1079 1418 quod
1117 1349 1338 1403 inebriet
1376 1363 1394 1402 :
1435 1348 1527 1402 sed
1569 1346 1748 1400 dolore
1786 1346 2028 1403 orbitatis

2138 1342 2302 1396 διτταὶ
2324 1345 2584 1413 γαμεταὶ,
2618 1335 2692 1395 ὧν
2716 1345 2780 1414 τῇ
2806 1344 2902 1410 μέν
2927 1341 3111 1405 ’Awa,
3135 1345 3199 1412 τῇ
3224 1341 3280 1394 δὲ
3297 1341 3538 1395 Φενάννα
3559 1337 3624 1410 ἦν
3639 1341 3713 1393 τὰ

452 1439 780 1493 contubesco.
807 1438 944 1493 Tum
978 1440 1287 1495 sacerdos:
1353 1441 1470 1504 Abi,
1523 1443 1724 1509 inquit,
1773 1459 1835 1495 ac
1884 1439 2026 1496 Deus

2138 1435 2389 1504 ὀνόματα.
2423 1435 2533 1488 Kal
2561 1438 2628 1506 τῇ
2666 1435 2764 1504 μὲν
2792 1435 2978 1498 παῖδες
3004 1431 3144 1505 ἦσαν
3185 1435 3246 1500 ἐξ
3283 1433 3552 1498 Ἔλκανᾶ,
3581 1435 3614 1503 ἠ
3653 1434 3717 1485 δὲ

452 1543 502 1585 te
523 1534 627 1587 voti
657 1543 942 1601 compotem
976 1533 1185 1586 reddat.
1218 1533 1448 1588 Domum
1488 1550 1712 1589 reversa
1739 1550 1863 1589 cum
1912 1550 2029 1589 ma-

452 1625 582 1688 rito,
614 1624 879 1694 concipit,
913 1633 971 1680 et
1011 1624 1324 1680 Samuelem
1379 1625 1540 1694 parit.
1582 1641 1748 1694 quem
1787 1625 2024 1695 Deopta-

452 1723 568 1769 tum
611 1717 788 1785 possis
822 1715 1030 1772 dicere.
1060 1717 1305 1773 Puerum
1327 1717 1439 1787 jam
1472 1717 1923 1788 grandiusculum
1961 1734 2027 1774 ex

450 1817 583 1862 voto
636 1806 704 1863 ad
758 1807 940 1863 Elium
990 1808 1162 1873 ducit,
1215 1807 1326 1864 Deo
1364 1809 1736 1868 educandum.
1787 1810 2028 1865 alentem

453 1913 691 1957 comam.
717 1899 768 1951 in
788 1898 905 1954 :ede
929 1899 1096 1953 vitam
1121 1899 1435 1970 degentem.
1459 1910 1514 1955 et
1537 1917 1692 1970 aqua!
1714 1912 1842 1970 potu
1868 1909 2031 1956 uten-

454 1997 586 2044 tem.
643 1991 693 2044 ls
748 1991 1039 2046 duodecim
1092 2003 1255 2047 natus
1307 2007 1505 2057 annos,
1561 1993 1910 2047 vaticinatur.
1968 1993 2033 2046 Et

452 2080 689 2147 quodam
726 2088 972 2150 tempore
996 2082 1303 2147 dormiens,
1338 2085 1665 2138 nominatim
1707 2101 1738 2139 a
1781 2085 1895 2140 Deo
1939 2099 2032 2139 vo-

453 2182 632 2234 ratus.
659 2171 724 2226 ad
749 2173 1068 2242 pontiﬁcem
1099 2175 1315 2230 accedit
1362 2176 1521 2246 quasi
1571 2177 1644 2231 ab
1687 2193 1754 2232 eo
1803 2186 2032 2232 vocatus

452 2268 637 2327 esset;
679 2260 847 2332 idque
896 2269 981 2316 ter
1025 2263 1280 2335 contigit.
1330 2263 1470 2318 Tum
1519 2263 1672 2319 Elius
1719 2265 2032 2336 intelligens

452 2352 699 2409 divinam
725 2369 845 2410 esse
866 2356 1215 2412 vocationem
1236 2397 1251 2422 ,
1283 2356 1592 2413 Samuelem
1621 2357 1800 2429 jubet,
1829 2358 1874 2413 si
1920 2358 2029 2414 ite-

2141 1527 2298 1579 Ἀννα
2359 1525 2577 1598 ἡμοίρει
2632 1526 2816 1596 γονῆς.
2855 1525 3213 1595 Ἀφικομένου
3266 1525 3322 1578 δὲ
3373 1525 3468 1578 τοῦ
3500 1525 3717 1595 ἀνδρὸς

2133 1622 2271 1688 μετᾶ
2292 1618 2399 1672 τῶν
2417 1618 2695 1687 γυναικῶν
2723 1620 2925 1688 ἀμφοῖν
2952 1619 3031 1682 εἱς
3058 1617 3265 1689 Σηλὼν,
3298 1621 3391 1672 καὶ
3421 1618 3714 1681 θύσαντες,

2133 1711 2253 1764 ἐπεὶ
2292 1711 2481 1782 καιρὸς
2511 1706 2579 1782 ἦν
2610 1710 2863 1782 εὐωχίας,
2901 1712 2994 1764 καὶ
3032 1714 3098 1783 τῇ
3151 1713 3394 1784 Φενάννᾳ
3427 1713 3477 1765 οἱ
3521 1711 3716 1772 παῖδες

2129 1805 2300 1872 αὐτῆς
2334 1803 2703 1874 συνεκάθηντο
2725 1819 2738 1831 ⁸
2773 1803 2856 1878 ὅτι
2909 1803 3134 1873 η’Λννα
3173 1805 3476 1873 μεμόνωτο,
3512 1805 3720 1873 ἑαυτὴν

2128 1893 2482 1957 ἀπεκλαὲετο,
2511 1893 2606 1947 καὶ
2631 1894 2711 1958 εἱς
2732 1893 2830 1964 τὴν
2871 1895 3074 1966 σκηνὴν
3101 1895 3194 1947 τοῦ
3223 1895 3359 1947 Θεοῦ
3398 1893 3713 1966 δραμοῦσα,

2130 1984 2309 2037 ἐδέετο
2341 1984 2435 2037 τοῦ
2466 1984 2667 2055 Κυρίου
2694 1986 2856 2054 γονὴν
2894 1987 3030 2056 αὐτῇ
3063 1988 3390 2057 παρασχεῖν,
3441 1984 3722 2054 εὐξαμένη

2131 2075 2493 2147 καθιερώσειν
2523 2077 2641 2149 Θεῷ
2672 2079 2734 2132 τὸ
2776 2079 3143 2148 πρωτότοκον.
3170 2077 3544 2148 Χροιιιζούσης
3579 2077 3634 2131 δὲ
3663 2081 3724 2129 ἐν

2129 2168 2248 2230 ταῖς
2277 2168 2487 2236 εὐχαῖς,
2514 2167 2620 2238 πρὸ
2653 2169 2752 2238 τῆς
2783 2167 2992 2238 σκηνῆς
3041 2169 3187 2222 Ἠλεὶ
3225 2169 3607 2238 καθεζόμενος,
3639 2170 3720 2231 ὡς

2133 2257 2441 2328 μεθύουσαν
2481 2259 2651 2327 αὐτὴν
2688 2259 2971 2326 ἐλογίσατό
3001 2277 3059 2311 τε
3096 2259 3188 2312 καὶ
3221 2260 3605 2328 ἀπεπέμπετο.
3653 2260 3720 2312 ἹΙ

2125 2352 2205 2417 δὲ,
2232 2353 2356 2406 Οὐκ
2386 2349 2576 2416 οἶνον,
2609 2351 2750 2422 ἔφη,
2805 2352 3075 2414 πέπτωκα,
3111 2350 3254 2405 οὐδὲ
3275 2351 3578 2420 μὲθυσμα,
3611 2353 3724 2403 κύ.

451 2460 574 2498 rum
598 2453 828 2501 vocetur
883 2446 1066 2502 dicere
1097 2465 1112 2502 :
1146 2447 1226 2502 En
1257 2452 1465 2509 adsum.
1493 2448 1732 2502 Domine.
1755 2449 1893 2505 Cum
1952 2451 2029 2505 ita

2138 2461 2217 2498 οιε
2241 2462 2257 2479 ο
2295 2443 2458 2499 ἀλλὰ
2505 2443 2848 2510 κατώδυνος
2887 2439 3045 2499 οὖσα
3078 2443 3154 2497 δι’
3215 2443 3522 2508 ἀπαιδίαν,
3561 2444 3726 2497 ἐμιτέ-

451 2537 674 2594 fecisset
700 2555 859 2609 puer,
896 2540 974 2595 ait
993 2542 1046 2596 ei
1086 2541 1133 2596 is
1161 2541 1253 2612 qui
1299 2551 1543 2607 vocarat,
1602 2557 1853 2613 magnam
1913 2542 2028 2598 cla-

2138 2554 2300 2606 ιηκα.
2357 2538 2468 2591 Kal
2529 2539 2557 2590 ὁ
2612 2537 2816 2608 ἱερεὺς,
2851 2537 3143 2606 Πορεύου,
3203 2529 3356 2590 εἶπεν
3396 2536 3558 2606 αὐτῇ,
3623 2537 3729 2588 καὶ

453 2629 577 2684 dem
612 2629 871 2687 lsraelitis
897 2631 1207 2695 imminere,
1242 2632 1350 2686 Elii
1382 2632 1528 2688 ﬁlios
1562 2649 1676 2689 una
1724 2633 2027 2704 perituros,

2138 2627 2253 2698 δῴη
2283 2646 2386 2684 σοι
2424 2629 2492 2682 τὸ
2529 2629 2756 2700 alnum
2791 2631 2824 2684 ό
2855 2629 3020 2696 Θεός.
3083 2627 3506 2701 ’Υποστρέψασα
3536 2627 3592 2681 δὲ
3625 2629 3728 2681 σὺν

454 2717 560 2787 57
591 2727 646 2772 et
666 2719 1036 2774 sacerdotium
1062 2721 1118 2776 in
1155 2721 1404 2778 Eleazari
1447 2722 1712 2778 familiam
1762 2725 2026 2788 transitu-

2138 2721 2210 2793 τῷ
2234 2722 2391 2794 ἀνδρὶ
2437 2721 2647 2790 οἴκαδε,
2703 2721 3096 2794 συλλαμϐάνει,
3148 2720 3243 2776 καὶ
3279 2722 3461 2774 τὶκτει
3490 2721 3583 2774 τὸν
3620 2721 3730 2772 Σα-

452 2823 600 2863 rum.
671 2809 751 2862 Ea
813 2809 980 2866 verba
1050 2826 1176 2866 cum
1215 2811 1490 2868 sacerdoti
1546 2813 1767 2869 Samuel
1818 2814 2028 2870 referre

2138 2814 2327 2886 μουὴλ,
2377 2813 2660 2886 θεαίτητον
2688 2813 2755 2868 ἄν
2783 2831 2865 2878 τις
2894 2813 3061 2870 εἴποι.
3117 2813 3503 2884 Ἀδρυνθέντος
3534 2813 3591 2865 δὲ
3621 2813 3721 2865 τοῦ

452 2901 649 2963 nollet.
685 2901 905 2958 tandem
929 2903 1293 2976 jurejurando
1325 2906 1575 2969 adactus,
1601 2905 1790 2962 omnia
1830 2921 2024 2977 quem-

2138 2906 2320 2972 παιδὸς
2349 2907 2616 2978 προσάγει
2647 2907 2809 2960 αὐτὸν
2838 2905 2914 2976 τῷ
2949 2905 3099 2960 ἩλεὶΙ
3130 2907 3272 2959 κατά
3301 2904 3400 2975 τὴν
3426 2905 3592 2974 εὐχὴν
3626 2905 3730 2958 αὖ-

451 2990 753 3046 admodum
789 2993 1063 3060 audierat,
1095 3002 1368 3050 recenset.

2138 2999 2224 3069 τῆς
2250 2996 2328 3069 τῷ
2369 2996 2489 3068 Θεῷ
2520 2997 2956 3068 τραφησόμενον,
2991 2996 3169 3069 κόμην
3193 3012 3254 3050 τε
3295 2996 3582 3068 τρέφοντα,
3612 3000 3714 3050 καὶ

453 3088 513 3137 ἐν
540 3082 618 3153 τῷ
669 3085 800 3156 ἱερῷ
828 3085 1203 3156 διαιτώμενον,
1247 3086 1339 3140 καὶ
1369 3086 1524 3142 ὕδατι
1578 3088 1922 3158 κεχρημένον
1951 3089 2030 3152 εἰς
2069 3089 2249 3146 πόσιν.
2315 3090 2456 3161 Ἤδη
2483 3089 2540 3144 δέ
2572 3089 2914 3159 δωδεκαέτης
2940 3090 3250 3160 γενόμενος,
3301 3089 3711 3161 προεφήτευσε.

452 3172 566 3255 ibi
599 3192 731 3228 ποτε
771 3175 1116 3246 κοιμώμενον
1154 3178 1338 3245 αὐτὸν,
1369 3177 1428 3243 ἐξ
1475 3177 1743 3248 ὀνόματος
1771 3178 2029 3233 ἐκάλεσεν
2067 3180 2096 3233 ό
2161 3181 2309 3245 Θεός.
2375 3182 2435 3237 '0
2471 3183 2530 3237 δὲ
2595 3182 2674 3254 τῷ
2711 3183 2960 3254 ἀρχιερεῖ
3011 3182 3440 3255 προσελήλυθεν,
3493 3182 3568 3248 ὡς
3621 3181 3720 3235 ὑπ’

454 3246 666 3323 ὲκεὶνου
687 3271 828 3339 τάχα
865 3271 1223 3341 καλούμενος.
1259 3274 1370 3328 Καὶ
1398 3246 1879 3343 τοῦτο-τρισσάκις
1908 3274 2145 3342 ἐγένετο.
2207 3275 2362 3330 Ἠλεὶ
2424 3276 2484 3331 δὲ
2523 3246 2704 3342 συνελς
2751 3246 2943 3332 θεόθεν
2992 3246 3132 3331 εἶναι
3195 3246 3296 3347 την
3339 3246 3558 3346 κλῆσιν,
3601 3273 3717 3346 ἔφη

451 3363 531 3435 τῷ
561 3363 818 3435 Σαμουήλ
838 3379 852 3394 ο
885 3363 946 3416 El
980 3363 1062 3417 ἔτι
1093 3364 1321 3436 κληθῇς,
1348 3365 1470 3420 εἱπέ
1504 3366 1687 3432 Ἰδοὺ,
1723 3365 1859 3436 ἐγὼ,
1891 3367 2088 3435 Κύριε.
2129 3367 2284 3423 Οῦτω
2322 3370 2378 3423 δέ
2401 3371 2730 3441 ποιήσαντος
2762 3369 2855 3424 τοῦ
2893 3369 3104 3437 παιδὸς,
3137 3368 3240 3441 ἔφη
3282 3369 3432 3438 αὐτῷ
3461 3370 3489 3421 ὀ
3512 3367 3721 3428 καλῶν.

454 3456 744 3529 συμφοράν
798 3457 1018 3512 ἔσεσθαι
1067 3461 1180 3523 τοῖς
1213 3461 1580 3532 Ἰσραηλίταις
1631 3461 1882 3533 βαρεὶαν,
1937 3459 2032 3514 καὶ
2071 3460 2198 3528 τοὺς
2258 3463 2409 3518 Ἠλεὶ
2457 3463 2654 3527 παῖδας
2687 3462 2807 3534 ἅμα
2875 3462 3257 3535 τεθνήξεσθαι,
3290 3463 3386 3518 καὶ
3419 3461 3519 3536 τὴν
3552 3464 3721 3534 ἱερω-

455 3549 625 3622 σύνην
653 3553 732 3615 εἱς
761 3552 856 3605 τὸν
910 3547 1059 3608 οἶκον
1088 3553 1184 3607 τοῦ
1214 3552 1479 3626 Ἐλεάζαρ
1519 3555 1878 3624 μεταπεσεῖν.
1917 3554 2033 3608 Οὐκ
2071 3555 2231 3625 ῆθιλε
2294 3557 2352 3611 δέ
2389 3557 2519 3622 τοὺς
2557 3556 2753 3628 λόγους
2813 3556 2842 3608 ὁ
2866 3555 3125 3629 Σαμουὴλ
3181 3558 3416 3628 ἐκφῆναι
3454 3558 3533 3629 τῷ
3557 3559 3718 3630 ἱερεῖ.

456 3639 684 3715 ὐρκοις
718 3645 764 3697 δ’
809 3645 1146 3711 ἐκϐιασθεὶς,
1200 3647 1509 3717 ἀπήγγειλε
1543 3648 1722 3701 πάντα
1777 3647 2034 3720 καθάπερ
2073 3651 2337 3722 ἀκήκοεν.
3468 3691 3473 3695 -

528 3740 719 3795 XXVI.
770 3741 977 3794 Dehinc
1022 3740 1292 3796 Palaestini
1334 3741 1539 3795 bellum
1580 3741 1844 3796 lsraelitis
1889 3742 2030 3796 inl‘e-

2207 3743 2355 3813 κεῖ.
2399 3744 2681 3800 Ἐντεῦθεν
2751 3744 3106 3800 Παλαιστινοὶ
3135 3745 3281 3800 κατὰ
3307 3744 3417 3802 τῶν
3453 3746 3727 3817 Ἰσραηλιο

452 3843 664 3895 rentes.
697 3849 879 3904 pugna
909 3833 1227 3903 superiores
1270 3831 1534 3890 evadunt.
1573 3833 1816 3902 Populus
1839 3847 2024 3888 arcam

453 3925 707 3983 subsidio
748 3923 878 3981 ferri
920 3925 1186 3994 postulat.
1223 3925 1384 3980 Missa
1435 3925 1524 3980 illa
1557 3941 1680 3980 cum
1721 3925 1830 3980 Elii
1883 3923 2033 3989 ﬁliis,

454 4019 869 4090 redintegratur
896 4019 1177 4090 praelium,
1212 4017 1522 4073 funduntur
1553 4017 1790 4083 Hebraei,
1824 4017 1893 4071 ad
1930 4017 2035 4072 tri-

451 4112 600 4181 ginta
630 4111 796 4166 millia
832 4113 1057 4174 cadunt,
1099 4109 1242 4164 inter
1277 4125 1418 4180 quos
1465 4117 1520 4164 et
1559 4109 1654 4164 ﬁlii
1698 4108 1982 4180 pontiﬁcis
2007 4147 2024 4174 ,

452 4217 579 4257 arca
620 4203 750 4258 item
779 4203 835 4256 in
866 4201 1110 4256 hostium
1140 4209 1466 4270 potestatem
1495 4201 1666 4256 venit.
1696 4202 1854 4258 Elius
1895 4217 2036 4273 pon-

456 4293 610 4355 tilex.
642 4294 739 4363 qui
768 4293 822 4346 in
847 4293 1069 4347 sublimi
1095 4292 1228 4347 sella
1254 4294 1492 4359 sederet,
1523 4303 1704 4364 strage
1732 4294 2033 4362 exercitus,

453 4397 510 4441 et
540 4389 687 4444 cado
715 4388 975 4451 ﬁliorum.
999 4403 1249 4457 arcaque
1281 4387 1598 4458 captivitate
1629 4391 1847 4462 cognita
1866 4430 1880 4456 ,
1912 4406 2029 4461 pra:

455 4498 694 4539 mmrore
738 4482 808 4537 de
852 4482 986 4536 sella
1036 4481 1298 4552 delapsus
1336 4482 1594 4548 moritur,
1636 4498 1812 4538 annos
1856 4499 2033 4539 nona-

454 4575 604 4646 ginta
650 4585 835 4638 natus.
880 4590 1004 4630 cum
1042 4575 1405 4646 quadraginta
1457 4575 1660 4645 populo
1702 4575 2030 4645 praefuisset.

455 4667 797 4738 Alienigena;
821 4683 1002 4722 arcam
1037 4668 1094 4722 in
1127 4667 1319 4723 urbem
1348 4667 1579 4722 Azotum
1611 4667 1900 4738 perlatam,
1927 4667 2033 4723 Da-

453 4758 588 4830 goni
649 4759 752 4828 (sic
807 4759 970 4814 deum
1027 4774 1188 4815 suum
1240 4759 1620 4830 appellabant)
1677 4770 2030 4815 consecrant.

458 4849 615 4906 Mane
650 4848 705 4902 in
749 4849 984 4920 Dagonis
1006 4851 1179 4904 aedem
1212 4849 1442 4922 ingressi
1467 4891 1483 4916 ,
1517 4850 1872 4907 simulacrum
1906 4861 2032 4906 ante

457 4956 642 4995 arcam
674 4939 824 4995 humi
849 4941 1153 5012 projectum
1178 4952 1527 5012 repererunt,
1555 4942 1722 5013 idque
1751 4943 2028 4998 sublatura

463 5033 518 5086 in
563 5047 716 5086 suam
752 5031 924 5087 basim
974 5033 1294 5088 restituunt.
1338 5033 1410 5090 Ut
1455 5043 1638 5090 autem
1683 5035 1789 5089 hoc
1831 5037 2032 5106 sa-pius

460 5121 668 5174 factum
710 5119 1165 5190 deprehendunt,
1201 5131 1258 5177 et
1299 5131 1534 5178 statuam
1574 5125 1794 5195 quoties
1827 5128 2036 5181 erexis-
2067 5108 2115 5168 ί)

459 5220 604 5277 sent,
635 5212 797 5267 toties
818 5223 946 5268 ante
976 5227 1161 5268 arcam
1191 5213 1472 5270 adorantis
1505 5217 1692 5286 specie
1731 5218 2032 5288 projectam

459 5304 817 5375 reperissent,
847 5305 1280 5376 obstupescunt,
1309 5306 1625 5362 dubitantes
1655 5308 1788 5378 quid
1829 5311 1906 5364 rei
1942 5327 2033 5365 es-

458 5407 562 5452 set.
596 5396 674 5452 Ex
701 5396 806 5452 hoc
834 5397 1151 5454 Azotiorum
1185 5397 1377 5452 urbem
1403 5408 1459 5452 et
1487 5414 1680 5468 agrum
1720 5399 1841 5454 lues
1882 5402 2034 5456 inva-

462 5489 540 5542 dit
567 5504 585 5543 :
609 5503 732 5543 nam
759 5499 816 5544 et
847 5488 1098 5544 homines
1119 5490 1262 5546 circa
1292 5490 1475 5546 sedem
1506 5490 1759 5547 laborare
1812 5493 2033 5564 (dysen-

465 5579 656 5635 teriam
695 5582 865 5638 fuisse
895 5583 973 5638 ait
1004 5580 1296 5653 Iosephus)
1329 5590 1385 5638 et
1421 5583 1559 5638 mori
1606 5586 1918 5655 complures
1959 5586 2036 5642 ci-

463 5686 562 5727 ves
607 5681 662 5727 et
725 5689 910 5731 mures
967 5691 998 5731 e
1043 5687 1189 5731 terra
1219 5676 1394 5732 exorti
1447 5693 1637 5748 agrum
1671 5694 1890 5734 omnem
1939 5695 2033 5734 va-

470 5770 640 5820 stare.
667 5763 803 5822 Scro
843 5766 1061 5824 demum
1093 5782 1278 5824 arcam
1315 5767 1417 5823 sibi
1451 5769 1716 5824 malorum
1753 5785 1871 5825 esse
1907 5785 2006 5824 cau

2141 3836 2250 3893 τῶν
2278 3837 2722 3908 ἐκστρατεύουσι,
2752 3839 2846 3891 καὶ
2878 3832 3022 3909 ἦσαν
3050 3841 3113 3908 τῇ
3140 3838 3288 3909 μάχῃ
3318 3839 3718 3910 ἐπικρατέστε-

2140 3946 2252 4001 ροι.
2291 3927 2351 3982 '0
2373 3928 2430 3983 δέ
2463 3928 2587 3993 λαὸς
2615 3928 2946 4001 κομισθῆναι
2973 3928 3072 4002 τὴν
3099 3928 3346 3983 Κιϐωτὸν
3377 3928 3622 3984 αἰτοῦσιν
3640 3934 3727 3996 εἰς

2141 4023 2386 4094 ἀρωγήν.
2409 4021 2767 4092 -Πεμφθείσης
2792 4021 2838 4074 δ’
2865 4024 3046 4076 ἐκεῖσε
3071 4022 3172 4092 τῆς
3205 4019 3438 4076 κιϐωτοῦ
3475 4039 3573 4075 συν
3605 4023 3724 4088 τοῖς

2140 4117 2275 4178 υἱοῖς
2319 4113 2413 4169 τοῦ
2471 4115 2644 4179 Ἠλεὶ,
2686 4116 3096 4186 συγκεκρότητο
3145 4115 3449 4186 μάχῃ,-κα“ι
3487 4115 3724 4187 ἥττηντο

2141 4209 2190 4262 οἱ
2226 4207 2490 4278 Ἑϐραῖοι.
2527 4209 2772 4262 Ἐπεσον
2796 4207 2854 4261 δὲ
2905 4208 3040 4261 ὡσεὶ
3065 4206 3402 4280 τρισμύριοι,
3419 4207 3520 4262 καὶ
3547 4209 3597 4262 οἱ
3620 4207 3720 4264 τοῦ

2139 4298 2440 4370 ἀρχιερέως
2460 4299 2586 4364 υἱοὶ,
2611 4300 2704 4352 καὶ
2725 4299 2757 4367 ἡ
2781 4297 3009 4361 κιϐωτοι,
3031 4298 3246 4369 ἐλήφθη
3270 4299 3385 4362 τοῖς
3411 4296 3720 4369 πολεμίοις.

2152 4394 2300 4447 Ἠλεὶ
2345 4392 2402 4446 δὲ
2445 4392 2474 4446 ὁ
2511 4391 2805 4462 ἀρχιερεὺς
2847 4389 2935 4460 ἐφ’
2968 4391 3174 4462 ὑψηλοῦ
3212 4389 3456 4461 καθῆστο
3494 4391 3717 4461 δίφρου,

2139 4485 2232 4538 καὶ
2251 4483 2437 4557 μαθὼν
2452 4486 2519 4539 τά
2535 4483 2638 4552 τῆς
2654 4483 2856 4554 μάχης,
2875 4484 2971 4539 καὶ
2989 4484 3088 4553 τὴν
3103 4483 3318 4555 σφαγὴν
3329 4483 3437 4539 τῶν
3451 4485 3602 4553 υἱῶν,
3623 4487 3722 4542 καὶ

2137 4577 2236 4650 τὴν
2282 4575 2665 4648 αἰχμαλωσίαν
2700 4577 2799 4646 τῆς
2848 4574 3108 4641 κιϐωτοῦ,
3149 4575 3558 4647 περιαλγήσας,
3597 4577 3720 4643 ἐξέ-

2139 4688 2272 4725 πεσε
2319 4670 2411 4724 τοῦ
2429 4670 2640 4742 θρόνου.
2672 4668 2766 4723 καλ¹
2787 4667 3532 4740 τέθνηκεν,ἐνενηκοντούτης
3561 4672 3720 4738 γενό-

2137 4768 2341 4837 μενος’,
2404 4763 2822 4832 τεσσαράκοντα
2885 4761 2942 4815 δέ
3001 4759 3208 4816 τούτων
3267 4763 3548 4826 ἐνιαυτοὺς
3621 4762 3717 4817 τοῦ

2151 4857 2367 4928 Ἰσραὴλ
2411 4855 2782 4927 ἡγησάμενος.
2813 4852 2882 4910 Οἱ
2923 4853 2980 4906 δὲ
3025 4852 3315 4923 ἀλλόφυλοι
3349 4855 3430 4914 εἱς
3478 4851 3719 4917 Ἀζώτου

2139 4947 2299 5002 πόλιν
2343 4945 2728 5013 ἀπαγαγόντες
2770 4943 2871 5014 τὴν
2917 4941 3172 5008 κιϐωτὸν,
3209 4943 3285 5014 τῷ
3324 4943 3518 5011 Δαγὼν
3555 4944 3720 5009 (οῦτω

2139 5038 2250 5109 γὰρ
2279 5036 2374 5090 τὸν
2406 5034 2618 5089 ἑαυτῶν
2651 5032 2880 5087 ἐκάλουν
2910 5031 3065 5102 Θεὸν)
3099 5031 3370 5086 ἀνέθεντο.
3411 5032 3620 5086 Ἕωθεν
3659 5034 3718 5087 δὲ

2141 5131 2223 5193 εἱς
2259 5129 2350 5184 τόν
2379 5126 2528 5182 οῐκον
2557 5125 2748 5191 Δαγὼν
2788 5125 3145 5191 εἰσελθόντες,
3180 5120 3339 5196 εὗρον
3371 5127 3628 5198 κείμενον
3658 5128 3719 5181 τὸ

2143 5224 2332 5291 ξόανον
2377 5221 2607 5276 ἐνώπιον
2647 5220 2746 5289 τῆς
2795 5218 3036 5273 κιϐωτοῦ
3063 5218 3157 5272 ἐπὶ
3179 5220 3302 5289 γῆς.
3334 5219 3446 5273 Kal
3473 5220 3714 5291 ἀναστή-

2145 5331 2338 5379 σαντες
2365 5314 2516 5378 αῦτὸ,
2543 5313 2638 5366 ἐπὶ
2666 5313 2764 5376 τῆς
2793 5310 3066 5382 προτέρας
3089 5310 3326 5381 ἔστησαν
3354 5310 3583 5382 βάσεως.
3625 5312 3714 5376 Ὠς

2147 5407 2204 5459 δὲ
2241 5405 2503 5475 συχνάκις
2534 5397 2691 5472 εὗρον
2714 5401 2872 5455 τοῦτο
2893 5402 3198 5469 γινόμενον,
3228 5400 3324 5454 καὶ
3361 5401 3619 5463 πολλάκις
3656 5401 3714 5453 τὸ

2141 5494 2364 5547 εἴδωλον
2412 5491 2843 5563 ἀνορθώσαντες,
2869 5491 3201 5554 τοσαυτάκις
3244 5495 3495 5562 κείμενον
3546 5507 3714 5543 κατε-

2143 5586 2424 5655 λάμϐανον
2469 5587 2526 5638 ἐν
2575 5586 2818 5656 σχήματι
2856 5581 3297 5654 προσκυνοῦντος
3324 5583 3421 5653 τὴν
3456 5582 3711 5640 κιϐωτὸν.

2143 5675 2481 5741 ἐθαμϐοῦντο
2515 5675 2606 5730 καὶ
2635 5669 2949 5744 διηπόρουν.
2983 5675 3214 5728 Ἔπειτα
3249 5673 3293 5727 δ’
3338 5673 3605 5744 ἐνέσκηψε
3645 5677 3711 5742 τῇ

2144 5771 2251 5825 τῶν
2290 5769 2563 5833 ’Δζωτίων
2596 5768 2745 5822 πόλει
2776 5768 2870 5821 καὶ
2899 5768 2965 5838 τῇ
2995 5766 3151 5839 χώρα
3181 5765 3378 5838 φθορά.
3404 5765 3577 5828 Νόσος
3609 5764 3712 5836 μὲν
