3958 6596
241 477 330 538 τοῖς
377 466 674 540 ἀνθρώποις
731 466 860 538 περὶ
917 467 1019 530 τὰς
1074 467 1238 540 ἕδρας
1285 465 1377 541 ἦν,
1417 471 1768 544 δυσεντερίαν
1799 482 1840 535 Α

245 567 378 636 φησιν
402 566 427 617 ὁ
466 561 743 630 Ἰώσηπος,
780 561 878 615 καλ
904 561 1170 631 ἔθνησκον
1217 564 1405 632 συχνοὶ
1453 565 1512 631 ἐξ
1567 565 1763 638 αὐτῆς.

241 660 359 717 Μῦες
401 655 562 724 ἂτῆς
603 655 711 725 γῆς
756 655 1128 720 ἀναδοθέντες,
1168 656 1268 726 τὴν
1313 656 1498 727 χώραν
1547 658 1766 714 ἃπασαν

237 750 492 820 ὲιεράῐζον.
538 747 674 816 Ὀψὲ
706 746 764 801 δὲ
796 747 1040 818 συνῆκαν
1066 747 1166 818 τὴν
1202 750 1434 803 κιϐωτὸν
1463 749 1642 804 αἰτίαν
1671 752 1773 805 αύο

234 845 320 904 τοῖς
358 835 480 894 εἶναι
515 837 866 907 τῶν,παοῶν
905 839 956 892 οί
1004 838 1276 906 Ἀζώτιοι,
1310 841 1408 895 καὶ
1456 843 1766 912 πέμπουσιν

234 936 366 1003 αὐτὴν
386 935 459 996 εἰς
478 930 797 985 Ἀσκάλωνα
813 972 827 997 ,
848 933 939 985 καὶ
963 931 1198 1004 ἔπασχον
1219 935 1463 988 κάκεῖνοι
1484 936 1548 989 τὰ
1580 936 1762 1006 ὅμοια.

237 1027 318 1081 Καὶ
343 1023 469 1077 οὕτω
501 1023 668 1076 πέντε
691 1025 799 1076 τῶν
824 1020 1227 1089 Παλαιστινῶνζ
1252 1025 1474 1094 ἀμείϐει
1510 1026 1694 1086 πόλεις
1726 1030 1760 1098 ἡ

233 1117 438 1180 κιϐωτὸς,
473 1115 565 1168 καὶ
594 1115 801 1178 πάσαις
831 1117 911 1179 είς
945 1115 1184 1170 κάκωσιν
1209 1117 1456 1185 γέγονεν.
1486 1117 1758 1187 Συνῆλθον

231 1208 300 1264 οὖν
335 1208 376 1261 ol
416 1206 520 1259 τῶν
561 1207 922 1277 κακουμένων
977 1209 1140 1262 πέντε
1203 1209 1410 1262 πόλεων
1463 1210 1760 1281 ἄρχοντες,

231 1305 382 1370 ring,
419 1300 508 1352 καὶ
562 1298 875 1371 Ἀκκαρῶν,
930 1299 1269 1364 ’Δσκάλωνός
1327 1318 1385 1353 τε
1435 1304 1528 1355 καὶ
1557 1301 1758 1372 Γάζης.

230 1395 301 1448 καὶ
340 1390 586 1456 Ἀζώτου.
644 1391 754 1444 Καὶ
803 1391 1004 1460 οίῗμὲν
1052 1391 1185 1446 ἄλλα
1241 1393 1371 1463 περὶ
1431 1392 1530 1460 τῆς
1599 1393 1763 1446 κιϐω-

229 1485 313 1546 r25,
346 1484 391 1536 οί
431 1482 475 1534 δ’
507 1482 676 1548 ἕτερα
713 1483 1120 1538 συνεϐούλευον.
1151 1484 1258 1536 Καὶ
1293 1485 1443 1548 τέλος
1470 1484 1618 1549 ἔδοξε
1649 1486 1757 1538 πᾶ-

229 1595 307 1638 σιν,
332 1575 479 1647 ἔδρας
524 1573 693 1626 πέντε
725 1576 955 1644 χρυσᾶς,
988 1577 1082 1629 καὶ
1130 1575 1274 1645 μύας
1303 1578 1592 1640 τοσούτους
1625 1593 1755 1647 χρυ-

230 1670 324 1732 σοῦς
345 1668 578 1735 ποιῆσαι,
607 1668 703 1720 καὶ
729 1667 918 1722 θέσθαι
942 1667 1035 1720 ἐπὶ
1057 1668 1153 1734 τῆς
1177 1667 1436 1731 κιϐωτοῦ,
1461 1668 1680 1739 ἄμαξαν
1697 1687 1756 1722 τε

227 1765 592 1833 καινουργῆσαι.
631 1763 732 1815 κα)⁵
781 1762 912 1834 βόας
956 1763 1411 1831 πρωτοτοκούσας
1456 1765 1523 1832 τῇ
1568 1762 1752 1834 ἀμάξῃ

227 1859 504 1924 ὑπαγαγεῖν,
535 1856 671 1915 τοὺς
715 1856 771 1908 δὲ
807 1855 1040 1924 μόσχους
1082 1855 1261 1908 αὐτῶν
1307 1857 1624 1925 κατασχεῖν.
1655 1856 1765 1908 Καὶ
1796 1840 1838 1894 Β

224 1949 442 2004 ἐπιθεῖναι
481 1951 546 2019 τῇ
577 1947 768 2018 ἀμάξῃ
795 1947 898 2018 τὴν
923 1945 1178 2010 κιϐωτὸν,
1205 1947 1306 2009 τὰς
1329 1946 1458 2016 βόας
1477 1947 1520 1999 δ’
1544 1947 1764 2014 ἀπαγα-

224 2042 376 2106 γόντας
417 2039 506 2092 ἐπὶ
550 2038 769 2107 τριόδου
815 2039 1157 2102 καταλιπεῖν,
1200 2035 1266 2089 ἶν’
1307 2035 1395 2089 ἐπ’
1435 2030 1631 2098 αὐταῖς
1673 2035 1760 2107 είη

224 2132 402 2185 ἀπιέναι
436 2129 557 2184 καθ’
616 2132 690 2199 ἢν
739 2130 1066 2200 ὁρμήσουσι.
1107 2128 1215 2182 Καὶ
1255 2127 1303 2179 εί
1333 2126 1439 2197 μὲν
1469 2126 1614 2180 ,εὐθὺ
1653 2126 1764 2179 τῶν

223 2222 525 2293 Ἰσραηλιτῶν
556 2219 980 2278 ἀπελεύσονται,
1012 2218 1101 2273 διὰ
1137 2222 1237 2288 τὴν
1291 2217 1524 2270 κιϐωτὸν
1555 2217 1763 2269 οίεσοαι

226 2316 372 2385 στίσιν
398 2312 704 2380 ἐπάγεσθαι
742 2313 814 2366 τὰ
841 2313 1011 2377 κακὰ,
1047 2313 1142 2364 καὶ
1177 2311 1252 2381 μὴ
1288 2309 1521 2364 κωλύειν
1552 2308 1651 2380 τὴν
1682 2309 1764 2372 είς

222 2409 424 2470 ἐκείνους
454 2405 712 2477 πορείαν.
748 2405 809 2458 El
840 2404 886 2457 δ’
913 2403 1103 2458 ἄλλοσέ
1127 2419 1205 2472 πη
1236 2402 1471 2468 ἀπίοιεν,
1502 2401 1762 2473 ὲπιστρέ-
1815 2421 1822 2428 ·

223 2503 294 2568 ea:
330 2494 472 2560 αὖθις
499 2497 604 2560 τὰς
658 2495 788 2566 βόας
816 2512 876 2548 τε
907 2494 1001 2548 καὶ
1030 2494 1130 2565 τὴν
1160 2494 1402 2564 ἄμαξαν,
1435 2494 1530 2546 καὶ
1562 2493 1632 2547 τὰ
1674 2492 1760 2546 ἐπ’

223 2593 371 2661 αὐτῆς.
426 2588 878 2652 Ἐπιτελὲσαντες
907 2589 1088 2641 τοίνυν
1134 2587 1203 2640 τὰ
1245 2586 1494 2650 δόξαντα,
1541 2585 1762 2656 ἀφῆκαν

220 2690 291 2749 τὰς
316 2687 447 2755 βόας,
480 2685 730 2755 μήκοθεν
791 2683 1047 2751 ἑπόμενοι
1081 2681 1175 2733 καὶ
1201 2679 1355 2732 αὐτοὶ
1389 2679 1457 2732 ἵν’
1493 2678 1666 2749 ὁρῷεν
1697 2677 1759 2733 τὸ

222 2779 556 2849 ἐκϐησόμενον.
579 2778 654 2831 Δί
673 2777 732 2830 δὲ
757 2776 878 2829 κατ’
903 2775 1031 2829 εὐθὺ
1055 2773 1164 2826 τῶν
1200 2772 1471 2846 Ἐϐραίων
1493 2771 1759 2842 ἀπῄεσαν,

223 2872 292 2923 καὶ
327 2872 380 2924 οὐ
416 2871 691 2942 πρότερον
728 2869 967 2940 ἔστησαν
1010 2869 1139 2939 πρὶν
1181 2869 1262 2930 είς
1307 2869 1455 2938 μέγα
1481 2864 1664 2920 πεδίον
1701 2865 1761 2917 ὲν

224 2965 502 3034 Βεθεσαμοῖς
553 2962 994 3033 κατηντήκασιν.
1036 2959 1126 3022 Ὧς
1167 2959 1215 3013 δ’
1259 2954 1402 3011 εἶδον
1431 2961 1482 3013 οί
1508 2957 1608 3027 τῆς
1649 2956 1761 3010 κώ-

223 3075 302 3126 μης
316 3057 513 3125 ίκιίνης
533 3055 737 3126 ἄνδρες
763 3054 862 3125 τὴν
888 3052 1140 3116 κιϐωτὸν,
1167 3052 1520 3124 ὡρμήκασιν,
1547 3051 1636 3103 ἐπ’
1659 3049 1761 3103 αὑ-

221 3153 322 3220 τήνι
379 3150 469 3202 καὶ
544 3146 880 3208 καθελόντες
943 3145 1009 3200 ἐκ
1083 3143 1184 3212 τῆς
1265 3141 1486 3212 ἁμάξης
1563 3139 1756 3210 αὐτὴν,

223 3243 380 3294 ἔθυσαν
394 3241 486 3300 τὰς
503 3238 777 3309 βόας,καὶ
794 3239 907 3300 τοῖς
941 3236 1119 3302 ξύλοις
1145 3229 1226 3298 οἷς
1251 3236 1285 3307 ἡ
1310 3233 1499 3305 ἅμαξα
1530 3232 1759 3303 είργασ-

221 3355 278 3397 τε),
299 3335 444 3397 αὐτὰς
481 3331 914 3386 ὡλοκαύτωσαν.
936 3331 1114 3402 Ὅπερ
1149 3331 1352 3392 ἰδόντες
1381 3331 1431 3383 οἱ
1466 3329 1760 3381 Παλαιστι-

221 3429 294 3490 rei,
309 3426 694 3494 ὑπενόστησαν.
714 3421 852 3486 Τοὺς
870 3421 916 3476 δ’
937 3423 1249 3494 ἁψαμένους
1266 3421 1367 3492 τῆς
1399 3418 1656 3486 κιϐωτοῦ,
1681 3420 1757 3490 μὴ

221 3518 341 3581 ὄντας
367 3519 544 3587 ἱερεῖς,
583 3514 872 3586 ὀργισθείς
900 3515 928 3568 ό
957 3514 1090 3578 Θεὸς
1116 3513 1479 3568 ἐθανάτωσεν.
1506 3513 1570 3566 0i.
1611 3513 1666 3565 δέ
1694 3528 1758 3580 γε

222 3610 360 3663 λοιποὶ
388 3609 462 3679 τῷ
489 3607 666 3678 κοινῷ
709 3606 820 3660 τῶν
860 3606 1128 3678 Ἐϐραίων
1169 3606 1478 3678 ιγνώρισαν
1521 3606 1590 3659 τὰ
1629 3609 1760 3676 περὶ

222 3705 292 3772 τῆς
308 3703 521 3759 κιϐωτοῦ
535 3720 551 3737 ’
597 3702 848 3756 κάκεῖνοι
865 3700 1122 3764 λαϐόντες
1137 3701 1331 3770 αὐτὴν,
1351 3702 1659 3771 ἀπάγουσιν
1677 3703 1759 3765 είς

223 3794 584 3864 Καριαθιαρεὶμ
609 3833 626 3857 ,
652 3792 746 3846 καὶ
761 3793 842 3856 είς
853 3791 1031 3845 οἰκίαν
1047 3790 1349 3861 ’Δμιναδὰϐ
1370 3791 1458 3864 (ἐκ
1477 3792 1580 3863 τῆς
1603 3793 1762 3846 Λευῖ-

221 3888 342 3958 τικῆς
355 3881 499 3950 οὗτος
520 3884 726 3956 φυλῆς)
748 3882 1150 3938 κατατίθενται.
1177 3884 1285 3937 Καὶ
1300 3883 1326 3936 ι
1333 3901 1397 3954 με
1407 3901 1514 3938 ινεν
1531 3886 1646 3938 ἐκεῖ
1663 3884 1758 3954 ἔτη

221 3978 610 4049 είκοσι,παρὰδὲ
628 3978 740 4040 τοῖς
765 3973 1086 4044 ἀλλοφύλοις
1109 3976 1287 4045 μῆνας
1326 3975 1621 4046 τέσσαρας.
1657 3975 1760 4028 Σα-

225 4070 357 4140 μουὴλ
373 4070 423 4124 δὲ
445 4071 472 4122 δ
495 4069 791 4140 προφήτης
818 4067 962 4137 μέγα
981 4068 1080 4139 ήδη
1101 4067 1246 4136 σχὼν
1268 4065 1459 4136 ὄνομα,
1483 4069 1578 4120 καὶ
1601 4067 1760 4136 δόξης

224 4165 339 4232 ἡκων
355 4165 440 4217 ἐπὶ
469 4164 633 4226 πολὺ,
667 4159 992 4228 συναγαγὼν
1027 4161 1116 4212 τὸν
1147 4159 1274 4212 λαὸν
1297 4160 1427 4228 περὶ
1447 4158 1760 4229 ἐλευθερίας

224 4254 336 4326 αὐτῷ
363 4255 654 4324 διειλέχθη,
684 4254 782 4308 καλ⁵
815 4251 998 4305 ἔπεισε
1035 4251 1236 4322 ταύτης
1281 4252 1758 4322 ἁντιποιήσασθαι.

1491 360 1896 425 ANNALIUM
1940 365 2089 430 LIB.
2126 367 2178 432 Ι.

3349 371 3454 438 1‘26

1870 498 1984 536 sam
2021 481 2202 536 Azotii
2235 481 2634 553 lntelligentes,
2677 482 3005 541 Ascalonem
3058 487 3291 544 mittunt
3337 507 3353 546 ς
3387 493 3459 548 iis

1875 574 2040 629 etiam
2077 574 2268 631 eadem
2305 575 2585 631 accidunt.
2622 574 2714 631 Sic
2758 576 3006 648 quinque
3044 577 3458 639 Palaestinorum

1877 669 2044 727 urbes
2066 686 2194 726 area
2226 681 2543 743 pervagata,
2575 673 2833 728 omnibus
2865 674 3180 731 calamitosa
3219 678 3457 734 exstitit.

1876 761 2068 831 Itaque
2099 762 2451 833 magistratus
2480 764 2727 834 quinque
2753 765 2972 818 urbium
3006 765 3074 821 iis
3123 767 3284 823 malis
3327 783 3459 823 con«

1872 851 2198 908 nictantiqu
2245 855 2549 926 congressi,
2591 855 2850 910 videlicet
2893 855 3077 920 Geta,
3124 856 3452 918 Accaronis.

1871 945 2174 1011 Ascalonis,
2210 945 2368 1000 Gazae
2395 956 2453 1001 et
2497 946 2678 1011 Azoti,
2713 947 2839 1002 aliis
2865 947 3015 1002 aliud
3045 947 3114 1002 de
3156 963 3282 1002 arca
3319 963 3455 1002 cen-

1871 1033 2144 1094 sentibus.
2180 1033 2401 1088 tandem
2434 1034 2728 1091 decrevere
2765 1051 2981 1103 omnes,
3015 1038 3175 1093 sedes
3201 1039 3452 1108 quinque

1869 1141 2086 1191 aureas,
2141 1126 2481 1198 totidemque
2526 1144 2713 1185 mures
2753 1130 2880 1185 item
2929 1145 3129 1185 aureos
3159 1146 3302 1186 area:
3352 1131 3457 1186 im—

1872 1235 2101 1290 ponere,
2129 1230 2186 1274 et
2214 1235 2418 1275 novum
2447 1220 2717 1280 fabricare
2747 1239 2996 1290 currum,
3018 1234 3074 1279 et
3105 1242 3301 1280 vaccas
3331 1243 3454 1296 quae

1869 1312 2108 1382 primum
2159 1312 2508 1382 peperissent
2561 1316 2750 1369 currui
2793 1317 3059 1387 jungere,
3114 1318 3212 1372 sed
3258 1334 3448 1372 earum

1868 1405 2073 1458 vitulos
2103 1405 2364 1470 retinere,
2401 1420 2466 1460 ac
2497 1406 2688 1460 currui
2712 1423 2841 1462 arca
2872 1408 3149 1478 imposita.
3182 1409 3351 1465 boves
3389 1410 3442 1464 in

1869 1493 2096 1549 trivium
2139 1494 2412 1550 abductas
2452 1496 2787 1566 relinquere,
2820 1507 3167 1567 utquorsum
3211 1501 3452 1570 impetus

1867 1585 2058 1640 tulerit
2101 1594 2252 1640 eaut.
2287 1586 2416 1653 Quae
2459 1587 2505 1643 si
2551 1604 2744 1644 versus
2778 1588 3055 1645 lsraelitas
3095 1591 3321 1654 abeant,
3368 1593 3444 1647 ob

1865 1691 2049 1730 arcam
2078 1677 2217 1731 mala
2253 1677 2344 1732 illa
2375 1693 2433 1732 se
2463 1679 2674 1748 perpeti
2705 1679 3081 1743 statuendum,
3114 1696 3294 1750 neque
3321 1696 3450 1752 pro-

1868 1768 2168 1824 hibendum
2197 1785 2488 1840 quominus
2516 1771 2608 1826 illo
2651 1781 2778 1826 eant
2817 1789 2831 1827 :
2873 1772 2958 1828 sin
2989 1773 3100 1828 alio
3128 1789 3186 1828 se
3219 1788 3449 1828 conver-

1867 1863 2058 1928 terint,
2109 1863 2454 1918 reducendas
2501 1864 2668 1918 boves
2721 1871 2778 1918 et
2813 1881 3076 1928 currum.
3129 1874 3186 1920 et
3230 1881 3352 1935 quas
3392 1865 3448 1920 in

1867 1949 1978 2026 58
2005 1970 2072 2009 eo
2095 1956 2228 2010 sint.
2261 1953 2383 2020 llis,
2418 1965 2478 2010 ut
2513 1955 2794 2010 decretum
2821 1955 3019 2021 fuerat,
3059 1957 3319 2026 peractis,
3353 1955 3443 2010 di-

1867 2047 2069 2102 misere
2110 2047 2299 2109 boves,
2343 2048 2560 2103 eminus
2600 2047 2704 2118 ipsi
2737 2059 3053 2119 sequentes,
3089 2059 3149 2104 ut
3184 2056 3444 2105 eventum

1865 2139 2142 2194 viderent.
2173 2143 2242 2194 At
2287 2140 2392 2195 illae
2419 2147 2569 2195 recta
2601 2155 2796 2196 versus
2838 2141 3100 2197 Hebraeos
3135 2141 3237 2201 ire.
3268 2157 3447 2211 neque

1868 2235 2175 2290 subsistere
2209 2234 2383 2304 prius,
2420 2248 2584 2303 quam
2609 2233 2663 2288 in
2696 2248 2952 2304 magnum
2985 2250 3237 2304 campum
3269 2235 3439 2289 Beth-

1864 2339 2048 2382 satnes
2069 2325 2468 2395 pervenissent.
2496 2322 2566 2380 Ut
2591 2334 2775 2379 autem
2799 2325 2921 2396 pagi
2954 2326 3104 2380 illius
3127 2326 3230 2380 viri
3261 2340 3444 2380 arcam

1864 2418 2162 2482 viderunt,
2194 2425 2518 2483 accurrunt,
2557 2417 2626 2472 de
2665 2433 2832 2472 curru
2872 2417 3093 2481 tollunt,
3141 2417 3310 2472 boves
3341 2417 3446 2471 im-

1865 2509 2072 2563 molant
2103 2528 2116 2563 z
2151 2520 2206 2563 et
2235 2508 2401 2579 lignis
2456 2523 2489 2563 e
2523 2507 2724 2578 quibus
2753 2524 2953 2564 currus
2990 2507 3276 2564 confectus
3300 2517 3443 2570 erat,

1865 2609 2130 2656 cremant.
2161 2601 2282 2668 Quo
2314 2599 2590 2655 Palaestini
2623 2601 2775 2665 viso,
2808 2609 2958 2656 retro
2988 2601 3268 2655 abierunt.
3297 2601 3443 2656 Deus

1864 2699 2048 2745 autem
2111 2691 2180 2745 iis
2217 2691 2313 2762 qui
2360 2706 2543 2746 arcam
2589 2693 2903 2762 attigerant,
2950 2706 3074 2745 cum
3106 2690 3321 2761 profani
3353 2707 3442 2747 es-

1870 2792 2018 2847 sent,
2051 2784 2247 2845 iratus.
2298 2799 2490 2840 necem
2525 2784 2729 2838 attulit.
2767 2784 2984 2854 Reliqui
3013 2799 3307 2841 commune
3342 2783 3442 2839 lle.

1866 2877 2143 2932 brteorum
2200 2876 2267 2932 de
2312 2893 2439 2932 arca
2482 2887 2701 2948 recepta
2746 2879 3016 2934 certiores
3056 2880 3318 2935 reddunt.
3363 2879 3443 2934 llli

1863 2981 1986 3022 eam
2034 2966 2424 3021 Cariatbiarim
2457 2967 2762 3035 abducunt,
2800 2981 2857 3024 et
2893 2970 2946 3024 in
2988 2970 3311 3025 Aminadabi
3344 2970 3441 3025 Le-

1864 3058 2045 3114 viticae
2087 3058 2267 3113 tribus
2295 3058 2536 3115 hominis
2577 3061 2792 3116 asdibus
2834 3062 3127 3125 collocant,
3156 3063 3248 3116 ubi
3287 3062 3446 3118 annis.

1864 3150 2059 3221 viginti
2121 3151 2355 3214 mansit,
2410 3167 2536 3207 cum
2592 3153 2738 3223 apud
2794 3153 3135 3220 alienigenas
3208 3162 3443 3222 quatuor

1862 3259 2084 3300 menses
2113 3244 2328 3300 fuisset.
2363 3245 2432 3300 At
2466 3245 2686 3302 Samuel
2727 3248 2990 3317 propheta
3032 3248 3144 3318 jam
3175 3247 3432 3309 celebris,

1859 3346 1916 3392 et
1960 3353 2155 3407 magna
2194 3338 2458 3410 praeditus
2482 3340 2834 3406 auctoritate,
2869 3343 3074 3413 populo
3120 3352 3444 3410 convocato,

1863 3430 1934 3486 de
1965 3430 2296 3486 vindicanda
2333 3432 2587 3488 libertate
2617 3433 2843 3489 disserit
2881 3451 2944 3490 ac
2977 3437 3295 3506 persuadet.
3324 3437 3445 3503 Quo

1862 3522 2137 3577 Palmstini
2170 3523 2414 3594 cognito.
2451 3525 2733 3594 inopinata
2775 3527 3131 3597 aggressione
3170 3527 3446 3583 lsraelitas

1860 3613 2355 3682 perterrefaciunt;
2382 3615 2477 3684 qui
2506 3615 2573 3669 ad
2601 3614 2910 3671 Samuelem
2938 3616 3339 3685 confugientes,
3375 3618 3444 3673 de

1861 3704 2042 3761 salute
2092 3721 2191 3760 sua
2243 3721 2367 3761 esse
2405 3716 2588 3762 actum
2635 3707 2817 3772 aiunt,
2868 3708 2977 3764 nisi
3030 3709 3146 3778 ipse
3197 3708 3446 3763 numinis

1861 3811 2023 3868 opem
2054 3801 2316 3854 exorarit.
2353 3799 2449 3856 Ille
2475 3800 2634 3856 bouis
2666 3801 2867 3856 animis
2897 3816 3018 3857 esse
3043 3801 3223 3872 jubet,
3252 3810 3308 3855 et
3341 3800 3442 3855 Dei

1861 3891 2128 3946 auxilium
2161 3892 2475 3962 pollicetur,
2498 3909 2752 3964 agnoque
2778 3893 3082 3958 immolato,
3107 3895 3279 3949 Deum
3295 3902 3445 3948 orat.

1860 3980 2117 4038 Nondum
2148 3982 2366 4038 ﬂamma
2390 3985 2672 4038 victimam
2714 3993 3152 4053 consumpserat.
3191 3999 3316 4039 cum
3344 3984 3443 4039 ho-

1861 4081 1974 4129 stes
1993 4073 2259 4144 impetum
2294 4075 2348 4128 in
2379 4073 2640 4128 Hebraeos
2671 4074 2899 4138 faciunt,
2923 4075 3139 4130 facilius
3167 4090 3264 4130 eos
3287 4077 3440 4129 iuer-

1861 4185 1980 4225 mes
2013 4169 2262 4240 superari
2311 4185 2475 4239 posse
2525 4170 2670 4224 rati-
2707 4170 2815 4226 Sed
2868 4181 2925 4227 et
2977 4181 3130 4225 terra
3174 4169 3445 4224 divinitus

1861 4276 2150 4326 concussa,
2173 4273 2229 4316 et
2257 4261 2556 4317 tonitribus
2576 4263 3026 4332 erumpentibus,
3049 4271 3108 4317 et
3132 4261 3444 4330 fulguribus

228 4349 277 4397 ’0
314 4347 564 4415 μαθόντες
624 4347 673 4399 oi
727 4343 1115 4409 Παλαιστινοὶ,
1167 4344 1595 4414 ἀπροσδοκήτως
1645 4349 1760 4408 τοῖς

1866 4353 2228 4409 emicantibus
2250 4354 2552 4424 perterriti,
2577 4355 2632 4409 in
2661 4354 2844 4425 fugam
2868 4364 3181 4411 vertuntur.
3209 4355 3441 4423 Fugien-

233 4439 460 4509 Ἑϐραίοις
499 4441 714 4493 ἐπίασι.
741 4440 855 4493 Καὶ
885 4437 1264 4509 κατεπτόησαν
1307 4435 1530 4500 αὐτοὺς,
1561 4435 1637 4501 ὠς
1680 4435 1760 4508 τῷ

1866 4443 2015 4499 tibus
2045 4445 2266 4498 Samuel
2293 4459 2420 4500 cum
2463 4444 2669 4516 populo
2711 4445 2901 4510 instat,
2930 4461 2996 4500 ac
3028 4445 3232 4500 multos
3262 4442 3442 4498 czedit.

225 4531 430 4601 Σαμουὴλ
477 4531 856 4603 προσδραμεῖν
911 4529 1193 4598 λέγοντας,
1245 4528 1598 4598 ἀπεγνῶσθαι
1655 4528 1754 4599 τὴν

1866 4533 1994 4590 Post
2016 4549 2138 4589 eam
2163 4533 2375 4591 cladem
2404 4551 2515 4591 non
2559 4535 2796 4606 amplius
2825 4536 3103 4591 lsraelitas
3139 4537 3390 4589 invasere
3423 4551 3441 4588 :

228 4627 461 4696 σωτηρίαν
483 4627 696 4689 αὐτοῖς,
719 4627 769 4679 εί
800 4625 878 4695 μὴ
903 4624 1070 4689 αὐτὸς
1100 4623 1254 4694 σφίσι
1277 4625 1377 4694 τὴν
1401 4625 1468 4678 ἐκ
1485 4623 1580 4677 τοῦ
1613 4623 1758 4678 θείου

1866 4626 1964 4682 sed
2003 4635 2060 4681 ct
2109 4636 2312 4681 terram
2343 4642 2506 4696 quam
2545 4626 2790 4683 llebmis
2831 4627 3182 4690 ademerant,
3225 4625 3449 4680 Samuel.

228 4715 494 4788 ἐπιχωρίαν
547 4721 860 4790 αἰτήσεται.
906 4718 1015 4772 Καὶ
1063 4717 1124 4781 ὃς
1173 4717 1399 4789 θαρρεῖν
1443 4719 1759 4790 παρεγγυᾷ,

1872 4721 2108 4791 recepit.
2135 4720 2213 4775 lla
2241 4720 2288 4775 is
2310 4721 2515 4792 populo
2537 4722 2631 4794 jus
2663 4721 2906 4780 dicebat.
2931 4731 2991 4776 et
3024 4719 3350 4790 imperabat.

227 4811 298 4862 καὶ
332 4811 414 4864 τὸν
450 4814 588 4867 Θεὸν
625 4812 902 4884 ἐπαρῆξαι
940 4809 1352 4864 διαϐεϐαιοῦται
1400 4809 1586 4874 αὐτοῖς
1610 4827 1626 4842 ·
1697 4813 1794 4866 καὶ
1829 4811 1998 4876 θύσας
2027 4813 2190 4883 ἄρνα,
2225 4813 2403 4866 ἐδέετο
2465 4812 2559 4866 τοῦ
2608 4813 2770 4867 Θεοῦ.
2804 4813 2988 4882 Μήπω
3013 4811 3069 4864 δὲ
3113 4812 3211 4882 τὴν
3249 4807 3445 4863 θυσίαν

226 4910 299 4975 τῆς
331 4911 466 4980 ἱερᾶς
521 4910 915 4980 δαπανησάσης
969 4907 1188 4978 φλογὸς,
1223 4906 1590 4978 προϐάλλουσι
1645 4911 1758 4972 τοῖς
1809 4909 2085 4980 Ἑϐραίοις
2145 4911 2195 4963 οί
2261 4909 2633 4978 ἁντιπὸλεμοι,
2661 4911 2791 4980 ῥᾷον
2813 4908 2995 4962 αὐτῶν
3029 4907 3324 4977 κρατήσειν
3365 4901 3440 4970 ὡς

228 5004 400 5064 ἀόπλων
418 5009 678 5080 οἰόμενοι.
695 5005 915 5077 Σεισμῷ
939 5006 995 5059 δὲ
1020 5010 1120 5078 τῆς
1140 5006 1244 5076 γῆς
1267 5005 1628 5077 κλονηθείσης
1689 5008 1795 5062 ὑπὸ
1832 5006 1993 5074 Θεοῦ,
2026 5007 2490 5079 καταρραγεισῶν
2541 5027 2602 5062 τε
2643 5008 2909 5080 βροντῶν,
2970 5007 3064 5060 καὶ
3102 5002 3440 5072 ὲξαιρθεισῶν

229 5103 497 5174 ἀστραπῶν,
511 5106 594 5167 εἰς
614 5104 822 5158 δειλίαν
836 5105 1092 5158 ἐνέπεσον
1105 5104 1156 5156 οἱ
1177 5103 1448 5174 πολέμιοι,
1501 5103 1600 5157 καὶ
1654 5105 1714 5157 ιτ
1723 5105 1979 5174 ράπησαν
2031 5106 2113 5166 εἰς
2127 5104 2332 5174 φυγήν.
2353 5104 2661 5169 Κατεδίωξε
2698 5105 2754 5158 δὲ
2776 5103 3029 5174 Σαμουὴλ
3047 5099 3222 5155 καὶτὸ
3240 5096 3438 5168 πλῆθος

227 5195 363 5252 ὀπίσω
384 5201 579 5265 αὐτῶν,
610 5200 708 5252 καὶ
742 5197 973 5262 πολλοὺς
1013 5197 1397 5268 διεφθάρκασι,
1431 5199 1533 5252 καὶ
1564 5199 1752 5252 οὐκέτι
1795 5199 1936 5269 μετὰ
1987 5198 2091 5270 τὴν
2149 5199 2366 5270 πληγὴν
2387 5197 2590 5269 ταύτην
2615 5198 2709 5251 ἐπὶ
2735 5199 2861 5260 τοὺς
2883 5194 3225 5265 Ἰσραηλίτας
3248 5191 3439 5259 δστρὰ·

229 5295 556 5360 meamne
581 5293 679 5348 καὶ
703 5295 805 5365 τὴν
827 5293 1010 5363 χώραν
1027 5293 1206 5365 ἥνπερ
1225 5293 1532 5361 ἀφείλοντο,
1608 5293 1996 5350 ἑπανεσώσατο
2065 5293 2222 5360 αὖθις
2258 5298 2375 5360 τοῖς
2416 5295 2691 5366 Ἑϐραίοις
2721 5296 2748 5348 ὁ
2779 5292 3061 5364 Σαμουὴλ.
3131 5291 3353 5361 Ἔκρινε
3384 5283 3437 5339 δὲ

230 5383 296 5434 τὸν
316 5384 448 5451 λαὸν,
471 5387 569 5441 καὶ
591 5382 762 5458 ἦρχεν
788 5385 978 5457 αὐτῆς.

284 5479 387 5540 KZ'.
405 5483 538 5553 Ἤδη
565 5483 622 5535 δὲ
647 5481 998 5552 γεγηρακὼς,
1025 5483 1139 5544 τοῖς
1174 5481 1312 5545 υίοῖς
1339 5480 1506 5536 αὐτοῦ
1532 5481 1636 5554 τὴν
1660 5483 1757 5537 τοῦ

1929 5480 2145 5537 XXVII.
2207 5482 2414 5537 Verum
2465 5483 2580 5554 jam
2629 5495 2799 5538 senex
2847 5479 3034 5552 populi
3089 5475 3434 5549 gubernandi

231 5565 330 5622 λαοῦ
364 5573 692 5644 προστασίαν
719 5572 818 5626 καὶ
860 5573 922 5627 τὸ
959 5571 1202 5637 δικάζειν
1241 5571 1546 5644 διένειμεν·
1583 5573 1755 5642 ὄνομα

1866 5589 2059 5630 munus
2088 5590 2155 5630 ac
2177 5575 2320 5646 juris
2345 5574 2571 5630 dicundi
2601 5573 2941 5645 provinciam
2971 5570 3098 5625 filiis
3119 5566 3436 5633 distribuit,

235 5659 292 5712 τῶ
322 5666 655 5738 πρεσϐυτέρῳ
695 5665 887 5737 Ἰωήλ·
927 5664 1007 5736 τῷ
1055 5666 1306 5736 νεωτέρῳ
1343 5665 1420 5734 δὲ,
1459 5665 1642 5722 ’Δϐιά.
1691 5667 1756 5720 Οἱ

1866 5682 2094 5738 quorum
2137 5667 2332 5740 majori
2367 5667 2555 5732 Joelis,
2589 5666 2791 5722 minori
2833 5665 2983 5720 Abite
3028 5678 3233 5717 nomen
3264 5672 3386 5717 erat
3415 5679 3430 5718 :

239 5767 312 5805 ουκ
336 5756 694 5829 ἐπορεύθησαν
729 5758 791 5810 ἐν
832 5760 952 5821 ταῖς
994 5758 1136 5822 ὁδοῖς
1165 5758 1260 5812 τοῦ
1305 5758 1515 5830 πατρὸς
1551 5759 1752 5822 αὐτῶν,

1866 5759 1948 5829 qui
1983 5777 2194 5817 morem
2251 5763 2423 5831 patris
2455 5775 2564 5817 non
2595 5759 2793 5822 secuti,
2817 5758 2885 5812 ad
2916 5753 3266 5827 largitionum
3303 5773 3431 5812 cor-

240 5844 325 5896 αλλ’
371 5849 727 5914 ἐκκλίναντες,
787 5849 961 5914 δῶρον
1025 5849 1086 5905 τὸ
1127 5850 1337 5906 δίκαιον
1369 5851 1752 5916 πρωδῖδοσαν,

1866 5852 2100 5917 ruptclas
2129 5852 2504 5916 tlellcxertuit,
2552 5860 2607 5906 et
2647 5851 2730 5906 ius
2761 5859 2923 5912 atque
2959 5865 3176 5912 mnuum
3227 5850 3420 5906 venare
