3958 6588
497 363 598 425 127

1794 358 2122 433 JOANNIS
2163 368 2482 431 7.0mm;
3650 382 3740 445 133

495 479 826 534 habuerunt.
856 483 981 538 llaec
1003 485 1235 555 populus
1257 476 1399 557 :cgre
1431 488 1634 554 ferens,
1661 489 1729 542 ad
1760 487 2073 542 Samnclem

2181 484 2276 538 καὶ
2320 479 2569 556 λῆμμασι
2612 485 2709 550 τὰς
2744 490 2955 559 κρίσεις
2995 489 3263 554 ἐδέκαζον.
3306 488 3362 542 ’0
3390 490 3446 543 δὲ
3496 488 3622 556 λαὸς
3661 497 3745 552 διὰ

495 572 744 637 conﬂuit,
772 582 829 626 ct
869 593 882 629 :
910 574 1181 640 Quoniam
1211 587 1288 643 tu,
1324 580 1524 648 inquit,
1560 598 1654 650 per
1680 590 1888 633 wtatcm
1924 579 2070 632 nobis

495 678 718 731 prteesse
747 682 849 718 non
881 677 1048 736 potes,
1089 686 1261 740 regem
1291 681 1499 736 creato,
1533 672 1621 740 qui
1650 681 1699 722 et
1737 679 1941 739 gentem
1969 687 2070 739 gu-

496 755 695 813 bernet.
730 766 778 809 et
808 762 1138 813 adversarios
1169 769 1371 815 nostros
1401 768 1683 831 oppugnet.
1721 761 1798 815 Ea
1837 776 1897 815 re
1943 776 2070 814 cum

497 844 718 902 Samuel
749 850 1077 916 tristaretur,
1110 852 1244 907 dicit
1273 855 1356 907 eis
1389 853 1534 906 Deus
1565 870 1577 905 :
1616 852 1741 906 Non
1775 863 1825 906 te
1853 868 1949 923 pro
1974 855 2072 907 ni-

496 940 600 994 hilo
633 943 811 998 habuit
850 945 1095 1016 populus,
1145 947 1239 999 sed
1287 962 1401 1009 me;
1435 963 1588 1016 quem
1631 964 1753 1001 vero
1800 949 1891 1003 tibi
1922 964 2072 1002 mon-

494 1044 692 1099 straro,
728 1053 847 1089 eum
878 1054 1049 1108 regem
1100 1041 1302 1109 ungito.
1337 1039 1447 1109 59
1477 1040 1721 1097 Hebrreis
1750 1042 1918 1113 igitur
1937 1058 2067 1097 con-

495 1127 736 1192 vocatis,
780 1128 1001 1183 Samuel
1044 1130 1337 1199 preponit,
1386 1148 1445 1187 se
1485 1133 1790 1188 electorum
1827 1134 1909 1189 eis
1946 1149 2071 1189 esse

497 1232 705 1283 regem,
744 1220 1069 1288 .prmdicens
1110 1222 1226 1277 fore
1260 1234 1320 1278 ut
1357 1227 1651 1294 paeniteret
1680 1243 1796 1291 eos,
1832 1242 1897 1282 ac
1929 1227 2072 1282 libe-

497 1309 767 1364 rationem
816 1327 848 1364 a
894 1312 1119 1381 regibus
1166 1315 1338 1369 Deum
1379 1325 1657 1372 oraturos.
1705 1318 1789 1372 illi
1839 1320 2068 1381 instant,

496 1414 677 1468 regem
721 1399 1051 1471 ﬂagitantes,
1082 1406 1150 1461 dc
1193 1408 1357 1462 rebus
1406 1409 1607 1464 futuris
1640 1426 1896 1466 securum
1939 1428 2072 1468 esse

489 1491 851 1560 jubent.Tum
880 1495 1101 1551 Samuel
1132 1514 1145 1551 :
1175 1498 1321 1552 Abite
1351 1516 1509 1564 nunc,
1544 1500 1747 1570 inquit,
1774 1502 1859 1556 ubi
1883 1519 2076 1574 cogno-

494 1597 639 1646 vero,
670 1600 825 1654 quem
859 1587 1000 1640 vobis
1035 1587 1176 1641 Deus
1205 1590 1437 1654 dederit,
1471 1607 1737 1645 accersam
1764 1607 1871 1646 vos.
1913 1593 2072 1648 Acci-

494 1676 577 1730 dit
601 1685 809 1741 autem,
839 1688 899 1732 ut
927 1679 1229 1751 Benjamita
1260 1682 1507 1750 quidam,
1537 1684 1759 1738 nomine
1792 1683 1906 1747 Cis,
1934 1684 2073 1740 Sau-

420 1807 444 1831 .
496 1766 604 1821 lem
638 1766 839 1835 tilium,
871 1770 1151 1827 hominem
1194 1782 1402 1827 statura
1432 1784 1490 1829 et
1530 1774 1705 1829 forma
1745 1777 2069 1843 excellenti,

497 1873 622 1912 cum
659 1874 823 1915 servo
846 1864 912 1916 ad
940 1866 1222 1919 asinarum
1255 1882 1392 1936 quas
1439 1869 1698 1924 amiserat
1751 1871 2072 1940 inquisitio-
2107 1850 2149 1907 Β

497 1964 626 2003 nem
661 1950 923 2007 mitteret.
963 1954 1109 2021 Quas
1148 1956 1240 2011 ille
1286 1973 1412 2012 cum
1464 1961 1663 2028 passim
1708 1963 2072 2031 quaesivisset,

500 2053 605 2092 nec
648 2040 987 2111 invenisset,
1016 2045 1324 2101 Samuelem
1366 2049 1433 2104 de
1474 2051 1737 2105 asinabus
1770 2052 2078 2124 interroga-

500 2140 678 2195 turus,
706 2133 1044 2189 Armathaim
1083 2139 1253 2193 venit.
1285 2140 1360 2195 lbi
1397 2134 1540 2196 Deus
1562 2143 1809 2199 Samueli
1842 2147 2074 2211 revelat,

497 2234 625 2273 eum
656 2237 776 2277 esse
808 2238 974 2294 quem
1011 2231 1216 2299 populo
1240 2229 1594 2287 Hebraeorum
1630 2235 1899 2304 imperare
1922 2237 2072 2291 velit.

499 2311 576 2365 De
606 2313 867 2371 asinabus
888 2318 1057 2387 igitur
1088 2333 1330 2392 rogatus,
1360 2326 1666 2383 incolumes
1693 2344 1816 2383 csse
1841 2346 2075 2401 respon-

498 2403 629 2459 det;
654 2416 710 2460 et
744 2409 964 2464 Saulem
995 2412 1234 2483 hospitio
1265 2426 1556 2486 exceptum
1592 2435 1752 2475 mane
1780 2424 2074 2493 prosequi-

500 2506 609 2549 tur.
644 2498 843 2555 Urbem
880 2518 1168 2573 egressus,
1215 2523 1341 2563 cum
1385 2510 1792 2568 adolescentem
1830 2516 2080 2571 seduxis-

498 2596 607 2653 set,
636 2590 761 2645 oleo
806 2605 973 2663 caput
1015 2599 1137 2667 ejus
1192 2601 1511 2669 perfundit,
1555 2620 1620 2660 ac
1658 2605 2014 2664 deosculatus
2057 2626 2071 2660 :

503 2679 661 2736 Unxit
696 2693 745 2737 te
776 2685 933 2754 Deus,
961 2690 1160 2761 inquit,
1197 2710 1368 2763 regem
1407 2697 1588 2767 populi
1620 2701 1725 2763 sui,
1775 2703 1924 2767 cuius
1978 2720 2079 2756 un-

500 2775 687 2828 ctionis
732 2776 868 2831 illud
915 2782 1010 2834 tibi
1052 2784 1261 2854 signum
1305 2789 1425 2853 erit,
1470 2795 1606 2859 quod
1649 2794 1791 2847 circa
1836 2793 2078 2849 Bac/telis

499 2863 800 2933 sepulcrum
839 2868 942 2923 duo
973 2871 1064 2925 tibi
1097 2875 1197 2929 viri
1252 2889 1565 2944 occurrent,
1607 2882 1789 2935 asinus
1839 2894 2074 2951 repertas

500 2955 844 3025 gratulaturi.
887 2960 1089 3032 Adjicit
1127 2976 1182 3020 et
1212 2967 1319 3020 alia
1355 2969 1509 3039 signa
1549 2973 1939 3029 conﬁrmanda:
1979 2991 2077 3031 ve-

503 3048 687 3103 ritatis
731 3065 882 3122 ergo,
923 3062 1088 3124 atque
1120 3057 1267 3112 inter
1304 3071 1520 3127 caetera,
1553 3064 1647 3118 ubi
1688 3063 1951 3119 Gabatam
1982 3083 2078 3122 ve—

502 3143 673 3207 nerit,
732 3159 857 3199 cum
909 3146 1061 3203 illius
1119 3149 1223 3204 loci
1279 3154 1565 3221 prophetis
1623 3157 2071 3216 vaticinaturum.

501 3233 719 3290 Mandat
750 3242 937 3307 etiam,
965 3257 1090 3296 cum
1121 3259 1152 3298 a
1193 3260 1251 3299 se
1279 3260 1616 3313 accersatur,
1646 3260 1704 3304 ut
1732 3251 1949 3321 Galgala
1981 3269 2075 3308 ve-

502 3327 638 3380 niat.
689 3329 820 3385 Post
864 3346 1055 3390 coacto
1108 3340 1314 3408 populo
1367 3356 1573 3397 sortem
1622 3345 1841 3399 mittere
1902 3346 2078 3402 tribus

498 3416 763 3486 jussit,ut
792 3435 1088 3492 constaret,
1109 3431 1269 3499 cujus
1300 3429 1522 3487 futurus
1550 3444 1696 3489 esset
1728 3452 1845 3490 rex.
1864 3436 2078 3494 Cecidit

504 3519 688 3564 autem
738 3527 858 3568 sors
910 3518 965 3572 in
1014 3520 1471 3591 Benjamiticam,
1513 3525 1715 3580 deinde
1757 3527 1809 3580 in
1857 3538 2077 3597 gentem

504 3601 766 3659 Battarim
801 3622 817 3660 :
849 3623 970 3677 quae
998 3627 1123 3665 cum
1170 3615 1376 3669 viritim
1409 3618 1705 3671 sortiretur
1726 3660 1740 3683 ,
1775 3619 1924 3675 Sauli
1958 3637 2080 3678 sors

410 3708 435 3763 χ
505 3691 748 3748 obvenit.
777 3697 1055 3762 Quanitur
1086 3703 1199 3767 ille,
1242 3719 1343 3759 nec
1380 3706 1688 3762 invenitur.
1743 3707 1961 3766 Samuel
1996 3713 2082 3767 di-

505 3786 718 3843 vinitus
742 3794 1069 3848 monstratis
1101 3796 1222 3865 ejus
1251 3796 1509 3864 latebris,
1544 3799 1843 3873 adductum
1877 3802 1931 3856 in
1966 3818 2081 3858 me-

504 3879 597 3934 dio
636 3884 862 3938 statuit.
910 3886 1045 3940 Erat
1083 3896 1267 3940 autem
1310 3904 1554 3958 procerae
1598 3901 1841 3955 staturze,
1890 3903 1947 3948 et
1979 3894 2080 3948 hu-

504 3978 673 4032 meris
721 3979 1003 4033 emin‘ebat
1052 3995 1219 4051 supra
1264 3996 1480 4038 omnes.
1523 3984 1663 4039 Tum
1708 3986 1776 4039 ad
1815 3988 2078 4056 populum

503 4067 775 4141 Propheta
807 4086 823 4124 :
868 4071 1045 4135 Hune,
1085 4074 1287 4143 inquit,
1322 4091 1496 4147 regem
1536 4077 1677 4132 vobis
1720 4080 1871 4132 unxit
1902 4078 2082 4133 Domi-

503 4181 619 4229 nus,
656 4168 807 4237 cujus
843 4166 982 4220 inter
1023 4183 1112 4223 vos
1154 4185 1335 4222 omnes
1362 4186 1468 4223 non
1498 4178 1573 4224 est
1598 4172 1805 4226 similis.
1835 4174 2083 4242 Populus

504 4261 944 4330 gratulabundus
1000 4261 1314 4316 acclamat:
1362 4262 1511 4317 Vivat
1559 4280 1673 4321 rex.
1729 4264 1947 4320 Saulem
2004 4265 2082 4320 ita

504 4371 671 4426 regno
698 4356 964 4426 potitum,
993 4354 1150 4407 multi
1184 4355 1553 4410 observabant
1592 4365 1653 4410 ut
1689 4372 1891 4426 regem,
1920 4367 1975 4411 et
2025 4366 2084 4412 ut

502 4465 602 4519 par
646 4459 765 4505 erat
814 4451 1182 4505 honorabant.
1214 4450 1367 4503 Multi
1407 4451 1577 4505 etiam
1624 4450 1965 4518 ‘spernebant
2021 4460 2079 4505 et

2179 578 2351 631 ταῦτα
2409 580 2545 651 πρὸς
2601 581 2854 652 Σαμουὴλ
2905 582 3236 652 ἀθροισθεὶς,
3280 585 3441 637 Ἐπεὶ
3487 584 3573 654 μὴ
3628 584 3746 656 οἶός

2181 684 2244 722 τε
2266 669 2369 735 σὺ,
2391 671 2620 741 ἔφησαν,
2647 672 3013 748 προεστάναι
3034 674 3205 742 ἡμῶν
3230 674 3325 727 διὰ
3351 673 3563 743 γῆρας,
3583 680 3748 746 ποίη-

2180 776 2296 815 σον
2328 762 2471 831 ἡμῖν
2488 763 2773 828 βασιλέα.
2808 764 2878 831 ὃς
2916 764 3015 819 καί
3047 764 3152 819 τοῦ
3189 764 3408 830 ἔθνους
3438 767 3745 836 ἡγήσεται,

2177 852 2277 907 καί
2303 855 2425 920 τοῖς
2456 855 2752 923 ἐναντίοις
2779 857 3365 926 ἀντιστρατεύσεται.
3397 860 3744 930 Λυπουμένου

2178 947 2223 999 δ’
2280 947 2373 999 ἐπὶ
2416 948 2629 1013 τούτοις
2674 949 2769 1004 τοῦ
2830 950 3127 1022 Σαμουὴλ,
3178 946 3301 1003 εἷπε
3380 952 3517 1020 πρὸς
3588 955 3746 1009 αὐτὸν

2177 1039 2206 1089 6
2276 1040 2413 1102 Θεός
2449 1055 2463 1070 ·
2556 1041 2639 1094 Οὔ
2717 1058 2791 1095 σε
2868 1042 3351 1108 ἐξουθενήκασιν
3427 1045 3462 1097 ό
3554 1045 3743 1116 λαὸς,

2178 1132 2316 1186 ἀλλ’
2388 1130 2510 1200 ἐμέο
2553 1133 2829 1189 ἄκουσον
2905 1137 3119 1189 τοίνυν
3189 1134 3429 1200 αὐτῶν,
3494 1137 3593 1189 καί
3682 1140 3750 1193 ὃν

2178 1225 2473 1290 ἀναδείξω
2509 1227 2632 1291 σοὶ,
2668 1229 2753 1293 εις
2783 1228 3049 1292 βασιλέα
3080 1228 3296 1296 χρῖσον
3326 1229 3550 1294 αὐτοῖς.
3586 1231 3748 1286 Συνα-

2180 1314 2402 1386 οροίσας
2427 1314 2482 1368 δὲ
2498 1316 2622 1379 τοὺς
2649 1314 2940 1387 Ἐϐραίους
2962 1318 2989 1368 6
3008 1314 3277 1386 Σαμουὴλ,
3304 1316 3564 1368 κατέθετο
3580 1334 3746 1389 χειροο

2178 1411 2424 1479 τονήσειν
2468 1409 2652 1472 αὐτοῖς
2704 1409 2949 1477 βασιλέα.
2985 1411 3404 1479 Μεταμελήσειν
3432 1408 3490 1462 δὲ
3541 1411 3745 1482 προέφη

2179 1503 2384 1563 αὐτοῖς,
2416 1501 2511 1554 καὶ
2539 1501 2817 1555 αἰτεῖσθαι
2851 1504 3072 1571 μέλλειν
3102 1504 3256 1570 παρὰ
3295 1501 3429 1554 Θεοῦ
3460 1503 3568 1554 τῶν
3601 1500 3748 1569 βασι-

2179 1592 2315 1645 λέων
2338 1592 2682 1664 ἀπαλλαγήν.
2704 1594 2769 1647 Ol
2796 1594 2853 1646 δὲ
2885 1594 3163 1647 ἐνέκειντο
3190 1595 3413 1663 βασιλέα
3439 1592 3745 1662 ζητοῦντες,

2179 1685 2274 1737 καὶ
2306 1685 2491 1753 ἠξίουν
2521 1686 2707 1751 αὐτὸν,
2747 1688 2822 1756 μὴ
2854 1688 3165 1757 φροντίζειν
3203 1688 3312 1741 τῶν
3346 1689 3640 1757 ἐσομένων.
3690 1689 3745 1741 ’0

2178 1777 2236 1830 δὲ
2283 1778 2602 1849 Προφήτης,
2642 1781 2851 1834 Ἀπιτε
2885 1781 3023 1845 νῦν,
3070 1775 3246 1845 εἶπεν,
3292 1780 3439 1833 ὅταν
3482 1779 3552 1833 δὲ
3588 1780 3748 1848 μάθω

2178 1872 2315 1924 τίνα
2378 1870 2628 1926 δίδωσιν
2696 1873 2842 1941 ἡμῖν
2898 1878 2931 1928 ό
2989 1874 3137 1939 Θεὸς
3192 1872 3495 1939 βασιλέα,
3568 1890 3744 1942 μετας

2177 1962 2486 2032 πέμψομαι
2544 1964 2722 2032 ὑμᾶς.
2770 1965 2935 2035 Ἀνὴρ
2985 1965 3040 2018 δέ
3077 1983 3164 2028 τις
3211 1964 3544 2035 Βενιαμίτης
3599 1966 3747 2032 (Κείς

2176 2058 2349 2127 ὄνομα
2384 2057 2461 2127 τῷ
2512 2056 2687 2128 ἀνδρὶ)
2730 2058 2885 2120 ὄνους
2933 2057 3236 2123 ἀπολέσας,
3269 2056 3364 2109 τὸν
3409 2056 3561 2120 υἱὸν,
3594 2054 3650 2117 ὄς
3681 2053 3745 2127 ἦν

2178 2148 2329 2216 αὐτῷ
2363 2148 2535 2219 μέγας
2584 2166 2643 2201 τε
2677 2150 2769 2202 καὶ
2796 2149 3021 2218 ὡραῖος,
3054 2147 3398 2217 κεκλημένος
3437 2147 3635 2211 Σαοὺλ,
3668 2150 3742 2213 εἰς

2177 2243 2272 2295 ἀν)
2287 2243 2516 2312 ζήτησιν
2532 2242 2640 2294 τῶν
2666 2242 2803 2295 ὄνων
2831 2241 2925 2294 σὺν
2948 2242 3028 2295 ὲνὶ
3048 2240 3156 2294 τῶν
3184 2240 3385 2294 δούλων
3408 2241 3745 2295 ἀπέστειλεν.

2189 2332 2248 2384 Ὀ
2277 2332 2335 2384 δὲ
2382 2331 2711 2401 περιελθὼν,
2748 2332 2843 2385 καὶ
2878 2330 3143 2401 ζητήσας,
3174 2333 3269 2384 καὶ
3328 2332 3402 2401 μὴ
3438 2328 3638 2400 εὑρὼν,
3672 2334 3749 2394 είς

2190 2421 2509 2492 Ἀρμαθαῒμ
2544 2423 2681 2492 πρὸς
2730 2421 2822 2475 τὸν
2875 2422 3134 2493 Σαμουὴλ
3173 2421 3577 2490 παραγέγονεν,
3617 2423 3748 2490 ἐρω-

2177 2514 2358 2582 τήσων
2387 2514 2516 2584 περὶ
2542 2513 2651 2565 τῶν
2681 2513 2839 2566 ὄνων.
2870 2513 3036 2583 Δηλοῖ
3080 2511 3263 2564 τοίνυν
3313 2510 3394 2581 τῷ
3423 2510 3681 2581 Σαμουὴλ
3721 2514 3748 2564 6

2178 2600 2329 2665 Θεὸς,
2362 2600 2553 2654 τοῦτον
2593 2596 2737 2655 εἷναι
2766 2600 2826 2654 ὄν
2856 2601 3110 2672 βούλεται
3146 2600 3466 2670 βασιλεῦσαι
3498 2598 3596 2654 τοῦ
3621 2599 3745 2654 λαοῦ

2177 2697 2287 2750 τῶν
2326 2697 2621 2769 Ἐϐραίων.
2685 2698 3021 2770 Ἐρωτηθεὶς
3070 2695 3164 2753 οὖν
3214 2696 3484 2768 περὶτῶν
3539 2696 3675 2750 ὄνων
3717 2698 3747 2750 6

2179 2789 2452 2861 Σαμουὴλ,
2491 2789 2762 2844 σεσῶσθαι
2815 2786 2970 2844 εἶπεν
3016 2790 3207 2853 αὐτάς.
3245 2788 3354 2842 Καὶ
3395 2788 3616 2853 ξενίσας
3661 2786 3747 2841 τὸν

2178 2882 2373 2945 Σαοὺλ,
2406 2883 2765 2955 προέπεμψεν
2792 2883 2983 2937 ἕωθεν.
3024 2883 3133 2936 Καὶ
3176 2882 3282 2947 ἔξω
3309 2881 3405 2934 τοῦ
3434 2880 3629 2942 ἄστεος
3656 2881 3747 2933 σὺν

2178 2973 2327 3044 αὐτῷ
2360 2973 2674 3046 πορευθεὶς,
2710 2975 2869 3042 μόνον
2899 2991 2959 3027 τε
2996 2974 3103 3042 ἰδία
3136 2973 3230 3025 τον
3277 2972 3496 3025 νεανίαν
3548 2971 3745 3024 ἀπολαι

2180 3066 2326 3129 ϐων,
2383 3067 2563 3119 ἔλαιον
2625 3068 2884 3137 καταχέει
2938 3066 3041 3137 τῆς
3095 3067 3262 3121 αὐτοῦ
3328 3067 3597 3137 κεφαλῆς.
3644 3068 3745 3120 Καὶ

2183 3157 2416 3227 φιλήσας
2446 3155 2630 3222 αὑτὸν,
2664 3158 2915 3226 Κέχρικέ
2940 3174 3014 3211 σε
3040 3159 3254 3226 Κύριος
3282 3138 3575 3227 ἄρχοντα.
3620 3157 3742 3227 ἔφη,

2178 3251 2279 3305 ἐπὶ
2316 3253 2423 3305 τὸν
2448 3252 2598 3304 λαδν
2619 3251 2806 3306 αὑτοῦ
2849 3251 3119 3319 Ἰσραήλ.
3161 3252 3270 3306 Kal
3308 3253 3467 3306 ἐστω
3496 3250 3748 3319 σημεῖον

2176 3343 2284 3398 τοῦ
2303 3347 2654 3411 χρίσματος,
2670 3343 2734 3395 τὸ
2758 3342 3137 3411 συναντῆσαι
3158 3360 3257 3396 σοι
3282 3341 3414 3410 περὶ
3431 3341 3545 3396 τὸν
3565 3340 3748 3409 τάφον

2188 3435 2440 3503 Ῥαχὴλ.
2499 3433 2727 3502 ἄνδρας
2780 3434 2890 3487 δύο
2946 3434 3061 3502 τὴν
3119 3435 3367 3502 εὕρεσιν
3420 3432 3547 3487 τῶν
3602 3433 3750 3486 ὄνων

2177 3525 2741 3596 εὐαγγελιζὶνμένους
2799 3543 2920 3581 σοι.
2969 3528 3078 3580 Καὶ
3128 3526 3268 3581 ἄλλα
3302 3526 3359 3580 δὲ
3406 3527 3614 3597 σημεῖα
3658 3524 3747 3577 τοῦ

2178 3620 2469 3690 ἀληθεύειν
2526 3616 2680 3672 εἶπεν
2749 3619 2919 3686 αὐτῷ,
2978 3619 3075 3672 καὶ
3125 3620 3207 3672 ὅτι
3265 3617 3637 3689 προφητεύσει
3694 3618 3746 3669 ὲν

2180 3712 2402 3767 Γαϐαθᾰ
2450 3712 2692 3780 γεγονὼς
2734 3714 2874 3782 μετὰ
2931 3711 3043 3764 τῶν
3089 3712 3209 3763 ἐκεῖ
3261 3708 3590 3779 προφητῶν.
3642 3709 3745 3761 Καὶ.

2180 3807 2332 3880 ἥξειν
2369 3811 2449 3873 εἰς
2493 3810 2749 3877 Γάλγαλα
2798 3808 2946 3880 αὑτῷ
2995 3806 3321 3868 ἐνετείλατο,
3369 3804 3538 3876 ἡνίκα
3591 3819 3747 3873 μετα.

2183 3902 2408 3970 πεμφοῇ
2446 3900 2577 3971 παρ’
2610 3900 2796 3955 αὑτοῦ.
2829 3900 3161 3968 Συνήθροισε
3189 3897 3234 3950 δ’
3261 3897 3455 3951 ἔπειτα
3486 3896 3580 3950 τὸν
3606 3894 3746 3958 λαὸν,

2182 3995 2278 4046 καὶ
2307 3993 2546 4062 κλήρους
2590 3993 2773 4061 βαλεῖν
2822 3993 3078 4045 ἐκέλευσε
3132 3990 3232 4052 τὰς
3282 3989 3478 4058 φυλὰς,
3522 3988 3589 4041 ἵν’
3621 3987 3747 4041 ἀνα-

2181 4085 2419 4155 δειχθεξη
2452 4087 2515 4138 ὲκ
2544 4087 2703 4148 ποίας
2730 4088 2757 4138 6
2786 4083 3129 4156 βασιλεύσων
3148 4085 3350 4136 ἔσεται.
3390 4084 3631 4135 Ἔπεσεν
3662 4078 3748 4134 οὖν

2181 4176 2209 4227 6
2238 4175 2436 4245 κλῆρος
2470 4178 2548 4239 εἰς
2575 4176 2673 4245 τὴν
2705 4175 3079 4244 Βενιαμίτιδα,
3114 4173 3234 4227 εἷτα
3266 4176 3346 4237 είς
3378 4174 3483 4244 τὴν
3515 4171 3745 4242 πατριὰν

2184 4264 2444 4333 Βιτταρί.
2493 4264 2629 4316 Κατ’
2663 4264 2830 4334 ἄνδρα
2860 4263 2917 4316 δὲ
2946 4265 3044 4333 τῆς
3076 4266 3316 4330 πατριᾶς
3355 4262 3746 4333 κληρωθείσης,

2185 4357 2263 4419 εἰς
2287 4356 2377 4407 τὸν
2399 4355 2572 4407 Σαοὺλ
2596 4354 2623 4406 6
2651 4356 2853 4425 κλῆρος
2894 4354 3175 4418 ἐξέπεσεν.
3215 4354 3305 4418 Ὠς
3336 4356 3393 4408 δὲ
3421 4354 3750 4425 ζητούμενος

2185 4446 2287 4497 οὐκ
2319 4440 2409 4515 ἦν,
2447 4446 2662 4512 μυεῖται
2694 4444 2723 4496 6
2772 4443 3024 4513 Σαμουὴλ
3078 4444 3229 4514 παρὰ
3280 4445 3378 4497 τοῦ
3430 4444 3571 4497 Θεοῦ
3620 4444 3746 4496 ὅπου

505 4542 833 4598 irridebant.
862 4543 993 4597 Post
1030 4558 1276 4597 mensem
1317 4541 1459 4596 Naas
1500 4540 1940 4596 Ammanitarum
1979 4556 2075 4595 rex

2182 4535 2527 4606 ἐκέκρυπτο’
2585 4538 2679 4588 καλ⁵
2736 4535 2996 4607 ἀχθέντα,
3045 4535 3245 4605 ἔστησε
3310 4536 3498 4606 μέσον.
3535 4536 3643 4589 Kal
3685 4529 3751 4603 ἦν

503 4633 674 4689 Jahcn
708 4633 1061 4689 Galaaditicaa
1094 4633 1344 4695 obsidet,
1385 4648 1491 4686 non
1539 4633 1644 4686 alia
1674 4632 1990 4687 conditione
2021 4646 2080 4687 se

504 4734 641 4787 viris
672 4748 895 4803 parcere
944 4733 1085 4788 velle
1125 4731 1338 4793 dicens,
1389 4729 1495 4784 nisi
1544 4730 1797 4784 dextrum
1855 4730 2078 4785 oculum

504 4824 612 4877 sibi
648 4824 884 4895 quisque
921 4822 1234 4880 eruendum
1268 4821 1532 4877 traderet.
1579 4820 1663 4875 Illi
1711 4829 1921 4890 septem
1957 4821 2081 4876 die-

508 4932 632 4969 rum
679 4917 929 4971 inducias
978 4926 1221 4987 petunt:
1260 4915 1328 4969 iis
1378 4914 1706 4983 impetratis,
1759 4914 1983 4968 nuntios
2024 4914 2081 4968 in

506 5009 900 5066 Galaaditicam
925 5011 1036 5082 60
1064 5011 1311 5064 mittunt.
1339 5009 1555 5064 Auditis
1596 5009 1920 5062 Ammanitae
1959 5023 2084 5061 ver-

511 5103 614 5164 bis,
648 5105 882 5173 populus
907 5105 1093 5174 luget:
1125 5102 1254 5156 Saul
1290 5117 1424 5156 vero
1457 5100 1662 5171 ingenti
1695 5101 1777 5155 ira
1815 5101 2079 5168 percitus,

509 5196 650 5250 duos
688 5196 857 5250 boves
899 5196 1249 5249 membratim
1293 5196 1545 5249 concisos
1599 5194 1652 5247 in
1703 5210 1894 5248 omnes
1949 5194 2083 5246 lines

510 5289 881 5344 lsraelitarum
922 5289 1110 5351 mittit,
1158 5288 1546 5352 comminatus,
1579 5287 1775 5342 eodem
1827 5286 1991 5341 modo
2024 5301 2084 5341 se

512 5392 871 5438 tractaturnm
902 5397 1017 5443 eos,
1047 5380 1140 5449 qui
1188 5380 1255 5434 ad
1291 5379 1692 5449 propulsandus
1737 5378 2085 5432 Ammanitas

513 5491 620 5529 non
663 5476 941 5530 adessent.
987 5474 1271 5528 Concursu
1314 5473 1498 5543 populi
1536 5472 1697 5533 iacto,
1740 5486 2083 5539 numeroque

516 5566 675 5629 inito,
708 5567 926 5620 inventa
958 5574 1087 5619 sunt
1113 5566 1356 5621 virorum
1392 5566 1738 5635 septingenta
1775 5564 1945 5617 millia
1984 5580 1996 5615 :
2028 5571 2084 5615 et

515 5659 644 5714 Saul
693 5661 920 5714 numine
964 5660 1175 5715 afﬂatus
1223 5660 1491 5731 praedicit,
1536 5659 1764 5714 Jabinos
1819 5656 2084 5722 postridie

516 5755 632 5808 fore
674 5755 872 5808 salvos.
904 5752 1207 5821 Totamque
1242 5764 1457 5808 noctem
1497 5767 1622 5806 cum
1654 5747 1901 5804 exercitu
1956 5762 2082 5815 pro-

513 5846 711 5903 fectus.
742 5846 885 5899 circa
932 5848 1158 5904 primatu
1190 5844 1427 5905 vigiliam
1475 5844 1541 5897 ad
1575 5839 1918 5896 Ammanitas
1952 5853 2080 5897 ntr-

2186 4628 2528 4699 ὑπερωμίας,
2564 4630 2658 4683 καὶ
2697 4629 2914 4683 πάντων
2952 4629 3241 4699 ὑπερέχων
3298 4629 3440 4682 κατὰ
3489 4629 3592 4699 τὴν
3644 4626 3751 4696 ὴλιο

2185 4722 2311 4775 κίαν
2342 4720 2438 4774 τοῦ
2468 4721 2747 4790 σώματος.
2796 4723 2909 4773 Καὶ
2959 4721 3100 4790 πρὸς
3129 4720 3189 4774 τὸ
3229 4720 3436 4790 πλῆθος
3487 4720 3687 4789 ἔφησεν
3727 4719 3753 4771 6

2184 4813 2493 4883 προφήτης,
2538 4813 2760 4866 Τοῦτον
2806 4814 3053 4879 ἔχρισεν
3084 4811 3229 4880 ὑμῖν
3280 4815 3368 4878 είς
3410 4812 3679 4875 βασιλέα
3721 4811 3752 4862 ό

2184 4906 2419 4972 Κύριος,
2446 4898 2495 4970 ᾧ
2528 4906 2638 4957 οὐκ
2666 4904 2839 4957 ἐστιν
2877 4902 3079 4971 ὅμοιος
3106 4902 3177 4954 ἐν
3199 4901 3386 4955 πᾶσιν
3417 4902 3564 4970 ὑμῖν
3586 4918 3600 4931 ·
3643 4902 3671 4951 6
3698 4898 3750 4950 δὲ

2185 4995 2314 5060 λαὸς
2341 4995 2726 5064 ἐπευφήμησε,
2781 4995 2877 5048 καὶ
2931 4993 3107 5046 εἶπεν
3152 4992 3321 5058 Ζήτω
3377 4991 3747 5058 όβιισιλεύς.

2187 5088 2345 5144 Οὕτω
2362 5089 2419 5141 δὲ
2449 5088 2526 5157 τῷ
2556 5086 2731 5140 Σαοὺλ
2759 5085 3160 5156 βασιλεύσαντι,
3191 5086 3377 5140 πολλοὶ
3408 5087 3510 5155 μὲν
3541 5086 3753 5155 apo-cai-

2186 5200 2280 5253 χον
2306 5182 2381 5244 ὡς
2421 5180 2652 5251 βασιλεῖ,
2677 5182 2772 5232 καὶ
2800 5181 2939 5233 κατὰ
2964 5181 3024 5233 τὸ
3045 5181 3324 5251 προσῆκον
3348 5180 3548 5247 ἐτίμων
3572 5178 3747 5238 αὑτὸν,

2187 5275 2373 5328 πολλοὶ
2405 5274 2460 5327 δὲ
2504 5272 2873 5340 κατεφρόνουν
2903 5288 2961 5323 τε
3011 5277 3106 5324 καί
3141 5270 3459 5339 ἐχλεύαζον.
3512 5268 3664 5322 Μετὰ
3695 5266 3751 5317 δὲ

2189 5369 2355 5440 μῆνα,
2389 5366 2541 5428 Nola;
2571 5367 2599 5417 6
2628 5366 2739 5416 τῶν
2777 5364 3135 5434 ’Δμμανιτῶν
3168 5364 3443 5429 βασιλεὺς,
3472 5360 3751 5429 στρατεύει

2185 5463 2276 5513 ἐπὶ
2308 5459 2502 5521 Ἰαεεὶς
2528 5457 2761 5520 Γαλαὰδ,
2799 5456 2872 5527 μὴ
2901 5457 3077 5519 ἄλλως
3111 5457 3289 5521 λέγων
3327 5455 3618 5524 φείσασθαι
3650 5452 3749 5504 τῶν

2185 5554 2417 5624 ἀνδρῶν,
2466 5554 2516 5605 εί
2566 5552 2640 5620 μὴ
2687 5551 2852 5603 δῶσιν
2910 5551 3060 5617 αὐτῴ
3120 5549 3212 5603 τὸν
3262 5550 3499 5602 ἑκάστου
3557 5547 3751 5611 ἐξελεῖν

2187 5647 2357 5711 δεξιὸν
2415 5643 2715 5713 ὀφθαλμόν.
2777 5644 2839 5696 Ol
2891 5642 2948 5695 δὲ
3010 5644 3211 5712 ἀνοχὴν
3273 5641 3547 5711 ἐζήτησαν
3616 5636 3749 5690 ἑπτὰ

2188 5738 2450 5810 ἡμερῶνο
2501 5737 2595 5789 καὶ
2655 5735 2949 5798 λαϐόντες,
2984 5735 3294 5804 πέμπουσιν
3352 5733 3620 5801 ἀγγέλους
3676 5730 3748 5790 είς

2190 5831 2425 5887 Γαλαάδ.
2459 5831 2567 5883 Καὶ
2616 5827 2946 5891 ἀκούσαντες
2993 5828 3042 5880 οί
3078 5829 3193 5881 ἐκεῖ
3240 5828 3366 5888 τοὺς
3417 5826 3611 5893 λόγους
3660 5816 3746 5873 τοῦ
