3984 6574
255 417 344 478 ΙΞΗ
1514 412 1828 474 ANNALH

1916 412 1927 470 l
1970 410 2121 470 LIB.
2170 409 2217 469 ῐ.
3388 410 3489 474 130

258 530 618 601 ’Λμμανέτου,
670 531 1004 601 ὲθρῆνησαν.
1073 532 1132 585 Ὀ
1197 533 1253 586 δὲ
1310 530 1483 585 Σαοὺλ
1543 530 1802 600 ἐθυμώθη

1913 522 2060 577 venit
2091 538 2103 574 :
2140 536 2204 576 ac
2241 520 2511 574 trifariam
2560 519 2753 575 divisis
2792 520 2992 589 copiis,
3031 520 3218 575 hostes
3246 522 3486 577 circum-

248 622 472 690 σφόδραο
508 622 605 674 καὶ
635 621 816 675 λαϐὼν
845 622 939 675 δύο
971 622 1118 691 βόας,
1152 623 1404 692 ὲμέλισεν
1451 624 1673 686 αὐτοὺς,
1718 623 1810 675 καὶ

1915 616 2027 680 dat,
2085 614 2287 668 multos
2331 612 2513 679 caedit,
2557 612 2850 681 ipsumque
2888 626 3069 681 regem
3105 613 3295 667 Naam.
3337 615 3488 669 Reli-

245 712 548 767 ἁπέστειλεν
602 714 679 775 είς
731 713 844 765 πᾶν
882 713 1031 782 ὅριον
1092 711 1328 783 Ἰσραὴλ,
1375 714 1616 767 ἀπειλῶν
1669 711 1810 765 οὕτω

1915 721 2054 776 quos
2102 704 2305 768 fundit,
2356 714 2413 758 et
2446 704 2806 773 impressione
2859 706 2912 757 in
2964 721 3154 759 eorum
3209 708 3488 776 regionem

244 805 414 873 θήσειν
436 805 563 865 τοὺς
592 804 666 872 μὴ
694 804 840 856 κατὰ
866 803 976 856 τῶν
1004 802 1357 872 Ἀμμανιτῶν
1382 800 1809 871 συνεκστρατεύ-

1919 788 2077 859 facta,
2111 796 2407 863 opimaque
2433 794 2613 862 praeda
2648 803 2802 862 parta
2823 833 2838 856 ,
2872 793 3104 848 illustris
3150 798 3371 849 domum
3405 812 3492 851 re-

244 911 429 956 σαντας
457 894 634 963 αὐτῷ.
658 896 1069 966 Συνδραμόντος
1097 896 1156 948 δὲ
1188 897 1282 949 τοῦ
1306 896 1461 960 λαοῦ,
1500 896 1810 966 ⁴ἰιλρίθμησεν

1918 888 2171 950 vertitur,
2218 902 2397 956 neque
2432 887 2542 957 jam
2588 886 2928 954 contemptui
2962 886 3238 946 habetur,
3275 888 3370 940 sed
3418 888 3491 942 ob

241 987 443 1047 αὐτοὺς,
473 988 574 1039 καὶ
609 981 736 1057 εὗρε
773 988 1042 1057 μυριάδας
1086 987 1485 1057 ἐϐδομήκοντα.
1536 989 1646 1041 Καὶ
1675 989 1811 1058 ἔφη·

1916 977 2295 1033 fortitudinem
2324 979 2654 1041 celebratur,
2683 988 2732 1031 et
2761 978 3064 1030 honoratur
3089 978 3158 1030 ab
3183 977 3251 1031 iis
3304 979 3489 1040 etiam.

241 1079 358 1132 λατο
394 1078 621 1148 πνεῦμα
653 1081 861 1150 Κυρίου
897 1084 989 1133 ἐπὶ
1022 1080 1217 1145 Σαοὺλ,
1248 1082 1343 1133 καὶ
1371 1082 1808 1151 προεφήτευσεν,

1916 1084 1942 1123 a
1991 1070 2197 1139 quibus
2241 1070 2448 1124 dudum
2492 1070 2866 1124 subsannatus
2911 1070 3106 1121 fuerat.
3160 1071 3345 1138 Itaque
3392 1070 3489 1123 Sa—

240 1171 395 1223 εἰπὼν
426 1169 503 1233 ὡς
529 1170 729 1241 αὔριον
758 1174 913 1225 ἔσται
942 1175 1057 1235 τοῖς
1100 1156 1363 1243 ἀνδράσιν
1404 1173 1595 1236 Ἰαόεὶς
1632 1190 1809 1243 σωτη-

1918 1167 2064 1217 muel
2126 1179 2323 1220 rursus
2368 1172 2701 1234 congregato
2756 1164 2998 1233 populo,
3035 1163 3252 1217 Saulem
3308 1164 3491 1218 denuo

242 1264 338 1333 ρία.
388 1265 498 1316 Kal.
553 1265 800 1328 ἀναστὰς
846 1263 1117 1332 ἐπορεύθη
1165 1265 1326 1328 αὑτός
1375 1282 1435 1318 τε
1495 1269 1586 1318 καὶ
1626 1263 1809 1327 ὁλαδς

1922 1271 2101 1326 regem
2134 1258 2458 1327 proclamat,
2509 1259 2711 1311 iterum
2754 1257 3043 1311 inunctum
3084 1258 3226 1310 oleo.
3261 1256 3350 1311 Sic
3389 1258 3495 1310 lle-

237 1353 296 1406 δι’
331 1354 457 1421 ὅλης
491 1353 603 1421 τῆς
628 1356 846 1417 νυκτός.
880 1356 987 1407 Καὶ
1018 1356 1146 1424 περὶ
1180 1353 1278 1425 τὴν
1300 1352 1526 1424 πρώτην
1553 1352 1804 1422 φυλακὴν

1923 1351 2184 1403 brmorum
2223 1352 2536 1420 respublica
2565 1365 2632 1405 ex
2662 1350 2987 1419 Optimatum
3037 1349 3271 1418 imperio
3301 1349 3356 1402 in
3407 1365 3496 1404 re-

236 1443 419 1513 ἑπῆλθε
488 1447 613 1508 τοῖς
686 1445 1087 1512 ’Δμμανίταις,
1152 1448 1314 1516 τριχῇ
1375 1446 1437 1497 τὸ
1489 1447 1808 1515 στράτευμα

1921 1456 2077 1512 gnum
2112 1454 2198 1497 est
2228 1452 2436 1497 mutata
2469 1459 2484 1495 :
2510 1459 2635 1497 nam
2669 1443 2771 1498 sub
2800 1442 2950 1497 Mose
2982 1452 3037 1495 et
3069 1442 3199 1496 Jesu
3225 1443 3494 1509 parebant

235 1535 427 1591 διελών.
485 1538 603 1590 Καὶ
660 1538 1087 1607 κυκλωσάμενος
1146 1536 1367 1601 αὐτοὺς,
1429 1535 1659 1600 πολλοὺς
1709 1535 1807 1605 μὲν

1919 1534 2295 1601 optimatibus,
2333 1545 2475 1604 post,
2510 1552 2607 1605 per
2634 1550 2809 1589 annos
2837 1535 3148 1589 octodecim
3173 1536 3492 1605 magistratu

234 1628 539 1691 ἀπέκτεινε,
589 1630 684 1683 καὶ
716 1630 882 1681 αὑτὸν
923 1629 1015 1681 τὸν
1068 1626 1295 1697 βασιλέα
1333 1628 1486 1691 Νάας
1514 1645 1529 1661 ·
1578 1628 1705 1689 τοὺς
1750 1627 1807 1679 δὲ

1918 1635 2256 1690 caruerunt;
2300 1627 2501 1682 deinde
2545 1627 2650 1681 sub
2683 1627 2751 1680 iis
2782 1626 2957 1690 fuere,
3000 1628 3093 1695 qui
3124 1627 3351 1682 Judices
3394 1641 3491 1681 vo-

236 1718 671 1791 περισωθέντας,
706 1719 975 1790 ἐτρέψατο
1005 1722 1080 1782 εί,
1100 1719 1299 1789 φυγὴν,
1335 1720 1430 1773 καὶ
1457 1721 1536 1783 είς
1564 1720 1665 1789 τὴν
1698 1717 1803 1789 χώ-

1917 1717 2216 1784 eabantur,
2263 1718 2600 1790 judiciorum
2651 1730 2707 1774 et
2755 1733 2941 1774 rerum
2988 1719 3237 1774 omnium
3277 1734 3490 1773 summa

235 1824 322 1877 ραν
368 1808 562 1861 αὐτῶν
614 1808 893 1879 ἐμϐαλὼν,
947 1810 1044 1863 καὶ
1099 1809 1363 1881 πλείστην
1394 1809 1543 1864 λείαν
1600 1809 1804 1876 λαϐὼν,

1119 1809 1363 1881 -λείστην
1394 1809 1543 1864 λείαν
1600 1809 1804 1876 λαϐὼν,
1913 1812 2005 1865 uni
2043 1827 2111 1865 ex
2144 1811 2372 1881 optimis
2400 1812 2692 1880 permissa.

234 1900 483 1969 λαμπρῶς
543 1903 937 1971 ὲπανέζευξεν.
983 1905 1189 1958 Οὐκέτι
1239 1905 1372 1974 γοῦν
1418 1904 1597 1974 ἠδόξει
1644 1905 1796 1976 παρά
1834 1922 2000 1973 τισιν,
2069 1904 2185 1959 ἀλλ’
2234 1905 2324 1959 ἐπ’
2378 1905 2599 1976 ἀνδρείᾳ
2682 1903 3027 1971 διαϐεϐόητο,
3084 1905 3178 1958 καὶ
3231 1905 3495 1975 τετίμητο

232 1993 315 2045 καὶ
344 1996 457 2057 τοίς
507 1995 709 2065 πρώην
768 1996 932 2049 αὐτὸν
986 1996 1332 2066 χλευάζουσι.
1392 1994 1726 2065 Συναγαγὼν
1760 1996 1816 2049 δὲ
1854 1980 2013 2060 αὖθις
2039 1996 2066 2049 ὁ
2090 1996 2344 2067 Σαμουὴλ
2371 1995 2465 2049 τὸν
2492 1995 2638 2059 λαὸν,
2663 1995 2745 2058 δὶς
2773 1994 3099 2064 ἀναγορεύει
3163 1994 3256 2046 τὸν
3321 1993 3494 2048 Σαοὺλ

232 2088 441 2158 βασιλέα
496 2090 700 2161 χρίσας
734 2091 815 2159 τῷ
851 2089 1016 2162 ἐλαίῳ
1055 2094 1150 2146 καὶ
1190 2093 1354 2147 πάλιν
1393 2094 1577 2148 αὐτόν.
1643 2092 1961 2147 Μετέπεσεν
2024 2092 2125 2147 οὖν
2182 2096 2215 2165 ἡ
2280 2094 2390 2146 τῶν
2427 2092 2694 2163 Ἐϐραίων
2727 2091 2973 2145 πολιτεία
3014 2094 3093 2156 εἷς
3128 2089 3406 2162 βασιλείαν
3434 2093 3494 2159 ἐξ

231 2186 680 2256 αριστοκρατείας
713 2201 729 2217 ο
786 2188 881 2241 ἐπὶ
941 2187 1051 2259 γὰρ
1105 2188 1389 2250 Μωῦσέως
1446 2190 1541 2242 καὶ
1616 2187 1792 2257 Ἰησοῦ
1832 2188 2391 2259 ἀριστοκρατούμενοι
2446 2184 2627 2259 ἦσαν’
2713 2183 2833 2241 εἶτα
2889 2185 2979 2241 ἐπ’
3011 2186 3104 2256 ἐτη
3190 2188 3323 2240 δέκα
3393 2189 3492 2240 καὶ

232 2279 380 2342 ὀκτὼ,
412 2281 650 2349 ἄναρχοι
687 2279 997 2333 διετέλεσαν
1020 2294 1035 2309 ο
1090 2281 1372 2335 είσέπειτα
1404 2280 1452 2333 δ’
1496 2280 1927 2353 ἦρχθησαν-ὑπὸ
1963 2280 2073 2335 τῶν
2117 2281 2472 2351 καλουμένων
2521 2278 2747 2351 κριτῶν,
2776 2341 2786 2349 ο
2815 2278 2895 2349 τῷ
2963 2280 3173 2350 ἀρίστῳ
3246 2278 3493 2343 δικάζειν

236 2378 346 2444 περὶ
374 2375 488 2428 τῶν
510 2375 658 2427 ὅλων
689 2377 785 2428 καὶ
813 2377 1122 2443 οἰκονομεῖν
1150 2377 1566 2448 ἐπιτρέποντες.
3402 2369 3407 2374 ’

293 2469 420 2521 κιιν.
482 2469 597 2521 ’1ὀῦ
659 2469 716 2521 δὲ
767 2470 1025 2542 Σαμουὴλ
1083 2470 1470 2542 ἐξορκίσαντος
1524 2473 1615 2526 τὸν
1670 2472 1866 2538 λαδνι

1986 2465 2225 2523 XXVIII.
2277 2467 2531 2523 Samuele
2594 2482 2761 2538 porro
2817 2474 3165 2521 sacramento
3222 2468 3488 2538 populum
3546 2514 3550 2520 .

235 2562 412 2627 εἰπεῖν,
448 2560 505 2612 εἴ
532 2578 592 2614 τι
643 2561 830 2616 ἄδικον
888 2566 1189 2634 εἰργάσατο
1233 2569 1312 2629 εἰς
1347 2568 1570 2633 αὐτοὺς,
1602 2568 1805 2632 πάντες

1920 2562 2187 2631 adigente.
2228 2569 2287 2615 ut
2315 2559 2588 2625 dicerent,
2615 2575 2747 2613 nutu
2779 2573 2886 2629 qua
2935 2559 3137 2630 injuria
3181 2559 3309 2615 illos
3353 2560 3493 2615 aﬂ'e-

234 2651 439 2714 ὃικαίως
499 2651 674 2706 αὐτὸν
724 2654 820 2707 καὶ
871 2653 1050 2718 καλῶς
1103 2656 1406 2727 προστῆναι
1463 2656 1559 2710 τοῦ
1614 2656 1805 2721 ἔθνους

1918 2656 2074 2711 cisset
2120 2669 2137 2708 :
2188 2654 2570 2710 exclamarunt
2628 2668 2841 2720 omnes,
2901 2668 3025 2708 eum
3070 2654 3220 2726 juste
3251 2663 3308 2709 et
3349 2655 3491 2712 bene

238 2744 476 2815 ἐϐόησαν.
520 2745 584 2798 ’0
629 2745 686 2798 δὲ
725 2748 909 2809 αὐτοῖς
962 2748 1322 2819 ἁπεκρίνατο,
1358 2752 1526 2806 Ἵστε
1568 2751 1648 2817 ὼς
1696 2768 1801 2819 με-

1919 2752 2059 2821 genti
2091 2748 2397 2820 praefuisse.
2433 2746 2575 2802 Tum
2606 2748 2698 2802 ille
2725 2762 2740 2799 :
2772 2745 2985 2812 Scitote,
3025 2745 3223 2815 inquit,
3256 2764 3343 2801 vos
3375 2764 3492 2819 rege

240 2839 373 2907 γάλα
398 2839 804 2911 ἡμαρτήκατε,
834 2842 1101 2906 ,βασιλέα
1124 2843 1363 2910 ἑαυτοῖς
1386 2843 1799 2914 αἰτησάμενοι,

1920 2845 2205 2917 παςὶιαηιίο
2277 2844 2510 2916 graviter
2565 2842 2867 2914 deliquisse,
2929 2858 3095 2910 eaque
3144 2858 3198 2895 re
3252 2842 3493 2898 irritasse

239 2930 340 2983 κὰκ
393 2934 620 2986 τούτου
671 2934 1091 3004 παρωργίσατε
1125 2936 1231 2988 τὸν
1262 2937 1432 2990 Θεόν.
1476 2938 1690 2991 Ἔσται
1734 2937 1804 2991 δὲ

1915 2938 2078 2991 Deum
2107 2953 2126 2992 :
2161 2938 2309 3006 cujus
2350 2936 2485 2989 illud
2522 2934 2661 2988 vobis
2699 2923 2909 3005 signari:
2955 2936 3077 2998 erit,
3123 2934 3265 3004 quod
3299 2935 3488 2988 adulta

244 3020 398 3075 ςοῦτο
429 3025 699 3093 σημεῖον
722 3026 884 3093 ὑμῖν,
914 3026 979 3079 τὸ
1008 3026 1219 3095 θέρους
1252 3029 1324 3082 ἐν
1354 3027 1515 3098 ἀκμῇ
1543 3028 1805 3098 χειμῶνα

1917 3041 2093 3088 wstate
2141 3039 2421 3099 tempestas
2468 3030 2689 3082 orietur.
2739 3027 2851 3081 Nec
2895 3041 3050 3080 mora
3078 3067 3093 3091 ,
3154 3026 3394 3081 tonitrua
3434 3037 3490 3081 et

242 3114 617 3180 γενήσεσθαι.
648 3119 757 3170 Καὶ
784 3120 925 3172 κατὰ
955 3119 1047 3173 τὸν
1081 3122 1362 3193 προφήτου
1394 3121 1553 3189 λόγον
1581 3122 1803 3193 βρονταὶ

1918 3127 2141 3199 iulgura,
2175 3134 2236 3180 ut
2266 3123 2544 3194 Propheta
2581 3123 2815 3185 dixerat,
2840 3128 3167 3189 eruperunt,
3202 3127 3257 3172 et
3284 3121 3491 3190 grando

243 3205 325 3257 καὶ
349 3207 632 3276 ἀστραπαὶ
666 3207 950 3277 γεγόνασι,
983 3212 1292 3282 κατηνέχθη
1322 3229 1383 3264 τε
1435 3211 1672 3283 χάλαζα,
1725 3212 1804 3277 ὡς

1915 3219 2086 3274 delata
2109 3226 2214 3281 est,
2246 3227 2305 3271 ut
2342 3217 2577 3286 populus
2602 3209 3029 3283 perterrefactus
3053 3210 3368 3265 Samuelem
3397 3226 3488 3263 ro-

241 3296 343 3358 δίος
387 3300 662 3367 ἐμπεσεῖν
706 3300 783 3370 τῷ
822 3301 954 3370 λαῷ,
990 3303 1087 3356 καὶ
1116 3303 1383 3356 ἱκετεύειν
1425 3305 1518 3358 τὸν
1547 3305 1802 3374 Σαμουὴλ

1906 3318 2059 3381 garet
2091 3318 2152 3364 ut
2182 3309 2291 3362 sibi
2321 3307 2647 3361 delictorum
2680 3319 2711 3357 a
2738 3305 2850 3358 Deo
2882 3303 3095 3356 veniam
3139 3302 3479 3371 impetraret.

246 3386 559 3443 ἱλεώσασθαι
610 3390 706 3443 τὸν
755 3392 889 3445 θεὸν
940 3394 1124 3456 αὐτοῖς
1174 3394 1546 3465 ἁμαρτήσασι.
1593 3396 1714 3448 Τῶν
1745 3394 1801 3449 δὲ

1917 3403 2042 3458 Cum
2091 3411 2275 3456 autem
2318 3400 2592 3455 Palaestini
2626 3397 2885 3451 Hebraeos
2929 3394 3278 3464 subigerent,
3321 3393 3490 3446 anuis

246 3477 604 3534 Παλαιστινῶν
633 3482 760 3545 τοὺς
802 3484 1089 3552 Ἐϐραίους
1138 3488 1649 3556 καταστρεφόντων,
1705 3486 1803 3541 καὶ⁵

1918 3495 2179 3563 Idemptis
2232 3503 2288 3547 et
2353 3507 2455 3545 usu
2507 3490 2640 3544 ferri
2702 3489 3017 3548 interdicto,
3077 3485 3206 3540 Saul
3269 3484 3491 3556 Galgala

244 3571 302 3623 τὰ
324 3572 459 3626 ὅπλα
500 3574 657 3642 σφῶν
691 3577 1133 3648 ἀφαιρουμένων,
1168 3579 1373 3648 σιδήρῳ
1404 3595 1464 3632 τε
1495 3578 1800 3649 κεχρῆσθαι

1917 3585 2211 3643 descendit.
2247 3587 2509 3653 populum
2541 3592 2599 3635 ut
2628 3580 2693 3634 ad
2733 3578 3116 3632 vindicandam
3164 3583 3358 3629 contra
3388 3576 3490 3629 Pa-

245 3662 708 3734 ἁιαγορευόντων,
741 3669 770 3718 ὁ
805 3666 979 3719 Σαοὺλ
1009 3669 1089 3730 είς
1123 3669 1376 3736 Γάλγαλα
1411 3669 1681 3734 καταϐὰς,
1715 3669 1801 3721 ἐπ’

1920 3680 2148 3732 uestinos
2178 3678 2486 3731 libertatem
2509 3679 2826 3742 exsurgeret
2849 3669 3193 3731 cohortatus.
3222 3667 3334 3723 Illis
3358 3683 3493 3724 vero

243 3753 514 3827 ἐλευθερίᾳ
540 3756 634 3809 τὸν
661 3758 788 3811 λαὸν
837 3760 978 3811 κατὰ
1016 3761 1123 3813 τῶν
1184 3760 1557 3815 Παλαιστινῶν
1613 3762 1800 3815 διανα-

1917 3769 2314 3824 multitudinem
2337 3766 2580 3821 hostium
2607 3763 3116 3827 reformidantibus,
3138 3776 3232 3814 rex
3259 3760 3490 3814 Samue-

251 3824 428 3914 ctiprai
473 3824 752 3919 ἠρέθιζεν,
794 3852 848 3903 oi
882 3850 929 3903 δ’
962 3852 1299 3921 ηὐλαὸοὖντο
1341 3855 1431 3909 διὰ
1481 3853 1545 3908 τὸ
1597 3854 1805 3925 πλῆθος

1910 3865 2014 3919 lem
2044 3864 2110 3918 ad
2143 3879 2201 3917 se
2229 3870 2408 3917 vocat.
2450 3860 2499 3914 ls
2528 3868 2649 3927 post
2679 3872 2774 3912 sex
2812 3856 2931 3910 dies
2956 3862 3247 3909 venturum
3271 3851 3483 3906 consti-

249 3937 342 3988 τῶν
380 3939 642 3999 ἐναντίων
700 3940 761 3993 '0
793 3940 849 3994 δὲ
898 3940 1153 4011 βασιλεὺς
1198 3948 1291 3996 τὸν
1324 3945 1582 4015 Σαμουὴλ
1613 3945 1802 3998 ἐκάλει

1911 3958 2036 4021 tuit,
2098 3966 2155 4010 ut
2201 3956 2290 4009 di'e
2341 3953 2577 4022 septimo
2624 3966 2685 4004 re
2725 3949 2910 4003 divina
2967 3948 3123 4015 facta,
3154 3962 3278 3999 cum
3311 3944 3484 3998 hosti—

252 4028 369 4097 πρὸς
399 4026 618 4096 ἑαυτδνς
651 4034 747 4084 καὶ
774 4032 835 4095 ὃς
890 4034 1006 4101 μεθ’
1040 4035 1257 4105 ἡμέρας
1288 4035 1349 4100 ἐξ
1398 4035 1806 4105 παραγενέσθαι

1910 4050 2012 4104 bus
2042 4048 2357 4118 conﬂigant.
2392 4045 2460 4098 At
2482 4042 2611 4097 Saul
2648 4056 2772 4095 cum
2804 4042 3024 4093 videiet
3054 4039 3314 4108 populum
3344 4037 3483 4091 clam

251 4120 536 4191 ὑπέσχετο,
598 4124 784 4179 θύσειν
839 4143 898 4179 τε
954 4128 1019 4198 τῇ
1071 4127 1297 4199 ἑϐδόμῃ,
1366 4127 1433 4181 ἵν’
1492 4127 1635 4181 οὕτω
1691 4130 1809 4192 τοῖς

1915 4143 2085 4207 abire,
2122 4155 2288 4207 seque
2325 4135 2544 4199 deseri,
2578 4132 2866 4186 immolat:
2893 4141 2950 4184 et
2988 4128 3176 4182 au'dito
3213 4127 3488 4181 Samuelis

254 4214 555 4283 ἀλλοφύλοις
625 4217 991 4286 συμμίξωσιν.
1058 4219 1117 4271 ’0
1173 4220 1234 4273 δέ
1296 4237 1359 4287 γε
1426 4221 1602 4273 Σαοῦλ
1664 4219 1806 4291 ὁρῶν

1921 4236 2017 4303 61
2054 4245 2302 4293 accessu,
2350 4227 2568 4281 obviam
2608 4222 2980 4295 progreditur.
3000 4222 3081 4276 lbi
3106 4231 3259 4276 vates
3289 4238 3303 4274 :
3334 4221 3494 4290 Quid,

252 4306 330 4357 τὸν
357 4309 480 4362 λαὸν
538 4310 882 4383 ὑπορρέοντα
928 4314 1024 4365 καὶ
1085 4311 1570 4381 καταλιμπάνοντα
1622 4313 1808 4376 αὐτὸν,

1921 4323 2135 4391 inquit,
2168 4319 2308 4374 istud
2338 4319 2511 4388 egisti,
2554 4315 2766 4370 violatis
2806 4315 3076 4386 prwceptis
3138 4316 3312 4367 meis?
3353 4315 3494 4369 Scito

255 4399 447 4455 ἔθυσεν.
510 4403 779 4466 Ἀκούσας
799 4405 855 4457 δὲ
879 4406 1005 4477 ἄρτι
1052 4407 1347 4476 προσίοντα
1380 4409 1473 4478 τὸν
1530 4405 1806 4476 Σαμουὴλ,

1923 4418 2079 4485 igitur
2115 4430 2215 4467 non
2267 4410 2455 4465 stabile
2498 4409 2610 4479 fore
2659 4423 2879 4478 regnum
2930 4416 3078 4459 tuum
3126 4421 3144 4460 :
3193 4406 3284 4459 sed
3315 4413 3496 4477 quiasi-

257 4490 427 4560 ἑξῆλθε
453 4496 807 4565 συναντήσων
830 4496 1001 4564 αὐτῷ.
1030 4496 1087 4549 ’0
1108 4497 1185 4563 δὲ,
1218 4498 1280 4550 Τί
1298 4498 1474 4552 τοῦτο
1494 4498 1810 4564 ἐποίησας,

1923 4510 2091 4554 turum
2121 4516 2227 4553 esse
2247 4500 2414 4552 Deum
2438 4499 2695 4551 hominem
2709 4512 2773 4549 ex
2798 4496 2962 4549 animi
2990 4499 3070 4548 sui
3100 4497 3384 4550 sententia.
3421 4497 3496 4551 Ita

256 4580 367 4651 εφη.
401 4584 677 4653 παραϐάς
714 4602 834 4653 μου
884 4587 999 4655 τὴν
1048 4587 1354 4653 ἐντολήν;
1394 4591 1550 4643 "Iam
1583 4588 1811 4651 τοίνυν,

1925 4593 2171 4646 discessit
2201 4590 2445 4645 Samuel.
2478 4588 2608 4643 Saul
2642 4603 2772 4642 vero
2811 4596 2867 4641 et
2896 4586 3163 4641 .‘onathas
3190 4588 3333 4642 filius
3378 4589 3498 4658 ejus

258 4673 326 4736 ὡς
353 4678 421 4729 οὺ
458 4677 917 4742 συσταθήσεται
951 4694 1069 4732 σου
1104 4681 1143 4746 ἠ
1172 4681 1484 4745 βασιλεία,
1526 4680 1684 4733 ἀλλὰ
1722 4678 1815 4746 (11-

1920 4699 2041 4739 cum
2124 4682 2398 4738 sexcentis
2476 4682 2748 4737 militibus
2826 4681 3145 4735 Gabaoncm
3262 4680 3493 4750 profecti

260 4765 413 4830 τὴσει
436 4770 652 4835 Κύριος
680 4769 999 4836 ἄνθρωπον
1023 4771 1175 4825 κατὰ
1201 4769 1315 4839 τὴν
1333 4770 1585 4839 καρδίαν
1604 4769 1813 4825 αὑτοῦ.

1924 4784 2068 4829 sunt.
2100 4775 2440 4844 Alienigena:
2491 4782 2675 4827 autem
2727 4772 2903 4840 copiis
2966 4771 3233 4825 trifariam
3286 4772 3497 4836 divisis,

263 4856 356 4908 Kal
386 4858 733 4929 ἀνεχώρησεν
768 4862 1040 4931 Σαμουὴλ.
1068 4862 1242 4915 Σαοὺλ
1268 4862 1327 4916 δὶ
1361 4863 1456 4915 καὶ
1500 4860 1755 4915 Ἵωνάθαν
1788 4864 1816 4913 ὁ

1927 4883 2079 4938 agros
2127 4868 2499 4921 lsraclitarum
2546 4864 2980 4933 p0pulabantur.
3032 4864 3089 4918 ld
3142 4865 3294 4927 Saul,
3329 4865 3500 4919 Jona-

263 4950 363 5011 υἱός
398 4952 563 5006 αὐτοῦ
592 4948 727 5023 ἧκεν
758 4955 837 5015 εἰς
866 4952 1061 5006 Γαϐαὼ
1081 4993 1095 5017 ,
1138 4954 1237 5007 σὺν
1277 4953 1638 5022 στρατιώταις
1692 4953 1818 5019 ἐξα·

1928 4961 2050 5015 thas
2083 4969 2140 5013 et
2200 4958 2368 5012 Achia
2413 4957 2672 5012 sacerdos
2709 4971 2776 5010 ex
2822 4958 2934 5009 alto
2978 4957 3407 5025 conspicientes,
3445 4967 3501 5011 et

264 5043 467 5104 κοςίοις.
497 5043 593 5106 Εἰς
620 5044 745 5114 τρία
778 5044 835 5097 δὲ
866 5044 1228 5115 διαιρεθέντες
1254 5048 1304 5099 οί
1351 5046 1665 5114 ἀλλόφυλοι,
1719 5044 1820 5116 τὴν

1929 5052 1993 5105 ob
2022 5049 2355 5120 paucitatem
2383 5048 2449 5102 ad
2480 5063 2641 5117 opem
2672 5048 2957 5101 ferendam
3004 5049 3263 5116 impares,
3300 5048 3502 5102 animis

266 5134 430 5204 χώραν
482 5135 596 5188 τῶν
667 5134 1015 5203 Ἰσραηλιτῶν
1066 5134 1363 5204 ἐληΐζοντο.
1402 5134 1575 5189 Σαοὺλ
1623 5136 1682 5189 δὲ
1720 5136 1814 5189 καὶ

1925 5143 2290 5213 angebantur.
2337 5140 2405 5193 At
2456 5138 2740 5204 Jonatbas,
2775 5148 2930 5209 patre
2986 5140 3323 5203 inconsulto,
3372 5154 3498 5192 cum

278 5224 513 5280 Ἰωναθαν
546 5229 642 5280 καὶ
687 5227 841 5296 ’Δχια
868 5228 896 5279 ὁ
935 5228 1223 5297 ἀρχιερεὺς
1250 5227 1343 5295 ἀφ’
1383 5228 1549 5297 ὕψους
1582 5227 1816 5298 ὁρῶντες

1927 5235 2044 5289 solo
2093 5230 2369 5299 armigero
2406 5229 2474 5283 de
2500 5228 2639 5283 colle
2670 5226 3018 5281 descendens
3050 5242 3064 5278 :
3111 5225 3500 5295 Aggrediamur

267 5320 325 5371 τὰ
342 5320 608 5391 δρώμενα,
637 5322 732 5373 καὶ
761 5321 966 5389 ἀμῦναι
993 5320 1061 5372 δι’
1092 5322 1434 5390 ὀλιγανδρίαν
1478 5322 1553 5392 μὴ
1600 5320 1819 5373 σθένον-

1926 5326 2116 5395 inquit,
2148 5332 2325 5377 castra
2357 5322 2587 5375 hostium
2618 5337 2634 5373 :
2659 5321 2746 5391 qui
2774 5324 2819 5373 si
2845 5319 2990 5373 nobis
3013 5319 3237 5371 dixerint
3267 5332 3285 5369 :
3316 5315 3499 5368 Disce-

268 5426 367 5476 τες,
388 5412 631 5483 ἡχθοντο.
667 5412 727 5465 Ὀ
752 5412 811 5464 δὲ
856 5413 1111 5466 Ἰωνάθαν
1141 5413 1303 5484 μηδὲν
1330 5413 1501 5466 εἰπὼν
1521 5412 1600 5485 τῷ
1625 5413 1816 5484 πατρὶ,

1926 5419 2045 5483 dite,
2080 5432 2182 5469 non
2228 5415 2569 5469 ascendemus
2604 5413 2672 5465 ad
2722 5428 2831 5465 eos.
2885 5410 2979 5465 Sin
3013 5409 3295 5462 ascendere
3325 5408 3499 5473 jusse—

271 5507 494 5568 καταϐὰς
528 5507 641 5561 ἀπὸ
671 5506 768 5559 τοῦ
817 5506 1008 5576 βουνοῦ
1059 5506 1158 5559 σὺν
1202 5509 1348 5577 μόνῳ
1404 5506 1482 5576 τῷ
1534 5506 1819 5574 ὁπλοφόρῳ

1927 5510 2043 5573 rint,
2079 5522 2139 5560 ea
2172 5506 2327 5561 verba
2355 5505 2586 5559 victoriae
2611 5514 2802 5557 tessera
2831 5500 3069 5555 habenda
3105 5505 3277 5551 erunt.
3309 5496 3500 5566 Itaque

272 5596 438 5659 αὑτοῦ,
494 5596 998 5667 Προσϐάλλωμεν,
1047 5598 1172 5668 ἔφη,
1203 5599 1279 5665 τῇ
1306 5597 1429 5651 τῶν
1451 5597 1819 5664 ἀλλοφύλων

1925 5604 1984 5656 ad
2038 5609 2217 5655 castra
2251 5600 2490 5655 hostium
2535 5597 2730 5650 fertur.
2771 5595 2851 5648 llli
2888 5611 2901 5646 :
2940 5591 3225 5646 ’"Ascendite
3267 5589 3337 5641 ad
3384 5604 3498 5652 nos,

276 5687 599 5756 παρεμϐολῇ
622 5704 637 5717 ο
671 5688 767 5741 καί
798 5688 982 5756 εἰμὲν
999 5689 1251 5741 εἴπωσιν
1272 5690 1433 5756 ἡμῖν,
1473 5689 1817 5751 Ἀπόστητε,

1929 5690 2204 5761 inquiunt,
2238 5700 2311 5745 est
2343 5690 2480 5743 enim
2522 5687 2660 5757 quod
2700 5686 2959 5740 vobiscum
2992 5681 3379 5751 colloquantur.
3425 5680 3502 5736 Ea

277 5778 367 5830 οὐκ
382 5780 795 5850 ἀναϐησόμεθα
810 5781 958 5848 πρὸς
977 5781 1053 5835 αὐ
1062 5781 1197 5847 τούς
1216 5782 1285 5833 ἐὶ
1302 5779 1354 5831 δ’
1381 5780 1655 5846 Ἀνιίϐητε
1669 5780 1818 5847 πρὸς

1930 5798 2032 5834 vox
2070 5782 2314 5836 animum
2355 5780 2507 5833 auxit
2533 5778 2805 5839 Jonatlize,
2837 5783 3003 5843 atque
3048 5772 3172 5827 inde
3219 5771 3503 5842 digressus

279 5868 435 5938 τίμᾶς.
465 5872 758 5943 φήσουσι,
800 5876 1077 5944 σύνθημα
1105 5876 1278 5943 νίκης
1304 5873 1411 5929 τὸν
1433 5875 1621 5942 λόγον
1656 5889 1820 5943 relu-

1931 5874 2153 5931 aliun‘de
2177 5889 2303 5931 cum
2328 5886 2437 5944 suo
2463 5872 2662 5929 comite
2692 5867 2922 5930 arri-nit,
2948 5867 3135 5927 hostes
3165 5865 3504 5923 dormientes
