3958 6584
518 393 612 458 131

1835 378 2158 442 JOANNIS
2196 377 2516 440 ZONAR/E
3689 386 3779 451 132

515 502 727 560 invadit
757 518 774 568 ;
806 515 870 556 ac
908 499 1065 556 catsis
1093 496 1158 553 ad
1195 495 1414 566 viginti,
1455 495 1674 550 cmtcris
1713 501 1984 548 terrorem
2017 492 2092 546 in-

2204 494 2390 548 στέον
2421 491 2587 561 ἡμῖν.
2649 493 2760 546 Kal
2808 492 3077 563 ὥρμησαν
3131 492 3225 544 ἐπὶ
3269 491 3328 546 τὸ
3379 491 3491 548 τῶν
3515 494 3780 568 πολεμίων

514 597 756 659 cotiunt,
811 605 873 650 ut
926 591 1237 665 perturbati
1282 599 1340 646 et
1389 587 1667 659 fugientes
1718 586 1811 641 alii
1857 585 1927 641 ab
1974 585 2100 642 aliis

515 688 832 742 interirent.
863 685 993 739 Saul
1023 691 1202 738 castra
1247 680 1492 735 hostium
1524 675 1846 748 perturbata
1878 675 2098 740 videns,

513 791 570 834 et
601 779 698 833 lilii
727 789 894 848 atque
940 774 1199 844 armigeri
1238 773 1386 826 illius
1414 769 1669 825 absentia
1699 767 1945 838 cognita,
1993 767 2101 822 im-

514 881 702 942 petum
725 881 781 924 et
809 869 924 938 ipse
955 869 1012 922 in
1042 867 1232 920 hostes
1283 861 1632 934 perturbatos
1661 859 1812 916 facit.
1838 860 1980 914 Tum
2003 859 2099 929 qui

515 961 724 1015 dudum
769 974 883 1028 prae
932 967 1080 1012 metu
1117 971 1174 1009 se
1203 953 1568 1015 oceultarant,
1615 949 1855 1021 receptis
1900 949 2100 1006 animis

516 1067 642 1105 cum
700 1065 828 1122 rege
897 1063 957 1102 se
1013 1046 1382 1115 coniungunt,
1433 1043 1621 1098 hostes
1663 1050 2097 1114 persequuntur,

519 1144 757 1198 caedunt.
788 1140 918 1196 Saul
966 1138 1116 1193 diras
1158 1136 1500 1206 imprecatur
1527 1135 1662 1199 suis,
1699 1135 1744 1190 si
1787 1135 1915 1204 quis
1967 1142 2097 1190 ante

518 1243 756 1297 noctem,
793 1233 940 1288 caede
967 1231 1214 1285 hostium
1246 1229 1588 1293 intermissa,
1620 1229 1804 1284 cibum
1827 1235 2096 1300 gustaret.

516 1329 665 1382 Inter
701 1323 1172 1397 persequendum,
1229 1322 1497 1378 Jonathas
1550 1320 1955 1376 exsecrationis
2000 1334 2098 1388 pa-

519 1428 686 1473 ternae
710 1418 956 1488 ignarus,
996 1431 1120 1470 cum
1149 1415 1202 1468 in
1220 1417 1413 1469 silvam
1443 1423 1590 1468 esset
1619 1423 1866 1475 ventum,
1898 1411 1952 1466 in
1988 1425 2097 1481 qua

515 1509 786 1580 apiarium
816 1517 960 1564 erat.
989 1507 1171 1562 favum
1201 1506 1460 1561 comedit.
1492 1505 1620 1559 Saul
1646 1515 1826 1558 castra
1852 1504 2096 1559 hostium

514 1607 956 1672 Oppugnaturus,
989 1615 1086 1669 per
1125 1596 1470 1652 sacerdotem
1499 1595 1784 1650 oraculum
1832 1595 2094 1662 consulit,

515 1708 648 1749 num
695 1690 986 1745 victoriam
1042 1688 1307 1758 largiatur
1371 1685 1553 1741 Deus?
1613 1685 1720 1740 Sed
1781 1685 1894 1738 Deo
1954 1684 2093 1740 nihil

517 1782 906 1854 respondente,
965 1788 1249 1835 auctorem
1293 1777 1489 1832 oll'ensi
1525 1775 1776 1830 Numinis
1827 1774 2027 1845 qumrit
2075 1791 2090 1840 ;

2209 587 2590 657 στρατόπεδον.
2628 587 2740 642 Kal
2780 585 2964 649 αὐτοῖς
3015 585 3067 638 οί
3121 585 3438 655 ἀλλόφυλοι,
3485 587 3779 661 Ἀνάόητε,

2207 677 2415 745 ελεγον,
2467 679 2620 746 πρὸς
2661 675 2821 747 ἡμᾶς
2856 676 2956 730 καί
2993 677 3363 748 ψωριοῦμεν
3413 680 3560 748 ὑμῖν
3599 680 3778 753 ῥῆμα.

2205 770 2378 824 Τοῦτο
2432 769 2633 840 θάρσος
2682 770 2845 840 ἐνῆκε
2897 768 2976 838 τῷ
3043 768 3340 824 ἰωνάθανο
3395 772 3492 824 καὶ
3543 772 3780 842 ἀποστὰς

2206 861 2437 924 ἐκεῖθεν,
2497 860 2768 932 ἑτέρωθεν
2809 859 3127 930 ἀνερπύσας
3179 861 3316 931 μετὰ
3360 860 3455 916 τοῦ
3515 863 3775 934 ἑπομένου

2207 954 2375 1025 αὐτῷ,
2425 954 2608 1008 ἔπεισι
2637 956 2749 1017 τοῖς
2787 953 3068 1024 πολεμίοις
3107 953 3471 1021 ύπνώττουσι,
3516 956 3611 1009 καὶ¹
3638 960 3780 1014 κτεί.

2205 1063 2356 1100 νουσι
2390 1045 2489 1116 μέν
2514 1044 2589 1108 ὡς
2617 1045 2791 1099 εῖκοσι
2817 1061 2832 1076 ·
2869 1047 2984 1108 τοῖς
3012 1043 3070 1096 δὲ
3097 1044 3305 1108 λοιποῖς
3326 1045 3530 1099 δειλίαν
3563 1047 3779 1102 ἐνέϐαλ-

2204 1137 2320 1200 λον,
2347 1137 2398 1190 οἳ
2433 1136 2824 1208 Θορυϐούμενοί
2845 1153 2904 1190 τε
2941 1137 3038 1190 καὶ
3069 1136 3390 1206 φεύγοντες,
3421 1137 3515 1190 ὑπ’
3543 1138 3782 1211 ἀλλήλων

2203 1227 2516 1282 διώλλυντο.
2573 1227 2718 1280 Ἰδὼν
2751 1227 2808 1281 δὲ
2845 1226 3252 1298 ταραττόμενον
3296 1229 3325 1282 6
3372 1228 3547 1282 Σαοὺλ
3583 1228 3646 1284 τὸ
3676 1231 3778 1284 τῶν

2204 1321 2482 1391 πολεμίων
2522 1319 2911 1388 στρατόπεδον,
2961 1319 3060 1374 καὶ
3109 1319 3320 1375 ἀπόντα
3369 1321 3463 1374 τὸν
3509 1322 3626 1377 υίδν
3665 1325 3780 1396 ἅμα

2202 1414 2280 1484 τῷ
2331 1413 2624 1484 ὁπλοφόρῳ
2673 1413 3045 1482 κατανοήσας,
3102 1411 3438 1484 προσϐάλλει
3473 1415 3570 1468 καὶ
3621 1419 3778 1483 αὐτὸς

2201 1504 2637 1575 τεταραγμένοις
2667 1505 2782 1566 τοῖς
2816 1502 3084 1566 ἐναντίοις
3108 1517 3125 1534 ο
3176 1500 3277 1555 καὶ
3315 1501 3366 1554 οί
3413 1501 3548 1573 πρὶν
3593 1502 3648 1558 δέ
3691 1505 3778 1560 διὰ

2203 1597 2368 1668 φόϐον
2390 1596 2689 1668 κρυϐέντες
2712 1593 3218 1665 ἀναθαρσήσαντες,
3241 1591 3322 1663 τῷ
3343 1591 3558 1664 βασιλεῖ
3586 1611 3779 1667 προσε-

2200 1692 2418 1746 τίθεντο
2449 1707 2464 1722 ⁶
2523 1693 2620 1746 καὶ
2680 1691 2893 1746 διώκων
2948 1689 3074 1752 τοὺς
3133 1688 3423 1760 πολεμίους
3483 1691 3773 1749 ἐκτίννυεν.

2215 1786 2524 1857 Ἐπσρᾶται
2555 1785 2736 1840 τοίνυν
2773 1786 2890 1847 τοῖς
2934 1781 3124 1845 αὐτοῦ,
3171 1782 3226 1834 εί
3275 1798 3362 1846 τις
3407 1782 3776 1855 ἀποσχόμενος

514 1892 578 1932 ac
604 1876 812 1946 :Ipsum
834 1875 998 1928 Deum
1025 1881 1204 1934 testor,
1241 1871 1444 1941 inquit,
1469 1886 1548 1924 me
1567 1877 1768 1924 sontem
1789 1868 2092 1922 occisurum.

2203 1879 2296 1932 τοῦ
2331 1881 2581 1948 φονεύειν
2614 1878 2744 1940 τοῦς
2776 1877 3025 1947 ἐχθροὺς,
3057 1876 3246 1945 φάγοι,
3269 1878 3319 1931 εί
3347 1875 3424 1947 μὴ
3454 1874 3552 1942 νὺξ
3585 1878 3777 1942 αὐτοὺς

513 1969 721 2023 etiamsi
757 1966 900 2036 ﬁlius
951 1980 1098 2019 meus
1153 1963 1416 2018 Jonatlias
1464 1963 1638 2032 fuerit.
1692 1962 1852 2016 Sorte
1899 1963 2088 2025 ducta,

514 2059 776 2114 Jouatlias
809 2057 1151 2128 designatur,
1182 2055 1275 2126 qui
1315 2063 1538 2125 rogatus
1577 2053 1710 2124 quid
1742 2052 2091 2122 deliquisset,

513 2167 572 2207 se
594 2151 800 2206 nullius
832 2150 1044 2220 peccati
1076 2149 1181 2203 sibi
1215 2162 1336 2202 esse
1367 2146 1654 2201 conscium
1689 2145 1788 2209 ait,
1809 2145 1915 2200 nisi
1941 2143 2091 2215 quod

513 2242 717 2314 pridie,
748 2251 991 2311 paternae
1021 2239 1419 2296 exsecratiouis
1470 2239 1698 2308 ignarus
1726 2236 1794 2292 de
1839 2236 1963 2291 favo
1994 2253 2095 2308 gu-

515 2344 737 2390 stasset.
774 2333 852 2387 Eo
896 2343 1055 2404 pater
1083 2334 1310 2396 audito,
1351 2348 1409 2386 se
1450 2332 1606 2384 illum
1639 2331 1957 2384 occisurum
1997 2330 2090 2400 ju-

513 2439 619 2484 rat.
657 2429 900 2500 Populus
924 2435 1115 2482 contra
1153 2435 1209 2480 et
1239 2427 1356 2495 ipse
1382 2425 1531 2495 jurat
1559 2439 1618 2478 se
1654 2439 1764 2477 non
1797 2437 2086 2493 passurum

517 2531 579 2576 ut
613 2521 856 2574 victoriae
879 2528 1078 2574 auctor
1113 2516 1400 2572 occidatur
1433 2531 1447 2569 :
1480 2531 1656 2585 eoque
1697 2525 1911 2585 erepto,
1945 2514 2090 2570 votis

518 2613 686 2668 Deum
718 2613 915 2682 placat.
943 2610 1071 2666 Saul
1099 2607 1514 2664 Palaestinorum
1546 2606 1769 2662 circiter
1803 2606 2086 2678 sexaginta

516 2706 760 2760 millibus
795 2703 996 2759 occisis
1019 2742 1036 2766 ,
1085 2699 1400 2772 regreditur
1431 2718 1445 2754 :
1495 2713 1560 2752 ac
1588 2697 1942 2762 Ammonitis,
1981 2697 2088 2767 62

514 2798 788 2865 Moabitis,
807 2795 1134 2858 Pwleatinis,
1159 2791 1436 2853 ldumazis.
1464 2791 1842 2856 Amalecbitis,
1868 2804 2087 2845 necnon

514 2890 672 2944 Subae
699 2903 824 2959 rege
861 2887 1127 2950 subactis,
1157 2884 1435 2942 lsraelitas
1465 2899 1497 2939 e
1555 2898 1717 2939 manu
1772 2893 2092 2940 extererqu

512 2981 698 3052 eripit.

2199 1970 2420 2024 παύσοι.
2461 1970 2549 2022 Ἑν
2581 1969 2639 2023 δὲ
2673 1969 2752 2039 τῷ
2787 1969 3008 2022 διώκειν
3041 1969 3184 2022 κατά
3229 1985 3353 2024 τινα
3386 1969 3594 2039 δρυμὸν
3638 1971 3694 2022 ἐν
3725 1966 3768 2040 ᾧ

2199 2061 2470 2131 μελισσὼν
2489 2057 2580 2132 ἦν,
2617 2061 2712 2116 καὶ
2741 2043 2921 2116 λαϐών
2949 2061 2979 2113 6
3031 2059 3289 2115 Ἱωνάθαν
3314 2060 3508 2132 κηρίον
3546 2061 3774 2130 μέλιτος,

2193 2153 2397 2223 ἔφαγεν
2423 2167 2436 2182 °
2470 2153 2530 2206 ού
2570 2153 2680 2222 γὰρ
2717 2146 2786 2224 ἦν
2822 2149 3077 2222 ἀκηκοὼς
3115 2152 3216 2220 τῆς
3246 2152 3388 2222 ἀρᾶς
3423 2149 3517 2204 τοῦ
3551 2151 3771 2222 πατρός.

2207 2245 2490 2300 Ἐπελθεῖν
2535 2244 2592 2299 δὲ
2639 2243 2924 2314 βουληθεὶς
2963 2244 2992 2296 6
3027 2243 3201 2297 Σαοὺλ
3252 2246 3320 2314 τῇ
3366 2243 3476 2297 τῶν
3527 2243 3776 2297 ἐναντίων

2194 2337 2520 2409 παρεμϐολῇ
2576 2335 2765 2408 ἠρώτα
2797 2336 2885 2390 διὰ
2916 2335 3010 2390 τοῦ
3056 2336 3360 2407 ἀρχιερέως
3403 2335 3495 2389 τὸν
3540 2334 3694 2400 Θεὸν,
3729 2337 3776 2388 εί

2195 2428 2381 2484 δίδωσι
2412 2428 2610 2498 νίκην;
2648 2426 2756 2479 Τοῦ
2781 2427 2836 2480 δὲ
2866 2425 3001 2480 Θεοῦ
3039 2427 3116 2498 μὴ
3159 2426 3470 2496 δηλοῦντος,
3506 2425 3691 2497 ἐζήτει
3717 2427 3774 2480 τὸ

2197 2519 2390 2574 αῖτιον.
2419 2519 2551 2583 Kal,
2587 2519 2867 2587 Ὄμνυμι,
2899 2515 3030 2588 ἔφη,
3071 2519 3263 2572 αὐτὸν
3289 2517 3399 2571 τὸν
3425 2517 3599 2581 Θεὸν,
3630 2517 3775 2572 ἀπο-

2195 2609 2461 2664 κτείνειν
2480 2612 2588 2662 τὸν
2617 2611 2979 2680 ἁμαρτόντα,
3005 2609 3124 2665 κᾶν
3167 2608 3453 2665 Ἰωνάθαν
3471 2608 3566 2678 εἵη
3590 2611 3623 2662 ὀ
3641 2609 3777 2675 παῖς

2199 2704 2232 2758 ό
2253 2704 2414 2772 ἐμός.
2450 2703 2563 2756 Kal
2597 2703 3068 2774 κληρωσαμένων,
3100 2705 3192 2758 ἐπὶ
3236 2703 3497 2757 Ἰωνάθαν
3528 2706 3557 2757 6
3581 2702 3776 2774 κλῆρος

2200 2793 2419 2850 ἔπεσεν.
2463 2794 2525 2846 '0
2555 2794 2612 2848 δὲ
2644 2795 2774 2865 περὶ
2823 2796 3101 2868 ἁμαρτίας
3137 2797 3592 2868 ἀνακρινόμενος,
3627 2795 3776 2850 οὐδὲν

2199 2879 2354 2939 εἶπεν
2399 2884 2579 2958 ἐαυτῷ
2610 2885 2933 2949 συνειδέναι,
2963 2887 2996 2956 ἢ
3029 2889 3114 2940 ὅτι
3161 2888 3287 2958 χθὲς
3312 2889 3411 2959 την
3438 2887 3583 2958 άρὰν
3614 2888 3773 2954 ἀγνο-

2200 2977 2364 3046 ήσας,
2395 2978 2452 3032 ἐν
2481 2977 2558 3049 τῷ
2580 2977 2796 3032 διώκειν
2824 2981 3144 3052 ἐγευσάμην
3180 2981 3401 3051 κηρίου.
3423 2980 3694 3044 Ἀκούσας
3724 2979 3778 3033 δε

512 3078 541 3130 6
573 3077 780 3148 πατὴρ,
831 3075 1155 3130 ἀποκτενεῖν
1185 3071 1348 3126 αὐτὸν
1377 3069 1581 3140 ὤμοσε.
1613 3069 1722 3122 Kal
1751 3069 1779 3121 6
1809 3067 1938 3131 λαὸς
1961 3067 2272 3140 ἀντώμοσε,
2343 3071 2419 3143 μὴ
2483 3073 2845 3144 περιόψεσθαι
2868 3076 2960 3128 τὸν
2991 3076 3165 3130 αίτιον
3213 3077 3313 3146 τῆς
3357 3076 3515 3146 νίκης
3579 3077 3780 3132 ἀποθα-

515 3171 795 3242 νούμενον.
827 3169 934 3224 Kal
966 3165 1374 3237 ὲξαρπάσαντες
1405 3163 1589 3226 αὑτὸν,
1617 3163 1807 3233 εὐχαῖς
1831 3161 1925 3216 τὸν
1960 3162 2094 3217 Θεὸν
2131 3164 2502 3230 ἐξιλάσκοντο.
2563 3167 2892 3238 Διαφθείρας
2921 3168 2977 3223 δὲ
3017 3172 3043 3223 6
3067 3170 3240 3225 Σαοὺλ
3264 3171 3398 3224 ώσεὶ
3421 3171 3694 3242 μυριάδας
3718 3171 3775 3238 ἒξ

512 3261 622 3313 τῶν
654 3257 1052 3320 Παλαιστινῶν,
1089 3253 1523 3326 άνθυπέστρεψε.
1551 3254 1845 3322 Χειροῦται
1868 3253 1926 3308 δὲ
1966 3254 2308 3325 ’Λμμανίτας
2373 3261 2470 3312 καὶ
2533 3259 2856 3326 Μωαϐίτας,
2925 3261 3323 3324 Παλαιστινούς
3356 3279 3417 3316 τε
3466 3265 3567 3318 καὶ
3621 3265 3774 3320 Ἰδου-

517 3353 714 3425 μαίους
741 3354 836 3405 καὶ
859 3348 1259 3421 Ἀμαληκίτας.
1285 3347 1494 3400 καὶτὸν
1519 3344 1749 3416 βασιλέα
1770 3345 1869 3416 τῆς
1893 3345 2091 3402 Σουϐᾶ.
2133 3348 2242 3402 Καὶ
2271 3349 2508 3414 ἐξείλετο
2533 3350 2626 3405 τὸν
2663 3350 2882 3423 Ἰσραὴλ
2913 3353 2979 3406 ἐκ
3009 3353 3192 3424 χειρὸς
3219 3352 3329 3407 τῶν
3365 3353 3709 3421 ἀλλοφύλων.

585 3447 778 3503 XXIX.
810 3445 962 3499 Sauli
1010 3444 1107 3497 lilii
1141 3449 1295 3498 luere
1338 3452 1470 3508 tres,
1503 3442 1792 3506 Jouathas,
1838 3440 2002 3497 Jesus
2038 3449 2092 3498 et

2269 3445 2400 3502 KB'.
2426 3441 2611 3502 Ἦσαν
2635 3447 2694 3501 δέ
2715 3447 2794 3517 τῷ
2824 3446 3001 3501 Σαοὺλ
3027 3449 3136 3501 υίοὶ
3168 3451 3342 3520 τρεῖς,
3395 3450 3658 3505 Ἰωνάθαν
3687 3456 3779 3507 καὶ

512 3538 852 3596 )lelcbisus:
887 3550 955 3589 ac
995 3534 1121 3588 lilia:
1152 3534 1293 3597 dum,
1335 3533 1557 3588 Meroba
1587 3544 1642 3588 et
1691 3533 1946 3588 Melchol.
1997 3534 2099 3590 lm-

514 3639 821 3701 peratorem
867 3635 1082 3681 crearat
1129 3625 1466 3691 Abenerem,
1529 3625 1687 3682 Neris
1741 3626 1962 3696 cognati
2010 3626 2096 3681 sui

514 3721 707 3776 lilium.
744 3719 966 3772 Dixerat
996 3723 1181 3769 autem
1216 3715 1368 3770 Sauli
1401 3713 1644 3780 Samuel,
1675 3716 1876 3787 jubere
1921 3716 2092 3770 Deum

516 3823 577 3868 ut
617 3812 851 3866 caederet
894 3808 1276 3870 Amalechum,
1326 3807 1670 3876 victoriaque
1715 3805 1948 3876 potitus,
1999 3820 2099 3861 ne-

514 3904 651 3958 mini
684 3909 954 3972 parceret,
1011 3915 1126 3954 nou
1187 3899 1535 3962 mulieribus,
1599 3916 1711 3954 non
1765 3898 2092 3964 infantibus,

517 4011 627 4051 non
666 3994 937 4066 jumcntis
964 4009 979 4059 ;
1008 4008 1118 4048 non
1165 3993 1491 4062 pecudibus.
1528 3992 1624 4046 sed
1672 4006 1861 4045 eorum
1895 4007 2094 4045 nomen

511 4088 764 4144 funditus
826 4085 1056 4141 deleret.
1117 4084 1305 4153 Itaque
1365 4084 1493 4138 Sani
1556 4099 1682 4137 cum
1739 4081 2094 4136 Amalechitis

513 4194 864 4251 congressus,
899 4177 1091 4232 hostes
1128 4177 1320 4240 vincit,
1348 4177 1509 4231 caedit
1543 4190 1756 4230 omnes.
1811 4175 1916 4229 Sed
1954 4176 2095 4245 Aga-

513 4287 641 4342 gum
695 4270 843 4323 illius
878 4279 1037 4323 terra:
1085 4283 1268 4337 regem
1301 4267 1357 4320 in
1402 4275 1732 4336 potestatem
1785 4263 2090 4330 redactum,

515 4361 878 4417 admiratione
908 4361 1098 4415 forma:
1134 4369 1191 4414 et
1225 4357 1658 4426 magnitudinis,
1685 4371 1796 4411 non
1830 4356 2033 4412 occidit
2075 4373 2091 4411 :

515 4461 765 4508 armenta
807 4451 994 4517 etiam,
1031 4465 1244 4522 greges,
1293 4459 1602 4518 caeteraque
1641 4447 1869 4514 eximia,
1918 4448 2090 4502 divini

517 4545 761 4602 mandati
788 4546 1098 4608 immemor,
1147 4549 1459 4600 conservat.
1508 4540 1748 4595 Proinde
1790 4539 2010 4594 Samuel
2060 4557 2092 4595 a

516 4641 630 4696 Deo
690 4637 942 4701 edoctus,
975 4636 1240 4707 pomitere
1294 4650 1436 4708 eum.
1467 4632 1649 4688 Saulis
1693 4633 1862 4688 creati
1914 4635 2090 4702 regis,

515 4731 760 4789 occurrit
785 4731 918 4801 regi.
966 4731 1017 4785 ls
1045 4731 1122 4784 ait
1152 4745 1210 4784 se
1248 4727 1481 4799 gratiam
1520 4726 1725 4782 habere
1754 4727 1889 4789 Deo,
1933 4729 2092 4799 cujus

2213 3537 2416 3608 Ἰησουῒ
2449 3539 2545 3594 καὶ
2582 3539 2881 3609 Μελχισουϊ
2912 3555 2930 3572 ο
2984 3540 3080 3593 καὶ
3124 3539 3422 3610 θυγατέρες
3445 3541 3564 3606 δύο,
3596 3544 3779 3614 Μερὸϐ

2200 3631 2298 3685 καὶ
2325 3631 2560 3701 Μελγύλ.
2602 3631 3072 3704 ’Λρχιστρατηγδν
3111 3631 3168 3685 δὲ
3203 3626 3314 3702 εἶχε
3349 3633 3440 3686 τὸν
3494 3635 3778 3706 ’Δϐεννημ

2199 3723 2316 3778 υίὸν
2364 3722 2486 3792 Νὴρ
2537 3719 2835 3789 συγγενοῦς
2865 3720 3056 3776 αὐτοῦ.
3091 3722 3237 3792 Ἔφη
3288 3723 3344 3776 δὲ
3389 3723 3659 3796 Σαμουὴλ
3703 3724 3779 3793 τῷ

2197 3814 2395 3879 Σαοὺλ,
2419 3811 2660 3868 κελεύειν
2681 3811 2830 3882 αὐτῷ
2855 3811 2946 3866 τὸν
2968 3811 3104 3866 Θεὸν
3130 3813 3365 3878 πατάξαι
3381 3815 3471 3868 τὸν
3505 3815 3776 3886 ’Δμαλὴκ,

2198 3908 2294 3961 καὶ
2320 3908 2694 3975 κρατήσαντα,
2731 3905 2960 3974 μηδενὸς
2993 3905 3308 3974 φείσασθαι,
3351 3907 3430 3976 μὴ
3465 3909 3770 3976 γυναικῶν,

2200 3998 2276 4068 μὴ
2305 3998 2538 4068 νηπίων,
2571 3997 2648 4069 μὴ
2677 3995 3012 4064 ὑποζυγίων,
3047 3998 3122 4066 μὴ
3153 3997 3539 4069 βοσκημάτων,
3567 4000 3776 4066 ἐξαλεῖ-

2195 4088 2383 4159 ψαιδὲ
2411 4090 2472 4142 τὸ
2522 4088 2692 4157 ύνομα
2746 4087 2915 4141 αὐτοῦ
2963 4089 3030 4142 ἐκ
3086 4088 3185 4158 τῆς
3234 4089 3356 4158 γῆς.
3410 4091 3574 4143 Kal6
3606 4092 3780 4144 Σαοὺλ

2195 4180 2274 4250 τῷ
2314 4179 2559 4250 Ἀμαλὴκ
2586 4177 2898 4248 συμϐαλὼν,
2930 4181 3073 4232 κατὰ
3101 4179 3300 4248 κράτος
3329 4181 3474 4250 νικᾷ,
3509 4183 3608 4235 καὶ
3629 4182 3776 4234 κτεί·

2194 4288 2274 4326 νει
2309 4271 2540 4333 πάντας.
2570 4271 2868 4341 Χειροῦται
2889 4270 2948 4323 δὲ
2983 4272 3078 4324 καὶ
3111 4269 3205 4323 τὸν
3241 4269 3472 4340 βασιλέα
3517 4273 3624 4343 τῆς
3666 4275 3775 4344 χώ-

2199 4379 2320 4434 ρας,
2349 4363 2534 4430 ’Δγαγ
2566 4361 2977 4432 ὠνομασμένον,
3015 4361 3110 4416 καὶ
3142 4363 3240 4416 οὐκ
3264 4364 3610 4430 ἀπέκτεινεν,
3635 4368 3774 4434 ἀγα-

2197 4455 2349 4518 σθεὶς
2380 4453 2544 4509 αὑτὸν
2573 4453 2663 4508 διὰ
2702 4454 2920 4521 κάλλος,
2978 4454 3077 4509 καὶ
3116 4454 3370 4524 μέγεθος,
3421 4456 3518 4510 καὶ
3567 4457 3640 4510 τὰ
3669 4456 3774 4510 τῶν

2195 4547 2491 4618 βουκολίων
2527 4547 2619 4602 καὶ
2658 4549 2948 4618 ποιμνίων,
3005 4549 3099 4602 καὶ
3136 4549 3246 4602 τῶν
3295 4548 3468 4603 ἄλλων
3509 4549 3775 4622 ἐξαίρετα

2193 4641 2648 4711 περιεποιήσατο,
2677 4642 3077 4710 ἁμνημονήσας
3103 4640 3202 4710 τῆς
3223 4643 3370 4704 θείας
3395 4643 3770 4714 προστάξεως.

2193 4733 2604 4803 Χρηματισθεὶς
2633 4733 2691 4788 δέ
2722 4731 2975 4802 Σαμουὴλ
3006 4733 3159 4801 παρὰ
3189 4733 3283 4787 τοῦ
3313 4734 3471 4801 Θεοῦ,
3519 4737 3775 4806 εἰπόντος

516 4839 747 4881 munere
774 4823 1000 4878 vicisset
1048 4822 1257 4886 hostes,
1290 4827 1344 4874 et
1374 4829 1436 4874 ut
1465 4818 1654 4886 jussus
1681 4817 1868 4884 fuerit,
1917 4817 2092 4874 admi-

2198 4801 2575 4895 μεταμελῆσαι
2605 4826 2744 4894 (49),
2782 4825 2867 4878 ὃτι
2911 4801 3232 4880 ἐϐασίλευσε
3264 4826 3356 4879 τὸν
3389 4803 3606 4891 Σαοὺλ,
3643 4845 3773 4881 συνο

512 4920 780 4976 nistrasse
817 4915 1024 4970 omnia.
1056 4913 1197 4967 Tum
1229 4910 1446 4966 Samuel
1475 4927 1489 4966 :
1523 4909 1726 4973 Vocem,
1755 4909 1956 4978 inquit,
1984 4926 2088 4963 au-

509 5013 600 5068 dio
643 5012 1011 5083 jumentorum
1069 5016 1118 5059 et
1149 5005 1383 5060 aliarum
1432 5003 1708 5072 pecudum,
1767 5002 1904 5057 unde
1947 5002 2094 5056 ista?

513 5101 646 5158 Saul
700 5098 998 5170 respondet
1048 5094 1311 5164 populum
1369 5107 1434 5148 ea
1483 5094 1540 5146 in
1589 5092 1867 5146 victimam
1909 5107 2090 5146 asser-

511 5210 668 5251 vasse
700 5193 811 5248 Deo
841 5211 853 5247 :
891 5198 1150 5244 caeterum
1178 5185 1547 5240 Amaleebitas
1580 5200 1794 5248 omnes,
1829 5201 1953 5254 rege
1984 5200 2083 5238 eo-

512 5301 637 5342 rum
661 5293 912 5352 cxcepto,
952 5280 1162 5334 deletos
1207 5292 1348 5334 esse.
1384 5277 1466 5333 Ad
1506 5292 1569 5332 ea
1607 5275 1828 5332 Samuel
1879 5297 1892 5332 :
1943 5274 2086 5342 Quo-

514 5381 682 5443 niam,
717 5375 917 5446 inquit,
952 5373 1049 5425 Dei
1080 5372 1246 5442 jussis
1292 5386 1395 5424 non
1442 5371 1830 5440 obtemperasti.
1867 5371 1997 5424 scito
2033 5379 2086 5424 te

513 5485 736 5541 regnum
785 5466 1129 5520 amissurum.
1174 5464 1243 5516 At
1300 5462 1412 5525 ille,
1463 5477 1522 5518 se
1573 5475 1826 5532 peccasse
1881 5461 2080 5530 fassus,

514 5560 843 5632 Propltetam
873 5563 1016 5623 orat,
1043 5562 1103 5607 ut
1133 5570 1228 5624 per
1253 5552 1522 5608 sacriﬁcia
1548 5553 1716 5640 Deum
1758 5551 1860 5610 sibi
1890 5568 2088 5607 recon-

2193 4917 2399 4986 ήντησε
2447 4916 2522 4986 τῷ
2553 4917 2787 4988 βασιλεῖ.
2849 4917 2908 4970 '0
2936 4917 2994 4970 δὲ
3043 4919 3436 4989 εὐχαριστῆσαι
3488 4921 3650 4989 ἐλεγε
3697 4920 3772 4990 τῷ

2192 5007 2316 5077 Θεῷ
2355 5007 2501 5066 δόντι
2556 5008 2759 5079 κράτος
2807 5007 2960 5079 αύτῷ
2993 5009 3133 5064 κατὰ
3164 5001 3274 5062 τῶν
3329 5011 3631 5083 πολεμίων,
3677 5013 3774 5065 καὶ

2190 5101 2372 5156 πάντα
2393 5100 2451 5156 δὲ
2473 5100 2543 5156 τὰ
2565 5101 2967 5172 κεκελευσμένα
2995 5101 3238 5171 ποιῆσαι.
3264 5103 3372 5156 Kal
3396 5103 3426 5155 6
3455 5105 3770 5175 προφήτης,

2189 5191 2374 5260 Βοῆς,
2427 5187 2602 5254 εἶπεν.
2640 5192 2837 5248 ἀκούω
2862 5191 3199 5262 ὑποζυγίων
3228 5193 3327 5248 καί
3353 5195 3772 5265 βοσκημάτων

2187 5283 2418 5338 ἄλλων.
2461 5285 2654 5340 Πόθεν
2683 5284 2911 5347 mora;
2944 5285 3116 5340 Σαοὺλ
3143 5286 3222 5350 δὲ,
3265 5286 3358 5341 τὸν
3400 5287 3549 5352 λαὸν,
3585 5284 3767 5355 εἶπεν,

2189 5375 2272 5438 είς
2317 5374 2509 5432 ουσίαν
2557 5375 2918 5444 τετηρηκέναι
2956 5375 3096 5430 αὐτὰ
3157 5376 3236 5447 τῷ
3293 5377 3413 5448 Θεῷ
3445 5393 3458 5408 ·
3517 5381 3655 5443 τοὺς
3709 5379 3768 5432 δέ

2203 5465 2574 5535 Ἀμαληκίτας
2605 5467 2812 5530 πάντας
2848 5468 3272 5539 ἐξαφανισθῆναι
3297 5470 3428 5542 ἄτερ
3462 5470 3556 5524 τοῦ
3601 5471 3766 5542 βασις

2182 5555 2322 5621 λέως
2366 5558 2568 5612 αὐτῶν.
2607 5559 2750 5629 Πρὸς
2773 5558 2947 5615 ταῦτα
2980 5560 3009 5616 6
3036 5561 3310 5632 Σαμουὴλ,
3365 5563 3523 5618 Ἐπεί
3557 5565 3635 5620 τὰ
3663 5580 3767 5620 κε·-

1701 5705 1908 5765 νίιτῐω
1945 5706 2254 5770 lectiones
2299 5718 2360 5770 et
2401 5719 2590 5774 nolm.

583 5844 697 5916 (47)
727 5845 1178 5918 Μεταμελῆσαι.
1213 5841 1532 5914 Legendum
1566 5839 2079 5912 μεταμεμελῆσθαι.

2201 5841 2419 5913 praefert
2458 5844 2580 5900 cod.
2620 5845 2748 5914 Reg.
2782 5855 2838 5900 et
2867 5843 3108 5901 Colbert.
