  <div class='ocr_page' id='page_1' title='image "/cluster/home/n/w/nwhite01/storage/ocr_20150623/134/hvd.32044019208289/075.png"; bbox 0 0 3958 6586; ppageno 0'>
   <div class='ocr_carea' id='block_1_1' title="bbox 513 367 619 435">
    <p class='ocr_par' dir='ltr' id='par_1_1' title="bbox 513 367 619 435">
     <span class='ocr_line' id='line_1_1' title="bbox 513 367 619 435; baseline 0.019 -2"><span class='ocrx_word' id='word_1_1' title='bbox 513 367 619 435; x_wconf 85' lang='grc'><strong>135</strong></span> 
     </span>
    </p>
   </div>
   <div class='ocr_carea' id='block_1_2' title="bbox 1770 332 2589 433">
    <p class='ocr_par' dir='ltr' id='par_1_2' title="bbox 1770 332 2589 433">
     <span class='ocr_line' id='line_1_2' title="bbox 1770 332 2589 433; baseline -0.002 0"><span class='ocrx_word' id='word_1_2' title='bbox 1770 398 1777 405; x_wconf 69' lang='grc' dir='ltr'><strong><em>ο</em></strong></span> <span class='ocrx_word' id='word_1_3' title='bbox 1808 372 2135 433; x_wconf 75' lang='lat' dir='ltr'><strong>JDANNIS</strong></span> <span class='ocrx_word' id='word_1_4' title='bbox 2172 370 2495 433; x_wconf 64' lang='lat' dir='ltr'><strong>zouaua</strong></span> <span class='ocrx_word' id='word_1_5' title='bbox 2586 332 2589 333; x_wconf 19' lang='grc' dir='ltr'>ί</span> 
     </span>
    </p>
   </div>
   <div class='ocr_carea' id='block_1_3' title="bbox 3656 380 3749 445">
    <p class='ocr_par' dir='ltr' id='par_1_3' title="bbox 3656 380 3749 445">
     <span class='ocr_line' id='line_1_3' title="bbox 3656 380 3749 445; baseline 0.032 -3"><span class='ocrx_word' id='word_1_6' title='bbox 3656 380 3749 445; x_wconf 73' lang='grc'><strong>136</strong></span> 
     </span>
    </p>
   </div>
   <div class='ocr_carea' id='block_1_4' title="bbox 503 482 2075 563">
    <p class='ocr_par' dir='ltr' id='par_1_4' title="bbox 503 482 2075 555">
     <span class='ocr_line' id='line_1_4' title="bbox 503 482 2075 555; baseline -0.001 -19"><span class='ocrx_word' id='word_1_7' title='bbox 503 483 697 555; x_wconf 71' lang='lat' dir='ltr'><strong>poteris</strong></span> <span class='ocrx_word' id='word_1_8' title='bbox 750 498 982 553; x_wconf 84' lang='lat' dir='ltr'><strong>pugnam</strong></span> <span class='ocrx_word' id='word_1_9' title='bbox 1036 483 1367 536; x_wconf 78' lang='lat' dir='ltr'><strong>committere</strong></span> <span class='ocrx_word' id='word_1_10' title='bbox 1394 499 1513 536; x_wconf 87' lang='lat' dir='ltr'><strong>cum</strong></span> <span class='ocrx_word' id='word_1_11' title='bbox 1548 482 1647 536; x_wconf 79' lang='lat' dir='ltr'><strong>isto</strong></span> <span class='ocrx_word' id='word_1_12' title='bbox 1690 482 2075 542; x_wconf 72' lang='lat' dir='ltr'><strong>incircumciw,</strong></span> 
     </span>
    </p>
   </div>
   <div class='ocr_carea' id='block_1_5' title="bbox 2181 482 3754 563">
    <p class='ocr_par' dir='ltr' id='par_1_5' title="bbox 2188 482 3754 563">
     <span class='ocr_line' id='line_1_5' title="bbox 2188 482 3754 563; baseline 0.007 -28"><span class='ocrx_word' id='word_1_13' title='bbox 2188 500 2356 537; x_wconf 91' lang='grc' dir='ltr'>κοντα</span> <span class='ocrx_word' id='word_1_14' title='bbox 2383 483 2557 536; x_wconf 80' lang='grc' dir='ltr'>ὲποίει</span> <span class='ocrx_word' id='word_1_15' title='bbox 2593 482 2826 553; x_wconf 82' lang='grc' dir='ltr'>ἡμέρας.</span> <span class='ocrx_word' id='word_1_16' title='bbox 2866 483 2972 537; x_wconf 78' lang='grc' dir='ltr'>Τοῦ</span> <span class='ocrx_word' id='word_1_17' title='bbox 3017 483 3074 538; x_wconf 83' lang='grc' dir='ltr'>δὲ</span> <span class='ocrx_word' id='word_1_18' title='bbox 3105 484 3276 538; x_wconf 73' lang='grc' dir='ltr'>Σαοὺλ</span> <span class='ocrx_word' id='word_1_19' title='bbox 3303 485 3396 539; x_wconf 85' lang='grc' dir='ltr'><strong>τδν</strong></span> <span class='ocrx_word' id='word_1_20' title='bbox 3429 488 3593 545; x_wconf 80' lang='grc' dir='ltr'>Δαϐὶδ</span> <span class='ocrx_word' id='word_1_21' title='bbox 3622 494 3754 563; x_wconf 75' lang='grc' dir='ltr'>πρὸς</span> 
     </span>
    </p>
   </div>
   <div class='ocr_carea' id='block_1_6' title="bbox 499 574 2078 645">
    <p class='ocr_par' dir='ltr' id='par_1_6' title="bbox 499 574 2078 645">
     <span class='ocr_line' id='line_1_6' title="bbox 499 574 2078 645; baseline -0.004 -15"><span class='ocrx_word' id='word_1_22' title='bbox 499 592 620 630; x_wconf 81' lang='lat' dir='ltr'><strong>cum</strong></span> <span class='ocrx_word' id='word_1_23' title='bbox 668 591 799 645; x_wconf 85' lang='lat' dir='ltr'><strong>puer</strong></span> <span class='ocrx_word' id='word_1_24' title='bbox 850 575 1020 629; x_wconf 82' lang='lat' dir='ltr'><strong>adhuc</strong></span> <span class='ocrx_word' id='word_1_25' title='bbox 1053 575 1144 628; x_wconf 80' lang='lat' dir='ltr'><strong>sis.</strong></span> <span class='ocrx_word' id='word_1_26' title='bbox 1184 574 1323 629; x_wconf 84' lang='lat' dir='ltr'><strong>Tum</strong></span> <span class='ocrx_word' id='word_1_27' title='bbox 1374 575 1568 639; x_wconf 80' lang='lat' dir='ltr'><strong>David,</strong></span> <span class='ocrx_word' id='word_1_28' title='bbox 1621 590 1680 628; x_wconf 86' lang='lat' dir='ltr'><strong>se</strong></span> <span class='ocrx_word' id='word_1_29' title='bbox 1721 575 1833 628; x_wconf 92' lang='lat' dir='ltr'><strong>Deo</strong></span> <span class='ocrx_word' id='word_1_30' title='bbox 1873 575 2078 626; x_wconf 73' lang='lat' dir='ltr'><strong>foetum</strong></span> 
     </span>
    </p>
   </div>
   <div class='ocr_carea' id='block_1_7' title="bbox 498 665 2078 738">
    <p class='ocr_par' dir='ltr' id='par_1_7' title="bbox 498 665 2078 738">
     <span class='ocr_line' id='line_1_7' title="bbox 498 665 2078 738; baseline -0.002 -16"><span class='ocrx_word' id='word_1_31' title='bbox 498 684 620 723; x_wconf 89' lang='lat' dir='ltr'><strong>esse</strong></span> <span class='ocrx_word' id='word_1_32' title='bbox 645 669 957 738; x_wconf 88' lang='lat' dir='ltr'><strong>respondet,</strong></span> <span class='ocrx_word' id='word_1_33' title='bbox 992 671 1084 738; x_wconf 91' lang='lat' dir='ltr'><strong>qui</strong></span> <span class='ocrx_word' id='word_1_34' title='bbox 1115 668 1218 724; x_wconf 89' lang='lat' dir='ltr'><strong>sibi</strong></span> <span class='ocrx_word' id='word_1_35' title='bbox 1249 679 1444 724; x_wconf 89' lang='lat' dir='ltr'><strong>contra</strong></span> <span class='ocrx_word' id='word_1_36' title='bbox 1479 684 1667 722; x_wconf 83' lang='lat' dir='ltr'><strong>ursam</strong></span> <span class='ocrx_word' id='word_1_37' title='bbox 1702 668 1853 721; x_wconf 86' lang='lat' dir='ltr'><strong>vires</strong></span> <span class='ocrx_word' id='word_1_38' title='bbox 1887 665 2078 721; x_wconf 86' lang='lat' dir='ltr'><strong>dedis-</strong></span> 
     </span>
    </p>
   </div>
   <div class='ocr_carea' id='block_1_8' title="bbox 503 760 2082 831">
    <p class='ocr_par' dir='ltr' id='par_1_8' title="bbox 503 760 2082 831">
     <span class='ocr_line' id='line_1_8' title="bbox 503 760 2082 831; baseline -0.001 -17"><span class='ocrx_word' id='word_1_39' title='bbox 503 771 606 821; x_wconf 87' lang='lat' dir='ltr'><strong>set,</strong></span> <span class='ocrx_word' id='word_1_40' title='bbox 643 772 701 814; x_wconf 88' lang='lat' dir='ltr'><strong>et</strong></span> <span class='ocrx_word' id='word_1_41' title='bbox 724 770 916 815; x_wconf 89' lang='lat' dir='ltr'><strong>contra</strong></span> <span class='ocrx_word' id='word_1_42' title='bbox 948 762 1189 828; x_wconf 87' lang='lat' dir='ltr'><strong>leonem,</strong></span> <span class='ocrx_word' id='word_1_43' title='bbox 1226 764 1320 831; x_wconf 89' lang='lat' dir='ltr'><strong>qui</strong></span> <span class='ocrx_word' id='word_1_44' title='bbox 1366 776 1586 831; x_wconf 89' lang='lat' dir='ltr'><strong>gregem</strong></span> <span class='ocrx_word' id='word_1_45' title='bbox 1639 760 1997 822; x_wconf 78' lang='lat' dir='ltr'><strong>invasissent,</strong></span> <span class='ocrx_word' id='word_1_46' title='bbox 2024 768 2082 813; x_wconf 91' lang='lat' dir='ltr'><strong>et</strong></span> 
     </span>
    </p>
   </div>
   <div class='ocr_carea' id='block_1_9' title="bbox 500 854 2084 923">
    <p class='ocr_par' dir='ltr' id='par_1_9' title="bbox 500 854 2084 923">
     <span class='ocr_line' id='line_1_9' title="bbox 500 854 2084 923; baseline 0 -16"><span class='ocrx_word' id='word_1_47' title='bbox 500 854 741 922; x_wconf 83' lang='lat' dir='ltr'><strong>pecudes</strong></span> <span class='ocrx_word' id='word_1_48' title='bbox 771 855 1106 922; x_wconf 84' lang='lat' dir='ltr'><strong>rapuissent,</strong></span> <span class='ocrx_word' id='word_1_49' title='bbox 1131 871 1228 908; x_wconf 89' lang='lat' dir='ltr'><strong>eos</strong></span> <span class='ocrx_word' id='word_1_50' title='bbox 1251 870 1308 908; x_wconf 89' lang='lat' dir='ltr'><strong>se</strong></span> <span class='ocrx_word' id='word_1_51' title='bbox 1331 863 1708 923; x_wconf 76' lang='lat' dir='ltr'><strong>persecutum,</strong></span> <span class='ocrx_word' id='word_1_52' title='bbox 1727 863 1783 906; x_wconf 85' lang='lat' dir='ltr'><strong>et</strong></span> <span class='ocrx_word' id='word_1_53' title='bbox 1815 862 1965 921; x_wconf 87' lang='lat' dir='ltr'><strong>rapta</strong></span> <span class='ocrx_word' id='word_1_54' title='bbox 1994 869 2084 907; x_wconf 87' lang='lat' dir='ltr'><strong>re-</strong></span> 
     </span>
    </p>
   </div>
   <div class='ocr_carea' id='block_1_10' title="bbox 502 945 2080 1014">
    <p class='ocr_par' dir='ltr' id='par_1_10' title="bbox 502 945 2080 1014">
     <span class='ocr_line' id='line_1_10' title="bbox 502 945 2080 1014; baseline 0.001 -18"><span class='ocrx_word' id='word_1_55' title='bbox 502 960 797 1013; x_wconf 85' lang='lat' dir='ltr'><strong>cuperasse</strong></span> <span class='ocrx_word' id='word_1_56' title='bbox 847 956 902 1000; x_wconf 89' lang='lat' dir='ltr'><strong>et</strong></span> <span class='ocrx_word' id='word_1_57' title='bbox 950 946 1288 1014; x_wconf 77' lang='lat' dir='ltr'><strong>percussisse</strong></span> <span class='ocrx_word' id='word_1_58' title='bbox 1324 945 1531 998; x_wconf 80' lang='lat' dir='ltr'><strong>bestias</strong></span> <span class='ocrx_word' id='word_1_59' title='bbox 1582 958 1746 1013; x_wconf 85' lang='lat' dir='ltr'><strong>atque</strong></span> <span class='ocrx_word' id='word_1_60' title='bbox 1790 946 2080 999; x_wconf 73' lang='lat' dir='ltr'><strong>OCCIdlSSB.</strong></span> 
     </span>
    </p>
   </div>
   <div class='ocr_carea' id='block_1_11' title="bbox 503 1033 2080 1105">
    <p class='ocr_par' dir='ltr' id='par_1_11' title="bbox 503 1033 2080 1105">
     <span class='ocr_line' id='line_1_11' title="bbox 503 1033 2080 1105; baseline 0.001 -18"><span class='ocrx_word' id='word_1_61' title='bbox 503 1036 580 1089; x_wconf 76' lang='lat' dir='ltr'><strong>Eo</strong></span> <span class='ocrx_word' id='word_1_62' title='bbox 618 1035 782 1104; x_wconf 77' lang='lat' dir='ltr'><strong>igitur</strong></span> <span class='ocrx_word' id='word_1_63' title='bbox 816 1052 873 1089; x_wconf 90' lang='lat' dir='ltr'><strong>se</strong></span> <span class='ocrx_word' id='word_1_64' title='bbox 907 1036 1016 1105; x_wconf 58' lang='grc' dir='ltr'>θῇ,</span> <span class='ocrx_word' id='word_1_65' title='bbox 1053 1049 1175 1087; x_wconf 88' lang='lat' dir='ltr'><strong>esse</strong></span> <span class='ocrx_word' id='word_1_66' title='bbox 1216 1033 1443 1099; x_wconf 86' lang='lat' dir='ltr'><strong>fretum,</strong></span> <span class='ocrx_word' id='word_1_67' title='bbox 1482 1034 1576 1103; x_wconf 89' lang='lat' dir='ltr'><strong>qui</strong></span> <span class='ocrx_word' id='word_1_68' title='bbox 1620 1045 1675 1087; x_wconf 91' lang='lat' dir='ltr'><strong>et</strong></span> <span class='ocrx_word' id='word_1_69' title='bbox 1717 1035 2080 1105; x_wconf 82' lang='lat' dir='ltr'><strong>alienigenam</strong></span> 
     </span>
    </p>
   </div>
   <div class='ocr_carea' id='block_1_12' title="bbox 502 1125 2082 1195">
    <p class='ocr_par' dir='ltr' id='par_1_12' title="bbox 502 1125 2082 1195">
     <span class='ocr_line' id='line_1_12' title="bbox 502 1125 2082 1195; baseline 0.001 -17"><span class='ocrx_word' id='word_1_70' title='bbox 502 1126 654 1178; x_wconf 84' lang='lat' dir='ltr'><strong>illum</strong></span> <span class='ocrx_word' id='word_1_71' title='bbox 696 1126 798 1179; x_wconf 88' lang='lat' dir='ltr'><strong>sibi</strong></span> <span class='ocrx_word' id='word_1_72' title='bbox 856 1125 1238 1194; x_wconf 84' lang='lat' dir='ltr'><strong>perimendum</strong></span> <span class='ocrx_word' id='word_1_73' title='bbox 1280 1129 1351 1178; x_wconf 82' lang='lat' dir='ltr'><strong>sit</strong></span> <span class='ocrx_word' id='word_1_74' title='bbox 1391 1125 1714 1186; x_wconf 83' lang='lat' dir='ltr'><strong>traditurus.</strong></span> <span class='ocrx_word' id='word_1_75' title='bbox 1751 1136 1806 1181; x_wconf 89' lang='lat' dir='ltr'><strong>et</strong></span> <span class='ocrx_word' id='word_1_76' title='bbox 1846 1126 2082 1195; x_wconf 86' lang='lat' dir='ltr'><strong>ignomi-</strong></span> 
     </span>
    </p>
   </div>
   <div class='ocr_carea' id='block_1_13' title="bbox 502 1213 2081 1285">
    <p class='ocr_par' dir='ltr' id='par_1_13' title="bbox 502 1213 2081 1285">
     <span class='ocr_line' id='line_1_13' title="bbox 502 1213 2081 1285; baseline 0.001 -19"><span class='ocrx_word' id='word_1_77' title='bbox 502 1215 648 1267; x_wconf 92' lang='lat' dir='ltr'><strong>niam</strong></span> <span class='ocrx_word' id='word_1_78' title='bbox 685 1213 997 1267; x_wconf 67' lang='lat' dir='ltr'><strong>Israelitica:</strong></span> <span class='ocrx_word' id='word_1_79' title='bbox 1038 1216 1218 1282; x_wconf 83' lang='lat' dir='ltr'><strong>gentis</strong></span> <span class='ocrx_word' id='word_1_80' title='bbox 1250 1214 1606 1282; x_wconf 86' lang='lat' dir='ltr'><strong>depulsurus.</strong></span> <span class='ocrx_word' id='word_1_81' title='bbox 1632 1218 1709 1270; x_wconf 86' lang='lat' dir='ltr'><strong>Ac</strong></span> <span class='ocrx_word' id='word_1_82' title='bbox 1738 1218 1827 1271; x_wconf 91' lang='lat' dir='ltr'><strong>ille</strong></span> <span class='ocrx_word' id='word_1_83' title='bbox 1858 1217 2081 1285; x_wconf 85' lang='lat' dir='ltr'><strong>quidem</strong></span> 
     </span>
    </p>
   </div>
   <div class='ocr_carea' id='block_1_14' title="bbox 503 1302 2081 1375">
    <p class='ocr_par' dir='ltr' id='par_1_14' title="bbox 503 1302 2081 1375">
     <span class='ocr_line' id='line_1_14' title="bbox 503 1302 2081 1375; baseline 0.004 -21"><span class='ocrx_word' id='word_1_84' title='bbox 503 1303 618 1355; x_wconf 67' lang='lat' dir='ltr'><strong>Iure</strong></span> <span class='ocrx_word' id='word_1_85' title='bbox 664 1303 902 1356; x_wconf 77' lang='lat' dir='ltr'><strong>dicebat.</strong></span> <span class='ocrx_word' id='word_1_86' title='bbox 947 1302 1062 1356; x_wconf 74' lang='lat' dir='ltr'><strong>Rex</strong></span> <span class='ocrx_word' id='word_1_87' title='bbox 1107 1315 1289 1358; x_wconf 86' lang='lat' dir='ltr'><strong>autem</strong></span> <span class='ocrx_word' id='word_1_88' title='bbox 1341 1306 1420 1361; x_wconf 89' lang='lat' dir='ltr'><strong>ire</strong></span> <span class='ocrx_word' id='word_1_89' title='bbox 1457 1309 1803 1375; x_wconf 71' lang='lat' dir='ltr'><strong>permittens,</strong></span> <span class='ocrx_word' id='word_1_90' title='bbox 1856 1324 1955 1362; x_wconf 89' lang='lat' dir='ltr'><strong>sua</strong></span> <span class='ocrx_word' id='word_1_91' title='bbox 2006 1309 2081 1362; x_wconf 83' lang='lat' dir='ltr'><strong>illi</strong></span> 
     </span>
    </p>
   </div>
   <div class='ocr_carea' id='block_1_15' title="bbox 499 1398 2083 1470">
    <p class='ocr_par' dir='ltr' id='par_1_15' title="bbox 499 1398 2083 1470">
     <span class='ocr_line' id='line_1_15' title="bbox 499 1398 2083 1470; baseline 0.005 -22"><span class='ocrx_word' id='word_1_92' title='bbox 499 1411 649 1448; x_wconf 88' lang='lat' dir='ltr'><strong>arma</strong></span> <span class='ocrx_word' id='word_1_93' title='bbox 700 1398 1123 1461; x_wconf 87' lang='lat' dir='ltr'><strong>accommodat,</strong></span> <span class='ocrx_word' id='word_1_94' title='bbox 1185 1398 1390 1466; x_wconf 83' lang='lat' dir='ltr'><strong>quibus</strong></span> <span class='ocrx_word' id='word_1_95' title='bbox 1446 1400 1615 1453; x_wconf 89' lang='lat' dir='ltr'><strong>David</strong></span> <span class='ocrx_word' id='word_1_96' title='bbox 1674 1412 1947 1470; x_wconf 86' lang='lat' dir='ltr'><strong>gravatus,</strong></span> <span class='ocrx_word' id='word_1_97' title='bbox 2002 1402 2083 1456; x_wconf 88' lang='lat' dir='ltr'><strong>uti</strong></span> 
     </span>
    </p>
   </div>
   <div class='ocr_carea' id='block_1_16' title="bbox 500 1488 2083 1563">
    <p class='ocr_par' dir='ltr' id='par_1_16' title="bbox 500 1488 2083 1563">
     <span class='ocr_line' id='line_1_16' title="bbox 500 1488 2083 1563; baseline 0.007 -26"><span class='ocrx_word' id='word_1_98' title='bbox 500 1498 721 1540; x_wconf 77' lang='lat' dir='ltr'><strong>recusat</strong></span> <span class='ocrx_word' id='word_1_99' title='bbox 751 1504 763 1539; x_wconf 94' lang='lat'>:</span> <span class='ocrx_word' id='word_1_100' title='bbox 798 1490 894 1540; x_wconf 89' lang='lat' dir='ltr'><strong>sed</strong></span> <span class='ocrx_word' id='word_1_101' title='bbox 932 1488 1127 1541; x_wconf 88' lang='lat' dir='ltr'><strong>baculo</strong></span> <span class='ocrx_word' id='word_1_102' title='bbox 1161 1491 1410 1554; x_wconf 88' lang='lat' dir='ltr'><strong>sublato,</strong></span> <span class='ocrx_word' id='word_1_103' title='bbox 1443 1502 1498 1545; x_wconf 89' lang='lat' dir='ltr'><strong>et</strong></span> <span class='ocrx_word' id='word_1_104' title='bbox 1528 1494 1772 1561; x_wconf 85' lang='lat' dir='ltr'><strong>quinque</strong></span> <span class='ocrx_word' id='word_1_105' title='bbox 1806 1494 2083 1563; x_wconf 81' lang='lat' dir='ltr'><strong>lapidibus</strong></span> 
     </span>
    </p>
   </div>
   <div class='ocr_carea' id='block_1_17' title="bbox 500 1580 2083 1658">
    <p class='ocr_par' dir='ltr' id='par_1_17' title="bbox 500 1580 2083 1658">
     <span class='ocr_line' id='line_1_17' title="bbox 500 1580 2083 1658; baseline 0.007 -27"><span class='ocrx_word' id='word_1_106' title='bbox 500 1580 554 1632; x_wconf 87' lang='lat' dir='ltr'><strong>in</strong></span> <span class='ocrx_word' id='word_1_107' title='bbox 602 1596 730 1647; x_wconf 89' lang='lat' dir='ltr'><strong>pera</strong></span> <span class='ocrx_word' id='word_1_108' title='bbox 778 1582 1039 1646; x_wconf 88' lang='lat' dir='ltr'><strong>conditis,</strong></span> <span class='ocrx_word' id='word_1_109' title='bbox 1076 1598 1200 1636; x_wconf 92' lang='lat' dir='ltr'><strong>cum</strong></span> <span class='ocrx_word' id='word_1_110' title='bbox 1240 1583 1408 1637; x_wconf 87' lang='lat' dir='ltr'><strong>funda</strong></span> <span class='ocrx_word' id='word_1_111' title='bbox 1456 1600 1553 1638; x_wconf 86' lang='lat' dir='ltr'><strong>sua</strong></span> <span class='ocrx_word' id='word_1_112' title='bbox 1589 1585 1656 1639; x_wconf 90' lang='lat' dir='ltr'><strong>ad</strong></span> <span class='ocrx_word' id='word_1_113' title='bbox 1710 1587 2083 1658; x_wconf 78' lang='lat' dir='ltr'><strong>alienigenam</strong></span> 
     </span>
    </p>
   </div>
   <div class='ocr_carea' id='block_1_18' title="bbox 498 1672 2080 1748">
    <p class='ocr_par' dir='ltr' id='par_1_18' title="bbox 498 1672 2080 1748">
     <span class='ocr_line' id='line_1_18' title="bbox 498 1672 2080 1748; baseline 0.009 -28"><span class='ocrx_word' id='word_1_114' title='bbox 498 1680 781 1739; x_wconf 74' lang='lat' dir='ltr'><strong>properat.</strong></span> <span class='ocrx_word' id='word_1_115' title='bbox 812 1672 883 1726; x_wconf 85' lang='lat' dir='ltr'><strong>At</strong></span> <span class='ocrx_word' id='word_1_116' title='bbox 904 1674 992 1727; x_wconf 91' lang='lat' dir='ltr'><strong>ille</strong></span> <span class='ocrx_word' id='word_1_117' title='bbox 1044 1689 1140 1743; x_wconf 86' lang='lat' dir='ltr'><strong>per</strong></span> <span class='ocrx_word' id='word_1_118' title='bbox 1198 1674 1440 1730; x_wconf 89' lang='lat' dir='ltr'><strong>derisum</strong></span> <span class='ocrx_word' id='word_1_119' title='bbox 1481 1677 1800 1748; x_wconf 84' lang='lat' dir='ltr'><strong>interrogat,</strong></span> <span class='ocrx_word' id='word_1_120' title='bbox 1853 1695 1982 1733; x_wconf 89' lang='lat' dir='ltr'><strong>num</strong></span> <span class='ocrx_word' id='word_1_121' title='bbox 2013 1679 2080 1734; x_wconf 88' lang='lat' dir='ltr'><strong>ad</strong></span> 
     </span>
    </p>
   </div>
   <div class='ocr_carea' id='block_1_19' title="bbox 500 1766 2082 1835">
    <p class='ocr_par' dir='ltr' id='par_1_19' title="bbox 500 1766 2082 1835">
     <span class='ocr_line' id='line_1_19' title="bbox 500 1766 2082 1835; baseline 0.006 -20"><span class='ocrx_word' id='word_1_122' title='bbox 500 1778 692 1815; x_wconf 86' lang='lat' dir='ltr'><strong>canem</strong></span> <span class='ocrx_word' id='word_1_123' title='bbox 740 1780 866 1817; x_wconf 90' lang='lat' dir='ltr'><strong>cum</strong></span> <span class='ocrx_word' id='word_1_124' title='bbox 911 1767 1104 1819; x_wconf 82' lang='lat' dir='ltr'><strong>baculo</strong></span> <span class='ocrx_word' id='word_1_125' title='bbox 1148 1775 1205 1820; x_wconf 86' lang='lat' dir='ltr'><strong>et</strong></span> <span class='ocrx_word' id='word_1_126' title='bbox 1254 1766 1533 1835; x_wconf 84' lang='lat' dir='ltr'><strong>lapidibus</strong></span> <span class='ocrx_word' id='word_1_127' title='bbox 1572 1768 1700 1823; x_wconf 83' lang='lat' dir='ltr'><strong>iret.</strong></span> <span class='ocrx_word' id='word_1_128' title='bbox 1755 1770 1922 1823; x_wconf 86' lang='lat' dir='ltr'><strong>David</strong></span> <span class='ocrx_word' id='word_1_129' title='bbox 1990 1787 2082 1825; x_wconf 91' lang='lat' dir='ltr'><strong>re-</strong></span> 
     </span>
    </p>
   </div>
   <div class='ocr_carea' id='block_1_20' title="bbox 500 1837 2155 1925">
    <p class='ocr_par' dir='ltr' id='par_1_20' title="bbox 500 1837 2155 1925">
     <span class='ocr_line' id='line_1_20' title="bbox 500 1837 2155 1925; baseline 0.007 -18"><span class='ocrx_word' id='word_1_130' title='bbox 500 1858 755 1925; x_wconf 88' lang='lat' dir='ltr'><strong>spondet,</strong></span> <span class='ocrx_word' id='word_1_131' title='bbox 805 1874 931 1912; x_wconf 89' lang='lat' dir='ltr'><strong>eum</strong></span> <span class='ocrx_word' id='word_1_132' title='bbox 993 1861 1102 1915; x_wconf 90' lang='lat' dir='ltr'><strong>sibi</strong></span> <span class='ocrx_word' id='word_1_133' title='bbox 1144 1876 1279 1915; x_wconf 89' lang='lat' dir='ltr'><strong>eane</strong></span> <span class='ocrx_word' id='word_1_134' title='bbox 1324 1862 1656 1917; x_wconf 85' lang='lat' dir='ltr'><strong>deteriorem</strong></span> <span class='ocrx_word' id='word_1_135' title='bbox 1702 1864 1900 1918; x_wconf 80' lang='lat' dir='ltr'><strong>videri.</strong></span> <span class='ocrx_word' id='word_1_136' title='bbox 1944 1864 2082 1920; x_wconf 89' lang='lat' dir='ltr'><strong>Tum</strong></span> <span class='ocrx_word' id='word_1_137' title='bbox 2115 1837 2155 1891; x_wconf 68' lang='grc' dir='ltr'><strong><em>Β</em></strong></span> 
     </span>
    </p>
   </div>
   <div class='ocr_carea' id='block_1_21' title="bbox 502 1947 2085 2025">
    <p class='ocr_par' dir='ltr' id='par_1_21' title="bbox 502 1947 2085 2025">
     <span class='ocr_line' id='line_1_21' title="bbox 502 1947 2085 2025; baseline 0.009 -27"><span class='ocrx_word' id='word_1_138' title='bbox 502 1947 594 1999; x_wconf 88' lang='lat' dir='ltr'><strong>ille</strong></span> <span class='ocrx_word' id='word_1_139' title='bbox 625 1950 818 2013; x_wconf 89' lang='lat' dir='ltr'><strong>iratus,</strong></span> <span class='ocrx_word' id='word_1_140' title='bbox 861 1951 1044 2005; x_wconf 85' lang='lat' dir='ltr'><strong>verbis</strong></span> <span class='ocrx_word' id='word_1_141' title='bbox 1082 1954 1471 2021; x_wconf 86' lang='lat' dir='ltr'><strong>arrogantibus</strong></span> <span class='ocrx_word' id='word_1_142' title='bbox 1506 1969 1564 2008; x_wconf 87' lang='lat' dir='ltr'><strong>se</strong></span> <span class='ocrx_word' id='word_1_143' title='bbox 1598 1969 1823 2008; x_wconf 88' lang='lat' dir='ltr'><strong>carnem</strong></span> <span class='ocrx_word' id='word_1_144' title='bbox 1850 1956 1971 2025; x_wconf 88' lang='lat' dir='ltr'><strong>ejus</strong></span> <span class='ocrx_word' id='word_1_145' title='bbox 2000 1957 2085 2012; x_wconf 86' lang='lat' dir='ltr'><strong>fe-</strong></span> 
     </span>
    </p>
   </div>
   <div class='ocr_carea' id='block_1_22' title="bbox 501 2039 2083 2109">
    <p class='ocr_par' dir='ltr' id='par_1_22' title="bbox 501 2039 2083 2109">
     <span class='ocr_line' id='line_1_22' title="bbox 501 2039 2083 2109; baseline 0.009 -19"><span class='ocrx_word' id='word_1_146' title='bbox 501 2039 576 2090; x_wconf 87' lang='lat' dir='ltr'><strong>ris</strong></span> <span class='ocrx_word' id='word_1_147' title='bbox 606 2049 661 2093; x_wconf 89' lang='lat' dir='ltr'><strong>et</strong></span> <span class='ocrx_word' id='word_1_148' title='bbox 712 2042 939 2096; x_wconf 87' lang='lat' dir='ltr'><strong>alitibus</strong></span> <span class='ocrx_word' id='word_1_149' title='bbox 971 2044 1227 2098; x_wconf 87' lang='lat' dir='ltr'><strong>daturum</strong></span> <span class='ocrx_word' id='word_1_150' title='bbox 1276 2045 1559 2109; x_wconf 89' lang='lat' dir='ltr'><strong>minitans,</strong></span> <span class='ocrx_word' id='word_1_151' title='bbox 1597 2057 1789 2101; x_wconf 81' lang='lat' dir='ltr'><strong>contra</strong></span> <span class='ocrx_word' id='word_1_152' title='bbox 1827 2048 2083 2104; x_wconf 87' lang='lat' dir='ltr'><strong>Davidem</strong></span> 
     </span>
    </p>
   </div>
   <div class='ocr_carea' id='block_1_23' title="bbox 501 2129 2082 2209">
    <p class='ocr_par' dir='ltr' id='par_1_23' title="bbox 501 2129 2082 2209">
     <span class='ocr_line' id='line_1_23' title="bbox 501 2129 2082 2209; baseline 0.009 -29"><span class='ocrx_word' id='word_1_153' title='bbox 501 2129 612 2181; x_wconf 89' lang='lat' dir='ltr'><strong>ruit</strong></span> <span class='ocrx_word' id='word_1_154' title='bbox 647 2148 659 2183; x_wconf 90' lang='lat'>:</span> <span class='ocrx_word' id='word_1_155' title='bbox 698 2134 791 2199; x_wconf 88' lang='lat' dir='ltr'><strong>qui</strong></span> <span class='ocrx_word' id='word_1_156' title='bbox 831 2143 886 2186; x_wconf 93' lang='lat' dir='ltr'><strong>et</strong></span> <span class='ocrx_word' id='word_1_157' title='bbox 918 2134 1033 2201; x_wconf 89' lang='lat' dir='ltr'><strong>ipse</strong></span> <span class='ocrx_word' id='word_1_158' title='bbox 1065 2135 1319 2189; x_wconf 85' lang='lat' dir='ltr'><strong>celeriter</strong></span> <span class='ocrx_word' id='word_1_159' title='bbox 1356 2136 1538 2204; x_wconf 82' lang='lat' dir='ltr'><strong>lapide</strong></span> <span class='ocrx_word' id='word_1_160' title='bbox 1584 2136 1767 2192; x_wconf 75' lang='lat' dir='ltr'><strong>funda:</strong></span> <span class='ocrx_word' id='word_1_161' title='bbox 1799 2138 2082 2209; x_wconf 88' lang='lat' dir='ltr'><strong>imposito,</strong></span> 
     </span>
    </p>
   </div>
   <div class='ocr_carea' id='block_1_24' title="bbox 500 2223 2083 2294">
    <p class='ocr_par' dir='ltr' id='par_1_24' title="bbox 500 2223 2083 2294">
     <span class='ocr_line' id='line_1_24' title="bbox 500 2223 2083 2294; baseline 0.007 -20"><span class='ocrx_word' id='word_1_162' title='bbox 500 2223 735 2275; x_wconf 87' lang='lat' dir='ltr'><strong>frontem</strong></span> <span class='ocrx_word' id='word_1_163' title='bbox 792 2225 969 2279; x_wconf 85' lang='lat' dir='ltr'><strong>hostis</strong></span> <span class='ocrx_word' id='word_1_164' title='bbox 1016 2227 1128 2280; x_wconf 91' lang='lat' dir='ltr'><strong>ictu</strong></span> <span class='ocrx_word' id='word_1_165' title='bbox 1171 2227 1311 2281; x_wconf 83' lang='lat' dir='ltr'><strong>adeo</strong></span> <span class='ocrx_word' id='word_1_166' title='bbox 1368 2229 1682 2283; x_wconf 88' lang='lat' dir='ltr'><strong>vehementi</strong></span> <span class='ocrx_word' id='word_1_167' title='bbox 1726 2229 1875 2294; x_wconf 88' lang='lat' dir='ltr'><strong>ferit,</strong></span> <span class='ocrx_word' id='word_1_168' title='bbox 1930 2241 1990 2284; x_wconf 90' lang='lat' dir='ltr'><strong>ut</strong></span> <span class='ocrx_word' id='word_1_169' title='bbox 2036 2232 2083 2285; x_wconf 88' lang='lat' dir='ltr'><strong>is</strong></span> 
     </span>
    </p>
   </div>
   <div class='ocr_carea' id='block_1_25' title="bbox 498 2315 2080 2387">
    <p class='ocr_par' dir='ltr' id='par_1_25' title="bbox 498 2315 2080 2387">
     <span class='ocr_line' id='line_1_25' title="bbox 498 2315 2080 2387; baseline 0.009 -24"><span class='ocrx_word' id='word_1_170' title='bbox 498 2330 706 2382; x_wconf 88' lang='lat' dir='ltr'><strong>pronus</strong></span> <span class='ocrx_word' id='word_1_171' title='bbox 752 2315 806 2368; x_wconf 92' lang='lat' dir='ltr'><strong>in</strong></span> <span class='ocrx_word' id='word_1_172' title='bbox 841 2318 1036 2371; x_wconf 85' lang='lat' dir='ltr'><strong>faciem</strong></span> <span class='ocrx_word' id='word_1_173' title='bbox 1073 2330 1381 2376; x_wconf 90' lang='lat' dir='ltr'><strong>corrueret.</strong></span> <span class='ocrx_word' id='word_1_174' title='bbox 1419 2321 1587 2374; x_wconf 77' lang='lat' dir='ltr'><strong>David</strong></span> <span class='ocrx_word' id='word_1_175' title='bbox 1623 2322 1888 2387; x_wconf 86' lang='lat' dir='ltr'><strong>accurrit,</strong></span> <span class='ocrx_word' id='word_1_176' title='bbox 1941 2324 2080 2378; x_wconf 91' lang='lat' dir='ltr'><strong>edu-</strong></span> 
     </span>
    </p>
   </div>
   <div class='ocr_carea' id='block_1_26' title="bbox 497 2409 2078 2485">
    <p class='ocr_par' dir='ltr' id='par_1_26' title="bbox 497 2409 2078 2485">
     <span class='ocr_line' id='line_1_26' title="bbox 497 2409 2078 2485; baseline 0.006 -26"><span class='ocrx_word' id='word_1_177' title='bbox 497 2417 694 2477; x_wconf 85' lang='lat' dir='ltr'><strong>ctoque</strong></span> <span class='ocrx_word' id='word_1_178' title='bbox 729 2409 896 2463; x_wconf 70' lang='lat' dir='ltr'><strong>Goliae</strong></span> <span class='ocrx_word' id='word_1_179' title='bbox 938 2411 1139 2481; x_wconf 88' lang='lat' dir='ltr'><strong>gladio,</strong></span> <span class='ocrx_word' id='word_1_180' title='bbox 1180 2423 1347 2482; x_wconf 86' lang='lat' dir='ltr'><strong>caput</strong></span> <span class='ocrx_word' id='word_1_181' title='bbox 1385 2413 1462 2467; x_wconf 88' lang='lat' dir='ltr'><strong>illi</strong></span> <span class='ocrx_word' id='word_1_182' title='bbox 1503 2414 1769 2483; x_wconf 66' lang='lat' dir='ltr'><strong>praecidit,</strong></span> <span class='ocrx_word' id='word_1_183' title='bbox 1807 2424 1864 2469; x_wconf 92' lang='lat' dir='ltr'><strong>et</strong></span> <span class='ocrx_word' id='word_1_184' title='bbox 1906 2416 2078 2485; x_wconf 88' lang='lat' dir='ltr'><strong>spolia</strong></span> 
     </span>
    </p>
   </div>
   <div class='ocr_carea' id='block_1_27' title="bbox 497 2498 2078 2571">
    <p class='ocr_par' dir='ltr' id='par_1_27' title="bbox 497 2498 2078 2571">
     <span class='ocr_line' id='line_1_27' title="bbox 497 2498 2078 2571; baseline 0.005 -23"><span class='ocrx_word' id='word_1_185' title='bbox 497 2498 617 2567; x_wconf 79' lang='lat' dir='ltr'><strong>ejus</strong></span> <span class='ocrx_word' id='word_1_186' title='bbox 652 2498 805 2569; x_wconf 85' lang='lat' dir='ltr'><strong>legit.</strong></span> <span class='ocrx_word' id='word_1_187' title='bbox 842 2500 918 2552; x_wconf 84' lang='lat' dir='ltr'><strong>Ea</strong></span> <span class='ocrx_word' id='word_1_188' title='bbox 953 2517 1009 2555; x_wconf 90' lang='lat' dir='ltr'><strong>re</strong></span> <span class='ocrx_word' id='word_1_189' title='bbox 1041 2502 1366 2571; x_wconf 75' lang='lat' dir='ltr'><strong>alienigena:</strong></span> <span class='ocrx_word' id='word_1_190' title='bbox 1404 2502 1606 2567; x_wconf 88' lang='lat' dir='ltr'><strong>territi,</strong></span> <span class='ocrx_word' id='word_1_191' title='bbox 1641 2503 1698 2556; x_wconf 90' lang='lat' dir='ltr'><strong>in</strong></span> <span class='ocrx_word' id='word_1_192' title='bbox 1738 2502 1921 2571; x_wconf 88' lang='lat' dir='ltr'><strong>fugam</strong></span> <span class='ocrx_word' id='word_1_193' title='bbox 1952 2518 2078 2556; x_wconf 88' lang='lat' dir='ltr'><strong>ver-</strong></span> 
     </span>
    </p>
   </div>
   <div class='ocr_carea' id='block_1_28' title="bbox 498 2590 2075 2664">
    <p class='ocr_par' dir='ltr' id='par_1_28' title="bbox 498 2590 2075 2664">
     <span class='ocr_line' id='line_1_28' title="bbox 498 2590 2075 2664; baseline 0.005 -24"><span class='ocrx_word' id='word_1_194' title='bbox 498 2599 711 2644; x_wconf 89' lang='lat' dir='ltr'><strong>tuntur.</strong></span> <span class='ocrx_word' id='word_1_195' title='bbox 782 2590 911 2644; x_wconf 91' lang='lat' dir='ltr'><strong>Saul</strong></span> <span class='ocrx_word' id='word_1_196' title='bbox 975 2594 1223 2648; x_wconf 88' lang='lat' dir='ltr'><strong>immisso</strong></span> <span class='ocrx_word' id='word_1_197' title='bbox 1278 2593 1617 2664; x_wconf 78' lang='lat' dir='ltr'><strong>fugientibus</strong></span> <span class='ocrx_word' id='word_1_198' title='bbox 1666 2593 1913 2647; x_wconf 78' lang='lat' dir='ltr'><strong>exercitu</strong></span> <span class='ocrx_word' id='word_1_199' title='bbox 1953 2608 2075 2657; x_wconf 87' lang='lat' dir='ltr'><strong>suo,</strong></span> 
     </span>
    </p>
   </div>
   <div class='ocr_carea' id='block_1_29' title="bbox 499 2685 2077 2756">
    <p class='ocr_par' dir='ltr' id='par_1_29' title="bbox 499 2685 2077 2756">
     <span class='ocr_line' id='line_1_29' title="bbox 499 2685 2077 2756; baseline 0.003 -23"><span class='ocrx_word' id='word_1_200' title='bbox 499 2696 749 2750; x_wconf 85' lang='lat' dir='ltr'><strong>magnam</strong></span> <span class='ocrx_word' id='word_1_201' title='bbox 792 2685 1009 2738; x_wconf 87' lang='lat' dir='ltr'><strong>turbam</strong></span> <span class='ocrx_word' id='word_1_202' title='bbox 1062 2686 1287 2749; x_wconf 89' lang='lat' dir='ltr'><strong>occidit,</strong></span> <span class='ocrx_word' id='word_1_203' title='bbox 1338 2686 1525 2756; x_wconf 88' lang='lat' dir='ltr'><strong>plures</strong></span> <span class='ocrx_word' id='word_1_204' title='bbox 1580 2686 1854 2751; x_wconf 86' lang='lat' dir='ltr'><strong>vulnerat,</strong></span> <span class='ocrx_word' id='word_1_205' title='bbox 1900 2694 2077 2741; x_wconf 87' lang='lat' dir='ltr'><strong>castra</strong></span> 
     </span>
    </p>
   </div>
   <div class='ocr_carea' id='block_1_30' title="bbox 496 2774 2077 2850">
    <p class='ocr_par' dir='ltr' id='par_1_30' title="bbox 496 2774 2077 2850">
     <span class='ocr_line' id='line_1_30' title="bbox 496 2774 2077 2850; baseline 0.007 -27"><span class='ocrx_word' id='word_1_206' title='bbox 496 2774 710 2841; x_wconf 82' lang='lat' dir='ltr'><strong>diripit.</strong></span> <span class='ocrx_word' id='word_1_207' title='bbox 769 2776 933 2831; x_wconf 84' lang='lat' dir='ltr'><strong>David</strong></span> <span class='ocrx_word' id='word_1_208' title='bbox 972 2778 1142 2833; x_wconf 75' lang='lat' dir='ltr'><strong>Goli;e</strong></span> <span class='ocrx_word' id='word_1_209' title='bbox 1192 2788 1358 2849; x_wconf 85' lang='lat' dir='ltr'><strong>caput</strong></span> <span class='ocrx_word' id='word_1_210' title='bbox 1413 2779 1561 2834; x_wconf 84' lang='lat' dir='ltr'><strong>Sauli</strong></span> <span class='ocrx_word' id='word_1_211' title='bbox 1611 2782 1796 2845; x_wconf 77' lang='lat' dir='ltr'><strong>offert,</strong></span> <span class='ocrx_word' id='word_1_212' title='bbox 1839 2779 2077 2850; x_wconf 83' lang='lat' dir='ltr'><strong>gladium</strong></span> 
     </span>
    </p>
   </div>
   <div class='ocr_carea' id='block_1_31' title="bbox 498 2866 1207 2924">
    <p class='ocr_par' dir='ltr' id='par_1_31' title="bbox 498 2866 1207 2924">
     <span class='ocr_line' id='line_1_31' title="bbox 498 2866 1207 2924; baseline 0.014 -6"><span class='ocrx_word' id='word_1_213' title='bbox 498 2866 609 2919; x_wconf 88' lang='lat' dir='ltr'><strong>Deo</strong></span> <span class='ocrx_word' id='word_1_214' title='bbox 637 2882 942 2924; x_wconf 83' lang='lat' dir='ltr'><strong>consecrat.</strong></span> <span class='ocrx_word' id='word_1_215' title='bbox 1204 2888 1207 2889; x_wconf 71' lang='lat'><strong><em>&#39;</em></strong></span> 
     </span>
    </p>
   </div>
   <div class='ocr_carea' id='block_1_32' title="bbox 2200 575 3751 653">
    <p class='ocr_par' dir='ltr' id='par_1_32' title="bbox 2200 575 3751 653">
     <span class='ocr_line' id='line_1_32' title="bbox 2200 575 3751 653; baseline 0.005 -23"><span class='ocrx_word' id='word_1_216' title='bbox 2200 576 2399 631; x_wconf 77' lang='grc' dir='ltr'>Ἰεσσαὶ</span> <span class='ocrx_word' id='word_1_217' title='bbox 2447 575 2891 644; x_wconf 72' lang='grc' dir='ltr'>ἀναπέμψαντος,</span> <span class='ocrx_word' id='word_1_218' title='bbox 2942 577 2970 629; x_wconf 86' lang='grc' dir='ltr'><strong><em>ὁ</em></strong></span> <span class='ocrx_word' id='word_1_219' title='bbox 3017 577 3201 647; x_wconf 79' lang='grc' dir='ltr'>πατὴρ</span> <span class='ocrx_word' id='word_1_220' title='bbox 3248 577 3413 633; x_wconf 82' lang='grc' dir='ltr'>αὐτὸν</span> <span class='ocrx_word' id='word_1_221' title='bbox 3474 578 3751 653; x_wconf 77' lang='grc' dir='ltr'>ἐσταλκεν,</span> 
     </span>
    </p>
   </div>
   <div class='ocr_carea' id='block_1_33' title="bbox 2185 664 3755 735">
    <p class='ocr_par' dir='ltr' id='par_1_33' title="bbox 2185 664 3755 735">
     <span class='ocr_line' id='line_1_33' title="bbox 2185 664 3755 735; baseline 0.006 -18"><span class='ocrx_word' id='word_1_222' title='bbox 2185 667 2265 728; x_wconf 73' lang='grc' dir='ltr'><strong>εἰς</strong></span> <span class='ocrx_word' id='word_1_223' title='bbox 2302 666 2364 719; x_wconf 77' lang='grc' dir='ltr'><strong>τὸ</strong></span> <span class='ocrx_word' id='word_1_224' title='bbox 2404 664 2788 735; x_wconf 86' lang='grc' dir='ltr'>στρατόπεδον,</span> <span class='ocrx_word' id='word_1_225' title='bbox 2824 666 2934 727; x_wconf 87' lang='grc' dir='ltr'>τοῖς</span> <span class='ocrx_word' id='word_1_226' title='bbox 2976 667 3431 735; x_wconf 76' lang='grc' dir='ltr'><strong>στρατευομένοις</strong></span> <span class='ocrx_word' id='word_1_227' title='bbox 3461 668 3568 722; x_wconf 86' lang='grc' dir='ltr'><strong>τῶν</strong></span> <span class='ocrx_word' id='word_1_228' title='bbox 3611 671 3755 726; x_wconf 81' lang='grc' dir='ltr'>ἁδελ-</span> 
     </span>
    </p>
   </div>
   <div class='ocr_carea' id='block_1_34' title="bbox 2188 755 3752 832">
    <p class='ocr_par' dir='ltr' id='par_1_34' title="bbox 2188 755 3752 832">
     <span class='ocr_line' id='line_1_34' title="bbox 2188 755 3752 832; baseline 0.003 -21"><span class='ocrx_word' id='word_1_229' title='bbox 2188 759 2303 828; x_wconf 87' lang='grc' dir='ltr'>φῶν</span> <span class='ocrx_word' id='word_1_230' title='bbox 2352 756 2651 827; x_wconf 83' lang='grc' dir='ltr'>κομιοῦντα</span> <span class='ocrx_word' id='word_1_231' title='bbox 2697 759 2769 808; x_wconf 82' lang='grc' dir='ltr'>τὰ</span> <span class='ocrx_word' id='word_1_232' title='bbox 2824 755 3127 826; x_wconf 69' lang='grc' dir='ltr'>ἐπιτήδεια.</span> <span class='ocrx_word' id='word_1_233' title='bbox 3182 758 3344 827; x_wconf 82' lang='grc' dir='ltr'>Τρεῖς</span> <span class='ocrx_word' id='word_1_234' title='bbox 3379 759 3489 827; x_wconf 82' lang='grc' dir='ltr'>γὰρ</span> <span class='ocrx_word' id='word_1_235' title='bbox 3518 755 3657 832; x_wconf 79' lang='grc' dir='ltr'>ἦσαν</span> <span class='ocrx_word' id='word_1_236' title='bbox 3705 768 3752 819; x_wconf 75' lang='grc' dir='ltr'><strong>οἱ</strong></span> 
     </span>
    </p>
   </div>
   <div class='ocr_carea' id='block_1_35' title="bbox 2188 845 3753 917">
    <p class='ocr_par' dir='ltr' id='par_1_35' title="bbox 2188 845 3753 917">
     <span class='ocr_line' id='line_1_35' title="bbox 2188 845 3753 917; baseline 0.007 -18"><span class='ocrx_word' id='word_1_237' title='bbox 2188 848 2549 917; x_wconf 87' lang='grc' dir='ltr'>πρεσϐύτεροι</span> <span class='ocrx_word' id='word_1_238' title='bbox 2574 846 2652 917; x_wconf 84' lang='grc' dir='ltr'>τῷ</span> <span class='ocrx_word' id='word_1_239' title='bbox 2678 845 2851 900; x_wconf 77' lang='grc' dir='ltr'>Σαοὺλ</span> <span class='ocrx_word' id='word_1_240' title='bbox 2879 849 3256 917; x_wconf 78' lang='grc' dir='ltr'>συνεπόμενοι.</span> <span class='ocrx_word' id='word_1_241' title='bbox 3287 850 3566 916; x_wconf 87' lang='grc' dir='ltr'>Ἐλθόντος</span> <span class='ocrx_word' id='word_1_242' title='bbox 3587 855 3644 908; x_wconf 85' lang='grc' dir='ltr'>δὲ</span> <span class='ocrx_word' id='word_1_243' title='bbox 3665 856 3753 910; x_wconf 81' lang='grc' dir='ltr'><strong>τοῦ</strong></span> 
     </span>
    </p>
   </div>
   <div class='ocr_carea' id='block_1_36' title="bbox 2188 939 3754 1018">
    <p class='ocr_par' dir='ltr' id='par_1_36' title="bbox 2188 939 3754 1018">
     <span class='ocr_line' id='line_1_36' title="bbox 2188 939 3754 1018; baseline 0.007 -25"><span class='ocrx_word' id='word_1_244' title='bbox 2188 939 2352 993; x_wconf 80' lang='grc' dir='ltr'>Δαϐὶδ</span> <span class='ocrx_word' id='word_1_245' title='bbox 2405 943 2538 1010; x_wconf 74' lang='grc' dir='ltr'>πρὸς</span> <span class='ocrx_word' id='word_1_246' title='bbox 2589 940 2715 1002; x_wconf 78' lang='grc' dir='ltr'>τοὺς</span> <span class='ocrx_word' id='word_1_247' title='bbox 2772 941 3059 1008; x_wconf 80' lang='grc' dir='ltr'>ἀδελφοὺς,</span> <span class='ocrx_word' id='word_1_248' title='bbox 3115 943 3144 994; x_wconf 84' lang='grc' dir='ltr'>ὁ</span> <span class='ocrx_word' id='word_1_249' title='bbox 3193 942 3488 1014; x_wconf 82' lang='grc' dir='ltr'>ἀλλόφυλος</span> <span class='ocrx_word' id='word_1_250' title='bbox 3545 946 3754 1018; x_wconf 86' lang='grc' dir='ltr'>Γολιάθ,</span> 
     </span>
    </p>
   </div>
   <div class='ocr_carea' id='block_1_37' title="bbox 2188 1034 3753 1109">
    <p class='ocr_par' dir='ltr' id='par_1_37' title="bbox 2188 1034 3753 1109">
     <span class='ocr_line' id='line_1_37' title="bbox 2188 1034 3753 1109; baseline 0.005 -21"><span class='ocrx_word' id='word_1_251' title='bbox 2188 1035 2371 1095; x_wconf 83' lang='grc' dir='ltr'>πάλιν,</span> <span class='ocrx_word' id='word_1_252' title='bbox 2399 1034 2473 1096; x_wconf 81' lang='grc' dir='ltr'>ὡς</span> <span class='ocrx_word' id='word_1_253' title='bbox 2505 1034 2624 1097; x_wconf 75' lang='grc' dir='ltr'>ἔθος</span> <span class='ocrx_word' id='word_1_254' title='bbox 2671 1034 2840 1102; x_wconf 81' lang='grc' dir='ltr'>αύτῷ,</span> <span class='ocrx_word' id='word_1_255' title='bbox 2883 1038 2963 1098; x_wconf 85' lang='grc' dir='ltr'><strong>είς</strong></span> <span class='ocrx_word' id='word_1_256' title='bbox 3003 1036 3339 1106; x_wconf 81' lang='grc' dir='ltr'><strong>μονομαχίαν</strong></span> <span class='ocrx_word' id='word_1_257' title='bbox 3376 1039 3753 1109; x_wconf 79' lang='grc' dir='ltr'>προύκαλεῖτο,</span> 
     </span>
    </p>
   </div>
   <div class='ocr_carea' id='block_1_38' title="bbox 2187 1124 3756 1201">
    <p class='ocr_par' dir='ltr' id='par_1_38' title="bbox 2187 1124 3756 1201">
     <span class='ocr_line' id='line_1_38' title="bbox 2187 1124 3756 1201; baseline 0.001 -24"><span class='ocrx_word' id='word_1_258' title='bbox 2187 1125 2281 1180; x_wconf 71' lang='grc' dir='ltr'><strong>καὶ</strong></span> <span class='ocrx_word' id='word_1_259' title='bbox 2315 1125 2440 1184; x_wconf 66' lang='grc' dir='ltr'>τοὺς</span> <span class='ocrx_word' id='word_1_260' title='bbox 2482 1124 2764 1195; x_wconf 78' lang='grc' dir='ltr'>Ἐϐραίους</span> <span class='ocrx_word' id='word_1_261' title='bbox 2789 1125 3085 1190; x_wconf 76' lang='grc' dir='ltr'>ὠνείδιζεν.</span> <span class='ocrx_word' id='word_1_262' title='bbox 3110 1128 3191 1181; x_wconf 84' lang='grc' dir='ltr'>ὅτι</span> <span class='ocrx_word' id='word_1_263' title='bbox 3226 1128 3598 1201; x_wconf 63' lang='grc' dir='ltr'>μηδεὶς⁹αύτῷ</span> <span class='ocrx_word' id='word_1_264' title='bbox 3623 1148 3756 1201; x_wconf 81' lang='grc' dir='ltr'>συμ.</span> 
     </span>
    </p>
   </div>
   <div class='ocr_carea' id='block_1_39' title="bbox 2190 1217 3753 1288">
    <p class='ocr_par' dir='ltr' id='par_1_39' title="bbox 2190 1217 3753 1288">
     <span class='ocr_line' id='line_1_39' title="bbox 2190 1217 3753 1288; baseline 0.006 -21"><span class='ocrx_word' id='word_1_265' title='bbox 2190 1217 2341 1286; x_wconf 57' lang='lat' dir='ltr'><strong>paea;</strong></span> <span class='ocrx_word' id='word_1_266' title='bbox 2368 1217 2580 1288; x_wconf 64' lang='grc' dir='ltr'>θαρρεῖ.</span> <span class='ocrx_word' id='word_1_267' title='bbox 2631 1218 2894 1280; x_wconf 80' lang='grc' dir='ltr'>Ἀκούσας</span> <span class='ocrx_word' id='word_1_268' title='bbox 2932 1218 2990 1270; x_wconf 86' lang='grc' dir='ltr'><strong>δὲ</strong></span> <span class='ocrx_word' id='word_1_269' title='bbox 3014 1219 3123 1271; x_wconf 82' lang='grc' dir='ltr'><strong>τῶν</strong></span> <span class='ocrx_word' id='word_1_270' title='bbox 3154 1218 3329 1286; x_wconf 83' lang='grc' dir='ltr'>λόγων</span> <span class='ocrx_word' id='word_1_271' title='bbox 3352 1220 3556 1274; x_wconf 85' lang='grc' dir='ltr'>τούτων</span> <span class='ocrx_word' id='word_1_272' title='bbox 3575 1223 3753 1288; x_wconf 82' lang='grc' dir='ltr'>Δαϐὶδ,</span> 
     </span>
    </p>
   </div>
   <div class='ocr_carea' id='block_1_40' title="bbox 2187 1304 3757 1383">
    <p class='ocr_par' dir='ltr' id='par_1_40' title="bbox 2187 1304 3757 1383">
     <span class='ocr_line' id='line_1_40' title="bbox 2187 1304 3757 1383; baseline 0.005 -22"><span class='ocrx_word' id='word_1_273' title='bbox 2187 1309 2559 1377; x_wconf 79' lang='grc' dir='ltr'>ἠγανάκτησε,</span> <span class='ocrx_word' id='word_1_274' title='bbox 2595 1310 2687 1361; x_wconf 73' lang='grc' dir='ltr'><strong>καὶ</strong></span> <span class='ocrx_word' id='word_1_275' title='bbox 2739 1304 2861 1361; x_wconf 76' lang='grc' dir='ltr'>εἷπε</span> <span class='ocrx_word' id='word_1_276' title='bbox 2910 1310 3048 1380; x_wconf 85' lang='grc' dir='ltr'>πρὸς</span> <span class='ocrx_word' id='word_1_277' title='bbox 3092 1310 3217 1373; x_wconf 82' lang='grc' dir='ltr'>τοὺς</span> <span class='ocrx_word' id='word_1_278' title='bbox 3253 1312 3525 1379; x_wconf 72' lang='grc' dir='ltr'>παρόντας</span> <span class='ocrx_word' id='word_1_279' title='bbox 3553 1329 3568 1344; x_wconf 77' lang='grc'><strong><em>⁸</em></strong></span> <span class='ocrx_word' id='word_1_280' title='bbox 3621 1311 3757 1383; x_wconf 83' lang='grc' dir='ltr'><strong>Ἐγὼ</strong></span> 
     </span>
    </p>
   </div>
   <div class='ocr_carea' id='block_1_41' title="bbox 2190 1400 3752 1473">
    <p class='ocr_par' dir='ltr' id='par_1_41' title="bbox 2190 1400 3752 1473">
     <span class='ocr_line' id='line_1_41' title="bbox 2190 1400 3752 1473; baseline 0.004 -19"><span class='ocrx_word' id='word_1_281' title='bbox 2190 1401 2559 1472; x_wconf 85' lang='grc' dir='ltr'>μονομαχήσω</span> <span class='ocrx_word' id='word_1_282' title='bbox 2638 1400 2809 1469; x_wconf 83' lang='grc' dir='ltr'>αὐτῷ.</span> <span class='ocrx_word' id='word_1_283' title='bbox 2895 1402 3199 1471; x_wconf 66' lang='grc' dir='ltr'><strong>Ἀνηγγέλη</strong></span> <span class='ocrx_word' id='word_1_284' title='bbox 3232 1403 3389 1456; x_wconf 85' lang='grc' dir='ltr'>τοῦτο</span> <span class='ocrx_word' id='word_1_285' title='bbox 3415 1403 3494 1473; x_wconf 84' lang='grc' dir='ltr'>τῷ</span> <span class='ocrx_word' id='word_1_286' title='bbox 3526 1402 3752 1473; x_wconf 79' lang='grc' dir='ltr'>βασιλεῖ.</span> 
     </span>
    </p>
   </div>
   <div class='ocr_carea' id='block_1_42' title="bbox 2198 1491 3755 1564">
    <p class='ocr_par' dir='ltr' id='par_1_42' title="bbox 2198 1491 3755 1564">
     <span class='ocr_line' id='line_1_42' title="bbox 2198 1491 3755 1564; baseline 0.004 -20"><span class='ocrx_word' id='word_1_287' title='bbox 2198 1491 2256 1544; x_wconf 84' lang='lat'><strong>&#39;0</strong></span> <span class='ocrx_word' id='word_1_288' title='bbox 2331 1491 2388 1543; x_wconf 81' lang='grc' dir='ltr'>δὲ</span> <span class='ocrx_word' id='word_1_289' title='bbox 2450 1492 2791 1561; x_wconf 85' lang='grc' dir='ltr'>παραστάντι</span> <span class='ocrx_word' id='word_1_290' title='bbox 2857 1491 3006 1559; x_wconf 75' lang='grc' dir='ltr'>αύτῷ</span> <span class='ocrx_word' id='word_1_291' title='bbox 3071 1492 3182 1561; x_wconf 70' lang='grc'><strong>(49)</strong></span> <span class='ocrx_word' id='word_1_292' title='bbox 3250 1493 3328 1564; x_wconf 80' lang='grc' dir='ltr'>τῷ</span> <span class='ocrx_word' id='word_1_293' title='bbox 3404 1493 3600 1558; x_wconf 80' lang='grc' dir='ltr'>Δαϐὶδ,</span> <span class='ocrx_word' id='word_1_294' title='bbox 3676 1498 3755 1550; x_wconf 72' lang='grc' dir='ltr'><strong>Οὐ</strong></span> 
     </span>
    </p>
   </div>
   <div class='ocr_carea' id='block_1_43' title="bbox 2186 1583 3759 1654">
    <p class='ocr_par' dir='ltr' id='par_1_43' title="bbox 2186 1583 3759 1654">
     <span class='ocr_line' id='line_1_43' title="bbox 2186 1583 3759 1654; baseline 0.003 -17"><span class='ocrx_word' id='word_1_295' title='bbox 2186 1584 2461 1650; x_wconf 78' lang='grc' dir='ltr'>δυνήσει,</span> <span class='ocrx_word' id='word_1_296' title='bbox 2513 1584 2638 1654; x_wconf 75' lang='grc' dir='ltr'>ἔφη,</span> <span class='ocrx_word' id='word_1_297' title='bbox 2674 1585 2773 1640; x_wconf 78' lang='grc' dir='ltr'>διὰ</span> <span class='ocrx_word' id='word_1_298' title='bbox 2808 1585 3013 1654; x_wconf 74' lang='grc' dir='ltr'>μάχης</span> <span class='ocrx_word' id='word_1_299' title='bbox 3042 1583 3315 1654; x_wconf 76' lang='grc' dir='ltr'>χωρῆσαι</span> <span class='ocrx_word' id='word_1_300' title='bbox 3360 1584 3511 1654; x_wconf 76' lang='grc' dir='ltr'>πρὸς</span> <span class='ocrx_word' id='word_1_301' title='bbox 3552 1586 3759 1642; x_wconf 77' lang='grc' dir='ltr'>τοῦτον</span> 
     </span>
    </p>
   </div>
   <div class='ocr_carea' id='block_1_44' title="bbox 2187 1677 3759 1748">
    <p class='ocr_par' dir='ltr' id='par_1_44' title="bbox 2187 1677 3759 1748">
     <span class='ocr_line' id='line_1_44' title="bbox 2187 1677 3759 1748; baseline 0.001 -17"><span class='ocrx_word' id='word_1_302' title='bbox 2187 1677 2293 1731; x_wconf 77' lang='grc' dir='ltr'>τὸν</span> <span class='ocrx_word' id='word_1_303' title='bbox 2348 1677 2754 1747; x_wconf 78' lang='grc' dir='ltr'>ἀπερίτμητον</span> <span class='ocrx_word' id='word_1_304' title='bbox 2782 1693 2797 1711; x_wconf 78' lang='grc' dir='ltr'><strong>ο</strong></span> <span class='ocrx_word' id='word_1_305' title='bbox 2845 1678 2987 1744; x_wconf 81' lang='grc' dir='ltr'>παῖς</span> <span class='ocrx_word' id='word_1_306' title='bbox 3010 1678 3122 1748; x_wconf 75' lang='grc' dir='ltr'>γὰρ</span> <span class='ocrx_word' id='word_1_307' title='bbox 3150 1678 3232 1731; x_wconf 86' lang='grc' dir='ltr'>σὺ</span> <span class='ocrx_word' id='word_1_308' title='bbox 3259 1678 3367 1731; x_wconf 76' lang='grc' dir='ltr'>ἔτι.</span> <span class='ocrx_word' id='word_1_309' title='bbox 3404 1679 3512 1732; x_wconf 88' lang='lat' dir='ltr'><strong>Kal</strong></span> <span class='ocrx_word' id='word_1_310' title='bbox 3543 1682 3572 1732; x_wconf 82' lang='grc' dir='ltr'>ὁ</span> <span class='ocrx_word' id='word_1_311' title='bbox 3602 1679 3759 1733; x_wconf 82' lang='grc' dir='ltr'>Δαϐὶδ</span> 
     </span>
    </p>
   </div>
   <div class='ocr_carea' id='block_1_45' title="bbox 2188 1767 3756 1842">
    <p class='ocr_par' dir='ltr' id='par_1_45' title="bbox 2188 1767 3756 1842">
     <span class='ocr_line' id='line_1_45' title="bbox 2188 1767 3756 1842; baseline 0.003 -22"><span class='ocrx_word' id='word_1_312' title='bbox 2188 1768 2409 1839; x_wconf 69' lang='grc' dir='ltr'>θαρρεῖν</span> <span class='ocrx_word' id='word_1_313' title='bbox 2436 1770 2621 1835; x_wconf 77' lang='grc' dir='ltr'>ἔλεγεν</span> <span class='ocrx_word' id='word_1_314' title='bbox 2655 1771 2749 1821; x_wconf 72' lang='grc' dir='ltr'><strong>ἐπὶ</strong></span> <span class='ocrx_word' id='word_1_315' title='bbox 2775 1767 2850 1837; x_wconf 76' lang='grc' dir='ltr'>τῷ</span> <span class='ocrx_word' id='word_1_316' title='bbox 2892 1767 3011 1838; x_wconf 81' lang='grc' dir='ltr'><strong>Θεῷ</strong></span> <span class='ocrx_word' id='word_1_317' title='bbox 3050 1767 3107 1831; x_wconf 80' lang='grc' dir='ltr'>ὃς</span> <span class='ocrx_word' id='word_1_318' title='bbox 3151 1769 3310 1822; x_wconf 73' lang='grc' dir='ltr'>αὑτὸν</span> <span class='ocrx_word' id='word_1_319' title='bbox 3339 1770 3481 1823; x_wconf 74' lang='grc' dir='ltr'><strong>κατᾶ</strong></span> <span class='ocrx_word' id='word_1_320' title='bbox 3516 1770 3617 1839; x_wconf 84' lang='grc' dir='ltr'>τῆς</span> <span class='ocrx_word' id='word_1_321' title='bbox 3662 1771 3756 1842; x_wconf 79' lang='grc' dir='ltr'><strong>ἄρ-</strong></span> 
     </span>
    </p>
   </div>
   <div class='ocr_carea' id='block_1_46' title="bbox 2185 1859 3753 1931">
    <p class='ocr_par' dir='ltr' id='par_1_46' title="bbox 2185 1859 3753 1931">
     <span class='ocr_line' id='line_1_46' title="bbox 2185 1859 3753 1931; baseline -0.001 -16"><span class='ocrx_word' id='word_1_322' title='bbox 2185 1879 2315 1915; x_wconf 92' lang='grc' dir='ltr'>κτου</span> <span class='ocrx_word' id='word_1_323' title='bbox 2362 1861 2634 1931; x_wconf 71' lang='grc' dir='ltr'>ἐνίσχυσε,</span> <span class='ocrx_word' id='word_1_324' title='bbox 2681 1865 2775 1914; x_wconf 79' lang='grc' dir='ltr'><strong>καὶ</strong></span> <span class='ocrx_word' id='word_1_325' title='bbox 2803 1862 2943 1924; x_wconf 75' lang='grc' dir='ltr'>κατὰ</span> <span class='ocrx_word' id='word_1_326' title='bbox 2975 1859 3068 1912; x_wconf 79' lang='grc' dir='ltr'>τοῦ</span> <span class='ocrx_word' id='word_1_327' title='bbox 3102 1861 3336 1925; x_wconf 80' lang='grc' dir='ltr'>λέοντος,</span> <span class='ocrx_word' id='word_1_328' title='bbox 3374 1861 3753 1930; x_wconf 72' lang='grc' dir='ltr'>ἐπερχομένων</span> 
     </span>
    </p>
   </div>
   <div class='ocr_carea' id='block_1_47' title="bbox 2183 1950 3753 2024">
    <p class='ocr_par' dir='ltr' id='par_1_47' title="bbox 2183 1950 3753 2024">
     <span class='ocr_line' id='line_1_47' title="bbox 2183 1950 3753 2024; baseline 0 -17"><span class='ocrx_word' id='word_1_329' title='bbox 2183 1957 2251 2024; x_wconf 82' lang='grc' dir='ltr'>τῇ</span> <span class='ocrx_word' id='word_1_330' title='bbox 2311 1954 2535 2024; x_wconf 78' lang='grc' dir='ltr'>ποίμνῃ,</span> <span class='ocrx_word' id='word_1_331' title='bbox 2572 1954 2665 2006; x_wconf 80' lang='grc' dir='ltr'><strong>καὶ</strong></span> <span class='ocrx_word' id='word_1_332' title='bbox 2704 1952 2997 2023; x_wconf 81' lang='grc' dir='ltr'>θρέμματα</span> <span class='ocrx_word' id='word_1_333' title='bbox 3031 1953 3410 2023; x_wconf 78' lang='grc' dir='ltr'>ἁρπαζόντων,</span> <span class='ocrx_word' id='word_1_334' title='bbox 3442 1950 3536 2016; x_wconf 87' lang='grc' dir='ltr'>οὒς</span> <span class='ocrx_word' id='word_1_335' title='bbox 3572 1953 3753 2019; x_wconf 81' lang='grc' dir='ltr'><strong>διῶξαι</strong></span> 
     </span>
    </p>
   </div>
   <div class='ocr_carea' id='block_1_48' title="bbox 2184 2042 3753 2117">
    <p class='ocr_par' dir='ltr' id='par_1_48' title="bbox 2184 2042 3753 2117">
     <span class='ocr_line' id='line_1_48' title="bbox 2184 2042 3753 2117; baseline 0.001 -19"><span class='ocrx_word' id='word_1_336' title='bbox 2184 2042 2327 2107; x_wconf 71' lang='grc' dir='ltr'>εἷπε,</span> <span class='ocrx_word' id='word_1_337' title='bbox 2361 2047 2452 2098; x_wconf 77' lang='grc' dir='ltr'><strong>καὶ</strong></span> <span class='ocrx_word' id='word_1_338' title='bbox 2479 2045 2548 2098; x_wconf 77' lang='grc' dir='ltr'>τὰ</span> <span class='ocrx_word' id='word_1_339' title='bbox 2585 2046 2682 2116; x_wconf 77' lang='grc' dir='ltr'>μὲν</span> <span class='ocrx_word' id='word_1_340' title='bbox 2710 2046 3050 2117; x_wconf 71' lang='grc' dir='ltr'>ἡρπαγμένα</span> <span class='ocrx_word' id='word_1_341' title='bbox 3074 2045 3561 2112; x_wconf 79' lang='grc' dir='ltr'>ἑπανασώσασθαι,</span> <span class='ocrx_word' id='word_1_342' title='bbox 3591 2049 3753 2099; x_wconf 69' lang='lat' dir='ltr'><strong>narci-</strong></span> 
     </span>
    </p>
   </div>
   <div class='ocr_carea' id='block_1_49' title="bbox 2186 2134 3751 2208">
    <p class='ocr_par' dir='ltr' id='par_1_49' title="bbox 2186 2134 3751 2208">
     <span class='ocr_line' id='line_1_49' title="bbox 2186 2134 3751 2208; baseline 0 -20"><span class='ocrx_word' id='word_1_343' title='bbox 2186 2135 2275 2200; x_wconf 80' lang='grc' dir='ltr'><strong>ξαι</strong></span> <span class='ocrx_word' id='word_1_344' title='bbox 2320 2134 2377 2188; x_wconf 84' lang='grc' dir='ltr'>δὲ</span> <span class='ocrx_word' id='word_1_345' title='bbox 2417 2135 2545 2197; x_wconf 74' lang='grc' dir='ltr'>τοὺς</span> <span class='ocrx_word' id='word_1_346' title='bbox 2600 2135 2797 2206; x_wconf 79' lang='grc' dir='ltr'>θῆρας,</span> <span class='ocrx_word' id='word_1_347' title='bbox 2852 2136 2947 2188; x_wconf 82' lang='grc' dir='ltr'><strong>καὶ</strong></span> <span class='ocrx_word' id='word_1_348' title='bbox 2996 2134 3228 2190; x_wconf 83' lang='grc' dir='ltr'>ἀνελεῖν.</span> <span class='ocrx_word' id='word_1_349' title='bbox 3279 2137 3404 2189; x_wconf 86' lang='grc' dir='ltr'><strong>Ἐπὶ</strong></span> <span class='ocrx_word' id='word_1_350' title='bbox 3448 2135 3624 2207; x_wconf 83' lang='grc' dir='ltr'>τούτῳ</span> <span class='ocrx_word' id='word_1_351' title='bbox 3652 2135 3751 2208; x_wconf 76' lang='grc' dir='ltr'><strong>ἔφη</strong></span> 
     </span>
    </p>
   </div>
   <div class='ocr_carea' id='block_1_50' title="bbox 2188 2227 3752 2299">
    <p class='ocr_par' dir='ltr' id='par_1_50' title="bbox 2188 2227 3752 2299">
     <span class='ocr_line' id='line_1_50' title="bbox 2188 2227 3752 2299; baseline 0.001 -18"><span class='ocrx_word' id='word_1_352' title='bbox 2188 2229 2433 2299; x_wconf 75' lang='grc' dir='ltr'>θαρρεῖν,</span> <span class='ocrx_word' id='word_1_353' title='bbox 2464 2227 2538 2292; x_wconf 82' lang='grc' dir='ltr'>ὡς</span> <span class='ocrx_word' id='word_1_354' title='bbox 2571 2231 2663 2281; x_wconf 79' lang='grc' dir='ltr'><strong>καὶ</strong></span> <span class='ocrx_word' id='word_1_355' title='bbox 2697 2228 2788 2280; x_wconf 84' lang='grc' dir='ltr'><strong>τὸν</strong></span> <span class='ocrx_word' id='word_1_356' title='bbox 2820 2227 3118 2296; x_wconf 83' lang='grc' dir='ltr'>ἀλλόφυλον</span> <span class='ocrx_word' id='word_1_357' title='bbox 3146 2228 3387 2294; x_wconf 80' lang='grc' dir='ltr'>πατάξαι</span> <span class='ocrx_word' id='word_1_358' title='bbox 3409 2228 3570 2282; x_wconf 82' lang='grc' dir='ltr'>δώσει</span> <span class='ocrx_word' id='word_1_359' title='bbox 3593 2229 3752 2299; x_wconf 79' lang='grc' dir='ltr'>αὐτῷ,</span> 
     </span>
    </p>
   </div>
   <div class='ocr_carea' id='block_1_51' title="bbox 2192 2318 3754 2392">
    <p class='ocr_par' dir='ltr' id='par_1_51' title="bbox 2192 2318 3754 2392">
     <span class='ocr_line' id='line_1_51' title="bbox 2192 2318 3754 2392; baseline 0.001 -20"><span class='ocrx_word' id='word_1_360' title='bbox 2192 2322 2284 2372; x_wconf 67' lang='grc' dir='ltr'><strong>καλ⁵</strong></span> <span class='ocrx_word' id='word_1_361' title='bbox 2334 2319 2537 2386; x_wconf 74' lang='grc' dir='ltr'>ἐξελεῖν</span> <span class='ocrx_word' id='word_1_362' title='bbox 2579 2319 2786 2383; x_wconf 76' lang='grc' dir='ltr'>ὀνειδος</span> <span class='ocrx_word' id='word_1_363' title='bbox 2844 2318 2905 2386; x_wconf 78' lang='grc' dir='ltr'><strong>ἐξ</strong></span> <span class='ocrx_word' id='word_1_364' title='bbox 2954 2322 3087 2376; x_wconf 77' lang='grc' dir='ltr'>υἱῶν</span> <span class='ocrx_word' id='word_1_365' title='bbox 3141 2320 3380 2392; x_wconf 80' lang='grc' dir='ltr'>Ἰσραήλ.</span> <span class='ocrx_word' id='word_1_366' title='bbox 3436 2320 3498 2374; x_wconf 81' lang='grc' dir='ltr'>Ὀ</span> <span class='ocrx_word' id='word_1_367' title='bbox 3535 2320 3630 2391; x_wconf 84' lang='grc' dir='ltr'>μὲν</span> <span class='ocrx_word' id='word_1_368' title='bbox 3667 2318 3754 2376; x_wconf 82' lang='grc' dir='ltr'><strong>οὖν</strong></span> 
     </span>
    </p>
   </div>
   <div class='ocr_carea' id='block_1_52' title="bbox 2187 2413 3753 2484">
    <p class='ocr_par' dir='ltr' id='par_1_52' title="bbox 2187 2413 3753 2484">
     <span class='ocr_line' id='line_1_52' title="bbox 2187 2413 3753 2484; baseline 0 -17"><span class='ocrx_word' id='word_1_369' title='bbox 2187 2414 2305 2469; x_wconf 80' lang='grc' dir='ltr'>εῐπε</span> <span class='ocrx_word' id='word_1_370' title='bbox 2332 2413 2523 2466; x_wconf 80' lang='grc' dir='ltr'>ταῦτα.</span> <span class='ocrx_word' id='word_1_371' title='bbox 2562 2413 2619 2465; x_wconf 81' lang='grc' dir='ltr'>ὐ</span> <span class='ocrx_word' id='word_1_372' title='bbox 2645 2413 2704 2466; x_wconf 84' lang='grc' dir='ltr'>δὲ</span> <span class='ocrx_word' id='word_1_373' title='bbox 2735 2413 2986 2484; x_wconf 77' lang='grc' dir='ltr'>βασιλεὺς</span> <span class='ocrx_word' id='word_1_374' title='bbox 3008 2413 3308 2483; x_wconf 78' lang='grc' dir='ltr'>ὲπέτρεψέν</span> <span class='ocrx_word' id='word_1_375' title='bbox 3332 2414 3384 2466; x_wconf 86' lang='grc' dir='ltr'><strong>οί</strong></span> <span class='ocrx_word' id='word_1_376' title='bbox 3407 2413 3753 2483; x_wconf 85' lang='grc' dir='ltr'>πορεύεσθαι,</span> 
     </span>
    </p>
   </div>
   <div class='ocr_carea' id='block_1_53' title="bbox 2186 2498 3756 2579">
    <p class='ocr_par' dir='ltr' id='par_1_53' title="bbox 2186 2498 3756 2579">
     <span class='ocr_line' id='line_1_53' title="bbox 2186 2498 3756 2579; baseline -0.002 -20"><span class='ocrx_word' id='word_1_377' title='bbox 2186 2508 2280 2560; x_wconf 81' lang='grc' dir='ltr'><strong>καὶ</strong></span> <span class='ocrx_word' id='word_1_378' title='bbox 2313 2506 2601 2579; x_wconf 76' lang='grc' dir='ltr'>περιέθετο</span> <span class='ocrx_word' id='word_1_379' title='bbox 2626 2507 2695 2558; x_wconf 80' lang='grc' dir='ltr'>τὰ</span> <span class='ocrx_word' id='word_1_380' title='bbox 2719 2507 2897 2558; x_wconf 75' lang='grc' dir='ltr'>οἰκεία</span> <span class='ocrx_word' id='word_1_381' title='bbox 2925 2504 3267 2576; x_wconf 68' lang='grc' dir='ltr'>ὅπλαιαύτῷ.</span> <span class='ocrx_word' id='word_1_382' title='bbox 3292 2506 3400 2557; x_wconf 83' lang='grc' dir='ltr'><strong>Καὶ</strong></span> <span class='ocrx_word' id='word_1_383' title='bbox 3432 2498 3575 2575; x_wconf 80' lang='grc' dir='ltr'>ἦσαν</span> <span class='ocrx_word' id='word_1_384' title='bbox 3602 2505 3756 2576; x_wconf 76' lang='grc' dir='ltr'>ἄχθος</span> 
     </span>
    </p>
   </div>
   <div class='ocr_carea' id='block_1_54' title="bbox 2184 2597 3760 2671">
    <p class='ocr_par' dir='ltr' id='par_1_54' title="bbox 2184 2597 3760 2671">
     <span class='ocr_line' id='line_1_54' title="bbox 2184 2597 3760 2671; baseline -0.003 -18"><span class='ocrx_word' id='word_1_385' title='bbox 2184 2599 2354 2671; x_wconf 75' lang='grc' dir='ltr'>αὐτῷ,</span> <span class='ocrx_word' id='word_1_386' title='bbox 2398 2601 2492 2653; x_wconf 75' lang='grc' dir='ltr'><strong>καὶ</strong></span> <span class='ocrx_word' id='word_1_387' title='bbox 2533 2599 2841 2653; x_wconf 83' lang='grc' dir='ltr'>ἀπεδύσατο</span> <span class='ocrx_word' id='word_1_388' title='bbox 2873 2599 3070 2655; x_wconf 82' lang='grc' dir='ltr'>ταῦτα.</span> <span class='ocrx_word' id='word_1_389' title='bbox 3108 2601 3278 2668; x_wconf 76' lang='grc' dir='ltr'>’Δρας</span> <span class='ocrx_word' id='word_1_390' title='bbox 3309 2599 3368 2652; x_wconf 76' lang='grc' dir='ltr'>δὲ</span> <span class='ocrx_word' id='word_1_391' title='bbox 3409 2599 3509 2670; x_wconf 79' lang='grc' dir='ltr'>τὴν</span> <span class='ocrx_word' id='word_1_392' title='bbox 3562 2597 3760 2667; x_wconf 74' lang='grc' dir='ltr'>βακτη-</span> 
     </span>
    </p>
   </div>
   <div class='ocr_carea' id='block_1_55' title="bbox 2188 2688 3757 2761">
    <p class='ocr_par' dir='ltr' id='par_1_55' title="bbox 2188 2688 3757 2761">
     <span class='ocr_line' id='line_1_55' title="bbox 2188 2688 3757 2761; baseline -0.002 -19"><span class='ocrx_word' id='word_1_393' title='bbox 2188 2691 2333 2761; x_wconf 90' lang='grc' dir='ltr'>ρίαν,</span> <span class='ocrx_word' id='word_1_394' title='bbox 2373 2693 2472 2744; x_wconf 72' lang='grc' dir='ltr'><strong>καὶ</strong></span> <span class='ocrx_word' id='word_1_395' title='bbox 2503 2691 2665 2745; x_wconf 80' lang='grc' dir='ltr'>πέντε</span> <span class='ocrx_word' id='word_1_396' title='bbox 2693 2691 2874 2755; x_wconf 90' lang='grc' dir='ltr'>λίθους</span> <span class='ocrx_word' id='word_1_397' title='bbox 2905 2693 2963 2743; x_wconf 81' lang='grc' dir='ltr'><strong>ἐν</strong></span> <span class='ocrx_word' id='word_1_398' title='bbox 2992 2692 3069 2761; x_wconf 82' lang='grc' dir='ltr'>τῷ</span> <span class='ocrx_word' id='word_1_399' title='bbox 3102 2691 3299 2759; x_wconf 86' lang='grc' dir='ltr'>καδδίῳ</span> <span class='ocrx_word' id='word_1_400' title='bbox 3322 2688 3635 2759; x_wconf 77' lang='grc' dir='ltr'>ἐνθέμενος,</span> <span class='ocrx_word' id='word_1_401' title='bbox 3670 2689 3757 2743; x_wconf 82' lang='grc' dir='ltr'>καὶ</span> 
     </span>
    </p>
   </div>
   <div class='ocr_carea' id='block_1_56' title="bbox 2174 2776 3758 2855">
    <p class='ocr_par' dir='ltr' id='par_1_56' title="bbox 2174 2776 3758 2855">
     <span class='ocr_line' id='line_1_56' title="bbox 2174 2776 3758 2855; baseline -0.003 -19"><span class='ocrx_word' id='word_1_402' title='bbox 2174 2776 2287 2853; x_wconf 69' lang='grc' dir='ltr'>’τὴν</span> <span class='ocrx_word' id='word_1_403' title='bbox 2317 2785 2614 2853; x_wconf 74' lang='grc' dir='ltr'>σφενδόνην</span> <span class='ocrx_word' id='word_1_404' title='bbox 2640 2785 2821 2855; x_wconf 80' lang='grc' dir='ltr'>φέρων</span> <span class='ocrx_word' id='word_1_405' title='bbox 2852 2786 2909 2837; x_wconf 80' lang='grc' dir='ltr'>ὲν</span> <span class='ocrx_word' id='word_1_406' title='bbox 2940 2787 3003 2853; x_wconf 78' lang='grc' dir='ltr'>τῇ</span> <span class='ocrx_word' id='word_1_407' title='bbox 3038 2784 3203 2853; x_wconf 78' lang='grc' dir='ltr'>χειρὶ,</span> <span class='ocrx_word' id='word_1_408' title='bbox 3246 2782 3384 2849; x_wconf 84' lang='grc' dir='ltr'>πρὸς</span> <span class='ocrx_word' id='word_1_409' title='bbox 3407 2782 3501 2834; x_wconf 77' lang='grc' dir='ltr'>τὸν</span> <span class='ocrx_word' id='word_1_410' title='bbox 3531 2780 3758 2848; x_wconf 83' lang='grc' dir='ltr'>ἀλλόφυ-</span> 
     </span>
    </p>
   </div>
   <div class='ocr_carea' id='block_1_57' title="bbox 2183 2872 3758 2945">
    <p class='ocr_par' dir='ltr' id='par_1_57' title="bbox 2183 2872 3758 2945">
     <span class='ocr_line' id='line_1_57' title="bbox 2183 2872 3758 2945; baseline -0.001 -18"><span class='ocrx_word' id='word_1_411' title='bbox 2183 2873 2275 2927; x_wconf 90' lang='grc' dir='ltr'>λον</span> <span class='ocrx_word' id='word_1_412' title='bbox 2293 2874 2575 2945; x_wconf 80' lang='grc' dir='ltr'>ὦρμησεν.</span> <span class='ocrx_word' id='word_1_413' title='bbox 2613 2876 2671 2929; x_wconf 88' lang='grc' dir='ltr'>Ὀ</span> <span class='ocrx_word' id='word_1_414' title='bbox 2700 2874 2757 2928; x_wconf 64' lang='grc' dir='ltr'>δι</span> <span class='ocrx_word' id='word_1_415' title='bbox 2784 2877 3052 2943; x_wconf 79' lang='grc' dir='ltr'>κατεγέλα</span> <span class='ocrx_word' id='word_1_416' title='bbox 3075 2873 3261 2939; x_wconf 83' lang='grc' dir='ltr'>αὑτοῦ,</span> <span class='ocrx_word' id='word_1_417' title='bbox 3289 2875 3383 2928; x_wconf 78' lang='grc' dir='ltr'><strong>καὶ</strong></span> <span class='ocrx_word' id='word_1_418' title='bbox 3409 2872 3758 2937; x_wconf 67' lang='grc' dir='ltr'>ἐπυνθάνετο,</span> 
     </span>
    </p>
   </div>
   <div class='ocr_carea' id='block_1_58' title="bbox 495 2958 3757 3038">
    <p class='ocr_par' dir='ltr' id='par_1_58' title="bbox 495 2958 3757 3038">
     <span class='ocr_line' id='line_1_58' title="bbox 495 2958 3757 3038; baseline 0.002 -29"><span class='ocrx_word' id='word_1_419' title='bbox 495 2958 543 3005; x_wconf 85' lang='grc' dir='ltr'>εἰ</span> <span class='ocrx_word' id='word_1_420' title='bbox 574 2961 705 3028; x_wconf 71' lang='grc' dir='ltr'>πρὸς</span> <span class='ocrx_word' id='word_1_421' title='bbox 733 2962 868 3014; x_wconf 67' lang='grc' dir='ltr'>κύνα</span> <span class='ocrx_word' id='word_1_422' title='bbox 892 2966 954 3031; x_wconf 76' lang='grc' dir='ltr'>τῇ</span> <span class='ocrx_word' id='word_1_423' title='bbox 980 2961 1252 3034; x_wconf 68' lang='grc' dir='ltr'>βακτηρίᾳ</span> <span class='ocrx_word' id='word_1_424' title='bbox 1280 2964 1375 3016; x_wconf 73' lang='grc' dir='ltr'><strong>καὶ</strong></span> <span class='ocrx_word' id='word_1_425' title='bbox 1402 2965 1511 3027; x_wconf 89' lang='grc' dir='ltr'>τοῖς</span> <span class='ocrx_word' id='word_1_426' title='bbox 1545 2963 1715 3030; x_wconf 84' lang='grc' dir='ltr'>λίθοις</span> <span class='ocrx_word' id='word_1_427' title='bbox 1745 2966 2073 3037; x_wconf 82' lang='grc' dir='ltr'>πορεύεται;</span> <span class='ocrx_word' id='word_1_428' title='bbox 2115 2966 2228 3020; x_wconf 82' lang='lat' dir='ltr'><strong>Kal</strong></span> <span class='ocrx_word' id='word_1_429' title='bbox 2259 2969 2287 3020; x_wconf 85' lang='grc' dir='ltr'>ὁ</span> <span class='ocrx_word' id='word_1_430' title='bbox 2319 2965 2483 3018; x_wconf 80' lang='grc' dir='ltr'>Δαϐἰδ</span> <span class='ocrx_word' id='word_1_431' title='bbox 2515 2965 2612 3019; x_wconf 74' lang='grc' dir='ltr'>καὶ</span> <span class='ocrx_word' id='word_1_432' title='bbox 2677 2967 2847 3038; x_wconf 86' lang='grc' dir='ltr'>χείρω</span> <span class='ocrx_word' id='word_1_433' title='bbox 2893 2969 3055 3027; x_wconf 86' lang='grc' dir='ltr'>κυνὸς</span> <span class='ocrx_word' id='word_1_434' title='bbox 3096 2966 3349 3037; x_wconf 82' lang='grc' dir='ltr'>ἡγεῖσθαι</span> <span class='ocrx_word' id='word_1_435' title='bbox 3391 2965 3559 3021; x_wconf 74' lang='grc' dir='ltr'>αὑτὸν</span> <span class='ocrx_word' id='word_1_436' title='bbox 3622 2965 3757 3018; x_wconf 79' lang='grc' dir='ltr'>ἀπι-</span> 
     </span>
    </p>
   </div>
   <div class='ocr_carea' id='block_1_59' title="bbox 496 3048 3755 3129">
    <p class='ocr_par' dir='ltr' id='par_1_59' title="bbox 496 3048 3755 3129">
     <span class='ocr_line' id='line_1_59' title="bbox 496 3048 3755 3129; baseline 0.003 -31"><span class='ocrx_word' id='word_1_437' title='bbox 496 3048 743 3114; x_wconf 79' lang='grc' dir='ltr'>κρίνατο,</span> <span class='ocrx_word' id='word_1_438' title='bbox 795 3053 1035 3115; x_wconf 78' lang='grc' dir='ltr'>Ἑκείιος</span> <span class='ocrx_word' id='word_1_439' title='bbox 1080 3053 1134 3105; x_wconf 79' lang='grc' dir='ltr'><strong>δὲ</strong></span> <span class='ocrx_word' id='word_1_440' title='bbox 1163 3054 1439 3123; x_wconf 76' lang='grc' dir='ltr'>ὀργισθεὶς</span> <span class='ocrx_word' id='word_1_441' title='bbox 1473 3054 1566 3108; x_wconf 76' lang='grc' dir='ltr'>καὶ</span> <span class='ocrx_word' id='word_1_442' title='bbox 1598 3058 2050 3129; x_wconf 75' lang='grc' dir='ltr'>μεγαλαυχήσας,</span> <span class='ocrx_word' id='word_1_443' title='bbox 2092 3056 2285 3111; x_wconf 85' lang='grc' dir='ltr'>δώσειν</span> <span class='ocrx_word' id='word_1_444' title='bbox 2310 3058 2409 3122; x_wconf 82' lang='grc' dir='ltr'><strong>τὰς</strong></span> <span class='ocrx_word' id='word_1_445' title='bbox 2460 3058 2670 3129; x_wconf 82' lang='grc' dir='ltr'>σάρκας</span> <span class='ocrx_word' id='word_1_446' title='bbox 2705 3057 2872 3111; x_wconf 77' lang='grc' dir='ltr'>αὑτοῦ</span> <span class='ocrx_word' id='word_1_447' title='bbox 2906 3061 3018 3122; x_wconf 88' lang='grc' dir='ltr'>τοῖς</span> <span class='ocrx_word' id='word_1_448' title='bbox 3086 3061 3352 3122; x_wconf 73' lang='grc' dir='ltr'>πετεινοῖς</span> <span class='ocrx_word' id='word_1_449' title='bbox 3392 3075 3451 3113; x_wconf 80' lang='grc' dir='ltr'><strong>τε</strong></span> <span class='ocrx_word' id='word_1_450' title='bbox 3492 3057 3586 3113; x_wconf 77' lang='grc' dir='ltr'>καὶ</span> <span class='ocrx_word' id='word_1_451' title='bbox 3647 3057 3755 3119; x_wconf 82' lang='grc' dir='ltr'>τοῖς</span> 
     </span>
    </p>
   </div>
   <div class='ocr_carea' id='block_1_60' title="bbox 496 3141 3755 3223">
    <p class='ocr_par' dir='ltr' id='par_1_60' title="bbox 496 3141 3755 3223">
     <span class='ocr_line' id='line_1_60' title="bbox 496 3141 3755 3223; baseline 0.002 -27"><span class='ocrx_word' id='word_1_452' title='bbox 496 3141 716 3213; x_wconf 71' lang='grc' dir='ltr'>θηρσὶν,</span> <span class='ocrx_word' id='word_1_453' title='bbox 771 3141 1032 3213; x_wconf 78' lang='grc' dir='ltr'>ὥρμησεν</span> <span class='ocrx_word' id='word_1_454' title='bbox 1086 3145 1171 3198; x_wconf 76' lang='grc' dir='ltr'><strong>ἐπ’</strong></span> <span class='ocrx_word' id='word_1_455' title='bbox 1197 3146 1379 3199; x_wconf 82' lang='grc' dir='ltr'>αὐτόν.</span> <span class='ocrx_word' id='word_1_456' title='bbox 1414 3145 1662 3216; x_wconf 83' lang='grc' dir='ltr'>Ταχύνας</span> <span class='ocrx_word' id='word_1_457' title='bbox 1710 3147 1766 3200; x_wconf 86' lang='grc' dir='ltr'>δὲ</span> <span class='ocrx_word' id='word_1_458' title='bbox 1814 3150 1842 3201; x_wconf 88' lang='grc' dir='ltr'>ὁ</span> <span class='ocrx_word' id='word_1_459' title='bbox 1885 3149 2074 3218; x_wconf 75' lang='grc' dir='ltr'>Δαϐὶδ,</span> <span class='ocrx_word' id='word_1_460' title='bbox 2113 3152 2209 3205; x_wconf 81' lang='grc' dir='ltr'>καὶ</span> <span class='ocrx_word' id='word_1_461' title='bbox 2230 3148 2376 3203; x_wconf 87' lang='grc' dir='ltr'>λίθον</span> <span class='ocrx_word' id='word_1_462' title='bbox 2406 3151 2471 3222; x_wconf 75' lang='grc' dir='ltr'>τῇ</span> <span class='ocrx_word' id='word_1_463' title='bbox 2509 3150 2770 3223; x_wconf 79' lang='grc' dir='ltr'>σφενδόνῃ</span> <span class='ocrx_word' id='word_1_464' title='bbox 2837 3150 3147 3222; x_wconf 75' lang='grc' dir='ltr'>ἐνθέμενος,</span> <span class='ocrx_word' id='word_1_465' title='bbox 3180 3151 3274 3205; x_wconf 71' lang='grc' dir='ltr'><strong>ἐπὶ</strong></span> <span class='ocrx_word' id='word_1_466' title='bbox 3336 3153 3591 3221; x_wconf 69' lang='grc' dir='ltr'>μέτωπον</span> <span class='ocrx_word' id='word_1_467' title='bbox 3626 3149 3755 3202; x_wconf 77' lang='grc' dir='ltr'>ἑπά-</span> 
     </span>
    </p>
   </div>
   <div class='ocr_carea' id='block_1_61' title="bbox 494 3234 3757 3319">
    <p class='ocr_par' dir='ltr' id='par_1_61' title="bbox 494 3234 3757 3319">
     <span class='ocr_line' id='line_1_61' title="bbox 494 3234 3757 3319; baseline 0.003 -25"><span class='ocrx_word' id='word_1_468' title='bbox 494 3242 625 3307; x_wconf 77' lang='grc' dir='ltr'>ταξε</span> <span class='ocrx_word' id='word_1_469' title='bbox 660 3239 752 3292; x_wconf 86' lang='grc' dir='ltr'><strong>τὸν</strong></span> <span class='ocrx_word' id='word_1_470' title='bbox 801 3239 1083 3310; x_wconf 84' lang='grc' dir='ltr'>πολέμιον.</span> <span class='ocrx_word' id='word_1_471' title='bbox 1132 3241 1244 3293; x_wconf 74' lang='grc' dir='ltr'><strong>Καὶ</strong></span> <span class='ocrx_word' id='word_1_472' title='bbox 1283 3234 1351 3311; x_wconf 82' lang='grc' dir='ltr'>ἦν</span> <span class='ocrx_word' id='word_1_473' title='bbox 1396 3241 1427 3310; x_wconf 82' lang='grc' dir='ltr'>ἡ</span> <span class='ocrx_word' id='word_1_474' title='bbox 1473 3240 1656 3311; x_wconf 83' lang='grc' dir='ltr'>πληγὴ</span> <span class='ocrx_word' id='word_1_475' title='bbox 1687 3245 1948 3311; x_wconf 60' lang='grc' dir='ltr'>κραταιὰ,</span> <span class='ocrx_word' id='word_1_476' title='bbox 1981 3245 2075 3296; x_wconf 77' lang='grc' dir='ltr'>καὶ</span> <span class='ocrx_word' id='word_1_477' title='bbox 2112 3243 2426 3299; x_wconf 78' lang='grc' dir='ltr'>έπεσενὲπὶ</span> <span class='ocrx_word' id='word_1_478' title='bbox 2452 3245 2744 3319; x_wconf 85' lang='grc' dir='ltr'>πρόσωπον</span> <span class='ocrx_word' id='word_1_479' title='bbox 2774 3246 2803 3297; x_wconf 79' lang='grc' dir='ltr'>ὁ</span> <span class='ocrx_word' id='word_1_480' title='bbox 2846 3245 3166 3312; x_wconf 84' lang='grc' dir='ltr'>ἀλλόφυλος.</span> <span class='ocrx_word' id='word_1_481' title='bbox 3206 3244 3443 3316; x_wconf 82' lang='grc' dir='ltr'>Δραμὼν</span> <span class='ocrx_word' id='word_1_482' title='bbox 3483 3247 3540 3299; x_wconf 73' lang='grc' dir='ltr'><strong>ἑὲ</strong></span> <span class='ocrx_word' id='word_1_483' title='bbox 3599 3248 3757 3305; x_wconf 74' lang='grc' dir='ltr'>Δαϐὶδ</span> 
     </span>
    </p>
   </div>
   <div class='ocr_carea' id='block_1_62' title="bbox 494 3334 3750 3413">
    <p class='ocr_par' dir='ltr' id='par_1_62' title="bbox 494 3334 3750 3413">
     <span class='ocr_line' id='line_1_62' title="bbox 494 3334 3750 3413; baseline 0.002 -25"><span class='ocrx_word' id='word_1_484' title='bbox 494 3339 590 3389; x_wconf 75' lang='grc' dir='ltr'>καὶ</span> <span class='ocrx_word' id='word_1_485' title='bbox 617 3344 713 3405; x_wconf 81' lang='grc' dir='ltr'>την</span> <span class='ocrx_word' id='word_1_486' title='bbox 756 3339 967 3388; x_wconf 74' lang='grc' dir='ltr'>ἐκείνου</span> <span class='ocrx_word' id='word_1_487' title='bbox 1028 3334 1302 3407; x_wconf 79' lang='grc' dir='ltr'>ῥομφαίαν</span> <span class='ocrx_word' id='word_1_488' title='bbox 1363 3336 1734 3405; x_wconf 71' lang='grc' dir='ltr'>σπασάμενος,</span> <span class='ocrx_word' id='word_1_489' title='bbox 1766 3337 2067 3409; x_wconf 83' lang='grc' dir='ltr'>ἀποτέμνει</span> <span class='ocrx_word' id='word_1_490' title='bbox 2107 3340 2208 3413; x_wconf 74' lang='grc' dir='ltr'>τὴν</span> <span class='ocrx_word' id='word_1_491' title='bbox 2254 3339 2499 3411; x_wconf 82' lang='grc' dir='ltr'>κεφαλὴν</span> <span class='ocrx_word' id='word_1_492' title='bbox 2528 3339 2747 3402; x_wconf 85' lang='grc' dir='ltr'>Γολιὰθ,</span> <span class='ocrx_word' id='word_1_493' title='bbox 2793 3339 2888 3393; x_wconf 79' lang='grc' dir='ltr'><strong>καὶ</strong></span> <span class='ocrx_word' id='word_1_494' title='bbox 2931 3340 3182 3395; x_wconf 83' lang='grc' dir='ltr'>σκυλεύει</span> <span class='ocrx_word' id='word_1_495' title='bbox 3250 3342 3317 3394; x_wconf 75' lang='grc' dir='ltr'><strong>τά</strong></span> <span class='ocrx_word' id='word_1_496' title='bbox 3356 3342 3500 3396; x_wconf 82' lang='grc' dir='ltr'>ὅπλα</span> <span class='ocrx_word' id='word_1_497' title='bbox 3568 3342 3750 3398; x_wconf 81' lang='grc' dir='ltr'>αὐτοῦ.</span> 
     </span>
    </p>
   </div>
   <div class='ocr_carea' id='block_1_63' title="bbox 494 3417 3753 3509">
    <p class='ocr_par' dir='ltr' id='par_1_63' title="bbox 494 3417 3753 3509">
     <span class='ocr_line' id='line_1_63' title="bbox 494 3417 3753 3509; baseline 0.003 -27"><span class='ocrx_word' id='word_1_498' title='bbox 494 3427 664 3482; x_wconf 82' lang='grc' dir='ltr'>Τοῦτο</span> <span class='ocrx_word' id='word_1_499' title='bbox 691 3429 801 3489; x_wconf 64' lang='grc' dir='ltr'>τοῖς</span> <span class='ocrx_word' id='word_1_500' title='bbox 833 3427 1156 3496; x_wconf 82' lang='grc' dir='ltr'>ἀλλοφύλοις</span> <span class='ocrx_word' id='word_1_501' title='bbox 1190 3426 1393 3482; x_wconf 84' lang='grc' dir='ltr'>δειλίαν</span> <span class='ocrx_word' id='word_1_502' title='bbox 1434 3429 1680 3496; x_wconf 74' lang='grc' dir='ltr'>ἐνέϐαλε,</span> <span class='ocrx_word' id='word_1_503' title='bbox 1714 3429 1811 3485; x_wconf 81' lang='grc' dir='ltr'>καὶ</span> <span class='ocrx_word' id='word_1_504' title='bbox 1851 3431 2074 3486; x_wconf 79' lang='grc' dir='ltr'>έκλιναν</span> <span class='ocrx_word' id='word_1_505' title='bbox 2111 3435 2192 3497; x_wconf 84' lang='grc' dir='ltr'><strong>είς</strong></span> <span class='ocrx_word' id='word_1_506' title='bbox 2238 3417 2439 3505; x_wconf 61' lang='grc' dir='ltr'>φυγὴν.</span> <span class='ocrx_word' id='word_1_507' title='bbox 2471 3434 2645 3488; x_wconf 77' lang='grc' dir='ltr'>Σαοὺλ</span> <span class='ocrx_word' id='word_1_508' title='bbox 2675 3434 2732 3488; x_wconf 78' lang='grc' dir='ltr'>δὲ</span> <span class='ocrx_word' id='word_1_509' title='bbox 2764 3434 2824 3486; x_wconf 82' lang='grc' dir='ltr'><strong>τὸ</strong></span> <span class='ocrx_word' id='word_1_510' title='bbox 2850 3435 3048 3488; x_wconf 87' lang='grc' dir='ltr'>οίκεῖον</span> <span class='ocrx_word' id='word_1_511' title='bbox 3076 3434 3260 3498; x_wconf 81' lang='grc' dir='ltr'>αὐτοῖς</span> <span class='ocrx_word' id='word_1_512' title='bbox 3324 3435 3522 3504; x_wconf 71' lang='grc' dir='ltr'>ἐπάγει</span> <span class='ocrx_word' id='word_1_513' title='bbox 3589 3440 3753 3509; x_wconf 83' lang='grc' dir='ltr'>στρά-</span> 
     </span>
    </p>
   </div>
   <div class='ocr_carea' id='block_1_64' title="bbox 492 3517 3752 3597">
    <p class='ocr_par' dir='ltr' id='par_1_64' title="bbox 492 3517 3752 3597">
     <span class='ocr_line' id='line_1_64' title="bbox 492 3517 3752 3597; baseline 0.004 -27"><span class='ocrx_word' id='word_1_514' title='bbox 492 3535 673 3588; x_wconf 82' lang='grc' dir='ltr'>τευμα</span> <span class='ocrx_word' id='word_1_515' title='bbox 732 3517 1020 3585; x_wconf 84' lang='grc' dir='ltr'>φεύγουσι,</span> <span class='ocrx_word' id='word_1_516' title='bbox 1071 3518 1165 3569; x_wconf 76' lang='grc' dir='ltr'>καὶ</span> <span class='ocrx_word' id='word_1_517' title='bbox 1210 3518 1485 3571; x_wconf 85' lang='grc' dir='ltr'>κτείνεται</span> <span class='ocrx_word' id='word_1_518' title='bbox 1565 3520 1675 3572; x_wconf 83' lang='grc' dir='ltr'><strong>τῶν</strong></span> <span class='ocrx_word' id='word_1_519' title='bbox 1729 3521 2105 3575; x_wconf 83' lang='grc' dir='ltr'>Παλαιστινῶν</span> <span class='ocrx_word' id='word_1_520' title='bbox 2146 3523 2349 3593; x_wconf 75' lang='grc' dir='ltr'>πλῆθος</span> <span class='ocrx_word' id='word_1_521' title='bbox 2412 3525 2568 3588; x_wconf 82' lang='grc' dir='ltr'>πολὺ,</span> <span class='ocrx_word' id='word_1_522' title='bbox 2626 3526 2721 3578; x_wconf 79' lang='grc' dir='ltr'>καὶ</span> <span class='ocrx_word' id='word_1_523' title='bbox 2818 3525 3063 3589; x_wconf 86' lang='grc' dir='ltr'>πλείονες</span> <span class='ocrx_word' id='word_1_524' title='bbox 3113 3529 3608 3597; x_wconf 75' lang='grc' dir='ltr'>τραυματίζονται,</span> <span class='ocrx_word' id='word_1_525' title='bbox 3661 3532 3752 3584; x_wconf 78' lang='grc' dir='ltr'>καὶ</span> 
     </span>
    </p>
   </div>
   <div class='ocr_carea' id='block_1_65' title="bbox 491 3609 3751 3694">
    <p class='ocr_par' dir='ltr' id='par_1_65' title="bbox 491 3609 3751 3694">
     <span class='ocr_line' id='line_1_65' title="bbox 491 3609 3751 3694; baseline 0.003 -28"><span class='ocrx_word' id='word_1_526' title='bbox 491 3614 554 3666; x_wconf 86' lang='grc' dir='ltr'><strong>τὸ</strong></span> <span class='ocrx_word' id='word_1_527' title='bbox 612 3611 973 3681; x_wconf 81' lang='grc' dir='ltr'>στρατόπεδον</span> <span class='ocrx_word' id='word_1_528' title='bbox 1024 3609 1203 3663; x_wconf 73' lang='grc' dir='ltr'>αύτιῐν</span> <span class='ocrx_word' id='word_1_529' title='bbox 1246 3611 1632 3683; x_wconf 73' lang='grc' dir='ltr'>διαρπάζεται.</span> <span class='ocrx_word' id='word_1_530' title='bbox 1683 3614 1794 3686; x_wconf 83' lang='grc' dir='ltr'><strong>Τὴν</strong></span> <span class='ocrx_word' id='word_1_531' title='bbox 1865 3615 2110 3687; x_wconf 81' lang='grc' dir='ltr'>κεφαλὴν</span> <span class='ocrx_word' id='word_1_532' title='bbox 2147 3617 2205 3670; x_wconf 84' lang='grc' dir='ltr'>δὲ</span> <span class='ocrx_word' id='word_1_533' title='bbox 2271 3617 2464 3671; x_wconf 82' lang='grc' dir='ltr'>Γολιάθ</span> <span class='ocrx_word' id='word_1_534' title='bbox 2517 3619 2783 3690; x_wconf 77' lang='grc' dir='ltr'>προσάγει</span> <span class='ocrx_word' id='word_1_535' title='bbox 2827 3617 2993 3671; x_wconf 73' lang='grc' dir='ltr'>Δαίῖιδ</span> <span class='ocrx_word' id='word_1_536' title='bbox 3036 3616 3114 3689; x_wconf 82' lang='grc' dir='ltr'>τῷ</span> <span class='ocrx_word' id='word_1_537' title='bbox 3165 3618 3360 3686; x_wconf 80' lang='grc' dir='ltr'>Σαοὺλ,</span> <span class='ocrx_word' id='word_1_538' title='bbox 3400 3621 3500 3691; x_wconf 79' lang='grc' dir='ltr'>τὴν</span> <span class='ocrx_word' id='word_1_539' title='bbox 3532 3620 3591 3675; x_wconf 77' lang='grc' dir='ltr'>δὲ</span> <span class='ocrx_word' id='word_1_540' title='bbox 3623 3622 3751 3694; x_wconf 64' lang='lat' dir='ltr'><strong>pop.-</strong></span> 
     </span>
    </p>
   </div>
   <div class='ocr_carea' id='block_1_66' title="bbox 492 3703 1288 3775">
    <p class='ocr_par' dir='ltr' id='par_1_66' title="bbox 492 3703 1288 3775">
     <span class='ocr_line' id='line_1_66' title="bbox 492 3703 1288 3775; baseline -0.004 -16"><span class='ocrx_word' id='word_1_541' title='bbox 492 3705 659 3775; x_wconf 79' lang='grc' dir='ltr'>φαίαν</span> <span class='ocrx_word' id='word_1_542' title='bbox 687 3704 765 3769; x_wconf 69' lang='grc' dir='ltr'>τῷ</span> <span class='ocrx_word' id='word_1_543' title='bbox 796 3703 916 3774; x_wconf 83' lang='grc' dir='ltr'>Θεῷ</span> <span class='ocrx_word' id='word_1_544' title='bbox 946 3703 1288 3773; x_wconf 78' lang='grc' dir='ltr'>ἀνατίθησιν.</span> 
     </span>
    </p>
   </div>
   <div class='ocr_carea' id='block_1_67' title="bbox 563 3794 2075 3872">
    <p class='ocr_par' dir='ltr' id='par_1_67' title="bbox 563 3794 2075 3853">
     <span class='ocr_line' id='line_1_67' title="bbox 563 3794 2075 3853; baseline 0.001 -2"><span class='ocrx_word' id='word_1_545' title='bbox 563 3797 734 3851; x_wconf 71' lang='lat' dir='ltr'><strong>XXX.</strong></span> <span class='ocrx_word' id='word_1_546' title='bbox 770 3796 1033 3850; x_wconf 77' lang='lat' dir='ltr'><strong>ltedcunti</strong></span> <span class='ocrx_word' id='word_1_547' title='bbox 1067 3794 1293 3850; x_wconf 91' lang='lat' dir='ltr'><strong>domum</strong></span> <span class='ocrx_word' id='word_1_548' title='bbox 1328 3797 1597 3850; x_wconf 81' lang='lat' dir='ltr'><strong>exercitui</strong></span> <span class='ocrx_word' id='word_1_549' title='bbox 1618 3808 1922 3853; x_wconf 91' lang='lat' dir='ltr'><strong>occurrunt</strong></span> <span class='ocrx_word' id='word_1_550' title='bbox 1952 3814 2075 3853; x_wconf 87' lang='lat' dir='ltr'><strong>mu-</strong></span> 
     </span>
    </p>
   </div>
   <div class='ocr_carea' id='block_1_68' title="bbox 2181 3794 3753 3872">
    <p class='ocr_par' dir='ltr' id='par_1_68' title="bbox 2251 3797 3753 3872">
     <span class='ocr_line' id='line_1_68' title="bbox 2251 3797 3753 3872; baseline 0.005 -20"><span class='ocrx_word' id='word_1_551' title='bbox 2251 3800 2332 3852; x_wconf 81' lang='lat' dir='ltr'><strong>A&#39;.</strong></span> <span class='ocrx_word' id='word_1_552' title='bbox 2381 3797 2745 3870; x_wconf 77' lang='grc' dir='ltr'>Ἐπανιούσης</span> <span class='ocrx_word' id='word_1_553' title='bbox 2796 3799 2852 3852; x_wconf 83' lang='grc' dir='ltr'><strong>δὲ</strong></span> <span class='ocrx_word' id='word_1_554' title='bbox 2900 3799 3001 3870; x_wconf 77' lang='grc' dir='ltr'>τῆς</span> <span class='ocrx_word' id='word_1_555' title='bbox 3054 3803 3332 3872; x_wconf 84' lang='grc' dir='ltr'>στρατιᾶς,</span> <span class='ocrx_word' id='word_1_556' title='bbox 3381 3802 3438 3856; x_wconf 82' lang='grc' dir='ltr'>αἱ</span> <span class='ocrx_word' id='word_1_557' title='bbox 3501 3806 3753 3872; x_wconf 73' lang='grc' dir='ltr'>γυναῖκες</span> 
     </span>
    </p>
   </div>
   <div class='ocr_carea' id='block_1_69' title="bbox 490 3888 2075 3956">
    <p class='ocr_par' dir='ltr' id='par_1_69' title="bbox 490 3888 2075 3956">
     <span class='ocr_line' id='line_1_69' title="bbox 490 3888 2075 3956; baseline 0 -11"><span class='ocrx_word' id='word_1_558' title='bbox 490 3891 657 3947; x_wconf 89' lang='lat' dir='ltr'><strong>lieres</strong></span> <span class='ocrx_word' id='word_1_559' title='bbox 722 3897 779 3944; x_wconf 89' lang='lat' dir='ltr'><strong>et</strong></span> <span class='ocrx_word' id='word_1_560' title='bbox 844 3889 1129 3954; x_wconf 86' lang='lat' dir='ltr'><strong>saltantes,</strong></span> <span class='ocrx_word' id='word_1_561' title='bbox 1178 3888 1401 3944; x_wconf 89' lang='lat' dir='ltr'><strong>Saulem</strong></span> <span class='ocrx_word' id='word_1_562' title='bbox 1443 3889 1592 3943; x_wconf 90' lang='lat' dir='ltr'><strong>mille</strong></span> <span class='ocrx_word' id='word_1_563' title='bbox 1647 3889 1936 3956; x_wconf 88' lang='lat' dir='ltr'><strong>occidisse,</strong></span> <span class='ocrx_word' id='word_1_564' title='bbox 1984 3906 2075 3945; x_wconf 85' lang='lat' dir='ltr'><strong>ca-</strong></span> 
     </span>
    </p>
   </div>
   <div class='ocr_carea' id='block_1_70' title="bbox 492 3981 2081 4048">
    <p class='ocr_par' dir='ltr' id='par_1_70' title="bbox 492 3981 2081 4048">
     <span class='ocr_line' id='line_1_70' title="bbox 492 3981 2081 4048; baseline 0.001 -12"><span class='ocrx_word' id='word_1_565' title='bbox 492 3992 659 4046; x_wconf 87' lang='lat' dir='ltr'><strong>nunt;</strong></span> <span class='ocrx_word' id='word_1_566' title='bbox 688 3981 948 4037; x_wconf 86' lang='lat' dir='ltr'><strong>Davidem</strong></span> <span class='ocrx_word' id='word_1_567' title='bbox 990 3998 1124 4036; x_wconf 87' lang='lat' dir='ltr'><strong>vero</strong></span> <span class='ocrx_word' id='word_1_568' title='bbox 1189 3981 1381 4037; x_wconf 85' lang='lat' dir='ltr'><strong>decem</strong></span> <span class='ocrx_word' id='word_1_569' title='bbox 1440 3981 1611 4035; x_wconf 87' lang='lat' dir='ltr'><strong>millia</strong></span> <span class='ocrx_word' id='word_1_570' title='bbox 1655 3981 1944 4048; x_wconf 88' lang='lat' dir='ltr'><strong>delevisse,</strong></span> <span class='ocrx_word' id='word_1_571' title='bbox 1994 3999 2081 4038; x_wconf 87' lang='lat' dir='ltr'><strong>re-</strong></span> 
     </span>
    </p>
   </div>
   <div class='ocr_carea' id='block_1_71' title="bbox 491 4077 2072 4149">
    <p class='ocr_par' dir='ltr' id='par_1_71' title="bbox 491 4077 2072 4149">
     <span class='ocr_line' id='line_1_71' title="bbox 491 4077 2072 4149; baseline -0.001 -16"><span class='ocrx_word' id='word_1_572' title='bbox 491 4078 775 4148; x_wconf 72' lang='lat' dir='ltr'><strong>spondent</strong></span> <span class='ocrx_word' id='word_1_573' title='bbox 810 4079 1076 4149; x_wconf 85' lang='lat' dir='ltr'><strong>virgines.</strong></span> <span class='ocrx_word' id='word_1_574' title='bbox 1102 4080 1179 4133; x_wconf 78' lang='lat' dir='ltr'><strong>Ea</strong></span> <span class='ocrx_word' id='word_1_575' title='bbox 1213 4079 1386 4134; x_wconf 84' lang='lat' dir='ltr'><strong>verba</strong></span> <span class='ocrx_word' id='word_1_576' title='bbox 1424 4079 1644 4134; x_wconf 82' lang='lat' dir='ltr'><strong>Saulem</strong></span> <span class='ocrx_word' id='word_1_577' title='bbox 1702 4077 1769 4132; x_wconf 87' lang='lat' dir='ltr'><strong>ad</strong></span> <span class='ocrx_word' id='word_1_578' title='bbox 1809 4078 2072 4133; x_wconf 88' lang='lat' dir='ltr'><strong>invidiam</strong></span> 
     </span>
    </p>
   </div>
   <div class='ocr_carea' id='block_1_72' title="bbox 492 4170 2072 4240">
    <p class='ocr_par' dir='ltr' id='par_1_72' title="bbox 492 4170 2072 4240">
     <span class='ocr_line' id='line_1_72' title="bbox 492 4170 2072 4240; baseline -0.003 -14"><span class='ocrx_word' id='word_1_579' title='bbox 492 4170 831 4234; x_wconf 86' lang='lat' dir='ltr'><strong>incitarunt,</strong></span> <span class='ocrx_word' id='word_1_580' title='bbox 880 4181 939 4224; x_wconf 91' lang='lat' dir='ltr'><strong>ut</strong></span> <span class='ocrx_word' id='word_1_581' title='bbox 987 4171 1199 4225; x_wconf 87' lang='lat' dir='ltr'><strong>diceret</strong></span> <span class='ocrx_word' id='word_1_582' title='bbox 1252 4189 1265 4226; x_wconf 90' lang='lat'><strong>:</strong></span> <span class='ocrx_word' id='word_1_583' title='bbox 1321 4171 1459 4236; x_wconf 82' lang='lat' dir='ltr'><strong>Quid</strong></span> <span class='ocrx_word' id='word_1_584' title='bbox 1513 4173 1560 4225; x_wconf 85' lang='lat' dir='ltr'><strong>ei</strong></span> <span class='ocrx_word' id='word_1_585' title='bbox 1607 4180 1800 4235; x_wconf 70' lang='lat' dir='ltr'><strong>printer</strong></span> <span class='ocrx_word' id='word_1_586' title='bbox 1853 4185 2072 4240; x_wconf 82' lang='lat' dir='ltr'><strong>regnum</strong></span> 
     </span>
    </p>
   </div>
   <div class='ocr_carea' id='block_1_73' title="bbox 489 4264 2069 4335">
    <p class='ocr_par' dir='ltr' id='par_1_73' title="bbox 489 4264 2069 4335">
     <span class='ocr_line' id='line_1_73' title="bbox 489 4264 2069 4335; baseline 0.001 -18"><span class='ocrx_word' id='word_1_587' title='bbox 489 4264 631 4318; x_wconf 81' lang='lat' dir='ltr'><strong>deest</strong></span> <span class='ocrx_word' id='word_1_588' title='bbox 654 4266 678 4319; x_wconf 84' lang='lat'><strong><em>?</em></strong></span> <span class='ocrx_word' id='word_1_589' title='bbox 705 4274 760 4318; x_wconf 84' lang='lat' dir='ltr'><strong>et</strong></span> <span class='ocrx_word' id='word_1_590' title='bbox 797 4265 1058 4319; x_wconf 86' lang='lat' dir='ltr'><strong>Davidem</strong></span> <span class='ocrx_word' id='word_1_591' title='bbox 1100 4275 1416 4335; x_wconf 88' lang='lat' dir='ltr'><strong>suspectum</strong></span> <span class='ocrx_word' id='word_1_592' title='bbox 1449 4266 1693 4319; x_wconf 82' lang='lat' dir='ltr'><strong>haberet.</strong></span> <span class='ocrx_word' id='word_1_593' title='bbox 1734 4264 1920 4333; x_wconf 85' lang='lat' dir='ltr'><strong>Itaque</strong></span> <span class='ocrx_word' id='word_1_594' title='bbox 1943 4278 2069 4318; x_wconf 89' lang='lat' dir='ltr'><strong>cum</strong></span> 
     </span>
    </p>
   </div>
   <div class='ocr_carea' id='block_1_74' title="bbox 489 4356 2065 4427">
    <p class='ocr_par' dir='ltr' id='par_1_74' title="bbox 489 4356 2065 4427">
     <span class='ocr_line' id='line_1_74' title="bbox 489 4356 2065 4427; baseline 0.001 -16"><span class='ocrx_word' id='word_1_595' title='bbox 489 4358 634 4411; x_wconf 83' lang='lat' dir='ltr'><strong>malo</strong></span> <span class='ocrx_word' id='word_1_596' title='bbox 664 4357 861 4427; x_wconf 85' lang='lat' dir='ltr'><strong>spiritu</strong></span> <span class='ocrx_word' id='word_1_597' title='bbox 899 4360 1295 4427; x_wconf 86' lang='lat' dir='ltr'><strong>corriperctur,</strong></span> <span class='ocrx_word' id='word_1_598' title='bbox 1343 4372 1584 4426; x_wconf 88' lang='lat' dir='ltr'><strong>eumque</strong></span> <span class='ocrx_word' id='word_1_599' title='bbox 1615 4356 1784 4411; x_wconf 88' lang='lat' dir='ltr'><strong>David</strong></span> <span class='ocrx_word' id='word_1_600' title='bbox 1812 4356 1880 4410; x_wconf 84' lang='lat' dir='ltr'><strong>de</strong></span> <span class='ocrx_word' id='word_1_601' title='bbox 1912 4370 2065 4412; x_wconf 87' lang='lat' dir='ltr'><strong>more</strong></span> 
     </span>
    </p>
   </div>
   <div class='ocr_carea' id='block_1_75' title="bbox 487 4446 2073 4515">
    <p class='ocr_par' dir='ltr' id='par_1_75' title="bbox 487 4446 2073 4515">
     <span class='ocr_line' id='line_1_75' title="bbox 487 4446 2073 4515; baseline 0.001 -16"><span class='ocrx_word' id='word_1_602' title='bbox 487 4457 828 4512; x_wconf 80' lang='lat' dir='ltr'><strong>excantaret,</strong></span> <span class='ocrx_word' id='word_1_603' title='bbox 853 4448 1100 4503; x_wconf 77' lang='lat' dir='ltr'><strong>lanceam</strong></span> <span class='ocrx_word' id='word_1_604' title='bbox 1127 4458 1322 4502; x_wconf 86' lang='lat' dir='ltr'><strong>contra</strong></span> <span class='ocrx_word' id='word_1_605' title='bbox 1361 4448 1515 4502; x_wconf 89' lang='lat' dir='ltr'><strong>illum</strong></span> <span class='ocrx_word' id='word_1_606' title='bbox 1549 4446 1740 4510; x_wconf 89' lang='lat' dir='ltr'><strong>mittit,</strong></span> <span class='ocrx_word' id='word_1_607' title='bbox 1775 4446 1940 4515; x_wconf 88' lang='lat' dir='ltr'><strong>idque</strong></span> <span class='ocrx_word' id='word_1_608' title='bbox 1968 4446 2073 4501; x_wconf 87' lang='lat' dir='ltr'><strong>ite-</strong></span> 
     </span>
    </p>
   </div>
   <div class='ocr_carea' id='block_1_76' title="bbox 493 4535 2070 4607">
    <p class='ocr_par' dir='ltr' id='par_1_76' title="bbox 493 4535 2070 4607">
     <span class='ocr_line' id='line_1_76' title="bbox 493 4535 2070 4607; baseline -0.001 -18"><span class='ocrx_word' id='word_1_609' title='bbox 493 4547 615 4591; x_wconf 87' lang='lat' dir='ltr'><strong>rato</strong></span> <span class='ocrx_word' id='word_1_610' title='bbox 672 4538 915 4605; x_wconf 86' lang='lat' dir='ltr'><strong>factum;</strong></span> <span class='ocrx_word' id='word_1_611' title='bbox 950 4538 1045 4593; x_wconf 89' lang='lat' dir='ltr'><strong>sed</strong></span> <span class='ocrx_word' id='word_1_612' title='bbox 1080 4535 1249 4592; x_wconf 89' lang='lat' dir='ltr'><strong>David</strong></span> <span class='ocrx_word' id='word_1_613' title='bbox 1298 4536 1555 4607; x_wconf 69' lang='lat' dir='ltr'><strong>praesidio</strong></span> <span class='ocrx_word' id='word_1_614' title='bbox 1610 4536 1799 4590; x_wconf 86' lang='lat' dir='ltr'><strong>divino</strong></span> <span class='ocrx_word' id='word_1_615' title='bbox 1858 4544 2070 4604; x_wconf 81' lang='lat' dir='ltr'><strong>septas,</strong></span> 
     </span>
    </p>
   </div>
   <div class='ocr_carea' id='block_1_77' title="bbox 489 4628 2077 4693">
    <p class='ocr_par' dir='ltr' id='par_1_77' title="bbox 489 4628 2077 4693">
     <span class='ocr_line' id='line_1_77' title="bbox 489 4628 2077 4693; baseline -0.001 -9"><span class='ocrx_word' id='word_1_616' title='bbox 489 4629 661 4684; x_wconf 89' lang='lat' dir='ltr'><strong>ictum</strong></span> <span class='ocrx_word' id='word_1_617' title='bbox 707 4628 968 4685; x_wconf 87' lang='lat' dir='ltr'><strong>declinat.</strong></span> <span class='ocrx_word' id='word_1_618' title='bbox 1005 4630 1215 4684; x_wconf 89' lang='lat' dir='ltr'><strong>Deinde</strong></span> <span class='ocrx_word' id='word_1_619' title='bbox 1257 4647 1351 4683; x_wconf 74' lang='lat' dir='ltr'><strong>rex</strong></span> <span class='ocrx_word' id='word_1_620' title='bbox 1376 4629 1639 4683; x_wconf 89' lang='lat' dir='ltr'><strong>Davidem</strong></span> <span class='ocrx_word' id='word_1_621' title='bbox 1674 4640 1951 4693; x_wconf 90' lang='lat' dir='ltr'><strong>metuens,</strong></span> <span class='ocrx_word' id='word_1_622' title='bbox 1980 4630 2077 4682; x_wconf 91' lang='lat' dir='ltr'><strong>tri-</strong></span> 
     </span>
    </p>
   </div>
   <div class='ocr_carea' id='block_1_78' title="bbox 491 4721 2069 4792">
    <p class='ocr_par' dir='ltr' id='par_1_78' title="bbox 491 4721 2069 4792">
     <span class='ocr_line' id='line_1_78' title="bbox 491 4721 2069 4792; baseline -0.001 -16"><span class='ocrx_word' id='word_1_623' title='bbox 491 4721 703 4776; x_wconf 88' lang='lat' dir='ltr'><strong>bunum</strong></span> <span class='ocrx_word' id='word_1_624' title='bbox 734 4722 968 4776; x_wconf 88' lang='lat' dir='ltr'><strong>militum</strong></span> <span class='ocrx_word' id='word_1_625' title='bbox 1005 4738 1178 4787; x_wconf 75' lang='lat' dir='ltr'><strong>creat,</strong></span> <span class='ocrx_word' id='word_1_626' title='bbox 1210 4731 1271 4776; x_wconf 93' lang='lat' dir='ltr'><strong>ut</strong></span> <span class='ocrx_word' id='word_1_627' title='bbox 1303 4722 1447 4776; x_wconf 86' lang='lat' dir='ltr'><strong>inter</strong></span> <span class='ocrx_word' id='word_1_628' title='bbox 1482 4721 1671 4776; x_wconf 83' lang='lat' dir='ltr'><strong>hostes</strong></span> <span class='ocrx_word' id='word_1_629' title='bbox 1697 4721 2069 4792; x_wconf 87' lang='lat' dir='ltr'><strong>periclitetur.</strong></span> 
     </span>
    </p>
   </div>
   <div class='ocr_carea' id='block_1_79' title="bbox 488 4813 2072 4887">
    <p class='ocr_par' dir='ltr' id='par_1_79' title="bbox 488 4813 2072 4887">
     <span class='ocr_line' id='line_1_79' title="bbox 488 4813 2072 4887; baseline -0.002 -18"><span class='ocrx_word' id='word_1_630' title='bbox 488 4818 560 4870; x_wconf 84' lang='lat' dir='ltr'><strong>At</strong></span> <span class='ocrx_word' id='word_1_631' title='bbox 603 4816 694 4871; x_wconf 85' lang='lat' dir='ltr'><strong>ille</strong></span> <span class='ocrx_word' id='word_1_632' title='bbox 725 4817 841 4872; x_wconf 91' lang='lat' dir='ltr'><strong>Deo</strong></span> <span class='ocrx_word' id='word_1_633' title='bbox 886 4818 1137 4887; x_wconf 71' lang='lat' dir='ltr'><strong>adiutore</strong></span> <span class='ocrx_word' id='word_1_634' title='bbox 1169 4832 1282 4869; x_wconf 87' lang='lat' dir='ltr'><strong>rem</strong></span> <span class='ocrx_word' id='word_1_635' title='bbox 1312 4815 1452 4869; x_wconf 89' lang='lat' dir='ltr'><strong>bene</strong></span> <span class='ocrx_word' id='word_1_636' title='bbox 1484 4815 1644 4885; x_wconf 90' lang='lat' dir='ltr'><strong>gerit,</strong></span> <span class='ocrx_word' id='word_1_637' title='bbox 1691 4814 1893 4884; x_wconf 88' lang='lat' dir='ltr'><strong>populo</strong></span> <span class='ocrx_word' id='word_1_638' title='bbox 1939 4813 2072 4867; x_wconf 89' lang='lat' dir='ltr'><strong>cha-</strong></span> 
     </span>
    </p>
   </div>
   <div class='ocr_carea' id='block_1_80' title="bbox 492 4907 2071 4977">
    <p class='ocr_par' dir='ltr' id='par_1_80' title="bbox 492 4907 2071 4977">
     <span class='ocr_line' id='line_1_80' title="bbox 492 4907 2071 4977; baseline -0.002 -15"><span class='ocrx_word' id='word_1_639' title='bbox 492 4925 613 4974; x_wconf 89' lang='lat' dir='ltr'><strong>rus,</strong></span> <span class='ocrx_word' id='word_1_640' title='bbox 641 4923 860 4964; x_wconf 87' lang='lat' dir='ltr'><strong>necnon</strong></span> <span class='ocrx_word' id='word_1_641' title='bbox 899 4909 1133 4965; x_wconf 76' lang='lat' dir='ltr'><strong>Melchol</strong></span> <span class='ocrx_word' id='word_1_642' title='bbox 1170 4908 1280 4963; x_wconf 83' lang='lat' dir='ltr'><strong>lilia</strong></span> <span class='ocrx_word' id='word_1_643' title='bbox 1328 4907 1477 4977; x_wconf 80' lang='lat' dir='ltr'><strong>regis</strong></span> <span class='ocrx_word' id='word_1_644' title='bbox 1510 4907 1662 4962; x_wconf 86' lang='lat' dir='ltr'><strong>illius</strong></span> <span class='ocrx_word' id='word_1_645' title='bbox 1698 4923 1886 4962; x_wconf 84' lang='lat' dir='ltr'><strong>amore</strong></span> <span class='ocrx_word' id='word_1_646' title='bbox 1918 4910 2071 4976; x_wconf 84' lang='lat' dir='ltr'><strong>capi-</strong></span> 
     </span>
    </p>
   </div>
   <div class='ocr_carea' id='block_1_81' title="bbox 2180 3892 3749 3966">
    <p class='ocr_par' dir='ltr' id='par_1_81' title="bbox 2180 3892 3749 3966">
     <span class='ocr_line' id='line_1_81' title="bbox 2180 3892 3749 3966; baseline 0.002 -18"><span class='ocrx_word' id='word_1_647' title='bbox 2180 3895 2457 3966; x_wconf 80' lang='grc' dir='ltr'>συνήντων</span> <span class='ocrx_word' id='word_1_648' title='bbox 2508 3892 2679 3964; x_wconf 75' lang='grc' dir='ltr'>αύτῷ,</span> <span class='ocrx_word' id='word_1_649' title='bbox 2732 3894 2825 3946; x_wconf 76' lang='grc' dir='ltr'>καὶ</span> <span class='ocrx_word' id='word_1_650' title='bbox 2878 3895 3221 3965; x_wconf 80' lang='grc' dir='ltr'>χορεύουσαι,</span> <span class='ocrx_word' id='word_1_651' title='bbox 3274 3895 3519 3965; x_wconf 85' lang='grc' dir='ltr'>χιλιάδας</span> <span class='ocrx_word' id='word_1_652' title='bbox 3568 3896 3749 3951; x_wconf 81' lang='grc' dir='ltr'>ὀλέσαι</span> 
     </span>
    </p>
   </div>
   <div class='ocr_carea' id='block_1_82' title="bbox 2178 3979 3751 4058">
    <p class='ocr_par' dir='ltr' id='par_1_82' title="bbox 2178 3979 3751 4058">
     <span class='ocr_line' id='line_1_82' title="bbox 2178 3979 3751 4058; baseline 0.002 -20"><span class='ocrx_word' id='word_1_653' title='bbox 2178 3987 2270 4038; x_wconf 82' lang='grc' dir='ltr'><strong>τὸν</strong></span> <span class='ocrx_word' id='word_1_654' title='bbox 2321 3985 2513 4049; x_wconf 70' lang='grc' dir='ltr'>Σαοὺλ,</span> <span class='ocrx_word' id='word_1_655' title='bbox 2561 3979 2691 4058; x_wconf 80' lang='grc' dir='ltr'>ᾖδον</span> <span class='ocrx_word' id='word_1_656' title='bbox 2726 4000 2739 4014; x_wconf 75' lang='grc'><strong>⁸</strong></span> <span class='ocrx_word' id='word_1_657' title='bbox 2783 3984 2840 4036; x_wconf 90' lang='grc' dir='ltr'>αἱ</span> <span class='ocrx_word' id='word_1_658' title='bbox 2890 3984 2946 4036; x_wconf 80' lang='grc' dir='ltr'>δὲ</span> <span class='ocrx_word' id='word_1_659' title='bbox 2993 3985 3275 4054; x_wconf 83' lang='grc' dir='ltr'>παρθένοι,</span> <span class='ocrx_word' id='word_1_660' title='bbox 3336 3987 3605 4057; x_wconf 68' lang='grc' dir='ltr'>μυριάδας</span> <span class='ocrx_word' id='word_1_661' title='bbox 3665 3989 3751 4041; x_wconf 82' lang='grc' dir='ltr'><strong>τὸν</strong></span> 
     </span>
    </p>
   </div>
   <div class='ocr_carea' id='block_1_83' title="bbox 2178 4075 3748 4151">
    <p class='ocr_par' dir='ltr' id='par_1_83' title="bbox 2178 4075 3748 4151">
     <span class='ocr_line' id='line_1_83' title="bbox 2178 4075 3748 4151; baseline 0.001 -20"><span class='ocrx_word' id='word_1_662' title='bbox 2178 4077 2343 4131; x_wconf 76' lang='grc' dir='ltr'>Δαϐὶδ</span> <span class='ocrx_word' id='word_1_663' title='bbox 2372 4076 2656 4147; x_wconf 83' lang='grc' dir='ltr'>ἀφανίσαι,</span> <span class='ocrx_word' id='word_1_664' title='bbox 2707 4075 2958 4146; x_wconf 76' lang='grc' dir='ltr'>ἀντῇδον.</span> <span class='ocrx_word' id='word_1_665' title='bbox 3001 4077 3170 4130; x_wconf 77' lang='grc' dir='ltr'>Τοῦτο</span> <span class='ocrx_word' id='word_1_666' title='bbox 3223 4079 3357 4150; x_wconf 69' lang='grc' dir='ltr'>πρὸς</span> <span class='ocrx_word' id='word_1_667' title='bbox 3397 4078 3594 4146; x_wconf 84' lang='grc' dir='ltr'>φθόνον</span> <span class='ocrx_word' id='word_1_668' title='bbox 3620 4080 3748 4151; x_wconf 53' lang='lat' dir='ltr'><strong>apt.</strong></span> 
     </span>
    </p>
   </div>
   <div class='ocr_carea' id='block_1_84' title="bbox 2180 4168 3756 4240">
    <p class='ocr_par' dir='ltr' id='par_1_84' title="bbox 2180 4168 3756 4240">
     <span class='ocr_line' id='line_1_84' title="bbox 2180 4168 3756 4240; baseline -0.001 -16"><span class='ocrx_word' id='word_1_669' title='bbox 2180 4172 2299 4225; x_wconf 90' lang='grc' dir='ltr'>θισε</span> <span class='ocrx_word' id='word_1_670' title='bbox 2355 4170 2446 4223; x_wconf 82' lang='grc' dir='ltr'><strong>τὸν</strong></span> <span class='ocrx_word' id='word_1_671' title='bbox 2502 4170 2694 4232; x_wconf 74' lang='grc' dir='ltr'>Σαοὺλ,</span> <span class='ocrx_word' id='word_1_672' title='bbox 2751 4169 3020 4240; x_wconf 69' lang='grc' dir='ltr'>φήσαντα,</span> <span class='ocrx_word' id='word_1_673' title='bbox 3070 4168 3181 4223; x_wconf 77' lang='grc' dir='ltr'><strong>Καὶ</strong></span> <span class='ocrx_word' id='word_1_674' title='bbox 3227 4172 3283 4223; x_wconf 82' lang='grc' dir='ltr'>τί</span> <span class='ocrx_word' id='word_1_675' title='bbox 3319 4170 3481 4237; x_wconf 80' lang='grc' dir='ltr'>αὐτῷ</span> <span class='ocrx_word' id='word_1_676' title='bbox 3519 4172 3756 4240; x_wconf 65' lang='grc' dir='ltr'>ὑστερεῖ</span> 
     </span>
    </p>
   </div>
   <div class='ocr_carea' id='block_1_85' title="bbox 2179 4260 3746 4330">
    <p class='ocr_par' dir='ltr' id='par_1_85' title="bbox 2179 4260 3746 4330">
     <span class='ocr_line' id='line_1_85' title="bbox 2179 4260 3746 4330; baseline 0.002 -15"><span class='ocrx_word' id='word_1_677' title='bbox 2179 4262 2347 4330; x_wconf 75' lang='grc' dir='ltr'>πλὴν</span> <span class='ocrx_word' id='word_1_678' title='bbox 2394 4261 2431 4328; x_wconf 78' lang='grc' dir='ltr'>ἡ</span> <span class='ocrx_word' id='word_1_679' title='bbox 2477 4260 2808 4326; x_wconf 57' lang='lat' dir='ltr'><strong>ﬂammata;</strong></span> <span class='ocrx_word' id='word_1_680' title='bbox 2866 4263 2976 4314; x_wconf 76' lang='grc' dir='ltr'><strong>Καὶ</strong></span> <span class='ocrx_word' id='word_1_681' title='bbox 3025 4263 3361 4317; x_wconf 83' lang='grc' dir='ltr'>ύπεϐλέπετο</span> <span class='ocrx_word' id='word_1_682' title='bbox 3412 4264 3507 4317; x_wconf 81' lang='grc' dir='ltr'><strong>τὸν</strong></span> <span class='ocrx_word' id='word_1_683' title='bbox 3566 4264 3746 4319; x_wconf 80' lang='grc' dir='ltr'>Δαΰίδ.</span> 
     </span>
    </p>
   </div>
   <div class='ocr_carea' id='block_1_86' title="bbox 2190 4350 3750 4426">
    <p class='ocr_par' dir='ltr' id='par_1_86' title="bbox 2190 4350 3750 4426">
     <span class='ocr_line' id='line_1_86' title="bbox 2190 4350 3750 4426; baseline 0.002 -20"><span class='ocrx_word' id='word_1_684' title='bbox 2190 4353 2579 4416; x_wconf 83' lang='grc' dir='ltr'>Ἐπιπεσόντος</span> <span class='ocrx_word' id='word_1_685' title='bbox 2608 4351 2664 4405; x_wconf 78' lang='grc' dir='ltr'>δὲ</span> <span class='ocrx_word' id='word_1_686' title='bbox 2692 4350 2770 4420; x_wconf 80' lang='grc' dir='ltr'>τῷ</span> <span class='ocrx_word' id='word_1_687' title='bbox 2801 4352 2973 4406; x_wconf 80' lang='grc' dir='ltr'>Σαοὺλ</span> <span class='ocrx_word' id='word_1_688' title='bbox 3018 4355 3328 4424; x_wconf 84' lang='grc' dir='ltr'>πνεύματος</span> <span class='ocrx_word' id='word_1_689' title='bbox 3360 4356 3625 4426; x_wconf 79' lang='grc' dir='ltr'>πονηροῦ,</span> <span class='ocrx_word' id='word_1_690' title='bbox 3661 4357 3750 4409; x_wconf 87' lang='grc' dir='ltr'>καὶ</span> 
     </span>
    </p>
   </div>
   <div class='ocr_carea' id='block_1_87' title="bbox 2168 4445 3745 4519">
    <p class='ocr_par' dir='ltr' id='par_1_87' title="bbox 2168 4445 3745 4519">
     <span class='ocr_line' id='line_1_87' title="bbox 2168 4445 3745 4519; baseline 0.003 -21"><span class='ocrx_word' id='word_1_691' title='bbox 2168 4445 2263 4498; x_wconf 78' lang='grc' dir='ltr'><strong>τοῦ</strong></span> <span class='ocrx_word' id='word_1_692' title='bbox 2317 4445 2483 4498; x_wconf 79' lang='grc' dir='ltr'>Δαϐὶδ</span> <span class='ocrx_word' id='word_1_693' title='bbox 2538 4447 2959 4519; x_wconf 79' lang='grc' dir='ltr'>κατεπᾴδοντος,</span> <span class='ocrx_word' id='word_1_694' title='bbox 2994 4445 3069 4507; x_wconf 85' lang='grc' dir='ltr'>ὡς</span> <span class='ocrx_word' id='word_1_695' title='bbox 3111 4446 3231 4509; x_wconf 70' lang='grc' dir='ltr'>ἔθος</span> <span class='ocrx_word' id='word_1_696' title='bbox 3290 4446 3459 4518; x_wconf 83' lang='grc' dir='ltr'>αὐτῷ,</span> <span class='ocrx_word' id='word_1_697' title='bbox 3508 4448 3569 4502; x_wconf 79' lang='grc' dir='ltr'><strong>τὸ</strong></span> <span class='ocrx_word' id='word_1_698' title='bbox 3621 4448 3745 4517; x_wconf 82' lang='grc' dir='ltr'>δόρυ</span> 
     </span>
    </p>
   </div>
   <div class='ocr_carea' id='block_1_88' title="bbox 2170 4537 3744 4609">
    <p class='ocr_par' dir='ltr' id='par_1_88' title="bbox 2170 4537 3744 4609">
     <span class='ocr_line' id='line_1_88' title="bbox 2170 4537 3744 4609; baseline 0.003 -20"><span class='ocrx_word' id='word_1_699' title='bbox 2170 4537 2362 4590; x_wconf 78' lang='grc' dir='ltr'>ἔϐαλεν</span> <span class='ocrx_word' id='word_1_700' title='bbox 2404 4540 2432 4590; x_wconf 86' lang='grc' dir='ltr'>ὁ</span> <span class='ocrx_word' id='word_1_701' title='bbox 2474 4538 2650 4591; x_wconf 79' lang='grc' dir='ltr'>Σαοὺλ</span> <span class='ocrx_word' id='word_1_702' title='bbox 2678 4542 2796 4595; x_wconf 82' lang='grc' dir='ltr'>κατ’</span> <span class='ocrx_word' id='word_1_703' title='bbox 2826 4540 2992 4593; x_wconf 80' lang='grc' dir='ltr'>αὐτοῦ</span> <span class='ocrx_word' id='word_1_704' title='bbox 3021 4556 3035 4569; x_wconf 74' lang='grc' dir='ltr'>ο</span> <span class='ocrx_word' id='word_1_705' title='bbox 3067 4542 3162 4593; x_wconf 78' lang='grc' dir='ltr'><strong>καὶ</strong></span> <span class='ocrx_word' id='word_1_706' title='bbox 3189 4540 3271 4603; x_wconf 72' lang='grc' dir='ltr'><strong>δὶς</strong></span> <span class='ocrx_word' id='word_1_707' title='bbox 3308 4541 3470 4593; x_wconf 77' lang='grc' dir='ltr'>τοῦτο</span> <span class='ocrx_word' id='word_1_708' title='bbox 3500 4541 3744 4609; x_wconf 77' lang='grc' dir='ltr'>ἐποίησε.</span> 
     </span>
    </p>
   </div>
   <div class='ocr_carea' id='block_1_89' title="bbox 2170 4628 3743 4703">
    <p class='ocr_par' dir='ltr' id='par_1_89' title="bbox 2170 4628 3743 4703">
     <span class='ocr_line' id='line_1_89' title="bbox 2170 4628 3743 4703; baseline 0.001 -19"><span class='ocrx_word' id='word_1_709' title='bbox 2170 4632 2283 4684; x_wconf 76' lang='grc' dir='ltr'><strong>Καὶ</strong></span> <span class='ocrx_word' id='word_1_710' title='bbox 2306 4633 2334 4683; x_wconf 85' lang='grc' dir='ltr'>ὁ</span> <span class='ocrx_word' id='word_1_711' title='bbox 2384 4630 2549 4683; x_wconf 79' lang='grc' dir='ltr'>Δαϐὶδ</span> <span class='ocrx_word' id='word_1_712' title='bbox 2580 4632 2826 4698; x_wconf 76' lang='grc' dir='ltr'>ἐξέκλινε</span> <span class='ocrx_word' id='word_1_713' title='bbox 2848 4650 2862 4665; x_wconf 76' lang='grc' dir='ltr'><strong><em>ο</em></strong></span> <span class='ocrx_word' id='word_1_714' title='bbox 2892 4632 3094 4703; x_wconf 78' lang='grc' dir='ltr'>Κύριος</span> <span class='ocrx_word' id='word_1_715' title='bbox 3128 4633 3247 4702; x_wconf 78' lang='grc' dir='ltr'><strong>γάρ</strong></span> <span class='ocrx_word' id='word_1_716' title='bbox 3278 4628 3345 4703; x_wconf 80' lang='grc' dir='ltr'>ἦν</span> <span class='ocrx_word' id='word_1_717' title='bbox 3387 4635 3505 4703; x_wconf 80' lang='grc' dir='ltr'>μετ’</span> <span class='ocrx_word' id='word_1_718' title='bbox 3559 4632 3743 4686; x_wconf 81' lang='grc' dir='ltr'>αὑτοῦ.</span> 
     </span>
    </p>
   </div>
   <div class='ocr_carea' id='block_1_90' title="bbox 2171 4717 3748 4791">
    <p class='ocr_par' dir='ltr' id='par_1_90' title="bbox 2171 4717 3748 4791">
     <span class='ocr_line' id='line_1_90' title="bbox 2171 4717 3748 4791; baseline -0.001 -18"><span class='ocrx_word' id='word_1_719' title='bbox 2171 4719 2364 4783; x_wconf 86' lang='grc' dir='ltr'>Δεδιὼς</span> <span class='ocrx_word' id='word_1_720' title='bbox 2397 4721 2455 4775; x_wconf 79' lang='grc' dir='ltr'>δὲ</span> <span class='ocrx_word' id='word_1_721' title='bbox 2486 4722 2648 4774; x_wconf 73' lang='grc' dir='ltr'>αὑτὸν</span> <span class='ocrx_word' id='word_1_722' title='bbox 2671 4722 2698 4773; x_wconf 86' lang='grc' dir='ltr'>ὁ</span> <span class='ocrx_word' id='word_1_723' title='bbox 2726 4722 3004 4791; x_wconf 67' lang='grc' dir='ltr'>βασιλεὺς,</span> <span class='ocrx_word' id='word_1_724' title='bbox 3036 4721 3317 4791; x_wconf 81' lang='grc' dir='ltr'>χιλίαρχον</span> <span class='ocrx_word' id='word_1_725' title='bbox 3358 4722 3654 4785; x_wconf 71' lang='grc' dir='ltr'>ἐποιήσατο</span> <span class='ocrx_word' id='word_1_726' title='bbox 3682 4717 3748 4772; x_wconf 82' lang='grc' dir='ltr'><strong>ἶν’</strong></span> 
     </span>
    </p>
   </div>
   <div class='ocr_carea' id='block_1_91' title="bbox 2170 4809 3746 4882">
    <p class='ocr_par' dir='ltr' id='par_1_91' title="bbox 2170 4809 3746 4882">
     <span class='ocr_line' id='line_1_91' title="bbox 2170 4809 3746 4882; baseline -0.002 -16"><span class='ocrx_word' id='word_1_727' title='bbox 2170 4815 2251 4875; x_wconf 85' lang='grc' dir='ltr'><strong>είς</strong></span> <span class='ocrx_word' id='word_1_728' title='bbox 2278 4812 2403 4876; x_wconf 83' lang='grc' dir='ltr'>τοὺς</span> <span class='ocrx_word' id='word_1_729' title='bbox 2435 4811 2728 4882; x_wconf 86' lang='grc' dir='ltr'>πολεμίους</span> <span class='ocrx_word' id='word_1_730' title='bbox 2756 4810 2959 4878; x_wconf 82' lang='grc' dir='ltr'>ἀπιὼν,</span> <span class='ocrx_word' id='word_1_731' title='bbox 2994 4814 3342 4882; x_wconf 76' lang='grc' dir='ltr'>κινδυνεύσῃ.</span> <span class='ocrx_word' id='word_1_732' title='bbox 3374 4814 3430 4867; x_wconf 90' lang='lat'><strong>&#39;0</strong></span> <span class='ocrx_word' id='word_1_733' title='bbox 3451 4814 3508 4866; x_wconf 80' lang='grc' dir='ltr'><strong>δὲ</strong></span> <span class='ocrx_word' id='word_1_734' title='bbox 3530 4812 3608 4882; x_wconf 79' lang='grc' dir='ltr'><strong>τῷ</strong></span> <span class='ocrx_word' id='word_1_735' title='bbox 3632 4809 3746 4881; x_wconf 87' lang='grc' dir='ltr'><strong>Θεῷ</strong></span> 
     </span>
    </p>
   </div>
   <div class='ocr_carea' id='block_1_92' title="bbox 2173 4904 3743 4976">
    <p class='ocr_par' dir='ltr' id='par_1_92' title="bbox 2173 4904 3743 4976">
     <span class='ocr_line' id='line_1_92' title="bbox 2173 4904 3743 4976; baseline -0.002 -17"><span class='ocrx_word' id='word_1_736' title='bbox 2173 4904 2470 4976; x_wconf 83' lang='grc' dir='ltr'>συμμαχού</span> <span class='ocrx_word' id='word_1_737' title='bbox 2482 4922 2665 4975; x_wconf 82' lang='grc' dir='ltr'>μενος,</span> <span class='ocrx_word' id='word_1_738' title='bbox 2693 4904 2966 4959; x_wconf 80' lang='grc' dir='ltr'>εύοδοῦτο.</span> <span class='ocrx_word' id='word_1_739' title='bbox 2999 4906 3109 4959; x_wconf 81' lang='lat' dir='ltr'><strong>Kal</strong></span> <span class='ocrx_word' id='word_1_740' title='bbox 3138 4908 3167 4958; x_wconf 80' lang='grc' dir='ltr'>ὁ</span> <span class='ocrx_word' id='word_1_741' title='bbox 3202 4905 3331 4970; x_wconf 80' lang='grc' dir='ltr'>λαὸς</span> <span class='ocrx_word' id='word_1_742' title='bbox 3366 4906 3556 4975; x_wconf 81' lang='grc' dir='ltr'>ἠγάπα</span> <span class='ocrx_word' id='word_1_743' title='bbox 3582 4905 3743 4959; x_wconf 81' lang='grc' dir='ltr'>αὐτὸν</span> 
     </span>
    </p>
   </div>
   <div class='ocr_carea' id='block_1_93' title="bbox 1689 5065 2576 5126">
    <p class='ocr_par' dir='ltr' id='par_1_93' title="bbox 1689 5065 2576 5126">
     <span class='ocr_line' id='line_1_93' title="bbox 1689 5065 2576 5126; baseline -0.002 -3"><span class='ocrx_word' id='word_1_744' title='bbox 1689 5065 1895 5124; x_wconf 62' lang='grc' dir='ltr'>νοτία)</span> <span class='ocrx_word' id='word_1_745' title='bbox 1940 5068 2244 5126; x_wconf 85' lang='lat' dir='ltr'><strong>lectiones</strong></span> <span class='ocrx_word' id='word_1_746' title='bbox 2290 5070 2351 5123; x_wconf 88' lang='lat' dir='ltr'><strong>et</strong></span> <span class='ocrx_word' id='word_1_747' title='bbox 2388 5073 2576 5122; x_wconf 64' lang='lat' dir='ltr'><strong>notae.</strong></span> 
     </span>
    </p>
   </div>
   <div class='ocr_carea' id='block_1_94' title="bbox 563 5203 2062 5278">
    <p class='ocr_par' dir='ltr' id='par_1_94' title="bbox 563 5203 2062 5278">
     <span class='ocr_line' id='line_1_94' title="bbox 563 5203 2062 5278; baseline -0.001 -17"><span class='ocrx_word' id='word_1_748' title='bbox 563 5207 677 5278; x_wconf 63' lang='lat'><strong>(49)</strong></span> <span class='ocrx_word' id='word_1_749' title='bbox 708 5206 1111 5275; x_wconf 80' lang='grc' dir='ltr'>Παρεστηκὼς</span> <span class='ocrx_word' id='word_1_750' title='bbox 1150 5208 1283 5260; x_wconf 83' lang='grc' dir='ltr'>τότε</span> <span class='ocrx_word' id='word_1_751' title='bbox 1311 5203 1489 5278; x_wconf 67' lang='grc' dir='ltr'>αὐτῷ.</span> <span class='ocrx_word' id='word_1_752' title='bbox 1518 5207 1848 5278; x_wconf 81' lang='lat' dir='ltr'><strong>Ambiguum</strong></span> <span class='ocrx_word' id='word_1_753' title='bbox 1880 5216 2062 5260; x_wconf 87' lang='lat' dir='ltr'><strong>utrum</strong></span> 
     </span>
    </p>
   </div>
   <div class='ocr_carea' id='block_1_95' title="bbox 490 5275 2062 5341">
    <p class='ocr_par' dir='ltr' id='par_1_95' title="bbox 490 5275 2062 5341">
     <span class='ocr_line' id='line_1_95' title="bbox 490 5275 2062 5341; baseline -0.004 -6"><span class='ocrx_word' id='word_1_754' title='bbox 490 5275 783 5341; x_wconf 72' lang='lat' dir='ltr'><strong>sacerdoti,</strong></span> <span class='ocrx_word' id='word_1_755' title='bbox 842 5295 912 5331; x_wconf 86' lang='lat' dir='ltr'><strong>an</strong></span> <span class='ocrx_word' id='word_1_756' title='bbox 951 5278 1160 5341; x_wconf 69' lang='lat' dir='ltr'><strong>llavidi,</strong></span> <span class='ocrx_word' id='word_1_757' title='bbox 1197 5293 1264 5331; x_wconf 90' lang='lat' dir='ltr'><strong>an</strong></span> <span class='ocrx_word' id='word_1_758' title='bbox 1301 5275 1472 5331; x_wconf 87' lang='lat' dir='ltr'><strong>Sauli.</strong></span> <span class='ocrx_word' id='word_1_759' title='bbox 1520 5277 1625 5332; x_wconf 88' lang='lat' dir='ltr'><strong>Sed</strong></span> <span class='ocrx_word' id='word_1_760' title='bbox 1660 5275 1727 5331; x_wconf 82' lang='lat' dir='ltr'><strong>ad</strong></span> <span class='ocrx_word' id='word_1_761' title='bbox 1764 5277 1981 5331; x_wconf 85' lang='lat' dir='ltr'><strong>Saulem</strong></span> <span class='ocrx_word' id='word_1_762' title='bbox 2017 5279 2062 5330; x_wconf 90' lang='lat' dir='ltr'><strong>si</strong></span> 
     </span>
    </p>
   </div>
   <div class='ocr_carea' id='block_1_96' title="bbox 491 5345 2062 5416">
    <p class='ocr_par' dir='ltr' id='par_1_96' title="bbox 491 5345 2062 5416">
     <span class='ocr_line' id='line_1_96' title="bbox 491 5345 2062 5416; baseline -0.002 -14"><span class='ocrx_word' id='word_1_763' title='bbox 491 5350 748 5411; x_wconf 80' lang='lat' dir='ltr'><strong>refertur,</strong></span> <span class='ocrx_word' id='word_1_764' title='bbox 777 5359 836 5401; x_wconf 90' lang='lat' dir='ltr'><strong>ut</strong></span> <span class='ocrx_word' id='word_1_765' title='bbox 856 5358 1102 5416; x_wconf 87' lang='lat' dir='ltr'><strong>apparet,</strong></span> <span class='ocrx_word' id='word_1_766' title='bbox 1131 5355 1215 5401; x_wconf 90' lang='lat' dir='ltr'><strong>est</strong></span> <span class='ocrx_word' id='word_1_767' title='bbox 1247 5348 1642 5416; x_wconf 77' lang='grc' dir='ltr'>περισσολογία</span> <span class='ocrx_word' id='word_1_768' title='bbox 1675 5347 1886 5410; x_wconf 67' lang='lat' dir='ltr'><strong>Graeca,</strong></span> <span class='ocrx_word' id='word_1_769' title='bbox 1915 5345 2062 5415; x_wconf 88' lang='lat' dir='ltr'><strong>quod</strong></span> 
     </span>
    </p>
   </div>
   <div class='ocr_carea' id='block_1_97' title="bbox 490 5418 2065 5489">
    <p class='ocr_par' dir='ltr' id='par_1_97' title="bbox 490 5418 2065 5489">
     <span class='ocr_line' id='line_1_97' title="bbox 490 5418 2065 5489; baseline 0.001 -20"><span class='ocrx_word' id='word_1_770' title='bbox 490 5432 661 5489; x_wconf 84' lang='lat' dir='ltr'><strong>genus</strong></span> <span class='ocrx_word' id='word_1_771' title='bbox 710 5418 763 5469; x_wconf 88' lang='lat' dir='ltr'><strong>in</strong></span> <span class='ocrx_word' id='word_1_772' title='bbox 796 5419 1062 5471; x_wconf 88' lang='lat' dir='ltr'><strong>vertendo</strong></span> <span class='ocrx_word' id='word_1_773' title='bbox 1098 5427 1323 5487; x_wconf 85' lang='lat' dir='ltr'><strong>propter</strong></span> <span class='ocrx_word' id='word_1_774' title='bbox 1360 5420 1520 5472; x_wconf 88' lang='lat' dir='ltr'><strong>aliam</strong></span> <span class='ocrx_word' id='word_1_775' title='bbox 1566 5419 1743 5472; x_wconf 84' lang='lat' dir='ltr'><strong>Latini</strong></span> <span class='ocrx_word' id='word_1_776' title='bbox 1788 5418 2065 5470; x_wconf 87' lang='lat' dir='ltr'><strong>sermonis</strong></span> 
     </span>
    </p>
   </div>
   <div class='ocr_carea' id='block_1_98' title="bbox 492 5488 2063 5556">
    <p class='ocr_par' dir='ltr' id='par_1_98' title="bbox 492 5488 2063 5556">
     <span class='ocr_line' id='line_1_98' title="bbox 492 5488 2063 5556; baseline -0.001 -16"><span class='ocrx_word' id='word_1_777' title='bbox 492 5488 781 5550; x_wconf 78' lang='lat' dir='ltr'><strong>rationem,</strong></span> <span class='ocrx_word' id='word_1_778' title='bbox 819 5504 927 5556; x_wconf 87' lang='lat' dir='ltr'><strong>quo</strong></span> <span class='ocrx_word' id='word_1_779' title='bbox 970 5489 1356 5542; x_wconf 87' lang='lat' dir='ltr'><strong>antecedentia</strong></span> <span class='ocrx_word' id='word_1_780' title='bbox 1399 5504 1463 5541; x_wconf 73' lang='lat' dir='ltr'><strong>ex</strong></span> <span class='ocrx_word' id='word_1_781' title='bbox 1495 5488 1560 5540; x_wconf 88' lang='lat' dir='ltr'><strong>iis</strong></span> <span class='ocrx_word' id='word_1_782' title='bbox 1600 5503 1720 5556; x_wconf 61' lang='lat' dir='ltr'><strong>qua:</strong></span> <span class='ocrx_word' id='word_1_783' title='bbox 1753 5497 2063 5556; x_wconf 81' lang='lat' dir='ltr'><strong>sequuntur</strong></span> 
     </span>
    </p>
   </div>
   <div class='ocr_carea' id='block_1_99' title="bbox 492 5555 2065 5625">
    <p class='ocr_par' dir='ltr' id='par_1_99' title="bbox 492 5555 2065 5625">
     <span class='ocr_line' id='line_1_99' title="bbox 492 5555 2065 5625; baseline -0.001 -16"><span class='ocrx_word' id='word_1_784' title='bbox 492 5558 722 5625; x_wconf 84' lang='lat' dir='ltr'><strong>intelligi</strong></span> <span class='ocrx_word' id='word_1_785' title='bbox 752 5555 946 5617; x_wconf 80' lang='lat' dir='ltr'><strong>solent,</strong></span> <span class='ocrx_word' id='word_1_786' title='bbox 969 5569 1117 5612; x_wconf 84' lang='lat' dir='ltr'><strong>recte</strong></span> <span class='ocrx_word' id='word_1_787' title='bbox 1141 5559 1435 5612; x_wconf 86' lang='lat' dir='ltr'><strong>omittitur.</strong></span> <span class='ocrx_word' id='word_1_788' title='bbox 1464 5558 1598 5610; x_wconf 80' lang='lat' dir='ltr'><strong>Nam</strong></span> <span class='ocrx_word' id='word_1_789' title='bbox 1619 5555 1668 5611; x_wconf 79' lang='lat' dir='ltr'><strong>si</strong></span> <span class='ocrx_word' id='word_1_790' title='bbox 1696 5560 1812 5624; x_wconf 89' lang='lat' dir='ltr'><strong>ipse</strong></span> <span class='ocrx_word' id='word_1_791' title='bbox 1838 5555 2065 5624; x_wconf 85' lang='lat' dir='ltr'><strong>Degregi</strong></span> 
     </span>
    </p>
   </div>
   <div class='ocr_carea' id='block_1_100' title="bbox 490 5626 2069 5690">
    <p class='ocr_par' dir='ltr' id='par_1_100' title="bbox 490 5626 2069 5690">
     <span class='ocr_line' id='line_1_100' title="bbox 490 5626 2069 5690; baseline -0.001 -10"><span class='ocrx_word' id='word_1_792' title='bbox 490 5626 543 5680; x_wconf 86' lang='lat' dir='ltr'><strong>id</strong></span> <span class='ocrx_word' id='word_1_793' title='bbox 574 5631 774 5680; x_wconf 86' lang='lat' dir='ltr'><strong>factum</strong></span> <span class='ocrx_word' id='word_1_794' title='bbox 824 5628 1119 5690; x_wconf 85' lang='lat' dir='ltr'><strong>nuntiavit,</strong></span> <span class='ocrx_word' id='word_1_795' title='bbox 1153 5630 1393 5682; x_wconf 89' lang='lat' dir='ltr'><strong>astitisse</strong></span> <span class='ocrx_word' id='word_1_796' title='bbox 1438 5639 1531 5679; x_wconf 88' lang='lat' dir='ltr'><strong>aut</strong></span> <span class='ocrx_word' id='word_1_797' title='bbox 1569 5628 1865 5680; x_wconf 81' lang='lat' dir='ltr'><strong>acceSsisse</strong></span> <span class='ocrx_word' id='word_1_798' title='bbox 1916 5627 2069 5678; x_wconf 78' lang='lat' dir='ltr'><strong>illum</strong></span> 
     </span>
    </p>
   </div>
   <div class='ocr_carea' id='block_1_101' title="bbox 491 5696 2069 5767">
    <p class='ocr_par' dir='ltr' id='par_1_101' title="bbox 491 5696 2069 5767">
     <span class='ocr_line' id='line_1_101' title="bbox 491 5696 2069 5767; baseline -0.003 -16"><span class='ocrx_word' id='word_1_799' title='bbox 491 5712 656 5767; x_wconf 80' lang='lat' dir='ltr'><strong>nemo</strong></span> <span class='ocrx_word' id='word_1_800' title='bbox 686 5698 924 5752; x_wconf 80' lang='lat' dir='ltr'><strong>dubitat.</strong></span> <span class='ocrx_word' id='word_1_801' title='bbox 951 5700 1044 5751; x_wconf 85' lang='lat' dir='ltr'><strong>Sic</strong></span> <span class='ocrx_word' id='word_1_802' title='bbox 1068 5701 1232 5767; x_wconf 89' lang='lat' dir='ltr'><strong>paulo</strong></span> <span class='ocrx_word' id='word_1_803' title='bbox 1266 5710 1410 5767; x_wconf 79' lang='lat' dir='ltr'><strong>post,</strong></span> <span class='ocrx_word' id='word_1_804' title='bbox 1446 5701 1557 5758; x_wconf 78' lang='grc' dir='ltr'>τοῖς</span> <span class='ocrx_word' id='word_1_805' title='bbox 1594 5696 1930 5767; x_wconf 83' lang='grc' dir='ltr'>περιστώσιν</span> <span class='ocrx_word' id='word_1_806' title='bbox 1972 5696 2069 5767; x_wconf 61' lang='grc' dir='ltr'>αὐτ</span> 
     </span>
    </p>
   </div>
   <div class='ocr_carea' id='block_1_102' title="bbox 492 5764 2074 5835">
    <p class='ocr_par' dir='ltr' id='par_1_102' title="bbox 492 5764 2074 5835">
     <span class='ocr_line' id='line_1_102' title="bbox 492 5764 2074 5835; baseline 0 -18"><span class='ocrx_word' id='word_1_807' title='bbox 492 5766 571 5835; x_wconf 83' lang='grc' dir='ltr'>τῷ</span> <span class='ocrx_word' id='word_1_808' title='bbox 608 5766 873 5831; x_wconf 78' lang='grc' dir='ltr'>ὁπλίταις,</span> <span class='ocrx_word' id='word_1_809' title='bbox 911 5764 1083 5833; x_wconf 68' lang='lat' dir='ltr'><strong>verti,</strong></span> <span class='ocrx_word' id='word_1_810' title='bbox 1116 5788 1145 5821; x_wconf 89' lang='lat' dir='ltr'><strong>a</strong></span> <span class='ocrx_word' id='word_1_811' title='bbox 1177 5764 1491 5821; x_wconf 70' lang='lat' dir='ltr'><strong>satellitibus</strong></span> <span class='ocrx_word' id='word_1_812' title='bbox 1517 5769 1677 5819; x_wconf 83' lang='lat' dir='ltr'><strong>occidi</strong></span> <span class='ocrx_word' id='word_1_813' title='bbox 1709 5766 1879 5834; x_wconf 70' lang='lat' dir='ltr'><strong>jubet.</strong></span> <span class='ocrx_word' id='word_1_814' title='bbox 1917 5764 2074 5828; x_wconf 80' lang='lat' dir='ltr'><strong>Quod</strong></span> 
     </span>
    </p>
   </div>
   <div class='ocr_carea' id='block_1_103' title="bbox 494 5836 2083 5907">
    <p class='ocr_par' dir='ltr' id='par_1_103' title="bbox 494 5836 2083 5907">
     <span class='ocr_line' id='line_1_103' title="bbox 494 5836 2083 5907; baseline -0.002 -17"><span class='ocrx_word' id='word_1_815' title='bbox 494 5837 539 5890; x_wconf 90' lang='lat' dir='ltr'><strong>si</strong></span> <span class='ocrx_word' id='word_1_816' title='bbox 571 5837 693 5907; x_wconf 90' lang='lat' dir='ltr'><strong>quis</strong></span> <span class='ocrx_word' id='word_1_817' title='bbox 723 5839 853 5892; x_wconf 90' lang='lat' dir='ltr'><strong>mihi</strong></span> <span class='ocrx_word' id='word_1_818' title='bbox 884 5841 1313 5895; x_wconf 81' lang='lat' dir='ltr'><strong>controversiam</strong></span> <span class='ocrx_word' id='word_1_819' title='bbox 1335 5840 1485 5902; x_wconf 83' lang='lat' dir='ltr'><strong>facit,</strong></span> <span class='ocrx_word' id='word_1_820' title='bbox 1514 5836 1866 5907; x_wconf 78' lang='lat' dir='ltr'><strong>participium</strong></span> <span class='ocrx_word' id='word_1_821' title='bbox 1892 5844 2083 5888; x_wconf 64' lang='lat' dir='ltr'><strong>astuti.</strong></span> 
     </span>
    </p>
   </div>
   <div class='ocr_carea' id='block_1_104' title="bbox 2170 5203 3746 5275">
    <p class='ocr_par' dir='ltr' id='par_1_104' title="bbox 2170 5203 3746 5275">
     <span class='ocr_line' id='line_1_104' title="bbox 2170 5203 3746 5275; baseline 0.001 -18"><span class='ocrx_word' id='word_1_822' title='bbox 2170 5206 2308 5258; x_wconf 75' lang='lat' dir='ltr'><strong>tibus</strong></span> <span class='ocrx_word' id='word_1_823' title='bbox 2362 5221 2469 5259; x_wconf 90' lang='lat' dir='ltr'><strong>non</strong></span> <span class='ocrx_word' id='word_1_824' title='bbox 2510 5220 2632 5258; x_wconf 82' lang='lat' dir='ltr'><strong>esse</strong></span> <span class='ocrx_word' id='word_1_825' title='bbox 2676 5219 3173 5273; x_wconf 81' lang='lat' dir='ltr'><strong>supervacaneum,</strong></span> <span class='ocrx_word' id='word_1_826' title='bbox 3208 5205 3303 5258; x_wconf 84' lang='lat' dir='ltr'><strong>sed</strong></span> <span class='ocrx_word' id='word_1_827' title='bbox 3345 5203 3549 5259; x_wconf 86' lang='lat' dir='ltr'><strong>habere</strong></span> <span class='ocrx_word' id='word_1_828' title='bbox 3597 5207 3746 5275; x_wconf 71' lang='grc' dir='ltr'><strong>ἐνέρ-</strong></span> 
     </span>
    </p>
   </div>
   <div class='ocr_carea' id='block_1_105' title="bbox 2171 5276 3746 5342">
    <p class='ocr_par' dir='ltr' id='par_1_105' title="bbox 2171 5276 3746 5342">
     <span class='ocr_line' id='line_1_105' title="bbox 2171 5276 3746 5342; baseline 0.002 -15"><span class='ocrx_word' id='word_1_829' title='bbox 2171 5293 2349 5342; x_wconf 86' lang='grc' dir='ltr'>γειαν,</span> <span class='ocrx_word' id='word_1_830' title='bbox 2383 5278 2626 5329; x_wconf 87' lang='lat' dir='ltr'><strong>concedo</strong></span> <span class='ocrx_word' id='word_1_831' title='bbox 2656 5291 2787 5328; x_wconf 86' lang='lat' dir='ltr'><strong>sane</strong></span> <span class='ocrx_word' id='word_1_832' title='bbox 2821 5291 2834 5327; x_wconf 87' lang='lat'><strong>:</strong></span> <span class='ocrx_word' id='word_1_833' title='bbox 2868 5279 2963 5329; x_wconf 84' lang='lat' dir='ltr'><strong>sed</strong></span> <span class='ocrx_word' id='word_1_834' title='bbox 2998 5276 3130 5329; x_wconf 90' lang='lat' dir='ltr'><strong>illud</strong></span> <span class='ocrx_word' id='word_1_835' title='bbox 3164 5284 3354 5329; x_wconf 84' lang='lat' dir='ltr'><strong>contra</strong></span> <span class='ocrx_word' id='word_1_836' title='bbox 3377 5278 3501 5329; x_wconf 88' lang='lat' dir='ltr'><strong>dico</strong></span> <span class='ocrx_word' id='word_1_837' title='bbox 3538 5290 3569 5329; x_wconf 91' lang='lat' dir='ltr'><strong>a</strong></span> <span class='ocrx_word' id='word_1_838' title='bbox 3602 5277 3746 5330; x_wconf 88' lang='lat' dir='ltr'><strong>Lati-</strong></span> 
     </span>
    </p>
   </div>
   <div class='ocr_carea' id='block_1_106' title="bbox 2172 5344 3746 5415">
    <p class='ocr_par' dir='ltr' id='par_1_106' title="bbox 2172 5344 3746 5415">
     <span class='ocr_line' id='line_1_106' title="bbox 2172 5344 3746 5415; baseline 0.001 -18"><span class='ocrx_word' id='word_1_839' title='bbox 2172 5346 2260 5398; x_wconf 86' lang='lat' dir='ltr'><strong>nis</strong></span> <span class='ocrx_word' id='word_1_840' title='bbox 2297 5346 2347 5397; x_wconf 91' lang='lat' dir='ltr'><strong>id</strong></span> <span class='ocrx_word' id='word_1_841' title='bbox 2396 5348 2674 5415; x_wconf 69' lang='grc' dir='ltr'>ἐνεργείας</span> <span class='ocrx_word' id='word_1_842' title='bbox 2722 5359 2891 5413; x_wconf 83' lang='lat' dir='ltr'><strong>genus</strong></span> <span class='ocrx_word' id='word_1_843' title='bbox 2931 5345 3000 5398; x_wconf 91' lang='lat' dir='ltr'><strong>oh</strong></span> <span class='ocrx_word' id='word_1_844' title='bbox 3031 5345 3443 5414; x_wconf 81' lang='lat' dir='ltr'><strong>participiorum</strong></span> <span class='ocrx_word' id='word_1_845' title='bbox 3483 5344 3653 5399; x_wconf 87' lang='lat' dir='ltr'><strong>alium</strong></span> <span class='ocrx_word' id='word_1_846' title='bbox 3693 5356 3746 5401; x_wconf 91' lang='lat' dir='ltr'><strong>et</strong></span> 
     </span>
    </p>
   </div>
   <div class='ocr_carea' id='block_1_107' title="bbox 2174 5415 3742 5485">
    <p class='ocr_par' dir='ltr' id='par_1_107' title="bbox 2174 5415 3742 5485">
     <span class='ocr_line' id='line_1_107' title="bbox 2174 5415 3742 5485; baseline 0.001 -18"><span class='ocrx_word' id='word_1_847' title='bbox 2174 5416 2357 5468; x_wconf 89' lang='lat' dir='ltr'><strong>minus</strong></span> <span class='ocrx_word' id='word_1_848' title='bbox 2384 5415 2727 5483; x_wconf 87' lang='lat' dir='ltr'><strong>frequentem</strong></span> <span class='ocrx_word' id='word_1_849' title='bbox 2764 5429 2921 5467; x_wconf 91' lang='lat' dir='ltr'><strong>usum</strong></span> <span class='ocrx_word' id='word_1_850' title='bbox 2970 5416 3081 5468; x_wconf 91' lang='lat' dir='ltr'><strong>fere</strong></span> <span class='ocrx_word' id='word_1_851' title='bbox 3135 5417 3330 5485; x_wconf 82' lang='lat' dir='ltr'><strong>negligi</strong></span> <span class='ocrx_word' id='word_1_852' title='bbox 3368 5432 3381 5467; x_wconf 90' lang='lat'><strong>:</strong></span> <span class='ocrx_word' id='word_1_853' title='bbox 3413 5416 3463 5466; x_wconf 88' lang='lat' dir='ltr'><strong>id</strong></span> <span class='ocrx_word' id='word_1_854' title='bbox 3502 5418 3650 5483; x_wconf 89' lang='lat' dir='ltr'><strong>quod</strong></span> <span class='ocrx_word' id='word_1_855' title='bbox 3693 5418 3742 5470; x_wconf 86' lang='lat' dir='ltr'><strong>ei</strong></span> 
     </span>
    </p>
   </div>
   <div class='ocr_carea' id='block_1_108' title="bbox 2170 5485 3746 5553">
    <p class='ocr_par' dir='ltr' id='par_1_108' title="bbox 2170 5485 3746 5553">
     <span class='ocr_line' id='line_1_108' title="bbox 2170 5485 3746 5553; baseline 0.001 -13"><span class='ocrx_word' id='word_1_856' title='bbox 2170 5486 2379 5553; x_wconf 83' lang='lat' dir='ltr'><strong>liquido</strong></span> <span class='ocrx_word' id='word_1_857' title='bbox 2409 5485 2712 5553; x_wconf 87' lang='lat' dir='ltr'><strong>apparebit,</strong></span> <span class='ocrx_word' id='word_1_858' title='bbox 2742 5487 2832 5553; x_wconf 90' lang='lat' dir='ltr'><strong>qui</strong></span> <span class='ocrx_word' id='word_1_859' title='bbox 2864 5486 3112 5539; x_wconf 89' lang='lat' dir='ltr'><strong>eamdem</strong></span> <span class='ocrx_word' id='word_1_860' title='bbox 3143 5486 3467 5540; x_wconf 69' lang='lat' dir='ltr'><strong>sententiam</strong></span> <span class='ocrx_word' id='word_1_861' title='bbox 3495 5501 3525 5538; x_wconf 88' lang='lat' dir='ltr'><strong>a</strong></span> <span class='ocrx_word' id='word_1_862' title='bbox 3551 5485 3746 5541; x_wconf 86' lang='lat' dir='ltr'><strong>Latino</strong></span> 
     </span>
    </p>
   </div>
   <div class='ocr_carea' id='block_1_109' title="bbox 2170 5555 3749 5625">
    <p class='ocr_par' dir='ltr' id='par_1_109' title="bbox 2170 5555 3749 5625">
     <span class='ocr_line' id='line_1_109' title="bbox 2170 5555 3749 5625; baseline 0.001 -17"><span class='ocrx_word' id='word_1_863' title='bbox 2170 5565 2226 5608; x_wconf 86' lang='lat' dir='ltr'><strong>et</strong></span> <span class='ocrx_word' id='word_1_864' title='bbox 2256 5555 2444 5609; x_wconf 68' lang='lat' dir='ltr'><strong>Graeco</strong></span> <span class='ocrx_word' id='word_1_865' title='bbox 2472 5557 2744 5624; x_wconf 85' lang='lat' dir='ltr'><strong>scriptore</strong></span> <span class='ocrx_word' id='word_1_866' title='bbox 2782 5564 3030 5619; x_wconf 86' lang='lat' dir='ltr'><strong>tractam,</strong></span> <span class='ocrx_word' id='word_1_867' title='bbox 3067 5572 3186 5625; x_wconf 68' lang='lat' dir='ltr'><strong>qua:</strong></span> <span class='ocrx_word' id='word_1_868' title='bbox 3216 5556 3398 5609; x_wconf 74' lang='lat' dir='ltr'><strong>multa:</strong></span> <span class='ocrx_word' id='word_1_869' title='bbox 3424 5556 3628 5625; x_wconf 88' lang='lat' dir='ltr'><strong>passim</strong></span> <span class='ocrx_word' id='word_1_870' title='bbox 3654 5573 3749 5612; x_wconf 76' lang='lat' dir='ltr'><strong>ex-</strong></span> 
     </span>
    </p>
   </div>
   <div class='ocr_carea' id='block_1_110' title="bbox 2171 5626 3744 5694">
    <p class='ocr_par' dir='ltr' id='par_1_110' title="bbox 2171 5626 3744 5694">
     <span class='ocr_line' id='line_1_110' title="bbox 2171 5626 3744 5694; baseline 0.003 -16"><span class='ocrx_word' id='word_1_871' title='bbox 2171 5633 2336 5688; x_wconf 90' lang='lat' dir='ltr'><strong>stant,</strong></span> <span class='ocrx_word' id='word_1_872' title='bbox 2368 5627 2703 5679; x_wconf 87' lang='lat' dir='ltr'><strong>contnlerit:</strong></span> <span class='ocrx_word' id='word_1_873' title='bbox 2735 5639 2822 5678; x_wconf 90' lang='lat' dir='ltr'><strong>me</strong></span> <span class='ocrx_word' id='word_1_874' title='bbox 2851 5626 3096 5693; x_wconf 79' lang='lat' dir='ltr'><strong>exempla</strong></span> <span class='ocrx_word' id='word_1_875' title='bbox 3133 5627 3385 5694; x_wconf 89' lang='lat' dir='ltr'><strong>persequi</strong></span> <span class='ocrx_word' id='word_1_876' title='bbox 3420 5627 3744 5694; x_wconf 84' lang='lat' dir='ltr'><strong>occupatio-</strong></span> 
     </span>
    </p>
   </div>
   <div class='ocr_carea' id='block_1_111' title="bbox 2172 5696 3745 5819">
    <p class='ocr_par' dir='ltr' id='par_1_111' title="bbox 2172 5696 3745 5819">
     <span class='ocr_line' id='line_1_111' title="bbox 2172 5696 3745 5819; baseline 0.003 -73"><span class='ocrx_word' id='word_1_877' title='bbox 2172 5709 2273 5818; x_wconf 59' lang='lat' dir='ltr'><strong>pes</strong></span> <span class='ocrx_word' id='word_1_878' title='bbox 2301 5705 2376 5819; x_wconf 34' lang='lat' dir='ltr'><strong>ea]</strong></span> <span class='ocrx_word' id='word_1_879' title='bbox 2400 5697 2650 5753; x_wconf 88' lang='lat' dir='ltr'><strong>instituta</strong></span> <span class='ocrx_word' id='word_1_880' title='bbox 2694 5696 2932 5750; x_wconf 84' lang='lat' dir='ltr'><strong>brevitas</strong></span> <span class='ocrx_word' id='word_1_881' title='bbox 2960 5696 3068 5750; x_wconf 89' lang='lat' dir='ltr'><strong>hoc</strong></span> <span class='ocrx_word' id='word_1_882' title='bbox 3098 5708 3343 5765; x_wconf 88' lang='lat' dir='ltr'><strong>tempore</strong></span> <span class='ocrx_word' id='word_1_883' title='bbox 3377 5711 3487 5751; x_wconf 90' lang='lat' dir='ltr'><strong>non</strong></span> <span class='ocrx_word' id='word_1_884' title='bbox 3516 5697 3745 5765; x_wconf 87' lang='lat' dir='ltr'><strong>patiun-</strong></span> 
     </span>
     <span class='ocr_line' id='line_1_112' title="bbox 2200 5780 2398 5818; baseline 0 0"><span class='ocrx_word' id='word_1_885' title='bbox 2200 5780 2282 5818; x_wconf 91' lang='lat' dir='ltr'><strong>ur.</strong></span> <span class='ocrx_word' id='word_1_886' title='bbox 2384 5806 2398 5818; x_wconf 93' lang='lat'><strong>.</strong></span> 
     </span>
    </p>
   </div>
   <div class='ocr_carea' id='block_1_112' title="bbox 2174 5774 2398 5818">
    <p class='ocr_par' dir='ltr' id='par_1_112' title="bbox 2174 5774 2398 5818">
     <span class='ocr_line' id='line_1_113' title="bbox 2174 5774 2398 5818; baseline 0 0"><span class='ocrx_word' id='word_1_887' title='bbox 2174 5774 2282 5818; x_wconf 92' lang='lat' dir='ltr'><strong>tur.</strong></span> <span class='ocrx_word' id='word_1_888' title='bbox 2315 5774 2398 5818; x_wconf 85' lang='lat' dir='ltr'><strong>W.</strong></span> 
     </span>
    </p>
   </div>
  </div>
