3984 6618
231 355 314 420 ,ῃ
1153 411 1156 415 _
1506 333 1809 396 ANNALl

1914 331 1916 336 ’
1959 333 2110 392 LIB.
2155 332 2200 392 Ι.
3366 336 3472 396 138

229 468 359 536 καὶὴ
391 463 485 518 τοῦ
539 460 810 532 βασιλέως
869 456 1115 526 θυγάτηρ
1174 450 1390 522 Μελχὺλ
1439 451 1548 522 ἦρα
1609 447 1790 502 Δαϐιδ.

1914 460 2008 498 .nr.
2039 443 2196 511 Quod
2227 442 2358 500 Saul
2389 446 2663 508 nuntiato,
2691 434 3108 504 statuendarum
3146 449 3472 507 insidiarum

230 553 608 631 Προσηγγέλθη
668 545 763 606 οὖν
817 552 847 604 6
903 549 1044 619 ἔρως
1079 545 1159 617 τῷ
1198 544 1434 616 βασιλεῖ,
1468 542 1564 597 καὶ
1605 540 1662 603 ὃς
1713 541 1790 602 εἰς

1914 539 2243 594 iccasionem
2279 539 2500 609 arripit,
2529 539 2694 595 ﬁliam
2732 543 2782 595 ei
2817 557 2876 596 se
2901 542 3158 596 daturum
3187 544 3472 614 pollicens,

228 651 374 718 Λαϐὴν
410 645 708 715 ἐπιϐουλῆς
734 643 939 715 ἐχρῆτο
963 641 1039 712 τῷ
1061 641 1246 712 ἔρωτι.
1278 638 1420 708 Ἔφη
1444 637 1551 707 γὰρ
1602 633 1795 688 δώσειν

1914 631 1942 685 si
1970 640 2192 687 centum
2221 631 2486 702 praeputia
2522 631 2958 704 alienigenarum
2997 634 3103 689 sibi
3152 637 3428 693 attulisset
3457 658 3470 693 :

229 740 357 810 αᾶτῷ
387 739 449 792 τὸ
484 737 805 808 θυγάτριον,
849 734 900 785 εί
940 732 1134 786 ἑκατὸν
1169 726 1540 799 ἀκροϐυστίας
1582 723 1794 791 ἐνέγκοι

1914 724 2013 778 'ore
2043 738 2272 794 sperans
2332 734 2392 779 ut
2424 724 2476 778 in
2505 725 2694 794 prtelio
2719 727 2962 781 caderet.
2996 727 3070 781 Eo
3099 728 3268 783 David
3312 730 3474 784 intel-

228 831 359 903 σύτῷ
391 848 408 862 ·
446 829 660 900 οἰηθεὶς
691 825 980 882 πεσεῖσθαι
1009 822 1170 877 αὐτὸν
1197 824 1310 882 τοῖς
1342 817 1661 889 ἀλλοφύλοις
1689 834 1794 885 μιν.⁴

1918 826 2064 880 ceto,
2087 832 2212 870 cum
2244 817 2359 872 suis
2385 817 2656 873 militibus
2687 820 2992 889 prof-etus,
3020 830 3074 876 et
3118 823 3274 876 etesis
3298 823 3477 878 hosti-

227 925 459 998 χύμενον.
497 919 676 973 Τοῦτο
701 917 891 991 μαθὼν
922 917 952 970 6
982 913 1171 978 Δαϐιδ,
1208 909 1482 982 ἐπορεύθη
1519 907 1657 979 μετὰ
1686 906 1798 958 τῶν

1914 925 2025 974 aus,
2075 921 2297 966 centum
2325 909 2477 966 Sauli
2513 915 2780 983 praeputia
2824 913 2983 968 affert
3029 915 3324 985 (Iosephus
3366 933 3475 971 non

227 1020 300 1076 ὑπ’
323 1016 513 1082 αὑτὸν,
545 1013 644 1068 καὶ
673 1011 948 1076 ἐπάταξεν
982 1010 1040 1062 ὲν
1081 1008 1193 1068 τοῖς
1218 1001 1562 1072 ἀλλοφύλοις,
1602 999 1696 1053 καὶ
1737 999 1799 1069 ή-

228 1128 399 1180 νεγκεν
418 1105 796 1178 ἀκροϐυστίας
820 1102 898 1174 τῷ
920 1099 1094 1156 Σαοὺλ
1115 1095 1337 1152 ἑκατόν.
1376 1095 1436 1147 '0
1457 1094 1514 1148 δὲ
1535 1092 1801 1161 Ἰώσηπος

227 1208 307 1275 οὐχ
324 1203 528 1258 ἑκατὸν
573 1197 944 1271 ἀκροϐυστίας
964 1194 1188 1266 κομίσαι
1206 1192 1296 1246 τὸν
1319 1189 1506 1254 Δαόὶδ,
1522 1187 1657 1244 ἀλλὰ
1679 1186 1802 1252 ἐξα-

1902 1012 2123 1058 centum
2187 1005 2488 1074 praeputia,
2539 1006 2635 1060 scd
2688 1018 2947 1062 sexcenta
3005 1009 3184 1078 capita
3228 1010 3479 1065 attulisse

1902 1096 2133 1168 narrat),
2155 1097 2339 1166 itaque
2363 1098 2647 1152 Melcholis
2663 1100 2920 1174 coniugio
2948 1102 3178 1171 potitur.
3206 1103 3478 1159 Caeterum

1905 1186 2057 1251 Saul,
2079 1189 2172 1259 qui
2191 1204 2316 1244 eum
2339 1190 2680 1248 etdivinitus
2701 1192 2894 1257 foveri,
2917 1204 2972 1249 et
2996 1195 3214 1264 publice
3247 1197 3479 1252 charum

227 1297 396 1356 κοσίας
439 1295 688 1364 κεφαλὰς
722 1289 1054 1360 ἀλλοφύλων.
1073 1285 1186 1341 Καὶ
1219 1284 1508 1349 ζεύγνυσιν
1529 1279 1679 1352 αύτῷ
1702 1278 1802 1349 τὴν

1914 1282 2095 1336 haberi
2135 1295 2403 1346 cerneret,
2440 1284 2613 1355 magis
2647 1285 2812 1340 etiam
2855 1285 3171 1354 formidare,
3208 1289 3480 1355 insidiari,

226 1389 404 1443 ἑαυτοῦ
427 1387 710 1459 θυγατέρα
731 1384 969 1453 Μελχόλ.
1014 1379 1187 1452 Ὀρῶν
1213 1378 1270 1431 δὲ
1292 1377 1385 1430 τὸν
1411 1375 1576 1428 Δαϐὶδ
1604 1374 1696 1426 καὶ
1726 1371 1803 1437 τῷ

1914 1375 2088 1430 moliri
2123 1374 2230 1446 65
2262 1391 2476 1431 necem.
2515 1377 2683 1446 Igitur
2709 1378 2960 1434 Jonathte
2993 1380 3124 1445 ﬁlio,
3157 1391 3214 1437 et
3247 1383 3483 1437 famulo-

226 1481 324 1551 Θεῷ
384 1478 882 1550 συμμαχούμενον,
936 1476 1033 1528 καὶ
1075 1471 1152 1543 τῷ
1206 1469 1402 1542 πλήθει
1455 1466 1801 1539 φιλούμενον,

225 1579 290 1629 ἔτι
348 1575 554 1645 μᾶλλον
609 1573 823 1636 ἐδεδίει,
887 1570 987 1624 καὶ
1028 1566 1425 1622 ἐπεϐούλευσεν
1478 1562 1652 1634 αὐτῷ,
1711 1566 1807 1618 καὶ

227 1670 426 1721 κτανεῖν
456 1664 757 1734 ἐπεχείρει.
791 1661 883 1732 Τῷ
922 1663 1015 1716 οὖν
1072 1659 1177 1731 υίῴ
1237 1658 1496 1713 Ὶωνάθαν
1547 1659 1644 1712 καὶ
1689 1660 1806 1720 τοῖς

1907 1483 2026 1522 rum
2073 1467 2430 1534 ﬁdelissimis,
2485 1468 2689 1524 caedem
2722 1471 2843 1539 ejus
2874 1473 3116 1526 mandat.
3165 1474 3362 1527 Verum
3389 1473 3484 1530 Jo-

1907 1561 2121 1623 natbas,
2159 1559 2253 1628 qui
2290 1559 2551 1614 Davidem
2584 1571 2818 1627 amaret,
2858 1564 3175 1618 mandatum
3227 1565 3399 1634 patris
3431 1568 3486 1621 ei

1907 1654 2100 1718 refert,
2130 1653 2524 1722 caverejubet,
2558 1669 2684 1706 cum
2710 1663 2867 1723 patre
2895 1665 3148 1709 acturum
3186 1657 3485 1725 promittit,

225 1759 560 1822 πιστοτάτοις
611 1757 722 1810 τῶν
773 1755 1001 1810 οἰκετῶν
1032 1758 1130 1825 τὴν
1178 1752 1456 1822 ἀναίρεσιν
1487 1751 1652 1805 αὐτοῦ
1686 1753 1806 1804 ἐπι-

1914 1749 2074 1819 eique
2102 1748 2476 1804 indicaturum
2503 1747 2708 1802 omnia.
2744 1747 2900 1803 Facit
2931 1749 3034 1811 ita,
3073 1759 3127 1804 et
3154 1752 3329 1819 patris
3365 1754 3488 1806 ani-

227 1853 422 1906 τάσσει.
473 1850 735 1905 Ἰωνάθαν
770 1849 828 1902 δὲ
875 1847 1048 1918 φιλῶν
1094 1847 1186 1900 τὸν
1218 1844 1405 1909 Δαϐὶδ,
1441 1843 1607 1914 δηλοῖ
1656 1843 1804 1912 αὑτῷ

227 1947 276 1998 τὸ
299 1945 610 2014 ἐπίταγμα,
647 1941 744 1996 καὶ
778 1941 1149 2011 φυλάττεσθαι
1185 1940 1464 2009 παραινεῖ,
1497 1937 1592 1991 καὶ
1633 1937 1805 2003 ἐπαγ-

227 2039 463 2104 γέλλεται
491 2033 948 2107 διαλεχθήσεσθαι
974 2034 1106 2104 περ)⁸
1149 2031 1316 2085 αὐτοῦ
1347 2030 1424 2102 τῷ
1469 2031 1660 2102 πατρὶ,
1711 2031 1806 2083 καὶ

227 2134 278 2187 τὸ
299 2134 410 2186 πᾶν
436 2131 679 2201 ἐκφῆναι
708 2128 883 2199 αὐτῷ.
935 2127 1044 2182 Καὶ
1097 2125 1280 2196 μέντοι
1303 2124 1398 2178 καὶ
1423 2122 1694 2194 διελέχθη,
1713 2123 1808 2175 καὶ

231 2227 527 2294 μετήνεγκε
559 2224 698 2294 πρὶς
725 2220 1049 2292 πραότητα·
1091 2215 1417 2288 μεταϐαλὼν
1463 2217 1596 2286 γάρ,
1639 2215 1807 2288 μηδὲν

228 2317 498 2388 ἁδ.κήσειν
527 2314 713 2384 ὤμοσε
769 2312 862 2365 τὸν
915 2309 1082 2364 Δαϐ“ιδ
1113 2311 1141 2362 6
1181 2309 1376 2363 Σαούλ.
1436 2309 1696 2363 Ἰωνάθαν
1751 2307 1808 2360 δὲ

230 2409 390 2461 ταῦτα
405 2405 729 2476 δεδηλωκὼς
761 2405 842 2476 τῷ
872 2403 1056 2468 Δαϐὶδ,
1089 2404 1303 2472 εἰσάγει
1331 2401 1469 2473 πρὸς
1511 2401 1601 2456 τὸν
1649 2401 1807 2472 βασι-

232 2503 317 2555 λέα
346 2501 533 2567 αὑτὸν,
577 2500 674 2553 καὶ
709 2495 777 2571 ἦν
806 2500 881 2564 ὡς
914 2498 1106 2569 πρώην
1129 2498 1278 2569 αὑτῷ
1300 2496 1655 2569 παραμένων.
1687 2495 1808 2550 Τῶν

235 2591 283 2643 δὲ
339 2591 720 2647 Παλαιστινῶν
783 2591 1116 2661 κινηθέντων
1165 2590 1260 2644 καὶ
1301 2589 1487 2653 πάλιν,
1543 2591 1638 2643 καὶ
1694 2591 1807 2653 τοῖς

245 2685 509 2756 Ἑϐραίοις
574 2684 862 2748 ἐπιόντων,
933 2682 1354 2753 ἀντιταξόμενος
1414 2685 1599 2746 αὐτοῖς
1657 2682 1809 2756 παρὰ

243 2777 413 2830 Σαοὺλ
440 2778 470 2830 ό
495 2775 664 2829 Δαεὶδ
689 2773 1100 2838 ἀποστέλλεται,
1131 2776 1224 2828 καὶ
1259 2774 1398 2844 μετὰ
1434 2775 1592 2845 νίκης
1638 2777 1810 2830 ἐπάν-

250 2883 370 2922 εισι.
431 2869 562 2930 Τοῖς
601 2867 647 2920 δ’
685 2869 1035 2938 εὐτυχήμασι
1085 2866 1180 2920 τοῦ
1221 2865 1414 2938 ἀνδρὸς
1470 2867 1566 2920 καὶ
1615 2869 1642 2921 6
1689 2868 1808 2921 κατ’

253 2959 409 3014 αύτοῦ
447 2960 644 3029 φθόνος
675 2961 975 3031 συνηύξετο
1007 2959 1084 3030 τῷ
1115 2958 1309 3025 Σαοὺλ,
1344 2960 1440 3013 καὶ
1497 2959 1591 3013 τοῦ
1645 2977 1810 3030 πονη-

247 3050 334 3124 pou
365 3053 680 3123 πνεύματος
707 3049 864 3113 αὖθις
893 3051 1214 3115 ἐπελθόντος
1243 3051 1392 3122 αύτῷ
1438 3051 1532 3104 καὶ
1571 3051 1811 3123 συμπνίρ

1911 1856 2061 1895 mum
2089 1840 2156 1895 ad
2208 1840 2558 1896 clementiam
2593 1839 2858 1904 traducit,
2919 1850 2978 1897 ut
3007 1851 3214 1896 mutata
3261 1855 3489 1898 senten-

1910 1935 2244 2004 tiajurarct,
2277 1949 2337 1988 se
2379 1932 2570 1988 Davidi
2614 1934 2824 1989 nullam
2866 1933 3144 1990 facturum
3179 1936 3435 2008 injuriam
3467 1954 3482 1992 ι

1910 2036 1966 2080 et
1995 2026 2254 2082 Davidem
2289 2067 2302 2090 ,
2338 2027 2427 2082 bis
2481 2026 2837 2093 renuntiatis,
2873 2029 2941 2082 ad
2994 2045 3179 2096 regem
3235 2030 3487 2097 adducit,

1912 2128 1969 2174 ut
1999 2119 2146 2174 sicut
2169 2119 2343 2190 prius,
2381 2120 2430 2174 ei
2466 2129 2669 2190 praesto
2699 2129 2865 2176 esset.
2908 2120 3044 2176 Cum
3077 2131 3263 2178 autem
3316 2123 3494 2178 l’alae-l

1909 2213 2041 2272 stini
2072 2213 2256 2269 denuo
2294 2228 2352 2268 se
2384 2224 2691 2280 lucverent,
2734 2224 2790 2271 et
2834 2215 3092 2272 Hebrzeos
3126 2217 3494 2285 invaderent,-

1913 2307 2084 2362 David
2115 2318 2309 2362 contra
2340 2322 2438 2362 eos
2470 2322 2501 2362 a
2559 2306 2724 2363 Saule
2770 2308 2992 2369 missus.
3041 2327 3101 2364 re
3160 2310 3305 2366 bene
3335 2322 3490 2383 gesta

1911 2398 2230 2453 revertitur.
2266 2398 2375 2454 Sed
2409 2414 2519 2468 quo
2564 2399 2656 2454 hic
2695 2401 2950 2469 pluribus
2989 2404 3344 2460 successibus
3378 2406 3489 2458 uti-

1913 2501 2022 2556 tur,
2048 2507 2116 2548 eo
2149 2492 2456 2562 graviorem
2491 2493 2633 2564 regis
2661 2493 2922 2548 invidiam
2946 2495 3116 2550 subit.
3150 2497 3337 2566 Itaque
3364 2513 3490 2552 cum

1913 2584 2086 2648 Sauli,
2120 2599 2284 2654 quem
2322 2585 2502 2639 malus
2544 2585 2741 2655 genius
2773 2585 2958 2642 denuo
2995 2588 3269 2644 invaserat
3325 2598 3493 2660 atque

1913 2677 2170 2748 angebat,
2217 2663 2601 2750 cumcinnyra
2633 2687 2830 2748 praesto
2864 2689 3012 2735 esset
3063 2693 3117 2737 et
3151 2690 3490 2746 excantaret,

1917 2769 2050 2826 Saul
2088 2771 2302 2826 hastam
2349 2780 2662 2841 correptam
2717 2781 2914 2828 contra
2942 2789 3071 2830 eum
3121 2777 3350 2847 conjicit
3385 2794 3398 2831 :
3436 2789 3492 2834 at

1913 2866 2006 2922 ille
2068 2868 2299 2937 praevisu
2355 2867 2748 2939 declinatoque
2800 2867 2949 2934 ictu,
3014 2869 3294 2938 discedit;
3360 2872 3491 2927 Saul

1911 2972 2048 3014 vero
2102 2959 2437 3014 satellitibus
2490 2969 2658 3014 noctu
2722 2959 2777 3014 in
2830 2961 3052 3016 Daxidis
3101 2961 3250 3018 aedes
3282 2962 3492 3029 missis,

1917 3069 2079 3110 mane
2104 3069 2230 3109 eum
2266 3054 2461 3109 tollere
2495 3052 2842 3110 decreverat.
2881 3052 3002 3120 Quo
3031 3055 3264 3112 Melebol
3307 3062 3496 3126 cogni-

244 3158 442 3210 τοντος,
507 3147 692 3216 παρῆν
731 3146 759 3197 ό
799 3144 964 3198 Δαϐὶδ
986 3143 1084 3214 τὴν
1147 3142 1379 3216 κινύραν
1435 3144 1671 3216 κρούων,
1720 3147 1809 3199 καὶ

1925 3157 2000 3213 ιο,
2026 3148 2284 3203 Davidem
2309 3163 2407 3217 per
2449 3147 2746 3203 fenestram
2787 3148 3088 3204 demissum
3116 3151 3300 3220 eripit.
3337 3154 3492 3212 Mane

244 3237 556 3307 κατεπᾴδων
599 3237 754 3290 αὐτό.
794 3237 850 3290 Ὀ
895 3236 1068 3290 Σαοὺλ
1121 3235 1203 3303 δὲ,
1236 3236 1298 3291 τὸ
1361 3236 1488 3310 δόρυ
1536 3239 1808 3308 κατέχων,

245 3327 518 3395 ἡκόντισεν
544 3328 678 3381 αὐτὸ
701 3329 842 3382 κατά
885 3327 978 3382 τοῦ
1001 3326 1188 3382 Δαϐίδ.
1227 3328 1284 3382 Ὀ
1327 3328 1386 3383 δὲ
1420 3330 1689 3400 προγνοὺς
1724 3331 1812 3395 ἐξ·

249 3419 417 3473 έκλινέ
447 3436 509 3472 τε
569 3421 666 3475 καὶ
696 3420 1064 3492 ἀνεχώρησεν.
1089 3419 1404 3476 Ἀπέστειλε
1437 3422 1495 3477 δὲ
1529 3423 1702 3477 Σαοὺλ
1723 3441 1814 3478 νυ-

247 3511 358 3574 κτὸς
389 3511 640 3582 φύλακας
667 3514 746 3575 εις
774 3516 866 3566 τὶν
911 3508 1060 3567 οἷκον
1099 3513 1288 3581 Δαϐὶδ,
1324 3513 1408 3568 ἴνα
1448 3514 1567 3586 μεθ’
1600 3516 1815 3587 ἡμέραν

252 3606 424 3678 κτείνῃ
447 3605 634 3660 αὐτόν.
669 3605 877 3660 Γνοῡσα
894 3606 951 3661 δὲ
1007 3605 1168 3660 τοῦτο
1215 3606 1432 3678 Μελχὸλ
1459 3611 1492 3678 ή
1523 3609 1663 3680 γυνὴ
1710 3611 1813 3662 αύ-

251 3697 355 3761 τοῦ,
377 3697 468 3751 διὰ
495 3697 712 3771 θυρίδος
743 3699 834 3754 τὸν
862 3699 1033 3771 ἄνδρα
1080 3702 1386 3772 κατήγαγε,
1436 3702 1532 3755 καὶ
1583 3703 1811 3774 ἀπέδρα.

253 3788 448 3844 Ἐωθεν
477 3791 536 3844 δὲ
569 3791 664 3844 τοῦ
700 3790 874 3845 Σαοὺλ
932 3792 1249 3862 πέμψαντος
1291 3794 1385 3848 ἐπὶ
1428 3793 1520 3848 τὸν
1570 3794 1814 3867 Δαϐὶδ,ή

256 3886 452 3957 Μελχὺλ
479 3887 583 3959 τὴν
615 3888 809 3958 κλίνην
840 3887 1204 3958 ὲτοιμάσασα,
1235 3887 1310 3952 ὦς
1369 3905 1514 3952 τινος
1565 3891 1623 3944 ἐν
1675 3891 1812 3961 αὐτῇ

254 3983 515 4051 κειμένου,
569 3981 668 4035 καὶ
729 3981 844 4043 τοῖς
908 3978 1281 4050 ὲπιϐλήμασιν
1345 3980 1609 4036 ὑποθεῖσα
1661 3977 1815 4054 ἧπαρ

257 4074 392 4142 αἰγὸς
419 4061 780 4144 νεοσφαγοῦς,
807 4075 881 4137 ὡς
913 4073 980 4127 ἂν
1007 4075 1075 4144 τῇ
1107 4072 1300 4127 τούτου
1333 4077 1546 4145 κινήσει
1587 4075 1649 4128 τὸ
1693 4075 1816 4128 ἐπί-

260 4168 424 4237 ϐλημα
454 4167 820 4239 σαλευόμενον
847 4167 1068 4240 δόκησιν
1095 4169 1351 4240 παράσχῃ
1397 4169 1611 4224 κεῖσθαι
1662 4170 1816 4242 παρὰ

261 4262 318 4328 τῇ
343 4259 494 4330 κλίνη
525 4247 674 4325 τινά,
716 4260 929 4325 εἰσάγει
966 4259 1093 4322 τοὺς
1124 4259 1441 4324 σταλέντας,
1494 4261 1593 4315 καὶ
1638 4264 1816 4316 νοσεῖν

259 4355 338 4406 τὸν
367 4355 530 4426 ἄνδρα
567 4355 755 4423 φησίν.
790 4354 853 4407 Ol
889 4353 945 4407 δὲ
969 4353 1310 4423 ἀπήγγειλαν
1332 4354 1411 4425 τῷ
1452 4354 1647 4408 Σαούλ.
1707 4356 1816 4410 Καὶ

1916 3257 2042 3298 cum
2067 3241 2241 3296 David
2283 3240 2645 3296 abducendus
2692 3250 2863 3306 esset,
2898 3242 3132 3298 Melchol
3171 3244 3248 3300 ita
3301 3261 3492 3317 parato

1915 3335 2144 3399 lectulo,
2195 3335 2352 3404 quasi
2398 3334 2601 3403 aliquis
2635 3333 2688 3389 in
2732 3350 2800 3390 eo
2843 3336 3075 3407 jaceret,
3124 3347 3181 3394 et
3228 3344 3490 3413 stragulis

1918 3428 2086 3483 corde
2145 3442 2338 3484 recens
2397 3435 2646 3481 mactata:
2713 3443 2890 3496 caprae
2937 3431 3226 3498 supposito
3260 3473 3274 3496 ,
3324 3436 3489 3506 cujus

1921 3529 2070 3574 motu
2117 3520 2359 3590 stragula
2407 3519 2608 3589 agitata
2658 3519 2976 3588 opinionem
3013 3521 3301 3587 afferrent,
3334 3528 3493 3594 quasi

1917 3612 2118 3682 aliquis
2146 3612 2202 3666 in
2247 3611 2454 3667 lectulo
2488 3611 2866 3677 recumberet,
2904 3615 3103 3670 missos
3161 3617 3488 3688 introducit,

1921 3704 2180 3758 maritum
2231 3711 2498 3773 aegrotare
2550 3704 2787 3759 dicens:
2839 3721 2949 3774 quo
3004 3707 3135 3762 Saul
3187 3714 3490 3782 nuntiato,

1920 3812 2047 3852 eum
2083 3797 2139 3852 in
2196 3797 2340 3853 lecto
2402 3797 2588 3852 afferri
2625 3797 2803 3868 jubet.
2861 3798 2944 3854 Illi
3001 3801 3222 3858 sublato
3261 3805 3492 3874 lectulo,

1920 3891 2248 3961 rejectisque
2278 3891 2657 3960 operimentis,
2693 3903 3063 3948 commentum
3089 3895 3494 3965 deprehensum

1922 3981 2036 4052 regi
2072 3983 2350 4036 nuntiant.
2386 3980 2479 4038 Sic
2509 3981 2677 4036 David
2709 3983 2875 4040 vitata
2919 3996 3114 4051 morte,
3149 3988 3493 4048 Annatbaim

1920 4076 1986 4131 ad
2013 4075 2322 4130 Samuelem
2340 4090 2458 4129 sese
2490 4074 2726 4140 confert,
2757 4091 2882 4130 cum
2916 4094 2982 4132 eo
3003 4079 3285 4137 Nabiotbae
3310 4084 3498 4141 Ratira:

1925 4169 2151 4239 degens.
2191 4167 2318 4224 Saul
2356 4182 2423 4221 eo
2447 4182 2667 4236 quoque
2690 4168 2861 4223 mittit
2890 4173 3178 4236 satellites,
3214 4177 3310 4244 qui
3335 4177 3492 4232 Davi-

1923 4260 2048 4316 dem
2087 4259 2432 4315 abducerent
2475 4277 2488 4314 :
2523 4259 2618 4328 qui
2675 4274 2801 4314 cum
2825 4275 2893 4315 eo
2939 4263 3346 4333 pervenissent,
3405 4268 3494 4324 in-

1921 4362 2089 4410 vento
2139 4352 2531 4422 prOpbetarum
2575 4362 2852 4409 conventu
2878 4394 2892 4418 ,
2954 4355 3247 4412 vaticinari
3291 4367 3350 4414 et
3383 4361 3491 4432 ipsi

261 4445 308 4501 6:
329 4448 414 4502 ὲπὶ
437 4449 534 4514 τῆς
555 4446 748 4519 κλίνης
767 4447 928 4500 αὐτὸν
952 4446 1184 4518 ἀχθῆναι
1211 4446 1606 4502 διακελεύεται.
1625 4448 1809 4502 Ἀπελ-

1923 4457 2236 4517 coeperunt.
2287 4446 2364 4500 Eo
2405 4445 2628 4516 cognito
2668 4462 2762 4501 rex
2797 4446 2933 4502 alios
2966 4447 3156 4512 mittit,
3189 4450 3391 4519 quibus
3437 4463 3494 4508 et

263 4540 423 4604 ῢόντες
444 4542 500 4596 δὲ
532 4542 585 4594 οἱ
611 4540 980 4610 πεμφθέντες,
1007 4539 1218 4610 καὶτῆς
1251 4539 1439 4610 κλίνης
1465 4541 1731 4611 ἀράμενοι
1755 4542 1809 4596 1:6

1928 4539 2066 4608 ipsis
2121 4536 2319 4592 eodem
2365 4535 2530 4590 modo
2576 4535 2815 4598 affectis,
2849 4537 3048 4592 iterum
3097 4539 3270 4594 mittit
3311 4542 3490 4598 alios:

262 4632 540 4703 ἐπίϐλημα,
570 4632 634 4685 τὸ
666 4633 952 4703 τέχνασμα
991 4632 1352 4702 κατενόησαν,
1385 4631 1481 4685 καὶ
1508 4632 1584 4704 τῷ
1610 4633 1809 4704 βασιλεῖ

1918 4631 2012 4702 qui
2051 4645 2174 4686 cum
2220 4639 2277 4684 et
2327 4629 2428 4699 ipsi
2477 4629 2706 4683 numine
2763 4628 2928 4684 aﬁlati
2965 4641 3154 4688 essent
3183 4672 3198 4698 ,
3253 4633 3370 4704 ipse
3412 4637 3495 4692 ira

264 4726 711 4794 κατηγγέλκασιν.
741 4723 899 4777 Οὕτω
928 4724 984 4776 δὲ
1020 4724 1111 4777 τὸν
1141 4723 1374 4777 θάνατον
1415 4725 1442 4777 6
1469 4726 1634 4778 Aa6't6
1654 4729 1809 4795 ἐκφυ-

1919 4723 2185 4794 percitus,
2216 4737 2448 4793 propere
2479 4721 2800 4788 descendit;
2835 4738 3073 4793 cumque
3107 4741 3277 4796 prepe
3301 4743 3489 4784 περς-

268 4818 381 4883 γὼν.
414 4819 488 4888 τῷ
521 4817 780 4889 Σαμουὴλ
824 4819 904 4880 είς
945 4815 1267 4889 Ἀρμαθαῒμ
1294 4817 1692 4887 προσελήλυθε,
1725 4821 1809 4873 καὶ

1919 4820 2104 4880 sistet,
2140 4815 2330 4871 itidem
2387 4814 2678 4870 vaticinari
2725 4815 2914 4884 cmpit.
2944 4814 3064 4882 Quo
3101 4826 3347 4888 tempore
3393 4823 3488 4890 qui

269 4907 348 4960 σὺν
375 4910 562 4980 ἐκείνῳ
583 4910 774 4979 διῆγεν
799 4911 856 4962 ὲν
878 4907 1097 4968 Ναϐιὼθ
1130 4911 1210 4972 εἰς
1246 4910 1443 4980 Ῥαμὰ.
1469 4911 1682 4978 Πέμπει
1707 4913 1809 4966 τοί-

1922 4911 2000 4966 ibi
2027 4918 2204 4974 erant,
2237 4908 2579 4964 celebratum
2611 4907 2749 4962 illud
2785 4909 3138 4977 protulerunt
3172 4929 3185 4966 :
3235 4911 3495 4984 Nunquid

269 5017 346 5052 νυν
363 5002 561 5056 κὰκεῖό
608 5003 783 5056 Σαοὺλ
828 5003 952 5065 τοὺς
1012 5000 1242 5066 ἄξοντας
1281 5002 1373 5055 τὸν
1416 5002 1602 5058 Δαϐίδ.
1667 5006 1731 5058 Οἱ
1768 5006 1809 5059 6’

1924 5013 1973 5058 et
2012 5001 2146 5058 Saul
2186 5004 2324 5056 inter
2355 4999 2688 5071 prophetas?
2720 4999 2860 5054 Cum
2897 5016 3026 5056 vero
3068 5002 3136 5056 ad
3182 5003 3491 5061 Samuelem

271 5092 592 5159 ἀπελθόντες,
627 5095 722 5147 καὶ
744 5093 1041 5164 προφητῶν
1071 5093 1370 5164 ἐκκλησίαν
1397 5095 1674 5166 εὑρόντες,
1719 5099 1809 5152 καὶ

1923 5099 2267 5160 accessisset,
2325 5095 2562 5149 alienata
2617 5104 2834 5161 mente,
2877 5097 3168 5168 exutisque
3225 5101 3494 5165 vestibus,

273 5184 402 5238 αὐτοὶ
421 5187 818 5258 προεφήτευον.
842 5186 1014 5240 Τοῦτο
1037 5185 1226 5256 μαθὼν
1242 5189 1268 5240 6
1291 5187 1570 5257 βασιλεὺς,
1594 5191 1809 5261 ἑτέρους

1923 5200 2100 5248 totum
2133 5189 2279 5244 diem
2310 5196 2592 5256 totamque
2614 5194 2832 5242 noctem
2857 5187 3040 5242 nudus
3061 5189 3257 5260 jacuit.

273 5277 454 5346 πέμπει
473 5281 777 5334 ’κάκείνων
800 5279 1036 5348 σχόντων
1054 5278 1276 5349 ὁμοίως,
1325 5281 1517 5346 ἄλλους
1570 5284 1878 5343 ἀπέστειλε.
1923 5288 2031 5342 Καὶ
2065 5286 2174 5338 τῶν
2209 5283 2406 5354 τρίτων
2427 5280 2486 5334 δὲ
2520 5281 3078 5352 κατόχοινγεγονότων
3108 5283 3185 5354 τῷ
3203 5283 3489 5355 πνεύματι,

274 5376 412 5440 αὑτὸς
473 5378 792 5452 ἐξώρμησεν
862 5377 954 5432 ὑπ’
991 5377 1182 5451 ὀργῆς,
1229 5377 1326 5430 καὶ
1375 5375 1703 5446 πλησιάσας,
1765 5381 2137 5452 προφητεύειν
2201 5378 2406 5450 ἤρξατο
2447 5381 2541 5429 καὶ
2585 5376 2766 5438 αὐτός.
2805 5377 2930 5428 Ὅτε
2981 5377 3074 5431 καὶ
3114 5378 3176 5430 τὸ
3230 5379 3493 5448 ᾀδόμενον

275 5469 440 5524 οίέκεῖ
465 5473 730 5544 παρόντες
760 5471 1119 5541 ἐφθέγξαντο,
1141 5471 1225 5536 τὸ,
1260 5472 1330 5525 El
1361 5471 1460 5524 καὶ
1507 5471 1705 5526 Σαοὺλ
1751 5473 1820 5528 ἐν
1857 5473 2231 5543 apage-ritate;
2284 5469 2482 5524 Ἐλθὼν
2525 5469 2584 5523 δὲ
2655 5471 2788 5523 ὅπου
2832 5463 2902 5540 ἦν
2949 5469 3222 5540 Σαμουὴλ,
3275 5470 3497 5540 ἔκφρων

277 5560 436 5633 ὥσπερ
467 5569 778 5636 γενόμενος,
811 5568 907 5620 καὶ
949 5567 1048 5636 τὴν
1111 5564 1317 5635 ἐσθῆτα
1365 5565 1816 5634 περιδυσάμενος,
1860 5569 2068 5639 γυμνὸς
2089 5566 2266 5620 ἔκειτο
2287 5564 2354 5620 δι’
2383 5565 2510 5635 ὅλης
2547 5565 2648 5632 τῆς
2679 5564 2888 5636 ἡμέρας
2914 5563 3128 5631 καὶτῆς
3152 5563 3364 5624 νυκτός.

337 5653 450 5708 ΛΔ’.
487 5658 544 5711 '0
572 5658 630 5711 δὲ
658 5659 824 5711 Δαϐὶδ
860 5658 1068 5712 ἐκεῖθεν
1099 5657 1332 5727 ἀπέδρα,
1381 5657 1474 5709 καὶ
1516 5657 1593 5728 τῷ
1641 5658 1809 5712 Ἰωνά-

2001 5660 2195 5716 XXXI.
2256 5657 2425 5713 David
2475 5657 2604 5712 inde
2660 5655 2969 5726 aufugiens.
3022 5651 3275 5708 Jonathaa
3323 5655 3495 5724 patris

280 5743 362 5800 θαν
382 5751 470 5820 τὴν
495 5753 614 5806 κατ’
633 5750 801 5805 αὑτοῦ
824 5752 917 5806 τοῦ
949 5752 1157 5822 πατρὸς
1187 5753 1504 5822 μεμήνυκεν
1533 5751 1712 5820 ἐπιχεῖ
1719 5768 1809 5821 ρη-

1927 5763 2120 5808 contra
2174 5767 2234 5808 se
2291 5759 2552 5805 conatum
2599 5746 2890 5818 signiﬁcat.
2929 5742 3086 5808 Quod
3119 5757 3244 5797 cum
3273 5744 3363 5799 ille
3387 5762 3493 5800 non

283 5851 382 5890 σινο
407 5840 432 5893 6
456 5842 509 5895 δὲ
541 5844 783 5912 ἠπίστει.
826 5845 1009 5911 Ἧξίου
1039 5846 1094 5899 δὲ
1118 5846 1282 5898 αὐτὸν
1310 5846 1338 5896 6
1365 5845 1530 5899 Δαϐὶδ
1586 5844 1809 5899 ἀπόπει-

1927 5843 2196 5910 crederet,
2221 5841 2330 5913 66
2355 5840 2486 5912 petit
2531 5848 2590 5893 ut
2624 5836 2834 5908 paterni
2867 5833 3032 5889 animi
3076 5835 3381 5903 periculum
3417 5836 3494 5892 {av

553 5940 824 6022 PATnOL.
873 5943 990 6004 Gn.
1039 5943 1384 6004 CXXXIV.
3144 5930 3181 5988 5
