3984 6594
477 291 576 355 ῙὋ
1777 286 2035 349 ΙΟΛΝΝ

2140 289 2472 350 ΖΟΝΛὶῖίΕ
3651 293 3767 358 1".0

466 409 598 467 ciat.
626 411 682 459 et
704 401 811 460 sibi
853 410 1006 459 extra
1064 399 1257 456 urbem
1290 401 1536 457 manenti
1576 400 1817 457 nuntiet.
1870 401 2035 471 Itaqui

2165 421 2269 474 ραν
2293 401 2627 474 ποιήσασθαι
2658 404 2756 477 τῆς
2792 402 3018 476 γνώμης
3046 403 3150 476 τῆς
3182 402 3482 474 πατρικῆς,
3503 404 3602 460 καὶ
3627 407 3766 462 ταύ-

469 498 740 554 Jonathas
786 498 1012 553 Davidis
1068 495 1214 566 apud
1261 504 1476 566 patrem
1523 495 1668 550 facta
1742 495 2026 550 mentione

2159 513 2261 566 την
2291 496 2534 570 δηλῶσαι
2575 497 2724 568 αὐτῷ
2763 494 2870 564 ἔξω
2924 495 3326 569 προσμενοῦντι
3372 501 3474 571 τῆς
3522 500 3762 564 πόλεως.

467 609 596 651 cum
627 608 756 648 eum
801 592 952 647 illius
981 591 1136 646 sitire
1166 592 1493 660 sanguinem
1537 588 1924 654 intellexisset,
1971 587 2030 641 ill

2158 589 2536 664 Προσαγαγὼν
2558 587 2653 644 οὖν
2683 589 2877 658 λόγους
2917 591 2946 644 ὁ
2996 591 3260 646 Ἰωναοαν
3297 591 3376 662 τῷ
3401 593 3576 664 πατρὶ
3625 592 3764 663 περὶ

463 691 602 746 clam
661 688 779 758 ipse
813 698 1036 740 omnem
1101 698 1216 738 rem
1254 681 1494 748 nuntiat,
1548 691 1608 736 et
1643 679 1770 750 fuga
1816 679 2035 735 salutcn

2157 683 2250 736 τοῦ
2280 683 2466 748 Δαϐὶδ,
2495 683 2591 736 καὶ
2639 681 2739 754 τὴν
2774 685 3054 754 πατρικὴν
3113 685 3440 756 προαίρεσιν
3493 683 3764 754 ἐγνωκὼς

463 795 712 852 qumrerc
729 777 888 850 jubet
926 795 939 830 :
975 773 1354 844 Davidemque
1396 771 1764 844 jurejurando
1813 771 1920 827 sibi
1946 771 2035 826 ob-

2155 774 2400 846 διψῶσαν
2423 775 2518 830 τὸν
2553 776 2789 831 θάνατον
2822 775 2918 829 τοῦ
2946 776 3163 849 ἀνδρὸς,
3200 777 3541 848 ἀπαγγέλλει
3569 777 3761 832 πάντα

464 875 710 946 stringit,
739 883 798 928 ut
845 872 930 927 sui
971 869 1386 934 recordaretur,
1411 876 1468 922 et
1500 866 1648 938 quod
1679 867 1724 922 si
1757 866 1875 937 ipse
1902 881 2035 922 mor-

2154 869 2306 940 αύτῷ
2343 869 2521 944 λάθρα
2572 870 2639 924 δι’
2697 871 2914 934 ἐαυτοῦ,
2969 873 3064 924 καὶ
3117 869 3316 936 σώζειν
3377 872 3761 943 προτρέπεται

463 980 592 1024 tuus
620 977 789 1033 esset,
840 965 1037 1022 liberis
1083 963 1202 1018 suis
1243 961 1620 1018 benefacerct.
1662 959 1759 1018 liis
1782 961 2035 1017 Jonathai

2157 962 2374 1029 ἑαυτὸν,
2402 964 2497 1016 καὶ
2522 963 2728 1036 ὥρκισε
2759 962 2851 1016 τὸν
2873 963 3040 1018 Δαϐὶδ
3064 961 3382 1034 μεμνῆσθαι
3413 963 3582 1018 αὑτοῦ
3606 980 3624 997 ο
3650 964 3760 1018 κᾶν

461 1064 627 1120 dictis
685 1061 1006 1124 revertitur,
1041 1055 1214 1111 David
1266 1054 1476 1111 Nabam
1526 1054 1594 1110 ad
1625 1054 2049 1110 Abimelechum

459 1157 778 1229 pontificem
826 1169 885 1209 se
927 1151 1166 1208 confert.
1213 1150 1275 1204 Ei
1337 1148 1566 1204 miranti
1599 1164 1702 1204 cur
1736 1149 1891 1204 solus
1945 1148 2052 1205 irct

457 1249 630 1306 David
657 1268 670 1302 :
705 1246 837 1302 Mihi
866 1261 979 1308 rex,
1009 1243 1210 1314 inquit,
1253 1243 1443 1296 arcani
1473 1241 1678 1309 aliquid
1736 1242 2048 1307 mandavit,

456 1343 595 1414 quod
633 1357 698 1394 ne
728 1341 844 1409 quis
905 1339 1226 1402 rescisceret,
1279 1337 1425 1388 salus
1468 1335 1699 1390 adsum:
1733 1336 1817 1389 hic
1869 1345 2048 1390 autem

447 1437 728 1492 convenire
755 1450 836 1489 me
871 1430 1101 1503 {urnulas
1134 1445 1273 1483 meos
1299 1428 1485 1499 jussit.
1531 1427 1626 1483 His
1659 1428 1843 1490 dictis,
1877 1443 2050 1498 panes

444 1529 635 1598 .petiit.
669 1526 944 1584 Sacerdos
978 1540 1039 1580 se
1068 1521 1290 1578 nonnisi
1319 1536 1509 1577 sacros
1567 1522 1776 1577 habere
1813 1537 2045 1592 respon—

2151 1055 2292 1128 τύχῃ
2329 1053 2532 1120 Θανὼν,
2575 1055 2920 1123 ἐνδείξασθαί
2951 1073 3002 1108 τι
3035 1056 3274 1126 χρηστὸν
3301 1057 3381 1118 είς
3406 1057 3536 1120 τοὺς
3567 1058 3630 1122 ἐξ
3653 1058 3759 1110 αὖ·

2149 1148 2266 1205 τοῦ.
2287 1148 2457 1202 Ταῦτ’
2482 1147 2656 1202 είπὼν
2686 1147 2966 1215 Ἰωνάθη,
2987 1147 3320 1220 ὑπέστρεψε.
3347 1147 3515 1202 Δαϐὶδ
3533 1147 3594 1202 δέ
3621 1147 3759 1218 φεύ-

2149 1261 2265 1315 γων
2285 1246 2365 1306 είς
2399 1244 2582 1309 Ναϐὰ,
2617 1243 2988 1313 παραγίνεται
3019 1242 3157 1312 πρὸς
3197 1240 3492 1312 Ἀϐιμέλεχ
3521 1242 3616 1294 τὸν
3646 1243 3753 1312 ἀρ-

2149 1340 2359 1412 χιερέα.
2398 1339 2457 1393 '0
2485 1338 2563 1402 δὲ,
2605 1339 2722 1401 πῶς
2758 1339 2915 1410 μόνος
2940 1336 3494 1408 ἥκειδιεπυνθᾶνετο.
3535 1337 3755 1390 Κάκεῖ-

2149 1449 2240 1496 νος
2290 1430 2675 1488 Ἐντετάλθαι
2727 1449 2783 1485 τι
2821 1430 2980 1498 παρὰ
3028 1429 3135 1485 τοῦ
3179 1429 3514 1496 βασιλέως,
3569 1425 3753 1493 εἶπεν,

2145 1526 2534 1594 ἁπόρῤητον·
2573 1525 2673 1580 καί
2714 1525 2814 1580 ἵνα
2863 1524 2950 1596 μή
3006 1541 3095 1592 τις
3153 1523 3274 1595 γνῷ
3325 1524 3457 1592 περὶ
3503 1524 3752 1584 τούτου,

455 1626 537 1680 dit
569 1643 581 1678 :
616 1638 808 1678 verum
840 1619 886 1675 si
918 1635 948 1678 a
993 1617 1326 1673 mulieribus
1348 1615 1474 1686 puri
1515 1623 1728 1680 essent,
1770 1615 2035 1686 acciperel

2140 1623 2487 1690 μεμόνωμαι
2518 1634 2532 1648 '
2563 1620 2827 1675 ἐνταῦθα
2856 1620 2925 1673 δέ
2953 1637 3054 1690 μοι
3087 1609 3417 1675 συνέλθεῑγ
3449 1619 3575 1686 τοῖς
3609 1634 3756 1672 arat-

454 1730 625 1788 atquc
651 1715 866 1770 ederet.
897 1713 1038 1767 Tum
1082 1709 1254 1765 David
1290 1710 1535 1781 gladium
1568 1709 1736 1764 etiam
1774 1708 1895 1764 dari
1935 1708 2035 1765 sibi

2147 1712 2378 1782 δαρίοις
2407 1713 2680 1779 ἐπέταξε.
2705 1712 2892 1768 Ταῦτα
2925 1712 3118 1777 είπὼν,
3174 1713 3372 1786 ἄρτους
3397 1712 3593 1783 ᾔτησε.
3640 1713 3752 1764 Καὶ

453 1813 593 1884 petit
623 1829 637 1865 :
675 1808 773 1865 sed
803 1823 929 1863 cum
971 1805 1232 1862 sacerdos
1257 1819 1367 1860 non
1394 1803 1498 1858 alia
1532 1819 1683 1858 arma
1719 1802 1826 1858 nisi
1873 1801 2035 1859 Golia

2147 1809 2176 1862 ὁ
2211 1779 2509 1878 ἀρχιερεὺς
2569 1806 2643 1877 μὴ
2677 1806 2824 1877 ἔχειν
2855 1801 3010 1859 εἶπεν
3046 1779 3244 1868 ἄλλους
3278 1804 3314 1874 ἢ
3367 1779 3503 1868 τοὺς⁷
3529 1803 3748 1872 ἁγίους.

452 1903 695 1976 gladium
734 1917 793 1956 se
825 1901 1029 1955 habere
1061 1900 1296 1966 diceret,
1333 1915 1501 1969 quem
1529 1899 1648 1970 ipse
1693 1898 1810 1954 Deo
1846 1914 2047 1954 conse-

452 2001 688 2062 crasset,
718 2010 786 2049 eo
823 1993 990 2049 David
1033 2000 1285 2063 accepto,
1318 1991 1556 2047 Getlzam
1588 1991 1656 2046 ad
1701 2007 1882 2062 regem
1913 1990 2048 2048 alie-

453 2090 780 2161 nigenarum
818 2086 1072 2142 Anchum
1103 2100 1160 2141 se
1184 2084 1421 2141 confert.
1451 2084 1530 2140 lbi
1555 2085 1794 2156 agnitus,
1833 2095 1890 2141 et
1913 2101 2040 2156 pero

454 2183 830 2245 terrefactus,
886 2179 1163 2235 insaniam
1223 2179 1540 2245 simulans,
1603 2178 1763 2249 quasi
1838 2179 2042 2235 mentis

451 2277 632 2348 impos
659 2286 716 2330 et
765 2273 1023 2328 incedere
1068 2282 1120 2327 et
1168 2287 1334 2342 agere
1361 2272 1572 2326 omnia.
1614 2270 1707 2327 Sic
1742 2273 1811 2327 ab
1846 2272 2043 2328 alieni-

443 2369 604 2441 genis
629 2367 852 2438 elapsus
887 2365 940 2419 in
979 2365 1186 2419 tribum
1235 2362 1521 2421 Judaicam
1552 2362 1960 2433 proficiscitur,
1987 2375 2045 2420 et

451 2465 508 2518 in
534 2463 800 2534 spelunca
831 2459 1003 2516 Odola
1031 2458 1328 2523 delitescit,
1384 2458 1477 2512 ubi
1509 2456 1708 2512 fratres
1735 2465 1794 2513 et
1819 2457 2041 2529 cognati

447 2573 576 2614 eum
601 2553 1028 2612 conveniebant.
1062 2551 1192 2608 Post
1222 2559 1279 2606 et
1308 2550 1400 2605 alii
1445 2549 1512 2605 ad
1542 2565 1670 2605 eum
1697 2551 2040 2616 conﬂuxere,

449 2643 1138 2716 circiter‘quadringenti.
1175 2642 1308 2698 Inde
1347 2643 1399 2696 in
1434 2642 1790 2698 Moabitidem
1821 2643 2038 2710 abiens,

450 2758 634 2815 regem
663 2750 805 2807 orat,
837 2747 897 2793 ut
915 2737 1241 2809 parentibus
1263 2736 1378 2792 suis
1397 2737 1507 2792 illic
1533 2737 1792 2793 exsulare
1822 2738 2036 2806 liceret,

448 2838 627 2892 donec
656 2850 771 2891 suae
803 2848 895 2887 res
919 2831 1131 2887 exitum
1179 2829 1421 2900 aliquem
1475 2830 1834 2886 sortirentur.
1862 2829 2039 2887 Obse-

448 2930 642 3002 quitur
687 2927 799 2993 ille,
833 2936 889 2981 et
928 2924 1134 2981 Jessaw
1183 2937 1312 2978 cum
1351 2938 1451 2980 sua
1493 2923 1705 2978 familia
1753 2933 2037 2995 suscepto,

449 3023 642 3094 David.
665 3021 837 3077 Gadis
868 3019 1157 3090 propheta)
1203 3017 1366 3089 jussu
1410 3017 1467 3072 in
1509 3026 1710 3072 terram
1747 3017 2036 3074 Judaicam

448 3117 615 3178 redit.
661 3115 790 3170 Saul
823 3113 914 3168 ubi
973 3110 1344 3182 cognovisset,
1396 3109 1660 3164 Davidem
1700 3124 1926 3164 manum
1955 3112 2106 3200 fe-C

447 3213 614 3275 cisse,
646 3215 919 3265 convocat
963 3204 1192 3269 amicos,
1227 3219 1350 3258 cum
1389 3203 1472 3258 cis
1497 3203 1836 3273 expostulat,
1877 3205 2034 3273 quasi

448 3323 575 3364 cum
631 3303 838 3360 Davide
888 3299 1324 3357 colludentibus.
1377 3297 1528 3367 Doeg
1587 3305 1772 3352 autem
1828 3295 2033 3369 Syrus,

446 3401 629 3459 Saulis
659 3411 872 3462 servus,
904 3394 1000 3465 qui
1036 3391 1319 3455 adfuerat,
1370 3406 1497 3446 cum
1544 3388 1793 3462 pontifex
1838 3390 2033 3446 Davidi

446 3509 622 3565 panes
651 3501 707 3546 ct
747 3489 919 3545 Goliae
944 3486 1188 3559 gladium
1222 3484 1506 3552 dedisset,
1541 3487 1652 3555 regi
1690 3485 1932 3550 nuntiat,
1975 3491 2037 3538 ut

447 3589 712 3645 Davidem
743 3584 810 3640 ad
845 3582 1164 3655 pontificem
1203 3581 1516 3652 profectum
1552 3579 1774 3644 viderit,
1802 3588 1861 3633 ut
1890 3596 2035 3652 pon-

447 3685 581 3739 tifex
620 3683 741 3752 ejus
787 3679 1012 3734 nomine
1051 3678 1224 3732 Deum
1262 3675 1632 3740 consuluerit,
1668 3683 1728 3729 ut
1756 3691 2034 3731 commea-

448 3789 564 3831 tum
595 3785 653 3830 et
678 3772 849 3828 Goliae
885 3769 1130 3841 gladium
1182 3769 1258 3824 illi
1292 3769 1533 3823 dederit.
1571 3768 1684 3822 Rex
1710 3768 2031 3838 pontificem

449 3865 782 3922 accersitum
804 3859 1209 3931 eonjuralionis
1233 3875 1358 3913 cum
1386 3858 1589 3913 Davide
1619 3859 1768 3914 inita:
1786 3868 2030 3927 accusat,

445 3968 502 4016 et
532 3974 562 4012 a
603 3954 938 4012 satellitibus
977 3968 1104 4006 cum
1136 3953 1285 4006 omni
1340 3951 1602 4022 progenie
1635 3952 1812 4006 occidi
1846 3953 2029 4024 jubet.

443 4051 559 4106 Illis
587 4047 791 4104 eadem
830 4046 1076 4100 virorum
1124 4044 1234 4099 Deo
1263 4059 1418 4099 sacra
1453 4043 1807 4100 offerentium
1852 4046 2032 4100 refor-

444 4143 806 4205 midantibus,
861 4141 1043 4210 Doego
1076 4139 1128 4193 id
1183 4139 1390 4209 negotii
1421 4142 1536 4193 dat.
1595 4137 1645 4193 ls
1678 4140 1834 4210 jussa
1885 4140 2032 4211 regis

442 4237 788 4306 exsequitur,
821 4233 1083 4287 omnibus
1111 4231 1444 4293 interfectis,
1484 4231 1594 4301 67
1618 4247 1850 4286 numero
1868 4232 2032 4300 quin-

442 4342 553 4397 que
581 4336 636 4380 et
670 4322 934 4378 trecentis
973 4336 988 4374 :
1023 4318 1079 4372 in
1102 4318 1382 4372 civitatein
1415 4332 1607 4371 eorum
1635 4333 1857 4388 quoque
1874 4334 2029 4388 gras-

442 4429 618 4482 satus,
671 4413 907 4470 sublatis
955 4426 1184 4481 prorsus
1225 4409 1512 4471 omnibus,
1545 4409 1700 4464 nullo
1729 4412 1904 4465 aetatis
1932 4419 2029 4465 aut

2161 1900 2293 1965 Καὶ,
2320 1900 2382 1953 El
2411 1899 2522 1954 ἀπὸ
2544 1899 2808 1969 γυναικὸς
2845 1897 3212 1969 ἐφυλάξασθε,
3243 1897 3438 1953 λάϐετε
3493 1895 3749 1958 τούτους.

2146 1992 2244 2046 καὶ
2267 1992 2494 2061 φάγετε.
2535 1992 2595 2047 '0
2618 1993 2795 2046 δὲκαὶ
2839 1991 3125 2064 ῥομφαίαν
3153 1990 3305 2062 αὐτῷ
3353 1989 3576 2062 δοθῆναι
3619 1990 3752 2059 ἐζή-

2145 2102 2301 2158 τησε.
2344 2087 2437 2158 Μὴ
2482 2084 2633 2157 ἔχειν
2675 2085 2861 2156 μέντοι
2913 2086 2942 2137 ὁ
2995 2084 3290 2156 ἀρχιερεὺς
3347 2084 3514 2138 ὅπλον
3555 2083 3752 2155 ἕτερον

2145 2178 2486 2250 ἀπεκρίνατο
2539 2179 2573 2250 ἡ
2624 2177 2726 2249 τὴν
2769 2176 3048 2248 ῥομφαίαν
3084 2176 3180 2230 τοῦ
3212 2177 3431 2241 ramo,
3468 2178 3536 2249 ἣν
3577 2177 3749 2239 αὐτὸς

2147 2269 2375 2324 ἀνέθετο
2406 2270 2486 2341 τῷ
2511 2269 2654 2340 θεῷ,
2698 2271 2793 2324 καὶ
2824 2270 3000 2326 ταῦτα
3026 2271 3212 2326 λαϐὼν
3234 2273 3262 2325 ὁ
3292 2271 3479 2337 Δαϐὶδ,
3508 2271 3590 2334 είς
3639 2269 3746 2323 FEB

2146 2361 2459 2434 ἀπελήλυθε
2479 2364 2618 2433 προς
2641 2363 2870 2434 βασιλέα
2888 2364 2998 2418 τῶν
3014 2364 3333 2434 ἀλλοφύλων
3349 2362 3580 2435 Ἀγχούς
3601 2361 3746 2433 (50).

2145 2456 2253 2510 Καὶ
2279 2456 2548 2523 γνωσθεὶς
2617 2458 2767 2524 ὅστις
2794 2459 2904 2531 εἴη,
2941 2459 3036 2513 καὶ
3061 2459 3342 2532 φοϐηθεὶς,
3379 2459 3578 2530 μανίαν
3638 2457 3752 2512 ὑπ-

2146 2550 2365 2622 εκρίθη,
2401 2553 2495 2606 καὶ
2528 2551 2605 2616 ὡς
2651 2553 2876 2624 ἔκφρων
2909 2553 3208 2624 ἐπορεύετό
3233 2570 3290 2606 τε
3329 2551 3427 2607 καὶ
3443 2553 3743 2624 ἔπραττεν.

2143 2643 2302 2698 Οὕτω
2328 2644 2373 2697 δ’
2399 2645 2464 2698 ἐκ
2507 2647 2618 2699 τῶν
2648 2646 2964 2717 ἀλλοφύλων
2991 2647 3281 2712 διασωθεὶς
3315 2649 3396 2714 εἰς
3421 2649 3522 2718 τὴν
3565 2647 3748 2701 Ἰούδα

2143 2737 2318 2808 φυλὴν
2357 2738 2752 2809 παραγίνεται,
2788 2741 2886 2794 καὶ
2921 2742 3226 2812 κρύπτεται
3256 2741 3338 2806 εἰς
3372 2739 3432 2794 τὸ
3464 2739 3742 2812 σπήλαιον

2155 2829 2391 2898 Ὀδολάμ
2421 2846 2435 2862 ·
2476 2830 2606 2884 ἔνθα
2636 2833 2686 2884 οί
2724 2831 2946 2902 ἀδελφοὶ
2993 2832 3158 2886 αὑτοῦ
3197 2833 3294 2889 καὶ
3344 2835 3392 2887 οί
3443 2837 3742 2903 συγγενεῖς

2141 2923 2452 2994 προσῆλθον
2486 2925 2656 2996 αὐτῷ.
2689 2922 2825 2980 Εἶτα
2860 2926 2955 2980 καὶ
2985 2925 3137 2982 ἄλλοι
3164 2926 3283 2981 ἐκεῖ
3323 2927 3738 2998 συνερρύησαν,

2141 3016 2218 3080 ὡς
2245 3015 2505 3083 γενέσθαι
2542 3019 2752 3083 πάντας
2807 3018 2938 3092 περὶ
2982 3021 3392 3092 τετρακοσίους.
3428 3022 3653 3074 Ἀπεισι
3691 3021 3739 3074 δ’

2141 3110 2354 3164 ἐκεῖθεν
2377 3111 2459 3174 είς
2485 3110 2583 3184 τὴν
2613 3112 2915 3180 Μωαϐῖτιν,
2961 3115 3056 3169 καὶ
3095 3116 3410 3186 παρακαλεί
3448 3115 3539 3168 τὸν
3574 3115 3740 3188 βασι-

2141 3201 2238 3256 λέα
2275 3201 2453 3256 Μωὰϐ
2501 3204 2841 3276 παροικῆσαι
2879 3206 3011 3278 παρ’
3045 3207 3196 3280 αὐτῷ
3243 3209 3373 3274 τοὺς
3417 3211 3596 3278 γονεῖς
3632 3212 3740 3263 αὖ-

2139 3293 2259 3360 τοῦ,
2289 3293 2394 3358 ἕως
2420 3295 2490 3349 ἂν
2513 3296 2593 3359 εἷς
2623 3314 2676 3350 τι
2717 3297 2870 3361 τέλος
2909 3297 3030 3370 ἥξει
3080 3299 3148 3353 τὰ
3196 3301 3317 3353 κατ’
3352 3301 3534 3355 αὐτόν.
3581 3302 3642 3355 Ὀ
3676 3303 3736 3356 δὲ

2142 3386 2411 3454 πείθεται,
2451 3387 2546 3442 καὶ
2580 3389 2944 3461 προσδέχεται
2980 3391 3074 3445 τὸν
3099 3391 3304 3446 Ἰεσσαὶ
3333 3394 3542 3448 καὶτὸν
3575 3391 3735 3448 οἷκον

2137 3479 2330 3536 αὑτοῦ.
2361 3481 2472 3536 Καὶ
2509 3483 2538 3535 ὸ
2589 3483 2759 3538 Δαϐἱδ
2801 3483 3075 3557 ἐπορεύθη
3133 3489 3211 3551 είς
3265 3487 3361 3559 τὴν
3391 3488 3495 3558 γῆν
3529 3489 3730 3555 Ἰούδα,

2137 3572 2297 3627 τοῦτο
2334 3574 2442 3628 Γὰδ
2469 3574 2566 3630 τοῦ
2602 3579 2883 3650 προφήτου
2915 3579 3295 3646 κελεύσαντος.
3357 3581 3417 3636 Ὀ
3461 3583 3638 3638 Σαοὺλ
3671 3585 3732 3639 δὲ

2141 3664 2355 3736 μαθὼν,
2384 3669 2468 3721 ἔτι
2498 3669 2705 3741 πλῆθος
2737 3671 3027 3744 ἤθροισται
3063 3673 3201 3744 πρὸς
3223 3674 3412 3742 Δαϐὶὸ,
3451 3677 3731 3746 συγκαλε-

2139 3757 2377 3826 σάμενος
2409 3760 2537 3825 τοὺς
2570 3760 2780 3832 φίλους,
2818 3763 3096 3828 ὠνείδιζεν
3147 3767 3370 3833 αὐτοὺς,
3403 3769 3478 3834 ὡς
3529 3771 3732 3843 ἐκείνῳ

2137 3848 2628 3920 προστιθεμένους.
2661 3853 2859 3918 Δοῦλος
2889 3854 2946 3908 δέ
2977 3873 3060 3921 τις
3088 3857 3284 3924 Σαοὺλ,
3330 3859 3502 3932 Σύρος
3543 3861 3604 3914 τὸ
3633 3865 3730 3930 γέ-

2136 3957 2246 4008 νος,
2280 3943 2441 4014 Δωὴκ
2485 3943 2746 4018 τοῦνομα,
2792 3949 3127 4022 παρατυχὼν
3169 3951 3258 4005 ὅτε
3297 3953 3424 4016 τοὺς
3463 3955 3664 4026 ἄρτους
3703 3957 3732 4009 6

2135 4032 2429 4104 ἀρχιερεὺς
2459 4037 2630 4091 ἔδωκε
2678 4039 2970 4110 τῷΔαϐὶδ,
3021 4041 3114 4096 καὶ
3156 4042 3253 4114 τὴν
3303 4046 3584 4116 ῥομφαίαν
3627 4048 3727 4102 τοῦ

2134 4127 2352 4193 ramo,
2381 4131 2746 4202 παρεστηκὼς
2779 4134 2902 4186 τότε
2947 4135 3117 4207 αὐτῷ,
3151 4137 3454 4209 ἀπήγγειλε
3503 4139 3581 4212 τῷ
3622 4141 3728 4212 βα-

2136 4221 2298 4287 σιλεῖ,
2345 4223 2420 4286 ὡς
2456 4221 2562 4278 εἶδε
2591 4225 2684 4278 τὸν
2715 4225 2880 4281 Δαϐὶδ
2929 4231 3379 4302 παραγενόμενον
3433 4233 3572 4303 πρὸς
3630 4237 3728 4286 τὸν

2133 4317 2417 4387 ἀρχιερέα,
2455 4320 2548 4372 καὶ
2596 4320 2891 4390 ἐρωτῶντα
2921 4321 2989 4376 δι’
3038 4322 3204 4376 αὑτοῦ
3255 4325 3347 4378 τὸν
3407 4326 3562 4391 Θεὸν,
3626 4327 3729 4380 καὶ

2135 4410 2487 4479 ἐπισιτισμὸν
2510 4411 2770 4476 λαϐόντα,
2800 4413 2896 4466 καὶ
2929 4414 3029 4484 τὴν
3080 4415 3378 4486 ῥομφαίαν.
3419 4417 3727 4489 Μεταπεμ-

441 4525 608 4566 sexus
654 4514 936 4576 respectu.
1011 4502 1168 4558 Unus
1218 4501 1486 4555 duntaxat
1544 4502 1822 4571 pontificis
1880 4502 2026 4580 filius

2139 4501 2375 4572 ψάμενος
2397 4504 2451 4556 δὲ
2470 4505 2560 4557 τὸν
2588 4506 2851 4578 ἀρχιερέα
2872 4509 2899 4560 ὁ
2929 4505 3203 4578 βασιλεὺς,
3223 4509 3542 4564 ὲπενεκὰλει
3569 4512 3640 4564 αὑ
3657 4511 3727 4582 ςῷ

443 4602 711 4660 Abiathar
751 4601 878 4668 fuga
907 4595 1150 4666 elapsus,
1203 4592 1390 4647 Davidi
1434 4593 1655 4646 nuntiat
1695 4593 1829 4662 quid
1876 4595 2026 4650 acci-

438 4699 633 4752 disset.
663 4696 799 4748 Cum
831 4699 1018 4746 autem
1049 4689 1375 4757 alienigena:
1418 4685 1627 4741 Ccilatn
1663 4687 2029 4757 impressione

440 4791 604 4854 facta,
641 4786 855 4858 praedas
883 4801 952 4839 ex
991 4797 1122 4854 agro
1145 4789 1407 4852 agerent,
1446 4780 1615 4834 David
1659 4789 1886 4834 auctore
1917 4780 2030 4836 Deo

440 4897 568 4937 cum
611 4877 1038 4950 quadringentis
1087 4889 1185 4929 eos
1216 4887 1524 4943 aggressus,
1578 4873 2030 4938 caedit,omnem-

439 4989 550 5045 que
597 4972 838 5042 praedam
873 4965 1093 5037 recipit.
1129 4965 1267 5020 Tum
1301 4965 1429 5019 Saul
1469 4965 1654 5034 copias
1691 4964 1927 5020 militum
1957 4966 2026 5020 ad

423 5082 566 5122 eum
598 5062 965 5119 occidendum
1013 5058 1187 5114 mittit
1217 5074 1232 5124 ;
1263 5059 1357 5112 sed
1389 5058 1560 5112 David
1607 5058 1800 5114 relicta
1851 5058 2022 5127 Ceila,

437 5159 495 5214 in
529 5158 811 5214 desertum
860 5168 920 5210 se
980 5151 1216 5206 confert.
1253 5149 1417 5203 Sanle
1451 5157 1635 5202 autem
1669 5164 1741 5202 ne
1792 5149 1872 5203 sic
1903 5150 2028 5219 qui-

436 5250 561 5307 dem
593 5249 665 5304 ab
693 5248 815 5319 ejus
845 5242 1137 5318 occidendi
1185 5241 1436 5296 consiliis
1487 5240 1832 5306 discedente,
1864 5240 2031 5296 Jona-

440 5348 563 5402 thas
611 5344 680 5399 ad
717 5340 978 5399 Davidem
1031 5336 1332 5410 profectus,
1383 5334 1675 5390 continuat
1712 5335 2018 5401 hominem,

435 5455 494 5500 et
521 5457 676 5515 spem
711 5441 912 5496 bonam
955 5435 1160 5490 habere
1186 5434 1344 5506 jubet
1371 5449 1384 5485 :
1415 5430 1512 5488 sed
1564 5446 1691 5486 cum
1739 5430 1908 5485 David
1965 5433 2022 5484 in

432 5548 647 5610 petram
675 5533 883 5591 deserti
920 5529 1130 5586 Maauis
1156 5527 1517 5597 confugisset,
1553 5525 1718 5582 Saule
1751 5540 1878 5580 cum
1904 5539 2024 5577 ma-

2132 4599 2479 4666 συνωμοσίαν
2517 4601 2656 4669 μετὰ
2687 4601 2880 4654 Δαϐίδο
2917 4600 3010 4654 καὶ
3040 4600 3341 4669 προσέταξε
3403 4605 3514 4666 τοῖς
3576 4621 3725 4674 παρ-

2130 4691 2365 4744 σττώσιν
2430 4691 2579 4764 αύτῷ
2618 4693 2866 4758 ὁπλίταις
2905 4699 3114 4750 κτεῖναι
3135 4697 3225 4750 τὸν
3274 4697 3561 4770 ἀρχιερέα,
3625 4702 3722 4752 καὶ

2129 4787 2313 4838 πᾶσαν
2339 4784 2438 4858 τὴν
2466 4787 2666 4855 γενεὰν
2710 4787 2898 4843 αὑτοῦ.
2952 4789 3375 4859 Εύλαϐηθέντων
3405 4790 3450 4842 δ’
3487 4791 3720 4844 ἐκείερων

2127 4875 2448 4945 ἐπενεγκεῖν
2473 4880 2631 4948 χεῖρα
2665 4881 2780 4941 τοῖς
2808 4879 2885 4951 τῷ
2918 4880 3037 4950 Θεῷ
3070 4882 3412 4952 ἱερωμένοις,
3451 4880 3529 4953 τῷ
3553 4885 3719 4955 Δωὴκ

2128 4969 2418 5038 ἐπιτρέπει
2445 4971 2572 5033 τοὺς
2604 4971 2821 5040 φόνους.
2870 4973 2977 5026 Καὶ
3008 4973 3065 5035 ὃς
3107 4975 3429 5029 ἀπέκτεινεν
3468 4977 3719 5040 ἅπαντας

2128 5062 2480 5133 τριακοσίους
2510 5065 2673 5128 ὄντας
2711 5068 2801 5120 καὶ
2833 5069 3020 5123 πέντε.
3045 5067 3152 5122 Καὶ
3197 5071 3296 5142 τὴν
3337 5071 3490 5125 πόλιν
3533 5073 3720 5126 αὐτῶν

2129 5153 2446 5219 ἐπάταξεν,
2497 5155 2698 5226 ἡϐηδὸν
2740 5158 2988 5223 ἅπαντας
3042 5161 3269 5230 ἀνελὼν,
3303 5164 3362 5216 οὐ
3414 5165 3717 5232 γυναικῶν,

2127 5243 2190 5297 οὐ
2233 5245 2478 5315 νηπίων,ι
2508 5248 2607 5318 οὺχ
2657 5248 2850 5318 ἐτέρας
2895 5251 3112 5321 ἡλικίας
3157 5255 3500 5323 φεισάμενοι.
3535 5250 3632 5318 Εἷς
3661 5256 3719 5308 δὲ

2133 5334 2294 5406 μόνος
2315 5337 2430 5401 υίὸς
2455 5338 2551 5392 τοῦ
2582 5340 2882 5410 ἀρχιερέως
2917 5342 3100 5415 διέδρα
3127 5343 3217 5396 τὸν
3244 5343 3496 5409 θαναιον,
3534 5345 3720 5400 ’Δϐεά-

2130 5428 2238 5500 θαρ
2278 5429 2636 5502 καλούμενος,
2669 5433 2729 5498 ὃς
2771 5434 2962 5505 φυγὼν
3019 5435 3156 5507 πρὸς
3187 5436 3374 5500 Δαϐὶδ,
3406 5437 3718 5508 ἀπήγγειλε

2131 5521 2202 5576 τὰ
2227 5525 2518 5594 γενόμενα.
2554 5527 2676 5582 Τῶν
2723 5528 2780 5582 δέ
2822 5529 3138 5602 ἀλλοφύλων
3169 5529 3593 5604 ἐμϐεϐληκότων
3637 5534 3717 5597 είς

1633 5688 1840 5749 νωῑω
1879 5687 2188 5757 lectiones
2236 5695 2295 5749 et
2335 5697 2524 5753 notos.

508 5845 622 5911 (50)
670 5841 945 5912 Ἀγχούς.
979 5839 1081 5906 Qui
1114 5839 1167 5894 in
1198 5835 1389 5893 Bibliis
1433 5833 1604 5892 Aeliis
1646 5831 1872 5888 dicitur.
1930 5829 2182 5886 Wolfius.
