3984 6626
457 299 561 366 143

1760 279 2081 344 JOANNIS
2120 279 2444 344 ΖΟΝΑΒΒ

3601 271 3726 339 144

448 414 620 474 David
641 410 706 467 ad
750 407 1026 482 Abigmam
1057 403 1250 468 mittit.
1286 410 1520 470 eamque
1559 390 1754 450 ambit.
1785 391 1899 454 Illa,
1923 387 2026 444 etsi

2146 387 2214 452 ις,
2245 386 2465 458 δείματι
2487 403 2550 441 τε
2589 385 2685 442 καὶ
2714 385 2860 459 λύπῃ
2889 385 3267 459 κατασχεθεὶς,
3300 403 3362 442 ου
3397 389 3624 456 πλειους
3658 407 3730 445 τε

450 509 574 566 talis
597 507 704 563 viri
740 501 998 575 coniugio
1027 515 1088 555 se
1118 497 1398 567 indignam
1427 505 1550 547 esse
1587 486 1821 550 diceret,
1843 492 2028 575 tamen

446 604 499 658 ei
533 600 714 658 nubit.
760 573 976 654 Interea
1012 592 1141 648 Saul
1176 587 1368 645 Davidi
1400 579 1765 639 nihilominus
1797 573 2030 630 insidia-

449 706 562 758 tur,
589 707 715 747 cum
754 687 934 744 tribus
969 684 1309 739 delectorum
1339 674 1586 731 millibus
1629 671 1785 742 juxta
1812 666 2026 758 collem

448 756 712 842 Ecliclam
785 776 982 835 castris
1034 771 1253 845 positis,
1297 782 1409 838 quo
1455 765 1512 818 in
1540 763 1662 817 loco
1689 756 1862 815 David
1901 770 2027 810 cum

448 942 631 1028 noctu—
662 969 716 1022 in
747 974 930 1020 castra
965 958 1146 1015 Saulis
1179 952 1485 1024 profectus,
1522 959 1699 1015 usque
1748 942 1806 996 in
1847 947 2030 1028 tento:

451 1065 594 1120 rium
630 1058 776 1126 regis
821 1045 1156 1108 dormientis
1201 1047 1480 1112 penetrat,
1516 1034 1613 1126 ubi
1671 1032 1927 1126 amesau‘i
1962 1023 2028 1078 ad

451 1115 843 1208 trucidandum
880 1153 1063 1210 regem
1096 1135 1385 1190 incitatum
1414 1125 1650 1188 inhibet,
1687 1121 1844 1176 hasta
1891 1115 2032 1210 dun-

452 1207 604 1301 taxat
651 1247 709 1294 et
764 1207 966 1307 hydria
1009 1227 1157 1300 regis
1208 1225 1389 1280 ablata
1434 1207 2032 1311 disceduntlneminc

451 1301 933 1392 animadvertcnle
961 1344 974 1379 ε
1013 1321 1268 1394 quamvis
1297 1316 1552 1371 Abnerus
1579 1350 1593 1374 ,
1633 1307 1904 1376 multique
1937 1301 2030 1355 alii

451 1429 662 1485 circum
702 1436 886 1492 regem
928 1419 1201 1489 iacerent.
1237 1411 1428 1480 Itaque
1482 1401 1688 1460 montis
1739 1394 2029 1492 cacumine

452 1486 801 1582 conscenso,
853 1486 1130 1566 Abnerem
1180 1504 1269 1561 liis
1320 1499 1508 1556 verbis
1561 1495 1874 1550 inclamat:
1925 1486 2033 1582 Cur

453 1629 558 1667 non
580 1580 809 1664 custodis
847 1618 1020 1675 regem
1049 1600 1074 1654 ?
1106 1598 1236 1652 Ecce
1281 1595 1420 1649 vobis
1448 1589 1647 1662 ignaris
1679 1583 1898 1656 quidam
1947 1580 2032 1633 in-

2129 480 2242 534 τῶν
2294 479 2428 534 δέκα
2480 478 2733 544 ἐπιϐιοὺς
2780 479 3026 551 ἡμερῶν,
3075 480 3356 552 ἀπέρρηξε
3405 483 3505 553 τὴν
3536 483 3729 554 ζωήν.

2131 575 2243 628 Kal
2267 574 2424 629 τοῦτο
2459 573 2648 646 μαθὼν
2669 577 2698 628 6
2725 575 2909 638 Δαϐὶδ,
2935 574 3228 628 ἀπέστειλε
3259 575 3397 647 πρὸς
3420 575 3734 645 ’Δϐιγαεαν

2133 665 2421 738 μνώμενον
2452 667 2625 738 αὐτὴν
2658 665 2860 736 ἐαυτῷ.
2893 666 2959 719 Ἦ
2982 665 3038 720 δέ
3076 667 3178 720 οὐκ
3213 665 3371 732 ἀξίαν
3395 665 3550 721 εἷπεν
3577 669 3732 722 tau-

2129 757 2232 830 τὴν
2285 755 2427 812 εἶναι
2475 759 2616 830 πρὸς
2667 759 2989 827 συνοίκησιν
3030 759 3261 830 τοιούτῳ
3315 759 3486 830 ἀνδρί.
3519 761 3734 829 Ὅμως

2134 852 2320 922 μέντοι
2355 852 2592 923 ἀπῆλθε,
2617 853 2713 907 καὶ
2745 851 2942 906 ἐλαϐεν
2981 852 3154 924 αὐτὴν
3215 854 3296 916 εις
3339 857 3578 921 γυναίκα
3605 856 3733 906 Δα-

2133 943 2238 998 ϐίδ.
2286 943 2343 994 '0
2371 942 2428 996 δὲ
2479 943 2654 996 Σαοὺλ
2707 941 3071 996 ἐπεϐούλευεν
3105 943 3186 998 ἐτι
3233 943 3406 1014 αύτῷ,
3445 945 3539 997 καὶ
3571 943 3736 1014 μετὰ

2131 1021 2454 1106 τρισχιλίων
2482 1036 2728 1105 λογάδων
2760 1036 3255 1110 στρατοπεδεύεται
3286 1036 3439 1106 παρά
3469 1037 3563 1090 τὸν
3592 1036 3735 1107 pou-

2132 1129 2222 1182 νὺν
2257 1128 2509 1199 Ἐχελάτ,
2551 1130 2686 1183 ὅπου
2718 1130 2994 1202 διέτριϐεν
3035 1131 3064 1183 6
3095 1129 3262 1183 Aa6l6
3292 1130 3432 1200 μετὰ
3461 1130 3574 1183 τῶν
3615 1129 3735 1182 σὺν

2133 1222 2287 1294 αύτῷ
2339 1223 2713 1294 τετρακοσίων
2765 1223 2998 1295 ἀνδρῶν.
3050 1224 3267 1289 Νυκτὸς
3325 1223 3383 1278 δέ
3433 1224 3730 1295 ἐπορεύθη

2131 1315 2296 1369 Δαϐὶδ
2348 1315 2513 1381 αὐτὸς
2560 1318 2657 1372 καὶ
2721 1317 2928 1388 Ἀμεσά
2958 1319 3041 1382 εἰς
3085 1317 3186 1389 τὴν
3235 1317 3592 1390 παρεμϐολὴν
3621 1316 3738 1372 τοῦ

2132 1409 2329 1474 Σαοὺλ,
2364 1411 2460 1464 καὶ
2493 1411 2768 1482 εἰσῆλθον,
2803 1413 2940 1467 ὅπου
2971 1408 3040 1484 ἦν
3073 1412 3353 1467 καθεύδων
3375 1410 3568 1467 Σαούλ.
3606 1411 3737 1466 Καὶ

2132 1498 2228 1552 τοῦ
2259 1501 2472 1571 ’Δμεσά
2503 1502 2718 1556 ἀνελεῖν
2745 1502 3075 1576 ὡρμηκότος
3114 1502 3304 1570 αὑτὸν,
3337 1503 3440 1558 οὐκ
3481 1503 3679 1557 εἴασεν
3705 1502 3739 1556 6

2136 1592 2326 1650 Aa6l6.
2363 1594 2437 1646 Τὸ
2464 1593 2598 1666 δόρυ
2628 1595 2683 1648 δέ
2711 1595 2805 1649 τοῦ
2837 1595 3110 1667 βασιλέως
3166 1598 3262 1650 καὶ
3293 1598 3354 1650 τὸ
3376 1597 3600 1666 ἀγγεῖον
3624 1593 3734 1649 τοῦ

452 1706 619 1778 gressi
651 1709 794 1766 sunt,
841 1701 909 1753 ad
963 1711 1082 1749 eum
1125 1687 1486 1745 occidendum.
1519 1681 1710 1748 Quaere
1741 1676 1950 1778 hastam
1985 1677 2032 1723 et

2146 1687 2336 1752 ὓδατος
2359 1688 2618 1752 λαϐόντες
2650 1689 2898 1759 ἐξῆλθον,
2928 1691 3002 1762 μή
3033 1708 3180 1754 τινος
3216 1689 3547 1760 αἰσθομένου
3573 1706 3587 1718 ’
3623 1689 3738 1742 καὶ

452 1757 703 1870 ἰξίαν-ίαηι
760 1757 896 1864 regis
928 1833 944 1857 ,
999 1798 1054 1842 ut
1097 1783 1386 1853 intelligas,
1439 1774 1596 1849 quale
1629 1789 1719 1870 vos
1742 1766 2030 1842 periculum

2146 1776 2312 1832 ταῦτα
2359 1777 2456 1831 τοῦ
2508 1757 2774 1851 Ἀϐεννὴῖρ
2821 1757 3224 1852 τοῦνάρχοντος
3283 1757 3392 1851 τῆς.
3433 1779 3737 1850 δυνάμεως

457 1863 723 1960 fefellerit.
767 1863 899 1938 sint
950 1877 1140 1950 agnita
1167 1888 1300 1928 voce
1351 1863 1895 1960 Davidis,qui-cum
1942 1871 2036 1912 oc-

438 1955 643 2038 cidere
719 1973 1026 2048 potuisset,
1088 1968 1270 2024 denuo
1342 1961 1450 2017 sibi
1525 1955 1912 2054 pepercisset“,
1955 1961 2034 2054 se

456 2045 734 2148 peccasse—
764 2069 988 2130 fatetur,
1042 2078 1108 2117 ac
1153 2057 1354 2115 mentis
1389 2067 1581 2110 errore
1620 2047 1762 2148 allici
1805 2063 1820 2100 :
1869 2045 2036 2099 Davi-

459 2141 696 2236 denique
770 2162 920 2216 bono
999 2158 1186 2212 animo
1253 2165 1375 2207 esse
1436 2146 1642 2223 jubet,
1702 2141 2040 2236 domumque

458 2233 624 2317 suam—
659 2256 883 2312 reverti.
941 2253 1010 2305 At
1068 2248 1158 2304 ille
1207 2244 1512 2301 :Dominus
1543 2283 1555 2304 ,
1606 2233 1807 2306 inquit,
1861 2242 2042 2300 quent-

456 2355 569 2427 69
593 2368 690 2422 que
723 2365 814 2417 pro
854 2345 1064 2417 iustitia
1096 2349 1145 2395 et
1173 2339 1277 2410 ﬁde
1315 2353 1411 2391 sua
1444 2337 1833 2389 remuneretur.
1870 2324 2040 2380 Cuiu-

459 2425 566 2519 que
612 2440 890 2513 sexcentis
942 2436 1057 2493 suis
1105 2433 1173 2488 ad
1213 2430 1468 2486 Anebum
1516 2425 1705 2480 Getlue
1752 2434 1934 2492 regem
1979 2431 2039 2471 se

459 2539 710 2598 confert,
761 2543 923 2602 atque
972 2528 1046 2582 ibi
1098 2539 1316 2580 nienses
1359 2528 1597 2590 quatuor
1642 2519 2038 2571 commoratur.

459 2634 597 2690 Cum
629 2637 813 2684 autem
855 2619 1129 2678 Palaestini
1169 2616 1373 2672 bellum
1416 2609 1678 2667 lsraelitis
1717 2604 1926 2662 illaturi
1956 2617 2043 2658 es-

461 2734 617 2789 sent,
647 2720 874 2780 Auchus
913 2712 1105 2771 Davidi
1149 2711 1229 2767 ait
1262 2728 1275 2765 :
1303 2707 1557 2778 Nunquid
1593 2714 1642 2759 et
1691 2713 1746 2758 tu
1791 2718 1909 2756 cum
1941 2703 2044 2758 tuis

463 2833 667 2874 mecum
709 2813 778 2868 ad
825 2807 1020 2864 bellum
1072 2802 1396 2876 egredieris?
1451 2797 1770 2870 Respondet
1813 2795 1936 2860 ille,
1983 2808 2044 2852 se

461 2915 744 2963 strenuam
786 2913 1009 2969 Operam
1062 2900 1414 2949 navaturum.
1461 2887 1726 2945 Hostibus
1759 2887 1870 2958 jam
1909 2885 2045 2940 lines

460 2997 836 3056 lsraclitaruin
897 2989 1189 3061 ingressis,
1247 2983 1380 3039 Saul
1432 2979 1816 3053 perturbatus,
1870 2977 2042 3032 Deum

463 3087 726 3153 censulit,
774 3093 964 3139 utrum
1011 3091 1192 3150 pugna
1244 3073 1482 3130 ineunda
1519 3072 1592 3126 sit
1623 3089 1636 3127 :
1667 3086 1776 3142 quo
1811 3085 1922 3124 non
1954 3083 2044 3123 re-

465 3181 796 3257 spondente,
839 3169 1346 3246 Engastriuiythum
1393 3165 1612 3237 quaerit,
1657 3172 1712 3218 et
1756 3161 2042 3216 mulierem

465 3277 749 3341 convenit,
783 3281 994 3328 mutato
1029 3269 1221 3324 habitu
1252 3281 1321 3320 ne
1351 3271 1765 3336 agnosceretur,
1799 3259 2048 3331 petitque

466 3371 742 3430 Samuelis
784 3367 890 3424 sibi
935 3379 1126 3420 manes
1155 3360 1279 3416 elici
1317 3361 1452 3431 :qui
1493 3373 1616 3413 cum
1658 3355 1872 3411 evocati
1919 3353 2047 3425 qui-

465 3467 699 3524 busdam
731 3458 1072 3518 carminibus
1103 3455 1445 3517 viderentur,
1476 3449 1606 3506 Saui
1636 3467 1648 3503 :
1683 3447 2046 3512 Vehementer,

464 3553 663 3624 inquit,
702 3565 869 3621 angor
899 3563 917 3603 :
945 3562 1072 3600 nam
1102 3552 1152 3598 et
1183 3541 1493 3613 alienigena:
1531 3548 1716 3595 contra
1746 3555 1828 3594 me
1865 3554 2051 3594 conve-

463 3653 681 3711 nerunt,
724 3651 772 3696 et
818 3639 954 3693 Deus
994 3654 1025 3691 a
1061 3652 1141 3690 me
1187 3635 1416 3688 recessit.
1463 3629 1738 3687 Samuelis
1767 3640 2048 3702 spectrum

464 3737 762 3808 respondet
792 3752 807 3789 :
855 3731 1002 3786 Fecit
1037 3747 1098 3784 ea
1133 3728 1410 3788 Dominus.
1441 3742 1559 3798 qute
1596 3742 1691 3796 per
1731 3741 1812 3779 me
1848 3725 2048 3794 prwdi-

463 3836 641 3890 uerat,
664 3839 884 3895 regnum
913 3820 1006 3875 abs
1027 3828 1077 3873 te
1105 3817 1374 3888 auferens,
1395 3817 1552 3886 idque
1583 3815 1772 3868 Davidi
1795 3815 2048 3880 tribuens,

466 3931 518 3976 et
552 3917 805 3992 populum
847 3913 1078 3968 hostibus
1111 3911 1410 3980 sutfjioiens.
1457 3908 1528 3962 Tu
1569 3924 1690 3963 cera
1732 3907 1936 3980 ﬁliique
1975 3909 2053 3962 tui

465 4030 587 4069 cras
646 4010 863 4066 cadetis.
920 4007 1015 4062 His
1061 4003 1306 4068 auditis,
1362 4001 1493 4058 Saul
1546 4002 1756 4073 ingenti
1816 4016 2053 4057 mterore

466 4108 724 4172 allectus,
756 4101 1015 4158 discedit.
1046 4098 1164 4155 iam
1208 4106 1386 4152 castra
1421 4103 1721 4166 posuerant
1761 4094 1967 4161 hostes,
1997 4103 2056 4150 et

466 4199 636 4257 David
682 4212 806 4251 cum
852 4194 968 4248 suis
1013 4189 1289 4246 sexcentis
1333 4205 1363 4243 a
1409 4197 1565 4258 tergo
1610 4202 1804 4242 eorum
1854 4185 2053 4242 stativa

467 4291 734 4348 habebat.
783 4287 986 4342 Verum
1035 4280 1272 4350 satrapis
1314 4293 1424 4332 non
1469 4276 1810 4348 probabatur
1853 4292 1916 4331 ea
1961 4291 2053 4331 so-

463 4386 659 4441 cietas.
690 4377 1075 4434 Causabantur
1100 4375 1271 4438 enim,
1302 4372 1657 4426 metuendum
1689 4386 1811 4426 esse
1844 4388 1914 4427 ne
1943 4387 2051 4443 qua

2141 1869 2335 1934 αὐτοῦ,
2374 1868 2474 1924 καὶ
2528 1870 2746 1925 πολλῶν
2799 1871 3006 1940 ἐτέρων
3059 1870 3248 1939 κύκλῳ
3293 1870 3570 1938 κειμένων
3625 1867 3735 1922 τοῦ

2143 1963 2436 2034 βασιλέως.
2478 1949 2750 2018 Ἀνελθών
2781 1963 2841 2017 δέ
2871 1964 2967 2016 ἐπὶ
2997 1964 3057 2016 τὸ
3087 1963 3261 2035 ἀκρον
3292 1963 3384 2017 τοῦ
3415 1963 3577 2034 ὅρους
3611 1967 3739 2015 Δα-

2145 2055 2254 2124 ϐὶδ,
2294 2055 2492 2126 ἐϐόησε
2527 2055 2665 2127 πρὸς
2706 2057 2802 2110 τὸν
2828 2055 3125 2133 ’Δϐεννήρ’
3161 2059 3227 2112 Τί
3263 2057 3350 2110 ὅτι
3382 2059 3456 2110 οὐ
3485 2055 3740 2125 gauder-

2148 2161 2282 2214 σεις
2327 2147 2436 2202 τὸν
2497 2147 2800 2216 ,ϐασιλέα;
2835 2149 2994 2206 Ἰδοὺ
3049 2149 3160 2219 τὰρ
3212 2150 3508 2219 εισῆλθόν
3561 2165 3740 2215 τινες

2143 2240 2371 2296 κτεῖναι
2398 2243 2606 2309 αὐτὸν,
2625 2243 2725 2297 καὶ
2757 2243 2931 2314 ὑμεῖς
2958 2247 3072 2299 οὐκ
3098 2244 3416 2314 ἐγνώκατε.
3443 2243 3739 2312 Ζήτησογ

2143 2328 2257 2389 οὖν
2285 2335 2352 2389 τό
2380 2335 2548 2404 δόρυ,
2571 2337 2669 2390 καὶ
2702 2337 2808 2392 τὸν
2839 2336 3029 2406 φακὸν
3057 2339 3163 2392 τοῦ
3191 2336 3431 2403 ὕδατος,
3465 2337 3565 2390 καὶ
3598 2331 3739 2401 οἶος

2143 2427 2285 2495 ετση
2339 2426 2497 2498 ὑμᾶς
2537 2428 2923 2498 παρελήλυθε
2976 2429 3282 2497 κίνδυνος.
3326 2429 3616 2497 Ἐπιγνοὺς
3672 2427 3738 2482 δὲ

2144 2519 2247 2589 τὴν
2298 2521 2487 2590 φωνὴν
2538 2521 2702 2574 Δαϐὶδ
2744 2523 2772 2575 6
2821 2521 3017 2588 Σαοὺλ,
3050 2521 3146 2575 ual
3193 2521 3271 2586 ὡς
3317 2521 3574 2592 ἐφείσατο
3629 2521 3740 2574 καὶ

2147 2609 2306 2678 αὖθις
2363 2612 2536 2668 αὐτοῦ
2590 2614 2896 2684 δυνάμενον
2945 2614 3112 2670 αὐτὸν
3158 2613 3406 2679 ἀνελεῖν,
3455 2616 3738 2686 ἁμαρτεῖν

2146 2705 2290 2773 εἷπε,
2335 2709 2431 2762 καὶ
2478 2706 2918 2778 μεματαιῶσθαι,
2947 2708 3045 2761 καὶ
3081 2705 3234 2778 ἠξίου
3285 2706 3512 2779 θαρρεῖν
3537 2707 3734 2770 αὑτὸν.

2147 2801 2246 2855 καὶ
2275 2801 2630 2872 ἐπιστρέφειν
2658 2803 2740 2866 εἰς
2767 2803 2858 2857 τὸν
2887 2797 3038 2857 οῐκον
3061 2801 3250 2858 αὐτοῦ.
3287 2801 3348 2854 '0
3369 2801 3448 2869 δέ,
3484 2804 3733 2869 Κύριος,

2147 2895 2276 2966 ἐφη,
2311 2893 2431 2963 δώῃ
2458 2894 2693 2962 ἑκάστῳ
2730 2894 2884 2950 κατὰ
2921 2895 3034 2964 τὴν
3072 2896 3473 2964 δικαιοσύνην
3513 2894 3733 2960 αὑτοῦ,

2147 2989 2247 3042 καὶ
2294 2987 2447 3042 κατὰ
2484 2987 2600 3056 τὴν
2637 2989 2848 3044 πίστιν
2897 2990 3108 3044 αὐτοῦ.
3159 2991 3269 3043 Kal
3319 2989 3532 3060 ἀπῆλθε
3586 2988 3738 3060 μετά

2069 3111 2115 3175 C
2147 3081 2259 3175 τῶν
2300 3082 2399 3138 σὺν
2445 3083 2596 3154 αὐτῷ
2627 3082 2924 3150 ἑξακοσίων
2966 3084 3136 3138 Δαϐιδ
3182 3085 3320 3156 πρὸς
3359 3084 3586 3154 Ἄγχους
3633 3083 3738 3137 τὸν

2152 3173 2382 3245 βασιλέα
2418 3176 2517 3245 τῆς
2549 3176 2674 3244 Γέθ,
2713 3179 2809 3232 καὶ
2839 3177 3031 3248 διῆγεν
3060 3178 3178 3231 ἐκεῖ
3211 3179 3486 3247 τέσσαρας
3528 3176 3734 3246 μῆνας.

2149 3267 2270 3323 Τῶν
2299 3269 2357 3322 δέ
2391 3270 2774 3325 Παλαιπινῶν
2804 3271 2899 3324 ἐπὶ
2924 3271 3018 3324 τὸν
3069 3271 3288 3342 Ἰσραὴλ
3320 3270 3736 3342 ἐκστρατεῦσαι

2151 3359 2518 3432 βουλομένων,
2553 3362 2662 3433 ἐφη
2707 3363 2844 3434 πρὸς
2885 3363 3050 3416 Δαϐὶδ
3083 3366 3111 3417 6
3190 3363 3464 3434 ’Λγχούς·
3503 3365 3738 3429 Συνεξ-

2151 3453 2380 3520 ελεύσῃ
2401 3469 2503 3522 μοι
2531 3455 2621 3520 εις
2635 3452 2742 3508 τὸν
2771 3455 3038 3524 πόλεμον
3059 3454 3162 3522 σὺ,
3188 3456 3287 3509 καὶ
3319 3457 3374 3509 οι
3397 3458 3551 3526 μετὰ
3577 3456 3737 3522 συῦ;

2152 3546 2408 3608 κάκεῖνος
2449 3545 2603 3617 αύτῷ
2644 3545 2945 3619 προθύμως
2997 3548 3386 3620 συμμαχήσειν
3435 3548 3733 3618 ὑπέσχετο.

2155 3638 2295 3710 Ἤδη
2331 3638 2387 3692 δέ
2424 3638 2532 3692 τῶν
2582 3638 2899 3709 ἀλλοφύλων
2946 3643 3012 3713 τῇ
3063 3640 3220 3715 χώρᾳ
3268 3642 3738 3715 προσελασάντων

2153 3729 2264 3781 τῶν
2333 3727 2708 3800 Ἰσραηλιτῶν,
2759 3731 2789 3784 6
2842 3729 3014 3784 Σαοὺλ
3059 3730 3432 3803 τεθορύϐητο,
3483 3731 3580 3788 καὶ
3633 3731 3738 3786 τοῦ

2152 3818 2288 3874 Θεοῦ
2325 3819 2682 3886 ἐπυνθάνετο,
2713 3822 2765 3876 εἰ
2795 3823 3140 3895 μαχήσεται;
3164 3825 3256 3897 Μὴ
3297 3825 3737 3897 ἀποκρινομένου

2150 3909 2243 3976 δὲ,
2291 3910 2736 3984 ἐγγαστρίμυθον
2787 3911 3068 3984 ἐζήτησε,
3117 3915 3216 3968 καὶ
3259 3912 3532 3987 ἐπορεύθη
3587 3912 3738 3984 1:96;

2153 4004 2326 4073 αὐτὴν
2363 4006 2916 4076 μεταμφιασάμενος,
2958 4005 3046 4059 ἵνα
3073 4007 3149 4077 μὴ
3195 4008 3343 4070 ὅστις
3375 4008 3461 4077 εἴη
3491 4009 3736 4075 ἐπιγνω-

2155 4099 2280 4169 σθῇ,
2318 4099 2416 4151 καὶ
2446 4097 2651 4169 ᾔτησεν
2688 4098 2998 4170 ἀναχθῆναι
3040 4099 3189 4170 αύτῷ
3220 4099 3315 4153 τοῦ
3347 4100 3602 4172 Σαμουὴλ
3632 4101 3737 4171 τὴν

2151 4189 2358 4262 ψυχὴν,
2390 4191 2488 4244 καὶ
2516 4192 2757 4263 ἐπῳδαῖς
2800 4209 2944 4246 τισιν
2989 4192 3298 4263 ἀναχθῆναι
3345 4191 3567 4265 δοξάσῃ,
3606 4190 3733 4247 εἷπε

2153 4285 2360 4339 Σαούλο
2404 4287 2686 4356 Θλίόομαι
2737 4286 2994 4356 σφόδρα,
3023 4286 3112 4341 ὅτι
3152 4287 3563 4356 συνήχθησαν
3601 4289 3734 4342 κατ’

2152 4375 2299 4446 ἐμοῦ
2345 4380 2400 4432 οι
2438 4377 2802 4446 ἀλλόφυλοι,
2859 4379 2959 4431 καὶ
3008 4379 3041 4431 ό
3113 4379 3334 4446 Κύριος
3381 4377 3740 4448 ἀφέστηκεν

467 4478 574 4535 sibi
611 4473 796 4531 clades
831 4470 901 4525 ab
936 4484 1003 4523 eo
1039 4467 1340 4521 inferretur
1375 4467 1430 4520 in
1465 4465 1626 4530 bello,
1655 4464 1722 4520 ad
1757 4464 2043 4535 populares

2153 4471 2253 4526 ἀπ’
2284 4470 2453 4539 ἐμοῦ.
2495 4471 2568 4523 Τὸ
2593 4471 2652 4526 δέ
2676 4470 2769 4523 τοῦ
2813 4471 3066 4542 Σαμουὴλ
3097 4470 3391 4540 φάντασμα
3428 4472 3733 4542 ἀπεκρίθη,

468 4587 600 4629 suos
628 4584 688 4624 se
717 4565 1060 4620 conferente.
1107 4561 1295 4630 Itaque
1334 4567 1529 4628 petunt
1560 4565 1618 4612 ut
1663 4558 1907 4613 discedat
1946 4575 1961 4614 :
1992 4569 2049 4616 et

464 4662 696 4719 Auchus
730 4655 964 4725 satrapis
1007 4653 1335 4721 obsequens,
1367 4663 1493 4703 eum
1531 4647 1686 4704 abire
1724 4649 1902 4718 jubet.
1934 4650 2056 4704 Dis-

469 4756 620 4812 cedit
654 4752 820 4823 igitur
857 4762 980 4803 cum
1024 4747 1138 4801 suis
1168 4743 1338 4798 David
1373 4743 1676 4813 Sicelagem
1702 4783 1717 4808 ,
1752 4743 1822 4798 ab
1859 4743 2049 4800 Ancbo

463 4851 578 4906 sibi
604 4847 671 4902 ad
709 4839 1064 4899 habitandum
1097 4837 1448 4909 assignatam.
1485 4837 1769 4892 Incensam
1803 4839 2003 4909 reperit
2041 4855 2058 4895 :

470 4954 782 5009 uxoresque
808 4951 934 4990 suas
952 4935 1140 4988 ambas
1162 4947 1287 4986 eum
1313 4929 1574 4985 omnibus
1592 4929 1684 5000 qui
1710 4930 1784 4985 ibi
1809 4931 2051 4996 fuerant,

469 5043 658 5106 captas
733 5031 801 5084 ab
849 5025 1187 5084 Amalecitis.
1255 5023 1327 5076 Ea
1379 5022 1534 5077 clade
1587 5021 1908 5093 deplorata,
1953 5039 2053 5093 per

471 5125 824 5187 Abiatharem
859 5118 1203 5176 sacerdotem
1249 5115 1421 5170 Deum
1466 5115 1726 5177 consulit,
1760 5131 1828 5170 an
1862 5131 2051 5186 perse-

472 5218 675 5291 quendi
709 5217 819 5270 sint
848 5211 1072 5268 hostes?
1101 5209 1210 5263 Deo
1239 5205 1612 5277 permittente.
1641 5222 1766 5262 cum
1793 5208 2054 5278 quadrin-

470 5313 650 5387 gentis
687 5307 1062 5382 persequitur,
1097 5302 1368 5357 ducentos
1414 5299 1482 5354 ad
1528 5299 2049 5369 impedimentorum

470 5405 778 5463 custodiam
808 5398 1090 5469 relinquit.
1115 5395 1186 5450 Et
1213 5392 1443 5463 sparsim
1477 5393 1832 5448 comedentes
1859 5393 2054 5451 biben-

473 5508 665 5572 tesque
699 5497 956 5567 adeptus,
987 5501 1043 5548 et
1082 5505 1150 5546 ex
1182 5485 1484 5559 improviso
1516 5502 1831 5558 aggressus,
1860 5504 2054 5547 omnes

2155 4563 2231 4627 ὡς
2263 4563 2563 4631 Πεποίηκέ
2591 4578 2691 4618 σοι
2717 4567 2748 4618 ὁ
2780 4565 2994 4632 Κύριος
3023 4565 3140 4617 ὅσα
3167 4564 3320 4630 πρὸς
3355 4563 3433 4618 σὲ
3463 4567 3736 4634 μεμήνυ·

2157 4673 2227 4709 κε
2292 4656 2404 4727 (Si)
2451 4656 2711 4727 δι’ἐμοῦ,
2749 4657 2847 4710 καὶ
2884 4657 3219 4726 ἀφαιρεῖταί
3246 4671 3364 4711 σου
3406 4658 3742 4737 τὴν-,βασι-

2155 4751 2351 4813 λείαν,
2386 4751 2482 4804 καὶ
2517 4749 2768 4804 δίδωσιν
2785 4748 2982 4818 αὐτὴν
3003 4749 3084 4813 τῷ
3106 4749 3300 4814 Δαϐὶδ,
3321 4749 3420 4802 καὶ
3448 4749 3555 4802 τὸν
3578 4751 3739 4805 λαόν

2153 4841 2491 4898 ὑποτάσσει
2522 4839 2648 4906 τοῖς
2673 4842 3004 4910 πολεμίοις.
3040 4842 3125 4896 Σὺ
3149 4841 3218 4894 δὲ
3241 4841 3341 4894 καὶ
3371 4844 3426 4895 οι
3455 4842 3576 4896 υιοι
3610 4858 3735 4896 σου

2156 4933 2372 5000 αὔριον
2425 4931 2737 4988 ⁸πεσεῖσθιιι.
2793 4931 2905 4985 Kal
2955 4932 3200 5004 ἐλυπήθη
3265 4933 3474 5003 σφόδρα
3525 4933 3738 4988 τούτων

2159 5024 2294 5078 ἀκού
2306 5041 2399 5085 σας
2425 5024 2622 5092 Σαοὺλ,
2639 5023 2733 5078 καὶ
2755 5023 2992 5095 ἀπῆλθε.
3015 5025 3128 5078 Καὶ
3144 5027 3196 5078 oi
3221 5024 3513 5095 ἀλλόφυλοι
3541 5027 3744 5098 ἐστρα-

2160 5115 2558 5170 τοπεδεύσαντο
2584 5135 2597 5148 ·
2635 5117 2728 5170 καὶ
2762 5117 2928 5170 Δαϐὶδ
2956 5119 3049 5170 καὶ
3086 5119 3137 5170 oi
3191 5118 3311 5188 μετ’
3345 5118 3511 5170 αὑτοῦ
3543 5117 3741 5184 ἑξακό-

2163 5229 2268 5266 σιοι
2320 5211 2567 5267 ϐπισθεν.
2611 5212 2738 5275 Τοῖς
2781 5212 2838 5266 δὲ
2890 5213 3202 5284 σατράπαις
3251 5213 3354 5267 οὐκ
3401 5215 3605 5284 ἤρεσκε
3639 5228 3739 5265 συ-

2161 5303 2560 5374 στρατεύεσθαι
2613 5305 2801 5368 αὐτοῖς
2849 5304 2943 5359 τὸν
2997 5306 3187 5370 Δαϐὶδ,
3243 5305 3487 5374 λέγουσι,
3540 5305 3632 5376 Μή
3681 5323 3737 5358 τι

2160 5398 2334 5452 κακὸν
2364 5397 2673 5469 ἐργάσηται
2699 5398 2781 5461 εις
2812 5400 2982 5467 ἡμᾶς,
3013 5401 3074 5453 ἐν
3104 5399 3183 5470 τῷ
3215 5399 3440 5470 πολέμῳ
3463 5401 3577 5462 τοῖς
3610 5398 3738 5467 ὁμο-

2160 5493 2350 5563 φύλοις
2381 5493 2778 5566 προσθέμενον.
2803 5492 2914 5548 Καὶ
2937 5494 3306 5566 ἀποστρέφειν
3333 5493 3499 5551 αύτδν
3520 5491 3735 5564 ἠξίουν.

1708 5645 1913 5708 νει-ἕω
1945 5647 2254 5710 lectiones
2300 5656 2361 5712 et
2407 5659 2574 5714 nota)

529 5765 658 5854 15”
689 5779 848 5836 Ὅσα
864 5791 1353 5850 προμεμηνυκεν.
1386 5774 1529 5828 ’Ὀσα
1556 5771 1695 5844 πρὸς
1725 5769 1785 5825 σὲ
1813 5772 2148 5842 μεμήνυκεν.
2184 5771 2274 5828 W.
