  <div class='ocr_page' id='page_1' title='image "/cluster/home/n/w/nwhite01/storage/ocr_20150623/134/hvd.32044019208289/081.png"; bbox 0 0 3958 6582; ppageno 0'>
   <div class='ocr_carea' id='block_1_1' title="bbox 527 459 628 524">
    <p class='ocr_par' dir='ltr' id='par_1_1' title="bbox 527 459 628 524">
     <span class='ocr_line' id='line_1_1' title="bbox 527 459 628 524; baseline 0 0"><span class='ocrx_word' id='word_1_1' title='bbox 527 459 628 524; x_wconf 71' lang='grc' dir='ltr'>ιη</span> 
     </span>
    </p>
   </div>
   <div class='ocr_carea' id='block_1_2' title="bbox 1821 458 2492 522">
    <p class='ocr_par' dir='ltr' id='par_1_2' title="bbox 1821 458 2492 522">
     <span class='ocr_line' id='line_1_2' title="bbox 1821 458 2492 522; baseline -0.001 0"><span class='ocrx_word' id='word_1_2' title='bbox 1821 461 1855 522; x_wconf 72' lang='grc' dir='ltr'><strong>Ι</strong></span> <span class='ocrx_word' id='word_1_3' title='bbox 1860 458 2062 518; x_wconf 74' lang='lat' dir='ltr'><strong>OANN</strong></span> <span class='ocrx_word' id='word_1_4' title='bbox 2070 458 2142 519; x_wconf 89' lang='lat' dir='ltr'><strong>IS</strong></span> <span class='ocrx_word' id='word_1_5' title='bbox 2168 459 2492 522; x_wconf 66' lang='lat' dir='ltr'><strong>ZONARJL</strong></span> 
     </span>
    </p>
   </div>
   <div class='ocr_carea' id='block_1_3' title="bbox 3678 447 3790 514">
    <p class='ocr_par' dir='ltr' id='par_1_3' title="bbox 3678 447 3790 514">
     <span class='ocr_line' id='line_1_3' title="bbox 3678 447 3790 514; baseline -0.036 -1"><span class='ocrx_word' id='word_1_6' title='bbox 3678 447 3790 514; x_wconf 71' lang='lat' dir='ltr'><strong>H8</strong></span> 
     </span>
    </p>
   </div>
   <div class='ocr_carea' id='block_1_4' title="bbox 522 574 2095 649">
    <p class='ocr_par' dir='ltr' id='par_1_4' title="bbox 522 574 2095 649">
     <span class='ocr_line' id='line_1_4' title="bbox 522 574 2095 649; baseline -0.003 -16"><span class='ocrx_word' id='word_1_7' title='bbox 522 593 650 633; x_wconf 76' lang='lat' dir='ltr'><strong>eum</strong></span> <span class='ocrx_word' id='word_1_8' title='bbox 699 585 933 649; x_wconf 84' lang='lat' dir='ltr'><strong>utraque</strong></span> <span class='ocrx_word' id='word_1_9' title='bbox 984 593 1174 643; x_wconf 80' lang='lat' dir='ltr'><strong>uxore,</strong></span> <span class='ocrx_word' id='word_1_10' title='bbox 1214 578 1457 634; x_wconf 80' lang='lat' dir='ltr'><strong>Aebinoa</strong></span> <span class='ocrx_word' id='word_1_11' title='bbox 1492 574 1820 646; x_wconf 53' lang='lat' dir='ltr'><strong>tet-Abigam,</strong></span> <span class='ocrx_word' id='word_1_12' title='bbox 1869 575 2095 644; x_wconf 85' lang='lat' dir='ltr'><strong>ejusque</strong></span> 
     </span>
    </p>
   </div>
   <div class='ocr_carea' id='block_1_5' title="bbox 2199 574 3780 649">
    <p class='ocr_par' dir='ltr' id='par_1_5' title="bbox 2204 576 3780 648">
     <span class='ocr_line' id='line_1_5' title="bbox 2204 576 3780 648; baseline 0.001 -17"><span class='ocrx_word' id='word_1_13' title='bbox 2204 576 2378 632; x_wconf 71' lang='grc' dir='ltr'>Σαοὺλ</span> <span class='ocrx_word' id='word_1_14' title='bbox 2419 577 2680 633; x_wconf 80' lang='grc' dir='ltr'><strong>ἀνελόντα</strong></span> <span class='ocrx_word' id='word_1_15' title='bbox 2715 577 2997 642; x_wconf 83' lang='grc' dir='ltr'>ἐκόλασεν,</span> <span class='ocrx_word' id='word_1_16' title='bbox 3043 578 3127 632; x_wconf 83' lang='grc' dir='ltr'>ὅτι</span> <span class='ocrx_word' id='word_1_17' title='bbox 3174 577 3254 648; x_wconf 84' lang='grc' dir='ltr'><strong>τῷ</strong></span> <span class='ocrx_word' id='word_1_18' title='bbox 3307 576 3515 648; x_wconf 81' lang='grc' dir='ltr'>χριστῷ</span> <span class='ocrx_word' id='word_1_19' title='bbox 3562 577 3780 648; x_wconf 76' lang='grc' dir='ltr'>κυρίου</span> 
     </span>
    </p>
   </div>
   <div class='ocr_carea' id='block_1_6' title="bbox 521 665 2099 728">
    <p class='ocr_par' dir='ltr' id='par_1_6' title="bbox 521 665 2099 728">
     <span class='ocr_line' id='line_1_6' title="bbox 521 665 2099 728; baseline -0.005 0"><span class='ocrx_word' id='word_1_20' title='bbox 521 670 731 728; x_wconf 85' lang='lat' dir='ltr'><strong>milites</strong></span> <span class='ocrx_word' id='word_1_21' title='bbox 761 685 885 725; x_wconf 86' lang='lat' dir='ltr'><strong>cum</strong></span> <span class='ocrx_word' id='word_1_22' title='bbox 929 671 1078 726; x_wconf 89' lang='lat' dir='ltr'><strong>omni</strong></span> <span class='ocrx_word' id='word_1_23' title='bbox 1126 671 1350 727; x_wconf 77' lang='lat' dir='ltr'><strong>familia.</strong></span> <span class='ocrx_word' id='word_1_24' title='bbox 1395 671 1475 725; x_wconf 89' lang='lat' dir='ltr'><strong>lbi</strong></span> <span class='ocrx_word' id='word_1_25' title='bbox 1507 687 1535 724; x_wconf 86' lang='lat' dir='ltr'><strong>a</strong></span> <span class='ocrx_word' id='word_1_26' title='bbox 1571 669 1713 724; x_wconf 86' lang='lat' dir='ltr'><strong>tribu</strong></span> <span class='ocrx_word' id='word_1_27' title='bbox 1744 665 1970 723; x_wconf 85' lang='lat' dir='ltr'><strong>Judaica</strong></span> <span class='ocrx_word' id='word_1_28' title='bbox 2004 681 2099 722; x_wconf 81' lang='lat' dir='ltr'><strong>rex</strong></span> 
     </span>
    </p>
   </div>
   <div class='ocr_carea' id='block_1_7' title="bbox 521 761 2100 834">
    <p class='ocr_par' dir='ltr' id='par_1_7' title="bbox 521 761 2100 834">
     <span class='ocr_line' id='line_1_7' title="bbox 521 761 2100 834; baseline -0.001 -17"><span class='ocrx_word' id='word_1_29' title='bbox 521 762 860 829; x_wconf 75' lang='lat' dir='ltr'><strong>declaratur,</strong></span> <span class='ocrx_word' id='word_1_30' title='bbox 889 774 944 820; x_wconf 89' lang='lat' dir='ltr'><strong>et</strong></span> <span class='ocrx_word' id='word_1_31' title='bbox 967 763 1193 820; x_wconf 81' lang='lat' dir='ltr'><strong>Jabinos</strong></span> <span class='ocrx_word' id='word_1_32' title='bbox 1222 765 1293 819; x_wconf 92' lang='lat' dir='ltr'><strong>ob</strong></span> <span class='ocrx_word' id='word_1_33' title='bbox 1323 764 1520 834; x_wconf 91' lang='lat' dir='ltr'><strong>sepulti</strong></span> <span class='ocrx_word' id='word_1_34' title='bbox 1555 761 1735 818; x_wconf 79' lang='lat' dir='ltr'><strong>Saulis</strong></span> <span class='ocrx_word' id='word_1_35' title='bbox 1762 771 1820 817; x_wconf 89' lang='lat' dir='ltr'><strong>et</strong></span> <span class='ocrx_word' id='word_1_36' title='bbox 1852 761 2100 817; x_wconf 77' lang='lat' dir='ltr'><strong>Jonatlne</strong></span> 
     </span>
    </p>
   </div>
   <div class='ocr_carea' id='block_1_8' title="bbox 521 854 2098 912">
    <p class='ocr_par' dir='ltr' id='par_1_8' title="bbox 521 854 2098 912">
     <span class='ocr_line' id='line_1_8' title="bbox 521 854 2098 912; baseline -0.003 0"><span class='ocrx_word' id='word_1_37' title='bbox 521 855 761 912; x_wconf 80' lang='lat' dir='ltr'><strong>oﬂicium</strong></span> <span class='ocrx_word' id='word_1_38' title='bbox 783 855 1081 911; x_wconf 73' lang='lat' dir='ltr'><strong>collaudat.</strong></span> <span class='ocrx_word' id='word_1_39' title='bbox 1103 857 1389 912; x_wconf 85' lang='lat' dir='ltr'><strong>Abencrus</strong></span> <span class='ocrx_word' id='word_1_40' title='bbox 1411 863 1594 910; x_wconf 86' lang='lat' dir='ltr'><strong>autem</strong></span> <span class='ocrx_word' id='word_1_41' title='bbox 1618 854 1797 910; x_wconf 87' lang='lat' dir='ltr'><strong>Saulis</strong></span> <span class='ocrx_word' id='word_1_42' title='bbox 1819 854 1948 910; x_wconf 76' lang='lat' dir='ltr'><strong>dux.</strong></span> <span class='ocrx_word' id='word_1_43' title='bbox 1973 854 2098 908; x_wconf 83' lang='lat' dir='ltr'><strong>reli-</strong></span> 
     </span>
    </p>
   </div>
   <div class='ocr_carea' id='block_1_9' title="bbox 521 949 2098 1020">
    <p class='ocr_par' dir='ltr' id='par_1_9' title="bbox 521 949 2098 1020">
     <span class='ocr_line' id='line_1_9' title="bbox 521 949 2098 1020; baseline -0.001 -16"><span class='ocrx_word' id='word_1_44' title='bbox 521 966 692 1019; x_wconf 85' lang='lat' dir='ltr'><strong>quum</strong></span> <span class='ocrx_word' id='word_1_45' title='bbox 727 949 954 1005; x_wconf 85' lang='lat' dir='ltr'><strong>herilem</strong></span> <span class='ocrx_word' id='word_1_46' title='bbox 991 950 1162 1004; x_wconf 77' lang='lat' dir='ltr'><strong>lilium</strong></span> <span class='ocrx_word' id='word_1_47' title='bbox 1194 950 1534 1012; x_wconf 71' lang='lat' dir='ltr'><strong>Jebostliem,</strong></span> <span class='ocrx_word' id='word_1_48' title='bbox 1580 950 1750 1005; x_wconf 86' lang='lat' dir='ltr'><strong>totius</strong></span> <span class='ocrx_word' id='word_1_49' title='bbox 1784 949 1887 1020; x_wconf 77' lang='lat'><strong>71</strong></span> <span class='ocrx_word' id='word_1_50' title='bbox 1921 949 2098 1004; x_wconf 84' lang='lat' dir='ltr'><strong>Israc-</strong></span> 
     </span>
    </p>
   </div>
   <div class='ocr_carea' id='block_1_10' title="bbox 521 1039 2096 1114">
    <p class='ocr_par' dir='ltr' id='par_1_10' title="bbox 521 1039 2096 1114">
     <span class='ocr_line' id='line_1_10' title="bbox 521 1039 2096 1114; baseline 0.001 -20"><span class='ocrx_word' id='word_1_51' title='bbox 521 1040 660 1095; x_wconf 86' lang='lat' dir='ltr'><strong>litici</strong></span> <span class='ocrx_word' id='word_1_52' title='bbox 691 1039 901 1111; x_wconf 85' lang='lat' dir='ltr'><strong>populi,</strong></span> <span class='ocrx_word' id='word_1_53' title='bbox 929 1039 1152 1096; x_wconf 69' lang='lat' dir='ltr'><strong>Iudaica</strong></span> <span class='ocrx_word' id='word_1_54' title='bbox 1185 1041 1329 1095; x_wconf 85' lang='lat' dir='ltr'><strong>tribu</strong></span> <span class='ocrx_word' id='word_1_55' title='bbox 1356 1052 1604 1112; x_wconf 79' lang='lat' dir='ltr'><strong>excepta.</strong></span> <span class='ocrx_word' id='word_1_56' title='bbox 1637 1057 1819 1114; x_wconf 79' lang='lat' dir='ltr'><strong>regem</strong></span> <span class='ocrx_word' id='word_1_57' title='bbox 1872 1041 2096 1106; x_wconf 88' lang='lat' dir='ltr'><strong>salutat,</strong></span> 
     </span>
    </p>
   </div>
   <div class='ocr_carea' id='block_1_11' title="bbox 523 1133 2091 1205">
    <p class='ocr_par' dir='ltr' id='par_1_11' title="bbox 523 1133 2091 1205">
     <span class='ocr_line' id='line_1_11' title="bbox 523 1133 2091 1205; baseline 0.001 -19"><span class='ocrx_word' id='word_1_58' title='bbox 523 1142 644 1187; x_wconf 86' lang='lat' dir='ltr'><strong>tum</strong></span> <span class='ocrx_word' id='word_1_59' title='bbox 666 1149 842 1188; x_wconf 88' lang='lat' dir='ltr'><strong>annos</strong></span> <span class='ocrx_word' id='word_1_60' title='bbox 865 1133 1222 1204; x_wconf 79' lang='lat' dir='ltr'><strong>quadraginta</strong></span> <span class='ocrx_word' id='word_1_61' title='bbox 1248 1143 1460 1195; x_wconf 82' lang='lat' dir='ltr'><strong>natum.</strong></span> <span class='ocrx_word' id='word_1_62' title='bbox 1485 1135 1580 1205; x_wconf 90' lang='lat' dir='ltr'><strong>qui</strong></span> <span class='ocrx_word' id='word_1_63' title='bbox 1609 1135 1892 1190; x_wconf 86' lang='lat' dir='ltr'><strong>biennium</strong></span> <span class='ocrx_word' id='word_1_64' title='bbox 1920 1135 2091 1205; x_wconf 61' lang='lat' dir='ltr'><strong>impe.</strong></span> 
     </span>
    </p>
   </div>
   <div class='ocr_carea' id='block_1_12' title="bbox 522 1226 2095 1296">
    <p class='ocr_par' dir='ltr' id='par_1_12' title="bbox 522 1226 2095 1296">
     <span class='ocr_line' id='line_1_12' title="bbox 522 1226 2095 1296; baseline 0.002 -15"><span class='ocrx_word' id='word_1_65' title='bbox 522 1227 689 1282; x_wconf 85' lang='lat' dir='ltr'><strong>ravit.</strong></span> <span class='ocrx_word' id='word_1_66' title='bbox 710 1226 966 1296; x_wconf 84' lang='lat' dir='ltr'><strong>Idemque</strong></span> <span class='ocrx_word' id='word_1_67' title='bbox 987 1227 1272 1283; x_wconf 81' lang='lat' dir='ltr'><strong>Abenerus</strong></span> <span class='ocrx_word' id='word_1_68' title='bbox 1290 1227 1532 1284; x_wconf 71' lang='lat' dir='ltr'><strong>Judaicae</strong></span> <span class='ocrx_word' id='word_1_69' title='bbox 1555 1229 1722 1283; x_wconf 83' lang='lat' dir='ltr'><strong>tribui</strong></span> <span class='ocrx_word' id='word_1_70' title='bbox 1741 1229 1813 1284; x_wconf 87' lang='lat' dir='ltr'><strong>ob</strong></span> <span class='ocrx_word' id='word_1_71' title='bbox 1834 1229 2095 1285; x_wconf 85' lang='lat' dir='ltr'><strong>Davidem</strong></span> 
     </span>
    </p>
   </div>
   <div class='ocr_carea' id='block_1_13' title="bbox 521 1319 2098 1388">
    <p class='ocr_par' dir='ltr' id='par_1_13' title="bbox 521 1319 2098 1388">
     <span class='ocr_line' id='line_1_13' title="bbox 521 1319 2098 1388; baseline 0.003 -17"><span class='ocrx_word' id='word_1_72' title='bbox 521 1335 702 1388; x_wconf 82' lang='lat' dir='ltr'><strong>regem</strong></span> <span class='ocrx_word' id='word_1_73' title='bbox 734 1328 980 1374; x_wconf 86' lang='lat' dir='ltr'><strong>creatum</strong></span> <span class='ocrx_word' id='word_1_74' title='bbox 1013 1319 1280 1378; x_wconf 86' lang='lat' dir='ltr'><strong>infensus.</strong></span> <span class='ocrx_word' id='word_1_75' title='bbox 1315 1319 1518 1376; x_wconf 85' lang='lat' dir='ltr'><strong>bellum</strong></span> <span class='ocrx_word' id='word_1_76' title='bbox 1550 1320 1736 1376; x_wconf 82' lang='lat' dir='ltr'><strong>infert.</strong></span> <span class='ocrx_word' id='word_1_77' title='bbox 1763 1319 1862 1377; x_wconf 89' lang='lat' dir='ltr'><strong>Cui</strong></span> <span class='ocrx_word' id='word_1_78' title='bbox 1892 1321 2098 1377; x_wconf 77' lang='lat' dir='ltr'><strong>Joabus</strong></span> 
     </span>
    </p>
   </div>
   <div class='ocr_carea' id='block_1_14' title="bbox 521 1413 2097 1484">
    <p class='ocr_par' dir='ltr' id='par_1_14' title="bbox 521 1413 2097 1484">
     <span class='ocr_line' id='line_1_14' title="bbox 521 1413 2097 1484; baseline 0.002 -16"><span class='ocrx_word' id='word_1_79' title='bbox 521 1413 746 1470; x_wconf 80' lang='lat' dir='ltr'><strong>Davidis</strong></span> <span class='ocrx_word' id='word_1_80' title='bbox 789 1413 1092 1482; x_wconf 85' lang='lat' dir='ltr'><strong>imperator</strong></span> <span class='ocrx_word' id='word_1_81' title='bbox 1134 1429 1259 1470; x_wconf 84' lang='lat' dir='ltr'><strong>cum</strong></span> <span class='ocrx_word' id='word_1_82' title='bbox 1309 1414 1426 1470; x_wconf 89' lang='lat' dir='ltr'><strong>suis</strong></span> <span class='ocrx_word' id='word_1_83' title='bbox 1475 1415 1652 1484; x_wconf 85' lang='lat' dir='ltr'><strong>cepiis</strong></span> <span class='ocrx_word' id='word_1_84' title='bbox 1697 1416 2004 1483; x_wconf 77' lang='lat' dir='ltr'><strong>orcurrit,.</strong></span> <span class='ocrx_word' id='word_1_85' title='bbox 2031 1431 2097 1472; x_wconf 85' lang='lat' dir='ltr'><strong>ac</strong></span> 
     </span>
    </p>
   </div>
   <div class='ocr_carea' id='block_1_15' title="bbox 520 1507 2098 1580">
    <p class='ocr_par' dir='ltr' id='par_1_15' title="bbox 520 1507 2098 1580">
     <span class='ocr_line' id='line_1_15' title="bbox 520 1507 2098 1580; baseline 0.002 -19"><span class='ocrx_word' id='word_1_86' title='bbox 520 1507 796 1578; x_wconf 85' lang='lat' dir='ltr'><strong>principio</strong></span> <span class='ocrx_word' id='word_1_87' title='bbox 842 1508 1081 1564; x_wconf 65' lang='lat' dir='ltr'><strong>duodeni</strong></span> <span class='ocrx_word' id='word_1_88' title='bbox 1134 1511 1388 1580; x_wconf 81' lang='lat' dir='ltr'><strong>utrinque</strong></span> <span class='ocrx_word' id='word_1_89' title='bbox 1437 1517 1779 1564; x_wconf 85' lang='lat' dir='ltr'><strong>concurrunt</strong></span> <span class='ocrx_word' id='word_1_90' title='bbox 1830 1527 1845 1564; x_wconf 92' lang='lat'><strong>:</strong></span> <span class='ocrx_word' id='word_1_91' title='bbox 1893 1508 2098 1580; x_wconf 88' lang='lat' dir='ltr'><strong>quibus</strong></span> 
     </span>
    </p>
   </div>
   <div class='ocr_carea' id='block_1_16' title="bbox 518 1599 2094 1668">
    <p class='ocr_par' dir='ltr' id='par_1_16' title="bbox 518 1599 2094 1668">
     <span class='ocr_line' id='line_1_16' title="bbox 518 1599 2094 1668; baseline 0.001 -14"><span class='ocrx_word' id='word_1_92' title='bbox 518 1607 710 1654; x_wconf 87' lang='lat' dir='ltr'><strong>mutua</strong></span> <span class='ocrx_word' id='word_1_93' title='bbox 758 1599 906 1656; x_wconf 69' lang='lat' dir='ltr'><strong>caede</strong></span> <span class='ocrx_word' id='word_1_94' title='bbox 955 1600 1219 1666; x_wconf 89' lang='lat' dir='ltr'><strong>sublatis,</strong></span> <span class='ocrx_word' id='word_1_95' title='bbox 1268 1609 1326 1656; x_wconf 84' lang='lat' dir='ltr'><strong>et</strong></span> <span class='ocrx_word' id='word_1_96' title='bbox 1364 1600 1699 1655; x_wconf 84' lang='lat' dir='ltr'><strong>exercitibus</strong></span> <span class='ocrx_word' id='word_1_97' title='bbox 1744 1601 2094 1668; x_wconf 82' lang='lat' dir='ltr'><strong>congressis,</strong></span> 
     </span>
    </p>
   </div>
   <div class='ocr_carea' id='block_1_17' title="bbox 518 1693 2097 1750">
    <p class='ocr_par' dir='ltr' id='par_1_17' title="bbox 518 1693 2097 1750">
     <span class='ocr_line' id='line_1_17' title="bbox 518 1693 2097 1750; baseline 0.003 -6"><span class='ocrx_word' id='word_1_98' title='bbox 518 1693 777 1748; x_wconf 80' lang='lat' dir='ltr'><strong>Abeuerii</strong></span> <span class='ocrx_word' id='word_1_99' title='bbox 810 1695 1200 1749; x_wconf 79' lang='lat' dir='ltr'><strong>succumbunt.</strong></span> <span class='ocrx_word' id='word_1_100' title='bbox 1234 1694 1391 1750; x_wconf 76' lang='lat' dir='ltr'><strong>Joabi</strong></span> <span class='ocrx_word' id='word_1_101' title='bbox 1424 1694 1622 1750; x_wconf 79' lang='lat' dir='ltr'><strong>fratres</strong></span> <span class='ocrx_word' id='word_1_102' title='bbox 1648 1704 1810 1750; x_wconf 86' lang='lat' dir='ltr'><strong>erant</strong></span> <span class='ocrx_word' id='word_1_103' title='bbox 1833 1694 2010 1750; x_wconf 84' lang='lat' dir='ltr'><strong>Abesa</strong></span> <span class='ocrx_word' id='word_1_104' title='bbox 2040 1705 2097 1750; x_wconf 88' lang='lat' dir='ltr'><strong>et</strong></span> 
     </span>
    </p>
   </div>
   <div class='ocr_carea' id='block_1_18' title="bbox 518 1783 2096 1856">
    <p class='ocr_par' dir='ltr' id='par_1_18' title="bbox 518 1783 2096 1856">
     <span class='ocr_line' id='line_1_18' title="bbox 518 1783 2096 1856; baseline 0.002 -17"><span class='ocrx_word' id='word_1_105' title='bbox 518 1783 738 1849; x_wconf 81' lang='lat' dir='ltr'><strong>Asabel,</strong></span> <span class='ocrx_word' id='word_1_106' title='bbox 769 1801 1006 1856; x_wconf 74' lang='lat' dir='ltr'><strong>quorum</strong></span> <span class='ocrx_word' id='word_1_107' title='bbox 1037 1786 1125 1840; x_wconf 86' lang='lat' dir='ltr'><strong>hic</strong></span> <span class='ocrx_word' id='word_1_108' title='bbox 1156 1785 1355 1855; x_wconf 86' lang='lat' dir='ltr'><strong>pedum</strong></span> <span class='ocrx_word' id='word_1_109' title='bbox 1403 1785 1685 1840; x_wconf 83' lang='lat' dir='ltr'><strong>celeritate</strong></span> <span class='ocrx_word' id='word_1_110' title='bbox 1726 1785 1924 1850; x_wconf 84' lang='lat' dir='ltr'><strong>fretus,</strong></span> <span class='ocrx_word' id='word_1_111' title='bbox 1954 1786 2096 1842; x_wconf 79' lang='lat' dir='ltr'><strong>Abe-</strong></span> 
     </span>
    </p>
   </div>
   <div class='ocr_carea' id='block_1_19' title="bbox 519 1875 2092 1946">
    <p class='ocr_par' dir='ltr' id='par_1_19' title="bbox 519 1875 2092 1946">
     <span class='ocr_line' id='line_1_19' title="bbox 519 1875 2092 1946; baseline -0.001 -15"><span class='ocrx_word' id='word_1_112' title='bbox 519 1891 718 1932; x_wconf 83' lang='lat' dir='ltr'><strong>uerum</strong></span> <span class='ocrx_word' id='word_1_113' title='bbox 749 1875 1186 1946; x_wconf 69' lang='lat' dir='ltr'><strong>persequebatur</strong></span> <span class='ocrx_word' id='word_1_114' title='bbox 1222 1893 1235 1929; x_wconf 91' lang='lat'><strong>:</strong></span> <span class='ocrx_word' id='word_1_115' title='bbox 1269 1882 1454 1930; x_wconf 88' lang='lat' dir='ltr'><strong>monet</strong></span> <span class='ocrx_word' id='word_1_116' title='bbox 1487 1875 1596 1936; x_wconf 88' lang='lat' dir='ltr'><strong>ille,</strong></span> <span class='ocrx_word' id='word_1_117' title='bbox 1633 1885 1692 1930; x_wconf 90' lang='lat' dir='ltr'><strong>ut</strong></span> <span class='ocrx_word' id='word_1_118' title='bbox 1724 1875 1910 1930; x_wconf 88' lang='lat' dir='ltr'><strong>redeat</strong></span> <span class='ocrx_word' id='word_1_119' title='bbox 1938 1893 1953 1930; x_wconf 87' lang='lat'><strong>:</strong></span> <span class='ocrx_word' id='word_1_120' title='bbox 1985 1892 2092 1930; x_wconf 87' lang='lat' dir='ltr'><strong>non</strong></span> 
     </span>
    </p>
   </div>
   <div class='ocr_carea' id='block_1_20' title="bbox 517 1968 2089 2040">
    <p class='ocr_par' dir='ltr' id='par_1_20' title="bbox 517 1968 2089 2040">
     <span class='ocr_line' id='line_1_20' title="bbox 517 1968 2089 2040; baseline -0.001 -16"><span class='ocrx_word' id='word_1_121' title='bbox 517 1968 1012 2039; x_wconf 68' lang='lat' dir='ltr'><strong>obtemperantem.</strong></span> <span class='ocrx_word' id='word_1_122' title='bbox 1040 1985 1070 2024; x_wconf 88' lang='lat' dir='ltr'><strong>a</strong></span> <span class='ocrx_word' id='word_1_123' title='bbox 1099 1979 1249 2040; x_wconf 80' lang='lat' dir='ltr'><strong>tergo</strong></span> <span class='ocrx_word' id='word_1_124' title='bbox 1277 1979 1589 2040; x_wconf 87' lang='lat' dir='ltr'><strong>opportuno</strong></span> <span class='ocrx_word' id='word_1_125' title='bbox 1621 1969 1732 2024; x_wconf 91' lang='lat' dir='ltr'><strong>ictu</strong></span> <span class='ocrx_word' id='word_1_126' title='bbox 1763 1969 1935 2035; x_wconf 87' lang='lat' dir='ltr'><strong>illato,</strong></span> <span class='ocrx_word' id='word_1_127' title='bbox 1963 1985 2089 2024; x_wconf 92' lang='lat' dir='ltr'><strong>con-</strong></span> 
     </span>
    </p>
   </div>
   <div class='ocr_carea' id='block_1_21' title="bbox 519 2062 2094 2134">
    <p class='ocr_par' dir='ltr' id='par_1_21' title="bbox 519 2062 2094 2134">
     <span class='ocr_line' id='line_1_21' title="bbox 519 2062 2094 2134; baseline 0.001 -18"><span class='ocrx_word' id='word_1_128' title='bbox 519 2062 654 2118; x_wconf 75' lang='lat' dir='ltr'><strong>ficit.</strong></span> <span class='ocrx_word' id='word_1_129' title='bbox 687 2062 825 2118; x_wconf 82' lang='lat' dir='ltr'><strong>Tum</strong></span> <span class='ocrx_word' id='word_1_130' title='bbox 865 2063 1133 2134; x_wconf 74' lang='lat' dir='ltr'><strong>perempti</strong></span> <span class='ocrx_word' id='word_1_131' title='bbox 1181 2063 1377 2118; x_wconf 86' lang='lat' dir='ltr'><strong>fratres</strong></span> <span class='ocrx_word' id='word_1_132' title='bbox 1418 2063 1668 2118; x_wconf 85' lang='lat' dir='ltr'><strong>Asahelis</strong></span> <span class='ocrx_word' id='word_1_133' title='bbox 1692 2065 1838 2120; x_wconf 72' lang='lat' dir='ltr'><strong>czedc</strong></span> <span class='ocrx_word' id='word_1_134' title='bbox 1871 2065 2094 2130; x_wconf 83' lang='lat' dir='ltr'><strong>irritati,</strong></span> 
     </span>
    </p>
   </div>
   <div class='ocr_carea' id='block_1_22' title="bbox 517 2155 2094 2225">
    <p class='ocr_par' dir='ltr' id='par_1_22' title="bbox 517 2155 2094 2225">
     <span class='ocr_line' id='line_1_22' title="bbox 517 2155 2094 2225; baseline 0.001 -17"><span class='ocrx_word' id='word_1_135' title='bbox 517 2155 718 2210; x_wconf 76' lang='lat' dir='ltr'><strong>infesto</strong></span> <span class='ocrx_word' id='word_1_136' title='bbox 754 2170 916 2210; x_wconf 89' lang='lat' dir='ltr'><strong>cursu</strong></span> <span class='ocrx_word' id='word_1_137' title='bbox 965 2155 1282 2212; x_wconf 81' lang='lat' dir='ltr'><strong>Abenerum</strong></span> <span class='ocrx_word' id='word_1_138' title='bbox 1331 2163 1545 2225; x_wconf 80' lang='lat' dir='ltr'><strong>petunt.</strong></span> <span class='ocrx_word' id='word_1_139' title='bbox 1576 2156 1646 2210; x_wconf 81' lang='lat' dir='ltr'><strong>At</strong></span> <span class='ocrx_word' id='word_1_140' title='bbox 1677 2157 1770 2211; x_wconf 86' lang='lat' dir='ltr'><strong>ille</strong></span> <span class='ocrx_word' id='word_1_141' title='bbox 1805 2156 1857 2211; x_wconf 88' lang='lat' dir='ltr'><strong>in</strong></span> <span class='ocrx_word' id='word_1_142' title='bbox 1887 2157 2094 2211; x_wconf 76' lang='lat' dir='ltr'><strong>vertice</strong></span> 
     </span>
    </p>
   </div>
   <div class='ocr_carea' id='block_1_23' title="bbox 515 2247 2094 2318">
    <p class='ocr_par' dir='ltr' id='par_1_23' title="bbox 515 2247 2094 2318">
     <span class='ocr_line' id='line_1_23' title="bbox 515 2247 2094 2318; baseline 0 -16"><span class='ocrx_word' id='word_1_143' title='bbox 515 2249 672 2302; x_wconf 90' lang='lat' dir='ltr'><strong>collis</strong></span> <span class='ocrx_word' id='word_1_144' title='bbox 703 2257 873 2314; x_wconf 84' lang='lat' dir='ltr'><strong>stans,</strong></span> <span class='ocrx_word' id='word_1_145' title='bbox 915 2247 1146 2304; x_wconf 69' lang='lat' dir='ltr'><strong>Joabum</strong></span> <span class='ocrx_word' id='word_1_146' title='bbox 1191 2248 1452 2304; x_wconf 72' lang='lat' dir='ltr'><strong>inclamat</strong></span> <span class='ocrx_word' id='word_1_147' title='bbox 1479 2249 1596 2304; x_wconf 70' lang='lat' dir='ltr'><strong>:Ne.</strong></span> <span class='ocrx_word' id='word_1_148' title='bbox 1643 2251 1780 2302; x_wconf 80' lang='lat' dir='ltr'><strong>inter</strong></span> <span class='ocrx_word' id='word_1_149' title='bbox 1809 2247 2094 2318; x_wconf 67' lang='lat' dir='ltr'><strong>pepulere:</strong></span> 
     </span>
    </p>
   </div>
   <div class='ocr_carea' id='block_1_24' title="bbox 515 2341 2095 2412">
    <p class='ocr_par' dir='ltr' id='par_1_24' title="bbox 515 2341 2095 2412">
     <span class='ocr_line' id='line_1_24' title="bbox 515 2341 2095 2412; baseline 0.001 -18"><span class='ocrx_word' id='word_1_150' title='bbox 515 2357 748 2411; x_wconf 82' lang='lat' dir='ltr'><strong>pugnam</strong></span> <span class='ocrx_word' id='word_1_151' title='bbox 790 2341 1015 2394; x_wconf 78' lang='lat' dir='ltr'><strong>concites</strong></span> <span class='ocrx_word' id='word_1_152' title='bbox 1057 2356 1075 2394; x_wconf 91' lang='lat'><strong><em>:</em></strong></span> <span class='ocrx_word' id='word_1_153' title='bbox 1115 2358 1243 2396; x_wconf 84' lang='lat' dir='ltr'><strong>nam</strong></span> <span class='ocrx_word' id='word_1_154' title='bbox 1288 2348 1339 2394; x_wconf 77' lang='lat' dir='ltr'><strong>et</strong></span> <span class='ocrx_word' id='word_1_155' title='bbox 1379 2341 1598 2404; x_wconf 80' lang='lat' dir='ltr'><strong>Asahel,</strong></span> <span class='ocrx_word' id='word_1_156' title='bbox 1645 2358 1835 2411; x_wconf 82' lang='lat' dir='ltr'><strong>parum</strong></span> <span class='ocrx_word' id='word_1_157' title='bbox 1874 2343 2095 2412; x_wconf 75' lang='lat' dir='ltr'><strong>feliciter</strong></span> 
     </span>
    </p>
   </div>
   <div class='ocr_carea' id='block_1_25' title="bbox 520 2435 2096 2504">
    <p class='ocr_par' dir='ltr' id='par_1_25' title="bbox 520 2435 2096 2504">
     <span class='ocr_line' id='line_1_25' title="bbox 520 2435 2096 2504; baseline 0.003 -16"><span class='ocrx_word' id='word_1_158' title='bbox 520 2435 824 2504; x_wconf 74' lang='lat' dir='ltr'><strong>contemptis</strong></span> <span class='ocrx_word' id='word_1_159' title='bbox 851 2435 982 2489; x_wconf 77' lang='lat' dir='ltr'><strong>meis</strong></span> <span class='ocrx_word' id='word_1_160' title='bbox 1011 2437 1242 2503; x_wconf 76' lang='lat' dir='ltr'><strong>monitis,</strong></span> <span class='ocrx_word' id='word_1_161' title='bbox 1268 2438 1532 2491; x_wconf 77' lang='lat' dir='ltr'><strong>occubuit.</strong></span> <span class='ocrx_word' id='word_1_162' title='bbox 1564 2436 1770 2492; x_wconf 83' lang='lat' dir='ltr'><strong>Joabus</strong></span> <span class='ocrx_word' id='word_1_163' title='bbox 1798 2437 1884 2492; x_wconf 89' lang='lat' dir='ltr'><strong>his</strong></span> <span class='ocrx_word' id='word_1_164' title='bbox 1911 2437 2096 2492; x_wconf 79' lang='lat' dir='ltr'><strong>verbis</strong></span> 
     </span>
    </p>
   </div>
   <div class='ocr_carea' id='block_1_26' title="bbox 515 2525 2095 2598">
    <p class='ocr_par' dir='ltr' id='par_1_26' title="bbox 515 2525 2095 2598">
     <span class='ocr_line' id='line_1_26' title="bbox 515 2525 2095 2598; baseline 0.002 -18"><span class='ocrx_word' id='word_1_165' title='bbox 515 2525 1009 2596; x_wconf 80' lang='lat' dir='ltr'><strong>obtemperandum</strong></span> <span class='ocrx_word' id='word_1_166' title='bbox 1037 2536 1208 2592; x_wconf 85' lang='lat' dir='ltr'><strong>ratus,</strong></span> <span class='ocrx_word' id='word_1_167' title='bbox 1240 2527 1482 2597; x_wconf 71' lang='lat' dir='ltr'><strong>receptui</strong></span> <span class='ocrx_word' id='word_1_168' title='bbox 1513 2528 1637 2582; x_wconf 88' lang='lat' dir='ltr'><strong>cani</strong></span> <span class='ocrx_word' id='word_1_169' title='bbox 1661 2528 1840 2598; x_wconf 82' lang='lat' dir='ltr'><strong>jubet.</strong></span> <span class='ocrx_word' id='word_1_170' title='bbox 1871 2544 1936 2584; x_wconf 89' lang='lat' dir='ltr'><strong>ac</strong></span> <span class='ocrx_word' id='word_1_171' title='bbox 1966 2545 2095 2598; x_wconf 86' lang='lat' dir='ltr'><strong>pcr-</strong></span> 
     </span>
    </p>
   </div>
   <div class='ocr_carea' id='block_1_27' title="bbox 513 2618 2092 2676">
    <p class='ocr_par' dir='ltr' id='par_1_27' title="bbox 513 2618 2092 2676">
     <span class='ocr_line' id='line_1_27' title="bbox 513 2618 2092 2676; baseline 0 0"><span class='ocrx_word' id='word_1_172' title='bbox 513 2618 858 2676; x_wconf 73' lang='lat' dir='ltr'><strong>8ccutionem</strong></span> <span class='ocrx_word' id='word_1_173' title='bbox 889 2618 1124 2674; x_wconf 84' lang='lat' dir='ltr'><strong>inhibet.</strong></span> <span class='ocrx_word' id='word_1_174' title='bbox 1152 2620 1376 2675; x_wconf 73' lang='lat' dir='ltr'><strong>Exstitit</strong></span> <span class='ocrx_word' id='word_1_175' title='bbox 1402 2618 1648 2675; x_wconf 66' lang='lat' dir='ltr'><strong>Hebraeis</strong></span> <span class='ocrx_word' id='word_1_176' title='bbox 1702 2620 1807 2676; x_wconf 83' lang='lat' dir='ltr'><strong>hoc</strong></span> <span class='ocrx_word' id='word_1_177' title='bbox 1847 2620 2092 2676; x_wconf 86' lang='lat' dir='ltr'><strong>intestini</strong></span> 
     </span>
    </p>
   </div>
   <div class='ocr_carea' id='block_1_28' title="bbox 520 2711 2092 2784">
    <p class='ocr_par' dir='ltr' id='par_1_28' title="bbox 520 2711 2092 2784">
     <span class='ocr_line' id='line_1_28' title="bbox 520 2711 2092 2784; baseline 0.002 -19"><span class='ocrx_word' id='word_1_178' title='bbox 520 2711 648 2766; x_wconf 84' lang='lat' dir='ltr'><strong>belli</strong></span> <span class='ocrx_word' id='word_1_179' title='bbox 679 2711 1000 2775; x_wconf 71' lang='lat' dir='ltr'><strong>exordium,</strong></span> <span class='ocrx_word' id='word_1_180' title='bbox 1036 2712 1182 2782; x_wconf 90' lang='lat' dir='ltr'><strong>quod</strong></span> <span class='ocrx_word' id='word_1_181' title='bbox 1217 2713 1538 2784; x_wconf 76' lang='lat' dir='ltr'><strong>longissimo</strong></span> <span class='ocrx_word' id='word_1_182' title='bbox 1571 2712 1792 2768; x_wconf 84' lang='lat' dir='ltr'><strong>duravit</strong></span> <span class='ocrx_word' id='word_1_183' title='bbox 1823 2722 2092 2784; x_wconf 89' lang='lat' dir='ltr'><strong>tempore,</strong></span> 
     </span>
    </p>
   </div>
   <div class='ocr_carea' id='block_1_29' title="bbox 515 2803 2094 2874">
    <p class='ocr_par' dir='ltr' id='par_1_29' title="bbox 515 2803 2094 2874">
     <span class='ocr_line' id='line_1_29' title="bbox 515 2803 2094 2874; baseline 0.001 -15"><span class='ocrx_word' id='word_1_184' title='bbox 515 2819 640 2860; x_wconf 81' lang='lat' dir='ltr'><strong>eum</strong></span> <span class='ocrx_word' id='word_1_185' title='bbox 671 2803 893 2874; x_wconf 85' lang='lat' dir='ltr'><strong>quidem</strong></span> <span class='ocrx_word' id='word_1_186' title='bbox 929 2803 1313 2860; x_wconf 82' lang='lat' dir='ltr'><strong>Davidicorum</strong></span> <span class='ocrx_word' id='word_1_187' title='bbox 1346 2803 1494 2858; x_wconf 82' lang='lat' dir='ltr'><strong>vires</strong></span> <span class='ocrx_word' id='word_1_188' title='bbox 1528 2811 1885 2874; x_wconf 78' lang='lat' dir='ltr'><strong>augerentur,</strong></span> <span class='ocrx_word' id='word_1_189' title='bbox 1917 2803 2094 2861; x_wconf 85' lang='lat' dir='ltr'><strong>Sauli-</strong></span> 
     </span>
    </p>
   </div>
   <div class='ocr_carea' id='block_1_30' title="bbox 519 2896 2094 2961">
    <p class='ocr_par' dir='ltr' id='par_1_30' title="bbox 519 2896 2094 2961">
     <span class='ocr_line' id='line_1_30' title="bbox 519 2896 2094 2961; baseline 0.002 -9"><span class='ocrx_word' id='word_1_190' title='bbox 519 2913 709 2954; x_wconf 87' lang='lat' dir='ltr'><strong>norum</strong></span> <span class='ocrx_word' id='word_1_191' title='bbox 747 2897 1152 2955; x_wconf 87' lang='lat' dir='ltr'><strong>minuerentur.</strong></span> <span class='ocrx_word' id='word_1_192' title='bbox 1189 2896 1380 2952; x_wconf 84' lang='lat' dir='ltr'><strong>Davidi</strong></span> <span class='ocrx_word' id='word_1_193' title='bbox 1414 2897 1705 2954; x_wconf 87' lang='lat' dir='ltr'><strong>Chebrone</strong></span> <span class='ocrx_word' id='word_1_194' title='bbox 1738 2897 2031 2961; x_wconf 86' lang='lat' dir='ltr'><strong>habitanti,</strong></span> <span class='ocrx_word' id='word_1_195' title='bbox 2063 2914 2094 2955; x_wconf 90' lang='lat' dir='ltr'><strong>e</strong></span> 
     </span>
    </p>
   </div>
   <div class='ocr_carea' id='block_1_31' title="bbox 514 2986 2091 3058">
    <p class='ocr_par' dir='ltr' id='par_1_31' title="bbox 514 2986 2091 3058">
     <span class='ocr_line' id='line_1_31' title="bbox 514 2986 2091 3058; baseline 0.001 -14"><span class='ocrx_word' id='word_1_196' title='bbox 514 2989 751 3047; x_wconf 83' lang='lat' dir='ltr'><strong>diversis</strong></span> <span class='ocrx_word' id='word_1_197' title='bbox 783 2989 1053 3045; x_wconf 75' lang='lat' dir='ltr'><strong>uxoribus</strong></span> <span class='ocrx_word' id='word_1_198' title='bbox 1094 3004 1189 3044; x_wconf 80' lang='lat' dir='ltr'><strong>sex</strong></span> <span class='ocrx_word' id='word_1_199' title='bbox 1215 2987 1328 3042; x_wconf 90' lang='lat' dir='ltr'><strong>nati</strong></span> <span class='ocrx_word' id='word_1_200' title='bbox 1369 2995 1498 3042; x_wconf 89' lang='lat' dir='ltr'><strong>sunt</strong></span> <span class='ocrx_word' id='word_1_201' title='bbox 1531 2986 1651 3050; x_wconf 80' lang='lat' dir='ltr'><strong>ﬁlii,</strong></span> <span class='ocrx_word' id='word_1_202' title='bbox 1697 3003 1930 3058; x_wconf 86' lang='lat' dir='ltr'><strong>quorum</strong></span> <span class='ocrx_word' id='word_1_203' title='bbox 1963 2999 2091 3046; x_wconf 86' lang='lat' dir='ltr'><strong>natu</strong></span> 
     </span>
    </p>
   </div>
   <div class='ocr_carea' id='block_1_32' title="bbox 515 3082 2095 3154">
    <p class='ocr_par' dir='ltr' id='par_1_32' title="bbox 515 3082 2095 3154">
     <span class='ocr_line' id='line_1_32' title="bbox 515 3082 2095 3154; baseline 0.001 -16"><span class='ocrx_word' id='word_1_204' title='bbox 515 3085 786 3140; x_wconf 80' lang='lat' dir='ltr'><strong>maximus</strong></span> <span class='ocrx_word' id='word_1_205' title='bbox 829 3083 935 3140; x_wconf 89' lang='lat' dir='ltr'><strong>fuit</strong></span> <span class='ocrx_word' id='word_1_206' title='bbox 985 3083 1239 3138; x_wconf 87' lang='lat' dir='ltr'><strong>Ammon.</strong></span> <span class='ocrx_word' id='word_1_207' title='bbox 1291 3082 1571 3140; x_wconf 81' lang='lat' dir='ltr'><strong>Jebosthis</strong></span> <span class='ocrx_word' id='word_1_208' title='bbox 1596 3099 1764 3154; x_wconf 89' lang='lat' dir='ltr'><strong>porro</strong></span> <span class='ocrx_word' id='word_1_209' title='bbox 1792 3084 2095 3152; x_wconf 77' lang='lat' dir='ltr'><strong>indignatio</strong></span> 
     </span>
    </p>
   </div>
   <div class='ocr_carea' id='block_1_33' title="bbox 516 3177 2096 3248">
    <p class='ocr_par' dir='ltr' id='par_1_33' title="bbox 516 3177 2096 3248">
     <span class='ocr_line' id='line_1_33' title="bbox 516 3177 2096 3248; baseline 0.003 -16"><span class='ocrx_word' id='word_1_210' title='bbox 516 3187 742 3248; x_wconf 77' lang='lat' dir='ltr'><strong>propter</strong></span> <span class='ocrx_word' id='word_1_211' title='bbox 769 3178 1006 3232; x_wconf 83' lang='lat' dir='ltr'><strong>Abeneri</strong></span> <span class='ocrx_word' id='word_1_212' title='bbox 1045 3193 1172 3234; x_wconf 85' lang='lat' dir='ltr'><strong>eum</strong></span> <span class='ocrx_word' id='word_1_213' title='bbox 1214 3178 1386 3248; x_wconf 83' lang='lat' dir='ltr'><strong>patris</strong></span> <span class='ocrx_word' id='word_1_214' title='bbox 1413 3177 1594 3233; x_wconf 88' lang='lat' dir='ltr'><strong>Saulis</strong></span> <span class='ocrx_word' id='word_1_215' title='bbox 1636 3179 1831 3248; x_wconf 88' lang='lat' dir='ltr'><strong>pellice</strong></span> <span class='ocrx_word' id='word_1_216' title='bbox 1861 3194 2096 3236; x_wconf 84' lang='lat' dir='ltr'><strong>consue-</strong></span> 
     </span>
    </p>
   </div>
   <div class='ocr_carea' id='block_1_34' title="bbox 2199 669 3777 743">
    <p class='ocr_par' dir='ltr' id='par_1_34' title="bbox 2199 669 3777 743">
     <span class='ocr_line' id='line_1_34' title="bbox 2199 669 3777 743; baseline 0 -19"><span class='ocrx_word' id='word_1_217' title='bbox 2199 673 2301 743; x_wconf 80' lang='grc' dir='ltr'><strong>τὴν</strong></span> <span class='ocrx_word' id='word_1_218' title='bbox 2345 673 2506 743; x_wconf 84' lang='grc' dir='ltr'>χεῖρα</span> <span class='ocrx_word' id='word_1_219' title='bbox 2545 672 2845 743; x_wconf 69' lang='grc' dir='ltr'>ἐπήνεγκε.</span> <span class='ocrx_word' id='word_1_220' title='bbox 2883 672 2993 726; x_wconf 75' lang='grc' dir='ltr'><strong>Καὶ</strong></span> <span class='ocrx_word' id='word_1_221' title='bbox 3041 670 3183 739; x_wconf 81' lang='grc' dir='ltr'><strong>μετά</strong></span> <span class='ocrx_word' id='word_1_222' title='bbox 3227 669 3439 733; x_wconf 79' lang='grc' dir='ltr'>ταῦτα.</span> <span class='ocrx_word' id='word_1_223' title='bbox 3487 669 3585 724; x_wconf 80' lang='grc' dir='ltr'><strong>τοῦ</strong></span> <span class='ocrx_word' id='word_1_224' title='bbox 3634 670 3777 724; x_wconf 81' lang='grc' dir='ltr'>Θεοῦ</span> 
     </span>
    </p>
   </div>
   <div class='ocr_carea' id='block_1_35' title="bbox 2201 762 3779 836">
    <p class='ocr_par' dir='ltr' id='par_1_35' title="bbox 2201 762 3779 836">
     <span class='ocr_line' id='line_1_35' title="bbox 2201 762 3779 836; baseline 0.001 -19"><span class='ocrx_word' id='word_1_225' title='bbox 2201 763 2584 830; x_wconf 78' lang='grc' dir='ltr'>κελεύσαντος,</span> <span class='ocrx_word' id='word_1_226' title='bbox 2614 765 2695 829; x_wconf 76' lang='grc' dir='ltr'><strong>είς</strong></span> <span class='ocrx_word' id='word_1_227' title='bbox 2723 764 2951 836; x_wconf 82' lang='grc' dir='ltr'>Χεϐρὼν</span> <span class='ocrx_word' id='word_1_228' title='bbox 2983 764 3176 835; x_wconf 72' lang='grc' dir='ltr'>ἀνέϐη,</span> <span class='ocrx_word' id='word_1_229' title='bbox 3219 764 3378 819; x_wconf 87' lang='grc' dir='ltr'>πόλιν</span> <span class='ocrx_word' id='word_1_230' title='bbox 3419 762 3613 828; x_wconf 85' lang='grc' dir='ltr'>Ἰούδα,</span> <span class='ocrx_word' id='word_1_231' title='bbox 3636 765 3779 832; x_wconf 83' lang='grc' dir='ltr'><strong>μετά</strong></span> 
     </span>
    </p>
   </div>
   <div class='ocr_carea' id='block_1_36' title="bbox 2199 856 3780 927">
    <p class='ocr_par' dir='ltr' id='par_1_36' title="bbox 2199 856 3780 927">
     <span class='ocr_line' id='line_1_36' title="bbox 2199 856 3780 927; baseline 0 -18"><span class='ocrx_word' id='word_1_232' title='bbox 2199 856 2408 926; x_wconf 83' lang='grc' dir='ltr'>ἀμφοῖν</span> <span class='ocrx_word' id='word_1_233' title='bbox 2463 857 2575 910; x_wconf 82' lang='grc' dir='ltr'><strong>τῶν</strong></span> <span class='ocrx_word' id='word_1_234' title='bbox 2621 857 2900 924; x_wconf 79' lang='grc' dir='ltr'>γυναικῶν</span> <span class='ocrx_word' id='word_1_235' title='bbox 2956 856 3149 922; x_wconf 82' lang='grc' dir='ltr'>αὑτοῦ,</span> <span class='ocrx_word' id='word_1_236' title='bbox 3181 857 3444 927; x_wconf 79' lang='grc' dir='ltr'>Ἀχινοδμ</span> <span class='ocrx_word' id='word_1_237' title='bbox 3480 858 3578 912; x_wconf 73' lang='grc' dir='ltr'><strong>καὶ</strong></span> <span class='ocrx_word' id='word_1_238' title='bbox 3625 856 3780 910; x_wconf 80' lang='grc' dir='ltr'><strong>Ἀϐι-</strong></span> 
     </span>
    </p>
   </div>
   <div class='ocr_carea' id='block_1_37' title="bbox 2200 948 3782 1021">
    <p class='ocr_par' dir='ltr' id='par_1_37' title="bbox 2200 948 3782 1021">
     <span class='ocr_line' id='line_1_37' title="bbox 2200 948 3782 1021; baseline 0.001 -18"><span class='ocrx_word' id='word_1_239' title='bbox 2200 948 2384 1015; x_wconf 83' lang='grc' dir='ltr'>γαίας,</span> <span class='ocrx_word' id='word_1_240' title='bbox 2415 951 2511 1002; x_wconf 71' lang='grc' dir='ltr'><strong>καὶ</strong></span> <span class='ocrx_word' id='word_1_241' title='bbox 2542 950 2592 1002; x_wconf 84' lang='grc' dir='ltr'>οἱ</span> <span class='ocrx_word' id='word_1_242' title='bbox 2618 949 2814 1021; x_wconf 84' lang='grc' dir='ltr'>ἄνδρες</span> <span class='ocrx_word' id='word_1_243' title='bbox 2858 951 2907 1004; x_wconf 85' lang='lat' dir='ltr'><strong>oi</strong></span> <span class='ocrx_word' id='word_1_244' title='bbox 2958 949 3079 1020; x_wconf 79' lang='grc' dir='ltr'>μετ’</span> <span class='ocrx_word' id='word_1_245' title='bbox 3109 949 3278 1003; x_wconf 84' lang='grc' dir='ltr'>αὐτοῦ</span> <span class='ocrx_word' id='word_1_246' title='bbox 3326 949 3568 1004; x_wconf 80' lang='grc' dir='ltr'>πανοικί.</span> <span class='ocrx_word' id='word_1_247' title='bbox 3600 951 3782 1004; x_wconf 79' lang='grc' dir='ltr'>Ἔνθα</span> 
     </span>
    </p>
   </div>
   <div class='ocr_carea' id='block_1_38' title="bbox 2203 1037 3782 1112">
    <p class='ocr_par' dir='ltr' id='par_1_38' title="bbox 2203 1037 3782 1112">
     <span class='ocr_line' id='line_1_38' title="bbox 2203 1037 3782 1112; baseline 0.001 -19"><span class='ocrx_word' id='word_1_248' title='bbox 2203 1037 2458 1108; x_wconf 73' lang='grc' dir='ltr'>βασιλεὺς</span> <span class='ocrx_word' id='word_1_249' title='bbox 2479 1039 2716 1108; x_wconf 75' lang='grc' dir='ltr'><strong>αἱρεῖται</strong></span> <span class='ocrx_word' id='word_1_250' title='bbox 2755 1039 2910 1112; x_wconf 75' lang='grc' dir='ltr'>παρὰ</span> <span class='ocrx_word' id='word_1_251' title='bbox 2940 1042 3041 1112; x_wconf 84' lang='grc' dir='ltr'><strong>τῆς</strong></span> <span class='ocrx_word' id='word_1_252' title='bbox 3062 1040 3238 1094; x_wconf 84' lang='grc' dir='ltr'>Ἰούδα</span> <span class='ocrx_word' id='word_1_253' title='bbox 3269 1041 3466 1111; x_wconf 80' lang='grc' dir='ltr'>φυλῆς.</span> <span class='ocrx_word' id='word_1_254' title='bbox 3495 1041 3782 1110; x_wconf 83' lang='grc' dir='ltr'>Εὐλόγησε</span> 
     </span>
    </p>
   </div>
   <div class='ocr_carea' id='block_1_39' title="bbox 2199 1131 3782 1204">
    <p class='ocr_par' dir='ltr' id='par_1_39' title="bbox 2199 1131 3782 1204">
     <span class='ocr_line' id='line_1_39' title="bbox 2199 1131 3782 1204; baseline 0.003 -20"><span class='ocrx_word' id='word_1_255' title='bbox 2199 1131 2256 1185; x_wconf 79' lang='grc' dir='ltr'>δὲ</span> <span class='ocrx_word' id='word_1_256' title='bbox 2306 1132 2473 1186; x_wconf 71' lang='grc' dir='ltr'>Δαδὶδ</span> <span class='ocrx_word' id='word_1_257' title='bbox 2525 1134 2654 1196; x_wconf 79' lang='grc' dir='ltr'>τοὺς</span> <span class='ocrx_word' id='word_1_258' title='bbox 2705 1134 2906 1204; x_wconf 77' lang='grc' dir='ltr'>ἄνδρας</span> <span class='ocrx_word' id='word_1_259' title='bbox 2935 1133 3158 1201; x_wconf 73' lang='grc' dir='ltr'><strong>’1α6εὶς,</strong></span> <span class='ocrx_word' id='word_1_260' title='bbox 3184 1135 3260 1198; x_wconf 86' lang='grc' dir='ltr'>ὡς</span> <span class='ocrx_word' id='word_1_261' title='bbox 3313 1133 3591 1204; x_wconf 83' lang='grc' dir='ltr'>θάψαντας</span> <span class='ocrx_word' id='word_1_262' title='bbox 3646 1136 3782 1196; x_wconf 61' lang='grc' dir='ltr'>τοῦς</span> 
     </span>
    </p>
   </div>
   <div class='ocr_carea' id='block_1_40' title="bbox 2198 1223 3781 1296">
    <p class='ocr_par' dir='ltr' id='par_1_40' title="bbox 2198 1223 3781 1296">
     <span class='ocr_line' id='line_1_40' title="bbox 2198 1223 3781 1296; baseline 0.001 -18"><span class='ocrx_word' id='word_1_263' title='bbox 2198 1223 2293 1278; x_wconf 82' lang='grc' dir='ltr'><strong>τοῦ</strong></span> <span class='ocrx_word' id='word_1_264' title='bbox 2348 1225 2526 1280; x_wconf 74' lang='grc' dir='ltr'>Σαοὺλ</span> <span class='ocrx_word' id='word_1_265' title='bbox 2567 1226 2664 1280; x_wconf 73' lang='grc' dir='ltr'>καὶ</span> <span class='ocrx_word' id='word_1_266' title='bbox 2707 1226 2805 1280; x_wconf 79' lang='grc' dir='ltr'>τοῦ</span> <span class='ocrx_word' id='word_1_267' title='bbox 2865 1224 3130 1282; x_wconf 84' lang='grc' dir='ltr'>Ἰωνάθαν</span> <span class='ocrx_word' id='word_1_268' title='bbox 3181 1225 3440 1296; x_wconf 86' lang='grc' dir='ltr'>νεκρούς.</span> <span class='ocrx_word' id='word_1_269' title='bbox 3480 1227 3539 1280; x_wconf 85' lang='grc' dir='ltr'><strong>Ὀ</strong></span> <span class='ocrx_word' id='word_1_270' title='bbox 3585 1227 3641 1280; x_wconf 72' lang='grc' dir='ltr'>δὲ</span> <span class='ocrx_word' id='word_1_271' title='bbox 3679 1227 3781 1280; x_wconf 76' lang='grc' dir='ltr'>τοῦ</span> 
     </span>
    </p>
   </div>
   <div class='ocr_carea' id='block_1_41' title="bbox 2201 1316 3780 1390">
    <p class='ocr_par' dir='ltr' id='par_1_41' title="bbox 2201 1316 3780 1390">
     <span class='ocr_line' id='line_1_41' title="bbox 2201 1316 3780 1390; baseline 0 -20"><span class='ocrx_word' id='word_1_272' title='bbox 2201 1316 2373 1371; x_wconf 79' lang='grc' dir='ltr'><strong>Σαοὺλ</strong></span> <span class='ocrx_word' id='word_1_273' title='bbox 2410 1318 2857 1390; x_wconf 82' lang='grc' dir='ltr'><strong>ἀρχιστράτηγος</strong></span> <span class='ocrx_word' id='word_1_274' title='bbox 2898 1317 3167 1390; x_wconf 76' lang='grc' dir='ltr'>’Λσεννὴρ</span> <span class='ocrx_word' id='word_1_275' title='bbox 3239 1318 3428 1374; x_wconf 76' lang='grc' dir='ltr'>λαϐὼν</span> <span class='ocrx_word' id='word_1_276' title='bbox 3479 1319 3574 1372; x_wconf 81' lang='grc' dir='ltr'>τὸν</span> <span class='ocrx_word' id='word_1_277' title='bbox 3615 1318 3780 1388; x_wconf 78' lang='grc' dir='ltr'>περί-</span> 
     </span>
    </p>
   </div>
   <div class='ocr_carea' id='block_1_42' title="bbox 2197 1407 3784 1479">
    <p class='ocr_par' dir='ltr' id='par_1_42' title="bbox 2197 1407 3784 1479">
     <span class='ocr_line' id='line_1_42' title="bbox 2197 1407 3784 1479; baseline 0.001 -19"><span class='ocrx_word' id='word_1_278' title='bbox 2197 1407 2387 1462; x_wconf 78' lang='grc' dir='ltr'>λοιπον</span> <span class='ocrx_word' id='word_1_279' title='bbox 2439 1408 2554 1461; x_wconf 77' lang='grc' dir='ltr'>υἱὸν</span> <span class='ocrx_word' id='word_1_280' title='bbox 2594 1407 2690 1461; x_wconf 82' lang='grc' dir='ltr'>τοῦ</span> <span class='ocrx_word' id='word_1_281' title='bbox 2744 1408 2938 1478; x_wconf 92' lang='grc' dir='ltr'>κυρίου</span> <span class='ocrx_word' id='word_1_282' title='bbox 2990 1407 3158 1464; x_wconf 79' lang='grc' dir='ltr'>αὐτοῦ</span> <span class='ocrx_word' id='word_1_283' title='bbox 3211 1409 3308 1462; x_wconf 76' lang='grc' dir='ltr'>τὸν</span> <span class='ocrx_word' id='word_1_284' title='bbox 3345 1407 3624 1474; x_wconf 74' lang='grc' dir='ltr'>Ἰεσοσθέ,</span> <span class='ocrx_word' id='word_1_285' title='bbox 3685 1407 3784 1479; x_wconf 83' lang='grc' dir='ltr'><strong>βα-</strong></span> 
     </span>
    </p>
   </div>
   <div class='ocr_carea' id='block_1_43' title="bbox 2201 1498 3780 1573">
    <p class='ocr_par' dir='ltr' id='par_1_43' title="bbox 2201 1498 3780 1573">
     <span class='ocr_line' id='line_1_43' title="bbox 2201 1498 3780 1573; baseline 0.002 -21"><span class='ocrx_word' id='word_1_286' title='bbox 2201 1498 2352 1554; x_wconf 81' lang='grc' dir='ltr'>σιλέα</span> <span class='ocrx_word' id='word_1_287' title='bbox 2393 1500 2487 1553; x_wconf 76' lang='grc' dir='ltr'>ἐπὶ</span> <span class='ocrx_word' id='word_1_288' title='bbox 2537 1501 2719 1554; x_wconf 75' lang='grc' dir='ltr'>πάντα</span> <span class='ocrx_word' id='word_1_289' title='bbox 2760 1500 2853 1554; x_wconf 84' lang='grc' dir='ltr'>τὸν</span> <span class='ocrx_word' id='word_1_290' title='bbox 2922 1502 3162 1573; x_wconf 80' lang='grc' dir='ltr'>Ἰσραὴλ,</span> <span class='ocrx_word' id='word_1_291' title='bbox 3198 1501 3294 1557; x_wconf 77' lang='grc' dir='ltr'>τοῦ</span> <span class='ocrx_word' id='word_1_292' title='bbox 3359 1501 3536 1557; x_wconf 86' lang='grc' dir='ltr'>Ἰούδα</span> <span class='ocrx_word' id='word_1_293' title='bbox 3583 1503 3780 1573; x_wconf 76' lang='grc' dir='ltr'>χωρὶς,</span> 
     </span>
    </p>
   </div>
   <div class='ocr_carea' id='block_1_44' title="bbox 2198 1586 3766 1664">
    <p class='ocr_par' dir='ltr' id='par_1_44' title="bbox 2198 1586 3766 1664">
     <span class='ocr_line' id='line_1_44' title="bbox 2198 1586 3766 1664; baseline -0.001 -18"><span class='ocrx_word' id='word_1_294' title='bbox 2198 1592 2588 1664; x_wconf 81' lang='grc' dir='ltr'><strong>ἀνηγόρευσεν.</strong></span> <span class='ocrx_word' id='word_1_295' title='bbox 2619 1586 2728 1645; x_wconf 84' lang='grc' dir='ltr'>Ἦν</span> <span class='ocrx_word' id='word_1_296' title='bbox 2770 1591 2827 1645; x_wconf 87' lang='grc' dir='ltr'><strong>δέ</strong></span> <span class='ocrx_word' id='word_1_297' title='bbox 2861 1593 3274 1664; x_wconf 88' lang='grc' dir='ltr'>τεσσαράκοντα</span> <span class='ocrx_word' id='word_1_298' title='bbox 3307 1592 3468 1656; x_wconf 81' lang='grc' dir='ltr'>ἐτῶν,</span> <span class='ocrx_word' id='word_1_299' title='bbox 3507 1593 3595 1646; x_wconf 82' lang='grc' dir='ltr'>ὅτε</span> <span class='ocrx_word' id='word_1_300' title='bbox 3647 1593 3766 1645; x_wconf 77' lang='grc' dir='ltr'>ἐϐα-</span> 
     </span>
    </p>
   </div>
   <div class='ocr_carea' id='block_1_45' title="bbox 2201 1681 3783 1757">
    <p class='ocr_par' dir='ltr' id='par_1_45' title="bbox 2201 1681 3783 1757">
     <span class='ocr_line' id='line_1_45' title="bbox 2201 1681 3783 1757; baseline 0.001 -19"><span class='ocrx_word' id='word_1_301' title='bbox 2201 1681 2758 1750; x_wconf 78' lang='grc' dir='ltr'>σίλευσενὸΊεῦοσθὲ,</span> <span class='ocrx_word' id='word_1_302' title='bbox 2797 1687 2891 1739; x_wconf 71' lang='grc' dir='ltr'>καὶ</span> <span class='ocrx_word' id='word_1_303' title='bbox 2919 1685 3014 1740; x_wconf 89' lang='grc' dir='ltr'><strong>δύο</strong></span> <span class='ocrx_word' id='word_1_304' title='bbox 3045 1685 3142 1756; x_wconf 76' lang='grc' dir='ltr'><strong>ἐτη</strong></span> <span class='ocrx_word' id='word_1_305' title='bbox 3172 1686 3272 1757; x_wconf 78' lang='grc' dir='ltr'>τῆς</span> <span class='ocrx_word' id='word_1_306' title='bbox 3313 1685 3590 1756; x_wconf 82' lang='grc' dir='ltr'><strong>βασιλείας</strong></span> <span class='ocrx_word' id='word_1_307' title='bbox 3611 1687 3783 1757; x_wconf 80' lang='grc' dir='ltr'>ἐκρά-</span> 
     </span>
    </p>
   </div>
   <div class='ocr_carea' id='block_1_46' title="bbox 2198 1776 3779 1849">
    <p class='ocr_par' dir='ltr' id='par_1_46' title="bbox 2198 1776 3779 1849">
     <span class='ocr_line' id='line_1_46' title="bbox 2198 1776 3779 1849; baseline -0.001 -17"><span class='ocrx_word' id='word_1_308' title='bbox 2198 1794 2388 1847; x_wconf 86' lang='grc' dir='ltr'>τησεν.</span> <span class='ocrx_word' id='word_1_309' title='bbox 2433 1777 2492 1830; x_wconf 89' lang='lat'><strong>&#39;0</strong></span> <span class='ocrx_word' id='word_1_310' title='bbox 2530 1777 2587 1830; x_wconf 81' lang='grc' dir='ltr'><strong>δέ</strong></span> <span class='ocrx_word' id='word_1_311' title='bbox 2624 1776 2886 1848; x_wconf 78' lang='grc' dir='ltr'>Ἀϐεννὴρ</span> <span class='ocrx_word' id='word_1_312' title='bbox 2915 1777 2984 1831; x_wconf 86' lang='grc' dir='ltr'><strong>δι’</strong></span> <span class='ocrx_word' id='word_1_313' title='bbox 3008 1779 3179 1849; x_wconf 82' lang='grc' dir='ltr'>ὀργῆς</span> <span class='ocrx_word' id='word_1_314' title='bbox 3228 1780 3469 1833; x_wconf 74' lang='grc' dir='ltr'>ἐποιεῖτο</span> <span class='ocrx_word' id='word_1_315' title='bbox 3525 1778 3626 1849; x_wconf 84' lang='grc' dir='ltr'>τὴν</span> <span class='ocrx_word' id='word_1_316' title='bbox 3681 1777 3779 1831; x_wconf 82' lang='grc' dir='ltr'>τοῦ</span> 
     </span>
    </p>
   </div>
   <div class='ocr_carea' id='block_1_47' title="bbox 2213 1868 3777 1942">
    <p class='ocr_par' dir='ltr' id='par_1_47' title="bbox 2213 1868 3777 1942">
     <span class='ocr_line' id='line_1_47' title="bbox 2213 1868 3777 1942; baseline -0.001 -18"><span class='ocrx_word' id='word_1_317' title='bbox 2213 1870 2384 1924; x_wconf 85' lang='grc' dir='ltr'>Ἰούδα</span> <span class='ocrx_word' id='word_1_318' title='bbox 2418 1869 2592 1940; x_wconf 80' lang='grc' dir='ltr'>φυλὴν</span> <span class='ocrx_word' id='word_1_319' title='bbox 2632 1868 2709 1933; x_wconf 85' lang='grc' dir='ltr'><strong>ὡς</strong></span> <span class='ocrx_word' id='word_1_320' title='bbox 2741 1868 3142 1940; x_wconf 78' lang='grc' dir='ltr'><strong>βασιλεύσασαν</strong></span> <span class='ocrx_word' id='word_1_321' title='bbox 3183 1869 3275 1924; x_wconf 82' lang='grc' dir='ltr'>τὸν</span> <span class='ocrx_word' id='word_1_322' title='bbox 3314 1870 3499 1933; x_wconf 76' lang='grc' dir='ltr'>Δαϐὶδ.</span> <span class='ocrx_word' id='word_1_323' title='bbox 3535 1871 3628 1925; x_wconf 76' lang='grc' dir='ltr'><strong>καὶ</strong></span> <span class='ocrx_word' id='word_1_324' title='bbox 3662 1869 3777 1942; x_wconf 79' lang='grc' dir='ltr'><strong>ὦρο</strong></span> 
     </span>
    </p>
   </div>
   <div class='ocr_carea' id='block_1_48' title="bbox 2201 1961 3778 2033">
    <p class='ocr_par' dir='ltr' id='par_1_48' title="bbox 2201 1961 3778 2033">
     <span class='ocr_line' id='line_1_48' title="bbox 2201 1961 3778 2033; baseline 0.003 -20"><span class='ocrx_word' id='word_1_325' title='bbox 2201 1978 2341 2033; x_wconf 88' lang='grc' dir='ltr'>μησε</span> <span class='ocrx_word' id='word_1_326' title='bbox 2391 1961 2513 2014; x_wconf 81' lang='grc' dir='ltr'>κατ’</span> <span class='ocrx_word' id='word_1_327' title='bbox 2554 1961 2746 2031; x_wconf 80' lang='grc' dir='ltr'>αὐτῆς.</span> <span class='ocrx_word' id='word_1_328' title='bbox 2786 1961 3094 2032; x_wconf 80' lang='grc' dir='ltr'><strong>Ἀπήντησε</strong></span> <span class='ocrx_word' id='word_1_329' title='bbox 3146 1961 3192 2015; x_wconf 87' lang='grc' dir='ltr'>δ’</span> <span class='ocrx_word' id='word_1_330' title='bbox 3233 1961 3384 2033; x_wconf 87' lang='grc' dir='ltr'><strong>αύτῷ</strong></span> <span class='ocrx_word' id='word_1_331' title='bbox 3433 1963 3575 2032; x_wconf 87' lang='grc' dir='ltr'>μετὰ</span> <span class='ocrx_word' id='word_1_332' title='bbox 3614 1962 3778 2018; x_wconf 82' lang='grc' dir='ltr'>δυνά·</span> 
     </span>
    </p>
   </div>
   <div class='ocr_carea' id='block_1_49' title="bbox 2200 2053 3779 2128">
    <p class='ocr_par' dir='ltr' id='par_1_49' title="bbox 2200 2053 3779 2128">
     <span class='ocr_line' id='line_1_49' title="bbox 2200 2053 3779 2128; baseline 0.001 -18"><span class='ocrx_word' id='word_1_333' title='bbox 2200 2073 2348 2126; x_wconf 87' lang='grc' dir='ltr'>μεως</span> <span class='ocrx_word' id='word_1_334' title='bbox 2385 2055 2569 2117; x_wconf 77' lang='grc' dir='ltr'><strong>Ἰωάϐ.</strong></span> <span class='ocrx_word' id='word_1_335' title='bbox 2613 2055 2672 2118; x_wconf 82' lang='grc' dir='ltr'><strong>ὃς</strong></span> <span class='ocrx_word' id='word_1_336' title='bbox 2716 2053 2786 2127; x_wconf 79' lang='grc' dir='ltr'>ἦν</span> <span class='ocrx_word' id='word_1_337' title='bbox 2824 2058 2922 2109; x_wconf 83' lang='grc' dir='ltr'><strong>τοῦ</strong></span> <span class='ocrx_word' id='word_1_338' title='bbox 2965 2056 3131 2110; x_wconf 71' lang='grc' dir='ltr'>Δαϐὶδ</span> <span class='ocrx_word' id='word_1_339' title='bbox 3157 2057 3624 2128; x_wconf 81' lang='grc' dir='ltr'>ἀρχιστράτηγος.</span> <span class='ocrx_word' id='word_1_340' title='bbox 3669 2055 3779 2111; x_wconf 72' lang='grc' dir='ltr'><strong>Καὶ</strong></span> 
     </span>
    </p>
   </div>
   <div class='ocr_carea' id='block_1_50' title="bbox 2197 2145 3780 2222">
    <p class='ocr_par' dir='ltr' id='par_1_50' title="bbox 2197 2145 3780 2222">
     <span class='ocr_line' id='line_1_50' title="bbox 2197 2145 3780 2222; baseline 0 -18"><span class='ocrx_word' id='word_1_341' title='bbox 2197 2151 2415 2222; x_wconf 81' lang='grc' dir='ltr'>πρῶτον</span> <span class='ocrx_word' id='word_1_342' title='bbox 2445 2149 2542 2218; x_wconf 89' lang='grc' dir='ltr'><strong>μέν</strong></span> <span class='ocrx_word' id='word_1_343' title='bbox 2563 2148 2772 2204; x_wconf 83' lang='grc' dir='ltr'>δώδεκα</span> <span class='ocrx_word' id='word_1_344' title='bbox 2802 2148 2860 2216; x_wconf 81' lang='grc' dir='ltr'>ἐξ</span> <span class='ocrx_word' id='word_1_345' title='bbox 2893 2147 3136 2219; x_wconf 78' lang='grc' dir='ltr'><strong>ἑκάστης</strong></span> <span class='ocrx_word' id='word_1_346' title='bbox 3160 2145 3585 2222; x_wconf 60' lang='grc' dir='ltr'>ἐμονομάχησαν</span> <span class='ocrx_word' id='word_1_347' title='bbox 3611 2168 3780 2221; x_wconf 76' lang='grc' dir='ltr'>στραι-</span> 
     </span>
    </p>
   </div>
   <div class='ocr_carea' id='block_1_51' title="bbox 2195 2241 3776 2313">
    <p class='ocr_par' dir='ltr' id='par_1_51' title="bbox 2195 2241 3776 2313">
     <span class='ocr_line' id='line_1_51' title="bbox 2195 2241 3776 2313; baseline -0.015 -15"><span class='ocrx_word' id='word_1_348' title='bbox 2195 2246 2338 2307; x_wconf 77' lang='grc' dir='ltr'>τιΞς.</span> <span class='ocrx_word' id='word_1_349' title='bbox 2379 2243 2601 2295; x_wconf 71' lang='grc' dir='ltr'>Πάντων</span> <span class='ocrx_word' id='word_1_350' title='bbox 2637 2242 2693 2294; x_wconf 81' lang='grc' dir='ltr'>δὲ</span> <span class='ocrx_word' id='word_1_351' title='bbox 2747 2241 3116 2295; x_wconf 81' lang='grc' dir='ltr'><strong>πεπτωκότων</strong></span> <span class='ocrx_word' id='word_1_352' title='bbox 3165 2242 3417 2303; x_wconf 84' lang='grc' dir='ltr'>ἐκείνων,</span> <span class='ocrx_word' id='word_1_353' title='bbox 3457 2245 3554 2296; x_wconf 79' lang='grc' dir='ltr'><strong>καί</strong></span> <span class='ocrx_word' id='word_1_354' title='bbox 3605 2244 3776 2313; x_wconf 66' lang='grc' dir='ltr'>ἄμφω</span> 
     </span>
    </p>
   </div>
   <div class='ocr_carea' id='block_1_52' title="bbox 2196 2333 3780 2408">
    <p class='ocr_par' dir='ltr' id='par_1_52' title="bbox 2196 2333 3780 2408">
     <span class='ocr_line' id='line_1_52' title="bbox 2196 2333 3780 2408; baseline -0.001 -17"><span class='ocrx_word' id='word_1_355' title='bbox 2196 2339 2252 2391; x_wconf 86' lang='grc' dir='ltr'><strong>αἱ</strong></span> <span class='ocrx_word' id='word_1_356' title='bbox 2289 2337 2544 2408; x_wconf 55' lang='grc' dir='ltr'><strong>στρατιαὶ¹</strong></span> <span class='ocrx_word' id='word_1_357' title='bbox 2587 2335 2848 2405; x_wconf 80' lang='grc' dir='ltr'><strong>ἀλλήλαις</strong></span> <span class='ocrx_word' id='word_1_358' title='bbox 2889 2333 3252 2406; x_wconf 77' lang='grc' dir='ltr'>προσέὃαλον,</span> <span class='ocrx_word' id='word_1_359' title='bbox 3321 2337 3418 2390; x_wconf 75' lang='grc' dir='ltr'>καὶ</span> <span class='ocrx_word' id='word_1_360' title='bbox 3457 2337 3780 2408; x_wconf 78' lang='grc' dir='ltr'>ἡττήθησαν</span> 
     </span>
    </p>
   </div>
   <div class='ocr_carea' id='block_1_53' title="bbox 2194 2425 3779 2500">
    <p class='ocr_par' dir='ltr' id='par_1_53' title="bbox 2194 2425 3779 2500">
     <span class='ocr_line' id='line_1_53' title="bbox 2194 2425 3779 2500; baseline 0 -16"><span class='ocrx_word' id='word_1_361' title='bbox 2194 2432 2245 2484; x_wconf 80' lang='grc' dir='ltr'>οἱ</span> <span class='ocrx_word' id='word_1_362' title='bbox 2281 2430 2376 2484; x_wconf 80' lang='grc' dir='ltr'>τοῦ</span> <span class='ocrx_word' id='word_1_363' title='bbox 2435 2428 2722 2499; x_wconf 62' lang='grc' dir='ltr'><strong>’Δϐενθήμ</strong></span> <span class='ocrx_word' id='word_1_364' title='bbox 2787 2425 2993 2482; x_wconf 76' lang='grc' dir='ltr'><strong>Ἀϐεσὰ</strong></span> <span class='ocrx_word' id='word_1_365' title='bbox 3039 2428 3096 2481; x_wconf 90' lang='grc' dir='ltr'>δὲ</span> <span class='ocrx_word' id='word_1_366' title='bbox 3150 2428 3242 2482; x_wconf 79' lang='grc' dir='ltr'>καὶ</span> <span class='ocrx_word' id='word_1_367' title='bbox 3297 2428 3501 2500; x_wconf 77' lang='grc' dir='ltr'><strong>Ἀσαὴλ</strong></span> <span class='ocrx_word' id='word_1_368' title='bbox 3553 2429 3779 2498; x_wconf 66' lang='grc' dir='ltr'>ἀδελφοὶ</span> 
     </span>
    </p>
   </div>
   <div class='ocr_carea' id='block_1_54' title="bbox 2207 2505 3778 2593">
    <p class='ocr_par' dir='ltr' id='par_1_54' title="bbox 2207 2505 3778 2593">
     <span class='ocr_line' id='line_1_54' title="bbox 2207 2505 3778 2593; baseline -0.003 -13"><span class='ocrx_word' id='word_1_369' title='bbox 2207 2522 2466 2580; x_wconf 80' lang='grc' dir='ltr'><strong>Ἰωά6.’0</strong></span> <span class='ocrx_word' id='word_1_370' title='bbox 2494 2505 2552 2578; x_wconf 70' lang='grc' dir='ltr'><strong>δέ</strong></span> <span class='ocrx_word' id='word_1_371' title='bbox 2597 2521 2820 2591; x_wconf 75' lang='grc' dir='ltr'>Ἀσαὴλ,</span> <span class='ocrx_word' id='word_1_372' title='bbox 2854 2522 2948 2575; x_wconf 69' lang='grc' dir='ltr'>ἐπὶ</span> <span class='ocrx_word' id='word_1_373' title='bbox 3010 2520 3187 2574; x_wconf 81' lang='grc' dir='ltr'>ποδῶν</span> <span class='ocrx_word' id='word_1_374' title='bbox 3221 2520 3466 2591; x_wconf 83' lang='grc' dir='ltr'>ὠκύτητι</span> <span class='ocrx_word' id='word_1_375' title='bbox 3513 2524 3778 2593; x_wconf 82' lang='grc' dir='ltr'>σεμνυνό-</span> 
     </span>
    </p>
   </div>
   <div class='ocr_carea' id='block_1_55' title="bbox 2199 2612 3778 2688">
    <p class='ocr_par' dir='ltr' id='par_1_55' title="bbox 2199 2612 3778 2688">
     <span class='ocr_line' id='line_1_55' title="bbox 2199 2612 3778 2688; baseline -0.001 -18"><span class='ocrx_word' id='word_1_376' title='bbox 2199 2633 2379 2688; x_wconf 86' lang='grc' dir='ltr'>μενος,</span> <span class='ocrx_word' id='word_1_377' title='bbox 2422 2613 2644 2668; x_wconf 70' lang='grc' dir='ltr'>ἐδίωκεν</span> <span class='ocrx_word' id='word_1_378' title='bbox 2689 2612 2914 2666; x_wconf 71' lang='grc' dir='ltr'>ὄπισθεν</span> <span class='ocrx_word' id='word_1_379' title='bbox 2965 2612 3248 2684; x_wconf 79' lang='grc' dir='ltr'>Ἀϐεννήρ.</span> <span class='ocrx_word' id='word_1_380' title='bbox 3293 2613 3352 2667; x_wconf 85' lang='grc' dir='ltr'><strong>Ὅ</strong></span> <span class='ocrx_word' id='word_1_381' title='bbox 3394 2613 3453 2667; x_wconf 88' lang='grc' dir='ltr'><strong>δέ</strong></span> <span class='ocrx_word' id='word_1_382' title='bbox 3505 2613 3778 2685; x_wconf 76' lang='grc' dir='ltr'>ἀναστρέσ</span> 
     </span>
    </p>
   </div>
   <div class='ocr_carea' id='block_1_56' title="bbox 2196 2705 3777 2779">
    <p class='ocr_par' dir='ltr' id='par_1_56' title="bbox 2196 2705 3777 2779">
     <span class='ocr_line' id='line_1_56' title="bbox 2196 2705 3777 2779; baseline -0.002 -17"><span class='ocrx_word' id='word_1_383' title='bbox 2196 2727 2320 2779; x_wconf 83' lang='grc' dir='ltr'>φειν</span> <span class='ocrx_word' id='word_1_384' title='bbox 2352 2707 2604 2779; x_wconf 74' lang='grc' dir='ltr'>παρῄνειο</span> <span class='ocrx_word' id='word_1_385' title='bbox 2635 2707 2756 2760; x_wconf 77' lang='grc' dir='ltr'>ἐπεὶ</span> <span class='ocrx_word' id='word_1_386' title='bbox 2775 2705 2833 2759; x_wconf 85' lang='grc' dir='ltr'><strong>δέ</strong></span> <span class='ocrx_word' id='word_1_387' title='bbox 2870 2705 2946 2777; x_wconf 80' lang='grc' dir='ltr'>μὴ</span> <span class='ocrx_word' id='word_1_388' title='bbox 2965 2705 3184 2768; x_wconf 70' lang='grc' dir='ltr'>ἔπειθε.</span> <span class='ocrx_word' id='word_1_389' title='bbox 3215 2705 3425 2776; x_wconf 79' lang='grc' dir='ltr'><strong>πλήξας</strong></span> <span class='ocrx_word' id='word_1_390' title='bbox 3453 2707 3618 2760; x_wconf 74' lang='grc' dir='ltr'>αὐτὸν</span> <span class='ocrx_word' id='word_1_391' title='bbox 3685 2708 3777 2773; x_wconf 78' lang='grc' dir='ltr'><strong>ἐξ·</strong></span> 
     </span>
    </p>
   </div>
   <div class='ocr_carea' id='block_1_57' title="bbox 2194 2795 3777 2870">
    <p class='ocr_par' dir='ltr' id='par_1_57' title="bbox 2194 2795 3777 2870">
     <span class='ocr_line' id='line_1_57' title="bbox 2194 2795 3777 2870; baseline -0.003 -15"><span class='ocrx_word' id='word_1_392' title='bbox 2194 2801 2420 2856; x_wconf 82' lang='grc' dir='ltr'>όπισοεν</span> <span class='ocrx_word' id='word_1_393' title='bbox 2441 2799 2709 2870; x_wconf 78' lang='grc' dir='ltr'>καιρὲως,</span> <span class='ocrx_word' id='word_1_394' title='bbox 2764 2797 3079 2851; x_wconf 81' lang='grc' dir='ltr'>ἀπέκτεινε.</span> <span class='ocrx_word' id='word_1_395' title='bbox 3130 2795 3238 2851; x_wconf 82' lang='grc' dir='ltr'>Τοῦ</span> <span class='ocrx_word' id='word_1_396' title='bbox 3264 2796 3560 2859; x_wconf 82' lang='grc' dir='ltr'>τεθνεῶτος</span> <span class='ocrx_word' id='word_1_397' title='bbox 3604 2796 3684 2863; x_wconf 75' lang='grc' dir='ltr'>δ’,</span> <span class='ocrx_word' id='word_1_398' title='bbox 3727 2797 3777 2850; x_wconf 70' lang='grc' dir='ltr'>οἱ</span> 
     </span>
    </p>
   </div>
   <div class='ocr_carea' id='block_1_58' title="bbox 2197 2887 3776 2962">
    <p class='ocr_par' dir='ltr' id='par_1_58' title="bbox 2197 2887 3776 2962">
     <span class='ocr_line' id='line_1_58' title="bbox 2197 2887 3776 2962; baseline -0.004 -16"><span class='ocrx_word' id='word_1_399' title='bbox 2197 2891 2451 2962; x_wconf 80' lang='grc' dir='ltr'>σύγγονοι</span> <span class='ocrx_word' id='word_1_400' title='bbox 2492 2890 2580 2944; x_wconf 84' lang='grc' dir='ltr'>διὰ</span> <span class='ocrx_word' id='word_1_401' title='bbox 2605 2889 2706 2958; x_wconf 82' lang='grc' dir='ltr'>τὴν</span> <span class='ocrx_word' id='word_1_402' title='bbox 2741 2887 2839 2942; x_wconf 81' lang='grc' dir='ltr'>τοῦ</span> <span class='ocrx_word' id='word_1_403' title='bbox 2889 2887 3125 2956; x_wconf 78' lang='grc' dir='ltr'>ἀδελφοῦ</span> <span class='ocrx_word' id='word_1_404' title='bbox 3167 2888 3384 2959; x_wconf 69' lang='grc' dir='ltr'>σφαγὴν</span> <span class='ocrx_word' id='word_1_405' title='bbox 3404 2888 3776 2960; x_wconf 76' lang='grc' dir='ltr'>ὀργιζόμενοι,</span> 
     </span>
    </p>
   </div>
   <div class='ocr_carea' id='block_1_59' title="bbox 2198 2979 3780 3056">
    <p class='ocr_par' dir='ltr' id='par_1_59' title="bbox 2198 2979 3780 3056">
     <span class='ocr_line' id='line_1_59' title="bbox 2198 2979 3780 3056; baseline -0.001 -19"><span class='ocrx_word' id='word_1_406' title='bbox 2198 2983 2452 3056; x_wconf 80' lang='grc' dir='ltr'>μετέθεον</span> <span class='ocrx_word' id='word_1_407' title='bbox 2473 2982 2566 3036; x_wconf 69' lang='grc' dir='ltr'><strong>τδν</strong></span> <span class='ocrx_word' id='word_1_408' title='bbox 2607 2981 2890 3051; x_wconf 75' lang='grc' dir='ltr'>Ἀϐεννήρ·</span> <span class='ocrx_word' id='word_1_409' title='bbox 2923 2981 3131 3044; x_wconf 85' lang='grc' dir='ltr'>ἐκεῖνος</span> <span class='ocrx_word' id='word_1_410' title='bbox 3157 2979 3214 3034; x_wconf 92' lang='grc' dir='ltr'><strong>δέ</strong></span> <span class='ocrx_word' id='word_1_411' title='bbox 3238 2981 3370 3044; x_wconf 88' lang='grc' dir='ltr'>στάς</span> <span class='ocrx_word' id='word_1_412' title='bbox 3402 2983 3495 3034; x_wconf 81' lang='grc' dir='ltr'>ἐπὶ</span> <span class='ocrx_word' id='word_1_413' title='bbox 3529 2982 3780 3051; x_wconf 76' lang='grc' dir='ltr'>κορυφῆς</span> 
     </span>
    </p>
   </div>
   <div class='ocr_carea' id='block_1_60' title="bbox 2197 3073 3776 3146">
    <p class='ocr_par' dir='ltr' id='par_1_60' title="bbox 2197 3073 3776 3146">
     <span class='ocr_line' id='line_1_60' title="bbox 2197 3073 3776 3146; baseline -0.002 -14"><span class='ocrx_word' id='word_1_414' title='bbox 2197 3078 2314 3141; x_wconf 75' lang='grc' dir='ltr'>ἐνὸς</span> <span class='ocrx_word' id='word_1_415' title='bbox 2348 3077 2457 3131; x_wconf 84' lang='grc' dir='ltr'><strong>τῶν</strong></span> <span class='ocrx_word' id='word_1_416' title='bbox 2508 3074 2735 3146; x_wconf 86' lang='grc' dir='ltr'>βουνῶν,</span> <span class='ocrx_word' id='word_1_417' title='bbox 2786 3074 2983 3144; x_wconf 70' lang='grc' dir='ltr'>ἐϐόησε</span> <span class='ocrx_word' id='word_1_418' title='bbox 3027 3073 3164 3142; x_wconf 74' lang='grc' dir='ltr'>πρὸς</span> <span class='ocrx_word' id='word_1_419' title='bbox 3200 3073 3380 3138; x_wconf 73' lang='grc' dir='ltr'>Ίωάϐ,</span> <span class='ocrx_word' id='word_1_420' title='bbox 3411 3074 3610 3142; x_wconf 78' lang='grc' dir='ltr'>λέγων,</span> <span class='ocrx_word' id='word_1_421' title='bbox 3672 3073 3776 3141; x_wconf 74' lang='grc' dir='ltr'><strong>Μὴ</strong></span> 
     </span>
    </p>
   </div>
   <div class='ocr_carea' id='block_1_61' title="bbox 2196 3166 3781 3240">
    <p class='ocr_par' dir='ltr' id='par_1_61' title="bbox 2196 3166 3781 3240">
     <span class='ocr_line' id='line_1_61' title="bbox 2196 3166 3781 3240; baseline -0.002 -15"><span class='ocrx_word' id='word_1_422' title='bbox 2196 3169 2502 3240; x_wconf 78' lang='grc' dir='ltr'>παρόξυνε</span> <span class='ocrx_word' id='word_1_423' title='bbox 2548 3166 2700 3238; x_wconf 77' lang='grc' dir='ltr'>πρὸς</span> <span class='ocrx_word' id='word_1_424' title='bbox 2741 3167 2952 3237; x_wconf 82' lang='grc' dir='ltr'>μάχην</span> <span class='ocrx_word' id='word_1_425' title='bbox 3010 3166 3238 3236; x_wconf 65' lang='grc' dir='ltr'>ἄνδρας</span> <span class='ocrx_word' id='word_1_426' title='bbox 3289 3169 3624 3236; x_wconf 71' lang='grc' dir='ltr'><strong>ὁμοεθνεῖς·</strong></span> <span class='ocrx_word' id='word_1_427' title='bbox 3680 3169 3781 3222; x_wconf 68' lang='grc' dir='ltr'><strong>καὶ</strong></span> 
     </span>
    </p>
   </div>
   <div class='ocr_carea' id='block_1_62' title="bbox 518 3259 2095 3338">
    <p class='ocr_par' dir='ltr' id='par_1_62' title="bbox 518 3267 2091 3338">
     <span class='ocr_line' id='line_1_62' title="bbox 518 3267 2091 3338; baseline 0.004 -17"><span class='ocrx_word' id='word_1_428' title='bbox 518 3267 796 3328; x_wconf 68' lang='lat' dir='ltr'><strong>tudinem.</strong></span> <span class='ocrx_word' id='word_1_429' title='bbox 846 3282 1066 3322; x_wconf 74' lang='lat' dir='ltr'><strong>causam</strong></span> <span class='ocrx_word' id='word_1_430' title='bbox 1117 3268 1194 3323; x_wconf 92' lang='lat' dir='ltr'><strong>illi</strong></span> <span class='ocrx_word' id='word_1_431' title='bbox 1244 3269 1478 3338; x_wconf 70' lang='lat' dir='ltr'><strong>praebuit</strong></span> <span class='ocrx_word' id='word_1_432' title='bbox 1526 3270 1593 3323; x_wconf 88' lang='lat' dir='ltr'><strong>ad</strong></span> <span class='ocrx_word' id='word_1_433' title='bbox 1647 3270 1906 3325; x_wconf 83' lang='lat' dir='ltr'><strong>Davidem</strong></span> <span class='ocrx_word' id='word_1_434' title='bbox 1955 3271 2091 3327; x_wconf 77' lang='lat' dir='ltr'><strong>defi-</strong></span> 
     </span>
    </p>
   </div>
   <div class='ocr_carea' id='block_1_63' title="bbox 2199 3259 3784 3338">
    <p class='ocr_par' dir='ltr' id='par_1_63' title="bbox 2208 3259 3784 3334">
     <span class='ocr_line' id='line_1_63' title="bbox 2208 3259 3784 3334; baseline -0.003 -13"><span class='ocrx_word' id='word_1_435' title='bbox 2208 3263 2440 3332; x_wconf 74' lang='grc' dir='ltr'>Ἀσαὴλ</span> <span class='ocrx_word' id='word_1_436' title='bbox 2462 3261 2573 3332; x_wconf 79' lang='grc' dir='ltr'>γὰρ</span> <span class='ocrx_word' id='word_1_437' title='bbox 2608 3259 2939 3331; x_wconf 75' lang='grc' dir='ltr'>ἡμάρτηκε,</span> <span class='ocrx_word' id='word_1_438' title='bbox 2966 3261 3053 3330; x_wconf 82' lang='grc' dir='ltr'>μὴ</span> <span class='ocrx_word' id='word_1_439' title='bbox 3086 3263 3356 3328; x_wconf 80' lang='grc' dir='ltr'>πεισθείς</span> <span class='ocrx_word' id='word_1_440' title='bbox 3387 3280 3481 3330; x_wconf 82' lang='grc' dir='ltr'><strong>μοι</strong></span> <span class='ocrx_word' id='word_1_441' title='bbox 3515 3266 3784 3334; x_wconf 74' lang='grc' dir='ltr'><strong>σύμὸὀυ⁴</strong></span> 
     </span>
    </p>
   </div>
   <div class='ocr_carea' id='block_1_64' title="bbox 515 3360 2097 3435">
    <p class='ocr_par' dir='ltr' id='par_1_64' title="bbox 515 3360 2097 3435">
     <span class='ocr_line' id='line_1_64' title="bbox 515 3360 2097 3435; baseline 0.004 -18"><span class='ocrx_word' id='word_1_442' title='bbox 515 3360 916 3417; x_wconf 67' lang='lat' dir='ltr'><strong>eiendi.David</strong></span> <span class='ocrx_word' id='word_1_443' title='bbox 950 3360 1130 3416; x_wconf 88' lang='lat' dir='ltr'><strong>missis</strong></span> <span class='ocrx_word' id='word_1_444' title='bbox 1179 3361 1246 3416; x_wconf 89' lang='lat' dir='ltr'><strong>ad</strong></span> <span class='ocrx_word' id='word_1_445' title='bbox 1275 3361 1593 3418; x_wconf 81' lang='lat' dir='ltr'><strong>Jebostbem</strong></span> <span class='ocrx_word' id='word_1_446' title='bbox 1621 3363 1815 3435; x_wconf 83' lang='lat' dir='ltr'><strong>legatis</strong></span> <span class='ocrx_word' id='word_1_447' title='bbox 1872 3379 2097 3423; x_wconf 83' lang='lat' dir='ltr'><strong>uxorem</strong></span> 
     </span>
    </p>
   </div>
   <div class='ocr_carea' id='block_1_65' title="bbox 514 3451 2097 3525">
    <p class='ocr_par' dir='ltr' id='par_1_65' title="bbox 514 3451 2097 3525">
     <span class='ocr_line' id='line_1_65' title="bbox 514 3451 2097 3525; baseline 0.003 -17"><span class='ocrx_word' id='word_1_448' title='bbox 514 3468 668 3508; x_wconf 75' lang='lat' dir='ltr'><strong>suam</strong></span> <span class='ocrx_word' id='word_1_449' title='bbox 709 3451 1030 3516; x_wconf 78' lang='lat' dir='ltr'><strong>Melcbolem</strong></span> <span class='ocrx_word' id='word_1_450' title='bbox 1078 3455 1413 3525; x_wconf 88' lang='lat' dir='ltr'><strong>repetitum,</strong></span> <span class='ocrx_word' id='word_1_451' title='bbox 1455 3453 1704 3520; x_wconf 87' lang='lat' dir='ltr'><strong>obtinet,</strong></span> <span class='ocrx_word' id='word_1_452' title='bbox 1753 3465 1814 3510; x_wconf 88' lang='lat' dir='ltr'><strong>ut</strong></span> <span class='ocrx_word' id='word_1_453' title='bbox 1869 3471 1935 3512; x_wconf 88' lang='lat' dir='ltr'><strong>ea</strong></span> <span class='ocrx_word' id='word_1_454' title='bbox 1991 3457 2097 3513; x_wconf 90' lang='lat' dir='ltr'><strong>sibi</strong></span> 
     </span>
    </p>
   </div>
   <div class='ocr_carea' id='block_1_66' title="bbox 514 3541 2098 3615">
    <p class='ocr_par' dir='ltr' id='par_1_66' title="bbox 514 3541 2098 3615">
     <span class='ocr_line' id='line_1_66' title="bbox 514 3541 2098 3615; baseline 0 -15"><span class='ocrx_word' id='word_1_455' title='bbox 514 3559 552 3600; x_wconf 67' lang='grc' dir='ltr'>α</span> <span class='ocrx_word' id='word_1_456' title='bbox 610 3545 838 3611; x_wconf 88' lang='lat' dir='ltr'><strong>marito,</strong></span> <span class='ocrx_word' id='word_1_457' title='bbox 871 3545 960 3599; x_wconf 90' lang='lat' dir='ltr'><strong>cui</strong></span> <span class='ocrx_word' id='word_1_458' title='bbox 1010 3543 1128 3599; x_wconf 81' lang='lat' dir='ltr'><strong>viro</strong></span> <span class='ocrx_word' id='word_1_459' title='bbox 1186 3544 1471 3600; x_wconf 79' lang='lat' dir='ltr'><strong>exsulante</strong></span> <span class='ocrx_word' id='word_1_460' title='bbox 1525 3559 1556 3600; x_wconf 87' lang='lat' dir='ltr'><strong>a</strong></span> <span class='ocrx_word' id='word_1_461' title='bbox 1609 3541 1776 3599; x_wconf 86' lang='lat' dir='ltr'><strong>Saule</strong></span> <span class='ocrx_word' id='word_1_462' title='bbox 1826 3542 2098 3615; x_wconf 85' lang='lat' dir='ltr'><strong>desponsa</strong></span> 
     </span>
    </p>
   </div>
   <div class='ocr_carea' id='block_1_67' title="bbox 514 3637 2101 3704">
    <p class='ocr_par' dir='ltr' id='par_1_67' title="bbox 514 3637 2101 3704">
     <span class='ocr_line' id='line_1_67' title="bbox 514 3637 2101 3704; baseline -0.003 -7"><span class='ocrx_word' id='word_1_463' title='bbox 514 3639 727 3702; x_wconf 85' lang='lat' dir='ltr'><strong>fuerat,</strong></span> <span class='ocrx_word' id='word_1_464' title='bbox 792 3639 1014 3704; x_wconf 79' lang='lat' dir='ltr'><strong>avulsa,</strong></span> <span class='ocrx_word' id='word_1_465' title='bbox 1063 3637 1464 3692; x_wconf 85' lang='lat' dir='ltr'><strong>remitteretur.</strong></span> <span class='ocrx_word' id='word_1_466' title='bbox 1531 3637 1756 3695; x_wconf 89' lang='lat' dir='ltr'><strong>Interim</strong></span> <span class='ocrx_word' id='word_1_467' title='bbox 1808 3637 2101 3695; x_wconf 82' lang='lat' dir='ltr'><strong>Abenerus</strong></span> 
     </span>
    </p>
   </div>
   <div class='ocr_carea' id='block_1_68' title="bbox 515 3729 2100 3802">
    <p class='ocr_par' dir='ltr' id='par_1_68' title="bbox 515 3729 2100 3802">
     <span class='ocr_line' id='line_1_68' title="bbox 515 3729 2100 3802; baseline 0.001 -19"><span class='ocrx_word' id='word_1_468' title='bbox 515 3745 640 3783; x_wconf 90' lang='lat' dir='ltr'><strong>cum</strong></span> <span class='ocrx_word' id='word_1_469' title='bbox 697 3729 1016 3785; x_wconf 77' lang='lat' dir='ltr'><strong>senioribus</strong></span> <span class='ocrx_word' id='word_1_470' title='bbox 1070 3729 1255 3800; x_wconf 84' lang='lat' dir='ltr'><strong>populi</strong></span> <span class='ocrx_word' id='word_1_471' title='bbox 1297 3737 1354 3784; x_wconf 83' lang='lat' dir='ltr'><strong>et</strong></span> <span class='ocrx_word' id='word_1_472' title='bbox 1382 3729 1804 3784; x_wconf 88' lang='lat' dir='ltr'><strong>centurionibus</strong></span> <span class='ocrx_word' id='word_1_473' title='bbox 1859 3731 2100 3802; x_wconf 80' lang='lat' dir='ltr'><strong>agit,ut</strong></span> 
     </span>
    </p>
   </div>
   <div class='ocr_carea' id='block_1_69' title="bbox 519 3821 2094 3895">
    <p class='ocr_par' dir='ltr' id='par_1_69' title="bbox 519 3821 2094 3895">
     <span class='ocr_line' id='line_1_69' title="bbox 519 3821 2094 3895; baseline 0.003 -21"><span class='ocrx_word' id='word_1_474' title='bbox 519 3822 586 3874; x_wconf 81' lang='lat' dir='ltr'><strong>ad</strong></span> <span class='ocrx_word' id='word_1_475' title='bbox 646 3821 908 3876; x_wconf 87' lang='lat' dir='ltr'><strong>Davidem</strong></span> <span class='ocrx_word' id='word_1_476' title='bbox 967 3837 1029 3876; x_wconf 90' lang='lat' dir='ltr'><strong>se</strong></span> <span class='ocrx_word' id='word_1_477' title='bbox 1099 3821 1442 3877; x_wconf 87' lang='lat' dir='ltr'><strong>conferrent.</strong></span> <span class='ocrx_word' id='word_1_478' title='bbox 1509 3823 1631 3888; x_wconf 86' lang='lat' dir='ltr'><strong>Quo</strong></span> <span class='ocrx_word' id='word_1_479' title='bbox 1688 3822 1836 3878; x_wconf 86' lang='lat' dir='ltr'><strong>baud</strong></span> <span class='ocrx_word' id='word_1_480' title='bbox 1895 3839 2094 3895; x_wconf 75' lang='lat' dir='ltr'><strong>grava-</strong></span> 
     </span>
    </p>
   </div>
   <div class='ocr_carea' id='block_1_70' title="bbox 518 3912 2096 3983">
    <p class='ocr_par' dir='ltr' id='par_1_70' title="bbox 518 3912 2096 3983">
     <span class='ocr_line' id='line_1_70' title="bbox 518 3912 2096 3983; baseline 0.004 -17"><span class='ocrx_word' id='word_1_481' title='bbox 518 3913 615 3967; x_wconf 90' lang='lat' dir='ltr'><strong>tim</strong></span> <span class='ocrx_word' id='word_1_482' title='bbox 681 3912 750 3967; x_wconf 82' lang='lat' dir='ltr'><strong>al)</strong></span> <span class='ocrx_word' id='word_1_483' title='bbox 815 3912 1081 3968; x_wconf 91' lang='lat' dir='ltr'><strong>omnibus</strong></span> <span class='ocrx_word' id='word_1_484' title='bbox 1131 3913 1441 3983; x_wconf 85' lang='lat' dir='ltr'><strong>impera-to,</strong></span> <span class='ocrx_word' id='word_1_485' title='bbox 1506 3913 1574 3969; x_wconf 87' lang='lat' dir='ltr'><strong>ad</strong></span> <span class='ocrx_word' id='word_1_486' title='bbox 1644 3915 1912 3970; x_wconf 85' lang='lat' dir='ltr'><strong>Davidem</strong></span> <span class='ocrx_word' id='word_1_487' title='bbox 1990 3916 2096 3972; x_wconf 84' lang='lat' dir='ltr'><strong>fide</strong></span> 
     </span>
    </p>
   </div>
   <div class='ocr_carea' id='block_1_71' title="bbox 517 4006 2097 4080">
    <p class='ocr_par' dir='ltr' id='par_1_71' title="bbox 517 4006 2097 4080">
     <span class='ocr_line' id='line_1_71' title="bbox 517 4006 2097 4080; baseline 0.002 -19"><span class='ocrx_word' id='word_1_488' title='bbox 517 4006 780 4077; x_wconf 84' lang='lat' dir='ltr'><strong>utrinque</strong></span> <span class='ocrx_word' id='word_1_489' title='bbox 840 4006 1210 4078; x_wconf 82' lang='lat' dir='ltr'><strong>jurejurando</strong></span> <span class='ocrx_word' id='word_1_490' title='bbox 1274 4006 1488 4062; x_wconf 82' lang='lat' dir='ltr'><strong>ﬁrmata</strong></span> <span class='ocrx_word' id='word_1_491' title='bbox 1551 4009 1876 4077; x_wconf 84' lang='lat' dir='ltr'><strong>profectus,</strong></span> <span class='ocrx_word' id='word_1_492' title='bbox 1941 4010 2097 4080; x_wconf 86' lang='lat' dir='ltr'><strong>cupi-</strong></span> 
     </span>
    </p>
   </div>
   <div class='ocr_carea' id='block_1_72' title="bbox 515 4099 2093 4172">
    <p class='ocr_par' dir='ltr' id='par_1_72' title="bbox 515 4099 2093 4172">
     <span class='ocr_line' id='line_1_72' title="bbox 515 4099 2093 4172; baseline 0.004 -21"><span class='ocrx_word' id='word_1_493' title='bbox 515 4099 694 4168; x_wconf 64' lang='lat' dir='ltr'><strong>deque</strong></span> <span class='ocrx_word' id='word_1_494' title='bbox 728 4109 1025 4168; x_wconf 77' lang='lat' dir='ltr'><strong>exceptus,</strong></span> <span class='ocrx_word' id='word_1_495' title='bbox 1071 4103 1138 4152; x_wconf 91' lang='lat' dir='ltr'><strong>ad</strong></span> <span class='ocrx_word' id='word_1_496' title='bbox 1179 4099 1593 4156; x_wconf 86' lang='lat' dir='ltr'><strong>convocandum</strong></span> <span class='ocrx_word' id='word_1_497' title='bbox 1633 4101 1898 4172; x_wconf 88' lang='lat' dir='ltr'><strong>populum</strong></span> <span class='ocrx_word' id='word_1_498' title='bbox 1941 4103 2093 4169; x_wconf 86' lang='lat' dir='ltr'><strong>abit,</strong></span> 
     </span>
    </p>
   </div>
   <div class='ocr_carea' id='block_1_73' title="bbox 517 4191 2098 4254">
    <p class='ocr_par' dir='ltr' id='par_1_73' title="bbox 517 4191 2098 4254">
     <span class='ocr_line' id='line_1_73' title="bbox 517 4191 2098 4254; baseline 0.004 -6"><span class='ocrx_word' id='word_1_499' title='bbox 517 4201 581 4248; x_wconf 80' lang='grc' dir='ltr'><strong>ιιι</strong></span> <span class='ocrx_word' id='word_1_500' title='bbox 620 4191 788 4246; x_wconf 86' lang='lat' dir='ltr'><strong>David</strong></span> <span class='ocrx_word' id='word_1_501' title='bbox 824 4191 894 4245; x_wconf 87' lang='lat' dir='ltr'><strong>ab</strong></span> <span class='ocrx_word' id='word_1_502' title='bbox 935 4193 1198 4248; x_wconf 90' lang='lat' dir='ltr'><strong>omnibus</strong></span> <span class='ocrx_word' id='word_1_503' title='bbox 1241 4209 1338 4248; x_wconf 70' lang='lat' dir='ltr'><strong>rex</strong></span> <span class='ocrx_word' id='word_1_504' title='bbox 1379 4195 1846 4251; x_wconf 87' lang='lat' dir='ltr'><strong>consalutaretur.</strong></span> <span class='ocrx_word' id='word_1_505' title='bbox 1888 4197 2098 4254; x_wconf 83' lang='lat' dir='ltr'><strong>Joabus</strong></span> 
     </span>
    </p>
   </div>
   <div class='ocr_carea' id='block_1_74' title="bbox 517 4283 2096 4356">
    <p class='ocr_par' dir='ltr' id='par_1_74' title="bbox 517 4283 2096 4356">
     <span class='ocr_line' id='line_1_74' title="bbox 517 4283 2096 4356; baseline 0.004 -16"><span class='ocrx_word' id='word_1_506' title='bbox 517 4294 700 4340; x_wconf 88' lang='lat' dir='ltr'><strong>autem</strong></span> <span class='ocrx_word' id='word_1_507' title='bbox 744 4283 1090 4340; x_wconf 85' lang='lat' dir='ltr'><strong>Chebronem</strong></span> <span class='ocrx_word' id='word_1_508' title='bbox 1139 4285 1440 4356; x_wconf 68' lang='lat' dir='ltr'><strong>profectus,</strong></span> <span class='ocrx_word' id='word_1_509' title='bbox 1493 4287 1728 4343; x_wconf 80' lang='lat' dir='ltr'><strong>Abeneri</strong></span> <span class='ocrx_word' id='word_1_510' title='bbox 1783 4289 2096 4347; x_wconf 73' lang='lat' dir='ltr'><strong>defectione</strong></span> 
     </span>
    </p>
   </div>
   <div class='ocr_carea' id='block_1_75' title="bbox 516 4378 2098 4450">
    <p class='ocr_par' dir='ltr' id='par_1_75' title="bbox 516 4378 2098 4450">
     <span class='ocr_line' id='line_1_75' title="bbox 516 4378 2098 4450; baseline 0.005 -18"><span class='ocrx_word' id='word_1_511' title='bbox 516 4378 757 4447; x_wconf 75' lang='lat' dir='ltr'><strong>cognita,</strong></span> <span class='ocrx_word' id='word_1_512' title='bbox 793 4393 918 4433; x_wconf 89' lang='lat' dir='ltr'><strong>cum</strong></span> <span class='ocrx_word' id='word_1_513' title='bbox 965 4379 1143 4433; x_wconf 85' lang='lat' dir='ltr'><strong>virum</strong></span> <span class='ocrx_word' id='word_1_514' title='bbox 1189 4379 1331 4450; x_wconf 86' lang='lat' dir='ltr'><strong>apud</strong></span> <span class='ocrx_word' id='word_1_515' title='bbox 1367 4381 1628 4436; x_wconf 86' lang='lat' dir='ltr'><strong>Davidem</strong></span> <span class='ocrx_word' id='word_1_516' title='bbox 1679 4383 1867 4439; x_wconf 90' lang='lat' dir='ltr'><strong>multis</strong></span> <span class='ocrx_word' id='word_1_517' title='bbox 1911 4385 2098 4440; x_wconf 87' lang='lat' dir='ltr'><strong>crimi-</strong></span> 
     </span>
    </p>
   </div>
   <div class='ocr_carea' id='block_1_76' title="bbox 517 4469 2094 4539">
    <p class='ocr_par' dir='ltr' id='par_1_76' title="bbox 517 4469 2094 4539">
     <span class='ocr_line' id='line_1_76' title="bbox 517 4469 2094 4539; baseline 0.004 -16"><span class='ocrx_word' id='word_1_518' title='bbox 517 4469 683 4524; x_wconf 82' lang='lat' dir='ltr'><strong>nibus</strong></span> <span class='ocrx_word' id='word_1_519' title='bbox 735 4469 972 4538; x_wconf 83' lang='lat' dir='ltr'><strong>objectis</strong></span> <span class='ocrx_word' id='word_1_520' title='bbox 1027 4469 1230 4525; x_wconf 81' lang='lat' dir='ltr'><strong>frustra</strong></span> <span class='ocrx_word' id='word_1_521' title='bbox 1289 4472 1658 4527; x_wconf 89' lang='lat' dir='ltr'><strong>calumniatus</strong></span> <span class='ocrx_word' id='word_1_522' title='bbox 1706 4484 1894 4539; x_wconf 86' lang='lat' dir='ltr'><strong>esset,</strong></span> <span class='ocrx_word' id='word_1_523' title='bbox 1955 4476 2094 4529; x_wconf 89' lang='lat' dir='ltr'><strong>clam</strong></span> 
     </span>
    </p>
   </div>
   <div class='ocr_carea' id='block_1_77' title="bbox 2201 3355 3780 3425">
    <p class='ocr_par' dir='ltr' id='par_1_77' title="bbox 2201 3355 3780 3425">
     <span class='ocr_line' id='line_1_77' title="bbox 2201 3355 3780 3425; baseline -0.003 -10"><span class='ocrx_word' id='word_1_524' title='bbox 2201 3363 2442 3416; x_wconf 69' lang='grc' dir='ltr'>λεύοντι</span> <span class='ocrx_word' id='word_1_525' title='bbox 2461 3355 2886 3425; x_wconf 67' lang='grc' dir='ltr'><strong>ἀναστρέφειν,</strong></span> <span class='ocrx_word' id='word_1_526' title='bbox 2915 3355 3244 3412; x_wconf 78' lang='grc' dir='ltr'>κάντεῦθεν</span> <span class='ocrx_word' id='word_1_527' title='bbox 3277 3356 3558 3425; x_wconf 77' lang='grc' dir='ltr'>τέτρωται</span> <span class='ocrx_word' id='word_1_528' title='bbox 3582 3375 3648 3413; x_wconf 80' lang='grc' dir='ltr'><strong>τε</strong></span> <span class='ocrx_word' id='word_1_529' title='bbox 3680 3359 3780 3416; x_wconf 80' lang='grc' dir='ltr'><strong>και</strong></span> 
     </span>
    </p>
   </div>
   <div class='ocr_carea' id='block_1_78' title="bbox 2200 3446 3782 3520">
    <p class='ocr_par' dir='ltr' id='par_1_78' title="bbox 2200 3446 3782 3520">
     <span class='ocr_line' id='line_1_78' title="bbox 2200 3446 3782 3520; baseline -0.001 -14"><span class='ocrx_word' id='word_1_530' title='bbox 2200 3450 2472 3518; x_wconf 79' lang='grc' dir='ltr'>τέθνηκε.</span> <span class='ocrx_word' id='word_1_531' title='bbox 2511 3447 2869 3520; x_wconf 84' lang='grc' dir='ltr'>Παράκλησιν</span> <span class='ocrx_word' id='word_1_532' title='bbox 2917 3446 3011 3502; x_wconf 80' lang='grc' dir='ltr'>οὖν</span> <span class='ocrx_word' id='word_1_533' title='bbox 3055 3450 3184 3513; x_wconf 79' lang='grc' dir='ltr'>τοὺς</span> <span class='ocrx_word' id='word_1_534' title='bbox 3233 3449 3427 3518; x_wconf 85' lang='grc' dir='ltr'>λόγους</span> <span class='ocrx_word' id='word_1_535' title='bbox 3477 3450 3708 3517; x_wconf 79' lang='grc' dir='ltr'>τούτους</span> <span class='ocrx_word' id='word_1_536' title='bbox 3753 3452 3782 3504; x_wconf 85' lang='grc' dir='ltr'><strong>ό</strong></span> 
     </span>
    </p>
   </div>
   <div class='ocr_carea' id='block_1_79' title="bbox 2214 3539 3781 3614">
    <p class='ocr_par' dir='ltr' id='par_1_79' title="bbox 2214 3539 3781 3614">
     <span class='ocr_line' id='line_1_79' title="bbox 2214 3539 3781 3614; baseline -0.001 -17"><span class='ocrx_word' id='word_1_537' title='bbox 2214 3543 2372 3598; x_wconf 82' lang='grc' dir='ltr'><strong>Ἰωάϐ</strong></span> <span class='ocrx_word' id='word_1_538' title='bbox 2403 3542 2778 3614; x_wconf 79' lang='grc' dir='ltr'>ἡγησάμενος,</span> <span class='ocrx_word' id='word_1_539' title='bbox 2809 3539 3178 3612; x_wconf 80' lang='grc' dir='ltr'>ἀνακλητικὸν</span> <span class='ocrx_word' id='word_1_540' title='bbox 3208 3542 3415 3613; x_wconf 81' lang='grc' dir='ltr'><strong>ἠχῆσαι</strong></span> <span class='ocrx_word' id='word_1_541' title='bbox 3445 3542 3659 3598; x_wconf 77' lang='grc' dir='ltr'>κελεύει</span> <span class='ocrx_word' id='word_1_542' title='bbox 3682 3545 3781 3613; x_wconf 82' lang='grc' dir='ltr'>τὴν</span> 
     </span>
    </p>
   </div>
   <div class='ocr_carea' id='block_1_80' title="bbox 2203 3632 3782 3708">
    <p class='ocr_par' dir='ltr' id='par_1_80' title="bbox 2203 3632 3782 3708">
     <span class='ocr_line' id='line_1_80' title="bbox 2203 3632 3782 3708; baseline -0.002 -16"><span class='ocrx_word' id='word_1_543' title='bbox 2203 3638 2507 3707; x_wconf 82' lang='grc' dir='ltr'>σάλπιγγα,</span> <span class='ocrx_word' id='word_1_544' title='bbox 2557 3637 2652 3690; x_wconf 78' lang='grc' dir='ltr'><strong>καὶ</strong></span> <span class='ocrx_word' id='word_1_545' title='bbox 2696 3633 2794 3706; x_wconf 79' lang='grc' dir='ltr'>τὴν</span> <span class='ocrx_word' id='word_1_546' title='bbox 2840 3632 3023 3700; x_wconf 78' lang='grc' dir='ltr'>δίωξιν</span> <span class='ocrx_word' id='word_1_547' title='bbox 3067 3634 3317 3705; x_wconf 76' lang='grc' dir='ltr'>ἔστησεν.</span> <span class='ocrx_word' id='word_1_548' title='bbox 3371 3637 3570 3708; x_wconf 79' lang='grc' dir='ltr'><strong>’Δρχὴν</strong></span> <span class='ocrx_word' id='word_1_549' title='bbox 3617 3637 3679 3692; x_wconf 85' lang='grc' dir='ltr'><strong>ὃέ</strong></span> <span class='ocrx_word' id='word_1_550' title='bbox 3723 3633 3782 3702; x_wconf 77' lang='grc' dir='ltr'>ἐξ</span> 
     </span>
    </p>
   </div>
   <div class='ocr_carea' id='block_1_81' title="bbox 2200 3727 3778 3801">
    <p class='ocr_par' dir='ltr' id='par_1_81' title="bbox 2200 3727 3778 3801">
     <span class='ocr_line' id='line_1_81' title="bbox 2200 3727 3778 3801; baseline -0.002 -16"><span class='ocrx_word' id='word_1_551' title='bbox 2200 3731 2412 3786; x_wconf 82' lang='grc' dir='ltr'>ἐκείνου</span> <span class='ocrx_word' id='word_1_552' title='bbox 2447 3727 2580 3800; x_wconf 87' lang='grc' dir='ltr'>παρ’</span> <span class='ocrx_word' id='word_1_553' title='bbox 2622 3727 2894 3801; x_wconf 77' lang='grc' dir='ltr'>Ἑϐραίοις</span> <span class='ocrx_word' id='word_1_554' title='bbox 2928 3727 3121 3781; x_wconf 76' lang='grc' dir='ltr'>ἔλαϐεν</span> <span class='ocrx_word' id='word_1_555' title='bbox 3155 3729 3184 3781; x_wconf 82' lang='grc' dir='ltr'><strong>δ</strong></span> <span class='ocrx_word' id='word_1_556' title='bbox 3211 3728 3474 3800; x_wconf 74' lang='grc' dir='ltr'>ἐμφύλιος</span> <span class='ocrx_word' id='word_1_557' title='bbox 3520 3730 3778 3801; x_wconf 83' lang='grc' dir='ltr'>πόλεμος,</span> 
     </span>
    </p>
   </div>
   <div class='ocr_carea' id='block_1_82' title="bbox 2201 3817 3778 3890">
    <p class='ocr_par' dir='ltr' id='par_1_82' title="bbox 2201 3817 3778 3890">
     <span class='ocr_line' id='line_1_82' title="bbox 2201 3817 3778 3890; baseline -0.004 -13"><span class='ocrx_word' id='word_1_558' title='bbox 2201 3823 2296 3877; x_wconf 75' lang='grc' dir='ltr'>καὶ</span> <span class='ocrx_word' id='word_1_559' title='bbox 2324 3821 2598 3890; x_wconf 81' lang='grc' dir='ltr'>διέμεινεν</span> <span class='ocrx_word' id='word_1_560' title='bbox 2627 3818 2722 3873; x_wconf 70' lang='grc' dir='ltr'>ἐπὶ</span> <span class='ocrx_word' id='word_1_561' title='bbox 2751 3817 3025 3883; x_wconf 80' lang='grc' dir='ltr'>πλεῖστον,</span> <span class='ocrx_word' id='word_1_562' title='bbox 3058 3817 3170 3871; x_wconf 84' lang='grc' dir='ltr'><strong>τῶν</strong></span> <span class='ocrx_word' id='word_1_563' title='bbox 3205 3817 3303 3889; x_wconf 83' lang='grc' dir='ltr'><strong>μέν</strong></span> <span class='ocrx_word' id='word_1_564' title='bbox 3329 3820 3423 3873; x_wconf 82' lang='grc' dir='ltr'>τοῦ</span> <span class='ocrx_word' id='word_1_565' title='bbox 3449 3820 3616 3874; x_wconf 82' lang='grc' dir='ltr'><strong>Δα6“ιδ</strong></span> <span class='ocrx_word' id='word_1_566' title='bbox 3642 3837 3778 3890; x_wconf 78' lang='grc' dir='ltr'>κρα-</span> 
     </span>
    </p>
   </div>
   <div class='ocr_carea' id='block_1_83' title="bbox 2199 3906 3776 3984">
    <p class='ocr_par' dir='ltr' id='par_1_83' title="bbox 2199 3906 3776 3984">
     <span class='ocr_line' id='line_1_83' title="bbox 2199 3906 3776 3984; baseline -0.003 -16"><span class='ocrx_word' id='word_1_567' title='bbox 2199 3913 2559 3984; x_wconf 77' lang='grc' dir='ltr'>ταιουμένων,</span> <span class='ocrx_word' id='word_1_568' title='bbox 2616 3909 2990 3963; x_wconf 79' lang='grc' dir='ltr'>ἀσθενούντων</span> <span class='ocrx_word' id='word_1_569' title='bbox 3039 3906 3097 3962; x_wconf 83' lang='grc' dir='ltr'><strong>δέ</strong></span> <span class='ocrx_word' id='word_1_570' title='bbox 3149 3926 3210 3978; x_wconf 88' lang='grc' dir='ltr'><strong>γε</strong></span> <span class='ocrx_word' id='word_1_571' title='bbox 3258 3908 3368 3962; x_wconf 84' lang='grc' dir='ltr'><strong>τῶν</strong></span> <span class='ocrx_word' id='word_1_572' title='bbox 3433 3908 3527 3962; x_wconf 82' lang='grc' dir='ltr'>τοῦ</span> <span class='ocrx_word' id='word_1_573' title='bbox 3584 3909 3776 3964; x_wconf 90' lang='grc' dir='ltr'>Σαούλ.</span> 
     </span>
    </p>
   </div>
   <div class='ocr_carea' id='block_1_84' title="bbox 2218 4000 3782 4078">
    <p class='ocr_par' dir='ltr' id='par_1_84' title="bbox 2218 4000 3782 4078">
     <span class='ocr_line' id='line_1_84' title="bbox 2218 4000 3782 4078; baseline -0.003 -17"><span class='ocrx_word' id='word_1_574' title='bbox 2218 4005 2552 4078; x_wconf 81' lang='grc' dir='ltr'>Ἐτέχθησαν</span> <span class='ocrx_word' id='word_1_575' title='bbox 2590 4003 2644 4056; x_wconf 72' lang='grc' dir='ltr'>δὲ</span> <span class='ocrx_word' id='word_1_576' title='bbox 2684 4004 2762 4074; x_wconf 82' lang='grc' dir='ltr'><strong>τῷ</strong></span> <span class='ocrx_word' id='word_1_577' title='bbox 2786 4002 2958 4055; x_wconf 57' lang='lat' dir='ltr'><strong>Acad</strong></span> <span class='ocrx_word' id='word_1_578' title='bbox 2982 4006 3038 4056; x_wconf 84' lang='grc' dir='ltr'><strong>ἐν</strong></span> <span class='ocrx_word' id='word_1_579' title='bbox 3074 4000 3302 4074; x_wconf 79' lang='grc' dir='ltr'>Χεϐρὼν</span> <span class='ocrx_word' id='word_1_580' title='bbox 3335 4002 3450 4057; x_wconf 74' lang='grc' dir='ltr'>δντι</span> <span class='ocrx_word' id='word_1_581' title='bbox 3491 4003 3554 4058; x_wconf 84' lang='grc' dir='ltr'><strong>ἐκ</strong></span> <span class='ocrx_word' id='word_1_582' title='bbox 3592 4021 3782 4074; x_wconf 84' lang='grc' dir='ltr'>γυναι-</span> 
     </span>
    </p>
   </div>
   <div class='ocr_carea' id='block_1_85' title="bbox 2198 4081 3764 4167">
    <p class='ocr_par' dir='ltr' id='par_1_85' title="bbox 2198 4081 3764 4167">
     <span class='ocr_line' id='line_1_85' title="bbox 2198 4081 3764 4167; baseline 0.003 -23"><span class='ocrx_word' id='word_1_583' title='bbox 2198 4102 2310 4154; x_wconf 70' lang='grc' dir='ltr'><strong>κτΝ</strong></span> <span class='ocrx_word' id='word_1_584' title='bbox 2338 4081 2612 4167; x_wconf 70' lang='grc' dir='ltr'>διαφόρων</span> <span class='ocrx_word' id='word_1_585' title='bbox 2640 4096 2744 4149; x_wconf 67' lang='grc' dir='ltr'>υἱοὶ</span> <span class='ocrx_word' id='word_1_586' title='bbox 2771 4094 2852 4161; x_wconf 76' lang='grc' dir='ltr'><strong>ἓξ,</strong></span> <span class='ocrx_word' id='word_1_587' title='bbox 2874 4087 2949 4148; x_wconf 77' lang='grc' dir='ltr'><strong>ὧν</strong></span> <span class='ocrx_word' id='word_1_588' title='bbox 2981 4088 3048 4165; x_wconf 77' lang='grc' dir='ltr'>ἦν</span> <span class='ocrx_word' id='word_1_589' title='bbox 3085 4095 3431 4166; x_wconf 85' lang='grc' dir='ltr'>πρωτότοκος</span> <span class='ocrx_word' id='word_1_590' title='bbox 3458 4096 3485 4149; x_wconf 84' lang='grc' dir='ltr'>ὁ</span> <span class='ocrx_word' id='word_1_591' title='bbox 3526 4094 3764 4166; x_wconf 82' lang='grc' dir='ltr'>Ἀμνὼν.</span> 
     </span>
    </p>
   </div>
   <div class='ocr_carea' id='block_1_86' title="bbox 2197 4187 3752 4258">
    <p class='ocr_par' dir='ltr' id='par_1_86' title="bbox 2197 4187 3752 4258">
     <span class='ocr_line' id='line_1_86' title="bbox 2197 4187 3752 4258; baseline -0.014 -10"><span class='ocrx_word' id='word_1_592' title='bbox 2197 4192 2303 4248; x_wconf 82' lang='grc' dir='ltr'><strong>Τοῦ</strong></span> <span class='ocrx_word' id='word_1_593' title='bbox 2350 4191 2407 4246; x_wconf 84' lang='grc' dir='ltr'><strong>δέ</strong></span> <span class='ocrx_word' id='word_1_594' title='bbox 2444 4190 2704 4258; x_wconf 79' lang='grc' dir='ltr'>Ἀδεννὴρ</span> <span class='ocrx_word' id='word_1_595' title='bbox 2731 4187 2978 4258; x_wconf 78' lang='grc' dir='ltr'><strong>παλλακῇ</strong></span> <span class='ocrx_word' id='word_1_596' title='bbox 3029 4187 3314 4257; x_wconf 77' lang='grc' dir='ltr'>μιχθέντος</span> <span class='ocrx_word' id='word_1_597' title='bbox 3346 4187 3540 4252; x_wconf 69' lang='grc' dir='ltr'>Σαοὺλ,</span> <span class='ocrx_word' id='word_1_598' title='bbox 3608 4189 3752 4258; x_wconf 73' lang='grc' dir='ltr'><strong>ὴγα-</strong></span> 
     </span>
    </p>
   </div>
   <div class='ocr_carea' id='block_1_87' title="bbox 2198 4278 3768 4355">
    <p class='ocr_par' dir='ltr' id='par_1_87' title="bbox 2198 4278 3768 4355">
     <span class='ocr_line' id='line_1_87' title="bbox 2198 4278 3768 4355; baseline -0.004 -15"><span class='ocrx_word' id='word_1_599' title='bbox 2198 4287 2468 4355; x_wconf 83' lang='grc' dir='ltr'>νάκτησεν</span> <span class='ocrx_word' id='word_1_600' title='bbox 2530 4282 2762 4336; x_wconf 72' lang='grc' dir='ltr'><strong>Ἰεϐοσθὲ</strong></span> <span class='ocrx_word' id='word_1_601' title='bbox 2815 4279 2936 4334; x_wconf 82' lang='grc' dir='ltr'>κατ’</span> <span class='ocrx_word' id='word_1_602' title='bbox 2967 4278 3280 4345; x_wconf 81' lang='grc' dir='ltr'>αὑτοῦ,διά</span> <span class='ocrx_word' id='word_1_603' title='bbox 3325 4279 3424 4350; x_wconf 80' lang='grc' dir='ltr'>τὴν</span> <span class='ocrx_word' id='word_1_604' title='bbox 3479 4279 3768 4352; x_wconf 75' lang='grc' dir='ltr'>παλλακὴν</span> 
     </span>
    </p>
   </div>
   <div class='ocr_carea' id='block_1_88' title="bbox 2197 4372 3778 4446">
    <p class='ocr_par' dir='ltr' id='par_1_88' title="bbox 2197 4372 3778 4446">
     <span class='ocr_line' id='line_1_88' title="bbox 2197 4372 3778 4446; baseline -0.003 -13"><span class='ocrx_word' id='word_1_605' title='bbox 2197 4377 2291 4433; x_wconf 81' lang='grc' dir='ltr'><strong>τοῦ</strong></span> <span class='ocrx_word' id='word_1_606' title='bbox 2329 4376 2539 4446; x_wconf 80' lang='grc' dir='ltr'>πατρὸς</span> <span class='ocrx_word' id='word_1_607' title='bbox 2571 4373 2760 4428; x_wconf 79' lang='grc' dir='ltr'>αὐτοῦ.</span> <span class='ocrx_word' id='word_1_608' title='bbox 2795 4373 2966 4426; x_wconf 82' lang='grc' dir='ltr'>Τοῦτο</span> <span class='ocrx_word' id='word_1_609' title='bbox 2994 4372 3218 4442; x_wconf 80' lang='grc' dir='ltr'>γέγονεν</span> <span class='ocrx_word' id='word_1_610' title='bbox 3254 4374 3430 4427; x_wconf 77' lang='grc' dir='ltr'>αἴτιον</span> <span class='ocrx_word' id='word_1_611' title='bbox 3451 4375 3545 4427; x_wconf 79' lang='grc' dir='ltr'><strong>τοῦ</strong></span> <span class='ocrx_word' id='word_1_612' title='bbox 3605 4392 3778 4444; x_wconf 84' lang='grc' dir='ltr'>προσ-</span> 
     </span>
    </p>
   </div>
   <div class='ocr_carea' id='block_1_89' title="bbox 2202 4466 3778 4542">
    <p class='ocr_par' dir='ltr' id='par_1_89' title="bbox 2202 4466 3778 4542">
     <span class='ocr_line' id='line_1_89' title="bbox 2202 4466 3778 4542; baseline -0.003 -18"><span class='ocrx_word' id='word_1_613' title='bbox 2202 4471 2399 4542; x_wconf 82' lang='grc' dir='ltr'>ρυῆναι</span> <span class='ocrx_word' id='word_1_614' title='bbox 2421 4469 2515 4522; x_wconf 81' lang='grc' dir='ltr'>τὸν</span> <span class='ocrx_word' id='word_1_615' title='bbox 2553 4466 2816 4538; x_wconf 77' lang='grc' dir='ltr'>Ἀϐεννὴρ</span> <span class='ocrx_word' id='word_1_616' title='bbox 2840 4466 2918 4536; x_wconf 83' lang='grc' dir='ltr'>τῷ</span> <span class='ocrx_word' id='word_1_617' title='bbox 2948 4466 3134 4519; x_wconf 76' lang='grc' dir='ltr'>Δαϐίδ.</span> <span class='ocrx_word' id='word_1_618' title='bbox 3168 4467 3229 4520; x_wconf 80' lang='grc' dir='ltr'><strong>Ὀ</strong></span> <span class='ocrx_word' id='word_1_619' title='bbox 3255 4467 3312 4518; x_wconf 87' lang='grc' dir='ltr'><strong>δέ</strong></span> <span class='ocrx_word' id='word_1_620' title='bbox 3342 4467 3527 4528; x_wconf 76' lang='grc' dir='ltr'>Δαόὶδ,</span> <span class='ocrx_word' id='word_1_621' title='bbox 3556 4469 3778 4531; x_wconf 78' lang='grc' dir='ltr'><strong>στείλας</strong></span> 
     </span>
    </p>
   </div>
   <div class='ocr_carea' id='block_1_90' title="bbox 517 4558 2095 4632">
    <p class='ocr_par' dir='ltr' id='par_1_90' title="bbox 517 4561 2091 4631">
     <span class='ocr_line' id='line_1_90' title="bbox 517 4561 2091 4631; baseline 0 -9"><span class='ocrx_word' id='word_1_622' title='bbox 517 4563 739 4622; x_wconf 77' lang='lat' dir='ltr'><strong>nomine</strong></span> <span class='ocrx_word' id='word_1_623' title='bbox 773 4561 995 4619; x_wconf 76' lang='lat' dir='ltr'><strong>Davidis</strong></span> <span class='ocrx_word' id='word_1_624' title='bbox 1033 4563 1430 4619; x_wconf 77' lang='lat' dir='ltr'><strong>accersendum</strong></span> <span class='ocrx_word' id='word_1_625' title='bbox 1465 4576 1640 4619; x_wconf 87' lang='lat' dir='ltr'><strong>curat.</strong></span> <span class='ocrx_word' id='word_1_626' title='bbox 1681 4567 2008 4631; x_wconf 83' lang='lat' dir='ltr'><strong>Reversum,</strong></span> <span class='ocrx_word' id='word_1_627' title='bbox 2041 4575 2091 4622; x_wconf 83' lang='lat' dir='ltr'><strong>et</strong></span> 
     </span>
    </p>
   </div>
   <div class='ocr_carea' id='block_1_91' title="bbox 2199 4558 3774 4632">
    <p class='ocr_par' dir='ltr' id='par_1_91' title="bbox 2201 4558 3774 4632">
     <span class='ocr_line' id='line_1_91' title="bbox 2201 4558 3774 4632; baseline -0.004 -16"><span class='ocrx_word' id='word_1_628' title='bbox 2201 4562 2339 4632; x_wconf 75' lang='grc' dir='ltr'>πρὸς</span> <span class='ocrx_word' id='word_1_629' title='bbox 2377 4563 2468 4615; x_wconf 83' lang='grc' dir='ltr'>τὸν</span> <span class='ocrx_word' id='word_1_630' title='bbox 2524 4559 2778 4621; x_wconf 79' lang='grc' dir='ltr'>Ἰεὸοσθὲ.</span> <span class='ocrx_word' id='word_1_631' title='bbox 2813 4559 2911 4629; x_wconf 77' lang='grc' dir='ltr'>τὴν</span> <span class='ocrx_word' id='word_1_632' title='bbox 2950 4558 3088 4612; x_wconf 80' lang='grc' dir='ltr'>ἰδίαν</span> <span class='ocrx_word' id='word_1_633' title='bbox 3133 4561 3370 4626; x_wconf 83' lang='grc' dir='ltr'>γυναῖκα</span> <span class='ocrx_word' id='word_1_634' title='bbox 3416 4558 3600 4630; x_wconf 79' lang='grc' dir='ltr'>ἐζήτει</span> <span class='ocrx_word' id='word_1_635' title='bbox 3631 4561 3774 4614; x_wconf 63' lang='grc' dir='ltr'>Μελ-</span> 
     </span>
    </p>
   </div>
   <div class='ocr_carea' id='block_1_92' title="bbox 536 4629 2095 4726">
    <p class='ocr_par' dir='ltr' id='par_1_92' title="bbox 536 4652 2095 4726">
     <span class='ocr_line' id='line_1_92' title="bbox 536 4652 2095 4726; baseline 0 -14"><span class='ocrx_word' id='word_1_636' title='bbox 536 4652 738 4726; x_wconf 77' lang='lat' dir='ltr'><strong>ongius</strong></span> <span class='ocrx_word' id='word_1_637' title='bbox 766 4670 801 4710; x_wconf 81' lang='lat' dir='ltr'><strong>a—</strong></span> <span class='ocrx_word' id='word_1_638' title='bbox 824 4655 961 4720; x_wconf 91' lang='lat' dir='ltr'><strong>suis,</strong></span> <span class='ocrx_word' id='word_1_639' title='bbox 1000 4665 1260 4725; x_wconf 87' lang='lat' dir='ltr'><strong>tanquam</strong></span> <span class='ocrx_word' id='word_1_640' title='bbox 1299 4656 1489 4711; x_wconf 82' lang='lat' dir='ltr'><strong>arcani</strong></span> <span class='ocrx_word' id='word_1_641' title='bbox 1523 4656 1657 4725; x_wconf 90' lang='lat' dir='ltr'><strong>quid</strong></span> <span class='ocrx_word' id='word_1_642' title='bbox 1687 4671 1812 4712; x_wconf 91' lang='lat' dir='ltr'><strong>cum</strong></span> <span class='ocrx_word' id='word_1_643' title='bbox 1845 4673 1913 4712; x_wconf 93' lang='lat' dir='ltr'><strong>eo</strong></span> <span class='ocrx_word' id='word_1_644' title='bbox 1944 4667 2095 4713; x_wconf 90' lang='lat' dir='ltr'><strong>actu-</strong></span> 
     </span>
    </p>
   </div>
   <div class='ocr_carea' id='block_1_93' title="bbox 2199 4629 3776 4726">
    <p class='ocr_par' dir='ltr' id='par_1_93' title="bbox 2200 4629 3776 4723">
     <span class='ocr_line' id='line_1_93' title="bbox 2200 4629 3776 4723; baseline -0.002 -17"><span class='ocrx_word' id='word_1_645' title='bbox 2200 4629 2317 4723; x_wconf 81' lang='grc' dir='ltr'>χόλ.</span> <span class='ocrx_word' id='word_1_646' title='bbox 2369 4649 2428 4705; x_wconf 77' lang='lat'><strong>&#39;0</strong></span> <span class='ocrx_word' id='word_1_647' title='bbox 2471 4647 2908 4712; x_wconf 72' lang='grc' dir='ltr'>δέἀποσπάσας</span> <span class='ocrx_word' id='word_1_648' title='bbox 2955 4648 3126 4717; x_wconf 76' lang='grc' dir='ltr'>αὐτὴν</span> <span class='ocrx_word' id='word_1_649' title='bbox 3181 4647 3277 4700; x_wconf 84' lang='grc' dir='ltr'>τοῦ</span> <span class='ocrx_word' id='word_1_650' title='bbox 3311 4629 3524 4719; x_wconf 75' lang='grc' dir='ltr'>ἀνδρὸς,</span> <span class='ocrx_word' id='word_1_651' title='bbox 3555 4642 3599 4716; x_wconf 80' lang='grc' dir='ltr'>ᾧ</span> <span class='ocrx_word' id='word_1_652' title='bbox 3636 4649 3776 4719; x_wconf 80' lang='grc' dir='ltr'>μετὰ</span> 
     </span>
    </p>
   </div>
   <div class='ocr_carea' id='block_1_94' title="bbox 517 4745 2096 4818">
    <p class='ocr_par' dir='ltr' id='par_1_94' title="bbox 517 4745 2096 4818">
     <span class='ocr_line' id='line_1_94' title="bbox 517 4745 2096 4818; baseline 0 -14"><span class='ocrx_word' id='word_1_653' title='bbox 517 4763 632 4814; x_wconf 80' lang='lat' dir='ltr'><strong>rus,</strong></span> <span class='ocrx_word' id='word_1_654' title='bbox 674 4745 986 4810; x_wconf 81' lang='lat' dir='ltr'><strong>seductum,</strong></span> <span class='ocrx_word' id='word_1_655' title='bbox 1032 4747 1269 4818; x_wconf 84' lang='lat' dir='ltr'><strong>pugione</strong></span> <span class='ocrx_word' id='word_1_656' title='bbox 1310 4746 1365 4800; x_wconf 93' lang='lat' dir='ltr'><strong>in</strong></span> <span class='ocrx_word' id='word_1_657' title='bbox 1406 4746 1497 4802; x_wconf 89' lang='lat' dir='ltr'><strong>ilia</strong></span> <span class='ocrx_word' id='word_1_658' title='bbox 1541 4747 1804 4817; x_wconf 82' lang='lat' dir='ltr'><strong>impacto,</strong></span> <span class='ocrx_word' id='word_1_659' title='bbox 1851 4749 2096 4817; x_wconf 82' lang='lat' dir='ltr'><strong>perimit.</strong></span> 
     </span>
    </p>
   </div>
   <div class='ocr_carea' id='block_1_95' title="bbox 515 4839 2100 4909">
    <p class='ocr_par' dir='ltr' id='par_1_95' title="bbox 515 4839 2100 4909">
     <span class='ocr_line' id='line_1_95' title="bbox 515 4839 2100 4909; baseline 0.001 -17"><span class='ocrx_word' id='word_1_660' title='bbox 515 4840 644 4908; x_wconf 67' lang='lat' dir='ltr'><strong>Quae</strong></span> <span class='ocrx_word' id='word_1_661' title='bbox 682 4856 777 4896; x_wconf 77' lang='lat' dir='ltr'><strong>res</strong></span> <span class='ocrx_word' id='word_1_662' title='bbox 811 4840 1016 4909; x_wconf 74' lang='lat' dir='ltr'><strong>ingenti</strong></span> <span class='ocrx_word' id='word_1_663' title='bbox 1058 4855 1295 4895; x_wconf 64' lang='lat' dir='ltr'><strong>maerore</strong></span> <span class='ocrx_word' id='word_1_664' title='bbox 1325 4839 1587 4894; x_wconf 80' lang='lat' dir='ltr'><strong>Davidem</strong></span> <span class='ocrx_word' id='word_1_665' title='bbox 1623 4840 1834 4903; x_wconf 76' lang='lat' dir='ltr'><strong>affecit,</strong></span> <span class='ocrx_word' id='word_1_666' title='bbox 1866 4841 2007 4896; x_wconf 82' lang='lat' dir='ltr'><strong>adeo</strong></span> <span class='ocrx_word' id='word_1_667' title='bbox 2039 4848 2100 4895; x_wconf 92' lang='lat' dir='ltr'><strong>ut</strong></span> 
     </span>
    </p>
   </div>
   <div class='ocr_carea' id='block_1_96' title="bbox 516 4930 2096 5002">
    <p class='ocr_par' dir='ltr' id='par_1_96' title="bbox 516 4930 2096 5002">
     <span class='ocr_line' id='line_1_96' title="bbox 516 4930 2096 5002; baseline 0.001 -15"><span class='ocrx_word' id='word_1_668' title='bbox 516 4933 664 4988; x_wconf 89' lang='lat' dir='ltr'><strong>diras</strong></span> <span class='ocrx_word' id='word_1_669' title='bbox 715 4932 950 4987; x_wconf 81' lang='lat' dir='ltr'><strong>ultrices</strong></span> <span class='ocrx_word' id='word_1_670' title='bbox 997 4930 1344 4986; x_wconf 83' lang='lat' dir='ltr'><strong>interfectori</strong></span> <span class='ocrx_word' id='word_1_671' title='bbox 1396 4932 1504 5002; x_wconf 76' lang='grc'><strong>72</strong></span> <span class='ocrx_word' id='word_1_672' title='bbox 1552 4931 1983 5002; x_wconf 84' lang='lat' dir='ltr'><strong>imprecaretur,</strong></span> <span class='ocrx_word' id='word_1_673' title='bbox 2040 4942 2096 4988; x_wconf 88' lang='lat' dir='ltr'><strong>et</strong></span> 
     </span>
    </p>
   </div>
   <div class='ocr_carea' id='block_1_97' title="bbox 515 5023 2097 5095">
    <p class='ocr_par' dir='ltr' id='par_1_97' title="bbox 515 5023 2097 5095">
     <span class='ocr_line' id='line_1_97' title="bbox 515 5023 2097 5095; baseline -0.003 -11"><span class='ocrx_word' id='word_1_674' title='bbox 515 5026 718 5084; x_wconf 85' lang='lat' dir='ltr'><strong>mortui</strong></span> <span class='ocrx_word' id='word_1_675' title='bbox 743 5026 1038 5095; x_wconf 57' lang='lat' dir='ltr'><strong>exsequias</strong></span> <span class='ocrx_word' id='word_1_676' title='bbox 1061 5039 1255 5093; x_wconf 83' lang='lat' dir='ltr'><strong>magno</strong></span> <span class='ocrx_word' id='word_1_677' title='bbox 1275 5039 1407 5079; x_wconf 85' lang='lat' dir='ltr'><strong>cum</strong></span> <span class='ocrx_word' id='word_1_678' title='bbox 1429 5024 1581 5078; x_wconf 91' lang='lat' dir='ltr'><strong>luctu</strong></span> <span class='ocrx_word' id='word_1_679' title='bbox 1610 5023 1927 5080; x_wconf 83' lang='lat' dir='ltr'><strong>bonoreﬁce</strong></span> <span class='ocrx_word' id='word_1_680' title='bbox 1951 5025 2097 5080; x_wconf 88' lang='lat' dir='ltr'><strong>cele-</strong></span> 
     </span>
    </p>
   </div>
   <div class='ocr_carea' id='block_1_98' title="bbox 515 5113 2102 5186">
    <p class='ocr_par' dir='ltr' id='par_1_98' title="bbox 515 5113 2102 5186">
     <span class='ocr_line' id='line_1_98' title="bbox 515 5113 2102 5186; baseline -0.001 -15"><span class='ocrx_word' id='word_1_681' title='bbox 515 5119 727 5172; x_wconf 87' lang='lat' dir='ltr'><strong>braret.</strong></span> <span class='ocrx_word' id='word_1_682' title='bbox 759 5117 930 5171; x_wconf 89' lang='lat' dir='ltr'><strong>Paulo</strong></span> <span class='ocrx_word' id='word_1_683' title='bbox 962 5124 1084 5186; x_wconf 88' lang='lat' dir='ltr'><strong>post</strong></span> <span class='ocrx_word' id='word_1_684' title='bbox 1111 5113 1405 5170; x_wconf 84' lang='lat' dir='ltr'><strong>Jebostbes</strong></span> <span class='ocrx_word' id='word_1_685' title='bbox 1436 5128 1531 5183; x_wconf 90' lang='lat' dir='ltr'><strong>per</strong></span> <span class='ocrx_word' id='word_1_686' title='bbox 1561 5114 1794 5169; x_wconf 87' lang='lat' dir='ltr'><strong>insidias</strong></span> <span class='ocrx_word' id='word_1_687' title='bbox 1821 5115 2102 5170; x_wconf 86' lang='lat' dir='ltr'><strong>dormiens</strong></span> 
     </span>
    </p>
   </div>
   <div class='ocr_carea' id='block_1_99' title="bbox 514 5207 2094 5280">
    <p class='ocr_par' dir='ltr' id='par_1_99' title="bbox 514 5207 2094 5280">
     <span class='ocr_line' id='line_1_99' title="bbox 514 5207 2094 5280; baseline -0.003 -12"><span class='ocrx_word' id='word_1_688' title='bbox 514 5211 819 5274; x_wconf 79' lang='lat' dir='ltr'><strong>neciditur,</strong></span> <span class='ocrx_word' id='word_1_689' title='bbox 860 5210 1091 5280; x_wconf 83' lang='lat' dir='ltr'><strong>ejusque</strong></span> <span class='ocrx_word' id='word_1_690' title='bbox 1140 5218 1306 5277; x_wconf 82' lang='lat' dir='ltr'><strong>caput</strong></span> <span class='ocrx_word' id='word_1_691' title='bbox 1334 5222 1365 5260; x_wconf 88' lang='lat' dir='ltr'><strong>a</strong></span> <span class='ocrx_word' id='word_1_692' title='bbox 1392 5207 1612 5261; x_wconf 85' lang='lat' dir='ltr'><strong>duobus</strong></span> <span class='ocrx_word' id='word_1_693' title='bbox 1658 5208 1752 5277; x_wconf 90' lang='lat' dir='ltr'><strong>qui</strong></span> <span class='ocrx_word' id='word_1_694' title='bbox 1798 5207 2012 5264; x_wconf 88' lang='lat' dir='ltr'><strong>facinus</strong></span> <span class='ocrx_word' id='word_1_695' title='bbox 2044 5209 2094 5264; x_wconf 92' lang='lat' dir='ltr'><strong>id</strong></span> 
     </span>
    </p>
   </div>
   <div class='ocr_carea' id='block_1_100' title="bbox 515 5297 2096 5372">
    <p class='ocr_par' dir='ltr' id='par_1_100' title="bbox 515 5297 2096 5372">
     <span class='ocr_line' id='line_1_100' title="bbox 515 5297 2096 5372; baseline -0.003 -14"><span class='ocrx_word' id='word_1_696' title='bbox 515 5309 922 5372; x_wconf 74' lang='lat' dir='ltr'><strong>perpetrarent,</strong></span> <span class='ocrx_word' id='word_1_697' title='bbox 959 5297 1147 5353; x_wconf 66' lang='lat' dir='ltr'><strong>Da-x&#39;idi</strong></span> <span class='ocrx_word' id='word_1_698' title='bbox 1183 5298 1433 5352; x_wconf 68' lang='lat' dir='ltr'><strong>affertur.</strong></span> <span class='ocrx_word' id='word_1_699' title='bbox 1461 5297 1512 5351; x_wconf 91' lang='lat' dir='ltr'><strong>ls</strong></span> <span class='ocrx_word' id='word_1_700' title='bbox 1538 5311 1670 5351; x_wconf 88' lang='lat' dir='ltr'><strong>vero</strong></span> <span class='ocrx_word' id='word_1_701' title='bbox 1700 5297 1838 5352; x_wconf 87' lang='lat' dir='ltr'><strong>adeo</strong></span> <span class='ocrx_word' id='word_1_702' title='bbox 1867 5299 2096 5366; x_wconf 81' lang='lat' dir='ltr'><strong>gratiam</strong></span> 
     </span>
    </p>
   </div>
   <div class='ocr_carea' id='block_1_101' title="bbox 515 5389 2096 5458">
    <p class='ocr_par' dir='ltr' id='par_1_101' title="bbox 515 5389 2096 5458">
     <span class='ocr_line' id='line_1_101' title="bbox 515 5389 2096 5458; baseline -0.002 -9"><span class='ocrx_word' id='word_1_703' title='bbox 515 5398 596 5450; x_wconf 91' lang='lat' dir='ltr'><strong>eis</strong></span> <span class='ocrx_word' id='word_1_704' title='bbox 634 5411 746 5449; x_wconf 90' lang='lat' dir='ltr'><strong>non</strong></span> <span class='ocrx_word' id='word_1_705' title='bbox 787 5391 1098 5448; x_wconf 78' lang='lat' dir='ltr'><strong>habendam</strong></span> <span class='ocrx_word' id='word_1_706' title='bbox 1133 5405 1256 5444; x_wconf 85' lang='lat' dir='ltr'><strong>esse</strong></span> <span class='ocrx_word' id='word_1_707' title='bbox 1296 5390 1534 5450; x_wconf 75' lang='lat' dir='ltr'><strong>censuit.</strong></span> <span class='ocrx_word' id='word_1_708' title='bbox 1565 5397 1623 5442; x_wconf 87' lang='lat' dir='ltr'><strong>ut</strong></span> <span class='ocrx_word' id='word_1_709' title='bbox 1653 5389 1927 5458; x_wconf 86' lang='lat' dir='ltr'><strong>supplicio</strong></span> <span class='ocrx_word' id='word_1_710' title='bbox 1957 5390 2096 5446; x_wconf 78' lang='lat' dir='ltr'><strong>allici</strong></span> 
     </span>
    </p>
   </div>
   <div class='ocr_carea' id='block_1_102' title="bbox 514 5481 2097 5558">
    <p class='ocr_par' dir='ltr' id='par_1_102' title="bbox 514 5481 2097 5558">
     <span class='ocr_line' id='line_1_102' title="bbox 514 5481 2097 5558; baseline 0.001 -18"><span class='ocrx_word' id='word_1_711' title='bbox 514 5488 754 5558; x_wconf 76' lang='lat' dir='ltr'><strong>iuberet,</strong></span> <span class='ocrx_word' id='word_1_712' title='bbox 783 5486 856 5540; x_wconf 88' lang='lat' dir='ltr'><strong>ob</strong></span> <span class='ocrx_word' id='word_1_713' title='bbox 881 5484 1084 5538; x_wconf 77' lang='lat' dir='ltr'><strong>czedem</strong></span> <span class='ocrx_word' id='word_1_714' title='bbox 1119 5481 1350 5536; x_wconf 87' lang='lat' dir='ltr'><strong>domini.</strong></span> <span class='ocrx_word' id='word_1_715' title='bbox 1378 5481 1585 5536; x_wconf 87' lang='lat' dir='ltr'><strong>Deinde</strong></span> <span class='ocrx_word' id='word_1_716' title='bbox 1617 5498 1809 5536; x_wconf 86' lang='lat' dir='ltr'><strong>omnes</strong></span> <span class='ocrx_word' id='word_1_717' title='bbox 1839 5482 2097 5541; x_wconf 71' lang='lat' dir='ltr'><strong>Israelita:</strong></span> 
     </span>
    </p>
   </div>
   <div class='ocr_carea' id='block_1_103' title="bbox 514 5575 2096 5646">
    <p class='ocr_par' dir='ltr' id='par_1_103' title="bbox 514 5575 2096 5646">
     <span class='ocr_line' id='line_1_103' title="bbox 514 5575 2096 5646; baseline -0.003 -9"><span class='ocrx_word' id='word_1_718' title='bbox 514 5585 584 5642; x_wconf 88' lang='lat' dir='ltr'><strong>ad</strong></span> <span class='ocrx_word' id='word_1_719' title='bbox 627 5582 886 5636; x_wconf 84' lang='lat' dir='ltr'><strong>Davidem</strong></span> <span class='ocrx_word' id='word_1_720' title='bbox 926 5593 985 5632; x_wconf 88' lang='lat' dir='ltr'><strong>se</strong></span> <span class='ocrx_word' id='word_1_721' title='bbox 1014 5575 1326 5640; x_wconf 74' lang='lat' dir='ltr'><strong>conferunt,</strong></span> <span class='ocrx_word' id='word_1_722' title='bbox 1362 5590 1594 5645; x_wconf 86' lang='lat' dir='ltr'><strong>eumque</strong></span> <span class='ocrx_word' id='word_1_723' title='bbox 1631 5590 1813 5646; x_wconf 82' lang='lat' dir='ltr'><strong>regem</strong></span> <span class='ocrx_word' id='word_1_724' title='bbox 1846 5577 2096 5637; x_wconf 86' lang='lat' dir='ltr'><strong>omnium</strong></span> 
     </span>
    </p>
   </div>
   <div class='ocr_carea' id='block_1_104' title="bbox 517 5665 2098 5740">
    <p class='ocr_par' dir='ltr' id='par_1_104' title="bbox 517 5665 2098 5740">
     <span class='ocr_line' id='line_1_104' title="bbox 517 5665 2098 5740; baseline -0.004 -11"><span class='ocrx_word' id='word_1_725' title='bbox 517 5675 767 5729; x_wconf 85' lang='lat' dir='ltr'><strong>tribuum</strong></span> <span class='ocrx_word' id='word_1_726' title='bbox 817 5675 1050 5740; x_wconf 81' lang='lat' dir='ltr'><strong>ungunt.</strong></span> <span class='ocrx_word' id='word_1_727' title='bbox 1085 5667 1324 5721; x_wconf 72' lang='lat' dir='ltr'><strong>.ludaica:</strong></span> <span class='ocrx_word' id='word_1_728' title='bbox 1369 5665 1547 5720; x_wconf 85' lang='lat' dir='ltr'><strong>tribus</strong></span> <span class='ocrx_word' id='word_1_729' title='bbox 1585 5682 1814 5737; x_wconf 80' lang='lat' dir='ltr'><strong>regnum</strong></span> <span class='ocrx_word' id='word_1_730' title='bbox 1852 5669 2098 5738; x_wconf 79' lang='lat' dir='ltr'><strong>suscepit</strong></span> 
     </span>
    </p>
   </div>
   <div class='ocr_carea' id='block_1_105' title="bbox 519 5759 2094 5831">
    <p class='ocr_par' dir='ltr' id='par_1_105' title="bbox 519 5759 2094 5831">
     <span class='ocr_line' id='line_1_105' title="bbox 519 5759 2094 5831; baseline -0.003 -9"><span class='ocrx_word' id='word_1_731' title='bbox 519 5767 692 5826; x_wconf 73' lang='lat' dir='ltr'><strong>David</strong></span> <span class='ocrx_word' id='word_1_732' title='bbox 734 5779 882 5821; x_wconf 86' lang='lat' dir='ltr'><strong>anno</strong></span> <span class='ocrx_word' id='word_1_733' title='bbox 915 5762 1094 5818; x_wconf 85' lang='lat' dir='ltr'><strong>aetatis</strong></span> <span class='ocrx_word' id='word_1_734' title='bbox 1133 5761 1431 5825; x_wconf 85' lang='lat' dir='ltr'><strong>tricesimo,</strong></span> <span class='ocrx_word' id='word_1_735' title='bbox 1469 5761 1631 5831; x_wconf 89' lang='lat' dir='ltr'><strong>eique</strong></span> <span class='ocrx_word' id='word_1_736' title='bbox 1667 5759 1768 5815; x_wconf 77' lang='lat' dir='ltr'><strong>soli</strong></span> <span class='ocrx_word' id='word_1_737' title='bbox 1805 5760 2094 5818; x_wconf 81' lang='lat' dir='ltr'><strong>Cltebrone</strong></span> 
     </span>
    </p>
   </div>
   <div class='ocr_carea' id='block_1_106' title="bbox 521 5853 2094 5927">
    <p class='ocr_par' dir='ltr' id='par_1_106' title="bbox 521 5853 2094 5927">
     <span class='ocr_line' id='line_1_106' title="bbox 521 5853 2094 5927; baseline -0.006 -8"><span class='ocrx_word' id='word_1_738' title='bbox 521 5877 697 5919; x_wconf 84' lang='lat' dir='ltr'><strong>annos</strong></span> <span class='ocrx_word' id='word_1_739' title='bbox 735 5866 946 5927; x_wconf 83' lang='lat' dir='ltr'><strong>septem</strong></span> <span class='ocrx_word' id='word_1_740' title='bbox 988 5855 1294 5926; x_wconf 78' lang='lat' dir='ltr'><strong>imperavit.</strong></span> <span class='ocrx_word' id='word_1_741' title='bbox 1328 5855 1473 5926; x_wconf 75' lang='lat' dir='ltr'><strong>genti</strong></span> <span class='ocrx_word' id='word_1_742' title='bbox 1514 5868 1642 5910; x_wconf 71' lang='lat' dir='ltr'><strong>vero</strong></span> <span class='ocrx_word' id='word_1_743' title='bbox 1674 5853 1948 5912; x_wconf 65' lang='lat' dir='ltr'><strong>universa</strong></span> <span class='ocrx_word' id='word_1_744' title='bbox 1979 5864 2094 5912; x_wconf 80' lang='lat' dir='ltr'><strong>tres</strong></span> 
     </span>
    </p>
   </div>
   <div class='ocr_carea' id='block_1_107' title="bbox 439 5953 859 6023">
    <p class='ocr_par' dir='ltr' id='par_1_107' title="bbox 439 5953 859 6023">
     <span class='ocr_line' id='line_1_107' title="bbox 439 5953 859 6023; baseline -0.014 -11"><span class='ocrx_word' id='word_1_745' title='bbox 439 6020 442 6023; x_wconf 18' lang='grc' dir='ltr'><strong>Α</strong></span> <span class='ocrx_word' id='word_1_746' title='bbox 521 5967 576 6013; x_wconf 82' lang='lat' dir='ltr'><strong>et</strong></span> <span class='ocrx_word' id='word_1_747' title='bbox 615 5953 859 6019; x_wconf 70' lang='lat' dir='ltr'><strong>triginta.</strong></span> 
     </span>
    </p>
   </div>
   <div class='ocr_carea' id='block_1_108' title="bbox 2198 4741 3775 4818">
    <p class='ocr_par' dir='ltr' id='par_1_108' title="bbox 2198 4741 3775 4818">
     <span class='ocr_line' id='line_1_108' title="bbox 2198 4741 3775 4818; baseline -0.003 -18"><span class='ocrx_word' id='word_1_748' title='bbox 2198 4747 2300 4818; x_wconf 83' lang='grc' dir='ltr'>τὴν</span> <span class='ocrx_word' id='word_1_749' title='bbox 2351 4745 2529 4815; x_wconf 82' lang='grc' dir='ltr'>φυγὴν</span> <span class='ocrx_word' id='word_1_750' title='bbox 2571 4743 2667 4797; x_wconf 79' lang='grc' dir='ltr'><strong>τοῦ</strong></span> <span class='ocrx_word' id='word_1_751' title='bbox 2723 4743 2889 4796; x_wconf 76' lang='grc' dir='ltr'><strong>Δαὸὶδ</strong></span> <span class='ocrx_word' id='word_1_752' title='bbox 2947 4741 3230 4813; x_wconf 74' lang='grc' dir='ltr'>ἡρμόσατο</span> <span class='ocrx_word' id='word_1_753' title='bbox 3283 4741 3456 4814; x_wconf 81' lang='grc' dir='ltr'>αὐτὴν</span> <span class='ocrx_word' id='word_1_754' title='bbox 3503 4745 3533 4796; x_wconf 82' lang='grc' dir='ltr'><strong>ὁ</strong></span> <span class='ocrx_word' id='word_1_755' title='bbox 3578 4744 3775 4808; x_wconf 78' lang='grc' dir='ltr'>Σαοὺλ,</span> 
     </span>
    </p>
   </div>
   <div class='ocr_carea' id='block_1_109' title="bbox 2198 4833 3776 4906">
    <p class='ocr_par' dir='ltr' id='par_1_109' title="bbox 2198 4833 3776 4906">
     <span class='ocr_line' id='line_1_109' title="bbox 2198 4833 3776 4906; baseline -0.002 -13"><span class='ocrx_word' id='word_1_756' title='bbox 2198 4837 2490 4894; x_wconf 78' lang='grc' dir='ltr'>ἀπέστειλε</span> <span class='ocrx_word' id='word_1_757' title='bbox 2522 4837 2600 4905; x_wconf 81' lang='grc' dir='ltr'>τῷ</span> <span class='ocrx_word' id='word_1_758' title='bbox 2640 4835 2826 4890; x_wconf 79' lang='grc' dir='ltr'>Δαὸἰδ.</span> <span class='ocrx_word' id='word_1_759' title='bbox 2845 4833 3113 4905; x_wconf 75' lang='grc' dir='ltr'>’Δῦεννὴρ</span> <span class='ocrx_word' id='word_1_760' title='bbox 3142 4835 3221 4898; x_wconf 81' lang='grc' dir='ltr'>δὲ,</span> <span class='ocrx_word' id='word_1_761' title='bbox 3251 4837 3365 4901; x_wconf 84' lang='grc' dir='ltr'>τοῖς</span> <span class='ocrx_word' id='word_1_762' title='bbox 3396 4839 3649 4906; x_wconf 85' lang='grc' dir='ltr'>γηραιοῖς</span> <span class='ocrx_word' id='word_1_763' title='bbox 3678 4836 3776 4891; x_wconf 84' lang='grc' dir='ltr'><strong>τοῦ</strong></span> 
     </span>
    </p>
   </div>
   <div class='ocr_carea' id='block_1_110' title="bbox 2197 4925 3776 5002">
    <p class='ocr_par' dir='ltr' id='par_1_110' title="bbox 2197 4925 3776 5002">
     <span class='ocr_line' id='line_1_110' title="bbox 2197 4925 3776 5002; baseline -0.003 -19"><span class='ocrx_word' id='word_1_764' title='bbox 2197 4931 2439 5002; x_wconf 76' lang='grc' dir='ltr'>πλήθους</span> <span class='ocrx_word' id='word_1_765' title='bbox 2466 4928 2576 4982; x_wconf 81' lang='grc' dir='ltr'><strong>τῶν</strong></span> <span class='ocrx_word' id='word_1_766' title='bbox 2619 4926 2976 4998; x_wconf 84' lang='grc' dir='ltr'>Ἰσραηλιτῶν</span> <span class='ocrx_word' id='word_1_767' title='bbox 3006 4927 3102 4980; x_wconf 76' lang='grc' dir='ltr'>καὶ</span> <span class='ocrx_word' id='word_1_768' title='bbox 3139 4929 3252 4990; x_wconf 86' lang='grc' dir='ltr'>τοῖς</span> <span class='ocrx_word' id='word_1_769' title='bbox 3301 4925 3625 4998; x_wconf 79' lang='grc' dir='ltr'>ταξιάρχαις</span> <span class='ocrx_word' id='word_1_770' title='bbox 3658 4927 3776 4980; x_wconf 84' lang='grc' dir='ltr'>δια-</span> 
     </span>
    </p>
   </div>
   <div class='ocr_carea' id='block_1_111' title="bbox 2198 5018 3777 5091">
    <p class='ocr_par' dir='ltr' id='par_1_111' title="bbox 2198 5018 3777 5091">
     <span class='ocr_line' id='line_1_111' title="bbox 2198 5018 3777 5091; baseline -0.003 -18"><span class='ocrx_word' id='word_1_771' title='bbox 2198 5022 2431 5091; x_wconf 76' lang='grc' dir='ltr'>λεχθεὶς.</span> <span class='ocrx_word' id='word_1_772' title='bbox 2457 5019 2794 5091; x_wconf 81' lang='grc' dir='ltr'>μεταθέσθαι</span> <span class='ocrx_word' id='word_1_773' title='bbox 2828 5019 3088 5091; x_wconf 82' lang='grc' dir='ltr'>συνῄνεσε</span> <span class='ocrx_word' id='word_1_774' title='bbox 3121 5019 3254 5090; x_wconf 75' lang='grc' dir='ltr'>πρὸς</span> <span class='ocrx_word' id='word_1_775' title='bbox 3278 5018 3465 5085; x_wconf 74' lang='grc' dir='ltr'>Δαὸὶδ,</span> <span class='ocrx_word' id='word_1_776' title='bbox 3494 5019 3654 5072; x_wconf 81' lang='grc' dir='ltr'>τοῦτο</span> <span class='ocrx_word' id='word_1_777' title='bbox 3682 5019 3777 5071; x_wconf 74' lang='grc' dir='ltr'>καὶ</span> 
     </span>
    </p>
   </div>
   <div class='ocr_carea' id='block_1_112' title="bbox 2199 5106 3777 5184">
    <p class='ocr_par' dir='ltr' id='par_1_112' title="bbox 2199 5106 3777 5184">
     <span class='ocr_line' id='line_1_112' title="bbox 2199 5106 3777 5184; baseline -0.002 -17"><span class='ocrx_word' id='word_1_778' title='bbox 2199 5115 2420 5169; x_wconf 84' lang='grc' dir='ltr'>πάντων</span> <span class='ocrx_word' id='word_1_779' title='bbox 2479 5113 2972 5184; x_wconf 74' lang='grc' dir='ltr'>προθυμουμένων.</span> <span class='ocrx_word' id='word_1_780' title='bbox 3022 5111 3194 5166; x_wconf 78' lang='grc' dir='ltr'>Τοῦτο</span> <span class='ocrx_word' id='word_1_781' title='bbox 3239 5112 3297 5165; x_wconf 86' lang='grc' dir='ltr'>δὲ</span> <span class='ocrx_word' id='word_1_782' title='bbox 3351 5114 3620 5184; x_wconf 84' lang='grc' dir='ltr'>ποιήσας,</span> <span class='ocrx_word' id='word_1_783' title='bbox 3672 5106 3777 5183; x_wconf 78' lang='grc' dir='ltr'>ἧκε</span> 
     </span>
    </p>
   </div>
   <div class='ocr_carea' id='block_1_113' title="bbox 2199 5201 3776 5278">
    <p class='ocr_par' dir='ltr' id='par_1_113' title="bbox 2199 5201 3776 5278">
     <span class='ocr_line' id='line_1_113' title="bbox 2199 5201 3776 5278; baseline -0.001 -22"><span class='ocrx_word' id='word_1_784' title='bbox 2199 5207 2336 5278; x_wconf 76' lang='grc' dir='ltr'>πρὸς</span> <span class='ocrx_word' id='word_1_785' title='bbox 2371 5203 2464 5258; x_wconf 78' lang='grc' dir='ltr'><strong>τὸν</strong></span> <span class='ocrx_word' id='word_1_786' title='bbox 2496 5203 2681 5265; x_wconf 73' lang='grc' dir='ltr'>Δαῦὶδ,</span> <span class='ocrx_word' id='word_1_787' title='bbox 2728 5203 2988 5273; x_wconf 80' lang='grc' dir='ltr'>ἐνόρκους</span> <span class='ocrx_word' id='word_1_788' title='bbox 3033 5202 3248 5266; x_wconf 82' lang='grc' dir='ltr'>πίστεις</span> <span class='ocrx_word' id='word_1_789' title='bbox 3297 5201 3623 5274; x_wconf 75' lang='grc' dir='ltr'>ληψόμενος.</span> <span class='ocrx_word' id='word_1_790' title='bbox 3664 5202 3776 5257; x_wconf 79' lang='grc' dir='ltr'><strong>Καὶ</strong></span> 
     </span>
    </p>
   </div>
   <div class='ocr_carea' id='block_1_114' title="bbox 2197 5294 3772 5369">
    <p class='ocr_par' dir='ltr' id='par_1_114' title="bbox 2197 5294 3772 5369">
     <span class='ocr_line' id='line_1_114' title="bbox 2197 5294 3772 5369; baseline 0.003 -23"><span class='ocrx_word' id='word_1_791' title='bbox 2197 5298 2406 5369; x_wconf 74' lang='grc' dir='ltr'>δεχθεὶς</span> <span class='ocrx_word' id='word_1_792' title='bbox 2455 5297 2748 5368; x_wconf 78' lang='grc' dir='ltr'>ἀσμένως,</span> <span class='ocrx_word' id='word_1_793' title='bbox 2797 5295 2963 5365; x_wconf 77' lang='grc' dir='ltr'>ἀπῄει</span> <span class='ocrx_word' id='word_1_794' title='bbox 3019 5294 3388 5364; x_wconf 84' lang='grc' dir='ltr'>συναθροῐσων</span> <span class='ocrx_word' id='word_1_795' title='bbox 3435 5296 3498 5349; x_wconf 83' lang='grc' dir='ltr'>τὸ</span> <span class='ocrx_word' id='word_1_796' title='bbox 3544 5296 3772 5366; x_wconf 81' lang='grc' dir='ltr'>πλῆθος,</span> 
     </span>
    </p>
   </div>
   <div class='ocr_carea' id='block_1_115' title="bbox 2201 5389 3774 5460">
    <p class='ocr_par' dir='ltr' id='par_1_115' title="bbox 2201 5389 3774 5460">
     <span class='ocr_line' id='line_1_115' title="bbox 2201 5389 3774 5460; baseline -0.003 -14"><span class='ocrx_word' id='word_1_797' title='bbox 2201 5394 2286 5446; x_wconf 83' lang='grc' dir='ltr'>ἵνα</span> <span class='ocrx_word' id='word_1_798' title='bbox 2338 5391 2488 5459; x_wconf 78' lang='grc' dir='ltr'><strong>παρά</strong></span> <span class='ocrx_word' id='word_1_799' title='bbox 2540 5391 2760 5444; x_wconf 84' lang='grc' dir='ltr'>πάντων</span> <span class='ocrx_word' id='word_1_800' title='bbox 2809 5389 3100 5460; x_wconf 74' lang='grc' dir='ltr'>ἀναῤῥηθῇ</span> <span class='ocrx_word' id='word_1_801' title='bbox 3158 5391 3187 5442; x_wconf 82' lang='grc' dir='ltr'>ὁ</span> <span class='ocrx_word' id='word_1_802' title='bbox 3239 5389 3425 5444; x_wconf 79' lang='grc' dir='ltr'>Δαὸἱδ.</span> <span class='ocrx_word' id='word_1_803' title='bbox 3479 5389 3684 5443; x_wconf 83' lang='grc' dir='ltr'>Ἐλθὼν</span> <span class='ocrx_word' id='word_1_804' title='bbox 3717 5391 3774 5442; x_wconf 86' lang='grc' dir='ltr'><strong>δέ</strong></span> 
     </span>
    </p>
   </div>
   <div class='ocr_carea' id='block_1_116' title="bbox 2198 5482 3772 5556">
    <p class='ocr_par' dir='ltr' id='par_1_116' title="bbox 2198 5482 3772 5556">
     <span class='ocr_line' id='line_1_116' title="bbox 2198 5482 3772 5556; baseline -0.002 -18"><span class='ocrx_word' id='word_1_805' title='bbox 2198 5486 2334 5556; x_wconf 87' lang='grc' dir='ltr'>πρὸς</span> <span class='ocrx_word' id='word_1_806' title='bbox 2376 5484 2602 5554; x_wconf 74' lang='grc' dir='ltr'>Χεϐρὼν</span> <span class='ocrx_word' id='word_1_807' title='bbox 2640 5484 2818 5546; x_wconf 71' lang='grc' dir='ltr'>Ἰωὰϐ,</span> <span class='ocrx_word' id='word_1_808' title='bbox 2863 5487 2956 5536; x_wconf 67' lang='grc' dir='ltr'><strong>καὶ</strong></span> <span class='ocrx_word' id='word_1_809' title='bbox 2991 5484 3185 5554; x_wconf 85' lang='grc' dir='ltr'>μαθὼν</span> <span class='ocrx_word' id='word_1_810' title='bbox 3216 5483 3285 5536; x_wconf 73' lang='grc' dir='ltr'><strong>τὰ</strong></span> <span class='ocrx_word' id='word_1_811' title='bbox 3315 5484 3441 5553; x_wconf 72' lang='grc' dir='ltr'>περὶ</span> <span class='ocrx_word' id='word_1_812' title='bbox 3487 5482 3772 5553; x_wconf 76' lang='grc' dir='ltr'>Ἃσεννὴρ,</span> 
     </span>
    </p>
   </div>
   <div class='ocr_carea' id='block_1_117' title="bbox 2199 5573 3774 5648">
    <p class='ocr_par' dir='ltr' id='par_1_117' title="bbox 2199 5573 3774 5648">
     <span class='ocr_line' id='line_1_117' title="bbox 2199 5573 3774 5648; baseline -0.004 -16"><span class='ocrx_word' id='word_1_813' title='bbox 2199 5579 2382 5640; x_wconf 84' lang='grc' dir='ltr'>δείσας</span> <span class='ocrx_word' id='word_1_814' title='bbox 2438 5577 2514 5648; x_wconf 81' lang='grc' dir='ltr'>μὴ</span> <span class='ocrx_word' id='word_1_815' title='bbox 2569 5575 2825 5647; x_wconf 78' lang='grc' dir='ltr'>ὑπερέξει</span> <span class='ocrx_word' id='word_1_816' title='bbox 2880 5578 3088 5637; x_wconf 82' lang='grc' dir='ltr'>ἐκεῖνος</span> <span class='ocrx_word' id='word_1_817' title='bbox 3141 5575 3348 5640; x_wconf 73' lang='grc' dir='ltr'>αὑτοῦ,</span> <span class='ocrx_word' id='word_1_818' title='bbox 3393 5577 3621 5630; x_wconf 81' lang='grc' dir='ltr'>κατεῖπε</span> <span class='ocrx_word' id='word_1_819' title='bbox 3675 5573 3774 5644; x_wconf 80' lang='grc' dir='ltr'>μὲν</span> 
     </span>
    </p>
   </div>
   <div class='ocr_carea' id='block_1_118' title="bbox 2197 5667 3772 5739">
    <p class='ocr_par' dir='ltr' id='par_1_118' title="bbox 2197 5667 3772 5739">
     <span class='ocr_line' id='line_1_118' title="bbox 2197 5667 3772 5739; baseline -0.004 -14"><span class='ocrx_word' id='word_1_820' title='bbox 2197 5671 2366 5726; x_wconf 79' lang='grc' dir='ltr'>πολλὰ</span> <span class='ocrx_word' id='word_1_821' title='bbox 2396 5670 2492 5723; x_wconf 77' lang='grc' dir='ltr'>τοῦ</span> <span class='ocrx_word' id='word_1_822' title='bbox 2542 5668 2735 5739; x_wconf 79' lang='grc' dir='ltr'>ἀνδρὸς</span> <span class='ocrx_word' id='word_1_823' title='bbox 2760 5667 2894 5738; x_wconf 71' lang='grc' dir='ltr'>πρὸς</span> <span class='ocrx_word' id='word_1_824' title='bbox 2929 5669 3095 5721; x_wconf 78' lang='grc' dir='ltr'>Δαὸίδ</span> <span class='ocrx_word' id='word_1_825' title='bbox 3117 5688 3128 5699; x_wconf 90' lang='grc'><strong>·</strong></span> <span class='ocrx_word' id='word_1_826' title='bbox 3166 5669 3241 5738; x_wconf 83' lang='grc' dir='ltr'>μὴ</span> <span class='ocrx_word' id='word_1_827' title='bbox 3275 5667 3478 5721; x_wconf 85' lang='grc' dir='ltr'>πείθων</span> <span class='ocrx_word' id='word_1_828' title='bbox 3506 5669 3584 5734; x_wconf 86' lang='grc' dir='ltr'>δὲ,</span> <span class='ocrx_word' id='word_1_829' title='bbox 3615 5668 3772 5720; x_wconf 82' lang='grc' dir='ltr'>στέλ-</span> 
     </span>
    </p>
   </div>
   <div class='ocr_carea' id='block_1_119' title="bbox 2197 5755 3770 5831">
    <p class='ocr_par' dir='ltr' id='par_1_119' title="bbox 2197 5755 3770 5831">
     <span class='ocr_line' id='line_1_119' title="bbox 2197 5755 3770 5831; baseline -0.004 -15"><span class='ocrx_word' id='word_1_830' title='bbox 2197 5765 2276 5818; x_wconf 87' lang='grc' dir='ltr'><strong>λει</strong></span> <span class='ocrx_word' id='word_1_831' title='bbox 2321 5762 2495 5831; x_wconf 84' lang='grc' dir='ltr'>λάθρα</span> <span class='ocrx_word' id='word_1_832' title='bbox 2536 5759 2628 5814; x_wconf 68' lang='grc' dir='ltr'><strong>τὸν</strong></span> <span class='ocrx_word' id='word_1_833' title='bbox 2677 5759 2979 5814; x_wconf 80' lang='grc' dir='ltr'>καλέσοντα</span> <span class='ocrx_word' id='word_1_834' title='bbox 3011 5759 3100 5811; x_wconf 75' lang='grc' dir='ltr'>τὸν</span> <span class='ocrx_word' id='word_1_835' title='bbox 3149 5758 3412 5830; x_wconf 75' lang='grc' dir='ltr'>Ἀὅεννὴρ</span> <span class='ocrx_word' id='word_1_836' title='bbox 3451 5758 3526 5820; x_wconf 83' lang='grc' dir='ltr'>ὡς</span> <span class='ocrx_word' id='word_1_837' title='bbox 3579 5759 3645 5811; x_wconf 82' lang='grc' dir='ltr'><strong>ἐκ</strong></span> <span class='ocrx_word' id='word_1_838' title='bbox 3675 5755 3770 5810; x_wconf 75' lang='grc' dir='ltr'>τοῦ</span> 
     </span>
    </p>
   </div>
   <div class='ocr_carea' id='block_1_120' title="bbox 2195 5846 3770 5920">
    <p class='ocr_par' dir='ltr' id='par_1_120' title="bbox 2195 5846 3770 5920">
     <span class='ocr_line' id='line_1_120' title="bbox 2195 5846 3770 5920; baseline -0.007 -11"><span class='ocrx_word' id='word_1_839' title='bbox 2195 5854 2380 5910; x_wconf 78' lang='grc' dir='ltr'>Δαϐξδ.</span> <span class='ocrx_word' id='word_1_840' title='bbox 2425 5854 2692 5914; x_wconf 82' lang='grc' dir='ltr'>Κάκεῖνος</span> <span class='ocrx_word' id='word_1_841' title='bbox 2742 5849 3064 5920; x_wconf 74' lang='grc' dir='ltr'>ἀνέστρεψε,</span> <span class='ocrx_word' id='word_1_842' title='bbox 3113 5850 3208 5904; x_wconf 73' lang='grc' dir='ltr'>καὶ</span> <span class='ocrx_word' id='word_1_843' title='bbox 3253 5849 3574 5919; x_wconf 79' lang='grc' dir='ltr'>ὑπαντήσας</span> <span class='ocrx_word' id='word_1_844' title='bbox 3620 5846 3770 5917; x_wconf 81' lang='grc' dir='ltr'>αὐτῷ</span> 
     </span>
    </p>
   </div>
   <div class='ocr_carea' id='block_1_121' title="bbox 2207 5943 3762 6016">
    <p class='ocr_par' dir='ltr' id='par_1_121' title="bbox 2207 5943 3762 6016">
     <span class='ocr_line' id='line_1_121' title="bbox 2207 5943 3762 6016; baseline -0.006 -12"><span class='ocrx_word' id='word_1_845' title='bbox 2207 5948 2386 6015; x_wconf 75' lang='grc' dir='ltr'>ἰωὰ6,</span> <span class='ocrx_word' id='word_1_846' title='bbox 2416 5946 2507 6000; x_wconf 73' lang='grc' dir='ltr'>καὶ</span> <span class='ocrx_word' id='word_1_847' title='bbox 2544 5946 2617 6010; x_wconf 77' lang='grc' dir='ltr'><strong>ὥς</strong></span> <span class='ocrx_word' id='word_1_848' title='bbox 2647 5961 2697 5998; x_wconf 81' lang='grc' dir='ltr'><strong>τι</strong></span> <span class='ocrx_word' id='word_1_849' title='bbox 2737 5944 3142 6016; x_wconf 56' lang='grc' dir='ltr'>μυστικώτερα]</span> <span class='ocrx_word' id='word_1_850' title='bbox 3183 5943 3332 6016; x_wconf 83' lang='grc' dir='ltr'><strong>αὐτῷ</strong></span> <span class='ocrx_word' id='word_1_851' title='bbox 3365 5944 3762 6013; x_wconf 76' lang='grc' dir='ltr'>διαλεξόμενος,</span> 
     </span>
    </p>
   </div>
  </div>
