3958 6578
501 450 598 517 151
1814 444 2139 508 JOANNIS
2176 442 2500 508 ZONAR/E
3672 447 3773 511 15g

495 565 550 620 ei
578 561 794 618 traditis
823 579 835 616 :
867 575 1105 632 quorum
1140 572 1310 615 unum
1341 559 1530 616 Sibam
1560 560 1987 629 procuratorem
2011 552 2071 609 fat

2195 570 2285 616 νος
2331 554 2413 617 εἰς
2464 552 2820 627 εὐχαριστίαν
2879 557 3170 629 ἐτράπετο.
3235 558 3344 612 Καὶ
3403 557 3543 629 μετᾶ
3596 559 3773 615 ταῦτα

488 656 597 724 cit,
634 665 696 712 ut
728 664 1031 727 proventus
1072 652 1396 717 fundorum,
1435 666 1578 723 quos
1601 650 1772 706 herus
1799 647 1949 704 dono
1987 661 2071 703 ac-

2185 645 2427 737 ἐπάταςε
2465 650 2596 711 τοὺς
2641 648 2999 720 ἀλλοφύλους,
3030 652 3129 708 καὶ
3167 651 3636 720 κατετροπώσατο
3672 656 3789 726 αὖε,

494 756 742 820 ceperat,
778 748 1082 819 colligeret.
1128 745 1223 804 Sic
1250 744 1724 817 Mempbibosthes
1768 741 2071 813 Hierosoly-

2184 740 2310 802 τοὺς
2369 741 2465 795 καὶ
2506 741 2635 806 τοὺς
2686 742 3013 815 συμμάχους
3058 743 3260 809 αὐτῶν,
3304 746 3401 798 καὶ
3431 745 3532 814 τὴν
3565 744 3774 816 Συρίαν

492 843 602 901 mis
628 840 861 903 habitat,
891 855 1191 909 mensaque
1219 838 1367 909 regia
1393 836 1622 892 fruitur.

2188 831 2467 903 ὐπόφορον
2509 834 2829 906 ἐποιήσατο,
2878 837 3129 907 φρουρὰν
3176 837 3236 889 ἐν
3279 835 3565 906 Δαμασκῷ
3603 853 3775 891 καταρ

495 934 727 1005 στήσας.
773 933 884 988 Καὶ
922 934 981 986 ἐν
1022 933 1101 1003 τῷ
1150 928 1657 998 ἐπαναζευγνύειν,
1699 927 1943 995 ἐπάταξε
1981 927 2081 999 τὴν
2127 926 2479 996 Ἰδουμαίαν,
2531 929 2630 982 καὶ
2694 929 2947 998 ἐγένοντο
2995 931 3199 995 πάντες
3251 931 3547 1002 Ἰδουμαῖοι
3587 929 3774 985 δοῦὶοι

492 1029 572 1100 τῷ
601 1016 785 1085 Δαϐίδ.
825 1028 1104 1100 Μνησθεὶς
1130 1029 1187 1083 δὲ
1210 1030 1239 1082 6
1263 1027 1430 1082 Δαδὶδ
1464 1027 1575 1082 τῶν
1614 1026 1755 1097 πρὸς
1809 1026 2074 1082 ’ίωνάθαν
2111 1025 2220 1079 τῶι
2287 1027 2383 1082 τοῦ
2450 1026 2625 1080 Σαοὺλ
2678 1027 2989 1099 συνθηκῶν,
3038 1030 3309 1103 ἐζήτησεν
3348 1030 3402 1084 ει
3427 1025 3517 1092 τις
3560 1030 3629 1083 ἐκ
3668 1024 3768 1081 τοῦ

492 1122 688 1192 γένους
720 1122 816 1177 τοῦ
894 1121 1072 1175 Σαοὺλ
1122 1119 1536 1183 ὑπολέλειπται,
1608 1119 1707 1172 καὶ
1780 1117 1975 1188 μαθὼν
2019 1121 2295 1190 περιεῖναι
2364 1120 2456 1174 τοῦ
2498 1119 2755 1175 Ἰωνάθαν
2802 1122 2919 1175 υίὺν
2969 1122 3352 1194 βεϐλαμμένον
3398 1121 3528 1187 τοὺς
3573 1122 3773 1190 πόδας,

491 1213 855 1286 Μεμφιϐοσθέ
882 1210 1243 1283 κεκλημένον,
1288 1209 1696 1280 μετεκαλέσατο
1735 1209 1922 1276 αὐτὸν,
1963 1209 2060 1264 καὶ
2096 1211 2389 1281 ἐχαρίσατο
2424 1212 2524 1283 τὴν
2548 1213 2640 1268 τοῦ
2672 1215 2899 1269 πάππου
2958 1217 3140 1270 πᾶσαν
3169 1215 3407 1290 ὕπαρξιν
3443 1216 3523 1286 τῷ
3572 1218 3755 1288 ἀνδρὶ,

492 1316 589 1370 καὶ
632 1313 943 1384 ὁμοδίαιτον
991 1309 1173 1380 ἐαυτῷ
1224 1307 1401 1364 διόλου
1488 1302 1632 1362 εἶναι
1699 1307 1980 1361 ἐκέλευσε.
2034 1306 2143 1361 Καὶ
2180 1309 2311 1371 τοὺς
2362 1308 2656 1380 πατρῴους
2699 1312 2921 1376 οἰκέτας
2962 1313 3114 1383 αὐτῷ
3160 1315 3648 1387 προσαπένειμεν·
3698 1310 3776 1372 ὧν

492 1406 576 1461 ἐστὶ
622 1405 755 1460 Σιϐἀ
784 1404 1109 1476 καλουμένῳ
1161 1401 1547 1474 ἐπιτροπεύειν
1595 1401 1705 1456 τῶν
1757 1399 2156 1470 δεδωρημένων
2194 1399 2274 1470 τῷ
2335 1402 2502 1455 αὑτοῦ
2568 1404 2744 1475 κυρίῳ
2805 1404 3103 1478 ἐπέτρεψε,
3159 1408 3253 1461 καὶ
3300 1407 3606 1477 προσάγειν
3630 1409 3777 1462 ἐκεί-

492 1515 567 1566 νῳ
618 1498 718 1569 τὴν
774 1496 997 1553 ἐκεῖθεν·
1032 1495 1324 1565 ὠφέλειαν.
1379 1494 1437 1548 '0
1488 1495 1545 1546 δὲ
1596 1491 1959 1563 Μεμφιϐοσθὲ
2018 1494 2077 1545 ἐν
2125 1490 2525 1563 Ἱεροσολύμοις
2552 1493 2713 1565 ᾤκει,
2744 1497 2840 1549 καὶ
2869 1499 3218 1554 συνειστιᾶτο
3243 1497 3322 1567 τῷ
3355 1497 3592 1570 βασιλεῖ.

565 1595 659 1652 ιιι.
694 1595 811 1653 Sub
856 1593 911 1651 id
946 1604 1164 1664 tempus
1206 1592 1647 1649 Ammanitarum
1697 1606 1813 1654 rex,
1852 1587 2074 1644 Davidis

475 1687 724 1753 amicus,
748 1686 1008 1752 moritur,
1060 1687 1295 1741 Annone
1331 1684 1445 1739 tilio
1481 1683 1698 1749 relicto,
1731 1681 1893 1752 patrii
1921 1680 2072 1750 regni

492 1793 835 1837 successore.
874 1778 957 1834 Ad
1011 1792 1139 1834 eum
1173 1775 1341 1831 David
1376 1777 1581 1845 legatos
1616 1774 1809 1837 mittit,
1848 1772 1942 1843 qui
1983 1771 2070 1827 lu-

491 1885 641 1928 ctum
694 1874 817 1945 ejus
856 1871 1305 1935 consolarentur,
1369 1867 1645 1937 simulque
1696 1865 2068 1929 nunciarent,

2252 1591 2325 1644 l".
2353 1591 2507 1645 Κατὰ
2539 1590 2597 1644 δέ
2638 1592 2733 1647 τὸν
2758 1594 2880 1647 τότε
2916 1594 3110 1665 χρόνον
3141 1595 3407 1666 τέθνηκεν
3443 1598 3474 1652 6
3503 1597 3615 1652 τῶν
3630 1596 3776 1668 ’Δμο

2182 1682 2424 1751 μανι-,τῶν
2457 1681 2739 1753 βασιλεὺς,
2767 1683 2921 1754 φίλος
2942 1684 3020 1738 ῶν
3045 1685 3138 1739 τοῦ
3171 1685 3357 1751 Δαϐὶδ,
3391 1687 3486 1739 ἐπὶ
3512 1685 3618 1755 υίῷ
3645 1685 3771 1740 Ἀνο

2181 1773 2310 1840 νὼν,
2355 1774 2414 1839 6;
2440 1774 2541 1847 τὴν
2574 1777 2854 1847 πατρικὴν
2891 1777 3071 1849 ἀρχὴν
3126 1776 3418 1843 διεδέξατο.
3474 1776 3773 1848 Ἔπεμψεν

2179 1863 2275 1922 οὖν
2306 1868 2441 1939 πρὸς
2477 1867 2680 1922 Ἀννὼν
2710 1871 2738 1924 6
2763 1870 2929 1925 Δαϐὶδ
2959 1871 3085 1935 τοὺς
3131 1871 3627 1944 παρηγορήσοντας
3671 1871 3773 1943 τὴν

493 1964 753 2020 Davidem
787 1962 1086 2019 amicitiam
1118 1976 1248 2031 erga
1279 1959 1433 2014 illum
1459 1972 1684 2028 quoque
1708 1963 2071 2012 conservatu-

2179 1961 2272 2015 ἐπὶ
2297 1960 2377 2032 τῷ
2406 1961 2578 2032 πατρὶ
2631 1961 2810 2032 λύπην
2836 1961 3028 2027 αὐτοῦ,
3065 1964 3161 2018 καὶ
3213 1966 3405 2035 τηρεῖν
3437 1962 3540 2036 τὴν
3584 1962 3772 2035 φιλίαν

494 2073 638 2112 rum.
669 2056 739 2113 At
800 2055 891 2113 ille
913 2053 1293 2125 exploratores
1319 2065 1442 2107 esse
1478 2051 1688 2121 legatos
1738 2049 2072 2119 suspicatus,

492 2151 633 2205 rasis
671 2165 736 2205 ex
767 2157 921 2219 parte
953 2146 1145 2203 barbis
1190 2160 1405 2209 eorum,
1435 2153 1495 2199 et
1522 2142 1750 2198 semisse
1781 2141 2074 2212 palliorum

492 2245 781 2309 praesecto,
810 2236 1041 2292 dimittit
1080 2234 1353 2290 homines.
1387 2233 1537 2300 Quos
1563 2246 1691 2287 cum
1721 2230 1801 2286 sic
1842 2229 2076 2287 all'ectos

492 2329 662 2387 David
712 2328 950 2393 videret,
980 2328 1240 2391 Joabutn,
1287 2326 1488 2382 tradita
1537 2322 1877 2383 validissima
1916 2331 2074 2393 parte

490 2422 797 2494 copiarum,
832 2428 1024 2477 contra
1047 2420 1390 2476 Ammanitas
1414 2419 1584 2475 mittit
1612 2435 1626 2473 :
1659 2418 1754 2488 qui
1780 2416 2075 2472 commisso

491 2514 704 2585 prndio,
732 2526 791 2572 et
812 2514 964 2585 ipsos
998 2522 1055 2572 et
1090 2514 1389 2571 [redemtos
1422 2529 1617 2571 eorum
1661 2512 1830 2585 Syros
1880 2512 2073 2569 vincit.

491 2605 574 2664 Illi
609 2616 733 2676 post
764 2606 948 2677 fugam
981 2607 1165 2662 denuo
1190 2605 1379 2662 ascitis
1417 2605 1606 2670 sociis,
1640 2605 1845 2661 bellum
1879 2605 2074 2661 redin—

489 2705 733 2769 tegrant.
758 2697 897 2754 Tum
929 2698 1093 2753 David
1131 2713 1255 2754 cum
1283 2707 1396 2755 toto
1418 2697 1667 2753 exercitu
1697 2711 1796 2755 eos
1819 2696 2071 2763 adortus,

492 2790 698 2848 multos
729 2791 909 2859 caedit,
938 2792 1210 2849 Sobacum
1243 2792 1529 2848 hostilium
1559 2792 1841 2864 legionum
1871 2791 2072 2849 ducem

492 2883 737 2955 graviter
778 2884 1079 2940 vulnerat:
1118 2900 1231 2955 quo
1281 2901 1351 2941 ex
1400 2886 1496 2942 illo
1549 2886 1778 2943 vulnere
1829 2896 2071 2952 mortuo,

491 2974 614 3047 Syri
659 2991 727 3031 ex
775 2976 1164 3049 Mesopotamia
1243 2977 1380 3033 socii
1426 2978 1869 3035 Ammanitarum
1916 2979 2076 3035 dedi-

493 3070 701 3127 tionem
729 3067 962 3126 iaciunt.
1010 3069 1180 3126 David
1221 3070 1456 3128 Joabum
1486 3087 1683 3128 rursus
1711 3080 1902 3127 contra
1941 3073 2075 3128 Am-

492 3161 726 3218 manitas
761 3161 948 3231 mittil,
984 3163 1082 3234 qui
1115 3179 1241 3220 cum
1272 3178 1369 3219 eos
1393 3164 1448 3220 in
1482 3164 1632 3220 illius
1680 3173 1840 3222 terra:
1869 3172 2074 3220 metrov

492 3252 663 3325 polim
698 3252 806 3325 74
837 3254 1152 3325 compulsos
1173 3254 1476 3321 obsideret,
1529 3256 1646 3325 ipse
1684 3256 1907 3311 interim
1934 3253 2070 3311 llic-

492 3347 785 3419 rosolymis
819 3348 1041 3419 degens,
1067 3364 1191 3403 cum
1217 3364 1248 3404 e
1284 3349 1429 3419 regia
1468 3349 1778 3412 mulierem,
1845 3350 2070 3405 nomine

493 3438 796 3508 Bersaben,
840 3440 989 3496 domi
1028 3442 1303 3498 lavantem
1355 3442 1760 3514 conspexisset,
1797 3457 1925 3498 cum
1976 3442 2071 3497 illa

490 3533 759 3589 accersita
795 3550 910 3590 rem
952 3534 1138 3590 habet.
1171 3534 1304 3602 Qua:
1344 3550 1471 3591 cum
1519 3549 1580 3591 se
1621 3550 1747 3591 esse
1789 3535 2068 3607 gravidam

494 3625 608 3695 regi
646 3626 968 3693 indicasset,
1015 3627 1202 3683 Uriam
1242 3628 1345 3692 (sic
1372 3628 1521 3683 enim
1550 3616 1786 3683 maritus
1820 3628 1942 3697 ejus
1974 3644 2070 3682 vo-

493 3718 746 3789 cabatur)
779 3718 848 3773 ab
887 3718 1177 3775 obsidione
1215 3728 1432 3784 avocat,
1468 3730 1526 3776 et
1557 3719 1627 3775 de
1669 3719 1915 3775 exercitu
1946 3734 2071 3788 pcr-

494 3820 774 3879 conlatus,
804 3812 987 3867 missis
1029 3810 1099 3867 de
1129 3825 1285 3866 coma
1320 3810 1566 3877 ferculis,
1613 3811 1836 3867 domum
1867 3811 1946 3868 ire
1979 3810 2071 3880 jn-

496 3902 609 3959 liet.
640 3903 842 3959 Verum
872 3902 963 3959 ille
988 3918 1098 3958 non
1125 3901 1239 3957 abit
1269 3918 1284 3956 :
1316 3917 1494 3973 neque
1517 3902 1667 3958 enim
1690 3902 1917 3968 decere,
1941 3917 2067 3958 cum

494 3998 607 4054 dux
637 4006 693 4053 et
721 3998 1123 4055 commilitones
1153 3998 1207 4053 in
1252 3998 1449 4054 castris
1479 4012 1756 4053 a-rumnas
1778 3996 1977 4056 ferant.
2009 4011 2069 4051 se

496 4104 623 4145 cum
665 4103 833 4144 uxore
863 4091 1252 4145 concumbere.
1290 4090 1436 4160 Rege
1471 4089 1671 4144 iterum
1719 4088 1974 4143 hortante
2008 4095 2070 4142 ut

493 4185 723 4240 domum
757 4183 883 4248 iret,
933 4191 989 4237 et
1018 4185 1233 4254 poculis
1276 4184 1393 4240 fere
1433 4199 1608 4253 usque
1645 4183 1714 4238 ad
1743 4183 2067 4239 ebrietatem

495 4286 745 4347 urgente,
779 4275 871 4331 ille
905 4291 1006 4346 pro
1041 4276 1207 4348 regia:
1232 4277 1447 4331 foribus
1483 4291 1733 4332 somnum
1758 4277 1924 4346 capit.
1964 4277 2070 4332 Ita-

491 4385 600 4442 que
639 4368 821 4425 Uriam
866 4371 921 4424 in
951 4379 1129 4425 castra
1179 4368 1411 4424 remittit
1455 4383 1573 4434 rex,
1604 4368 1822 4425 traditis
1848 4370 1915 4425 ad
1944 4370 2072 4427 Joa-

491 4465 623 4519 bum
653 4463 877 4528 litteris,
913 4464 1114 4535 quibus
1143 4463 1551 4534 illejubebatur
1575 4472 1818 4519 statuere
1855 4463 2064 4533 Uria"),

489 4573 598 4628 qua
630 4573 811 4628 pugna
843 4566 991 4614 esset
1033 4558 1358 4627 asperrima,
1409 4555 1705 4626 deseriquc
1746 4557 1821 4612 ibi
1863 4559 2066 4626 solum,

492 4649 736 4707 reductis
760 4649 994 4714 ceteris,
1021 4658 1080 4705 ut
1102 4651 1173 4705 ita
1201 4652 1591 4719 perimeretur.
1623 4648 1787 4705 Fiunt
1808 4650 1961 4721 jussa
1984 4666 2065 4706 ιο·
2088 4673 2145 4728 »ο

492 4744 598 4813 gis,
639 4742 803 4800 Urius
848 4741 1145 4803 occiditur,
1178 4741 1250 4795 ab
1299 4756 1471 4797 uxore
1516 4741 1760 4811 lugetur,
1800 4742 2069 4814 ﬁnitoque

494 4838 644 4892 luctu
676 4836 874 4891 mulier
905 4834 1096 4897 Davidi
1125 4833 1307 4897 nubit,
1345 4847 1410 4888 ac
1445 4833 1617 4889 tilium
1651 4836 1817 4906 parit.
1857 4836 1940 4892 Ob
1966 4837 2071 4892 hoc

492 4930 709 4987 facinus
736 4929 908 4984 iratus
937 4928 1101 4991 Deus,
1135 4925 1440 4982 Nathanem
1466 4926 1533 4982 ad
1582 4926 1844 4982 Davidem
1878 4929 2068 4994 mittit,

492 5026 588 5097 qui
609 5040 733 5081 cum
768 5039 897 5095 rege
920 5036 1275 5093 congressus,
1307 5022 1457 5077 hunc
1505 5023 1559 5077 in
1598 5023 1821 5078 modum
1850 5023 2072 5079 loeutus

490 5129 615 5176 est:
648 5118 766 5174 Duo
799 5118 899 5172 viri
936 5116 1167 5185 fuerunt,
1219 5130 1442 5186 quorum
1490 5115 1628 5169 alter
1673 5132 1854 5187 greges
1901 5124 1951 5172 et
1980 5135 2073 5172 ar-

492 5220 672 5267 menta
725 5209 929 5276 habuit,
978 5208 1117 5262 alter
1155 5224 1318 5262 unam
1363 5208 1631 5263 duntaxat
1674 5224 1891 5277 agnam.
1938 5207 2071 5263 Cum

494 5315 677 5360 autem
714 5306 900 5372 hospes
932 5303 1151 5372 quidam
1176 5301 1247 5356 ad
1279 5301 1492 5356 divitem
1523 5300 1835 5364 divertisset,
1866 5317 1972 5355 non
2009 5305 2074 5355 de

492 5397 599 5449 suis
622 5392 937 5457 immolauit,
967 5392 1059 5446 sed
1088 5393 1336 5463 pauperis
1360 5408 1557 5462 agnam
1580 5400 1871 5446 mactatam
1901 5393 2101 5447 amico‘

496 5486 819 5559 epulandum
849 5486 1114 5557 apposuit.
1153 5484 1232 5539 lbi
1262 5484 1432 5538 David
1487 5499 1614 5538 eum
1646 5483 1740 5552 qui
1764 5483 1818 5537 id
1857 5482 2069 5549 fecerit,

497 5580 789 5651 quadrupli
830 5589 887 5635 et
947 5579 1145 5649 capitis
1186 5578 1538 5633 condemnat.
1591 5574 1732 5630 Tum
1785 5575 2000 5631 Nathan
2052 5592 2070 5631 :

497 5673 698 5729 Contra
736 5674 981 5746 teipsum,
1027 5672 1229 5742 inquit,
1274 5688 1306 5727 0
1365 5687 1480 5735 rex,
1512 5671 1830 5723 sententiam
1880 5668 2068 5725 tulisti.

496 5768 570 5823 Tu
623 5768 762 5821 enim
808 5767 865 5820 id
918 5768 1126 5837 facinus
1178 5766 1358 5828 edisti,
1409 5764 1573 5831 eique
1630 5760 1966 5816 adulterium
2015 5771 2072 5816 et

494 5859 697 5914 «sedem
744 5865 1158 5918 commemorat.
1199 5869 1255 5912 et
1286 5857 1424 5911 iram
1470 5855 1563 5909 Dei
1600 5861 1828 5923 propter
1870 5852 1981 5917 illa,
2017 5861 2074 5907 et

495 5951 681 6007 clades
714 5950 1068 6007 imminentes
1102 5948 1393 6004 denuntiat
1420 5964 1433 6002 :
1466 5959 1632 6017 atque
1670 5945 1815 6000 inter
1848 5952 2068 6010 cmtera,

496 6052 727 6101 mortem
755 6041 852 6100 ﬁlii
892 6058 959 6100 ex
990 6039 1265 6100 adulterio
1291 6038 1481 6111 geniti.
1520 6037 1690 6096 David
1718 6052 1776 6094 sc
1811 6051 2069 6125 pec-casse

2179 2048 2629 2121 ἀπαγγελοῦντας
2680 2056 2778 2109 καὶ
2820 2054 2907 2134 ἐπέ
2940 2056 3091 2127 αὐτῷ
3111 2058 3203 2111 τὸν
3235 2057 3425 2129 Δαϐίδ.
3464 2057 3523 2111 'U
3557 2057 3636 2122 δὲ,
3669 2075 3771 2111 κα-

2175 2142 2485 2206 τασκόπους
2533 2138 2674 2199 εἶναι
2721 2144 2852 2208 τοὺς
2889 2145 3245 2216 πεμφθέντας
3297 2143 3659 2214 ὑπειληφὼς,
3680 2143 3773 2210 ξυ-

2179 2236 2351 2304 ρήσας
2381 2235 2563 2290 αὐτῶν
2609 2238 2761 2308 παρὰ
2796 2236 2962 2309 μέρος
2994 2237 3126 2300 τοὺς
3161 2235 3454 2306 πώγωνας,
3483 2237 3577 2290 καὶ
3603 2253 3771 2306 περι-

2176 2324 2358 2397 τεμὼν
2383 2325 2452 2380 τά
2481 2326 2658 2399 ήμίση
2691 2326 2802 2382 τῶν
2851 2318 3145 2399 ἐπωμίδων
3172 2327 3376 2392 αὐτῶν,
3409 2326 3769 2392 ἐξαπέστειλε

2175 2418 2304 2481 τοὺς
2346 2417 2570 2490 ἄνδρας.
2606 2418 2718 2483 Οὓς
2745 2418 2891 2473 οὕτω
2917 2418 3301 2491 διακειμένους
3338 2417 3462 2473 ίδὼν
3490 2422 3520 2475 6
3575 2419 3766 2487 Δαϐὶδ,

2175 2507 2236 2561 τὸ
2257 2508 2358 2577 τῆς
2385 2510 2651 2580 στρατιᾶς
2674 2510 3053 2581 ἀκμαιότατον
3077 2509 3156 2579 τῷ
3181 2510 3613 2582 ἀρχιστρατήγιρ
3643 2510 3770 2574 δοὺς

2188 2599 2384 2666 Ἰωάϐ,
2440 2601 2586 2655 κατὰ
2639 2601 2752 2655 τῶν
2804 2602 3165 2673 ’Δμμανιτῶν
3218 2602 3600 2670 ἐξαπέστειλε.
3657 2603 3769 2657 Καὶ

2179 2693 2471 2764 συμϐαλὼν
2490 2695 2724 2759 ἐκείνοις
2756 2694 2785 2748 6
2808 2696 2994 2761 ‘lwit6,
3030 2695 3229 2760 αὐτούς
3254 2712 3313 2749 τε
3340 2696 3435 2750 καὶ
3464 2697 3593 2759 τοὺς
3627 2713 3769 2767 συμ-

2180 2785 2385 2856 μάχους
2409 2787 2618 2858 Σύρους
2644 2787 2783 2858 ήττᾷ
2806 2803 2823 2818 ·
2878 2789 2975 2842 καὶ
3004 2788 3298 2859 τρέπονται
3333 2789 3414 2852 είς
3442 2790 3647 2860 φυγήν.
3701 2789 3768 2843 Οί

2175 2876 2254 2940 δὲ,
2289 2878 2383 2930 καὶ
2415 2877 2583 2932 πάλιν
2604 2878 2932 2949 συμμάχους
2964 2880 3414 2951 προσειληφότες,
3437 2881 3575 2950 πρὸς
3605 2879 3769 2934 πολεο

2179 2987 2279 3039 μον
2300 2970 2494 3042 ᾔεσαν.
2518 2972 2631 3025 Καὶ
2658 2972 2888 3039 ὀΔαϐὶδ,
2914 2973 3014 3026 σὺν
3042 2975 3192 3047 πάσῃ
3214 2976 3278 3044 τῇ
3298 2975 3530 3045 στρατιᾷ
3558 2973 3772 3045 συμϐα-

2175 3060 2284 3117 λὼν
2310 3065 2520 3130 αὐτοῖς,
2570 3065 2801 3130 πολλοὺς
2833 3067 2933 3137 μέν
2958 3068 3171 3122 ἀνεῖλεν
3198 3085 3213 3100 ·
3241 3071 3270 3122 6
3299 3069 3345 3121 δ’
3375 3068 3621 3139 ἐξάρχων
3669 3068 3770 3133 τῆς

2174 3155 2285 3209 τῶν
2315 3156 2578 3211 ἐναντίων
2604 3156 2890 3230 δυνάμεως
2924 3159 3144 3227 Σωϐἀκ,
3167 3159 3403 3232 τρωθεὶς
3440 3161 3680 3231 καιρίως
3710 3161 3768 3213 ἐν

2173 3248 2255 3318 τῷ
2283 3248 2529 3322 πολέμῳ,
2564 3249 2826 3324 τέθνηκεν
2848 3255 2914 3308 ἐκ
2950 3250 3047 3307 τοῦ
3073 3254 3413 3325 τραύματος.
3443 3255 3508 3308 Οἱ
3536 3254 3767 3325 σύμμαο

2175 3359 2262 3412 χοι
2293 3342 2351 3397 δέ
2377 3341 2489 3397 τῶν
2525 3343 2905 3415 Ἀμμανιτῶν,
2937 3346 3102 3417 Σύροι
3152 3348 3305 3410 ὄντες
3338 3348 3404 3401 ἐκ
3436 3348 3767 3403 Μεσοποτα-

2180 3435 2332 3505 μίας,
2383 3436 2610 3500 ἑαυτοὺς
2648 3435 2975 3510 παρέδωκαν
3025 3438 3104 3510 τῷ
3160 3439 3347 3495 Δαϐίδ.
3392 3435 3559 3504 Αὖθις
3587 3441 3650 3495 δὲ
3678 3443 3767 3496 τὸν

2192 3529 2350 3584 Ἰωὰϐ
2375 3530 2699 3603 ἐκπέπομφε
2729 3532 2871 3585 κατὰ
2890 3532 3000 3587 τῶν
3018 3526 3393 3606 Ἀμμανιτῶν,
3420 3536 3479 3601 ὃς
3509 3518 3767 3606 συγκλεί-

2179 3641 2282 3688 σας
2307 3625 2505 3689 αὐτοὺς
2549 3627 2632 3689 είς
2663 3625 2766 3695 τὴν
2795 3625 2897 3695 τῆς
2946 3625 3135 3699 χώρας
3166 3627 3346 3682 αὐτῶν
3397 3630 3763 3702 μητρόπολιν,

2177 3716 2509 3787 ἐπολιόρκει.
2562 3717 2727 3771 Δαϐὶε
2778 3718 2837 3772 6's
2871 3719 2930 3772 ἐν
2976 3720 3375 3793 Ἱεροσολύμοις
3412 3723 3642 3793 διάγων,
3672 3723 3768 3778 καὶ

2176 3808 2242 3861 ἐκ
2271 3808 2380 3862 τῶν
2427 3808 2718 3879 βασιλείων
2749 3810 2873 3866 ίδὼν
2903 3815 3139 3880 γυναῖκα
3185 3815 3308 3867 κατ’
3353 3813 3500 3869 οἶκον
3528 3815 3767 3887 λουομέ-

2175 3915 2296 3971 νην,
2331 3900 2615 3972 Βηρσαϐεέ
2645 3903 3012 3975 καλουμένην,
3049 3906 3264 3976 ἠράσθη
3298 3907 3491 3977 αὐτῆς.
3524 3908 3638 3962 Καὶ
3666 3926 3764 3979 με·

2174 3994 2601 4067 ταστειλάμενος
2625 3996 2727 4067 τὴν
2751 4000 3005 4067 γυναῖκα,
3037 3999 3201 4070 ἐμίγη
3228 4000 3390 4072 αὐτῇ.
3417 4001 3763 4057 Συλλαϐοὖσα

2174 4086 2254 4149 δὲ,
2284 4087 2364 4159 τῷ
2394 4086 2609 4158 βασιλεῖ
2652 4088 2714 4142 τὸ
2746 4092 2981 4160 πρᾶγμα
3012 4088 3306 4162 ἐδήλωσεν.
3368 4092 3427 4147 Ὀ
3460 4092 3516 4146 δὲ
3551 4093 3647 4147 τὸν
3672 4095 3766 4150 άν-

2175 4180 2275 4252 δρα
2308 4180 2480 4252 αὐτῆς
2510 4184 2574 4236 ἐκ
2597 4183 2694 4252 τῆς
2729 4181 3046 4254 πολιορκίας
3069 4176 3352 4249 ἐκῖὶλεσεν,
3385 4186 3592 4257 Ούρίαν
3627 4187 3765 4240 ὠνο-

2178 4274 2481 4344 μασμένον.
2507 4275 2618 4330 Καὶ
2646 4276 2930 4347 ἐρωτήσας
2965 4278 3094 4350 περὶ
3142 4276 3244 4349 τῆς
3274 4281 3557 4352 στρατιάς,
3581 4281 3679 4335 καὶ
3703 4284 3764 4336 ἐκ

2177 4364 2270 4419 τοῦ
2298 4365 2518 4420 δείπνου
2569 4366 2720 4438 αὐτῷ
2768 4368 3091 4440 παρασχὼν,
3143 4372 3225 4436 είς
3267 4370 3361 4425 τὸν
3395 4369 3545 4427 οἷκον
3594 4374 3763 4429 αὑτοῦ

2176 4458 2467 4512 ἐκέλευσεν
2499 4459 2780 4517 ἀπελθεῖν.
2832 4461 2892 4515 '0
2938 4462 2994 4516 δὲ
3023 4463 3124 4517 οὐκ
3153 4463 3400 4533 ἀπῆλθε·
3436 4464 3512 4537 μὴ
3554 4466 3764 4520 δίκαιον

2176 4544 2318 4603 εἶναι
2351 4551 2554 4621 φήσας,
2583 4551 2676 4605 τὸν
2703 4554 3015 4626 στρατηγὸν
3049 4552 3148 4608 καὶ
3191 4556 3318 4620 τοὺς
3346 4544 3765 4629 συστρατιώτας

2175 4641 2643 4713 ταλαιπωρεῖσθαι
2674 4644 2732 4697 ἐν
2757 4647 2825 4716 τῇ
2855 4645 3199 4718 παρεμϐολῇ,
3228 4647 3391 4702 αὐτὸν
3416 4648 3473 4702 δὲ
3504 4650 3646 4720 μετά
3667 4650 3765 4720 τῆς

2173 4735 2433 4802 γυναικὸς
2485 4737 2932 4803 συνευνάζεσθαι.
2992 4739 3164 4795 Πάλιν
3212 4738 3421 4796 δέ-τοῦ
3493 4742 3763 4815 βασιλέως

2174 4831 2622 4901 προτρεπομένου
2689 4831 2852 4885 αὐτὸν
2886 4832 3072 4887 οἴκαδε
3121 4832 3399 4901 ἀπελθεῖν,
3442 4834 3537 4889 καὶ
3578 4836 3762 4904 δεξιωο

2175 4916 2414 4992 σαμένου
2441 4923 2607 4976 αὐτὸν
2635 4924 2991 4994 προπόσεσιν,
3029 4926 3105 4991 ὡς
3141 4928 3234 4981 καὶ
3261 4930 3343 4991 είς
3373 4928 3546 4999 μέθην
3573 4929 3762 5000 σχεδὸν

2175 5013 2545 5084 προαχθῆναι,
2581 5015 2793 5079 ἐκεῖνος
2827 5015 2935 5087 πρὸ
2959 5015 3070 5069 τῶν
3105 5017 3287 5089 θυρῶν
3314 5018 3427 5073 τῶν
3468 5019 3762 5090 βασιλείων

2173 5103 2530 5174 κατέδαρθεν.
2563 5103 2914 5161 Ἀπέστειλεν
2969 5107 3063 5162 οὖν
3091 5109 3257 5163 πάλιν
3309 5112 3389 5173 είς
3433 5111 3496 5164 τὸ
3528 5112 3760 5183 στρατό-

2174 5196 2335 5250 πεδον
2382 5198 2477 5250 τὸν
2523 5195 2728 5267 Οὐρίαν
2779 5199 2808 5252 6
2864 5199 3143 5270 βασιλεὺς,
3201 5202 3298 5256 καὶ
3356 5204 3576 5276 γραφὴν
3608 5202 3760 5275 αύτῷ

2173 5288 2468 5361 ἐγχειρίζει
2492 5290 2629 5362 πρὸς
2653 5290 2836 5359 Ίωὰϐ,
2877 5291 3484 5365 ἐντελλομένηνστῆσαι
3521 5296 3612 5349 τὸν
3652 5298 3758 5351 Οὐ-

2176 5382 2321 5453 ρίαν,
2350 5382 2479 5438 ἔνθα
2511 5386 2619 5439 τῶν
2649 5385 2925 5457 πολεμίων
2951 5385 3012 5440 τὸ
3035 5385 3486 5456 δυσμαχώτατον,
3515 5390 3609 5441 καὶ
3629 5389 3762 5442 ἀπο-

2176 5476 2484 5547 στραφῆναι
2511 5479 2638 5542 τοὺς
2667 5480 2765 5533 σὺν
2796 5478 2965 5549 αὐτῷ,
3010 5470 3179 5550 μόνον
3218 5481 3479 5543 λιπόντας
3520 5482 3657 5543 ἐκεῖ,
3687 5480 3757 5535 ἶν’

2173 5568 2347 5632 οὕτως
2375 5572 2658 5643 ἀναιρεθῇ.
2710 5573 2818 5627 Καὶ
2852 5573 3046 5643 γέγονε
3077 5575 3222 5629 κατὰ
3269 5575 3330 5628 τὸ
3356 5572 3453 5628 τοῦ
3490 5574 3759 5647 βασιλέως

2175 5662 2458 5733 ἐπίταγμα
2484 5658 2500 5698 έ
2530 5667 2625 5720 καὶ
2652 5668 2681 5720 6
2717 5665 2923 5738 Οὐρίας
2953 5666 3248 5721 ἀπέθανεν.
3293 5668 3357 5721 Ἡ
3380 5668 3438 5723 δέ
3477 5669 3616 5740 γυνὴ
3656 5666 3757 5721 αύ-

2173 5753 2269 5809 τοῦ
2324 5756 2627 5828 ἐπένθησεν
2680 5759 2773 5812 ἐπὶ
2799 5758 2878 5828 τῷ
2932 5760 3109 5831 ἀνδρί.
3161 5760 3532 5830 Παυσαμένην
3574 5761 3628 5814 δὲ
3658 5761 3753 5814 τοῦ

2173 5846 2428 5914 πένθους,
2475 5850 2504 5901 6
2546 5849 2712 5903 Aa6‘t6
2768 5849 2964 5903 ἔὶαϐεν
2996 5850 3167 5923 αὐτὴν
3213 5853 3294 5917 εἰς
3345 5854 3621 5921 γυναῖκαο
3656 5869 3753 5906 κα.

2174 5937 2362 5992 ἔτεκεν
2394 5940 2543 6012 αὐτῷ
2583 5942 2717 5998 υἱόν.
2769 5943 2828 5998 Ὀ
2847 5943 2903 5996 δὲ
2927 5942 3059 6008 Θεὸς
3081 5944 3353 6017 ὠργίσθη,
3376 5944 3478 5999 καὶ
3508 5944 3598 5998 τὸν
3634 5944 3753 5999 Na.

2179 6030 2279 6088 θαν
2334 6031 2541 6088 ἔστειλε
2573 6034 2708 6107 πρὸς
2763 6035 3047 6115 ΔαϐίδηὈ
3084 6036 3161 6103 δὲ,
3210 6036 3346 6109 πρὸς
3382 6036 3477 6094 τὸν
3530 6034 3755 6091 ϐασιλέα
