3984 6572
255 455 350 516 15')

1547 466 1956 532 ANNALIUM
2001 472 2151 538 LlB.
2197 476 2284 536 Ιῐ.

3420 480 3525 546 151

249 566 429 632 ἐλθὼν,
451 564 553 638 ἔφη
575 583 590 599 ο
621 567 742 623 Δύο
755 562 926 640 ἦσαν
946 567 1184 640 ἄνδρες,
1209 572 1242 627 6
1263 573 1382 642 μὲν
1402 573 1564 644 ἔχων
1583 577 1819 647 ποίμνια

1936 583 2048 638 Deo
2077 577 2205 640 cum
2231 585 2425 642 dolore
2457 588 2752 644 exclamat.
2780 588 2993 646 Natban
3019 605 3171 656 vero,
3194 593 3370 648 Deum
3399 597 3524 666 ejus

246 663 333 716 sai
354 661 676 729 βουκόλια,
713 665 749 717 ὀ
785 662 859 716 δὲ
879 665 1032 734 μίαν
1055 664 1294 736 ἀμνάδα
1317 667 1630 736 ἐκέκτητο.
1659 671 1827 724 Ξενι-

242 758 480 821 σθέντος
507 754 577 809 δέ
601 773 767 823 τινος
799 758 882 822 τῷ
909 759 1205 824 πλουσίῳ,
1225 762 1336 816 οὐκ
1358 760 1427 814 ἐκ
1453 760 1574 815 τῶν
1597 763 1829 816 οἰκείων

239 849 470 910 ἔθυσεν,
505 849 671 902 ἀλλὰ
705 848 825 916 τὴν
839 851 982 918 μίαν
1013 851 1215 905 λαϐὼν
1233 851 1475 921 ἀμνάδα
1502 853 1610 908 τοῦ
1641 867 1827 922 rtem)-

243 956 352 1003 τος,
380 939 639 1008 ἔσφαξε,
685 941 786 993 καί
815 941 920 996 τὸν
947 942 1133 1011 φίλον
1162 945 1499 1000 εἱστίασεν.
1538 947 1645 1000 Καὶ
1665 949 1695 1001 6
1721 950 1828 1000 Δα-

241 1030 319 1083 διδ
341 1031 433 1083 τὸν
461 1031 625 1085 τοῦτο
656 1035 966 1104 ποιήσαντα
993 1035 1094 1106 τὴν
1125 1035 1226 1105 μὲν
1273 1036 1488 1106 ἀμνάδα
1516 1041 1596 1100 εἰς
1629 1055 1827 1108 τετρα-

243 1125 395 1193 πλοῦν
425 1126 754 1192 ἀποδοῦναι,
784 1130 992 1181 ἐκεῖνον
1021 1129 1076 1181 δὲ
1111 1128 1293 1182 θανεῖν
1326 1131 1676 1187 κατεδίκασε.
1711 1133 1827 1188 Νά-

243 1218 332 1271 θαν
350 1218 426 1280 δὲ,
449 1218 596 1273 Καθ’
619 1219 841 1275 ἑαυτοῦ
868 1227 983 1289 τὴν
1001 1221 1236 1292 ψῆφον,
1253 1220 1434 1291 εἶπεν,
1465 1226 1823 1297 ἐξήνεγκας,

236 1305 278 1366 ὦ
301 1312 581 1371 βασιλεῦ.
648 1313 732 1368 Σὺ
773 1315 884 1384 γὰρ
915 1310 971 1368 εἷ
1005 1317 1038 1368 ὀ
1099 1316 1498 1386 εἰργασμένος
1535 1319 1702 1374 τουτί
1757 1321 1823 1374 2-6

235 1409 531 1476 ἀνόμημα.
566 1411 679 1463 Kal.
709 1410 810 1479 τὴν
853 1410 1102 1481 μοιχείαν
1158 1411 1330 1482 αὐτῷ,
1373 1415 1469 1468 καὶ
1520 1415 1612 1468 τὸν
1663 1414 1826 1484 φόνον

238 1503 514 1572 κατέλεγε,
569 1503 669 1559 καὶ
698 1506 798 1576 τὴν
840 1504 928 1558 διὰ
966 1505 1142 1560 ταῦτα
1195 1507 1367 1579 ὀργὴν
1395 1507 1490 1562 τοῦ
1535 1509 1694 1574 Θεοῦ,
1729 1509 1826 1564 καὶ

235 1596 324 1648 ὅσα
359 1598 617 1650 πείσεται
670 1599 1130 1669 προκατήγγειλε,
1183 1600 1470 1656 θανεῖσθαι
1501 1601 1559 1656 δὲ
1611 1603 1704 1658 καὶ
1733 1603 1826 1657 τὸν

238 1689 342 1743 υίδν
363 1689 464 1742 τὸν
486 1690 554 1744 ἐκ
580 1691 682 1760 τῆς
717 1692 968 1763 μοιχείας
997 1693 1147 1764 αὐτῷ
1171 1693 1524 1766 γεννηθέντα.
1557 1696 1618 1750 '0
1637 1696 1693 1750 δὲ
1723 1698 1829 1750 Δα-

237 1781 330 1845 σιδ,
371 1783 715 1855 Ἦμάρτηκα
761 1785 841 1856 τῷ
896 1787 1106 1858 Κυρίῳ,
1160 1789 1486 1859 περιπαθῶς
1535 1789 1824 1861 ἀνεϐόησε.

1930 685 2219 747 peccatum
2261 681 2329 734 ab
2382 680 2476 736 illo
2509 682 2810 738 removisse
2852 684 3169 754 respondet.
3227 685 3354 740 Post
3406 687 3524 742 haec

1928 780 2092 826 natus
2111 787 2177 827 ex
2199 772 2438 829 Bersabe
2463 774 2608 830 filius
2628 785 2856 844 aegrotat
2878 795 2890 831 :
2917 777 3086 831 David
3114 793 3310 849 magno
3331 779 3522 835 dolore

1929 863 2181 927 affectus,
2209 866 2274 920 ad
2307 867 2604 937 septimum
2634 870 2780 924 diem
2809 871 2936 926 cibo
2966 871 3229 936 abstinet,
3261 873 3521 944 pullaqne

1927 968 2083 1013 veste
2126 958 2375 1024 indutus,
2406 971 2462 1016 et
2509 963 2562 1016 in
2611 977 2775 1018 sacco
2821 965 3034 1034 jacens,
3074 966 3242 1020 Deum
3275 980 3377 1036 pro
3406 967 3517 1021 vita

1928 1051 2084 1120 pueri
2117 1052 2468 1121 deprecatur.
2501 1053 2754 1124 Septimo
2795 1057 2884 1110 die
2918 1072 3055 1126 puer
3085 1058 3326 1112 moritur
3357 1077 3371 1113 :
3408 1074 3520 1127 quo

1929 1144 2021 1199 ille
2060 1146 2284 1216 cognito
2318 1147 2511 1218 surgit,
2539 1148 2706 1214 lavat,
2735 1159 2886 1204 veste
2927 1158 3135 1205 mutata
3161 1151 3367 1220 gratias
3404 1153 3516 1206 Deo

1928 1238 2059 1309 agit,
2092 1248 2150 1295 et
2185 1254 2429 1295 mensam
2467 1242 2647 1310 parari
2693 1243 2798 1298 sibi
2824 1242 3004 1310 jubet.
3037 1243 3170 1311 Quae
3205 1245 3373 1311 regiis
3416 1245 3520 1298 mi-

1929 1331 2122 1387 nistris
2145 1333 2567 1399 admirantibus,
2597 1335 2767 1390 David
2798 1356 2810 1390 :
2861 1334 3096 1402 Vivente,
3122 1337 3323 1406 inquit,
3355 1353 3518 1407 puero

1925 1441 2072 1496 spem
2120 1425 2376 1480 habebam
2425 1428 2682 1482 exorandi
2741 1428 2856 1493 Dei,
2915 1445 3099 1500 meque
3151 1427 3406 1483 humilem
3456 1445 3520 1482 ac

1925 1517 2214 1590 supplicem
2259 1523 2582 1589 prwbebam.
2626 1518 2784 1575 Nunc
2818 1519 2910 1574 illo
2945 1529 3172 1587 mortuo,
3202 1531 3250 1574 et
3295 1537 3511 1585 maeror,

1904 1617 1981 1664 ἐι
2011 1627 2190 1682 preces
2224 1628 2321 1681 pro
2365 1611 2460 1666 illo
2493 1613 2690 1683 fuerint
2731 1614 2912 1672 irrita.
2945 1613 3051 1668 Sed
3081 1613 3314 1668 Bersabe
3348 1613 3518 1667 alium

1925 1702 2126 1759 Davidi
2163 1704 2271 1775 75
2319 1705 2493 1759 ﬁlium
2543 1707 2713 1777 parit,
2744 1721 2908 1776 quem
2947 1705 3297 1761 Salomonem
3332 1705 3516 1760 nomi-

1927 1796 2102 1850 navit.
2132 1795 2348 1852 lnterea
2371 1798 2579 1853 Joabus
2603 1799 2950 1854 Ammanitas
2983 1797 3038 1852 in
3061 1809 3339 1853 extremas
3370 1797 3520 1852 obsi-

238 1875 336 1927 Kal
359 1876 389 1927 6
418 1875 638 1942 Νάθαν,
676 1879 1158 1950 παρασιεαοθῆναι
1201 1882 1354 1953 αὐτῷ
1385 1883 1537 1954 παρὰ
1566 1883 1663 1938 τοῦ
1689 1884 1819 1938 Θεοῦ

1930 1886 2112 1941 dionis
2133 1887 2413 1958 angustias
2434 1902 2556 1944 esse
2583 1887 2857 1953 redactos,
2926 1890 3041 1960 regi
3081 1889 3378 1958 significat.
3412 1888 3520 1956 Qui

233 1968 289 2020 τὸ
317 1968 660 2040 ἁμάρτημα,
701 1969 1061 2042 ἀπεκρίνατο.
1097 1973 1308 2029 Ἐνόσει
1363 1977 1664 2047 μετέπειτα
1699 1979 1728 2031 6
1762 1979 1819 2032 ὲκ

1928 1995 1996 2035 eo
2032 1981 2336 2052 profectus,
2377 1983 2568 2037 urbem
2606 1981 2775 2052 capit,
2827 1990 2883 2036 et
2937 1982 3207 2037 militibus
3241 1982 3518 2053 diripien-

233 2059 321 2128 τῆς
370 2059 665 2131 Βηρσαόεὲ
697 2063 1004 2132 γεννηθεὶς,
1041 2067 1138 2118 καὶ
1194 2067 1351 2137 ἤλγει
1385 2067 1591 2139 σφόδρα
1623 2068 1819 2124 Δαϐίδ·

1926 2073 2054 2129 dam
2101 2073 2316 2129 donat:
2371 2073 2468 2129 sed
2519 2090 2782 2130 coronam
2829 2076 2975 2145 regis
3026 2091 3277 2140 auream,
3325 2077 3520 2132 talenti

232 2151 548 2222 ἐφ’ήμέραν
571 2170 631 2206 τε
662 2154 918 2227 ἑδδόμην
943 2157 1204 2221 ἀπόσιτος
1242 2155 1332 2229 ἧν,
1364 2161 1457 2212 καὶ
1492 2160 1819 2231 μελανειμο-

1925 2165 2198 2236 pondere,
2236 2183 2454 2239 gemma
2490 2169 2734 2239 pretiosa
2778 2169 3088 2238 praeditam,
3127 2169 3245 2239 ipse
3289 2178 3514 2239 gestan-

231 2248 410 2314 νήσας,
434 2248 536 2300 καὶ
568 2249 662 2301 ἐπὶ
694 2250 903 2303 σάκκου
942 2249 1149 2316 πεσὼν,
1182 2253 1365 2307 ἐδέετο
1399 2253 1496 2307 τοῦ
1517 2254 1656 2308 Θεοῦ
1681 2256 1819 2326 ὑπὲρ

1921 2259 2050 2314 dam
2087 2259 2191 2316 sibi
2228 2261 2418 2328 sumit,
2470 2261 2738 2316 urbanam
2789 2261 3197 2316 multitudinem
3250 2261 3511 2326 trucidat,

231 2337 318 2407 τῆς
357 2337 515 2409 ζωῆς
555 2340 651 2394 τοῦ
677 2341 889 2406 παιδός.
923 2344 1002 2415 Τῇ
1031 2343 1089 2397 δὲ
1132 2346 1339 2418 ἑῦδόμῃ
1365 2347 1632 2419 τέθνηκεν
1657 2350 1685 2402 6
1719 2349 1819 2420 μὲν

1925 2351 2164 2422 aliisque
2199 2352 2420 2422 oppidis
2471 2351 2667 2408 eodem
2720 2355 2886 2408 modo
2935 2353 3206 2419 tractatis,
3253 2353 3518 2409 Hieroso—

230 2433 380 2495 παῐςσ
412 2432 582 2497 αὐτὸς
615 2434 698 2501 δὲ,
735 2435 896 2489 τοῦτο
923 2437 1132 2506 μαθὼν,
1174 2440 1550 2508 ἐξανίσταται,
1582 2443 1679 2498 καὶ
1698 2443 1819 2498 λου-

1929 2447 2075 2519 lyma
2109 2445 2445 2516 regreditur.

231 2527 481 2596 σάμενος,
511 2529 608 2582 καὶ
639 2530 1186 2602 μεταμφιασάμενος,
1227 2533 1305 2604 τῷ
1322 2533 1443 2604 Θεῷ
1473 2537 1872 2611 ηὒχαρίστησε,
1932 2541 2030 2594 καὶ
2087 2539 2370 2610 τράπεζαν
2404 2539 2556 2610 αύτῷ
2615 2541 3006 2614 ἑτοιμασθῆναι
3036 2543 3342 2598 ἐκέλευσεν.
3427 2541 3518 2606 Ὦς

227 2623 268 2676 δ’
290 2624 605 2695 ἰθαύμαζον
658 2628 752 2681 ἐπὶ
794 2630 905 2688 τοῖς
943 2631 1265 2700 γενομένοις
1307 2631 1358 2685 oi
1403 2631 1500 2686 τοῦ
1541 2633 1813 2703 βασιλέως
1853 2635 2208 2705 θεράποντες,
2281 2637 2489 2700 ἐκεῖνος
2527 2636 2646 2706 μὲν,
2683 2637 2814 2690 Ἔτι
2843 2635 3062 2702 ζῶντος
3127 2637 3236 2691 τοῦ
3279 2636 3518 2701 παιδὸς.

231 2717 392 2787 εἶπεν,
417 2722 682 2786 ἐλπίζων
729 2727 1315 2796 παρακληθήσεσθαι
1344 2729 1453 2784 τὸν
1509 2732 1681 2794 Θεὸν,
1709 2732 2070 2788 ἐταπείνουν
2142 2733 2365 2788 ἑαυτὸν
2424 2733 2521 2788 καί
2556 2732 2847 2788 ἱκέτευον.
2918 2733 3072 2801 Ἤδη
3104 2733 3172 2786 δὲ
3199 2735 3512 2800 θανόντος,

228 2821 306 2885 είς
321 2819 526 2888 μάτην
572 2819 688 2887 τὴν
734 2820 944 2887 λύπην
987 2822 1230 2890 καὶτὴν
1254 2822 1389 2892 περὶ
1447 2824 1688 2883 ἐκείνου
1750 2828 2024 2899 γίνεσθαι
2099 2828 2337 2896 δέησιν.
2383 2827 2506 2880 Ἔτι
2558 2826 2614 2880 δὲ
2674 2826 2828 2882 ἔτεκε
2883 2825 3168 2896 Βηρσαϐεὲ
3207 2825 3284 2897 τῷ
3350 2827 3516 2880 Δαϐιδ

231 2916 354 2978 νίδν,
380 2916 480 2970 καὶ
513 2915 779 2969 ικάλεσεν
807 2918 970 2971 αὐτὸν
1016 2918 1364 2988 Σολομῶντα.
1430 2922 1589 2976 ’ίωάὸ
1624 2924 1704 2990 δὲ,
1749 2926 2056 2999 πολιορκῶν
2088 2926 2216 2990 τοὺς
2275 2923 2643 2996 ’Λμμανίτας,
2691 2922 2751 2975 ἐν
2788 2920 2960 2992 στενῷ
2988 2920 3186 2992 κομιδῇ
3215 2921 3314 2992 τὴν
3367 2920 3512 2975 ἄλω-

232 3032 352 3070 ωσιν
379 3010 495 3087 εἶχε
521 3015 624 3087 τῆς
659 3015 890 3081 πόλεως,
918 3016 1014 3070 καὶ
1054 3017 1206 3088 δηλοῖ
1269 3019 1429 3073 τοῦτο
1457 3021 1535 3092 τῷ
1584 3021 1814 3092 βασιλεῖ.
1869 3024 1929 3076 '0
1985 3024 2042 3077 δὲ
2103 3022 2346 3094 ἀπῆλθεν
2411 3021 2550 3084 ἐκεῖ,
2605 3019 2700 3072 καὶ
2739 3018 2838 3089 τὴν
2898 3017 3056 3070 πόλιν
3085 3017 3386 3088 παρέλαϐε,
3420 3021 3516 3073 καὶ

232 3113 301 3175 εἰς
325 3111 636 3185 διαρπαγὴν
668 3116 734 3185 τῇ
771 3117 1001 3188 στρατιᾷ
1031 3116 1244 3186 ἀφῆκεν
1267 3115 1458 3187 αὑτήν.
1501 3115 1604 3169 Τὸν
1629 3116 1684 3170 δὲ
1714 3115 1807 3170 τοῦ
1849 3117 2117 3189 βασιλέως
2182 3117 2354 3186 αὐτῆς
2399 3118 2662 3188 στέφανον
2724 3115 2885 3180 αὐτὸς
2946 3117 3128 3171 λαϐὼν
3177 3116 3384 3185 ἐφόρει,
3427 3113 3517 3166 ξ).-

233 3224 386 3260 κοντα
417 3207 650 3278 χρυσίου
681 3208 972 3272 τάλαντον,
1012 3211 1107 3263 καὶ
1129 3208 1280 3262 λίθον
1338 3209 1534 3280 ἔχοντα
1565 3210 1674 3263 τῶν
1709 3210 2049 3281 πολυτίμων.
2120 3209 2193 3264 Τὸ
2258 3209 2317 3264 δὲ
2382 3209 2483 3280 τῆς
2517 3210 2726 3274 πόλεως
2773 3210 2978 3280 πλῆθος
3007 3209 3344 3281 διέφθειραν.
3402 3209 3515 3262 Οῦ⁸

233 3323 331 3370 τως
367 3305 424 3359 δι
451 3305 550 3358 καὶ
568 3309 691 3368 ταῖς
715 3307 905 3371 ἄλλαις
935 3306 1123 3362 πόλεσι
1161 3307 1436 3377 πεποίηκε
1468 3309 1576 3361 τῶν
1599 3307 1959 3379 Ἀμμανιτῶν
1982 3323 1998 3340 ο
2038 3310 2133 3363 καὶ
2158 3310 2238 3372 είς
2274 3307 3041 3379 ’ῐερουσαλὴμὲπανέξευξεν.

298 3401 369 3454 Δ⁹.
399 3394 512 3451 Ἦν
537 3397 594 3451 δὲ
622 3399 700 3467 τῷ
732 3398 898 3452 Δαϐἱδ
925 3399 1177 3470 θυγάτηρ
1196 3399 1394 3470 Θαμαρ
1417 3398 1813 3470 ὠνομασμένη,

1995 3401 2086 3457 IV.
2143 3399 2394 3455 Habebat
2427 3391 2634 3456 autem
2695 3401 2866 3455 David
2938 3401 3104 3456 filiam
3157 3400 3512 3458 Tbamarem.

234 3491 560 3562 ὁμομήτριος
613 3491 823 3562 ἀδελφὴ
879 3491 958 3564 τῷ
1021 3493 1365 3562 ’Δὸεσαλώμ.
1425 3493 1646 3562 Ταύτης
1709 3495 1816 3565 ἤρα

245 3583 450 3654 Ἃμνὼν
482 3587 510 3639 6
544 3584 895 3656 πρωτότοκος
929 3586 1044 3650 υίὸς
1071 3585 1162 3639 τοῦ
1185 3586 1371 3641 Δαδίδ.
1407 3587 1517 3640 Kal.
1539 3582 1606 3657 ἦν
1630 3589 1657 3640 ὁ
1677 3586 1818 3658 ἔρως

238 3677 412 3742 πολὺς,
474 3678 553 3741 ὡς
590 3679 688 3732 καὶ
711 3679 939 3750 νοσῆσαι
966 3679 1059 3732 τὸν
1089 3680 1324 3750 ἐρῶντα.
1369 3679 1732 3750 Ἀφικομένου
1761 3679 1818 3734 δὲ

236 3769 320 3822 τοῦ
346 3770 555 3842 πατρὸς
596 3771 734 3842 πρὸς
786 3771 1077 3842 ἐπίσκεψιν
1109 3772 1278 3826 αὑτοῦ
1303 3813 1318 3837 ,
1381 3772 1613 3844 ἠξίωσεν
1653 3773 1816 3826 αὑτὸν

239 3861 641 3935 παραγενέσθαι
698 3862 799 3934 τὴν
855 3863 1054 3933 Θάμαρ
1101 3866 1181 3928 είς
1233 3866 1540 3937 ὑπηρεσίαν
1574 3865 1760 3929 αὑτοῦ,
1789 3867 1816 3920 6

239 3955 290 4009 6i
310 3955 658 4011 κατένευσεν.
698 3948 878 4009 ἿΙκεν
921 3952 1016 4012 οῦν
1046 3958 1080 4027 ἠ
1128 3957 1348 4029 Θάμαρ,
1382 3960 1477 4012 καὶ
1517 3959 1817 4029 ἡτοίμασεν

240 4048 374 4118 αύτῴ
397 4047 743 4119 κολλυρίδας.
793 4049 852 4101 '0
876 4048 932 4102 δὲ
983 4049 1196 4112 πάντας
1223 4049 1524 4120 ἐξέπεμψε,
1563 4051 1732 4121 μόνην
1759 4050 1817 4104 δὲ

241 4140 328 4210 τὴν
364 4141 608 4210 ἀδελφὴν
668 4141 1126 4213 ὖπηρετήσασθαι
1186 4142 1343 4212 ἠξίου
1384 4141 1556 4212 αὐτῷ.
1598 4142 1709 4213 Τῆς
1759 4142 1817 4195 δὲ

242 4232 398 4303 κόρης
436 4232 610 4304 μόνης
644 4233 1115 4304 περιλειφθείσης,
1176 4232 1424 4303 βιάζεται
1463 4233 1653 4302 αὑτήν.
1705 4231 1818 4286 Καὶ

243 4325 564 4398 διακορήσας
625 4325 819 4397 αὐτὴν,
883 4328 1041 4397 μῖσος
1077 4326 1278 4380 αὐτίκα
1329 4327 1490 4398 ἔσχεν
1536 4327 1817 4382 ἀντίθετον

245 4417 329 4472 τοῦ
353 4419 486 4490 πρὶν
519 4419 747 4489 ἔρωτος.
779 4419 889 4472 Kal.
942 4420 1165 4474 ἀπιέναι
1193 4420 1540 4490 παραχρῆμα
1570 4420 1816 4485 ἐκέλευε,

244 4513 327 4565 ita".
374 4509 590 4566 κελεύει
620 4510 696 4581 τῷ
743 4509 928 4582 οἰκέτῃ
953 4510 1126 4582 αὐτὴν
1175 4510 1452 4565 ἐκϐαλεῖν.
1495 4512 1708 4584 Ἐκείνη
1736 4513 1815 4581 δὲ,

242 4603 319 4659 διά
347 4621 408 4658 τι
441 4603 544 4676 τὴν
584 4603 706 4675 βίαν
735 4606 828 4657 καὶ
852 4605 954 4675 τὴν
982 4603 1141 4676 ὓϐριν
1180 4603 1626 4676 περιαλγήσασα,
1658 4605 1816 4677 διαρ-

244 4697 459 4769 ρήγνυσι
509 4697 603 4750 τὸν
635 4696 861 4767 χιτῶνα,
896 4697 987 4750 καὶ
1019 4697 1171 4750 κόνιν
1205 4697 1681 4769 κατασπασαμένη
1716 4699 1816 4766 τῆς

1921 3497 2196 3551 ulerinam
2245 3493 2540 3549 Absalonis
2588 3509 2860 3550 sororem.
2917 3495 3051 3548 Eam
3108 3494 3514 3565 primogenitus

1920 3586 2148 3642 Davidis
2180 3585 2326 3640 filius
2357 3585 2571 3640 Amnon
2609 3586 2970 3642 vehementer
3002 3586 3318 3656 deperibat,
3369 3585 3510 3640 adeo

1922 3689 1982 3734 ut
2012 3693 2079 3732 ex
2107 3691 2294 3732 amore
2331 3678 2384 3731 in
2422 3679 2681 3746 morbum,
2729 3677 3019 3733 incideret.
3073 3677 3508 3732 Decumbentem

1920 3779 2078 3842 pater
2125 3769 2316 3824 invisit
2351 3784 2364 3822 ;
2399 3778 2523 3824 orat
2565 3769 2657 3824 ille
2691 3778 2752 3823 ut
2782 3769 3111 3823 Thamarem
3156 3769 3361 3833 mittat,
3401 3785 3513 3838 quo

1893 3861 2035 3935 ,_.sibi
2075 3861 2373 3916 ministret.
2424 3861 2634 3915 Annuit
2679 3871 2836 3930 pater
2883 3878 2897 3913 :
2935 3861 3087 3914 venit
3135 3860 3340 3930 puclla,
3395 3860 3510 3930 pla-

1921 3962 2109 4009 centas
2134 3951 2183 4007 ei
2222 3961 2402 4022 parat.
2424 3953 2641 4006 Amnon
2670 3968 2862 4007 omnes
2889 3953 3176 4006 discedere
3210 3953 3390 4023 jubet,
3417 3967 3508 4005 so-

1919 4047 2137 4116 lamque
2176 4059 2422 4099 sororem
2459 4045 2564 4099 sibi
2606 4046 2944 4100 ministrare.
2981 4045 3118 4097 Tum
3155 4045 3390 4113 puellam
3419 4059 3512 4098 so-

1919 4138 2028 4192 lam
2061 4147 2278 4200 nactus,
2324 4137 2377 4190 vi
2424 4145 2661 4205 stuprat,
2709 4145 2766 4192 et
2812 4134 3102 4191 confestim
3156 4135 3356 4188 ardens
3412 4135 3506 4189 ille

1920 4247 2079 4286 amor
2113 4231 2166 4284 in
2203 4245 2306 4300 par
2339 4229 2528 4283 odium
2567 4230 2914 4284 convertitur
2959 4247 2971 4282 :
3023 4243 3088 4283 ac
3136 4229 3320 4283 statim
3359 4229 3508 4282 illam

1921 4323 2228 4386 discedere,
2259 4331 2312 4377 et
2342 4338 2372 4376 a
2400 4321 2606 4377 famulo
2635 4321 2762 4393 ejici
2789 4322 2968 4392 jubet.
3002 4323 3097 4376 llla
3130 4331 3186 4376 et
3231 4333 3424 4392 raptus
3453 4331 3508 4377 et

1922 4415 2272 4474 contumeliae
2332 4414 2545 4474 dolore.
2597 4415 2838 4470 tunicam
2892 4416 3120 4484 rumpit,
3176 4423 3233 4470 et
3280 4414 3509 4485 pulvere

1922 4526 2218 4584 consperso
2270 4510 2471 4580 capite,
2507 4510 2729 4579 plorans
2772 4510 2907 4564 abit.
2961 4509 3206 4564 Absalon
3254 4524 3505 4564 sororem

1921 4605 2164 4676 quietam
2195 4618 2317 4659 esse
2339 4603 2516 4674 jubet.
2551 4603 2823 4673 pertinaci
2852 4611 3044 4656 contra
3082 4604 3390 4656 Amnonem
3424 4601 3506 4657 ira

1921 4705 2182 4752 aestuans.
2212 4695 2348 4750 Nam
2381 4710 2478 4750 rex
2507 4694 2612 4750 etsi
2654 4694 2870 4750 facinus
2907 4695 3043 4749 illud
3074 4695 3266 4765 iniquo
3296 4696 3509 4751 ferebat

245 4764 492 4860 κεφαλῆς,
521 4764 822 4861 ἐπορεύετο
852 4789 1150 4861 θρηνοῦσα.
1195 4789 1254 4843 Ὀ
1293 4788 1351 4842 δὲ
1377 4764 1605 4860 esset;
1643 4764 1814 4859 αὐτῆς

1924 4790 2131 4851 animo,
2188 4788 2360 4843 filium
2414 4797 2597 4842 tamen
2651 4786 2800 4857 quod
2861 4764 3272 4857 primogenitus
3326 4798 3503 4853 esset,

255 4881 588 4952 ⁹Δ6εσαλὼμ,
622 4883 896 4953 ἡσυχάσαι
929 4883 1068 4955 αὐτῇ
1105 4881 1549 4948 συνεδού).ευσεν,
1585 4883 1818 4955 ἑμηνίθη

247 4974 296 5029 δὲ
342 4975 557 5047 Ἀμνὼν
587 4975 674 5030 διὰ
718 4977 815 5049 τὴν
847 4976 1103 5048 ἀδελφήν.
1143 4977 1203 5030 '(l
1231 4977 1286 5031 δὲ
1323 4977 1600 5047 βασιλεὺς,
1631 4973 1821 5046 μαθὼν

247 5067 300 5118 τὸ
326 5067 560 5138 συμϐάν,
586 5066 786 5138 ἤχθετο
819 5067 942 5136 μὲν,
971 5067 1212 5137 λυπῆσαι
1249 5067 1306 5121 δὲ
1339 5066 1431 5121 τὸν
1475 5066 1692 5138 ’Δμνὼν
1721 5068 1822 5122 οὐκ

249 5157 442 5229 malev,
477 5160 562 5212 ὅτι
589 5159 932 5231 πρωτότοκος
956 5154 1024 5231 ἦν
1048 5159 1214 5230 αὐτῷ.
1245 5149 1557 5232 Διετηρίδος
1581 5160 1637 5214 δὲ
1670 5177 1820 5232 παρ-

249 5251 512 5322 ελθούσης,
546 5252 754 5322 κείρειν
803 5251 1028 5322 ἔμελλεν
1085 5251 1208 5322 ἄρτι
1239 5252 1306 5306 τὰ
1354 5252 1462 5307 ῐδια
1512 5252 1818 5324 πρόϐαταό

261 5343 592 5415 Ἀὁεσαλὼμ,
629 5345 722 5398 καὶ
755 5347 834 5408 εἰς
866 5345 1028 5398 πότον
1073 5345 1204 5408 τοὺς
1231 5343 1496 5415 ἀδελφοὺς
1520 5345 1813 5399 συνεκάλε-

252 5453 348 5492 σεν.
382 5437 719 5492 Ἐνετείλατο
749 5437 805 5491 δὲ
841 5441 952 5501 τοῖς
979 5436 1447 5508 ύπηρετουμένοις
1473 5438 1643 5509 αὐτῷ,
1675 5455 1813 5508 προ·

1919 4882 2254 4938 contristare
2283 4880 2526 4937 nolebat.
2557 4879 2761 4950 Elapso
2793 4879 3041 4946 biennio,
3077 4896 3205 4936 suas
3227 4895 3359 4936 oves
3381 4889 3507 4936 ton-

1918 4992 2082 5032 surus
2107 4975 2371 5040 Absalon,
2412 4973 2610 5030 fratres
2649 4973 2719 5029 ad
2782 4975 3242 5030 comessationem
3297 4990 3505 5030 convo-

1918 5079 2006 5124 cat
2053 5086 2070 5126 :
2111 5067 2371 5123 mandato
2422 5068 2580 5138 prius
2625 5067 2895 5123 ministris
2945 5067 3097 5134 dato,
3147 5075 3209 5121 ut
3236 5066 3506 5138 gliscente

1918 5162 2353 5232 compotatione,
2388 5160 2695 5217 Amnonem
2746 5161 3112 5217 trucidarent.
3147 5161 3349 5216 Parent
3384 5160 3500 5226 illi;

1917 5269 2028 5325 quo
2052 5254 2173 5309 viso
2205 5253 2403 5325 reliqui
2430 5254 2565 5325 regii
2596 5254 2692 5309 lilii
2722 5253 2960 5324 fugiunt,
2987 5263 3221 5325 ortoque
3252 5267 3502 5316 rumore,

1926 5359 2121 5401 omnes
2150 5361 2246 5401 eos
2278 5345 2346 5401 ab
2391 5345 2667 5401 Absalone
2721 5361 2917 5407 caesos,
2951 5345 3122 5401 David
3153 5353 3335 5400 vestes
3372 5359 3502 5399 suas

1924 5438 2153 5502 lacerat,
2185 5447 2240 5492 et
2270 5438 2422 5492 humi
2448 5440 3035 5494 stratuslamentatur.
3065 5439 3282 5492 Interea
3311 5438 3502 5492 caeteri

249 5529 535 5600 χωροῦντος
589 5530 683 5584 τοῦ
744 5531 933 5597 πότου,
993 5529 1234 5596 πατάξαι
1288 5532 1381 5584 τὸν
1438 5531 1675 5602 Ἀμνὼν,
1719 5531 1815 5584 καὶ

1920 5529 2168 5595 veniunt,
2211 5529 2479 5585 Amnonis
2515 5531 2719 5586 eandem
2755 5531 2936 5586 mmsti
2963 5530 3302 5583 nuntiantes.
3323 5529 3503 5586 Absa-

254 5621 572 5677 ἀποκτεῖναι.
627 5624 740 5678 Kal.
763 5625 1026 5694 ἐποίησαν
1081 5623 1254 5687 οὕτως
1289 5626 1335 5677 oi
1366 5625 1557 5687 axitia;
1591 5624 1812 5680 ’Λὸεσα-

255 5713 379 5781 λὼμ.
405 5718 627 5782 Ἰδόντες
649 5718 704 5771 δὲ
730 5720 778 5772 οι
801 5718 977 5772 λοιποὶ
1010 5717 1103 5771 τοῦ
1129 5717 1394 5788 βασιλέως
1436 5719 1540 5773 υἱοὶ
1571 5718 1630 5772 τὸ
1659 5721 1810 5788 γενύ-

259 5825 417 5876 μενον,
447 5811 669 5884 ἔφυγον.
720 5813 914 5884 Φήμης
964 5813 1021 5865 δὲ
1055 5811 1446 5885 προελθούσης,
1485 5811 1560 5878 ὡς
1601 5813 1810 5868 ἔκτεινε

258 5902 441 5968 πάντας
461 5905 586 5969 τοὺς
623 5905 719 5959 τοῦ
779 5905 1044 5976 βασιλέως
1085 5906 1234 5970 υἱοὺς
1276 5905 1624 5977 Ἀϐεσαλὼμ,
1663 5908 1809 5980 διέρ-

1903 5623 1997 5678 lon
2031 5622 2099 5677 ad
2138 5630 2449 5678 maternum
2482 5638 2644 5676 avum
2679 5621 2866 5678 Getbas
2897 5636 3078 5692 regem
3115 5620 3384 5693 confugit,
3441 5633 3503 5680 et

1907 5705 2218 5775 triennium
2251 5719 2328 5775 ibi
2375 5729 2771 5775 commoratur.
2817 5718 2979 5789 Regis
3031 5719 3112 5773 ira
3145 5719 3323 5790 spatio
3356 5729 3499 5776 tem-

1911 5816 2062 5884 poris
2110 5813 2274 5884 paulo
2318 5812 2633 5868 remissiore
2662 5811 2824 5877 facta,
2869 5811 3078 5868 Joabus
3108 5813 3370 5870 Absaloni
3401 5830 3497 5870 re-

1909 5923 2031 5978 gem
2090 5905 2409 5978 hujusmodi
2475 5913 2788 5960 commento
2858 5905 3220 5965 reconciliare
3269 5909 3486 5966 nititur.

259 5993 370 6064 ῥηξε
402 5997 494 6069 τὴν
525 5997 730 6069 ἐσθῆτα
759 5999 923 6055 αὐτοῦ
945 6000 972 6053 6
1007 5999 1191 6069 A1616,
1227 5999 1318 6055 καὶ
1347 5999 1544 6055 ἔπεσεν
1578 6003 1668 6055 ἐπὶ
1699 6003 1802 6073 γῆν

1920 5999 2191 6055 Subornat
2236 5998 2636 6062 mulierculam,
2693 6014 2815 6070 quae
2842 5999 3061 6072 lugubri
3091 6003 3274 6073 specie
3303 6018 3486 6072 regem
