3958 6602
468 468 572 526 15η

1775 449 2101 513 ΙΟΛΝΝΙΞ
2139 447 2462 508 ΖΟΝΑΠΕ

3625 432 3732 506 f56

465 581 645 641 adeat,
677 592 1045 649 conquerens,
1082 574 1224 633 duos
1253 574 1359 632 sibi
1404 574 1575 630 fuisse
1614 573 1778 636 illius,
1805 583 2044 640 quorum

2168 570 2388 639 θρηνῶν.
2423 567 2513 620 Ἐν
2540 565 2781 635 τοσούτῳ
2813 564 2858 618 δ’
2883 561 3084 633 ἦκασιν
3109 562 3160 616 οί
3183 561 3278 616 τοῦ
3310 559 3578 632 βασιλέως
3605 562 3745 628 υἱοὶ,

468 688 614 728 unus
639 671 872 726 alterum
904 667 1192 725 occiderit.
1221 667 1380 722 Nunc
1400 673 1663 738 cognatos
1694 661 2048 732 superstitem

465 764 533 818 ad
567 763 773 819 caedem
803 776 1074 832 quaerere,
1117 759 1189 815 ob
1234 758 1592 830 parricidium
1625 773 1639 810 :
1671 769 1835 809 orare
1883 753 2048 824 igitur

2151 664 2247 718 καὶ
2284 664 2377 716 τὸν
2403 662 2567 733 φόνον
2615 659 2708 714 τοῦ
2744 658 2958 728 Ἀμνὼν
2990 655 3318 720 πενθοῦντες
3369 656 3747 723 ἀπήγγειλαν.

2166 755 2486 825 Ἀὄεσαλὼμ
2504 755 2560 808 δὲ
2591 752 2802 822 ἀπέδρα
2833 751 2972 820 πρὸς
2993 749 3082 802 τὸν
3099 748 3331 802 πάππον·
3354 749 3446 802 τὸν
3469 748 3607 819 πρὸς
3632 766 3747 818 μη-

468 871 679 926 regcm,
704 863 765 909 ut
787 856 1019 909 salutem
1049 852 1148 907 lilii
1174 852 1278 907 sibi
1312 850 1603 906 condonet.
1635 848 1729 902 Illa
1762 847 1878 901 haec
1904 845 2050 916 apud

2168 852 2297 922 πρὸς,
2359 848 2450 902 τὸν
2509 847 2734 916 βασιλέα
2769 845 2870 915 τῆς
2905 844 3030 908 Γὲθ,
3090 847 3184 896 καὶ
3240 844 3336 896 ἐπὶ
3382 843 3630 914 τριετίαν
3662 839 3740 914 ἦν

469 963 654 1016 regem
684 961 948 1015 perquam
975 945 1226 999 dolenter
1253 944 1500 1011 exponit.
1538 941 1649 994 liex
1679 939 1771 993 lilii
1817 941 2049 994 salutem

468 1038 545 1092 illi
578 1053 638 1092 se
668 1037 1000 1091 donaturum
1036 1035 1351 1104 pollicetur.
1389 1033 1498 1102 76
1530 1030 1668 1085 Tum
1703 1031 1901 1085 mulier
1929 1046 2051 1100 gra-

471 1132 573 1186 tias
621 1129 732 1199 agit
765 1146 781 1186 :
816 1127 919 1183 Sed
961 1135 1017 1180 ut
1047 1128 1257 1198 pignus,
1304 1126 1506 1195 inquit,
1539 1125 1765 1179 habeam
1809 1123 2054 1195 promissi

469 1221 546 1274 tui
573 1235 592 1272 :
621 1228 677 1272 tu
713 1219 845 1289 ipse,
893 1234 923 1270 ο
949 1232 1062 1284 rex,
1103 1218 1158 1269 in
1186 1216 1373 1288 primis
1423 1224 1513 1269 tuo
1543 1213 1659 1283 ﬁlio
1690 1212 2050 1280 reconciliare,

471 1327 639 1382 neque
659 1327 779 1364 cum
801 1312 942 1365 ccede
963 1309 1068 1380 ﬁlii
1094 1318 1142 1363 te
1166 1311 1326 1364 invito
1361 1310 1526 1380 facta,
1555 1309 1918 1363 voluntariam
1937 1324 2055 1361 con-

467 1404 731 1472 iunxeris.
765 1403 1172 1458 Animadvertit
1204 1417 1322 1467 rex,
1365 1409 1738 1458 commentum
1772 1417 1894 1456 esse
1925 1417 2054 1472 pre-

470 1512 564 1552 ces
615 1495 885 1560 mulieris,
925 1495 1100 1552 Joabo
1149 1506 1377 1551 auctore
1426 1494 1794 1566 excogitatum
1843 1497 2055 1566 :eique

469 1587 763 1642 Absalonis
794 1586 1094 1642 reducendi
1131 1586 1226 1641 dat
1270 1595 1619 1656 potestatem.
1653 1586 1860 1642 Joabus
1888 1587 2057 1657 igitur

471 1694 596 1733 eum
629 1679 1002 1750 Hierosolyma
1037 1680 1273 1745 reducit,
1311 1695 1374 1734 ca
1413 1689 1596 1734 tamen
1635 1679 1974 1744 conditione,
1998 1687 2058 1734 ut

473 1785 544 1823 ne
580 1770 634 1823 in
673 1781 1028 1841 conspectum
1077 1770 1260 1839 patris
1289 1769 1526 1837 veniret,
1561 1768 1741 1824 donec
1771 1770 1891 1840 ipse
1938 1778 2060 1826 tan-

475 1859 599 1915 dem
626 1875 753 1916 eum
796 1862 1183 1916 reconciliatus
1231 1869 1412 1929 vocat,
1447 1861 1578 1916 data
1631 1864 1836 1932 petenti
1870 1864 2054 1932 venia,

475 1959 533 2007 et
562 1951 843 2008 oblivione
893 1953 1110 2025 injuria:
1137 1954 1428 2023 promissa.
1459 1953 1774 2009 Restitutus
1805 1953 1860 2008 in
1909 1955 2055 2010 inte-

475 2061 634 2116 grum
662 2046 922 2114 Absalon,
951 2047 1132 2117 equis,
1162 2047 1444 2112 curribus,
1472 2054 1528 2102 et
1571 2047 1766 2104 multis
1795 2047 2058 2103 satelliti-

478 2138 584 2194 bus
609 2139 962 2208 comparatis,
989 2139 1192 2208 regiam
1219 2139 1471 2208 quotidie
1497 2138 1846 2209 frequentat:
1880 2156 2059 2211 popu-

475 2231 704 2301 lumque
741 2229 956 2285 blandis
987 2231 1244 2300 alloquiis
1272 2231 1569 2294 deliniens,
1599 2230 1900 2286 multorum
1933 2247 2062 2302 gra-

481 2324 611 2379 tiam
645 2322 876 2397 colligit.
910 2322 1030 2378 lam
1063 2331 1304 2392 quatuor
1330 2323 1492 2377 annis
1527 2337 1558 2377 a
1604 2321 1788 2377 reditu
1833 2322 2059 2393 elapsis,

478 2414 636 2484 ﬁngit
662 2431 721 2470 se
764 2415 1051 2486 religionis
1095 2430 1229 2486 ergo
1277 2415 1629 2472 Cbebronem
1680 2415 2059 2486 profecturum

480 2507 549 2562 ad
575 2507 909 2564 exsolvenda
938 2517 1066 2563 vota
1099 2523 1221 2579 qua:
1265 2508 1322 2564 in
1354 2508 1551 2564 exsilio
1583 2509 1824 2565 fecisset.
1851 2510 2063 2566 Annuit

481 2605 658 2665 pater.
689 2597 786 2652 Ille
823 2597 1127 2668 digressus,
1155 2598 1360 2669 passim
1393 2598 1624 2654 dimittit
1646 2602 1870 2656 nuntios
1901 2621 1914 2656 :
1942 2603 2063 2672 plu-

484 2687 607 2741 rimi
638 2687 703 2741 ad
737 2687 891 2743 illum
927 2690 1237 2755 confluunt,
1273 2705 1337 2745 ac
1380 2699 1581 2761 praeter
1627 2701 1858 2748 caeteros
1901 2694 2066 2749 Achi-

487 2777 698 2848 tophel,
752 2779 892 2850 patri
946 2781 1068 2852 ejus
1107 2796 1137 2836 a
1169 2781 1436 2837 consiliis.
1469 2781 1550 2837 Ita
1579 2798 1675 2837 rex
1707 2783 1776 2838 ab
1805 2785 2064 2842 omnibus

484 2867 774 2923 salutatur.
808 2870 922 2926 [loc
951 2871 1119 2926 David
1155 2873 1398 2944 cognito,
1425 2888 1550 2927 cum
1576 2873 1644 2928 iis
1683 2890 1823 2945 quos
1853 2876 2062 2932 circum

483 2976 543 3016 se
576 2961 841 3024 habebat,
878 2963 1255 3036 Hierosolyma
1283 2965 1566 3035 egreditur
1613 2984 1626 3022 :
1672 2968 2065 3027 comitantibus

483 3051 652 3107 etiam
681 3054 954 3109 sexcentis
985 3054 1117 3121 illis,
1147 3070 1386 3125 quorum
1414 3056 1517 3112 sub
1545 3056 1709 3114 Saule
1738 3074 1906 3129 opera
1933 3077 2066 3119 usus

484 3148 680 3203 fuerat.
742 3147 933 3219 Neque
983 3151 1091 3204 ulla
1141 3163 1229 3205 res
1263 3165 1552 3205 mmrorem
1588 3159 1645 3206 et
1692 3163 1899 3208 metum
1946 3155 2068 3226 ejus

2153 945 2354 1014 διάγων
2386 944 2522 996 ἐκεῖ.
2561 943 2671 1012 Τῆς
2701 939 2872 1011 ὀργῆς
2906 937 2963 991 δὲ
3018 937 3095 1007 τῷ
3151 937 3329 1006 χρόνῳ
3377 935 3748 1004 λωφησάσης,

2154 1038 2567 1107 καταλλαγῆναι
2619 1033 2713 1089 τὸν
2757 1032 2983 1103 βασιλέα
3015 1030 3093 1097 τῷ
3141 1028 3466 1098 Ἀδεσαλὼμ
3501 1030 3529 1082 6
3577 1026 3750 1082 Ἰωάὅ

2155 1130 2469 1200 ἑσοφίσατο.
2503 1129 2730 1182 Γύναιον
2763 1128 2872 1196 γάρ
2903 1143 2957 1178 τι
3007 1122 3451 1194 παρεσκεύασεν,
3492 1123 3575 1186 ὡς
3609 1138 3752 1175 πεν-

2156 1223 2285 1278 θοῦν
2306 1222 2384 1292 τῷ
2423 1221 2636 1292 βασιλεῖ
2681 1219 3024 1292 προσελθεῖν,
3058 1217 3154 1270 καὶ
3202 1213 3598 1287 ἀποδύρεσθαι,
3631 1216 3753 1279 ὅτι,

2155 1314 2250 1370 δύο
2279 1314 2485 1369 παίδων
2509 1314 2682 1367 ὄντων
2711 1314 2873 1381 αὐτῇ,
2898 1313 2992 1364 καὶ
3013 1311 3243 1381 θατέρου
3273 1310 3365 1362 τὸν
3388 1308 3576 1379 ἓτερον
3596 1309 3754 1360 κτεί-

2156 1425 2370 1474 ναντος,
2406 1409 2455 1462 al
2490 1409 2773 1476 συγγενεῖς
2812 1405 3021 1459 ἀνελεῖν
3074 1403 3297 1474 ζητοῦσι
3355 1402 3450 1455 τὸν
3484 1403 3756 1472 περιόντα

2155 1503 2246 1558 διὰ.
2288 1503 2381 1556 τὸν
2411 1501 2572 1572 φόνον
2601 1499 2697 1553 τοῦ
2747 1495 3003 1567 ἀδελφοῦ.
3060 1497 3172 1550 Καὶ
3203 1493 3423 1550 δέεσθαι
3455 1492 3550 1546 τοῦ
3588 1493 3754 1565 βασιο

2157 1595 2294 1657 λέως
2317 1592 2651 1665 χαρίσασθαι
2689 1592 2826 1661 αὐτῇ
2864 1591 2962 1661 τὴν
2989 1588 3082 1643 τοῦ
3117 1589 3308 1652 παιδὸς
3334 1587 3631 1658 σωτηρίαν.
3680 1586 3757 1638 Ἦ

2162 1688 2262 1758 μὲν
2305 1683 2420 1751 οὖν,
2453 1684 2826 1757 προσελθοῦσα
2873 1683 2950 1752 τῷ
2981 1681 3212 1754 βασιλεῖ,
3265 1679 3588 1752 περιπαθῶς
3619 1673 3757 1730 είπε

2158 1781 2358 1834 ταῦτα.
2404 1779 2466 1834 Ὀ
2519 1779 2577 1832 δὲ
2629 1777 2887 1848 βασιλεὺς
2929 1774 3030 1837 τὴν
3077 1774 3219 1846 ζωὴν
3247 1773 3384 1842 αὐτῇ
3415 1770 3759 1842 χαρίσασθαι

2160 1871 2252 1928 τοῦ
2285 1871 2471 1935 παιδὸς
2503 1870 2888 1942 ἐπηγγείλατο.
2914 1869 3022 1922 Καὶ
3059 1869 3091 1938 ἡ
3118 1867 3256 1937 γυνὴ
3277 1867 3510 1936 χάριτας
3537 1863 3759 1935 ὡμολό-

2161 1982 2249 2034 γει
2278 1961 2430 2033 αύτῷ
2449 1979 2464 1995 ·
2503 1961 2634 2016 Ἵνα
2667 1960 2718 2014 6"
2746 1959 3042 2029 ἐχέγγυον
3071 1959 3166 2021 εἵη
3197 1974 3301 2025 μοι
3327 1955 3444 2009 τῶν
3475 1958 3760 2022 ὑπεσχη-

2157 2055 2381 2125 μένων,
2423 2049 2572 2117 εἷπε,
2604 2051 2838 2121 πρῶτος
2875 2050 3060 2116 αὐτὸς
3108 2048 3188 2114 τῷ
3217 2048 3413 2115 οἰκείῳ
3435 2047 3546 2113 υίῷ
3579 2047 3760 2102 διαλ-

2161 2147 2400 2216 λάγηθι,
2433 2145 2531 2199 καί
2554 2144 2640 2214 μὴ
2675 2143 2754 2209 τῷ
2794 2144 2959 2212 φόνῳ
2991 2141 3097 2195 τοῦ
3149 2139 3311 2209 παρὰ
3339 2138 3582 2210 γνώμην
3633 2153 3761 2194 σου

2140 2239 2454 2303 θανόντος
2532 2235 2670 2290 υἱοῦ
2732 2233 3108 2302 προσθήσεις
3169 2232 3456 2286 ἑκούσιον
3523 2231 3761 2300 ἕτερον.

2163 2328 2405 2398 Συνῆκεν
2439 2329 2467 2382 6
2517 2325 2781 2397 βασιλεὺς
2831 2324 3034 2395 σκῆψιν
3074 2321 3215 2376 εἶναι
3277 2324 3405 2387 τοὺς
3439 2323 3630 2391 λόγους
3657 2324 3765 2392 τῆς

2163 2419 2446 2490 γυναικὸς,
2503 2421 2597 2472 καὶ
2657 2417 2878 2481 τούτους
2911 2417 3236 2485 σοφισθῆναι
3276 2415 3410 2487 παρ’
3439 2416 3621 2479 ’1ωὲιᾷ
3657 2414 3765 2469 καὶ

2165 2513 2431 2581 κατάγειν
2458 2509 2608 2582 αύτῷ
2630 2510 2905 2580 ἐπέτρεψε
2931 2510 3020 2562 τὸν
3048 2507 3392 2577 ’Δόεσαλὼμ.
3417 2509 3529 2562 Καὶ
3551 2525 3764 2579 πορευ-

2167 2605 2280 2668 θεὶς
2318 2603 2501 2669 ’1ωά6,
2542 2603 2750 2673 ἤγαγεν
2783 2601 2946 2655 αὑτὸν
2972 2602 3054 2663 είς
3098 2601 3494 2671 Ἰερουσαλήμο
3523 2600 3601 2661 είς
3629 2598 3767 2668 ὄψιν

2165 2697 2210 2750 δ’
2242 2696 2416 2750 ἐλθεῖν
2461 2697 2520 2748 οὐ
2555 2693 2947 2766 συγκεχώρητο
2975 2693 3054 2764 τῷ
3084 2693 3273 2761 πατρί.
3307 2694 3462 2747 Μετά
3495 2692 3551 2745 δὲ
3579 2691 3764 2746 ταῦτα

2167 2787 2489 2859 κατηλλάγη
2518 2789 2546 2840 ό
2577 2786 2831 2856 βασιλεὺς
2885 2784 2964 2853 τῷ
2996 2784 3320 2855 Ἀσεσαλώμ
3345 2802 3356 2813 ·
3393 2784 3488 2838 καὶ
3518 2784 3763 2848 καλέσας

2167 2883 2354 2944 αὐτὸν,
2383 2879 2717 2950 συγγνώμην
2741 2880 3034 2950 αἰτήσαντι
3061 2879 3284 2942 δέδωκε,
3316 2879 3410 2932 καὶ
3443 2877 3764 2948 ἀμνηστίαν

2165 2973 2262 3028 τοῦ
2284 2973 2684 3044 ἁμαρτήματος
2726 2970 3118 3042 ἐπηγγείλατο.
3167 2973 3398 3034 Ἵππους
3427 2969 3483 3023 δὲ
3513 2970 3607 3022 καὶ
3655 2969 3766 3038 ἆρ-

2172 3083 2318 3136 ματα
2368 3064 2860 3136 προσκτησάμενος
2909 3065 2937 3116 6
2967 3062 3333 3132 Ἀὗεσαλὼμ,
3391 3062 3486 3115 καὶ
3529 3063 3769 3126 πολλοὺς

2168 3159 2428 3224 ὀπαδοὺς,
2467 3138 2590 3210 καθ’
2620 3157 2860 3226 ἑκάστην
2892 3157 3060 3226 ἀπῄει
3097 3156 3232 3226 πρδς
3258 3155 3325 3208 τά
3360 3154 3628 3225 βασίλεια.
3656 3154 3772 3208 Καὶ

484 3241 658 3312 magis
685 3244 858 3310 auxit,
896 3257 1062 3312 quam
1099 3243 1482 3314 Acbitopbelis
1535 3244 1902 3316 transfugium
1938 3249 2062 3303 :ni-

2173 3253 2308 3326 πρὸς
2343 3252 2508 3323 χάριν
2562 3251 2674 3312 τοῖς
2743 3248 3004 3318 πλήθεσιν
3058 3248 3283 3317 ὁμιλῶν,
3343 3247 3550 3300 εὐνοεῖν
3611 3246 3770 3318 αύτῷ

485 3334 788 3388 hilominus
843 3342 1026 3389 tamen
1073 3334 1245 3389 Deum
1300 3335 1542 3403 invocat,
1597 3344 1653 3392 et
1701 3351 1922 3392 omnem
1985 3339 2062 3395 illi

2173 3345 2407 3407 πολλοὺς
2432 3339 2872 3413 παρεσκεύασεν.
2909 3340 3049 3412 Ἤδη
3097 3339 3154 3392 δὲ
3184 3340 3502 3410 τετραετίας
3536 3341 3766 3410 παραρο

484 3434 742 3480 eventum
792 3424 1085 3495 permittit.
1122 3424 1342 3481 Chusus
1382 3427 1548 3482 etiam
1579 3428 1803 3484 Davidis
1831 3430 2064 3494 amicus,

486 3517 553 3572 de
587 3516 738 3572 illius
767 3517 1064 3583 sententia,
1106 3517 1420 3574 defectione
1458 3519 1735 3586 simulata,
1766 3535 1826 3575 se
1853 3521 1918 3576 ad
1955 3522 2070 3577 Ab-

487 3609 734 3664 salonem
798 3607 1033 3663 confert.
1098 3608 1249 3664 Inter
1307 3609 1769 3679 proﬁciscendum
1825 3621 2070 3668 occurrit

490 3701 676 3757 Davidi
695 3700 1154 3772 Memphibostbis
1179 3717 1369 3758 servus
1391 3702 1542 3769 Siba,
1558 3706 1752 3775 jugum
1779 3705 2067 3760 asinorum

487 3808 680 3864 agens,
706 3805 1075 3849 commeatum
1103 3795 1398 3851 ferentium
1427 3816 1441 3853 :
1469 3806 1524 3852 et
1550 3796 1744 3852 herum
1776 3813 2066 3866 accusans,

488 3886 635 3956 quod
659 3885 1055 3959 Hierosolymis
1089 3897 1360 3956 maneret,
1396 3904 1460 3943 ac
1489 3904 1718 3960 regnum
1742 3891 1931 3961 populi
1955 3890 2069 3946 suf-

492 3979 681 4050 fragiis
713 3979 780 4033 ad
810 3995 869 4035 se
899 3981 1210 4036 rediturum
1263 3997 1387 4037 esse
1430 3992 1791 4052 exspectaret.
1823 3983 1906 4039 0b
1948 3999 2070 4052 qua:

493 4072 810 4144 indignatus
841 4073 1032 4140 David,
1069 4074 1253 4128 omnia
1296 4090 1421 4144 quae
1451 4074 1878 4144 Memphibosthi
1917 4075 2070 4144 prius

489 4165 741 4231 donarat,
772 4166 916 4221 Siba:
942 4168 1194 4238 largitur.
1227 4166 1357 4222 Post
1390 4167 1443 4220 in
1479 4168 1676 4222 itinere
1712 4167 1922 4222 Semeis
1943 4183 2069 4222 eum

491 4257 826 4328 aggreditur,
885 4261 971 4313 vir
1028 4259 1209 4314 Saulis
1258 4270 1544 4330 cognatus,
1592 4260 1804 4330 lapides
1857 4261 2079 4331 jactans.

489 4361 683 4404 eontra
706 4366 908 4420 regem,
940 4360 996 4406 et
1022 4366 1319 4407 exsecrans
1355 4351 1606 4416 illum,et
1635 4353 1814 4406 virum
1849 4353 2070 4423 sangui-

491 4442 708 4496 narium
741 4441 910 4512 atque
967 4444 1220 4514 iniquum
1273 4443 1547 4498 vocitans.
1585 4443 1666 4497 Ad
1711 4459 1872 4513 quem
1924 4443 2072 4514 peri-

2172 3435 2398 3507 ῥυείσης
2434 3435 2577 3504 μετὰ
2622 3433 2720 3504 τὴν
2753 3431 3004 3497 κάθοδον,
3037 3433 3342 3499 σκήπτεται
3374 3428 3564 3492 θυσίας
3598 3428 3771 3498 χάριν

2170 3531 2248 3592 είς
2277 3525 2505 3599 Χεϐρὼν
2553 3525 2828 3590 ἀπελθεῖν,
2883 3523 2957 3586 ὡς
2989 3523 3158 3592 εὐχὴν
3207 3520 3368 3575 τοῦτο
3414 3520 3764 3590 πεποιηκὼς,

2169 3619 2453 3691 τυγχάνων
2479 3620 2535 3670 ὲν
2558 3620 2623 3687 τῇ
2666 3620 2831 3687 φυγῇ.
2870 3617 2980 3669 Καὶ
3003 3614 3209 3685 ἀφείθη
3244 3613 3380 3684 πρὸς
3407 3613 3502 3667 τοῦ
3531 3615 3768 3686 πατρός.

2182 3711 2460 3768 Ἀπελθὼν
2481 3711 2560 3777 δὲ,
2583 3711 2721 3780 πρὸς
2752 3709 2980 3772 πολλοὺς
3002 3707 3366 3777 διεπέμψατο,
3386 3709 3481 3760 καὶ
3515 3706 3769 3760 πλεῖστοι

2171 3806 2308 3877 πρὸς
2338 3805 2502 3858 αὑτὸν
2535 3803 2936 3874 συνερρύησαν.
2980 3802 3124 3873 Πρὸς
3177 3801 3232 3854 δὲ
3283 3805 3397 3862 τοῖς
3446 3800 3626 3865 ἄλλοις
3666 3799 3770 3854 κοιλ⁵

2184 3895 2492 3965 ’Δχιτόφελ,
2523 3894 2550 3946 6
2583 3893 2679 3946 τοῦ
2711 3892 2918 3964 πατρὸς
2953 3891 3119 3945 αὖτοῦ
3172 3888 3502 3961 σύμϐουλος,
3540 3891 3632 3943 καὶ
3659 3889 3772 3941 ὑπὸ

2172 3990 2388 4042 πάντων
2443 3985 2700 4058 βασιλεὺς
2731 3984 3039 4056 ἀνερρήθη.
3082 3983 3255 4036 Τοῦτο
3295 3984 3457 4050 γνοὺς
3491 3984 3520 4036 6
3575 3983 3771 4044 Δαϐὶδ,

2170 4083 2354 4150 ἀπῆρε
2389 4079 2529 4148 μετά
2562 4079 2670 4131 τῶν
2721 4077 2851 4145 περὶ
2904 4077 3069 4130 αὐτὸν
3121 4075 3178 4141 ἐξ
3227 4075 3611 4146 Ἰερουσαλήμ.
3655 4075 3772 4128 Καὶ

2170 4175 2220 4227 οί
2255 4173 2530 4240 ἑξακόσιοι
2598 4170 2792 4240 ἄνδρες
2841 4169 2891 4222 οἱ
2943 4169 3034 4221 ἐπὶ
3064 4168 3237 4222 Σαοῦλ
3287 4169 3543 4230 συνόντες
3589 4167 3768 4236 αὐτῷ,

2170 4263 2325 4326 αὖθις
2360 4260 2509 4332 αύτῷ
2560 4258 3013 4330 συνεξώρμησαν.
3062 4257 3300 4328 Ἦγγέλη
3338 4258 3395 4310 δέ
3424 4259 3518 4309 καὶ
3546 4257 3769 4327 Ἀχιτό-

2173 4357 2272 4426 φελ
2298 4354 2597 4426 προσρυεὶς
2632 4352 2706 4423 τῷ
2742 4351 3069 4420 Ἀὅεσαλώμ
3096 4368 3110 4382 °
3146 4351 3174 4404 6
3204 4353 3298 4404 καὶ
3327 4353 3418 4403 τὸν
3451 4351 3616 4418 φόϐον
3663 4351 3768 4403 αύ-

2171 4447 2247 4518 τῷ
2277 4446 2521 4517 μείζονα,
2548 4444 2642 4498 καὶ
2680 4443 2902 4497 πλείονα
2944 4443 3044 4511 τὴν
3075 4442 3250 4513 λύπην
3278 4441 3556 4512 ἐποίησεν.
3625 4443 3750 4494 Ἐπο

493 4533 752 4589 mendum
775 4533 948 4590 David
989 4551 1121 4591 suos
1159 4535 1466 4590 concitatos
1511 4535 1772 4600 inhibuit,
1803 4535 2062 4590 divinitus

2173 4539 2424 4593 εκαλείτο
2444 4537 2500 4591 δὲ
2532 4537 2623 4591 τὸν
2637 4536 2792 4602 Θεὸν,
2810 4537 2905 4590 καὶ
2928 4535 3027 4607 τὴν
3055 4536 3236 4606 κρίσιν
3261 4535 3353 4586 ἐπὶ
3377 4536 3544 4588 πᾶσιν
3574 4533 3773 4603 ἐκείνῳ

492 4626 574 4680 illi
610 4642 672 4682 ea
706 4626 961 4682 mandata
1004 4643 1126 4683 esse
1172 4641 1448 4690 asserens,
1503 4626 1686 4696 itaque
1720 4627 1952 4682 missum
1987 4627 2062 4681 fa-

2177 4631 2470 4702 ὲπέτρεπε.
2495 4630 2666 4683 Χουσὶ
2695 4628 2738 4683 δ’
2763 4605 2990 4698 ἑταῖρος
3008 4625 3083 4680 ὣν
3115 4627 3208 4681 τοῦ
3241 4626 3429 4690 Δαῦὶδ,
3456 4625 3598 4679 κατὰ
3623 4629 3775 4692 γνὼ-

490 4719 775 4776 ciendum.
806 4719 886 4774 Ad
917 4719 1211 4775 Jordanem
1243 4717 1546 4788 profectus,
1580 4719 1655 4774 ibi
1698 4734 1829 4775 suos
1874 4718 2075 4774 defati-

490 4823 649 4883 gatos
677 4811 889 4868 refecit.

2181 4740 2292 4796 μην
2325 4721 2492 4776 αὐτοῦ
2539 4720 2974 4792 ψευδαυτομολεῖ
3002 4719 3140 4789 πρὸς
3189 4718 3542 4789 Ἀὁεσαλώμ.
3596 4719 3775 4789 Πρόσο

2178 4831 2289 4868 εισι
2329 4814 2388 4867 δὲ
2444 4813 2525 4884 τῷ
2579 4813 2745 4867 Δαὸὶδ
2775 4811 2990 4866 ἀπιόντι
3012 4814 3040 4865 6
3069 4811 3256 4875 δοῦλος
3286 4809 3380 4865 τοῦ
3412 4811 3774 4880 Μεμφιϐοσθὲ

492 4907 648 4974 Σιϐἀ,
706 4905 900 4977 ζεῦγος
937 4905 1085 4976 ἄγων
1139 4906 1277 4959 ὄνων
1315 4905 1594 4974 φερόντων
1632 4904 1699 4958 τὰ.
1758 4900 2065 4978 ἐπιτήδεια,
2108 4907 2332 4962 καὶτοῦ
2400 4906 2662 4960 δεσπότου
2713 4905 3060 4976 κατηγορῶν,
3131 4903 3207 4967 ὡς
3262 4904 3543 4976 μείναντος
3569 4907 3627 4956 ὲν
3668 4905 3774 4958 Ἱε-

497 5003 836 5076 ροσολύμοις,
879 5004 974 5057 καὶ
1004 5001 1412 5071 προσδοκῶντος
1461 5001 1737 5074 αὐτῷτὴν
1788 5002 2067 5072 βασιλείαν
2109 5003 2583 5076 περιελεύσεσθαι,
2616 4998 2705 5056 οἷα
2731 5002 2826 5056 τοῦ
2887 5002 3127 5074 πλήθους
3152 5002 3519 5073 αἱρησομένου
3583 5002 3770 5056 αὐτόν.

437 5075 452 5140 ἶ
499 5075 920 5169 Ἦγανάκτησεν
949 5097 1044 5150 ἐπὶ
1067 5096 1275 5158 τούτοις
1311 5094 1497 5157 Δαὸὶδ,
1527 5095 1623 5150 καὶ
1653 5096 1832 5149 πάντα
1866 5098 1965 5150 ὅσα
2029 5097 2106 5168 τῷ
2145 5075 2506 5168 Μεμφιϐόσθὲ
2574 5097 2704 5166 πρὶν
2754 5094 3101 5166 ἐδωρήσατο,
3157 5095 3236 5165 τῷ
3284 5094 3417 5148 Σισὰ
3449 5094 3772 5165 ἐχαρίσατοο

494 5193 627 5252 Εἶτα
663 5195 874 5250 ἔπεισιν
925 5193 1076 5264 αὐτῷ
1119 5195 1259 5248 κατὰ
1297 5194 1399 5266 τὴν
1430 5193 1548 5248 όδὺν
1588 5195 1805 5264 Σεμεεὶ,
1838 5195 1976 5266 ἀνὴρ
2007 5197 2072 5248 ἐκ
2131 5197 2233 5262 τῆς
2303 5195 2627 5264 συγγενείας
2649 5193 2843 5259 Σαοὺλ,
2864 5193 2961 5247 καὶ
2989 5192 3172 5257 λίθους
3207 5191 3350 5248 κατά
3369 5191 3464 5246 τοῦ
3500 5192 3774 5264 βασιλέως

496 5289 762 5360 ἡκόντιξε,
813 5288 908 5342 καὶ
961 5289 1242 5357 κατηρᾶτο
1273 5286 1441 5357 αὐτῷ,
1493 5287 1587 5341 καὶ
1653 5286 1826 5360 ἄνδρα
1886 5287 2138 5357 αἱμάτων
2173 5285 2450 5357 ὠνόμαζε,
2481 5287 2576 5340 καὶ
2605 5285 2949 5356 παράνομον.
2974 5283 3096 5340 Τῶν
3127 5284 3183 5337 δὲ
3208 5285 3346 5354 μετά
3374 5285 3538 5337 Δαϐὶδ
3555 5287 3773 5356 ὁρμών-

491 5403 602 5438 των
635 5382 845 5436 ἀνελεῖν
872 5381 964 5435 τδν
997 5383 1212 5450 Σεμεεὶ,
1248 5384 1275 5435 6
1316 5380 1567 5452 βασιλεὺς
1595 5381 1696 5434 οὐκ
1727 5381 1960 5451 ἀφῆκεν,
1994 5380 2196 5436 εἰπών’
2263 5380 2468 5452 Κύριος
2523 5377 2677 5432 εἶπεν
2716 5377 2867 5450 αύτῷ
2889 5377 3063 5431 ταῦτα
3106 5381 3303 5443 ποιεῖν,
3341 5378 3508 5448 ἄφετε
3578 5380 3768 5432 αὐτόν·

496 5478 604 5532 Καὶ
650 5473 821 5529 ἐλθὼν
856 5475 935 5538 είς
968 5475 1060 5528 τὸν
1085 5475 1382 5547 Ἰορδάνην,
1437 5477 1554 5530 ἐκεῖ
1581 5475 1710 5540 τοὺς
1750 5476 1871 5547 μετ’
1911 5476 2076 5530 αὐτοῦ
2105 5473 2506 5535 κεκοπιακότας
2535 5470 2820 5541 ἀνέψυξεν.

567 5569 632 5626 ν.
665 5567 907 5623 Absalon
968 5576 1154 5622 autem
1219 5567 1310 5622 ubi
1363 5568 1740 5641 Hierosolyma
1793 5568 2072 5640 pervenit,

495 5661 684 5716 Cbuso
711 5675 771 5713 se
800 5659 1077 5713 accedenti
1109 5675 1122 5712 :
1158 5658 1290 5720 Cur,
1320 5659 1524 5728 inquit,
1561 5669 1733 5729 patre,
1763 5662 1846 5714 cui
1874 5661 2073 5714 amicus

497 5769 573 5812 es.
605 5753 711 5824 77
758 5751 990 5814 deserto,
1017 5769 1100 5806 me
1131 5753 1376 5808 convenis
1403 5751 1428 5805 ?
1455 5749 1592 5804 Tum
1621 5752 1711 5807 ille
1738 5770 1751 5806 :
1787 5752 2070 5817 Divinitus,

501 5843 700 5914 inquit,
741 5841 904 5897 electa
933 5842 1113 5908 adero,
1167 5852 1218 5897 et
1267 5860 1385 5897 eum
1413 5859 1626 5913 sequar,
1676 5843 1768 5913 qui
1794 5845 1952 5896 totius
1983 5859 2075 5912 po-

502 5936 612 6006 puli
633 5950 886 5994 consensu
923 5952 1013 5992 rea:
1044 5945 1116 5990 est
1146 5937 1467 5992 declaratus.
1509 5935 1715 5991 Deinde
1747 5934 1878 6005 quid
1907 5951 2070 6004 agen-

2254 5569 2326 5621 E'.
2365 5563 2690 5634 Ἀϐεσαλὼμ
2725 5563 2804 5630 δὲ,
2871 5562 3317 5632 παραγενόμενος
3378 5564 3460 5625 εἰς
3533 5563 3771 5635 Ἰεροσό-

2178 5657 2350 5728 λυμα,
2402 5656 2613 5710 ἐλθόντι
2669 5656 2806 5726 πρὸς
2868 5655 3030 5708 αὑτὸν
3081 5654 3159 5725 τῷ
3195 5654 3387 5719 Χουσὶ,
3438 5653 3584 5726 ἔφη’
3627 5657 3764 5711 Ἵνα

2181 5750 2238 5802 τί
2302 5747 2534 5816 ἑταῖρος
2604 5746 2689 5799 ὢν
2755 5747 2862 5800 τοῦ
2925 5749 3148 5814 πατρός
3212 5765 3371 5817 μου.
3444 5748 3594 5817 πρὸς
3655 5748 3764 5819 ἐμὲ

2183 5840 2348 5906 ἥκεις
2413 5840 2649 5894 ἐκεῖνον
2703 5840 2930 5905 .ίιπὼν;
2998 5839 3058 5892 '0
3087 5839 3164 5899 δὲ.
3227 5837 3310 5904 Τῷ
3354 5839 3767 5910 ἐκλελεγμένον

2192 5932 2352 6001 παρὰ
2397 5932 2544 5988 Θεοῦ
2585 5933 2940 6002 συνέσομαι,
2975 5928 3116 5997 εἷπε,
3161 5933 3256 5986 καί
3302 5932 3641 6005 συνέσομαι
3685 5933 3765 5999 τῷ
