3910 6576
241 463 335 528 15.7

1526 463 1936 525 ANNALIUM
1976 463 2127 523 LIB.
2173 463 2258 525 II.

3387 459 3490 524 158

239 578 598 650 ᾔρετισμένφ
653 575 817 646 παρὰ
873 576 1102 645 παντὸς
1149 575 1255 630 τοῦ
1304 574 1481 630 λαοῦ.
1514 575 1580 629 Τί
1622 575 1680 629 δὲ
1730 575 1809 629 δεῐ

1914 576 2046 632 dum
2075 585 2244 641 esset,
2289 573 2642 648 percontanti
2687 557 2972 635 Absaloni,
3007 572 3306 643 respondet
3331 572 3494 629 Achi-

234 673 484 745 πράττειν
507 669 603 723 τδν
650 669 939 740 ’Δχιτόςρελ
991 668 1153 740 ἦρετο
1172 668 1200 720 6
1241 664 1584 738 Ἀὄεσα).ὡμ.
1611 667 1721 720 Καὶ
1751 666 1808 729 ὃς

235 763 620 820 συηὸοὑλευσε
647 765 769 826 ταῖς
803 761 898 816 τοῦ
931 763 1136 834 πατρὸς
1165 759 1454 831 μίσγεσθαι
1483 759 1809 823 παλλακαῖς’

232 860 293 914 ἶν’
314 857 457 913 οὕτω
485 860 669 926 γνοῖεν
693 856 894 920 πάντες
919 856 1184 912 ἄσπονδον
1207 853 1347 908 ειναί
1377 870 1461 908 σοι
1487 851 1586 924 τὴν
1608 851 1812 922 ἔχθραν

235 951 362 1022 πρὸς
396 949 491 1003 τὸν
518 949 736 1020 πατέρα
768 965 884 1002 σου.
929 948 1036 1001 Καὶ
1078 947 1300 1015 ἐποίησε
1345 945 1489 1000 κατὰ
1525 947 1626 1015 τὴν
1667 961 1805 1014 συμ-

231 1039 423 1112 ϐουλὴν
445 1041 655 1112 ταύτην
691 1039 1036 1112 ’Δόεσαλώμ.
1067 1039 1404 1109 Δίτήσαντος
1433 1037 1490 1092 δὲ
1518 1037 1614 1092 τοῦ
1661 1036 1810 1106 Ἀχι-

231 1134 387 1203 τόφελ
444 1133 678 1202 μυρίους
729 1131 950 1201 ἄνδρας,
1008 1131 1083 1193 ὡς
1129 1128 1196 1184 ἂν
1239 1129 1441 1183 αὐτίκα
1497 1125 1807 1198 καταδιὼξῃ

228 1225 452 1279 επισθεν
487 1224 586 1278 τοῦ
620 1224 886 1294 βασιλέως
933 1222 1123 1288 Δαϐὶδ,
1169 1222 1262 1276 καὶ
1299 1221 1410 1276 τῶν
1457 1220 1576 1290 μετ’
1619 1219 1808 1286 αὑτοῦ,

230 1317 609 1387 ὲκλελυμένων
632 1317 800 1370 όντων
835 1317 939 1370 ὑπὸ
972 1316 1066 1369 τοῦ
1097 1314 1290 1380 κόπου,
1323 1314 1416 1367 καὶ
1451 1313 1542 1368 τὸν
1573 1312 1671 1384 μὲν
1703 1330 1810 1365 πα-

226 1411 380 1481 τάξῃ,
411 1410 539 1474 τοὺς
570 1409 628 1462 δὲ
653 1408 982 1482 ἐπιστρέψῃ,
1016 1407 1045 1462 6
1085 1405 1410 1478 Ἀϐεσαλὼμ
1438 1405 1692 1477 ἠρώτησε
1717 1403 1809 1458 τὸν

229 1503 397 1558 Χουσὶ
456 1503 590 1572 περὶ
646 1501 746 1573 τῆς
783 1500 1112 1571 συμϐουλῆς.
1155 1499 1214 1552 '0
1246 1499 1303 1552 δὲ
1342 1498 1442 1552 οὐκ
1473 1497 1682 1567 ἀγαθὴν
1711 1495 1811 1549 αὒ-

223 1596 320 1664 τὶςν
368 1593 727 1664 ἀπεφήνατο,
755 1591 930 1660 λέγων
979 1590 1054 1654 ὡς
1112 1593 1234 1644 Οὐκ
1281 1588 1576 1659 ἠγνόηταί
1615 1604 1714 1642 σοι
1765 1585 1805 1654 ἡ

227 1689 330 1745 τοῦ
377 1691 610 1759 πατρὸς
640 1689 741 1742 καί
779 1687 899 1742 τῶν
921 1688 1050 1757 μετ’
1081 1685 1268 1740 αὐτοῦ
1291 1685 1537 1753 ἀνδρεία
1572 1683 1668 1736 καί
1702 1681 1807 1752 ἐμ-

226 1781 447 1849 πειρία.
509 1783 650 1835 Δεῖν
695 1781 764 1834 δὲ
807 1777 1021 1849 νομίζω
1075 1779 1143 1833 ἐκ
1185 1777 1390 1845 πάσης
1446 1776 1557 1845 τῆς
1610 1774 1808 1846 χώρας

225 1875 517 1941 στρατιὰν
561 1872 1051 1942 συλλεξάμενον,
1092 1870 1278 1936 οὕτως
1321 1871 1508 1924 αὐτόν
1547 1883 1621 1922 σε
1656 1866 1808 1921 κατὰ

1917 669 2127 740 topbel,
2162 667 2599 738 constuprandas
2627 681 2754 724 esse
2795 674 3051 736 paternas
3107 665 3448 721 concubinas
3474 705 3491 729 ,

1921 771 1985 818 ut
2005 776 2219 826 omnes,
2248 760 2448 831 inquit,
2481 760 2812 831 intelligant,
2854 758 3350 814 irreconciliabilcs
3372 774 3494 815 esse

1915 865 2038 914 tuas
2067 855 2336 911 adversus
2373 864 2584 924 patrem
2617 853 2960 909 inimicitias.
3005 851 3364 921 Obtemperat
3399 852 3492 906 ille

1905 948 2160 1004 consilio.
2222 949 2329 1004 Sed
2377 963 2504 1003 cum
2557 947 2702 1002 idem
2760 945 2952 1003 decem
2998 945 3168 1000 millia
3238 945 3486 999 virorum

1913 1048 2128 1109 peteret
2184 1049 2245 1094 ut
2301 1055 2484 1109 regem
2541 1038 2804 1092 Davidem
2853 1053 2978 1092 cum
3027 1038 3145 1092 suis
3189 1052 3220 1091 e
3260 1036 3493 1108 vestigio

1911 1137 2361 1203 persequeretur,
2399 1128 2720 1198 fatigatione
2744 1137 3062 1189 enervatus.
3091 1126 3336 1186 ac.i|lum
3370 1125 3495 1194 qui-

1913 1223 2040 1279 dem
2071 1223 2310 1288 tolleret,
2351 1221 2454 1277 hos
2483 1230 2668 1276 autem
2700 1221 2998 1276 reduceret
3030 1237 3043 1273 :
3073 1219 3312 1274 Absalon
3340 1217 3494 1273 Cbu-

1911 1335 2036 1375 sum
2093 1328 2268 1390 rogat,
2309 1319 2443 1389 quid
2500 1320 2570 1375 de
2621 1332 2690 1373 eo
2739 1317 2974 1372 consilio
3035 1316 3138 1386 ipsi
3200 1312 3494 1368 videatur?

1910 1412 2229 1482 Respondet
2272 1413 2384 1478 ille,
2439 1427 2550 1468 non
2596 1426 2722 1468 esse
2760 1411 2815 1465 id
2860 1410 3076 1464 bonum
3123 1426 3138 1462 :
3195 1406 3309 1461 Nec
3354 1408 3494 1460 etum

1911 1505 2152 1574 ignoras,
2196 1504 2399 1574 inquit,
2433 1505 2602 1571 patris
2633 1505 2712 1557 tui
2734 1511 2784 1556 et
2820 1501 3051 1556 militum
3081 1500 3194 1570 ejus
3224 1497 3495 1568 fortitudio

1911 1610 2053 1659 nem,
2083 1605 2243 1664 atque
2288 1595 2363 1648 rei
2411 1593 2662 1649 militaris
2709 1609 2885 1648 usum.
2942 1591 3054 1662 Ego
3105 1607 3226 1644 vero
3281 1604 3492 1652 censeo,

1911 1707 1938 1745 e
1981 1698 2090 1744 tota
2139 1689 2408 1760 provincia
2466 1685 2819 1759 colligendum
2866 1689 3172 1747 exercitum,
3222 1692 3272 1736 et
3333 1683 3495 1736 ducta

1911 1783 2266 1852 auspiciisque
2291 1783 2392 1836 tuis
2429 1789 2634 1852 patrem
2665 1777 3109 1850 persequendum.
3141 1776 3320 1831 Vinces
3345 1775 3498 1828 nimi-

1913 1893 2054 1942 rum,
2110 1893 2231 1930 cum
2268 1876 2449 1930 multis
2480 1877 2534 1930 in
2560 1891 2758 1947 paucos
2803 1875 2944 1944 facta
2983 1875 3202 1943 impetu.
3254 1869 3496 1924 Absalon

227 1967 326 2022 τοῦ
347 1968 582 2035 πατρὸς
613 1966 899 2036 ὁρμῆσαι,
931 1963 1030 2020 καὶ
1059 1961 1473 2034 στρατηγῆσαι
1502 1961 1609 2016 τόν
1637 1962 1809 2014 πόλε-

1921 1969 2242 2040 εαιιθτὶιιυο.
2280 1968 2366 2024 his
2403 1945 2632 2030 auditis,
2681 1966 2855 2022 Chusi
2901 1964 3196 2020 consilium
3242 1961 3492 2025 laudant,

229 2076 366 2127 μον,
399 2059 500 2112 καί
547 2057 788 2124 πάντως
843 2057 1118 2126 νικήσεις
1166 2055 1318 2124 πρὸς
1357 2053 1613 2124 ,βραχεῖς
1659 2052 1811 2122 μετὰ

224 2148 475 2204 πολλῶν
502 2149 1022 2218 σιφρηγνύμενος.
1053 2147 1161 2200 Καὶ
1185 2140 1339 2200 εἶπεν
1372 2142 1692 2214 Ἀϐεσαλὼμ
1715 2144 1811 2196 καὶ

225 2242 273 2293 οἱ
303 2241 399 2294 σὺν
427 2239 613 2310 αὐτῷ·
652 2238 860 2311 Ἀγαθὴ
888 2241 920 2310 ἡ
949 2237 1115 2309 βουλὴ
1148 2237 1339 2302 Χουσὶ,
1382 2235 1522 2306 ὑπὲρ
1548 2236 1647 2307 τὴν
1680 2234 1809 2306 βουο

224 2335 317 2405 λὴν
357 2334 672 2406 Ἀχιτόφελ.
708 2333 894 2388 Πάντα
945 2334 1001 2387 δὲ
1049 2331 1226 2386 ταῦτα
1274 2331 1446 2385 Χουσὶ
1493 2329 1571 2400 τῷ
1617 2328 1809 2382 Σαδὼκ

225 2428 314 2481 καὶ
348 2428 432 2497 τῷ
470 2426 740 2497 Ἀϐιάθαρ
774 2429 888 2490 τοῖς
916 2424 1123 2499 ἱερεῦσι
1153 2425 1391 2496 δηλῶσαι
1417 2425 1494 2494 τῷ
1526 2423 1691 2476 Δαὸὶδ
1723 2425 1810 2476 ὲν-

224 2518 490 2574 ετείλατο.
521 2520 585 2572 Oi
629 2519 687 2572 δὲ
725 2519 1022 2574 ὲστάλκασι
1062 2519 1200 2591 πρὸς
1232 2517 1397 2572 Δαὸὶδ
1434 2518 1637 2587 ἄνδρας
1682 2516 1807 2579 τοὺς

224 2611 602 2680 γνωριοῦντας
641 2611 791 2682 αὑτῷ
836 2610 901 2665 τὰ
934 2611 1224 2681 γενόμενα.
1263 2609 1578 2684 ’Δπηγγέλη
1631 2609 1687 2664 δὲ
1733 2607 1810 2682 τῷ

235 2701 567 2774 Ἀδεσαλὼμ
606 2702 738 2774 περὶ
764 2702 873 2756 τῶν
913 2702 1148 2774 ἀνδρῶν,
1191 2705 1288 2759 καὶ
1332 2702 1663 2758 κατεδίωκεν
1710 2702 1811 2756 αὖ·

223 2795 367 2859 τούς.
410 2798 477 2849 Ὀ
504 2796 729 2864 γνόντες
763 2798 984 2864 ἐκεῖνοι,
1018 2796 1454 2867 προσφεύγουσιν
1477 2796 1534 2848 ὲν
1555 2796 1702 2866 οἰκίᾳ
1730 2811 1812 2848 τιο

226 2887 330 2955 νδς,
369 2889 467 2942 καὶ
518 2889 600 2951 εἰς
649 2887 828 2960 φρέαρ
870 2888 1223 2954 καταδύντες,
1265 2889 1580 2963 ἐκρύσησάν
1623 2907 1683 2942 τε
1715 2889 1811 2944 καὶ

226 2983 436 3050 ἔλαθον,
467 2983 566 3036 καὶ
604 2981 683 3054 τῷ
709 2981 892 3050 Δαὸὶδ,
924 2984 1135 3039 ἐκεῖθεν
1161 2983 1491 3050 ἐξελθόντες,
1526 2982 1595 3036 τὰ
1638 3000 1813 3054 μηνυ-

227 3075 386 3130 θέντα
421 3073 788 3146 ἀπήγγειλαν.
833 3075 889 3129 '0
915 3075 970 3130 δὲ
1005 3076 1193 3141 νυκτὸς
1228 3076 1324 3130 σὺν
1349 3078 1463 3139 τοῖς
1489 3077 1608 3146 μετ’
1642 3073 1810 3130 αὐτοῦ

225 3168 374 3239 διέϐη
402 3168 494 3222 τὸν
527 3167 818 3240 Ἰορδάνην.
860 3167 1147 3240 Ἀχιτόφελ
1193 3167 1378 3238 μέντοι
1404 3166 1815 3238 παρευδοκιμη-

228 3259 361 3322 θεὶς,
392 3259 490 3312 καὶ
517 3258 682 3326 γνοὺς
712 3259 794 3312 ὅτι
840 3259 988 3312 κακὰ
1025 3260 1420 3331 συναιτήσεται
1465 3258 1544 3330 τῷ
1588 3258 1814 3311 ’Λὸεσα-

228 3351 366 3420 mp,
395 3349 643 3418 ἀπῆλθεν
699 3350 779 3413 είς
819 3350 911 3403 τδν
944 3346 1093 3404 οἶκον
1133 3349 1320 3418 αὐτοῦ,
1356 3350 1452 3405 καὶ
1499 3349 1808 3421 ἀπήγξατο.

240 3443 584 3514 Ἀριθμήσας
613 3442 670 3496 δὲ
696 3442 824 3504 τοὺς
852 3443 972 3510 μετ’
998 3442 1166 3498 αὐτοῦ
1188 3445 1215 3496 6
1242 3442 1430 3507 Δαϐὶδ,
1459 3459 1811 3514 τετρακισχι-

233 3535 377 3600 λίους
409 3529 563 3605 εὗρε.
607 3535 718 3590 Καὶ
763 3535 841 3598 είς
875 3538 1027 3608 τρεῖς
1066 3535 1232 3590 διεῖλε
1271 3535 1468 3607 μοίρας
1499 3535 1600 3608 τὴν
1639 3552 1811 3607 στρα·

233 3629 402 3694 τείαν,
433 3628 647 3702 ἑκάστῃ
670 3644 730 3681 τε
756 3627 1028 3701 ἐπέστησε
1065 3629 1389 3700 στρατηγὸν,
1413 3627 1573 3694 αὐτὸς
1597 3628 1656 3683 δὲ
1685 3645 1810 3683 συν-

238 3721 636 3794 εκστρατεῦσαι
670 3721 822 3795 παρὰ
847 3723 956 3776 τῶν
987 3722 1154 3792 φίλων
1183 3723 1242 3777 οὐ
1279 3720 1690 3793 συγκεχώρητο,
1723 3719 1810 3776 λε-

232 3812 454 3882 γόντων,
485 3812 564 3877 ὡς
607 3813 656 3866 εί
698 3813 818 3884 μετ’
849 3812 1016 3874 αὑτοῦ
1047 3813 1333 3882 τραπείεν,
1367 3811 1550 3882 πάσης
1597 3809 1812 3874 ἐλπίδος

234 3906 593 3960 ἐκπίπτουσιν
614 3921 628 3936 ·
661 3905 826 3960 αὖτοῦ
869 3906 927 3959 δὲ
959 3905 1294 3976 σωζομένου,
1324 3904 1404 3958 ἔτι
1438 3905 1623 3974 σφίσιν
1652 3905 1810 3968 ἐλπὶς

235 3997 662 4068 πριλέλειπται.
695 3996 984 4069 Ἔπεμψεν
1010 3997 1104 4053 οὖν
1147 3998 1238 4052 τὸν
1263 3997 1392 4052 λαὸν
1420 3997 1586 4051 αὐτοῦ
1637 4014 1813 4068 μαχη-

236 4090 456 4160 σόμενον
488 4108 498 4120 ο
531 4091 628 4146 καὶ
657 4091 965 4162 παρεκάλει
1001 4091 1294 4162 φείσασθαι
1324 4089 1420 4145 τοῦ
1470 4089 1810 4161 Ἀδεσαλὼμ,

234 4185 276 4234 εί
301 4185 610 4255 νικήσειαν.
648 4185 851 4255 Μάχης
891 4185 951 4239 δὲ
988 4184 1382 4258 συρῤαγείσης,
1423 4183 1721 4255 κρατοῦσιν
1763 4186 1812 4238 oi

233 4273 320 4327 τοῦ
370 4274 562 4339 Δασιδ,
593 4275 692 4328 καὶ
734 4276 824 4328 τὸν
868 4275 1193 4347 ’Δϐεσαλὼμ
1239 4275 1465 4330 ἐδίωκον
1517 4277 1811 4346 φεύγοντα.

239 4368 538 4438 Ψερόμενος
570 4366 616 4420 δ’
653 4367 738 4436 ἐφ’
767 4367 1018 4438 ἡμιόνου,
1048 4370 1144 4422 καὶ
1171 4369 1251 4431 είς
1284 4367 1489 4439 δρυμὸν
1529 4369 1810 4436 εἰσελθὼν,

239 4459 354 4531 δρυῒ
391 4461 608 4534 μεγάλῃ
634 4462 733 4532 τῆς
758 4460 942 4532 τριχὸς
985 4461 1151 4516 αὑτοῦ
1181 4461 1559 4533 ἐμπλακείσης
1593 4462 1812 4534 (ἔτρεφε

234 4553 333 4624 γὰρ
351 4555 450 4624 τὴν
478 4554 660 4626 κόμην
679 4555 883 4625 σφόδρα
907 4555 1154 4628 πολλὴν),
1176 4554 1480 4629 ἀπῃὼρητο
1501 4555 1603 4626 τῆς
1624 4555 1809 4626 δρυός⁶

1913 2061 2304 2132 Acbitopbelis
2353 2061 2691 2131 improbato.
2751 2058 2884 2126 Qua:
2917 2057 3138 2114 Clausus
3169 2054 3356 2109 omnia
3399 2067 3496 2122 per

1913 2155 2188 2209 Sadocum
2236 2164 2291 2210 et
2330 2153 2690 2208 Abiatbarem
2736 2150 3058 2208 sacerdotes
3100 2146 3294 2204 Davidi
3354 2159 3497 2199 nun-

1912 2247 2035 2303 tiari
2058 2247 2238 2316 jubet.
2276 2246 2500 2302 Mittunt
2533 2247 2610 2300 illi
2643 2245 2794 2300 viros
2832 2243 2928 2313 qui
2972 2243 3090 2297 haec
3124 2241 3237 2310 regi
3271 2238 3482 2309 signiti-

1911 2348 2058 2394 cent.
2127 2341 2330 2394 Verum
2380 2339 2624 2394 Absalon
2654 2353 2778 2393 cum
2813 2337 2866 2391 id
2905 2335 3184 2400 rescisset,
3231 2347 3327 2387 eos
3366 2345 3496 2400 per¢

1910 2434 2185 2503 sequitur.
2233 2433 2302 2488 At
2343 2433 2444 2500 illi,
2485 2433 2875 2488 animadverso
2939 2429 3209 2500 periculo,
3265 2426 3494 2481 domum

1909 2526 2204 2598 quamdam
2239 2525 2496 2596 ingrcssi,
2535 2526 2590 2582 in
2631 2535 2798 2598 puteo
2828 2521 3205 2579 delitescunt:
3243 2529 3298 2575 et
3331 2521 3494 2574 decc-

1909 2623 2018 2693 ptis
2045 2621 2516 2692 persecutoribus,
2551 2636 2666 2676 rem
2697 2633 2917 2675 omnem
2959 2615 3027 2671 ad
3068 2613 3328 2670 Davidem
3371 2627 3496 2682 per-

1908 2714 2114 2770 ferunt.
2180 2713 2276 2768 ille
2339 2721 2507 2768 noctu
2558 2710 2854 2767 Iordanem
2944 2707 3164 2764 transit.
3220 2705 3494 2762 Caeterum

1917 2807 2252 2877 Acbitopbel
2297 2816 2410 2860 tum
2457 2805 2625 2859 alium
2657 2803 2760 2859 sibi
2797 2803 3078 2872 praelatum
3105 2815 3250 2871 aegre
3285 2798 3491 2859 ferens.

1923 2907 2040 2953 tum
2073 2897 2286 2952 cladem
2336 2895 2600 2951 Absaloni
2645 2894 3024 2949 imminentem
3063 2891 3249 2946 animo
3293 2885 3495 2958 praevi-

1914 2992 2074 3057 dens,
2111 2991 2339 3046 domum
2375 2989 2515 3056 abit,
2550 3003 2615 3043 ac
2642 3003 2700 3043 se
2738 2985 3049 3056 suspendit.
3105 2981 3275 3037 David
3305 2994 3498 3035 recen-

1912 3083 2042 3144 sens
2083 3085 2386 3141 exercitum
2432 3092 2671 3154 quatuor
2733 3080 2904 3136 millia
2969 3080 3214 3132 virorum
3260 3072 3494 3137 invertit,

1914 3195 2154 3251 eumque
2187 3179 2458 3233 trifariam
2485 3177 2742 3247 partitur,
2777 3173 2980 3243 cuique
3019 3168 3161 3241 parti
3186 3167 3326 3222 duce
3360 3179 3498 3236 prae-

1916 3274 2121 3344 posito.
2179 3272 2388 3328 Verum
2444 3268 2606 3325 amici
2645 3283 2774 3323 eum
2817 3265 3089 3319 interesse
3138 3274 3333 3330 pugna
3382 3256 3496 3328 pati

1914 3363 2243 3418 noluerunt.
2271 3358 2429 3427 Quod
2462 3359 2508 3414 si
2541 3373 2666 3414 cum
2693 3357 2787 3412 illo
2819 3355 2876 3409 in
2900 3355 3083 3424 fugam
3114 3357 3496 3412 verterentur,

1914 3455 2066 3511 omni
2099 3469 2198 3524 spe
2234 3452 2488 3508 destituti
2539 3450 2770 3505 forent:
2819 3445 3082 3502 incolumi
3132 3457 3289 3503 vero,
3343 3456 3498 3509 spem

1914 3544 2097 3599 adhuc
2137 3542 2414 3611 reliquam
2459 3538 2712 3594 habituri
2755 3545 2962 3592 essent.
3008 3534 3282 3604 Populum
3332 3531 3499 3619 igitur

1912 3650 2074 3690 suum
2127 3633 2197 3688 ad
2253 3647 2492 3703 pugnam
2556 3630 2747 3694 mittit,
2800 3641 3002 3698 rogans
3079 3633 3138 3679 ut
3201 3627 3499 3694 parcerent

1911 3728 2194 3792 Absaloui,
2237 3725 2285 3781 si
2313 3725 2596 3780 vicissent.
2628 3719 2933 3778 Commisso
3002 3718 3213 3789 praelio,
3251 3711 3499 3770 Davidici

1914 3822 2152 3875 victores
2171 3818 2506 3873 Absalonem
2534 3814 2683 3869 mula
2705 3813 3007 3884 fugientem
3037 3815 3454 3880 persequuntur
3480 3817 3496 3857 :

1912 3915 2007 3986 qui
2048 3928 2245 3969 nemus
2294 3913 2600 3982 ingressus,
2659 3923 2839 3972 coma,
2897 3920 3060 3976 quam
3110 3900 3498 3958 densissimam

1912 4007 2114 4070 alebat,
2161 4019 2373 4075 magna:
2422 4001 2659 4072 quercui
2722 3999 2991 4070 implicita
3043 3995 3297 4057 adhaesit,
3348 3991 3497 4045 mula

1913 4101 2106 4155 subter
2149 4113 2278 4154 eum
2335 4110 2651 4167 progressa.
2698 4095 2777 4148 fta
2826 4090 3232 4160 dependentem
3271 4085 3496 4156 quidam

1915 4190 2285 4262 conspicatus,
2319 4188 2501 4245 Joabo
2560 4202 2676 4242 rem
2732 4185 2973 4238 nuntiat.
3025 4183 3074 4236 ls
3129 4194 3262 4234 vero
3318 4176 3498 4232 tribus

1915 4282 2146 4352 spiculis
2183 4282 2239 4336 in
2275 4295 2372 4337 cor
2423 4282 2544 4352 ejus
2587 4278 2874 4350 conjectis,
2912 4277 3023 4348 '78
3075 4289 3203 4330 eum
3249 4271 3495 4342 perimit,

1923 4385 1980 4432 et
2007 4375 2256 4430 victoriae
2290 4375 2548 4428 nuntium
2596 4373 2660 4426 ad
2694 4370 2956 4426 Davidem
2991 4368 3161 4423 mittit
3198 4384 3211 4419 :
3257 4365 3351 4434 qui
3402 4379 3496 4417 au-

1915 4472 2028 4528 dita
2050 4472 2303 4536 victoria,
2342 4487 2475 4526 num
2510 4470 2720 4525 viveret
2753 4467 2899 4523 (ilius
2926 4471 3305 4537 percontatur,
3342 4461 3497 4531 ejus-

1915 4581 2024 4638 que
2061 4566 2292 4620 interitu
2324 4564 2570 4635 cognito,
2605 4563 2964 4618 lamentatur.
3003 4557 3110 4614 Sed
3158 4555 3364 4612 Joabus
3409 4567 3497 4607 re-

233 4645 326 4716 ήδ’
350 4645 577 4716 ἡμίονος
609 4645 970 4717 παρελήλυθε.
995 4648 1105 4701 Καί
1131 4665 1237 4715 τις,
1262 4649 1640 4719 ἀνηρτημένον
1667 4647 1809 4702 οὕτω

1915 4675 2037 4731 gem
2079 4673 2391 4730 aggressus.
2426 4657 2644 4722 suadet,
2687 4663 2745 4709 ut
2775 4654 2929 4708 finito
2965 4652 3119 4705 luctu
3162 4665 3220 4704 se
3257 4647 3494 4701 militum

234 4739 318 4791 τὸν
358 4739 687 4811 Ἀδεσαλὼμ
731 4740 1091 4813 θεασάμενος,
1123 4741 1468 4813 καταμηνύει
1510 4741 1590 4813 τῷ
1627 4742 1808 4797 ἰωά6.

244 4827 300 4883 '0
322 4829 400 4898 δὲ,
428 4830 643 4901 βέλεσιν
666 4831 829 4885 αὐτὸν
857 4834 1006 4904 τρισὶ
1041 4835 1185 4888 κατὰ
1213 4834 1314 4905 τῆς
1341 4833 1572 4905 καρδίας
1602 4831 1808 4904 βαλὼν,

236 4921 563 4986 ἐθανάτωσε,
595 4924 691 4978 καὶ
719 4924 811 4978 τὸν
838 4925 938 4996 τὴν
965 4925 1125 4997 νίκην
1160 4925 1585 4996 ἀπαγγελοῦντα
1609 4926 1686 4996 τῷ
1714 4925 1812 4997 βα-

238 5015 367 5069 σιλεῖ
415 5017 794 5082 ἐξαπέστειλε.
830 5017 1184 5090 Μηνυθείσης
1222 5019 1280 5072 δὲ
1319 5021 1417 5090 τῆς
1443 5021 1600 5092 νίκης
1633 5021 1808 5092 αὐτῷ,

236 5108 280 5158 εἰ
311 5107 376 5190 ζῇ
403 5109 432 5160 6
463 5108 600 5175 υἱὸς,
636 5109 989 5166 ἐπυνθάνετο.
1039 5111 1304 5175 Ἀκούσας
1341 5112 1396 5166 δὲ
1425 5113 1678 5168 τεθνάναι
1710 5114 1809 5166 αὖα

235 5199 339 5260 τὸν.
366 5200 709 5271 ἀπωδύρετο.
741 5202 943 5255 Ἐλθὼν
974 5202 1032 5256 δὲ
1055 5205 1191 5276 πρὸς
1211 5205 1303 5258 τὸν
1329 5203 1554 5275 βασιλέα
1574 5208 1602 5259 6
1628 5205 1810 5268 Ἰωάϐ,

234 5290 443 5345 ἔπεισεν
491 5289 577 5356 οἷς
613 5289 736 5347 εἷπε
765 5294 1082 5350 παύσασθαι
1117 5296 1210 5350 τοῦ
1243 5296 1460 5369 θρηνεῖν
1483 5314 1497 5329 ο
1527 5299 1815 5367 παυσάμε-

1905 4750 2227 4819 conspectui
2261 4749 2490 4804 oﬂ‘erret
2515 4764 2528 4802 :
2557 4762 2668 4816 quo
2699 4745 2863 4806 facto,
2888 4757 3013 4798 cum
3045 4757 3142 4795 eos
3175 4737 3490 4794 cullaudns¢

1903 4848 2010 4904 set,
2036 4839 2218 4894 caeteri
2265 4853 2458 4893 omnes
2495 4836 2563 4890 ad
2609 4834 2846 4888 cilicium
2896 4831 3133 4887 rediere.
3175 4827 3498 4898 Hierosoly-

1907 4947 1995 4986 ma
2013 4929 2314 4986 revertenti
2339 4929 2558 4984 obviam
2584 4926 2644 4980 fit
2667 4925 2900 4988 Semeis,
2919 4923 3246 4976 delictorum
3276 4919 3502 4972 veniam

1910 5033 2127 5096 petens.
2164 5023 2280 5077 Rex
2304 5030 2360 5076 et
2393 5021 2474 5074 illi
2504 5033 2563 5074 se
2588 5018 2908 5074 condonare
2944 5015 3186 5083 culpam,
3225 5020 3281 5066 et
3308 5010 3502 5066 omni-

1917 5116 2021 5171 bus
2049 5115 2117 5171 iis
2141 5131 2172 5169 a
2192 5113 2394 5184 quibus
2424 5111 2665 5166 violatus
2685 5117 2851 5172 esset,
2875 5109 3045 5178 jurat.
3081 5104 3313 5161 Obviam
3335 5117 3506 5173 egre-

1918 5209 2071 5263 ditur
2114 5215 2172 5261 et
2215 5204 2713 5274 Memphibosthes.
2769 5202 2864 5272 qui
2914 5216 3039 5272 rege
3084 5199 3501 5270 expostulante,

1909 5316 2011 5355 cur
2054 5299 2194 5370 fuga:
2240 5299 2426 5354 socius
2480 5313 2590 5353 nou
2651 5297 2866 5359 fuisset,
2915 5296 3132 5365 culpam
3161 5307 3380 5348 omnem
3432 5289 3492 5345 in

234 5384 314 5446 νός
350 5400 411 5436 τε
469 5385 704 5449 καὶτοῖς
735 5387 1100 5458 στρατιώταις
1128 5390 1507 5459 ἐμφανισθεὶς,
1541 5389 1809 5462 ἐπῄνεσεν

1912 5393 2094 5449 Sibam
2135 5393 2432 5458 transfert,
2467 5391 2560 5461 qui
2600 5391 2707 5446 sibi
2764 5390 2830 5445 ad
2871 5390 2977 5444 iter
3014 5386 3326 5444 necessaria
3375 5397 3500 5438 non

236 5472 443 5539 αὐτούς.
493 5475 704 5540 Πάντες
740 5475 785 5530 δ’
811 5477 887 5540 ὡς
920 5479 1051 5550 πρὶν
1095 5480 1242 5550 αὑτῷ
1284 5481 1663 5550 ὑπετάγησαν,
1713 5483 1809 5536 καὶ

1912 5501 2154 5560 parasset
2187 5507 2201 5544 :
2234 5503 2360 5545 cum
2391 5489 2530 5559 ipse,
2561 5487 2801 5559 pedibus
2826 5487 2993 5544 laesis.
3025 5484 3180 5553 Sequi
3224 5495 3332 5536 non
3358 5494 3486 5550 pos-

237 5565 564 5638 ἁπελήλυθεν
595 5571 676 5633 είς
718 5569 1088 5642 Ἱεροσόλυμα.
1136 5574 1382 5628 Ἀπιόντι
1411 5575 1469 5629 δὲ
1502 5577 1808 5648 συνήντησε

1912 5590 1979 5638 set
2016 5601 2031 5637 :
2064 5597 2168 5638 nec
2199 5581 2284 5638 his
2300 5591 2622 5636 contentum
2640 5581 2908 5652 adiecisse
2937 5574 3264 5638 caluu‘mias,
3295 5581 3351 5626 et
3382 5587 3482 5626 ne-

241 5655 436 5760 }:fuea‘t,
468 5663 808 5733 συγγνώμην
867 5665 1038 5719 αἰτῶν
1095 5667 1180 5735 ἐφ’
1209 5662 1410 5740 οἷσπερ
1461 5670 1805 5740 ἡμάρτηκεν.

1912 5673 2037 5728 'aria
2088 5675 2398 5730 mendacia.
2457 5674 2624 5729 David
2681 5681 2902 5741 accepta
2957 5666 3198 5722 hominis
3251 5679 3498 5721 excusa-

265 5749 302 5799 0
315 5749 366 5802 δὲ
382 5753 622 5824 κάκείνῳ
641 5755 739 5822 τὴν
761 5756 822 5826 6;.
840 5757 1034 5826 αρτὶαν
1051 5755 1266 5828 ὤμοσεν
1296 5759 1538 5828 ἀφιέναι,
1560 5766 1650 5816 καέ
1665 5765 1803 5817 πᾶσι

1912 5768 2082 5829 tione.
2135 5767 2404 5822 bonorum
2437 5767 2719 5823 semissem
2751 5765 2801 5818 ei
2831 5760 3044 5817 restitui
3074 5759 3254 5830 jubet.

242 5840 341 5900 τοῖς
382 5844 459 5906 είς
489 5842 657 5898 αὐτόν
701 5845 1185 5917 πλημμελήσασιν.
1225 5849 1532 5922 Ἀπήντησε
1563 5851 1619 5904 δὲ
1653 5853 1744 5905 καὶ
1773 5854 1802 5904 6
1839 5855 2220 5925 Μεμφιϐοσθὲ.
2253 5857 2363 5910 Καὶ
2418 5858 2447 5908 6
2497 5855 2769 5926 βασιλεὺς,
2803 5853 2858 5906 τί
2925 5852 2988 5923 δή
3034 5867 3166 5905 ποτε
3220 5848 3296 5920 μὴ
3381 5845 3493 5911 τῆς

244 5939 406 6007 φυγῆς
442 5938 596 6009 uitii)
625 5939 1046 6010 κεκοινώνηκεν,
1079 5941 1262 6014 ἡρετο.
1304 5943 1362 5996 Ὀ
1401 5942 1457 5996 δὲ
1487 5943 1680 5999 τούτου
1748 5946 1841 6001 τὸν
1881 5947 2016 6002 mea
2084 5945 2406 6002 αἰτιώτατον
2434 5947 2610 6015 ἔλεγε,
2649 5946 2725 6015 μὴ
2753 5944 3121 6014 ἑτοιμάσαντά
3165 5945 3214 5998 oi
3257 5939 3325 5996 τὰ
3352 5937 3502 6010 πρὸς
