3910 6604
351 461 453 526 159
1643 457 1954 527 ΙΟΑΝΝΙΕ

2061 459 2192 521 )NA
2207 463 2327 522 RE
3505 463 3619 527 160

326 561 444 650 ’τὴν
467 576 648 646 ἔξοδον
672 594 688 610 ο
720 578 885 633 αὐτὸν
909 578 966 634 δὲ
995 577 1093 642 τάς
1128 578 1316 650 βάσεις
1357 579 1488 633 δντα
1519 576 1922 649 βεϐλαμμένον,
1966 571 2043 642 μὴ
2091 568 2204 628 οἷόν
2275 577 2323 628 τ’
2373 571 2513 631 εἶναι
2561 577 2910 632 συνέπεσθαι.
2965 577 3068 632 Τὶν
3120 579 3173 631 δέ
3205 578 3296 632 καὶ
3346 578 3621 650 προσδια-

347 671 535 724 σαλεῖν
563 671 726 726 αὑτὸν
765 673 1114 745 κακούργως,
1141 673 1239 726 καὶ
1278 671 1756 742 καταψεύσασθαι.
1821 665 1968 737 Πρὸς
2033 666 2209 720 ταῦτα
2263 669 2431 725 Δαόὶδ
2458 671 2555 726 καὶ
2603 671 2938 743 συγγνώμην
2985 670 3136 743 αὐτῷ
3187 672 3453 743 παρεῖχε,
3508 673 3613 725 καὶ

343 763 418 818 τὰ
467 764 646 834 ἡμίση
701 765 800 834 τῆς
857 766 1213 828 ὑποστάσεως
1272 761 1422 834 αύτῷ
1472 758 1928 829 ἀποκαταστῆναι
1967 754 2244 812 ἐκέλευσε.

423 856 505 912 Vl.
543 858 678 912 Post
716 857 834 913 haec
869 873 996 929 rege
1033 855 1253 926 Galgala
1292 855 1568 926 profecto,
1605 853 1788 908 omnis
1831 864 1932 920 po-

2110 851 2202 917 q'.
2236 850 2696 923 Παραγενομένου
2730 850 2788 907 δέ
2813 850 2906 905 τοῦ
2939 851 3203 923 βασιλέως
3233 854 3310 914 είς
3336 851 3624 920 Γάλγαλα,

351 949 518 1019 pulus
543 949 883 1005 lsraeliticus
905 952 970 1003 ad
1007 964 1134 1004 eum
1159 949 1440 1014 convenit,
1489 947 1777 1005 Judaicam
1831 943 1932 998 tri-

350 1040 484 1096 bum
512 1057 802 1107 accusans,
838 1042 984 1111 quod
1011 1043 1151 1096 clam
1188 1042 1255 1096 ad
1297 1042 1451 1096 illum
1478 1057 1537 1097 se
1578 1039 1929 1096 contulisset.

356 1133 424 1188 At
479 1134 582 1202 illi,
637 1150 749 1190 non
800 1136 907 1190 hoc
945 1135 1049 1190 sibi
1102 1135 1236 1190 vitio
1286 1151 1410 1192 esse
1451 1133 1696 1190 dandum
1746 1134 1928 1195 aiunt,

353 1226 502 1294 quod
551 1242 752 1298 genere
815 1220 1102 1298 conjuncti
1156 1235 1347 1283 essent
1411 1228 1545 1299 regi.
1605 1225 1709 1293 Qui
1752 1239 1935 1280 sermo

356 1319 532 1374 durus
566 1320 716 1375 visus
745 1329 830 1375 est
869 1320 1072 1391 populo
1117 1337 1131 1373 ε
1179 1329 1236 1376 et
1268 1321 1355 1375 vir
1397 1319 1621 1391 quidam
1668 1317 1937 1374 factiosus

353 1421 522 1481 atque
557 1412 870 1482 improbus,
906 1411 1132 1468 nomine
1185 1413 1413 1477 Sabeas,
1437 1428 1505 1467 ex
1544 1412 1690 1466 tribu
1741 1410 1937 1481 Benia-

357 1503 569 1570 mitica,
607 1505 879 1559 exclamat
910 1521 926 1565 :
965 1503 1128 1560 Nobis
1156 1503 1308 1560 nulla
1353 1507 1408 1560 in
1449 1504 1651 1558 Dauide
1682 1521 1808 1574 pars
1837 1510 1935 1566 est,

357 1611 522 1665 neque
582 1593 696 1649 ulla
751 1597 806 1649 in
854 1596 1034 1651 lassati
1083 1597 1200 1664 ﬁlio
1257 1597 1574 1664 haereditas;
1637 1587 1940 1664 inﬂatuque

357 1700 558 1748 cornu,
607 1700 803 1740 omnes
856 1703 886 1741 a
942 1687 1146 1743 Davide
1207 1687 1272 1743 ad
1324 1702 1446 1742 sese
1483 1686 1780 1754 abstrahit,
1824 1686 1942 1741 sola

361 1775 509 1830 tribu
540 1776 769 1832 Judaiea
802 1778 949 1848 apud
976 1795 1102 1834 eum
1148 1787 1530 1849 permanente.
1577 1779 1694 1834 Rex
1752 1787 1941 1834 autem

359 1869 601 1924 Abesam
650 1870 1041 1940 imperatorem
1087 1881 1373 1934 creatum,
1417 1870 1486 1926 ad
1532 1869 1872 1941 colligendas
1909 1885 1941 1926 e

361 1957 594 2014 Iudaica
622 1960 769 2013 tribu
801 1961 989 2029 copias
1012 1961 1250 2032 ablegat,
1299 1973 1357 2016 ut
1381 1961 1526 2015 intra
1559 1961 1801 2016 triduum
1856 1976 1945 2015 re-

361 2058 694 2105 verteretur.
728 2051 932 2106 Verum
967 2052 1062 2106 illo
1089 2060 1361 2120 cessante,
1401 2053 1577 2108 Joabo
1600 2052 1848 2113 mandat.
1883 2059 1946 2106 ut

365 2149 489 2190 cum
528 2137 594 2191 iis
638 2139 906 2195 militibus
949 2140 1044 2210 qui
1079 2142 1146 2196 ad
1189 2157 1409 2196 manum
1452 2153 1659 2206 essent,
1711 2143 1941 2197 Sabeam

367 2227 656 2284 invaderet
707 2249 720 2285 :
777 2231 878 2297 Ne,
933 2232 1136 2302 luquit,
1195 2236 1710 2304 procrastinantibus
1751 2236 1940 2297 nobis,

365 2319 567 2374 inimici
605 2322 739 2376 vires
795 2333 1112 2394 augeantur.
1167 2323 1364 2383 Statim
1420 2327 1489 2381 ad
1536 2327 1742 2382 bellum
1793 2328 1945 2382 vadit

367 2409 596 2479 Joabus,
654 2414 744 2469 cui
795 2431 924 2472 cum
963 2418 1179 2488 magnis
1226 2419 1402 2488 copiis
1451 2419 1944 2475 occurritAbesa:

368 2521 480 2575 quo
511 2508 834 2574 accedente,
867 2509 1048 2578 gladio
1079 2525 1191 2580 quo
1229 2511 1512 2566 accinctus
1564 2521 1704 2576 erat,
1751 2512 1818 2566 de
1861 2514 1948 2566 in-

372 2595 587 2652 dustria
631 2614 662 2654 e
710 2600 909 2670 vagina
957 2601 1108 2656 humi
1156 2602 1429 2672 projecto,
1474 2603 1828 2672 sublatoque,
1877 2603 1946 2656 ad

371 2703 501 2743 eum
530 2689 880 2747 salutandum
914 2708 1083 2762 pr0pe
1117 2709 1432 2765 aggressus,
1457 2693 1691 2749 Abesam
1719 2711 1851 2749 ense
1893 2693 1947 2748 in

373 2791 621 2836 ventrem
658 2783 838 2839 deﬁxo
881 2784 1104 2850 occidit,
1156 2793 1212 2840 et
1243 2786 1451 2856 populo
1497 2788 1618 2857 ejus
1665 2795 1948 2856 assumpto

373 2871 602 2928 Sabcam
636 2877 1010 2945 persequitur,
1069 2877 1161 2946 qui
1195 2877 1248 2932 in
1286 2878 1482 2934 urbem
1520 2877 1792 2932 munitam
1819 2892 1952 2933 con-

376 2963 614 3034 fugerat.
669 2967 802 3021 Eam
846 2968 1139 3024 obsidente
1173 2969 1370 3036 Joabo,
1426 2969 1653 3025 cordata
1699 2971 1952 3040 quaedam

377 3059 602 3122 mulier,
638 3059 706 3115 de
740 3075 902 3116 muro
932 3063 1176 3118 clamans
1207 3078 1222 3116 :
1267 3061 1399 3127 Cur,
1428 3063 1630 3134 inquit,
1678 3081 1951 3118 eversurus

379 3169 432 3207 es
467 3153 797 3223 metropoli":
831 3153 1230 3211 Israeliticam?
1258 3155 1330 3209 Ob
1360 3154 1611 3220 Sabeam,
1653 3157 1955 3226 respondet

383 3246 500 3301 ille.
540 3245 678 3300 Tum
713 3246 805 3300 illa
845 3246 1060 3302 civibus
1087 3248 1406 3316 persuadet,
1459 3257 1521 3303 ut
1559 3249 1749 3304 Sabeae
1791 3259 1956 3320 caput

384 3336 494 3407 79
521 3344 865 3407 amputatum
904 3337 959 3392 in
1009 3347 1188 3392 castra
1218 3339 1576 3410 projicerent.
1629 3338 1750 3406 Quo
1786 3339 1956 3405 facto,

379 3430 589 3486 Joabus
641 3429 931 3485 obsidione
981 3431 1197 3495 soluta,
1255 3429 1632 3503 Hierosolyma
1676 3447 1954 3498 reversus,

2035 943 2279 1014 συνήχθη
2325 945 2444 997 ἐκεῖ
2488 948 2595 1008 πᾶς
2644 946 2672 998 6
2710 943 2838 1009 λαὸς
2875 942 3112 1014 Ἰσραὴλ,
3151 941 3467 1013 αἰτιώμενοι
3522 944 3628 1012 τὴν

2047 1036 2221 1092 Ἰούδα
2271 1037 2445 1108 φυλὴν
2489 1037 2667 1110 λάθρα
2709 1038 2846 1110 πρὸς
2889 1041 3054 1094 αὑτὸν
3099 1039 3382 1094 ἐλθοῦσαν.
3434 1042 3496 1093 Ol
3567 1040 3630 1093 δὲ

2040 1129 2209 1202 μηδὲν
2243 1131 2492 1196 κακίζειν
2515 1131 2713 1195 αὐτοὺς
2743 1132 2930 1200 ελεγον
2959 1131 3047 1186 διὰ
3075 1132 3234 1185 τοῦτο
3275 1133 3508 1196 οἰκείους
3538 1132 3632 1184 6v-

2036 1239 2137 1287 τας
2182 1223 2318 1295 πρὸς
2351 1226 2511 1294 γένος
2547 1224 2625 1295 τῷ
2660 1225 2889 1295 βασιλεῖ.
2935 1225 3025 1295 τῷ
3055 1225 3112 1279 δέ
3154 1223 3266 1296 λαῷ
3315 1224 3557 1297 σκληρὸς
3602 1227 3632 1279 6

2037 1315 2197 1385 λόγος
2229 1309 2385 1382 οὗτος
2427 1319 2622 1389 ἐφάνη.
2661 1319 2770 1374 Καί
2814 1336 2900 1382 τις
2937 1320 3074 1390 ἀνὴρ
3115 1319 3446 1389 Βενιαμίτης
3499 1334 3636 1371 στα-

2043 1408 2241 1480 σιὼδης
2281 1409 2374 1464 καὶ
2404 1412 2662 1482 πονηρὸς,
2694 1411 2864 1464 Σαϐεέ
2894 1412 3266 1483 κεκλημένος’
3293 1413 3413 1466 Οὐκ
3449 1412 3635 1466 ἐστιν

2040 1500 2187 1570 ἡμῖν
2203 1503 2374 1572 μερὶς
2403 1503 2474 1557 ἐν
2505 1505 2706 1568 Δαὸιό,
2727 1503 2872 1558 οὐδὲ
2905 1503 3278 1574 κληρονομία
3313 1504 3382 1558 ἐν
3413 1504 3493 1571 τῷ
3519 1503 3637 1570 υἱῷ

2053 1595 2306 1658 Ἰεσσαὶ,
2361 1595 2650 1665 ἀνεϐόησε.
2687 1595 2800 1650 Kal
2840 1595 3113 1656 σαλπίσας
3163 1597 3221 1648 ἐν
3261 1595 3472 1666 κέρατι,
3517 1596 3639 1650 ἁπ-

2043 1685 2239 1758 έστησε
2283 1687 2493 1751 πάντας
2543 1687 2652 1742 ἀπὸ
2681 1687 2868 1751 Δαϐὶδ,
2905 1687 3073 1758 μόνης
3103 1688 3200 1759 τῆς
3237 1687 3410 1741 Ἰούδα
3451 1688 3635 1758 φυλῆς

2044 1779 2471 1850 παραμεινάσης
2507 1778 2676 1848 αὐτῷ.
2708 1779 2766 1832 '0
2803 1779 3058 1849 βασιλεὺς
3090 1778 3167 1846 δέ,
3199 1780 3508 1852 στρατηγὸν
3533 1779 3633 1832 τδν

2054 1870 2255 1925 Ἀδεσά
2330 1870 2790 1941 προϐαλλόμενος,
2819 1871 3068 1936 συλλέξαι
3111 1873 3372 1942 στρατιὰν
3415 1873 3480 1924 ἐκ
3527 1871 3640 1939 τῆς

2056 1962 2224 2016 Ἰούδα
2245 1963 2420 2032 φυλῆς
2445 1963 2814 2028 ἐξαπέστειλε,
2838 1967 2930 2016 καὶ
2957 1966 3093 2035 μετᾶ
3121 1966 3267 2036 τρεῖς
3299 1964 3514 2034 ἡμέρας
3534 1965 3644 2016 ἐπ-

2045 2055 2312 2112 ανελθεῖν.
2339 2057 2692 2128 Χρονίζοντος
2717 2057 2772 2110 δέ
2797 2055 2890 2110 τοῦ
2927 2055 3148 2118 ’Λσεσά,
3175 2057 3248 2127 τῷ
3291 2057 3449 2109 Ίωὰὁ
3475 2057 3646 2124 ἐγκε-

2047 2148 2266 2202 λεύεται
2287 2150 2384 2219 τὴν
2405 2151 2524 2202 ἐκεῖ
2542 2149 2833 2218 παροῦσαν
2859 2149 3094 2205 λαϐόντα
3121 2149 3374 2219 δύναμιν,
3404 2149 3651 2220 ἐξορμῆ-

2053 2257 2141 2293 σαι
2169 2239 2310 2294 κατά
2327 2240 2420 2293 τοῦ
2437 2241 2628 2305 Σασεέ,
2651 2242 2787 2298 Ἵνα
2801 2242 2908 2311 μὴ,
2940 2242 3420 2311 ὐπερτιθεμένων
3440 2242 3643 2312 ἡμῶν,

2052 2334 2208 2403 φησὶ,
2259 2331 2500 2403 μᾶλλον
2543 2337 2577 2388 ὁ
2619 2335 2836 2404 ἐχθρὸς
2865 2331 3372 2402 πηρασκεινᾳσθῇ.
3402 2335 3513 2386 Kal
3541 2335 3650 2386 αύ-

2052 2427 2178 2480 τίκα
2238 2429 2266 2480 ὁ
2323 2425 2480 2481 Ἰωάϐ
2529 2427 2727 2498 ἐχώρει
2785 2427 2920 2498 πρὸς
2976 2428 3230 2497 πόλεμον.
3285 2427 3526 2480 ’Ᾱπιόντι
3585 2426 3648 2481 δὲ

2057 2521 2193 2591 μετὰ
2231 2522 2476 2592 μεγάλης
2508 2523 2815 2592 δυνάμεως,
2852 2525 3178 2593 συνηντήκει
3209 2523 3360 2593 αύτῷ
3403 2522 3645 2576 Ἀὄεσά’

2055 2615 2149 2667 καὶ
2175 2614 2356 2681 Ἰωάϐ,
2391 2615 2708 2686 προσιόντος
2732 2615 2881 2686 αὐτῷ
2914 2614 3008 2668 τοῦ
3050 2615 3279 2678 Ἀϐεσὰ,
3308 2616 3368 2669 τὸ
3401 2615 3576 2686 ξίφος,
3621 2616 3652 2669 6

2057 2707 2416 2777 περιέζωστο,
2459 2709 2729 2779 πεποίηκε
2781 2707 2875 2761 τού
2937 2709 3164 2762 κουλεοῦ
3223 2712 3499 2774 ἐκπεσεῖν,
3548 2711 3652 2764 καὶ

2055 2793 2156 2869 ἦρε
2185 2798 2344 2851 τοῦτο
2397 2798 2504 2852 ἀπὸ
2533 2800 2631 2869 τῆς
2664 2799 2788 2869 γῆς,
2827 2801 2923 2854 καὶ
2947 2800 3296 2855 ἀσπάσασθαι
3347 2804 3652 2874 προεεγιίίο

2060 2907 2161 2954 σας
2205 2890 2284 2959 τῷ
2315 2890 2538 2956 ’Λϐεσά,
2569 2885 2675 2944 ὦσε
2721 2893 2861 2946 κατά
2891 2893 2988 2964 τῆς
3019 2893 3255 2965 γαστρὸς
3299 2894 3508 2948 ἐκείνου
3544 2895 3652 2966 τὴν

2064 2984 2363 3054 μάχαιραν,
2396 2987 2490 3038 καί
2521 2985 2831 3040 ἀπέκτεινε.
2863 2988 3310 3058 Προσλαὸόμενος
3336 2987 3390 3042 δέ
3424 2989 3515 3042 καὶ
3554 2989 3654 3042 τὸν

2062 3078 2273 3131 ἐκείνου
2309 3077 2456 3142 λαὸν,
2485 3078 2574 3131 τὸν
2603 3078 2774 3132 Σαΰεέ
2799 3080 3150 3135 κατεδίωκεν.
3199 3080 3256 3136 Ὀ
3285 3082 3340 3134 δὲ
3373 3081 3452 3144 είς
3487 3082 3652 3135 πόλιν

2062 3171 2370 3240 κατέφυγεν
2392 3170 2617 3241 ὀχυρὰν,
2645 3172 2742 3226 καὶ
2767 3173 3077 3244 ἐπολιόρκει
3104 3174 3203 3243 τὴν
3233 3175 3384 3226 πόλιν
3415 3177 3442 3227 6
3463 3175 3651 3230 Ἰωάϐ.

2063 3264 2174 3318 Καί
2213 3282 2298 3328 τις
2331 3265 2437 3318 ἀπὸ
2477 3265 2569 3317 τοῦ
2608 3265 2824 3335 τείχους
2869 3267 3006 3337 γυνὴ
3049 3269 3245 3338 συνετὴ
3283 3268 3476 3338 ἐϐόησε
3507 3270 3654 3338 πρὸς

2065 3353 2263 3407 αὐτόν’
2323 3354 2449 3408 Ἵνα
2497 3355 2555 3406 τί
2596 3356 2956 3408 καταϐαλεῖν
2993 3355 3223 3424 ἐθέλεις
3269 3360 3656 3426 μητρόπολιν

2065 3448 2344 3516 ⁹1σραή.ι;
2383 3447 2442 3501 Ὀ
2469 3446 2545 3512 δέ,
2578 3449 2680 3500 Διὰ
2712 3449 2817 3501 τὸν
2848 3449 3428 3520 Σαὸεὲ,ἀπεκρίνατο.
3466 3451 3528 3503 Ἢ
3570 3452 3652 3518 δὲ,

379 3523 627 3615 omnium
683 3522 968 3591 copiarum
1010 3523 1315 3592 imperator
1355 3524 1600 3595 eligitur.
1668 3523 1801 3581 Post
1842 3526 1954 3581 haec

2069 3539 2202 3610 πρὸς
2236 3540 2362 3604 τοὺς
2385 3540 2608 3602 πολίτας
2636 3538 2886 3606 ἐλθοῦσα,
2915 3542 3091 3596 πείθει
3119 3543 3386 3612 τεμόντας
3412 3543 3510 3614 τὴν
3544 3563 3644 3596 κε-

381 3601 615 3670 annoua:
664 3614 898 3685 penuria
949 3631 1048 3684 per
1097 3615 1397 3670 triennium
1438 3616 1641 3685 pressit
1671 3617 1957 3687 populum,

383 3707 544 3777 cujus
574 3722 795 3764 causam
830 3706 1136 3776 requirenti
1169 3708 1305 3778 regi,
1331 3709 1634 3777 respondet
1671 3709 1839 3775 Deus,
1887 3710 1960 3763 ob

384 3797 720 3853 Gabaonitas
748 3797 944 3852 factam
979 3798 1178 3852 famem
1232 3817 1245 3852 :
1289 3799 1482 3868 eisque
1505 3799 1960 3856 satisfaciendum

385 3905 509 3945 esse
534 3904 636 3959 pro
662 3889 996 3959 quibusdam
1026 3905 1241 3955 eorum,
1265 3905 1405 3961 quos
1434 3891 1562 3946 Saul
1584 3900 1776 3946 contra
1801 3893 1962 3946 fidem

385 3998 416 4036 ιι
442 3981 572 4038 Jesu
606 3992 663 4038 et
693 3982 1047 4036 senatoribus
1078 3983 1158 4038 eis
1189 3983 1395 4049 datam,
1423 3983 1735 4040 occidisset.
1776 3984 1964 4054 Itaque

387 4088 483 4128 rex
506 4073 839 4130 Gabaonitas
870 4076 1102 4129 accersit
1141 4093 1154 4130 :
1186 4092 1293 4146 qua
1324 4091 1383 4131 re
1420 4075 1679 4131 satisﬁeri
1726 4074 1832 4130 sibi
1869 4092 1966 4130 ve-

395 4167 520 4230 lint,
546 4176 718 4235 rogat.
755 4167 834 4222 llli
859 4178 1072 4238 septem
1101 4169 1248 4224 viros
1271 4184 1301 4223 e
1325 4167 1510 4223 Saulia
1543 4167 1748 4222 familia
1773 4177 1968 4237 postu-

387 4258 522 4312 lant.
559 4258 669 4313 Eos
697 4259 852 4314 dedit
904 4275 1021 4321 rex,
1069 4271 1130 4314 ut
1175 4260 1473 4330 petierant,
1528 4259 1968 4328 Memphibostlie

388 4361 740 4408 conservato.
782 4353 998 4419 Quibus
1023 4354 1289 4423 acceptis,
1323 4353 1555 4419 occisis,
1601 4353 1845 4424 pluviam
1873 4353 1972 4410 de-

392 4445 547 4500 misit
585 4445 752 4502 Deus.
802 4446 1010 4501 Deinde
1035 4447 1194 4516 ,bello
1241 4455 1436 4502 contra
1493 4445 1767 4502 Barbaros
1807 4455 1969 4514 orto,

392 4537 562 4594 David
605 4553 730 4593 cum
758 4553 859 4594 suo
897 4541 1148 4595 exercitu
1182 4539 1371 4594 hostes
1413 4539 1790 4609 persequitur,
1841 4539 1971 4594 fati-

393 4639 554 4701 gatus
577 4631 739 4701 plane
763 4632 978 4688 viribus
1005 4632 1352 4688 destituitur.
1400 4633 1574 4699 Quem
1599 4633 1681 4688 sic
1705 4632 1968 4688 affectum

394 4724 618 4796 quidam
648 4741 715 4779 ex
741 4726 995 4783 hostibus
1029 4727 1405 4796 conspicatus,
1439 4727 1508 4782 ad
1556 4743 1682 4784 eum
1708 4728 1971 4784 occiden-

2067 3631 2242 3703 φαλὴν
2266 3631 2458 3695 Σαδεέ,
2499 3631 2654 3702 ῥίψαι
2687 3633 2767 3688 εἰς
2798 3632 2857 3685 τὸ
2892 3635 3277 3703 στρατόπεδον.
3310 3634 3419 3688 Kal
3453 3634 3652 3688 τούτου

2066 3725 2370 3793 γεγονότος,
2401 3725 2430 3776 6
2477 3720 2764 3792 Ίωάὅτὴν
2811 3726 3128 3796 πολιορκίαν
3167 3727 3365 3791 λύσας,
3402 3727 3655 3794 ἀπῆλθεν

2066 3812 2560 3882 είςἹερουσαλὴμ,
2605 3814 2698 3866 καὶ
2747 3814 3042 3886 ἀπεδείχθη
3105 3815 3267 3868 πάλιν
3320 3817 3498 3885 πάσης
3549 3816 3653 3884 τῆς

2067 3905 2352 3974 δυνάμεως
2385 3905 2848 3976 ἀρχιστράτηγος.
2904 3907 3154 3976 Ἐγένετο
3196 3893 3256 3960 ’δὲ
3290 3907 3429 3976 μετά
3475 3909 3653 3959 ταῦτα

2069 3997 2245 4066 λιμὸς,
2271 3998 2365 4048 καὶ
2391 3997 2482 4050 ἐπὶ
2515 3997 2608 4066 ἐτη
2640 3996 2768 4067 τρία
2796 3997 2978 4062 ἐπίεζε
3011 3998 3101 4050 τὸν
3131 3999 3276 4052 λαόν.
3310 4000 3654 4069 Ζητήσαντος

2070 4089 2128 4142 δὲ
2161 4088 2254 4142 τοῦ
2283 4087 2548 4158 βασιλέως
2574 4089 2701 4159 περὶ
2731 4089 2947 4156 τούτου,
2981 4090 3286 4161 δεδήλωκεν
3321 4091 3346 4142 6
3377 4090 3530 4153 θεὸς,
3565 4090 3656 4142 διὰ

2070 4184 2198 4247 τοὺς
2223 4183 2574 4246 Γασαωνίτας
2596 4183 2838 4251 γίνεσθαι
2865 4185 2956 4239 τὸν
2983 4185 3164 4255 λιμὸν,
3193 4187 3284 4239 καὶ
3313 4187 3422 4240 δεῖν
3455 4186 3652 4251 αὐτοὺς

2073 4275 2313 4340 ἐκδικίας
2345 4279 2549 4347 τυχεῖν,
2583 4277 2702 4330 ἀνθ’
2731 4271 2808 4332 ὧν
2837 4278 2864 4330 6
2900 4278 3070 4331 Σλοὺλ
3099 4278 3421 4332 ἀπέκτεινεν
3455 4279 3513 4345 ἐξ
3551 4279 3657 4332 αύ-

2073 4368 2207 4434 τῶν,
2242 4367 2317 4439 μὴ
2348 4369 2597 4440 τηρήσας
2631 4369 2756 4433 τοὺς
2797 4369 2950 4441 παρὰ
2981 4369 3156 4440 Ἰησοῦ
3180 4371 3288 4445 ’καὶ
3326 4371 3423 4441 τῆς
3454 4387 3659 4441 γερου-

2077 4460 2200 4524 σίας
2230 4459 2524 4528 γεγονότας
2565 4461 2764 4531 ὄρκους
2812 4463 3016 4520 αὐτοῖς.
3053 4463 3345 4514 Ἐκάλεσεν
3390 4458 3484 4515 οὖν
3522 4463 3656 4526 τοὺς

2074 4551 2426 4616 Γαϐαωνίτας
2447 4552 2474 4605 6
2496 4551 2770 4623 βασιλεὺς,
2806 4553 2899 4608 καὶ
2923 4554 2974 4606 τί
2997 4553 3062 4606 ἂν
3091 4553 3367 4624 βούλοιντο
3397 4555 3657 4622 γενέσθαι

2077 4645 2262 4708 αὐτοῖς
2304 4645 2537 4699 ἐπύθετο
2590 4647 2671 4709 εἰς
2715 4645 3006 4716 ἐξίλασμα.
3040 4649 3104 4700 Οἱ
3151 4648 3208 4700 δὲ
3265 4648 3406 4702 ἐτττὰ
3455 4648 3656 4719 ἄνδρας

2076 4740 2286 4812 ᾔτησαν
2319 4739 2540 4811 δοθῆναι
2563 4741 2747 4804 αὐτοῖς
2777 4741 2842 4794 ἐκ
2877 4738 2970 4794 τοῦ
2992 4743 3141 4795 οἴκου
3174 4741 3364 4798 Σαούλ.
3399 4741 3506 4795 Kal
3533 4742 3661 4795 ἐδω-

395 4819 527 4874 dum
573 4819 838 4874 accurrit.
876 4820 983 4876 Sed
1038 4821 1218 4876 Abesa
1276 4819 1434 4876 Joabi
1488 4821 1682 4888 frater,
1741 4820 1954 4876 defensi

2077 4847 2173 4884 κεν
2200 4830 2382 4893 αὐτοῖς
2411 4831 2440 4882 6
2466 4829 2719 4900 βασιλεὺς
2748 4831 2874 4894 τοὺς
2906 4832 3045 4884 ἐπτά
3067 4831 3290 4900 ἄνδρας,
3318 4830 3392 4893 ὡς
3421 4831 3655 4902 ᾔτησαν,

396 4927 547 4984 rege,
583 4912 885 4968 Barbarum
913 4913 1198 4970 interficit.
1230 4912 1313 4969 Ob
1350 4913 1404 4969 id
1425 4914 1547 4985 ejus
1584 4913 1851 4969 satellites
1877 4913 1954 4985 ju-

2077 4921 2170 4975 τοῦ
2200 4892 2554 4993 Μεμφισοσθέ
2603 4892 2950 4994 φεισάμενος.
2997 4925 3059 4978 Ol
3099 4892 3182 4990 δὲ,
3226 4892 3479 4988 λαϐόντες
3512 4892 3658 4988 ’τοὺς

397 5012 545 5068 rant,
572 5019 633 5060 se
659 5004 892 5076 posthac
927 5022 1036 5060 non
1065 5020 1327 5076 passuros
1369 5021 1498 5061 eum
1552 5007 1697 5062 inire
1738 5005 1971 5060 bellum.

345 5076 359 5088 ’
397 5097 656 5153 Barbaris
699 5097 884 5154 denuo
947 5113 1099 5153 arma
1128 5098 1521 5162 inferentibus,
1569 5112 1666 5153 rex
1698 5097 1974 5168 oppositis

397 5189 514 5246 suis
551 5191 726 5261 copiis
762 5191 966 5246 multos
996 5189 1222 5254 occidit,
1250 5189 1497 5258 reliquos
1543 5189 1600 5243 in
1625 5188 1812 5258 fugam
1845 5204 1974 5244 ver-

399 5289 485 5343 tit.
523 5287 637 5344 Nec
670 5288 843 5342 multo
882 5296 1028 5358 post,
1061 5286 1227 5341 iidem
1255 5285 1556 5356 resumptis
1587 5286 1758 5341 armis
1789 5287 1975 5341 incur-

398 5380 611 5436 sionem
670 5379 880 5435 faciunt
935 5381 986 5433 in
1041 5395 1201 5449 agros
1275 5379 1674 5444 lsraelitarum,
1736 5378 1974 5433 adducto

399 5491 586 5532 secum
622 5475 889 5546 gigantem
913 5483 1140 5528 statura:
1183 5473 1325 5537 viro,
1359 5473 1453 5543 qui
1508 5487 1672 5526 senos
1709 5487 1973 5525 manuum

401 5580 457 5624 et
488 5569 688 5639 pedum
721 5568 927 5639 digitos
960 5567 1199 5622 habebat
1241 5586 1254 5622 :
1300 5582 1409 5638 quo
1445 5566 1714 5622 Jonathas
1755 5564 1976 5619 Davidis

399 5661 591 5716 fratris
655 5660 804 5718 filius
833 5661 1019 5717 occiso
1049 5660 1417 5730 spoliatoque,
1469 5657 1831 5728 popularibus
1859 5656 1977 5711 suis

401 5754 693 5809 victoriam
725 5755 1027 5810 faciliorem
1062 5753 1326 5809 reddidit.
1361 5752 1446 5806 Ab
1469 5768 1534 5807 co
1572 5760 1822 5820 tempore
1855 5749 1975 5804 bel-

401 5847 516 5902 lum
546 5845 750 5902 inferre
779 5846 1005 5902 Barbari
1033 5845 1394 5902 destiterunt.

2075 5015 2299 5085 ἄνδρας,
2331 5014 2685 5079 ἀπέκτειναν,
2716 5018 2808 5070 καὶ
2839 5018 3178 5086 κατήνεγκεν
3207 5019 3235 5070 6
3264 5017 3401 5081 Θεὸς
3427 5018 3518 5070 ἐτι)⁸
3553 5017 3655 5086 τὴν

2075 5106 2182 5175 γῆν
2211 5105 2386 5160 ὑετόν.
2423 5105 2669 5176 Πολέμου
2699 5107 2756 5160 δέ
2805 5110 2944 5178 μετὰ
2973 5110 3148 5163 ταῦτα
3180 5111 3477 5179 γενομένου
3518 5110 3658 5179 πρὶς

2077 5197 2432 5268 ἀλλοφύλους,
2459 5199 2488 5250 6
2517 5197 2682 5252 Aa6‘t6
2708 5199 2848 5269 μετά
2876 5201 2975 5267 τῆς
3007 5201 3213 5264 οἰκείας
3244 5204 3505 5272 στρατιᾶς
3532 5220 3658 5256 κατ-

2074 5287 2259 5353 εδίωξε
2325 5289 2453 5352 τοὺς
2505 5288 2817 5359 πολεμίους.
2863 5287 2974 5344 Kal
3027 5291 3339 5352 κατάκοπος
3391 5290 3654 5360 γεγονὼς,

2080 5381 2306 5448 παρεῖτο
2327 5378 2596 5442 ἐκλυθείςο
2621 5379 2712 5432 καί
2729 5397 2810 5442 τις
2833 5379 2941 5434 τῶν
2961 5379 3239 5444 ἐναντίων,
3265 5379 3436 5442 οὕτως
3461 5383 3658 5451 ἔχοντα

2075 5471 2167 5525 τὸν
2194 5469 2420 5541 βασιλέα
2445 5469 2591 5535 ἰδὼν,
2624 5469 2851 5542 ὥρμησε
2884 5470 3122 5537 πατάξαι
3157 5472 3342 5527 αὐτόν.
3363 5471 3565 5526 ’Λόεσά
3598 5473 3656 5526 ἐξ

2074 5564 2103 5617 6
2133 5562 2556 5632 άδελφὸςΊωάϐ,
2593 5563 2981 5633 ὑπερασπίσας
3005 5563 3098 5615 τοῦ
3130 5563 3414 5633 βασιλέως,
3444 5565 3536 5617 τὸν
3563 5565 3661 5618 άλ-

2076 5657 2305 5726 λόφυλον
2334 5656 2559 5711 ἔκτεινε.
2598 5657 2704 5709 Kal
2724 5656 2812 5709 διὰ
2846 5655 3003 5708 τοῦτο
3029 5655 3268 5726 ὥμωσαν
3299 5657 3347 5709 οί
3390 5657 3514 5727 περὶ
3547 5658 3640 5708 Δα-

2081 5749 2186 5814 ὗὶδ,
2225 5747 2427 5818 μηκέτι
2472 5748 2882 5818 παραχωρῆσαι
2914 5747 3076 5801 αὐτὸν
3108 5750 3188 5810 εξς
3235 5747 3470 5818 πόλεμον
3502 5745 3655 5810 ἐξελ-

2079 5844 2214 5898 θεῖν.
2244 5845 2355 5896 Kal
2381 5844 2542 5898 πάλιν
2565 5843 2619 5896 δὲ
2651 5843 2760 5896 τῶν
2791 5842 3105 5911 ἀλλοφύλων
3140 5843 3654 5913 στρατευσαμένων,

407 5939 622 6006 στείλας
653 5943 682 5997 6
711 5940 961 6010 βασιλεὺς
993 5942 1223 6011 στρατὸν
1251 5940 1338 5996 ἐπ’
1365 5939 1584 6004 αὐτοὺς,
1614 5929 1838 5992 πολλοὺς
1875 5929 1972 6000 μὲν
2011 5935 2304 6007 κτανθῆναι
2329 5929 2341 5931 θ
2379 5936 2666 6008 πεποίηκε,
2702 5935 2820 6000 τοὺς
2849 5934 2902 5989 δὲ
2931 5933 3370 6005 περιλειφθέντας
3435 5935 3649 6004 φυγεῖν.
