3910 6590
226 324 306 388 ιιι

1503 322 1917 386 ANNALIUM
1957 324 2106 387 LIB.
2150 326 2241 387 II.

3361 330 3462 399 162

215 434 553 499 Διαλιπόντες
607 433 667 490 δὲ
729 433 928 507 μικρὸν
975 433 1027 487 oi
1061 433 1374 504 ἀλλόφυλοι.
1423 432 1659 506 ἐπῆλθον
1697 433 1778 486 ἔτι
1813 433 1956 487 κατά
2021 436 2128 508 τῆς
2193 437 2380 513 χώρας
2407 441 2520 496 τῶν
2545 442 2918 515 Ἰσραηλιτῶν.
2955 446 3064 500 Καὶ
3091 441 3162 520 ἦν
3195 448 3329 521 παρ’
3359 450 3462 505 αὖ.

214 534 316 594 τοῖς
366 530 711 596 τιγαντιαίος
747 529 908 599 ἀνὴρ,
955 527 1016 593 ἒξ
1060 527 1359 591 δακτύλους
1401 527 1543 599 ἔχων
1585 529 1642 580 ὲν
1709 526 1953 599 ἑκατέρᾳ
1995 532 2162 601 χειρὶ,
2232 534 2327 586 καὶ
2369 534 2574 604 δμοίως
2613 537 2672 590 ὲν
2712 541 2826 602 τοῖς
2889 541 3082 594 ποσίν·
3126 534 3171 609 ᾧ
3211 542 3465 613 συμπλα-

214 627 321 688 ut;
368 623 638 678 Ἰωναθὰν
698 623 1019 693 ἀδελφιδοῦς
1076 623 1172 676 τοῦ
1220 623 1405 690 Δαϐὶδ,
1453 622 1756 678 κατέϐαλεν
1817 623 2004 689 αὐτὸν,
2074 629 2168 681 καὶ
2210 629 2531 698 ὲσκύλευσε,
2602 633 2700 687 καὶ
2743 634 2918 704 ῥοπὴν
2972 636 3109 707 πρὸς
3161 637 3320 709 νίκην
3351 640 3464 705 τοῖς

212 717 494 789 ὁμοφύλοις
533 717 867 788 παρέσχετο.
919 716 1120 770 Οὐκέτι
1150 717 1301 784 ’γοῦν
1345 717 1676 788 προσέθεντο
1731 716 1779 769 οἱ
1820 714 2109 786 ἀλλόφυλοι
2135 725 2248 784 τοῖς
2286 721 2560 793 Ἑϐραίοις
2584 726 2944 797 μαχέσασθαι.

277 812 349 867 Z'.
387 814 632 883 Εἰρήνης
665 813 721 864 δὲ
771 813 961 866 ἔκτοτε
1025 810 1205 881 τυχὼν
1231 815 1258 865 6
1282 812 1466 875 Aa6i6,
1497 811 1641 882 ᾠδὰς
1670 827 1793 864 συνο

1978 813 2086 868 Vll.
2139 815 2322 895 Qtium
2374 818 2544 890 igitur
2587 830 2782 875 nactus
2832 821 3024 887 David,
3066 823 3200 879 odas
3238 841 3466 896 compo-

211 911 357 964 έθετο
389 908 534 975 πρὶς
602 905 759 970 Θεὸν,
816 905 910 958 καὶ
939 904 1152 973 δργανα
1189 905 1637 971 κατασκευάσας,
1668 901 1788 972 μετ’

211 1001 383 1054 αὐτῶν
441 997 658 1062 ἐδίδαξε
711 998 839 1060 τοὺς
901 997 1138 1060 Δευϊτας
1179 998 1306 1060 τοὺς
1357 995 1566 1066 ὕμνους
1616 995 1786 1066 ᾅδειν.

213 1088 445 1142 Τοιαῦτα
471 1087 518 1140 δ’
546 1082 690 1158 ἦσαν
721 1087 790 1139 τὰ
816 1086 1043 1155 ὄργαναο
1076 1089 1108 1155 ἠ
1142 1086 1241 1155 μὲν
1265 1087 1496 1156 κιννύρα
1522 1086 1789 1153 δεκάχορ-

211 1183 294 1240 δος
337 1177 428 1251 ἦν,
477 1181 577 1233 καὶ
609 1179 880 1248 πλήκτρῳ
929 1180 1211 1247 ὲκρούετο.
1251 1178 1314 1229 Ἦ
1346 1177 1402 1229 δὲ
1462 1176 1656 1242 ναῦλα,
1687 1176 1790 1227 δώ-

211 1275 338 1325 δεκα
367 1271 654 1340 φθόγγους
688 1272 914 1340 ἔχουσα,
967 1274 1082 1334 τοῖς
1132 1270 1415 1332 δακτύλοις
1468 1270 1787 1337 ὲπλήττετο.

217 1365 490 1435 Κύμϐαλά
519 1381 582 1417 τε
617 1364 865 1434 ὑπῆρχον
895 1364 1122 1434 χάλκεα,
1162 1363 1374 1433 μεγάλα
1439 1379 1497 1414 τε
1525 1363 1621 1414 καὶ
1652 1361 1792 1415 πλα-

211 1456 328 1508 τέα.
357 1451 467 1508 Ἦν
507 1454 570 1508 δὲ
610 1455 742 1526 περὶ
768 1454 862 1506 τὸν
887 1454 1052 1507 Δαϐὶδ
1081 1453 1177 1508 καὶ
1238 1454 1493 1523 σύστημα
1523 1451 1791 1521 γενναίων

212 1547 439 1620 ἀνδρῶν.
473 1547 616 1601 om
637 1547 849 1600 τούτων
877 1546 1278 1617 ἐπισημότατοι
1297 1547 1598 1617 τριάκοντα
1630 1544 1793 1613 ἐτύγ-

211 1659 368 1711 χανον
393 1644 494 1694 καὶ
515 1641 680 1704 ἑπτὰ,
701 1641 753 1694 οἳ
796 1639 1057 1704 πολλάκις
1111 1639 1473 1710 ἠρίστευσαν.
1520 1639 1630 1692 Καί
1657 1654 1790 1690 ποτε

211 1734 528 1802 ἀλλοφύλων
574 1735 668 1786 ἐπὶ
686 1733 934 1804 Βηθλεὲμ
973 1731 1582 1803 ἐστρατοπεδευκότων,
1609 1733 1638 1784 6
1691 1730 1792 1799 βα-

214 1826 391 1890 σιλεὺς
419 1828 488 1880 ὲκ
529 1825 622 1879 τοῦ
651 1829 711 1879 ὲν
740 1826 989 1897 Βηθλεὲμ
1022 1825 1260 1896 φρέατος
1293 1825 1436 1895 ὕδωρ
1477 1825 1623 1878 πιεῖν
1661 1825 1793 1876 ὲπε-

213 1919 442 1988 θύμησε.
478 1920 753 1989 Καὶτρείς
785 1922 852 1971 ἐκ
874 1917 982 1972 τῶν
1008 1918 1138 1989 περὶ
1171 1917 1331 1970 αὑτὸν
1362 1917 1645 1988 ἀνδρείων,
1669 1915 1794 1986 δρα-

214 2006 425 2075 μόντες,
473 2008 573 2060 καὶ
631 2007 807 2076 μέσην
860 2006 962 2077 τὴν
1018 2005 1128 2060 τῶν
1181 2005 1440 2060 ἐναντίων
1491 2005 1792 2069 διελθόντες

211 2099 592 2169 παρεμϐολὴν,
621 2100 956 2171 ὑδρεύσαντο
1007 2101 1069 2165 ἐξ
1101 2099 1314 2153 ἐκείνου
1371 2100 1466 2153 τοῦ
1528 2099 1788 2171 φρέατος.

1895 903 2029 969 suit,
2074 905 2400 979 Levitasque
2446 911 2828 967 instrumentis
2871 913 2938 968 ad
2978 930 3098 968 eam
3139 931 3250 970 rem
3285 917 3465 984 factis,

1898 994 2133 1066 hymnos
2190 1014 2392 1056 canere
2441 1003 2651 1057 docuit.
2720 1005 3092 1061 Instrumenta
3151 1007 3469 1079 hujusmodi

1896 1083 2121 1142 fuerunt
2158 1105 2172 1140 :
2209 1091 2456 1160 cynnira,
2485 1092 2672 1147 decem
2704 1102 2897 1148 ornata
2929 1095 3172 1160 chordis,
3203 1097 3416 1167 plectro
3451 1113 3466 1152 :

1895 1177 2120 1231 nablum
2153 1181 2484 1236 chordarum
2529 1184 2840 1249 duodecim,
2890 1187 3078 1257 digitis
3117 1191 3466 1260 pulsabatur.

1897 1268 2094 1324 Parata
2153 1283 2318 1326 erant
2359 1285 2413 1329 et
2451 1275 2698 1346 cymbala
2743 1292 2907 1342 aerea,
2956 1295 3174 1352 magna,
3223 1283 3468 1355 lataque.

1898 1360 2146 1416 Habebat
2191 1379 2355 1432 porro
2405 1364 2552 1420 circa
2596 1381 2654 1422 se
2701 1376 2905 1422 caelum
2944 1371 3188 1426 virorum
3242 1372 3468 1430 fortium

1897 1466 2132 1522 quorum
2166 1454 2528 1512 illustrissimi
2561 1459 2787 1530 triginta
2815 1470 2872 1516 et
2905 1473 3114 1533 septem
3149 1481 3264 1520 rem
3292 1481 3468 1536 saepe-

1897 1559 2131 1600 numero
2185 1546 2326 1603 bene
2373 1560 2678 1618 gesserant.
2725 1552 2793 1606 Et
2841 1569 2966 1609 cum
3000 1556 3188 1612 hostes
3229 1558 3468 1627 quodam

1899 1644 2146 1709 tempore
2175 1640 2321 1695 circa
2351 1641 2724 1698 Bethleemam
2768 1656 2947 1700 castra
2999 1648 3338 1717 posuissent,
3368 1666 3470 1705 rex

1896 1743 1928 1784 e
1962 1740 2150 1799 puteo,
2184 1733 2279 1801 qui
2311 1733 2458 1787 circa
2500 1733 2551 1788 id
2585 1736 2846 1805 Oppidum
2895 1748 3036 1799 erat.
3076 1755 3272 1808 aquam
3323 1740 3472 1796 desi-

1897 1822 2136 1878 deravit.
2168 1824 2356 1894 Itaque
2392 1833 2507 1881 tres
2540 1843 2608 1881 ex
2633 1829 2754 1898 ejus
2787 1830 3123 1887 satellitibus
3165 1849 3263 1902 per
3291 1835 3470 1891 media

1901 1915 2143 1970 hostium
2169 1929 2346 1972 castra
2395 1920 2652 1990 profecti,
2695 1937 2892 1992 aquam
2942 1923 3070 1979 inde
3103 1927 3351 1994 petitam,
3376 1942 3470 1983 ea-

1898 2008 2024 2064 dem
2056 2011 2292 2080 regressi
2319 2013 2427 2077 via,
2461 2013 2720 2070 hostibus
2745 2031 2938 2071 eorum
2963 2018 3192 2073 audacia
3229 2030 3472 2075 conster-

1899 2103 2044 2158 natis
2091 2113 2148 2158 et
2198 2105 2639 2174 quiescentibus.
2673 2109 2788 2180 regi
2829 2112 3160 2166 attulerunt.
3204 2113 3275 2168 At
3330 2113 3467 2170 ille:

215 2192 314 2244 Καὶ
347 2191 514 2255 αὖθις
558 2192 651 2246 διὰ
705 2192 819 2246 τῶν
859 2192 1138 2262 πολεμίων
1187 2192 1456 2258 ἐλθόντες,
1509 2191 1792 2247 καταπλα-

1896 2195 1987 2250 Sic
2009 2200 2292 2266 propitius,
2319 2200 2431 2269 80
2456 2200 2659 2270 inquit,
2694 2178 2764 2255 sit
2799 2204 2926 2256 mihi
2959 2204 3120 2269 Deus,
3176 2213 3234 2258 ut
3277 2223 3472 2276 aquam

213 2283 414 2351 γέντων
447 2285 512 2337 τὸ
545 2285 752 2356 Θάρσος
795 2285 995 2348 αὐτῶν,
1028 2283 1125 2338 καὶ
1150 2284 1528 2356 ἠρεμούντων,
1576 2285 1658 2357 τῷ
1693 2286 1791 2356 βα-

217 2375 347 2428 σιλεί
376 2376 444 2428 τὸ
481 2375 631 2446 ὕδωρ
663 2377 1197 2446 προσκεκομίκασιν.
1237 2377 1294 2431 ’0
1323 2378 1403 2443 δὲ,
1450 2377 1660 2444 Ἵλεώς
1688 2393 1792 2448 μοι

215 2469 444 2536 Κύριος,
475 2463 657 2532 εἶπεν,
689 2471 762 2524 οὺ
792 2470 1002 2538 πίομαι
1039 2469 1244 2533 τοῦτο,
1298 2470 1504 2540 αἵματι
1537 2470 1655 2524 τῶν
1684 2471 1794 2524 ἀν-

214 2558 366 2627 δρῶν
413 2563 517 2614 καὶ
547 2561 814 2630 κινδύνῳ
844 2560 964 2616 τῶν
991 2560 1212 2631 ψυχῶν
1252 2562 1454 2617 αὐτῶν
1481 2561 1790 2631 κομισθέν.

218 2655 321 2706 οὐκ
360 2653 524 2707 ἔπιεν
575 2653 692 2719 οὖν,
727 2654 843 2708 ἀλλ’
874 2654 1130 2709 ἔσπεισεν
1163 2654 1298 2708 αὐτὸ
1355 2655 1435 2726 τῷ
1477 2655 1615 2724 Θεῷ.
1661 2655 1795 2708 Ἀπ-

217 2747 529 2817 αριθμῆσαι
557 2746 615 2800 δὲ
649 2747 744 2800 τὸν
775 2747 906 2802 λαὸν
940 2749 1158 2802 ἅπαντα
1200 2747 1503 2820 βουληθεὶς,
1539 2747 1793 2802 ἐκέλευσε

220 2840 298 2891 τὸν
365 2838 535 2892 amas
568 2839 800 2910 ποιῆσαι
839 2841 941 2909 τὴν
1005 2840 1412 2912 ἀπαρίθμησιν.
1465 2840 1572 2894 Τοῦ
1621 2840 1678 2893 δὲ
1719 2839 1794 2910 μὴ

220 2930 604 2994 ἐπαινέσαντος
641 2933 742 3001 τὴν
773 2932 991 3002 βουλὴν,
1026 2934 1124 2985 καὶ
1155 2932 1255 3004 τὴν
1293 2933 1494 3004 πρᾶξιν
1519 2934 1620 2987 οὐκ
1651 2936 1794 3002 ἀγα-

222 3026 310 3094 θὴν
338 3023 616 3092 λὲγοντος,
648 3027 676 3078 6
703 3023 955 3094 βασιλεὺς
997 3025 1098 3078 οὐκ
1125 3024 1392 3078 ἐπείθετο.
1419 3026 1530 3080 Καὶ
1553 3025 1794 3094 ἀπῆλθεν

223 3117 394 3182 Ὶωάϐ,
431 3119 530 3171 καὶ
561 3118 840 3188 ἠρίθμησε
867 3117 958 3170 τὸν
1027 3116 1179 3180 λαὸν,
1233 3116 1330 3171 καὶ
1366 3113 1434 3188 ἦν
1482 3118 1512 3170 6
1559 3117 1794 3187 ἀριθμὸς

226 3207 438 3281 ⁹ὶσραὴλ
503 3209 847 3263 ὀκτακοσίων
918 3207 1178 3280 χιλιάδων
1233 3207 1444 3278 ἀνδρῶν
1489 3207 1794 3277 δυνάμεως,

228 3304 530 3374 σπωμένων
594 3302 898 3374 ῥομφαίαν,
951 3304 1048 3355 καὶ
1104 3300 1481 3354 πεντακοσίων
1539 3298 1794 3370 χιλιάδων

235 3400 440 3470 ἀνδρῶν
479 3399 744 3470 μαχητῶν
802 3397 912 3450 τῶν
941 3396 1001 3462 ἐξ
1031 3394 1204 3450 Ἰούδα
1249 3395 1443 3465 φυλῆς.
1476 3388 1610 3446 Εἶτα
1661 3409 1794 3462 μετ-

227 3492 444 3559 εμέλετο
469 3493 500 3543 6
529 3490 718 3554 Δαϐὶδ,
757 3489 852 3542 καὶ
885 3488 1156 3558 ὡμολόγει
1181 3488 1584 3556 ἡμαρτηκέναι.
1609 3484 1648 3536 Γ
1651 3485 1716 3537 αδ
1735 3483 1793 3538 δὲ

230 3581 568 3651 δπροφήτης
603 3578 961 3640 κελεύσαντος
1009 3575 1104 3629 τοῦ
1135 3575 1268 3628 Θεοῦ
1329 3573 1602 3644 ἐπορεύθη
1661 3576 1797 3643 προς

232 3673 312 3728 τὸν
333 3674 522 3738 Δαϐὶδ,
556 3672 650 3726 καί
677 3688 865 3742 φησιν·
930 3670 1033 3726 Ἐκ
1077 3668 1256 3738 τριῶν
1291 3669 1522 3723 τούτων
1557 3667 1799 3732 ἐκλεξαι

233 3766 262 3820 ὃ
285 3766 430 3835 πρὸς
469 3764 721 3831 βουλῆς
765 3763 871 3817 σοί
901 3762 1054 3832 ἐστι,
1079 3764 1335 3830 πότερον
1382 3759 1521 3830 αἱρῇ
1543 3759 1644 3814 ἐπὶ
1689 3760 1798 3828 ἐτη

232 3861 368 3913 ἑπτὰ
394 3857 578 3927 λιμὸν
605 3856 861 3912 ἔσεσθαί
904 3871 1007 3910 σοι
1038 3853 1190 3909 κατὰ
1221 3855 1336 3922 τὴν
1356 3853 1577 3923 χώραν.
1609 3851 1656 3922 ἢ
1690 3852 1794 3907 ἐπὶ

235 3952 378 4018 τρεῖς
395 3952 601 4021 μῆνας
629 3949 748 4006 ὑπὸ
787 3951 1088 4018 πολεμίων
1119 3946 1460 4011 διώκεσθαι,
1479 3944 1518 4014 ἦ
1537 3945 1800 4002 θάνατον

235 4045 320 4098 ἐπὶ
346 4044 505 4112 τρεῖς
538 4044 766 4112 ἡμέρας
786 4039 1095 4110 ἐνσκῆψαι
1127 4055 1246 4105 σου
1283 4038 1363 4104 τῷ
1390 4036 1539 4103 λαῷ.
1607 4037 1666 4092 Ὀ
1717 4037 1795 4105 δὲ,

235 4139 394 4194 Στεδά
439 4156 534 4209 μοι
563 4136 856 4202 πάντοθεν,
887 4135 1015 4203 ἐφη,
1049 4133 1186 4187 ἀλλά
1213 4131 1426 4202 βέλτιόν
1460 4147 1552 4203 μοι
1571 4133 1650 4194 εἰς
1697 4131 1798 4194 τὰς

238 4236 408 4304 χεῖρας
465 4229 561 4283 τοῦ
610 4226 747 4282 Θεοῦ
799 4227 1086 4297 ἐμπεσεῖν.
1165 4225 1276 4279 Καὶ
1318 4222 1522 4292 ἐπῆλθε
1565 4222 1798 4285 θάνατος

236 4325 302 4395 τῷ
324 4323 436 4396 λαῷ
467 4322 716 4394 πρωῖθεν
763 4319 868 4382 ἕως
901 4317 1054 4390 ὥρας
1096 4319 1346 4389 ἀριστου,
1381 4315 1478 4369 κο.)⁸
1523 4315 1797 4370 ἀπέθανον

235 4418 293 4469 ὲκ
334 4416 535 4480 παντὸς
585 4413 681 4467 τοῦ
712 4411 844 4467 λαοῦ
904 4410 1143 4482 χιλιάδες
1190 4409 1587 4480 ἐϐδομήκοντα.
1633 4407 1797 4463 Καὶό

237 4510 388 4563 Amm
422 4510 636 4562 ἱκέτευε
674 4487 765 4558 τδν
802 4504 954 4570 Θεὸν,
990 4504 1084 4558 καὶ
1132 4504 1160 4556 6
1207 4499 1512 4572 ὀλοθρεύων
1565 4499 1798 4569 ἄγγελος

236 4601 307 4671 ’.ᾧ
355 4601 493 4665 λαῷ,
521 4600 759 4666 ἐξέτεινε
784 4597 884 4669 τὴν
910 4600 1068 4666 χεῖρα
1083 4593 1247 4650 αὑτοῦ
1278 4593 1373 4647 ἐπὶ
1415 4591 1794 4664 Ἰερουσαλήμ.

243 4692 394 4749 Εἶπεν
448 4693 541 4747 οὖν
591 4696 619 4747 6
648 4691 922 4763 βασιλεύς·
957 4689 1108 4758 Ἐγὼ
1147 4687 1483 4756 ἡμάρτηκα,
1515 4689 1713 4755 Κύριε,
1763 4691 1796 4743 ὁ

239 4787 468 4856 ποιμήν
517 4785 675 4839 τὰδὲ
702 4785 1004 4854 ποίμνιαό
1051 4781 1202 4847 λαὸς
1245 4783 1360 4849 οὐχ
1422 4779 1792 4850 ἡμάρτοσαν·

1892 2288 2031 2342 hanc
2057 2304 2160 2341 non
2194 2288 2388 2354 bibam,
2424 2294 2686 2360 sanguine
2713 2293 2945 2346 virorum
2987 2301 3036 2346 et
3083 2295 3316 2364 periculo
3348 2298 3472 2350 ani-

1895 2396 2108 2434 marum
2147 2398 2331 2436 eorum
2376 2381 2626 2438 allatam.
2657 2384 2849 2454 Neque
2896 2386 3061 2451 bibit,
3115 2389 3212 2443 sed
3273 2389 3473 2444 libavit

1893 2472 2027 2527 Deo.
2081 2471 2211 2527 Post
2260 2471 2433 2528 Joabo
2483 2475 2708 2529 mandat
2757 2485 2816 2529 ut
2869 2477 3133 2546 populum
3189 2488 3469 2534 numeret.

1894 2563 1948 2619 ls
1977 2564 2083 2618 etsi
2121 2565 2175 2618 id
2222 2565 2519 2620 consilium
2549 2565 2917 2636 improbabat,
2971 2576 3027 2622 et
3072 2584 3185 2622 rem
3239 2570 3472 2624 minime

1891 2657 2155 2712 laudabat
2186 2695 2202 2721 ,
2242 2667 2428 2712 tamen
2469 2673 2594 2712 cum
2617 2674 2800 2729 regem
2833 2674 2864 2714 a
2894 2661 3168 2714 sententia
3192 2660 3474 2718 dimovere

1893 2763 2008 2804 non
2039 2757 2245 2819 posset,
2299 2758 2478 2820 paret,
2517 2760 2795 2814 numerat,
2839 2750 3048 2806 invenit
3099 2755 3472 2810 lsraelitarum

1893 2843 2208 2913 octingenta
2239 2845 2408 2898 millia
2442 2844 2838 2900 bellicosorum
2867 2855 2922 2900 et
2944 2845 3170 2900 fortium
3203 2849 3474 2914 virorum,

1899 2945 1958 2992 et
1983 2939 2283 3007 quingenta
2315 2936 2485 2991 millia
2515 2937 2755 2992 Iudaicae
2788 2937 2985 3002 tribus,
3021 2940 3150 2993 item
3182 2939 3476 2994 bellicoso-

1894 3043 2040 3085 rum.
2073 3029 2274 3085 Verum
2304 3029 2470 3083 David
2502 3030 2684 3084 statim
2716 3030 2843 3084 facti
2903 3033 3201 3100 pmnitens,
3244 3047 3302 3086 se
3348 3048 3476 3102 pec-

1895 3135 2050 3176 casse
2083 3119 2400 3184 conﬁtetur,
2448 3131 2505 3176 et
2536 3121 2648 3177 Gad
2695 3122 2962 3192 prOpheta
3009 3139 3134 3177 eum
3170 3124 3326 3194 jussu
3369 3126 3468 3180 Dei

1895 3225 2184 3281 aggressus
2219 3228 2234 3266 :
2276 3211 2482 3272 Trium.
2519 3211 2720 3282 inquit,
2752 3213 2845 3266 tibi
2890 3229 3070 3267 rerum
3099 3215 3240 3284 optio
3274 3214 3461 3281 datur,

1896 3317 2023 3355 nam
2048 3301 2204 3356 malis
2237 3310 2293 3354 tu
2333 3311 2382 3356 et
2413 3304 2560 3372 regio
2599 3319 2694 3372 per
2745 3305 3078 3373 septennium
3111 3304 3253 3372 {ante
3280 3307 3471 3373 premi,

1895 3411 1970 3449 an
1999 3411 2092 3466 per
2115 3407 2222 3448 tres
2246 3411 2447 3449 menses
2499 3396 2564 3448 ab
2589 3397 2822 3449 hostibus
2858 3399 3036 3466 urgeri
3075 3413 3094 3450 :
3148 3414 3219 3452 an
3253 3409 3476 3452 mortem

1899 3503 1993 3556 per
2019 3488 2253 3541 triduum
2277 3489 2518 3556 grassari
2540 3491 2594 3542 in
2633 3489 2846 3558 populo.
2888 3489 2970 3542 lbi
3026 3490 3196 3544 David
3230 3491 3474 3560 undique

1901 3594 1960 3634 se
1997 3578 2052 3633 in
2082 3579 2365 3650 angustias
2397 3580 2679 3634 redactum
2714 3595 2836 3634 esse
2882 3581 3160 3650 queritur,
3210 3583 3305 3638 sed
3335 3601 3476 3654 pra:-

1903 3679 2048 3726 stare
2091 3671 2198 3726 sibi
2253 3671 2500 3726 incidere
2556 3672 2612 3726 in
2697 3687 2892 3727 manus
2972 3675 3211 3730 Domini.
3285 3676 3475 3748 Itaque

1901 3776 2081 3820 morte
2105 3777 2414 3838 grassante,
2440 3781 2471 3820 a
2496 3765 2742 3821 diluculo
2772 3781 2945 3836 usque
2977 3768 3194 3838 prandii
3237 3777 3473 3840 tempus,

1898 3875 1966 3916 ex
2027 3863 2177 3914 omni
2226 3859 2429 3929 populo
2479 3860 2823 3930 septuaginta
2897 3860 3068 3916 millia
3131 3861 3471 3918 ceciderunt.

1899 3953 2040 4009 Tum
2080 3952 2269 4020 David,
2318 3968 2444 4008 cum
2487 3954 2716 4024 angelus
2761 3956 2945 4024 populi
2987 3955 3312 4012 interfector
3353 3972 3474 4012 ma-

1895 4060 2052 4100 num.
2082 4060 2251 4116 super
2290 4044 2669 4115 Hierosolyma
2706 4046 3067 4108 extendisset,
3122 4047 3234 4102 Deo
3276 4048 3331 4101 in
3355 4049 3475 4104 haec

1899 4138 2068 4194 verba
2118 4137 2450 4208 supplicavit
2488 4156 2502 4192 :
2535 4135 2650 4208 Ego
2671 4145 2877 4209 pastor,
2905 4155 2934 4192 ο
2958 4138 3194 4204 Domine,
3224 4144 3433 4211 peccaui
3452 4155 3475 4197 :

1896 4231 1987 4286 sed
2013 4229 2258 4301 populus,
2298 4243 2428 4300 grex
2470 4245 2639 4292 meus,
2696 4246 2801 4284 non
2848 4232 3098 4300 peccavit.
3152 4231 3265 4303 Ego
3320 4249 3475 4304 poena

1898 4324 2087 4395 dignus
2106 4339 2244 4388 sum,
2271 4338 2375 4377 non
2412 4323 2523 4379 isti.
2566 4321 2677 4378 llac
2729 4323 2992 4380 maestitia
3051 4325 3194 4396 regis
3228 4327 3478 4396 placatus

1897 4416 2065 4482 Deus,
2095 4416 2238 4470 luem
2267 4415 2632 4484 compescuit,
2666 4424 2723 4470 et
2746 4431 2846 4486 per
2883 4415 3087 4471 Gadem
3148 4418 3476 4488 prophetam

1900 4506 1956 4560 in
2007 4504 2169 4560 Ornat
2210 4503 2451 4559 Jebuszei
2493 4519 2620 4559 area
2652 4513 2972 4559 constructa
3007 4521 3124 4568 ara,
3169 4521 3323 4562 sacra
3354 4507 3474 4564 ﬁeri

1892 4597 2059 4668 jussit
2107 4614 2122 4652 :
2176 4596 2361 4666 itaque
2407 4594 2541 4650 fecit
2575 4594 2743 4649 David
2781 4604 2964 4664 empta
3004 4596 3072 4650 ab
3125 4596 3270 4652 Orna
3324 4614 3474 4667 area,

1899 4707 2010 4762 quo
2049 4690 2104 4745 in
2133 4689 2280 4754 loco,
2324 4696 2386 4743 ut
2414 4687 2692 4758 Iosephus
2724 4687 2911 4751 tradit,
2951 4688 3195 4744 lsaacum
3221 4690 3474 4746 Abraha-

1897 4798 2022 4837 mus
2077 4782 2462 4836 immolaturus
2527 4779 2696 4833 fuisse
2755 4779 3102 4847 perhibetur,
3165 4789 3222 4834 et
3303 4780 3473 4838 David

237 4884 466 4954 ἐχώειμι
513 4879 824 4945 κολάσεως
868 4876 1201 4943 ἀξιος,και
1227 4878 1339 4945 οὐχ
1378 4871 1565 4932 οὗτοι.
1619 4879 1793 4932 Δυσω-

1903 4876 2075 4932 aedem
2116 4882 2538 4932 constructurus
2574 4882 2694 4927 erat
2746 4871 2851 4926 nisi
2905 4887 2936 4925 a
2992 4873 3126 4932 Deo.
3156 4873 3476 4943 prohibitus

244 4977 417 5046 πηθεὶς
477 4976 536 5027 δὲ
579 4973 677 5044 τὴν
729 4971 822 5025 τοῦ
871 4969 1139 5041 βασιλέως
1207 4969 1500 5035 κατάνυξιν
1553 4970 1582 5022 6
1635 4969 1792 5035 Θεὸς,

242 5068 427 5122 ἔπαυσε
460 5071 564 5138 τὴν
592 5066 822 5136 φθορὰν,
850 5065 944 5118 καλ⁵
987 5063 1076 5116 διὰ
1102 5060 1198 5115 τοῦ
1243 5062 1526 5132 προφήτου
1584 5062 1690 5116 Γὰδ
1733 5065 1794 5118 ὲν

243 5168 299 5236 τῇ
327 5166 485 5220 alam
515 5163 610 5217 τοῦ
641 5160 972 5216 Ἰεϐουσαίου
997 5157 1166 5229 Ὀρνᾶ
1193 5155 1584 5227 θυσιαστήριον
1613 5158 1793 5229 πήξα-

245 5257 353 5324 σθαι
373 5258 654 5320 ἐκέλευσε,
681 5254 776 5307 καὶ
808 5251 971 5306 θῦσαι
995 5253 1128 5306 ἐκεί.
1163 5249 1274 5303 Καὶ
1305 5249 1566 5320 ἐποίησεν
1615 5248 1791 5314 οὕτως

242 5350 403 5414 Δαδιδ,
433 5349 790 5418 ὠνησάμενος
841 5345 940 5417 τὴν
989 5343 1172 5399 ἀλωνα
1231 5343 1296 5396 ἐκ
1334 5341 1428 5395 τοῦ
1473 5342 1659 5414 Ὀρνᾶ.
1703 5341 1791 5407 Ὠς

241 5443 291 5497 ει
313 5443 566 5515 Ἰώσηπος
595 5438 861 5511 ἔγραψεν,
917 5441 977 5493 ὲν
1023 5437 1220 5510 ἐκείνῳ
1246 5437 1324 5509 τῷ
1366 5435 1517 5506 τόπῳ
1573 5435 1795 5504 λέγεται

241 5538 446 5606 ἀγαγεῖν
511 5534 771 5606 ’Δϐραὰμ
814 5533 908 5587 τὸν
947 5532 1156 5597 Ἰσαὰκ,
1220 5531 1362 5584 ὥστε
1417 5527 1795 5584 ὁλοκαυτῶσαι

244 5629 403 5686 αὐτόν.
458 5629 751 5684 Ἢϐούλετο
799 5626 856 5680 δὲ
907 5627 1001 5680 καὶ
1037 5625 1162 5680 ναὸν
1217 5623 1570 5694 οἰκοδομῆσαι
1627 5623 1794 5675 Δαϐὶδ

247 5724 344 5777 tusi
365 5724 440 5796 τῷ
468 5723 612 5796 Θεῷ,
646 5719 765 5775 ἀλλ’
812 5717 1092 5790 ἀπείρχθη
1134 5718 1271 5790 πρὸς
1307 5715 1403 5769 τοῦ
1450 5715 1607 5770 Θεοῦ.
1647 5715 1792 5785 Πρε-

250 5814 420 5888 sti-51m
443 5815 498 5870 δὲ
536 5815 834 5886 γενόμενος
861 5811 891 5865 6
913 5810 1079 5865 Δαϐὶδ
1109 5810 1335 5882 σφόδρα,
1370 5806 1628 5879 δύσριγος
1684 5806 1790 5860 ὑπὸ

1904 4967 2117 5022 fuisset.
2163 4964 2355 5022 Davidi
2385 4979 2511 5018 cum
2560 4963 2631 5018 ob
2664 4963 2881 5018 senium
2927 4963 3113 5034 algore
3153 4976 3470 5030 vexaretur,

1896 5058 2136 5131 puellam
2206 5057 2497 5124 Abisagcm
2567 5053 2970 5124 adjunxerunt,
3037 5055 3194 5126 cujus
3270 5072 3474 5113 concu-

1895 5153 2015 5207 bitu
2087 5151 2382 5204 foveretur.
2437 5147 2544 5202 Sed
2610 5163 2735 5203 eum
2801 5163 2864 5201 ea
2926 5162 3040 5202 rem
3105 5163 3212 5203 non
3280 5149 3473 5204 habuit

1895 5261 2010 5307 rex,
2061 5250 2222 5298 aetate
2282 5241 2499 5297 effetus.
2539 5239 2782 5295 Adonias
2833 5249 3016 5294 autem
3071 5249 3304 5310 quartus
3353 5239 3473 5306 ejus

1894 5336 2080 5399 filius,
2125 5334 2292 5389 homo
2343 5348 2606 5404 perquam
2664 5331 2974 5396 formosus,
3008 5337 3317 5385 commotus
3373 5343 3473 5398 pa-

1895 5430 1998 5486 tris
2045 5428 2234 5493 senio,
2275 5442 2502 5499 regnum
2547 5425 2650 5480 sibi
2694 5423 2968 5488 vindicat,
3019 5421 3192 5478 Joabo
3238 5420 3474 5488 impera-

1894 5533 2014 5580 tore
2052 5531 2108 5579 et
2149 5521 2448 5578 Abiathare
2491 5518 2750 5588 pontifice
2783 5513 3233 5584 suifragantibus.
3277 5511 3470 5581 Itaque

1892 5617 2064 5674 semel
2113 5613 2401 5687 splendido
2438 5611 2708 5668 sacrificio
2758 5618 3060 5680 apparata,
3104 5605 3303 5659 fratres
3337 5620 3472 5660 con-

1895 5713 2089 5772 vocat,
2126 5715 2183 5761 et
2230 5703 2467 5759 Judaica:
2518 5701 2695 5756 tribus
2745 5698 3053 5770 principes,
3113 5694 3467 5751 Abiatharem

1894 5801 2026 5858 item
2077 5810 2134 5856 et
2193 5797 2426 5856 Joabum
2467 5812 2480 5851 :
2538 5793 2792 5862 Salome,
2849 5790 2999 5846 Gade
3053 5788 3361 5860 propheta,
3411 5807 3472 5854 et
