3958 6578
485 293 584 359 163

487 498 741 554 Bersabze
769 497 988 553 Nathan
1023 515 1038 552 :
1079 497 1220 552 Num
1252 498 1450 552 audisti
1510 513 1670 567 regno
1705 497 1929 568 potitum
1959 509 2069 548 esse

482 594 799 648 Arioniam?
862 591 994 658 Qua:
1041 590 1109 646 ad
1169 590 1434 647 Davidem
1502 592 1752 661 ingressa
1805 605 1819 643 :
1870 589 1944 644 Tu
1969 589 2067 657 ju-

485 687 638 750 rasti,
692 684 917 753 inquit,
967 685 1177 739 domine
1225 685 1298 739 mi
1343 701 1456 752 rex,
1510 683 1849 740 Salomonem
1893 683 2070 751 ﬁlium

486 785 633 829 tuum
682 776 790 846 ει
848 778 902 829 in
950 792 1110 846 regno
1165 778 1256 830 tibi
1292 792 1675 831 successurum.
1716 775 1850 830 Ecce
1889 783 2068 830 autem

483 867 716 922 Adonias
759 876 808 921 te
857 868 1136 939 ignorante
1190 885 1352 940 regno
1392 870 1620 937 potitur.
1672 866 1797 923 1133c
1821 867 2065 922 nondum

482 961 695 1017 elocuta
727 961 986 1028 muliere,
1012 961 1224 1015 Nathan
1251 976 1471 1031 quoque
1531 961 1797 1032 propheta
1849 962 2066 1034 ingres-

481 1069 596 1116 sus,
627 1064 800 1124 rogat,
829 1070 962 1110 num
988 1054 1056 1108 de
1075 1053 1224 1108 illius
1259 1056 1534 1111 sententia
1568 1071 1797 1126 regnum
1822 1055 2068 1111 Adouias

478 1148 812 1216 occuparet?
848 1145 920 1201 At
955 1145 1044 1200 ille
1071 1145 1244 1200 Deum
1299 1153 1532 1202 testatus
1567 1164 1580 1201 :
1614 1146 1806 1212 Hodie,
1862 1144 2062 1214 inquit,

478 1253 571 1292 rea:
622 1238 834 1307 futurus
873 1247 949 1291 est
975 1235 1254 1294 Salomon.
1293 1237 1611 1308 Vocatoque
1639 1237 1852 1293 Sadoco
1875 1236 2064 1307 ponti-

478 1332 600 1396 tice,
633 1339 689 1384 et
719 1330 935 1395 Banzca,
967 1332 1237 1400 propheta
1283 1347 1503 1402 quoque
1528 1331 1800 1398 adhibito,
1833 1341 1890 1386 et
1925 1331 2065 1387 aula:

476 1423 638 1493 regia:
659 1424 1380 1491 satellitibus,‘Salomonem
1407 1427 1462 1481 in
1509 1426 1658 1482 mula
1710 1425 1856 1496 regis
1895 1426 2064 1480 collo-

475 1524 755 1579 catum,ct
783 1526 936 1570 extra
969 1516 1162 1572 urbem
1193 1517 1260 1572 ad
1305 1517 1516 1572 fontem
1577 1515 1800 1572 Sionem
1859 1513 2064 1586 perdu-

473 1617 645 1674 ctum,
696 1623 854 1664 sacro
897 1610 1021 1664 oleo
1057 1611 1396 1682 inaugurari,
1437 1619 1496 1665 et
1541 1612 1807 1666 cornibus
1858 1606 2063 1664 intlatis

476 1716 656 1771 regem
686 1702 1036 1771 proclamari,
1069 1720 1276 1775 perque
1323 1704 1516 1759 urbem
1559 1705 1798 1759 mediam
1847 1702 2049 1759 deduci
2094 1738 2132 1791 Β

409 1789 439 1812 ’
468 1792 646 1862 jubet.
678 1791 744 1847 lli
776 1795 894 1850 sine
929 1809 1081 1850 mora
1112 1805 1328 1866 parent,
1357 1795 1671 1852 Salomonis
1695 1793 1894 1850 electio
1926 1808 2056 1864 pas-

469 1886 575 1942 sim
607 1887 938 1958 prmdicatur
969 1904 985 1942 :
1021 1904 1128 1958 qua
1157 1889 1324 1943 etiam
1361 1888 1507 1959 apud
1544 1886 1814 1942 Adoniam
1845 1895 1902 1942 et
1926 1901 2060 1942 con-

472 1980 626 2036 vivas
653 1981 774 2050 ejus
803 1979 1041 2052 cognita,
1067 1979 1253 2037 caeteri
1286 1997 1414 2037 suas
1443 1982 1681 2052 quisque
1718 1981 1914 2037 domos
1959 1981 2060 2036 ab-

471 2073 893 2128 cunt.Adonias
944 2085 1126 2130 autem
1175 2075 1385 2146 majore
1430 2075 1724 2146 perculsus
1767 2082 1940 2140 metu,
1987 2074 2054 2129 ad

473 2179 625 2218 aram
651 2165 901 2236 confugit
933 2184 946 2220 :
985 2175 1040 2220 et
1077 2166 1246 2222 vitam
1273 2182 1339 2222 ea
1363 2167 1682 2224 conditione
1706 2184 1738 2222 a
1761 2167 2056 2224 Salomone

477 2257 755 2326 impetrat,
779 2267 838 2313 ut
867 2258 912 2316 si
949 2257 1132 2314 denuo
1165 2258 1221 2314 in
1243 2259 1492 2316 facinore
1516 2260 2052 2330 deprehenderetur,

470 2353 648 2420 capite
679 2365 870 2421 pinnas
890 2351 1354 2408 daret.Czeterum
1384 2354 1556 2409 David
1591 2364 1825 2411 mortem
1849 2355 2054 2412 instare

469 2441 575 2495 sibi
600 2442 816 2508 videns,
841 2441 1194 2499 Salomonem
1234 2446 1512 2502 accersit:
1553 2447 1798 2516 mandat,
1837 2457 1897 2503 ut
1956 2449 2052 2504 Dei

471 2546 745 2605 praecepta
775 2536 1056 2604 observet,
1086 2547 1144 2594 et
1181 2539 1490 2595 secundum
1521 2540 1672 2612 leges
1696 2543 1817 2614 ejus
1858 2543 2048 2599 vivat:

475 2629 610 2694 Quo,
644 2627 843 2699 inquit,
869 2646 1044 2686 semen
1076 2639 1339 2699 nostrum,
1370 2635 1818 2704 quemadmodum
1853 2638 2053 2707 promi-

467 2718 534 2772 sit
570 2719 695 2772 mihi
724 2718 1006 2787 Dominus,
1044 2722 1293 2776 thronum
1337 2739 1508 2778 meum
1542 2733 1801 2780 internum
1849 2735 2049 2782 teneat.

477 2810 677 2882 Adjicit
702 2827 772 2867 ne
808 2811 1042 2868 Joabum
1079 2812 1414 2884 impunitum
1452 2815 1714 2882 dimittat,
1753 2818 1823 2872 ob
1867 2817 2053 2872 Ahen-

471 2905 590 2958 neri
609 2913 664 2959 et
681 2902 915 2960 Amesias
938 2904 1143 2960 caedem
1169 2922 1183 2959 :
1217 2921 1396 2976 neque
1414 2907 1676 2975 Semeim,
1699 2909 1793 2980 qui
1819 2908 2049 2981 fugienti

466 2997 576 3053 sibi
604 2996 752 3053 diras
777 2997 1114 3068 imprecatus
1147 2998 1337 3056 fuerit.
1369 2998 1450 3055 Ac
1483 3008 1687 3071 prmter
1717 3002 1850 3066 alia,
1909 3011 2049 3057 tem-

1781 291 2113 356 JOANNIS
2151 290 2475 354 ZONABIE

483 404 676 459 Balnea
710 401 973 475 praefecto
1019 399 1316 458 satellitum
1354 415 1466 456 non
1499 399 1764 458 invitatis.
1784 402 1877 458 Ait
1901 401 2054 472 igitur

2170 399 2269 455 τοῦ
2357 401 2548 474 γήρως
2607 399 2900 472 έτύ·,χανε.
2979 400 3074 456 Διδ
3139 399 3354 457 νεάνιδα

3645 290 3754 355 164

3436 401 3760 470 ἐξελέξαντο

2168 494 2426 565 (Ἃόισὰκ
2451 495 2624 566 ὄνομα
2655 494 2843 566 αὐτῇ),
2873 496 2971 549 καὶ
3023 491 3094 566 ἦν
3122 496 3156 566 ή
3202 497 3338 568 κόρη
3394 477 3760 566 συγκοιταζο-

2169 585 2306 658 μένη
2332 586 2413 658 τῷ
2443 586 2676 658 βασιλεῖ,
2697 589 2792 640 καί⁵
2821 587 3106 642 θάλπουσα
3129 587 3314 642 αὐτόν·
3352 587 3451 642 καὶ
3483 589 3585 642 οὐκ
3611 590 3762 659 ἔγνω

2165 680 2359 751 αὐτήν,
2396 681 2815 752 ἀφροδισιάζειν
2845 680 2955 752 γὰρ
3012 680 3101 734 διὰ
3131 681 3313 752 γῆρας
3359 681 3462 735 οὐκ
3497 681 3757 753 ἠδύνατο.

2164 769 2424 835 Ἀδωνίας
2464 772 2521 825 δὲ
2553 772 2814 843 τέταρτος
2842 768 2920 825 ὢν
2953 772 3010 825 ἐν
3040 775 3154 836 τοῖς
3179 771 3274 826 τοῦ
3298 771 3567 842 βασιλέως
3591 774 3758 841 υιοτς,

2165 863 2368 934 ὡραῖος
2424 865 2588 930 πάνυ,
2623 864 2765 934 ὁρῶν
2814 864 2907 918 τὸν
2951 865 3167 935 πατέρα
3220 867 3594 937 γεγηρακότα,
3647 866 3758 937 τῆς

2167 956 2448 1027 βασιλείας
2486 959 2848 1025 ἀντεποιεῖτο,
2894 957 3542 1030 συναντιλαμϐανομένου
3597 961 3758 1031 αὐτῷ

2166 1049 2329 1105 ἰωάὁ
2363 1049 2457 1103 τοῦ
2509 1052 2952 1124 ἀρχιστρατήγου
2987 1093 3002 1114 ,
3056 1052 3152 1106 καὶ
3215 1052 3484 1125 Ἀὁιάθαρ
3524 1052 3619 1106 τοῦ
3651 1054 3759 1124 ἀρ·-

2163 1144 2415 1216 χιερέως.
2451 1128 2560 1198 Καί
2597 1161 2732 1199 ποτε
2763 1145 2956 1200 θυσίαν
2987 1145 3189 1216 δαψιλῆ
3247 1145 3761 1217 παρασκευασάμε-

2164 1258 2276 1305 νος,
2302 1240 2430 1302 τοὺς
2459 1239 2726 1308 ἀδελφοὺς
2763 1239 3119 1305 συνεκάλεσε,
3144 1240 3241 1294 καὶ
3272 1240 3400 1303 τοὺς
3415 1239 3754 1316 προέχοντας

2163 1332 2264 1401 τῆς
2290 1330 2464 1386 Ἰούδα
2512 1331 2708 1402 φυλῆς,
2771 1335 2870 1387 καὶ
2905 1330 3175 1403 Ἀϐιάθαρ
3211 1332 3308 1386 καὶ
3357 1331 3538 1387 Ἰωάσ.
3589 1331 3759 1384 Σολο‹⁵

2167 1425 2356 1496 μῶντα
2386 1425 2445 1478 δὲ
2470 1425 2680 1479 καὶτὸν
2705 1425 2994 1496 προφήτην
3023 1425 3234 1492 Νάθαν,
3272 1425 3368 1479 καὶ
3384 1424 3624 1478 Βαναίαν
3655 1423 3755 1477 τὸν

2163 1517 2402 1590 ἄρχοντα
2441 1517 2553 1572 τῶν
2600 1517 3111 1588 σωματοφυλάκων,
3156 1518 3218 1572 οὐ
3253 1517 3551 1586 κέκληκεν.
3575 1511 3754 1570 Εἶπεν

2161 1610 2256 1665 οῦν
2289 1611 2424 1683 πρὸς
2461 1609 2750 1682 Βηρσαὸεε
2813 1609 3025 1665 Νάθαν·
3061 1609 3357 1676 Ἀκήκοας
3410 1608 3502 1663 ὅτι
3543 1607 3756 1662 e600!-

2161 1707 2391 1758 .levaer
2421 1702 2710 1770 Ἀδωνίας
2722 1720 2743 1769 ;
2789 1702 2853 1756 Ἦ
2882 1703 2938 1756 δὲ
2971 1701 3109 1773 πρὸς
3159 1704 3251 1756 τὸν
3308 1701 3535 1774 βασιλέα
3570 1701 3754 1755 alas).-

2165 1793 2368 1860 θοῦσα,⁸
2397 1795 2483 1849 Σὺ
2529 1796 2795 1865 ὤμοσας,
2815 1789 2959 1862 εἷπε,
2991 1796 3160 1864 κύριέ
3178 1813 3299 1865 μου
3338 1794 3630 1860 βασιλεῦ,
3665 1795 3753 1862 ὡς

2163 1884 2452 1956 Σολομὼν
2488 1888 2521 1940 ό
2544 1887 2678 1953 υὶός
2731 1901 2850 1942 σου
2895 1885 3266 1951 βασιλεύσει
3295 1884 3449 1957 μετὰ
3498 1885 3596 1951 σὲ,
3643 1885 3750 1939 καὶ

2162 1978 2295 2034 ἰδοὺ
2315 1979 2723 2033 ἐϐασίλευσεν
2752 1976 3062 2046 Ἀδωνίας,
3077 1979 3160 2033 σὺ
3177 1977 3245 2032 δὲ
3267 1978 3598 2050 ἠγνόησας.
3625 1977 3752 2032 Ἔτι

2161 2069 2337 2124 ταῦτα
2364 2069 2634 2140 λεγούσης
2661 2069 2970 2141 Βηρσαϐεέ,
3003 2071 3099 2125 καὶ
3157 2070 3186 2124 ὁ
3215 2071 3504 2142 προφήτης
3554 2067 3752 2124 Ναθὰν

2159 2159 2422 2215 εἰσελθὼν
2481 2159 2674 2233 ήρώτα
2744 2161 2838 2214 τὸν
2901 2159 3150 2231 βασιλέα,
3219 2162 3270 2213 εί
3328 2160 3472 2214 κατά
3516 2157 3750 2230 γνώμην

2159 2253 2328 2308 αὑτοῦ
2372 2252 2764 2324 βεΰασίλευκεν
2793 2253 3058 2313 Ἀδωνίας
3083 2270 3099 2320 ;
3135 2253 3195 2308 Ὀ
3225 2253 3285 2308 δὲ
3314 2252 3408 2307 τὸν
3426 2251 3563 2307 Θεὸν
3587 2251 3747 2324 ὦμο-

2159 2362 2273 2412 σεν,
2305 2342 2380 2410 ὡς
2401 2345 2680 2416 Σήμερον
2698 2343 3004 2413 βασιλεὺς
3029 2346 3201 2400 ἔσται
3230 2349 3264 2402 ό
3294 2344 3604 2415 Σολομῶν.
3636 2344 3750 2398 Καὶ

2158 2437 2393 2502 καλέσας
2422 2437 2514 2494 τὸν
2542 2437 2810 2510 ἀρχιερέα
2849 2436 3041 2493 Σαδώκ
3097 2441 3194 2494 καὶ
3231 2438 3496 2504 Βαναίαν,
3527 2435 3748 2491 κελεύει

2159 2529 2682 2602 συμπαρειληφότας
2743 2529 2839 2585 τὸν
2900 2531 3213 2603 προφήτην,
3292 2531 3388 2586 καὶ
3442 2531 3568 2594 τοὺς
3611 2530 3748 2599 περὶ

2155 2623 2258 2695 τὴν
2311 2624 2485 2696 αὐλὴν
2518 2625 2619 2696 τὴν
2650 2623 2942 2696 βασιλικὴν
2990 2624 3237 2690 ὁπλίτας,
3299 2623 3602 2678 ἀναθέσθαι
3649 2625 3748 2678 τὸν

2153 2717 2479 2788 Σολομῶντα
2525 2719 2619 2772 ἐπὶ
2645 2717 2743 2790 τὴν
2783 2717 2879 2772 τοῦ
2935 2716 3201 2790 βασιλέως
3233 2718 3481 2790 ἡμίονον’
3509 2718 3605 2773 καὶ
3627 2718 3744 2773 ἀπο

2154 2811 2470 2880 αγαγόντας
2514 2809 2620 2874 ἔξω
2663 2811 2764 2881 τῆς
2797 2810 3007 2876 πόλεως
3041 2812 3133 2865 ἐπὶ
3163 2809 3262 2882 τήν
3283 2811 3468 2883 πηγήν
3512 2810 3611 2884 τὴν
3635 2829 3746 2866 κα-

2153 2903 2427 2976 λουμένην
2485 2901 2649 2968 Σιὼν,
2689 2904 2878 2975 χρίσαι
2897 2905 2978 2976 τῷ
3004 2905 3145 2977 ἁγίῳ
3177 2906 3359 2977 ἐλαίῳ,
3385 2908 3482 2962 καὶ
3515 2905 3746 2978 βασιλέα

2149 2995 2541 3066 ἀναγορεῦσαι,
2575 2995 2942 3061 σαλπίζοντας
2980 2998 3038 3051 έν
3093 3000 3208 3063 τοῖς
3252 2998 3472 3069 κέρασι,
3515 3001 3611 3054 καὶ
3649 2999 3746 3053 διὰ

469 3090 618 3160 plum
646 3097 967 3146 construere
991 3091 1150 3161 jubet
1190 3092 1447 3160 Domino,
1477 3093 1855 3164 descriptione
1902 3096 2053 3152 illius

2160 3089 2340 3159 μέσης
2357 3088 2459 3159 τῆς
2479 3088 2688 3152 πόλεως
2705 3087 3074 3159 παραπέμψαι
3112 3089 3297 3146 αὐτόν.
3344 3091 3408 3144 Oi
3433 3091 3490 3145 δὲ
3517 3091 3741 3158 αὐτίκα,

464 3181 715 3236 exhibita
749 3199 764 3237 :
798 3181 868 3236 ad
906 3181 962 3237 id
991 3198 1130 3252 opus
1157 3191 1213 3238 et
1241 3185 1421 3254 ipsum
1441 3193 1496 3239 et
1518 3185 1802 3256 principes
1845 3195 1905 3244 et
1951 3187 2057 3244 Le—

470 3277 687 3334 viticam
719 3278 924 3331 tribum
956 3275 1299 3342 cohortatus,
1319 3276 1466 3346 quod
1495 3277 1667 3331 multa
1690 3278 1758 3332 ad
1783 3293 1904 3333 eam
1934 3293 2051 3334 rem

469 3371 782 3427 necessaria
807 3370 1169 3440 relinqueret,
1217 3369 1476 3426 videlicet
1534 3373 1653 3426 auri
1709 3371 1916 3442 decies,
1961 3389 2055 3428 ar-

467 3465 616 3533 genti
647 3463 858 3520 centies
906 3463 1059 3519 mille
1127 3462 1358 3525 talenta,
1416 3465 1754 3536 smaragdos,
1805 3465 2053 3537 aliosque

465 3555 678 3626 lapides
737 3554 1033 3626 pretiosos,
1100 3569 1176 3610 aes
1235 3563 1293 3610 et
1357 3556 1565 3612 ferrum
1623 3557 2047 3626 innumerabile,

465 3647 740 3717 aliamque
764 3646 1054 3702 materiam
1082 3646 1386 3716 copiosam.
1422 3647 1501 3702 Ac
1529 3648 1685 3718 prius
1720 3649 1967 3705 collectis
1989 3665 2049 3706 se

467 3741 705 3811 adjicere
733 3739 853 3794 auri
885 3739 1009 3810 puri
1032 3739 1150 3810 puti
1177 3750 1260 3795 ter
1292 3739 1440 3796 mille
1463 3741 1670 3796 talenta
1699 3741 1767 3796 ad
1793 3741 2044 3813 adytum,

464 3841 522 3886 ct
545 3830 732 3886 decies
749 3829 899 3886 mille
925 3838 1181 3894 statercs,
1213 3838 1269 3884 et
1297 3831 1512 3902 argenti
1554 3831 1761 3888 talenta
1794 3832 2048 3889 totidem.

471 3921 578 3993 [Ad
613 3922 754 3989 hac,
781 3921 938 3978 sicui
964 3937 1176 3994 gemma
1201 3931 1341 3985 erat,
1371 3938 1492 3978 eam
1542 3923 1775 3994 quisque
1816 3923 1875 3979 in
1926 3923 2050 3980 the-

464 4031 660 4072 sauros
686 4014 1064 4088 congerebat.]
1103 4015 1230 4074 Haec
1255 4017 1480 4084 ell‘atus,
1508 4019 1670 4089 paulo
1701 4027 1824 4090 post
1879 4019 2052 4077 mori-

462 4117 576 4176 tur,
607 4109 840 4180 cxpletis
870 4110 997 4165 vita:
1031 4112 1192 4166 annis
1219 4111 1587 4182 septuaginta,
1613 4127 1738 4167 cum
1762 4121 2047 4185 regnasset

457 4216 639 4256 annos
669 4200 960 4257 Chebrone
993 4211 1227 4272 septem,
1273 4201 1669 4274 Hierosolymis
1707 4213 1818 4258 tres
1848 4213 1906 4258 et
1941 4204 2044 4259 tri-

457 4293 635 4362 ginta,
666 4293 751 4348 vir
782 4294 1040 4350 omnibus
1071 4309 1198 4366 rege
1224 4293 1407 4363 dignis
1437 4293 1737 4348 virtutibus
1783 4293 2037 4351 illustris.

459 4384 738 4441 Mortuum
776 4385 1033 4442 Salomon
1061 4384 1457 4456 Hierosolymis
1505 4383 1761 4456 regaliter
1824 4385 2040 4457 sepelit,

460 4480 672 4551 magnis
719 4482 922 4551 opibus
948 4497 1072 4536 cum
1095 4495 1162 4536 eo
1189 4479 1548 4548 consepultis.

2158 3179 2346 3245 καθὼς
2412 3181 2804 3254 ένετάλθησαν,
2889 3182 3250 3252 πεποιήκασι·
3314 3184 3411 3238 καὶ
3484 3184 3741 3258 διεϐοήθη

2159 3273 2438 3345 πανταχοῦ
2497 3276 2531 3346 ή
2597 3276 2694 3330 τοῦ
2760 3274 3113 3345 Σολομῶντος
3161 3278 3489 3350 ἀνάῤῥησις.
3539 3277 3632 3345 Ὠς
3693 3281 3744 3335 δ’

2157 3367 2406 3438 ἐγνώσθη
2451 3371 2546 3422 καὶ
2597 3368 2678 3440 τῷ
2712 3368 2945 3442 ’Δόωνία
2971 3370 3067 3424 καὶ
3097 3373 3212 3435 τοῖς
3241 3373 3742 3445 συνευωχουμένΟις

2156 3461 2329 3534 αὐτῷ,
2381 3463 2430 3516 ol
2466 3461 2566 3532 μὲν
2610 3462 2761 3518 ἄλλοι
2798 3462 2938 3535 πρὸς
2991 3465 3222 3530 ἑαυτοὺς
3272 3465 3537 3537 ἀπῆλθον’
3572 3467 3742 3522 Ἀδω-

2154 3552 2277 3618 νίας
2320 3553 2380 3608 δὲ
2431 3553 2636 3624 μᾶλλον
2664 3553 2872 3624 δεδιὼς,
2942 3555 3020 3628 τῷ
3070 3557 3447 3632 θυσιαστηρίῳ
3499 3561 3738 3632 προσπέ-

2155 3663 2347 3719 φευγε,
2395 3647 2494 3702 καὶ
2525 3647 2746 3712 πίστεις
2799 3651 2898 3720 τῆς
2946 3653 3224 3724 σωτηρίας
3274 3652 3395 3725 ᾔτει
3437 3655 3591 3726 παρά
3643 3655 3741 3710 τοῦ

2149 3740 2522 3812 Σολομῶντος.
2569 3741 2706 3795 ὀδε
2737 3741 2839 3813 τῆς
2883 3743 2984 3813 μὲν
3033 3744 3157 3798 τότε
3189 3746 3465 3816 ἁμαρτίας
3523 3748 3741 3818 ἀφῆκεν

2148 3832 2336 3888 αὐτόν’
2361 3833 2412 3887 ει
2457 3833 2503 3888 δ’
2527 3834 2608 3898 είς
2644 3832 2804 3900 αὖθις
2827 3835 3000 3891 κακόν
3023 3853 3078 3890 τι
3104 3837 3277 3892 ποιῶν
3309 3838 3534 3912 εὑρεθῇ,
3567 3839 3732 3896 θαναο

2146 3925 2482 3996 τωθήσεται.
2553 3926 2731 3998 Ὁρῶν
2759 3928 2819 3982 δὲ
2864 3928 3030 3984 Δαϐὶδ
3083 3929 3380 4000 έγγίζοντά
3417 3933 3468 3986 oi
3525 3931 3618 3988 τὸν
3647 3933 3739 3989 θά-

2149 4032 2340 4083 νατον,
2381 4017 2774 4087 προσκαλεῖται
2817 4019 2908 4073 τὸν
2936 4020 3293 4091 Σολομῶντα,
3314 4023 3412 4075 καὶ
3432 4021 3739 4078 ιντέλλεται

2151 4109 2304 4180 αὑτῷ
2353 4110 2644 4178 φυλάττειν
2674 4110 2775 4175 τὰς
2816 4111 2912 4165 τοῦ
2955 4113 3095 4167 Θεοῦ
3145 4115 3388 4182 ἐντολὰς,
3435 4119 3530 4172 καὶ
3591 4116 3737 4172 κατὰ

2150 4200 2279 4266 τοὺς
2299 4200 2502 4273 νόμους
2535 4202 2704 4258 αὑτοῦ
2735 4203 3139 4259 πολιτεύεσθαιο
3195 4208 3330 4262 Ἰνα
3377 4207 3445 4261 τὸ
3495 4208 3738 4278 σπέρμα

2149 4293 2341 4364 ήμῶν,
2405 4295 2562 4366 φησὶ,
2617 4295 2814 4363 καθὼς
2857 4296 3258 4368 earnm-suate
3298 4316 3401 4370 μοι
3424 4302 3457 4354 ὀ
3493 4302 3733 4368 Κύριος,

2149 4386 2267 4453 ἕως
2297 4385 2404 4440 τοῦ
2442 4385 2666 4454 αἰῶνος
2711 4387 2804 4456 ειη
2859 4387 2958 4442 ἐπὶ
3013 4387 3123 4444 τοῦ
3165 4389 3385 4459 θρόνου
3416 4407 3559 4461 μου.
3625 4393 3737 4446 Καὶ

2151 4479 2482 4552 προστίθησι
2534 4480 2609 4550 μὴ
2646 4481 2806 4534 ἐᾶσαι
2865 4482 2954 4536 τὸν
2983 4481 3145 4536 ἰωάδ
3191 4482 3566 4556 ἀτιμώρητον,
3605 4485 3736 4538 ἀνε-

460 4574 621 4631 λὶντα
648 4578 737 4631 τὸν
783 4577 1070 4648 Ἀϐεννὴρ,
1103 4577 1199 4629 καὶ
1256 4575 1346 4630 τὸν
1376 4575 1642 4646 Ἀμεσίαν
1675 4573 1813 4648 (52)·
1875 4579 2013 4650 μηδὲ
2054 4581 2238 4650 μέντοι
2297 4577 2391 4631 τὸν
2451 4578 2669 4648 Σεμεεὶ,
2703 4575 2763 4642 ὃς
2817 4577 2970 4649 αὐτῷ
3038 4583 3392 4652 κατηράσατο
3447 4583 3729 4654 φεύγοντι.

455 4674 571 4729 Καὶ
615 4673 750 4730 ἄλλα
780 4672 931 4745 αὐτῷ
961 4672 1370 4743 ἐντειλάμενος,
1421 4672 1519 4724 καὶ
1559 4672 1688 4726 ναδν
1735 4673 2047 4744 ἐπισκήψας
2085 4673 2446 4744 οἰκοδομῆσαι
2514 4673 2726 4744 Κυρίῳ,
2755 4673 2849 4726 καὶ
2885 4673 2984 4746 τήν
3014 4675 3328 4750 διαγραφὴν
3391 4679 3492 4744 τῆς
3520 4678 3731 4732 οἰκοδο-

461 4773 571 4843 μῆς
603 4770 700 4823 τοῦ
733 4768 863 4822 ναοῦ
894 4769 1172 4837 παρέσχεν
1219 4763 1389 4836 αὐτῷ,
1422 4765 1518 4819 καὶ
1575 4767 1712 4838 πρδς
1769 4764 1832 4818 τὸ
1878 4767 2040 4837 ἔργον
2077 4767 2258 4836 λόγοις
2303 4765 2551 4836 διήγειρε
2602 4766 2701 4820 καὶ
2725 4765 2889 4820 αὑτὸν
2951 4767 3049 4821 καὶ
3115 4770 3280 4836 τοὺςξ
3312 4772 3581 4844 ἄρχοντας
3632 4773 3734 4826 καὶ

454 4867 560 4935 τὴν
587 4863 763 4934 φυλὴν
800 4861 896 4915 τοῦ
946 4858 1100 4923 Λευῒ,
1173 4858 1347 4914 πολλά
1395 4859 1577 4930 φήσας
1623 4857 1943 4912 καταλιπεῖν
1998 4860 2079 4924 είς
2117 4861 2216 4930 τὴν
2296 4861 2653 4929 κατασκευὴν
2713 4861 2810 4914 τοῦ
2854 4864 3007 4931 ναοῦ,
3084 4865 3324 4921 τάλαντα
3371 4869 3468 4939 μὲν
3520 4873 3728 4941 χρυσοῦ

458 4965 652 5030 μύρια»
679 4957 948 5030 μυριάδας
980 4954 1037 5007 δὲ
1063 4953 1350 5016 ’ταλάντων
1380 4951 1629 5023 ἀργύρου
1683 4952 1841 5019 δέκα,
1895 4955 2214 5026 σμάραγδόν
2283 4972 2344 5009 τε
2414 4956 2510 5007 καὶ
2547 4955 2743 5020 ἄλλους
2809 4958 2988 5024 λίθους
3029 4961 3362 5029 πολυτελεῖς,
3422 4951 3625 5036 χαλκὶν
3666 4968 3726 5021 δὲ

457 5060 553 5113 καὶ
587 5056 808 5126 σίδηρον
821 5052 1056 5124 ἀριθμὸν
1087 5047 1514 5120 ὑπερϐαίνοντα,
1547 5049 1643 5102 καλ⁵
1676 5046 1812 5116 ὕλην
1880 5051 2076 5121 ἑτέραν
2116 5049 2374 5120 ἄφθονονο
2412 5050 2509 5104 καὶ
2541 5050 2638 5106 νῦν
2666 5052 2726 5106 δὲ
2752 5054 3102 5126 προστιθέναι
3146 5062 3257 5123 τοῖς
3289 5061 3388 5134 ήδη
3443 5065 3725 5136 συνειλεγο

454 5153 642 5224 μένοις
662 5147 866 5220 χρυσοῦ
898 5144 1145 5216 καθαροῦ
1167 5143 1445 5215 τρισχίλια
1469 5143 1713 5197 τάλαντα
1737 5143 1818 5208 είς
1842 5144 1902 5197 τὺ
1940 5143 2154 5211 ἄδυτον,
2190 5146 2286 5198 καὶ
2317 5145 2544 5218 μυρίους
2576 5147 2875 5220 στατῆρας,
2906 5149 3150 5222 ἀργύρου
3178 5153 3234 5207 δὲ
3265 5155 3435 5228 μύρια
3460 5157 3726 5213 τάλαντα-

454 5247 592 5322 ιΚαὶ
623 5246 676 5299 ετ
699 5261 806 5298 τινι
832 5243 890 5296 δὲ
911 5242 1058 5304 λίθος
1089 5235 1156 5312 ῆν
1176 5241 1286 5294 τῶν
1313 5239 1532 5311 τιμίων,
1559 5239 1818 5311 ἐκόμισεν
1847 5239 2100 5306 ἕκαστος,
2131 5243 2226 5295 καὶ
2243 5242 2560 5314 παρέδωκεν
2583 5243 2664 5306 είς
2685 5245 2811 5308 τοὺς
2841 5247 3154 5320 θησαυρούς
3190 5249 3351 5324 (55)].
3379 5251 3514 5306 Μετ’
3536 5253 3724 5324 ὀλίγον

457 5345 516 5400 δὲ
551 5341 874 5412 ἐτελεύτησε
941 5337 1126 5404 Δαὸὶδ,
1183 5336 1390 5408 βιώσας
1451 5335 1738 5397 ἐνιαυτοὺς
1777 5335 2174 5406 ἐϐδομήκοντα,
2224 5335 2553 5408 βασιλεύσας
2591 5338 2650 5391 ἐν
2674 5337 2902 5411 Χεόρὼν
2963 5342 3062 5414 μὲν
3093 5344 3189 5418 ἒτη
3219 5345 3380 5414 έπτά,
3416 5348 3475 5400 ὲν
3515 5347 3723 5418 ’ίερουο

1653 5453 1865 5516 Variae
1895 5453 2212 5518 lectiones
2258 5463 2321 5519 et
2350 5465 2543 5519 notas.

509 5578 640 5663 '(52)
682 5581 794 5634 Τὸν
829 5579 1126 5663 Ἀμεσίαν.
1162 5579 1245 5635 Ita
1274 5592 1408 5635 mss.
1437 5575 1573 5649 Reg.
1603 5584 1663 5631 et
1691 5575 1850 5630 Colb.
1882 5575 2038 5630 ’Δδε-

459 5660 560 5704 σαν
590 5666 758 5722 supra
787 5660 1023 5706 vocavit.

529 5723 641 5790 (55)
659 5716 787 5776 'Kal
821 5723 876 5775 εῖ
906 5739 1020 5775 τινι
1044 5721 1111 5775 δὲ
1137 5722 1308 5788 λίθος
1335 5717 1416 5790 ἦν
1441 5716 1562 5772 τῶν
1586 5717 1813 5790 τιμίων,
1839 5720 2036 5788 ἐκόμι-

457 5805 570 5845 σεν
626 5788 903 5859 ἕκαστος,
953 5793 1050 5846 καὶ
1108 5788 1453 5861 παρέδωκεν
1507 5791 1597 5855 εις
1635 5788 1777 5854 τοὺς
1807 5793 2037 5860 θησαυ·

2134 5580 2305 5663 ρούς.
2352 5579 2478 5636 Haec
2505 5582 2774 5663 ejusmodi
2805 5583 2823 5656 [
2856 5584 2873 5656 Ι
2909 5587 3057 5663 notis
3105 5589 3414 5656 interclusi,
3446 5592 3524 5648 ait
3563 5593 3726 5651 Wol-

2142 5653 2270 5732 lius,
2303 5667 2426 5706 cum
2460 5653 2876 5732 ad_ins_tit_utiini
2912 5659 3138 5718 minime
3183 5653 3510 5732 pertineant.
3561 5666 3720 5732 Quod

2139 5721 2471 5846 Etslibvetrnm
2507 5726 2598 5791 sit,
2640 5724 2914 5781 babcntur
2956 5739 3138 5786 tamen
3183 5721 3248 5786 in
3303 5749 3432 5789 mss.
3480 5721 3609 5807 Reg.
3664 5721 3720 5795 et

2185 5807 2216 5846 ο
2278 5808 2339 5846 cr
2369 5833 2384 5846 .

2185 5807 2384 5848 OIDCI‘L
