3910 6582
189 326 268 386 ns
1462 321 1875 386 ANNALIUM
1906 323 2058 387 LIB.
2097 296 2184 384 t1.

3321 321 3425 384 166

183 441 343 510 sali”;
403 436 462 492 δὲ
515 436 642 510 τρία
689 435 826 508 πρὸς
874 436 988 499 τοῖς
1026 433 1348 508 τριάκοντα·
1383 432 1524 507 ἀνὴρ
1590 438 1774 492 πᾶσαν
1829 438 2033 509 ἀρετὴν
2089 433 2478 509 κατορθωκὼς,
2515 435 2898 508 προσήκουσαν
2962 435 3193 507 βασιλεῖ.
3231 435 3439 506 Ἔθαψε

181 533 452 591 tta-ams
519 535 655 595 παῖς
716 529 971 602 Σολομῶν
1011 532 1070 584 ἐν
1143 527 1546 602 Ἰεροσολύμοις
1590 531 1908 603 βασιλικῶς,
1956 536 2050 586 καὶ
2105 533 2338 586 πλοῦτον
2362 532 2596 599 ἄφθονον
2629 531 2790 621 αὐτῷ⁸
2811 532 3224 602 συνεκήδευσεν.

237 629 324 682 H'.
351 625 604 694 Σολομῶν
623 624 700 684 δὲ,
731 624 818 676 ὅτε
848 622 945 694 τὴν
973 621 1252 693 βασιλείαν
1284 622 1582 692 παρέλαὸε,
1605 620 1736 674 νεώ-

1911 625 2048 681 Vlll.
2070 625 2332 680 Salomon
2355 633 2614 693 suscepto
2643 637 2812 693 regno
2837 623 3132 677 admodum
3163 623 3268 678 fuit
3301 625 3438 680 ado-

180 737 316 782 τατος
340 715 430 790 ἦν,
457 718 770 770 δωδέκατον
815 716 935 780 ἐτος
978 715 1129 784 ἄγων
1155 718 1255 785 τῆς
1290 714 1506 784 ἡλικίας
1549 715 1744 770 αὑτοῦ.

190 815 238 866 '0
272 812 448 880 μέντοι
491 810 756 872 Ἀδωνίας
792 807 1080 880 πορευθεὶς
1126 808 1263 878 πρὸς
1300 807 1587 878 Βηρσαϐεὲ
1650 812 1750 878 τὴν

182 909 372 979 μητέρα
392 905 486 959 τοῦ
508 904 882 974 Σολομῶντος,
906 901 1104 970 Οἶδας,
1125 899 1268 969 εἷπε,
1285 903 1404 972 τὴν
1421 903 1752 968 ,βασιλείαν

181 998 296 1070 ἐμοὶ
326 997 688 1066 προσήκειν,
725 997 824 1049 καί
854 996 954 1049 διὰ
985 996 1486 1066 πρεσϐυγένειαν,
1523 994 1621 1048 καί
1653 995 1752 1048 διὰ

179 1092 278 1159 τὴν
296 1091 533 1158 αἵρεσιν
555 1088 664 1142 τοῦ
683 1089 861 1142 λαοῦ.
882 1088 1108 1158 Μετέὄη
1133 1089 1374 1156 δὲπρὸς
1394 1087 1753 1156 Σολομῶντα

180 1183 270 1236 τὸν
290 1181 568 1251 ἀδελφόν
585 1198 732 1250 μου,
769 1182 868 1234 καί
903 1199 1004 1250 μοι
1037 1181 1364 1249 στερκτέον
1391 1181 1458 1234 τὸ
1484 1180 1749 1251 γεγονὸς,

179 1275 246 1340 ὡς
274 1271 480 1343 γνώμῃ
519 1273 671 1327 Θεοῦ
706 1274 974 1343 γεγονός.
1004 1274 1165 1328 Μίαν
1191 1273 1242 1326 δ’
1278 1272 1422 1326 ain?)
1466 1273 1746 1342 αἴτησιν·

180 1367 410 1436 δοθῆναί
432 1385 537 1436 μοι
565 1368 717 1436 πρὸς
744 1366 936 1438 γάμον
957 1367 1072 1435 τὴν
1096 1367 1176 1434 τῷ
1203 1368 1380 1435 πατρί
1421 1382 1756 1438 (myxoth-

177 1459 350 1530 μένην
369 1460 565 1527 κόρην
595 1460 708 1526 τὴν
746 1461 1001 1522 Ἀϐισὰκ,
1025 1461 1154 1513 ἐπεὶ
1173 1459 1316 1529 μηδ⁶
1347 1461 1501 1528 ἔγνω
1522 1462 1752 1527 ταύτην

182 1557 207 1606 ό
229 1554 418 1621 πατὴρ
440 1552 540 1606 διὰ
575 1551 785 1622 γῆρας,
820 1553 958 1607 ἀλλ’
981 1552 1068 1606 ἐτι
1100 1553 1400 1620 παρθένος
1440 1553 1630 1606 ἐστίν.
1684 1553 1751 1606 'H

181 1645 226 1698 δὲ
271 1644 560 1715 Βηρσαΰεὲ
617 1646 868 1713 κομίσειν
915 1647 1039 1709 τοὺς
1103 1645 1298 1713 λόγους
1357 1645 1624 1716 ὑπέσχετο
1675 1644 1752 1716 τῷ

183 1736 287 1806 υἱῷ,
319 1739 418 1789 καὶ
459 1737 922 1808 καταπράξασθαι
951 1738 1041 1790 τὸν
1068 1737 1248 1808 γάμον
1273 1738 1423 1806 αὑτῷ
1463 1738 1754 1792 σπουδαιό-

183 1847 303 1882 τατα
333 1829 474 1898 (54).
506 1831 618 1884 Καὶ
646 1830 976 1900 πορευθεῖσα
1009 1831 1147 1902 πρὸς
1177 1830 1268 1884 τὸν
1300 1832 1436 1896 υἱὸν,
1471 1829 1655 1883 δοῦναι
1676 1831 1752 1901 τῷ

182 1921 380 1991 ἁδελφῷ
413 1921 649 1992 Ἀδωνίᾳ
683 1923 785 1992 τὴν
812 1921 1043 1975 Ἀδισὰκ
1081 1923 1406 1994 παρεκάλει.
1457 1922 1515 1977 '0
1554 1922 1610 1974 δὲ
1661 1922 1755 1993 ὀρ-

184 2013 376 2082 γιτθεὶς
405 2014 505 2066 ἐπὶ
534 2013 612 2084 τῷ
631 2013 1115 2083 ).όγῳ,θαυμάζειν
1144 2009 1298 2066 εἶπεν
1323 2013 1460 2084 (55),
1487 2015 1536 2068 εἰ
1569 2013 1644 2083 μὴ
1660 2014 1754 2066 καὶ

187 2107 269 2176 τῆς
295 2105 582 2177 βασιλείας
617 2107 1019 2178 παραχωρῆσαι
1049 2106 1280 2178 Ἀδωνίᾳ
1301 2108 1375 2169 ὡς
1400 2105 1755 2177 πρεσσυτέρῳ

185 2199 329 2254 αὑτὸν
381 2197 548 2264 ἀξιοῖ.
583 2200 693 2252 Καὶ
731 2199 931 2252 αὐτίκα
973 2199 1051 2270 τῷ
1091 2197 1185 2252 ἐπὶ
1218 2199 1329 2252 τῶν
1364 2199 1758 2268 σωματοφυλά-

186 2308 280 2344 κων
307 2289 526 2362 Βαναίᾳ
560 2292 771 2343 κτεῖναι
806 2291 895 2344 τὸν
926 2290 1190 2345 Ἀδωνίαν
1219 2290 1544 2362 προσέταξε.
1572 2290 1663 2361 Τῷ
1699 2290 1757 2342 δὲ

197 2382 448 2452 ’Δδιάθαρ
475 2386 560 2444 είς
584 2382 685 2454 τὴν
715 2385 1094 2455 ὲνεγκαμένην
1137 2384 1473 2455 πορευθῆναι
1505 2383 1753 2449 ἐπέταξε,

189 2477 268 2528 καὶ
311 2475 531 2543 διάγειν
575 2477 635 2528 ἐν
685 2478 801 2538 τοῖς
849 2477 1064 2546 ἀγροῖς.
1115 2475 1363 2530 Θανάτου
1422 2476 1555 2546 γὰρ,
1598 2478 1754 2547 φησὶ,

189 2567 356 2636 ῥύεταί
391 2585 476 2632 σε,
510 2568 683 2622 ὁπόσα
721 2585 824 2639 μου
863 2570 1176 2639 συνέκαμες
1219 2566 1298 2639 τῷ
1339 2568 1528 2639 πατρί.
1558 2568 1758 2632 Καθὼς

195 2656 275 2713 οὖν
317 2661 397 2732 τῷ
443 2661 602 2715 Ἠλεὶ
653 2661 985 2733 προείρηκεν
1029 2663 1058 2714 ὁ
1087 2661 1241 2727 Θεὸς,
1279 2660 1531 2733 ἀφῄρητο
1577 2661 1610 2731 ἠ
1658 2663 1758 2730 τῆς

192 2751 483 2822 ἱερωσύνης
515 2751 652 2824 τιμὴ
689 2753 748 2819 ἐξ
781 2753 931 2806 οἴκου
967 2751 1221 2822 Ἰθάμαρ,
1251 2751 1344 2806 καὶ
1386 2753 1524 2823 πρὸς
1568 2751 1758 2806 Σαδὼκ

194 2844 649 2912 μεταπέπτωκεν,
685 2847 749 2898 ἐκ
800 2844 896 2897 τοῦ
927 2845 1122 2913 γένους
1145 2844 1274 2897 ὄντα
1304 2843 1399 2898 τοῦ
1445 2845 1656 2908 Φινεές.
1700 2846 1764 2899 '0'

189 2936 235 2989 α
257 2937 568 3006 στρατηγὸς
599 2936 782 3002 ’1ωὰ6,
805 2937 979 2991 ταῦτα
1012 2936 1222 3006 μαθὼν,
1254 2937 1348 2991 καὶ
1371 2937 1630 3009 περιδεὴς
1661 2954 1759 3006 γε-

189 3026 370 3096 γονὼς,
394 3029 475 3097 τῷ
509 3027 885 3099 θυσιαστηρίῳ
908 3028 1323 3099 προσπεφευγε·
1352 3029 1446 3082 καὶ
1479 3029 1758 3101 καλούμε-

190 3135 303 3183 νος,
333 3121 437 3172 οὐκ
483 3119 554 3173 ἄν
598 3137 730 3173 ποτε
781 3119 1022 3187 ἐξελθεῖν
1061 3115 1219 3174 εἶπεν
1242 3161 1257 3185 ,
1295 3121 1410 3175 ἀλλ’
1447 3122 1614 3175 αὑτοῦ
1664 3139 1758 3176 τε-

192 3210 491 3282 θνήξεσθαι,
524 3212 621 3266 καὶ
641 3213 742 3265 οὐκ
759 3212 1004 3268 ἄλλοθεν.
1025 3213 1198 3268 Τοῦτο
1221 3213 1299 3284 τῷ
1327 3212 1540 3283 βασιλεί
1555 3215 1762 3284 ἀγγελ-Δ

1852 718 2087 784 lescens,
2125 734 2299 772 annos
2329 716 2629 771 duodecim
2657 726 2842 781 natus,
2878 715 3034 786 eujus
3060 724 3294 770 matrem
3330 719 3440 789 82

1852 811 2131 866 Bersaben
2161 810 2401 866 Adonias
2431 811 2513 864 sic
2537 810 2841 880 alloquitur
2881 825 2895 864 :
2934 809 3092 863 Nosti
3128 827 3348 880 regnum
3372 813 3442 865 ad

1853 921 1937 958 me
1963 905 2262 972 pertinere,
2302 912 2409 954 tum
2448 904 2506 956 ob
2533 904 2705 956 wtatis
2743 903 3174 972 pra'rogativam,
3223 913 3336 957 tum
3379 920 3444 957 ea:

1854 1012 2107 1049 consensu
2135 995 2338 1066 pepuli.
2359 993 2463 1049 Sed
2483 997 2538 1050 id
2559 996 2628 1048 ad
2652 993 2991 1049 Salomonem
3019 997 3240 1065 fratrem
3266 1015 3440 1050 meum

1855 1089 2070 1143 transiit
2100 1105 2118 1142 :
2145 1090 2284 1160 quod
2315 1105 2461 1153 wquo
2494 1091 2620 1142 mihi
2650 1089 2922 1160 ferendum
2960 1099 3035 1143 est
3066 1091 3264 1154 animo,
3311 1107 3443 1160 quo-

1859 1181 2004 1234 niam
2031 1179 2136 1234 Deo
2160 1182 2236 1234 ita
2263 1183 2430 1235 visum
2462 1192 2558 1236 est.
2595 1182 2768 1237 Unum
2798 1191 2976 1236 tamen
3008 1191 3147 1253 peto,
3173 1193 3228 1236 ut
3252 1183 3443 1254 Abisag

1854 1277 2026 1341 patris
2049 1275 2148 1326 mei
2169 1275 2479 1337 concubina,
2509 1277 2757 1338 quoniam
2787 1291 2898 1345 pra!
2936 1276 3084 1328 senio
3131 1275 3285 1328 illam
3338 1291 3444 1327 non

1855 1367 2049 1435 attigit,
2092 1384 2154 1420 ac
2180 1367 2438 1437 virginem
2467 1365 2705 1438 reliquit,
2770 1368 2826 1419 in
2876 1368 3274 1420 matrimonium
3317 1369 3444 1420 mihi

1854 1456 2027 1510 detur.
2060 1457 2318 1522 Bersabe,
2351 1458 2439 1514 illa
2473 1469 2531 1511 se
2563 1457 2857 1510 relaturam
2889 1457 2955 1510 ad
2986 1457 3181 1522 filium,
3210 1466 3264 1512 et
3292 1475 3445 1511 sum-

1855 1563 1945 1602 mo
1976 1549 2162 1603 studio
2190 1564 2415 1618 operam
2461 1549 2715 1604 daturam
2761 1549 3080 1619 pollicetur,
3117 1556 3175 1604 ut
3221 1551 3443 1621 nuptias

1856 1641 1934 1694 illi
1972 1643 2249 1697 conficiat.
2283 1643 2389 1698 Sed
2423 1657 2482 1697 re
2509 1643 2718 1708 audita,
2753 1659 2846 1696 rex
2894 1644 3087 1708 iratus,
3145 1644 3332 1698 mirari
3383 1661 3442 1699 se

1854 1732 1952 1799 ait,
1978 1734 2126 1804 quod
2161 1743 2219 1788 ut
2261 1735 2487 1788 Adonim
2517 1745 2781 1804 tanquam
2838 1747 2968 1788 natu
3029 1739 3220 1807 majori
3275 1752 3442 1806 regno

1856 1826 2098 1889 cederet,
2138 1843 2246 1881 non
2295 1827 2623 1897 postularet.
2675 1827 2752 1882 Ac
2809 1831 2991 1882 statim
3044 1845 3142 1897 per
3189 1828 3440 1881 Banaram

1857 1916 2155 1971 satellitum
2188 1919 2505 1986 pra-fectum
2535 1935 2661 1974 eum
2705 1919 2881 1974 occidi
2917 1919 3098 1989 jubet.
3174 1918 3443 1973 Abi-stlta-

1859 2023 1973 2060 rem
2001 2022 2220 2077 quoque
2253 2008 2304 2062 in
2333 2010 2565 2077 patriam
2607 2009 2836 2078 relegat,
2874 2007 2940 2062 ut
2983 2010 3056 2063 ibi
3089 2012 3202 2063 ruri
3240 2011 3396 2081 degat
3425 2027 3440 2063 :

1859 2113 1983 2152 nam
2007 2099 2058 2152 ei
2090 2099 2259 2153 vitam
2285 2115 2344 2154 se
2374 2103 2712 2166 condonare,
2745 2101 2816 2155 ob
2859 2103 3164 2158 exantlatos
3199 2119 3322 2158 cum
3353 2119 3444 2173 pa-

1858 2199 1939 2246 tre
1969 2207 2073 2247 suo
2098 2193 2338 2248 labores.
2370 2194 2446 2248 ita
2480 2194 2774 2249 sacerdotii
2832 2195 3029 2258 honos,
3082 2196 3442 2265 quemadmo-

1858 2283 1989 2339 dum
2045 2284 2201 2340 Helio
2264 2287 2594 2357 praedixerat
2637 2289 2802 2362 Deus,
2863 2288 3174 2344 Ithamariaa
3214 2290 3442 2345 familia:

1857 2388 2100 2448 ereptus,
2149 2379 2214 2434 ad
2255 2379 2528 2434 Sadocum
2572 2381 2816 2444 transiit,
2875 2397 2906 2436 e
2963 2397 3166 2453 genere
3215 2383 3442 2440 Phineis

1858 2470 2178 2527 oriundum.
2223 2469 2320 2525 His
2350 2471 2608 2542 cognitis,
2640 2472 2845 2528 Joabus
2877 2474 3178 2543 imperator
3227 2486 3444 2546 perter-

1858 2563 2029 2630 ritus,
2057 2564 2125 2618 ad
2157 2579 2309 2618 aram
2333 2565 2598 2635 confugit.
2632 2565 2790 2622 Unde
2815 2581 2937 2620 cum
2970 2575 3321 2631 avocaretur,
3347 2583 3444 2623 ne-

1859 2657 2005 2726 gavit
2033 2672 2092 2712 se
2135 2657 2535 2724 discessurum,
2571 2659 2668 2714 sed
2695 2659 2794 2726 ibi,
2817 2669 3001 2714 etnon
3029 2660 3162 2715 alibi
3209 2661 3445 2716 moritu-

1859 2764 2009 2807 rum.
2039 2748 2160 2816 Quo
2219 2765 2316 2804 rex
2367 2750 2645 2818 nuntiato,
2702 2751 2780 2804 ibi
2819 2766 2944 2805 cum
2987 2751 3224 2806 interfici
3260 2752 3441 2821 jubet.

1861 2839 1999 2896 Tum
2029 2840 2253 2896 Banaeas
2271 2843 2438 2896 totius
2466 2843 2746 2898 exercitus
2771 2843 3070 2913 imperator
3097 2843 3440 2914 designatur,

1857 2941 1916 2987 et
1974 2931 2222 2989 Sadocus
2264 2933 2616 3004 pontiﬁcatus
2664 2934 2988 3005 dignitatem
3052 2937 3438 3006 consequitur.

1859 3023 2099 3080 Scmeim
2126 3041 2260 3081 vero
2288 3043 2380 3080 rex
2413 3027 2812 3100 Hierosolymis
2840 3028 2993 3083 exire
3034 3030 3234 3096 vetuit,
3288 3045 3439 3084 mor-

1861 3126 1970 3174 tem
2007 3120 2394 3185 comminatus,
2414 3120 2460 3174 si
2485 3135 2644 3175 secus
2669 3121 2886 3175 fecisset
2908 3139 2922 3176 :
2941 3137 3178 3192 eumque
3200 3122 3440 3178 triennio

1859 3221 1985 3284 post
2015 3214 2083 3268 ad
2115 3213 2378 3284 fugitivos
2411 3221 2601 3268 servos
2633 3214 2994 3282 inquirendos
3023 3216 3214 3270 urbem
3249 3230 3439 3286 egres-

193 3306 294 3369 θεν,
340 3306 579 3360 πέπεικε
640 3305 868 3371 στεῖλαι,
921 3306 1084 3359 κάκεῖ
1153 3307 1248 3360 τὸν
1306 3305 1466 3360 Ἰωάϐ
1520 3308 1753 3363 ἀνελεῖν.

1860 3321 2005 3372 sum,
2030 3306 2269 3362 interfici
2313 3308 2486 3378 jubet.
2523 3308 2758 3363 Uxorem
2784 3308 2942 3362 duxit
2991 3308 3251 3364 Salomon
3296 3309 3444 3364 Pha—

195 3397 460 3451 Ἐντεῦθεν
495 3398 733 3460 Βαναίας
767 3399 866 3468 μὲν
902 3398 1084 3468 πάσης
1115 3397 1214 3468 τῆς
1235 3397 1519 3468 δυνάμεως
1555 3415 1758 3469 προκε-

197 3490 423 3560 χειριστο
469 3490 776 3560 στρατηγὸς
792 3529 811 3556 τ,
862 3488 1053 3544 Σαδὼκ
1097 3489 1156 3542 δὲ
1198 3490 1302 3560 τῆς
1345 3492 1760 3564 ἀρχιερωσύνης

197 3582 398 3652 ἠξίωτο.
425 3584 532 3636 Τὸν
564 3583 622 3636 δέ
659 3600 723 3652 γε
749 3583 947 3653 Σεμεεὶ
969 3583 997 3635 ὁ
1019 3582 1274 3653 βασιλεὺς
1302 3585 1361 3637 ἐν
1404 3583 1760 3655 Ἰερουσαλὴμ

202 3676 537 3746 περιώρισεν,
570 3676 712 3730 ὥστε
735 3675 938 3746 ταύτης
976 3677 1052 3748 μὴ
1074 3676 1300 3742 ἔξιιναιο
1324 3677 1374 3730 εἰ
1398 3675 1443 3729 δ’
1475 3675 1561 3742 οὒ,
1597 3676 1762 3732 θάνα-

202 3785 280 3821 τον
308 3770 448 3840 αὖτῷ
483 3770 546 3822 τὸ
587 3769 862 3839 ἐπιτίμιον
894 3768 1104 3834 ἔταξεν.
1142 3767 1201 3822 '0
1217 3769 1294 3834 δὲ,
1333 3779 1472 3840 μετα
1507 3769 1601 3840 ἐτη
1633 3769 1761 3840 τρία.

203 3860 385 3913 δούλων
425 3860 594 3914 αὑτοῦ
626 3860 933 3930 φυγόντων,
963 3860 1060 3914 ἐπὶ
1099 3859 1328 3932 ζήτησιν
1358 3861 1541 3914 αὐτῶν
1567 3862 1760 3932 ἐξελή-

206 3949 332 4002 λυθε.
373 3951 484 4005 Καὶ
517 3951 680 4006 τοῦτο
726 3953 886 4020 γνοὺς
935 3951 1217 4022 Σολομῶν,
1268 3952 1623 4026 ἀναιρεθῆναι
1667 3954 1764 4006 τὸν

206 4041 356 4111 ἄνδρα
393 4043 700 4098 ἐκέλευσεν.
737 4045 968 4112 Ἀγεται
1011 4043 1066 4096 δὲ
1097 4042 1356 4116 Σολομῶν
1403 4046 1484 4109 είς
1525 4050 1763 4114 γυναῖκα

205 4135 462 4204 θυγατέρα
505 4135 726 4206 Φαραὼ,
759 4137 853 4188 καὶ
897 4137 966 4190 τὰ
1008 4135 1164 4207 τείχη
1205 4137 1316 4191 τῶν
1371 4138 1762 4209 Ἰεροσολύμων

207 4227 290 4278 ἐπὶ
326 4228 507 4297 μεῖζον
539 4222 669 4296 ἦρε,
700 4226 794 4279 καὶ
820 4226 1138 4296 ὀχυρώτερα
1178 4227 1574 4282 κατεσκεύασε.
1623 4230 1762 4284 Καθ’

205 4319 388 4384 ianos;
433 4323 494 4376 δὲ
546 4321 894 4392 χρηματίσας
939 4322 1090 4393 αὑτῷ
1132 4324 1162 4376 ὁ
1206 4323 1358 4388 Θεὸς,
1405 4321 1562 4378 εἶπεν
1609 4323 1764 4396 αὐτῷ

204 4415 404 4484 αίτῆσαι
445 4414 475 4466 ὃ
516 4413 783 4484 βούλοιτο.
841 4413 900 4467 '0
931 4414 1015 4481 ,δὲ
1072 4415 1440 4484 σύνεσινκκαὶ
1499 4418 1764 4487 φρόνησιν

203 4505 355 4574 ᾔτησε
384 4506 605 4577 δοθῆναι
636 4505 808 4576 αὐτῷ.
845 4507 957 4560 Καὶ
985 4507 1016 4560 ὁ
1055 4507 1186 4572 Θεὸς
1221 4509 1627 4580 ἀποδεξάμενος
1663 4513 1764 4564 αὑ-

202 4599 286 4651 τὸν
300 4600 394 4668 τῆς
421 4601 715 4670 αἰτήσεως,
738 4601 835 4653 καὶ
855 4601 1044 4671 σοφίαν
1067 4599 1261 4654 δώσειν
1287 4601 1438 4672 αὐτῷ
1463 4605 1555 4656 καὶ
1588 4605 1764 4673 μέγαν

203 4691 317 4745 νοῦν
345 4693 728 4760 ἐπηγγείλατο,
762 4692 838 4756 ὡς
870 4693 969 4763 οὐχ
1006 4692 1180 4762 ἑτέρῳ
1221 4692 1327 4763 πρὸ
1355 4693 1546 4759 αὑτοῦ,
1577 4695 1612 4766 ἦ
1653 4711 1760 4749 τινι

207 4784 314 4851 μετ’
360 4785 546 4838 αὐτόν.
608 4783 938 4854 Προσθείναι
987 4783 1045 4836 δὲ
1094 4784 1190 4836 καὶ
1249 4783 1395 4854 ἅπερ
1435 4784 1537 4837 οὐκ
1565 4784 1760 4856 ᾔτησε,

205 4876 414 4931 πλοῦτον
457 4878 554 4931 καὶ
600 4877 757 4946 νίκην
803 4877 898 4930 καὶ
945 4874 1217 4944 εὔκλειαν,
1263 4877 1313 4929 εί
1355 4875 1615 4946 φυλάξειε
1659 4879 1762 4941 τὰς

205 4970 354 5026 αὑτοῦ
393 4972 619 5034 ἐντολὰς
669 4971 762 5025 καὶ
805 4971 1174 5041 δικαιώματα.
1227 4971 1386 5025 Μετὰ
1439 4969 1612 5023 ταῦτα
1664 4969 1760 5024 δύο

207 5061 490 5130 προσῆλθον
513 5059 665 5129 αὑτῷ
692 5062 966 5130 γυναῖκες·
998 5055 1072 5114 ὧν
1094 5063 1128 5131 ἡ
1160 5061 1282 5131 μία,
1306 5060 1763 5132 Βασαεῦ,,ἔφη,

206 5149 489 5219 ἀλλήλαις
541 5150 716 5220 ἡμεῖς
763 5151 1158 5220 συνφκοῦμεν
1175 5191 1193 5220 ,
1240 5152 1342 5205 καί
1383 5153 1586 5217 οὐδεὶς
1626 5151 1759 5221 μεθ’

205 5243 377 5312 ήμῶν.
418 5248 732 5313 Ὲτέκομεν
751 5247 821 5300 δὲ
841 5246 1013 5317 ἄμφω
1033 5245 1185 5300 κατὰ
1215 5245 1322 5299 τὸν
1342 5244 1530 5299 αὐτὸν
1551 5243 1761 5312 καιρὸν

205 5336 424 5404 ἇρῤενα.
458 5341 565 5394 Καὶ
603 5339 754 5408 μετὰ
768 5338 990 5407 μικρὸν
1015 5338 1192 5405 αὕτη,
1223 5335 1304 5402 τῷ
1331 5335 1523 5402 αὐτῆς
1550 5335 1762 5390 ἐπιπε-

209 5431 390 5486 σοῦσα
431 5433 558 5499 υιῷ,
600 5433 821 5500 νεκρὸν
865 5429 1286 5486 διῦπνισθεῖσα
1325 5427 1508 5498 εὗρεν
1552 5429 1760 5485 αὐτόν.

214 5525 305 5577 Καὶ
332 5527 526 5595 τὸμὲν
564 5525 873 5593 τεθνηκὸς,
902 5524 1220 5592 ὑπνούσης
1236 5522 1404 5590 ἐμοῦ,
1434 5523 1756 5591 ὑποτίθησι

1862 3399 2044 3454 raonis
2081 3398 2271 3463 filiam,
2301 3409 2358 3454 et
2380 3400 2584 3455 muenia
2616 3399 3125 3472 Hierosolymorum
3155 3401 3352 3456 altiora
3385 3410 3443 3456 et

1863 3485 2162 3540 munitiora
2193 3486 2345 3540 fecit.
2377 3487 2526 3541 Acin
2555 3490 2765 3543 somnis
2795 3505 2825 3542 a
2866 3490 2976 3543 Deo
3000 3491 3190 3560 jussus
3245 3498 3442 3560 optare

1861 3575 2134 3646 quidquid
2166 3578 2352 3643 vellet,
2386 3578 2807 3650 intelligentiam
2831 3591 2886 3635 et
2918 3583 3242 3652 sapientiam
3279 3584 3440 3652 petit:

1861 3685 1968 3740 qua
1996 3670 2264 3740 petitione
2291 3673 2437 3728 Deus
2451 3673 2827 3741 comprobata,
2861 3674 2913 3728 ei
2940 3691 2998 3730 se
3018 3682 3076 3730 et
3117 3675 3445 3746 sapientiam

1862 3774 1921 3820 et
1949 3775 2192 3820 mentem
2225 3773 2583 3835 praestantem
2619 3765 2879 3822 daturum
2927 3767 3242 3837 pollicetur,
3305 3783 3446 3838 qua-

1861 3858 1970 3912 lem
1996 3873 2101 3914 nec
2124 3869 2256 3914 ante
2286 3873 2414 3914 eum
2440 3859 2729 3916 habuisset
2759 3862 3049 3932 quisquam
3073 3877 3174 3918 nec
3193 3873 3318 3932 post
3343 3864 3445 3919 lia-

1863 3952 2083 4007 biturus
2110 3963 2258 4008 esset
2282 3970 2297 4006 :
2327 3953 2674 4022 adjecturum
2707 3971 2873 4025 porro
2894 3972 2957 4010 ea
2993 3957 3158 4011 etiam
3183 3971 3304 4028 qua:
3331 3973 3444 4014 non

1864 4047 2136 4116 petiissct,
2169 4063 2324 4116 opes,
2350 4049 2664 4112 victoriam,
2699 4048 2948 4118 gloriam,
2981 4050 3027 4103 si
3056 4051 3314 4104 mandata
3344 4065 3444 4106 sua

1862 4147 1919 4194 et
1943 4141 2068 4210 jura
2093 4149 2470 4198 conservaret.
2512 4141 2644 4196 Post
2674 4143 2810 4206 haee,
2845 4141 2968 4198 dua:
2997 4142 3260 4197 mulieres
3315 4159 3442 4198 eum

1863 4249 2194 4298 convenere,
2226 4249 2464 4304 quarum
2495 4251 2598 4290 una
2637 4252 2652 4289 :
2683 4235 2811 4302 Rere,
2841 4236 3041 4306 inquit,
3069 4253 3164 4291 nos
3184 4238 3238 4291 in
3259 4238 3444 4292 iisdem

1864 4326 2057 4380 a'dibus
2080 4327 2449 4393 habitavimus,
2473 4344 2638 4398 neque
2664 4330 2941 4398 quisquam
2979 4339 3235 4401 prwterea
3267 4332 3446 4384 nobis-

1863 4436 2002 4474 cum.
2043 4419 2244 4476 Accidit
2279 4431 2478 4486 autem,
2537 4431 2594 4474 ut
2653 4431 2876 4492 utraque
2927 4424 3223 4478 masculum
3264 4425 3446 4480 eodem

1865 4521 2342 4584 temporepareret.
2369 4513 2542 4567 Paulo
2561 4523 2697 4584 post,
2744 4516 2847 4570 ista
2889 4514 3063 4583 ﬁlium
3112 4533 3268 4569 suum
3315 4517 3444 4569 dor-

1867 4608 2032 4660 miens
2054 4608 2312 4677 Oppressit
2352 4620 2372 4660 :
2411 4613 2461 4658 et
2500 4615 2828 4676 experrecta,
2870 4607 3132 4675 infantem
3177 4617 3444 4661 mortuum

1867 4700 2006 4752 ulnis
2029 4700 2154 4752 meis
2166 4699 2478 4752 dormientis
2493 4700 2762 4768 supponit,
2794 4699 3054 4752 uiuentem
3087 4697 3326 4752 ablatum
3346 4699 3448 4753 siti

1868 4791 2118 4845 vindicat.
2155 4789 2272 4855 Quo
2323 4799 2615 4844 commento
2655 4790 3042 4851 animadverso,
3073 4789 3182 4859 83
3221 4806 3445 4860 puerum

1866 4890 2043 4951 repeto
2073 4896 2092 4936 :
2125 4880 2234 4935 illa
2258 4890 2434 4951 negat.
2475 4880 2681 4945 Altera,
2704 4897 2856 4933 suum
2875 4895 2984 4934 esse
3017 4883 3272 4934 viventem
3318 4897 3451 4947 pue-

1865 4991 1984 5027 rum
2018 4975 2268 5044 aﬁirmat,
2301 4973 2622 5027 adversaria:
2663 4981 2950 5037 mortuum,
2993 4987 3157 5042 neque
3184 4987 3244 5024 eo
3265 4987 3320 5026 se
3351 4973 3450 5026 imo

1867 5065 2144 5135 probitatis
2171 5079 2510 5134 progressam
2566 5078 2675 5116 esse
2710 5063 2885 5132 jurat.
2937 5061 3152 5117 Corona
3207 5063 3450 5116 circum-

1867 5153 2138 5208 stantium
2179 5153 2492 5217 dubitante,
2549 5168 2659 5222 quo
2703 5161 2862 5222 pacto
2912 5167 3106 5206 verum
3149 5148 3444 5222 dijudicari

1866 5253 2074 5315 posset,
2101 5261 2199 5299 rex
2233 5260 2462 5314 puerum
2489 5245 2670 5317 gladio
2704 5245 2759 5299 in
2791 5244 2928 5300 duas
2954 5245 3124 5299 secari
3157 5252 3342 5312 partes
3354 5240 3448 5309 juc

1871 5337 1986 5400 bet,
2017 5345 2076 5393 et
2103 5337 2326 5407 utrique
2355 5337 2571 5392 mulieri
2608 5339 2893 5392 semissem
2928 5335 3068 5390 dari.
3118 5335 3251 5388 Eam
3310 5344 3442 5384 sen-

1871 5429 2099 5485 tentiam
2126 5445 2257 5485 vera
2285 5429 2509 5487 infantis
2545 5441 2720 5485 mater
2746 5432 2989 5501 graviter
3033 5427 3219 5482 ferens
3273 5431 3444 5493 atque

1869 5521 2191 5592 repudians,
2243 5523 2572 5579 adversariae
2653 5536 2889 5595 puerum
2966 5520 3239 5574 viventem
3297 5515 3442 5570 tra.ii

1374 5639 1574 5700 Varia:
1596 5634 1906 5698 lectiones
1951 5645 2008 5697 et
2047 5644 2237 5700 notae.

276 5749 376 5817 (Si)
406 5748 874 5817 Σπουδαιότατα.
907 5746 1014 5802 Alii
1044 5745 1205 5801 codd.
1236 5746 1679 5801 σπουδαιότατον.

279 5808 378 5884 {55)
406 5819 731 5888 θαυμάζειν
753 5815 940 5874 εἶπεν.
977 5818 1299 5873 Versionem
1330 5817 1419 5873 hic
1448 5813 1757 5873 itumutavit

1881 5816 2036 5887 juxta
2066 5815 2363 5871 verborum
2396 5827 2640 5876 sensum,
2670 5821 2725 5868 et
2752 5808 3072 5879 Josephum.
