3878 6570
445 265 542 328 lli?

1741 269 2068 333 JOANNIS
2107 269 2430 332 ΖΟΝΑΒιΕ

3591 267 3696 331 168

432 394 575 440 orat.
607 383 740 450 Quae
765 397 900 440 vero
925 397 984 439 se
1015 391 1248 440 matrem
1282 385 1404 458 ejus
1452 384 1592 441 falso
1621 385 2005 456 proﬁtebatur,

2114 387 2244 454 ταῖς
2265 385 2560 456 ἀγκάλαις
2578 403 2718 456 μου.
2755 386 2823 440 Τὸ
2854 385 2920 440 δὲ
2956 385 3066 448 ζῶν
3093 385 3163 453 ἐξ
3180 385 3328 456 ἐμοῦ
3356 387 3700 457 ἀφελοῦσα,

431 476 746 532 collaudato
783 476 1014 548 judicio,
1044 477 1434 534 dissectionem
1479 478 1743 533 maturari
1778 478 2004 549 ﬂagitat.

431 568 515 624 lbi
539 586 631 623 rex
664 585 898 638 puerum
935 570 1211 626 viventem
1243 571 1293 626 ei
1337 571 1476 626 tradi
1511 573 1687 641 jubet,
1717 586 1838 642 qua:
1891 570 2013 626 dis--

432 661 736 716 sectionem
769 661 1173 732 deprecabatur
1208 679 1222 716 :
1255 679 1375 718 eam
1409 664 1556 718 enim
1601 678 1722 718 esse
1755 672 2008 728 matrem,

432 767 554 822 qua:
583 753 739 822 pueri
769 753 972 808 caedem
1002 763 1286 824 tantopere
1338 753 1740 810 reformidaret.
1800 755 1857 809 Id
1911 770 2015 824 po-

432 845 562 913 pulo
582 845 810 900 evidens
837 857 1222 916 argumentum
1254 846 1358 900 fuit
1386 847 1673 916 sapientiae
1717 848 1880 919 regis,
1915 849 2011 918 qui

431 935 654 1005 quidem
685 951 876 990 omnes
913 947 1128 991 veteres
1180 937 1402 1006 ingenio
1461 937 1866 1008 prudentiaque
1915 954 2013 993 su-

431 1029 680 1098 perabat.
719 1028 1126 1082 Similitudines
1153 1038 1237 1082 ter
1269 1029 1416 1083 mille
1441 1031 1776 1100 composuit,
1830 1032 2011 1086 canti-

430 1120 585 1175 lenas
610 1119 906 1189 quinquies
938 1118 1088 1172 mille
1126 1135 1138 1171 :
1177 1127 1232 1173 et
1273 1133 1304 1173 a
1336 1119 1503 1174 cedro
1536 1119 1858 1190 auspicatus
1916 1135 2012 1175 us—

431 1226 537 1280 que
566 1211 633 1266 ad
668 1211 989 1281 hyssopum,
1026 1208 1412 1266 describendis
1451 1213 1724 1282 stirpibus
1756 1193 2011 1283 progres;

431 1317 525 1354 sus
545 1311 648 1366 est,
681 1308 1016 1374 naturasque
1046 1300 1366 1357 animalium
1431 1303 1800 1370 terrestrium,
1832 1303 2013 1358 aerio-

431 1411 576 1459 rum,
599 1395 947 1464 aquatilium,
976 1413 1038 1452 ac
1065 1400 1432 1468 pr0prietates
1459 1399 1789 1470 perquisivit
1837 1410 1895 1456 et
1928 1399 2013 1455 in-

428 1489 667 1558 dagavit.
698 1489 912 1546 Invenit
944 1492 1109 1546 etiam
1147 1493 1213 1547 ad
1250 1494 1544 1548 utilitatem
1567 1493 1878 1559 hominum,
1915 1507 2009 1550 ex-

427 1581 774 1650 cantatiOJies
799 1583 1132 1647 daemonum,
1192 1596 1249 1640 et
1309 1587 1718 1657 adjnrationum
1766 1589 2010 1644 rationes

429 1672 675 1740 reliquit,
729 1675 932 1742 quibus
990 1676 1258 1732 daemonia
1319 1677 1600 1748 fugentur.
1638 1679 1812 1746 Quam
1849 1694 2011 1734 cura-

429 1764 633 1818 tionem
664 1765 730 1820 ad
792 1783 946 1822 suam
982 1785 1153 1838 usque
1203 1779 1419 1824 aetatem
1463 1771 1690 1827 durasse
1735 1771 2008 1840 Jasephus
2041 1758 2080 1812 Β

429 1857 649 1920 asserit,
679 1866 733 1912 ct
762 1858 815 1913 in
843 1859 961 1929 ejus
985 1861 1063 1914 rei
1103 1861 1260 1917 Iidem
1297 1864 1611 1934 hujusmodi
1654 1864 2006 1935 experimen-

430 1957 545 2003 tum
627 1961 813 2006 narrat
869 1969 882 2005 :
945 1954 1262 2009 Eleazarum
1322 1956 1616 2026 quemdam
1678 1959 2004 2029 popularem

429 2057 587 2096 suum
617 2043 871 2100 habuisse
907 2046 1196 2111 annulum,
1229 2048 1332 2104 sub
1365 2049 1525 2120 cujus
1553 2051 1674 2121 pala
1725 2051 1877 2106 radix
1917 2067 2006 2108 es-

427 2144 532 2198 set,
573 2137 730 2190 exiis
758 2153 894 2208 quas
918 2139 1256 2195 indicaverat
1300 2139 1584 2210 Salomon,
1643 2145 1738 2214 qui
1777 2145 1822 2199 si
1868 2159 2004 2202 naso

425 2225 752 2281 daemoniaci
787 2229 1196 2298 admoveretur,
1261 2234 1379 2287 solo
1433 2232 1635 2289 olfactu
1689 2251 1789 2306 per
1842 2229 2003 2293 nar-es

425 2315 742 2370 extraheret
801 2313 1154 2376 daemonium.
1241 2323 1451 2378 Deinde
1510 2324 1820 2382 Salomonis
1859 2327 2002 2384 iacta

425 2408 730 2473 mentione,
759 2410 1023 2465 recitasse
1066 2413 1216 2468 illius
1247 2418 1683 2482 excantationes,
1731 2425 1788 2472 ct
1847 2417 2004 2488 adju-

425 2541 580 2580 rasse
611 2525 966 2594 daemonium,
986 2544 1054 2583 ne
1077 2528 1133 2584 in
1157 2529 1437 2586 hominem
1460 2540 1860 2588 reverteretur.
1887 2533 2002 2590 lloc

426 2619 482 2674 in
513 2619 834 2690 Vespasiani
875 2629 930 2676 et
969 2621 1209 2676 ﬁliorum
1271 2624 1392 2694 ejus
1446 2635 1746 2696 conspectu
1802 2627 2000 2683 fecisse

426 2711 793 2767 Eleazarum:
830 2721 888 2768 et
931 2723 992 2769 ut
1039 2715 1150 2768 vim
1202 2725 1395 2770 contra
1453 2715 1731 2773 daemones
1778 2719 1999 2774 insitam

424 2804 708 2872 probaret,
738 2807 988 2874 posuisse
1033 2808 1294 2876 poculum
1340 2825 1482 2879 aqua
1521 2810 1764 2879 plenum,
1802 2821 1858 2866 et
1885 2813 2003 2884 jus-

424 2897 563 2953 sisse
597 2898 890 2964 daemonio,
934 2908 996 2954 ut
1027 2916 1307 2968 egressum
1341 2917 1412 2957 ex
1447 2903 1672 2959 homine
1701 2905 1757 2960 id
1787 2914 2003 2960 everte-

425 3000 512 3044 ret
542 3006 558 3041 :
592 2989 777 3060 itaque
805 2991 1013 3047 factum
1059 3007 1205 3060 esse,
1258 2994 1482 3050 nemine
1545 3004 1804 3052 cernente
1829 3012 1858 3052 a
1889 3010 2000 3068 quo

423 3090 788 3138 everteretur.

2111 481 2191 546 ὡς
2222 480 2445 549 ἑαυτῆς
2469 481 2516 548 ᾠ
2537 480 2845 534 κειώσατυ.
2876 480 2983 535 Kal
3013 479 3240 549 γνοῦσα
3277 479 3343 534 τὸ
3361 479 3574 550 δρᾶμα,
3602 479 3698 549 (n-

2111 573 2190 626 τῶ
2219 575 2325 627 τὸν
2360 573 2564 627 παῖδα.
2611 573 2677 628 Ἠ
2697 571 2762 625 δέ
2791 591 2894 643 μοι
2932 575 3002 628 οὐ
3035 573 3302 626 δίδωσιν.
3349 575 3414 628 Ἡ
3440 572 3491 625 δ’
3523 572 3698 641 ἑτέρα

2110 665 2177 717 τὸ
2206 664 2316 726 ζῶν
2332 662 2485 719 εἶναι
2507 664 2570 719 τὸ
2598 663 2820 734 ἑαυτῆς
2847 663 3090 718 παιδίον
3109 664 3550 734 ἀπισχυρίζετο,
3584 664 3698 732 τῆς

2111 757 2165 811 δ’
2194 757 2502 812 ἀντιδίκου
2531 758 2598 811 τὸ
2635 759 2938 828 τεθνηκός.
2965 758 3074 813 Καὶ
3109 759 3205 812 ἐπὶ
3236 758 3531 812 τοσοῦτον
3551 773 3699 812 κακ-

2112 849 2351 917 ουργίας
2401 847 2488 917 μὴ
2537 847 3171 918 προϐῆναιὸιὼμνυτο.
3227 849 3603 920 Ἀπορούντων
3634 849 3696 904 δὲ

2110 941 2218 994 τῶν
2255 941 2716 1013 περιεστηκότων,
2748 941 2866 1006 πῶς
2911 943 2977 997 ἀν
3021 943 3330 1014 διακριθείη
3374 943 3436 996 τὸ
3466 944 3692 1015 ἀληθὲς.

2110 1032 2139 1086 ὁ
2173 1033 2432 1103 βασιλεὺς
2460 1034 2582 1106 διχῆ
2622 1035 2898 1108 τμηθῆναι
2953 1035 3014 1090 τὸ
3057 1036 3168 1102 ζῶν
3197 1036 3407 1091 παιδίον
3441 1038 3696 1110 μαχαίρᾳ

2111 1130 2388 1196 ἐκέλευσε,
2414 1130 2507 1182 καὶ
2531 1131 2634 1185 ἀνὰ
2659 1131 2726 1202 μέ
2737 1148 2824 1202 ρος
2849 1130 3067 1201 δοθῆναι
3099 1131 3339 1204 ἑκατέρᾳ
3369 1131 3478 1184 τῶν
3502 1148 3697 1200 γυναι.

2111 1221 2248 1276 κῶν.
2280 1222 2448 1276 Τοῦτο
2485 1225 2519 1294 ή
2552 1224 2652 1295 μὲν
2701 1225 2908 1296 ἀληθής
2951 1220 3049 1278 τού
3081 1225 3322 1296 βρέφους
3371 1228 3556 1297 μήτηρ
3591 1226 3694 1296 βα·-

2113 1314 2252 1384 ρέως
2283 1315 2505 1386 ήνεγκε,
2533 1317 2629 1368 καὶ
2663 1319 2962 1388 παρῃτεῖτο
2988 1316 3088 1388 τὴν
3114 1317 3317 1388 ψῆφον,
3346 1319 3442 1372 καὶ
3467 1318 3695 1388 δοθῆναι

2112 1405 2222 1470 ζῶν
2253 1406 2312 1459 τὸ
2352 1407 2567 1461 παιδίον
2595 1409 2661 1477 τῇ
2692 1408 2951 1478 ἀντιδίκῳ
2987 1407 3250 1462 ἱκέτευεν.
3294 1411 3362 1462 Ἡ
3392 1409 3446 1462 δὲ
3477 1409 3692 1480 ψευδῶς

2110 1498 2308 1567 ἐαυτὴν
2345 1498 2557 1568 μητέρα
2594 1497 2688 1550 τοῦ
2733 1500 2921 1561 παιδὸς
2963 1501 3326 1569 ὀνομάζουσα,
3359 1503 3454 1553 καὶ
3495 1501 3692 1573 ἐπῄνει

2108 1589 2207 1660 τὴν
2247 1589 2450 1661 κρίσιν,
2479 1591 2576 1643 καὶ
2606 1591 2906 1644 ἐπέσπευδε
2951 1591 3049 1662 τήν
3079 1592 3366 1662 διαίρεσιν.
3394 1591 3505 1646 Καὶ
3529 1595 3555 1646 ό
3587 1592 3693 1662 βα-

2112 1685 2296 1747 σιλεὺς
2329 1682 2554 1754 δοθῆναι
2579 1683 2688 1747 ζῶν
2718 1683 2779 1737 τὸ
2811 1685 3021 1738 παιδίον
3051 1685 3356 1754 προσέταξε
3391 1688 3457 1757 τῇ
3487 1703 3694 1756 παραισ

2113 1780 2352 1850 τουμένῃ
2379 1779 2477 1850 τὴν
2503 1779 2712 1833 ἐκείνου
2745 1779 3011 1850 διαίρεσιν
3034 1795 3049 1812 ·
3067 1779 3240 1850 Αὕτη,
3267 1782 3466 1851 φήσας,
3493 1781 3528 1851 ή
3563 1779 3692 1833 τού-

2111 1889 2204 1926 του
2234 1873 2418 1944 μήτηρ
2456 1875 2626 1940 ἐστιν,
2659 1873 2694 1945 ἦ
2739 1871 2832 1927 τοῦ
2878 1873 3065 1936 παιδὸς
3092 1873 3366 1943 σφαγῆναι
3399 1873 3690 1943 μέλλοντος

2113 1965 2482 2036 ὑπερήλγησε.
2524 1968 2696 2021 Τοῦτο
2739 1968 2848 2030 πᾶς
2885 1969 2913 2020 ὁ
2941 1967 3068 2032 λαὸς
3112 1967 3340 2038 ἀκριϐὲς
3380 1967 3688 2037 τεκμήριον

2110 2057 2311 2130 ἔσχηκε
2363 2063 2463 2132 τῆς
2513 2059 2608 2115 τοῦ
2655 2059 2922 2130 βασιλέως
2970 2061 3316 2132 φρονήσεως.
3362 2060 3578 2122 Πάντας
3623 2059 3688 2112 δὲ

2109 2153 2236 2216 τοὺς
2288 2152 2420 2222 πρὶν
2477 2153 2558 2216 εἰς
2615 2156 2811 2224 σοφίαν
2861 2152 2958 2208 καὶ
3002 2143 3265 2224 φρόνησιν
3313 2150 3684 2224 ὑπερϐέϐηκε.

2110 2243 2379 2311 Συνέταξε
2408 2245 2466 2299 δὲ
2493 2245 2800 2316 τρισχιλίας
2843 2245 3176 2316 παραϐολὰς,
3203 2245 3296 2298 καὶ
3323 2259 3688 2314 πεντακισχι-

2109 2341 2226 2404 λίας
2258 2341 2424 2413 ᾠδὰς,
2454 2339 2549 2393 καὶ
2580 2339 2686 2392 ἀπὸ
2715 2337 2818 2408 τῆς
2848 2338 3042 2410 κέδρου
3069 2338 3174 2400 ἕως
3252 2334 3507 2390 ὑσσώπου
3556 2353 3688 2388 συν-

2109 2433 2415 2504 εγράψατο,
2443 2432 2537 2486 καί
2572 2435 2700 2503 περὶ
2726 2431 2939 2501 φύσεως
2973 2430 3128 2495 ζώων
3157 2431 3265 2484 τῶν
3287 2447 3347 2482 τε
3379 2429 3559 2494 πεζῶν
3592 2427 3686 2482 καὶ

2108 2527 2333 2598 ἀερίων,
2391 2527 2486 2579 καί⁵
2533 2526 2768 2596 νηκτῶν,
2817 2523 2914 2577 καὶ
2960 2523 3071 2577 τῶν
3130 2523 3436 2593 ἰδιωμάτων
3501 2523 3684 2576 αὐτῶν⁹

2108 2624 2338 2695 ἐξήτασε
2370 2624 2464 2677 καὶ
2505 2623 2888 2694 ἐφιλοσόφησε.
2921 2623 3032 2675 Καὶ
3082 2623 3224 2676 κατά
3267 2623 3374 2674 τῶν
3412 2620 3686 2691 δαιμόνων

2110 2717 2409 2788 ἐξεύρηκεν
2461 2715 2700 2788 ἐπῳδὰς,
2737 2717 2818 2779 εἰς
2869 2715 3176 2786 ἀνθρώπων
3226 2713 3535 2784 ὠφέλειαν’
3585 2711 3685 2766 καὶ

2107 2809 2343 2880 τρόπους
2381 2808 2669 2862 κατέλιπεν
2714 2807 3107 2879 ἐξορκώσεων,
3157 2805 3246 2872 αῖς
3297 2809 3367 2864 τὰ
3426 2806 3685 2875 δαιμόνια

2108 2901 2412 2956 ἐδιώκοντο.
2442 2902 2553 2955 Καὶ
2574 2901 2776 2972 ταύτην
2795 2903 2897 2975 τὴν
2920 2901 3292 2974 θεραπείανία)
3306 2897 3493 2972 φησὶνδ
3511 2897 3675 2968 Ἰώση-

2109 3011 2209 3058 πος
2260 2994 2357 3049 καὶ
2389 2994 2582 3067 μέχρις
2629 2995 2842 3049 ἐκείνου
2877 2995 3104 3066 ἰσχύειν·
3145 2995 3241 3050 καί
3288 3012 3338 3048 τι
3387 2993 3682 3063 διηγεῖται,

2107 3089 2352 3144 τοιοῦτον
2371 3088 2533 3156 λόγον
2555 3087 2937 3158 πιστούμενος.
2975 3086 3244 3156 Ἐλεάζαρ
3265 3086 3374 3140 τῶν
3389 3081 3683 3155 ὁμοφύλων

423 3171 574 3241 λέγει
592 3174 897 3245 κεκτῆσθαί
916 3193 1038 3230 τινα
1061 3177 1365 3246 δακτύλιον,
1415 3179 1609 3251 ἔχοντα
1632 3181 1736 3236 ὑπὸ
1765 3181 1866 3252 τὴν
1903 3185 2178 3254 σφραγῖδα
2205 3183 2378 3256 ῥίζαν,
2407 3182 2468 3249 ἐξ
2527 3175 2602 3236 ὧν
2628 3181 2872 3247 ὑπέδειξε
2902 3181 3174 3253 Σολομῶνο
3199 3181 3294 3235 καὶ
3315 3181 3507 3235 τοῦτον
3557 3185 3684 3241 ταῖς

425 3269 540 3339 ῥισὶ
571 3266 664 3320 τοῦ
713 3269 1082 3339 δαιμονῶντας
1113 3271 1472 3341 προσφέρειν,
1542 3277 1640 3327 καὶ
1676 3276 1742 3346 τῇ
1803 3273 2069 3348 ὀσφρήσει
2107 3276 2195 3329 διὰ
2244 3274 2354 3328 τῶν
2406 3275 2703 3345 μυκτήρων
2755 3262 2851 3327 τοῦ
2898 3272 3195 3343 πάσχοντος
3251 3273 3566 3340 ἐξέλκεσθαι
3619 3270 3683 3326 τδ

423 3365 721 3434 δαιμόνιον.
757 3360 892 3420 Εἶτα
928 3369 1023 3422 τοῦ
1055 3369 1402 3440 Σολομῶντος
1444 3370 1813 3440 μεμνημένον,
1877 3373 2094 3442 ἐπῳδάς
2149 3388 2208 3425 τε
2251 3370 2432 3438 λέγειν
2485 3369 2548 3434 ἐξ
2607 3363 2682 3426 ὧν
2711 3371 2919 3433 ἐκεῖνος
2953 3368 3229 3433 συνέθετο,
3275 3371 3372 3424 καί⁵
3413 3369 3682 3441 ἐξορκοῦν

424 3461 486 3514 τὸ
560 3463 839 3532 δαιμόνιον
889 3465 1088 3535 μηκέτι
1120 3465 1438 3521 ἐπανελθεῖν
1471 3468 1553 3532 εἰς
1580 3468 1674 3522 τὸν
1711 3467 2017 3539 ἄνθρωπον.
2055 3468 2226 3525 Τοῦτο
2282 3469 2377 3523 καὶ
2437 3466 2850 3522 Οὐεσπασιανοῦ
2881 3465 2976 3521 καὶ
3011 3467 3121 3522 τῶν
3145 3467 3278 3521 υἱῶν
3307 3467 3518 3524 ἐκείνου
3589 3471 3684 3524 ἐν·

424 3552 599 3608 ὠπιον
625 3557 776 3622 λέγει
800 3557 1027 3628 ποιῆσαι
1057 3560 1150 3613 τὸν
1196 3559 1460 3632 Ἐλεάζαρ
1479 3575 1495 3594 ο
1533 3561 1628 3614 καὶ
1655 3559 1866 3615 διδόντα
1897 3561 1998 3633 τῆς
2037 3562 2181 3620 κατὰ
2251 3561 2360 3615 τῶν
2387 3560 2659 3633 δαιμόνων
2695 3560 2880 3629 ἰσχύος
2925 3559 3222 3626 ἀπόδειξιν,
3273 3561 3482 3615 τιθέναι
3510 3564 3682 3636 ποτή-

427 3667 544 3723 ριον
600 3651 807 3724 πλῆρες
859 3651 1086 3718 ὕδατος,
1137 3655 1231 3706 καὶ
1277 3654 1595 3709 ἐπιτάσσειν
1665 3653 1742 3724 τῷ
1791 3655 2008 3727 δαίμονι
2087 3655 2434 3728 ἐξερχομένῳ
2477 3653 2585 3709 «τοῦ
2629 3654 2953 3725 πάσχοντος,
3002 3655 3303 3726 ἀνατρέψαι
3353 3655 3507 3720 αὐτὸ,
3580 3658 3680 3712 καὶ

424 3742 828 3810 ἀνατρέπεσθαι
888 3742 949 3795 τὸ
999 3743 1290 3815 ποτήριον,
1342 3745 1572 3815 μηδενὸς
1619 3744 1861 3816 ὁρῶντος
1912 3746 2004 3801 τὸν
2041 3747 2440 3820 ἀνατρέποντα.
2503 3761 2527 3774 ⁴
2613 3783 2618 3790 -

504 3835 1059 3892 lx..dildiﬁcationem
1108 3837 1298 3908 templi
1339 3840 1653 3910 auspicatus
1693 3847 1778 3894 est
1799 3849 1998 3909 quarto

2169 3839 2246 3895 ϐ’.
2274 3839 2518 3910 Ἤρξατο
2548 3838 2606 3893 δέ
2655 3839 2755 3910 τῆς
2806 3839 3098 3910 οἰκοδομῆς
3149 3839 3245 3895 τοῦ
3271 3841 3402 3895 ναοῦ
3442 3843 3585 3897 κατά
3613 3845 3684 3898 τὸ

427 3947 573 3986 anno
597 3931 754 4002 regni
783 3932 892 3996 sui,
925 3947 1068 3986 anno
1089 3941 1214 4002 post
1241 3934 1448 3988 exitum
1468 3931 1654 4004 populi
1677 3948 1746 3989 ex
1767 3931 2000 4004 Egypto

2107 3933 2360 4002 τέταρτον
2397 3931 2643 4002 ἔτος-τῆς
2668 3931 2944 4002 βασιλείας
2972 3933 3162 4000 αὑτοῦ,
3202 3935 3341 4005 μετά
3364 3937 3460 4007 ἔτη
3487 3938 3587 4008 τῆς
3615 3937 3683 4002 ἐξ

426 4025 970 4094 quadringentesimo
993 4025 1436 4096 quadragesimo.
1470 4026 1676 4082 Verum
1703 4024 1774 4080 de
1798 4024 2000 4095 spatio,

427 4114 719 4170 altitudine
751 4125 807 4170 et
836 4115 1203 4184 longitudine,
1237 4115 1526 4186 formaque
1556 4116 1698 4186 ejus,
1728 4131 1838 4170 non
1871 4132 2004 4171 con-

427 4206 674 4260 sentiunt
713 4205 923 4276 Regum
965 4206 1105 4261 liber
1165 4206 1382 4272 tertius,
1437 4214 1495 4262 et
1547 4206 1820 4276 Josephus
1858 4206 2001 4262 libro

427 4297 818 4368 Antiquitatum
847 4305 1064 4363 octavo,
1095 4297 1190 4352 ubi
1218 4297 1288 4352 de
1315 4298 1519 4368 templo
1542 4298 1737 4353 scribit
1769 4315 1785 4364 ;
1820 4298 1916 4354 sed
1943 4299 2000 4354 in

427 4387 540 4460 84
562 4390 840 4460 plerisque
872 4389 1206 4458 discrepant.
1241 4388 1414 4454 Quam
1459 4403 1652 4444 eorum
1695 4389 2011 4447 dissensio-.

429 4497 577 4546 nem,
611 4490 670 4536 et
697 4483 824 4545 alia,
857 4491 918 4535 ut
941 4481 1009 4535 de
1038 4481 1256 4536 duobus
1289 4479 1564 4536 Cherubis
1610 4481 1797 4536 aureis
1853 4481 2002 4537 circa

427 4573 587 4642 adyta
619 4572 921 4636 collocatis,
943 4571 1010 4626 de
1040 4585 1191 4634 arca,
1218 4570 1286 4625 de
1315 4571 1452 4625 mari
1483 4586 1659 4635 teneo,
1713 4571 1783 4628 de
1828 4571 2004 4642 pelvi-

428 4665 552 4731 bus,
585 4666 652 4720 de
686 4665 1062 4734 magnitudine
1085 4664 1274 4718 altaris
1303 4664 1464 4730 aenei,
1497 4664 1566 4719 de
1597 4664 1774 4720 forma
1818 4680 2001 4720 aureae

430 4773 656 4822 mensae,
685 4766 740 4812 et
759 4774 881 4828 qua:
912 4773 1040 4811 vasa
1068 4771 1236 4811 aurea
1265 4764 1322 4811 et
1350 4765 1610 4828 argentea
1660 4757 1863 4826 templo
1903 4758 2002 4812 Sa-

427 4850 613 4906 lomon
630 4849 921 4913 dedicarit,
955 4850 1050 4918 qui
1091 4849 1361 4904 curiosius
1387 4864 1722 4920 cegnoscere
1739 4850 1998 4915 voluerit,

430 4945 476 5000 is
492 4960 557 4999 ea
592 4944 647 4997 in
668 4943 832 4997 tertio
853 4942 996 4997 libro
1029 4943 1260 5012 Regum,
1291 4954 1348 4998 et
1370 4943 1422 4998 in
1452 4943 1674 5013 Josephi
1697 4945 2004 5014 Antiquita-

432 5038 568 5090 tibus
592 5044 844 5090 accurate
866 5035 1139 5105 descripta
1170 5035 1432 5091 inveniet.
1454 5035 1680 5105 Templo
1701 5053 1826 5092 cum
1849 5036 1998 5092 omni

2104 4025 2386 4094 Αἰγύπτου
2438 4026 2841 4096 ὑποχωρήσεως
2879 4026 2974 4080 τοῦ
3019 4025 3152 4082 λαοῦ
3194 4029 3520 4100 τετρακόσια
3551 4047 3684 4083 τεσ-

2105 4117 2435 4186 σαράκοντα.
2475 4118 2613 4188 Περὶ
2663 4117 2722 4171 δέ
2769 4117 2864 4171 τοῦ
2918 4121 3123 4189 μέτρου
3153 4118 3249 4172 τοῦ
3281 4118 3450 4188 ὕψους
3480 4121 3678 4188 αὑτοῦ,

2104 4210 2198 4264 καὶ
2235 4208 2332 4262 τοῦ
2382 4209 2612 4280 μήκους,
2668 4207 2764 4262 καὶ
2817 4208 2916 4277 τῆς
2949 4208 3142 4263 τούτου
3179 4212 3552 4283 κατασκευῆς,
3575 4216 3682 4287 οὐχ

2103 4300 2478 4372 δμοφωνοῦσιν
2521 4301 2574 4374 ἦ,
2598 4317 2660 4354 τε
2679 4301 2838 4373 τρίτη
2877 4301 2986 4354 τῶν
3015 4300 3315 4357 Βασιλειῶν
3361 4306 3457 4358 καὶ⁵
3484 4307 3685 4379 Ἰώση-

2103 4411 2203 4458 πος
2225 4396 2284 4448 ἐν
2306 4392 2384 4464 τῷ
2411 4393 2582 4465 ὀγδόῳ
2606 4393 2752 4464 λόγῳ
2780 4393 2880 4463 τῆς
2904 4393 3370 4466 Ἀρχαιολογίας,
3414 4400 3544 4470 περὶ
3577 4401 3680 4454 τοῦ

2101 4485 2233 4540 ναοῦ
2261 4486 2734 4557 συγγραφόμενος,
2772 4485 2888 4538 ἀλλ’
2919 4487 2978 4538 ἐν
3005 4489 3120 4551 τοῖς
3144 4487 3356 4541 πλείοσι
3388 4489 3683 4562 διαφέρον-

2099 4595 2213 4632 ται.
2258 4579 2317 4631 '0
2347 4579 2406 4632 δὲ
2433 4579 2500 4632 τά
2538 4575 2669 4647 περὶ
2704 4575 2804 4646 τῆς
2830 4576 3096 4646 διαφορᾶς
3127 4581 3264 4650 πρὸς
3293 4579 3492 4650 βουλῆς
3515 4585 3683 4655 ἀκρι.

2104 4669 2405 4738 ϐώσασθαι,
2463 4672 2558 4725 καὶ
2615 4677 2883 4746 περὶτῶν
2915 4678 3010 4733 δύο
3068 4681 3351 4751 Χερουϐὶμ
3401 4682 3680 4753 ἀχρυσοῦ

2105 4765 2338 4834 ποιήσας
2369 4767 2512 4820 κατά
2537 4766 2597 4819 τὸ
2619 4768 2816 4823 ἄδυτον
2848 4771 3067 4842 ἔστησε,
3108 4775 3204 4827 καὶ
3233 4777 3479 4845 περὶτῆς
3507 4779 3679 4832 κιϐω-

2101 4857 2219 4923 τοῦ,
2249 4859 2344 4911 καὶ
2375 4859 2472 4926 τῆς
2505 4861 2715 4932 χαλκῆς
2767 4863 3065 4933 θαλάσσης,
3122 4866 3218 4919 καὶ
3245 4868 3355 4920 τῶν
3403 4867 3676 4939 λούτρων,

2101 4951 2195 5002 καὶ
2251 4950 2481 5019 πηλίκον
2529 4947 2599 5022 ἦν
2634 4953 2693 5006 τὸ
2726 4954 2957 5025 χάλκεον
3009 4957 3412 5031 θυσιαστήριον,
3449 4963 3536 5016 οἱα
3564 4961 3612 5014 δ’
3641 4964 3676 5034 ή

2099 5042 2354 5113 τράπεζα
2410 5044 2443 5113 ή
2496 5045 2698 5116 χρυσῆ,
2749 5050 2842 5100 καὶ
2879 5049 2980 5101 ὅσα
3006 5053 3175 5118 σκεύη
3208 5051 3457 5122 ἀργύρεά
3485 5069 3544 5105 τε
3574 5056 3676 5108 καὶ

428 5139 626 5184 ornatu
663 5131 822 5185 annis
847 5139 1054 5198 septem
1112 5128 1376 5199 perfecto,
1431 5130 1742 5199 pepuloque
1782 5145 1812 5184 a
1868 5145 1995 5199 rege

2107 5107 2310 5202 χρύσεα
2337 5107 2590 5205 Σολομῶν
2617 5107 2842 5192 ἀνέθετο
2861 5139 2938 5209 τῷ
2968 5141 3103 5210 ναῷ,
3151 5107 3261 5194 irai.-
3275 5107 3404 5214 περὶ
3430 5144 3538 5197 τῶν
3568 5145 3641 5199 ἄλ

430 5221 803 5292 Hierosolyma
836 5229 1158 5285 convocato,
1195 5221 1507 5276 sacerdotes
1533 5237 1710 5276 arcam
1734 5229 1787 5274 et
1814 5221 1996 5275 taber-

2102 5223 2208 5276 λων
2226 5265 2242 5290 ,
2271 5226 2304 5293 ή
2331 5226 2488 5297 τρίτη
2514 5227 2626 5280 τῶν
2654 5229 2952 5285 Βασιλειῶν
2989 5231 3190 5302 βίϐλος,
3228 5237 3322 5288 καί
3376 5236 3674 5306 ἀρχαιολο-

427 5313 687 5367 naculum
717 5327 748 5365 a
777 5311 926 5366 Mose
961 5309 1126 5375 facta,
1153 5322 1209 5366 et
1239 5325 1394 5366 sacra
1431 5327 1556 5366 vasa
1610 5312 1665 5364 in
1725 5310 1990 5379 templum

2107 5317 2216 5385 γῶν
2245 5318 2273 5369 ὀ
2321 5317 2584 5388 Ἰώσηπος
2613 5322 2907 5393 ἀρκέσουσι
2954 5327 3414 5397 παραστήσασθαι
3448 5329 3549 5399 τήν
3583 5333 3659 5403 ἐφ

429 5406 849 5472 transtulerunt,
894 5420 1021 5476 rege
1063 5415 1120 5460 et
1174 5405 1325 5460 omni
1369 5406 1572 5476 populo
1621 5403 1992 5475 praecedente,

2107 5411 2317 5480 ἑκάστῳ
2353 5412 2662 5481 ἀκρίϐειαν.
2713 5413 2801 5466 Ἐν
2825 5414 2972 5468 ἐτεσι
3019 5417 3078 5470 δὲ
3115 5416 3256 5471 me
3290 5419 3616 5484 συντελέσας
3644 5423 3676 5476 ό

427 5499 608 5554 levitis
638 5497 938 5554 libantibus
977 5507 1036 5553 et
1069 5499 1432 5554 audientibus.
1450 5499 1611 5564 Area,
1631 5500 1687 5553 in
1735 5514 1844 5568 qua
1873 5499 1994 5564 dure

2107 5501 2351 5572 βασιλεὺς
2385 5504 2475 5557 τόν
2508 5521 2569 5557 τε
2601 5505 2730 5558 ναὸν
2755 5508 2848 5560 καὶ
2875 5508 2973 5560 ὅσα
3011 5511 3138 5578 περὶ
3168 5511 3403 5574 ἐκεῖνον,
3434 5515 3675 5568 συνεκά-

424 5591 653 5661 lapidea:
687 5590 884 5644 tabulae
933 5591 1168 5655 inerant,
1234 5592 1288 5646 in
1351 5591 1572 5662 adytum
1621 5589 1860 5658 reposita
1906 5598 1994 5644 est

2107 5595 2221 5647 λεσε
2243 5596 2335 5648 τὸν
2367 5596 2496 5650 λαὸν
2526 5599 2606 5660 εἰς
2647 5595 3016 5670 Ἰεροσόλυμα.
3045 5602 3156 5654 Καὶ
3186 5601 3423 5672 ἄραντες
3444 5604 3544 5676 τήν
3579 5624 3674 5661 κι-

426 5686 569 5740 inter
593 5684 732 5739 duos
757 5683 1063 5740 Cherubos.
1100 5684 1492 5741 Sacerdotibus
1531 5683 1754 5753 adytum
1802 5698 1990 5752 egres-

2107 5682 2272 5734 5ωτὸν
2297 5684 2345 5735 oi
2380 5684 2566 5756 ἱερεῖς,
2596 5687 2692 5739 καὶ
2719 5687 2816 5759 τήν
2847 5689 3054 5760 σκηνὴν
3078 5690 3145 5761 ἦν
3172 5683 3413 5762 ἐπήξατο
3433 5695 3671 5766 Μωσῆς.

423 5775 520 5842 sis,
553 5775 750 5830 domus
782 5777 955 5847 gloria
982 5779 1198 5833 Domini
1235 5778 1439 5848 repleta
1462 5785 1567 5843 est,
1593 5785 1650 5830 et
1678 5777 1853 5831 nubes
1890 5775 1990 5831 toti

2107 5775 2194 5827 καὶ
2218 5775 2287 5828 τὰ
2316 5776 2373 5830 ἐν
2406 5781 2527 5842 ταῖς
2558 5778 2770 5846 θυσίαις
2802 5781 3220 5854 ὑπηρετούμενα
3280 5785 3471 5857 σκεύη,
3523 5789 3670 5857 πρὸς

512 5875 584 5941 (τι)
616 5876 689 5928 De
720 5876 796 5927 his
829 5890 941 5939 quae
968 5876 1048 5926 hic
1068 5876 1284 5926 Zonaras
1307 5888 1369 5928 ex
1400 5875 1621 5938 Josepho
1643 5880 1808 5926 narrat
1834 5875 1944 5926 vide
1970 5875 2347 5928 Testamentum
2376 5877 2651 5930 Salomonis
2677 5878 2976 5943 PatrOIOgim
2998 5883 3116 5931 tom.
3140 5879 3325 5931 CXXII.
