3878 6562
471 384 585 448 iiii

1814 379 2139 442 JOANNiS
2180 377 2500 438 ZONAILE

3658 376 3772 440 1ῗὲ

474 503 680 560 viventi
711 502 798 555 tibi
834 515 1053 570 regnum
1080 501 1324 571 eripiam,
1355 500 1415 552 ob
1451 507 1656 570 patrem
1691 506 1858 552 tuum.
1886 496 1988 552 Sed
2020 504 2062 547 te

2172 493 2344 547 δώσω
2383 492 2578 560 αὐτὴν
2602 490 2680 556 τῷ
2719 489 2916 556 δούλῳ
2948 508 3085 544 σου.
3121 493 3203 545 Οὐ
3229 491 3303 544 σὲ
3325 490 3392 545 δὲ
3433 491 3620 553 ζῶντα
3649 497 3775 561 τὴν

485 604 716 658 mortuo,
741 594 850 649 haec
870 591 984 661 ﬁlio
1014 601 1103 646 tuo
1125 603 1382 664 regnante
1399 592 1616 662 faciam.
1642 591 1822 660 Neque
1847 605 2066 659 regnum

469 705 637 744 omne
667 700 842 742 tamen
867 686 932 741 ab
953 686 1048 740 illo
1074 687 1340 756 auferam,
1371 684 1462 737 sed
1503 683 1704 736 duabus
1732 683 1962 735 tribubus
2019 689 2070 734 et

487 781 862 851 Hierosolymis
899 777 980 832 illi
1010 777 1233 840 relictis,
1263 776 1324 829 ob
1368 791 1526 829 avum
1566 773 1840 836 Dauidem,
1891 775 2069 826 decem

485 873 722 944 reliquas
743 886 890 925 servo
925 870 1042 939 ejus
1082 868 1240 922 dabo.
1288 867 1480 934 Neque
1524 866 1761 920 multum
1805 864 2070 935 temporis

483 963 826 1026 intercessit,
840 975 965 1016 cum
983 957 1414 1015 Aderlsraelitas
1430 958 1575 1012 bello
1589 957 1818 1012 adortus
1832 965 1918 1012 est
1945 957 2070 1011 Fuit

485 1059 533 1112 is
562 1057 854 1112 ldummus.
876 1052 1010 1122 regii
1045 1051 1281 1120 generis,
1303 1049 1423 1119 qui,
1465 1049 1685 1104 Davidis
1727 1050 2070 1120 temporibus

483 1150 720 1204 idumaea
743 1145 960 1201 aJoabo
981 1143 1230 1206 subacta,
1254 1157 1390 1212 puer
1430 1142 1482 1196 in
1508 1141 1802 1214 [Egyptum
1839 1142 2069 1212 aufuge-

485 1249 592 1303 rat,
615 1249 693 1302 et,
717 1252 746 1289 a
769 1235 1057 1290 Pharaone
1074 1232 1311 1302 benigne
1339 1243 1626 1302 susceptus
1651 1241 1816 1302 atque
1847 1233 2070 1286 adama-

470 1344 592 1395 tus,
608 1341 855 1382 sororem
879 1324 1023 1394 regis
1041 1323 1292 1394 conjugis
1305 1339 1530 1379 uxorem
1546 1324 1797 1378 duxerat.
1813 1323 1863 1378 ls
1882 1322 2067 1394 igitur,

481 1420 788 1484 t'iriactus,
821 1417 1043 1472 Davidis
1059 1424 1116 1472 et
1138 1415 1296 1472 Joahi
1322 1415 1478 1471 obitu
1503 1417 1741 1487 cognito,
1762 1415 1996 1484 cupidus
2015 1416 2070 1469 in

485 1512 726 1584 patrium
760 1525 988 1580 regnum
1011 1507 1304 1570 redeundi.
1332 1523 1362 1562 a
1387 1507 1674 1562 Pharaone
1702 1508 2068 1570 retinebatur.

484 1606 662 1660 donec
680 1603 1011 1668 Salomonis,
1033 1601 1198 1656 rebus
1216 1611 1271 1654 tu
1281 1600 1474 1663 rbatis,
1489 1600 1650 1654 aliine
1665 1601 2068 1667 consentiente,

488 1700 541 1752 in
585 1697 880 1752 ldumaeam
913 1709 1172 1750 reversus
1201 1703 1308 1748 est.
1331 1692 1439 1748 Sed
1471 1709 1596 1749 cum
1628 1709 1692 1748 ea
1725 1693 1897 1747 ﬁrmis
1928 1709 2068 1762 pra:-

484 1789 641 1843 sidiis
670 1797 974 1853 teneretur,
1001 1788 1054 1841 in
1085 1786 1296 1858 Syriam
1324 1801 1382 1842 se
1405 1785 1678 1852 contulit;
1707 1795 1762 1840 et
1787 1785 2065 1840 latronum

485 1898 651 1936 manu
684 1889 1028 1951 comparata,
1062 1894 1187 1934 cum
1229 1879 1373 1933 hanc
1402 1889 1660 1948 occupat,
1687 1887 1803 1934 tum
1843 1878 2066 1933 Israeli-

487 1983 664 2025 tarum
688 1986 850 2042 agros
881 1971 1196 2040 populatur.
1227 1969 1621 2026 Jeroboamum
1653 1979 1838 2025 autem
1870 1969 2066 2024 Nabati

488 2063 682 2126 tilium,
705 2063 836 2116 dum
864 2077 1001 2131 puer
1034 2061 1259 2116 inservit
1293 2063 1429 2132 regi,
1451 2061 1562 2132 86
1588 2060 1868 2126 Salomon,
1893 2077 2065 2130 gene-

483 2169 609 2208 rosa
644 2155 764 2224 ejus
815 2153 999 2208 indole
1048 2153 1456 2215 animadversa.
1491 2169 1617 2208 cum
1654 2154 2068 2226 Hierosolymo-

487 2259 608 2298 rum
639 2243 842 2298 mmnia
869 2243 1152 2311 conderet,
1185 2245 1369 2314 operis
1395 2254 1690 2300 structurae
1722 2247 2066 2316 praalecerat.

495 2338 623 2402 Qui,
664 2351 788 2389 cum
823 2335 1119 2404 aliquando
1146 2337 1249 2390 iter
1283 2335 1565 2406 ingressus
1594 2346 1762 2406 esset,
1787 2337 1981 2394 incidit
2011 2339 2065 2394 in

481 2454 809 2520 prophetam
831 2449 1060 2504 Achiam
1085 2448 1399 2504 Silonitem.
1425 2451 1494 2514 ls,
1518 2465 1586 2505 eo
1601 2451 1669 2506 de
1693 2453 1778 2506 via
1810 2454 2064 2510 nonnihil

462 2543 737 2608 seducto,
759 2551 1023 2612 vesteque
1046 2557 1144 2596 sua
1163 2542 1216 2595 in
1241 2540 1532 2598 duodecim
1554 2545 1781 2600 lacinias
1809 2546 2060 2613 discissa,

487 2638 676 2691 decem
719 2635 796 2688 illi
837 2635 930 2688 dat
986 2649 1112 2688 cum
1147 2634 1232 2689 his
1261 2635 1442 2688 verbis
1475 2653 1487 2688 :
1528 2633 1614 2690 Sic
1653 2653 1871 2707 regnum
1909 2637 2064 2694 Salo-

465 2730 653 2782 .«anonis
702 2727 957 2781 discindet
1008 2727 1282 2791 Dominus,
1325 2728 1540 2797 ejusque
1569 2726 1683 2795 ﬁlio
1724 2728 1859 2782 duas
1894 2731 1947 2782 in
1979 2731 2064 2783 avi

469 2822 720 2890 ,gratiam
767 2820 941 2874 tribus
991 2819 1271 2890 relinquet,
1319 2829 1367 2872 te
1399 2831 1573 2874 autem
1613 2821 1787 2874 decem
1834 2821 2064 2875 tribuum

481 2928 663 2984 eegem
689 2913 1001 2966 constituet.
1035 2911 1106 2964 Tu
1149 2927 1268 2965 vero
1298 2913 1380 2982 {ac
1420 2912 1555 2982 leges
1608 2912 1820 2967 Domini
1865 2915 2067 2982 ample—

480 3007 643 3060 cteris
690 3015 738 3059 et
766 3005 1040 3075 justitiam
1086 3005 1249 3058 colas.
1288 3003 1404 3059 lloc
1429 3006 1655 3059 oraculo
1683 3007 1862 3062 elatus
1901 3006 2063 3061 iero-

490 3100 740 3160 beamus,
778 3095 936 3151 novis
979 3096 1146 3150 rebus
1191 3095 1394 3150 studet.
1437 3095 1542 3151 Sed
1580 3112 1694 3161 rex,
1729 3098 1947 3168 cognita
1980 3113 2062 3161 re,

2171 586 2370 656 ἀρχὴν
2407 585 2814 654 ἀφαιρήσομαι
2848 585 2945 638 διὰ
2977 585 3085 638 τὸν
3116 586 3343 653 πατέρα
3370 602 3509 640 σου.
3542 589 3778 640 Garrir-

2170 696 2275 745 τος
2297 678 2365 732 δέ
2387 694 2526 740 σου,
2560 677 2746 732 ταῦτα
2779 678 2878 732 ἐπὶ
2917 677 2994 743 τῷ
3027 677 3136 743 υἱῷ
3165 695 3298 733 σου
3338 679 3607 746 ποιήσω·
3663 679 3772 732 καὶ

2171 771 2315 827 οὐδὲ
2344 771 2556 830 πᾶσαν
2581 772 2649 837 ἐξ
2679 773 2867 826 αὐτοῦ
2909 773 3024 839 τὴν·
3056 773 3394 837 ,Βασιλείαν
3425 773 3771 842 ἀφέλωμαι,

2172 865 2283 920 δύο
2307 865 2376 918 δὲ
2414 865 2616 934 φυλὰς
2663 863 2824 929 αὐτῴ
2870 865 3346 931 καταλελοιπὼς,
3372 866 3470 918 καὶ
3498 867 3612 931 τὴν
3659 865 3775 919 Ἰε-

2166 958 2492 1028 ρουσαλὴμ
2521 958 2620 1012 διὰ
2677 957 2785 1010 τὸν
2829 959 3079 1012 πάππον
3135 957 3335 1023 Δαϐίδ,
3370 957 3478 1024 τὰς
3512 958 3658 1012 δέκα
3683 957 3774 1022 τῷ

2171 1051 2375 1117 δούλῳ
2422 1051 2595 1104 δώσω
2648 1049 2858 1104 αὐτοῦ.
2887 1051 2964 1102 O6
2993 1051 3192 1118 συχνὸς
3227 1050 3420 1121 καιρὸς
3452 1051 3770 1119 διελήλυθε,

2172 1149 2267 1197 καὶ
2302 1144 2467 1214 Ἀδερ
2501 1145 2582 1206 είς
2613 1145 2848 1213 πόλεμον
2886 1143 3127 1212 κατέστη
3157 1143 3237 1214 τῷ
3270 1143 3517 1212 Ἰσραήλ.
3560 1143 3673 1196 Ἶιν
3707 1143 3774 1194 δὲ

2171 1240 2200 1290 6
2241 1237 2408 1306 ’Λδερ
2471 1237 2766 1307 Ἰδουμαῖος
2827 1239 2890 1289 ὲκ
2943 1235 3219 1308 βασιλείου
3261 1237 3494 1306 σπορᾶς,
3541 1236 3622 1302 6:,
3663 1234 3770 1288 τοῦ

2184 1330 2341 1383 ἰωὰϐ
2396 1330 2537 1382 κατά
2571 1330 2699 1393 τοὺς
2748 1331 2976 1400 χρόνους
3021 1329 3188 1382 Δαϐὶδ
3229 1329 3768 1398 καταστρεψαμένου

2170 1417 2270 1490 τὴν
2301 1419 2632 1487 Ἰδουμαίαν,
2658 1420 2950 1488 παιδάριον
2973 1417 3068 1480 ὢν,
3101 1418 3312 1488 ἀπέδρα
3342 1422 3422 1482 εἰς
3454 1413 3800 1488 Αἶγυπτον,’

2173 1511 2269 1564 καὶ
2304 1511 2646 1582 φιλοφρόνως
2673 1509 2906 1580 δεχθεὶς,
2941 1511 3092 1580 παρὰ
3112 1510 3313 1581 Φαραὼ
3346 1510 3631 1580 ἠγαπήθη,
3660 1509 3769 1562 καὶ

2173 1604 2271 1673 τὴν
2302 1603 2537 1673 ἀδελφήν
2563 1603 2738 1672 ἔγημε
2771 1603 2869 1671 τῆς
2897 1603 3155 1670 γυναικὸς
3190 1603 3412 1672 Φαραώ.
3445 1599 3615 1665 Οὗτος
3662 1601 3767 1654 οὖν

2173 1696 2496 1767 ἀνδρωθεὶς,
2525 1698 2620 1749 καὶ
2652 1696 2916 1758 Θανόντας
2964 1695 3153 1765 μαθὼν
3177 1697 3269 1750 τὸν
3303 1695 3468 1749 Δαϐὶδ
3526 1697 3620 1749 καὶ
3666 1699 3767 1749 τὶν

2185 1789 2368 1853 Ἰωὰϐ,
2398 1789 2713 1842 ἐπανελθεῖν
2738 1789 2920 1860 ἐζήτει
2953 1790 3088 1860 πρὸς
3113 1790 3215 1860 τὴν
3246 1790 3506 1862 πατρῴαν
3540 1793 3718 1860 ἀρχὴν
3741 1806 3762 1823 ο

2167 1883 2284 1938 ἀλλ’
2323 1884 2383 1936 οὑ
2459 1884 2832 1953 παρεχωρεῖτο
2875 1883 3011 1953 πρὸς
3043 1883 3262 1952 Φαραώ.
3299 1883 3438 1952 Ἤδη
3465 1883 3521 1936 δὲ
3543 1883 3619 1952 τῷ
3653 1883 3765 1935 Σο-

2167 1977 2406 2047 λομῶντι
2450 1975 2558 2028 τῶν
2601 1975 2946 2046 πραγμάτων
2977 1975 3165 2038 κακῶς
3208 1975 3466 2045 ἐχόντων,
3495 1991 3766 2045 παρεχω-

2172 2071 2309 2140 ρήθη
2339 2070 2431 2121 καὶ
2459 2069 2645 2137 Ἀδερ,
2666 2069 2761 2120 καὶ
2789 2069 2868 2131 εἰς
2892 2067 2990 2138 τὴν
3019 2067 3324 2137 Ἰδουμαίαν
3355 2067 3760 2136 ἐπανελήλυθε.

2167 2161 2385 2231 Ταύτης
2440 2161 2484 2214 δ’
2515 2160 2776 2229 ἀσφαλῶς
2825 2161 3262 2232 φρουρουμένης,
3291 2161 3368 2224 είς
3416 2163 3515 2228 τὴν
3546 2160 3761 2228 Συρίαν

2169 2255 2414 2324 ἀφίκετο,
2443 2255 2537 2306 καὶ
2577 2253 2833 2324 σύστημα
2873 2272 2924 2307 τι
2976 2253 3119 2323 σχὼν
3162 2255 3289 2321 περὶ
3323 2253 3486 2305 αὑτὸν
3523 2252 3761 2323 λῃστρι-

2170 2349 2288 2413 κδν,
2341 2347 2548 2416 ταύτην
2599 2363 2658 2398 τε
2718 2346 2973 2416 κατέσχε,
3029 2347 3124 2398 καὶ
3178 2344 3275 2414 τὴν
3322 2345 3432 2398 τῶν
3481 2344 3763 2416 Ἐϐραίων

2167 2441 2414 2510 ὲληῖζετο
2436 2440 2648 2510 χώραν.
2677 2438 2960 2508 Ἱεροϐοαμ
2989 2439 3044 2492 δὲ
3077 2438 3190 2500 υίὸς
3215 2436 3427 2502 Ναϐὰτ,
3457 2439 3759 2508 παιδάριον

2167 2533 2263 2600 ὢν,
2293 2533 2556 2602 ὑπηρέτει
2608 2531 2688 2601 τῷ
2735 2531 2963 2601 βασιλεῖ.
3006 2530 3150 2583 Ἰδὼν
3182 2531 3239 2583 δὲ
3293 2531 3546 2600 Σολομῶν
3583 2531 3758 2584 αὐτὸν

2166 2627 2413 2694 γενναῖον
2445 2625 2507 2678 τὸ
2539 2622 2819 2695 φρόνημα,
2845 2625 2934 2676 ὅτε
2957 2625 3023 2695 τῇ
3059 2612 3421 2694 Ἰερουσαλὴμ
3461 2624 3757 2695 περίϐολον

2166 2717 2457 2786 ᾠκοδόμει,
2485 2717 2789 2787 ἐπέστησεν
2822 2717 2986 2770 αὑτὸν
3020 2716 3122 2783 τῆς
3157 2715 3449 2786 οἰκοδομῆς
3480 2715 3759 2785 ἐπιμελη-

2167 2809 2290 2878 τήν.
2339 2809 2726 2878 Ἀπερχομένῳ
2753 2807 2810 2861 δέ
2843 2826 2942 2862 που
2977 2807 3054 2878 τῷ
3097 2809 3396 2879 Ίεροϐοὰμ,
3442 2810 3757 2878 συνήντησε

2169 2899 2461 2968 προφήτης
2509 2901 2537 2952 6
2570 2898 2886 2968 Σηλωνίτης
2940 2899 3117 2968 Ἀχία,
3151 2899 3246 2951 καὶ
3294 2898 3548 2961 ἐκκλίνας
3578 2899 3757 2951 αὐτὸν

2167 2992 2265 3061 τῆς
2295 2991 2439 3056 ὀδοῦ,
2472 2991 2726 3063 διέρρηξε
2775 2992 2834 3044 τὸ
2863 2992 3075 3060 ἱμάτιον
3103 2993 3184 3053 είς
3211 2991 3418 3044 δώδεκα
3466 2991 3751 3062 ῥήγματα,

2170 3083 2266 3136 καὶ
2325 3082 2562 3135 δέδωκεν
2611 3083 2810 3151 ἐκείνῳ
2851 3084 2918 3134 τὰ
2970 3081 3124 3146 δέκα,
3186 3081 3389 3134 είπών·
3432 3083 3525 3146 Ὡς
3556 3082 3756 3147 οὕτως

487 3189 556 3244 de
580 3187 676 3242 illo
709 3186 949 3242 tollendo
971 3187 1195 3256 cngitat.
1239 3186 1307 3239 At
1352 3186 1441 3240 ille
1482 3186 1536 3239 in
1570 3186 1865 3258 [Egyptum
1924 3187 2062 3258 fugit

2167 3173 2473 3242 διαρῤήξει
2500 3173 2616 3241 τὴν
2639 3172 2970 3238 ,ϐασιλείαν
3004 3172 3394 3241 Σολομῶντος
3427 3176 3460 3226 ό
3508 3174 3754 3239 Κύριος,

484 3279 676 3346 ibique
711 3275 860 3346 degit
884 3291 1055 3345 usque
1089 3275 1154 3328 ad
1179 3273 1488 3329 Salomonis
1526 3276 1760 3330 obitum.
1791 3277 1941 3332 Obiit
1965 3294 2064 3332 au-

491 3377 598 3422 tem
621 3365 700 3430 .is,
735 3379 794 3419 ut
829 3365 970 3420 liber
996 3366 1205 3436 Regum
1250 3375 1455 3429 narrat,
1490 3381 1634 3421 anno
1673 3369 1852 3423 aetatis
1894 3369 2061 3439 quin-

483 3459 804 3529 quagesimo
836 3457 1099 3520 secundo,
1151 3472 1275 3511 cum
1326 3457 1619 3513 duodecim
1671 3475 1848 3516 annos
1900 3473 2061 3518 natus

487 3565 714 3618 regnum
761 3549 1072 3618 suscepisse
1119 3559 1480 3615 memoretur,
1515 3563 1571 3604 et
1595 3552 1649 3606 id
1682 3568 1781 3621 per
1819 3555 2060 3623 quadra-

483 3643 634 3712 ginta
663 3642 928 3698 tenuisse.
977 3641 1250 3712 Josephus
1297 3652 1481 3698 autem
1517 3646 1682 3698 tradit
1727 3663 1853 3701 eum
1885 3663 2061 3704 annos

484 3731 685 3786 vixisse
715 3741 954 3800 quatuor
1000 3741 1057 3786 et
1099 3733 1420 3802 nonaginta,
1473 3751 1730 3804 regnasse
1755 3739 2054 3806 octoginta.

485 3821 603 3875 Vita
654 3835 785 3874 usus
809 3829 894 3876 est
929 3820 1074 3875 felici
1115 3829 1172 3874 et
1221 3820 1482 3889 gloriosa,
1516 3824 1623 3877 nisi
1665 3824 1720 3878 in
1774 3837 2059 3883 senectute

487 3911 692 3978 patrias
739 3911 888 3982 leges
918 3912 1200 3976 violasset,
1229 3913 1516 3969 amoribus
1548 3915 1818 3986 impulsus
1854 3920 2060 3975 illicitis

483 4003 901 4073 peregrinarum
955 4004 1427 4072 muliercularum,
1472 4022 1774 4080 earumque
1818 4021 2064 4069 sectatus

479 4095 795 4166 religiones.

481 4193 763 4262 βασιλείας
795 4192 1055 4264 ἐπιϐῆναι
1109 4193 1411 4264 ἱστόρηται,
1477 4197 1796 4261 βασιλεῦσαι
1840 4199 1896 4252 δὲ
1956 4199 2052 4270 ἔτη
2092 4197 2526 4267 τεσσαράκοντα.

2164 3267 2263 3320 καί
2285 3267 2364 3332 τῷ
2387 3266 2503 3335 μὲν
2525 3266 2763 3319 ἐκείνου
2783 3264 2887 3330 υἱῷ
2906 3264 3015 3318 δύο
3042 3264 3388 3332 καταλείψει
3416 3265 3617 3333 φυλὰς
3648 3263 3758 3317 διὰ

2163 3362 2270 3414 τὸν
2308 3362 2582 3427 πάππον,
2636 3360 2735 3414 σοὶ
2779 3359 2847 3412 δὲ
2884 3360 2990 3425 τὰς
3013 3359 3160 3412 δέκα
3205 3359 3406 3422 δώσει,
3438 3360 3532 3411 καί
3558 3359 3756 3423 ,Βασι-

2160 3459 2368 3512 lenaee
2421 3472 2495 3510 σε
2547 3455 2617 3508 ἐν
2677 3452 2908 3518 αὐτοῖς.
2951 3451 3035 3505 Σὺ
3074 3453 3142 3504 δὲ
3189 3451 3350 3506 ἀλλὰ
3396 3449 3514 3504 τῶν
3544 3453 3755 3520 νόμων

2161 3551 2420 3619 ἀντέχου
2445 3549 2688 3616 Κυρίου,
2717 3545 2816 3600 καί
2843 3550 3013 3615 γίνου
3041 3545 3290 3609 δίκαιος.
3344 3543 3566 3607 Τούτοις
3598 3544 3752 3613 μέγα

2161 3645 2445 3715 φρονήσας
2496 3640 2810 3711 Ἱεροϐοάμ,
2873 3636 3215 3709 νεωτερίζειν
3261 3636 3563 3708 ἐπεχείρει.
3631 3639 3751 3689 Καὶ

2165 3739 2328 3802 γνοὺς
2357 3738 2418 3788 τὸ
2447 3737 2677 3805 πρᾶγμα
2727 3736 2754 3786 ὁ
2784 3731 3062 3802 βασιλεὺς,
3097 3731 3308 3784 ἀνελεῖν
3339 3732 3519 3800 ἐζήτει
3549 3729 3744 3782 αὐτόν.

2176 3827 2236 3881 'O
2267 3828 2324 3880 δὲ
2354 3826 2547 3894 φεύγει
2580 3827 2661 3887 εἰς
2685 3825 2978 3892 Αἰγυπτον,
3014 3822 3176 3874 κάκεῖ
3209 3820 3418 3890 διῆγεν,
3453 3820 3556 3881 ἓως
3584 3818 3750 3870 Σολο-

2169 3918 2286 3988 μῶν
2333 3915 2678 3984 ἐτελεύτησε.
2718 3913 2962 3984 Τέθνηκε
2991 3912 3046 3965 δὲ
3102 3915 3130 3965 6
3165 3911 3422 3981 βασιλεὺς
3462 3910 3750 3978 Σολομῶν,

2166 4010 2241 4071 ὡς
2274 4009 2424 4079 μὲνὴ
2453 4008 2633 4078 βίϐλος
2658 4005 2956 4060 Βασιλειῶν
2978 4005 3092 4076 (56)
3116 4004 3342 4073 ἱστορεῖ,
3369 4003 3539 4074 ζήσας
3557 4005 3752 4057 ἐνιαυο

2165 4103 2293 4164 τοὺς
2349 4101 2692 4171 πεντήκοντα
2747 4098 2885 4167 πρὸς
2934 4098 3074 4151 δυσί.
3118 4096 3468 4166 Δωδεκαὲτης
3501 4095 3612 4166 γὰρ
3640 4099 3752 4164 τῆς

2609 4193 2697 4256 Ὠς
2721 4193 2768 4245 δ’
2833 4193 2861 4244 ὁ
2888 4192 3153 4262 Ἰώσηπος
3193 4191 3592 4260 συνεγράψατο,
3611 4191 3746 4242 τέσ-

481 4305 658 4364 σαρας,
688 4289 788 4358 μὲν
817 4289 1102 4352 ἐνιαυτοὺς
1135 4290 1268 4343 ἐϐίω
1301 4294 1396 4345 καὶ
1439 4293 1806 4362 ἐνενήκοντα*
1861 4297 2194 4364 ὀγδοήκοντα
2248 4295 2304 4348 δὲ
2373 4292 2785 4364 βεϐασίλευκεν,
2864 4289 3109 4358 εὐτυχῶς
3149 4288 3247 4358 μὲν
3275 4287 3447 4356 ζήσας
3518 4287 3613 4338 καί
3651 4285 3751 4336 εύ-

481 4381 676 4445 κλεῶς,
728 4380 1128 4450 παρανομήσας
1184 4382 1368 4449 μέντοι
1426 4384 1555 4452 περὶ
1605 4383 1664 4436 τὸ
1721 4387 1900 4454 γῆρας
1965 4387 2058 4441 ὑπ’
2099 4387 2320 4459 ἐρώτων
2381 4387 2482 4438 οὐκ
2551 4383 2767 4451 εὐαγῶν
2818 4381 3129 4449 ἀλλοίενέσι
3188 4380 3428 4443 πεισθεὶς
3499 4378 3749 4448 γυναιξὶ,

482 4475 576 4530 καὶ
608 4477 719 4538 τοῖς
753 4474 982 4526 ἐκείνων
1012 4472 1387 4542 ἀκολουθήσας
1421 4475 1829 4546 θρησκεύμασι.

552 4593 644 4648 XI.
680 4592 1064 4648 Successorem
1097 4593 1149 4646 in
1195 4607 1364 4661 regno
1399 4593 1588 4646 habuit
1617 4595 1787 4649 lilium
1837 4597 2058 4653 Rohoa-

2234 4595 2338 4650 IA'.
2373 4594 2629 4664 Διάδοχον
2656 4592 2700 4644 δ’
2733 4591 2859 4662 ἔσχε
2895 4593 2994 4661 τῆς
3042 4590 3322 4660 βασιλείας
3354 4593 3440 4645 τὶν
3468 4595 3584 4647 υξδν
3622 4596 3752 4648 Ῥο·

481 4700 653 4747 mum,
687 4683 754 4737 ad
781 4699 944 4753 quem
980 4699 1104 4738 eum
1136 4684 1372 4753 pepulus
1404 4685 1779 4751 conﬂuxisset,
1814 4705 1876 4744 ac
1921 4705 2053 4761 sup-

483 4777 604 4844 plex
635 4773 905 4842 petiisset,
949 4784 1008 4827 nt
1055 4783 1210 4842 patre
1253 4775 1578 4830 clementior
1651 4780 1933 4836 servitutis
1959 4783 2054 4852 ju-

481 4881 608 4934 gum
655 4881 686 4918 a
733 4865 1027 4919 Salomone
1073 4865 1381 4920 cervicibus
1426 4866 1543 4922 suis
1597 4867 1913 4938 impositum
1969 4889 2054 4926 re-

485 4966 716 5029 laxaret,
743 4963 833 5016 ille
867 4978 924 5016 se
969 4962 1404 5017 deliberaturum
1445 4965 1541 5031 ait,
1566 4976 1623 5020 et
1651 4979 1773 5036 post
1808 4969 2049 5024 triduum

485 5069 905 5123 responsurum.
953 5054 1204 5109 Consulit
1239 5055 1423 5125 itaque
1473 5057 1719 5114 seniores
1765 5075 1830 5115 ex
1864 5063 2058 5131 patriis

485 5146 771 5210 ministris,
799 5145 933 5216 quid
972 5147 1416 5216 respondendum
1449 5160 1595 5204 esset
1623 5169 1636 5206 :
1669 5164 1916 5219 monent,
1948 5156 2058 5209 cle-

486 5244 721 5303 menter,
767 5252 876 5291 non
924 5238 1161 5306 superbe
1195 5247 1251 5292 et
1301 5251 1620 5310 arroganter
1667 5243 2056 5313 alloquendum

482 5343 604 5382 esse
637 5330 922 5398 populum.
953 5329 1082 5383 Post
1125 5340 1394 5396 senatum,
1445 5347 1502 5386 re
1527 5349 1650 5386 cum
1688 5333 2056 5390 adolescenti-

485 5422 588 5476 bus
618 5438 723 5477 una
747 5437 943 5476 secum
991 5422 1240 5478 educatis
1275 5425 1700 5491 communicata,
1733 5437 1788 5481 ct
1823 5428 2056 5481 consilio

2163 4693 2326 4762 ϐοάμ.
2350 4691 2462 4743 Καὶ
2486 4689 2513 4740 ὁ
2543 4687 2671 4750 λαὸς
2705 4683 2946 4756 συνήχθη
2980 4687 3086 4747 πᾶς
3119 4685 3255 4754 πρὸς
3288 4686 3472 4747 αὑτὸν,
3503 4687 3593 4737 καὶ
3628 4688 3749 4739 ἱκέ-

2161 4799 2318 4836 τευον
2373 4780 2678 4850 ὲλαφρῦναι
2733 4777 2916 4839 αὐτοῖς
2948 4775 3038 4828 τὸν
3070 4777 3168 4843 τῆς
3189 4776 3434 4839 δουλείας
3466 4777 3652 4843 ζυγὸν,
3684 4778 3747 4842 ὃς

2162 4873 2314 4942 παρὰ
2342 4870 2681 4941 Σολομῶντο;
2707 4869 2891 4932 αὐτοῖς
2911 4869 3264 4938 ὲπενήνεκτο,
3285 4869 3378 4920 καί
3411 4869 3502 4921 τοῦ
3530 4870 3746 4938 πατρὶς

2163 4966 2400 5034 φανῆναι
2447 4961 2832 5033 χρηστότερος.
2897 4960 2955 5012 Ὀ
2988 4959 3046 5010 δὲ
3083 4959 3392 5028 σκέψασθαι
3443 4956 3586 5025 εἶπε,
3643 4965 3747 5013 καὶ

2155 5055 2296 5126 μετὰ
2311 5055 2460 5120 τρεῖς
2491 5052 2704 5122 ἡμέρας
2734 5052 2928 5104 εἰπεῖν.
2965 5049 3217 5112 Καλέσας
3238 5049 3332 5103 οὖν
3353 5050 3480 5111 τοὺς
3503 5066 3744 5119 γηραιοο

2155 5148 2351 5217 τέρσυς
2381 5145 2488 5196 τῶν
2519 5141 2792 5213 πατρῴων
2828 5142 3200 5212 θεραπόντων,
3229 5142 3280 5194 τί
3306 5143 3374 5195 ἂν
3406 5142 3742 5212 ἀποκριθείη

2155 5240 2232 5308 τῷ
2262 5237 2408 5307 λαῷ·
2441 5237 2683 5288 κάκεῖνοι
2712 5234 3062 5304 διαλεχθῆναι
3115 5234 3300 5296 αὐτοῖς
3343 5234 3741 5286 συνεϐούλευον

2152 5332 2485 5401 ἠπιώτερον,
2547 5328 2621 5397 μὴ
2652 5327 2695 5380 δ’
2724 5327 3092 5396 ὑπερηφάνω;
3124 5325 3219 5378 καὶ
3265 5326 3541 5396 ὀγκηρῶς.
3574 5325 3745 5378 Μετὰ

2154 5423 2207 5473 ἑὲ
2239 5422 2336 5491 τὴν
2384 5420 2676 5490 γερουσίαν
2728 5421 2840 5481 τοῖς
2894 5417 3295 5488 μειρακίσκοις,
3364 5418 3525 5488 οἷπερ
3581 5416 3743 5488 αὑτῷ

1678 5597 1882 5659 Variae
1916 5597 2230 5661 lectiones
2283 5605 2344 5659 et
2385 5605 2572 5660 neten.

558 5753 668 5824 (5-26)
704 5755 918 5828 arenae
971 5755 1324 5811 Βασιλειὼν.
1380 5758 1455 5811 lta
1506 5757 1683 5812 Libros
1737 5758 2056 5828 Regnorum,

479 5823 656 5880 libros
688 5828 778 5880 alii
808 5825 1029 5897 Regum,
1055 5828 1142 5880 hic
1175 5837 1227 5882 ct
1265 5829 1395 5882 alibi
1424 5846 1530 5882 non
1565 5831 1734 5884 semel
1756 5823 1910 5884 \‘u'cat
1951 5823 2056 5886 Ζυέ

2160 5777 2340 5836 tiaras,
2377 5763 2654 5836 quomodo
2702 5764 2865 5818 etiam
2902 5764 3190 5836 plerosque
3220 5779 3284 5819 ex
3328 5765 3584 5820 Patrihus
3627 5764 3747 5821 La-

2160 5835 2286 5886 tinis
2315 5835 2614 5901 appedasse
2645 5837 2952 5890 notavimus
2983 5838 3034 5890 in
3057 5835 3234 5892 Gloss.
3265 5839 3407 5893 med.
3435 5837 3558 5892 Lat.
