3878 6572
523 403 638 466 J75

1830 402 2158 464 JOANNIS
2191 401 2512 464 ZONAIUE

3684 403 3794 468 1'76

518 517 922 584 werbigredit:
949 517 1045 574 sed
1069 518 1196 574 dum
1224 517 1316 573 illo
1331 519 1571 590 hospitio
1593 519 1816 582 fruitur,
1835 518 2072 575 divinitu

2207 522 2406 594 ἑτέραν
2439 522 2806 594 τραπόμενος.
2839 521 3311 594 Ψευδοπροφήτης
3341 522 3397 576 δέ
3431 541 3513 586 τις
3537 519 3608 595 ἦν
3639 527 3704 579 ἐν
3727 530 3800 598 τῇ

518 613 676 668 audit
701 628 786 678 se,
815 623 1108 684 propterea
1132 613 1280 682 quod
1307 613 1457 683 jussa
1490 621 1787 668 exsecutus
1815 626 1922 666 non
1955 613 2046 675 sit,
2075 628 2106 666 a

527 707 689 764 leone
725 706 1076 760 interfectum
1134 707 1225 765 iri.
1271 707 1504 761 Domum
1553 703 1861 760 rediturum
1903 703 2109 760 occidit

515 800 634 866 leo,
663 808 832 870 atque
881 801 1133 855 assidens
1160 809 1216 855 et
1254 799 1486 854 cadaver
1505 807 1562 852 et
1586 797 1899 868 jumentum
1925 805 2104 852 custo-

523 891 626 947 dit.
699 892 822 959 Quo
860 890 1342 960 pseudopropheta
1381 889 1627 959 cognito,
1664 890 1867 943 mortui
1903 904 2106 959 corpus

520 983 812 1037 collectum
838 983 1052 1051 sepelit,
1078 982 1301 1050 suisque
1329 979 1522 1034 liberis
1546 977 1769 1034 mandat
1794 988 1852 1033 ut
1872 995 1930 1034 se
1950 994 2101 1034 mor-

515 1087 674 1131 tuum
701 1078 853 1147 juxta
893 1076 1042 1130 illum
1076 1073 1394 1142 sepelirent,
1421 1089 1487 1127 eo
1518 1073 1707 1144 utique
1728 1073 1984 1136 consilio,
2012 1080 2096 1137 ut,

518 1183 643 1221 cum
669 1166 974 1222 secundum
1010 1165 1423 1234 prmdictionem
1463 1165 1610 1220 illius
1636 1165 1807 1219 altare
1823 1172 2100 1219 evertere-

518 1272 628 1321 tur,
653 1267 711 1311 et
739 1258 1086 1312 sacerdotum
1114 1273 1178 1311 ac
1203 1257 1812 1328 pseudoprophctarum
1838 1271 1962 1310 ossa
1985 1254 2098 1324 igni

516 1352 889 1413 traderentur,
938 1365 1060 1404 eam
1115 1350 1506 1404 contumeliam
1552 1351 1691 1419 ipse,
1731 1351 1884 1420 juxta
1919 1347 2102 1401 homi—

513 1459 639 1498 nem
668 1443 915 1496 divinum
937 1442 1101 1506 situs,
1125 1441 1413 1512 ellugeret.
1441 1442 1504 1496 Et
1527 1441 1643 1496 haec
1668 1442 1740 1495 ita
1771 1449 1922 1511 gesta
1949 1450 2098 1494 sunt.

2206 612 2361 666 πόλει
2391 611 2597 682 ἐκείνῃ,
2621 611 2712 664 τὸν
2753 611 3036 681 ἰερ-ιϐοάμ
3067 611 3316 675 ἀπατῶν,
3344 612 3438 664 καὶ
3468 613 3602 682 πρὸς
3632 613 3803 683 χάριν

2205 705 2354 776 αὐτῷ
2371 705 2592 777 ὁμιλῶν.
2614 697 2808 769 Οὗτος,
2838 703 3024 773 μαθὼν
3049 705 3150 758 ὅσα
3184 707 3212 758 6
3237 705 3332 758 τοῦ
3347 706 3484 758 Θεοῦ
3506 709 3802 778 προφήτης

2208 798 2302 850 καὶ
2337 797 2527 868 είρηκε
2550 797 2644 850 καὶ
2669 795 2958 865 πεποίηκε,
2992 796 3088 848 καὶ
3110 797 3187 859 ὡς
3214 797 3423 861 ἄπεισι,
3461 797 3801 862 κατεδίωξεν

2206 889 2384 941 ὀπίσω
2413 887 2604 953 αὐτοῦ,
2635 888 2728 940 καὶ
2762 887 3087 941 καταλαϐὼν
3115 891 3297 954 αὑτὸν,
3331 890 3489 957 ἠξίου
3519 891 3802 962 ἀναστρέ-

2205 979 2328 1048 ψαι,
2360 979 2455 1032 καὶ
2489 982 2619 1049 παρ’
2653 978 2804 1048 αὐτῷ
2827 979 3160 1050 ξενισθῆναι.
3189 981 3296 1034 Τοῦ
3333 982 3389 1034 δὲ
3421 984 3805 1053 ἀπαναινομὲ-

2208 1087 2322 1134 νου,
2347 1069 2422 1132 ὡς
2447 1069 2929 1140 ἀπαγορεύσαντος
2951 1071 3046 1124 τοῦ
3067 1071 3230 1137 Θεοῦ,
3253 1072 3444 1126 Ἀλλὰ
3469 1074 3630 1141 κάγὼ
3651 1089 3804 1142 προ-

2205 1163 2404 1230 φήτης
2437 1163 2580 1230 ειμι,
2629 1164 2658 1214 6
2708 1165 2952 1231 πονηρὸς
3010 1167 3221 1227 ἐκεῖνος
3273 1163 3427 1218 εἶπεν
3479 1169 3640 1237 ἀνὴρ.
3691 1168 3800 1220 καὶ

2206 1254 2331 1321 ἥκω
2358 1255 2486 1307 κατ’
2507 1253 2773 1322 ἐντολὴν
2799 1255 2906 1308 τοῦ
2934 1256 3107 1320 Θεοῦ,
3140 1257 3527 1325 ἐπιστρέψων
3553 1275 3628 1311 σε
3655 1276 3801 1325 τρα-

2207 1346 2385 1412 πέζης
2409 1363 2512 1416 μοι
2542 1347 3016 1414 κοινωνήσοντα.
3057 1351 3406 1404 Ἐπίστευσεν
3431 1352 3460 1403 6
3498 1353 3797 1423 προφήτης

2207 1442 2318 1503 τοῖς
2363 1438 2458 1493 τοῦ
2510 1439 2966 1511 ψευδοπροφήτου
3020 1441 3220 1510 λόγοις,
3274 1445 3370 1497 καὶ
3424 1443 3792 1512 ύπενόστησε.

494 1540 822 1595 ..Ξενισθὲντι
855 1538 900 1592 δ’
927 1540 1045 1592 ἐκεῖ
1095 1537 1173 1608 τῷ
1224 1540 1480 1609 προφήτῃ
1534 1537 1690 1605 λόγος
1731 1537 1949 1605 ἐγένετο
1989 1533 2230 1605 Κυρίου·
2299 1534 2416 1587 ἀνθ’
2467 1527 2543 1588 ὧν
2564 1535 2665 1588 οὐκ
2695 1536 2930 1607 ἐτήρησε
2972 1537 3039 1588 τὰ
3080 1537 3404 1591 ὲνταλθέντα
3427 1538 3598 1608 αὐτῷ,
3628 1541 3794 1593 ἀναι-

513 1635 842 1708 ρεθήσεσθαι
876 1635 1017 1688 κατά
1046 1633 1144 1704 τὴν
1182 1634 1300 1688 ὁδὸν
1353 1634 1505 1703 παρὰ
1543 1632 1774 1694 λέοντος.
1842 1631 1951 1684 Καὶ
1997 1630 2411 1699 ὑποστρέφοντα
2477 1629 2615 1681 λέων
2687 1631 2852 1682 αὑτὸν
2893 1631 3125 1694 ἔκτεινε,
3178 1636 3272 1685 καὶ
3312 1636 3792 1706 παρακαθήμενος

513 1731 782 1800 ἐφύλαττε
807 1728 1121 1798 τόννεκρδν
1178 1729 1276 1781 καὶ
1315 1726 1378 1779 τὸ
1425 1723 1741 1793 ὑποζύγιον.
1789 1723 1998 1779 Μαθὼν
2066 1722 2122 1774 δὲ
2165 1723 2222 1774 τὸ
2257 1723 2483 1789 γεγονὸς
2511 1727 2539 1774 6
2584 1722 3065 1794 ψευδοπροφήτης,
3113 1727 3439 1794 συνεκόμισε
3509 1728 3567 1778 τὸ
3618 1726 3790 1794 σῶμα

497 1826 604 1879 τοῦ
635 1825 928 1879 τεθνεῶτος
957 1820 1096 1893 (58),
1129 1821 1225 1876 κα)⁵
1254 1819 1444 1889 ἔθαψε,
1479 1820 1572 1872 καὶ
1603 1821 1713 1880 τοῖς
1750 1817 1946 1870 ἑαυτοῦ
2001 1815 2192 1868 παισὶν
2259 1815 2566 1868 ἐνετείλατο
2610 1815 2688 1885 τῷ
2728 1819 2982 1888 προφήτῃ
3033 1816 3402 1886 συγκηδεῦσαι
3444 1818 3538 1870 καὶ
3607 1816 3784 1870 αὐτοῦ

493 1923 570 1973 τὸ
594 1921 754 1989 σῶμα
786 1917 1035 1978 θανόντος
1064 1931 1076 1944 °
1111 1913 1164 1966 τὶ
1210 1912 1365 1966 τοῦτο
1398 1913 1877 1982 μηχανησάμενος,
1943 1908 2009 1961 ἵν’
2038 1910 2124 1962 ὅτε
2168 1909 2310 1962 κατὰ
2342 1909 2443 1979 τὴν
2483 1908 2692 1962 ἐκείνου
2727 1908 3064 1979 προφητείαν
3104 1913 3428 1980 κατασκαφῇ
3499 1909 3561 1962 ’τὸ
3590 1911 3789 1964 θυσια-

513 2019 754 2086 στήριον,
791 2013 886 2066 καὶ
925 2011 1032 2065 τῶν
1079 2010 1268 2081 ἱερέων
1301 2010 1394 2061 καὶ
1436 2006 1902 2078 ψευδοπροφητῶν
1951 2009 2084 2077 πυρὶ
2126 2005 2403 2077 παραδοθῇ
2464 2006 2532 2058 τὰ
2571 2006 2724 2068 ὀστᾶ,
2764 2006 2928 2069 αὐτὸς
2955 2005 3197 2079 διαφύγῃ
3235 2008 3334 2078 τήν
3377 2006 3556 2078 ὕϐριν,
3601 2010 3647 2060 εί
3699 2009 3785 2078 τῷ

510 2111 787 2181 ἀνθρώπῳ
831 2107 924 2162 τοῦ
978 2106 1115 2161 Θεοῦ
1177 2104 1584 2175 συγκατατεθῇ.
1635 2103 1824 2157 Ταῦτα
1878 2103 1978 2173 μὲν
2007 2102 2104 2156 οὖν
2138 2102 2312 2164 οὕτως
2342 2101 2582 2168 ἐγένετο.

579 2204 698 2260 ΧΠ.
733 2202 1100 2258 Jeroboamus
1147 2213 1330 2255 autem
1361 2215 1516 2254 suam
1565 2199 1905 2268 impietatem
1947 2197 2079 2252 adeo

2263 2197 2361 2250 lB'.
2402 2196 2684 2268 Ἰεροσοὰμ
2705 2197 2761 2251 δὲ
2791 2197 2888 2267 τῆς
2913 2199 3084 2269 αὐτῆς
3106 2199 3283 2270 εἴχετο
3311 2200 3587 2264 ἀσεϐείας,
3621 2201 3652 2272 ἦ
3681 2199 3784 2254 καὶ

503 2314 618 2353 non
650 2293 959 2361 minuebat,
996 2301 1055 2347 ut
1087 2293 1253 2347 etiam
1289 2295 1344 2346 in
1367 2292 1485 2346 dies
1517 2299 1762 2361 augeret,
1797 2289 1992 2343 falsum
2025 2288 2090 2343 il-

504 2390 599 2445 lud
639 2388 917 2442 editorum
945 2386 1196 2439 locorum
1223 2383 1598 2438 sacerdotium
1639 2381 1926 2451 quibusvis
1956 2396 2087 2451 pre-

491 2482 584 2535 -tio
616 2478 905 2533 venditans
938 2493 952 2530 :
992 2491 1113 2544 quae
1147 2489 1234 2529 res
1267 2489 1423 2529 noxae
1461 2473 1536 2527 illi
1567 2472 1670 2527 fuit
1711 2473 2001 2542 imputata,
2031 2481 2088 2528 et

506 2577 560 2628 in
584 2572 802 2628 familia:
831 2571 949 2642 ejus
976 2567 1283 2638 perniciem
1309 2576 1366 2621 et
1394 2565 1680 2620 interitum
1714 2565 1896 2620 vertit.
1925 2563 2084 2631 Quod

499 2669 552 2722 si
585 2668 880 2737 profanum
933 2659 1067 2715 illud
1117 2658 1489 2714 sacerdotium
1540 2658 1798 2713 addicere
1850 2657 2086 2728 pecunia

503 2760 658 2816 nefas
691 2767 776 2812 est
806 2755 1078 2820 habitum,
1111 2753 1241 2824 quid
1291 2752 1358 2806 de
1396 2751 1462 2805 iis
1501 2751 1750 2806 dicemus
1809 2753 1905 2819 qui
1953 2763 2084 2804 vere

485 2853 753 2908 divinum
788 2851 923 2904 illud
973 2846 1368 2911 sacerdotium,
1402 2861 1512 2916 quo
1552 2841 1866 2898 veneranda
1905 2842 1997 2896 illa
2027 2849 2084 2896 et

489 2947 796 3001 incruenta
824 2939 1046 2996 victima
1073 2937 1411 3000 immolatur,
1437 2936 1614 3006 pretio
1641 2934 1884 2988 vendunt
1914 2941 2081 3002 atque

493 3035 817 3093 «redimunt?
842 3033 978 3089 Cum
1011 3043 1194 3086 autem
1223 3031 1389 3084 Abias
1407 3027 1718 3084 Jeroboami
1748 3025 1892 3080 ﬁlius
1914 3039 2084 3095 argm-

498 3139 666 3197 taret,
701 3145 797 3183 rex
852 3139 1079 3182 uxorem
1127 3138 1306 3188 suam,
1342 3121 1555 3192 plebeia
1592 3129 1743 3174 veste
1803 3117 2078 3182 indutam,

499 3224 566 3278 ad
606 3223 829 3278 Achiam
863 3218 1190 3291 prophetam
1224 3215 1414 3278 mittit,
1440 3223 1887 3284 percontaturam
1944 3225 2076 3265 num

497 3335 636 3390 puer
672 3329 940 3372 evasurus
972 3320 1119 3366 esset
1150 3308 1429 3365 morbum.
1466 3307 1572 3362 Sed
1605 3305 1894 3377 propheta,
1929 3321 2079 3359 eom-

496 3419 684 3464 mento
718 3409 903 3478 agnito
931 3421 946 3460 :
980 3403 1056 3458 Ne
1092 3414 1158 3466 te,
1203 3401 1403 3471 inquit,
1445 3399 1797 3463 dissimulato,
1824 3399 2080 3454 Jeroboa-

495 3501 570 3554 mi
625 3515 758 3551 uxor
795 3499 931 3550 :sed
962 3495 1154 3547 marito
1189 3502 1275 3546 tuo
1323 3493 1500 3554 dicito,
1537 3492 1684 3560 quia,
1725 3491 1831 3543 Deo
1869 3489 2073 3553 relicto,

494 3595 604 3661 ipse
632 3593 730 3645 sibi
758 3591 876 3643 deos
905 3587 1232 3658 con/laverit,
1271 3594 1320 3638 et
1353 3583 1498 3654 regni
1528 3584 1864 3635 ninissionem
1905 3590 1952 3634 et
1988 3582 2075 3634 in-

496 3689 706 3739 teritum
762 3699 877 3735 cum
926 3681 1069 3734 omni
1120 3677 1323 3749 familia
1381 3677 1428 3729 ei
1480 3692 1590 3728 esse
1641 3675 2074 3744 exspectandum.

495 3780 766 3834 Prwtereu
809 3793 925 3829 rum
959 3773 1186 3845 papulas
1220 3773 1332 3842 ejus
1366 3775 1527 3824 etiam
1558 3771 1882 3839 impietatem
1913 3772 1979 3822 sit
2001 3786 2077 3822 se-

487 3879 665 3933 cutus,
705 3886 769 3922 ne
795 3868 946 3922 illum
978 3866 1183 3936 quidem
1210 3865 1320 3934 {ore
1340 3863 1677 3932 impunitum.
1715 3859 1791 3913 Tu
1813 3877 1934 3914 vero
1966 3863 2071 3925 abi,

495 3962 708 4024 mulier,
757 3961 928 4028 ﬁlium
967 3972 1114 4010 tuum
1161 3964 1429 4009 mortuum
1476 3955 1780 4015 inventura,
1816 3954 1906 4022 qui
1953 3968 2072 4005 cum

491 4060 619 4129 ﬂetu
665 4053 966 4125 sepelietur.
1003 4048 1162 4105 Solus
1195 4049 1333 4103 enim
1373 4063 1434 4101 ex
1458 4045 1740 4100 Jeroboam
1764 4044 1928 4098 bonus
1953 4044 2070 4114 fuit.

494 4148 714 4214 Mulier,
747 4145 1013 4214 digressa,
1045 4143 1216 4197 lilium
1263 4149 1539 4195 mortuum
1588 4139 1819 4202 invenit,
1856 4145 1913 4192 et
1946 4153 2072 4208 pro-

491 4237 673 4307 pheta:
725 4234 892 4288 verba
943 4233 1164 4287 nuntiat
1207 4231 1407 4286 marito
1440 4245 1454 4282 :
1494 4229 1696 4300 quibus
1719 4229 1832 4294 ille,
1865 4228 2072 4298 quippe

492 4329 658 4382 homo
689 4325 938 4394 corrupti
993 4323 1223 4394 ingenii,
1272 4323 1447 4378 nihilo
1491 4323 1670 4377 lactus
1711 4330 1796 4378 est
1848 4320 2068 4376 melior.

492 4420 626 4484 Sed,
649 4418 927 4473 ltoboamo
947 4424 1208 4488 regnante
1233 4414 1649 4484 Hierosolymis,
1676 4414 1956 4470 lsraelitici
1979 4429 2072 4485 ge-

491 4512 644 4566 neris
673 4508 876 4564 Levita:
908 4517 964 4563 et
995 4508 1334 4576 sacerdotes,
1368 4517 1426 4563 et
1453 4507 1544 4562 alii
1575 4524 1642 4562 ex
1668 4507 1894 4577 populo,
1937 4507 2070 4577 quid

490 4607 694 4661 bonum
757 4613 904 4660 esset
953 4604 1344 4674 intelligentcs,
1401 4604 1612 4659 relictis
1661 4603 1778 4657 suis
1825 4603 2065 4672 oppidis,

490 4699 866 4770 Hierosolyma
921 4705 1336 4752 concesserunt.
1415 4695 1572 4752 Unde
1641 4695 1910 4751 Roboami
1977 4710 2066 4749 re-

489 4807 655 4861 gnum
705 4790 1031 4860 augebatur,
1077 4790 1330 4859 quamvis
1380 4799 1435 4844 et
1482 4788 1599 4858 ipse
1649 4789 1931 4858 impietate
1977 4787 2068 4842 la:-

2189 2288 2457 2350 επεδίδου,
2491 2289 2614 2342 καθ’
2645 2289 2883 2360 ἑκάστην
2925 2293 3282 2362 παρανομῶν,
3317 2295 3410 2346 καὶ
3465 2296 3778 2364 χρημάτων

2186 2381 2285 2452 τήν
2307 2381 2478 2452 ψευδῆ
2511 2383 2618 2435 τῶν
2661 2383 2884 2454 ὑψηλῶν
2920 2383 3224 2454 ίερωσύνην
3256 2388 3488 2456 παρεῖχε
3537 2388 3649 2450 τοῖς
3681 2386 3782 2440 θεῖ-

2185 2473 2370 2527 λουσιν
2393 2472 2574 2529 ὢνιον.
2605 2475 2714 2527 Καὶ
2746 2477 2826 2539 εἰς
2856 2477 3134 2547 ἁμαρτίαν
3164 2480 3194 2550 ή
3229 2478 3427 2548 πρᾶξις
3479 2479 3616 2548 αὕτη
3654 2480 3780 2532 ἑλο-

2185 2567 2349 2636 γέσθη
2385 2566 2555 2638 αὐτῷ,
2597 2567 2690 2620 καὶ
2753 2569 2833 2632 είς
2890 2569 3200 2640 ἀφανὲσμδν
3251 2570 3346 2624 τοῦ
3401 2573 3552 2625 οἴκου
3600 2572 3775 2626 αὐτοῦ

2183 2659 2398 2729 γέγονε,
2432 2661 2526 2713 καὶ
2558 2663 2637 2724 εἰς
2670 2661 2915 2733 ὄλεθρον.
2972 2662 3032 2714 Εἰ
3066 2661 3121 2715 δὲ
3153 2662 3212 2715 τὸ
3249 2662 3350 2734 τὴν
3383 2665 3598 2735 ἀνίερον
3626 2667 3778 2719 ἐκεί-

2183 2772 2280 2824 νην
2306 2756 2608 2828 ἱερωσύνην
2631 2757 2977 2810 ἀποδίδοσθαι
3014 2759 3312 2830 χρημάτων
3353 2762 3595 2831 ἁμαρτία
3621 2763 3777 2816 λελό-

2182 2865 2358 2917 γιστο,
2387 2848 2441 2900 τί
2469 2850 2534 2902 ἄν
2564 2867 2648 2913 τις
2672 2851 2815 2903 εἴποι
2835 2868 2899 2903 πε
2912 2852 2963 2922 pi
2985 2851 3094 2904 τῶν
3119 2852 3445 2906 πωλούντων
3473 2856 3568 2907 καὶ⁵
3600 2855 3778 2909 ὠνου-

2185 2941 2361 3012 μένων
2391 2941 2489 3012 τὴν
2523 2942 2676 2995 θείαν
2710 2943 2878 3003 ὅντως
2917 2943 3238 3015 ἱερωσύνην,
3269 2946 3367 3016 τήν
3398 2947 3494 3017 τῆς
3527 2949 3774 3018 φρικτῆς

2182 3034 2274 3084 καὶ
2323 3033 2660 3104 ἀναιμάκτου
2720 3034 2915 3097 θυσέας
2977 3035 3331 3110 τελεστικήν;
3393 3039 3650 3112 Ἐνόσησε
3709 3043 3771 3095 δὲ

2193 3123 2351 3178 Ἀδιά
2382 3127 2411 3178 6
2457 3126 2571 3190 υίὸς
2635 3126 2936 3200 Ἰεροϐοὰμ,
2989 3131 3082 3183 καὶ
3129 3131 3337 3185 ἔστειλε
3380 3133 3478 3204 τήν
3526 3139 3772 3203 γυναῖκα

2179 3217 2344 3270 αὖτοῦ
2367 3219 2394 3271 6
2424 3217 2679 3288 βασιλεὺς
2711 3222 2847 3291 πρὸς
2869 3223 3023 3292 ’Λχιά
3046 3224 3138 3276 τὸν
3183 3225 3490 3295 προφήτην,
3524 3229 3572 3278 εί
3605 3229 3772 3295 ζήσε-

2178 3326 2266 3362 ται
2299 3312 2704 3381 ὲρωτήσουσαν.
2747 3314 2812 3366 Ἢ
2845 3315 2924 3382 δὲ,
2951 3316 3226 3387 ἰδιωτικὴν
3260 3323 3766 3392 μεταμφιεσαμένη

2179 3402 2392 3474 στολὴν,
2434 3405 2666 3472 ἀπῆλθε.
2725 3407 2832 3459 Καὶ
2864 3408 2892 3459 6
2923 3410 3209 3480 προφήτης
3251 3410 3311 3463 τὸ
3358 3411 3541 3481 δρᾶμα
3572 3413 3766 3481 γνούς’

2179 3497 2275 3564 Μὴ
2299 3499 2523 3565 κρύπτε
2554 3498 2815 3567 σαυτὴν,
2850 3501 3024 3570 γύναι
3059 3501 3382 3573 Ἱεροϐοάμ,
3413 3505 3539 3574 ἔφη.
3569 3507 3766 3558 “Amas

2177 3588 2266 3652 δὲ,
2293 3589 2392 3642 καὶ
2425 3589 2504 3656 τῷ
2534 3590 2710 3659 ἀνδρί
2747 3609 2864 3647 σου
2891 3595 3040 3657 ειπὲ,
3082 3595 3172 3649 ὅτι
3214 3595 3375 3650 Ἐπεὶ
3408 3597 3768 3652 καταλιπὼν

2176 3679 2285 3733 τὸν
2309 3683 2478 3747 Θεὸν,
2529 3681 2766 3748 σεαυτῷ
2814 3684 2988 3751 θεοὺς
3042 3687 3335 3754 ἐποίησας
3393 3690 3762 3756 χωνευτοὺς,

2176 3770 2486 3837 προσδόκα
2511 3772 2626 3839 τήν
2653 3791 2715 3826 τε
2741 3775 3070 3837 βασιλείαν
3097 3777 3629 3846 ἀφαιρεθήσεσθαι,
3656 3780 3760 3833 καὶ

2176 3862 2358 3928 αὐτὸς
2391 3861 2660 3934 narrem?
2696 3866 3340 3937 ὲξολοθρευθήσεσθαι.
3375 3871 3507 3924 Ὀτι
3551 3870 3619 3924 δέ
3655 3889 3762 3925 σοι

2175 3955 2546 4022 ἀσεϐήσαντι
2599 3957 2697 4011 καὶ
2724 3959 2790 4012 τὸ
2816 3959 3049 4028 πλῆθος
3078 3961 3598 4031 ἐπηκολούθησεν,
3627 3963 3762 4018 οὐδ’

2174 4047 2371 4101 ἐκεῖνο
2395 4048 2563 4118 μένει
2592 4050 2980 4120 ἀτιμώρητον.
3014 4052 3097 4104 Σὺ
3128 4052 3196 4104 δὲ
3215 4052 3404 4118 ἄπιθι,
3438 4055 3632 4123 γύναι,
3656 4054 3763 4108 και

2176 4139 2436 4194 θανόντα
2456 4139 2739 4210 εὑρήσεις
2764 4142 2870 4195 τὸν
2891 4141 3076 4196 παῖδὰ
3102 4159 3241 4210 σου,
3269 4144 3336 4210 ὃς
3367 4146 3462 4198 καὶ
3488 4147 3763 4216 ταφήσε-

2173 4248 2267 4286 ται
2287 4235 2625 4302 θρηνηθείς.
2659 4235 2860 4301 Μόνος
2889 4235 3001 4305 γὰρ
3033 4235 3104 4300 ἐξ
3139 4235 3441 4308 Ἰεροόοὰμ
3471 4235 3652 4306 οὗτος
3675 4235 3764 4308 ἦν

2174 4324 2412 4394 ἀγαθός.
2457 4325 2791 4380 Ἀπελθοῦσα
2814 4327 2871 4380 δὲ
2906 4329 2938 4397 ή
2975 4327 3131 4398 γυνή,
3169 4333 3260 4382 τὸν
3299 4329 3401 4398 μὲν
3431 4327 3597 4385 παῖδα
3624 4324 3758 4402 εὗρε

2175 4417 2406 4471 θανόντα
2425 4434 2438 4448 ο
2478 4418 2556 4488 τῷ
2585 4419 2643 4472 δὲ
2664 4419 2822 4490 ἀνδρὶ
2850 4420 2919 4472 τὰ
2947 4421 3097 4492 παρά
3127 4421 3223 4474 τοῦ
3255 4424 3538 4494 προᾳήτου
3572 4425 3761 4495 ἀπήγ-

2173 4511 2374 4579 γειλεν.
2411 4510 2578 4564 Οὐδὲν
2622 4510 2678 4564 δὲ
2733 4511 2791 4577 ἐξ
2846 4511 3071 4566 ἐκείνων
3107 4513 3426 4586 ἔϐελτιὼθη,
3464 4518 3760 4586 τυγχάνων

2172 4601 2453 4665 ἀσύνετος.
2496 4601 2733 4674 Ῥοϐοάμ
2765 4602 2863 4657 τοῦ
2897 4604 3013 4658 υίοῦ
3044 4605 3390 4676 Σολομῶντος
3437 4607 3760 4677 βασιλεύονι

2171 4711 2261 4756 τος
2291 4695 2348 4747 ὲν
2387 4695 2763 4766 Ἰερουσαλήμ,
2792 4699 2840 4750 oi
2869 4700 3021 4764 παρὰ
3047 4700 3159 4762 τοῖς
3183 4699 3546 4770 Ἰσραηλίταις
3582 4701 3758 4770 ἱερεῖς

2172 4788 2268 4840 καὶ
2307 4785 2551 4856 Λευῖται,
2607 4788 2701 4842 καὶ
2735 4789 2848 4843 ὅσοι
2877 4791 2970 4844 τοῦ
3002 4791 3239 4862 πλήθους
3287 4787 3431 4864 ἦσαν
3474 4793 3758 4858 συνιέντες

489 4883 623 4936 serit
683 4882 890 4944 Deum,
948 4889 1004 4935 et
1065 4889 1174 4934 tota
1241 4879 1466 4935 Iudaica
1527 4881 1723 4936 domus
1791 4880 1886 4935 Dei
1947 4879 2062 4934 cul-

2183 4881 2230 4934 εδ
2263 4880 2488 4951 ἀγαθὸν,
2522 4883 2858 4946 ἀποστάντες
2884 4883 2991 4936 τῶν
3025 4884 3171 4937 ίδίων
3203 4883 3427 4949 πόλεων,
3455 4885 3534 4947 είς
3582 4885 3756 4954 Ἱερο-

491 4981 606 5028 tum
637 4974 956 5040 neglexerit.
986 4971 1354 5040 Quamobrem
1399 4971 1638 5028 Susacus
1682 4971 2062 5044 Egyptiorum

487 5079 585 5121 rex
619 5081 742 5121 cum
783 5065 994 5138 magnis
1027 5066 1202 5136 copiis
1247 5065 1495 5120 ascendit
1524 5066 1919 5138 Hierosolyma,
1956 5067 2066 5120 Ro-

2171 4973 2379 5044 σόλυμα
2433 4974 2849 5046 παραγίνονται.
2900 4974 3212 5029 Κάντεῦθεν
3264 4977 3296 5045 ἡ
3349 4975 3598 5046 βασιλεία
3649 4977 3752 5029 τοῦ

2175 5066 2411 5136 Ῥοϐοὰμ
2433 5065 2653 5137 ηὔξητο.
2691 5069 2750 5121 '0
2779 5069 2835 5122 δὲ
2869 5071 2961 5123 καὶ
2989 5071 3153 5133 αὐτὸς
3173 5069 3444 5141 ἠσέϐησεν
3476 5071 3555 5130 είς
3585 5069 3751 5134 Θεὸν,

487 5159 685 5213 boamo
702 5159 815 5229 89
834 5160 1091 5229 quintum
1114 5159 1226 5230 jam
1254 5173 1459 5212 annum
1490 5167 1790 5231 regnante;
1830 5160 1925 5230 qui
1955 5175 2063 5213 una

2183 5165 2260 5214 u‘t
2313 5161 2418 5223 πᾶς
2473 5162 2501 5212 6
2540 5161 2884 5225 οἶκοςἸούδα
2934 5163 3034 5232 τῆς
3088 5162 3184 5215 τοῦ
3251 5162 3385 5215 Θεοῦ
3441 5161 3753 5231 θρησκείας

487 5265 614 5306 cum
665 5251 868 5323 populo
923 5252 978 5304 in
1032 5252 1168 5306 urbe
1215 5251 1548 5314 conclusus,
1605 5251 1836 5305 salutem
1873 5268 1902 5304 a
1951 5251 2060 5305 Deo

2183 5253 2610 5325 ιατωλιγὼρησε.
2659 5256 2749 5307 Διὸ
2784 5257 2878 5309 καὶ⁵
2920 5255 3086 5327 ἀνέϐη
3125 5255 3403 5321 Σουσακὶμ
3435 5257 3462 5307 6
3487 5253 3751 5322 βασιλεὺς

489 5345 632 5398 votis
671 5344 1074 5414 exposcebant,
1116 5344 1312 5399 delicta
1354 5361 1453 5398 sua
1499 5343 1849 5398 conﬁtentes.
1915 5343 2060 5399 Deus

2183 5345 2436 5414 ίίγύπτου
2473 5348 2564 5400 ἐπὶ
2609 5349 2968 5420 Ἰερουσαλήμ
3027 5350 3165 5420 μετὰ
3198 5347 3424 5420 βαρείας
3457 5347 3749 5417 δυνάμεως

1681 5479 1888 5539 Varia;
1924 5479 2232 5540 lectiones
2273 5489 2334 5542 et
2382 5493 2572 5544 noue.

553 5599 666 5670 (58)
699 5605 1068 5670 Συνεκόμισε
1107 5604 1216 5657 τοῦ
1244 5603 1586 5668 τεθνεῶτος.
1643 5604 1722 5656 τὰ
1764 5604 1916 5664 ὀστᾶ,
1963 5611 2058 5655 aut

479 5665 828 5739 τάλείψανα,
862 5665 1051 5730 tle-esse
1101 5676 1336 5738 videtur,
1379 5665 1557 5744 inquit
1591 5674 1839 5731 Wolﬁus,
1888 5689 2050 5741 quam

478 5749 809 5806 postremam
859 5760 1046 5799 vocem
1107 5748 1334 5800 immisit
1393 5748 1445 5798 iu
1498 5754 1704 5797 textum
1752 5744 1894 5798 :sed
1927 5745 2052 5798 cod.

475 5811 722 5885 Colbert.
759 5813 921 5868 habet
954 5817 1012 5868 τὸ
1054 5818 1211 5885 σῶμα
1244 5817 1335 5869 τοῦ
1365 5816 1678 5877 τεθνεῶτος.

553 5884 664 5954 (59)
698 5888 765 5938 Ei
798 5885 866 5938 δὲ
898 5887 1009 5954 τὴν
1043 5884 1328 5956 σήμερον.
1357 5887 1543 5956 Carpit
1583 5885 1683 5941 hoc
1724 5885 1845 5939 loco
1877 5884 2052 5938 Zona-

2169 5619 2257 5657 ras
2297 5605 2632 5663 simoniacos
2663 5624 2778 5663 suae
2820 5610 3019 5671 :etatis,
3067 5608 3209 5677 apud
3257 5620 3494 5669 brzecos,
3531 5622 3746 5674 mores,

2163 5677 2469 5742 cujusmodi
2504 5678 2671 5733 fuisse
2702 5694 2764 5732 ea
2795 5680 3022 5747 ipsumet
3054 5687 3374 5746 tempestate
3409 5678 3553 5743 apud
3583 5679 3741 5732 Lati-

2162 5747 2710 5820 nos_ol_iservavimus
2742 5751 2793 5802 in
2819 5765 2956 5804 nova
2975 5751 3272 5820 appendicc
3296 5750 3361 5802 ad
3398 5749 3741 5804 Glossarium

2163 5816 2305 5869 med.
2335 5815 2450 5872 Lat.
2477 5819 2530 5872 in
2562 5837 2617 5886 ν,
2643 5820 2955 5874 Ιίνιιλίηεηίία⁸
