3910 6588
473 397 580 462 179
1206 450 1227 462 .
1803 397 2037 457 JOANLV

2169 397 2491 456 ΖΟΝΛΒᾸΞ
3642 397 3766 462 180

470 523 690 568 auctus.
719 511 1028 568 Rctln-zenti
1052 512 1359 568 exercitum
1391 511 1503 583 regi
1531 511 1801 582 propheta
1827 511 2037 566 Azaria:

2153 509 2246 580 ἀφ’
2273 504 2335 563 οὗ
2368 509 2527 564 τοῦτο
2557 511 2805 583 ἐπρίατο.
2858 514 3074 585 Χείρων
3109 513 3218 568 τῶν
3253 512 3361 586 πρὸ
3392 512 3557 568 αὑτοῦ
3589 530 3772 582 γεγο-

471 605 753 668 occurrit,
787 606 1034 661 victoria:
1073 607 1245 662 Deum
1279 616 1337 661 et
1365 607 1471 676 ipsi
1501 615 1554 661 et
1590 605 1793 675 populo
1825 615 2037 674 proptet

2157 601 2285 666 νὼς,
2313 603 2410 656 καὶ
2446 605 2784 675 κατέστρεψε
2816 606 2913 677 τὴν
2943 607 3089 678 ζωήν
3113 609 3172 660 ἐν
3212 609 3498 679 Σαμαρείᾳ
3529 606 3765 661 δώδεκα

465 692 696 762 justitiae
728 693 938 747 cultum
969 704 1255 749 auctorem
1288 695 1564 750 exstitisse
1600 694 1868 749 allirmat:
1903 696 2037 764 quoc'

2159 695 2487 765 βασιλεύσας
2511 697 2816 762 ἐνιαυτούς.
2853 701 2919 752 Ἠ
2955 701 3012 752 δέ
3045 701 3294 770 βασιλεία
3324 701 3623 770 περιῆλθεν
3670 701 3766 762 είς

469 782 516 837 si
543 785 803 838 virtutem
847 785 1125 849 colerent,
1159 785 1212 838 in
1252 795 1534 854 posterum
1569 784 1736 838 etiam
1772 785 1892 839 fore
1922 785 2037 839 feli-

2168 789 2374 858 Ἀχαέιϐ
2407 789 2496 841 τὸν
2534 789 2649 842 υίὸν
2680 791 2870 845 αὐτοῦ.
2899 794 2963 846 Ol
2991 796 3090 862 μὲν
3122 789 3217 846 οὖν
3244 793 3351 846 τῶν
3382 791 3764 863 Ἰσραηλιτῶν

469 889 594 929 ces:
627 876 711 929 sin
736 876 831 930 Dei
863 876 1116 931 mandata
1150 876 1536 947 neglexissent,
1567 876 1756 931 multis
1786 878 2037 932 :erumnit

2158 883 2396 951 βασιλεῖς
2430 884 2517 937 ἄλ)
2532 901 2590 946 ος
2646 884 2734 936 ἐπ’
2765 886 2910 956 ἄλλῳ
2941 887 3029 941 διὰ
3055 889 3154 955 τὴν
3186 889 3534 956 παρανομίαν
3561 884 3766 941 αὐτῶν

470 967 905 1024 conflictaturos.
939 972 1042 1026 Asa
1080 971 1246 1040 igitur
1285 971 1393 1024 vita
1439 969 1527 1038 pie
1555 978 1710 1031 acta.
1749 977 1806 1024 et
1831 969 2037 1040 longam

2155 978 2213 1028 ἐν
2242 977 2406 1046 ὀλίγῳ
2431 979 2606 1048 χρόνῳ
2638 979 3030 1050 διεφθάρησαν.
3055 981 3108 1034 Ἀ
3123 981 3188 1034 σὰ
3210 981 3264 1033 δὲ
3289 981 3317 1034 6
3343 981 3441 1050 τῆς
3475 981 3769 1050 Ἰερουσα-

467 1073 808 1119 senectutem
844 1066 1096 1130 adeptus,
1121 1064 1256 1118 obiit
1277 1078 1420 1116 anno
1446 1064 1599 1133 regni
1631 1062 1810 1132 primo
1832 1075 1887 1119 et
1910 1080 2037 1134 qua-

2153 1068 2264 1140 λὴμ
2301 1069 2557 1140 βασιλεὺς
2618 1073 2874 1144 θεοφιλὴς
2905 1071 3002 1143 ἦν’
3031 1070 3091 1129 οὗ
3121 1074 3199 1145 τῷ
3219 1075 3432 1144 δεκάτῳ
3463 1076 3559 1144 τῆς
3591 1074 3770 1144 βασι’

467 1151 801 1223 dragesimo,
830 1155 940 1210 tilio
971 1155 1268 1225 Josaphato
1301 1155 1494 1210 relicto
1525 1170 1867 1212 successore.

2160 1161 2311 1225 λείας
2340 1163 2449 1216 ἔτει
2491 1167 2518 1217 6
2583 1165 2839 1236 βασιλεὺς
2873 1166 3148 1220 Αἰθιόπων
3180 1166 3467 1236 στρατεύει
3501 1165 3626 1218 κατ’
3652 1165 3770 1217 αὑ-

467 1249 563 1302 τοῦ
599 1253 739 1321 μετὰ
781 1253 1009 1323 βαρείας
1041 1252 1348 1322 δυνάμεως.
1382 1254 1442 1306 '0
1469 1253 1524 1306 δέ
1554 1252 1648 1306 τὸν
1711 1253 1846 1308 Θεὸν
1888 1255 2178 1328 σύμμαχον
2208 1260 2564 1329 ἐπεκέκλητο.
2636 1263 2730 1315 καὶ
2788 1262 3137 1332 συμπλακεὶς
3169 1265 3282 1325 τοῖς
3311 1260 3544 1330 Αἰθίοψι,
3619 1257 3768 1310 πολ-

467 1337 590 1403 λοὺς
628 1341 728 1409 μὲν
757 1342 968 1394 ἀνεῖλε·
1002 1344 1129 1407 τοὺς
1154 1344 1210 1396 δὲ
1261 1343 1483 1406 λοιποὺς
1549 1344 1825 1410 φυγόντας
1878 1345 2090 1414 ἐδίωξε,
2135 1349 2229 1401 καὶ
2259 1351 2358 1420 τὴν
2388 1351 2745 1422 παρεμϐολὴν
2799 1353 3032 1406 ἐκείνων
3090 1353 3381 1424 διήρπασε,
3409 1352 3504 1405 καὶ
3571 1347 3768 1402 πολλὰ

465 1434 630 1496 αὐτὸς
655 1437 748 1489 καὶ
786 1440 814 1490 ὁ
847 1437 973 1501 λαὸς
1016 1439 1346 1510 ἐκομίσαντο
1374 1439 1614 1508 λάφυρα.
1676 1439 2098 1508 ’Λναζευγνύντι
2137 1443 2192 1497 δέ
2252 1445 2328 1513 τῷ
2355 1443 2568 1514 βασιλεῖ
2601 1447 2694 1499 καὶ
2722 1431 2788 1517 τῇ
2830 1449 3070 1518 στρατιᾷ.
3104 1447 3132 1498 6
3172 1448 3461 1516 προφήτης
3483 1442 3764 1513 ’Λζαρίας

465 1529 810 1601 ὑπαντήσας,
861 1529 961 1599 τῆς
997 1530 1151 1600 νίκης
1187 1532 1281 1582 τὸν
1320 1529 1454 1582 Θεὸν
1483 1527 1624 1584 εἶναι
1655 1531 1804 1600 αὐτῷ
1873 1533 2078 1605 δοτῆρα
2119 1531 2264 1600 εἷπε,
2300 1538 2393 1589 καὶ
2417 1536 2492 1606 τῷ
2527 1536 2662 1607 λαῷ,
2697 1537 3048 1612 δικαιοσύνης
3087 1539 3564 1608 ἐπιμελουμένοις.
3633 1537 3760 1588 Καὶ

468 1621 717 1693 μετιοῦσι
775 1622 877 1690 μὲν
932 1622 1132 1692 ἀρετὴν
1186 1622 1530 1691 εὐδαιμονίας
1587 1623 1682 1676 καὶ
1732 1625 2015 1680 εἰσέπειτα
2083 1628 2490 1699 ἐπηγγείλατο·
2562 1631 2749 1686 τῶνδὲ
2776 1631 2871 1685 τοῦ
2900 1633 3037 1685 Θεοῦ
3067 1633 3296 1687 ἐντολῶν
3361 1630 3761 1702 κατολιγωρή-

467 1733 615 1781 σασι,
650 1716 821 1770 πολλὰ
864 1717 1240 1786 συμϐήσεσθαι
1289 1717 1527 1786 λυπηρά.
1566 1717 1699 1770 Ἀσὰ
1746 1720 1948 1785 τοίνυν,
1989 1723 2046 1776 ἐν
2095 1723 2348 1792 εὐσεϐείᾳ
2379 1724 2478 1794 τὴν
2522 1725 2669 1795 ζωὴν
2714 1725 2944 1790 ἀνύσας,
2992 1725 3089 1778 καὶ
3128 1728 3208 1789 είς
3252 1727 3429 1796 γῆρας
3465 1727 3755 1794 καταντή-

467 1825 568 1873 σας
615 1810 774 1880 βαθὺ,
835 1809 1084 1880 τέθνηκε,
1153 1809 1478 1877 βασιλεύσας
1541 1810 1824 1873 ἐνιαυτοὺς
1888 1812 1974 1881 ἐφ’
2034 1813 2114 1866 ἑνὶ
2165 1815 2598 1886 τεσσαράκοντα,
2653 1817 2922 1885 Ἰωσαφὰτ
2957 1817 3143 1887 οίκείῳ
3197 1816 3298 1888 υἱῷ
3327 1816 3422 1889 τὴν
3452 1817 3765 1887 ἡγεμονίαν

467 1921 644 1957 κατα).
654 1921 814 1957 ιπων.

539 1993 675 2050 XIII.
715 1992 974 2049 Achabus
1002 2003 1187 2049 autem
1215 1994 1478 2049 Samaria:
1515 1997 1718 2066 regiam
1757 1996 2010 2053 incolens
2031 2038 2046 2060 ,

463 2087 914 2143 antecessoribus
961 2087 1079 2142 suis
1116 2087 1400 2156 impietate
1441 2089 1697 2158 superior
1723 2129 1738 2156 ,
1776 2089 1844 2144 ab
1880 2105 2049 2143 uxore

461 2181 711 2236 .Iezabele
735 2180 907 2252 magis
925 2181 1090 2236 etiam
1115 2181 1182 2234 ad
1208 2180 1620 2250 improbitatem
1651 2181 2050 2236 exstimulaba-

466 2285 576 2328 tur.
610 2275 739 2329 Erat
781 2275 868 2327 illa
900 2273 1042 2344 regis
1065 2273 1192 2344 Tyri
1221 2282 1278 2327 et
1301 2273 1526 2329 Sidonis
1552 2273 1685 2336 tilia,
1716 2275 2046 2329 muliercula

462 2369 617 2423 ferox
648 2377 704 2422 et
731 2367 906 2422 audax
931 2407 944 2431 ,
983 2382 1107 2437 quae
1134 2366 1264 2420 Belo
1295 2365 1399 2421 deo
1439 2382 1540 2421 suo
1572 2367 1744 2421 aedem
1795 2366 2046 2421 condidit

2232 1997 2330 2050 II".
2363 1995 2567 2066 Ἀχαὰϐ
2594 1995 2650 2048 δέ
2683 1999 2740 2050 ἐν
2769 1997 3052 2068 Σαμαρείᾳ
3075 1997 3342 2068 ἐκέκτητο
3373 1999 3440 2052 τὰ
3467 1997 3760 2069 βασίλεια,

2155 2090 2284 2155 τοὺς
2318 2091 2426 2161 πρὸ
2455 2091 2619 2143 αὐτοῦ
2651 2089 3038 2162 παραδραμὼν
3068 2093 3148 2156 είς
3178 2093 3458 2158 ἀσέϐειαν,
3493 2095 3588 2147 καὶ
3640 2094 3764 2146 ὑπὸ

2155 2183 2258 2252 τῆς
2287 2182 2547 2250 γυναικὸς
2593 2183 2837 2246 Ἰεζάϐελ
2871 2185 3075 2254 μᾶλλον
3115 2187 3194 2248 είς
3227 2186 3428 2239 κακίαν
3479 2185 3764 2255 προϐιϐα-

2157 2271 2328 2337 σθεὶς,
2377 2273 2411 2344 ἥ
2465 2271 2558 2325 τοῦ
2597 2272 2866 2342 βασιλέως
2904 2274 3004 2344 μὲν
3039 2275 3222 2346 Τύρου
3261 2281 3354 2330 καὶ
3380 2277 3615 2340 Σιδῶνος
3649 2277 3760 2330 θυ-

2154 2364 2332 2435 γάτηρ
2368 2360 2456 2435 ἦν,
2511 2365 2704 2435 ἰταμὸν
2741 2365 2798 2419 δὲ
2837 2367 2932 2420 καὶ
2963 2367 3238 2438 τολμηρὸν
3290 2368 3533 2436 γύναιον.
3584 2369 3754 2440 Αὕτη

462 2472 519 2516 et
561 2461 746 2515 lucum
774 2459 1143 2523 consecravit,
1178 2440 1564 2514 sacerdotibus
1598 2460 1766 2514 etiam
1799 2469 1855 2514 et
1884 2475 2037 2531 pseu‘

2151 2457 2276 2510 ναὸν
2303 2457 2380 2526 τῷ
2421 2457 2608 2528 οἰκείῳ
2639 2455 2748 2526 θεῷ
2777 2456 2856 2527 τῷ
2903 2457 3013 2530 Βὴλ
3042 2458 3379 2530 ἐδωρήσατο,
3431 2459 3527 2512 καὶ
3575 2461 3757 2524 ἄλσος

463 2553 826 2621 ιΙοῃΓοιιΙιειίε
856 2552 1144 2608 institutis.
1173 2549 1320 2606 Elias
1345 2561 1527 2606 autem
1549 2552 1686 2606 urbe
1715 2551 1932 2606 Thesha
1951 2567 2045 2606 or-

464 2655 589 2710 tus,
639 2662 956 2715 perversam
1003 2648 1147 2718 regis
1187 2659 1242 2704 et
1280 2647 1465 2716 populi
1503 2646 1825 2714 religionem
1860 2644 2045 2698 animo

465 2741 816 2810 iniquissimo
842 2741 1062 2808 ferens,
1100 2744 1324 2798 Aehabo
1350 2742 1426 2796 ait
1457 2761 1469 2794 :
1501 2741 1584 2794 Ita
1610 2741 1732 2794 vivit
1765 2738 2045 2806 Dominus,

464 2843 521 2886 ut
555 2833 735 2902 pluvia
781 2850 884 2887 non
925 2834 1221 2899 descendet,
1264 2835 1364 2888 nisi
1399 2834 1470 2886 ad
1503 2847 1680 2902 preces
1723 2847 1885 2884 meas.
1922 2830 2048 2884 lla'c

463 2926 756 2991 elocutus,
805 2943 871 2981 ex
921 2927 1182 2982 mandato
1222 2927 1316 2982 Dei
1348 2925 1414 2980 ad
1469 2922 2042 2980 torrentcmChorath

465 3018 634 3086 abiit,
666 3020 758 3074 ubi
795 3037 824 3074 a
855 3021 1039 3076 corvis
1068 3020 1349 3083 alebatur,
1381 3019 1473 3089 qui
1535 3033 1696 3072 mane
1731 3032 1922 3086 panes,
1949 3031 2044 3071 ve-

465 3112 613 3181 speri
637 3112 920 3167 carnesilli
942 3113 1266 3178 all'erebant;
1284 3121 1471 3182 potum
1493 3108 1772 3182 pra-[iebat
1796 3119 2042 3164 torrens:

464 3221 576 3276 quo
600 3207 911 3272 cxsiccato,
950 3205 1316 3277 Sarephtham
1349 3207 1462 3260 Deo
1495 3213 1753 3260 monente
1783 3202 1918 3264 abit,
1952 3217 2044 3256 ur-

464 3299 591 3354 bem
624 3301 768 3355 intra
801 3300 1004 3372 Tyrum
1036 3311 1093 3356 et
1133 3301 1395 3356 Sidonem
1437 3301 1600 3355 sitam
1629 3318 1642 3354 :
1675 3308 1803 3354 ante
1833 3313 1996 3369 quam
2025 3337 2041 3362 ,

462 3408 587 3448 cum
608 3393 660 3446 in
681 3393 967 3448 mulierem
987 3393 1277 3462 quamdam
1299 3393 1599 3457 incidisset,
1622 3400 1744 3447 orat
1767 3401 1825 3446 ut
1844 3407 2040 3461 aquam

462 3487 564 3542 sibi
596 3487 789 3542 all‘erat
819 3507 830 3542 :
865 3503 986 3558 qua:
1013 3488 1142 3543 dum
1177 3488 1312 3554 abit,
1343 3495 1400 3543 ut
1430 3502 1626 3558 panem
1657 3485 1822 3541 etiam
1849 3484 2044 3540 alierat

462 3581 619 3651 petit.
681 3581 834 3636 Illam
861 3582 1138 3652 jurantem
1175 3582 1279 3636 sibi
1317 3581 1582 3652 pugillum
1614 3579 1883 3634 duntaxat
1909 3577 2043 3631 fari-

462 3689 547 3728 na:
570 3690 739 3728 unum
775 3689 918 3737 esse,
949 3685 1004 3728 et
1033 3674 1333 3744 pauxillum
1364 3673 1496 3737 olei,
1532 3671 1762 3742 proinde
1791 3685 1850 3724 se
1883 3669 2040 3723 abire

461 3764 531 3818 ad
572 3765 877 3835 colligenda
923 3775 1239 3828 sarmenta,
1290 3773 1349 3818 ut
1399 3765 1659 3834 exiguum
1705 3761 1890 3816 cibum
1933 3759 2038 3814 sibi

2149 2551 2438 2619 ἐφύτευσε,
2473 2553 2568 2604 καὶ
2597 2552 2763 2620 ἱερεῖς
2798 2550 2969 2621 αὐτῷ,
3015 2553 3106 2605 καὶ
3147 2551 3606 2624 ψευδοπροφήτας
3637 2571 3748 2606 κα-

2147 2643 2430 2714 τέστησεν.
2455 2642 2640 2696 Ἥλιοῦ
2670 2645 2728 2697 δὲ
2767 2646 2794 2697 6
2833 2644 3122 2714 προφήτης
3145 2647 3209 2698 ἐκ
3245 2645 3453 2708 πόλεως
3497 2646 3746 2714 Θέσϐης,

2147 2734 2400 2806 ζηλώσας
2432 2737 2526 2789 ἐπὶ
2560 2739 2679 2800 ταῖς
2735 2736 3016 2800 ἀσεϐείαις
3055 2737 3150 2790 τοῦ
3189 2738 3454 2808 βασιλέως
3493 2738 3590 2792 καὶ
3636 2738 3744 2792 τοῦ

2148 2825 2299 2891 λαοῦ,
2319 2822 2440 2879 εἷπε
2469 2828 2606 2896 πρὸς
2623 2829 2830 2898 ’Λχαᾶϐ
2855 2847 2868 2860 ·
2897 2833 2942 2881 Ζ
2949 2828 2983 2896 ᾖ
3015 2831 3246 2897 Κύριος,
3273 2834 3322 2885 εί
3351 2831 3524 2885 ἔσται
3547 2832 3754 2898 ὑετὸς,

2125 2920 2197 2971 ξει
2229 2916 2316 2987 μὴ
2344 2917 2442 2972 διὰ
2467 2921 2656 2989 λόγου
2707 2937 2848 2988 μου.
2909 2921 3021 2974 Καὶ
3049 2921 3224 2976 ταῦτα
3251 2921 3442 2985 εἰπὼν,
3494 2922 3755 2992 ἀπῆλθεν

2147 3015 2205 3066 ἐν
2241 3013 2316 3082 τῷ
2342 3014 2631 3084 χειμάρρῳ
2654 3013 2836 3084 Χορὰο
2897 3013 3021 3066 κατ’
3049 3014 3271 3085 ἐντολὴν
3299 3016 3391 3068 τοῦ
3413 3014 3579 3068 Θεοῦο
3613 3014 3754 3068 ἔνθα

2149 3105 2302 3178 παρὰ
2332 3105 2590 3176 κοράκων
2642 3107 2924 3176 ἐτρέφετο,
2961 3106 3165 3176 ἄρτους
3218 3107 3366 3176 ούτῷ
3401 3105 3752 3177 κομιζόντων

2147 3196 2311 3268 πρωῒ,
2353 3198 2447 3251 καὶ
2485 3197 2653 3264 κρέας
2683 3197 2745 3250 τὸ
2797 3197 3021 3251 δειλινόν
3060 3211 3075 3227 ⁸
3116 3199 3215 3268 τὴν
3254 3199 3310 3251 δέ
3365 3198 3525 3251 πόσιν
3584 3199 3748 3268 αὐτῷ

2146 3293 2402 3362 ἐχορήγει
2426 3293 2454 3345 6
2485 3292 2788 3364 χείμαρρος
2810 3309 2824 3324 ο
2859 3285 2919 3346 οὗ
2953 3292 3015 3362 ξη
3031 3293 3338 3363 ρανθέντος,
3372 3296 3453 3354 είς
3481 3293 3751 3363 Σαρεφθὰ

2145 3384 2300 3439 πόλιν
2324 3381 2491 3440 οὖσαν
2518 3385 2722 3455 μεταξὺ
2758 3385 2988 3450 Σιδῶνος
3019 3389 3112 3438 καὶ
3146 3385 3327 3456 Τύρου
3359 3385 3436 3455 τῷ
3469 3385 3589 3456 Θεῷ
3621 3404 3752 3440 πει-

2147 3477 2372 3548 θόμενος
2425 3477 2633 3540 ἄπεισι,
2673 3479 2769 3531 καί⁵
2822 3477 2929 3548 πρὸ
2962 3481 3060 3544 τῆς
3091 3479 3302 3542 πόλεως
3354 3480 3574 3547 γυναικί
3626 3495 3744 3532 τινι

2145 3569 2406 3640 ἐντυχὼν,
2439 3569 2584 3641 ὕδωρ
2616 3570 2767 3642 αύτῷ
2805 3572 3034 3643 κομίσαι
3093 3573 3362 3627 ἱκέτευεν.
3409 3573 3495 3636 Ὠς
3531 3573 3577 3626 δ’
3611 3575 3748 3626 ἐπο-

2147 3661 2390 3732 ρεύετοή
2439 3661 2603 3732 γυνὴ,
2637 3665 2730 3714 καὶ
2755 3662 2922 3734 ἄρτον
2962 3662 3114 3733 αὐτῷ
3171 3664 3422 3732 ἐνεγκεῖν
3457 3664 3633 3732 ww.
3677 3667 3749 3718 ἸΙ

2141 3754 2197 3807 δὲ
2235 3756 2364 3823 μιᾶς
2402 3753 2603 3826 δρακὸς
2649 3754 2883 3826 ἀλεύρου
2938 3755 3222 3824 ἐξώμνυτο
3281 3757 3577 3826 εὐπορεῖν,
3644 3760 3750 3811 καὶ

461 3866 520 3910 et
542 3856 732 3911 liberis
755 3867 952 3927 paret,
993 3873 1104 3927 quo
1133 3858 1428 3927 absumpto
1450 3896 1464 3920 ,
1497 3857 1637 3911 fame
1667 3854 1901 3926 perituri
1928 3853 2037 3908 sint

2145 3844 2488 3914 βραχυτάτου
2521 3846 2726 3912 ἐλαίου,
2759 3847 2853 3900 καὶ
2904 3846 3210 3912 συλλέξασα
3249 3846 3477 3919 ξυλάρια
3513 3849 3747 3902 ἀπιέναι

459 3949 564 4019 91
599 3959 654 4004 et
691 3950 818 4020 ipsi,
865 3950 1131 4020 propheta
1165 3950 1312 4005 bono
1343 3950 1527 4005 animo
1558 3964 1682 4006 esse
1705 3949 1862 4019 jubet
1896 3967 1908 4001 :
1940 3962 2038 4002 ne-

459 4057 569 4112 que
593 4042 782 4097 farina;
801 4042 1030 4108 cistam,
1054 4059 1233 4113 neque
1257 4043 1363 4097 olei
1385 4042 1680 4112 ampullam
1699 4041 2036 4096 defecturam

458 4150 610 4197 esse,
636 4135 813 4190 donec
845 4135 1028 4205 pluvia
1062 4135 1459 4191 descendisset.
1491 4135 1582 4189 Illa
1625 4135 1792 4206 igitur
1821 4144 1878 4188 et
1909 4148 2038 4204 pro-

460 4227 683 4295 pbetam
722 4228 1019 4298 hospitem,
1044 4239 1100 4282 et
1145 4244 1202 4283 se
1243 4238 1299 4284 et
1334 4229 1540 4283 liberos
1562 4243 1692 4283 suos
1715 4226 1910 4297 exigua
1946 4227 2037 4282 illa

456 4315 633 4371 farina
670 4317 787 4382 alit,
813 4317 989 4371 donec
1028 4318 1198 4374 fames
1240 4319 1591 4388 praeterisset.
1619 4316 1885 4371 Caeterum
1928 4315 2038 4371 lilio
2095 4391 2104 4398 .

458 4420 560 4460 suo
587 4421 654 4460 ex
681 4406 874 4460 morbo
905 4407 1188 4471 defuncto,
1211 4408 1264 4460 in
1301 4407 1620 4477 prophetam
1660 4406 2034 4476 hIaSphemat;

457 4498 554 4552 sed
585 4499 676 4553 ille
708 4508 987 4554 mortuum
1019 4501 1123 4555 sibi
1157 4516 1390 4570 puerum
1411 4501 1528 4554 dari
1554 4501 1710 4570 jubet
1739 4519 1752 4554 :
1783 4516 1944 4570 quem
1979 4501 2034 4554 in

456 4593 803 4647 emnaculum
829 4633 842 4657 ,
880 4593 934 4647 in
966 4609 1076 4662 quo
1106 4594 1224 4663 ipse
1255 4594 1634 4650 diversabatur
1655 4637 1669 4659 ,
1704 4594 1951 4660 allatum,
1980 4595 2033 4648 in

455 4701 558 4739 suo
581 4686 785 4740 lectulo
813 4686 1070 4752 collocat,
1123 4688 1490 4756 invocatoque
1519 4687 1652 4750 Deo,
1684 4696 1741 4740 et
1767 4685 2034 4740 Cadavcre

455 4789 539 4833 ter
570 4779 768 4841 alllato.
811 4797 1040 4848 puerum
1076 4780 1237 4834 matri
1286 4781 1490 4850 gratias
1534 4780 1712 4848 agenti
1757 4779 2030 4833 viventem

456 4871 718 4926 restituit.
757 4872 885 4927 Post
919 4873 1033 4927 lucc
1077 4873 1210 4927 Elia:
1243 4871 1469 4926 mandat
1500 4871 1674 4935 Deus,
1705 4878 1764 4923 ut
1809 4869 2033 4923 Achabo

455 4965 718 5032 przedicat
768 4964 886 5018 fore
936 4965 1534 5034 pluviam.lnvaluerat
1559 4973 1742 5018 autem
1770 4962 2033 5018 Samaria:

452 5067 508 5110 et
547 5058 602 5110 in
651 5065 762 5110 tota
806 5057 1087 5126 provincia
1133 5056 1324 5111 fames.
1373 5055 1633 5111 Achabus
1679 5056 1862 5124 itaque
1905 5068 2030 5108 cum

451 5147 626 5204 Abdia
662 5163 952 5203 meonomo
994 5164 1118 5216 suo,
1148 5149 1267 5203 viro
1298 5148 1468 5212 bono,
1503 5149 1690 5202 exibat
1734 5146 2030 5217 quaesitum

451 5241 613 5311 cquis
643 5242 758 5295 suis
785 5241 1070 5310 pabulum,
1103 5242 1265 5296 aliam
1293 5242 1408 5310 ipse
1437 5243 1600 5302 viam,
1628 5241 1789 5295 aliam
1822 5239 2029 5295 Abdias

452 5335 790 5405 ingrediens,
823 5335 1216 5405 investigantes
1241 5351 1308 5387 an
1338 5335 1390 5387 in
1416 5334 1663 5387 fontibus
1688 5342 1782 5386 aut
1809 5343 2029 5386 torren-

453 5428 600 5482 tibus
627 5427 830 5482 alicubi
870 5444 1092 5496 gramen
1129 5428 1466 5482 invenirent.
1497 5427 1686 5480 Abdiaa
1717 5425 1935 5480 obviam
1971 5424 2028 5477 Ili

450 5521 628 5586 Elius,
665 5535 832 5590 seque
857 5523 968 5591 regi
996 5521 1219 5575 indicari
1244 5521 1418 5590 jubet.
1458 5522 1524 5575 At
1558 5521 1646 5576 ille
1699 5535 1825 5572 eum
1866 5533 2032 5572 accu-

452 5622 568 5666 rate
593 5614 660 5667 ab
683 5613 908 5668 Achabo
929 5613 993 5666 ad
1010 5614 1211 5668 caedem
1245 5614 1413 5682 quaeri
1451 5612 1744 5682 respondet
1766 5652 1780 5676 ,
1800 5623 2032 5664 monens

450 5717 512 5758 ut
537 5721 594 5759 se
630 5706 906 5760 occultet:
941 5722 1005 5759 ac
1039 5715 1262 5761 centum
1298 5707 1599 5776 prophetas
1631 5721 1659 5758 a
1691 5720 1750 5758 se
1781 5703 1920 5756 clam
1953 5701 2027 5753 ali

445 5812 501 5852 et
533 5802 871 5867 conservari,
908 5802 1127 5855 caeteris
1163 5801 1420 5854 omnibus
1445 5817 1473 5854 a
1495 5799 1751 5855 Jezabele
1800 5795 2029 5850 interfe—

451 5892 571 5948 etis.
615 5890 726 5948 Elia
784 5907 912 5948 vero
947 5892 1180 5962 iurante,
1220 5906 1277 5946 se
1310 5891 1402 5947 illo
1431 5889 1519 5945 die
1558 5890 1612 5944 in
1661 5885 1866 5942 Achabi
1895 5898 2028 5938 con-

2145 3937 2448 4007 ποιήσουσα
2481 3939 2688 4009 μικρὰν
2720 3939 2927 4010 τροφὴν
2959 3941 3129 4010 ἑαυτῇ
3164 3942 3259 3994 καὶ
3293 3942 3406 4004 τοῖς
3435 3942 3648 4006 παισὶν,
3674 3937 3744 4014 ἦς

2144 4029 2476 4101 ἐκλιπούσης
2507 4032 2602 4084 καὶ
2623 4032 2821 4095 αὐτοὺς
2851 4033 2996 4104 λιμῷ
3030 4033 3300 4088 ἐκλιπεῖν.
3345 4035 3404 4086 '0
3430 4034 3485 4087 δὲ
3518 4037 3748 4106 προφή-

2142 4141 2242 4194 της
2272 4123 2497 4195 θαρρεῖν
2529 4125 2668 4195 αύτῇ
2698 4125 3047 4193 ἐγκελεύεται
3075 4142 3088 4155 ⁶
3133 4127 3270 4198 μηδέ
3300 4127 3408 4196 γὰρ
3458 4126 3743 4197 ἐκλείψειν

2144 4216 2374 4288 ἄλευρον
2406 4218 2468 4270 ἐκ
2516 4217 2611 4270 τοῦ
2646 4219 2877 4286 ἀγγείου
2935 4219 3030 4272 τοῦ
3085 4220 3249 4274 τοῦτο
3280 4220 3562 4290 φέροντος,
3613 4222 3744 4291 μηδ’

2143 4309 2323 4362 ἔλαιον
2351 4310 2415 4363 ἐκ
2445 4309 2545 4379 τῆς
2574 4310 2833 4380 ληκύθου,
2868 4311 2972 4376 ἕως
3022 4311 3252 4380 γένηται
3312 4312 3488 4376 ὐετός.
3533 4313 3598 4366 Ἠ
3653 4314 3740 4379 δὲ,

2144 4402 2496 4472 πορευθεῖσα,
2537 4403 2626 4456 τόν
2655 4421 2712 4456 τε
2738 4405 3028 4474 προφήτην
3057 4407 3190 4476 παρ’
3221 4406 3360 4476 αὐτῇ
3391 4405 3738 4472 ξενισθέντα,

2143 4493 2236 4547 καὶ
2266 4495 2486 4566 ἐαυτήν,
2522 4496 2614 4549 καί
2646 4497 2711 4548 τὰ
2739 4496 2901 4548 τέκνα
2936 4499 2999 4550 ἐκ
3025 4497 3118 4550 τοῦ
3173 4497 3470 4568 βραχίστου
3509 4499 3734 4552 ἐκείνου

2142 4586 2370 4656 ἀλεύρου
2404 4587 2652 4656 ἔτρεφεν,
2685 4588 2830 4651 ἐωςὸ
2862 4589 3018 4656 λιμὸς
3052 4590 3419 4660 παρελήλυθε.
3441 4591 3738 4661 Νοσήσαν-

2140 4695 2232 4739 τος
2265 4679 2322 4731 δέ
2352 4679 2449 4731 τοῦ
2481 4679 2600 4731 υίοῦ
2632 4683 2730 4750 τῆς
2764 4678 3023 4748 γυναικὸς
3056 4682 3287 4753 ταύτης,
3316 4685 3411 4736 καὶ
3443 4685 3732 4754 θανόντος,

2141 4770 2485 4842 ἐϐλασφήμει
2518 4774 2657 4825 κατὰ
2683 4772 2778 4825 τιῦ
2812 4775 3095 4843 προφήτου
3133 4775 3341 4846 ἐκείνη.
3385 4777 3444 4830 '0
3486 4777 3544 4830 δὲ
3568 4778 3737 4848 δοθῆο

2140 4883 2227 4918 ναι
2261 4865 2408 4934 αὐτῷ
2431 4865 2491 4918 τὸ
2522 4865 2779 4934 τεθνηκὸς
2807 4865 3019 4920 παιδίον
3045 4867 3234 4939 ᾔτησε.
3267 4870 3378 4923 Καὶ
3406 4870 3612 4937 λαϐὼν,
3651 4874 3737 4937 είς

2139 4958 2200 5010 τὸ
2229 4958 2480 5029 ὑπερῷον
2533 4958 2660 5012 ἔνθα
2689 4958 2822 5028 ῷκει
2853 4960 3143 5030 ἀνήνεγκε,
3183 4963 3278 5016 καὶ
3309 4963 3464 5018 ἔθετο
3491 4966 3590 5018 ἐπὶ
3624 4967 3734 5034 τῆς

2141 5055 2328 5124 κλίνης
2388 5053 2554 5107 αὐτοῦ
2579 5070 2592 5082 ’
2650 5057 2859 5107 καὶτὸν
2893 5056 3027 5109 Θεὸν
3083 5058 3394 5124 ἱκετεύσας,
3429 5060 3732 5130 τρισσάκις

2139 5147 2441 5217 ἐνεφύσησε
2469 5148 2544 5218 τῷ
2589 5147 2784 5219 νεκρῷ,
2845 5149 2935 5201 καὶ
2973 5147 3230 5218 ἀνέζησε,
3263 5152 3358 5204 καὶ
3405 5151 3581 5204 ἔδωκε
3633 5153 3732 5207 τὸν

2137 5238 2305 5292 παῖδα
2336 5238 2515 5301 ζῶντα
2566 5243 2631 5308 τῇ
2684 5241 2982 5312 γειναμένῃ
3009 5257 3023 5272 ·
3077 5243 3108 5310 ή
3142 5241 3190 5293 δ’
3216 5242 3572 5311 ηύχαρίστει.
3611 5245 3731 5298 Καὶ

2134 5331 2274 5401 μετά
2311 5329 2484 5382 ταῦτα
2516 5331 2820 5383 ἐνετείλατο
2856 5332 2930 5402 τῷ
2971 5333 3156 5386 Ἡλιοὺ
3202 5335 3230 5386 6
3280 5334 3414 5396 Θεὸς
3446 5335 3731 5406 πορευθῆ-

2132 5439 2243 5486 ναι,
2285 5422 2382 5475 καὶ
2413 5427 2701 5492 προειπεῖν
2739 5423 2968 5493 ’Λχααϐ,
3011 5424 3086 5486 ὡς
3133 5425 3288 5478 ἔσται
3344 5427 3526 5490 ύετός.
3575 5429 3635 5480 '0
3666 5429 3728 5481 δὲ

2131 5512 2288 5581 λιμὸς
2317 5513 2408 5564 ἐπὶ
2438 5513 2757 5582 Σαμάρειαν
2779 5515 2874 5566 καὶ
2901 5515 3000 5583 τήν
3030 5515 3217 5584 χώραν
3253 5517 3477 5569 ἃπασαν
3511 5534 3730 5587 κεκρα-

2131 5602 2352 5656 ταίωτο.
2389 5604 2596 5674 Ἀχαὰϐ
2629 5605 2690 5656 δέ
2731 5603 2822 5656 τὸν
2855 5606 3141 5675 οἰκονόμον
3171 5607 3338 5660 αὑτοῦ
3372 5609 3548 5678 ἄνδρα
3580 5627 3730 5680 χρη-

2141 5697 2264 5749 στὸν
2300 5697 2654 5767 παραλαϐὼν,
2689 5696 2851 5766 ἀπῄει
2879 5699 2928 5749 εἱ
2977 5696 3129 5766 εὖροι
3178 5701 3290 5760 τοῖς
3319 5699 3516 5763 ἵπποις
3546 5701 3724 5770 χιλόν.

2139 5790 2248 5841 Καὶ
2275 5791 2301 5841 ὁ
2331 5790 2430 5856 μὲν
2456 5790 2622 5860 ἄλλην
2653 5788 2972 5858 ἀπῄειὸδὸν,
2993 5789 3185 5860 ἑτέραν
3211 5791 3267 5843 δὲ
3292 5791 3531 5856 ’ΔΕδιοίῃ
3565 5795 3729 5864 ἐρευ-

2139 5881 2338 5944 νῶντες
2375 5881 2471 5935 ποῦ
2501 5883 2565 5935 ἂν
2604 5881 2812 5951 εὕροιεν
2836 5882 3027 5950 χόρτον
3063 5885 3118 5936 ἐν
3156 5886 3358 5954 πηγαῖς
3389 5885 3422 5954 ἢ
3478 5889 3724 5959 χειμάρ-
