3878 6568
450 334 550 397 lR'i
1751 355 2075 418 JOANNIS
2115 357 2436 420 ZONMUE
3596 373 3701 434 184

439 452 630 505 ἀκούει
658 454 842 526 φωνῆς
878 456 1108 523 ἐκεῖθεν,
1138 459 1442 533 ἀνατρέψαι
1487 464 1816 534 κελευούσης
1839 464 2006 532 αὐτῷ,
2050 466 2144 517 καὶ
2214 469 2404 540 χρῖσαι
2466 471 2692 540 βασιλέα
2717 473 2814 544 τῆς
2844 473 3044 546 Συρίας
3071 475 3162 529 τὸν
3191 477 3412 549 Ἀζαὴλ,
3460 480 3555 534 καὶ
3605 482 3700 536 τὸν

450 547 592 618 ’ῐηοὺ
643 549 869 620 βασιλέα
916 554 993 625 τῷ
1030 555 1271 627 Ἰσραὴλ,
1333 560 1428 611 καὶ
1470 559 1564 613 τδν
1629 559 1903 614 Ἐλισσαιέ
1951 560 2032 622 εἰς
2073 565 2360 636 προφήτην
2403 568 2521 622 ἀνθ’
2579 569 2797 631 ἑαυτοῦ,
2843 572 2892 623 οἱ
2919 573 3043 635 τοὺς
3075 572 3293 635 ἀσεϐεῖς
3340 547 3701 645 ολοθρεύσου-

438 659 542 698 σιν.
585 646 962 720 Ὑποστρέψας
999 653 1054 704 δὲ
1091 650 1277 716 Ἠλίας
1307 653 1383 717 ὡς
1429 655 1748 726 ἐκελεύσθη,
1790 650 1918 726 εὗρε
1955 656 2046 708 τὸν
2097 655 2400 715 Ἐλισσαῖον
2448 664 2832 734 ἁροτριοῦντα,
2891 668 2985 720 καὶ
3037 667 3335 740 ἐπέρριψεν
3387 668 3536 738 αὐτῷ
3599 671 3703 742 τὴν

437 739 692 808 μηλιιιτὴν
718 744 902 798 αὑτοῦ.
953 743 1012 799 Ὀ
1040 746 1116 810 δὲ,
1147 750 1466 803 καταλιπὼν
1494 751 1693 812 πάντα,
1721 749 2091 821 ἠκολούθησεν
2123 752 2272 823 αύτῷ
2300 759 2670 828 προφητεύειν
2701 758 2974 825 ἀξιωθείς.

503 831 879 892 XlVJnterim
909 839 1187 907 Achabus,
1227 843 1439 896 vineam
1469 842 1706 898 Nabothi
1734 847 1848 899 suis
1869 844 1993 915 agri;

2191 847 2282 903 IA'.
2319 853 2645 919 Ἀμπελῶνα
2675 853 2734 908 δὲ
2792 855 3019 926 πλησίον
3047 855 3158 908 τῶν
3198 857 3383 926 ἀρχῶν
3412 860 3503 911 τοῦ
3542 859 3704 929 βασι-

433 925 836 980 conterminam
888 927 974 983 vel
1034 945 1218 985 emere
1261 933 1345 985 vel
1393 943 1706 1002 permutato
1753 935 2008 1004 accipere

433 1017 687 1086 cupiens,
722 1031 1013 1077 recusante
1043 1038 1382 1090 possessore,
1419 1025 1472 1080 in
1508 1026 1677 1080 animi
1725 1028 2010 1098 aegiitudi‘

436 1122 557 1162 nem
592 1109 804 1165 incidit.
837 1111 1008 1182 Cujus
1031 1111 1251 1170 Iezabel
1277 1117 1468 1172 cdocta
1497 1134 1738 1180 causam,
1778 1121 1879 1173 sub
1906 1135 2009 1174 no-

435 1200 585 1256 mine
635 1205 778 1273 regis
826 1205 1040 1262 litteras
1073 1207 1139 1262 ad
1181 1224 1440 1278 proceres
1487 1211 1753 1280 regionis,
1796 1212 1850 1266 in
1899 1229 2006 1282 qua

433 1290 717 1350 Nabothus
741 1297 1046 1366 habitabat,
1074 1303 1404 1369 conscribit,
1435 1307 1640 1376 quibus
1667 1307 1819 1362 illum
1846 1323 2006 1363 accu-

431 1387 922 1456 sarejubebantur
945 1432 960 1458 ,
996 1402 1056 1448 ut
1094 1395 1149 1450 in
1183 1397 1353 1451 Deum
1392 1407 1448 1452 et
1479 1415 1661 1470 regem
1715 1409 2009 1456 contume-

428 1476 580 1534 liosis
614 1481 796 1536 verbis
836 1501 1018 1553 usum,
1053 1502 1137 1554 ac,
1179 1488 1333 1544 falsis
1383 1491 1616 1546 testibus
1653 1493 2005 1560 subornatis,

428 1569 695 1640 lapidare.
725 1574 830 1631 Eas
855 1578 1090 1646 litteras,
1111 1581 1261 1652 regio
1283 1582 1462 1654 sigillo
1489 1599 1771 1654 appresso,
1796 1586 2010 1655 adlillos

427 1664 596 1721 mittit
624 1683 637 1720 :
661 1666 769 1739 93
799 1671 913 1739 qui,
944 1673 1093 1743 jussa
1113 1676 1378 1742 exsecuti,
1399 1676 1712 1732 Nabothum
1733 1679 2009 1750 lapidibus

426 1755 756 1815 obruerunt.
812 1763 932 1830 Quo
980 1765 1160 1832 facto,
1215 1767 1432 1823 Iezabel
1486 1769 1726 1825 Nabothi
1789 1773 2004 1829 vineam

425 1863 698 1919 occupare
744 1854 1026 1911 Achabum
1069 1858 1271 1926 jubet:
1312 1859 1430 1930 qui,
1459 1861 1562 1917 e'lsi
1619 1862 1824 1918 caulem
1859 1865 2008 1921 illius

424 1951 565 2004 tegre
601 1938 829 2006 ferebat,
873 1951 1051 1999 tamen
1086 1945 1257 2002 vinea:
1298 1948 1670 2006 haereditatem
1701 1952 1855 2008 adiit.
1884 1954 2006 2008 Ita-

425 2046 532 2099 quc
564 2030 710 2088 Elias
751 2035 817 2089 ad
868 2035 1020 2092 illum
1073 2040 1276 2095 missus
1321 2057 1350 2095 α
1380 2041 1536 2098 Deo:
1597 2042 1752 2110 Quia,
1803 2045 2002 2117 inquit,

427 2123 732 2182 Nabotlmm
780 2131 1050 2194 occidisti,
1110 2133 1276 2188 vinea:
1325 2135 1472 2190 illius
1526 2139 1824 2196 obtinenda:
1853 2159 2002 2213 ergo,

423 2227 701 2287 propterea
727 2221 801 2275 ait
827 2220 1116 2280 Dominus:
1136 2223 1250 2290 Quo
1284 2229 1338 2282 in
1373 2227 1484 2282 loco
1515 2234 1831 2301 sanguinem
1860 2234 2006 2290 illius

425 2307 697 2364 finxerunt
726 2329 904 2377 canes,
965 2318 1146 2370 eodem
1181 2319 1235 2372 in
1265 2319 1376 2374 loco
1408 2330 1559 2376 tuum
1592 2325 1872 2395 umorisque
1897 2334 2004 2383 tute

421 2404 736 2472 sanguinem
769 2405 968 2478 fingent
1015 2427 1194 2474 canes,
1237 2421 1287 2466 et
1333 2415 1630 2470 meretrices
1661 2419 1712 2470 in
1746 2421 2004 2489 sanguine

424 2505 511 2547 tuo
552 2494 808 2552 lavabnnt
835 2538 852 2566 ,
895 2503 1166 2572 omnisque
1211 2505 1417 2574 familia
1463 2518 1553 2563 tua
1602 2511 2001 2580 exstirpabitur.

421 2580 633 2647 Quibus
681 2587 864 2642 verbis
904 2589 1260 2649 vehementer
1316 2597 1676 2654 contristatus
1720 2601 2000 2668 Achabus,

422 2671 756 2732 lamentatus
777 2688 887 2746 est,
923 2681 1226 2755 iudutoque
1253 2701 1412 2744 sacco
1433 2690 1720 2761 jejunavit,
1753 2693 1999 2754 facinora

421 2783 517 2820 sua
567 2769 866 2830 detestans.
924 2775 1000 2832 Ea
1055 2778 1198 2848 regis
1232 2782 1554 2849 poenitentia
1599 2795 1802 2852 motus,
1855 2789 2002 2846 Deus

420 2861 705 2934 propheta:
754 2867 1044 2938 signiﬁcat,
1100 2888 1158 2927 se
1207 2889 1398 2944 pcenas
1445 2891 1581 2948 quas
1629 2883 2000 2939 comminatus

420 2963 567 3010 esset
619 2973 725 3011 non
783 2961 852 3014 ab
900 2962 990 3016 illo
1039 2966 1432 3033 expetiturum,
1513 2971 1607 3025 sed
1658 2975 2000 3044 temporibus

426 3043 521 3098 filii
554 3049 678 3118 ejus
703 3048 794 3104 illa
827 3050 1096 3107 facturum
1127 3069 1271 3110 esse.
1302 3057 1432 3112 Post
1465 3057 1580 3114 haec
1608 3043 1802 3116 Adoris
1829 3062 1992 3129 filius,

419 3133 588 3201 Syria:
615 3153 871 3200 rcx,cum
895 3141 1105 3212 magnis
1126 3144 1300 3214 copiis
1325 3154 1379 3200 et
1403 3148 1590 3202 multis
1614 3150 1995 3221 auxiliaribus,

419 3222 660 3282 Samaria
692 3229 978 3286 obsidione
1003 3233 1206 3298 cincta,
1234 3235 1442 3307 legatos
1467 3239 1532 3294 ad
1565 3241 1848 3298 Achabum
1873 3246 1996 3300 mit-

418 3318 500 3380 tit,
544 3321 636 3388 qui
684 3320 732 3374 ei
771 3322 1060 3380 dicerent:
1108 3327 1316 3382 Divitim
1362 3339 1486 3392 tum.
1538 3341 1588 3387 et
1646 3349 1834 3390 uxores
1871 3346 1992 3400 (me,

415 3421 463 3463 et
513 3410 663 3465 liberi
701 3417 778 3469 tui
822 3433 936 3472 mea
980 3429 1150 3475 sunt:
1188 3421 1321 3476 bello
1371 3426 1507 3478 enim
1554 3442 1617 3480 ea
1668 3430 1897 3498 capiam.
1933 3431 1994 3487 Si

2114 941 2253 1007 λέως
2285 943 2495 1014 Ἀχαὰό
2549 947 2888 1014 κεκτημένος
2919 948 2946 999 ὀ
2984 945 3282 1012 Ναϐουθαὶ,
3315 948 3534 1017 ἠξιοῦτο
3571 967 3661 1003 πω
3683 979 3695 990 ο

2112 1033 2274 1104 λῆσαι
2295 1037 2458 1090 αὑτὸν
2483 1036 2560 1107 τῷ
2587 1037 2813 1107 βασιλεῖ,
2838 1037 2870 1108 ἦ
2903 1037 3247 1101 ἀνταλλάξαι.
3283 1039 3344 1091 '0
3363 1039 3419 1092 δὲ
3438 1041 3538 1093 οὐκ
3559 1040 3702 1092 ἐπεί-

2113 1125 2256 1190 θετο,
2289 1128 2383 1182 καὶ
2407 1129 2434 1182 ὁ
2464 1127 2716 1197 βασιλεὺς
2744 1129 2830 1182 διὰ
2853 1129 3010 1184 τοῦτο
3028 1128 3316 1199 λελύπητο.
3347 1130 3612 1184 Μαθοῦσα
3632 1131 3696 1184 δὲ

2124 1219 2358 1282 Ἰεζάϐελ
2413 1221 2515 1289 τῆς
2565 1221 2743 1290 λύπης
2793 1222 2852 1275 τὸ
2903 1222 3101 1285 αἴτιον,
3135 1222 3356 1292 γραφήν
3396 1224 3704 1293 ἐποιήσατο

2111 1313 2184 1376 ὡς
2213 1313 2272 1379 ἐξ
2311 1313 2516 1384 Ἀχαὰϐ
2571 1315 2652 1378 εἰς
2702 1313 2831 1378 τοὺς
2869 1313 3203 1385 προέχοντας
3254 1314 3353 1384 τῆς
3400 1313 3607 1386 χώρας,
3632 1315 3697 1367 ἐν

2110 1398 2144 1478 ᾖ
2184 1403 2422 1476 κατῴκει
2445 1405 2473 1458 ὁ
2503 1402 2804 1466 Ναϐουθαὶ,
2836 1403 3267 1474 ἐγκελευομένην
3298 1404 3482 1467 αὐτοῖς
3517 1421 3693 1474 κατη-

2109 1497 2344 1568 γορῆσαι
2377 1495 2473 1550 τοῦ
2520 1496 2714 1564 ἀνδρὸς
2756 1495 2832 1560 ὡς
2882 1495 3378 1566 βλασφημήσαντος
3425 1496 3566 1550 κατᾶ
3595 1494 3696 1548 τοῦ

2109 1587 2246 1642 Θεοῦ
2264 1591 2359 1642 καὶ
2371 1586 2466 1640 τοῦ
2489 1585 2776 1657 βασιλέωςο
2793 1585 2885 1639 καί
2907 1604 3058 1648 τινας
3080 1588 3500 1657 παρασκευάσαι
3523 1603 3699 1640 κατα-

2111 1683 2462 1752 μαρτυρῆσαι
2512 1678 2702 1740 αὑτοῦ.
2732 1677 2828 1732 καὶ
2857 1679 3221 1732 καταλιθάσαι
3251 1679 3434 1735 αὐτόν.
3471 1678 3697 1748 Ταύτην

2109 1771 2329 1844 γραφὴν
2384 1775 2449 1841 τῇ
2495 1771 2753 1842 σφραγῖδι
2776 1770 2871 1824 τοῦ
2902 1770 3172 1841 βασιλέως
3201 1770 3692 1841 ἐπισημηναμένη,

2108 1865 2317 1920 ἔστειλε
2343 1865 2481 1936 πρὸς
2496 1866 2623 1927 τοὺς
2645 1863 2870 1932 ἄνδρας.
2917 1864 3205 1918 Κάκείνων
3230 1863 3575 1933 ποιησάντων
3613 1862 3695 1926 ὡς

2106 1951 2525 2022 ἐνετάλθησαν,ὸ
2539 1952 2636 2022 μέν
2650 1951 2930 2006 Ναδουθαὶ
2946 1953 3280 2023 κατελεύσθη
3295 1953 3389 2006 καὶ
3400 1953 3691 2022 τέθνηκεν·

2119 2045 2183 2099 Ἦ
2204 2044 2250 2099 δ’
2293 2044 2530 2108 ἰεζάσελ
2560 2043 2968 2115 κληρονομῆσαι
2993 2045 3085 2098 τὸν
3114 2045 3414 2113 ἀμπελῶνα
3447 2044 3539 2096 τοῦ
3567 2044 3694 2098 Να-

2108 2139 2302 2193 ϐουθαὶ
2328 2139 2408 2210 τῷ
2431 2137 2638 2210 ’Δχαὰϐ
2675 2139 2999 2205 ἐνετέλλετο,
3025 2139 3278 2201 θανόντος
3291 2139 3518 2192 ἐκείνου.
3541 2139 3600 2191 Ὀ
3629 2139 3694 2192 δέ

2109 2230 2355 2300 ἐλυπήθη
2376 2229 2464 2283 διὰ
2492 2229 2584 2282 τὸν
2609 2227 2792 2298 φόνον,
2817 2229 2906 2282 τὸν
2934 2228 3232 2298 ἀμπελῶνα
3261 2228 3314 2282 δὲ
3347 2228 3690 2299 ᾠκειώσατο.

2108 2321 2219 2376 Καὶ
2280 2321 2510 2386 Ἠλίας,
2566 2319 2926 2384 κελεύσαντος
2977 2319 3072 2374 τοῦ
3130 2319 3286 2383 Θεοῦ,
3342 2318 3506 2390 ἀπῄει
3552 2319 3695 2388 προς

2106 2413 2334 2485 Ἀχαὰὸ,
2370 2414 2567 2482 λέγων,
2599 2415 2729 2468 Ὅτι
2757 2414 3100 2483 ἐφόνευσας
3127 2415 3233 2465 τὸν
3270 2412 3564 2466 Ναϐουθαὶ
3590 2411 3693 2464 διὰ

2103 2507 2168 2560 τὸ
2199 2505 2376 2575 σχεῖν
2409 2505 2516 2559 τὸν
2546 2502 2876 2574 ἀμπελῶνα
2898 2505 3108 2570 αὑτοῦ,
3168 2503 3266 2558 διὰ
3316 2505 3492 2558 τοῦτο
3543 2501 3691 2556 τάδε

2102 2599 2267 2668 ,λέγει
2307 2599 2562 2666 Κύριος·
2601 2599 2787 2652 Ἔνθα
2814 2600 2869 2652 oi
2905 2598 3086 2663 κύνες
3135 2599 3201 2651 τὸ
3253 2597 3490 2650 ἐκείνου
3529 2597 3692 2650 ἕλει.

2104 2694 2220 2757 ξαν
2245 2685 2408 2761 αἷμα,
2441 2690 2571 2745 ἐκεῖ
2595 2691 2698 2745 καί
2724 2691 2792 2744 τὸ
2823 2691 2940 2745 σόν
2959 2685 3100 2758 αἷμα
3125 2690 3221 2742 καὶ
3247 2690 3308 2742 τὸ
3338 2687 3449 2755 τῆς
3479 2703 3691 2758 γυναι-

2103 2786 2211 2849 κός
2243 2801 2361 2838 σου
2387 2784 2685 2848 λείξουσι,
2709 2783 2804 2838 καί
2851 2786 2910 2836 αἱ
2949 2784 3165 2851 πόρναι
3223 2782 3557 2835 λούσωνται
3611 2779 3688 2832 ἐν

2101 2874 2181 2940 τῷ
2207 2875 2416 2944 αἵματί
2444 2890 2582 2936 σου,
2637 2876 2736 2928 καί
2774 2872 2938 2928 ἅπαν
2989 2875 3056 2926 τὸ
3111 2871 3289 2940 γένος
3337 2886 3454 2925 σου
3475 2869 3688 2936 ἐξολο-

2101 2965 2511 3036 θρευθήσεται.
2558 2964 2765 3034 Ἀχαὰδ
2811 2964 2856 3017 δ’
2909 2963 3003 3017 ἐπὶ
3067 2962 3277 3025 τούτοις
3329 2963 3685 3030 κατανυγεὶς,

2101 3059 2357 3122 ἕκλαυσε,
2388 3057 2486 3112 καὶ
2541 3056 2743 3110 σάκκον
2780 3054 3158 3128 περιεϐάλετο,
3195 3054 3289 3106 καὶ
3329 3053 3683 3121 ἐνήστευσεν,

2099 3154 2190 3206 ἐπὶ
2222 3154 2334 3214 τοῖς
2366 3149 2782 3222 πεπραγμένοις
2809 3147 3276 3220 μεταμελόμενος.
3321 3147 3430 3200 Καὶ
3462 3146 3488 3198 ὁ
3535 3144 3684 3208 ,Θεὸς

2097 3246 2188 3300 διὰ
2207 3246 2306 3317 τὴν
2340 3246 2629 3316 μετάνοιαν
2659 3242 2824 3297 αὑτοῦ
2862 3241 2936 3314 μὴ
2983 3240 3206 3306 ἐπάξειν
3242 3237 3393 3310 αὐτῷ
3419 3237 3486 3292 τὰ
3515 3240 3682 3308 ἠπει-

2097 3339 2307 3410 λημένα
2339 3338 2575 3408 ἐδήλωσε
2600 3335 2678 3405 τῷ
2706 3336 2979 3406 προφήτῃ,
3014 3334 3132 3388 ἀλλ’
3169 3336 3225 3386 ἐν
3264 3334 3384 3394 ταῖς
3439 3331 3682 3400 ἡμέραις

2094 3425 2188 3479 τοῦ
2209 3425 2398 3488 παιδός
2425 3424 2588 3478 αὑτοῦ
2615 3423 2787 3478 ταῦτα
2809 3424 3068 3476 τελέσειν.
3104 3423 3164 3474 '0
3185 3422 3242 3474 δὲ
3265 3421 3360 3474 τοῦ
3383 3419 3544 3490 ’Δδερ
3564 3421 3681 3483 υίὸς

414 3521 533 3557 vero
560 3507 684 3560 mihi
718 3524 1036 3581 qutecunque
1061 3513 1266 3568 voluero
1291 3519 1624 3583 concesseris,
1651 3521 1826 3576 solum
1849 3525 1990 3578 obsi-

2099 3516 2357 3586 βασιλεὺς
2387 3515 2590 3586 Συρίας
2622 3513 2988 3584 ἐστράτευσεν
3023 3513 3116 3565 ἐπὶ
3167 3511 3488 3582 Σαμάρειαν
3538 3511 3681 3580 μετὰ

411 3597 566 3651 dione
601 3599 886 3692 discedam.
923 3604 1179 3661 Acbabus
1206 3607 1271 3661 ad
1319 3608 1473 3665 lia-cz
1520 3611 1586 3665 Et
1625 3629 1742 3682 ego,
1790 3615 1989 3685 inquit,

411 3697 460 3741 et
490 3691 593 3743 mei
615 3691 792 3745 omnes
841 3695 917 3747 tui
941 3711 1159 3752 sumus:
1196 3714 1259 3753 ac
1289 3705 1606 3757 convocatis
1641 3704 1856 3774 imperii
1903 3709 1988 3763 sui

411 3781 749 3845 senioribus,
786 3784 960 3841 hostis
999 3789 1325 3858 legationem
1360 3795 1610 3861 exponit.
1651 3795 1756 3852 Sed
1785 3801 1989 3869 populo

409 3888 536 3928 eum
573 3891 602 3929 a
633 3876 910 3934 deditione
963 3881 1273 3947 dehortata,
1329 3885 1518 3955 legatis
1565 3891 1883 3957 respondet,
1930 3909 1988 3948 se

408 3982 531 4036 quae
567 3970 971 4036 postularentur
1016 3974 1195 4030 facere
1227 3991 1334 4030 non
1368 3993 1547 4046 posse.
1586 3979 1664 4034 Eo
1693 3981 1864 4052 Syria:
1893 4001 1987 4040 rex

407 4061 660 4116 nuntiato
687 4063 877 4130 iratus,
910 4067 1050 4122 vallo
1093 4069 1284 4123 urbem
1319 4071 1653 4126 circumdari
1717 4085 1774 4130 et
1821 4091 1986 4148 agge-

407 4155 564 4211 ribus
587 4157 730 4228 cingi
758 4159 936 4230 jubet.
962 4161 1097 4216 (lum
1126 4171 1306 4217 autem
1333 4174 1485 4219 vales
1508 4166 1731 4235 quidam
1762 4169 1985 4226 Achabo

407 4247 674 4318 dixisset,
722 4267 780 4307 se
843 4253 1172 4310 traditurum
1228 4255 1304 4310 illi
1360 4257 1544 4312 hostes
1591 4274 1716 4314 cum
1795 4263 1984 4330 pueris

405 4343 608 4398 ducum
669 4361 768 4401 eos
813 4346 1116 4412 invadenti,
1178 4364 1443 4403 numerus
1486 4365 1678 4404 eorum
1726 4351 1984 4409 inventus

404 4445 490 4491 est
530 4438 754 4494 ducenti
788 4440 1012 4510 triginta
1061 4441 1193 4504 duo,
1237 4456 1362 4495 cum
1399 4441 1602 4511 quibus
1635 4444 1779 4498 circa
1813 4447 1981 4501 meri-

403 4528 591 4594 diem,
642 4531 1063 4586 convivantibus
1125 4543 1182 4587 et
1248 4532 1512 4589 nebriatis
1571 4534 1844 4601 hostibus,
1897 4547 1984 4592 est

401 4635 674 4693 egressus.
693 4623 802 4679 Eos
836 4639 958 4678 cum
984 4622 1153 4695 Syriae
1185 4640 1279 4679 rex
1303 4625 1548 4694 vidisset,
1581 4618 1845 4684 ministris
1867 4632 1984 4686 suis

404 4715 679 4785 imperat,
738 4727 798 4770 ut
843 4716 909 4771 ad
969 4733 1028 4771 se
1082 4717 1296 4772 vinctos
1353 4718 1710 4776 adducerent.
1778 4721 1978 4778 Verum

2097 3611 2324 3680 βαρείας
2353 3609 2637 3680 δυνάμεως
2665 3609 2759 3660 καὶ
2795 3606 3100 3677 συμμάχων
3143 3605 3374 3658 πολλῶν.
3432 3605 3540 3657 Καὶ
3573 3619 3676 3655 πο-

2093 3701 2328 3772 λιορκῶν
2355 3701 2548 3772 αὐτὴν,
2580 3699 2794 3770 έπεμψε
2844 3700 2980 3770 πρὸς
3037 3698 3268 3768 Ἀχαὰὅ,
3329 3697 3527 3765 λέγων,
3591 3697 3677 3748 ὅτι

2104 3797 2167 3849 '0
2195 3794 2460 3860 πλοῦτός
2505 3809 2622 3848 σου
2666 3793 2763 3847 καὶ
2796 3795 2855 3846 ai
2913 3791 3195 3860 γυναῖκές
3243 3807 3385 3850 σου,
3451 3790 3550 3841 καὶ
3599 3789 3678 3841 τὰ

2091 3889 2274 3942 τέκνα
2320 3905 2457 3950 σου,
2489 3887 2602 3957 ἐμά
2621 3888 2754 3941 ἐστι
2774 3903 2788 3920 ο
2807 3885 3077 3954 λήψομαι
3102 3884 3211 3954 γὰρ
3230 3886 3471 3950 πολέμῳ
3495 3880 3674 3935 αὐτὰ.

2096 3983 2195 4035 Ἂν
2219 3982 2270 4030 δ’
2289 3981 2404 4036 ὅσα
2417 3981 2730 4049 βούλωμαι
2753 3975 3312 4048 παραχωρήσῃς.μοι
3339 3975 3674 4042 λήψεσθαι,

2089 4078 2260 4130 λύσω
2293 4075 2408 4140 τὴν
2443 4075 2820 4143 πολιορκίαν,
2855 4073 2950 4126 καί
2980 4070 3416 4138 ἀπελεύσομαι.
3460 4067 3673 4138 Ἀχαὰίὸ

2087 4172 2164 4237 δὲ,
2200 4170 2392 4239 Κάγὼ.
2444 4168 2568 4239 ἐφη,
2626 4166 2724 4221 καὶ
2771 4168 2825 4220 οι
2854 4165 2983 4236 ἐμοὶ
3042 4163 3265 4228 πάντες
3318 4161 3421 4215 σοί
3457 4161 3672 4229 ἐσμεν.

2090 4263 2197 4318 Καὶ
2234 4261 2591 4332 συναθροίσας
2627 4259 2754 4322 τοὺς
2781 4257 3194 4329 πρεσϐυτέρους
3229 4253 3328 4322 τῆς
3389 4252 3515 4322 γῆς,
3567 4254 3674 4306 ὃσα

2089 4357 2226 4424 πρὸς
2255 4355 2418 4408 αὐτὸν
2454 4352 2843 4422 διεπέμψατοὸ
2872 4350 3132 4420 πολέμιος
3185 4345 3483 4410 ἀνεδίδαξε.
3516 4345 3588 4397 Τὸ
3608 4345 3672 4398 δὲ

2089 4446 2290 4512 πλῆθος
2333 4445 2406 4516 μὴ
2459 4444 2753 4513 πεισθῆναι
2811 4441 2962 4510 αὒτῷ
3011 4438 3456 4493 συνεόούλευσεν.
3503 4435 3561 4488 '0
3608 4437 3672 4488 δὲ

2086 4539 2197 4600 τοῖς
2231 4535 2620 4608 πρέσϐεσιτῶν
2651 4533 2928 4603 πολεμίων
2946 4529 3087 4596 εἷπε,
3122 4531 3475 4602 μὴδύνασθαι
3499 4530 3669 4599 ποιῆ-

2088 4627 2260 4680 σαιτὺ
2291 4625 2714 4697 ἀπαιτούμενον.
2768 4623 2942 4678 Τοῦτο
2991 4623 3260 4692 ἀγγελθὲν
3323 4623 3399 4695 τῷ
3449 4624 3672 4695 βασιλεῖ

2084 4719 2184 4787 τῆς
2217 4718 2438 4790 Συρίας,
2463 4721 2544 4782 είς
2574 4716 2744 4788 ὀργήν
2783 4717 2991 4770 ἐκεῖνον
3010 4718 3251 4788 ἐκίνησε,
3299 4719 3391 4772 καὶ
3441 4719 3669 4790 χάρακα

403 4806 584 4874 pueri,
613 4805 737 4860 illos
769 4807 1034 4876 aggressi,
1062 4807 1263 4861 multos
1292 4808 1619 4864 occiderunt
1643 4827 1656 4863 :
1679 4826 1818 4881 quos
1835 4829 1978 4883 pone

2099 4805 2270 4858 3a.).s't'v
2297 4806 2427 4876 περὶ
2447 4805 2546 4876 τὴν
2592 4805 2769 4871 πόλιν,
2816 4804 2911 4858 καὶ
2967 4803 3200 4875 χώματα
3235 4807 3475 4878 ἐγείρειν
3536 4809 3668 4862 ἐκέ-

403 4901 607 4948 secuta:
635 4893 806 4964 copia:
834 4894 1166 4962 Israeliticae,
1213 4895 1510 4969 derepente
1561 4899 1706 4956 facto
1741 4904 1972 4974 impetu,

2099 4913 2260 4951 ιευσε.
2301 4898 2586 4968 Προφήτου
2619 4897 2674 4952 δέ
2707 4915 2850 4962 τινος
2877 4898 2956 4968 τῷ
2985 4898 3188 4968 ’Δχαὰϐ
3221 4901 3492 4970 φήσαντος
3550 4919 3666 4956 πα-

404 4983 574 5057 Syros
625 4985 678 5040 in
724 4986 904 5057 fugam
957 4990 1333 5058 coniecerunt,
1397 4991 1536 5048 adeo
1589 5003 1649 5048 ut
1704 4993 1820 5064 ipse
1880 5011 1979 5051 rex

2099 4989 2352 5043 ›αδιδόναι
2384 4991 2475 5042 τδν
2502 4989 2635 5044 Θεὸν
2655 4991 2784 5053 τοὺς
2813 4989 3110 5060 πολεμίους
3162 4990 3312 5060 αὐτῷ
3352 4991 3492 5061 μετὰ
3548 4992 3665 5045 τῶν

401 5091 596 5131 eorum
621 5077 711 5130 vix
747 5077 1076 5134 elaberetur.
1116 5079 1246 5135 lude
1291 5097 1546 5138 reversus
1581 5085 1857 5152 Achabus,
1890 5088 1978 5142 di--

2099 5083 2380 5154 ταιδαρίων
2401 5083 2508 5136 τῶν
2533 5083 2818 5154 ἡγεμόνων
2872 5081 3080 5137 ἐπιόντι
3128 5082 3336 5147 αὐτοῖς,
3371 5083 3659 5154 ἠρίθμησε

403 5167 581 5237 reptls
611 5167 852 5224 hostium
895 5171 1110 5238 castris,
1163 5173 1466 5230 Samariam
1501 5177 1661 5234 redit.
1709 5177 1808 5234 Cui
1846 5197 1976 5250 pro-

2099 5177 2143 5230 ςὰ
2172 5176 2456 5247 παιδάρια,
2489 5178 2585 5230 καὶ
2611 5169 2740 5246 εὗρε
2763 5175 3012 5230 διακόσια
3043 5176 3342 5246 τριάκοντα
3369 5175 3482 5230 δύο.
3529 5175 3660 5230 Τῶν

400 5259 566 5328 pheta
599 5260 859 5332 Syrorum
893 5265 1300 5335 aggressionem
1341 5267 1522 5323 denuo
1568 5269 1836 5338 praedicit.
1870 5271 1977 5327 Ita-

2099 5270 2128 5320 ιὲ
2158 5269 2431 5336 πολεμίων
2454 5268 2867 5339 εὐωχουμένων,
2905 5268 3000 5322 καὶ
3046 5267 3354 5336 μεθυόντων
3379 5267 3523 5320 κατὰ
3556 5285 3662 5336 με·

399 5368 508 5422 que
545 5353 784 5410 instante
837 5372 986 5418 vere,
1041 5355 1210 5429 Syrus
1253 5358 1514 5415 Israelitis
1558 5360 1742 5415 denuo
1772 5362 1972 5419 bellum

2099 5359 2376 5430 :qp6piav,
2409 5360 2634 5429 ἐξῆλθεν
2660 5361 2689 5413 ὁ
2726 5359 2934 5430 ’Δχαὰϐ
2961 5357 3298 5428 παραλαϐὼν
3331 5360 3400 5412 τὰ
3453 5359 3660 5413 παιδά-

400 5451 587 5514 infert,
645 5455 843 5508 castris
897 5454 951 5508 in
1001 5455 1229 5524 planitie
1287 5458 1504 5526 positis,
1583 5473 1708 5512 cum
1767 5474 1797 5513 e
1851 5461 1969 5515 suis

397 5543 662 5610 audisset,
695 5546 1048 5600 Hebraeorum
1075 5547 1169 5602 Dei
1203 5549 1346 5604 vires
1380 5551 1432 5604 in
1459 5550 1736 5605 montibus
1767 5550 1966 5620 vigere,

401 5635 453 5686 in
488 5635 724 5693 vallibus
753 5653 858 5691 non
893 5638 1045 5693 item.
1096 5639 1294 5692 Verum
1329 5641 1591 5708 propheta
1627 5640 1811 5694 denuo
1842 5657 1969 5710 pro-

398 5727 567 5781 mittit
598 5729 879 5784 victoriam
915 5730 1138 5787 Aehabo
1167 5748 1180 5786 :
1227 5730 1316 5794 Ut,
1357 5732 1553 5798 inquit,
1581 5731 1691 5802 94
1724 5733 1775 5784 in
1807 5733 1962 5786 valli-

396 5813 485 5870 bus
511 5819 668 5873 etiam
699 5835 847 5876 suam
876 5821 1165 5895 potentiam
1202 5820 1517 5875 demonstret
1553 5820 1711 5874 Deus.
1744 5819 1964 5879 Castoris

2086 5453 2272 5522 ρια.⁹0
2295 5451 2548 5524 βασιλεὺς
2575 5451 2632 5506 δέ
2667 5451 2886 5524 Συρίας,
2919 5451 3045 5506 ἰδὼν
3078 5452 3298 5516 αὐτοὺς,
3332 5451 3660 5521 δεδεμένους

2080 5547 2208 5609 τοὺς
2231 5546 2558 5618 προσιόντας
2581 5547 2931 5616 παραστῆσαι
2960 5545 3112 5615 αὐτῷ
3141 5561 3255 5598 τισι
3284 5544 3391 5597 τῶν
3426 5544 3660 5598 οἰκείων

2080 5637 2436 5707 προσέταξεν.
2474 5638 2611 5692 οἱδέ
2643 5637 2851 5700 παῖδες,
2886 5639 3001 5700 τοῖς
3035 5635 3251 5690 ἐπιοῦσι
3303 5635 3652 5706 προσμίξαν-

2078 5749 2188 5796 τες,
2228 5731 2452 5794 πολλοὺς
2484 5731 2710 5785 ἀνεῖλον.
2768 5730 3025 5800 Επομένη
3055 5729 3110 5781 δὲ
3135 5728 3358 5782 ὄπισθεν
3388 5728 3496 5780 τῶν
3520 5729 3652 5781 παί-

2074 5824 2179 5877 δων
2265 5825 2412 5877 πᾶσα
2443 5821 2673 5894 δύναμις
2702 5821 2938 5895 Ἰσραὴλ,
2964 5821 3222 5894 ἐξαίφνης
3245 5821 3384 5877 κατὰ
3407 5821 3514 5877 τῶν
3541 5823 3653 5876 Σύ-
