  <div class='ocr_page' id='page_1' title='image "/cluster/home/n/w/nwhite01/storage/ocr_20150623/134/hvd.32044019208289/101.png"; bbox 0 0 3910 6590; ppageno 0'>
   <div class='ocr_carea' id='block_1_1' title="bbox 460 386 557 451">
    <p class='ocr_par' dir='ltr' id='par_1_1' title="bbox 460 386 557 451">
     <span class='ocr_line' id='line_1_1' title="bbox 460 386 557 451; baseline -0.062 0"><span class='ocrx_word' id='word_1_1' title='bbox 460 386 557 451; x_wconf 80' lang='grc'>187</span> 
     </span>
    </p>
   </div>
   <div class='ocr_carea' id='block_1_2' title="bbox 1786 374 2466 440">
    <p class='ocr_par' dir='ltr' id='par_1_2' title="bbox 1786 374 2466 440">
     <span class='ocr_line' id='line_1_2' title="bbox 1786 374 2466 440; baseline -0.007 -1"><span class='ocrx_word' id='word_1_2' title='bbox 1786 375 2107 440; x_wconf 82' lang='lat' dir='ltr'>JOANNIS</span> <span class='ocrx_word' id='word_1_3' title='bbox 2143 374 2466 436; x_wconf 71' lang='grc' dir='ltr'>ΖΟΝΑῐὶίΕ</span> 
     </span>
    </p>
   </div>
   <div class='ocr_carea' id='block_1_3' title="bbox 3668 379 3779 444">
    <p class='ocr_par' dir='ltr' id='par_1_3' title="bbox 3668 379 3779 444">
     <span class='ocr_line' id='line_1_3' title="bbox 3668 379 3779 444; baseline -0.018 0"><span class='ocrx_word' id='word_1_4' title='bbox 3668 379 3779 444; x_wconf 67' lang='lat'>188</span> 
     </span>
    </p>
   </div>
   <div class='ocr_carea' id='block_1_4' title="bbox 457 492 2036 575">
    <p class='ocr_par' dir='ltr' id='par_1_4' title="bbox 457 494 2033 575">
     <span class='ocr_line' id='line_1_4' title="bbox 457 494 2033 575; baseline -0.008 -16"><span class='ocrx_word' id='word_1_5' title='bbox 457 504 747 575; x_wconf 83' lang='lat' dir='ltr'><strong>sepelitur.</strong></span> <span class='ocrx_word' id='word_1_6' title='bbox 783 504 890 560; x_wconf 87' lang='lat' dir='ltr'><strong>Sed</strong></span> <span class='ocrx_word' id='word_1_7' title='bbox 922 518 1146 559; x_wconf 89' lang='lat' dir='ltr'><strong>currum</strong></span> <span class='ocrx_word' id='word_1_8' title='bbox 1197 501 1267 557; x_wconf 92' lang='lat' dir='ltr'>de</span> <span class='ocrx_word' id='word_1_9' title='bbox 1305 499 1454 558; x_wconf 61' lang='lat' dir='ltr'><strong>(unde</strong></span> <span class='ocrx_word' id='word_1_10' title='bbox 1496 499 1617 571; x_wconf 89' lang='lat' dir='ltr'><strong>ejus</strong></span> <span class='ocrx_word' id='word_1_11' title='bbox 1642 504 1934 553; x_wconf 90' lang='lat' dir='ltr'><strong>cruentum</strong></span> <span class='ocrx_word' id='word_1_12' title='bbox 1978 494 2033 548; x_wconf 91' lang='lat' dir='ltr'>in</span> 
     </span>
    </p>
   </div>
   <div class='ocr_carea' id='block_1_5' title="bbox 2143 492 3779 575">
    <p class='ocr_par' dir='ltr' id='par_1_5' title="bbox 2143 492 3779 565">
     <span class='ocr_line' id='line_1_5' title="bbox 2143 492 3779 565; baseline 0.003 -18"><span class='ocrx_word' id='word_1_13' title='bbox 2143 492 2328 548; x_wconf 80' lang='grc' dir='ltr'>Ταῦτα</span> <span class='ocrx_word' id='word_1_14' title='bbox 2358 493 2452 546; x_wconf 78' lang='grc' dir='ltr'>τοῦ</span> <span class='ocrx_word' id='word_1_15' title='bbox 2489 492 2717 564; x_wconf 79' lang='grc' dir='ltr'>Μιχαίου</span> <span class='ocrx_word' id='word_1_16' title='bbox 2749 495 3016 559; x_wconf 80' lang='grc' dir='ltr'>εἰπόντος.</span> <span class='ocrx_word' id='word_1_17' title='bbox 3043 498 3071 549; x_wconf 89' lang='lat'>6</span> <span class='ocrx_word' id='word_1_18' title='bbox 3096 494 3308 565; x_wconf 77' lang='grc' dir='ltr'>’Λχαὰδ</span> <span class='ocrx_word' id='word_1_19' title='bbox 3339 498 3485 565; x_wconf 47' lang='lat' dir='ltr'><strong>api;</strong></span> <span class='ocrx_word' id='word_1_20' title='bbox 3558 496 3779 551; x_wconf 75' lang='grc' dir='ltr'>Ἰωσα-</span> 
     </span>
    </p>
   </div>
   <div class='ocr_carea' id='block_1_6' title="bbox 458 584 2037 655">
    <p class='ocr_par' dir='ltr' id='par_1_6' title="bbox 458 584 2037 655">
     <span class='ocr_line' id='line_1_6' title="bbox 458 584 2037 655; baseline -0.007 -7"><span class='ocrx_word' id='word_1_21' title='bbox 458 596 608 648; x_wconf 74' lang='lat' dir='ltr'><strong>[unite</strong></span> <span class='ocrx_word' id='word_1_22' title='bbox 651 594 913 649; x_wconf 72' lang='lat' dir='ltr'><strong>Samaria:</strong></span> <span class='ocrx_word' id='word_1_23' title='bbox 964 594 1333 649; x_wconf 89' lang='lat' dir='ltr'><strong>occultarunt.</strong></span> <span class='ocrx_word' id='word_1_24' title='bbox 1375 591 1469 647; x_wconf 88' lang='lat' dir='ltr'>Sic</span> <span class='ocrx_word' id='word_1_25' title='bbox 1514 599 1572 645; x_wconf 89' lang='lat' dir='ltr'>et</span> <span class='ocrx_word' id='word_1_26' title='bbox 1602 602 1768 643; x_wconf 88' lang='lat' dir='ltr'><strong>canes</strong></span> <span class='ocrx_word' id='word_1_27' title='bbox 1812 584 2037 655; x_wconf 88' lang='lat' dir='ltr'><strong>sangui-</strong></span> 
     </span>
    </p>
   </div>
   <div class='ocr_carea' id='block_1_7' title="bbox 456 678 2034 760">
    <p class='ocr_par' dir='ltr' id='par_1_7' title="bbox 456 678 2034 760">
     <span class='ocr_line' id='line_1_7' title="bbox 456 678 2034 760; baseline -0.008 -19"><span class='ocrx_word' id='word_1_28' title='bbox 456 701 581 742; x_wconf 88' lang='lat' dir='ltr'>nem</span> <span class='ocrx_word' id='word_1_29' title='bbox 608 689 727 760; x_wconf 97' lang='lat' dir='ltr'><strong>ejus</strong></span> <span class='ocrx_word' id='word_1_30' title='bbox 749 688 1051 752; x_wconf 81' lang='lat' dir='ltr'><strong>linxerunt,</strong></span> <span class='ocrx_word' id='word_1_31' title='bbox 1082 695 1139 741; x_wconf 88' lang='lat' dir='ltr'>et</span> <span class='ocrx_word' id='word_1_32' title='bbox 1167 694 1349 741; x_wconf 90' lang='lat' dir='ltr'><strong>scorta</strong></span> <span class='ocrx_word' id='word_1_33' title='bbox 1388 682 1652 739; x_wconf 75' lang='lat' dir='ltr'><strong>fonteillo</strong></span> <span class='ocrx_word' id='word_1_34' title='bbox 1684 678 2034 743; x_wconf 84' lang='lat' dir='ltr'><strong>lavabantur,</strong></span> 
     </span>
    </p>
   </div>
   <div class='ocr_carea' id='block_1_8' title="bbox 460 771 2036 838">
    <p class='ocr_par' dir='ltr' id='par_1_8' title="bbox 460 771 2036 838">
     <span class='ocr_line' id='line_1_8' title="bbox 460 771 2036 838; baseline -0.004 -5"><span class='ocrx_word' id='word_1_35' title='bbox 460 790 516 834; x_wconf 85' lang='lat' dir='ltr'>ut</span> <span class='ocrx_word' id='word_1_36' title='bbox 544 781 692 836; x_wconf 86' lang='lat' dir='ltr'><strong>Elias</strong></span> <span class='ocrx_word' id='word_1_37' title='bbox 738 783 1066 838; x_wconf 73' lang='lat' dir='ltr'>vaticinatus</span> <span class='ocrx_word' id='word_1_38' title='bbox 1119 779 1317 835; x_wconf 75' lang='lat' dir='ltr'><strong>fuerat.</strong></span> <span class='ocrx_word' id='word_1_39' title='bbox 1353 778 1604 833; x_wconf 78' lang='lat' dir='ltr'><strong>Mortuus</strong></span> <span class='ocrx_word' id='word_1_40' title='bbox 1645 783 1732 831; x_wconf 92' lang='lat' dir='ltr'>est</span> <span class='ocrx_word' id='word_1_41' title='bbox 1757 771 2036 837; x_wconf 78' lang='lat' dir='ltr'><strong>Achabus,</strong></span> 
     </span>
    </p>
   </div>
   <div class='ocr_carea' id='block_1_9' title="bbox 459 868 2036 945">
    <p class='ocr_par' dir='ltr' id='par_1_9' title="bbox 459 868 2036 945">
     <span class='ocr_line' id='line_1_9' title="bbox 459 868 2036 945; baseline -0.005 -19"><span class='ocrx_word' id='word_1_42' title='bbox 459 882 520 927; x_wconf 92' lang='lat' dir='ltr'>ut</span> <span class='ocrx_word' id='word_1_43' title='bbox 577 874 831 929; x_wconf 73' lang='lat' dir='ltr'><strong>Miclueas</strong></span> <span class='ocrx_word' id='word_1_44' title='bbox 873 874 1218 945; x_wconf 65' lang='lat' dir='ltr'><strong>praedixerat,</strong></span> <span class='ocrx_word' id='word_1_45' title='bbox 1270 873 1536 933; x_wconf 88' lang='lat' dir='ltr'><strong>interitu.</strong></span> <span class='ocrx_word' id='word_1_46' title='bbox 1599 868 1851 940; x_wconf 82' lang='lat' dir='ltr'><strong>quamvis</strong></span> <span class='ocrx_word' id='word_1_47' title='bbox 1907 874 2036 919; x_wconf 88' lang='lat' dir='ltr'><strong>ante</strong></span> 
     </span>
    </p>
   </div>
   <div class='ocr_carea' id='block_1_10' title="bbox 458 958 2040 1035">
    <p class='ocr_par' dir='ltr' id='par_1_10' title="bbox 458 958 2040 1035">
     <span class='ocr_line' id='line_1_10' title="bbox 458 958 2040 1035; baseline -0.003 -17"><span class='ocrx_word' id='word_1_48' title='bbox 458 965 724 1029; x_wconf 84' lang='lat' dir='ltr'><strong>audisset,</strong></span> <span class='ocrx_word' id='word_1_49' title='bbox 779 983 887 1021; x_wconf 91' lang='lat' dir='ltr'>non</span> <span class='ocrx_word' id='word_1_50' title='bbox 931 967 1162 1028; x_wconf 84' lang='lat' dir='ltr'><strong>evitato,</strong></span> <span class='ocrx_word' id='word_1_51' title='bbox 1193 981 1317 1020; x_wconf 92' lang='lat' dir='ltr'>cum</span> <span class='ocrx_word' id='word_1_52' title='bbox 1367 971 1646 1035; x_wconf 80' lang='lat' dir='ltr'><strong>regnasset</strong></span> <span class='ocrx_word' id='word_1_53' title='bbox 1686 975 1861 1017; x_wconf 86' lang='lat' dir='ltr'><strong>annos</strong></span> <span class='ocrx_word' id='word_1_54' title='bbox 1899 958 2040 1013; x_wconf 89' lang='lat' dir='ltr'><strong>duos</strong></span> 
     </span>
    </p>
   </div>
   <div class='ocr_carea' id='block_1_11' title="bbox 458 1051 1970 1130">
    <p class='ocr_par' dir='ltr' id='par_1_11' title="bbox 458 1051 1970 1130">
     <span class='ocr_line' id='line_1_11' title="bbox 458 1051 1970 1130; baseline -0.004 -20"><span class='ocrx_word' id='word_1_55' title='bbox 458 1065 514 1110; x_wconf 86' lang='lat' dir='ltr'>et</span> <span class='ocrx_word' id='word_1_56' title='bbox 550 1056 761 1127; x_wconf 79' lang='lat' dir='ltr'><strong>viginti.</strong></span> <span class='ocrx_word' id='word_1_57' title='bbox 798 1058 1044 1130; x_wconf 84' lang='lat' dir='ltr'><strong>Regnum</strong></span> <span class='ocrx_word' id='word_1_58' title='bbox 1078 1058 1317 1127; x_wconf 88' lang='lat' dir='ltr'><strong>suscepit</strong></span> <span class='ocrx_word' id='word_1_59' title='bbox 1346 1055 1488 1111; x_wconf 77' lang='lat' dir='ltr'><strong>illius</strong></span> <span class='ocrx_word' id='word_1_60' title='bbox 1513 1056 1633 1126; x_wconf 81' lang='lat' dir='ltr'><strong>ejus</strong></span> <span class='ocrx_word' id='word_1_61' title='bbox 1678 1051 1970 1107; x_wconf 86' lang='lat' dir='ltr'><strong>Ochozias.</strong></span> 
     </span>
    </p>
   </div>
   <div class='ocr_carea' id='block_1_12' title="bbox 2143 583 3777 658">
    <p class='ocr_par' dir='ltr' id='par_1_12' title="bbox 2143 583 3777 658">
     <span class='ocr_line' id='line_1_12' title="bbox 2143 583 3777 658; baseline 0.002 -19"><span class='ocrx_word' id='word_1_62' title='bbox 2143 586 2249 656; x_wconf 61' lang='grc' dir='ltr'>φάτ</span> <span class='ocrx_word' id='word_1_63' title='bbox 2278 586 2381 656; x_wconf 74' lang='grc' dir='ltr'>ἔφη</span> <span class='ocrx_word' id='word_1_64' title='bbox 2401 601 2416 616; x_wconf 82' lang='lat'><strong><em>°</em></strong></span> <span class='ocrx_word' id='word_1_65' title='bbox 2451 588 2572 641; x_wconf 81' lang='grc' dir='ltr'>Οὐκ</span> <span class='ocrx_word' id='word_1_66' title='bbox 2600 583 2775 642; x_wconf 70' lang='grc' dir='ltr'>εἶπόν</span> <span class='ocrx_word' id='word_1_67' title='bbox 2805 602 2928 655; x_wconf 83' lang='grc' dir='ltr'>σοι,</span> <span class='ocrx_word' id='word_1_68' title='bbox 2955 590 3037 656; x_wconf 83' lang='grc' dir='ltr'>ὡς</span> <span class='ocrx_word' id='word_1_69' title='bbox 3061 587 3216 643; x_wconf 77' lang='grc' dir='ltr'>κακά</span> <span class='ocrx_word' id='word_1_70' title='bbox 3242 608 3338 653; x_wconf 81' lang='grc' dir='ltr'>μοι</span> <span class='ocrx_word' id='word_1_71' title='bbox 3371 590 3462 643; x_wconf 72' lang='grc' dir='ltr'>ἀεὶ</span> <span class='ocrx_word' id='word_1_72' title='bbox 3506 608 3587 656; x_wconf 66' lang='grc' dir='ltr'>πί</span> <span class='ocrx_word' id='word_1_73' title='bbox 3609 607 3777 658; x_wconf 56' lang='lat'>09:1;-</span> 
     </span>
    </p>
   </div>
   <div class='ocr_carea' id='block_1_13' title="bbox 2141 680 3774 753">
    <p class='ocr_par' dir='ltr' id='par_1_13' title="bbox 2141 680 3774 753">
     <span class='ocr_line' id='line_1_13' title="bbox 2141 680 3774 753; baseline 0.001 -19"><span class='ocrx_word' id='word_1_74' title='bbox 2141 681 2337 746; x_wconf 66' lang='lat' dir='ltr'><strong>rsdel;</strong></span> <span class='ocrx_word' id='word_1_75' title='bbox 2364 680 2618 743; x_wconf 84' lang='grc' dir='ltr'>Σεδεκίας</span> <span class='ocrx_word' id='word_1_76' title='bbox 2655 680 2712 734; x_wconf 88' lang='grc' dir='ltr'>δέ</span> <span class='ocrx_word' id='word_1_77' title='bbox 2765 697 2851 745; x_wconf 88' lang='grc' dir='ltr'>τις</span> <span class='ocrx_word' id='word_1_78' title='bbox 2884 681 2994 736; x_wconf 89' lang='grc' dir='ltr'>τῶν</span> <span class='ocrx_word' id='word_1_79' title='bbox 3043 681 3522 752; x_wconf 77' lang='grc' dir='ltr'>ψευδοπροφητῶν</span> <span class='ocrx_word' id='word_1_80' title='bbox 3590 684 3774 753; x_wconf 71' lang='grc' dir='ltr'>ἐρῤἀ-</span> 
     </span>
    </p>
   </div>
   <div class='ocr_carea' id='block_1_14' title="bbox 2144 772 3772 844">
    <p class='ocr_par' dir='ltr' id='par_1_14' title="bbox 2144 772 3772 844">
     <span class='ocr_line' id='line_1_14' title="bbox 2144 772 3772 844; baseline 0 -18"><span class='ocrx_word' id='word_1_81' title='bbox 2144 790 2272 826; x_wconf 71' lang='grc' dir='ltr'>πισε</span> <span class='ocrx_word' id='word_1_82' title='bbox 2308 774 2408 843; x_wconf 71' lang='grc' dir='ltr'>τὴν</span> <span class='ocrx_word' id='word_1_83' title='bbox 2452 772 2679 841; x_wconf 77' lang='grc' dir='ltr'>σιαγόνα</span> <span class='ocrx_word' id='word_1_84' title='bbox 2720 773 2979 844; x_wconf 85' lang='grc' dir='ltr'>Μιχαίου.</span> <span class='ocrx_word' id='word_1_85' title='bbox 3036 773 3095 825; x_wconf 87' lang='lat'><strong>&#39;0</strong></span> <span class='ocrx_word' id='word_1_86' title='bbox 3148 774 3203 827; x_wconf 84' lang='grc' dir='ltr'>δέ</span> <span class='ocrx_word' id='word_1_87' title='bbox 3255 774 3359 844; x_wconf 83' lang='grc' dir='ltr'>ἐφη</span> <span class='ocrx_word' id='word_1_88' title='bbox 3382 773 3577 843; x_wconf 77' lang='grc' dir='ltr'>αὐτῷ·</span> <span class='ocrx_word' id='word_1_89' title='bbox 3621 776 3772 826; x_wconf 72' lang='grc' dir='ltr'>Μετ’</span> 
     </span>
    </p>
   </div>
   <div class='ocr_carea' id='block_1_15' title="bbox 2144 865 3767 935">
    <p class='ocr_par' dir='ltr' id='par_1_15' title="bbox 2144 865 3767 935">
     <span class='ocr_line' id='line_1_15' title="bbox 2144 865 3767 935; baseline 0 -16"><span class='ocrx_word' id='word_1_90' title='bbox 2144 867 2242 920; x_wconf 70' lang='lat'>(5.1!</span> <span class='ocrx_word' id='word_1_91' title='bbox 2247 883 2352 935; x_wconf 72' lang='grc' dir='ltr'>γον</span> <span class='ocrx_word' id='word_1_92' title='bbox 2372 866 2614 934; x_wconf 71' lang='grc' dir='ltr'>ταμεῖον</span> <span class='ocrx_word' id='word_1_93' title='bbox 2628 866 2696 919; x_wconf 79' lang='grc' dir='ltr'>ἐκ</span> <span class='ocrx_word' id='word_1_94' title='bbox 2717 867 2961 934; x_wconf 79' lang='grc' dir='ltr'>ταμείου</span> <span class='ocrx_word' id='word_1_95' title='bbox 2980 866 3254 935; x_wconf 67' lang='grc' dir='ltr'>ἀμείψεις</span> <span class='ocrx_word' id='word_1_96' title='bbox 3292 865 3767 935; x_wconf 73' lang='grc' dir='ltr'>κρυπτόμενος.</span> 
     </span>
    </p>
   </div>
   <div class='ocr_carea' id='block_1_16' title="bbox 2154 955 3773 1032">
    <p class='ocr_par' dir='ltr' id='par_1_16' title="bbox 2154 955 3773 1032">
     <span class='ocr_line' id='line_1_16' title="bbox 2154 955 3773 1032; baseline 0.002 -21"><span class='ocrx_word' id='word_1_97' title='bbox 2154 958 2218 1011; x_wconf 82' lang='grc' dir='ltr'>ὐ</span> <span class='ocrx_word' id='word_1_98' title='bbox 2249 957 2305 1010; x_wconf 75' lang='grc' dir='ltr'>δὲ</span> <span class='ocrx_word' id='word_1_99' title='bbox 2347 955 2603 1026; x_wconf 81' lang='grc' dir='ltr'>βασιλεὺς</span> <span class='ocrx_word' id='word_1_100' title='bbox 2632 956 2843 1027; x_wconf 76' lang='grc' dir='ltr'>Ἀχαάϐ</span> <span class='ocrx_word' id='word_1_101' title='bbox 2869 958 3263 1032; x_wconf 78' lang='grc' dir='ltr'>καθειρχθῆναι</span> <span class='ocrx_word' id='word_1_102' title='bbox 3294 962 3483 1028; x_wconf 74' lang='grc' dir='ltr'>αὑτὸν,</span> <span class='ocrx_word' id='word_1_103' title='bbox 3529 963 3640 1015; x_wconf 83' lang='grc' dir='ltr'>καί</span> <span class='ocrx_word' id='word_1_104' title='bbox 3661 979 3773 1031; x_wconf 85' lang='grc' dir='ltr'>φυ-</span> 
     </span>
    </p>
   </div>
   <div class='ocr_carea' id='block_1_17' title="bbox 2148 1050 3764 1130">
    <p class='ocr_par' dir='ltr' id='par_1_17' title="bbox 2148 1050 3764 1130">
     <span class='ocr_line' id='line_1_17' title="bbox 2148 1050 3764 1130; baseline 0.007 -27"><span class='ocrx_word' id='word_1_105' title='bbox 2148 1050 2465 1115; x_wconf 82' lang='grc' dir='ltr'>λάττεσθαι,</span> <span class='ocrx_word' id='word_1_106' title='bbox 2501 1053 2695 1122; x_wconf 81' lang='grc' dir='ltr'>μέχρις</span> <span class='ocrx_word' id='word_1_107' title='bbox 2740 1052 2807 1106; x_wconf 84' lang='grc' dir='ltr'>ἂν</span> <span class='ocrx_word' id='word_1_108' title='bbox 2843 1053 3006 1116; x_wconf 66' lang='grc' dir='ltr'>αὐτὸς</span> <span class='ocrx_word' id='word_1_109' title='bbox 3030 1055 3366 1130; x_wconf 70' lang='grc' dir='ltr'>ὑποστρέψῃ,</span> <span class='ocrx_word' id='word_1_110' title='bbox 3401 1058 3764 1130; x_wconf 81' lang='grc' dir='ltr'>προσέταξε.</span> 
     </span>
    </p>
   </div>
   <div class='ocr_carea' id='block_1_18' title="bbox 458 1138 3770 1221">
    <p class='ocr_par' dir='ltr' id='par_1_18' title="bbox 458 1138 3770 1221">
     <span class='ocr_line' id='line_1_18' title="bbox 458 1138 3770 1221; baseline 0.001 -18"><span class='ocrx_word' id='word_1_111' title='bbox 458 1151 570 1203; x_wconf 74' lang='grc' dir='ltr'>Καὶ</span> <span class='ocrx_word' id='word_1_112' title='bbox 606 1151 633 1202; x_wconf 89' lang='lat'>6</span> <span class='ocrx_word' id='word_1_113' title='bbox 661 1151 923 1221; x_wconf 82' lang='grc' dir='ltr'>Μιχαίας·</span> <span class='ocrx_word' id='word_1_114' title='bbox 968 1153 1110 1206; x_wconf 79' lang='grc' dir='ltr'>Ἐὰν</span> <span class='ocrx_word' id='word_1_115' title='bbox 1140 1148 1535 1219; x_wconf 72' lang='grc' dir='ltr'>ὑποστρέψῃς</span> <span class='ocrx_word' id='word_1_116' title='bbox 1569 1148 1640 1203; x_wconf 76' lang='grc' dir='ltr'>ἐν</span> <span class='ocrx_word' id='word_1_117' title='bbox 1671 1146 1883 1216; x_wconf 73' lang='grc' dir='ltr'>εἰρήνῃ</span> <span class='ocrx_word' id='word_1_118' title='bbox 1925 1144 2029 1212; x_wconf 85' lang='grc' dir='ltr'>σὺ,</span> <span class='ocrx_word' id='word_1_119' title='bbox 2071 1138 2247 1205; x_wconf 76' lang='grc' dir='ltr'>εἶπεν,</span> <span class='ocrx_word' id='word_1_120' title='bbox 2283 1145 2397 1197; x_wconf 69' lang='grc' dir='ltr'>οὐκ</span> <span class='ocrx_word' id='word_1_121' title='bbox 2437 1142 2748 1211; x_wconf 66' lang='grc' dir='ltr'>ἐλάλησεν</span> <span class='ocrx_word' id='word_1_122' title='bbox 2770 1145 2841 1199; x_wconf 85' lang='grc' dir='ltr'>ἐν</span> <span class='ocrx_word' id='word_1_123' title='bbox 2868 1145 3000 1214; x_wconf 74' lang='grc' dir='ltr'>ἐμοὶ</span> <span class='ocrx_word' id='word_1_124' title='bbox 3033 1148 3270 1215; x_wconf 75' lang='grc' dir='ltr'>Κύριος.</span> <span class='ocrx_word' id='word_1_125' title='bbox 3348 1151 3495 1221; x_wconf 80' lang='grc' dir='ltr'>Ἤδη</span> <span class='ocrx_word' id='word_1_126' title='bbox 3556 1151 3623 1204; x_wconf 73' lang='grc' dir='ltr'>δὲ</span> <span class='ocrx_word' id='word_1_127' title='bbox 3666 1169 3770 1205; x_wconf 83' lang='grc' dir='ltr'>πο-</span> 
     </span>
    </p>
   </div>
   <div class='ocr_carea' id='block_1_19' title="bbox 459 1233 3766 1313">
    <p class='ocr_par' dir='ltr' id='par_1_19' title="bbox 459 1233 3766 1313">
     <span class='ocr_line' id='line_1_19' title="bbox 459 1233 3766 1313; baseline 0 -20"><span class='ocrx_word' id='word_1_128' title='bbox 459 1243 760 1313; x_wconf 74' lang='grc' dir='ltr'>ρευθέντων</span> <span class='ocrx_word' id='word_1_129' title='bbox 790 1241 899 1295; x_wconf 89' lang='grc' dir='ltr'>τῶν</span> <span class='ocrx_word' id='word_1_130' title='bbox 931 1242 1220 1310; x_wconf 76' lang='grc' dir='ltr'>βασιλέων,</span> <span class='ocrx_word' id='word_1_131' title='bbox 1251 1242 1345 1295; x_wconf 73' lang='grc' dir='ltr'>καὶ</span> <span class='ocrx_word' id='word_1_132' title='bbox 1378 1240 1535 1295; x_wconf 80' lang='grc' dir='ltr'>ὁτῶν</span> <span class='ocrx_word' id='word_1_133' title='bbox 1562 1238 1750 1311; x_wconf 87' lang='grc' dir='ltr'>Σύρων</span> <span class='ocrx_word' id='word_1_134' title='bbox 1785 1235 2039 1307; x_wconf 82' lang='grc' dir='ltr'>βασιλεὺς</span> <span class='ocrx_word' id='word_1_135' title='bbox 2077 1234 2263 1297; x_wconf 82' lang='grc' dir='ltr'>αὐτοῖς</span> <span class='ocrx_word' id='word_1_136' title='bbox 2328 1233 2819 1303; x_wconf 79' lang='grc' dir='ltr'>ἀντιπαρετάξατο,</span> <span class='ocrx_word' id='word_1_137' title='bbox 2891 1236 3267 1306; x_wconf 79' lang='grc' dir='ltr'>ἐντειλάμενος</span> <span class='ocrx_word' id='word_1_138' title='bbox 3305 1241 3420 1303; x_wconf 80' lang='grc' dir='ltr'>τοῖς</span> <span class='ocrx_word' id='word_1_139' title='bbox 3470 1239 3766 1307; x_wconf 86' lang='grc' dir='ltr'>στρατιώ-</span> 
     </span>
    </p>
   </div>
   <div class='ocr_carea' id='block_1_20' title="bbox 455 1326 3764 1408">
    <p class='ocr_par' dir='ltr' id='par_1_20' title="bbox 455 1326 3764 1408">
     <span class='ocr_line' id='line_1_20' title="bbox 455 1326 3764 1408; baseline -0.001 -21"><span class='ocrx_word' id='word_1_140' title='bbox 455 1352 579 1400; x_wconf 84' lang='grc' dir='ltr'>ταις</span> <span class='ocrx_word' id='word_1_141' title='bbox 607 1335 773 1389; x_wconf 83' lang='grc' dir='ltr'>αὐτοῦ</span> <span class='ocrx_word' id='word_1_142' title='bbox 824 1335 1017 1408; x_wconf 77' lang='grc' dir='ltr'>μηδενὶ</span> <span class='ocrx_word' id='word_1_143' title='bbox 1044 1335 1303 1406; x_wconf 80' lang='grc' dir='ltr'>πολεμεῖν</span> <span class='ocrx_word' id='word_1_144' title='bbox 1332 1334 1443 1388; x_wconf 86' lang='grc' dir='ltr'>τῶν</span> <span class='ocrx_word' id='word_1_145' title='bbox 1477 1332 1676 1395; x_wconf 83' lang='grc' dir='ltr'>ἀλλων,</span> <span class='ocrx_word' id='word_1_146' title='bbox 1717 1332 1766 1385; x_wconf 85' lang='grc' dir='ltr'>εί</span> <span class='ocrx_word' id='word_1_147' title='bbox 1811 1330 1885 1402; x_wconf 77' lang='grc' dir='ltr'>μὴ</span> <span class='ocrx_word' id='word_1_148' title='bbox 1929 1330 2078 1401; x_wconf 82' lang='grc' dir='ltr'>μόνῳ</span> <span class='ocrx_word' id='word_1_149' title='bbox 2130 1329 2208 1400; x_wconf 85' lang='grc' dir='ltr'>τῷ</span> <span class='ocrx_word' id='word_1_150' title='bbox 2273 1326 2611 1399; x_wconf 77' lang='grc' dir='ltr'>Ἀχαὰϐτὴν</span> <span class='ocrx_word' id='word_1_151' title='bbox 2643 1328 2931 1398; x_wconf 77' lang='grc' dir='ltr'>βασιλικὴν</span> <span class='ocrx_word' id='word_1_152' title='bbox 2999 1330 3241 1400; x_wconf 71' lang='grc' dir='ltr'>ἀμείψας</span> <span class='ocrx_word' id='word_1_153' title='bbox 3297 1333 3501 1405; x_wconf 72' lang='grc' dir='ltr'>στολὴν</span> <span class='ocrx_word' id='word_1_154' title='bbox 3532 1376 3550 1400; x_wconf 83' lang='grc'>,</span> <span class='ocrx_word' id='word_1_155' title='bbox 3609 1336 3764 1389; x_wconf 78' lang='grc' dir='ltr'>[διω-</span> 
     </span>
    </p>
   </div>
   <div class='ocr_carea' id='block_1_21' title="bbox 455 1420 3764 1503">
    <p class='ocr_par' dir='ltr' id='par_1_21' title="bbox 455 1420 3764 1503">
     <span class='ocr_line' id='line_1_21' title="bbox 455 1420 3764 1503; baseline -0.002 -23"><span class='ocrx_word' id='word_1_156' title='bbox 455 1429 616 1499; x_wconf 82' lang='grc' dir='ltr'>τικὴν</span> <span class='ocrx_word' id='word_1_157' title='bbox 645 1430 955 1484; x_wconf 89' lang='grc' dir='ltr'>ἐνεδύσατο.</span> <span class='ocrx_word' id='word_1_158' title='bbox 1006 1430 1229 1493; x_wconf 78' lang='grc' dir='ltr'>’ἰδόντες</span> <span class='ocrx_word' id='word_1_159' title='bbox 1260 1427 1317 1482; x_wconf 79' lang='grc' dir='ltr'>δὲ</span> <span class='ocrx_word' id='word_1_160' title='bbox 1337 1432 1385 1483; x_wconf 77' lang='grc' dir='ltr'>οἱ</span> <span class='ocrx_word' id='word_1_161' title='bbox 1414 1429 1526 1481; x_wconf 86' lang='grc' dir='ltr'>τῶν</span> <span class='ocrx_word' id='word_1_162' title='bbox 1583 1427 1773 1498; x_wconf 87' lang='grc' dir='ltr'>Σύρων</span> <span class='ocrx_word' id='word_1_163' title='bbox 1839 1422 2179 1495; x_wconf 82' lang='grc' dir='ltr'>στρατάρχαι</span> <span class='ocrx_word' id='word_1_164' title='bbox 2210 1422 2303 1474; x_wconf 74' lang='grc' dir='ltr'>τὸν</span> <span class='ocrx_word' id='word_1_165' title='bbox 2342 1420 2613 1489; x_wconf 71' lang='grc' dir='ltr'>Ἰωσαφὰτ</span> <span class='ocrx_word' id='word_1_166' title='bbox 2677 1422 3090 1491; x_wconf 73' lang='grc' dir='ltr'>κεκοσμημένον</span> <span class='ocrx_word' id='word_1_167' title='bbox 3142 1424 3479 1493; x_wconf 78' lang='grc' dir='ltr'>βασιλικῶς,</span> <span class='ocrx_word' id='word_1_168' title='bbox 3560 1428 3764 1503; x_wconf 64' lang='grc' dir='ltr'>ᾠῆοη-</span> 
     </span>
    </p>
   </div>
   <div class='ocr_carea' id='block_1_22' title="bbox 458 1513 3764 1593">
    <p class='ocr_par' dir='ltr' id='par_1_22' title="bbox 458 1513 3764 1593">
     <span class='ocr_line' id='line_1_22' title="bbox 458 1513 3764 1593; baseline 0.001 -19"><span class='ocrx_word' id='word_1_169' title='bbox 458 1539 562 1576; x_wconf 89' lang='grc' dir='ltr'>σαν</span> <span class='ocrx_word' id='word_1_170' title='bbox 595 1516 737 1575; x_wconf 75' lang='grc' dir='ltr'>εἶναι</span> <span class='ocrx_word' id='word_1_171' title='bbox 766 1522 860 1576; x_wconf 81' lang='grc' dir='ltr'>τὸν</span> <span class='ocrx_word' id='word_1_172' title='bbox 895 1523 1123 1593; x_wconf 77' lang='grc' dir='ltr'>Ἀχαά6,</span> <span class='ocrx_word' id='word_1_173' title='bbox 1157 1524 1251 1579; x_wconf 76' lang='grc' dir='ltr'>καὶ</span> <span class='ocrx_word' id='word_1_174' title='bbox 1286 1521 1606 1577; x_wconf 72' lang='grc' dir='ltr'>ἐκύκλωσαν</span> <span class='ocrx_word' id='word_1_175' title='bbox 1636 1518 1824 1574; x_wconf 80' lang='grc' dir='ltr'>αὐτόν.</span> <span class='ocrx_word' id='word_1_176' title='bbox 1863 1518 1953 1578; x_wconf 83' lang='grc' dir='ltr'>Ὠς</span> <span class='ocrx_word' id='word_1_177' title='bbox 1994 1516 2040 1570; x_wconf 76' lang='grc' dir='ltr'>δ’</span> <span class='ocrx_word' id='word_1_178' title='bbox 2080 1516 2329 1584; x_wconf 75' lang='grc' dir='ltr'>ἔγνωσαν</span> <span class='ocrx_word' id='word_1_179' title='bbox 2398 1513 2474 1585; x_wconf 78' lang='grc' dir='ltr'>μὴ</span> <span class='ocrx_word' id='word_1_180' title='bbox 2504 1514 2633 1568; x_wconf 83' lang='grc' dir='ltr'>δντα</span> <span class='ocrx_word' id='word_1_181' title='bbox 2664 1514 2754 1567; x_wconf 76' lang='grc' dir='ltr'>τὸν</span> <span class='ocrx_word' id='word_1_182' title='bbox 2782 1515 3005 1584; x_wconf 80' lang='grc' dir='ltr'>βασιλέα</span> <span class='ocrx_word' id='word_1_183' title='bbox 3059 1517 3154 1570; x_wconf 80' lang='grc' dir='ltr'>τοῦ</span> <span class='ocrx_word' id='word_1_184' title='bbox 3226 1517 3470 1591; x_wconf 73' lang='grc' dir='ltr'>Ἰσραὴλ,</span> <span class='ocrx_word' id='word_1_185' title='bbox 3536 1523 3764 1592; x_wconf 70' lang='grc' dir='ltr'>ἀνεχὼο</span> 
     </span>
    </p>
   </div>
   <div class='ocr_carea' id='block_1_23' title="bbox 457 1602 3758 1737">
    <p class='ocr_par' dir='ltr' id='par_1_23' title="bbox 457 1602 3758 1737">
     <span class='ocr_line' id='line_1_23' title="bbox 457 1602 3758 1737; baseline -0.004 -68"><span class='ocrx_word' id='word_1_186' title='bbox 457 1628 655 1737; x_wconf 49' lang='lat' dir='ltr'><strong>gnam.</strong></span> <span class='ocrx_word' id='word_1_187' title='bbox 694 1607 788 1677; x_wconf 72' lang='grc' dir='ltr'>Εἷς</span> <span class='ocrx_word' id='word_1_188' title='bbox 816 1614 873 1667; x_wconf 85' lang='grc' dir='ltr'>δέ</span> <span class='ocrx_word' id='word_1_189' title='bbox 906 1632 1011 1681; x_wconf 87' lang='grc' dir='ltr'>τις,</span> <span class='ocrx_word' id='word_1_190' title='bbox 1047 1614 1109 1667; x_wconf 83' lang='grc' dir='ltr'>τὸ</span> <span class='ocrx_word' id='word_1_191' title='bbox 1161 1615 1315 1681; x_wconf 79' lang='grc' dir='ltr'>τόξον</span> <span class='ocrx_word' id='word_1_192' title='bbox 1370 1612 1636 1675; x_wconf 86' lang='grc' dir='ltr'>ἐντείνας,</span> <span class='ocrx_word' id='word_1_193' title='bbox 1694 1609 1878 1681; x_wconf 77' lang='grc' dir='ltr'>βάλλει</span> <span class='ocrx_word' id='word_1_194' title='bbox 1932 1606 2025 1659; x_wconf 71' lang='grc' dir='ltr'>τὸν</span> <span class='ocrx_word' id='word_1_195' title='bbox 2066 1604 2295 1675; x_wconf 76' lang='grc' dir='ltr'>’Δχαά6.</span> <span class='ocrx_word' id='word_1_196' title='bbox 2322 1604 2488 1666; x_wconf 79' lang='grc' dir='ltr'>Γνοὺς</span> <span class='ocrx_word' id='word_1_197' title='bbox 2515 1602 2573 1656; x_wconf 75' lang='grc' dir='ltr'>δὲ</span> <span class='ocrx_word' id='word_1_198' title='bbox 2631 1602 2865 1675; x_wconf 80' lang='grc' dir='ltr'>καιρίως</span> <span class='ocrx_word' id='word_1_199' title='bbox 2894 1605 3194 1677; x_wconf 81' lang='grc' dir='ltr'>πληγῆναι,</span> <span class='ocrx_word' id='word_1_200' title='bbox 3226 1607 3304 1678; x_wconf 84' lang='grc' dir='ltr'>τῷ</span> <span class='ocrx_word' id='word_1_201' title='bbox 3367 1611 3593 1681; x_wconf 74' lang='grc' dir='ltr'>ἡνιόχῳ</span> <span class='ocrx_word' id='word_1_202' title='bbox 3627 1614 3758 1667; x_wconf 77' lang='grc' dir='ltr'>ἐκέ-</span> 
     </span>
     <span class='ocr_line' id='line_1_24' title="bbox 500 1693 3753 1737; baseline 0 0"><span class='ocrx_word' id='word_1_203' title='bbox 500 1722 615 1737; x_wconf 54' lang='lat' dir='ltr'><strong>mn</strong></span> <span class='ocrx_word' id='word_1_204' title='bbox 643 1705 699 1737; x_wconf 64' lang='grc' dir='ltr'>..λ</span> <span class='ocrx_word' id='word_1_205' title='bbox 736 1706 886 1737; x_wconf 69' lang='lat'>2.....-</span> <span class='ocrx_word' id='word_1_206' title='bbox 921 1707 1019 1737; x_wconf 69' lang='lat' dir='ltr'>.z.</span> <span class='ocrx_word' id='word_1_207' title='bbox 1060 1706 1240 1737; x_wconf 64' lang='grc' dir='ltr'>..ιη-ρ</span> <span class='ocrx_word' id='word_1_208' title='bbox 1278 1706 1570 1737; x_wconf 51' lang='lat' dir='ltr'>unum?&quot;</span> <span class='ocrx_word' id='word_1_209' title='bbox 1623 1703 1713 1737; x_wconf 61' lang='grc' dir='ltr'>νηὶ</span> <span class='ocrx_word' id='word_1_210' title='bbox 1761 1698 1885 1737; x_wconf 67' lang='grc' dir='ltr'>ρεηὶ</span> <span class='ocrx_word' id='word_1_211' title='bbox 1943 1696 2097 1737; x_wconf 62' lang='lat' dir='ltr'><strong>ﬁdem</strong></span> <span class='ocrx_word' id='word_1_212' title='bbox 2156 1696 2309 1737; x_wconf 62' lang='grc' dir='ltr'>ἡλίου</span> <span class='ocrx_word' id='word_1_213' title='bbox 2368 1693 2606 1737; x_wconf 62' lang='grc' dir='ltr'>ἐξέλιπε,</span> <span class='ocrx_word' id='word_1_214' title='bbox 2650 1693 2762 1737; x_wconf 71' lang='grc' dir='ltr'>Καὶ</span> <span class='ocrx_word' id='word_1_215' title='bbox 2807 1695 2857 1737; x_wconf 73' lang='grc' dir='ltr'>οἱ</span> <span class='ocrx_word' id='word_1_216' title='bbox 2895 1695 2995 1737; x_wconf 67' lang='lat' dir='ltr'>nim</span> <span class='ocrx_word' id='word_1_217' title='bbox 3039 1695 3219 1737; x_wconf 58' lang='lat' dir='ltr'><strong>Xvimr,</strong></span> <span class='ocrx_word' id='word_1_218' title='bbox 3267 1698 3503 1737; x_wconf 67' lang='grc' dir='ltr'>νυΑυιι-ρρ</span> <span class='ocrx_word' id='word_1_219' title='bbox 3546 1702 3753 1737; x_wconf 29' lang='grc' dir='ltr'>-.τιμαί</span> 
     </span>
    </p>
   </div>
   <div class='ocr_carea' id='block_1_24' title="bbox 491 1693 3758 1778">
    <p class='ocr_par' dir='ltr' id='par_1_24' title="bbox 491 1693 3758 1778">
     <span class='ocr_line' id='line_1_25' title="bbox 491 1693 3758 1778; baseline -0.001 -22"><span class='ocrx_word' id='word_1_220' title='bbox 491 1722 616 1758; x_wconf 78' lang='grc' dir='ltr'>ευσε</span> <span class='ocrx_word' id='word_1_221' title='bbox 643 1705 701 1758; x_wconf 69' lang='grc' dir='ltr'>τὸ</span> <span class='ocrx_word' id='word_1_222' title='bbox 735 1706 889 1777; x_wconf 80' lang='grc' dir='ltr'>ἅρμα</span> <span class='ocrx_word' id='word_1_223' title='bbox 921 1707 1019 1776; x_wconf 83' lang='grc' dir='ltr'>τῆς</span> <span class='ocrx_word' id='word_1_224' title='bbox 1058 1706 1240 1778; x_wconf 81' lang='grc' dir='ltr'>μάχης</span> <span class='ocrx_word' id='word_1_225' title='bbox 1277 1706 1591 1775; x_wconf 77' lang='grc' dir='ltr'>ἐξαγαγεῖν.</span> <span class='ocrx_word' id='word_1_226' title='bbox 1623 1703 1718 1755; x_wconf 74' lang='grc' dir='ltr'>καὶ</span> <span class='ocrx_word' id='word_1_227' title='bbox 1761 1698 1891 1771; x_wconf 73' lang='grc' dir='ltr'>περὶ</span> <span class='ocrx_word' id='word_1_228' title='bbox 1943 1696 2097 1750; x_wconf 81' lang='grc' dir='ltr'>δύσιν</span> <span class='ocrx_word' id='word_1_229' title='bbox 2156 1696 2309 1765; x_wconf 80' lang='grc' dir='ltr'>ἡλίου</span> <span class='ocrx_word' id='word_1_230' title='bbox 2368 1693 2608 1758; x_wconf 75' lang='grc' dir='ltr'>ἐξέλιπε.</span> <span class='ocrx_word' id='word_1_231' title='bbox 2650 1693 2762 1748; x_wconf 74' lang='grc' dir='ltr'>Καὶ</span> <span class='ocrx_word' id='word_1_232' title='bbox 2807 1695 2857 1748; x_wconf 76' lang='lat' dir='ltr'>oi</span> <span class='ocrx_word' id='word_1_233' title='bbox 2895 1695 2995 1765; x_wconf 79' lang='grc' dir='ltr'>μὲν</span> <span class='ocrx_word' id='word_1_234' title='bbox 3038 1695 3224 1767; x_wconf 83' lang='grc' dir='ltr'>Σύροι,</span> <span class='ocrx_word' id='word_1_235' title='bbox 3267 1698 3503 1766; x_wconf 78' lang='grc' dir='ltr'>γνόντες</span> <span class='ocrx_word' id='word_1_236' title='bbox 3546 1702 3758 1774; x_wconf 77' lang='grc' dir='ltr'>τεθνη-</span> 
     </span>
    </p>
   </div>
   <div class='ocr_carea' id='block_1_25' title="bbox 458 1787 3756 1870">
    <p class='ocr_par' dir='ltr' id='par_1_25' title="bbox 458 1787 3756 1870">
     <span class='ocr_line' id='line_1_26' title="bbox 458 1787 3756 1870; baseline 0.001 -20"><span class='ocrx_word' id='word_1_237' title='bbox 458 1796 592 1851; x_wconf 88' lang='grc' dir='ltr'>κότα</span> <span class='ocrx_word' id='word_1_238' title='bbox 615 1797 708 1850; x_wconf 83' lang='grc' dir='ltr'>τὸν</span> <span class='ocrx_word' id='word_1_239' title='bbox 744 1797 976 1870; x_wconf 67' lang='grc' dir='ltr'>’Λχαὰ6,</span> <span class='ocrx_word' id='word_1_240' title='bbox 1008 1800 1253 1870; x_wconf 79' lang='grc' dir='ltr'>ἀπῆλθον</span> <span class='ocrx_word' id='word_1_241' title='bbox 1283 1800 1417 1869; x_wconf 80' lang='grc' dir='ltr'>πρὸς</span> <span class='ocrx_word' id='word_1_242' title='bbox 1454 1796 1707 1859; x_wconf 71' lang='grc' dir='ltr'>ἑαυτούς.</span> <span class='ocrx_word' id='word_1_243' title='bbox 1753 1794 1813 1849; x_wconf 86' lang='grc' dir='ltr'>Ὀ</span> <span class='ocrx_word' id='word_1_244' title='bbox 1852 1792 1908 1845; x_wconf 77' lang='grc' dir='ltr'>δὲ</span> <span class='ocrx_word' id='word_1_245' title='bbox 1936 1790 2032 1844; x_wconf 82' lang='grc' dir='ltr'>τοῦ</span> <span class='ocrx_word' id='word_1_246' title='bbox 2074 1789 2338 1862; x_wconf 73' lang='grc' dir='ltr'>βασιλέως</span> <span class='ocrx_word' id='word_1_247' title='bbox 2391 1787 2586 1859; x_wconf 76' lang='grc' dir='ltr'>νεκρὸς</span> <span class='ocrx_word' id='word_1_248' title='bbox 2650 1789 2939 1860; x_wconf 76' lang='grc' dir='ltr'>κομισθεὶς</span> <span class='ocrx_word' id='word_1_249' title='bbox 2970 1791 3052 1853; x_wconf 70' lang='grc' dir='ltr'>εἰς</span> <span class='ocrx_word' id='word_1_250' title='bbox 3082 1791 3402 1863; x_wconf 84' lang='grc' dir='ltr'>Σαμάρειαν</span> <span class='ocrx_word' id='word_1_251' title='bbox 3434 1796 3756 1853; x_wconf 72' lang='grc' dir='ltr'>θάπτεταιυ</span> 
     </span>
    </p>
   </div>
   <div class='ocr_carea' id='block_1_26' title="bbox 460 1880 3754 1962">
    <p class='ocr_par' dir='ltr' id='par_1_26' title="bbox 460 1880 3754 1962">
     <span class='ocr_line' id='line_1_27' title="bbox 460 1880 3754 1962; baseline 0.001 -19"><span class='ocrx_word' id='word_1_252' title='bbox 460 1889 604 1943; x_wconf 84' lang='grc' dir='ltr'>Τὸδέ</span> <span class='ocrx_word' id='word_1_253' title='bbox 629 1890 781 1961; x_wconf 80' lang='grc' dir='ltr'>ἅρμα</span> <span class='ocrx_word' id='word_1_254' title='bbox 826 1890 1259 1962; x_wconf 82' lang='grc' dir='ltr'>καθῃμαγμένον</span> <span class='ocrx_word' id='word_1_255' title='bbox 1313 1890 1392 1961; x_wconf 84' lang='grc' dir='ltr'>τῷ</span> <span class='ocrx_word' id='word_1_256' title='bbox 1440 1889 1586 1960; x_wconf 85' lang='grc' dir='ltr'>φόνῳ</span> <span class='ocrx_word' id='word_1_257' title='bbox 1623 1886 1718 1941; x_wconf 83' lang='grc' dir='ltr'>τοῦ</span> <span class='ocrx_word' id='word_1_258' title='bbox 1770 1883 2036 1957; x_wconf 82' lang='grc' dir='ltr'>βασιλέως</span> <span class='ocrx_word' id='word_1_259' title='bbox 2076 1880 2406 1952; x_wconf 72' lang='grc' dir='ltr'>ἀπέκρυψαν</span> <span class='ocrx_word' id='word_1_260' title='bbox 2440 1880 2501 1934; x_wconf 81' lang='grc' dir='ltr'>ἐν</span> <span class='ocrx_word' id='word_1_261' title='bbox 2568 1883 2633 1952; x_wconf 80' lang='grc' dir='ltr'>τῇ</span> <span class='ocrx_word' id='word_1_262' title='bbox 2669 1881 2847 1955; x_wconf 79' lang='grc' dir='ltr'>κρήνῃ</span> <span class='ocrx_word' id='word_1_263' title='bbox 2908 1882 3008 1953; x_wconf 85' lang='grc' dir='ltr'>τῆς</span> <span class='ocrx_word' id='word_1_264' title='bbox 3041 1884 3380 1955; x_wconf 85' lang='grc' dir='ltr'>Σαμαρείας,</span> <span class='ocrx_word' id='word_1_265' title='bbox 3435 1889 3545 1942; x_wconf 76' lang='grc' dir='ltr'>καὶ</span> <span class='ocrx_word' id='word_1_266' title='bbox 3586 1891 3646 1945; x_wconf 80' lang='grc' dir='ltr'>οἵ</span> <span class='ocrx_word' id='word_1_267' title='bbox 3695 1910 3754 1945; x_wconf 86' lang='grc' dir='ltr'>τε</span> 
     </span>
    </p>
   </div>
   <div class='ocr_carea' id='block_1_27' title="bbox 458 1976 3748 2062">
    <p class='ocr_par' dir='ltr' id='par_1_27' title="bbox 458 1976 3748 2062">
     <span class='ocr_line' id='line_1_28' title="bbox 458 1976 3748 2062; baseline 0.002 -25"><span class='ocrx_word' id='word_1_268' title='bbox 458 1984 621 2049; x_wconf 86' lang='grc' dir='ltr'>κύνες</span> <span class='ocrx_word' id='word_1_269' title='bbox 653 1986 715 2040; x_wconf 81' lang='grc' dir='ltr'>τὸ</span> <span class='ocrx_word' id='word_1_270' title='bbox 748 1981 889 2057; x_wconf 75' lang='grc' dir='ltr'>αἷμα</span> <span class='ocrx_word' id='word_1_271' title='bbox 922 1987 1155 2056; x_wconf 81' lang='grc' dir='ltr'>ἐλειξαν,</span> <span class='ocrx_word' id='word_1_272' title='bbox 1187 1987 1249 2041; x_wconf 80' lang='grc' dir='ltr'>αϊ</span> <span class='ocrx_word' id='word_1_273' title='bbox 1282 2004 1341 2040; x_wconf 88' lang='grc' dir='ltr'>τε</span> <span class='ocrx_word' id='word_1_274' title='bbox 1371 1987 1569 2058; x_wconf 84' lang='grc' dir='ltr'>πόρναι</span> <span class='ocrx_word' id='word_1_275' title='bbox 1603 1985 1695 2039; x_wconf 74' lang='grc' dir='ltr'>ἐπὶ</span> <span class='ocrx_word' id='word_1_276' title='bbox 1732 1985 1797 2055; x_wconf 72' lang='grc' dir='ltr'>τῇ</span> <span class='ocrx_word' id='word_1_277' title='bbox 1855 1981 2035 2062; x_wconf 78' lang='grc' dir='ltr'>κρήνῃ</span> <span class='ocrx_word' id='word_1_278' title='bbox 2074 1978 2339 2044; x_wconf 76' lang='grc' dir='ltr'>ἐλούοντο,</span> <span class='ocrx_word' id='word_1_279' title='bbox 2371 1977 2445 2042; x_wconf 86' lang='grc' dir='ltr'>ὡς</span> <span class='ocrx_word' id='word_1_280' title='bbox 2469 1976 2660 2039; x_wconf 82' lang='grc' dir='ltr'>Ἠλίας</span> <span class='ocrx_word' id='word_1_281' title='bbox 2690 1979 3045 2051; x_wconf 75' lang='grc' dir='ltr'>προείρηκεν.</span> <span class='ocrx_word' id='word_1_282' title='bbox 3072 1982 3340 2039; x_wconf 81' lang='grc' dir='ltr'>Ἀπέθανε</span> <span class='ocrx_word' id='word_1_283' title='bbox 3374 1986 3748 2060; x_wconf 75' lang='grc' dir='ltr'>καὶἋχαάσ,</span> 
     </span>
    </p>
   </div>
   <div class='ocr_carea' id='block_1_28' title="bbox 459 2072 3755 2153">
    <p class='ocr_par' dir='ltr' id='par_1_28' title="bbox 459 2072 3755 2153">
     <span class='ocr_line' id='line_1_29' title="bbox 459 2072 3755 2153; baseline 0.002 -19"><span class='ocrx_word' id='word_1_284' title='bbox 459 2083 642 2139; x_wconf 80' lang='grc' dir='ltr'>δπουὸ</span> <span class='ocrx_word' id='word_1_285' title='bbox 672 2083 913 2153; x_wconf 78' lang='grc' dir='ltr'>Μιχαίας</span> <span class='ocrx_word' id='word_1_286' title='bbox 956 2082 1352 2153; x_wconf 78' lang='grc' dir='ltr'>προηγόρευσε,</span> <span class='ocrx_word' id='word_1_287' title='bbox 1394 2081 1487 2135; x_wconf 78' lang='grc' dir='ltr'>τὸν</span> <span class='ocrx_word' id='word_1_288' title='bbox 1537 2080 1758 2151; x_wconf 74' lang='grc' dir='ltr'>ὄλεθρον</span> <span class='ocrx_word' id='word_1_289' title='bbox 1821 2077 1897 2148; x_wconf 81' lang='grc' dir='ltr'>μὴ</span> <span class='ocrx_word' id='word_1_290' title='bbox 1936 2074 2147 2145; x_wconf 81' lang='grc' dir='ltr'>φυγὼν,</span> <span class='ocrx_word' id='word_1_291' title='bbox 2193 2073 2372 2126; x_wconf 86' lang='grc' dir='ltr'>καίτοι</span> <span class='ocrx_word' id='word_1_292' title='bbox 2425 2072 2811 2145; x_wconf 76' lang='grc' dir='ltr'>προρρηθέντα</span> <span class='ocrx_word' id='word_1_293' title='bbox 2885 2075 3058 2148; x_wconf 77' lang='grc' dir='ltr'>αὐτῷ,</span> <span class='ocrx_word' id='word_1_294' title='bbox 3115 2077 3446 2146; x_wconf 76' lang='grc' dir='ltr'>βασιλεύσας</span> <span class='ocrx_word' id='word_1_295' title='bbox 3490 2082 3595 2153; x_wconf 84' lang='grc' dir='ltr'>ετη</span> <span class='ocrx_word' id='word_1_296' title='bbox 3657 2084 3755 2139; x_wconf 87' lang='grc' dir='ltr'>δύο</span> 
     </span>
    </p>
   </div>
   <div class='ocr_carea' id='block_1_29' title="bbox 460 2165 2729 2245">
    <p class='ocr_par' dir='ltr' id='par_1_29' title="bbox 460 2165 2729 2245">
     <span class='ocr_line' id='line_1_30' title="bbox 460 2165 2729 2245; baseline -0.004 -15"><span class='ocrx_word' id='word_1_297' title='bbox 460 2175 555 2230; x_wconf 71' lang='grc' dir='ltr'>καὶ</span> <span class='ocrx_word' id='word_1_298' title='bbox 578 2176 771 2230; x_wconf 76' lang='grc' dir='ltr'>εἴκοσι.</span> <span class='ocrx_word' id='word_1_299' title='bbox 799 2174 913 2244; x_wconf 78' lang='grc' dir='ltr'>Τὴν</span> <span class='ocrx_word' id='word_1_300' title='bbox 941 2174 998 2228; x_wconf 83' lang='grc' dir='ltr'>δὲ</span> <span class='ocrx_word' id='word_1_301' title='bbox 1023 2173 1304 2245; x_wconf 85' lang='grc' dir='ltr'>βασιλείαν</span> <span class='ocrx_word' id='word_1_302' title='bbox 1332 2176 1361 2229; x_wconf 96' lang='lat'>6</span> <span class='ocrx_word' id='word_1_303' title='bbox 1394 2176 1522 2238; x_wconf 79' lang='grc' dir='ltr'>παῖς</span> <span class='ocrx_word' id='word_1_304' title='bbox 1554 2172 1719 2228; x_wconf 72' lang='grc' dir='ltr'>αὐτοῦ</span> <span class='ocrx_word' id='word_1_305' title='bbox 1748 2170 2001 2242; x_wconf 86' lang='grc' dir='ltr'>Ὀχοσίας</span> <span class='ocrx_word' id='word_1_306' title='bbox 2025 2168 2142 2239; x_wconf 85' lang='grc' dir='ltr'>μετ’</span> <span class='ocrx_word' id='word_1_307' title='bbox 2160 2168 2365 2219; x_wconf 79' lang='grc' dir='ltr'>ἐκεῖνον</span> <span class='ocrx_word' id='word_1_308' title='bbox 2397 2165 2729 2236; x_wconf 73' lang='grc' dir='ltr'>παρέλαϐεν.</span> 
     </span>
    </p>
   </div>
   <div class='ocr_carea' id='block_1_30' title="bbox 533 2255 2036 2341">
    <p class='ocr_par' dir='ltr' id='par_1_30' title="bbox 533 2258 2033 2338">
     <span class='ocr_line' id='line_1_31' title="bbox 533 2258 2033 2338; baseline -0.007 -14"><span class='ocrx_word' id='word_1_309' title='bbox 533 2267 650 2324; x_wconf 79' lang='lat' dir='ltr'>XV.</span> <span class='ocrx_word' id='word_1_310' title='bbox 705 2267 1064 2337; x_wconf 81' lang='lat' dir='ltr'><strong>Josaphatum</strong></span> <span class='ocrx_word' id='word_1_311' title='bbox 1107 2281 1289 2338; x_wconf 81' lang='lat' dir='ltr'>regem</span> <span class='ocrx_word' id='word_1_312' title='bbox 1353 2263 1909 2337; x_wconf 81' lang='lat' dir='ltr'><strong>Hierosolymitanum</strong></span> <span class='ocrx_word' id='word_1_313' title='bbox 1964 2258 2033 2315; x_wconf 89' lang='lat' dir='ltr'>ah</span> 
     </span>
    </p>
   </div>
   <div class='ocr_carea' id='block_1_31' title="bbox 2143 2255 3748 2341">
    <p class='ocr_par' dir='ltr' id='par_1_31' title="bbox 2205 2255 3748 2341">
     <span class='ocr_line' id='line_1_32' title="bbox 2205 2255 3748 2341; baseline 0.003 -31"><span class='ocrx_word' id='word_1_314' title='bbox 2205 2257 2307 2310; x_wconf 82' lang='lat' dir='ltr'><strong>lE&#39;.</strong></span> <span class='ocrx_word' id='word_1_315' title='bbox 2340 2256 2610 2326; x_wconf 80' lang='grc' dir='ltr'>Ἰωσαφὰτ</span> <span class='ocrx_word' id='word_1_316' title='bbox 2630 2256 2708 2326; x_wconf 83' lang='grc' dir='ltr'>τῷ</span> <span class='ocrx_word' id='word_1_317' title='bbox 2725 2255 2937 2328; x_wconf 80' lang='grc' dir='ltr'>βασιλεῖ</span> <span class='ocrx_word' id='word_1_318' title='bbox 2956 2259 3319 2334; x_wconf 78' lang='grc' dir='ltr'>Ἰερουσαλὴμ</span> <span class='ocrx_word' id='word_1_319' title='bbox 3337 2263 3447 2320; x_wconf 68' lang='grc' dir='ltr'>ἀπο</span> <span class='ocrx_word' id='word_1_320' title='bbox 3467 2267 3578 2338; x_wconf 83' lang='grc' dir='ltr'>τῆς</span> <span class='ocrx_word' id='word_1_321' title='bbox 3604 2269 3748 2341; x_wconf 81' lang='grc' dir='ltr'>πρὸς</span> 
     </span>
    </p>
   </div>
   <div class='ocr_carea' id='block_1_32' title="bbox 463 2355 2042 2429">
    <p class='ocr_par' dir='ltr' id='par_1_32' title="bbox 463 2355 2042 2429">
     <span class='ocr_line' id='line_1_33' title="bbox 463 2355 2042 2429; baseline -0.004 -15"><span class='ocrx_word' id='word_1_322' title='bbox 463 2356 815 2429; x_wconf 87' lang='lat' dir='ltr'><strong>expeditione</strong></span> <span class='ocrx_word' id='word_1_323' title='bbox 865 2358 1089 2413; x_wconf 88' lang='lat' dir='ltr'><strong>domum</strong></span> <span class='ocrx_word' id='word_1_324' title='bbox 1139 2359 1487 2426; x_wconf 85' lang='lat' dir='ltr'><strong>redeuntem,</strong></span> <span class='ocrx_word' id='word_1_325' title='bbox 1535 2357 1709 2415; x_wconf 82' lang='lat' dir='ltr'><strong>Jehus</strong></span> <span class='ocrx_word' id='word_1_326' title='bbox 1772 2355 2042 2426; x_wconf 82' lang='lat' dir='ltr'><strong>prapheta</strong></span> 
     </span>
    </p>
   </div>
   <div class='ocr_carea' id='block_1_33' title="bbox 462 2447 2041 2520">
    <p class='ocr_par' dir='ltr' id='par_1_33' title="bbox 462 2447 2041 2520">
     <span class='ocr_line' id='line_1_34' title="bbox 462 2447 2041 2520; baseline -0.003 -17"><span class='ocrx_word' id='word_1_327' title='bbox 462 2447 731 2519; x_wconf 85' lang='lat' dir='ltr'><strong>increpat,</strong></span> <span class='ocrx_word' id='word_1_328' title='bbox 763 2448 908 2519; x_wconf 91' lang='lat' dir='ltr'><strong>quod</strong></span> <span class='ocrx_word' id='word_1_329' title='bbox 942 2448 1154 2504; x_wconf 88' lang='lat' dir='ltr'><strong>homini</strong></span> <span class='ocrx_word' id='word_1_330' title='bbox 1190 2449 1360 2519; x_wconf 90' lang='lat' dir='ltr'><strong>impio</strong></span> <span class='ocrx_word' id='word_1_331' title='bbox 1403 2463 1564 2520; x_wconf 84' lang='lat' dir='ltr'><strong>Opem</strong></span> <span class='ocrx_word' id='word_1_332' title='bbox 1607 2448 1846 2513; x_wconf 84' lang='lat' dir='ltr'><strong>tulisset,</strong></span> <span class='ocrx_word' id='word_1_333' title='bbox 1885 2461 2041 2501; x_wconf 73' lang='lat' dir='ltr'><strong>eum~</strong></span> 
     </span>
    </p>
   </div>
   <div class='ocr_carea' id='block_1_34' title="bbox 461 2539 2043 2610">
    <p class='ocr_par' dir='ltr' id='par_1_34' title="bbox 461 2539 2043 2610">
     <span class='ocr_line' id='line_1_35' title="bbox 461 2539 2043 2610; baseline -0.002 -18"><span class='ocrx_word' id='word_1_334' title='bbox 461 2553 569 2608; x_wconf 92' lang='lat' dir='ltr'>que</span> <span class='ocrx_word' id='word_1_335' title='bbox 605 2553 635 2592; x_wconf 90' lang='lat' dir='ltr'>a</span> <span class='ocrx_word' id='word_1_336' title='bbox 669 2540 804 2606; x_wconf 89' lang='lat' dir='ltr'><strong>Deo,</strong></span> <span class='ocrx_word' id='word_1_337' title='bbox 847 2540 1098 2610; x_wconf 82' lang='lat' dir='ltr'><strong>quamvis</strong></span> <span class='ocrx_word' id='word_1_338' title='bbox 1139 2556 1202 2596; x_wconf 90' lang='lat' dir='ltr'>ea</span> <span class='ocrx_word' id='word_1_339' title='bbox 1231 2555 1290 2595; x_wconf 90' lang='lat' dir='ltr'>re</span> <span class='ocrx_word' id='word_1_340' title='bbox 1325 2539 1538 2596; x_wconf 77' lang='lat' dir='ltr'><strong>offenso</strong></span> <span class='ocrx_word' id='word_1_341' title='bbox 1575 2555 1698 2596; x_wconf 87' lang='lat' dir='ltr'><strong>esse</strong></span> <span class='ocrx_word' id='word_1_342' title='bbox 1744 2552 2043 2594; x_wconf 85' lang='lat' dir='ltr'><strong>conserva-</strong></span> 
     </span>
    </p>
   </div>
   <div class='ocr_carea' id='block_1_35' title="bbox 466 2630 2042 2705">
    <p class='ocr_par' dir='ltr' id='par_1_35' title="bbox 466 2630 2042 2705">
     <span class='ocr_line' id='line_1_36' title="bbox 466 2630 2042 2705; baseline -0.001 -21"><span class='ocrx_word' id='word_1_343' title='bbox 466 2637 603 2685; x_wconf 92' lang='lat' dir='ltr'><strong>tum.</strong></span> <span class='ocrx_word' id='word_1_344' title='bbox 660 2632 775 2687; x_wconf 84' lang='lat' dir='ltr'>Rex</span> <span class='ocrx_word' id='word_1_345' title='bbox 806 2632 1008 2703; x_wconf 80' lang='lat' dir='ltr'><strong>gratias</strong></span> <span class='ocrx_word' id='word_1_346' title='bbox 1060 2632 1213 2705; x_wconf 87' lang='lat' dir='ltr'><strong>agit:</strong></span> <span class='ocrx_word' id='word_1_347' title='bbox 1267 2633 1611 2703; x_wconf 86' lang='lat' dir='ltr'><strong>lustrataque</strong></span> <span class='ocrx_word' id='word_1_348' title='bbox 1650 2632 1800 2687; x_wconf 91' lang='lat' dir='ltr'><strong>omni</strong></span> <span class='ocrx_word' id='word_1_349' title='bbox 1833 2630 2042 2685; x_wconf 91' lang='lat' dir='ltr'><strong>ditione</strong></span> 
     </span>
    </p>
   </div>
   <div class='ocr_carea' id='block_1_36' title="bbox 462 2724 2041 2798">
    <p class='ocr_par' dir='ltr' id='par_1_36' title="bbox 462 2724 2041 2798">
     <span class='ocr_line' id='line_1_37' title="bbox 462 2724 2041 2798; baseline 0 -21"><span class='ocrx_word' id='word_1_350' title='bbox 462 2738 584 2788; x_wconf 82' lang='lat' dir='ltr'><strong>sua,</strong></span> <span class='ocrx_word' id='word_1_351' title='bbox 614 2724 761 2795; x_wconf 81' lang='lat' dir='ltr'><strong>leges</strong></span> <span class='ocrx_word' id='word_1_352' title='bbox 783 2726 1064 2782; x_wconf 85' lang='lat' dir='ltr'><strong>observari</strong></span> <span class='ocrx_word' id='word_1_353' title='bbox 1100 2734 1179 2793; x_wconf 88' lang='lat' dir='ltr'>et,</span> <span class='ocrx_word' id='word_1_354' title='bbox 1223 2725 1509 2798; x_wconf 87' lang='lat' dir='ltr'><strong>judicibus</strong></span> <span class='ocrx_word' id='word_1_355' title='bbox 1535 2726 1739 2797; x_wconf 87' lang='lat' dir='ltr'><strong>passim</strong></span> <span class='ocrx_word' id='word_1_356' title='bbox 1766 2726 2041 2781; x_wconf 87' lang='lat' dir='ltr'><strong>constitu-</strong></span> 
     </span>
    </p>
   </div>
   <div class='ocr_carea' id='block_1_37' title="bbox 466 2816 2045 2891">
    <p class='ocr_par' dir='ltr' id='par_1_37' title="bbox 466 2816 2045 2891">
     <span class='ocr_line' id='line_1_38' title="bbox 466 2816 2045 2891; baseline 0.001 -18"><span class='ocrx_word' id='word_1_357' title='bbox 466 2816 560 2881; x_wconf 83' lang='lat' dir='ltr'><strong>tis,</strong></span> <span class='ocrx_word' id='word_1_358' title='bbox 595 2818 698 2872; x_wconf 91' lang='lat' dir='ltr'><strong>rite</strong></span> <span class='ocrx_word' id='word_1_359' title='bbox 732 2819 845 2873; x_wconf 81' lang='lat' dir='ltr'><strong>ﬁeri</strong></span> <span class='ocrx_word' id='word_1_360' title='bbox 890 2819 1102 2891; x_wconf 86' lang='lat' dir='ltr'><strong>judicia</strong></span> <span class='ocrx_word' id='word_1_361' title='bbox 1133 2820 1323 2875; x_wconf 79' lang='lat' dir='ltr'><strong>edixit.</strong></span> <span class='ocrx_word' id='word_1_362' title='bbox 1379 2818 1515 2876; x_wconf 88' lang='lat' dir='ltr'><strong>Cum</strong></span> <span class='ocrx_word' id='word_1_363' title='bbox 1558 2829 1764 2886; x_wconf 88' lang='lat' dir='ltr'><strong>autem,</strong></span> <span class='ocrx_word' id='word_1_364' title='bbox 1790 2818 2045 2875; x_wconf 81' lang='lat' dir='ltr'><strong>Moabitis</strong></span> 
     </span>
    </p>
   </div>
   <div class='ocr_carea' id='block_1_38' title="bbox 462 2909 2043 2983">
    <p class='ocr_par' dir='ltr' id='par_1_38' title="bbox 462 2909 2043 2983">
     <span class='ocr_line' id='line_1_39' title="bbox 462 2909 2043 2983; baseline -0.001 -18"><span class='ocrx_word' id='word_1_365' title='bbox 462 2920 520 2965; x_wconf 90' lang='lat' dir='ltr'>et</span> <span class='ocrx_word' id='word_1_366' title='bbox 545 2909 895 2975; x_wconf 86' lang='lat' dir='ltr'><strong>Ammanitis,</strong></span> <span class='ocrx_word' id='word_1_367' title='bbox 940 2912 1035 2983; x_wconf 91' lang='lat' dir='ltr'><strong>qui</strong></span> <span class='ocrx_word' id='word_1_368' title='bbox 1084 2912 1252 2967; x_wconf 89' lang='lat' dir='ltr'><strong>etiam</strong></span> <span class='ocrx_word' id='word_1_369' title='bbox 1300 2912 1508 2968; x_wconf 81' lang='lat' dir='ltr'><strong>Arabes</strong></span> <span class='ocrx_word' id='word_1_370' title='bbox 1556 2913 1890 2977; x_wconf 87' lang='lat' dir='ltr'><strong>asciverant,</strong></span> <span class='ocrx_word' id='word_1_371' title='bbox 1944 2911 2043 2967; x_wconf 83' lang='lat' dir='ltr'>Ju-</span> 
     </span>
    </p>
   </div>
   <div class='ocr_carea' id='block_1_39' title="bbox 462 3002 2044 3076">
    <p class='ocr_par' dir='ltr' id='par_1_39' title="bbox 462 3002 2044 3076">
     <span class='ocr_line' id='line_1_40' title="bbox 462 3002 2044 3076; baseline 0.001 -20"><span class='ocrx_word' id='word_1_372' title='bbox 462 3002 633 3057; x_wconf 77' lang='lat' dir='ltr'><strong>dzeam</strong></span> <span class='ocrx_word' id='word_1_373' title='bbox 682 3004 977 3072; x_wconf 86' lang='lat' dir='ltr'><strong>aggressis,</strong></span> <span class='ocrx_word' id='word_1_374' title='bbox 1020 3004 1260 3059; x_wconf 80' lang='lat' dir='ltr'><strong>divinam</strong></span> <span class='ocrx_word' id='word_1_375' title='bbox 1308 3021 1467 3076; x_wconf 89' lang='lat' dir='ltr'><strong>opem</strong></span> <span class='ocrx_word' id='word_1_376' title='bbox 1515 3005 1873 3076; x_wconf 85' lang='lat' dir='ltr'><strong>imploraret:</strong></span> <span class='ocrx_word' id='word_1_377' title='bbox 1914 3021 2044 3076; x_wconf 62' lang='lat' dir='ltr'><strong>pro.</strong></span> 
     </span>
    </p>
   </div>
   <div class='ocr_carea' id='block_1_40' title="bbox 462 3080 2041 3168">
    <p class='ocr_par' dir='ltr' id='par_1_40' title="bbox 462 3080 2041 3168">
     <span class='ocr_line' id='line_1_41' title="bbox 462 3080 2041 3168; baseline 0.004 -23"><span class='ocrx_word' id='word_1_378' title='bbox 462 3091 625 3162; x_wconf 84' lang='lat' dir='ltr'><strong>pheta</strong></span> <span class='ocrx_word' id='word_1_379' title='bbox 675 3094 897 3164; x_wconf 84' lang='lat' dir='ltr'><strong>quidam</strong></span> <span class='ocrx_word' id='word_1_380' title='bbox 952 3094 1122 3150; x_wconf 82' lang='lat' dir='ltr'><strong>Deum</strong></span> <span class='ocrx_word' id='word_1_381' title='bbox 1156 3112 1259 3167; x_wconf 88' lang='lat' dir='ltr'>pro</span> <span class='ocrx_word' id='word_1_382' title='bbox 1305 3112 1372 3151; x_wconf 90' lang='lat' dir='ltr'>eo</span> <span class='ocrx_word' id='word_1_383' title='bbox 1418 3080 1792 3168; x_wconf 83' lang='lat' dir='ltr'><strong>pugnaturum</strong></span> <span class='ocrx_word' id='word_1_384' title='bbox 1844 3098 1943 3161; x_wconf 87' lang='lat' dir='ltr'><strong>ait,</strong></span> <span class='ocrx_word' id='word_1_385' title='bbox 1977 3113 2041 3153; x_wconf 86' lang='lat' dir='ltr'>ac</span> 
     </span>
    </p>
   </div>
   <div class='ocr_carea' id='block_1_41' title="bbox 460 3185 2041 3262">
    <p class='ocr_par' dir='ltr' id='par_1_41' title="bbox 460 3185 2041 3262">
     <span class='ocr_line' id='line_1_42' title="bbox 460 3185 2041 3262; baseline 0.006 -24"><span class='ocrx_word' id='word_1_386' title='bbox 460 3185 698 3241; x_wconf 87' lang='lat' dir='ltr'><strong>educere</strong></span> <span class='ocrx_word' id='word_1_387' title='bbox 720 3188 943 3257; x_wconf 88' lang='lat' dir='ltr'><strong>quidem</strong></span> <span class='ocrx_word' id='word_1_388' title='bbox 969 3191 1275 3245; x_wconf 86' lang='lat' dir='ltr'><strong>exercitum</strong></span> <span class='ocrx_word' id='word_1_389' title='bbox 1314 3190 1491 3262; x_wconf 85' lang='lat' dir='ltr'><strong>jubet,</strong></span> <span class='ocrx_word' id='word_1_390' title='bbox 1519 3206 1629 3246; x_wconf 89' lang='lat' dir='ltr'>non</span> <span class='ocrx_word' id='word_1_391' title='bbox 1668 3200 1850 3246; x_wconf 89' lang='lat' dir='ltr'><strong>tamen</strong></span> <span class='ocrx_word' id='word_1_392' title='bbox 1884 3191 2041 3248; x_wconf 91' lang='lat' dir='ltr'><strong>inva-</strong></span> 
     </span>
    </p>
   </div>
   <div class='ocr_carea' id='block_1_42' title="bbox 464 3277 2041 3354">
    <p class='ocr_par' dir='ltr' id='par_1_42' title="bbox 464 3277 2041 3354">
     <span class='ocr_line' id='line_1_43' title="bbox 464 3277 2041 3354; baseline 0.004 -21"><span class='ocrx_word' id='word_1_393' title='bbox 464 3277 597 3333; x_wconf 84' lang='lat' dir='ltr'><strong>dere</strong></span> <span class='ocrx_word' id='word_1_394' title='bbox 636 3280 843 3346; x_wconf 88' lang='lat' dir='ltr'><strong>hostes,</strong></span> <span class='ocrx_word' id='word_1_395' title='bbox 898 3282 992 3337; x_wconf 90' lang='lat' dir='ltr'>sed</span> <span class='ocrx_word' id='word_1_396' title='bbox 1025 3291 1235 3338; x_wconf 88' lang='lat' dir='ltr'><strong>stantes</strong></span> <span class='ocrx_word' id='word_1_397' title='bbox 1263 3281 1510 3337; x_wconf 85' lang='lat' dir='ltr'><strong>divinum</strong></span> <span class='ocrx_word' id='word_1_398' title='bbox 1544 3284 1811 3338; x_wconf 81' lang='lat' dir='ltr'><strong>auxilium</strong></span> <span class='ocrx_word' id='word_1_399' title='bbox 1846 3300 2041 3354; x_wconf 84' lang='lat' dir='ltr'><strong>exspe-</strong></span> 
     </span>
    </p>
   </div>
   <div class='ocr_carea' id='block_1_43' title="bbox 468 3372 2041 3446">
    <p class='ocr_par' dir='ltr' id='par_1_43' title="bbox 468 3372 2041 3446">
     <span class='ocr_line' id='line_1_44' title="bbox 468 3372 2041 3446; baseline 0.003 -23"><span class='ocrx_word' id='word_1_400' title='bbox 468 3379 640 3425; x_wconf 89' lang='lat' dir='ltr'><strong>ctare.</strong></span> <span class='ocrx_word' id='word_1_401' title='bbox 678 3372 791 3427; x_wconf 80' lang='lat' dir='ltr'><strong>llex</strong></span> <span class='ocrx_word' id='word_1_402' title='bbox 842 3388 999 3428; x_wconf 91' lang='lat' dir='ltr'><strong>mane</strong></span> <span class='ocrx_word' id='word_1_403' title='bbox 1054 3389 1305 3444; x_wconf 85' lang='lat' dir='ltr'><strong>egressus</strong></span> <span class='ocrx_word' id='word_1_404' title='bbox 1350 3374 1651 3430; x_wconf 87' lang='lat' dir='ltr'><strong>exercitmn</strong></span> <span class='ocrx_word' id='word_1_405' title='bbox 1692 3386 1837 3430; x_wconf 80' lang='lat' dir='ltr'><strong>stare</strong></span> <span class='ocrx_word' id='word_1_406' title='bbox 1861 3375 2041 3446; x_wconf 90' lang='lat' dir='ltr'><strong>jubet,</strong></span> 
     </span>
    </p>
   </div>
   <div class='ocr_carea' id='block_1_44' title="bbox 465 3461 2038 3531">
    <p class='ocr_par' dir='ltr' id='par_1_44' title="bbox 465 3461 2038 3531">
     <span class='ocr_line' id='line_1_45' title="bbox 465 3461 2038 3531; baseline 0.003 -15"><span class='ocrx_word' id='word_1_407' title='bbox 465 3461 783 3519; x_wconf 85' lang='lat' dir='ltr'><strong>sacerdotes</strong></span> <span class='ocrx_word' id='word_1_408' title='bbox 832 3480 956 3520; x_wconf 94' lang='lat' dir='ltr'>cum</span> <span class='ocrx_word' id='word_1_409' title='bbox 999 3464 1148 3521; x_wconf 88' lang='lat' dir='ltr'><strong>tubis</strong></span> <span class='ocrx_word' id='word_1_410' title='bbox 1184 3475 1313 3521; x_wconf 90' lang='lat' dir='ltr'><strong>ante</strong></span> <span class='ocrx_word' id='word_1_411' title='bbox 1368 3467 1674 3522; x_wconf 81' lang='lat' dir='ltr'><strong>exercitum</strong></span> <span class='ocrx_word' id='word_1_412' title='bbox 1712 3466 2038 3531; x_wconf 74' lang='lat' dir='ltr'><strong>consistere,</strong></span> 
     </span>
    </p>
   </div>
   <div class='ocr_carea' id='block_1_45' title="bbox 465 3553 2038 3630">
    <p class='ocr_par' dir='ltr' id='par_1_45' title="bbox 465 3553 2038 3630">
     <span class='ocr_line' id='line_1_46' title="bbox 465 3553 2038 3630; baseline 0.004 -22"><span class='ocrx_word' id='word_1_413' title='bbox 465 3553 687 3611; x_wconf 85' lang='lat' dir='ltr'><strong>Levitas</strong></span> <span class='ocrx_word' id='word_1_414' title='bbox 754 3567 810 3611; x_wconf 90' lang='lat' dir='ltr'>ct</span> <span class='ocrx_word' id='word_1_415' title='bbox 849 3567 1105 3613; x_wconf 89' lang='lat' dir='ltr'><strong>cantores</strong></span> <span class='ocrx_word' id='word_1_416' title='bbox 1145 3560 1446 3630; x_wconf 83' lang='lat' dir='ltr'><strong>gratiarum</strong></span> <span class='ocrx_word' id='word_1_417' title='bbox 1500 3560 1771 3615; x_wconf 91' lang='lat' dir='ltr'><strong>actionem</strong></span> <span class='ocrx_word' id='word_1_418' title='bbox 1816 3570 2038 3615; x_wconf 88' lang='lat' dir='ltr'><strong>cantare</strong></span> 
     </span>
    </p>
   </div>
   <div class='ocr_carea' id='block_1_46' title="bbox 463 3645 2039 3729">
    <p class='ocr_par' dir='ltr' id='par_1_46' title="bbox 463 3645 2039 3729">
     <span class='ocr_line' id='line_1_47' title="bbox 463 3645 2039 3729; baseline 0.004 -30"><span class='ocrx_word' id='word_1_419' title='bbox 463 3645 596 3702; x_wconf 86' lang='lat' dir='ltr'><strong>Deo.</strong></span> <span class='ocrx_word' id='word_1_420' title='bbox 641 3648 780 3702; x_wconf 88' lang='lat' dir='ltr'><strong>Tum</strong></span> <span class='ocrx_word' id='word_1_421' title='bbox 816 3649 1007 3705; x_wconf 86' lang='lat' dir='ltr'><strong>hostes</strong></span> <span class='ocrx_word' id='word_1_422' title='bbox 1052 3651 1351 3716; x_wconf 79' lang='lat' dir='ltr'><strong>concitati,</strong></span> <span class='ocrx_word' id='word_1_423' title='bbox 1391 3652 1597 3706; x_wconf 91' lang='lat' dir='ltr'><strong>mutuis</strong></span> <span class='ocrx_word' id='word_1_424' title='bbox 1644 3667 1764 3729; x_wconf 84' lang='lat' dir='ltr'><strong>sese</strong></span> <span class='ocrx_word' id='word_1_425' title='bbox 1798 3651 2039 3706; x_wconf 75' lang='lat' dir='ltr'><strong>czedibus</strong></span> 
     </span>
    </p>
   </div>
   <div class='ocr_carea' id='block_1_47' title="bbox 460 3739 2036 3819">
    <p class='ocr_par' dir='ltr' id='par_1_47' title="bbox 460 3739 2036 3819">
     <span class='ocr_line' id='line_1_48' title="bbox 460 3739 2036 3819; baseline 0.001 -24"><span class='ocrx_word' id='word_1_426' title='bbox 460 3739 843 3805; x_wconf 84' lang='lat' dir='ltr'><strong>confecerunt,</strong></span> <span class='ocrx_word' id='word_1_427' title='bbox 877 3752 937 3797; x_wconf 88' lang='lat' dir='ltr'>ut</span> <span class='ocrx_word' id='word_1_428' title='bbox 967 3758 1045 3819; x_wconf 68' lang='grc' dir='ltr'>ης</span> <span class='ocrx_word' id='word_1_429' title='bbox 1067 3758 1208 3797; x_wconf 90' lang='lat' dir='ltr'><strong>unus</strong></span> <span class='ocrx_word' id='word_1_430' title='bbox 1241 3743 1465 3813; x_wconf 89' lang='lat' dir='ltr'><strong>quidem</strong></span> <span class='ocrx_word' id='word_1_431' title='bbox 1490 3754 1823 3812; x_wconf 86' lang='lat' dir='ltr'><strong>superesset.</strong></span> <span class='ocrx_word' id='word_1_432' title='bbox 1877 3744 2036 3798; x_wconf 82' lang='lat' dir='ltr'><strong>Josa-</strong></span> 
     </span>
    </p>
   </div>
   <div class='ocr_carea' id='block_1_48' title="bbox 462 3833 2036 3907">
    <p class='ocr_par' dir='ltr' id='par_1_48' title="bbox 462 3833 2036 3907">
     <span class='ocr_line' id='line_1_49' title="bbox 462 3833 2036 3907; baseline 0.003 -21"><span class='ocrx_word' id='word_1_433' title='bbox 462 3833 667 3904; x_wconf 88' lang='lat' dir='ltr'><strong>phatus</strong></span> <span class='ocrx_word' id='word_1_434' title='bbox 699 3844 876 3890; x_wconf 88' lang='lat' dir='ltr'><strong>castra</strong></span> <span class='ocrx_word' id='word_1_435' title='bbox 904 3834 1141 3890; x_wconf 88' lang='lat' dir='ltr'><strong>hostium</strong></span> <span class='ocrx_word' id='word_1_436' title='bbox 1184 3836 1453 3892; x_wconf 77' lang='lat' dir='ltr'><strong>exercitui</strong></span> <span class='ocrx_word' id='word_1_437' title='bbox 1490 3835 1801 3907; x_wconf 87' lang='lat' dir='ltr'><strong>diripienda</strong></span> <span class='ocrx_word' id='word_1_438' title='bbox 1834 3851 2036 3891; x_wconf 90' lang='lat' dir='ltr'><strong>conce-</strong></span> 
     </span>
    </p>
   </div>
   <div class='ocr_carea' id='block_1_49' title="bbox 460 3925 2037 3999">
    <p class='ocr_par' dir='ltr' id='par_1_49' title="bbox 460 3925 2037 3999">
     <span class='ocr_line' id='line_1_50' title="bbox 460 3925 2037 3999; baseline 0.002 -19"><span class='ocrx_word' id='word_1_439' title='bbox 460 3925 561 3980; x_wconf 85' lang='lat' dir='ltr'><strong>dit.</strong></span> <span class='ocrx_word' id='word_1_440' title='bbox 590 3926 674 3981; x_wconf 83' lang='lat' dir='ltr'><strong>Ab</strong></span> <span class='ocrx_word' id='word_1_441' title='bbox 702 3941 767 3981; x_wconf 87' lang='lat' dir='ltr'>eo</span> <span class='ocrx_word' id='word_1_442' title='bbox 799 3934 1045 3996; x_wconf 87' lang='lat' dir='ltr'><strong>tempore</strong></span> <span class='ocrx_word' id='word_1_443' title='bbox 1088 3927 1339 3993; x_wconf 85' lang='lat' dir='ltr'><strong>Barbari,</strong></span> <span class='ocrx_word' id='word_1_444' title='bbox 1376 3943 1503 3984; x_wconf 89' lang='lat' dir='ltr'>eum</span> <span class='ocrx_word' id='word_1_445' title='bbox 1536 3937 1597 3982; x_wconf 91' lang='lat' dir='ltr'>ut</span> <span class='ocrx_word' id='word_1_446' title='bbox 1641 3929 1751 3983; x_wconf 90' lang='lat' dir='ltr'><strong>Deo</strong></span> <span class='ocrx_word' id='word_1_447' title='bbox 1784 3928 2037 3999; x_wconf 89' lang='lat' dir='ltr'><strong>adjutorc</strong></span> 
     </span>
    </p>
   </div>
   <div class='ocr_carea' id='block_1_50' title="bbox 463 4016 2040 4089">
    <p class='ocr_par' dir='ltr' id='par_1_50' title="bbox 463 4016 2040 4089">
     <span class='ocr_line' id='line_1_51' title="bbox 463 4016 2040 4089; baseline 0.001 -18"><span class='ocrx_word' id='word_1_448' title='bbox 463 4016 652 4071; x_wconf 85' lang='lat' dir='ltr'><strong>nixum</strong></span> <span class='ocrx_word' id='word_1_449' title='bbox 683 4017 867 4081; x_wconf 84' lang='lat' dir='ltr'><strong>veriti,</strong></span> <span class='ocrx_word' id='word_1_450' title='bbox 901 4017 1251 4089; x_wconf 85' lang='lat' dir='ltr'><strong>quieverunt.</strong></span> <span class='ocrx_word' id='word_1_451' title='bbox 1286 4017 1555 4075; x_wconf 82' lang='lat' dir='ltr'><strong>Ochozias</strong></span> <span class='ocrx_word' id='word_1_452' title='bbox 1594 4027 1801 4084; x_wconf 86' lang='lat' dir='ltr'><strong>autem,</strong></span> <span class='ocrx_word' id='word_1_453' title='bbox 1825 4018 2040 4073; x_wconf 84' lang='lat' dir='ltr'><strong>Israeli-</strong></span> 
     </span>
    </p>
   </div>
   <div class='ocr_carea' id='block_1_51' title="bbox 466 4107 2036 4180">
    <p class='ocr_par' dir='ltr' id='par_1_51' title="bbox 466 4107 2036 4180">
     <span class='ocr_line' id='line_1_52' title="bbox 466 4107 2036 4180; baseline 0.004 -21"><span class='ocrx_word' id='word_1_454' title='bbox 466 4114 645 4160; x_wconf 84' lang='lat' dir='ltr'><strong>tarum</strong></span> <span class='ocrx_word' id='word_1_455' title='bbox 688 4122 807 4171; x_wconf 86' lang='lat' dir='ltr'><strong>rex,</strong></span> <span class='ocrx_word' id='word_1_456' title='bbox 853 4107 1226 4178; x_wconf 86' lang='lat' dir='ltr'><strong>improbitatis</strong></span> <span class='ocrx_word' id='word_1_457' title='bbox 1273 4118 1565 4180; x_wconf 89' lang='lat' dir='ltr'><strong>parentum</strong></span> <span class='ocrx_word' id='word_1_458' title='bbox 1617 4108 1863 4164; x_wconf 88' lang='lat' dir='ltr'><strong>imitator</strong></span> <span class='ocrx_word' id='word_1_459' title='bbox 1913 4110 2036 4165; x_wconf 82' lang='lat' dir='ltr'><strong>fuit.</strong></span> 
     </span>
    </p>
   </div>
   <div class='ocr_carea' id='block_1_52' title="bbox 462 4198 2039 4271">
    <p class='ocr_par' dir='ltr' id='par_1_52' title="bbox 462 4198 2039 4271">
     <span class='ocr_line' id='line_1_53' title="bbox 462 4198 2039 4271; baseline 0.002 -18"><span class='ocrx_word' id='word_1_460' title='bbox 462 4198 594 4268; x_wconf 81' lang='lat' dir='ltr'><strong>Ejus</strong></span> <span class='ocrx_word' id='word_1_461' title='bbox 645 4201 798 4271; x_wconf 81' lang='lat' dir='ltr'><strong>regni</strong></span> <span class='ocrx_word' id='word_1_462' title='bbox 846 4217 990 4255; x_wconf 87' lang='lat' dir='ltr'><strong>anno</strong></span> <span class='ocrx_word' id='word_1_463' title='bbox 1033 4204 1274 4256; x_wconf 80' lang='lat' dir='ltr'><strong>secundo</strong></span> <span class='ocrx_word' id='word_1_464' title='bbox 1308 4202 1553 4257; x_wconf 68' lang='lat' dir='ltr'><strong>lloabita:</strong></span> <span class='ocrx_word' id='word_1_465' title='bbox 1583 4201 1868 4271; x_wconf 77' lang='lat' dir='ltr'><strong>vectigalia</strong></span> <span class='ocrx_word' id='word_1_466' title='bbox 1900 4203 2039 4256; x_wconf 88' lang='lat' dir='ltr'><strong>reti-</strong></span> 
     </span>
    </p>
   </div>
   <div class='ocr_carea' id='block_1_53' title="bbox 462 4292 2037 4363">
    <p class='ocr_par' dir='ltr' id='par_1_53' title="bbox 462 4292 2037 4363">
     <span class='ocr_line' id='line_1_54' title="bbox 462 4292 2037 4363; baseline 0.001 -17"><span class='ocrx_word' id='word_1_467' title='bbox 462 4302 738 4357; x_wconf 91' lang='lat' dir='ltr'><strong>nuerunt,</strong></span> <span class='ocrx_word' id='word_1_468' title='bbox 792 4308 914 4361; x_wconf 63' lang='lat' dir='ltr'><strong>quas</strong></span> <span class='ocrx_word' id='word_1_469' title='bbox 958 4292 1097 4362; x_wconf 88' lang='lat' dir='ltr'><strong>patri</strong></span> <span class='ocrx_word' id='word_1_470' title='bbox 1144 4292 1255 4363; x_wconf 77' lang='lat'><strong>96</strong></span> <span class='ocrx_word' id='word_1_471' title='bbox 1302 4293 1542 4363; x_wconf 89' lang='lat' dir='ltr'><strong>pendere</strong></span> <span class='ocrx_word' id='word_1_472' title='bbox 1599 4294 1743 4348; x_wconf 88' lang='lat' dir='ltr'><strong>soliti</strong></span> <span class='ocrx_word' id='word_1_473' title='bbox 1799 4294 2037 4349; x_wconf 80' lang='lat' dir='ltr'><strong>fuerant.</strong></span> 
     </span>
    </p>
   </div>
   <div class='ocr_carea' id='block_1_54' title="bbox 464 4383 2037 4454">
    <p class='ocr_par' dir='ltr' id='par_1_54' title="bbox 464 4383 2037 4454">
     <span class='ocr_line' id='line_1_55' title="bbox 464 4383 2037 4454; baseline 0.001 -16"><span class='ocrx_word' id='word_1_474' title='bbox 464 4383 584 4454; x_wconf 79' lang='lat' dir='ltr'><strong>Ipse</strong></span> <span class='ocrx_word' id='word_1_475' title='bbox 629 4393 901 4454; x_wconf 72' lang='lat' dir='ltr'><strong>mgrotaus</strong></span> <span class='ocrx_word' id='word_1_476' title='bbox 955 4384 1021 4438; x_wconf 87' lang='lat' dir='ltr'>ad</span> <span class='ocrx_word' id='word_1_477' title='bbox 1067 4386 1505 4441; x_wconf 83' lang='lat' dir='ltr'><strong>Accaroneusem</strong></span> <span class='ocrx_word' id='word_1_478' title='bbox 1557 4386 1751 4449; x_wconf 88' lang='lat' dir='ltr'><strong>deam,</strong></span> <span class='ocrx_word' id='word_1_479' title='bbox 1798 4385 2037 4442; x_wconf 82' lang='lat' dir='ltr'><strong>Muscam</strong></span> 
     </span>
    </p>
   </div>
   <div class='ocr_carea' id='block_1_55' title="bbox 465 4475 2040 4546">
    <p class='ocr_par' dir='ltr' id='par_1_55' title="bbox 465 4475 2040 4546">
     <span class='ocr_line' id='line_1_56' title="bbox 465 4475 2040 4546; baseline 0.001 -18"><span class='ocrx_word' id='word_1_480' title='bbox 465 4475 710 4538; x_wconf 88' lang='lat' dir='ltr'><strong>nomine,</strong></span> <span class='ocrx_word' id='word_1_481' title='bbox 745 4486 1123 4546; x_wconf 88' lang='lat' dir='ltr'><strong>percontatum</strong></span> <span class='ocrx_word' id='word_1_482' title='bbox 1158 4477 1326 4538; x_wconf 87' lang='lat' dir='ltr'><strong>misit,</strong></span> <span class='ocrx_word' id='word_1_483' title='bbox 1355 4492 1422 4532; x_wconf 92' lang='lat' dir='ltr'>an</span> <span class='ocrx_word' id='word_1_484' title='bbox 1450 4478 1830 4534; x_wconf 80' lang='lat' dir='ltr'><strong>convaliturus</strong></span> <span class='ocrx_word' id='word_1_485' title='bbox 1852 4478 2040 4533; x_wconf 88' lang='lat' dir='ltr'><strong>esset?</strong></span> 
     </span>
    </p>
   </div>
   <div class='ocr_carea' id='block_1_56' title="bbox 464 4563 2038 4636">
    <p class='ocr_par' dir='ltr' id='par_1_56' title="bbox 464 4563 2038 4636">
     <span class='ocr_line' id='line_1_57' title="bbox 464 4563 2038 4636; baseline 0.002 -18"><span class='ocrx_word' id='word_1_486' title='bbox 464 4563 683 4636; x_wconf 87' lang='lat' dir='ltr'><strong>Legatis</strong></span> <span class='ocrx_word' id='word_1_487' title='bbox 717 4565 770 4619; x_wconf 93' lang='lat' dir='ltr'>in</span> <span class='ocrx_word' id='word_1_488' title='bbox 807 4566 1002 4620; x_wconf 91' lang='lat' dir='ltr'><strong>itinere</strong></span> <span class='ocrx_word' id='word_1_489' title='bbox 1031 4566 1273 4621; x_wconf 89' lang='lat' dir='ltr'><strong>occurrit</strong></span> <span class='ocrx_word' id='word_1_490' title='bbox 1297 4566 1469 4632; x_wconf 86' lang='lat' dir='ltr'><strong>Elias,</strong></span> <span class='ocrx_word' id='word_1_491' title='bbox 1494 4582 1557 4621; x_wconf 93' lang='lat' dir='ltr'>ac</span> <span class='ocrx_word' id='word_1_492' title='bbox 1588 4567 1812 4622; x_wconf 88' lang='lat' dir='ltr'><strong>domum</strong></span> <span class='ocrx_word' id='word_1_493' title='bbox 1837 4569 2038 4621; x_wconf 83' lang='lat' dir='ltr'><strong>reverti</strong></span> 
     </span>
    </p>
   </div>
   <div class='ocr_carea' id='block_1_57' title="bbox 456 4652 2041 4729">
    <p class='ocr_par' dir='ltr' id='par_1_57' title="bbox 456 4652 2041 4729">
     <span class='ocr_line' id='line_1_58' title="bbox 456 4652 2041 4729; baseline 0.006 -25"><span class='ocrx_word' id='word_1_494' title='bbox 456 4652 638 4725; x_wconf 89' lang='lat' dir='ltr'><strong>jubet,</strong></span> <span class='ocrx_word' id='word_1_495' title='bbox 676 4654 839 4721; x_wconf 90' lang='lat' dir='ltr'><strong>eique</strong></span> <span class='ocrx_word' id='word_1_496' title='bbox 862 4670 891 4709; x_wconf 88' lang='lat' dir='ltr'>a</span> <span class='ocrx_word' id='word_1_497' title='bbox 923 4672 1033 4725; x_wconf 89' lang='lat' dir='ltr'>quo</span> <span class='ocrx_word' id='word_1_498' title='bbox 1066 4657 1215 4711; x_wconf 91' lang='lat' dir='ltr'><strong>missi</strong></span> <span class='ocrx_word' id='word_1_499' title='bbox 1241 4668 1425 4713; x_wconf 86' lang='lat' dir='ltr'><strong>essent</strong></span> <span class='ocrx_word' id='word_1_500' title='bbox 1453 4659 1640 4714; x_wconf 87' lang='lat' dir='ltr'><strong>dicere</strong></span> <span class='ocrx_word' id='word_1_501' title='bbox 1663 4701 1678 4725; x_wconf 93' lang='lat'>,</span> <span class='ocrx_word' id='word_1_502' title='bbox 1719 4659 1848 4729; x_wconf 88' lang='lat' dir='ltr'><strong>quia</strong></span> <span class='ocrx_word' id='word_1_503' title='bbox 1876 4660 2041 4713; x_wconf 86' lang='lat' dir='ltr'><strong>misc-</strong></span> 
     </span>
    </p>
   </div>
   <div class='ocr_carea' id='block_1_58' title="bbox 463 4745 2037 4821">
    <p class='ocr_par' dir='ltr' id='par_1_58' title="bbox 463 4745 2037 4821">
     <span class='ocr_line' id='line_1_59' title="bbox 463 4745 2037 4821; baseline 0.004 -22"><span class='ocrx_word' id='word_1_504' title='bbox 463 4746 536 4800; x_wconf 91' lang='lat' dir='ltr'>rit</span> <span class='ocrx_word' id='word_1_505' title='bbox 571 4746 637 4800; x_wconf 90' lang='lat' dir='ltr'>ad</span> <span class='ocrx_word' id='word_1_506' title='bbox 672 4745 1037 4801; x_wconf 85' lang='lat' dir='ltr'><strong>Barbarorum</strong></span> <span class='ocrx_word' id='word_1_507' title='bbox 1092 4749 1281 4815; x_wconf 86' lang='lat' dir='ltr'><strong>deum,</strong></span> <span class='ocrx_word' id='word_1_508' title='bbox 1332 4750 1488 4821; x_wconf 90' lang='lat' dir='ltr'><strong>quasi</strong></span> <span class='ocrx_word' id='word_1_509' title='bbox 1538 4750 1723 4806; x_wconf 87' lang='lat' dir='ltr'><strong>Israeli</strong></span> <span class='ocrx_word' id='word_1_510' title='bbox 1755 4751 1897 4806; x_wconf 90' lang='lat' dir='ltr'><strong>Deus</strong></span> <span class='ocrx_word' id='word_1_511' title='bbox 1930 4768 2037 4805; x_wconf 88' lang='lat' dir='ltr'>non</span> 
     </span>
    </p>
   </div>
   <div class='ocr_carea' id='block_1_59' title="bbox 460 4842 2034 4904">
    <p class='ocr_par' dir='ltr' id='par_1_59' title="bbox 460 4842 2034 4904">
     <span class='ocr_line' id='line_1_60' title="bbox 460 4842 2034 4904; baseline 0.003 -12"><span class='ocrx_word' id='word_1_512' title='bbox 460 4848 638 4904; x_wconf 88' lang='lat' dir='ltr'><strong>esset,</strong></span> <span class='ocrx_word' id='word_1_513' title='bbox 702 4855 829 4894; x_wconf 87' lang='lat' dir='ltr'>eum</span> <span class='ocrx_word' id='word_1_514' title='bbox 884 4856 915 4895; x_wconf 91' lang='lat' dir='ltr'>e</span> <span class='ocrx_word' id='word_1_515' title='bbox 980 4842 1125 4897; x_wconf 88' lang='lat' dir='ltr'><strong>lecto</strong></span> <span class='ocrx_word' id='word_1_516' title='bbox 1179 4857 1280 4897; x_wconf 88' lang='lat' dir='ltr'>suo</span> <span class='ocrx_word' id='word_1_517' title='bbox 1334 4859 1443 4897; x_wconf 91' lang='lat' dir='ltr'>non</span> <span class='ocrx_word' id='word_1_518' title='bbox 1499 4854 1901 4897; x_wconf 87' lang='lat' dir='ltr'><strong>surrecturum.</strong></span> <span class='ocrx_word' id='word_1_519' title='bbox 1954 4843 2034 4897; x_wconf 90' lang='lat' dir='ltr'><strong>Illi</strong></span> 
     </span>
    </p>
   </div>
   <div class='ocr_carea' id='block_1_60' title="bbox 2156 2349 3749 2433">
    <p class='ocr_par' dir='ltr' id='par_1_60' title="bbox 2156 2349 3749 2433">
     <span class='ocr_line' id='line_1_61' title="bbox 2156 2349 3749 2433; baseline 0.007 -30"><span class='ocrx_word' id='word_1_520' title='bbox 2156 2349 2365 2421; x_wconf 71' lang='grc' dir='ltr'>’Ᾱχαασ</span> <span class='ocrx_word' id='word_1_521' title='bbox 2409 2349 2728 2421; x_wconf 79' lang='grc' dir='ltr'>συμμαχίας</span> <span class='ocrx_word' id='word_1_522' title='bbox 2775 2352 3130 2407; x_wconf 80' lang='grc' dir='ltr'>ἐπανελθόντι</span> <span class='ocrx_word' id='word_1_523' title='bbox 3160 2355 3330 2426; x_wconf 78' lang='grc' dir='ltr'>Ἰηοῦς</span> <span class='ocrx_word' id='word_1_524' title='bbox 3366 2358 3395 2410; x_wconf 88' lang='lat'>6</span> <span class='ocrx_word' id='word_1_525' title='bbox 3440 2362 3749 2433; x_wconf 81' lang='grc' dir='ltr'>προφήτης</span> 
     </span>
    </p>
   </div>
   <div class='ocr_carea' id='block_1_61' title="bbox 2145 2442 3739 2526">
    <p class='ocr_par' dir='ltr' id='par_1_61' title="bbox 2145 2442 3739 2526">
     <span class='ocr_line' id='line_1_62' title="bbox 2145 2442 3739 2526; baseline 0.008 -30"><span class='ocrx_word' id='word_1_526' title='bbox 2145 2442 2485 2504; x_wconf 74' lang='grc' dir='ltr'>ἐπενεκάλει,</span> <span class='ocrx_word' id='word_1_527' title='bbox 2519 2443 2603 2497; x_wconf 83' lang='grc' dir='ltr'>ὅτι</span> <span class='ocrx_word' id='word_1_528' title='bbox 2634 2443 2911 2515; x_wconf 80' lang='grc' dir='ltr'>ἀνθρώπῳ</span> <span class='ocrx_word' id='word_1_529' title='bbox 2940 2448 3321 2517; x_wconf 75' lang='grc' dir='ltr'>συνεμάχησεν</span> <span class='ocrx_word' id='word_1_530' title='bbox 3346 2450 3551 2506; x_wconf 77' lang='grc' dir='ltr'>ἀσεϐεῖ</span> <span class='ocrx_word' id='word_1_531' title='bbox 3581 2470 3597 2484; x_wconf 85' lang='grc'>⁶</span> <span class='ocrx_word' id='word_1_532' title='bbox 3641 2458 3739 2526; x_wconf 77' lang='grc' dir='ltr'>ῥυ-</span> 
     </span>
    </p>
   </div>
   <div class='ocr_carea' id='block_1_62' title="bbox 2145 2533 3742 2620">
    <p class='ocr_par' dir='ltr' id='par_1_62' title="bbox 2145 2533 3742 2620">
     <span class='ocr_line' id='line_1_63' title="bbox 2145 2533 3742 2620; baseline 0.011 -36"><span class='ocrx_word' id='word_1_533' title='bbox 2145 2533 2340 2603; x_wconf 82' lang='grc' dir='ltr'>σθῆναι</span> <span class='ocrx_word' id='word_1_534' title='bbox 2374 2534 2418 2587; x_wconf 73' lang='grc' dir='ltr'>δ’</span> <span class='ocrx_word' id='word_1_535' title='bbox 2460 2534 2624 2587; x_wconf 75' lang='grc' dir='ltr'>αὐτὸν</span> <span class='ocrx_word' id='word_1_536' title='bbox 2667 2534 2821 2596; x_wconf 77' lang='grc' dir='ltr'>ἔλεγε</span> <span class='ocrx_word' id='word_1_537' title='bbox 2863 2537 3015 2608; x_wconf 74' lang='grc' dir='ltr'>παρὰ</span> <span class='ocrx_word' id='word_1_538' title='bbox 3042 2538 3138 2591; x_wconf 84' lang='grc' dir='ltr'>τοῦ</span> <span class='ocrx_word' id='word_1_539' title='bbox 3199 2541 3360 2605; x_wconf 78' lang='grc' dir='ltr'>Θεοῦ,</span> <span class='ocrx_word' id='word_1_540' title='bbox 3420 2545 3618 2600; x_wconf 86' lang='grc' dir='ltr'>καίτοι</span> <span class='ocrx_word' id='word_1_541' title='bbox 3664 2548 3742 2620; x_wconf 82' lang='grc' dir='ltr'>τῷ</span> 
     </span>
    </p>
   </div>
   <div class='ocr_carea' id='block_1_63' title="bbox 2143 2623 3737 2710">
    <p class='ocr_par' dir='ltr' id='par_1_63' title="bbox 2143 2623 3737 2710">
     <span class='ocr_line' id='line_1_64' title="bbox 2143 2623 3737 2710; baseline 0.01 -33"><span class='ocrx_word' id='word_1_542' title='bbox 2143 2623 2291 2695; x_wconf 78' lang='grc' dir='ltr'>ἔργῳ</span> <span class='ocrx_word' id='word_1_543' title='bbox 2322 2624 2489 2678; x_wconf 77' lang='grc' dir='ltr'>αὑτοῦ</span> <span class='ocrx_word' id='word_1_544' title='bbox 2523 2626 3021 2697; x_wconf 70' lang='grc' dir='ltr'>προσοιχθίσαντος.</span> <span class='ocrx_word' id='word_1_545' title='bbox 3066 2631 3125 2683; x_wconf 90' lang='lat'>&#39;0</span> <span class='ocrx_word' id='word_1_546' title='bbox 3151 2630 3209 2683; x_wconf 78' lang='grc' dir='ltr'>δέ</span> <span class='ocrx_word' id='word_1_547' title='bbox 3250 2633 3519 2703; x_wconf 77' lang='grc' dir='ltr'>βασιλεὺς</span> <span class='ocrx_word' id='word_1_548' title='bbox 3559 2639 3737 2710; x_wconf 79' lang='grc' dir='ltr'>ηὐχα·</span> 
     </span>
    </p>
   </div>
   <div class='ocr_carea' id='block_1_64' title="bbox 2149 2715 3737 2800">
    <p class='ocr_par' dir='ltr' id='par_1_64' title="bbox 2149 2715 3737 2800">
     <span class='ocr_line' id='line_1_65' title="bbox 2149 2715 3737 2800; baseline 0.008 -31"><span class='ocrx_word' id='word_1_549' title='bbox 2149 2719 2343 2788; x_wconf 84' lang='grc' dir='ltr'>ρίστει.</span> <span class='ocrx_word' id='word_1_550' title='bbox 2404 2715 2536 2771; x_wconf 79' lang='grc' dir='ltr'>Εἶτα</span> <span class='ocrx_word' id='word_1_551' title='bbox 2590 2718 2690 2789; x_wconf 76' lang='grc' dir='ltr'>τὴν</span> <span class='ocrx_word' id='word_1_552' title='bbox 2748 2719 2843 2773; x_wconf 77' lang='grc' dir='ltr'>ὑπ’</span> <span class='ocrx_word' id='word_1_553' title='bbox 2892 2720 3056 2774; x_wconf 68' lang='grc' dir='ltr'>αὐτὸν</span> <span class='ocrx_word' id='word_1_554' title='bbox 3116 2727 3555 2797; x_wconf 79' lang='grc' dir='ltr'>περιερχόμενος</span> <span class='ocrx_word' id='word_1_555' title='bbox 3625 2732 3737 2800; x_wconf 79' lang='grc' dir='ltr'>χὼ-</span> 
     </span>
    </p>
   </div>
   <div class='ocr_carea' id='block_1_65' title="bbox 2147 2811 3735 2890">
    <p class='ocr_par' dir='ltr' id='par_1_65' title="bbox 2147 2811 3735 2890">
     <span class='ocr_line' id='line_1_66' title="bbox 2147 2811 3735 2890; baseline 0.009 -28"><span class='ocrx_word' id='word_1_556' title='bbox 2147 2828 2268 2879; x_wconf 88' lang='grc' dir='ltr'>ραν,</span> <span class='ocrx_word' id='word_1_557' title='bbox 2299 2811 2426 2872; x_wconf 71' lang='grc' dir='ltr'>τοὺς</span> <span class='ocrx_word' id='word_1_558' title='bbox 2449 2811 2649 2880; x_wconf 86' lang='grc' dir='ltr'>νόμους</span> <span class='ocrx_word' id='word_1_559' title='bbox 2672 2815 2857 2882; x_wconf 80' lang='grc' dir='ltr'>τηρεῖν</span> <span class='ocrx_word' id='word_1_560' title='bbox 2884 2814 3213 2878; x_wconf 82' lang='grc' dir='ltr'>ἐνετέλλετο,</span> <span class='ocrx_word' id='word_1_561' title='bbox 3249 2820 3341 2871; x_wconf 80' lang='grc' dir='ltr'>καὶ</span> <span class='ocrx_word' id='word_1_562' title='bbox 3370 2820 3572 2890; x_wconf 78' lang='grc' dir='ltr'>κριτὰς</span> <span class='ocrx_word' id='word_1_563' title='bbox 3601 2838 3735 2875; x_wconf 80' lang='grc' dir='ltr'>παν-</span> 
     </span>
    </p>
   </div>
   <div class='ocr_carea' id='block_1_66' title="bbox 2142 2902 3730 2979">
    <p class='ocr_par' dir='ltr' id='par_1_66' title="bbox 2142 2902 3730 2979">
     <span class='ocr_line' id='line_1_67' title="bbox 2142 2902 3730 2979; baseline 0.007 -25"><span class='ocrx_word' id='word_1_564' title='bbox 2142 2902 2311 2972; x_wconf 77' lang='grc' dir='ltr'>ταχοῦ</span> <span class='ocrx_word' id='word_1_565' title='bbox 2370 2904 2755 2973; x_wconf 73' lang='grc' dir='ltr'>καταστήσας,</span> <span class='ocrx_word' id='word_1_566' title='bbox 2817 2904 3043 2967; x_wconf 77' lang='grc' dir='ltr'>δικαίως</span> <span class='ocrx_word' id='word_1_567' title='bbox 3092 2908 3299 2979; x_wconf 85' lang='grc' dir='ltr'>κρίνειν</span> <span class='ocrx_word' id='word_1_568' title='bbox 3361 2913 3730 2979; x_wconf 86' lang='grc' dir='ltr'>προσέταττε.</span> 
     </span>
    </p>
   </div>
   <div class='ocr_carea' id='block_1_67' title="bbox 2147 2995 3729 3072">
    <p class='ocr_par' dir='ltr' id='par_1_67' title="bbox 2147 2995 3729 3072">
     <span class='ocr_line' id='line_1_68' title="bbox 2147 2995 3729 3072; baseline 0.004 -22"><span class='ocrx_word' id='word_1_569' title='bbox 2147 2995 2431 3050; x_wconf 73' lang='grc' dir='ltr'>Μοαδιτῶν</span> <span class='ocrx_word' id='word_1_570' title='bbox 2464 2995 2521 3049; x_wconf 87' lang='grc' dir='ltr'>δέ</span> <span class='ocrx_word' id='word_1_571' title='bbox 2576 2996 2672 3049; x_wconf 78' lang='grc' dir='ltr'>καὶ</span> <span class='ocrx_word' id='word_1_572' title='bbox 2719 2996 3075 3067; x_wconf 82' lang='grc' dir='ltr'>Ἀμμανιτῶν</span> <span class='ocrx_word' id='word_1_573' title='bbox 3120 3000 3595 3072; x_wconf 75' lang='grc' dir='ltr'>προσλαϐομένων</span> <span class='ocrx_word' id='word_1_574' title='bbox 3640 3006 3729 3058; x_wconf 67' lang='grc' dir='ltr'>καὶ</span> 
     </span>
    </p>
   </div>
   <div class='ocr_carea' id='block_1_68' title="bbox 2147 3088 3729 3177">
    <p class='ocr_par' dir='ltr' id='par_1_68' title="bbox 2147 3088 3729 3177">
     <span class='ocr_line' id='line_1_69' title="bbox 2147 3088 3729 3177; baseline 0.004 -37"><span class='ocrx_word' id='word_1_575' title='bbox 2147 3088 2395 3157; x_wconf 71' lang='grc' dir='ltr'>⁸Ἄραϐας</span> <span class='ocrx_word' id='word_1_576' title='bbox 2431 3088 2777 3177; x_wconf 60' lang='grc' dir='ltr'>ἐπελθόνξων</span> <span class='ocrx_word' id='word_1_577' title='bbox 2808 3088 2979 3158; x_wconf 80' lang='grc' dir='ltr'>αὐτῷ,</span> <span class='ocrx_word' id='word_1_578' title='bbox 3012 3091 3332 3145; x_wconf 75' lang='grc' dir='ltr'>ἐπεκαλεῖτο</span> <span class='ocrx_word' id='word_1_579' title='bbox 3360 3094 3455 3145; x_wconf 80' lang='grc' dir='ltr'>τὸν</span> <span class='ocrx_word' id='word_1_580' title='bbox 3490 3095 3629 3148; x_wconf 76' lang='grc' dir='ltr'>Θεὸν</span> <span class='ocrx_word' id='word_1_581' title='bbox 3652 3096 3729 3158; x_wconf 75' lang='grc' dir='ltr'>είς</span> 
     </span>
    </p>
   </div>
   <div class='ocr_carea' id='block_1_69' title="bbox 2147 3179 3727 3254">
    <p class='ocr_par' dir='ltr' id='par_1_69' title="bbox 2147 3179 3727 3254">
     <span class='ocr_line' id='line_1_70' title="bbox 2147 3179 3727 3254; baseline 0.004 -23"><span class='ocrx_word' id='word_1_582' title='bbox 2147 3179 2424 3249; x_wconf 78' lang='grc' dir='ltr'>βοήθειαν.</span> <span class='ocrx_word' id='word_1_583' title='bbox 2461 3180 2756 3250; x_wconf 78' lang='grc' dir='ltr'>Προφήτης</span> <span class='ocrx_word' id='word_1_584' title='bbox 2795 3180 2853 3233; x_wconf 74' lang='grc' dir='ltr'>δέ</span> <span class='ocrx_word' id='word_1_585' title='bbox 2880 3198 2965 3245; x_wconf 89' lang='grc' dir='ltr'>τις</span> <span class='ocrx_word' id='word_1_586' title='bbox 2993 3181 3384 3254; x_wconf 80' lang='grc' dir='ltr'>ὑπερμαχῆσαι</span> <span class='ocrx_word' id='word_1_587' title='bbox 3418 3185 3595 3240; x_wconf 81' lang='grc' dir='ltr'>αὐτοῦ</span> <span class='ocrx_word' id='word_1_588' title='bbox 3640 3186 3727 3239; x_wconf 66' lang='grc' dir='ltr'>τὶν</span> 
     </span>
    </p>
   </div>
   <div class='ocr_carea' id='block_1_70' title="bbox 2144 3269 3724 3350">
    <p class='ocr_par' dir='ltr' id='par_1_70' title="bbox 2144 3269 3724 3350">
     <span class='ocr_line' id='line_1_71' title="bbox 2144 3269 3724 3350; baseline 0.002 -24"><span class='ocrx_word' id='word_1_589' title='bbox 2144 3274 2277 3327; x_wconf 72' lang='grc' dir='ltr'>Θεὸν</span> <span class='ocrx_word' id='word_1_590' title='bbox 2304 3269 2449 3340; x_wconf 80' lang='grc' dir='ltr'>εἶπε,</span> <span class='ocrx_word' id='word_1_591' title='bbox 2482 3274 2578 3328; x_wconf 73' lang='grc' dir='ltr'>καὶ</span> <span class='ocrx_word' id='word_1_592' title='bbox 2612 3272 2824 3327; x_wconf 84' lang='grc' dir='ltr'>κελεύει</span> <span class='ocrx_word' id='word_1_593' title='bbox 2848 3273 3139 3343; x_wconf 79' lang='grc' dir='ltr'>ἐξαγαγεῖν</span> <span class='ocrx_word' id='word_1_594' title='bbox 3179 3277 3279 3347; x_wconf 78' lang='grc' dir='ltr'>μὲν</span> <span class='ocrx_word' id='word_1_595' title='bbox 3306 3279 3403 3348; x_wconf 81' lang='grc' dir='ltr'>τὴν</span> <span class='ocrx_word' id='word_1_596' title='bbox 3434 3279 3724 3350; x_wconf 73' lang='grc' dir='ltr'>στρατιὰν,</span> 
     </span>
    </p>
   </div>
   <div class='ocr_carea' id='block_1_71' title="bbox 2148 3367 3723 3439">
    <p class='ocr_par' dir='ltr' id='par_1_71' title="bbox 2148 3367 3723 3439">
     <span class='ocr_line' id='line_1_72' title="bbox 2148 3367 3723 3439; baseline 0.003 -20"><span class='ocrx_word' id='word_1_597' title='bbox 2148 3367 2222 3438; x_wconf 83' lang='grc' dir='ltr'>μὴ</span> <span class='ocrx_word' id='word_1_598' title='bbox 2255 3367 2523 3435; x_wconf 79' lang='grc' dir='ltr'>συμμίξαι</span> <span class='ocrx_word' id='word_1_599' title='bbox 2560 3368 2744 3437; x_wconf 80' lang='grc' dir='ltr'>μέντοι</span> <span class='ocrx_word' id='word_1_600' title='bbox 2771 3369 2884 3429; x_wconf 78' lang='grc' dir='ltr'>τοῖς</span> <span class='ocrx_word' id='word_1_601' title='bbox 2922 3367 3220 3438; x_wconf 85' lang='grc' dir='ltr'>πολεμίοις,</span> <span class='ocrx_word' id='word_1_602' title='bbox 3252 3370 3501 3435; x_wconf 76' lang='grc' dir='ltr'>ἑστῶτας</span> <span class='ocrx_word' id='word_1_603' title='bbox 3527 3371 3575 3423; x_wconf 77' lang='grc' dir='ltr'>δ’</span> <span class='ocrx_word' id='word_1_604' title='bbox 3598 3373 3723 3439; x_wconf 75' lang='grc' dir='ltr'>ἑρᾷν</span> 
     </span>
    </p>
   </div>
   <div class='ocr_carea' id='block_1_72' title="bbox 2143 3458 3724 3531">
    <p class='ocr_par' dir='ltr' id='par_1_72' title="bbox 2143 3458 3724 3531">
     <span class='ocr_line' id='line_1_73' title="bbox 2143 3458 3724 3531; baseline 0.001 -18"><span class='ocrx_word' id='word_1_605' title='bbox 2143 3461 2243 3530; x_wconf 81' lang='grc' dir='ltr'>τὴν</span> <span class='ocrx_word' id='word_1_606' title='bbox 2279 3459 2467 3513; x_wconf 84' lang='grc' dir='ltr'>θεόθεν</span> <span class='ocrx_word' id='word_1_607' title='bbox 2501 3458 2844 3529; x_wconf 80' lang='grc' dir='ltr'>ἐπικουρίαν.</span> <span class='ocrx_word' id='word_1_608' title='bbox 2882 3458 3093 3512; x_wconf 85' lang='grc' dir='ltr'>Ἐωθεν</span> <span class='ocrx_word' id='word_1_609' title='bbox 3112 3459 3156 3512; x_wconf 81' lang='grc' dir='ltr'>δ’</span> <span class='ocrx_word' id='word_1_610' title='bbox 3185 3461 3417 3524; x_wconf 75' lang='grc' dir='ltr'>ἐξελθὼν</span> <span class='ocrx_word' id='word_1_611' title='bbox 3447 3463 3593 3531; x_wconf 83' lang='grc' dir='ltr'>μετὰ</span> <span class='ocrx_word' id='word_1_612' title='bbox 3628 3463 3724 3524; x_wconf 70' lang='grc' dir='ltr'>τῆς</span> 
     </span>
    </p>
   </div>
   <div class='ocr_carea' id='block_1_73' title="bbox 2147 3550 3718 3621">
    <p class='ocr_par' dir='ltr' id='par_1_73' title="bbox 2147 3550 3718 3621">
     <span class='ocr_line' id='line_1_74' title="bbox 2147 3550 3718 3621; baseline 0 -17"><span class='ocrx_word' id='word_1_613' title='bbox 2147 3553 2411 3621; x_wconf 77' lang='grc' dir='ltr'>στρατιᾶς</span> <span class='ocrx_word' id='word_1_614' title='bbox 2444 3552 2472 3604; x_wconf 89' lang='lat'>6</span> <span class='ocrx_word' id='word_1_615' title='bbox 2504 3550 2784 3620; x_wconf 80' lang='grc' dir='ltr'>βασιλεὺς,</span> <span class='ocrx_word' id='word_1_616' title='bbox 2835 3554 2900 3620; x_wconf 76' lang='grc' dir='ltr'>τῇ</span> <span class='ocrx_word' id='word_1_617' title='bbox 2938 3551 3041 3621; x_wconf 85' lang='grc' dir='ltr'>μὲν</span> <span class='ocrx_word' id='word_1_618' title='bbox 3090 3551 3344 3605; x_wconf 78' lang='grc' dir='ltr'>ἵστασθαι</span> <span class='ocrx_word' id='word_1_619' title='bbox 3390 3553 3718 3614; x_wconf 82' lang='grc' dir='ltr'>ἐνετέλλετο,</span> 
     </span>
    </p>
   </div>
   <div class='ocr_carea' id='block_1_74' title="bbox 2145 3643 3722 3715">
    <p class='ocr_par' dir='ltr' id='par_1_74' title="bbox 2145 3643 3722 3715">
     <span class='ocr_line' id='line_1_75' title="bbox 2145 3643 3722 3715; baseline 0.002 -19"><span class='ocrx_word' id='word_1_620' title='bbox 2145 3645 2466 3715; x_wconf 76' lang='grc' dir='ltr'>τοὺςῐερεῖς</span> <span class='ocrx_word' id='word_1_621' title='bbox 2512 3644 2568 3697; x_wconf 73' lang='grc' dir='ltr'>δέ</span> <span class='ocrx_word' id='word_1_622' title='bbox 2617 3644 2945 3714; x_wconf 80' lang='grc' dir='ltr'>προεστάναι</span> <span class='ocrx_word' id='word_1_623' title='bbox 2994 3643 3090 3696; x_wconf 76' lang='grc' dir='ltr'>τοῦ</span> <span class='ocrx_word' id='word_1_624' title='bbox 3139 3644 3555 3715; x_wconf 79' lang='grc' dir='ltr'>στρατεύματος</span> <span class='ocrx_word' id='word_1_625' title='bbox 3590 3646 3722 3714; x_wconf 70' lang='grc' dir='ltr'>μετὰ</span> 
     </span>
    </p>
   </div>
   <div class='ocr_carea' id='block_1_75' title="bbox 2140 3733 3721 3809">
    <p class='ocr_par' dir='ltr' id='par_1_75' title="bbox 2140 3733 3721 3809">
     <span class='ocr_line' id='line_1_76' title="bbox 2140 3733 3721 3809; baseline 0.003 -23"><span class='ocrx_word' id='word_1_626' title='bbox 2140 3734 2249 3786; x_wconf 88' lang='grc' dir='ltr'>τῶν</span> <span class='ocrx_word' id='word_1_627' title='bbox 2289 3733 2629 3802; x_wconf 83' lang='grc' dir='ltr'>σαλπίγγων,</span> <span class='ocrx_word' id='word_1_628' title='bbox 2676 3733 2770 3787; x_wconf 67' lang='grc' dir='ltr'>καὶ</span> <span class='ocrx_word' id='word_1_629' title='bbox 2810 3734 2935 3797; x_wconf 74' lang='grc' dir='ltr'>τοὺς</span> <span class='ocrx_word' id='word_1_630' title='bbox 2968 3734 3199 3800; x_wconf 78' lang='grc' dir='ltr'>Λευῖτας</span> <span class='ocrx_word' id='word_1_631' title='bbox 3242 3736 3334 3791; x_wconf 74' lang='grc' dir='ltr'>καὶ</span> <span class='ocrx_word' id='word_1_632' title='bbox 3376 3737 3506 3801; x_wconf 73' lang='grc' dir='ltr'>τοὶς</span> <span class='ocrx_word' id='word_1_633' title='bbox 3543 3738 3721 3809; x_wconf 69' lang='grc' dir='ltr'>ὕμνῳ-</span> 
     </span>
    </p>
   </div>
   <div class='ocr_carea' id='block_1_76' title="bbox 2139 3824 3719 3900">
    <p class='ocr_par' dir='ltr' id='par_1_76' title="bbox 2139 3824 3719 3900">
     <span class='ocr_line' id='line_1_77' title="bbox 2139 3824 3719 3900; baseline 0.004 -24"><span class='ocrx_word' id='word_1_634' title='bbox 2139 3825 2267 3886; x_wconf 75' lang='grc' dir='ltr'>δοῦς</span> <span class='ocrx_word' id='word_1_635' title='bbox 2306 3824 2456 3896; x_wconf 72' lang='grc' dir='ltr'>ᾅδειν</span> <span class='ocrx_word' id='word_1_636' title='bbox 2503 3825 2923 3897; x_wconf 76' lang='grc' dir='ltr'>εύχαριστήριον</span> <span class='ocrx_word' id='word_1_637' title='bbox 2972 3826 3049 3894; x_wconf 81' lang='grc' dir='ltr'>τῷ</span> <span class='ocrx_word' id='word_1_638' title='bbox 3096 3828 3229 3898; x_wconf 74' lang='grc' dir='ltr'>Θεῷ.</span> <span class='ocrx_word' id='word_1_639' title='bbox 3267 3832 3329 3883; x_wconf 84' lang='lat' dir='ltr'><strong>Ol</strong></span> <span class='ocrx_word' id='word_1_640' title='bbox 3360 3831 3438 3889; x_wconf 84' lang='grc' dir='ltr'>δέ.</span> <span class='ocrx_word' id='word_1_641' title='bbox 3478 3831 3719 3900; x_wconf 84' lang='grc' dir='ltr'>πολέμιοι</span> 
     </span>
    </p>
   </div>
   <div class='ocr_carea' id='block_1_77' title="bbox 2142 3916 3719 3989">
    <p class='ocr_par' dir='ltr' id='par_1_77' title="bbox 2142 3916 3719 3989">
     <span class='ocr_line' id='line_1_78' title="bbox 2142 3916 3719 3989; baseline 0.006 -20"><span class='ocrx_word' id='word_1_642' title='bbox 2142 3916 2264 3970; x_wconf 83' lang='grc' dir='ltr'>κατ’</span> <span class='ocrx_word' id='word_1_643' title='bbox 2295 3916 2547 3984; x_wconf 85' lang='grc' dir='ltr'>ἀλλήλων</span> <span class='ocrx_word' id='word_1_644' title='bbox 2594 3917 2931 3985; x_wconf 76' lang='grc' dir='ltr'>κινηθέντες.</span> <span class='ocrx_word' id='word_1_645' title='bbox 2965 3920 3229 3989; x_wconf 76' lang='grc' dir='ltr'>ἀλλήλους</span> <span class='ocrx_word' id='word_1_646' title='bbox 3264 3922 3607 3987; x_wconf 82' lang='grc' dir='ltr'>ἀπέκτεινον,</span> <span class='ocrx_word' id='word_1_647' title='bbox 3647 3923 3719 3987; x_wconf 87' lang='grc' dir='ltr'>ὡς</span> 
     </span>
    </p>
   </div>
   <div class='ocr_carea' id='block_1_78' title="bbox 2145 4007 3713 4089">
    <p class='ocr_par' dir='ltr' id='par_1_78' title="bbox 2145 4007 3713 4089">
     <span class='ocr_line' id='line_1_79' title="bbox 2145 4007 3713 4089; baseline 0.008 -30"><span class='ocrx_word' id='word_1_648' title='bbox 2145 4009 2349 4076; x_wconf 78' lang='grc' dir='ltr'>μηδένα</span> <span class='ocrx_word' id='word_1_649' title='bbox 2390 4007 2655 4076; x_wconf 81' lang='grc' dir='ltr'>σωθῆναι.</span> <span class='ocrx_word' id='word_1_650' title='bbox 2698 4009 2969 4078; x_wconf 68' lang='grc' dir='ltr'>Ἰωσαφὰτ</span> <span class='ocrx_word' id='word_1_651' title='bbox 2998 4010 3051 4062; x_wconf 81' lang='grc' dir='ltr'>δὲ</span> <span class='ocrx_word' id='word_1_652' title='bbox 3078 4013 3159 4075; x_wconf 81' lang='grc' dir='ltr'>είς</span> <span class='ocrx_word' id='word_1_653' title='bbox 3192 4013 3510 4089; x_wconf 82' lang='grc' dir='ltr'>διαρπαγὴν</span> <span class='ocrx_word' id='word_1_654' title='bbox 3540 4019 3713 4089; x_wconf 74' lang='grc' dir='ltr'>ἀφῆκε</span> 
     </span>
    </p>
   </div>
   <div class='ocr_carea' id='block_1_79' title="bbox 2139 4099 3712 4179">
    <p class='ocr_par' dir='ltr' id='par_1_79' title="bbox 2139 4099 3712 4179">
     <span class='ocr_line' id='line_1_80' title="bbox 2139 4099 3712 4179; baseline 0.007 -28"><span class='ocrx_word' id='word_1_655' title='bbox 2139 4101 2207 4169; x_wconf 83' lang='grc' dir='ltr'>τῇ</span> <span class='ocrx_word' id='word_1_656' title='bbox 2238 4100 2469 4170; x_wconf 80' lang='grc' dir='ltr'>στρατιᾷ</span> <span class='ocrx_word' id='word_1_657' title='bbox 2498 4102 2598 4170; x_wconf 76' lang='grc' dir='ltr'>τὴν</span> <span class='ocrx_word' id='word_1_658' title='bbox 2631 4099 2740 4152; x_wconf 88' lang='grc' dir='ltr'>τῶν</span> <span class='ocrx_word' id='word_1_659' title='bbox 2775 4101 3032 4155; x_wconf 81' lang='grc' dir='ltr'>ἐναντίων</span> <span class='ocrx_word' id='word_1_660' title='bbox 3073 4106 3465 4179; x_wconf 71' lang='grc' dir='ltr'>παρεμϐολήν.</span> <span class='ocrx_word' id='word_1_661' title='bbox 3505 4109 3712 4162; x_wconf 82' lang='grc' dir='ltr'>Ἑντεῦ-</span> 
     </span>
    </p>
   </div>
   <div class='ocr_carea' id='block_1_80' title="bbox 2142 4188 3711 4267">
    <p class='ocr_par' dir='ltr' id='par_1_80' title="bbox 2142 4188 3711 4267">
     <span class='ocr_line' id='line_1_81' title="bbox 2142 4188 3711 4267; baseline 0.01 -27"><span class='ocrx_word' id='word_1_662' title='bbox 2142 4190 2233 4241; x_wconf 86' lang='grc' dir='ltr'>οεν</span> <span class='ocrx_word' id='word_1_663' title='bbox 2262 4188 2337 4251; x_wconf 84' lang='grc' dir='ltr'>ὡς</span> <span class='ocrx_word' id='word_1_664' title='bbox 2367 4189 2425 4241; x_wconf 75' lang='grc' dir='ltr'>τὺ</span> <span class='ocrx_word' id='word_1_665' title='bbox 2449 4190 2607 4243; x_wconf 82' lang='grc' dir='ltr'>Θεῖον</span> <span class='ocrx_word' id='word_1_666' title='bbox 2642 4191 2835 4261; x_wconf 84' lang='grc' dir='ltr'>ἔχοντα</span> <span class='ocrx_word' id='word_1_667' title='bbox 2875 4192 3190 4267; x_wconf 86' lang='grc' dir='ltr'>σύμμαχον,</span> <span class='ocrx_word' id='word_1_668' title='bbox 3227 4198 3510 4266; x_wconf 70' lang='grc' dir='ltr'>δείσαντες</span> <span class='ocrx_word' id='word_1_669' title='bbox 3537 4203 3711 4264; x_wconf 67' lang='grc' dir='ltr'>αὐτὸν,</span> 
     </span>
    </p>
   </div>
   <div class='ocr_carea' id='block_1_81' title="bbox 2139 4280 3714 4365">
    <p class='ocr_par' dir='ltr' id='par_1_81' title="bbox 2139 4280 3714 4365">
     <span class='ocr_line' id='line_1_82' title="bbox 2139 4280 3714 4365; baseline 0.009 -33"><span class='ocrx_word' id='word_1_670' title='bbox 2139 4281 2190 4332; x_wconf 80' lang='grc' dir='ltr'>οἱ</span> <span class='ocrx_word' id='word_1_671' title='bbox 2216 4280 2501 4349; x_wconf 76' lang='grc' dir='ltr'>ἀλλόφυλοι</span> <span class='ocrx_word' id='word_1_672' title='bbox 2533 4283 2798 4353; x_wconf 78' lang='grc' dir='ltr'>ἠρέμουν.</span> <span class='ocrx_word' id='word_1_673' title='bbox 2841 4287 3093 4354; x_wconf 79' lang='grc' dir='ltr'>Ὀχοζίας</span> <span class='ocrx_word' id='word_1_674' title='bbox 3125 4290 3181 4343; x_wconf 79' lang='grc' dir='ltr'>δὲ</span> <span class='ocrx_word' id='word_1_675' title='bbox 3227 4292 3256 4344; x_wconf 88' lang='lat'>6</span> <span class='ocrx_word' id='word_1_676' title='bbox 3307 4292 3417 4346; x_wconf 87' lang='grc' dir='ltr'>τῶν</span> <span class='ocrx_word' id='word_1_677' title='bbox 3455 4294 3714 4365; x_wconf 83' lang='grc' dir='ltr'>Ἰσραηλι-</span> 
     </span>
    </p>
   </div>
   <div class='ocr_carea' id='block_1_82' title="bbox 2141 4373 3713 4458">
    <p class='ocr_par' dir='ltr' id='par_1_82' title="bbox 2141 4373 3713 4458">
     <span class='ocr_line' id='line_1_83' title="bbox 2141 4373 3713 4458; baseline 0.008 -33"><span class='ocrx_word' id='word_1_678' title='bbox 2141 4374 2250 4425; x_wconf 78' lang='grc' dir='ltr'>τῶν</span> <span class='ocrx_word' id='word_1_679' title='bbox 2299 4373 2574 4443; x_wconf 83' lang='grc' dir='ltr'>βασιλεὺς,</span> <span class='ocrx_word' id='word_1_680' title='bbox 2636 4377 2753 4439; x_wconf 81' lang='grc' dir='ltr'>τοῖς</span> <span class='ocrx_word' id='word_1_681' title='bbox 2807 4378 2973 4431; x_wconf 81' lang='grc' dir='ltr'>αὐτοῦ</span> <span class='ocrx_word' id='word_1_682' title='bbox 3033 4382 3286 4446; x_wconf 81' lang='grc' dir='ltr'>γονεῦσιν</span> <span class='ocrx_word' id='word_1_683' title='bbox 3338 4388 3419 4449; x_wconf 83' lang='grc' dir='ltr'>εἰς</span> <span class='ocrx_word' id='word_1_684' title='bbox 3456 4387 3713 4458; x_wconf 78' lang='grc' dir='ltr'>πονηρίαν</span> 
     </span>
    </p>
   </div>
   <div class='ocr_carea' id='block_1_83' title="bbox 2141 4465 3713 4549">
    <p class='ocr_par' dir='ltr' id='par_1_83' title="bbox 2141 4465 3713 4549">
     <span class='ocr_line' id='line_1_84' title="bbox 2141 4465 3713 4549; baseline 0.009 -33"><span class='ocrx_word' id='word_1_685' title='bbox 2141 4465 2413 4534; x_wconf 83' lang='grc' dir='ltr'>ὡμοίωτο.</span> <span class='ocrx_word' id='word_1_686' title='bbox 2463 4466 2601 4537; x_wconf 79' lang='grc' dir='ltr'>Περὶ</span> <span class='ocrx_word' id='word_1_687' title='bbox 2641 4467 2699 4520; x_wconf 81' lang='grc' dir='ltr'>δὲ</span> <span class='ocrx_word' id='word_1_688' title='bbox 2732 4467 2793 4519; x_wconf 83' lang='grc' dir='ltr'>τδ</span> <span class='ocrx_word' id='word_1_689' title='bbox 2827 4467 3084 4542; x_wconf 84' lang='grc' dir='ltr'>δεύτερον</span> <span class='ocrx_word' id='word_1_690' title='bbox 3130 4472 3250 4537; x_wconf 78' lang='grc' dir='ltr'>ἔτος</span> <span class='ocrx_word' id='word_1_691' title='bbox 3295 4479 3395 4545; x_wconf 83' lang='grc' dir='ltr'>τῆς</span> <span class='ocrx_word' id='word_1_692' title='bbox 3443 4477 3713 4549; x_wconf 81' lang='grc' dir='ltr'>βασιλείας</span> 
     </span>
    </p>
   </div>
   <div class='ocr_carea' id='block_1_84' title="bbox 2142 4556 3709 4636">
    <p class='ocr_par' dir='ltr' id='par_1_84' title="bbox 2142 4556 3709 4636">
     <span class='ocr_line' id='line_1_85' title="bbox 2142 4556 3709 4636; baseline 0.007 -28"><span class='ocrx_word' id='word_1_693' title='bbox 2142 4556 2310 4609; x_wconf 75' lang='grc' dir='ltr'>αὐτοῦ</span> <span class='ocrx_word' id='word_1_694' title='bbox 2340 4558 2573 4627; x_wconf 82' lang='grc' dir='ltr'>ἐπέσχον</span> <span class='ocrx_word' id='word_1_695' title='bbox 2598 4560 2646 4611; x_wconf 81' lang='grc' dir='ltr'>οἱ</span> <span class='ocrx_word' id='word_1_696' title='bbox 2671 4560 2943 4614; x_wconf 72' lang='grc' dir='ltr'>Μοαεῖται</span> <span class='ocrx_word' id='word_1_697' title='bbox 2971 4564 3097 4627; x_wconf 75' lang='grc' dir='ltr'>τοὺς</span> <span class='ocrx_word' id='word_1_698' title='bbox 3128 4567 3345 4635; x_wconf 75' lang='grc' dir='ltr'>φόρους,</span> <span class='ocrx_word' id='word_1_699' title='bbox 3373 4568 3467 4633; x_wconf 79' lang='grc' dir='ltr'>οὓς</span> <span class='ocrx_word' id='word_1_700' title='bbox 3503 4569 3709 4636; x_wconf 76' lang='grc' dir='ltr'>εἰσέφε-</span> 
     </span>
    </p>
   </div>
   <div class='ocr_carea' id='block_1_85' title="bbox 2143 4648 3712 4731">
    <p class='ocr_par' dir='ltr' id='par_1_85' title="bbox 2143 4648 3712 4731">
     <span class='ocr_line' id='line_1_86' title="bbox 2143 4648 3712 4731; baseline 0.006 -30"><span class='ocrx_word' id='word_1_701' title='bbox 2143 4665 2235 4718; x_wconf 87' lang='grc' dir='ltr'>ρον</span> <span class='ocrx_word' id='word_1_702' title='bbox 2265 4648 2341 4717; x_wconf 84' lang='grc' dir='ltr'>τῷ</span> <span class='ocrx_word' id='word_1_703' title='bbox 2388 4649 2555 4720; x_wconf 79' lang='grc' dir='ltr'>πατρὶ</span> <span class='ocrx_word' id='word_1_704' title='bbox 2583 4649 2770 4704; x_wconf 76' lang='grc' dir='ltr'>αὐτοῦ.</span> <span class='ocrx_word' id='word_1_705' title='bbox 2809 4652 3061 4723; x_wconf 87' lang='grc' dir='ltr'>Νοσήσας</span> <span class='ocrx_word' id='word_1_706' title='bbox 3107 4653 3184 4719; x_wconf 86' lang='grc' dir='ltr'>δέ,</span> <span class='ocrx_word' id='word_1_707' title='bbox 3228 4658 3364 4727; x_wconf 64' lang='grc' dir='ltr'>πρὸς</span> <span class='ocrx_word' id='word_1_708' title='bbox 3391 4661 3492 4731; x_wconf 76' lang='grc' dir='ltr'>τὴν</span> <span class='ocrx_word' id='word_1_709' title='bbox 3522 4660 3712 4713; x_wconf 78' lang='grc' dir='ltr'>Ἀκκα-</span> 
     </span>
    </p>
   </div>
   <div class='ocr_carea' id='block_1_86' title="bbox 2142 4741 3707 4820">
    <p class='ocr_par' dir='ltr' id='par_1_86' title="bbox 2142 4741 3707 4820">
     <span class='ocr_line' id='line_1_87' title="bbox 2142 4741 3707 4820; baseline 0.007 -29"><span class='ocrx_word' id='word_1_710' title='bbox 2142 4741 2254 4810; x_wconf 72' lang='grc' dir='ltr'>ρῶν</span> <span class='ocrx_word' id='word_1_711' title='bbox 2293 4741 2437 4802; x_wconf 73' lang='grc' dir='ltr'>θεὸν,</span> <span class='ocrx_word' id='word_1_712' title='bbox 2484 4743 2666 4804; x_wconf 78' lang='grc' dir='ltr'>Μυῖας</span> <span class='ocrx_word' id='word_1_713' title='bbox 2721 4742 3141 4815; x_wconf 68' lang='grc' dir='ltr'>ὠνομασμένην,</span> <span class='ocrx_word' id='word_1_714' title='bbox 3202 4748 3466 4820; x_wconf 70' lang='grc' dir='ltr'>ἔπεμψεν,</span> <span class='ocrx_word' id='word_1_715' title='bbox 3502 4750 3707 4820; x_wconf 87' lang='grc' dir='ltr'>ἐρωτῶν</span> 
     </span>
    </p>
   </div>
   <div class='ocr_carea' id='block_1_87' title="bbox 2140 4832 3707 4912">
    <p class='ocr_par' dir='ltr' id='par_1_87' title="bbox 2140 4832 3707 4912">
     <span class='ocr_line' id='line_1_88' title="bbox 2140 4832 3707 4912; baseline 0.004 -27"><span class='ocrx_word' id='word_1_716' title='bbox 2140 4834 2186 4886; x_wconf 80' lang='grc' dir='ltr'>εί</span> <span class='ocrx_word' id='word_1_717' title='bbox 2210 4832 2535 4903; x_wconf 61' lang='grc' dir='ltr'>ἀναῤῥωσοή</span> <span class='ocrx_word' id='word_1_718' title='bbox 2547 4850 2717 4887; x_wconf 80' lang='grc' dir='ltr'>σεται.</span> <span class='ocrx_word' id='word_1_719' title='bbox 2740 4833 2925 4899; x_wconf 76' lang='grc' dir='ltr'>Ἠλίας</span> <span class='ocrx_word' id='word_1_720' title='bbox 2943 4837 3018 4902; x_wconf 77' lang='grc' dir='ltr'>δὲ,</span> <span class='ocrx_word' id='word_1_721' title='bbox 3035 4842 3147 4902; x_wconf 83' lang='grc' dir='ltr'>τοῖς</span> <span class='ocrx_word' id='word_1_722' title='bbox 3169 4841 3525 4912; x_wconf 81' lang='grc' dir='ltr'>ἐσταλμένοις</span> <span class='ocrx_word' id='word_1_723' title='bbox 3550 4844 3707 4896; x_wconf 84' lang='grc' dir='ltr'>ὕπαν-</span> 
     </span>
    </p>
   </div>
   <div class='ocr_carea' id='block_1_88' title="bbox 459 4929 2036 5008">
    <p class='ocr_par' dir='ltr' id='par_1_88' title="bbox 459 4929 2031 5006">
     <span class='ocr_line' id='line_1_89' title="bbox 459 4929 2031 5006; baseline 0.004 -24"><span class='ocrx_word' id='word_1_724' title='bbox 459 4929 694 4999; x_wconf 87' lang='lat' dir='ltr'><strong>rcgressi</strong></span> <span class='ocrx_word' id='word_1_725' title='bbox 723 4930 910 4986; x_wconf 84' lang='lat' dir='ltr'><strong>audita</strong></span> <span class='ocrx_word' id='word_1_726' title='bbox 941 4931 1207 4988; x_wconf 81' lang='lat' dir='ltr'><strong>referunt.</strong></span> <span class='ocrx_word' id='word_1_727' title='bbox 1237 4932 1475 4990; x_wconf 84' lang='lat' dir='ltr'><strong>Ochozia</strong></span> <span class='ocrx_word' id='word_1_728' title='bbox 1509 4944 1735 5005; x_wconf 87' lang='lat' dir='ltr'><strong>rogante</strong></span> <span class='ocrx_word' id='word_1_729' title='bbox 1779 4934 2031 5006; x_wconf 83' lang='lat' dir='ltr'><strong>quisnam</strong></span> 
     </span>
    </p>
   </div>
   <div class='ocr_carea' id='block_1_89' title="bbox 2143 4929 3702 5008">
    <p class='ocr_par' dir='ltr' id='par_1_89' title="bbox 2143 4931 3702 5007">
     <span class='ocr_line' id='line_1_90' title="bbox 2143 4931 3702 5007; baseline 0.006 -27"><span class='ocrx_word' id='word_1_730' title='bbox 2143 4931 2334 4999; x_wconf 71' lang='grc' dir='ltr'>τήσας.</span> <span class='ocrx_word' id='word_1_731' title='bbox 2362 4931 2727 4997; x_wconf 72' lang='grc' dir='ltr'>ἀναστρέφειν</span> <span class='ocrx_word' id='word_1_732' title='bbox 2762 4932 3000 4996; x_wconf 81' lang='grc' dir='ltr'>ἐκέλευε,</span> <span class='ocrx_word' id='word_1_733' title='bbox 3029 4936 3122 4987; x_wconf 71' lang='grc' dir='ltr'>καὶ</span> <span class='ocrx_word' id='word_1_734' title='bbox 3152 4935 3337 5003; x_wconf 78' lang='grc' dir='ltr'>λέγειν</span> <span class='ocrx_word' id='word_1_735' title='bbox 3359 4939 3436 5007; x_wconf 81' lang='grc' dir='ltr'>τῶ</span> <span class='ocrx_word' id='word_1_736' title='bbox 3464 4938 3702 5007; x_wconf 75' lang='grc' dir='ltr'>πέμψαν·</span> 
     </span>
    </p>
   </div>
   <div class='ocr_carea' id='block_1_90' title="bbox 461 5021 2036 5097">
    <p class='ocr_par' dir='ltr' id='par_1_90' title="bbox 461 5021 2036 5097">
     <span class='ocr_line' id='line_1_91' title="bbox 461 5021 2036 5097; baseline 0.003 -21"><span class='ocrx_word' id='word_1_737' title='bbox 461 5021 513 5077; x_wconf 84' lang='lat' dir='ltr'>id</span> <span class='ocrx_word' id='word_1_738' title='bbox 548 5022 795 5089; x_wconf 82' lang='lat' dir='ltr'><strong>dixisset,</strong></span> <span class='ocrx_word' id='word_1_739' title='bbox 844 5034 1007 5094; x_wconf 90' lang='lat' dir='ltr'><strong>atque</strong></span> <span class='ocrx_word' id='word_1_740' title='bbox 1053 5026 1161 5079; x_wconf 91' lang='lat' dir='ltr'><strong>illis</strong></span> <span class='ocrx_word' id='word_1_741' title='bbox 1196 5026 1448 5097; x_wconf 87' lang='lat' dir='ltr'><strong>ignorare</strong></span> <span class='ocrx_word' id='word_1_742' title='bbox 1506 5042 1563 5082; x_wconf 90' lang='lat' dir='ltr'>sc</span> <span class='ocrx_word' id='word_1_743' title='bbox 1598 5026 1934 5087; x_wconf 86' lang='lat' dir='ltr'><strong>dicentibus,</strong></span> <span class='ocrx_word' id='word_1_744' title='bbox 1968 5026 2036 5081; x_wconf 88' lang='lat' dir='ltr'>de</span> 
     </span>
    </p>
   </div>
   <div class='ocr_carea' id='block_1_91' title="bbox 463 5114 2033 5190">
    <p class='ocr_par' dir='ltr' id='par_1_91' title="bbox 463 5114 2033 5190">
     <span class='ocr_line' id='line_1_92' title="bbox 463 5114 2033 5190; baseline 0.001 -21"><span class='ocrx_word' id='word_1_745' title='bbox 463 5114 640 5170; x_wconf 78' lang='lat' dir='ltr'><strong>forma</strong></span> <span class='ocrx_word' id='word_1_746' title='bbox 687 5117 835 5171; x_wconf 91' lang='lat' dir='ltr'><strong>illius</strong></span> <span class='ocrx_word' id='word_1_747' title='bbox 882 5118 1124 5174; x_wconf 84' lang='lat' dir='ltr'><strong>hominis</strong></span> <span class='ocrx_word' id='word_1_748' title='bbox 1176 5130 1564 5190; x_wconf 85' lang='lat' dir='ltr'><strong>percontatur:</strong></span> <span class='ocrx_word' id='word_1_749' title='bbox 1602 5135 1764 5190; x_wconf 87' lang='lat' dir='ltr'><strong>quem</strong></span> <span class='ocrx_word' id='word_1_750' title='bbox 1803 5135 1927 5173; x_wconf 89' lang='lat' dir='ltr'>eum</span> <span class='ocrx_word' id='word_1_751' title='bbox 1955 5117 2033 5171; x_wconf 90' lang='lat' dir='ltr'><strong>illi</strong></span> 
     </span>
    </p>
   </div>
   <div class='ocr_carea' id='block_1_92' title="bbox 462 5202 2031 5277">
    <p class='ocr_par' dir='ltr' id='par_1_92' title="bbox 462 5202 2031 5277">
     <span class='ocr_line' id='line_1_93' title="bbox 462 5202 2031 5277; baseline 0 -20"><span class='ocrx_word' id='word_1_752' title='bbox 462 5202 738 5259; x_wconf 89' lang='lat' dir='ltr'><strong>hirsutum</strong></span> <span class='ocrx_word' id='word_1_753' title='bbox 777 5221 898 5260; x_wconf 90' lang='lat' dir='ltr'><strong>esse</strong></span> <span class='ocrx_word' id='word_1_754' title='bbox 924 5206 1192 5269; x_wconf 90' lang='lat' dir='ltr'><strong>dicerent,</strong></span> <span class='ocrx_word' id='word_1_755' title='bbox 1242 5208 1473 5276; x_wconf 88' lang='lat' dir='ltr'><strong>pelliceo</strong></span> <span class='ocrx_word' id='word_1_756' title='bbox 1520 5208 1741 5277; x_wconf 89' lang='lat' dir='ltr'><strong>cingulo</strong></span> <span class='ocrx_word' id='word_1_757' title='bbox 1770 5208 2031 5268; x_wconf 88' lang='lat' dir='ltr'><strong>cinctum,</strong></span> 
     </span>
    </p>
   </div>
   <div class='ocr_carea' id='block_1_93' title="bbox 460 5294 2035 5369">
    <p class='ocr_par' dir='ltr' id='par_1_93' title="bbox 460 5294 2035 5369">
     <span class='ocr_line' id='line_1_94' title="bbox 460 5294 2035 5369; baseline 0 -19"><span class='ocrx_word' id='word_1_758' title='bbox 460 5294 634 5350; x_wconf 81' lang='lat' dir='ltr'><strong>Eliam</strong></span> <span class='ocrx_word' id='word_1_759' title='bbox 666 5312 787 5352; x_wconf 87' lang='lat' dir='ltr'><strong>esse</strong></span> <span class='ocrx_word' id='word_1_760' title='bbox 821 5298 1095 5368; x_wconf 84' lang='lat' dir='ltr'><strong>intelligit,</strong></span> <span class='ocrx_word' id='word_1_761' title='bbox 1131 5315 1216 5360; x_wconf 86' lang='lat' dir='ltr'>ac,</span> <span class='ocrx_word' id='word_1_762' title='bbox 1241 5300 1564 5354; x_wconf 90' lang='lat' dir='ltr'><strong>centurione</strong></span> <span class='ocrx_word' id='word_1_763' title='bbox 1592 5315 1715 5353; x_wconf 91' lang='lat' dir='ltr'>cum</span> <span class='ocrx_word' id='word_1_764' title='bbox 1763 5298 2035 5369; x_wconf 85' lang='lat' dir='ltr'><strong>quinqua-</strong></span> 
     </span>
    </p>
   </div>
   <div class='ocr_carea' id='block_1_94' title="bbox 458 5391 2031 5465">
    <p class='ocr_par' dir='ltr' id='par_1_94' title="bbox 458 5391 2031 5465">
     <span class='ocr_line' id='line_1_95' title="bbox 458 5391 2031 5465; baseline -0.004 -16"><span class='ocrx_word' id='word_1_765' title='bbox 458 5395 603 5465; x_wconf 83' lang='lat' dir='ltr'><strong>ginta</strong></span> <span class='ocrx_word' id='word_1_766' title='bbox 651 5391 894 5447; x_wconf 89' lang='lat' dir='ltr'><strong>millibus</strong></span> <span class='ocrx_word' id='word_1_767' title='bbox 928 5394 1116 5453; x_wconf 86' lang='lat' dir='ltr'><strong>misso,</strong></span> <span class='ocrx_word' id='word_1_768' title='bbox 1145 5407 1271 5445; x_wconf 87' lang='lat' dir='ltr'>eum</span> <span class='ocrx_word' id='word_1_769' title='bbox 1300 5391 1497 5445; x_wconf 88' lang='lat' dir='ltr'><strong>adduci</strong></span> <span class='ocrx_word' id='word_1_770' title='bbox 1527 5391 1705 5461; x_wconf 91' lang='lat' dir='ltr'><strong>jubet.</strong></span> <span class='ocrx_word' id='word_1_771' title='bbox 1747 5391 1878 5457; x_wconf 75' lang='lat' dir='ltr'><strong>Qui,</strong></span> <span class='ocrx_word' id='word_1_772' title='bbox 1906 5406 2031 5445; x_wconf 89' lang='lat' dir='ltr'>cum</span> 
     </span>
    </p>
   </div>
   <div class='ocr_carea' id='block_1_95' title="bbox 458 5482 2033 5553">
    <p class='ocr_par' dir='ltr' id='par_1_95' title="bbox 458 5482 2033 5553">
     <span class='ocr_line' id='line_1_96' title="bbox 458 5482 2033 5553; baseline -0.006 -10"><span class='ocrx_word' id='word_1_773' title='bbox 458 5504 586 5543; x_wconf 90' lang='lat' dir='ltr'>eum</span> <span class='ocrx_word' id='word_1_774' title='bbox 622 5487 680 5542; x_wconf 89' lang='lat' dir='ltr'>in</span> <span class='ocrx_word' id='word_1_775' title='bbox 735 5487 943 5542; x_wconf 84' lang='lat' dir='ltr'><strong>vertice</strong></span> <span class='ocrx_word' id='word_1_776' title='bbox 995 5486 1197 5540; x_wconf 87' lang='lat' dir='ltr'><strong>montis</strong></span> <span class='ocrx_word' id='word_1_777' title='bbox 1250 5485 1568 5549; x_wconf 84' lang='lat' dir='ltr'><strong>invenisset,</strong></span> <span class='ocrx_word' id='word_1_778' title='bbox 1615 5482 1680 5537; x_wconf 87' lang='lat' dir='ltr'>ad</span> <span class='ocrx_word' id='word_1_779' title='bbox 1727 5500 1909 5553; x_wconf 82' lang='lat' dir='ltr'><strong>regem</strong></span> <span class='ocrx_word' id='word_1_780' title='bbox 1954 5483 2033 5535; x_wconf 75' lang='lat' dir='ltr'>ire</span> 
     </span>
    </p>
   </div>
   <div class='ocr_carea' id='block_1_96' title="bbox 459 5572 2035 5649">
    <p class='ocr_par' dir='ltr' id='par_1_96' title="bbox 459 5572 2035 5649">
     <span class='ocr_line' id='line_1_97' title="bbox 459 5572 2035 5649; baseline -0.004 -18"><span class='ocrx_word' id='word_1_781' title='bbox 459 5579 633 5649; x_wconf 87' lang='lat' dir='ltr'><strong>jubet.</strong></span> <span class='ocrx_word' id='word_1_782' title='bbox 664 5577 865 5632; x_wconf 82' lang='lat' dir='ltr'><strong>Verum</strong></span> <span class='ocrx_word' id='word_1_783' title='bbox 892 5576 956 5630; x_wconf 84' lang='lat' dir='ltr'>ad</span> <span class='ocrx_word' id='word_1_784' title='bbox 1006 5576 1138 5630; x_wconf 69' lang='lat' dir='ltr'><strong>Eliae</strong></span> <span class='ocrx_word' id='word_1_785' title='bbox 1172 5590 1364 5644; x_wconf 87' lang='lat' dir='ltr'><strong>preces</strong></span> <span class='ocrx_word' id='word_1_786' title='bbox 1398 5573 1539 5643; x_wconf 80' lang='lat' dir='ltr'><strong>ignis</strong></span> <span class='ocrx_word' id='word_1_787' title='bbox 1576 5573 1645 5627; x_wconf 91' lang='lat' dir='ltr'>de</span> <span class='ocrx_word' id='word_1_788' title='bbox 1681 5574 1821 5627; x_wconf 62' lang='lat' dir='ltr'><strong>caelo</strong></span> <span class='ocrx_word' id='word_1_789' title='bbox 1881 5572 2035 5627; x_wconf 83' lang='lat' dir='ltr'><strong>dela-</strong></span> 
     </span>
    </p>
   </div>
   <div class='ocr_carea' id='block_1_97' title="bbox 461 5664 2035 5741">
    <p class='ocr_par' dir='ltr' id='par_1_97' title="bbox 461 5664 2035 5741">
     <span class='ocr_line' id='line_1_98' title="bbox 461 5664 2035 5741; baseline -0.003 -19"><span class='ocrx_word' id='word_1_790' title='bbox 461 5686 593 5741; x_wconf 85' lang='lat' dir='ltr'><strong>psus</strong></span> <span class='ocrx_word' id='word_1_791' title='bbox 646 5671 798 5725; x_wconf 84' lang='lat' dir='ltr'><strong>illum</strong></span> <span class='ocrx_word' id='word_1_792' title='bbox 856 5686 981 5726; x_wconf 92' lang='lat' dir='ltr'>cum</span> <span class='ocrx_word' id='word_1_793' title='bbox 1043 5672 1159 5723; x_wconf 88' lang='lat' dir='ltr'><strong>suis</strong></span> <span class='ocrx_word' id='word_1_794' title='bbox 1202 5667 1462 5723; x_wconf 87' lang='lat' dir='ltr'><strong>omnibus</strong></span> <span class='ocrx_word' id='word_1_795' title='bbox 1510 5665 1871 5736; x_wconf 86' lang='lat' dir='ltr'><strong>consumpsit.</strong></span> <span class='ocrx_word' id='word_1_796' title='bbox 1924 5664 2035 5719; x_wconf 77' lang='lat' dir='ltr'><strong>Alii</strong></span> 
     </span>
    </p>
   </div>
   <div class='ocr_carea' id='block_1_98' title="bbox 462 5759 2032 5835">
    <p class='ocr_par' dir='ltr' id='par_1_98' title="bbox 462 5759 2032 5835">
     <span class='ocr_line' id='line_1_99' title="bbox 462 5759 2032 5835; baseline -0.007 -15"><span class='ocrx_word' id='word_1_797' title='bbox 462 5778 626 5832; x_wconf 85' lang='lat' dir='ltr'><strong>porro</strong></span> <span class='ocrx_word' id='word_1_798' title='bbox 658 5765 885 5819; x_wconf 89' lang='lat' dir='ltr'><strong>totidem</strong></span> <span class='ocrx_word' id='word_1_799' title='bbox 925 5781 954 5818; x_wconf 91' lang='lat' dir='ltr'>a</span> <span class='ocrx_word' id='word_1_800' title='bbox 989 5779 1116 5835; x_wconf 89' lang='lat' dir='ltr'><strong>rege</strong></span> <span class='ocrx_word' id='word_1_801' title='bbox 1164 5762 1315 5818; x_wconf 87' lang='lat' dir='ltr'><strong>missi</strong></span> <span class='ocrx_word' id='word_1_802' title='bbox 1352 5760 1469 5832; x_wconf 90' lang='lat' dir='ltr'><strong>pari</strong></span> <span class='ocrx_word' id='word_1_803' title='bbox 1503 5761 1676 5816; x_wconf 84' lang='lat' dir='ltr'><strong>exitio</strong></span> <span class='ocrx_word' id='word_1_804' title='bbox 1727 5759 2032 5830; x_wconf 81' lang='lat' dir='ltr'><strong>perierunt.</strong></span> 
     </span>
    </p>
   </div>
   <div class='ocr_carea' id='block_1_99' title="bbox 464 5853 2029 5930">
    <p class='ocr_par' dir='ltr' id='par_1_99' title="bbox 464 5853 2029 5930">
     <span class='ocr_line' id='line_1_100' title="bbox 464 5853 2029 5930; baseline -0.004 -18"><span class='ocrx_word' id='word_1_805' title='bbox 464 5857 685 5915; x_wconf 84' lang='lat' dir='ltr'><strong>Tertius</strong></span> <span class='ocrx_word' id='word_1_806' title='bbox 740 5858 1020 5930; x_wconf 86' lang='lat' dir='ltr'><strong>ablegatus</strong></span> <span class='ocrx_word' id='word_1_807' title='bbox 1077 5856 1329 5914; x_wconf 86' lang='lat' dir='ltr'><strong>centurio</strong></span> <span class='ocrx_word' id='word_1_808' title='bbox 1384 5873 1508 5914; x_wconf 90' lang='lat' dir='ltr'>cum</span> <span class='ocrx_word' id='word_1_809' title='bbox 1570 5856 1687 5914; x_wconf 90' lang='lat' dir='ltr'><strong>suis</strong></span> <span class='ocrx_word' id='word_1_810' title='bbox 1739 5853 2029 5918; x_wconf 83' lang='lat' dir='ltr'><strong>militibus,</strong></span> 
     </span>
    </p>
   </div>
   <div class='ocr_carea' id='block_1_100' title="bbox 2139 5021 3703 5102">
    <p class='ocr_par' dir='ltr' id='par_1_100' title="bbox 2139 5021 3703 5102">
     <span class='ocr_line' id='line_1_101' title="bbox 2139 5021 3703 5102; baseline 0.004 -30"><span class='ocrx_word' id='word_1_811' title='bbox 2139 5039 2192 5072; x_wconf 91' lang='grc' dir='ltr'>τι</span> <span class='ocrx_word' id='word_1_812' title='bbox 2229 5022 2363 5090; x_wconf 67' lang='grc' dir='ltr'>πρὸς</span> <span class='ocrx_word' id='word_1_813' title='bbox 2389 5021 2476 5074; x_wconf 69' lang='grc' dir='ltr'>τὸν</span> <span class='ocrx_word' id='word_1_814' title='bbox 2504 5023 2609 5073; x_wconf 85' lang='grc' dir='ltr'>τῶν</span> <span class='ocrx_word' id='word_1_815' title='bbox 2639 5021 2951 5090; x_wconf 74' lang='grc' dir='ltr'>ἀλλοφύλων</span> <span class='ocrx_word' id='word_1_816' title='bbox 2995 5026 3138 5088; x_wconf 71' lang='grc' dir='ltr'>θεὸν,</span> <span class='ocrx_word' id='word_1_817' title='bbox 3168 5028 3243 5091; x_wconf 81' lang='grc' dir='ltr'>ὡς</span> <span class='ocrx_word' id='word_1_818' title='bbox 3273 5028 3349 5099; x_wconf 82' lang='grc' dir='ltr'>τῷ</span> <span class='ocrx_word' id='word_1_819' title='bbox 3383 5030 3596 5102; x_wconf 72' lang='grc' dir='ltr'>Ἰσραὴλ</span> <span class='ocrx_word' id='word_1_820' title='bbox 3636 5027 3703 5097; x_wconf 76' lang='grc' dir='ltr'>μὴ</span> 
     </span>
    </p>
   </div>
   <div class='ocr_carea' id='block_1_101' title="bbox 2140 5116 3697 5199">
    <p class='ocr_par' dir='ltr' id='par_1_101' title="bbox 2140 5116 3697 5191">
     <span class='ocr_line' id='line_1_102' title="bbox 2140 5116 3697 5191; baseline 0.001 -22"><span class='ocrx_word' id='word_1_821' title='bbox 2140 5118 2293 5179; x_wconf 78' lang='grc' dir='ltr'>ὄντος</span> <span class='ocrx_word' id='word_1_822' title='bbox 2343 5116 2502 5177; x_wconf 78' lang='grc' dir='ltr'>θεοῦ,</span> <span class='ocrx_word' id='word_1_823' title='bbox 2556 5118 2638 5169; x_wconf 83' lang='grc' dir='ltr'>ὅτι</span> <span class='ocrx_word' id='word_1_824' title='bbox 2684 5119 2747 5170; x_wconf 78' lang='grc' dir='ltr'>ἐκ</span> <span class='ocrx_word' id='word_1_825' title='bbox 2794 5119 2890 5186; x_wconf 76' lang='grc' dir='ltr'>τῆς</span> <span class='ocrx_word' id='word_1_826' title='bbox 2945 5120 3131 5190; x_wconf 83' lang='grc' dir='ltr'>κλίνης</span> <span class='ocrx_word' id='word_1_827' title='bbox 3179 5123 3279 5175; x_wconf 85' lang='grc' dir='ltr'>οὐκ</span> <span class='ocrx_word' id='word_1_828' title='bbox 3330 5125 3697 5191; x_wconf 78' lang='grc' dir='ltr'>ἀναστήσεται.</span> 
     </span>
    </p>
   </div>
   <div class='ocr_carea' id='block_1_102' title="bbox 2141 5209 3697 5287">
    <p class='ocr_par' dir='ltr' id='par_1_102' title="bbox 2141 5209 3697 5287">
     <span class='ocr_line' id='line_1_103' title="bbox 2141 5209 3697 5287; baseline 0.001 -27"><span class='ocrx_word' id='word_1_829' title='bbox 2141 5211 2253 5262; x_wconf 73' lang='grc' dir='ltr'>Καὶ</span> <span class='ocrx_word' id='word_1_830' title='bbox 2311 5211 2359 5263; x_wconf 80' lang='grc' dir='ltr'>οἱ</span> <span class='ocrx_word' id='word_1_831' title='bbox 2418 5209 2633 5280; x_wconf 78' lang='grc' dir='ltr'>ἄνδρες,</span> <span class='ocrx_word' id='word_1_832' title='bbox 2672 5210 3098 5276; x_wconf 84' lang='grc' dir='ltr'>ἐπανελθόντες,</span> <span class='ocrx_word' id='word_1_833' title='bbox 3161 5210 3313 5268; x_wconf 80' lang='grc' dir='ltr'>εἶπον</span> <span class='ocrx_word' id='word_1_834' title='bbox 3363 5216 3399 5269; x_wconf 80' lang='grc' dir='ltr'><em>ἃ.</em></span> <span class='ocrx_word' id='word_1_835' title='bbox 3451 5218 3697 5287; x_wconf 72' lang='grc' dir='ltr'>ἥκουσαν.</span> 
     </span>
    </p>
   </div>
   <div class='ocr_carea' id='block_1_103' title="bbox 2154 5302 3695 5377">
    <p class='ocr_par' dir='ltr' id='par_1_103' title="bbox 2154 5302 3695 5377">
     <span class='ocr_line' id='line_1_104' title="bbox 2154 5302 3695 5377; baseline 0.001 -23"><span class='ocrx_word' id='word_1_836' title='bbox 2154 5302 2402 5372; x_wconf 71' lang='grc' dir='ltr'>Ὀχοζίας</span> <span class='ocrx_word' id='word_1_837' title='bbox 2460 5302 2541 5364; x_wconf 83' lang='grc' dir='ltr'>δὲ,</span> <span class='ocrx_word' id='word_1_838' title='bbox 2600 5302 2684 5365; x_wconf 86' lang='grc' dir='ltr'>τίς</span> <span class='ocrx_word' id='word_1_839' title='bbox 2741 5304 2769 5355; x_wconf 87' lang='grc' dir='ltr'>ὁ</span> <span class='ocrx_word' id='word_1_840' title='bbox 2819 5302 2994 5357; x_wconf 80' lang='grc' dir='ltr'>ταῦτα</span> <span class='ocrx_word' id='word_1_841' title='bbox 3050 5306 3288 5376; x_wconf 84' lang='grc' dir='ltr'>εἰρηκὼς</span> <span class='ocrx_word' id='word_1_842' title='bbox 3338 5307 3445 5376; x_wconf 79' lang='grc' dir='ltr'>εἴη,</span> <span class='ocrx_word' id='word_1_843' title='bbox 3500 5305 3695 5377; x_wconf 77' lang='grc' dir='ltr'>ἠρώτα.</span> 
     </span>
    </p>
   </div>
   <div class='ocr_carea' id='block_1_104' title="bbox 2143 5393 3698 5464">
    <p class='ocr_par' dir='ltr' id='par_1_104' title="bbox 2143 5393 3698 5464">
     <span class='ocr_line' id='line_1_105' title="bbox 2143 5393 3698 5464; baseline 0.006 -17"><span class='ocrx_word' id='word_1_844' title='bbox 2143 5395 2265 5447; x_wconf 83' lang='grc' dir='ltr'>Τῶν</span> <span class='ocrx_word' id='word_1_845' title='bbox 2292 5395 2347 5446; x_wconf 81' lang='grc' dir='ltr'>δὲ</span> <span class='ocrx_word' id='word_1_846' title='bbox 2508 5393 2708 5447; x_wconf 79' lang='grc' dir='ltr'>εἰδέναι</span> <span class='ocrx_word' id='word_1_847' title='bbox 2763 5396 3075 5464; x_wconf 80' lang='grc' dir='ltr'>φησάντων,</span> <span class='ocrx_word' id='word_1_848' title='bbox 3126 5398 3186 5449; x_wconf 83' lang='grc' dir='ltr'>τὸ</span> <span class='ocrx_word' id='word_1_849' title='bbox 3231 5394 3369 5461; x_wconf 69' lang='grc' dir='ltr'>εἶδος</span> <span class='ocrx_word' id='word_1_850' title='bbox 3404 5400 3497 5453; x_wconf 80' lang='grc' dir='ltr'>τοῦ</span> <span class='ocrx_word' id='word_1_851' title='bbox 3524 5396 3698 5464; x_wconf 70' lang='grc' dir='ltr'>ἀνδρδς</span> 
     </span>
    </p>
   </div>
   <div class='ocr_carea' id='block_1_105' title="bbox 2142 5485 3697 5557">
    <p class='ocr_par' dir='ltr' id='par_1_105' title="bbox 2142 5485 3697 5557">
     <span class='ocr_line' id='line_1_106' title="bbox 2142 5485 3697 5557; baseline -0.002 -18"><span class='ocrx_word' id='word_1_852' title='bbox 2142 5486 2353 5540; x_wconf 81' lang='grc' dir='ltr'>ἐκείνου</span> <span class='ocrx_word' id='word_1_853' title='bbox 2389 5487 2571 5554; x_wconf 81' lang='grc' dir='ltr'>λέγειν</span> <span class='ocrx_word' id='word_1_854' title='bbox 2625 5485 2826 5557; x_wconf 81' lang='grc' dir='ltr'>ἀπῄτει</span> <span class='ocrx_word' id='word_1_855' title='bbox 2876 5488 3092 5552; x_wconf 76' lang='grc' dir='ltr'>αὐτούς.</span> <span class='ocrx_word' id='word_1_856' title='bbox 3152 5489 3426 5544; x_wconf 81' lang='grc' dir='ltr'>Είπόντων</span> <span class='ocrx_word' id='word_1_857' title='bbox 3461 5492 3514 5544; x_wconf 80' lang='grc' dir='ltr'>δὲ</span> <span class='ocrx_word' id='word_1_858' title='bbox 3545 5487 3697 5542; x_wconf 72' lang='grc' dir='ltr'>δασὺν</span> 
     </span>
    </p>
   </div>
   <div class='ocr_carea' id='block_1_106' title="bbox 2142 5574 3696 5651">
    <p class='ocr_par' dir='ltr' id='par_1_106' title="bbox 2142 5574 3696 5651">
     <span class='ocr_line' id='line_1_107' title="bbox 2142 5574 3696 5651; baseline -0.001 -21"><span class='ocrx_word' id='word_1_859' title='bbox 2142 5574 2305 5638; x_wconf 76' lang='grc' dir='ltr'>εἶναι,</span> <span class='ocrx_word' id='word_1_860' title='bbox 2342 5579 2435 5630; x_wconf 70' lang='grc' dir='ltr'>καὶ</span> <span class='ocrx_word' id='word_1_861' title='bbox 2476 5578 2655 5645; x_wconf 77' lang='grc' dir='ltr'>ζώνην</span> <span class='ocrx_word' id='word_1_862' title='bbox 2681 5578 3014 5647; x_wconf 82' lang='grc' dir='ltr'>δερματίνην</span> <span class='ocrx_word' id='word_1_863' title='bbox 3058 5580 3446 5651; x_wconf 78' lang='grc' dir='ltr'>περιεζῶσθαι,</span> <span class='ocrx_word' id='word_1_864' title='bbox 3485 5580 3696 5647; x_wconf 74' lang='grc' dir='ltr'>συνῆκεν</span> 
     </span>
    </p>
   </div>
   <div class='ocr_carea' id='block_1_107' title="bbox 2141 5666 3691 5742">
    <p class='ocr_par' dir='ltr' id='par_1_107' title="bbox 2141 5666 3691 5742">
     <span class='ocr_line' id='line_1_108' title="bbox 2141 5666 3691 5742; baseline -0.002 -20"><span class='ocrx_word' id='word_1_865' title='bbox 2141 5671 2217 5733; x_wconf 84' lang='grc' dir='ltr'>ὼς</span> <span class='ocrx_word' id='word_1_866' title='bbox 2246 5670 2433 5732; x_wconf 83' lang='grc' dir='ltr'>Ίιλίας</span> <span class='ocrx_word' id='word_1_867' title='bbox 2459 5666 2546 5738; x_wconf 80' lang='grc' dir='ltr'>ἦν.</span> <span class='ocrx_word' id='word_1_868' title='bbox 2587 5670 2693 5721; x_wconf 69' lang='grc' dir='ltr'>Καὶ</span> <span class='ocrx_word' id='word_1_869' title='bbox 2721 5669 2942 5739; x_wconf 73' lang='grc' dir='ltr'>πέμψας</span> <span class='ocrx_word' id='word_1_870' title='bbox 2975 5673 3444 5742; x_wconf 81' lang='grc' dir='ltr'>πεντηκόνταρχον</span> <span class='ocrx_word' id='word_1_871' title='bbox 3476 5675 3567 5727; x_wconf 80' lang='grc' dir='ltr'>σὺν</span> <span class='ocrx_word' id='word_1_872' title='bbox 3595 5670 3691 5728; x_wconf 83' lang='grc' dir='ltr'>τοῖς</span> 
     </span>
    </p>
   </div>
   <div class='ocr_carea' id='block_1_108' title="bbox 2142 5759 3690 5833">
    <p class='ocr_par' dir='ltr' id='par_1_108' title="bbox 2142 5759 3690 5833">
     <span class='ocr_line' id='line_1_109' title="bbox 2142 5759 3690 5833; baseline 0 -20"><span class='ocrx_word' id='word_1_873' title='bbox 2142 5762 2235 5815; x_wconf 78' lang='grc' dir='ltr'>ὑπ’</span> <span class='ocrx_word' id='word_1_874' title='bbox 2271 5762 2456 5823; x_wconf 78' lang='grc' dir='ltr'>αὐτὸν,</span> <span class='ocrx_word' id='word_1_875' title='bbox 2514 5762 2745 5830; x_wconf 73' lang='grc' dir='ltr'>ἀχθῆναι</span> <span class='ocrx_word' id='word_1_876' title='bbox 2807 5761 2899 5813; x_wconf 68' lang='grc' dir='ltr'>τὸν</span> <span class='ocrx_word' id='word_1_877' title='bbox 2956 5763 3243 5833; x_wconf 80' lang='grc' dir='ltr'>προφήτην</span> <span class='ocrx_word' id='word_1_878' title='bbox 3297 5765 3563 5817; x_wconf 74' lang='grc' dir='ltr'>ἐκέλευσε.</span> <span class='ocrx_word' id='word_1_879' title='bbox 3597 5759 3690 5813; x_wconf 72' lang='grc' dir='ltr'>Καὶ</span> 
     </span>
    </p>
   </div>
   <div class='ocr_carea' id='block_1_109' title="bbox 2141 5853 3685 5930">
    <p class='ocr_par' dir='ltr' id='par_1_109' title="bbox 2141 5853 3685 5930">
     <span class='ocr_line' id='line_1_110' title="bbox 2141 5853 3685 5930; baseline -0.003 -22"><span class='ocrx_word' id='word_1_880' title='bbox 2141 5856 2168 5908; x_wconf 87' lang='lat'>6</span> <span class='ocrx_word' id='word_1_881' title='bbox 2212 5853 2420 5917; x_wconf 74' lang='grc' dir='ltr'>σταλεὶς</span> <span class='ocrx_word' id='word_1_882' title='bbox 2455 5854 2546 5907; x_wconf 70' lang='grc' dir='ltr'>ἐπὶ</span> <span class='ocrx_word' id='word_1_883' title='bbox 2578 5855 2672 5924; x_wconf 67' lang='grc' dir='ltr'>τῆς</span> <span class='ocrx_word' id='word_1_884' title='bbox 2719 5853 2962 5923; x_wconf 67' lang='grc' dir='ltr'>κορυφῆς</span> <span class='ocrx_word' id='word_1_885' title='bbox 3000 5855 3088 5908; x_wconf 78' lang='grc' dir='ltr'>τοῦ</span> <span class='ocrx_word' id='word_1_886' title='bbox 3121 5855 3298 5927; x_wconf 75' lang='grc' dir='ltr'>ὅρους,</span> <span class='ocrx_word' id='word_1_887' title='bbox 3322 5858 3492 5930; x_wconf 75' lang='grc' dir='ltr'>εὑρὼν</span> <span class='ocrx_word' id='word_1_888' title='bbox 3526 5853 3685 5913; x_wconf 55' lang='grc' dir='ltr'>αὐτὼ,</span> 
     </span>
    </p>
   </div>
  </div>
