3910 6612
266 406 347 471 189
1480 434 1485 437 ι
1533 405 1945 468 ANNALIUM
1988 409 2140 469 LIB.
2187 409 2266 472 II.

3387 422 3487 489 190

256 511 390 577 ἥκειν
437 517 658 572 ἐκέλευε
720 522 856 592 πρὸς,
909 521 1001 576 τδν
1064 522 1306 594 βασιλέα.
1372 521 1686 591 Εὑξαμένου
1739 518 1794 573 δὲ

1899 531 2025 573 cum
2070 520 2139 575 ad
2184 523 2505 594 prophetam
2563 531 2825 594 venisset,
2882 533 3196 600 procubuit.
3251 549 3486 603 eumque

253 613 436 677 Ἠλίου,
459 612 594 683 πῦρ,
628 614 926 684 οὐρανόθεν
965 617 1114 687 ῥυὲν,
1143 615 1417 687 διέφθειρε
1459 616 1550 669 τὸν
1604 633 1800 686 πεντη-

250 704 522 775 κόνταρχον
548 705 647 757 καὶ
676 706 803 768 τοὺς
830 706 926 759 σὺν
956 707 1125 775 αὐτῷ.
1150 707 1260 760 Καὶ
1283 709 1311 761 ὁ
1340 706 1591 777 βασιλεὺς
1614 706 1699 759 ἒτε
1710 721 1801 776 ρον

248 798 437 852 ἔστειλε
500 799 977 872 πεντηκόνταρχον
1043 802 1183 871 μετὰ
1250 802 1359 854 τῶν
1416 801 1758 871 πεντήκοντα
1781 813 1798 829 ·

246 894 515 957 κάκείνους
575 895 784 964 ὁμοίως
835 895 954 965 ’πῦρ
986 896 1239 964 οὐράνιον
1303 896 1634 957 ἐδαπάνησε.
1690 893 1803 946 Καὶ⁹

245 983 393 1050 αὖθις
410 987 588 1056 τρίτος
610 988 871 1060 ἐπέμφθη
899 988 1193 1059 ταξίαρχος
1220 989 1319 1042 σὺν
1348 991 1463 1051 τοῖς
1495 986 1587 1041 ὑπ’
1612 986 1800 1042 αὐτόν.

255 1082 368 1141 Ὃς,
396 1080 484 1132 ἐπὶ
510 1079 604 1132 τὸν
635 1083 930 1151 προφήτην
956 1080 1148 1146 ἐλθὼν,
1174 1080 1358 1135 πεσὼν
1401 1079 1800 1152 προσεκύνησε,

242 1170 331 1222 καὶ
360 1172 653 1240 παρῃτεῖτο
688 1169 788 1241 τήν
822 1169 881 1235 ἐξ
920 1170 1086 1225 αὐτοῦ
1125 1171 1419 1241 τιμωρίαν,
1453 1171 1626 1239 λέγων
1655 1171 1803 1224 ἄκων

237 1264 385 1335 ήκειν
418 1262 683 1334 βασιλικῷ
730 1265 1095 1335 πεπεισμένος
1131 1264 1484 1335 κελεύσματι,
1532 1267 1626 1319 καὶ
1658 1282 1799 1337 παρ·

235 1357 411 1409 εκάλει
440 1356 602 1408 αὐτὸν
630 1356 887 1410 ἀπελθεῖν
916 1358 1053 1427 πρὸς
1086 1357 1179 1410 τὸν
1242 1357 1485 1429 βασιλέα.
1512 1359 1695 1412 Ἡλίου
1722 1357 1800 1425 δέ,

233 1448 453 1516 ἀγγέλου
485 1449 637 1519 αὐτῷ
682 1451 1017 1520 πορευθῆναι
1067 1451 1336 1515 εἰπόντος,
1389 1451 1486 1505 καὶ
1519 1452 1594 1523 μὴ
1622 1454 1808 1525 προεῖ-

238 1541 379 1606 σθαι,
435 1542 706 1611 κατῆλθεν
759 1544 823 1596 ἐκ
869 1542 962 1596 τοῦ
1016 1543 1200 1613 ὅρους,
1259 1546 1353 1598 καὶ
1404 1544 1677 1608 ἀπελθὼν,
1728 1543 1806 1614 τῷ

235 1631 440 1702 βασιλεῖ
468 1632 573 1702 ἔφη
603 1649 619 1665 ο
669 1634 830 1688 Ἐπεὶ
873 1636 1025 1701 πρὸς
1062 1634 1389 1704 ἀλλότριον
1425 1634 1565 1689 θεὸν
1607 1633 1804 1687 ἔστει-

232 1727 364 1790 λας,
394 1721 587 1790 ζητῶν
613 1728 667 1779 ει
704 1725 927 1795 ζήσεις,
978 1727 1108 1783 ἴσθι
1136 1726 1217 1794 die
1246 1729 1358 1782 οὐκ
1387 1728 1708 1796 ἀναστήσῃ
1737 1728 1807 1783 ἐκ

232 1817 338 1883 τῆς
357 1819 572 1880 νόσου,
598 1819 763 1873 ἀλλὰ
792 1820 1076 1893 τεθνήξῃ.
1113 1819 1411 1876 Ἀπέθανεν
1440 1816 1534 1876 οὖν
1555 1821 1807 1889 Ὀχοζίας

232 1911 363 1964 κατὰ
417 1910 519 1980 τὴν
571 1910 666 1964 τοῦ
726 1915 1011 1983 προφήτου
1066 1914 1393 1984 πρόρρησιν,
1461 1913 1535 1984 τῷ
1589 1913 1805 1983 ἁδελφῷ

241 2001 441 2073 Ἰωρὰμ
458 2002 560 2072 τὴν
594 2003 875 2073 βασιλείαν
903 2004 1242 2073 καταλιπὼν,
1270 2006 1326 2069 ὃς
1349 2009 1447 2070 τὰς
1475 2007 1574 2079 μέν
1601 2008 1804 2079 στήλας

228 2093 315 2147 τοῦ
349 2094 520 2158 Βάαλ,
560 2093 629 2157 ἃς
667 2094 898 2167 ἔστησεν
948 2098 1154 2168 Ἀχαὰϐ
1201 2101 1230 2152 ὁ
1262 2100 1442 2171 πατὴρ
1474 2099 1641 2155 αὑτοῦ
1674 2118 1802 2154 συν-

230 2186 414 2256 έτριψε
436 2204 451 2218 υ
487 2187 662 2241 τᾶλλα
694 2187 750 2241 δὲ
785 2188 991 2257 ἀσεὸὴς
1017 2190 1115 2241 καὶ
1148 2192 1383 2262 πονηρὸς
1410 2187 1498 2263 ἦν,
1550 2194 1643 2245 καὶ
1689 2195 1801 2256 τοῖς

227 2278 439 2347 γονεῦσι
464 2281 825 2349 προσεοικώς.
848 2281 1028 2335 Ἥλέου
1063 2282 1120 2336 δὲ
1158 2283 1639 2354 ἀναλαμϐάνεσθαι
1669 2285 1800 2355 μέλ-

226 2372 343 2437 λων,
392 2372 666 2446 ἐπορεύθη
703 2375 841 2442 μετὰ
896 2374 1191 2432 Ἐλισσαιέ.
1230 2374 1343 2432 Καὶ
1387 2377 1556 2432 ἐλθὼν
1592 2380 1673 2443 είς
1705 2379 1799 2432 τὸν

237 2464 528 2536 Ἰορδάνην,
560 2470 628 2536 τῇ
679 2468 903 2540 μηλωτῇ
935 2469 1099 2522 αὐτοῦ
1123 2469 1184 2523 τὸ
1219 2468 1364 2541 ὕδωρ
1397 2469 1659 2537 ἐπάταξε,
1704 2473 1798 2527 καὶ

226 2558 449 2629 διῃρέθη
485 2560 546 2613 τὸ
587 2559 754 2631 ὕδωρ,
817 2562 915 2616 καὶ
976 2562 1193 2633 διῆλθον
1254 2564 1424 2633 ἄμφω
1478 2566 1568 2618 ἐπὶ
1600 2566 1793 2638 ξηρᾶς.

229 2648 377 2715 Εἶτα,
408 2651 684 2720 Αιτησαι,
717 2649 838 2706 εῐπε
862 2653 941 2724 τῷ
968 2652 1261 2720 Ἐλισσαιέ,
1289 2655 1348 2708 τί
1384 2656 1622 2724 ποιήσω
1651 2672 1748 2712 σοι
1773 2675 1793 2724 ;

238 2742 293 2795 Ὀ
347 2743 408 2798 δὲ
450 2743 646 2816 διπλῆν
676 2744 777 2814 τήν
823 2745 882 2799 ἐν
936 2745 1084 2816 αὐτῷ
1120 2746 1215 2800 τοῦ
1275 2748 1585 2816 πνευματος
1634 2750 1794 2822 χάριν

226 2835 475 2900 γενέσθαι
500 2834 704 2905 ᾔτησεν
730 2835 816 2888 ἐπ’
846 2836 1030 2889 αὐτόν.
1059 2836 1249 2899 Ἠλίας
1278 2836 1333 2889 δὲ
1366 2838 1626 2907 φορτικὸν
1651 2833 1792 2893 εἶναι

227 2922 337 2981 εἷπε
360 2927 423 2979 τὸ
444 2926 680 2998 αἴτημα,
725 2927 899 2995 Πλὴν
944 2929 996 2981 ει
1033 2928 1168 2997 ὄψει
1194 2929 1790 2998 ἀντιλαμϐανόμενον,

229 3020 544 3089 γενήσεταί
589 3035 708 3073 σοι.
749 3018 871 3071 Ἔτι
915 3019 970 3073 δέ
1019 3018 1327 3074 λαλούντων
1380 3019 1582 3085 αὐτῶν,
1634 3019 1790 3092 ἅρμα

228 3113 467 3180 ἔμπυρον
501 3112 597 3164 σὺν
624 3110 809 3172 ἵπποις
835 3111 1041 3180 ὁμοίως
1069 3111 1296 3196 ἐπέστη,
1337 3112 1430 3163 καὶ
1453 3111 1671 3182 ἥρπασε
1697 3112 1788 3166 τὸν

1899 610 2178 678 adoravit,
2223 629 2439 683 ptenam
2499 616 2848 687 deprecatus,
2894 622 3040 690 quod
3095 622 3300 679 invitus
3334 626 3481 679 venio

1901 710 2011 767 ret,
2054 706 2212 776 jussu
2243 709 2386 778 regis
2412 722 2658 778 coactus,
2707 724 2764 769 et
2791 715 2971 769 oravit
3002 723 3060 769 ut
3098 715 3214 785 ipse
3244 718 3310 770 ad
3351 734 3480 772 eum

1903 792 2137 848 veniret.
2167 795 2319 852 Elias
2344 798 2414 853 ab
2460 801 2676 870 angelo,
2735 810 2922 856 amoto
2953 814 3125 867 metu,
3166 804 3245 860 ire
3273 806 3486 873 jussus,

1905 884 1975 940 de
2008 898 2195 943 monte
2227 890 2536 959 descendit,
2581 903 2638 949 et
2667 897 2777 966 regi
2802 896 2913 954 ait:
2954 896 3224 964 Quoniam
3254 902 3324 953 ad
3352 901 3484 954 alie-

1904 996 2032 1033 num
2077 980 2231 1036 deum
2275 985 2500 1049 ηιίεἰειί,
2555 1003 2797 1057 quwrens
2844 1006 2972 1043 nam
3019 1007 3272 1047 evasurus
3321 1008 3480 1057 esses,

1903 1074 2034 1129 scito
2073 1083 2123 1128 te
2155 1076 2218 1129 de
2248 1078 2426 1133 morbo
2469 1096 2572 1133 non
2609 1092 2997 1148 surrecturum,
3024 1084 3116 1138 sed
3147 1085 3291 1139 brevi
3318 1088 3453 1141 mori
3465 1115 3480 1128 -

1898 1178 2101 1224 turum.
2134 1168 2282 1226 Obiit
2328 1172 2494 1243 igitur
2523 1173 2788 1230 chozias
2829 1176 3133 1232 secundum
3175 1178 3307 1232 Elii,-
3343 1194 3482 1247 prie-

1903 1260 2229 1326 dictionem.
2254 1263 2476 1321 Joramo
2502 1265 2658 1321 fratri
2687 1283 2857 1338 regno
2886 1268 3102 1333 relicto,
3139 1270 3230 1339 qui
3271 1277 3482 1323 statuas

1903 1354 2083 1410 Baalis
2105 1371 2135 1410 a
2173 1366 2333 1425 patre
2359 1357 2581 1413 Achabo
2608 1370 2820 1415 erectas
2845 1361 3195 1425 comminuit,
3234 1362 3323 1416 ille
3359 1363 3482 1430 qni-

1903 1447 2030 1504 dem
2066 1458 2264 1505 caetera
2303 1450 2508 1519 impius
2535 1459 2591 1505 et
2629 1451 2938 1521 improbus.
2980 1462 3145 1522 atque
3192 1463 3477 1523 parentum

1903 1542 2122 1598 similis.
2172 1543 2344 1608 Elias,
2368 1544 2422 1599 in
2467 1545 2668 1600 caelum
2710 1546 3095 1611 assumendus,
3129 1560 3252 1602 cum
3285 1547 3478 1601 Elisreo

1902 1636 2190 1708 profectus
2238 1637 2307 1692 ad
2350 1638 2671 1700 Iordanem.
2716 1640 2917 1696 vellere
2969 1655 3163 1710 aquam
3192 1641 3474 1711 percutit:

1906 1744 1968 1785 ea
1991 1745 2248 1800 percussa
2283 1731 2582 1796 dirimitur,
2638 1741 2697 1788 ut
2727 1733 2890 1788 ambo
2932 1749 3032 1802 per
3060 1732 3268 1788 siccum
3296 1742 3477 1787 trans-

1908 1820 2074 1878 irent.
2103 1823 2308 1879 Deinde
2357 1824 2612 1880 Eliszeum
2641 1834 2831 1896 petere
2853 1826 3034 1896 jubet,
3067 1826 3201 1897 quid
3228 1825 3332 1881 sibi
3360 1826 3475 1880 ﬁeri

1903 1916 2087 1971 vellet.
2125 1916 2264 1971 Tum
2301 1917 2433 1973 ille:
2480 1918 2546 1974 Ut
2583 1921 2760 1989 gratia
2797 1921 3037 1989 spiritus,
3080 1922 3173 1990 qui
3206 1922 3337 1975 inte
3378 1933 3475 1985 est,

1903 2006 1960 2059 in
2004 2021 2085 2060 me
2135 2006 2551 2078 εοιιάυρίὶοεταν.
2601 2007 2765 2073 Elius,
2798 2010 2921 2065 .etsi
2972 2018 3160 2064 votum
3203 2009 3258 2064 id
3311 2023 3476 2079 grave

1901 2110 2023 2151 esse
2057 2095 2308 2152 diceret:
2350 2106 2559 2161 tarnen.
2588 2097 2647 2153 Si
2679 2115 2759 2152 me
2797 2101 2856 2153 in
2886 2098 3073 2155 emtum
3105 2101 3306 2154 assumi
3332 2098 3476 2153 uide-

1902 2189 1997 2251 ris,
2030 2204 2260 2259 compos,
2297 2189 2495 2259 inquit.
2528 2207 2644 2259 qus
2684 2188 2799 2257 ﬁes.
2829 2190 2967 2245 Dum
3006 2190 3122 2244 haec
3150 2190 3471 2259 loquuntur,

1900 2292 2098 2334 currus
2128 2279 2319 2349 lgneus
2367 2292 2492 2335 cum
2542 2280 2821 2336 similibus
2856 2279 3014 2349 equis
3043 2280 3215 2334 Eliam
3244 2279 3471 2347 abripit.

1899 2370 2037 2425 Dum
2064 2385 2286 2426 sursum
2324 2371 2582 2439 ferretur,
2613 2372 2793 2427 vellus
2834 2386 2992 2427 suum
3020 2372 3216 2427 Eliszeo
3254 2371 3471 2441 injicit:

1897 2478 2010 2533 quo
2035 2464 2123 2520 ille
2143 2474 2391 2535 accepto,
2423 2465 2598 2520 Eliam
2626 2464 2819 2520 videre.
2854 2463 3039 2528 desiit,
3084 2478 3149 2518 ac
3179 2464 3245 2517 ad
3275 2462 3470 2518 Jordao

1897 2569 2024 2610 nem
2058 2570 2353 2621 reversus,
2377 2556 2683 2626 periculum
2724 2556 2854 2611 facit
2884 2557 3068 2626 petitae
3104 2554 3174 2610 ab
3204 2554 3322 2610 Elia
3351 2570 3463 2624 gra-

1898 2645 2008 2710 tiae,
2033 2660 2174 2716 aqua
2204 2645 2723 2702 vellereverberata
2750 2663 2765 2699 :
2805 2662 2927 2715 qua:
2956 2660 3081 2701 cum
3117 2660 3225 2700 non
3253 2644 3469 2699 divide-

1895 2743 2089 2790 retur:
2135 2735 2231 2792 Ι]ὸὶ
2269 2745 2367 2800 est,
2400 2736 2597 2806 inquit,
2648 2736 2784 2791 Elite
2816 2735 3004 2791 Deus?
3042 2735 3148 2791 Sed
3191 2752 3317 2791 cum
3356 2735 3465 2806 9'7

1893 2828 2078 2883 denuo
2114 2830 2494 2898 percussisset,
2520 2829 2697 2886 divisa
2736 2846 2899 2899 aqua,
2933 2829 3169 2885 transiit.
3209 2830 3288 2885 Eo
3324 2829 3466 2891 viso,

1892 2921 2288 2992 quinquaginta
2336 2922 2434 2977 lilii
2499 2923 2894 2995 prophetarum
2951 2922 3211 2977 dixerunt
3262 2940 3275 2976 :
3336 2920 3471 2977 Elite

1890 3014 2109 3078 spiritus
2154 3016 2210 3069 in
2263 3015 2456 3070 Είίεωο
2506 3017 2760 3071 consedit.
2810 3016 3060 3085 Eumque
3106 3012 3282 3069 secuti
3310 3020 3463 3075 sunt.

1890 3106 2173 3176 quaesituri
2205 3123 2337 3161 num
2372 3107 2600 3177 spiritus
2627 3108 2843 3163 Domini
2878 3107 3045 3161 Eliam
3095 3105 3374 3161 sublatum
3408 3103 3466 3158 in

237 3203 439 3257 Ἠλίαν.
471 3202 905 3273 Ἀναφερόμενος
954 3201 1031 3266 δὲ,
1058 3203 1156 3274 τήν
1203 3194 1456 3272 μηλωτὴν
1493 3203 1657 3257 αὐτοῦ
1691 3208 1790 3258 ἑπ-

1897 3207 2136 3254 montem
2180 3199 2416 3269 aliquem
2463 3200 2770 3271 dejecisset.
2823 3199 2881 3254 Id
2931 3199 3163 3254 Elismus
3196 3194 3468 3269 principio

227 3295 407 3367 ιρῤιψε
438 3296 516 3365 τῷ
555 3294 850 3349 Ἐλισσαιέ.
884 3296 994 3349 Καὶ
1016 3295 1095 3360 ὃς,
1137 3294 1318 3350 λαϐὼν
1372 3296 1561 3368 αὐτὴν,
1595 3299 1792 3370 μηκέτι

226 3390 308 3441 τον
356 3387 551 3440 Ἠλίαν
600 3386 763 3457 ὁρῶν,
818 3385 1124 3457 ὑπέστρεψε
1154 3402 1168 3416 ο
1206 3387 1301 3440 καὶ
1356 3385 1526 3440 ἐλθὼν
1579 3390 1656 3451 εἰς
1704 3388 1794 3442 τὸν

237 3480 507 3552 Ἰορδάνην
558 3480 874 3550 ἀπόπειραν
911 3481 1151 3532 ἐποιεῖτο
1196 3480 1244 3531 εἰ
1285 3478 1443 3531 ἔλαϐε
1489 3479 1586 3551 τὴν
1634 3480 1794 3554 χάριν

229 3572 292 3636 ὡς
319 3573 519 3644 ᾔτησε,
549 3573 643 3626 καὶ
687 3569 925 3636 ἐπάταξε
959 3569 1021 3623 τὸ
1066 3569 1209 3641 ὕδωρ
1239 3574 1309 3642 τῇ
1351 3571 1596 3643 μηλωτῇ.
1638 3573 1710 3625 Τὸ
1734 3572 1794 3627 δέ

231 3666 281 3719 o’i
318 3666 565 3737 διῄρητο.
621 3664 733 3718 Καὶ
792 3660 938 3741 εἷπε.
989 3663 1113 3718 Ποῦ
1161 3666 1193 3717 ό
1233 3666 1378 3727 Θεὸς
1424 3664 1665 3727 ἰιλίου;
1700 3667 1794 3719 καὶ

231 3757 459 3822 ἐπάταξε
507 3758 708 3811 πάλιν*
747 3757 840 3810 καὶ
893 3755 1079 3827 διέστη
1111 3755 1173 3809 τὸ
1216 3754 1382 3827 ὕδωρ,
1426 3759 1520 3811 καὶ
1553 3756 1789 3827 διῆλθεν.

242 3848 455 3909 Ἰδόντες
502 3847 559 3901 δέ
608 3846 770 3900 αὐτὸν
804 3847 913 3898 υἱοὶ
941 3845 1051 3899 τῶν
1087 3847 1383 3918 προφητῶν
1432 3848 1789 3919 πεντήκοντα,

234 3933 374 3991 εἷπον
404 3955 419 3969 ο
466 3937 990 3991 Ἐπαναπέπαυται
1037 3938 1103 3990 τὸ
1148 3938 1386 4007 πνεῦμα
1444 3938 1645 3993 Ἡλίου
1692 3938 1791 3993 ἐπὶ

245 4028 566 4085 Ἐλισσαιέ.
613 4029 723 4081 Καὶ
762 4026 1142 4098 ἠκολούθησαν
1190 4028 1363 4100 αὐτῷ,
1412 4032 1506 4085 καί
1562 4018 1791 4100 ἐζήτουν

235 4121 575 4192 πορευθῆναι,
609 4121 1020 4190 ἐρευνήσοντες,
1058 4119 1132 4193 μή
1162 4139 1292 4175 ποτε
1322 4118 1425 4192 ἦρε
1473 4122 1565 4175 τὸν
1603 4122 1789 4175 Ἠλίαν

237 4212 444 4284 πνεῦμα
496 4213 739 4284 Κυρίου,
793 4212 890 4266 καὶ
948 4211 1173 4283 ἔρριψεν
1221 4212 1385 4266 αὐτὸν
1436 4214 1523 4282 ἐφ’
1569 4212 1626 4266 ἓν
1683 4213 1789 4268 τῶν

236 4301 448 4377 ἐρέωνῆ
481 4303 589 4356 τῶν
640 4303 866 4373 βουνῶν.
926 4302 1195 4356 Ἐλισσαιὲ
1243 4302 1301 4356 δὲ
1336 4304 1434 4357 οὐκ
1461 4304 1785 4376 ἐπέτρεπεν.

245 4389 597 4465 Ἐγχειμένων
630 4393 676 4447 δ’
715 4393 962 4458 ἐκείνων,
988 4393 1301 4448 κατένευσε.
1340 4393 1454 4448 Καὶ
1486 4395 1789 4466 ἐπορεύθη-

240 4504 325 4539 σαν
348 4489 680 4557 πεντήκοντα
703 4486 916 4557 ἄνδρες,
946 4486 1040 4539 καὶ
1072 4485 1348 4556 ἐζήτησαν
1376 4489 1522 4558 τρεῖς
1550 4488 1783 4559 ἡμέρας,

1897 3300 2079 3361 negat,
2125 3293 2221 3347 sed
2268 3293 2601 3347 instantibus
2653 3294 2927 3349 concedit.
2969 3293 3146 3360 Quare
3170 3291 3272 3346 viri
3300 3290 3467 3360 quin-

1896 3385 2156 3453 quaginta
2216 3392 2331 3439 toto
2379 3384 2563 3438 triduo
2614 3385 2904 3454 quaesitum
2956 3400 3064 3440 non
3117 3389 3466 3454 repererunt.

1894 3473 2147 3527 Elisaaum
2196 3473 2553 3529 Hiericbunte
2613 3474 2951 3529 habitantem
3003 3474 3153 3529 cives
3193 3487 3467 3529 convene-

1894 3573 2046 3629 runt,
2080 3573 2336 3636 rogantes
2363 3574 2421 3620 ut
2450 3566 2572 3636 ejus
2616 3566 2724 3621 loci
2757 3580 2927 3636 aquas
2961 3566 3131 3621 malas
3177 3573 3233 3620 et
3262 3564 3468 3619 sterili-

1895 3667 2059 3713 tatem
2091 3659 2419 3715 inducentes
2464 3667 2726 3714 mutaret.
2763 3659 2860 3714 llle
2895 3659 3062 3714 salem
3095 3657 3150 3712 in
3178 3671 3323 3711 novo
3358 3654 3465 3711 sibi

1891 3767 2020 3808 vase
2053 3752 2237 3808 all‘erri
2265 3753 2461 3824 jubet:
2502 3752 2751 3817 allatum,
2798 3753 3052 3808 invocato
3092 3750 3190 3806 Dei
3215 3751 3463 3813 nomine.

1893 3843 1950 3899 in
1981 3842 2186 3898 fontem
2218 3844 2485 3915 conjicit:
2549 3857 2659 3913 quo
2714 3843 2879 3906 facto,
2929 3855 3195 3911 aquarum
3249 3854 3466 3894 amaror

1892 3937 1947 3991 in
2002 3936 2353 3992 dulcedinem
2412 3945 2498 3993 cst
2551 3951 2893 4002 conversus,
2954 3934 3154 3990 amissa
3213 3933 3359 3988 omni
3409 3929 3463 3987 vi

1890 4030 2075 4085 noxia.
2112 4031 2387 4101 Propheta
2408 4032 2665 4099 quopiam
2692 4029 2890 4091 iturus,
2915 4043 3114 4097 parvos
3140 4041 3342 4095 pueros
3367 4038 3467 4095 per

1890 4120 2210 4185 ludibrium,
2262 4119 2515 4184 Ascende,
2567 4117 2731 4182 calve,
2783 4118 3102 4180 clamantes,
3152 4115 3466 4185 indignatus

1889 4220 2228 4269 exsecratur.
2261 4212 2450 4283 Itaque
2484 4212 2596 4267 ursi
2627 4227 2658 4266 e
2691 4209 2972 4265 montibus
3011 4208 3284 4280 progressi
3327 4222 3464 4278 pue-

1868 4321 1983 4362 .ros
2064 4305 2206 4361 duos
2270 4315 2325 4361 et
2381 4303 2738 4376 quadraginta
2811 4303 3153 4359 occiderunt.
3211 4301 3465 4358 Joramus

1887 4396 2098 4451 Acbabi
2146 4396 2310 4463 ﬁlius,
2337 4395 2589 4450 Moabitis
2633 4394 2840 4449 bellum
2875 4393 3151 4458 illaturus,
3199 4388 3462 4445 auxilium

1889 4488 2080 4557 petita
2109 4486 2403 4558 .Iosaphato
2424 4486 2622 4542 Iudaeae
2648 4500 2792 4556 rege.
2846 4484 2942 4539 llle
2987 4484 3150 4538 etiam
3191 4481 3463 4537 Idumaeo-

238 4577 318 4627 καὶ
349 4577 443 4645 οὐχ
473 4570 651 4646 εὗρον.
716 4574 988 4627 Ἐλισσαιὲ
1043 4574 1101 4627 δὲ
1160 4575 1220 4627 ἐν
1284 4574 1497 4646 Ίεριχῷ
1556 4573 1643 4647 ἦν.
1681 4577 1791 4631 Καὶ

1900 4593 2021 4632 rum
2054 4592 2260 4648 regem,
2286 4577 2381 4647 qui
2420 4577 2526 4632 sibi
2558 4585 2798 4647 pareret,
2830 4591 2889 4630 se
2920 4574 3219 4629 asciturum
3253 4570 3463 4626 socium

238 4660 385 4736 ἦλθον
412 4668 459 4719 οἱ
489 4667 683 4737 ἄνδρες
718 4666 817 4729 τῆς
863 4666 1072 4729 πόλεως
1124 4666 1261 4736 πρὸς
1307 4667 1491 4733 αὐτὸν,
1543 4668 1787 4738 δεόμενοι

248 4758 633 4829 μεταϐληθῆναι
668 4758 799 4827 παρ’
829 4757 994 4811 αὐτοῦ
1019 4758 1083 4811 τὰ
1121 4756 1288 4812 ὕδατα
1316 4757 1410 4811 τοῦ
1442 4760 1609 4813 τόπου
1640 4761 1788 4813 ἐκεί-

245 4866 344 4912 νον,
384 4852 590 4921 πονηρὰ
620 4851 751 4904 ὅντα
790 4851 884 4905 καὶ
914 4850 1265 4906 ἀτεκνοῦντα.
1312 4852 1371 4906 ’0
1401 4853 1455 4905 δὲ
1493 4853 1552 4904 ἐν
1582 4854 1789 4925 ἀγγείῳ

245 4940 396 5009 καινῴ
422 4941 552 5005 ἃλας
594 4941 746 5012 αὐτῷ
800 4942 1128 5012 κομισθῆναι
1178 4943 1412 5014 ἐζήτησε
1439 4959 1454 4975 ⁸
1507 4944 1599 4998 καὶ
1630 4961 1790 5013 κομι-

248 5033 462 5099 σθέντος,
491 5037 570 5100 είς
613 5034 711 5106 τὴν
748 5035 931 5105 πηγὴν
979 5035 1087 5088 τῶν
1116 5035 1326 5088 ὑδάτων
1369 5035 1612 5106 καθῆκεν
1655 5037 1789 5100 ἆλας

249 5123 651 5197 ἐπικαλούμενος
696 5126 788 5179 τὸν
833 5126 985 5193 Θεὸν,
1016 5127 1209 5181 καὶτὰ
1245 5126 1414 5182 ὕδατα
1458 5129 1522 5181 ἐκ
1564 5129 1788 5199 πικρίας

249 5218 314 5279 είς
342 5219 642 5289 γλυκύτητα
675 5219 1109 5291 μετεϐλήθησαν,
1140 5221 1234 5273 καὶ
1263 5220 1417 5274 οὐδὲν
1445 5221 1629 5284 αὐτοῖς
1659 5224 1785 5274 ἐνα-

253 5309 453 5379 stipat-.5
485 5311 769 5383 βλαϐερόν.
817 5310 1098 5375 Ἀπιόντος
1145 5313 1201 5366 δέ
1248 5330 1350 5365 που
1375 5313 1471 5366 τοῦ
1501 5315 1785 5382 προφήτου

259 5394 543 5467 Ἐλισσαιέ,
603 5404 865 5474 παιδάρια
945 5404 1118 5475 μικρᾶ
1184 5404 1514 5468 κατέπαιζον
1584 5404 1784 5468 αὑτοῦ,

254 5491 453 5561 βοῶντα·
474 5496 792 5557 Ἀνάϐαυ·ε,
817 5497 1104 5564 φαλακρέ.
1132 5497 1297 5567 Ἀλγή
1307 5514 1403 5560 σας
1424 5497 1469 5549 δ’
1486 5497 1577 5551 ἐπὶ
1594 5497 1786 5567 τούτῳ,

255 5585 530 5655 κατηύξατο
546 5588 744 5642 αὐτῶν.
767 5591 873 5642 Καὶ
894 5588 1118 5658 ἐξῆλθον
1144 5587 1336 5659 ἄρκτοι
1362 5587 1466 5640 ἀπὸ
1487 5588 1580 5640 τοῦ
1600 5587 1784 5659 ὅρους,

257 5679 338 5728 xz".
368 5679 681 5735 ἀπέκτειναν
724 5684 788 5734 ἐκ
841 5681 951 5734 τῶν
1003 5680 1210 5734 παίδων
1257 5680 1351 5733 δύο
1389 5680 1478 5733 καὶ
1517 5680 1788 5751 τεσσαρά-

260 5784 412 5826 seu.
439 5773 631 5844 Ἰωρὰμ
648 5775 704 5827 δὲ
738 5775 766 5827 ὁ
789 5773 900 5837 υἱὸς
922 5774 1148 5844 ‘Axaa‘r6,
1187 5773 1397 5844 μέλλων
1420 5772 1559 5828 κατὰ
1581 5774 1789 5826 Μοαϐι-

259 5856 349 5911 τῶν
385 5862 776 5937 ἐκστρατεύειν,
818 5865 1085 5936 Ἰωσαιξὰτ
1139 5865 1230 5920 τὸν
1268 5864 1491 5938 βασιλέα
1521 5864 1621 5936 τῆς
1653 5865 1786 5921 ’ἰου-

1891 4666 2184 4737 promittit.
2226 4667 2303 4721 Ita
2355 4675 2465 4722 tres
2509 4683 2688 4738 reges,
2735 4666 2869 4721 inita
2901 4664 3217 4727 concordia,
3253 4671 3463 4732 septem

1890 4764 2089 4819 diebus
2135 4779 2234 4834 per
2266 4764 2546 4820 desertum
2587 4763 2868 4818 abierunt.
2905 4759 3253 4842 Exercitibus
3281 4765 3463 4812 autem

1889 4870 2031 4927 aqua
2080 4855 2379 4922 destitutis,
2419 4855 2673 4911 Elisteum
2722 4854 2985 4908 adeuntes
3020 4860 3180 4907 orant
3219 4860 3281 4906 ut
3323 4857 3380 4905 et
3405 4864 3463 4905 se

1889 4955 1945 5002 et
1972 4947 2173 5002 milites
2193 4954 2564 5004 conservaret.
2588 4947 2657 5001 At
2681 4946 2772 5001 ille
2796 4946 3017 5001 .Ioramo
3042 4960 3056 4998 :
3090 4943 3168 4997 Ad
3195 4943 3362 5013 patris
3387 4940 3464 4994 tui

1890 5048 1939 5093 et
1972 5040 2161 5093 matris
2183 5040 2482 5111 prophetas,
2512 5039 2708 5109 inquit,
2736 5038 2899 5103 abito,
2925 5045 2980 5092 et
2996 5038 3163 5108 jurat,
3184 5038 3229 5091 si
3254 5036 3463 5104 absque

1887 5129 2186 5201 Josapbato
2211 5140 2379 5194 essm.
2402 5146 2460 5185 se
2483 5146 2552 5185 ne
2587 5131 2811 5185 verbum
2832 5130 3055 5200 quidem
3081 5130 3130 5185 ei
3164 5143 3462 5199 responsu-

1890 5237 2013 5275 rum
2046 5221 2237 5277 fuisse.
2256 5220 2463 5276 Deinde
2493 5221 2784 5290 quemdam
2802 5220 2986 5275 vocari
3005 5218 3185 5288 jubet,
3205 5218 3297 5287 qui
3322 5216 3464 5287 psal-

1889 5314 2048 5369 leret.
2083 5315 2160 5369 Eo
2184 5314 2471 5381 psallente,
2501 5314 2698 5379 spiritu
2735 5314 2947 5368 Domini
2976 5312 3188 5367 amatus
3212 5311 3459 5375 Eliszeus,

1886 5406 2041 5478 jubet
2063 5408 2263 5461 multas
2278 5407 2444 5461 θίγοιιί
2465 5408 2690 5462 scrobes
2707 5408 2858 5478 juxta
2888 5416 3220 5470 torrentem;
3248 5405 3463 5463 visuros

1888 5498 2036 5552 enim
2071 5507 2367 5553 torrentem
2402 5498 2646 5567 plenum,
2671 5514 2851 5569 neque
2873 5507 3036 5553 vento
3075 5497 3340 5566 spirante,
3367 5511 3461 5551 ne-

1888 5607 1994 5661 que
2028 5590 2201 5646 imbre
2221 5590 2514 5660 depluente
2544 5609 2557 5644 :
2600 5606 2665 5646 ac
2693 5598 2920 5661 poturos
2948 5588 3015 5643 ad
3046 5587 3372 5652 satietatem,
3404 5595 3460 5644 et

1890 5684 2127 5739 hostium
2150 5684 2443 5754 petituros.
2481 5683 2577 5739 llis
2600 5683 2896 5754 praedictis.
2929 5690 3155 5753 postero,
3178 5681 3267 5737 die
3298 5697 3459 5738 mane

1888 5784 1944 5830 et
1974 5776 2235 5830 torrentis
2260 5776 2448 5832 alveus
2474 5776 2841 5845 impletusest,
2861 5777 3000 5830 adeo
3034 5782 3093 5829 ut
3122 5772 3458 5831 redundaret

1888 5874 1945 5923 ct
1964 5866 2145 5922 omnis
2162 5865 2309 5922 illius
2325 5872 2483 5922 terra:
2498 5864 2818 5936 superﬁcies
2845 5876 3140 5936 stagnaret.
3168 5865 3292 5924 Sole
3310 5876 3452 5934 orto,
