3910 6650
398 409 498 476 195

1641 401 1965 464 JOANNIS
2007 400 2329 462 lONAIl/E

3614 378 3747 453 196

390 523 654 596 piendum
677 563 693 590 ,
728 538 759 578 a
798 536 912 592 quo
949 519 1202 576 minister
1248 518 1396 574 illius
1425 517 1618 572 urbem
1661 515 1973 570 circumda-

2100 529 2245 566 ἀστο
2268 511 2348 583 τῷ
2392 508 2561 575 Γιεζὶ,
2594 509 2690 563 καὶ
2718 505 2871 562 εἴπεν
2904 503 3054 577 αὐτῷ
3075 521 3091 539 ο
3148 504 3275 558 Ὀτι
3323 498 3627 565 ἔλαϐες·
3660 499 3742 553 τὸ

394 627 503 671 tam
534 617 745 677 videns,
775 613 1124 685 perterritus,
1166 627 1280 665 rem
1322 609 1606 681 propheta:
1641 607 1877 661 nuntiat.
1901 605 1972 662 Δι

393 709 485 764 ille
525 709 721 764 timere
761 715 950 770 vetat,
991 720 1055 758 ac
1102 705 1275 758 Deum
1330 711 1452 756 orat
1513 709 1575 755 ut
1630 698 1833 753 famulo
1879 700 1974 751 de-

396 806 667 853 monstret
741 795 1023 867 quoniodo
1082 796 1197 863 ipse
1257 792 1523 846 divinitus
1601 789 1969 844 custodiatur.

395 890 515 955 Quo
544 890 859 958 impetrato,
885 885 1037 940 videt
1085 882 1322 938 tantulus
1354 880 1676 951 prophetam
1717 878 1977 934 curribus

396 991 453 1036 et
478 980 637 1049 equis
677 978 855 1048 igneis
888 976 1190 1030 vallatum:
1223 972 1319 1042 qui
1349 976 1533 1025 denuo
1554 978 1835 1040 precatus,
1874 968 1977 1023 bo-

398 1074 565 1127 stium
606 1072 799 1126 oculos
834 1067 1176 1137 perstrinxit,
1216 1075 1273 1119 et
1313 1063 1381 1117 ad
1421 1078 1519 1117 eos
1547 1076 1843 1133 egressus:
1889 1061 1975 1115 Me

396 1162 697 1232 sequimini,
758 1158 958 1227 inquit,
1015 1166 1065 1210 et
1093 1156 1310 1208 tradam
1350 1154 1495 1209 vobis
1546 1152 1825 1208 Elisteum.
1878 1152 1978 1206 8ος

398 1262 645 1324 quuntur
686 1252 763 1305 illi
795 1260 851 1306 et
888 1250 1068 1304 oculis
1123 1258 1180 1304 et
1220 1249 1420 1302 animis
1468 1247 1784 1303 obczecatis.
1828 1244 1978 1311 Quos

400 1362 528 1400 cum
561 1344 864 1398 Samariam
903 1342 1290 1412 perduxisset,
1326 1355 1509 1409 regem
1545 1339 1702 1410 jubet
1734 1352 1833 1393 eos
1860 1337 1978 1393 suis

400 1436 576 1504 copiis
593 1434 941 1489 circumdare
970 1442 1068 1504 get
1090 1434 1262 1487 Deum
1289 1441 1412 1486 orat
1449 1441 1508 1486 ut
1547 1431 1837 1502 caliginem
1858 1430 1978 1485 illo-

402 1541 525 1581 rum
549 1526 728 1580 oculis
748 1497 1054 1580 amover.et.
1099 1525 1220 1591 Quo
1244 1525 1389 1579 l'acto
1423 1524 1547 1595 Syri
1574 1540 1633 1578 se
1654 1523 1711 1577 in
1736 1523 1978 1578 hostium

404 1619 587 1674 medio
638 1618 846 1673 versari
888 1620 1095 1672 vident.
1160 1617 1364 1672 Verum
1407 1616 1636 1677 Elisaaus
1700 1616 1978 1669 neminem

403 1727 500 1767 eos
541 1709 741 1765 laedere
787 1709 1121 1779 patiebatur,
1158 1711 1253 1763 sed
1278 1708 1607 1763 consulebat
1658 1713 1722 1761 ut
1768 1704 1977 1775 accepti

408 1803 760 1872 hospitaliter
807 1803 1110 1857 incolumes
1139 1802 1575 1857 dimitterentur.
1597 1800 1858 1856 Joramus
1884 1813 1981 1853 rex

2076 604 2368 673 ἀργύριον
2395 602 2494 656 καὶ
2519 601 2591 656 τὰ
2611 603 2811 670 ἱμάτια
2835 599 2959 654 ἀπὸ
2988 597 3096 652 τοῦ
3116 597 3395 666 Neap-ir,
3426 594 3479 662 ἡ
3509 592 3746 659 λέπρα

2077 696 2314 750 ἐκείνου
2341 692 2795 762 κολληθήσεταί
2817 706 2915 745 σοι
2942 689 3044 767 grai
3073 686 3154 754 τῷ
3180 684 3540 756 σπέρματί
3571 699 3737 737 σου.

2079 788 2190 840 Kal
2222 786 2411 857 ἐξῆλθε
2445 783 2949 855 λελεπρωμένος.οῖ
2984 783 3091 836 ulol
3119 780 3174 835 δὲ
3206 781 3318 835 τῶν
3364 776 3741 848 προφητῶν

2078 880 2130 932 οῖ
2186 881 2326 949 μετά
2380 878 2690 934 Ἐλισσαίου
2728 873 3108 946 επορεύθησαν
3144 874 3225 936 sl;
3252 873 3365 927 τὸν
3401 868 3736 940 Ἰορδάνην

2079 973 2267 1040 τεμεῖν
2317 970 2487 1034 ξύλα,
2540 969 2617 1032 ὡς
2666 968 2730 1022 ἂν
2776 966 3080 1038 ποιήσωσιν
3131 966 3361 1027 ἑαυτοῖς
3428 961 3685 1032 σκηνάς
3712 974 3730 990 ’

2082 1066 2178 1118 καὶ
2221 1062 2529 1125 Ἐλισσαῖος
2562 1062 2745 1125 αὐτοῖς
2798 1058 3211 1132 συνεπορεύετο.
3242 1055 3631 1126 Τεμνὸντων
3667 1054 3732 1108 δὲ

2080 1155 2149 1208 τὰ
2186 1154 2340 1219 ξύλα.
2372 1154 2489 1217 ἐνὸς
2519 1154 2580 1207 τὸ
2623 1156 2724 1225 τῆς
2755 1153 2944 1224 ἀξινης
2980 1152 3225 1223 σιδήριον
3274 1149 3591 1204 ἐνέπεσεν
3640 1149 3734 1210 εἰς

2081 1248 2175 1301 τὸν
2219 1246 2488 1315 ποταμόν.
2506 1246 2616 1300 Kal
2637 1248 2666 1298 ὁ
2686 1246 2784 1314 τῆς
2812 1245 2998 1316 ἀξίνης
3030 1244 3220 1314 κύριος
3249 1244 3353 1295 τὸν
3390 1240 3731 1312 προφήτην

2082 1338 2480 1403 ἐπεκαλέσατο,
2526 1338 2625 1392 καὶ
2669 1338 2762 1392 τὸν
2808 1338 2974 1393 τόπον
3035 1336 3323 1403 ὑπέδειξεν
3359 1334 3547 1405 αὐτῷ
3583 1337 3650 1401 sy
3682 1331 3731 1401 ᾧ

2084 1431 2284 1484 κατέδυ
2307 1434 2335 1482 ὀ
2358 1430 2600 1501 σίδηρος.
2636 1430 2698 1485 '0
2723 1431 2803 1497 δὲ,
2834 1430 2993 1496 ξύλον
3012 1429 3217 1497 λαϐὼν,
3240 1427 3546 1483 ἐνέϐαλεν
3569 1428 3723 1482 ἐκεῖ.

2085 1523 2196 1575 Kal
2257 1522 2415 1576 ἀνέδυ
2475 1522 2538 1576 τὸ
2588 1523 2852 1594 σιδήριον,
2912 1525 3008 1578 καὶ
3066 1521 3439 1577 ἐπιπολάσαν
3504 1518 3727 1573 ἔλαϐεν

2086 1613 2218 1668 αὐτὸ
2245 1616 2273 1667 ὁ
2304 1614 2578 1677 ἀπολέσας
2610 1616 2761 1671 αὐτό.
2805 1616 2864 1670 '0
2901 1615 2959 1669 δέ
3000 1615 3257 1687 βασιλεὺς
3312 1613 3557 1686 Συρίας
3596 1611 3725 1665 ἐνέ-

2085 1705 2220 1777 δραν
2263 1706 2542 1772 ἐκάθισεν,
2607 1707 2675 1761 ἶν’
2707 1707 2805 1780 ἕλῃ
2868 1709 2962 1763 τὸν
3018 1708 3244 1780 βασιλέα
3292 1707 3404 1761 τὸν
3459 1704 3718 1777 Ἰωράμ.

2088 1797 2405 1853 Ἀπέστειλε
2429 1800 2487 1854 δὲ
2514 1802 2542 1854 ὁ
2576 1802 2862 1873 προφήτης
2888 1801 3026 1873 πρὸς
3059 1801 3264 1873 Ἰωρὰμ
3298 1798 3717 1870 φυλάττεσθαι

408 1894 691 1962 propheta;
731 1894 958 1948 monitis
988 1894 1284 1963 diligenter
1312 1902 1470 1963 paret
1497 1910 1511 1945 :
1558 1892 1636 1946 illi
1668 1891 1982 1946 discedunt.

2100 1891 2238 1962 ιύτῷ
2273 1894 2679 1964 ἐντελλόμενον,
2729 1895 2825 1948 καὶ
2866 1894 2943 1967 μὴ
2993 1894 3217 1950 ἀπιέναι
3273 1893 3436 1965 πρὸς
3497 1892 3713 1962 θήραν.

408 1983 542 2051 Regi
567 1985 697 2054 quid
729 1984 997 2039 acciderit
1034 1985 1314 2040 nuntiant.
1350 1984 1522 2056 Syrus
1552 1983 1747 2039 audita
1792 1999 1853 2039 re
1883 1983 1983 2039 ob-

409 2076 701 2144 stupescit.
946 2086 953 2087 ί
1822 2086 1825 2087 ⁷

2090 1984 2206 2038 Kal
2235 1987 2263 2039 ὁ
2292 1986 2391 2055 μὲν
2418 1988 2518 2040 οὐκ
2543 1986 2715 2058 ἐξῄει.
2738 1988 2903 2060 ’Ἄδερ
2928 1988 3008 2052 δὲ,
3035 1988 3136 2058 τῆς
3161 1985 3487 2056 ἐπιϐουλῆς
3515 1984 3713 2055 ἁμαρ-

2086 2075 2219 2143 τὼν,
2272 2078 2402 2142 τοὺς
2462 2080 2698 2142 οἰκείους
2755 2077 3050 2133 ὑπώπτευε
3105 2078 3365 2147 γίνεσθαι
3413 2075 3712 2147 προδότας

410 2166 517 2219 τῶν
562 2168 1004 2238 βεϐουλευμένων
1059 2169 1231 2240 αὐτῷ.
1290 2168 1587 2240 φησάντων
1636 2169 1683 2223 δ’
1737 2168 1962 2224 ἐκείνων
2007 2168 2107 2224 ούκ
2165 2170 2384 2237 αὐτοὺς,
2451 2171 2587 2226 ἀλλά
2628 2174 2719 2225 τὸν
2779 2172 3067 2243 προφήτην
3104 2171 3428 2226 Ἐλισσαῖον
3465 2166 3713 2242 μηνύειν

411 2257 559 2329 αύτῷ
580 2260 648 2313 ea
695 2261 986 2331 ἀπόρρητα
1014 2299 1030 2324 ,
1085 2261 1296 2314 στέλλει
1316 2264 1375 2314 ὲν
1420 2260 1617 2315 Δοθαῖν
1681 2262 2018 2333 στράτευμα,
2062 2262 2128 2314 ἵν’
2161 2262 2322 2316 αὑτὸν
2380 2262 2619 2318 λάϐοιεν.
2684 2264 2829 2317 Ἰδὼν
2876 2265 2932 2318 δὲ
2991 2264 3083 2318 τὸν
3136 2264 3265 2319 λαὸν
3311 2265 3524 2335 κύκλῳ
3602 2263 3705 2329 τῆς

413 2348 626 2412 πόλεως
652 2352 680 2404 ὁ
709 2349 805 2404 τοῦ
837 2357 1119 2423 προφήτου
1145 2353 1415 2419 διάκονος,
1480 2352 1742 2425 περιδεὴς

1823 2353 2068 2421 ἐγένετο,
2105 2354 2244 2424 πρὸς
2295 2356 2459 2409 αὑτὸν
2514 2356 2864 2425 ἀναγγέλλων
2913 2356 2974 2410 τὸ
3021 2359 3277 2428 πρᾶγμα.
3338 2357 3408 2411 Ὀ
3469 2357 3556 2421 δὲ,
3613 2354 3705 2425 Μὴ

410 2441 583 2507 δεῦθι,
616 2441 760 2513 ἔφη·
797 2444 893 2498 καὶ
951 2444 1201 2497 ἱκέτευσε
1253 2447 1345 2499 τὸν
1393 2444 1528 2498 Θεὸν
1596 2446 1772 2510 δεῖξαι
1843 2446 1921 2515 τῷ
1989 2444 2225 2515 διακόνῳ
2279 2446 2467 2513 αὑτοῦ,
2539 2448 2691 2512 ὅπως
2744 2447 3074 2517 φυλάττεται
3127 2450 3258 2521 παρ’
3310 2450 3522 2503 αὑτοῦ.
3589 2451 3701 2503 Kal

412 2536 643 2590 δέδωκεν
673 2538 701 2589 ὁ
730 2537 863 2601 Θεὸς
891 2537 969 2607 τῷ
992 2538 1287 2607 θεράποντι
1318 2538 1412 2593 τοῦ
1442 2542 1725 2609 προφήτου
1765 2537 1927 2610 χάριν
1970 2539 2100 2593 ἰδεῖν
2139 2540 2302 2594 αὐτὸν
2360 2542 2569 2611 ἅρμασι
2611 2541 2705 2595 καὶ
2737 2542 2921 2606 ἵπποις
2950 2541 3197 2611 πυρίνοις
3226 2541 3698 2612 κεκυκλωμένον.

413 2628 749 2700 Ἦμαύρωσε
788 2630 845 2683 δὲ
886 2633 914 2683 ὁ
945 2632 1233 2702 προφήτης
1275 2631 1723 2703 προσευξάμενος
1770 2631 1868 2686 καὶ
1915 2631 1984 2685 τὰ
2023 2631 2247 2703 δμματα
2315 2631 2423 2685 τῶν
2447 2632 2681 2703 ἐχθρῶν.
2742 2633 2855 2688 Kal
2879 2634 3112 2699 ἐξελθὼν
3134 2635 3270 2704 πρὸς
3296 2634 3516 2695 αὐτοὺς
3548 2632 3694 2702 ἔφη·

428 2722 837 2776 Ἀκολουθεῐτέ
858 2741 981 2792 μοι,
1010 2726 1106 2777 καὶ
1133 2723 1306 2777 δώσω
1331 2724 1440 2778 τὸν
1488 2721 1847 2779 Ἐλισσαῖον
1904 2723 2067 2792 ὑμῖν.
2109 2726 2172 2777 Oi
2206 2724 2262 2777 δὲ
2293 2724 2528 2789 εἵποντο,
2564 2730 2654 2780 καὶ
2689 2727 2786 2790 τὰς
2831 2728 2980 2797 ὄψεις
3034 2728 3421 2798 βεϐλαμμένοι
3465 2727 3566 2781 καὶ
3598 2729 3699 2798 τὴν

417 2816 675 2870 διάνοιαν.
750 2817 1084 2886 Ἀπαγαγὼν
1136 2818 1192 2871 δὲ
1249 2818 1447 2881 αὐτοὺς
1501 2818 1581 2880 εις
1633 2818 1992 2888 Σαμάρειαν,
2037 2820 2367 2888 περιστῆσαι
2410 2820 2595 2883 αὐτοῖς
2657 2821 2756 2891 τὴν
2800 2820 2965 2874 αὐτοῦ
3013 2820 3246 2891 δύναμιν
3328 2822 3417 2892 τῷ
3475 2821 3694 2893 βασιλεῖ

419 2908 744 2962 ἐνετείλατο.
778 2909 891 2962 Καὶ
934 2910 1027 2962 τὸν
1084 2908 1216 2961 Θεὸν
1247 2908 1367 2979 ᾔτει
1418 2909 1837 2980 περιαιρεθῆναι
1888 2908 1988 2980 τήν
2026 2910 2195 2979 ἀχλὺν
2240 2914 2306 2966 έκ
2380 2912 2490 2966 τῶν
2535 2913 2799 2983 ὀμμάτων
2838 2913 3038 2969 αὐτῶν.
3105 2916 3582 2987 Περιαιρεθεῖσης
3612 2917 3692 2982 δὲ,

421 3003 561 3060 εἶδον
609 3005 838 3067 ἑαυτοὺς
876 3004 924 3056 οἱ
978 3003 1139 3074 Σύροι
1198 3002 1362 3073 μέσον
1417 3001 1993 3074 ἐμπεριειλημμένους
2033 3004 2141 3057 τῶν
2167 3006 2466 3077 πολεμιων.
2528 3008 2833 3071 Ἐλισσαῖος
2894 3006 2950 3060 δὲ
2974 3007 3161 3061 οὐδένα
3183 3007 3688 3073 ὲπιθέσθαιαύτοῖς

422 3100 761 3173 παρεχώρει,
784 3098 992 3166 ξενισαι
1018 3097 1075 3150 δὲ
1103 3098 1326 3167 μᾶλλον,
1350 3097 1443 3151 καὶ
1495 3096 1769 3152 ἀπολῦσαι
1826 3096 2059 3161 ἀπαθεῖς
2102 3101 2481 3156 συνεϐούλευε.
2539 3103 2843 3172 Φιλοτιμως
2899 3101 2993 3156 οὖν
3050 3103 3080 3155 ὁ
3146 3103 3356 3175 Ἰωρὰμ
3422 3106 3688 3169 ἑστιάσας

422 3196 646 3259 αὐτοὺς,
697 3193 841 3246 κατά
908 3191 1000 3244 τὸν
1032 3190 1126 3244 τοῦ
1180 3192 1459 3262 προφήτου
1527 3190 1685 3259 λόγον
1723 3189 1959 3259 ἀφῆκεν.
2005 3191 2071 3243 Ol
2108 3191 2164 3245 δὲ
2209 3193 2472 3263 ἀπῆλθον,
2508 3195 2604 3249 καὶ
2654 3193 2721 3248 τά
2772 3194 3034 3265 γεγονότα
3071 3194 3150 3267 τῷ
3201 3196 3422 3251 ἑαυτῶν
3478 3195 3687 3267 βασιλεῖ

422 3290 754 3359 διηγήσαντο
773 3299 789 3317 ο
820 3286 916 3337 καὶ
951 3284 1252 3356 ἐξεπλάγη.

493 3377 660 3433 XVII.
693 3377 821 3430 Post
852 3376 968 3430 haec
996 3392 1122 3431 cum
1153 3377 1412 3432 omnibus
1443 3378 1559 3434 suis
1591 3380 1766 3453 copiis
1797 3380 1986 3438 Sama-

2169 3374 2267 3429 IZ'.
2303 3374 2457 3427 Μετά
2486 3372 2659 3427 ταῦτα
2690 3374 2748 3427 δὲ
2779 3375 3122 3447 πανστρατιᾷ
3152 3374 3448 3446 παρελθὼν
3474 3376 3555 3441 si;
3582 3377 3682 3429 Σα-

426 3472 565 3529 riam
598 3469 836 3536 obsidet,
874 3470 929 3525 in
963 3483 1070 3540 qua
1111 3478 1258 3524 tanta
1294 3468 1468 3528 fames
1505 3484 1627 3528 orta
1669 3486 1778 3541 est,
1811 3483 1872 3529 ut
1900 3490 1995 3530 ca-

425 3573 526 3635 put
555 3564 696 3618 asini
726 3561 1126 3632 quinquaginta
1156 3565 1399 3617 nummis
1434 3565 1714 3634 argenteis
1740 3566 1993 3632 veniret,

425 3666 483 3713 et
517 3657 787 3711 sextarius
824 3652 1128 3708 columbini
1163 3652 1297 3716 limi,
1334 3654 1588 3710 totidem.
1631 3655 1769 3712 Cum
1811 3666 1996 3712 autem

428 3766 525 3805 rex
551 3748 807 3804 Joramus
832 3746 1034 3801 mtenia
1066 3746 1409 3810 circumiret,
1437 3747 1697 3802 inclamat
1717 3764 1845 3804 eum
1879 3764 1999 3802 mu-

427 3840 682 3901 liercula,
705 3835 1027 3893 conservari
1053 3850 1111 3888 se
1137 3844 1364 3903 petens;
1389 3850 1554 3904 quam
1581 3837 1672 3892 ille
1697 3838 1880 3892 cibum
1903 3852 2001 3908 pe-

431 3945 548 3989 tere
579 3929 888 4002 suspicans,
921 3943 1048 3983 cum
1078 3928 1456 3999 indignatione
1490 3928 1656 3983 :llihi
1680 3945 1846 3999 neque
1869 3946 1998 3985 area

430 4040 529 4093 est,
561 4027 763 4098 inquit,
796 4036 962 4095 neque
993 4023 1231 4078 torcular
1265 4023 1560 4098 :quomodo
1587 4032 1637 4078 te
1666 4023 2002 4078 conservent?

433 4120 540 4177 Sed
572 4119 664 4174 illa
684 4119 952 4190 judicium
977 4126 1165 4188 petere
1204 4130 1263 4171 se
1297 4117 1541 4183 dicente,
1575 4131 1797 4171 causam
1839 4131 2000 4187 agere

427 4213 610 4282 jubet.
643 4210 724 4265 lbi
757 4208 955 4263 mulier
989 4224 1004 4260 :
1053 4206 1262 4275 Pepigi,
1296 4205 1496 4275 inquit,
1522 4221 1642 4258 cum
1666 4206 1835 4259 uicina
1860 4221 1998 4271 mea,

432 4314 490 4357 ut
522 4302 661 4371 filios
700 4310 907 4354 nostros
943 4308 1253 4359 mactemus,
1291 4306 1340 4349 et
1369 4296 1591 4350 alternis
1613 4296 1792 4350 diebus
1827 4296 1998 4351 altera

434 4394 663 4448 alteram
703 4391 838 4445 alat.
875 4390 1028 4444 Nunc
1065 4406 1181 4442 cum
1230 4404 1322 4459 ego
1362 4404 1533 4442 meum
1567 4391 1869 4454 mactarim,
1903 4389 2000 4444 illa

436 4503 539 4540 non
577 4493 686 4539 stat
723 4485 1011 4538 conventis.
1044 4481 1140 4536 llis
1171 4497 1263 4536 rex
1300 4482 1523 4545 auditis,
1565 4481 1769 4551 ingenti
1814 4482 2002 4537 dolore

438 4580 690 4643 allectus,
714 4587 771 4631 et
802 4577 1056 4631 laceratis
1096 4575 1345 4629 vestibus
1378 4574 1514 4636 suis,
1574 4574 1853 4644 propheta:
1888 4575 2001 4630 ira-

2101 3467 2338 3538 μάρειαν
2360 3469 2389 3520 ὁ
2417 3466 2673 3538 βασιλεὺς
2700 3466 2928 3536 Συρίας,
2982 3468 3296 3539 ἐπολιόρκει
3333 3469 3536 3541 αὑτήν.
3573 3470 3680 3523 Καὶ

2098 3560 2317 3629 ἐγένετο
2335 3558 2492 3629 λιμὸς
2526 3558 2889 3629 σφοδρότατος
2931 3560 2991 3613 έν
3030 3560 3195 3632 αὐτῇ,
3228 3559 3373 3614 ὥστε
3435 3561 3673 3635 κεφαλήν

2096 3652 2218 3705 δνου
2266 3653 2606 3722 πεντήκοντα
2656 3653 3011 3721 νομισμάτων
3072 3652 3319 3724 ἀργύρου
3369 3655 3671 3725 πραθῆναι,

2099 3749 2197 3802 καὶ
2228 3747 2425 3817 ξέστην
2470 3748 2681 3817 κόπρου
2732 3747 3077 3817 περιστερῶν
3122 3749 3471 3819 πεντήκοντα
3526 3765 3673 3817 νομι-

2101 3839 2324 3909 σμάτων
2352 3838 2576 3907 ὁμοίιον.
2602 3836 2708 3891 Τοῦ
2733 3838 2788 3892 δὲ
2813 3838 3077 3909 βασιλέως
3121 3838 3331 3910 Ἰωρὰμ
3369 3840 3672 3911 περιιόντος

2098 3931 2381 4000 τδδτεῖχος,
2410 3929 2606 3999 ἐϐόησε
2636 3928 2878 3998 γύναιον⁸
2910 3930 3111 3995 Σῶσον,
3149 3925 3194 3984 ὦ
3223 3930 3480 4000 βασιλεῦ.
3536 3931 3593 3984 '0
3612 3930 3666 3982 δὲ

2098 4023 2329 4091 νομίσας
2379 4022 2587 4093 τροφὴν
2631 4024 2806 4075 αἰτεῖν
2865 4020 2965 4091 τὴν
3016 4023 3296 4088 γυναῖκα,
3360 4025 3554 4078 Πόθεν
3598 4036 3669 4073 σε

2099 4113 2299 4179 σώσω,
2331 4113 2795 4183 βλασφημήσας
2822 4113 3053 4180 αὐτὴν,
3084 4112 3210 4184 ἔφη,
3246 4115 3403 4184 μήτε
3442 4116 3668 4178 ἅλωνός

2094 4224 2217 4277 μοι,
2271 4205 2425 4275 μήτε
2457 4206 2651 4273 ληνοῦ
2678 4207 3116 4279 ,ὑπιιρχούσηςς
3158 4208 3268 4280 Τῆς
3292 4208 3347 4260 δὲ
3374 4210 3555 4280 κρίσιν
3580 4210 3663 4261 αῖ-

2100 4302 2215 4352 τεῖν
2236 4298 2521 4370 εἰπούσης,
2552 4297 2736 4366 λέγειν
2773 4298 3066 4370 ἐπέτρεψε,
3101 4301 3207 4353 Καὶ
3240 4303 3271 4371 ἡ
3310 4304 3484 4370 γυνὴν
3514 4304 3659 4355 Συνε

2103 4393 2313 4458 θήλεας,
2342 4389 2520 4457 εἶπεν,
2566 4391 2789 4461 ἐθέμην
2805 4394 2935 4461 μεθ’
2980 4392 3187 4460 ἐτείας
3231 4395 3519 4464 γυναικὸς
3558 4411 3662 4462 γει-

2100 4482 2362 4547 τνιώσης
2390 4501 2513 4551 μοι,
2537 4481 2717 4536 θῦσαι
2739 4484 2810 4536 τὰ
2837 4483 3017 4537 τέκνα
3039 4484 3226 4553 ἡμῶν,
3262 4487 3360 4539 καὶ
3389 4484 3503 4540 ἀνὰ
3522 4487 3661 4555 μίαν

2106 4576 2336 4644 ἡμέραν
2364 4576 2637 4644 ἀλλήλας
2662 4579 2898 4646 θρέψαι.
2920 4578 3091 4649 Κάγὼ
3110 4580 3209 4650 μὲν
3235 4581 3294 4634 τὸ
3320 4582 3453 4652 ἐμὸν
3480 4582 3652 4644 ἔθυσα,

436 4674 608 4727 scitur
642 4670 785 4739 quod
822 4670 957 4724 maia
1005 4670 1105 4723 ista
1138 4667 1396 4738 precibus
1453 4676 1897 4734 non'avertcret,
1938 4683 1990 4722 at

2106 4672 2138 4739 ή
2177 4670 2233 4723 δὲ
2264 4670 2593 4739 παραϐαίνει
2620 4672 2687 4725 τά
2722 4671 3146 4740 ὡμολογημένα.
3181 4674 3401 4727 Τούτων
3431 4673 3654 4735 ἀκούσας

435 4779 817 4835 percussorem
852 4773 1043 4817 contra
1071 4734 1223 4816 illum
1252 4760 1442 4815 mittit.
1476 4760 1581 4817 Sed
1622 4761 1849 4816 Elisaeus
1890 4776 1990 4817 ca:-

2103 4734 2137 4815 ὁ.
2164 4734 2438 4831 βασιλεὺς,
2476 4734 2847 4833 ὑπερήλγησε,
3032 4763 3130 4835 τὴν
3165 4766 3368 4835 ἐσθῆτα
3395 4762 3651 4836 διέρρηξε.

439 4858 516 4911 tui
563 4857 955 4926 discipulorum
1009 4855 1062 4909 id
1100 4853 1424 4925 praedixerat
1471 4869 1485 4907 :
1534 4851 1861 4917 Homicidia,
1913 4854 2002 4908 in-

436 4949 576 5017 quit.
634 4947 776 5017 ﬁlius
821 4947 961 5001 misit
984 4949 1073 5017 qui
1106 4961 1190 4998 me
1238 4947 1493 5013 perimat,
1532 4945 1622 4998 sed
1670 4961 1759 4999 vos
1807 4946 2001 4999 clausis

437 5038 634 5109 [oribus
659 5039 806 5093 aditu
835 5052 1190 5107 percussorem
1221 5035 1494 5099 prohibete
1525 5051 1543 5089 :
1573 5046 1820 5107 sequetur
1860 5038 2001 5090 enim

438 5146 531 5184 rea:
576 5137 776 5183 mutato
816 5128 1054 5182 consilio.
1079 5128 1263 5197 Itaque
1304 5127 1509 5183 factum
1535 5136 1620 5183 est
1646 5147 1659 5182 :
1685 5143 1810 5183 nam
1845 5128 2001 5184 Jora—

438 5236 580 5285 nius,
611 5220 812 5275 omissa
844 5222 1025 5290 priore
1068 5218 1419 5289 cogitatione,
1453 5227 1817 5289 properanter
1844 5218 1996 5288 101

437 5312 503 5366 ad
527 5311 852 5382 prophetam
879 5309 1047 5370 venit,
1069 5309 1443 5378 expostulans,
1465 5310 1610 5379 quod
1630 5324 1998 5363 aerumnarum

434 5404 813 5475 depulsionem
839 5402 1011 5456 Deum
1041 5416 1150 5456 non
1174 5409 1450 5456 exoraret.
1476 5400 1542 5454 At
1568 5400 1658 5454 ille
1687 5417 1701 5454 :
1731 5399 1882 5463 Cras,
1914 5399 2003 5453 in-

2103 4856 2214 4908 Kal
2266 4856 2408 4907 κατὰ
2454 4851 2549 4906 τοῦ
2581 4852 2867 4925 προφήτου
2926 4853 3251 4928 ὲξτνῖιργιστο,
3284 4858 3365 4911 ὅτι
3399 4861 3470 4930 μὴ
3499 4859 3653 4909 δέοιτο

2102 4945 2196 4999 τοῦ
2233 4944 2368 4998 Θεοῦ
2399 4945 2560 4998 λῦσαι
2595 4944 2696 5016 τὴν
2743 4946 3007 5012 κάκωσιν,
3045 4947 3137 5001 καὶ
3171 4948 3261 5001 τὸν
3315 4948 3652 5003 ἀποκτενοῦν-

2101 5055 2168 5090 τα
2217 5037 2381 5090 αὐτὸν
2436 5034 2701 5104 ἐπεμψεν.
2765 5034 3074 5101 Ἐλισσαῖος
3127 5037 3205 5102 δὲ,
3240 5041 3351 5103 τοῖς
3392 5038 3650 5109 φοιτηταῖς

2102 5127 2327 5199 ὁμιλῶν,
2362 5129 2624 5199 προεῖπεν
2670 5128 2873 5193 αὐτοῖς,
2926 5130 3007 5182 ὅτι
3070 5128 3134 5183 Ὃ
3157 5131 3263 5185 τοῦ
3291 5134 3509 5201 φονέως
3533 5129 3647 5195 υιύς

2103 5222 2342 5275 κτανεῖν
2398 5239 2476 5291 με
2511 5220 2903 5275 ἀπέστειλενο
2946 5221 3085 5277 ἀλλ’
3124 5224 3314 5293 ὑμεῖς,
3348 5225 3458 5293 τὴν
3477 5224 3647 5289 θύραν

2103 5315 2478 5379 κλείσαντες,
2522 5314 2838 5367 κωλύσατε
2858 5313 2975 5382 τὴν
3001 5315 3251 5369 εἴσοδον
3288 5315 3369 5382 τῷ
3413 5310 3640 5385 σφαγεῖ’

2102 5407 2309 5475 ἕψεται
2359 5406 2466 5475 γὰρ
2505 5405 3066 5475 μεταμεμελημένος
3104 5410 3137 5462 ό
3183 5409 3496 5475 βασιλεὺς.
3548 5404 3645 5460 Καὶ

436 5497 576 5565 quit,
602 5495 704 5548 duo
724 5504 845 5548 sata
881 5492 1061 5547 hordei
1103 5491 1230 5548 siclo
1261 5492 1570 5557 pendentur,
1599 5501 1648 5545 et
1691 5490 1990 5561 similaginii

2100 5499 2150 5552 oi
2199 5497 2297 5568 μὲν
2355 5498 2495 5551 κατά
2550 5498 2640 5549 τὸν
2686 5496 2780 5550 τοῦ
2837 5500 3121 5569 προφήτου
3178 5499 3338 5570 λόγον
3371 5502 3636 5569 ἐποὶησαν·

434 5598 611 5642 satum
650 5587 926 5641 tantidem.
962 5583 1100 5640 Tum
1148 5584 1374 5656 quidam
1407 5599 1474 5638 ex
1506 5584 1649 5654 regis
1673 5582 2001 5638 comitibus:

441 5678 803 5745 Incredibilia,
839 5677 934 5744 ait,
968 5681 1244 5749 propheta,
1269 5677 1418 5730 dicis.
1450 5675 1552 5730 Cui
1576 5675 1701 5729 ille:
1736 5672 1864 5738 Qua:
1887 5673 2005 5743 pol-

440 5770 614 5823 licitus
636 5786 774 5837 sum,
802 5771 1001 5841 inquit,
1044 5769 1239 5824 videbis
1265 5786 1284 5823 :
1332 5767 1423 5822 sed
1448 5765 1513 5820 ob
1552 5765 2002 5832 incredulitatem,

2112 5587 2316 5658 Ἰωρὰμ
2370 5588 2459 5652 δὲ,
2525 5585 3141 5657 μεταϐουλευσάμενος,
3224 5592 3463 5644 σπεύδων
3522 5585 3638 5653 πρὸς

2099 5677 2190 5730 τὸν
2238 5677 2524 5746 προφήτην
2591 5674 2857 5744 ἀφίκετο,
2928 5676 3022 5730 καὶ
3070 5678 3259 5748 ήτιᾶτο
3320 5679 3507 5743 αὑτὸν,
3565 5675 3635 5726 ὅτι

2102 5769 2176 5837 μὴ
2203 5766 2373 5818 δέοιτο
2402 5767 2495 5819 τοῦ
2542 5764 2697 5818 ’Θεοῦ
2745 5765 2904 5819 λῦσαι
2969 5769 3120 5835 σφίσι
3155 5770 3222 5822 τὰ
3286 5769 3526 5839 λυπηρά·
3579 5764 3636 5815 ’0

438 5864 503 5917 iis
537 5878 638 5918 non
678 5864 892 5934 frueris.
934 5865 1010 5920 Ea
1040 5866 1207 5936 igitur
1241 5870 1399 5917 nocte
1430 5861 1669 5916 sonitum
1716 5874 1990 5925 curruuml

2100 5858 2194 5925 δὲ,
2222 5858 2461 5926 Αὔριον,
2509 5857 2636 5927 ἔφη,
2696 5857 2804 5911 δύο
2847 5857 3005 5912 σάτα
3064 5859 3272 5929 κριθῆς
3306 5858 3632 5929 πρίιθιὶσετινι
