3878 6558
487 361 593 428 199

1719 375 2047 440 JOANNIS
2087 378 2411 441 ZONARE

3645 398 3757 459 200
3797 409 3803 414 '

478 479 815 547 aﬂlixerunt,
843 497 955 539 uno
982 493 1197 542 tantum
1224 488 1470 547 Ochozia
1498 508 1568 549 ex
1603 494 1768 566 regiis
1791 495 1919 550 tiliis
1951 510 2041 549 nor

2164 494 2264 551 καὶ
2314 496 2427 550 τῶν
2480 496 2690 553 τέκνων
2735 499 2944 573 φθορὰν
3021 500 3110 557 διὰ
3164 502 3264 576 τὴν
3309 505 3592 574 ἀσέεειαν,
3658 513 3756 566 καὶ

478 595 795 663 interfecm,
841 608 899 655 et
953 600 1213 660 Joramus
1255 607 1455 673 etiam,
1499 618 1559 663 ut
1596 609 1866 681 propheta
1921 626 2061 682 pra:-

479 689 715 755 dixerat,
740 708 807 745 ex
831 692 1008 747 morbi
1027 695 1295 766 gravitate
1319 698 1531 755 interiit
1549 716 1698 756 anno
1719 703 1900 758 aetatis
1919 720 2059 775 qua-

478 782 810 853 dragesimo,
851 786 1006 856 regni
1053 798 1283 856 octavo,
1330 789 1565 846 Ochozia
1598 792 1711 848 lilio
1741 809 2062 854 successore

480 883 694 938 relicto.
728 883 949 940 Accidit
983 897 1168 941 autem
1208 899 1269 942 ut
1296 888 1553 945 Joramus
1587 890 1750 958 alter,
1782 892 2059 951 Israelita-

478 991 601 1030 rum
632 993 747 1041 rex,
786 988 1040 1050 suscepta
1065 989 1255 1034 contra
1285 979 1453 1053 Syros
1481 983 1833 1054 expeditione
1867 986 2061 1043 vulne-

479 1077 653 1133 ratus,
694 1069 837 1143 Jehu
868 1072 1085 1126 Amasis
1117 1069 1230 1127 filio
1268 1074 1412 1144 apttd
1449 1076 1755 1132 exercitum
1790 1094 1916 1135 cum
1954 1079 2059 1135 im-

479 1159 634 1227 perio
666 1160 903 1227 relicto,
971 1162 1037 1216 ad
1090 1165 1399 1220 curandum
1458 1166 1630 1223 ictum
1681 1170 1879 1226 abiret.
1948 1171 2056 1229 Sed

483 1251 711 1305 Eliszeus
750 1252 1046 1321 quemdam
1091 1270 1157 1310 ex
1208 1256 1495 1328 discipulis
1532 1259 1601 1314 ad
1641 1260 1839 1317 Jehum
1873 1278 2054 1334 regem

477 1341 857 1413 inungendum
890 1346 1083 1412 mittit,
1135 1358 1195 1404 ut
1243 1350 1520 1407 delectum
1553 1368 1582 1407 a
1610 1354 1742 1411 Deo.
1778 1354 1882 1421 Qui
1917 1355 2056 1413 Jehu

474 1436 740 1501 seducto,
799 1450 857 1492 ut
902 1440 1087 1494 arcani
1129 1442 1339 1513 aliquid
1407 1446 1952 1513 communicaturus,
2001 1456 2057 1504 et

472 1529 733 1583 conclave
786 1530 1097 1601 ingressus,
1145 1548 1312 1604 caput
1344 1536 1465 1605 ejus
1509 1538 1632 1593 oleo
1681 1537 2051 1608 perfundens,

472 1633 599 1670 cum
634 1635 663 1672 a
691 1619 803 1673 Deo
838 1622 1014 1676 creari
1049 1640 1231 1695 regem
1270 1628 1368 1692 ait,
1400 1628 1467 1682 ad
1502 1629 1709 1683 Ac'ltabi
1733 1646 1907 1699 genus
1952 1631 2052 1686 de-

477 1709 705 1766 lendum
735 1727 749 1765 :
783 1722 837 1767 et
878 1713 964 1768 bis
994 1715 1157 1770 dictis
1178 1761 1191 1781 ,
1233 1719 1418 1772 subito
1448 1735 1477 1773 e
1513 1722 1759 1776 conclavi
1789 1737 1847 1777 se
1875 1723 2054 1792 prori-

2169 586 2271 657 τήν
2306 587 2402 641 τοῦ
2437 586 2571 642 λαοῦ
2598 590 2866 645 κάκωσιν.
2914 592 2980 644 ’Δ
3014 592 3111 645 καὶ
3143 593 3224 655 εἰς
3254 593 3417 667 ἔργον
3457 595 3751 669 ἐξέόησαν,

2181 676 2434 746 ’Δράσων
2485 680 3038 751 ἐπιστρατευσάντων
3056 685 3126 754 τῇ
3154 681 3406 758 Ἰουδαίᾳ,
3474 687 3596 752 ἐνὸς
3640 689 3756 743 τῶν

2171 770 2306 823 υἱῶν
2336 769 2503 825 αὐτοῦ
2535 772 2937 842 περισωθέντος
2971 774 3068 829 τοῦ
3102 774 3371 846 Ὀχοζίου.
3400 779 3514 834 Καὶ
3543 778 3755 854 Ἰωρὰμ

2167 862 2225 915 δὲ
2270 864 2410 933 μετά
2435 864 2612 921 ταῦτα
2650 869 2909 941 νοσήσας,
2946 867 3027 933 ὡς
3055 870 3084 924 6
3113 873 3405 943 προφήτης¹
3424 874 3749 946 προείρηκε,

2169 953 2365 1025 βιαίως
2435 957 2683 1027 ἐξέψυξε,
2736 961 2911 1031 ζήσας
2969 963 3071 1034 μὲν
3133 965 3418 1019 ἐνιαυτοὺς
3470 971 3752 1042 τεσσαρά-

2168 1064 2358 1109 κοντα.
2403 1047 2728 1118 βασιλεύσας
2783 1054 2840 1107 δὲ
2872 1055 3036 1109 ὀκτώ.
3070 1056 3147 1109 Ἠ
3201 1056 3247 1110 δ’
3307 1058 3452 1131 ἀρχὴ
3508 1062 3588 1131 τῷ
3644 1061 3753 1133 υἱῷ

2167 1139 2335 1193 αὑτοῦ
2367 1141 2587 1215 Ὀχοζίᾳ
2644 1145 3060 1217 περιελήλυθεν.
3105 1147 3313 1219 Ἰωρὰμ
3362 1151 3420 1205 δὲ
3441 1153 3520 1224 τῷ
3570 1155 3751 1225 ἑτέρῳ

2163 1233 2274 1286 τῶν
2308 1234 2659 1306 Ἰσραηλιτῶν
2688 1236 2901 1308 βασιλεῖ
2926 1242 3071 1295 κατὰ
3102 1241 3212 1294 τῶν
3248 1243 3438 1315 Σύρων
3483 1246 3753 1316 στρατεύ-

2165 1342 2322 1379 σαντι
2355 1329 2555 1398 συνέϐη
2612 1330 2937 1401 τοξευθῆναι
2976 1336 3033 1387 ἐν
3074 1332 3153 1404 τῷ
3180 1333 3423 1406 πολέμῳ·
3456 1339 3549 1391 καὶ
3582 1340 3611 1392 6
3644 1339 3748 1408 μὲν

2162 1421 2480 1492 ἀνεχώρησε
2558 1423 3110 1497 ϐεραπευθησόμενος
3177 1428 3278 1501 τὴν
3327 1430 3565 1503 πληγὴν,
3614 1435 3751 1501 ins-

2165 1513 2303 1586 μόνα
2372 1514 2472 1587 τῆς
2534 1519 2798 1585 στρατιᾶς
2861 1520 3200 1593 καταλείψας
3257 1525 3434 1594 Ἰηοῦν
3501 1525 3593 1577 τὸν
3646 1526 3744 1579 τοῦ

2178 1608 2412 1679 Ἀμασῆ.
2450 1608 2756 1674 Ἐλισσαῖος
2805 1610 2852 1664 δ’
2899 1611 2996 1666 ἕνα
3043 1613 3155 1667 τῶν
3187 1616 3449 1685 μαθητῶν
3502 1615 3743 1687 ἔπεμψε,

2159 1700 2422 1771 χρίσοντα
2457 1703 2537 1765 εἰς
2570 1702 2797 1773 βασιλέα
2822 1707 2913 1758 τὸν
2947 1705 3142 1777 Ἰηοῦν,
3175 1708 3252 1770 ῶς
3276 1709 3371 1762 τοῦ
3403 1708 3540 1762 Θεοῦ
3575 1710 3745 1765 αὐτὸν

474 1800 570 1868 pit.
605 1801 1063 1861 Percontantibus
1095 1819 1279 1863 autem
1311 1810 1447 1876 suis,
1481 1812 1614 1882 quid
1653 1814 1722 1868 ab
1763 1814 1855 1871 illo
1876 1791 2041 1870 dvoca-

2161 1791 2464 1861 ᾑρημένου.
2524 1793 2590 1847 '0
2615 1793 2660 1847 δ’
2684 1793 2875 1863 ἐλθὼν,
2917 1797 3026 1870 ἰδίᾳ
3056 1798 3165 1852 τῶν
3221 1799 3399 1857 ἄλλων
3445 1798 3744 1854 ἀπολαϐὼν

474 1896 564 1945 tus
585 1902 751 1958 esset,
782 1896 876 1964 qui
897 1897 1120 1965 quidem
1140 1897 1371 1953 furentis
1387 1874 1600 1972 gestum
1629 1918 1742 1972 prae
1759 1919 1816 1958 se
1836 1905 2041 1966 ferret:

2161 1886 2253 1936 τὸν
2282 1885 2479 1955 Ἰηοῦν,
2522 1888 2600 1951 ῶς
2638 1889 2702 1959 δή
2730 1907 2784 1943 τι
2812 1890 2983 1956 λέξων
3018 1892 3169 1963 αὐτῷ
3203 1893 3633 1964 μυστικώτερον,
3658 1894 3742 1957 εις

474 1983 645 2047 Recte,
680 1984 878 2056 inquit,
900 1989 1179 2056 judicatis,
1208 2008 1332 2045 nam
1359 1992 1513 2047 verba
1540 1996 1720 2063 lurore
1741 1996 1899 2067 plena
1927 2000 2051 2055 milii

472 2080 735 2131 nuntiavit
764 2093 782 2131 :
807 2078 943 2133 dixit
970 2083 1108 2135 enim
1142 2099 1223 2137 me
1258 2101 1289 2138 α
1320 2083 1428 2138 Deo
1456 2096 1691 2141 creatum
1720 2105 1828 2142 esse
1850 2107 2047 2161 regem.

471 2165 681 2231 Quibus
708 2171 946 2240 populus
968 2174 1192 2239 auditis,
1217 2175 1414 2232 Jeltum
1453 2178 1601 2236 tubis
1633 2180 1838 2238 inﬂatis
1865 2200 2049 2255 regem

469 2258 692 2315 Salutat.
725 2259 845 2326 Quo
871 2262 1041 2331 facto,
1085 2266 1203 2330 ille,
1227 2267 1457 2324 delectis
1495 2274 1778 2342 equitibus
1835 2291 2050 2332 assum—

467 2349 598 2412 ptis,
636 2349 703 2403 ad
734 2350 1016 2410 Joramum
1054 2357 1240 2412 subito
1277 2362 1704 2431 opprimendum
1743 2367 2051 2436 proficisci-

469 2447 579 2495 tur.
618 2440 757 2497 Cnm
804 2455 989 2501 autem
1046 2452 1366 2516 speculator
1402 2455 1626 2511 Joramo
1675 2458 1909 2517 dixisset
1948 2461 2048 2518 ad-

466 2540 695 2588 ventare
746 2536 987 2605 equites,
1036 2541 1210 2597 mittit
1254 2546 1548 2613 quemdam
1586 2548 1681 2621 qui
1725 2565 1878 2623 roget
1914 2553 2047 2622 quid

466 2624 663 2681 velint.
697 2626 836 2683 Eum
865 2626 1066 2696 Jchus,
1105 2635 1259 2691 nullo
1291 2636 1420 2693 dato
1468 2654 1755 2711 responso.
1790 2659 1850 2699 se
1881 2644 2049 2716 jussit

466 2718 644 2789 sequi.
700 2720 866 2777 Misso
915 2733 972 2778 et
1026 2728 1243 2795 altero,
1307 2747 1412 2786 nec
1469 2747 1695 2790 reverso
1729 2773 1745 2798 .
1789 2722 2048 2794 Jo'ramns

467 2810 609 2880 ipse,
664 2829 829 2870 curru
879 2832 1186 2876 conscenso
1227 2838 1353 2878 cum
1393 2824 1630 2883 Ocltozia
1678 2831 1888 2886 sororis
1934 2846 2048 2889 sua:

467 2901 603 2970 lilio,
651 2907 747 2975 qui
812 2909 1026 2967 visendi
1067 2916 1188 2983 ejus
1235 2917 1410 2985 gratia
1458 2928 1731 2987 venerat,
1792 2920 1932 2977 Jeho
1988 2922 2047 2977 in

450 3008 597 3065 ‘agro
650 2996 925 3057 Nabuthis
996 3006 1274 3071 occurrit,
1327 3024 1527 3079 rogans
1588 3020 1648 3066 ιιι
1699 3028 1760 3067 se
1816 3014 2047 3072 haberet

464 3088 785 3144 exercitus?
813 3092 918 3159 Qui
957 3110 1084 3152 cum
1124 3098 1438 3156 maledictis
1479 3117 1606 3158 eum
1654 3104 2044 3175 insectaretur,

2152 1978 2215 2031 τὸ
2246 1982 2496 2049 ταμιεῖον
2526 1981 2731 2047 εἰσδὺς,
2777 1982 2839 2036 τδ
2886 1983 3069 2040 ἔλαιον
3126 1985 3357 2055 κατέχεε
3411 1986 3513 2057 τῆς
3568 1986 3741 2040 αὐτοῦ

2153 2072 2416 2142 κεφαλῆς,
2479 2074 2660 2143 φήσας
2711 2076 2988 2147 αἱρεῖσθαι
3038 2078 3131 2132 τὸν
3190 2079 3324 2133 θεὸν
3374 2079 3455 2142 είς
3507 2078 3741 2151 βασιλέα

2153 2163 2340 2230 αὑτὸν,
2382 2164 2451 2217 ἶν’
2473 2166 2716 2242 ἀφανίσῃ
2736 2170 2797 2221 τὸ
2852 2171 3011 2238 γένος
3039 2170 3131 2225 τοῦ
3157 2170 3387 2242 Ἀχαάδ.
3426 2172 3537 2226 Καὶ
3573 2174 3602 2226 ὁ
3635 2173 3739 2242 μέν

2151 2256 2268 2328 ἅμα
2299 2275 2358 2311 τε
2384 2254 2527 2323 εἶπε,
2588 2264 2679 2315 καὶ
2723 2263 2788 2316 ἐκ
2824 2263 2919 2317 τοῦ
2969 2265 3219 2335 ταμιείου
3277 2265 3585 2331 σπουδαίως
3624 2266 3767 2335 ἐξὲο,

2151 2352 2349 2424 δραμε.
2385 2354 2816 2426 Πυνθανομένων
2846 2356 2903 2411 δέ
2928 2355 3036 2410 τῶν
3066 2359 3165 2422 σὺν
3202 2358 3371 2428 αὐτῷ,
3401 2358 3453 2412 τί
3479 2360 3547 2414 ἂν
3609 2360 3741 2429 βού-

2150 2441 2297 2499 λοιτο
2335 2447 2362 2499 6
2396 2445 2640 2511 καλέσας
2667 2448 2963 2513 αὑτὸν,καὶ
2992 2451 3261 2522 μεμηνότι
3288 2453 3739 2523 παρεικαζόντων

2151 2536 2387 2591 ἐκεῖνον’
2441 2535 2653 2607 Ὀρθῶς
2685 2540 2984 2608 ἐκρίνατε,
3022 2541 3149 2613 ἔφη,
3184 2543 3315 2597 ἐπεὶ
3360 2545 3459 2599 καὶ
3506 2548 3738 2616 λόγους

2145 2646 2249 2698 μοι
2300 2631 2570 2699 μεστοὺς
2622 2635 2848 2703 μανίας
2909 2633 3298 2705 ἀπήγγειλεν.
3364 2637 3570 2708 Εἰρηκε
3619 2638 3737 2708 γὰρ

2152 2723 2379 2794 βασιλέα
2413 2741 2481 2795 με
2514 2729 2839 2796 χειροτονεῖν
2876 2726 2967 2781 τὸν
2985 2729 3141 2783 Θεόν.
3169 2732 3278 2783 Καὶ
3301 2733 3330 2783 6
3369 2730 3521 2797 λαὸς,
3561 2730 3737 2785 ἀκού.⁹

2155 2830 2254 2879 σας
2282 2815 2479 2881 ταῦτα,
2518 2815 2795 2881 σαλπίζων
2824 2820 3127 2891 ἀνηγόρευε
3161 2821 3383 2893 βασιλέα
3409 2822 3500 2876 τὸν
3529 2823 3731 2895 Ἰηοῦν.

2162 2907 2221 2961 Ὀ
2248 2908 2330 2976 δέ,
2367 2910 2571 2965 αὐτίκα
2615 2913 2743 2971 τοὺς
2782 2913 3015 2982 λογάδας
3077 2917 3187 2968 τῶν
3219 2917 3430 2971 ἱππέων
3472 2918 3731 2990 παραλα-

2149 3000 2282 3065 δὼν,
2321 3001 2670 3074 ἐξώρμησεν,
2701 3005 2772 3059 ἵν’
2805 3006 3002 3078 ἀθρόον
3052 3009 3258 3081 ἐπέλθῃ
3293 3013 3406 3071 τοῖς
3465 3015 3594 3082 περὶ
3635 3014 3736 3067 τὸ]

2163 3091 2390 3162 Ἰωράμ.
2444 3094 2551 3146 Τοῦ
2583 3096 2640 3147 δὲ
2696 3096 2904 3148 σκοποῦ
2958 3096 3275 3168 τῷἹωράμ
3326 3102 3511 3164 ἱππεῖς
3567 3101 3735 3173 ἥκειν

469 3178 625 3250 103
652 3181 906 3241 Joramus
928 3190 1157 3246 territus
1192 3190 1377 3263 fugam
1409 3196 1667 3269 capessit.
1703 3198 1842 3254 Tum
1869 3202 2041 3259 Jehus

2151 3185 2450 3253 φήσαντος,
2503 3185 2714 3241 ἔστειλε
2768 3202 2894 3241 τινα
2950 3189 3157 3250 ἐκεῖνος
3213 3191 3504 3260 ἐρωτῶντα
3568 3195 3619 3246 τί
3658 3193 3731 3249 ἂν

464 3269 681 3329 intento
712 3291 843 3333 arcu
881 3295 1007 3335 eum
1040 3280 1191 3346 ferit.
1221 3297 1282 3340 ut
1309 3302 1477 3345 curru
1509 3287 1771 3364 delapsus
1796 3309 2040 3352 morere-

465 3372 572 3418 tur.
605 3365 695 3458 Sic
728 3367 783 3422 in
820 3368 1089 3429 Nabuthis
1134 3393 1328 3447 agrum
1360 3389 1447 3436 est
1493 3384 1796 3453 projectus.
1846 3403 2041 3458 quem"

465 3454 765 3512 admodum
838 3462 983 3519 Elias
1035 3466 1261 3524 Achaho
1324 3473 1678 3542 praedixerat.
1742 3454 2042 3537 Ochoziam

461 3544 594 3639 item
626 3549 927 3621 fugientem
963 3559 1161 3630 sagitta
1201 3562 1298 3619 icit
1326 3565 1519 3634 Jchus,
1562 3584 1628 3624 ex
1662 3586 1774 3641 quo
1811 3572 2041 3630 vulnere

460 3647 508 3689 ts
540 3652 762 3707 quoque
813 3645 979 3713 paulo
1019 3656 1142 3715 post
1170 3661 1253 3706 est
1289 3664 1564 3721 mortuus,
1594 3672 1720 3713 cum
1756 3675 1925 3715 unum
1954 3676 2042 3717 re-

459 3737 680 3794 gnasset
732 3744 962 3790 annum.
1001 3735 1221 3797 Jezabel
1276 3750 1459 3798 autem
1508 3744 1576 3802 de
1623 3748 1764 3803 turri
1808 3746 2037 3821 prospe-

460 3822 640 3883 ctans,
667 3820 942 3891 exquisite
974 3826 1143 3889 culta.
1181 3839 1241 3887 ut
1281 3833 1579 3903 gratiosior
1610 3850 1758 3896 esset
1790 3820 2035 3907 :VBonius,

460 3908 666 3978 inquit,
717 3928 896 3968 servus
941 3918 1033 3987 qui
1085 3919 1356 3976 dominum
1402 3939 1558 3980 suum
1597 3927 1833 3988 sustulit.
1866 3930 2040 3989 Jehus

457 4009 645 4055 autem
673 4005 946 4060 eunuchis
983 4010 1206 4065 mandat
1247 4025 1307 4068 ut
1348 4030 1471 4071 eam
1506 4032 1746 4089 superne
1778 4025 2039 4097 praecipi-

460 4099 664 4159 tarent,
700 4111 733 4151 e
762 4112 873 4167 quo
903 4115 1030 4155 casu
1071 4108 1376 4164 cruentatis
1396 4110 1705 4181 parietibus
1725 4114 1819 4170 illa
1845 4118 2034 4188 periit.

455 4183 635 4250 Quam
653 4200 795 4280 -cum
818 4187 1012 4280 AJehus
1042 4192 1114 4247 ob
1151 4211 1327 4266 genus
1366 4201 1577 4272 regium
1623 4183 2041 4280 sepeliri-jube-

456 4283 562 4341 τοι,
593 4275 830 4334 ministri
858 4290 1066 4351 praeter
1113 4299 1237 4342 ossa
1278 4289 1421 4345 nihil
1464 4305 1808 4364 repererunt.
1858 4275 2036 4358 Canes

452 4369 604 4425 enim
629 4387 751 4427 eam
782 4372 1184 4447 dilacerahant,
1212 4392 1272 4437 ut
1298 4384 1448 4443 Elias
1478 4388 1829 4456 praedixerat.
1859 4393 2035 4453 Erant

452 4463 683 4521 Achabo
742 4467 1005 4528 Samarize
1055 4477 1404 4548 septuaginta
1459 4478 1582 4536 ﬁlii.
1637 4482 1810 4541 Jebus
1863 4487 2034 4560 igitur

2145 3275 2444 3347 βούλοιντο.
2511 3278 2683 3348 Ἰηοῦς
2724 3280 2802 3347 δὲ,
2864 3281 3030 3352 μηδὲν
3078 3282 3421 3353 ἀποκριθεὶς,
3491 3286 3730 3344 ἕπεσθαι

2143 3371 2296 3440 αὐτῷ
2364 3373 2759 3442 προετρέπετο.
2815 3370 2949 3428 Εῐτα
3004 3377 3099 3429 καὶ
3155 3377 3409 3448 δεύτερον
3460 3380 3726 3438 ἔστειλεν·

2141 3463 2250 3518 οὐδ’
2285 3465 2497 3519 ἐκείνου
2520 3465 2578 3521 δὲ
2610 3466 3080 3539 ἀναστρέψαντος,
3114 3469 3277 3535 αὐτὸς
3305 3473 3333 3525 ό
3364 3473 3597 3546 Ὶωρᾶιμ,
3621 3476 3724 3530 τοῦ

2145 3556 2395 3630 ἅρματος
2432 3559 2654 3626 ἐπιϐὰς,
2683 3561 2779 3616 σὺν
2804 3561 3050 3636 Ὀχοζίᾳ,
3083 3565 3294 3621 ἐλθόντι
3325 3568 3462 3635 πρὸς
3490 3571 3727 3624 ἐπίσχε-

2139 3651 2235 3722 ψιν
2277 3652 2447 3705 αὑτοῦ
2505 3654 2743 3725 ἀδελφῆς
2783 3656 2950 3710 αὐτοῦ
2986 3658 3099 3711 ὄντι
3129 3660 3251 3729 υἱῷ,
3288 3664 3621 3734 συνήντησεν
3661 3666 3726 3724 ἐν

2138 3743 2296 3818 ἀγρῷ
2351 3745 2636 3801 Ναϐουθαὶ
2686 3747 2765 3819 τῷ
2827 3747 2992 3820 Ἰηοῦ.
3045 3752 3155 3805 Καὶ
3207 3753 3372 3825 ἦρετο
3442 3758 3569 3826 περὶ
3618 3758 3724 3830 τῆς

2146 3840 2429 3909 στρατιᾶς,
2461 3840 2607 3906 ὅπως
2647 3841 2781 3915 ἔχει.
2818 3843 2875 3895 Ὀ
2909 3844 2965 3896 δέ
2999 3846 3351 3916 βλασφημίας
3383 3848 3549 3901 αὑτοῦ
3581 3867 3726 3905 κατ-

2139 3928 2315 4001 έχεεν.
2343 3930 2548 4002 Ἰωρὰμ
2579 3932 2634 3988 δὲ
2663 3938 2921 4004 στραφεὶς
2947 3935 3314 4006 ἀπεδίδρασκε
3355 3937 3563 4000 δεδιώς.
3602 3940 3727 3993 Καὶ

2155 4022 2352 4095 Ἰηοῦς,
2384 4022 2447 4078 τὸ
2492 4026 2647 4094 τόξον
2698 4027 2959 4096 ἐντείνας,
3017 4028 3201 4102 βάλλει
3259 4032 3443 4092 αὐτόν,
3479 4034 3588 4087 Καὶ
3618 4033 3721 4089 τοῦ

2140 4119 2389 4191 ἅρματος
2418 4117 2673 4173 ἐκπεσὼν
2722 4121 2981 4193 τέθνηκε,
3013 4123 3109 4177 καὶ
3132 4123 3332 4198 ἐρρίφη
3364 4126 3444 4190 εἰς
3499 4125 3590 4181 τδν
3617 4129 3722 4181 τοῦ

2136 4210 2421 4265 Ναϐουθαὶ
2480 4209 2674 4286 ἀγρὸν,
2713 4211 2861 4266 κατά
2912 4212 3013 4283 τὴν
3057 4216 3365 4285 πρόρρησιν
3398 4215 3607 4285 Ἦλιοὺ,
3648 4220 3724 4290 ἣν

2137 4303 2274 4374 πρὸς
2296 4290 2506 4374 Ἀ’χαὰϐ
2540 4303 2858 4375 ἐποιήσατο.
2896 4304 3005 4357 Καὶ
3045 4305 3300 4376 Ὀχοζίαν
3350 4308 3406 4362 δέ
3439 4309 3724 4382 φεύγοντα

2139 4395 2430 4464 ἐτόξευσεν
2464 4395 2664 4467 Ἰηοῦς,
2706 4397 2801 4449 καὶ
2848 4398 2912 4452 ἐκ
2958 4397 3057 4469 τῆς
3090 4396 3305 4471 πληγῆς
3330 4402 3470 4470 μετά
3515 4404 3723 4477 μικρὸν

2136 4489 2515 4560 ἐτελεύτησεν,
2555 4490 2651 4543 ἕνα
2695 4488 3023 4562 βασιλεύσας
3081 4495 3351 4551 ἐνιαυτόν.
3380 4495 3626 4561 Ἰεζάϐελ
3666 4499 3721 4553 δ’

453 4555 866 4626 magistratibus
896 4561 1264 4622 Suntaritanis
1296 4578 1353 4624 et
1378 4584 1680 4647 puerorum
1706 4555 2026 4635 educatori-

2147 4584 2200 4637 ὲκ
2228 4581 2322 4634 τοῦ
2349 4555 2561 4651 πύργου
2597 4555 3014 4652 προκύπτουσα,
3049 4555 3543 4660 κεκαλλωπισμένη
3571 4590 3724 4661 πρὸς

452 4645 557 4701 bus
585 4650 797 4715 scribit,
834 4653 1175 4722 signiﬁcans,
1224 4668 1287 4714 ut
1334 4646 1853 4733 praestantisSimum
1900 4672 2027 4727 illo-

451 4754 576 4796 rum
632 4757 813 4814 regem
871 4758 1146 4806 crearent.
1207 4751 1266 4808 ld
1317 4764 1501 4812 autem
1557 4760 1806 4816 tentandi
1852 4764 2027 4832 gratia

448 4827 709 4889 faciebat.
749 4835 827 4893 Illi
860 4839 1173 4906 rescribunt
1215 4858 1343 4899 eum
1379 4862 1501 4904 esse
1524 4865 1686 4906 suum
1715 4827 2024 4914 dominum.

451 4922 728 4982 Rescribit
773 4927 941 4998 igitur
967 4930 1162 5000 Jehus,
1191 4934 1238 4989 si
1276 4950 1335 4992 se
1370 4955 1556 4996 servos
1583 4958 1716 5000 suos
1740 4960 1861 5002 esse
1891 4947 2027 5005 fate-

450 5025 664 5082 rentur,
702 5022 881 5090 capita
923 5025 1169 5081 omnium
1212 5026 1451 5087 ﬁliorum
1497 5033 1703 5092 Achabi
1735 5039 2023 5099 allaturos.

450 5106 845 5182 Exsequuntur
893 5115 970 5170 illi
1020 5119 1193 5188 jussa.
1249 5122 1366 5178 Rex
1403 5128 1583 5195 capita
1631 5136 1760 5184 ante
1806 5143 2023 5201 portam

451 5200 605 5258 urbis
653 5201 871 5258 duobus
910 5208 1039 5276 poni
1076 5209 1211 5265 locis
1246 5212 1425 5283 jubet,
1465 5230 1642 5286 eoque
1691 5200 1837 5275 facto
1895 5238 2027 5290 pro-

448 5311 666 5366 gressus
697 5314 710 5350 :
747 5297 879 5371 Ego,
916 5301 1114 5372 inquit,
1151 5321 1323 5377 regem
1355 5309 1545 5364 sustuli
1580 5327 1598 5365 :
1630 5314 1717 5367 isti
1736 5317 2025 5369 secundum

444 5390 710 5460 propheta:
749 5396 1139 5464 prwdictionem
1175 5402 1469 5468 perierunt.
1492 5403 1561 5458 Et
1589 5421 1781 5459 omnes
1813 5405 2023 5465 Achabi

444 5494 710 5552 cognatos
740 5489 1084 5556 conquisitos
1113 5502 1294 5546 necat.
1340 5495 1645 5549 Samariam
1674 5507 1855 5553 autem
1892 5516 2023 5571 pro-

443 5572 779 5631 ficiscentem
829 5578 1028 5634 Jeltum
1078 5582 1422 5649 Jonadabus,
1473 5586 1692 5645 obviam
1740 5604 2018 5659 egressus,

444 5668 720 5725 collaudat
749 5671 820 5727 ob
847 5674 1204 5743 exstirpatam
1230 5677 1438 5731 Achabi
1468 5677 1750 5734 familiam.
1782 5681 1861 5736 Ne
1895 5687 2021 5754 quis

444 5768 629 5813 autem
677 5763 1289 5835 pseudoprOphetarum
1329 5779 1385 5821 et
1443 5769 1623 5825 Baalis
1664 5775 2016 5831 sacerdotum

443 5851 639 5913 lateret
667 5856 860 5929 Jehus,
889 5874 949 5916 se
981 5860 1267 5931 magnifice
1303 5859 1580 5919 facturum
1632 5880 1754 5924 esse
1786 5882 1905 5942 rem
1934 5869 2020 5927 di-

2132 4673 2193 4726 τὺ
2228 4674 2672 4744 ἐπαγωγότερον,
2725 4673 2998 4746 Ἀγαθός,
3035 4674 3180 4746 εἷπε,
3228 4679 3468 4750 δοῦλος,
3502 4682 3570 4750 ὃς
3601 4686 3722 4739 τὸν

2131 4759 2442 4829 δεσπότην
2487 4762 2750 4820 ἀνεῖλεν.
2778 4763 2956 4830 Ἰηοῦς
2997 4766 3051 4820 δέ
3093 4767 3303 4823 ἀνωθεν
3335 4769 3506 4843 αὐτὴν
3549 4771 3720 4844 ῥίψαι

2130 4853 2242 4915 τοῖς
2272 4851 2552 4925 εὐνούχοις
2569 4855 2892 4922 προσέταξε.
2920 4859 3493 4935 Καὶκαταφερομένης
3511 4866 3716 4936 αὐτῆς,

2130 4945 2510 5019 περιερῤἀνθη
2553 4945 2616 5000 τὸ
2647 4949 2824 5019 τεῖχος
2861 4949 2935 5020 τῷ
2972 4951 3186 5021 αἵματι.
3237 4953 3301 5006 Ἥ
3336 4954 3394 5007 δέ
3418 4956 3716 5027 τέθνηκεν.

2145 5033 2290 5105 Ἰηοῦ
2318 5036 2376 5091 δὲ
2422 5041 2662 5109 ταφῆναι
2698 5038 2868 5109 αὐτὴν
2898 5043 3309 5113 προστάξαντος
3341 5046 3428 5100 διά
3455 5047 3515 5100 τὸ
3549 5051 3721 5117 γένος

2129 5127 2306 5198 αὐτῆς
2341 5128 2403 5180 τὸ
2436 5127 2727 5198 βασίλειον,
2785 5134 2835 5186 οἱ
2872 5136 3277 5203 προπαγέντες
3339 5136 3490 5190 οὐδὲν
3548 5134 3720 5210 εὗρον

2129 5222 2195 5275 ἐκ
2258 5221 2351 5275 τοῦ
2400 5223 2653 5292 σώματος
2708 5225 2946 5296 αὐτῆςῆ
3001 5228 3137 5298 μόνα
3195 5228 3350 5286 ὀστᾶ.
3418 5230 3554 5285 Ὑπὸ
3597 5235 3719 5306 γὰρ

2128 5311 2306 5366 κυνῶν
2323 5313 2715 5384 διεσπάρακτο,
2737 5315 2813 5380 ὡς
2840 5316 3024 5371 Ἠλιοῦ
3056 5324 3489 5391 προεφήτευσεν.
3516 5320 3718 5379 Ἦσαν

2127 5407 2183 5460 δὲ
2217 5408 2275 5459 ἐν
2299 5408 2587 5481 Σαμαρείᾳ
2626 5408 2700 5480 τῷ
2724 5411 2935 5480 Ἀχαάϐ
2969 5414 3075 5466 υἱοὶ
3131 5413 3532 5484 ἐϐδομήκοντα.
3575 5419 3717 5474 Ἑπ-

2130 5500 2374 5554 έστειλεν
2396 5496 2489 5554 οῦν
2517 5501 2693 5572 Ἰηοῦς
2718 5506 2831 5568 τοῖς
2858 5504 3085 5577 ἄρχουσι
3114 5508 3449 5580 Σαμαρείας,
3469 5512 3563 5565 καὶ
3594 5519 3717 5577 τοῖς

2125 5595 2494 5662 παιδαγωγοῖς
2522 5595 2629 5648 τῶν
2649 5596 2782 5649 υίῶν
2816 5597 3042 5668 Ἀχαά6,
3091 5600 3268 5670 δηλῶν
3308 5602 3397 5654 τὸν
3465 5606 3718 5674 κρείττω

2123 5687 2333 5742 τούτων
2373 5689 2694 5758 βασιλεῦσαι
2721 5691 2939 5754 αὐτούς.
2978 5692 3325 5764 Πειρὼμενος
3375 5696 3433 5749 δὲ
3463 5695 3577 5748 τῶν
3616 5699 3719 5749 ἀν.

2122 5781 2266 5853 δρῶν
2319 5780 2526 5853 ἔγραψε
2568 5783 2766 5839 ταῦτα.
2822 5787 2886 5839 Οἱ
2930 5786 2986 5841 δὲ
3027 5787 3186 5841 αὑτὸν
3232 5786 3380 5858 ἔχειν
3431 5787 3718 5860 δεσπότην

2126 5876 2502 5947 ἀντέγραψαν.
2534 5875 2645 5932 Καὶ
2668 5872 2826 5943 αὖθις
2850 5879 3163 5935 ἐπέστειλεν
3193 5879 3370 5953 Ἰηοῦς
3392 5882 3487 5937 καὶ
3523 5882 3721 5941 είδον-
