3910 6636
267 511 360 577 ἓθό

1548 504 1951 565 ANNAIJUM
1997 503 2142 567 LIB.
2187 504 2269 564 ΙΙ.

3394 425 3497 571 ελσε

275 615 728 695 μεγαλοπρεποῦς.
773 617 980 688 Λῃσταὶ
1017 615 1075 669 δέ
1107 631 1224 667 τινα
1261 612 1561 676 ἀνελόντες,
1605 615 1684 675 εἰς
1729 611 1820 665 τὸν

1924 612 2147 668 litarnm
2184 626 2534 682 congressus,
2578 620 2633 665 ct
2680 621 2766 667 ter
2794 613 3021 669 victoria
3074 616 3304 685 potitus,
3334 632 3493 673 recu-

267 718 409 782 τάφον
435 710 528 764 τοῦ
564 710 852 780 προφήτου
882 709 1045 764 αὑτὸν
1076 707 1331 780 ἔρριψαν·
1366 708 1460 760 καὶ
1494 704 1760 776 ἀνέζησεν
1791 707 1818 758 ὁ

268 808 443 878 ριςιεὶς,
475 804 571 855 καὶ
598 803 824 872 ἀνέστη.
870 801 1137 856 Ἀπέθανε
1166 802 1226 855 δὲ
1260 800 1353 854 καὶ
1388 799 1587 871 Ἀζαὴλ
1617 802 1646 853 6
1669 798 1820 869 βασι-

265 896 367 956 ⁸ιείις
393 892 612 963 Συρίας,
641 893 735 946 ἐπὶ
757 890 988 963 διαδόχῳ
1009 892 1086 960 τῷ
1120 890 1219 961 υίῷ
1247 891 1431 962 Ἀδερ·
1455 882 1500 959 ᾧ
1527 890 1821 960 συμϐαλὼν

274 988 421 1050 Ἰωάς,
453 986 483 1038 6
528 986 641 1039 τῶν
692 983 1046 1055 Ἰσραηλιτῶν
1082 982 1354 1053 βασιλεὺς.
1397 982 1491 1036 καὶ
1534 981 1822 1053 τρισσάκις

262 1083 500 1152 ἡττήσας,
550 1079 942 1132 ὲπανεσώσατο
981 1076 1059 1146 τῷ
1111 1075 1330 1146 Ἰσραὴλ
1374 1073 1475 1145 τὴν
1515 1074 1697 1144 χώραν
1727 1073 1822 1127 καὶ

260 1174 341 1233 τὶς
368 1171 552 1234 πόλεις
582 1169 648 1234 ἃς
693 1168 894 1240 Ἀζαὴλ
929 1166 1190 1238 ἀφείλετο
1217 1168 1245 1219 6
1279 1165 1375 1219 τοῦ
1409 1166 1530 1219 Ἀδε
1541 1184 1573 1236 ρ
1610 1168 1818 1235 πατήρ.

273 1265 401 1327 Ἰωάς
433 1265 492 1317 δὲ
543 1266 573 1317 ὁ
616 1264 872 1333 βασιλεὺς
925 1260 1094 1315 Ἰούδα
1134 1259 1270 1313 ἑτῶν
1301 1258 1402 1332 μὲν
1439 1257 1516 1312 ὢν
1545 1258 1706 1325 ἑπτὰ,
1731 1259 1822 1312 ὅτε

260 1359 544 1433 ἀνερρήθη,
574 1358 903 1429 βασιλεύσας
938 1355 1224 1419 ἐνιαυτοὺς
1254 1355 1688 1426 τεσσαράκοντα,
1708 1356 1825 1408 ἐτε-

260 1451 529 1522 λεύτησεν,
567 1450 876 1522 ἀναιρεθεὶς
916 1451 1068 1520 παρὰ
1107 1448 1216 1502 τῶν
1248 1447 1600 1519 θεραπόντων
1635 1447 1821 1502 αὐτοῦ.

259 1547 354 1598 Καὶ
397 1545 502 1615 τὴν
555 1543 837 1615 βασιλείαν
887 1543 986 1612 τῆς
1030 1541 1390 1612 Ἰερουσαλὴμ
1438 1543 1467 1593 6
1498 1540 1613 1605 υίὸς
1656 1539 1823 1594 αὐτοῦ

267 1637 520 1704 Ἀμεσίας
544 1635 946 1705 περιεζώσατο,
980 1632 1214 1702 εὐσεϐὴς
1254 1633 1518 1703 γεγονὼς,
1554 1633 1691 1686 ἑτῶν
1722 1632 1822 1698 ὢν,

257 1730 332 1781 ὅτε
353 1729 451 1796 τῆς
474 1727 653 1798 ἀρχῆς
687 1727 885 1797 ἐπέϐη,
919 1727 1085 1779 πέντε
1118 1725 1213 1779 καὶ
1243 1726 1440 1779 εἴκοσι.
1487 1726 1738 1790 Ἦνυκὼς
1767 1727 1826 1780 δὲ

254 1818 339 1887 τὴν
385 1816 674 1887 βασιλείαν
717 1817 808 1869 ἐπ’
844 1816 1130 1879 ἐνιαυτοὺς
1161 1816 1317 1869 ἐννέα
1355 1817 1450 1869 καὶ
1494 1815 1693 1877 εἴκοσι.
1731 1818 1825 1872 καὶ

255 1911 366 1972 τοὺς
414 1908 716 1972 ἀνελόντας
765 1909 861 1960 τὸν
908 1907 1124 1977 πατέρα
1169 1908 1336 1961 αὑτοῦ
1393 1907 1651 1974 κολάσας,
1699 1911 1825 1972 τοὺς

1926 705 2140 774 peravit
2174 702 2547 759 Israelitarum
2583 705 2898 774 provincias
2925 715 2982 764 et
3015 707 3216 771 urbes,
3244 724 3383 778 quas
3413 710 3498 767 eis

1921 794 2125 850 Azahel
2158 793 2356 849 Adcris
2391 804 2551 864 pater
2578 794 2881 851 ademerat.
2912 796 3042 854 Joas
3068 807 3253 854 autem
3280 799 3500 855 Judaeu-

1922 903 2046 942 rum
2100 888 2260 959 106
2294 904 2390 943 rex
2433 888 2743 944 declaratus
2772 890 3075 959 septennis,
3106 907 3253 949 anno
3284 891 3501 963 imperii

1924 980 2350 1051 quadragesimo
2400 981 2658 1044 decessit,
2716 997 2748 1036 a
2804 981 3023 1037 famulis
3071 983 3186 1037 suis
3232 985 3498 1040 occisus:

1925 1074 2084 1144 cujus
2114 1075 2264 1128 tilius
2310 1071 2557 1129 Amesias
2596 1073 3095 1147 llierosolymitano
3139 1075 3372 1146 imperio
3408 1094 3505 1147 po-

1927 1166 2058 1221 titus
2091 1173 2197 1231 est,
2242 1166 2328 1220 vir
2364 1167 2509 1236 pius,
2553 1182 2700 1222 anno
2746 1171 2927 1224 aetatis
2961 1171 3227 1226 vicesimo
3277 1171 3499 1241 quinto.

1924 1272 2103 1328 eoque
2136 1257 2361 1312 functus
2390 1274 2584 1313 novem
2615 1271 2672 1315 et
2693 1260 2909 1331 viginti.
2947 1262 3126 1318 Patris
3157 1263 3241 1319 sui
3277 1280 3506 1334 percus-

1926 1366 2082 1406 sores
2130 1350 2404 1421 supplicio
2454 1353 2663 1417 affecit,
2724 1370 2917 1410 eorum
2965 1356 3174 1413 liberos
3214 1357 3507 1414 indemnes

1927 1444 2161 1511 dimisit,
2213 1444 2519 1500 secundum
2546 1446 2744 1516 legem,
2785 1448 2945 1518 cujus
2979 1449 3093 1504 haec
3124 1450 3293 1505 verba
3316 1460 3445 1506 sunt
3488 1469 3502 1505 :

1930 1535 2054 1591 Non
2091 1539 2385 1592 morientur
2436 1546 2613 1609 patres
2659 1556 2755 1609 pro
2793 1539 2944 1608 ﬁliis,
2993 1559 3163 1613 neque
3203 1544 3367 1598 etiam
3401 1544 3507 1612 ﬁlii

1928 1644 2025 1697 pro
2049 1629 2308 1700 patribus.
2345 1628 2517 1695 Idem,
2553 1629 2908 1700 expeditione
2942 1641 3135 1687 contra
3158 1633 3425 1691 Idumes
3449 1646 3508 1691 et

1927 1714 2298 1772 Amalechitas
2324 1728 2599 1788 suscepta,
2631 1720 2813 1775 socios
2838 1736 2906 1776 ex
2938 1721 3256 1779 lsraelitieis
3286 1725 3503 1795 stipen-

1929 1807 2023 1862 dio
2048 1808 2333 1864 conduxit.
2356 1809 2463 1866 Sed
2488 1827 2614 1866 cum
2642 1812 2926 1882 prophetae
2947 1816 3236 1886 cujusdam
3268 1818 3504 1887 monitu,

1928 1901 2214 1967 Israelitis,
2247 1904 2559 1959 condonato
2586 1905 2885 1974 stipendio,
2922 1906 3189 1974 dimissis,
3218 1924 3345 1965 cum
3388 1910 3508 1967 suis

256 1998 466 2054 ἐκείνων
507 2001 708 2064 παῖδας
738 1999 951 2062 ἀθὼους
981 1972 1186 2070 άφῆκε,
1226 1999 1370 2054 κατά
1409 2000 1500 2053 τὸν
1529 1972 1695 2070 νόμον
1732 2001 1821 2057 λέ-

1930 1993 2199 2049 duntaxat
2229 1996 2588 2066 popularibus
2615 1972 3000 2055 administrate
3030 1972 3197 2067 bello,
3241 2001 3509 2058 barbaros

253 2108 429 2160 γοντα,
469 2094 594 2146 Οὐκ
648 2090 1106 2147 ἀποθανοῦνται
1161 2092 1416 2161 πατέρες
1463 2094 1617 2161 ὑπὲρ
1655 2093 1821 2160 υιῶν,

247 2181 383 2236 οὐδὲ
427 2184 640 2252 μέντοι
689 2183 789 2237 διὰ
858 2183 1119 2253 πατέρας
1177 2186 1316 2240 υἱοί.
1389 2186 1488 2248 Ὃς
1543 2187 1636 2239 καὶ
1686 2184 1828 2240 κατὰ

257 2284 353 2326 των
386 2272 710 2344 Ἰδουμαίων
727 2274 821 2327 καὶ
868 2274 1256 2345 ’Δμαληκιτῶν
1292 2276 1655 2349 στρατεύσας,
1686 2296 1826 2349 συμα

255 2367 450 2436 μάχους
482 2369 547 2419 ἐκ
583 2366 694 2420 τῶν
736 2366 1087 2438 Ἰσραηλιτῶν
1117 2366 1486 2437 ἐμισθώσατο.
1530 2369 1828 2440 Προφήτης

250 2455 301 2508 δέ
318 2474 393 2520 τις
410 2458 742 2511 καταλιπεῖν
757 2459 887 2523 τοὺς
915 2459 1252 2530 συμμάχους
1273 2461 1424 2531 αύτῷ
1452 2461 1826 2525 συνεϐούλευε,

249 2548 336 2600 καὶ
357 2548 499 2618 μετά
534 2549 718 2618 μόνων
756 2549 864 2604 τῶν
888 2550 1111 2603 οἰκείων
1140 2550 1423 2604 διαθέσθαι
1447 2550 1538 2605 τὸν
1564 2552 1825 2625 πόλεμον.

251 2634 315 2711 ᾭ
336 2640 612 2708 πεισθεὶς,
643 2642 885 2696 ἀπέλυσε
926 2644 1053 2706 τοὺς
1097 2643 1463 2714 Ἰσραηλίτας,
1495 2636 1714 2699 καὶτὸν
1744 2663 1832 2717 μιν

252 2730 368 2784 σθδν
404 2733 597 2797 αὐτοῖς
629 2733 1002 2805 χαρισάμενος
1022 2752 1035 2765 ·
1063 2735 1363 2806 συμϐαλὼν
1392 2735 1485 2790 οὖν
1509 2740 1623 2801 τοῖς
1674 2738 1830 2794 ἀλλο-

254 2825 431 2893 φύλοις
451 2826 695 2898 ἐνίκησε.
715 2829 779 2881 Ol
796 2827 841 2883 δ’
858 2829 1225 2894 ἀπολυθέντες
1247 2829 1530 2902 σύμμαχοι
1549 2831 1828 2904 ὀργισθένο

253 2934 355 2983 τες,
378 2921 480 2992 τήν
521 2937 585 2974 τε
628 2920 816 2994 χώραν
858 2923 969 2976 τῶν
1023 2922 1293 2979 Ἰουδαίων
1332 2924 1696 2997 κατέδραμον,
1732 2930 1826 2983 καὶ

255 3010 478 3075 πολλοὺς
505 3012 741 3067 ἀνεῖλον.
786 3013 1048 3086 Ἀμεσίας
1082 3015 1137 3069 δὲ
1165 3013 1255 3069 διὰ
1286 3015 1347 3070 τὺ
1380 3016 1667 3089 εὐτύχημα
1695 3036 1828 3090 φροι-

252 3102 622 3171 ναματισοεὶς,
674 3105 769 3158 καὶ
824 3108 1107 3179 ἀσεϐήσας
1157 3109 1237 3172 είς
1289 3109 1444 3176 Θεὸν,
1490 3109 1829 3181 διεπέμψατο

256 3197 383 3266 πρὸς
427 3200 583 3264 Ἰωᾶς
608 3200 704 3253 τὸν
741 3202 990 3273 βασιλέα,
1017 3201 1266 3257 ἀπαιτῶν
1294 3206 1435 3274 πρὸς
1457 3206 1620 3259 αὐτὸν
1651 3205 1824 3276 ἥξειν,

1928 2095 2266 2157 superasset,
2326 2088 2462 2143 socii
2514 2089 2586 2144 ob
2648 2090 2969 2146 missionem
3032 2093 3185 2158 irati,
3243 2104 3300 2150 et
3345 2110 3508 2164 agros

1922 2178 2243 2234 Judzeorum
2315 2180 2671 2239 incursarth
2702 2222 2716 2247 ,
2787 2192 2845 2238 et
2892 2183 3096 2240 multos
3158 2186 3503 2243 occiderunt.

1927 2268 2178 2348 Amesias
2228 2285 2393 2341 porro
2437 2286 2695 2327 successu
2734 2274 2935 2341 elatus,
2982 2275 3358 2348 religioneque
3383 2278 3507 2333 vio-

1929 2359 2058 2422 lata,
2090 2347 2158 2414 ad
2216 2360 2375 2416 Joam
2423 2362 2793 2419 lsraelitarum
2823 2380 3006 2437 regem
3047 2347 3362 2434 missitavit,
3407 2385 3506 2439 po-

1928 2450 2142 2505 stulans
2187 2459 2249 2506 ut
2295 2451 2365 2506 ad
2421 2468 2481 2508 se
2531 2455 2770 2521 veniret,
2824 2456 2915 2510 cui
2959 2457 3190 2515 deberet
3235 2459 3507 2517 obedien-

1930 2543 2085 2607 tiam,
2152 2545 2358 2616 quippe
2413 2562 2446 2600 a
2499 2546 2704 2603 Davide
2756 2557 2813 2603 et
2860 2549 3156 2606 Salomone
3211 2562 3504 2625 prognato.

1929 2636 2025 2691 Ille
2057 2635 2358 2706 respondet
2404 2638 2471 2693 ad
2521 2639 2672 2696 hunc
2695 2639 2925 2697 modum
2976 2642 3212 2700 :Rubus
3263 2662 3297 2699 α
3348 2646 3506 2701 cedro

1929 2728 2156 2798 petebat,
2213 2736 2271 2784 ut
2313 2730 2546 2799 ipsorum
2590 2730 2738 2785 liberi
2788 2733 3045 2803 aﬂinitate
3072 2734 3432 2806 jungat-eatur
3486 2753 3505 2795 :

1927 2820 2018 2874 sed
2043 2821 2246 2875 interea
2278 2821 2438 2876 rubas
2466 2839 2499 2876 a
2538 2821 2665 2891 feris
2697 2825 3034 2895 conculcatus
3061 2831 3239 2899 periit.
3275 2832 3390 2886 Ηοι
3412 2831 3510 2886 tibi

1927 2931 2026 2985 pro
2061 2914 2300 2985 exemplo
2337 2917 2407 2970 sit
2454 2917 2609 2982 satis,
2668 2934 2835 2989 neque
2885 2920 3121 2991 efferari:
3176 2923 3237 2976 ob
3283 2923 3510 2994 feliciter

1927 3022 2091 3060 οιιιεοε
2125 3006 2402 3073 barbaros,
2439 3024 2608 3079 neque
2647 3009 2913 3081 'pOpulum
2942 3020 3087 3066 tuum
3120 3031 3182 3067 ac
3206 3017 3429 3086 teipsum
3450 3018 3509 3072 iu

1918 3099 2167 3170 pericula
2215 3101 2520 3171 conjeceris.
2565 3101 2649 3158 Ob
2695 3104 2811 3159 haec
2861 3106 3036 3164 iratus
3079 3109 3350 3175 Amesias,
3394 3110 3510 3168 «1οω

1929 3191 2134 3247 bellum
2184 3191 2375 3248 infert.
2436 3192 2543 3249 Sed
2596 3196 2875 3251 exercitus
2913 3197 3209 3278 ejusmetu
3252 3211 3508 3258 conster-

250 3287 320 3352 ὡς
344 3292 663 3346 ὑποκεῖσθαι
701 3297 749 3348 οἰ
780 3296 1088 3363 ὀφείλοντα,
1119 3297 1372 3367 ἀπογόνῳ
1401 3298 1566 3352 Δαϐὶδ
1597 3302 1691 3353 καὶ
1727 3301 1822 3354 Σο-

1930 3292 2113 3350 natus,
2152 3283 2207 3338 in
2237 3283 2425 3356 fugam
2478 3287 2721 3343 vertitur
2753 3305 2769 3354 ;
2807 3289 2923 3358 ipse
2955 3305 2985 3345 a
3021 3291 3140 3347 suis
3186 3292 3507 3361 destitutus,

254 3377 519 3451 λομῶντος
555 3388 903 3456 τυγχάνοντι.
967 3389 1027 3442 '0
1062 3388 1120 3442 δὲ
1152 3391 1567 3458 ἀνταπέστειλε,
1607 3395 1831 3464 μηνύων

254 3472 413 3543 αὐτῷ,
444 3475 521 3538 ὡς
577 3476 701 3544 Τὴν
747 3479 962 3548 κέδρον
997 3480 1035 3547 ἠ
1076 3481 1261 3548 duo;
1296 3481 1475 3549 ἠξίου
1507 3484 1694 3552 κῆδος
1728 3486 1830 3540 ἐπὶ

256 3564 373 3632 τοῖς
395 3570 569 3624 παισί
600 3572 727 3639 τοῖς
760 3573 1000 3639 οἰκείοις
1026 3575 1428 3642 ποιήσασθαι·
1456 3577 1528 3629 ἐν
1555 3580 1830 3644 τοσούτῳ

249 3656 319 3710 δὲ
340 3666 409 3716 τὰ
431 3667 604 3733 θηρία
630 3666 737 3731 τοῦ
771 3665 957 3735 ἀπροῦ
998 3669 1439 3737 παρερχόμενα,
1475 3668 1828 3738 συνεπάτη-

253 3767 370 3807 car
386 3755 497 3823 τὴν
523 3756 735 3825 dxi-or,
768 3760 865 3813 καὶ
897 3757 1192 3815 ἀπώλετο.
1223 3760 1412 3815 Τοῦτό
1441 3778 1543 3816 σοι
1573 3762 1830 3830 ἀρκετὸν

256 3847 336 3911 εις
362 3850 762 3922 παράδειγμα·
796 3852 895 3907 καί
917 3851 1005 3923 μὴ
1039 3852 1129 3908 ὅτι
1158 3854 1527 3924 εὐτύχησας,
1554 3856 1830 3924 πατάξας

258 3937 389 4005 τοὺς
407 3941 818 4012 ἀλλοφύλους,
838 3945 1072 4016 μεγάλα
1091 3946 1322 4016 φρόνει,
1344 3946 1506 4017 μηδὲ
1547 3949 1654 4003 τὸν
1673 3950 1831 4005 λαόν

255 4044 366 4082 σου
408 4032 507 4085 καὶ
554 4032 779 4088 ἑαυτὸν
837 4038 925 4103 είς
976 4038 1305 4104 κινδύνους
1333 4036 1626 4093 συνώθει.
1684 4040 1828 4112 Πρὸς

262 4121 418 4176 ταῦτα
471 4114 750 4196 ὀργισθεὶς
817 4128 1114 4197 ’Δμεσίας,
1181 4130 1473 4200 στρατεύει
1525 4131 1669 4185 κατά
1728 4131 1824 4186 τοῦ

290 4212 445 4278 Inui;-
487 4217 653 4285 φόϐος
696 4219 744 4271 δ’
777 4221 1047 4290 ἐμπίπτει
1099 4224 1167 4293 τῇ
1213 4222 1381 4277 αὑτοῦ
1425 4224 1681 4293 στρατιᾷ,
1726 4223 1824 4276 καὶ

1929 3377 2145 3447 capitur
2178 3377 2248 3432 ab
2293 3378 2573 3446 hostibus,
2629 3379 2700 3434 ad
2749 3380 2904 3437 Joam
2951 3382 3279 3453 adducitur,
3342 3404 3507 3458 quem

1923 3470 2019 3547 ille
2063 3470 2313 3525 vinctum
2356 3470 2590 3537 ducens,
2644 3472 3023 3546 Hierosolyma
3068 3479 3244 3545 venit,
3297 3491 3508 3550 partem

1925 3565 2070 3619 muri
2101 3564 2297 3629 diruit,
2321 3580 2386 3620 ea
2419 3580 2586 3620 curru
2615 3566 2920 3635 invehitur,
2977 3584 3169 3627 sacros
3196 3573 3510 3643 thesauros,

1924 3667 1982 3713 et
2012 3658 2281 3729 quidquid
2312 3658 2368 3714 in
2395 3658 2544 3727 regia
2570 3661 2876 3728 repositum
2905 3671 3050 3728 erat,
3087 3663 3290 3733 aulert,
3353 3670 3511 3723 solu-

1929 3759 2098 3820 toque
2146 3750 2390 3815 Amesia,
2418 3750 2719 3807 Samariam
2768 3769 3045 3822 reversus,
3099 3756 3315 3814 decimo
3353 3770 3511 3817 sexto

1928 3839 2086 3912 regni
2122 3855 2271 3895 anno
2306 3841 2564 3909 moritur,
2612 3843 2809 3899 relicto
2856 3860 3182 3905 successore
3209 3850 3325 3906 filio
3351 3850 3511 3908 iero-

1926 3934 2148 3990 boamo.
2200 3935 2450 3992 Amesias
2502 3945 2689 3992 autem
2750 3948 2880 4008 post
2936 3939 3056 3996 haec
3116 3958 3216 4012 per
3279 3943 3511 4001 insidias

1926 4027 2245 4093 occiditur,
2302 4044 2451 4084 anno
2513 4029 2692 4084 aetatis
2746 4031 3205 4101 quinquagesimo
3261 4046 3508 4107 quarto.

1924 4121 2079 4194 regni
2112 4122 2395 4178 tricesimo
2422 4136 2592 4178 nono.
2636 4122 2798 4179 Ozias
2828 4122 2976 4181 [ilius
3003 4126 3125 4198 ejus
3152 4143 3251 4183 rex
3284 4129 3511 4201 inungi~

1922 4226 2016 4273 tur
2044 4229 2221 4272 annos
2247 4214 2524 4272 sexdecim
2550 4222 2733 4271 natus.

260 4307 501 4375 τρέπεται
521 4309 601 4370 είς
627 4311 829 4379 φυγήν.
860 4310 1142 4375 Μονωθεὶς
1164 4311 1221 4365 δὲ
1257 4310 1532 4383 Ἀμεσίας,
1594 4310 2035 4378 συλλαμϐάνεται
2101 4304 2258 4379 παρά
2322 4304 2433 4359 τῶν
2465 4303 2765 4376 πολεμίων,
2793 4308 2888 4361 καὶ
2935 4308 3213 4378 ἀπάγεται
3247 4312 3385 4384 πρὸς
3415 4315 3511 4369 τὸν

276 4398 426 4466 Ὢυάς.
458 4403 519 4459 '0
551 4404 607 4459 δὲ
636 4407 861 4477 δέσμιον
894 4409 1045 4477 ἄγων
1076 4408 1260 4476 αὐτὸν,
1284 4404 1449 4481 ἦλθεν
1488 4410 1569 4472 είς
1648 4407 2038 4478 Ἰερουσαλὴμ,
2079 4406 2175 4459 καὶ
2223 4400 2473 4458 καθελὼν
2547 4401 2642 4457 τοῦ
2718 4404 2937 4476 τείχους
2991 4406 3179 4479 μέρος,
3249 4409 3510 4482 είσήλασε

262 4488 341 4543 διὰ
355 4492 441 4545 τοῦ
469 4494 894 4568 καθαιρεθέντος
918 4500 999 4563 είς
1023 4500 1122 4570 τὴν
1145 4500 1303 4556 πόλιν
1351 4500 1440 4569 ιφ*
1470 4499 1740 4569 ἅρματος,
1767 4498 1863 4554 καὶ
1903 4497 2159 4570 ἀφείλετο
2184 4497 2312 4561 τοὺς
2345 4511 2408 4549 τε
2447 4494 2628 4564 ἱεροὺς
2694 4496 3020 4568 θησαυροὺς,
3049 4500 3144 4555 καὶ
3177 4502 3277 4556 ὃσα
3308 4504 3369 4557 ἐν
3396 4506 3511 4565 τοῖς

270 4580 532 4650 βασιλείοις
559 4589 839 4646 ἀπέκειτο.
872 4594 983 4647 Καὶ
1019 4592 1190 4655 λύσας
1213 4591 1306 4646 τὸν
1347 4592 1635 4663 ’Δμεσίαν,
1690 4591 1998 4663 ἐπανῆλθεν
2057 4592 2141 4653 είς
2202 4589 2306 4660 τὴν
2368 4589 2704 4663 Σαμάρειαν.
2734 4592 2842 4644 Καὶ
2874 4589 3200 4661 βασιλεύσας
3232 4595 3301 4650 τά
3329 4597 3513 4653 πάντα

268 4679 319 4745 ἒξ
346 4685 430 4737 καὶ
451 4685 581 4741 δέκα
611 4686 708 4760 ἐτη
732 4687 984 4760 τελευτᾷ,
1013 4690 1107 4742 καὶ
1137 4689 1495 4743 ἐϐασίλευσεν
1536 4690 1825 4761 Ἰεροϐοᾶμ
1861 4692 1889 4745 6
1917 4690 2029 4755 υίὸς
2055 4690 2243 4744 αὐτοῦ.
2286 4687 2343 4741 ’Λ
2355 4687 2549 4758 μεσίας
2586 4686 2643 4740 δὲ
2687 4687 2829 4757 μετά
2853 4688 3027 4744 ταῦτα
3095 4693 3507 4762 ἐπιϐουλευθεὶς

268 4775 501 4850 ἀνῃρέθη,
525 4782 702 4852 ζήσας
744 4785 1020 4858 τέσσαρας
1062 4787 1346 4850 ἐνιαυτοὺς
1388 4788 1483 4841 καὶ
1560 4790 1926 4857 πεντήκοντα,
1989 4787 2318 4858 βασιλεύσας
2362 4784 2421 4838 δὲ
2482 4783 2660 4838 είκοσι
2725 4784 2820 4838 καὶ
2884 4785 3060 4841 ἐννέα.
3134 4787 3391 4862 Ἐχρίσθη
3447 4792 3507 4847 δὲ

272 4866 492 4937 punish;
516 4876 549 4928 6
591 4877 705 4939 υίὸς
735 4876 900 4930 αὑτοῦ
932 4877 1139 4946 Ὀζίας,
1170 4879 1309 4932 ἑτῶν
1340 4878 1601 4950 ὑπάρχων
1634 4878 1947 4945 ἑξκαίδεκα.

327 4965 445 5021 KA'.
487 4967 772 5041 Ἰεροϐοάμ
812 4970 868 5025 δὲ
899 4974 927 5024 6
972 4974 1086 5036 υίὸς
1144 4974 1297 5034 Ἰωάς
1342 4973 1549 5044 ἀσεϐὴς
1597 4972 1823 5042 ἐγένετο

1998 4973 2139 5028 XXI.
2192 4973 2553 5032 Jeroboamus
2601 4981 2785 5027 autem
2834 4971 2949 5027 10a:
3002 4971 3191 5038 filius,
3251 4979 3509 5046 quamvis

267 5055 345 5107 καὶ
373 5059 708 5131 παράνομος.
748 5062 858 5116 Καὶ
903 5064 1146 5128 τοιοῦτος
1192 5065 1250 5120 δὲ
1281 5064 1378 5129 ὢν,
1408 5065 1503 5121 τοῦ
1549 5065 1687 5119 Θεοῦ
1725 5065 1818 5117 τὸν

267 5143 581 5220 Ἰσραηλίτην
628 5150 758 5206 λαὸν
816 5155 1143 5227 ἐλεήσαντος
1199 5160 1651 5227 ταπεινωθέντα,
1706 5164 1822 5224 τοῖς

267 5236 434 5308 Σύροις
466 5246 787 5318 πολεμήσας
818 5249 1063 5322 ἐνίκησε,
1093 5251 1189 5307 τοῦ
1221 5254 1506 5324 προφήτου
1535 5253 1694 5310 Ἰωνᾶ
1724 5254 1822 5326 τὴν

266 5332 397 5403 νίκην
425 5338 570 5410 αύτῷ
602 5343 1134 5413 προαγορεύσαντος.
1171 5344 1375 5398 Τοῦτον
1404 5346 1495 5398 τὸν
1528 5348 1818 5418 προφήτην

267 5424 559 5483 ἀπέστειλεν
590 5434 619 5484 6
645 5433 780 5497 Θεὸς
810 5437 890 5497 είς
921 5435 1113 5489 Νινευῖ
1162 5438 1262 5506 τὴν
1302 5436 1480 5502 πόλιν,
1514 5438 1824 5510 κηρύξοντα

268 5522 622 5595 καταστροφὴν
643 5525 834 5597 αὐτῆς,
850 5527 943 5580 καὶ
965 5527 1076 5583 τῶν
1098 5528 1398 5583 Νινευῖτῶν
1419 5529 1821 5600 ὲξολόθρευσιν.

258 5604 329 5681 ,Ὁ
377 5612 428 5666 δὲ
470 5617 570 5669 οὐκ
630 5619 822 5689 ἀπῄει,
879 5620 993 5674 ἀλλ’
1046 5622 1447 5693 ἀπεδίδρασκεν
1495 5625 1579 5686 είς
1640 5623 1822 5678 πλοῖον

273 5700 443 5768 ίμδάς.
487 5708 772 5775 κλύδωνος
818 5712 875 5766 δὲ
905 5713 1276 5785 γεγονότος,ή
1318 5715 1451 5778 ναῦς
1494 5715 1821 5771 ἐκινδύνευε.

276 5789 369 5846 Καὶ
393 5797 573 5871 κλήρῳ
595 5803 706 5855 τῶν
736 5802 1087 5873 ἐμπλεόντων
1111 5806 1477 5877 πειρωμένων
1506 5806 1709 5874 γκῶναι
1733 5808 1825 5859 τὸν

278 5884 447 5955 αἴτιον,
473 5893 769 5965 κληροῦται
793 5899 822 5949 6
852 5896 1062 5963 Ἰωνᾶς,
1108 5900 1205 5951 καὶ⁸
1235 5900 1384 5963 ὅστις
1418 5901 1502 5967 εἴη
1538 5902 1826 5972 ἀνακρινό-

278 5989 437 6048 μενος,
465 5985 668 6051 ἐκεῖνος
713 5990 784 6044 τὰ
831 5988 958 6044 καθ’
993 5991 1189 6046 ἑαυτὸν
1231 5990 1552 6063 διηγήσατο,
1584 5994 1674 6046 καὶ
1724 5996 1823 6065 ἑμ-

1932 5074 2085 5122 esset
2147 5065 2350 5135 impius
2409 5074 2466 5119 et
2515 5063 2650 5135 legis
2695 5072 3064 5135 contemptor,
3144 5075 3351 5136 tamen,
3396 5070 3515 5126 lteo

1916 5157 2207 5213 lsraelitici
2257 5156 2446 5227 p0puli
2503 5156 2780 5212 submisse
2834 5172 2893 5213 se
2944 5159 3195 5229 gerentis
3253 5163 3502 5227 miserta.

1913 5248 2201 5304 victoriam
2254 5257 2450 5305 contra
2504 5247 2676 5320 Syros
2717 5257 2803 5304 est
2849 5249 3103 5320 adeptus,
3137 5268 3167 5307 a
3198 5253 3335 5309 Iona
3374 5270 3505 5324 pro-

1915 5342 2078 5412 pheta
2108 5341 2432 5412 praedictam
2467 5359 2481 5395 :
2522 5355 2686 5410 quem
2708 5341 2860 5395 Deus
2884 5340 3122 5398 Niniven
3149 5345 3323 5409 misit,
3350 5345 3505 5402 urbis

1914 5433 2191 5489 excidium
2229 5441 2284 5488 et
2314 5432 2501 5504 populi
2538 5432 2829 5488 interitum
2864 5436 3346 5491 annuntiaturum.
3407 5437 3502 5492 Ille

1916 5542 2050 5582 vero
2069 5541 2180 5588 non
2203 5526 2338 5592 abit,
2364 5526 2460 5581 sed
2484 5541 2786 5581 conscensa
2811 5527 2936 5582 navi
2962 5527 3120 5597 fugit.
3148 5525 3279 5582 Orta
3311 5539 3499 5585 autem

1923 5619 2078 5691 107
2115 5630 2455 5691 tempestate,
2486 5619 2804 5676 vectoribus
2829 5628 3034 5675 sortem
3061 5621 3401 5689 jacientibus
3427 5626 3498 5678 ad

1918 5713 2363 5782 cognoscendam
2409 5727 2634 5781 causam
2666 5711 2835 5777 illius,
2868 5726 2989 5766 sors
3029 5710 3087 5765 in
3117 5710 3312 5768 Jonam
3349 5718 3501 5771 ceci-

1917 5807 2000 5860 d-it
2027 5824 2041 5858 :
2072 5806 2167 5877 qui
2218 5816 2439 5877 rogatus
2485 5807 2611 5876 quis
2644 5814 2792 5860 esset
2820 5845 2836 5868 ,
2874 5804 3154 5875 negotium
3204 5822 3363 5863 suum
3403 5826 3502 5866 ex-

1922 5900 2100 5971 ponit.
2128 5916 2297 5971 seque
2319 5900 2374 5963 in
2403 5917 2554 5957 mare
2577 5899 2742 5970 abjici
2768 5897 2945 5969 jubet,
2968 5913 3149 5970 neque
3168 5903 3315 5958 enim
3339 5904 3501 5982 aliter

1923 5995 2225 6062 periculum
2253 6009 2535 6050 evasuros.
2581 5994 2659 6051 Eo
2696 5992 2936 6057 abiecto,
2984 6004 3277 6059 tempestas
3311 5998 3498 6054 sedata
