3910 6572
329 435 433 498 ριν)

1593 436 1995 500 ANNALIUM
2041 437 2199 499 LIB.
2224 437 2308 499 Ii.

3476 436 3595 502 9.10

328 551 358 600 tl
383 549 493 601 τῶν
525 547 888 619 Ἰσραηλιτῶν
919 549 1174 620 βασιλεὺς
1204 549 1383 604 Φακεὲ
1430 551 1899 622 συμπνεύσαντες,

2022 566 2114 605 sorr
2134 550 2359 622 quidem
2396 549 2521 606 aliis
2545 548 2777 607 urbibus
2809 546 3038 621 potitus,
3065 547 3282 604 civibus
3306 546 3584 613 abductis,

329 640 687 711 lmhdpxouv
716 643 882 696 αὐτὸν
907 646 967 697 ἐν
1007 643 1369 714 Ἰερουσαλὴμ
1399 646 1492 697 ἐπὶ
1525 646 1758 716 μακρόν.
1794 645 1905 699 Καὶ

327 733 357 783 δ
392 733 490 801 μὲν
532 733 790 788 Ῥαασὼν
823 736 1036 790 πολεων
1079 736 1287 809 ἐτέρων
1319 738 1618 809 κρατήσας.
1654 739 1778 800 τοὺς
1810 737 1905 791 αύ-

327 826 430 879 τῶν
476 826 779 897 οἰκήτορας
822 827 1056 888 ἀνελὼν,
1099 830 1198 883 καὶ
1247 829 1455 898 Σύρους
1511 830 1904 897 ὲγκατοικίσας

328 918 538 981 αὐταῖς,
568 919 884 990 ἐπανῆλθεν
917 922 1001 984 εἰς
1051 904 1369 991 Δαμασκόν.
1407 923 1585 992 ’Λχαζ
1625 922 1704 983 δὲ.
1742 921 1904 991 μόνου

329 1010 780 1079 περιλειφθέντας
815 1012 909 1066 τοῦ
951 1013 1151 1080 Φακεὲ,
1183 1013 1466 1085 συμμίξας
1504 1013 1655 1084 αύτῷ
1680 1014 1905 1086 ἥττητο,

324 1102 531 1155 διέιδεκα
566 1105 846 1175 μυριάδας
882 1105 1180 1160 ἀποϐαλὼν
1208 1107 1304 1160 τοῦ
1344 1106 1512 1171 λαοῦ,
1546 1108 1641 1159 καὶ
1674 1106 1907 1172 πολλοὺς

326 1195 436 1246 τῶν
482 1197 804 1266 επισὴμων,
836 1199 934 1251 καὶ
974 1198 1064 1253 τὸν
1117 1198 1255 1253 υἱόν.
1299 1198 1476 1252 Quter
1520 1198 1577 1252 δὲ
1615 1198 1908 1263 ἀνέζευξεν

326 1288 409 1349 εἰς
438 1287 758 1358 Σαμάρειαν
788 1289 956 1355 αὐτὸς
995 1291 1091 1344 καὶ
1127 1292 1160 1361 ἠ
1197 1290 1429 1360 στρατιὰ
1475 1289 1662 1353 αὐτοῦ,
1700 1293 1908 1359 αἰχμα-

327 1376 516 1429 λώτων
552 1378 762 1446 πλῆθος
798 1381 934 1434 πολὺ
967 1383 1048 1444 είς
1090 1381 1189 1449 τὴν
1221 1380 1432 1434 ἑαυτῶν
1467 1379 1903 1450 μετοικίσαντες.

329 1470 633 1541 Προφήτης
682 1472 741 1525 δὲ
800 1490 886 1536 τις
939 1476 999 1526 ὲν
1044 1475 1334 1547 Σαμαρείᾳ
1391 1474 1498 1544 πρὸ
1550 1474 1660 1528 τῶν
1712 1474 1909 1545 τειχῶν

330 1561 651 1633 ὑπαντήσας
684 1566 892 1631 αὐτοῖς,
915 1567 990 1630 ὡς
1023 1571 1309 1637 συγγενεῖς
1334 1569 1793 1641 αἰχμαλωτίσασι,
1817 1568 1910 1622 καὶ

329 1652 724 1709 συνεϐούλευεν
747 1656 1120 1728 ἐλευθερῶσαι
1148 1658 1368 1721 αὐτούς.
1391 1660 1456 1712 Oi
1485 1658 1542 1713 δὲ
1566 1657 1905 1721 πεισθέντες,

329 1740 556 1811 ἀφῆκαν
582 1745 709 1808 τοὺς
735 1746 1145 1816 αίχμαλώτους.
1170 1748 1349 1819 ’Ἄχας
1372 1749 1429 1803 δὲ
1458 1750 1568 1804 τῶν
1603 1748 1911 1820 Ἀσσυρίων

330 1831 562 1902 βασιλέα
604 1836 760 1902 ἠξίου
793 1841 1156 1911 συμμαχῆσαι
1189 1840 1342 1913 αὑτῷ
1375 1844 1517 1897 κατὰ
1549 1842 1660 1898 τῶν
1698 1843 1908 1917 Σύρων,

331 1925 426 1979 καὶ
452 1926 562 1979 τῶν
599 1928 980 2000 Ἰσραηλιτῶν.
1022 1931 1080 1986 Ὀ
1124 1934 1169 1986 δ’
1203 1929 1340 2007 ἦκεο
1374 1937 1469 1989 καὶ
1498 1935 1602 2004 τήν
1631 1954 1691 1991 τε
1721 1935 1907 2009 χώραν

329 2014 441 2067 τῶν
472 2016 666 2087 Σύρων
696 2020 999 2092 ξπόρθησε,
1044 2024 1140 2077 καὶ
1185 2025 1286 2094 τὴν
1312 2026 1604 2096 Δαμασκὸν
1645 2021 1780 2093 εἷλε,
1814 2026 1911 2082 καὶ

334 2112 426 2165 eis
465 2109 721 2167 Ῥαασὼν
760 2113 963 2177 ἀνεῖλε,
999 2115 1095 2170 καὶ
1123 2115 1224 2186 τὴν
1260 2117 1371 2171 τῶν
1403 2116 1759 2189 Ἰσραηλιτῶν
1792 2119 1908 2191 χώο

232 2219 241 2228 ’
338 2221 437 2275 ραν
458 2205 856 2276 καταδραμὼν,
878 2209 1168 2274 πλείστους
1188 2212 1572 2283 αἰχμαλώτους
1592 2215 1907 2285 ἀπήγαγεν.

346 2298 406 2351 Ὅ
441 2298 497 2351 δὲ
529 2298 709 2368 Ἀχαζ
738 2301 978 2372 ἀμοιϐὴν
1007 2304 1149 2376 ὑπὲρ
1186 2306 1392 2361 τούτων
1424 2307 1501 2380 τῷ
1526 2309 1912 2380 Θαιγλαφαλα-

337 2387 438 2458 σέιρ
475 2390 604 2454 τούς
646 2409 706 2445 τε
755 2392 1076 2463 βασιλικοὺς
1106 2397 1309 2452 δέδωκε
1342 2398 1656 2472 θησαυροὺς
1684 2403 1780 2456 καὶ
1810 2405 1912 2458 ὅσα

335 2481 410 2551 τῷ
436 2482 569 2554 ίερῴ
597 2484 983 2545 ὲναπέκειντο.
1026 2490 1116 2554 Ἐς
1155 2493 1413 2548 τοσοῦτον
1432 2495 1482 2548 δ’
1515 2494 1810 2568 ἠσέϐησεν,
1833 2495 1912 2561 ὡς

342 2576 412 2644 μὴ
445 2577 614 2646 μόνον
651 2580 779 2644 τοὺς
819 2582 928 2635 τῶν
973 2584 1294 2653 ἀλλοφύλων
1334 2587 1520 2643 σέϐειν
1561 2588 1741 2654 θεοὺς,
1774 2590 1913 2646 ἀλλὰ

340 2670 543 2722 καὶτὸν
570 2673 701 2725 ναὸν
728 2675 1080 2744 ἀποκλεῖσαι,
1109 2680 1202 2733 καὶ
1236 2680 1469 2751 συλῆσαι
1494 2683 1564 2738 τὰ
1590 2684 1759 2738 αὐτοῦ
1781 2685 1915 2741 ἀνα-

339 2759 582 2829 θήματα.
603 2763 761 2818 Οὕτω
777 2766 834 2820 δὲ
864 2765 1014 2836 βιοὺς
1037 2770 1394 2843 ἐτελεύτησεν
1417 2774 1476 2840 ἓξ
1497 2777 1591 2829 καὶ
1613 2776 1914 2848 τριάκοντα

343 2849 515 2919 ζήσας
570 2855 692 2924 ἐτη,
743 2858 1075 2929 βασιλεύσας
1120 2862 1166 2917 δ’
1210 2863 1521 2934 ἑξκαίδεκα,
1568 2868 1787 2943 Ἐζεκίᾳ
1835 2871 1916 2942 τῷ

343 2944 445 3013 υἱῷ
492 2947 595 3015 τὴν
632 2948 916 3018 βασιλείαν
958 2953 1155 3011 λιπών.
1193 2957 1401 3029 Συνέϐη
1442 2960 1500 3014 δὲ
1542 2963 1772 3017 καὶτῶν
1814 2965 1913 3018 Ἰσο

344 3039 617 3131 ραηλιτῶν
693 3043 920 3112 βασιλέα
990 3048 1113 3102 τότε
1187 3050 1372 3105 θανεῖν
1432 3055 1556 3108 κατ’
1624 3056 1916 3131 ἐπιϐουλὴν

357 3128 535 3198 Ὧσηέ.
572 3133 680 3184 Καὶ
708 3129 867 3199 οἶτος
896 3138 1135 3208 πονηρὸς
1166 3135 1254 3207 ἦν.
1289 3140 1381 3194 Διδ
1418 3142 1515 3196 καὶ
1542 3128 1917 3217 στρατεύσαν-
1952 3159 1957 3165 ’

2005 654 2059 699 et
2092 643 2248 715 Syris
2274 642 2330 699 in
2370 659 2466 700 eas
2485 643 2793 709 collocatis,
2838 643 3164 697 Damascum
3191 640 3374 695 rediit.
3401 641 3583 695 Acba-

2006 751 2102 791 zus
2140 747 2323 793 autem
2366 753 2491 793 cum
2533 738 2652 793 solo
2674 737 2888 793 Phaeca
2918 750 3269 808 congressus,
3312 734 3582 798 vincitur,

2005 839 2225 884 centuru
2255 830 2445 901 viginti
2495 831 2740 886 millibus
2783 829 3022 894 amissis,
3077 838 3243 899 atque
3294 828 3439 883 inter
3486 842 3584 883 eos

2006 922 2192 977 multis
2233 922 2365 978 viris
2407 923 2736 995 illustribus,
2788 931 2847 979 et
2897 922 3028 977 lilio.
3078 921 3323 977 Pbaceas
3369 920 3588 975 exerci-

2008 1022 2120 1068 tum
2166 1014 2411 1079 reducit,
2453 1025 2508 1071 et
2557 1031 2812 1087 magnum
2867 1015 3209 1085 captivorum
3266 1027 3583 1067 numerum.

2009 1104 2115 1160 Sed
2163 1107 2431 1177 propheta
2481 1108 2709 1178 quidam
2759 1108 3142 1165 Samaritanus
3193 1114 3322 1161 ante
3382 1107 3584 1160 mmnia

2007 1215 2361 1269 progressus,
2398 1201 2481 1256 eis
2519 1202 2839 1273 persuadet,
2885 1209 2946 1255 ut
2981 1200 3229 1271 captivos
3272 1197 3421 1268 quod
3486 1213 3586 1252 co-

2008 1292 2156 1362 gnati
2190 1293 2305 1348 sint
2346 1294 2547 1349 missos
2602 1293 2832 1349 faciant.
2872 1293 3217 1364 Assyriorum
3263 1299 3445 1345 autem
3490 1303 3589 1343 rex

2005 1383 2079 1437 ab
2118 1385 2338 1440 Achazo
2380 1395 2575 1441 contra
2612 1386 2780 1458 Syros
2805 1397 2863 1442 et
2902 1386 3180 1441 Israclitas
3212 1383 3268 1438 in
3319 1382 3585 1437 auxilium

2008 1485 2289 1541 evocatus,
2340 1486 2396 1533 ct
2437 1478 2650 1550 Syriam
2691 1488 2889 1540 vastat,
2925 1479 3175 1532 Raasone
3216 1490 3379 1535 caeso.
3426 1484 3481 1530 et
3533 1473 3593 1528 in

2010 1569 2378 1625 lsraelitarum
2424 1572 2703 1641 regionem
2743 1568 3163 1626 incursionibus
3207 1567 3384 1627 factis.
3419 1565 3592 1637 plurio

2010 1676 2130 1717 mos
2158 1662 2410 1732 captivos
2441 1662 2687 1718 abducit.
2716 1661 2888 1728 Quem
2921 1661 3176 1716 Achazus
3203 1665 3590 1714 remuneratus

2010 1761 2094 1809 est
2128 1754 2272 1809 datis
2304 1754 2578 1810 thesauris
2623 1755 2811 1825 regiis,
2847 1762 2905 1808 et
2948 1751 3216 1823 quidquid
3276 1750 3331 1805 in
3385 1748 3590 1818 templo

2012 1847 2316 1918 repositum
2346 1856 2468 1903 erat
2501 1863 2516 1902 :
2548 1863 2616 1903 eo
2648 1860 2975 1918 progressus
3005 1842 3327 1915 impietatis,
3366 1849 3427 1896 ut
3477 1855 3591 1895 non

2017 1949 2227 1997 tantum
2262 1940 2471 1995 alienos
2511 1941 2649 1995 deos
2681 1939 2909 2002 coleret,
2936 1936 3031 1992 sed
3057 1946 3112 1991 et
3145 1934 3408 2005 templum
3439 1934 3594 1987 clau-

2015 2033 2193 2097 deret,
2229 2040 2285 2087 et
2332 2032 2581 2087 donariis
2621 2031 2905 2102 spoliaret.
2954 2028 3105 2085 Obiit
3153 2028 3265 2083 vita
3312 2027 3391 2083 sic
3435 2034 3590 2092 acta,

2018 2139 2168 2179 anno
2198 2123 2375 2178 aetatis
2408 2123 2688 2179 tricesimo
2736 2131 2912 2186 sexto,
2948 2118 3101 2191 regni
3153 2119 3368 2175 decimo
3414 2128 3589 2178 sexto.

2021 2217 2212 2272 relicto
2249 2231 2421 2286 regno
2452 2215 2664 2271 Ezcciae
2713 2214 2844 2269 lilio.
2883 2214 3003 2280 Quo
3042 2222 3287 2282 tempore
3324 2210 3598 2272 lsraelita-

2018 2325 2140 2364 rum
2177 2324 2395 2379 quoque
2423 2324 2517 2363 rex
2556 2307 2772 2363 insidiis
2803 2306 2959 2363 Oscae
2996 2306 3183 2377 periit,
3227 2304 3331 2375 qui
3363 2317 3488 2356 cum
3535 2310 3605 2357 ειν

2019 2407 2136 2476 ipse
2194 2404 2479 2475 improbus
2527 2412 2715 2469 esset,
2754 2418 2785 2459 a
2824 2403 3202 2460 Salmanasarc
3250 2398 3592 2471 Assyriorum

2018 2512 2150 2568 rege
2213 2496 2516 2562 subactus,
2570 2511 2755 2551 annua
2788 2495 2994 2551 tributa
3038 2493 3318 2565 pensitare
3368 2498 3601 2547 coactus.

2019 2592 2219 2648 fuerat.
2249 2590 2515 2646 Ezechias
2544 2596 2730 2644 autem
2761 2588 2846 2642 vir
2878 2586 2999 2658 pius
3023 2596 3078 2642 et
3101 2587 3303 2656 justus,
3327 2583 3596 2639 concione

2018 2684 2305 2750 advocata,
2341 2682 2662 2739 sacerdotes
2703 2688 2764 2737 et
2803 2679 3024 2735 Levitas
3063 2677 3325 2748 templum
3376 2675 3596 2746 aperire

2015 2778 2201 2850 jussit,
2230 2786 2287 2832 et
2317 2776 2384 2831 de
2411 2791 2565 2831 more
2593 2789 2747 2830 sacra
2770 2773 2971 2839 facere,
3002 2771 3378 2842 populumque
3406 2768 3597 2824 divino

2020 2873 2172 2926 cultu
2209 2870 2351 2925 nihil
2386 2868 2592 2924 habere
2642 2866 2946 2938 antiquius.
2993 2864 3140 2920 Misit
3187 2865 3358 2919 etiam
3394 2861 3488 2933 qui
3527 2876 3598 2917 ex

2024 2971 2140 3017 toto
2188 2978 2357 3033 regno
2406 2958 2664 3016 homines
2689 2966 3059 3015 convocarent
3105 2956 3173 3012 ad
3215 2955 3415 3012 festum
3453 2953 3609 3025 Asy»

2021 3072 2239 3112 morum
2277 3055 2438 3127 109
2464 3053 2881 3116 celebrandum,
2926 3054 3086 3123 longo
3134 3061 3381 3121 tempore
3407 3048 3480 3104 ob
3511 3063 3600 3102 re-

2024 3164 2151 3220 gum
2178 3149 2523 3220 iniquitatem
2553 3146 2924 3203 intermissum
2956 3162 2969 3212 ;
3002 3144 3275 3199 lsraelitas
3301 3141 3464 3199 etiam
3500 3155 3601 3195 co-

343 3239 429 3287 τος
455 3228 577 3278 κατ’
609 3227 779 3282 αὐτοῦ
821 3229 917 3282 τοῦ
972 3232 1080 3285 τῶν
1128 3232 1435 3306 Ἀσσυρίων
1475 3235 1739 3305 βασιλέως
1776 3242 1916 3296 Σαλ-

2023 3237 2296 3307 hortatus,
2329 3248 2391 3296 ut
2438 3239 2677 3310 patrium
2730 3239 2900 3294 Deum
2949 3252 3050 3308 pro
3087 3234 3262 3291 veteri
3297 3241 3600 3290 consueuk

350 3319 622 3393 μανασὰρ,
676 3322 953 3395 ἐδουλώθη
1012 3325 1183 3396 αὐτῷ,
1228 3328 1428 3398 φόρους
1466 3331 1643 3386 τελεῖν
1685 3336 1915 3404 ἐτησίως

348 3406 678 3479 ἐπιταχθεὶς.
727 3413 974 3478 Ἐζεκίας
1022 3417 1080 3470 δὲ
1132 3419 1365 3490 εὐσεϐὴς
1414 3420 1490 3477 ὢν
1540 3424 1637 3479 καὶ
1682 3426 1914 3494 δίκαιος,

348 3498 721 3571 ἐκκλησιάσας
771 3505 898 3570 τοὺς
936 3507 1103 3579 ἱερεῖς
1160 3513 1257 3565 καὶ
1306 3513 1563 3581 Λευίτας,
1611 3518 1823 3583 ἀνοῖξαι
1856 3519 1918 3573 τὸ

351 3591 490 3660 ἱερὸν
534 3595 864 3663 ἐνετείλατο,
911 3600 1007 3653 καὶ
1064 3601 1213 3657 θύειν
1245 3604 1322 3668 ὡς
1370 3606 1536 3677 νόμος
1567 3609 1772 3677 αὐτοῖς,
1823 3616 1919 3667 καὶ

350 3684 434 3734 τὶν
464 3685 591 3739 λαὸν
634 3689 805 3758 μηδὲν
840 3692 938 3760 τῆς
960 3693 1054 3747 τοῦ
1084 3694 1244 3750 Θείου
1270 3701 1438 3769 τιμῆς
1466 3701 1691 3754 ἐκέλευε
1725 3719 1918 3775 προτι-

354 3775 477 3845 μᾷν.
519 3779 773 3834 Ἔστειλε
819 3783 1008 3852 μέντοι
1048 3789 1143 3840 καὶ
1190 3789 1327 3860 πρὸς
1369 3793 1553 3845 πᾶσαν
1579 3794 1680 3865 τὴν
1706 3794 1915 3869 χώραν,

357 3874 829 3966 μετακιλούμειος
861 3879 1111 3942 ἅπαντας
1141 3881 1243 3954 τὴν
1280 3884 1389 3938 τῶν
1434 3887 1685 3958 Ἀζύμων
1722 3893 1919 3966 ἑορτὴν

351 3960 730 4065 ἑορτάσοντας,
783 3971 875 4023 ἐπὶ
911 3973 1124 4045 μακρὸν
1180 3975 1254 4047 μὴ
1286 3977 1636 4035 τελεσθεῖσαν
1689 3960 1922 4052 διὰ-τας

355 4059 456 4105 τῶν
486 4059 838 4127 κρατούντων
866 4067 1237 4136 παρανομίας.
1270 4070 1382 4123 Καὶ
1412 4075 1523 4136 τοῖς
1556 4074 1921 4146 Ἰσραηλίταις

358 4149 731 4219 προύτρέπετο
774 4155 866 4207 τὸν
909 4158 1168 4230 πατρῷον
1212 4161 1394 4216 σέϐειν
1436 4165 1590 4230 Θεὸν,
1634 4170 1780 4222 κατὰ
1820 4170 1921 4243 τὴν

361 4237 518 4295 πάλαι
551 4242 869 4313 συνήθειαν.
912 4247 979 4300 0i
1026 4248 1083 4301 δὲ
1120 4250 1220 4305 οὐκ
1250 4250 1607 4325 ἐπείσθησαν,
1655 4258 1791 4315 ἀλλὰ
1826 4237 1922 4316 καὶ

357 4331 477 4391 τοὺς
539 4335 835 4403 προφήτας
884 4339 1061 4393 ταῦτα
1118 4330 1527 4412 παραινοῦντας
1599 4349 1918 4418 ἐφόνευσαν.

357 4420 507 4486 Τινὲς
550 4426 609 4479 δὲ
655 4430 979 4495 πεισθέντες
1027 4435 1443 4507 μετηνέχθησαν
1483 4441 1564 4505 εἰς
1611 4444 1918 4511 εὐσέϐειαν,

356 4518 447 4569 καὶ
487 4522 570 4584 εἰς
626 4520 986 4597 Ἰερουσαλὴμ
1038 4529 1374 4601 συνέδραμον
1420 4535 1500 4598 εἰς
1552 4539 1922 4610 προσκύνησιν

2024 3333 2153 3388 dine
2182 3339 2603 3387 venerarentur.
2635 3328 2738 3397 Qui
2783 3328 2922 3384 adeo
2968 3342 3078 3382 non
3119 3326 3598 3395 obtemperavere.

2025 3435 2085 3480 ut
2115 3433 2166 3479 et
2191 3424 2511 3495 prophetas,
2544 3439 2574 3478 a
2601 3421 2805 3493 quibus
2832 3420 3218 3483 mouebantur,
3257 3416 3603 3472 occiderent.

2025 3516 2283 3573 Nonnulli
2315 3527 2496 3571 tamen
2532 3516 2598 3570 ad
2633 3529 2818 3568 veram
2848 3512 3169 3583 religionem
3209 3510 3439 3572 reversi,
3468 3508 3603 3563 Hie-

2028 3610 2299 3681 rosolyma
2347 3608 2414 3663 ad
2468 3609 2642 3663 Deum
2683 3604 3025 3660 adorandum
3060 3608 3445 3658 accurrerunt.
3483 3599 3603 3653 Rex

2027 3684 2151 3760 cum
2184 3701 2369 3773 populi
2397 3699 2748 3772 principibus
2778 3696 3042 3767 templum
3069 3696 3368 3767 ingressus.
3392 3692 3604 3748 hostias

2028 3794 2344 3866 magniﬁcas
2394 3808 2494 3865 per
2544 3791 2863 3848 sacerdotes
2912 3788 3238 3852 immolavit,
3293 3795 3349 3842 et
3395 3784 3606 3856 populo

2028 3888 2229 3944 multas
2256 3887 2495 3958 pecudes
2528 3886 2580 3940 in
2613 3883 3039 3940 visceratiouem
3066 3879 3239 3946 dedit,
3261 3888 3318 3934 ct
3348 3876 3607 3934 sacerdo—

2029 3983 2178 4038 tibus
2219 3978 2536 4041 mandavit,
2573 3984 2634 4032 ut
2667 3976 2950 4046 regionem
2988 3973 3187 4044 passim
3231 3969 3606 4042 piacularibus

2029 4072 2318 4130 sacriﬁciis
2365 4071 2686 4124 lustrarcnt.
2736 4065 2941 4121 Deinde
2980 4064 3249 4119 barbaros
3290 4077 3603 4133 aggressus.

2031 4166 2201 4221 urbes
2255 4178 2448 4219 eorum
2505 4161 2672 4231 cepit.
2740 4158 2909 4215 Oseas
2977 4165 3161 4212 autem
3222 4171 3348 4211 cum
3399 4154 3628 4211 Scitam-

2028 4257 2245 4329 IEgypti
2276 4269 2454 4327 regem
2502 4259 2692 4308 contra
2724 4249 2976 4323 Assyrios
3004 4247 3071 4304 ad
3112 4248 3238 4303 belli
3283 4247 3623 4302 societatem.

2029 4361 2333 4415 evocasset,
2377 4349 2729 4404 Salmanasar
2767 4360 2830 4401 ea
2868 4360 2927 4399 re
2960 4351 3246 4413 comperta
3284 4343 3477 4407 iratus,
3506 4339 3621 4395 ὃτι-ε

2032 4445 2259 4499 muriam
2309 4458 2406 4512 per
2456 4439 2754 4495 triennium
2800 4437 3051 4502 obsedit,
3102 4435 3240 4490 urbe
3280 4435 3488 4505 potitus
3522 4447 3620 4489 re-.

2033 4551 2199 4607 gnum
2247 4533 2486 4597 delevit,
2538 4531 2802 4602 populum
2840 4545 2949 4583 una
2985 4543 3107 4582 cum
3167 4543 3293 4599 rege
3347 4526 3487 4582 Osca
3550 4524 3627 4581 iu~

357 4610 444 4669 τοῦ
481 4612 640 4669 Θεοῦ.
674 4614 784 4668 Καὶ
818 4616 847 4668 ὁ
890 4617 1141 4686 βασιλεὺς
1179 4622 1432 4688 Ἐζεκίας
1479 4631 1617 4696 μετὰ
1652 4631 1759 4684 τῶν
1786 4635 1916 4703 ἡγε-

2030 4642 2185 4683 suam
2238 4623 2577 4696 provinciam
2628 4621 2906 4692 captivum
2952 4619 3203 4683 abduxit,
3234 4628 3293 4674 et
3330 4618 3466 4674 alias
3494 4633 3611 4673 sua:

359 4703 531 4770 μᾶνων
572 4706 669 4759 τοῦ
710 4707 842 4763 λαοῦ
893 4711 1149 4765 ἀπελθὼν
1197 4716 1278 4777 εἰς
1317 4717 1378 4769 τὸ
1429 4719 1602 4788 ἱερὸν,
1638 4722 1796 4777 ἔθυσε
1835 4726 1922 4781 διὰ

356 4796 459 4846 τῶν
489 4797 685 4866 ίερέων
713 4800 904 4865 θυσῗας
928 4804 1264 4874 πολυτελεῖς,
1291 4808 1386 4860 καὶ¹
1413 4811 1487 4878 τῷ
1507 4810 1620 4881 λαῷ
1652 4816 1923 4883 μετέδωκε

358 4883 511 4949 ζώων
538 4891 677 4960 πρὸς
711 4893 949 4963 εὐωχίαν
976 4895 1186 4949 πολλῶν
1208 4915 1222 4929 ·
1256 4902 1350 4952 καὶ
1380 4904 1490 4964 τοῖς
1526 4903 1764 4975 ἱερεῦσιν
1784 4907 1927 4972 ἐξελ·

356 4982 467 5036 θεῖν
506 4988 590 5048 εἰς
629 4983 728 5056 τὴν
757 4987 968 5059 χώραν,
1002 4990 1098 5043 καὶ
1137 4990 1359 5058 ἁγνίσαι
1399 4993 1569 5066 αὐτὴν
1594 4998 1922 5056 ἐνετείλατο.

359 5075 487 5132 Εἶτα
517 5077 665 5131 κατὰ
700 5078 812 5132 τῶν
846 5080 1159 5151 ἀλλοφύλων
1182 5083 1419 5149 πόλεμον
1454 5082 1579 5158 ἦρε,
1614 5090 1711 5144 καὶ
1742 5091 1927 5157 πόλεις

356 5163 498 5221 εἷλεν
526 5171 731 5225 αὐτῶν.
768 5171 828 5224 ’0
856 5173 914 5227 δὲ
944 5173 1054 5226 τῶν
1093 5175 1448 5247 Ἰσραηλιτῶν
1480 5179 1735 5250 βασιλεὺς
1763 5184 1926 5257 Ὠσηὲ

358 5261 434 5323 εἰς
474 5265 800 5333 συμμαχίαν
852 5265 1300 5336 προσεκαλέσατο
1348 5268 1506 5322 Σωϐὰ
1553 5270 1645 5323 τὸν
1699 5271 1926 5341 βασιλέα

360 5354 634 5420 Αἰγύπτου
676 5356 815 5409 κατὰ
876 5357 988 5410 τῶν
1034 5357 1361 5430 Ἀσσυρίων.
1401 5362 1466 5415 Ὃ
1509 5364 1667 5430 γνοὺς
1706 5365 1926 5435 Σαλμα-

360 5450 529 5517 νασὶιρ
557 5447 828 5518 ὠργίσθη,
873 5451 969 5503 καὶ
998 5452 1092 5503 ἐπὶ
1123 5453 1302 5523 τρισὶν
1349 5455 1527 5507 ἔτεσιν
1566 5456 1927 5529 ἐπολιόρκησε

360 5539 452 5608 τὴν
485 5540 830 5609 Σαμάρειαν,
882 5544 977 5594 καὶ
1023 5542 1258 5611 κατέσχε
1305 5545 1404 5612 τὴν
1456 5544 1641 5612 πΰλιν,
1687 5548 1781 5600 καὶ
1825 5547 1928 5616 τὴν

363 5632 640 5700 βασιλείαν
673 5634 930 5703 ἠφάνισε,
960 5638 1055 5690 καί
1086 5640 1175 5690 τὸν
1209 5638 1339 5694 λαὸν
1365 5639 1772 5709 αἰχμαλωτίσας
1797 5657 1929 5711 μετ-

361 5724 557 5794 ῴκισεν
602 5726 683 5790 είς
729 5727 828 5798 τὴν
868 5728 1076 5783 οἰκείαν
1114 5728 1319 5800 χώραν,
1361 5733 1457 5783 καὶ.
1503 5731 1666 5785 αὑτὸν
1704 5733 1798 5785 τὸν
1831 5732 1928 5804 βα-

365 5820 508 5874 σιλέα
543 5818 656 5872 τῶν
694 5819 1049 5892 Ἰσραηλιτῶν
1103 5823 1284 5893 Ὠσηὲ.
1331 5824 1443 5876 Καὶ
1486 5823 1930 5894 μεταναστεύσας

376 5914 436 5971 tat
461 5910 556 5982 τῆς
583 5911 795 5977 οἰκείας
834 5911 1014 5991 χῴρας
1050 5915 1211 5986 ἕτερα
1254 5913 1380 5986 ἔθνη
1421 5915 1531 5995 ἀιπὸ
1577 5931 1718 5980 τινος
1760 5916 1926 5977 τόπου

2033 4719 2263 4775 ditionis
2308 4727 2525 4789 gentes,
2563 4731 2685 4786 quae
2713 4730 2742 4768 a
2773 4714 2896 4768 loco
2924 4712 3164 4782 quodam
3194 4712 3375 4768 Chuto
3407 4726 3613 4782 cogno-

2034 4829 2156 4867 men
2185 4804 2414 4871 habent,
2456 4807 2759 4862 Samariam
2794 4814 2849 4861 et
2899 4804 2955 4859 in
2989 4806 3269 4875 regionem
3313 4804 3613 4873 circumia-

2034 4912 2251 4958 centem
2299 4900 2560 4955 traduxit.
2593 4899 2790 4954 Decem
2823 4897 2992 4969 igitur
3044 4897 3359 4954 Israeliticae
3408 4898 3607 4960 tribus,

2033 4993 2191 5048 annis
2219 4993 2514 5063 nongentis
2541 4991 2902 5065 quadraginta
2933 5001 3145 5065 septem
3165 5035 3181 5059 ,
3231 5002 3355 5065 post
3398 4993 3626 5049 exitum-

2032 5104 2100 5142 οι
2130 5084 2381 5157 Egypto,
2448 5085 2702 5142 ducentis
2737 5085 3101 5159 quadraginta
3168 5086 3450 5142 mensibus
3487 5099 3614 5154 δορυ

2036 5189 2177 5242 tem,
2231 5191 2523 5250 postquam
2591 5180 2785 5235 relicto
2869 5182 3154 5236 Roboamo
3215 5178 3623 5235 Jeroboamum.

2038 5273 2370 5342 peculiarem
2409 5273 2514 5328 sibi
2547 5288 2734 5343 regem
2765 5274 3091 5345 elegerant,
3131 5272 3404 5327 translatae
3455 5279 3609 5325 sunt.

2034 5364 2308 5421 Caeterum
2365 5365 2720 5420 Chutaaorum
2780 5366 3027 5435 quinque
3077 5363 3263 5436 populi
3327 5378 3357 5417 a
3408 5363 3619 5418 Persius

2035 5458 2179 5521 loco,
2210 5457 2264 5511 in
2292 5473 2401 5527 quo
2427 5458 2817 5520 consederant,
2846 5458 2918 5511 ita
2944 5455 3335 5527 cognominati,
3362 5454 3625 5509 Samaria.

2037 5558 2325 5618 occupata,
2380 5564 2511 5604 suos
2561 5549 2825 5619 pristinos
2880 5549 3032 5605 deos.
3068 5554 3129 5600 ut
3178 5545 3325 5600 soliti
3370 5545 3609 5609 fuerant,

2038 5642 2352 5696 coluerunt.
2395 5643 2539 5696 Deus
2572 5651 2755 5695 autem
2786 5680 2801 5704 ,
2850 5648 2909 5693 ut
2945 5645 3176 5708 quartus
3222 5636 3365 5693 liber
3403 5638 3623 5709 Regum

2037 5733 2218 5799 docet,
2255 5734 2445 5788 leones
2476 5734 2756 5793 excitavit,
2781 5748 2810 5785 ιι
2837 5729 3039 5800 quibus
3070 5743 3261 5784 eorum
3289 5730 3446 5783 multi
3479 5743 3617 5799 per-

2040 5827 2243 5891 ierunt,
2292 5836 2388 5880 aut
2424 5825 2509 5897 (ut
2560 5824 2834 5893 Josephus
2898 5822 3104 5893 narrat)
3136 5824 3453 5893 pestilentia
3481 5837 3617 5878 con-

2040 5919 2330 5983 ﬂictantes,
2360 5934 2482 5974 sum
2509 5918 2587 5971 ira
2627 5915 2874 5981 Numinis
2909 5930 2965 5969 se
2989 5916 3164 5988 premi
3193 5916 3615 5985 intellexissent,
