3910 6596
280 412 381 481 2H
1579 404 1850 468 JOANNI

1960 401 2072 461 ZON
2085 398 2251 458 ΑΗΕ
3436 383 3580 453 212

286 547 467 605 regem
482 546 643 587 suum
657 540 906 593 orarunt,
929 540 983 586 ut
999 530 1281 587 Israelitici
1295 529 1511 601 generis
1531 526 1848 583 sacerdotes

1960 537 2162 592 Χούθου
2181 535 2543 605 καλουμένου,
2573 530 2878 602 μετῴκισεν
2904 531 2982 593 εἰς
3008 526 3326 598 Σαμάρειαν
3346 527 3447 579 καὶ
3473 525 3579 586 εἰς

285 624 391 680 sibi
436 625 701 690 mitteret,
759 640 789 680 a
851 625 1053 695 quibus
1116 624 1472 680 Hebraeorum
1531 623 1852 691 religionem

1963 632 2067 701 τὴν
2095 631 2284 701 χώραν
2318 628 2507 698 αὐτῆς.
2557 623 2933 697 Μετήχθησαν
2963 621 3058 677 οῦν
3106 622 3165 675 αἱ
3200 620 3334 675 δέκα
3373 617 3577 690 φυλαὶ

280 715 671 795 edocerentur.
707 717 826 784 Quo
848 721 1012 782 facto,
1047 717 1166 772 lues
1189 717 1278 771 illa
1304 716 1535 786 grassari
1561 714 1742 771 desiit.
1772 715 1855 771 Ab

1962 723 2072 777 τῶν
2121 721 2488 793 Ἰσραηλιτῶν
2554 719 2696 789 μετὰ
2774 714 3070 770 ἐννακόσια
3130 712 3576 782 τεσσαράκοντα

284 805 528 875 ῌειπωίε
556 810 766 867 Chutrei
805 811 1172 881 appellantur,
1201 824 1233 864 ο
1260 807 1464 864 ϐτιεείε
1497 807 1848 866 Samaritani.

1963 816 2104 870 ἑπτὰ
2132 815 2252 887 ἔτη,
2282 814 2470 881 ἐξότου
2489 811 2591 884 τὴν
2614 812 2894 881 Δίγυπτον
2917 808 3174 871 λιπόντες
3200 804 3523 877 ἐξήλθοσαν
3549 815 3573 835 ⁸

284 901 427 967 μετά
464 919 525 957 τε
555 901 809 956 διακόσια
848 903 1287 975 τεσσαράκοντα,
1319 902 1415 955 καὶ
1464 901 1645 971 μῆνας
1695 903 1859 969 ἑπτὰ,
1895 907 2083 971 ἐξότου
2133 908 2533 968 καταλιπόντες
2573 904 2668 957 τὸν
2709 901 3006 972 ,⁸Ρο6οὰμ,
3051 900 3260 954 εἴλοντο
3327 896 3571 956 ἑαυτοῖς

279 994 361 1063 εξς
391 993 616 1062 βασιλέα
649 996 740 1050 τὸν
772 995 1076 1066 ’ἱεροὸοάμο
1106 998 1166 1050 Οἱ
1195 995 1253 1049 δὲ
1286 981 1733 1065 μείποικισοέντες
1800 999 1881 1063 εἰς
1919 1002 2019 1072 τὴν
2050 1003 2393 1072 Σαμάρειαν,
2464 996 2728 1052 Χουθαῖοι
2761 994 3118 1065 καλούμενοι,
3150 996 3215 1045 ἐκ
3246 991 3340 1044 τοῦ
3373 991 3574 1043 τόπου

278 1082 705 1158 ἑνῷκατῲκουν
736 1088 796 1142 τὸ
822 1090 950 1157 πρὶν
974 1090 1033 1142 ἐν
1058 1088 1302 1158 Περσίδι,
1328 1086 1493 1142 πέντε
1522 1087 1678 1152 ὄντες
1735 1089 1887 1162 ἔθνη.
1929 1096 2053 1159 τοὺς
2097 1093 2260 1157 ἰδίους
2298 1092 2458 1154 θεοὺς
2518 1090 2614 1144 καὶ
2669 1084 2827 1151 αὖθις
2883 1085 3240 1157 ἐθρήσκευον.
3310 1082 3399 1145 Ὠς
3447 1077 3569 1149 μὲν

276 1179 437 1251 οῦνή
486 1181 725 1254 τετάρτη
769 1184 878 1236 τῶν
920 1181 1220 1236 Βασιλειῶν
1252 1183 1423 1253 λέγει,
1467 1183 1691 1248 λέοντας
1736 1184 2023 1260 ἐξήγειρεν
2058 1190 2086 1243 ὁ
2153 1189 2308 1254 Θεὸς,
2379 1189 2479 1243 καὶ
2537 1184 2814 1255 διέφθειρε
2845 1182 3081 1245 πολλοὺς
3109 1180 3165 1247 ἐξ
3203 1177 3420 1233 αὐτῶν⁸
3476 1174 3569 1237 ὡς

275 1274 334 1329 δὲ
363 1275 629 1346 Ἰώσηπος
663 1276 889 1347 ἱστορεῖ.
919 1275 1109 1345 λοιμὸς
1143 1276 1328 1340 αὐτοῖς
1364 1276 1660 1347 ἐνέσκηψε.
1719 1279 1945 1344 Γνόντες
2008 1281 2067 1335 δὲ
2107 1281 2229 1335 κατ’
2292 1280 2467 1352 ὀργὴν
2522 1276 2615 1332 τοῦ
2640 1276 2778 1331 Θεοῦ
2811 1276 3029 1329 ἐπιέναι
3057 1273 3248 1335 αὐτοῖς
3273 1272 3343 1323 τὰ
3367 1266 3565 1329 κακὰ.

274 1372 372 1425 τοῦ
399 1370 664 1441 σφετέρου
699 1370 965 1441 βασιλέως
998 1371 1207 1425 ἐδέοντο
1237 1370 1403 1442 ἱερεῖς
1429 1372 1635 1426 στεῖλαι
1662 1373 1850 1438 αὐτοῖς
1887 1375 1955 1428 ἐκ
2018 1376 2128 1429 τῶν
2181 1373 2554 1447 Ἰσραηλιτῶν,
2606 1373 2673 1427 ἶν’
2708 1371 2908 1433 αὐτοὺς
2944 1369 3046 1439 τὴν
3110 1366 3220 1420 τῶν
3273 1363 3577 1433 Ἐϐραίων

273 1465 573 1536 θρησκείαν
632 1466 962 1537 μυήσωσιΨ
1027 1458 1089 1521 οῦ
1155 1466 1476 1535 γενομένου,
1528 1468 1809 1522 ἐπαύσατο
1858 1471 1892 1541 ἡ
1970 1469 2170 1542 φθορά.
2222 1468 2536 1524 Καλοῦνται
2612 1467 2672 1520 δὲ
2742 1463 2894 1537 παρὰ
2941 1463 3044 1533 μέν
3080 1460 3194 1515 τῶν
3257 1454 3565 1529 Ἐϐραίων

278 1560 567 1624 Χουθαῖοι.
612 1561 753 1631 πρὸς
805 1559 862 1615 δέ
890 1561 1001 1614 τῶν
1051 1560 1322 1633 Ἑλλήνων
1347 1563 1713 1634 Σαμαρεῖται.

343 1651 539 1708 XXIII.
585 1652 747 1708 Anno
781 1651 991 1709 Ezeciaa
1041 1652 1184 1724 regis
1221 1651 1702 1725 Hierosolymitani
1751 1654 1850 1711 de—

2025 1651 2153 1708 Kl".
2201 1653 2293 1707 Ἐν
2323 1652 2382 1705 δὲ
2425 1650 2504 1721 τῷ
2536 1646 3135 1721 τεσσαρεσκαιδεκάτη)
3170 1645 3283 1699 ῑτει
3305 1645 3408 1714 τῆς
3448 1641 3569 1714 βατ

273 1746 418 1802 cimo
447 1751 668 1814 quarto,
698 1741 1055 1800 Senacherim
1081 1759 1178 1800 rex
1208 1742 1556 1816 Assyriorum
1606 1745 1851 1803 Judaaam

1960 1746 2166 1810 σιλείας
2208 1743 2458 1810 Ἐζεκίου
2490 1741 2587 1796 τοῦ
2620 1742 2722 1812 τῆς
2768 1738 3142 1810 Ἰερουσαλὴμ
3190 1736 3497 1808 βασιλέως,
3532 1738 3568 1788 ὁ

273 1836 478 1892 invasit
507 1852 523 1890 :
558 1834 655 1906 qui
684 1848 810 1890 cum
858 1836 1040 1891 omnia
1078 1835 1281 1906 oppida
1316 1836 1550 1892 duarum
1606 1838 1851 1893 tribuum

1960 1840 2087 1894 τῶν.
2124 1837 2436 1908 Ἀσσυρίων
2490 1833 2797 1905 βασιλεύων
2848 1831 3213 1902 Σεναχηρεὶμ..
3240 1828 3449 1900 ἐπῆλθε
3487 1829 3564 1900 τῇ

273 1929 535 1999 cepisset,
563 1927 787 1985 Ezecias
824 1926 1218 1999 Hierosolymis
1243 1938 1518 1996 metuens,
1547 1931 1757 2002 legatos
1783 1931 1853 1987 ad

1965 1930 2223 2002 Ἰουδαίᾳ,
2251 1930 2349 1984 καὶ
2373 1927 2557 1991 πάσας
2582 1919 2695 1980 εἷλε
2720 1924 2820 1987 τὰς
2850 1924 3037 1988 πόλεις
3059 1923 3169 1977 τῶν
3197 1922 3309 1977 δύω
3334 1919 3563 1989 φυλῶν.

273 2033 401 2079 eum
431 2017 624 2083 mittit,
649 2033 708 2075 se
745 2018 1012 2074 tributum
1041 2019 1093 2075 ei
1128 2020 1529 2089 pensitaturum
1560 2023 1850 2093 pollicens,

1960 2024 2152 2088 Δείσας
2197 2022 2256 2076 δὲ
2296 2020 2551 2086 Ἐζεκίας
2589 2019 2722 2091 περὶ
2774 2022 2841 2090 τῇ
2884 2014 3273 2087 Ἰερουσαλὴμ,
3300 2014 3565 2081 διαπέμ-

274 2111 426 2181 quod
460 2111 742 2182 iussisset.
792 2108 1223 2167 Senacberimus
1275 2124 1460 2170 autem
1508 2116 1722 2187 argenti
1767 2126 1854 2170 ta-

273 2203 422 2259 lenta
458 2205 619 2274 ιῐο
648 2212 914 2268 trecenta,
964 2206 1087 2261 auri
1138 2206 1332 2277 viginti
1394 2208 1693 2277 postulavit
1737 2226 1753 2262 :
1798 2217 1855 2264 et

274 2303 622 2353 sacramento
655 2296 1007 2367 interposito,
1050 2297 1120 2353 iis
1165 2299 1429 2370 acceptis,
1478 2316 1536 2357 se
1577 2302 1855 2358 discessu-

283 2401 408 2439 rum
469 2385 781 2455 pollicetur.
834 2386 1048 2454 Quibus
1092 2389 1389 2460 appensis,
1454 2391 1569 2461 ipse
1626 2392 1852 2463 quidem

276 2489 467 2543 contra
497 2478 788 2551 [Egyptum
822 2490 879 2535 et
906 2478 1196 2551 AEthiopes
1222 2483 1615 2552 proﬁciscitur,
1651 2486 1856 2557 Rapsa-

275 2586 394 2626 cem
431 2578 617 2627 autem
649 2572 1037 2639 imperatorem
1060 2588 1187 2628 cum
1217 2573 1342 2629 aliis
1366 2574 1584 2631 duobus
1618 2575 1856 2633 ducibus

274 2673 332 2717 et
368 2677 563 2732 magno
596 2662 846 2718 exercitu
884 2663 949 2718 ad
982 2664 1246 2720 vastanda
1280 2664 1653 2739 Hierosolyma
1682 2669 1851 2725 relin~

274 2757 418 2826 quit.
447 2755 576 2824 Qui,
609 2755 905 2828 aggeribus
939 2765 1066 2812 ante
1098 2758 1300 2813 muenia
1331 2760 1608 2825 excitatis,
1641 2760 1708 2817 ad
1743 2761 1857 2816 col-

273 2850 521 2921 loquium
549 2859 784 2907 evocant
814 2849 1084 2906 Ezeciam.
1118 2851 1321 2907 Verum
1353 2854 1400 2909 is
1425 2868 1485 2910 se
1501 2855 1850 2912 committere

1954 2134 2118 2171 πεται
2156 2117 2294 2189 πρὸς
2320 2115 2510 2181 αὐτὸν,
2549 2112 2989 2185 ὑπισχνούμενος
3014 2109 3221 2164 διδόναι
3255 2103 3453 2178 φόρον,
3484 2105 3560 2159 ὃν

1955 2210 2021 2264 ἂν
2051 2209 2203 2283 αὐτῷ
2248 2208 2574 2277 ἐπενέγκοι*
2621 2205 2973 2277 Σεναχηρεὶμ
3019 2203 3078 2256 δὲ
3115 2199 3413 2273 τριακόσια
3445 2195 3566 2268 μὶν

1953 2300 2470 2373 ἀργύρουῖτάλαντα
2492 2340 2506 2364 ,
2541 2299 2755 2370 χρυσοῦ
2787 2298 2840 2352 δέ
2874 2296 3173 2369 τριάκοντα
3207 2292 3402 2364 ᾔτησε,
3455 2289 3565 2342 καὶ

1956 2395 2171 2460 πίστεις
2227 2394 2521 2464 ἐνομότους
2581 2390 2953 2463 παρέσχεν,ἢ
3000 2389 3108 2460 μὴν
3159 2385 3566 2456 ἀναχωρήσειν

1954 2489 2005 2543 εἰ
2036 2490 2211 2543 ταῦτα
2236 2488 2417 2543 λάϐοι.
2448 2484 2647 2541 Λαϐὼν
2667 2485 2746 2551 δὲ,
2776 2484 2939 2546 αὐτὸς
2968 2481 3072 2552 μὲν
3099 2480 3191 2533 ἐπ’
3213 2474 3565 2547 Αἰγυπτίους

1956 2584 2187 2654 ὢρμησε
2241 2583 2337 2637 καί⁸
2383 2579 2678 2643 Αἰθίοπας.
2721 2578 2827 2633 Τδν
2858 2576 2916 2630 δὲ
2957 2573 3406 2646 ἀρχιστράτηγον
3449 2568 3566 2622 αῦο

1954 2676 2051 2729 τοῦ
2091 2674 2377 2744 Ῥαψάκην
2419 2675 2518 2727 σὺν
2548 2672 2672 2726 δυσὶ
2704 2672 3038 2742 στρατηγοῖς
3070 2668 3281 2738 ἑτέροις
3311 2665 3409 2719 καὶ
3453 2662 3569 2716 5v-

1955 2766 2119 2836 νάμει
2164 2766 2363 2838 βαρείᾳ
2408 2763 2693 2827 κατέλιπε,
2725 2760 2825 2834 τὴν
2863 2757 3235 2830 Ἰερουσαλὴμ
3264 2751 3569 2823 ἐκπορῦήα

1961 2875 2176 2922 σοντας.
2217 2859 2283 2912 Ol
2315 2857 2373 2911 δέ
2414 2858 2524 2928 πρὸ
2563 2856 2673 2910 τῶν
2723 2853 2927 2925 τειχῶν
2980 2852 3270 2923 βαλόμενοι
3300 2848 3563 2917 χάρακα,

274 2943 387 3000 illis
423 2960 534 3001 non
559 2960 748 3007 ausus,
781 2954 893 3001 tres
920 2961 986 3001 ex
1016 2945 1300 3004 honoratis
1333 2948 1604 3005 ministris
1629 2950 1746 3005 suis
1786 2951 1853 3006 ad

1960 2953 2208 3022 ἐντυχεῖν
2230 2950 2462 3021 ἐζήτουν
2483 2948 2561 3019 τῷ
2582 2947 2828 3019 Ἐζεκίᾳ.
2858 2944 3001 3001 Ἀλλ’
3033 2944 3243 3005 ἐκεῖνος
3278 2940 3379 3010 μὲν
3403 2940 3560 2992 άπε-

276 3039 404 3094 illos
442 3038 612 3095 misit.
650 3037 788 3094 Tum
818 3039 899 3093 illi
934 3039 1351 3112 :Si/Egyptiis,
1390 3041 1670 3112 inquiunt,
1716 3042 1853 3100 Eze-

1960 3012 2226 3098 δειλίασεν
2270 3012 2544 3107 ἐξελθεῖν,
2568 3012 2718 3107 τρεῖς
2752 3012 2809 3089 δέ
2856 3035 2984 3099 τοὺς
3015 3032 3166 3102 αὐτῷ
3199 3028 3563 3101 τιμωμένους

275 3132 385 3185 eius
421 3130 586 3199 fretus
631 3138 745 3193 est,
779 3130 974 3184 delirat
1025 3147 1130 3184 non
1181 3132 1353 3189 minus
1393 3149 1554 3201 quam
1604 3134 1695 3206 qui
1726 3151 1851 3189 con-

1960 3134 2062 3188 τῶν
2089 3134 2182 3187 ὑπ’
2219 3132 2381 3186 αὑτὸν
2418 3131 2658 3201 ἔπεμψε.
2693 3128 2991 3183 Κάκεῖνοι’
3022 3127 3091 3181 El
3131 3124 3231 3179 ἐπὶ
3259 3123 3405 3189 τοὺς
3443 3122 3552 3176 Δί·-

276 3222 446 3291 fracto
484 3222 783 3276 arundinea
812 3221 1000 3277 baculo
1029 3223 1302 3288 innititur,
1333 3241 1366 3278 a
1393 3240 1496 3294 quo
1520 3241 1612 3280 nec
1639 3243 1672 3281 a
1699 3225 1851 3297 lapsu

1960 3228 2244 3297 γυπτίους
2278 3224 2571 3280 πέποιθεν
2620 3221 2917 3288 Ἐζεκίας,
2972 3219 3206 3290 ἔφησαν,
3262 3217 3561 3287 μωραίνει

275 3313 593 3382 defenditur,
643 3320 693 3367 et
746 3330 911 3369 manu
962 3314 1293 3370 vulneratur.
1331 3315 1478 3372 Talis
1506 3326 1582 3371 est
1632 3315 1852 3374 Pharao

1960 3320 2184 3387 ἐπίσης
2229 3316 2523 3387 ἀνθρώπῳ
2575 3315 2881 3384 καλαμὶνῃ
2916 3311 3123 3381 ῥάϐδῳ
3169 3309 3557 3380 ἐρειδομένφ,

277 3403 586 3475 Αῧθυριίιιε.
617 3404 744 3469 Haec
774 3403 1050 3476 Rapsaces
1080 3405 1352 3464 Hebraico
1373 3422 1496 3462 cum
1522 3407 1716 3479 legatis
1742 3408 1855 3463 col-

1960 3409 2054 3471 xal
2090 3408 2250 3480 αὐτῇ
2288 3406 2699 3477 τεθλασμένῃ,
2734 3404 2773 3474 ἡ
2809 3403 2992 3460 οὐδὲν
3028 3402 3220 3473 ἤμυνε
3260 3400 3341 3468 τῷ
3377 3400 3568 3456 κατέ⁸

275 3496 604 3566 loquebatur
630 3514 643 3550 :
669 3497 764 3568 qui
793 3513 916 3553 cum
946 3507 1222 3568 rogarent,
1251 3507 1313 3553 ut
1339 3500 1565 3571 Assyrio
1599 3514 1855 3555 sermone

1960 3521 2147 3574 κοντι,
2191 3504 2329 3558 ἀλλ’
2359 3503 2544 3568 αὐτός
2576 3517 2642 3554 τε
2693 3497 3123 3568 συμπέπτωκε,
3157 3495 3258 3550 καί
3292 3498 3325 3550 ό
3359 3495 3565 3550 redata»

278 3600 554 3655 uteretur,
575 3606 643 3649 ne
667 3592 907 3662 populus
924 3606 987 3646 ea
1013 3607 1134 3661 qua
1153 3592 1474 3647 dicerentur
1496 3591 1852 3663 Intelligerel:

276 3683 369 3741 ille
398 3684 575 3754 magis
605 3683 772 3739 etiam
797 3684 1010 3740 sublata
1034 3699 1190 3746 voce,
1223 3694 1286 3738 ut
1313 3684 1382 3739 ab
1409 3684 1669 3739 omnibus
1694 3699 1858 3739 exau-

279 3777 389 3833 diri
418 3786 621 3851 posset,
658 3792 853 3832 rursus
885 3776 1154 3833 Hebraice
1185 3776 1361 3832 dixit:
1392 3776 1469 3831 Ne
1507 3776 1724 3831 seducat
1769 3793 1856 3831 vos

279 3869 500 3926 Eucias
524 3870 721 3934 dicens,
756 3869 1011 3924 Dominus
1039 3885 1132 3923 nos
1160 3867 1397 3924 liberabit
1435 3884 1453 3922 :
1493 3869 1729 3939 nunquid
1755 3866 1859 3923 Sa-

280 3964 509 4019 mariam
544 3960 830 4017 liberavit?
874 3960 972 4017 His
1013 3959 1240 4016 Ezecias
1277 3960 1631 4016 renuntiatus
1658 3960 1858 4016 lvestes

278 4068 410 4111 suas
429 4053 714 4117 laceravit,
748 4062 805 4110 et
847 4067 1008 4110 sacco
1041 4052 1288 4116 indutus,
1334 4062 1391 4108 et
1423 4050 1578 4106 humi
1629 4058 1856 4115 stratus,

280 4144 339 4201 iu
370 4146 535 4202 rebus
579 4145 889 4217 desperatis
917 4161 1078 4216 opem
1115 4145 1361 4201 divinam
1399 4145 1675 4216 implorat,
1708 4154 1764 4200 et
1788 4145 1857 4199 ad

280 4239 609 4309 prophetam
652 4239 851 4295 Isaiam
887 4238 1079 4303 mittit,
1117 4238 1402 4294 obtestans
1437 4248 1498 4294 ut
1536 4240 1633 4295 Dei
1667 4253 1857 4310 pacem

1950 3612 2068 3665 μσς
2114 3593 2230 3662 τὴν
2283 3593 2476 3648 αὐτοῦ
2531 3591 2699 3661 χεῖρα
2741 3589 3037 3658 διέτρησε.
3090 3586 3368 3654 Τοιοῦτός
3410 3587 3557 3642 ἐστι

1957 3689 2169 3758 Φαραὼ
2198 3691 2233 3743 ὁ
2259 3688 2605 3757 Αίγύπτιος.
2641 3683 2830 3739 Ταῦτα
2873 3681 3159 3753 Ἐϐραϊστὶ
3193 3684 3221 3735 ό
3258 3679 3558 3753 Ῥαψάκης

1958 3787 2071 3847 τοῖς
2101 3783 2437 3854 πεμφθεῖσιν
2470 3780 2691 3852 ὡμίλει.
2740 3779 2806 3832 0i.
2842 3777 2900 3831 δὲ
2934 3780 3004 3848 τῇ
3046 3774 3155 3829 τῶν
3189 3775 3378 3846 Σύρων
3432 3775 3561 3829 δια-

1958 3875 2138 3948 λέκτῳ
2164 3874 2376 3946 ὁμιλεῖν
2407 3874 2596 3937 αὐτοῖς
2634 3871 2824 3942 ἠξίουν
2859 3870 3049 3931 αὐτὸν,
3087 3868 3176 3921 ῐνα
3210 3868 3285 3939 μὴ
3318 3867 3380 3921 τὸ
3410 3868 3558 3937 πλῆ-

1960 3967 2052 4032 θος
2074 3967 2182 4021 τῶν
2219 3966 2539 4037 λεγομένων
2577 3965 2851 4035 συνίησιν.
2894 3964 2954 4016 ὐ
2985 3962 3040 4015 δὲ
3070 3958 3277 4028 μᾶλλον
3303 3958 3405 4030 τὴν
3434 3975 3557 4028 (peu-

1960 4062 2059 4131 νὴν
2094 4060 2330 4130 ἐπάρας,
2391 4056 2681 4129 Ἐϐραϊστὶ
2729 4055 2898 4109 πάλιν
2931 4053 3123 4121 ἔλεγεν
3172 4054 3254 4115 είς
3309 4050 3555 4122 ἐπήκοον

1963 4151 2182 4205 πάντων
2210 4166 2223 4179 ·
2264 4149 2364 4216 Μῆ
2406 4146 2688 4201 ἀπατάτω
2713 4144 2869 4216 ὑμᾶς
2889 4143 3157 4209 Ἐζεκίας
3180 4142 3398 4212 λέγων,
3431 4141 3556 4195 Κύ-

1953 4261 2085 4313 ριος
2110 4243 2364 4311 ῥύσεται
2387 4239 2566 4310 ἡμᾶς’
2591 4237 2677 4308 μὴ
2698 4238 3005 4306 ἐρῤύσατο
3020 4233 3359 4304 Σαμάρειαν
3379 4248 3401 4297 ;
3438 4230 3555 4286 Καὶ

281 4342 474 4393 exoret
505 4332 729 4402 populo.
763 4331 1020 4386 Praadicit
1064 4332 1174 4394 ille,
1208 4331 1397 4386 hostes
1439 4331 1577 4386 citra
1622 4331 1855 4388 dimica-

1963 4334 2309 4408 ἀπήγγειλαν
2336 4333 2518 4386 ταῦτα
2540 4330 2619 4401 τῷ
2642 4328 2889 4401 Ἐζεκίᾳ.
2936 4327 2995 4382 ’0
3017 4327 3075 4380 δέ
3093 4325 3360 4390 ἀκούσας,
3400 4324 3555 4395 διέρ-

280 4425 489 4479 tioncm
530 4430 849 4492 superatum
913 4421 1001 4487 iri,
1065 4430 1122 4476 et
1173 4422 1622 4478 Senacherirnum
1673 4440 1733 4480 re
1774 4424 1858 4479 in-

280 4518 423 4577 fecta
466 4532 536 4572 ex
565 4514 798 4587 [Egypto
833 4530 1149 4577 reversum,
1189 4515 1594 4572 occubiturum.
1632 4516 1863 4589 Scripsit

281 4620 339 4667 et
365 4609 793 4665 Senacherimus
821 4608 888 4662 ad
918 4607 1167 4662 Ezeciam
1188 4647 1204 4671 ,
1236 4607 1292 4662 in
1321 4606 1461 4662 banc
1481 4609 1808 4667 sententiam
1845 4628 1859 4663 :

280 4702 362 4755 Ne
392 4701 612 4757 extol'at
645 4710 695 4754 te
728 4700 894 4765 Deus,
933 4716 1036 4770 quo
1075 4700 1241 4769 fretus
1276 4715 1350 4765 es,
1390 4717 1492 4771 qua
1522 4701 1693 4756 minus
1733 4701 1862 4756 Ilie-

283 4796 551 4865 rosolgma
590 4802 873 4865 capturum
903 4808 1012 4847 esse
1048 4807 1128 4847 me
1155 4793 1414 4847 existimes
1437 4809 1454 4847 :
1478 4797 1570 4848 sed
1601 4793 1737 4848 illud
1766 4810 1864 4863 po-

284 4890 389 4955 tius
418 4903 537 4941 cum
569 4888 749 4941 animo
775 4900 866 4941 tuo
900 4893 1111 4955 reputa,
1143 4884 1232 4939 ubi
1271 4886 1380 4939 sint
1418 4902 1561 4956 reges
1602 4888 1862 4957 gentium,

284 4995 414 5046 quos
440 4975 681 5047 'majores
715 4978 816 5030 mei
843 4976 1194 5045 confecerunt.
1224 4974 1365 5031 Eam.
1402 4976 1688 5046 epistolam
1723 4977 1863 5033 Eze-

285 5072 401 5126 cias
444 5070 645 5137 lectam
672 5068 726 5122 in
752 5068 955 5139 templo
983 5068 1249 5138 reposuit,
1282 5077 1335 5124 ct
1364 5069 1691 5139 supplicavit
1711 5071 1859 5126 Deo:

298 5162 444 5227 i'ide,
477 5160 677 5231 inquit,
730 5161 971 5226 Domine,
1010 5170 1057 5214 et
1107 5161 1232 5214 audi
1282 5161 1437 5216 verba
1481 5160 1859 5227 Senacherimi,

285 5273 402 5326 qnw
441 5258 513 5311 ad
548 5273 629 5311 me
677 5256 884 5325 scripsit
916 5257 969 5311 in
1014 5268 1159 5311 luam
1197 5257 1607 5322 contumeliam,
1645 5259 1862 5313 viventis

284 5349 404 5414 Dei,
434 5357 497 5411 et,
529 5348 669 5415 eripe
697 5364 789 5401 nos
814 5363 842 5400 ε
877 5365 1036 5402 manu
1075 5350 1208 5416 ejus.
1246 5351 1410 5406 Isaias
1455 5350 1745 5406 conﬁrmat
1779 5365 1866 5404 rc-

286 5460 432 5515 gcm,
473 5457 728 5499 asserens
768 5444 939 5499 Deum
967 5445 1259 5501 exaudisse
1291 5461 1486 5517 preces
1513 5447 1634 5517 ejus
1656 5462 1668 5498 :
1688 5459 1863 5514 caque

285 5550 450 5603 nocte
499 5556 636 5597 exesa
671 5550 801 5598 sunt
844 5542 916 5596 ab
951 5544 1143 5615 angelo
1175 5544 1230 5598 in
1280 5546 1478 5600 castris
1511 5545 1861 5616 Assyriorum

283 5646 505 5691 centum
524 5642 579 5688 et
597 5634 875 5705 octoginta
899 5634 1142 5704 quinque
1164 5636 1355 5697 millia,
1378 5650 1613 5706 quorum
1634 5634 1865 5690 cadave-

284 5743 343 5782 ra
367 5728 631 5798 postridie
662 5728 887 5782 inventa
909 5737 1056 5782 sunt.
1081 5729 1369 5783 Exercitus
1403 5729 1648 5798 reliquiae
1669 5727 1862 5781 Hiero-

286 5820 513 5891 solymis
541 5818 939 5875 discesserunt.
972 5818 1209 5875 Coactus
1236 5830 1321 5875 est
1354 5831 1410 5874 et
1434 5819 1861 5874 Senacherimus

285 5913 627 5985 qbsidionem
662 5914 866 5972 Pelusii
898 5914 1145 5985 solvere,
1186 5930 1308 5969 cum
1338 5929 1522 5972 mures
1554 5929 1663 5969 una
1700 5923 1861 5971 nocte

1290 6000 1412 6012 ,νο-..η
1494 5999 1608 6007 νη...

1961 4428 2094 4500 ρηξε
2130 4427 2201 4482 τὰ
2234 4428 2430 4497 ἱμάτια
2462 4422 2653 4490 αὐτοῦ,
2679 4423 2776 4476 καὶ
2803 4419 3166 4491 περιεϐάλετο
3195 4418 3428 4483 σάκκον,
3456 4416 3554 4472 καὶ

1960 4522 2167 4586 πεσὼν,
2211 4519 2394 4572 ἐδέετο
2425 4518 2521 4571 τοῦ
2572 4514 2711 4569 Θεοῦ
2766 4512 3024 4585 βοήθειαν
3057 4512 3147 4566 ἐπ’
3195 4509 3554 4571 ἀνελπίστοις

1958 4615 2140 4670 αὐτῶν
2165 4630 2178 4645 ·
2210 4613 2307 4666 καὶ
2352 4609 2492 4682 πρὸς
2532 4608 2765 4663 Ἡσαΐαν
2811 4607 2906 4660 τὸν
2955 4607 3248 4678 προφήτην
3297 4603 3549 4674 πέμψας,

1962 4706 2270 4780 παρεκάλει
2304 4704 2473 4759 αὑτὸν
2496 4701 2720 4757 δέεσθαι
2752 4699 2848 4754 τοῦ
2881 4698 3040 4764 Θεοῦ,
3076 4699 3141 4753 ἵν’
3178 4697 3341 4761 ἵλεως
3374 4698 3554 4749 iocum

1961 4802 2038 4870 τῷ
2072 4799 2211 4870 λαῷ.
2271 4799 2331 4851 '0
2365 4797 2422 4849 δὲ
2471 4793 2723 4867 ἀμαχητὶ
2753 4793 2883 4857 τοὺς
2911 4793 3212 4863 πολεμίους
3245 4790 3552 4862 προέλεγεν

1962 4892 2418 4966 ἡττηθήσεσθαι,
2478 4890 2574 4943 καὶ
2633 4889 2726 4943 τὸν
2794 4886 3151 4958 Σεναχηρεὶμ
3215 4885 3544 4953 κτανθῆναι,

1961 4974 2250 5059 ἄπρακτον
2291 4986 2385 5039 ἀπ’
2446 4983 2732 5053 Αἰγύπτου
2787 4980 3180 5036 ἐπανελθόντα.
3231 4975 3547 5032 Ἐπέστειλε

1960 5082 2016 5136 δὲ
2046 5082 2142 5136 καὶ
2164 5078 2515 5150 Σεναχηρεὶμ
2536 5076 2616 5147 τῷ
2637 5076 2896 5146 Ἐζεκίᾳο
2926 5073 3024 5143 Μὴ
3056 5071 3348 5142 ἐπαιρέτω
3394 5084 3470 5125 σε
3514 5070 3550 5124 ὁ

1964 5176 2108 5240 Θεός
2156 5190 2295 5236 σου,
2339 5172 2433 5241 ἐφ’
2456 5164 2505 5239 ᾧ
2531 5171 2825 5234 πέποιθας
2854 5167 2939 5237 μὴ
2968 5164 3385 5235 παραδοθῆναι
3431 5162 3547 5230 τὴν

1977 5264 2366 5336 Ἰερουσαλὴμ
2403 5266 2491 5329 είς
2521 5260 2725 5332 χεῖράς
2748 5278 2890 5331 μου·
2920 5260 3284 5328 ἀναλόγισαι
3314 5257 3434 5311 ποῦ
3464 5257 3548 5308 εί-

1963 5377 2069 5414 σιν
2111 5361 2167 5412 ot
2202 5356 2492 5423 βασιλεῖς
2534 5355 2656 5408 τῶν
2698 5352 2893 5408 ἐθνῶν
2918 5394 2931 5418 ,
2976 5352 3087 5418 οὓς
3124 5351 3468 5421 διέφθειραν
3494 5346 3547 5400 οἱ

1963 5451 2216 5520 πατέρες
2236 5465 2377 5518 μου.
2411 5447 2631 5514 Ταύτην
2652 5446 2751 5515 τὴν
2778 5443 3071 5514 ἐπιστολὴν
3102 5444 3370 5510 ἀναγνοὺς
3401 5440 3549 5502 Ἐζε-

1964 5544 2112 5610 κίας,
2141 5542 2403 5596 κατέθετο
2434 5544 2514 5605 εἰς
2542 5539 2602 5593 τὸ
2651 5540 2820 5610 ἱερὸν,
2854 5538 2949 5591 καὶ
2983 5538 3230 5590 ἱκέτευσε
3261 5535 3355 5588 τὸν
3386 5532 3543 5592 Θεὸν.

1977 5637 2126 5697 Ἴδε,
2168 5636 2367 5704 λέγων,
2410 5636 2605 5703 Κύριε”
2660 5633 2759 5686 a‘al
2815 5632 3090 5686 ἄκουσον
3138 5628 3282 5697 τοὺς
3324 5628 3545 5688 λόγους

1970 5730 2363 5799 Σεναχηρείμ,
2426 5729 2534 5794 οὓς
2581 5726 2946 5781 ἀπέστειλεν
2979 5721 3281 5783 ὀνειδίζων
3329 5736 3405 5773 σε
3440 5716 3545 5770 τὸν

1970 5819 2155 5881 ζῶντα
2186 5822 2335 5876 Θεὸν
2365 5863 2379 5885 ,
2425 5821 2524 5874 καὶ
2574 5817 2790 5872 σῶσον
2818 5813 2974 5886 ἡμᾶς
3006 5816 3073 5867 ἐκ
3108 5813 3309 5883 χειρὸς
3335 5806 3541 5866 αὐτοῦ.

1983 5913 2210 5981 Ἡσαΐας
2260 5916 2316 5970 δέ
2369 5911 2755 5984 παρεθάρρυνε
2794 5908 3188 5987 τὸνβασιλέα,
3240 5902 3539 5961 ἐπακοῦσαι
