3910 6626
466 444 577 510 219
1782 430 2078 494 JOANNI!

2187 430 2489 491 ONABE.
3702 428 3827 495 2‘20

467 564 714 618 miserat.
748 556 941 614 Neutri
967 563 1153 610 autem
1193 553 1355 611 tidem
1386 550 1660 613 adhibuit.
1710 550 1962 606 fortassis
1986 548 2056 604 ob

2185 546 2287 617 ειὴλ
2317 549 2376 601 ἐν
2399 545 2688 601 Βαϐυλῶνι
2721 546 3010 618 προέλεγε,
3030 550 3126 600 καὶ
3150 545 3370 617 γράψας
3400 546 3830 601 ἀπέσταλκεν

469 653 898 711 dissensionem.
922 649 1056 705 Nam
1090 649 1143 702 in
1171 646 1387 702 caneris
1407 644 1626 715 quidem
1657 643 2054 713 congruebant,

2185 640 2243 701 :l;
2276 636 2651 707 Ἱεροσόλυμα.
2722 637 3026 707 Ἦπίστησε
3057 638 3114 691 δὲ
3150 638 3356 706 ἀμφοῖν
3388 640 3523 691 τοῖς
3564 636 3824 707 προφή-

470 749 540 802 de
591 745 818 800 Sedecia
878 751 1059 797 autem
1111 739 1442 794 videbantur
1518 737 1874 805 discrepare,
1929 749 2059 789 cum

2185 747 2283 792 ταις
2306 731 2333 783 6
2360 729 2746 793 Σεδεκίας.,ὡς
2778 729 2922 800 τάχα
2944 729 3302 799 διαφωνοῦσι.
3339 729 3487 801 Περὶ
3531 730 3658 798 μὲν
3701 731 3824 797 γὰρ

474 838 883 894 Ezechieleum
914 833 1243 905 Babylonem
1280 847 1387 885 non
1424 829 1671 883 visurum
1698 828 2060 898 prtedixisset,

2185 822 2273 878 τῶν
2325 822 2504 879 ἄλλων
2562 821 2932 893 συνεφώνουν,
2993 824 3124 894 περὶ
3183 823 3240 876 δὲ
3300 823 3475 877 αὐτοῦ
3517 822 3822 876 Σεδεκὼυ

474 930 743 987 Jeremias
819 927 1097 997 captivum
1190 923 1493 982 abductum
1580 921 1647 975 iri
1733 920 2062 991 Babylonem

2185 918 2386 970 ιδόκουν
2416 915 2821 974 ἐναντιοῦσθαι.
2864 917 3127 988 Ἰεζεκιὴλ
3155 918 3255 989 μὲν
3280 917 3391 989 γάρ
3422 917 3518 989 μὴ
3549 916 3818 985 ὄψεσθαι

475 1024 889 1079 vaticinaretur.
927 1018 1033 1073 Sed
1052 1028 1110 1073 et
1128 1017 1216 1072 illa
1231 1016 1446 1071 interse
1464 1013 1916 1071 consentiebant:
1934 1025 2063 1067 nam

2185 1012 2266 1081 ςὴν
2291 1010 2587 1063 Βαϐυλῶνα
2608 1010 2772 1065 αὐτὸν
2810 1006 3211 1082 προεφήτευεν,
3254 1010 3555 1083 Ἱερεμίας
3613 1010 3681 1064 δὲ
3723 1010 3818 1063 δέ-

479 1123 715 1172 οαιοοιηε
743 1113 797 1167 in
832 1111 1040 1172 Iudaea,
1064 1108 1390 1179 etcaptivus
1420 1107 1691 1162 abductus
1727 1105 2062 1176 Babylonem

479 1225 590 1263 non
622 1207 781 1260 \idit.
830 1205 933 1259 llic
963 1202 1224 1258 Sedecias
1260 1200 1575 1270 Babyloniis
1605 1214 1701 1268 per
1726 1207 1867 1257 cocto
1891 1212 2067 1253 annos

480 1309 696 1354 servata
718 1297 823 1351 fide
837 1300 903 1350 ad
921 1294 1205 1366 {Egyptios
1235 1291 1540 1349 inclinavit.
1560 1290 1674 1356 Qua
1696 1290 1762 1344 de
1781 1304 1942 1344 causa
1957 1288 2067 1343 Na-

480 1385 1552 1458 buchodonosorllierosolymaobsedit,
1585 1382 1890 1455 proﬂigatis
1916 1381 2070 1453 prius

482 1482 773 1553 :Egyptiis,
795 1480 887 1550 qui
910 1479 1408 1547 Judzeissuppetias
1430 1473 1758 1530 veniebant:
1782 1488 1921 1543 quos
1936 1472 2066 1527 dum

484 1585 934 1645 persequeretur,
991 1571 1265 1642 negabant
1325 1565 1821 1639 pseudoprophetae
1881 1565 2073 1621 hostes

362 1663 371 1671 ’
482 1668 680 1723 urbem
717 1682 880 1737 porro
901 1666 1243 1721 obsessuros.
1272 1661 1539 1718 Jeretnias
1557 1670 1772 1723 contra,
1789 1666 1847 1713 et
1870 1657 2073 1712 reditu-

486 1777 600 1821 ros.
633 1770 689 1816 et
709 1770 969 1830 capturos
1004 1759 1219 1818 urbem,
1271 1766 1321 1811 et
1342 1770 1638 1811 eversuros
1663 1752 1988 1818 afﬁrmabat,
2015 1759 2072 1808 et

486 1852 755 1922 templum
782 1851 1129 1914 ineensnros,
1160 1859 1215 1905 et
1240 1847 1425 1919 populi
1456 1846 1720 1916 reliquias
1745 1845 1801 1900 in
1828 1843 2069 1915 captivi-

2169 1120 2330 1173 σμιον
2361 1103 2523 1156 αὐτὸν
2549 1103 2870 1174 ἀπαχθῆναι
2919 1103 3058 1174 πρὸς
3100 1104 3398 1158 Βαϐυλῶνα
3461 1104 3815 1172 προέλεγε.
3908 1166 3910 1171 ι

2168 1194 2388 1266 Συνῳδέι
2413 1193 2470 1246 δὲ
2494 1195 2608 1258 τοῖς
2638 1195 2953 1265 προφήταις
2978 1193 3074 1249 καὶ
3097 1196 3165 1249 τά
3191 1196 3325 1267 περὶ
3347 1196 3570 1250 τούτου
3599 1197 3819 1266 προεί-

2171 1301 2371 1358 ρηντο·
2428 1286 2734 1355 τυφλωθεὶς
2777 1288 2880 1359 γὰρ
2944 1290 3003 1341 ὲν
3060 1288 3316 1359 Ἰουδαίᾳ,
3372 1289 3472 1343 καὶ
3548 1289 3813 1358 δέσμιος

2168 1380 2460 1451 ἀπαχθεὶς,
2488 1380 2588 1450 τὴν
2616 1379 2915 1434 Βαϐυλῶνα
2944 1380 3047 1434 οὐκ
3074 1381 3361 1435 ἐθεάσατο.
3399 1375 3603 1443 Οὗτος
3639 1385 3672 1434 6
3707 1382 3814 1434 Σε-

2168 1473 2354 1538 δεκίας
2410 1473 2506 1527 ἐπὶ
2543 1472 2637 1544 ἔτη
2669 1471 2816 1528 ὀκτὼ
2862 1474 3113 1545 τηρήσας
3146 1474 3245 1543 τὴν
3274 1475 3459 1528 πίστιν
3489 1474 3617 1542 τὴν
3658 1474 3808 1545 πρδς

2170 1566 2261 1620 τὸν
2317 1565 2684 1633 Βαϐυλώνιον,
2748 1566 2887 1635 πρὸς
2931 1568 3062 1631 τοὺς
3093 1567 3429 1635 Αἰγυπτίους
3469 1567 3805 1622 ἀπέκλινε.

2171 1658 2264 1713 Διό
2298 1660 2691 1730 στρατεύσαςδ
2739 1659 3239 1732 Ναϐουχοδονόσορ,
3293 1659 3642 1732 ἐπολιόρκει
3694 1661 3801 1728 τὴν

2186 1752 2562 1824 Ἰερουσαλήμ.
2621 1753 2745 1808 Τῶν
2789 1754 2835 1809 δ’
2902 1754 3222 1822 Αἰγυπτίων
3280 1754 3361 1817 είς
3431 1752 3802 1823 συμμαχίαν
3908 1816 3910 1819 ι

2174 1850 2420 1920 ἡκόντων
2455 1850 2570 1913 τοῖς
2592 1847 2897 1913 Ἰουδαίοις,
2931 1852 3364 1921 προῦπαντήσας
3389 1850 3601 1919 σφίσιν
3628 1853 3660 1903 6
3685 1850 3796 1904 Βα-

488 1954 656 1999 tatem
701 1944 1062 2005 abducturos,
1102 1942 1196 1997 ubi
1234 1942 1540 1996 serviturus
1581 1947 1729 1995 esset
1760 1951 1937 1994 annos
1979 1951 2070 1992 se-

2185 1914 2462 2007 ϐυλώνιος,
2522 1942 2619 1996 κα⁶ι
2657 1914 3004 2013 τρεψάμενος
3065 1914 3266 2007 αὐτοὺς
3319 1914 3567 2005 διώκει.⁹
3619 1944 3690 1996 Ol
3737 1942 3795 1996 δὲ
3908 1934 3910 1937 ’

488 2039 795 2109 ptnaginta,
823 2038 999 2092 donec
1022 2038 1199 2092 Persas
1219 2035 1417 2091 eth-[edi
1441 2032 1863 2104 Babyloniorum
1898 2030 2072 2099 impe-

494 2139 637 2190 rimn
670 2135 1328 2190 destruxissentzactnm
1356 2132 1581 2185 demum
1613 2126 2071 2200 captivosdimis-

490 2245 614 2284 sum
668 2229 757 2291 iri,
786 2238 843 2283 et
885 2227 1148 2297 templum
1202 2235 1369 2295 atque
1414 2222 1613 2278 urbem
1645 2221 2071 2276 instauratnros.

490 2319 785 2374 Jeremiam
819 2319 935 2374 haec
973 2326 1380 2374 asseverantem
1428 2331 1523 2370 rex
1564 2323 1621 2371 et
1667 2314 1833 2371 anlici
1884 2328 2077 2384 proceo

493 2426 584 2465 res
641 2411 798 2482 115
844 2411 1280 2468 subsannabant.
1332 2409 1437 2477 Qui
1499 2424 1627 2465 cum
1673 2407 1974 2478 aliquando
2019 2406 2077 2461 in

496 2504 727 2573 patriam
790 2503 1125 2559 Anathotam
1168 2501 1317 2570 iret,
1364 2502 1421 2557 in
1462 2501 1604 2557 viaa
1650 2501 1901 2573 principe
1938 2515 2078 2570 quo-

492 2596 622 2650 dam
654 2610 755 2665 pro
791 2595 1073 2666 transfuga
1110 2594 1577 2665 comprehensus,
1622 2594 1691 2649 ad
1727 2592 2079 2664 magistratus

496 2686 665 2741 addut
685 2686 836 2742 itur:
878 2700 909 2740 a
949 2683 1155 2756 quibus
1192 2685 1577 2749 excruciatus,
1621 2683 1690 2740 ad
1743 2683 2080 2755 supplicium

501 2780 906 2834 assenabatur.
954 2781 1112 2834 Anno
1169 2778 1322 2849 regni
1376 2776 1622 2834 Sedecias
1674 2792 1846 2843 nono,
1888 2792 2081 2833 secun-

500 2870 632 2924 dum
662 2870 976 2942 aggreditur
1018 2871 1396 2942 Hierosolyma
1424 2869 1756 2940 Babylonius
1796 2887 1810 2926 :
1842 2886 2079 2942 eumque

488 2959 698 3017 ,nrhcm
761 2973 980 3014 menses
1030 2959 1337 3015 octodecim
1390 2959 1679 3015 obsidione
1738 2961 2077 3029 pressisset,

503 3054 572 3108 ad
608 3052 863 3109 hostilem
903 3060 1109 3108 metum
1150 3052 1323 3108 fames
1354 3062 1410 3109 et
1439 3053 1610 3123 pestis
1651 3055 1904 3110 accessit.
1940 3055 2080 3111 Tum

498 3146 767 3201 Jeremias
814 3147 868 3200 in
918 3163 1143 3203 carcere
1185 3146 1595 3204 multitudinem
1645 3148 1990 3217 adhortatur,
2023 3160 2083 3208 ut

2174 2035 2644 2107 ψευδοπροφῆται,
2665 2036 2866 2108 μηκέτι
2894 2038 3020 2100 τοὺς
3045 2037 3341 2107 πολεμίους
3369 2037 3793 2108 πολιορκήσειν

2176 2129 2377 2193 αὐτοὺς
2438 2128 2663 2197 ἐλεγοψ
2724 2130 3003 2201 Ἱερεμίας
3040 2130 3120 2195 δὲ,
3155 2130 3253 2185 καὶ
3286 2130 3660 2202 ὑποστρέψαι
3689 2131 3795 2184 αὑ-

2175 2222 2326 2286 τοὺς,
2383 2223 2478 2277 καὶ
2503 2222 2606 2294 τὴν
2633 2222 2794 2277 πόλιν
2825 2223 3076 2293 αἱρήσειν
3118 2223 3212 2277 καὶ
3232 2223 3659 2293 κατασκάψειν,
3691 2222 3789 2276 καὶ

2177 2313 2268 2369 τὸν
2320 2314 2449 2368 ναὸν
2479 2316 2791 2385 ἐμπρήσειν
2812 2356 2827 2379 ,
2869 2316 2967 2369 καὶ
3018 2315 3112 2368 τὸν
3163 2315 3292 2370 λαὸν
3321 2315 3412 2368 τὸν
3438 2316 3597 2377 τέως
3625 2331 3789 2383 περι-

2177 2406 2611 2478 λειφθησόμενον
2664 2404 2903 2471 ἀπάξειν
2973 2407 3317 2477 προηγόρευε
3379 2405 3783 2477 δορυάλωτον,

2178 2500 2266 2554 ἔπ’
2316 2500 2412 2572 ἔτη
2441 2499 2802 2554 δουλεύσοντα
2833 2499 3245 2569 ἑϐδομήκοντα,
3291 2499 3491 2569 μέχρις
3545 2492 3616 2554 οὗ
3645 2499 3780 2569 Ilip-

2180 2611 2273 2649 σαι
2329 2595 2425 2648 καὶ
2497 2594 2675 2664 Μῆδοι
2734 2593 2834 2664 τὴν
2911 2590 3275 2647 Βαϐυλωνίων
3340 2592 3532 2663 ἀρχὴν
3604 2606 3766 2645 κατα-

2180 2686 2422 2742 λύσουσι.
2488 2686 2623 2740 Τότε
2668 2685 2728 2740 δὲ
2785 2683 3019 2753 λυθῆναι
3067 2686 3169 2756 τῆς
3226 2683 3628 2754 αἰχμαλωσίας
3686 2683 3781 2737 αὖ.

2179 2780 2346 2845 τοὺς,
2409 2777 2636 2834 καὶτὸν
2669 2777 2799 2832 ναὸν
2861 2773 3020 2841 αὖθις
3090 2777 3184 2831 καὶ
3248 2776 3348 2848 τήν
3409 2774 3581 2830 πόλιν
3626 2776 3777 2829 ἀνοι-

2178 2873 2505 2941 κοδομῆσαι.
2576 2870 2745 2925 Ταῦτ’
2817 2871 3008 2939 ἔλεγεν
3084 2871 3379 2941 Ἱερεμίας.
3458 2870 3526 2924 '0
3575 2868 3636 2922 δὲ
3678 2870 3777 2932 βα-

2182 2966 2365 3029 σιλεὺς
2442 2965 2537 3019 καὶ
2605 2966 2654 3018 οί
2717 2966 2847 3035 περὶ⁵
2914 2963 3079 3018 αὐτὸν
3141 2964 3265 3026 τοὺς
3324 2962 3525 3029 λόγους
3603 2957 3773 3015 αὑτοῦ

2180 3056 2571 3129 ὲμυκτήριζθν.
2589 3057 2832 3111 Ἀπιόντι
2859 3056 2918 3111 δὲ
2944 3055 3023 3127 τῷ
3044 3056 3304 3129 προφήτῃ
3333 3054 3472 3126 πρὸς
3525 3050 3770 3107 Ἀναθὼθ

2180 3153 2281 3223 τὴν
2334 3150 2591 3223 πατρίδα,
2633 3151 2974 3221 συναντήσας
3033 3166 3118 3213 τις
3158 3147 3269 3202 τῶν
3316 3148 3630 3219 ἀρχόντων,
3682 3143 3771 3198 καί

500 3234 860 3306 Babylonium
895 3237 1163 3306 recipiant
1185 3275 1201 3300 ,
1232 3236 1313 3292 sic
1350 3236 1468 3293 fore
1502 3237 1842 3305 incolumes,
1874 3240 2078 3315 alioqui

2193 3244 2502 3315 κατασχὼν,
2551 3244 2628 3305 ὡς
2664 3241 2963 3314 αὐτόμολον
2999 3243 3177 3315 ήγαγε
3219 3240 3356 3313 πρὸς
3393 3240 3523 3303 τοὺς
3574 3239 3770 3328 ἄρχονέ

498 3328 586 3383 vel
648 3327 791 3383 fame
859 3329 943 3383 vel
1004 3328 1185 3399 gladio
1236 3330 1513 3399 perituros
1553 3349 1569 3387 :
1607 3333 1703 3403 qui
1762 3342 1946 3391 autem
2010 3336 2081 3392 ad

502 3419 690 3474 hostes
747 3420 1076 3486 transisset,
1135 3430 1368 3478 mortem
1426 3424 1753 3482 vitaturum.
1809 3426 2081 3485 Caterum

499 3512 783 3582 prophetae
852 3512 1015 3568 fidem
1099 3513 1340 3570 habebat
1409 3532 1616 3585 nemo;
1693 3518 1864 3576 duces
1914 3522 2081 3578 etiam

501 3621 685 3676 regem
723 3616 916 3662 contra
963 3623 1089 3663 eum
1142 3609 1476 3677 instigabant
1508 3629 1525 3665 :
1552 3613 1647 3682 qui
1694 3616 1927 3685 tempori
1961 3630 2083 3672 ser—

501 3699 691 3763 viens,
726 3716 854 3754 eum
903 3701 1015 3756 illis
1041 3702 1239 3765 tradit,
1271 3712 1333 3757 ut
1361 3719 1461 3761 suo
1488 3706 1761 3761 arbitratu
1796 3715 2032 3763 tractent
2063 3726 2078 3763 :

499 3806 664 3861 quem
718 3792 795 3848 illi
844 3793 899 3847 in
944 3795 1123 3849 lacum
1167 3810 1455 3852 cmuosum
1507 3798 1881 3868 eonjecerunt.
1927 3800 2083 3857 Unde

502 3884 761 3939 Sedecias
807 3895 1114 3941 extractum
1153 3897 1211 3943 et
1250 3889 1391 3943 clam
1434 3891 1777 3947 accersitum
1848 3891 2086 3948 interro-

486 3987 611 4049 gat,
645 3977 779 4047 quid
823 3978 892 4033 de
927 3979 1256 4050 urgentibus
1291 3981 1452 4037 malis
1496 3983 1772 4041 sentiret?
1809 3984 2083 4055 Propheta

501 4072 693 4126 urbem
760 4072 1061 4143 Babylonio
1125 4073 1429 4131 dedendam
1500 4085 1735 4141 censet,
1783 4088 2083 4149 regemque

500 4172 711 4219 metum
755 4164 908 4219 exitii
962 4174 1278 4223 causantetn
1322 4165 1654 4233 conﬁrmat,
1696 4170 1743 4224 si
1786 4168 2078 4240 obtempe-

502 4265 718 4320 rasset,
752 4255 891 4310 nihil
938 4256 990 4311 ei
1031 4272 1196 4326 grave
1228 4268 1559 4315 eventurum
1603 4278 1617 4314 :
1654 4261 1841 4332 itaque
1892 4262 2084 4319 dimit-

504 4347 659 4401 titur.
713 4345 785 4402 At
837 4346 1173 4418 Babylonius
1215 4364 1413 4420 magna
1458 4350 1512 4404 vi
1566 4352 1761 4408 urbem
1814 4354 2081 4417 adortus.

486 4438 800 4497 -undccimo
858 4440 1008 4511 regni
1049 4439 1292 4497 Sedecias
1337 4457 1485 4497 anno
1524 4442 1693 4513 capit.
1734 4444 1993 4502 Sedecias
2017 4462 2085 4501 ex

504 4533 642 4589 urbe
673 4532 887 4604 fugiens
911 4573 927 4597 ,
953 4533 1023 4589 ab
1050 4532 1305 4589 hostibus
1345 4549 1471 4591 cum
1500 4535 1692 4603 liberis
1722 4546 1779 4592 et
1818 4538 2085 4596 uxoribus

2182 3356 2302 3404 τας·
2335 3338 2386 3393 οἳ
2415 3338 2764 3408 αἰκισάμενοι
2788 3335 2952 3390 αὑτὸν
2976 3335 3204 3405 ἐτήρουν
3228 3335 3310 3397 εἰς
3328 3333 3583 3387 κόλασιν.
3618 3327 3771 3384 Κατὰ

2172 3432 2241 3487 -δὶ
2281 3436 2343 3487 τδ
2381 3431 2602 3486 ἔννατον
2653 3430 2773 3494 ἔτος
2807 3431 2907 3499 τῆς
2942 3428 3219 3499 βασιλείας
3255 3427 3544 3491 Σεδεκίου,
3594 3426 3768 3479 ἔπεισι
3870 3446 3877 3451 λ
3908 3430 3910 3457 ε

2181 3528 2243 3581 τδ
2273 3526 2528 3597 δεύτερον
2557 3524 2699 3580 κατὰ
2735 3524 2845 3579 τῶν
2900 3522 3290 3595 Ἱεροσολύμων
3328 3523 3357 3576 6
3394 3519 3764 3582 Βαϐυλώνιος·
3870 3518 3877 3547 ί
3907 3527 3910 3555 ι

2183 3622 2278 3674 καὶ
2322 3618 2520 3689 ἐφ’ένα
2552 3618 2691 3688 πρὸς
2724 3617 2803 3687 τῷ
2832 3616 3024 3687 ἡμίσει
3051 3614 3319 3678 ἐνιαυτὸν,
3359 3611 3642 3684 κραταιῶς
3672 3611 3765 3679 τὴν

2184 3712 2340 3765 πόλιν
2382 3711 2681 3781 πολιορκεῖ.
2727 3710 2807 3781 Τῇ
2849 3708 2907 3762 δὲ
2955 3706 3247 3778 πολιορκίᾳ
3296 3707 3392 3760 καὶ
3435 3704 3600 3777 λιμὸς
3644 3720 3764 3756 συν-
3868 3716 3910 3737 -ι

2182 3798 2425 3872 ηνέχθη,.
2457 3797 2552 3852 καὶ
2592 3798 2688 3852 ἐπὶ
2733 3798 2960 3861 τούτους
3004 3796 3214 3865 λοιμός.
3264 3795 3540 3867 Ἱερεμίας
3575 3792 3633 3847 δὲ
3674 3790 3762 3845 καὶ
3870 3804 3910 3837 λι

2184 3891 2581 3962 καθειργμένος
2624 3890 2881 3956 δέξασθαι
2932 3890 3025 3944 τὸν
3070 3888 3417 3942 Βαϐυλώνιον
3463 3884 3762 3958 παρεκάλει
3872 3899 3910 3950 -;

2184 3982 2246 4036 τδ
2272 3982 2495 4052 πλῆθος
2532 3980 2878 4052 σωθήσεσθαι
2908 3981 3018 4047 γὰρ
3048 3978 3212 4032 οὕτωσ
3248 3979 3297 4031 εί
3333 3975 3477 4042 δὀὓ,
3509 3976 3761 4047 μένοντας
3860 3982 3875 4009 ἠ

2166 4072 2503 4127 ’ἀπολεῖσθαι
2554 4074 2588 4145 ἦ
2635 4072 2780 4143 λιμῷ
2825 4073 2857 4143 ἢ
2908 4071 3195 4142 μαχαίρᾳ’
3230 4071 3280 4124 εί
3307 4070 3365 4124 δέ
3391 4087 3477 4133 τις
3520 4083 3762 4140 προσχω-
3872 4079 3877 4105 ῑ

2188 4167 2347 4238 ρήσει
2364 4169 2476 4229 τοῖς
2494 4166 2794 4236 πολεμίοις,
2812 4164 2904 4219 τὸν
2921 4164 3173 4226 θάνατον,
3199 4164 3376 4229 ἔλεγε,
3395 4160 3753 4231 διαφεύξεται.
3858 4164 3877 4199 ῖη
3907 4188 3910 4208 ς

2185 4259 2375 4315 Οὑδενὶ
2402 4264 2590 4328 μέντοι
2634 4257 2824 4321 πιστὸς
2852 4257 2881 4310 6
2907 4259 3197 4328 προφήτης
3224 4255 3527 4324 λελόγιστο.
3558 4254 3622 4309 υί
3640 4251 3758 4319 δ’ή·
3870 4284 3873 4285 ν
3908 4270 3910 4297 ;

2184 4352 2415 4424 γεμόνες
2442 4353 2539 4406 καὶ
2574 4348 2974 4422 προσηρωιζον
3000 4348 3122 4404 κατ’
3161 4349 3371 4403 ἐκείνου
3401 4350 3493 4401 τον
3525 4341 3750 4418 βασιλέα.
3862 4353 3878 4379 η’
3907 4350 3910 4397 ἑ

2200 4447 2258 4500 '0
2292 4446 2348 4498 δὲ
2388 4444 2478 4499 διὰ
2522 4443 2615 4496 τὸν
2652 4442 2848 4513 καιρὸν
2892 4441 3091 4503 αὐτοὺς
3137 4437 3479 4510 θεραπεύων,
3506 4436 3754 4490 ἐνέδωκεν

2186 4538 2385 4601 αὐτοὺς
2432 4535 2745 4608 χρήσασθαι
2789 4532 2867 4603 τῷ
2911 4533 3166 4605 προφήτῃ
3198 4532 3273 4595 ὼς
3307 4530 3608 4602 βούλονται.
3652 4523 3747 4578 Κάρ
3863 4536 3871 4543 ·

501 4627 741 4694 capitur,
786 4640 818 4678 a
869 4623 986 4678 suis
1034 4624 1272 4679 ducibus
1316 4634 1372 4679 et
1405 4625 1641 4691 amicis,
1671 4627 1795 4683 aliis
1836 4628 1946 4684 alio
2000 4630 2078 4684 di-

2188 4632 2357 4684 κεῖνοι
2397 4629 2563 4683 αὐτὸν
2604 4630 2685 4693 εἰς
2719 4626 2923 4681 λάκκον
2959 4621 3272 4696 βορϐορώδη
3305 4621 3579 4677 ἐνέϐαλον.
3616 4614 3739 4670 Σεδεν

503 4719 714 4789 lapsis,
774 4717 1097 4773 destitutus.
1152 4717 1485 4789 Babylonius
1555 4720 1623 4774 ad
1685 4735 1744 4776 se
1808 4721 2076 4791 perducto

505 4814 780 4882 ingratum
827 4810 1072 4865 animum
1101 4818 1158 4867 et
1195 4810 1479 4879 perfidiam
1513 4811 1846 4881 exprobrat,
1875 4812 2081 4869 liberos

502 4913 673 4974 atque
717 4903 927 4958 amicos
977 4902 1034 4957 in
1084 4901 1204 4972 eius
1252 4910 1552 4972 conspectu
1601 4903 1840 4974 iugulari
1881 4904 2078 4975 jubet,

505 4999 686 5069 ipsum
717 4995 939 5052 eﬂ'ossis
984 4994 1164 5050 oculis
1192 4995 1437 5050 vinctum
1468 4995 1799 5067 Babylonem
1831 4996 2081 5053 adducit.

503 5091 644 5147 Tum
697 5089 919 5145 demum
971 5088 1173 5153 sensit,
1221 5098 1514 5158 utrumque
1555 5089 1879 5160 prophetam
1914 5090 2082 5147 fuisse
2120 5094 2128 5103 '

504 5199 780 5240 veraeem.
848 5181 949 5237 Hic
995 5190 1306 5252 postremus
1365 5180 1470 5237 fuit
1535 5181 1756 5238 familia:
1809 5184 2081 5240 Davidicze

506 5292 720 5351 regum,
748 5275 844 5345 qui
878 5288 1110 5329 numero
1142 5273 1339 5345 viginti
1370 5289 1515 5329 unus
1544 5274 1766 5330 fuerant
1797 5275 2078 5332 universi:

499 5372 745 5441 elapsis,
782 5383 851 5425 ex
873 5384 983 5439 quo
1022 5366 1150 5422 Sani
1193 5382 1421 5438 regnum
1451 5367 1653 5423 inierat
1677 5406 1693 5433 ,
1733 5369 1895 5424 annis
1921 5370 2085 5438 quin-

503 5464 686 5535 gentis
739 5470 796 5517 et
851 5458 1303 5532 quatuordecim,
1349 5459 1634 5515 mensibus
1703 5474 1837 5525 sex,
1887 5461 2085 5517 diebus

504 5557 804 5619 sexdecim.
834 5555 1194 5612 Nabuzardan
1221 5552 1775 5610 Nabuchodonosoris
1825 5552 2085 5623 magister

507 5665 852 5723 coquorum,
897 5649 1053 5720 jussu
1138 5647 1283 5718 regis
1340 5654 1395 5701 et
1446 5646 1709 5715 templum
1771 5653 1827 5699 et
1877 5646 2084 5714 regiam

509 5744 795 5807 incendit,
839 5752 897 5798 et
943 5740 1136 5795 urbem
1190 5738 1426 5799 evertit,
1459 5738 1609 5791 omni
1654 5745 1852 5791 ornatu
1897 5738 2083 5806 templi

508 5835 761 5909 Spgiliato.
810 5833 1126 5892 Crematum
1175 5836 1261 5884 est
1315 5828 1578 5898 templum
1624 5843 1770 5883 anno
1817 5827 2086 5898 quadrin-
2126 5902 2131 5907 Δ

503 5932 813 6002 gentesimo
852 5923 1278 5999 septuagesimo,
1316 5938 1501 5979 mense
1540 5931 1715 5991 sexto,
1745 5923 1835 5979 die
1869 5922 2086 5979 decimo

2189 4725 2314 4787 κίας
2355 4724 2411 4777 δὲ
2454 4722 2614 4776 τοῦτο
2662 4720 2877 4790 μαοὼν,
2907 4717 3310 4787 ἀνελκυσθῆναι
3341 4715 3503 4769 αὐτὸν
3557 4708 3750 4767 ἐκεῖθεν

2191 4818 2444 4871 ἐκέλευσε
2466 4832 2479 4846 ·
2528 4816 2622 4868 καὶ
2656 4813 2833 4885 λάθρα
2864 4813 3119 4875 καλέσας.
3168 4811 3333 4881 ῆρετο
3366 4809 3418 4862 τί
3459 4823 3592 4876 φησι
3625 4801 3750 4871 πρδς

2189 4911 2259 4964 τὰ
2303 4910 2551 4979 παρόντα
2605 4907 2790 4972 δεινάς
2837 4906 2897 4961 Ὀ
2962 4905 3020 4960 δὲ
3074 4901 3413 4974 παραδοῦναι
3461 4900 3560 4971 τὴν
3610 4894 3747 4949 πόλιν
3862 4910 3867 4915 η
3907 4906 3910 4956 ε

2192 4999 2542 5053 συνεϐούλευε
2587 4996 2666 5069 τῷ
2714 4993 3061 5065 Βαϐυλωνίῳ.
3118 4991 3374 5053 Σεδεκίας
3424 4990 3480 5042 δὲ
3537 4984 3746 5042 δεδιέναι
3860 5000 3864 5006 ·

2190 5090 2345 5159 ἔλεγε
2376 5091 2452 5161 μὴ
2490 5089 2773 5160 ἀναιρεθῇ.
2812 5088 2872 5143 ’0
2913 5089 2969 5141 δὲ
3015 5088 3300 5156 προφήτης
3336 5081 3549 5145 οὐδενὸς
3600 5073 3747 5130 ain?”

2191 5184 2333 5238 οὕτω
2402 5181 2660 5236 ποιοῦντα
2711 5178 3146 5251 πειραθήσεσθαι
3214 5174 3509 5248 δυσχεροῦς
3561 5163 3745 5238 ίσχυρεο

2193 5277 2335 5341 ζετο.
2382 5276 2485 5329 Τὸν
2537 5274 2637 5345 μὲν
2684 5273 2778 5327 οὖν
2819 5276 2847 5327 ὁ
2885 5272 3141 5343 βασιλεὺς
3183 5269 3478 5324 ἀπέλυσεν.
3523 5265 3579 5319 Ὀ
3610 5260 3662 5315 δέ
3691 5272 3743 5324 γε

2192 5365 2534 5430 Βαϐυλώνιος
2596 5364 2908 5435 ἐπολιόρκει
2962 5362 3065 5432 τὴν
3122 5361 3278 5414 πόλιν
3334 5358 3471 5430 μετὰ
3528 5346 3741 5423 σφοδρᾶς

2193 5460 2513 5529 ἐπιθέσεως,
2558 5460 2655 5514 καὶ
2699 5455 2811 5513 εἷλε
2857 5458 3059 5529 ταύτην
3092 5454 3171 5522 τῷ
3217 5452 3492 5521 ἑνδεκάτῳ
3536 5437 3742 5510 ἐνιαυτῷ

2193 5554 2292 5621 τῆς
2336 5553 2509 5624 ἀρχῆς
2547 5549 2823 5604 Σεδεκίου.
2865 5547 3122 5610 Σεδεκίας
3167 5545 3227 5599 δὲ
3276 5542 3414 5615 μετὰ
3443 5540 3550 5595 τῶν
3577 5546 3740 5624 favet:

2196 5646 2328 5711 κῶν,
2383 5645 2479 5698 καὶ
2521 5644 2629 5697 τῶν
2661 5643 2893 5706 τέκνων,
2945 5641 3038 5694 καὶ
3071 5638 3179 5692 τών
3228 5635 3629 5706 προσηκόντων,
3660 5622 3739 5677 καὶ

2195 5737 2303 5790 τῶν
2338 5735 2507 5807 φίλων
2548 5734 2779 5803 ἔφευγεν
2811 5735 2876 5787 ἐκ
2903 5731 3004 5802 τῆς
3036 5730 3265 5792 πόλεως.
3300 5728 3362 5781 Οί
3413 5727 3470 5780 δὲ
3517 5720 3736 5807 πολέμιοι

2196 5799 2528 5892 κατεδίωξαν
2572 5799 2756 5890 αύτδν,
2816 5825 2911 5878 καὶ
2954 5799 3261 5877 κατέλαϐον
3315 5815 3639 5891 μονωθέντα.
3683 5799 3738 5857 0ῑ

2196 5920 2305 5993 γὰρ
2356 5917 2645 5992 ἡγεμόνες,
2696 5917 2789 5970 καὶ
2848 5917 2896 5970 oi
2949 5915 3095 5986 φίλοι
3148 5912 3317 5968 αὑτοῦ
3370 5907 3733 5977 διεσπάρησαν.
