3910 6618
75 338 168 404 ἳὶει

76 546 264 603 σιλιιιοῦ
298 546 605 615 γεγονότες
638 548 849 615 γένους,
874 546 1033 598 καλοὶ
1063 545 1162 608 τὰς
1193 545 1366 616 ὄψεις,
1398 550 1492 601 καὶ
1518 550 1651 617 ἀγα.

75 641 144 692 00".
171 637 267 700 τὰς
304 636 547 707 φύσεις-τ
612 633 685 690 ὧν
732 637 826 689 τὸν
885 637 985 706 μὲν
1038 636 1239 707 Δανιὴλ
1289 637 1650 706 καλούμενον,

77 730 345 801 Βαλτάσαρ
374 731 404 782 6
437 728 792 792 Βαϐυλώνιος
844 728 1202 800 μετωνόμασε
1222 745 1235 759 '
1271 729 1364 782 τὸν
1410 730 1469 783 δὲ
1493 729 1654 784 Ἀνα-

77 824 175 875 victv
210 819 617 889 ὠνομασμένον
663 820 873 890 Σεδράχ
898 838 911 851 ·
966 818 1188 891 Μισαὴλ
1226 820 1284 874 δὲ
1323 820 1414 874 τὸν
1462 820 1655 893 ἕτερον

77 911 394 983 κεκλημένον
441 912 678 966 Μισάκ·
710 912 804 964 καὶ
830 913 921 965 τὸν
952 912 1136 965 λοιπὸν
1151 912 1438 984 Ἀζαρίαν,
1470 914 1658 969 ’Δεδες

80 1005 209 1072 νογώ
235 1019 250 1032 °
285 1001 381 1065 οὒς
414 1001 519 1056 καὶ
573 1003 681 1058 τῶν
729 1001 908 1058 ἄλλων
955 999 1091 1074 ἦγεν
1142 1005 1551 1077 ἐντιμοτέρους,
1586 1007 1655 1061 δι’

81 1095 283 1166 εὐφυΐαν
332 1093 435 1148 ἐπὶ
494 1095 666 1165 σοφία
698 1096 1130 1167 προκόπτοντας.
1186 1090 1349 1150 Οὗτοι
1399 1098 1580 1151 τοίνυν
1605 1100 1655 1152 οἱ

78 1187 265 1241 νεανίαι
287 1185 383 1238 τοῦ
416 1185 777 1256 προεστῶτος
806 1188 987 1240 αὐτῶν
1019 1187 1276 1259 εὐνούχου
1312 1189 1541 1256 ἐδέοντο,
1580 1191 1654 1262 μὴ

76 1285 171 1344 τοῖς
198 1281 259 1331 ὲκ
283 1279 383 1349 τῆς
417 1279 725 1351 βασιλικῆς
780 1281 1064 1353 τραπέζης
1103 1284 1534 1353 χορηγουμένοις
1559 1286 1656 1338 αὺ-

81 1377 174 1435 τοῖς
222 1373 441 1443 διαιτᾷν
481 1375 653 1441 σερᾶς,
707 1373 826 1426 ἀλλ’
877 1372 1126 1444 ὀσπρίοις
1174 1374 1271 1427 καὶ
1318 1375 1517 1443 φοίνιξι
1563 1378 1655 1428 καὶ

89 1463 313 1524 τοιούτοις
342 1461 565 1526 ἄλλοις.
610 1465 671 1518 ’0
703 1465 780 1528 δὲ,
811 1465 1039 1521 δεδιέναι
1074 1465 1228 1534 ἔλεγε
1264 1467 1360 1537 μὴ,
1392 1467 1657 1530 τοιούτοις

90 1557 407 1628 τριρεμενοι,
470 1555 805 1610 λεπτωθῶσι
849 1558 916 1610 τὰ
971 1556 1223 1628 σώματα,
1261 1559 1535 1631 καὶπαρὰ
1559 1559 1653 1615 τοῦ

92 1648 321 1719 βασιλέως
344 1646 440 1699 διὰ
468 1647 640 1700 τοῦτο
669 1649 833 1713 αὐτὸς
858 1648 1111 1721 κακωθῇ.
1145 1650 1209 1703 Οἱ
1239 1649 1296 1703 δὲ
1322 1651 1406 1719 ἐφ’
1437 1650 1655 1721 ἡμέρας

94 1742 195 1793 δέκα
214 1736 352 1792 οὕτω
386 1738 677 1811 διαιτῆσαι
707 1741 905 1805 αὐτοὺς
938 1741 1306 1813 παρεκάλουν,
1341 1743 1436 1796 καὶ
1480 1746 1530 1797 εί
1556 1744 1655 1810 μὲν

1335 336 1746 398 ΑΝΝΛῘᾸΗΜ
1791 341 1863 401 LI
1876 340 1937 402 Β.
1984 340 2001 399 1
2018 341 2095 402 ῐΙ.

75 459 291 511 δίαιταν.
329 454 624 525 Τέσσαρες
661 452 715 507 δὲ
761 450 869 507 τῶν
917 450 1124 505 παίδων
1161 446 1302 523 ἦσαν
1332 454 1397 506 ἐκ
1434 452 1529 507 τοῦ
1555 452 1658 524 βαι·
1690 463 1733 516 Α

3229 349 3340 414 Ξὲϐ

1761 455 1980 524 generis
2007 497 2022 521 ,
2062 462 2117 509 et
2143 452 2317 508 forma
2359 461 2415 508 et
2449 454 2685 527 ingeniis
2715 468 3065 527 prz‘stantes,
3100 475 3335 531 quorum

1756 543 1964 598 Danicli
2049 543 2424 608 llalthasaris,
2473 546 2699 601 Ananize
2771 547 3073 613 Sedrachi,
3131 551 3336 608 Misacii

1754 634 1939 689 Misaei
1963 676 1977 700 ,
2012 634 2221 690 Azariae
2253 636 2532 713 Abdenagi
2570 654 2767 692 nomen
2794 634 2925 695 fecit
2959 639 3288 713 Babylonius
3320 683 3337 710 ,

1753 741 1810 787 et
1877 746 1989 801 pra:
2053 732 2266 786 caeteris
2324 712 2592 787 hortm-em
2663 731 2896 797 habuit,
2954 735 3025 789 ob
3095 735 3336 791 indolem

1756 822 2171 892 disciplinarum
2232 838 2489 893 capacem
2566 824 2630 879 lli
2701 824 2869 894 igitur
2932 827 3093 897 118
3154 829 3342 883 adole-

1761 922 1983 969 scentes
2017 916 2334 969 eunuchum
2364 917 2450 969 cui
2485 917 2784 985 parebant,
2823 926 3103 987 rogarunt,
3137 935 3205 974 nc
3233 919 3339 973 sibi

1757 1005 1917 1074 regiae
1953 1021 2153 1061 mense
2184 1006 2390 1061 fercula
2439 1007 2844 1076 pra-heremum
2876 1009 2971 1063 sed
3022 1010 3336 1081 legumina,

1756 1096 1978 1167 dactyli.
2004 1110 2061 1151 et
2088 1097 2194 1151 alia
2222 1096 2274 1151 id
2304 1113 2497 1168 genus.
2526 1098 2620 1153 Ille
2644 1114 2768 1153 cum
2805 1115 2863 1152 se
2895 1102 3072 1155 vereri
3104 1102 3337 1167 diceret,

1756 1199 1825 1237 ne
1881 1184 1974 1239 illo
2004 1186 2130 1239 cibo
2179 1187 2492 1241 extenuatis
2528 1203 2719 1242 eorum
2757 1190 3081 1259 corporibus
3105 1230 3119 1255 ,
3152 1191 3267 1261 ipse
3306 1208 3338 1246 a

1756 1290 1883 1346 rege
1934 1276 2073 1330 male
2132 1286 2676 1343 tracteturztamen,
2731 1281 2915 1349 pueris
2976 1282 3336 1352 petentibus,

1757 1377 1818 1422 ut
1844 1368 2033 1423 decem
2069 1369 2267 1424 diebus
2310 1368 2383 1423 ita
2416 1382 2795 1440 pascerentur,
2837 1372 2983 1443 quod
3020 1372 3065 1427 si
3105 1389 3337 1445 corpora
3366 1370 3379 1375 ’

1755 1474 1853 1514 sua
1905 1477 2014 1515 non
2067 1473 2435 1528 mutarentur,
2467 1464 2538 1517 ita
2584 1476 2838 1534 pergeret
2887 1467 3019 1520 :sin
3050 1468 3338 1522 extenuari

1755 1552 1988 1617 videret,
2027 1554 2322 1623 pristinum
2358 1555 2562 1610 victum
2611 1556 2905 1627 praeberet,
2970 1559 3336 1630 obtemperat.

1754 1641 2002 1713 Cumque
2052 1660 2159 1699 non
2211 1645 2377 1700 modo
2427 1645 2567 1701 nihil
2606 1646 2687 1701 eis
2717 1647 3018 1713 decedere,
3050 1650 3145 1703 sed
3179 1667 3338 1720 vege-

1758 1733 1927 1787 tiores
1958 1734 2124 1789 etiam
2156 1737 2369 1791 caeteris
2405 1736 2556 1791 reddi
2585 1737 2797 1792 videret
2827 1779 2842 1802 ,
2879 1740 3033 1795 cibos
3070 1742 3341 1797 inanimes

96 1833 152 1902 μὴ
177 1831 575 1901 μεταϐάλλοιτο
619 1834 653 1904 ἡ
682 1833 790 1887 τῶν
819 1820 1087 1905 σωμάτων
1114 1833 1229 1901 ἕξις
1260 1837 1467 1901 αὐτοῖς,
1513 1833 1654 1890 οὕτω

1758 1824 1840 1879 eis
1869 1826 2097 1895 praebet.
2136 1827 2215 1881 Ita
2260 1829 2643 1887 subtilioribus
2686 1832 2917 1887 redditis
2956 1834 3189 1903 ingeniis
3217 1875 3231 1895 ,
3284 1834 3338 1889 in

97 1927 273 1997 ῖιαιτᾷν
302 1925 511 1989 αὐτοὺς
556 1927 654 1980 καὶ
686 1928 767 1990 είς
797 1926 859 2009 τὸ
890 1928 1018 1999 ἑξῆς
1040 1944 1055 1959 ο
1085 1929 1133 1981 εί
1159 1928 1203 1982 δ’
1242 1930 1341 1983 ίδοι
1370 1928 1440 1983 τὰ
1470 1927 1660 1998 σώμα-

90 2036 143 2071 τα
167 2018 332 2070 αὐτῶν
382 2018 809 2089 ίσχναινόμενα,
833 2020 933 2090 τῆς
952 2020 1225 2091 προτέρας
1251 2018 1470 2093 ἔχεσθαι
1522 2021 1662 2074 διαι-

95 2114 283 2180 τήσεως.
317 2110 593 2164 Πείθεται
612 2111 824 2175 τούτοις
857 2112 886 2164 6
910 2111 1020 2166 τῶν
1043 2112 1252 2167 παίδων
1277 2110 1656 2183 προεστηκὼς,
1684 2184 1689 2189 ο

95 2203 165 2254 ni
187 2200 320 2255 οὕτω
347 2204 619 2273 ποιήσας,
657 2202 731 2267 ὡς
754 2203 904 2257 οὐδὲν
936 2204 1136 2265 αὐτοὺς
1166 2206 1231 2260 ὲκ
1264 2205 1373 2259 τῶν
1397 2205 1657 2259 τοιούτων

100 2296 273 2367 τροοῶν
302 2295 596 2361 παθόντας
619 2293 749 2362 εἶδε,
790 2296 993 2367 μᾶλλον
1030 2297 1131 2370 μὲν
1156 2294 1251 2353 οὖν
1291 2299 1388 2353 καὶ
1417 2299 1525 2353 τῶν
1558 2296 1655 2351 ἄλ-

98 2388 180 2442 λων
204 2390 622 2461 θαλερωτέρους
653 2391 971 2459 γεγονότας,
998 2390 1243 2462 ἀψύχους
1268 2392 1452 2454 αὐτοῖς
1483 2408 1659 2462 προσ-

101 2482 177 2551 ῆγε
221 2483 450 2553 τροφάς.
504 2485 581 2538 Ol
624 2485 679 2538 δὲ
718 2484 1108 2551 λεπτυνθέντος
1152 2488 1335 2552 αὐτοῖς
1368 2486 1464 2541 τοῦ
1517 2486 1656 2552 νοὸς,

105 2575 248 2626 πᾶσαν
266 2574 655 2647 κατώρθωσαν
695 2577 947 2632 παιδείαν
984 2578 1306 2649 Χαλδαῖκὴν
1335 2578 1432 2632 καὶ
1462 2578 1658 2632 ’Λσσύ-

104 2680 211 2734 ριον.
250 2665 308 2717 '0
353 2666 413 2719 δέ
466 2682 539 2736 γε
584 2669 783 2739 Δανιὴλ
819 2653 915 2724 καὶ
976 2672 1109 2742 περὶ
1163 2672 1378 2742 κρίσεις
1431 2670 1657 2742 ὀνείρων

103 2756 338 2810 κατέτεινε
362 2757 467 2829 τὴν
497 2760 770 2830 σπουδήν.
801 2759 934 2816 Εἶτα
977 2762 1228 2816 ἐνύπνιον
1257 2765 1284 2816 6
1317 2761 1658 2833 Ναϐουχοδο-

103 2850 231 2920 νόσορ
252 2850 485 2915 ἐξαίσιον
546 2852 909 2922 θεάσαμενος,
963 2856 1054 2909 καὶ⁵
1095 2856 1194 2924 τὴν
1227 2854 1412 2926 κρίσιν
1464 2852 1655 2907 τούτου

105 2944 216 2995 κατὰ
238 2944 353 3007 τοὺς
389 2942 608 3007 ὕπνους
642 2944 852 3012 μαθὼν,
900 2946 994 3000 τοῦ
1029 2965 1090 3000 τε
1144 2948 1358 3018 ὀνείρου
1413 2946 1508 2999 καὶ
1557 2946 1657 3014 τῆς

108 3031 300 3101 κρίσεως
334 3035 499 3089 αὐτοῦ
541 3036 865 3094 ἐπελάθετο.
906 3038 1118 3092 Ἐωθεν
1149 3038 1244 3093 οὖν
1291 3038 1658 3111 μεταπεμψά-

110 3138 237 3189 μενος
259 3128 379 3190 τοὺς
404 3128 720 3194 Χαλδαίους
751 3129 848 3185 καὶ
886 3129 1016 3195 τοὺς
1047 3131 1270 3201 μάντεις
1301 3134 1395 3187 καὶ
1420 3135 1652 3205 μάγους.

109 3215 270 3285 ἀπῄτει
298 3220 527 3283 τούτους
564 3222 625 3275 τὸ
653 3222 786 3294 δναρ
816 3240 877 3276 τε
903 3226 1080 3278 εἰπεῖν
1102 3224 1275 3295 αὐτῷ,
1300 3227 1394 3279 καὶ
1411 3226 1509 3297 τὴν
1537 3228 1654 3281 τού-

110 3322 179 3357 του
201 3309 441 3379 δήλωσιν.
474 3315 550 3367 Oi
583 3314 640 3367 δὲ
671 3315 833 3369 αὑτὸν
868 3315 1060 3387 ἤθελον
1091 3318 1358 3389 πρότερον
1391 3319 1566 3372 εἰπεῖν
1592 3319 1655 3374 τὸ

110 3397 338 3469 ἐνύπνιον,
378 3407 475 3458 καὶ
508 3405 694 3471 οὕτως
729 3409 905 3462 αἰτεῖν
931 3408 990 3474 ἐξ
1037 3410 1263 3462 ἐκείνων
1293 3409 1354 3462 τὸ
1383 3411 1653 3482 σημαινό-

112 3492 551 3568 μενῖνιόργίσθη
579 3498 673 3551 ἐπὶ
698 3498 912 3565 τούτοις
940 3502 968 3554 6
997 3500 1271 3571 βασιλεὺς,
1302 3503 1397 3556 καὶ
1426 3504 1653 3557 θάνατον

110 3582 324 3638 ἁπάντων
350 3590 793 3660 κατεψηφίσατό,
831 3592 907 3663 μὴ
961 3593 1222 3647 δύνασθαι
1249 3594 1517 3664 λεγόντων
1566 3598 1656 3649 εύ-

114 3675 300 3742 ρηκέναι
325 3680 413 3733 τὸν
440 3680 685 3753 ὄνειρον.
719 3683 965 3750 Τούτοις,
993 3684 1068 3749 ὡς
1115 3687 1291 3755 σοφοὶ,
1337 3688 1430 3741 καὶ
1455 3687 1655 3761 Δανιὴλ

114 3767 184 3817 καὶ
216 3770 258 3820 οἱ
305 3775 449 3843 τρεῖς
482 3775 685 3838 παῖδες
716 3777 812 3831 καὶ
845 3776 1253 3848 συνεκλήθησαν
1289 3782 1383 3832 καὶ
1426 3797 1657 3848 συγκατ-

116 3857 384 3929 εκρίθησαν.
432 3867 698 3937 "possiet
748 3867 926 3921 τοίνυν
950 3868 977 3920 ὁ
1011 3869 1209 3941 Δανιὴλ
1241 3869 1318 3940 τῷ
1352 3871 1461 3923 τῶν
1500 3870 1655 3936 βασι.

115 3947 247 4004 λικςίν
274 3959 757 4028 σωματοφυλάκων
789 3959 1095 4030 ὲξάρχοντι,
1144 3962 1238 4015 καὶ
1276 3961 1510 4032 ἡξίωσ;ν
1558 3963 1653 4015 ἐπὶ

120 4043 223 4108 μίαν
249 4047 406 4104 νύκτα
434 4052 541 4124 τὴν
583 4054 864 4125 ἀναίρεσιν
895 4057 1006 4108 τῶν
1036 4056 1389 4125 κατακρίτων
1425 4057 1657 4128 ὑπερτε-

119 4133 268 4204 θῆ“ἀι⁹
286 4142 458 4212 Ἴσως
477 4147 616 4216 γὰρ,
637 4146 763 4218 ἔφη,
784 4146 860 4201 δι’
890 4147 1083 4215 αὐτῆς
1099 4148 1515 4218 δεηθησόμεθα
1547 4149 1652 4202 τοῦ

121 4222 239 4279 Θεοῦ
272 4232 361 4283 καί
413 4237 771 4304 γνωσόμεθα
807 4237 875 4290 τὸ
921 4236 1231 4291 ἐνύπνιον.
1286 4236 1581 4290 Ἐνέδωκεν
1624 4237 1656 4291 6

121 4311 337 4385 βιτιλεῦς
371 4327 511 4396 πρὸς
549 4324 649 4397 τὴν
698 4328 935 4398 αἴτησιν.
973 4327 1085 4381 Καὶ
1125 4329 1576 4400 συμπαραλαὸὼν
1623 4329 1653 4382 6

121 4408 284 4478 Δανιὴλ
304 4418 393 4468 καὶ
424 4419 556 4482 τοὺς
591 4422 738 4489 τρεῖς
766 4420 933 4474 αὐτοῦ
968 4422 1252 4489 συγγενεῖς
1286 4421 1506 4485 παῖδας,
1537 4420 1651 4473 ῖκέο

1762 1921 1910 1976 omni
1983 1921 2232 1978 doctrina
2288 1924 2582 1981 Chuldaiea
2645 1939 2700 1983 et
2753 1929 3043 2001 Assyriaca
3120 1932 3337 2003 egregie

1758 2013 2133 2084 proiecerunt.
2189 2017 2377 2072 Daniel
2455 2020 2620 2073 etiam
2696 2022 2926 2076 somniis
2978 2024 3342 2095 conjiciendis

1759 2107 2001 2161 animum
2063 2107 2321 2163 intendit.
2373 2108 2508 2165 Cum
2580 2121 2762 2167 autem
2829 2115 3340 2172 Nabuchodonosor

1759 2198 2011 2255 mirabile
2044 2202 2316 2256 somnium
2351 2203 2579 2258 vidisset
2611 2245 2626 2269 ,
2656 2221 2779 2261 cum
2831 2206 3078 2277 ejusdem
3114 2223 3340 2262 enarra-

1760 2291 1908 2347 tione
1940 2311 1954 2346 :
1995 2294 2283 2363 utriusque
2314 2295 2551 2360 oblitus,
2580 2313 2738 2352 mane
2766 2296 3053 2355 Chaldaeos
3102 2309 3255 2355 vales
3284 2309 3343 2356 et

1759 2399 1945 2454 magos
1971 2386 2240 2449 accersit,
2276 2386 2551 2441 somnium
2585 2396 2641 2444 et
2671 2389 2790 2459 ejus
2819 2392 3241 2460 explicationem
3267 2395 3337 2446 ab

1758 2475 1840 2531 eis
1880 2476 2104 2545 ﬂagitat.
2174 2476 2371 2532 Verum
2424 2479 2533 2533 illis
2585 2480 2934 2550 petentibus,
2967 2492 3027 2536 ut
3060 2484 3335 2537 somnium

1759 2568 1910 2639 prius
1964 2581 2279 2634 enarraret.
2335 2586 2397 2625 ac
2438 2581 2552 2626 tum
2605 2572 2833 2627 demum
2887 2575 3339 2646 dijudicationem

1758 2663 2064 2732 postularet
2100 2680 2114 2717 :
2158 2680 2252 2719 rex
2279 2664 2453 2719 iratus
2477 2706 2491 2731 ,
2520 2665 2667 2736 quod
2698 2668 2970 2722 somnium
3001 2685 3061 2724 se
3091 2671 3339 2741 reperire

1758 2769 1917 2824 posse
1960 2766 2289 2826 negassent,
2329 2773 2521 2813 omnes
2557 2758 2753 2829 capitis
2796 2760 3146 2816 condemnat.
3186 2761 3337 2816 Inter

1758 2843 1861 2899 hos
1888 2855 1945 2902 et
1992 2847 2180 2901 Daniel
2210 2856 2266 2903 et
2308 2859 2419 2904 tres
2464 2851 2621 2920 pueri
2649 2890 2665 2915 ,
2712 2860 2774 2904 ut
2797 2851 3051 2907 homines
3082 2852 3284 2908 eruditi
3317 2892 3338 2920 ,

1756 2952 1813 2993 et
1846 2939 2022 2993 vocati
2063 2950 2118 2995 ct
2168 2956 2276 2995 una
2301 2941 2650 2997 condemnati
2680 2942 2917 2998 fuerant.
2951 2943 3139 3000 Daniel
3171 2944 3339 3017 igitur

1758 3030 2031 3100 regiorum
2077 3032 2375 3087 satellitum
2425 3032 2744 3103 praefectum
2802 3047 2968 3101 orat,
3014 3046 3072 3090 ut
3128 3037 3331 3092 caedem

1757 3118 2136 3175 damnatorum
2216 3138 2378 3177 unam
2443 3133 2661 3179 noctem
2722 3124 2993 3181 dili'erret.
3065 3123 3336 3182 Fortassis

1754 3213 1926 3276 enim,
1961 3212 2169 3282 inquit,
2196 3215 2397 3282 precati
2430 3214 2595 3269 Deum
2619 3257 2632 3278 ,
2656 3218 2919 3271 somnium
2946 3234 3332 3290 cognoscemus.

1754 3304 1900 3359 Mora
1933 3304 2217 3374 impetrata
2241 3346 2255 3370 ,
2289 3306 2463 3361 tribus
2495 3310 2739 3379 cognatis
2770 3309 3032 3366 adhibitis
3056 3352 3069 3376 ,
3121 3327 3330 3382 pernox

1754 3407 2007 3468 precatus
2037 3399 2207 3452 Deum
2236 3438 2250 3465 ,
2283 3408 2338 3453 et
2371 3401 2649 3454 somnium
2696 3411 2754 3456 et
2797 3403 2916 3473 ejus
2967 3404 3331 3475 significatio-

1754 3502 1880 3541 nem
1912 3489 2192 3557 cognoscit
2223 3505 2236 3543 :
2275 3503 2434 3543 mane
2473 3505 2652 3561 regem
2685 3493 2897 3547 accedit
2922 3535 2937 3561 ,
2966 3497 3238 3552 somnium
3274 3507 3330 3553 et

1754 3578 1875 3650 ejus
1914 3578 2364 3650 signiﬁcationem
2392 3595 2423 3634 a
2469 3581 2579 3637 Deo
2615 3583 2721 3637 sibi
2753 3587 3046 3640 revelatam
3088 3602 3207 3642 esse
3248 3589 3333 3643 in-

1754 3662 1940 3735 dicat,
1972 3671 2200 3727 ntiserto
2224 3687 2417 3726 eorum
2444 3713 2459 3739 ,
2493 3674 2591 3744 qui
2645 3683 2937 3746 propterea
2982 3666 3228 3734 ins’ontes
3275 3680 3331 3736 in

1753 3760 1950 3831 capitis
1987 3761 2235 3827 periculo
2266 3770 2448 3817 essent
2498 3781 2512 3818 :
2558 3778 2662 3819 nec
2710 3765 2894 3820 minus
2936 3764 3110 3836 ipsius
3146 3767 3289 3839 regis
3313 3808 3331 3835 ,

1755 3862 1847 3930 qui
1897 3871 1976 3917 tot
2016 3863 2302 3917 occisurus
2357 3874 2502 3918 esset
2547 3864 2666 3919 sine
2711 3864 2870 3935 culpa
2899 3906 2914 3930 ,
2948 3881 2977 3919 a
3026 3865 3228 3936 quibus
3265 3883 3331 3921 ea

1754 3954 2125 4022 postulasset,
2161 3969 2284 4023 quae
2333 3953 2462 4009 sciri
2508 3953 2577 4008 ab
2611 3955 2691 4009 eis
2724 3970 2832 4009 non
2876 3954 3223 4026 potuissent,
3269 3972 3333 4011 ac

1754 4046 1856 4101 soli
1898 4057 2108 4101 natura;
2156 4046 2352 4101 divina:
2405 4047 2623 4118 cognita
2672 4059 2878 4102 essent.
2929 4048 3010 4102 Ea
3050 4065 3170 4103 vero
3214 4067 3332 4119 φιιυ

1753 4136 1960 4203 vidisti,
2023 4137 2237 4207 inquit,
2292 4138 2598 4206 huiusmodi
2649 4146 2795 4192 sunt.
2862 4136 3020 4194 Visus
3067 4158 3119 4194 es
3158 4142 3334 4195 ridere

1751 4236 1987 4282 statuam
2012 4245 2262 4299 magnam
2289 4230 2512 4282 hominis
2544 4238 2769 4283 stantem
2796 4271 2810 4295 ,
2840 4230 2989 4302 cujus
3015 4239 3170 4303 caput
3198 4244 3328 4285 esset

1752 4334 2010 4383 aureum,
2052 4319 2256 4372 humeri
2297 4329 2346 4372 e1
2400 4320 2615 4374 brachia
2658 4331 2943 4392 argentea,
2993 4332 3171 4376 venter
3210 4339 3327 4376 eum

1753 4411 2034 4480 femoribus
2088 4427 2291 4474 terens,
2346 4427 2503 4465 crura
2562 4423 2608 4465 et
2684 4413 2837 4483 pedes
2883 4414 3077 4484 partim
3135 4414 3296 4484 ferrei
3309 4455 3325 4477 .

121 4508 249 4552 τευοε
274 4502 355 4558 διὰ
395 4508 493 4580 τῆς
524 4511 718 4574 νυκτὸς
743 4507 837 4565 τὸν
866 4510 1020 4565 Θεὸν.
1073 4510 1342 4576 Δηλοῦται
1371 4509 1465 4565 οὖν
1501 4510 1652 4581 αὐτῷ

1756 4503 1955 4571 partim
2017 4504 2252 4556 testacci.
2310 4501 2505 4556 Deinde
2550 4503 2686 4573 lapis
2723 4520 2784 4557 ea:
2830 4516 3003 4559 monte
3040 4509 3326 4576 abruptus,

124 4586 292 4661 θεόθεν,
330 4603 423 4655 καὶ
453 4602 819 4666 τδὲνύπνιον.
853 4603 1043 4657 καὶτὰ
1093 4604 1162 4656 δι’
1192 4603 1357 4656 αὐτοῦ
1392 4604 1653 4674 σημαινό-

128 4692 253 4743 μενα,
300 4690 385 4739 καὶ
445 4690 571 4760 μεθ’
601 4689 813 4762 ἡμέραν
848 4689 1014 4764 ἀπῄει
1070 4691 1207 4762 πρὸς
1258 4689 1351 4743 τὸν
1403 4691 1651 4761 βασιλέα.

131 4769 215 4823 Καὶ
242 4778 285 4829 oi
314 4783 458 4852 παρὰ
508 4783 604 4836 τοῦ
638 4783 772 4838 Θεοῦ
803 4785 910 4854 ἔφη
952 4783 1326 4855 γνωρισθῆναι
1375 4783 1507 4837 αὐτὸ
1554 4783 1652 4838 καὶ

126 4865 172 4912 τὸ
201 4865 334 4937 ὀναρ,
373 4877 465 4927 καὶ
495 4874 596 4945 τὴν
647 4877 811 4929 αὑτοῦ
841 4876 1100 4945 δήλωσιν,
1161 4875 1485 4945 ὲλεήσαντος
1523 4877 1650 4938 τοὺς

131 4954 293 5023 ἀδίκως
319 4964 402 5018 διὰ
432 4967 593 5022 τοῦτο
614 4970 907 5023 ἀποθανεῖν
928 4968 1339 5033 κινδυνεύοντας
1358 4986 1373 5000 ·
1431 4968 1583 5023 οὐδὲν
1602 4967 1648 5020 δ’

132 5037 361 5126 intonat
390 5057 445 5111 σὲ
460 5060 778 5115 τὸν’κτεῖναι
803 5061 1023 5114 θέλοντα
1051 5061 1306 5124 ἀναιτίως
1338 5061 1561 5122 τούτους
1592 5059 1651 5126 ἐξ

130 5125 188 5224 (iw
210 5140 411 5212 ἀπῄτεις
443 5149 704 5213 ἀδύνατα,
737 5150 773 5204 ἃ
811 5150 947 5224 μόνῃ
970 5152 1035 5222 τῇ
1059 5151 1177 5219 θείᾳ
1216 5149 1377 5219 φύσει
1408 5125 1646 5216 γνωστὰ,

134 5221 188 5277 Ἀ
215 5229 260 5281 δ’
282 5233 522 5304 ἐθεάσω,
548 5238 794 5293 τοιαῦτά
845 5221 1031 5293 εἰσιν,
1064 5238 1330 5304 Ἐδόκεις
1365 5235 1514 5305 όρᾷν
1544 5238 1649 5291 ἀν-

134 5312 338 5380 δριάντα
356 5333 543 5399 μέγαν
569 5329 820 5395 ἑστῶτα,
856 5326 929 5386 οὗ
952 5328 1153 5399 χρυσῆ
1173 5328 1291 5398 μὲν
1324 5328 1364 5396 7i
1387 5325 1644 5395 κεφαλὴ»

134 5409 175 5457 ol
200 5408 256 5463 δὲ
279 5412 408 5484 ὤμοι
436 5422 536 5475 καί
564 5425 619 5476 οἱ
651 5423 979 5490 βραχίονες
1007 5420 1276 5489 ἀργυροῖ,
1303 5420 1342 5486 ἦ
1368 5420 1436 5473 δέ
1458 5436 1524 5489 τε
1543 5436 1648 5488 Υα··

137 5499 259 5567 στῆρ
275 5510 409 5572 μετὰ
438 5510 557 5566 τῶν
583 5511 795 5582 μηρῶν
837 5513 905 5566 ἐκ
943 5512 1199 5581 χαλκοῦ,
1229 5514 1289 5565 at
1314 5508 1534 5579 κνῆμαι
1579 5509 1649 5563 δὲ

137 5590 215 5642 καί
237 5597 284 5649 ot
322 5602 492 5671 πόδες
518 5599 685 5676 ἦσαν
714 5604 894 5674 μέρος
915 5605 1032 5674 μέν
1056 5621 1110 5657 τι
1144 5602 1436 5670 σιδήρειοι,
1465 5602 1649 5671 μέρος

139 5676 189 5731 δέ
203 5698 247 5737 τι
269 5688 601 5760 ὀστράκινα.
624 5695 766 5754 Εἷια
792 5700 961 5763 λίθος
977 5698 1045 5761 ἐξ
1069 5696 1244 5766 ὅρους
1264 5694 1645 5764 ducebat-61c.

142 5770 201 5835 τῷ
221 5777 491 5852 ἀνδριάντι
522 5791 735 5857 ἔδοξεν
788 5790 1095 5862 ἐμπεσεῖν,
1154 5792 1252 5843 καὶ
1316 5787 1643 5856 συντρίψω

1752 4594 1892 4647 visus
1922 4592 2060 4646 illidi
2086 4604 2278 4649 statuta
2296 4636 2312 4661 ,
2338 4610 2557 4666 eamque
2579 4607 2874 4661 conterere,
2905 4607 3062 4669 atque
3092 4617 3281 4654 aurum
3307 4645 3323 4668 ,

1753 4695 2062 4755 argentum,
2104 4702 2209 4746 ατε,
2244 4688 2480 4754 ferrum,
2514 4696 2561 4740 et
2607 4696 2795 4741 testam
2836 4691 2911 4743 ita
2943 4693 3328 4759 comminuere,

1753 4781 1810 4827 ut
1862 4791 1895 4827 a
1951 4785 2102 4828 vento
2163 4777 2563 4846 dissiparentur.
2626 4776 2786 4846 Lapis
2844 4793 2965 4832 vero
3017 4780 3070 4832 in
3121 4788 3327 4834 tantum

1751 4865 1942 4919 molem
1973 4883 2266 4920 excrescere
2285 4908 2299 4931 ,
2326 4872 2383 4921 ut
2410 4884 2618 4922 omnem
2646 4877 2846 4922 terram
2876 4870 3136 4940 impleret.
3168 4873 3329 4959 1.19

1754 4957 1823 5012 Et
1846 4960 1939 5012 hoc
1966 4960 2230 5013 somnium
2260 4961 2438 5013 vidisti
2456 5004 2469 5025 ,
2515 4977 2633 5014 cum
2660 4961 2724 5014 de
2752 4978 2911 5031 regno
2943 4971 2993 5016 et
3034 4957 3327 5018 successore

1750 5051 1958 5119 imperii
1981 5049 2204 5104 sollicite
2220 5052 2482 5122 cogitares
2502 5068 2521 5106 :
2549 5069 2666 5124 qua:
2692 5068 2812 5106 vero
2842 5069 2899 5107 eo
2924 5043 3321 5126 signiﬁcantur,

1750 5147 1859 5197 haec
1892 5151 2036 5197 sunt.
2076 5144 2308 5196 Aureum
2340 5153 2497 5214 caput
2528 5154 2585 5198 tu
2625 5161 2712 5213 es,
2750 5156 2799 5200 et
2827 5149 3000 5201 cwteri
3027 5165 3170 5217 reges
3209 5147 3321 5201 Bu-

1750 5236 2078 5307 bgloniorum
2116 5253 2134 5290 :
2187 5253 2314 5290 nam
2380 5253 2573 5292 aurum
2624 5239 2832 5309 imperii
2877 5241 2955 5293 tui
3011 5240 3321 5310 felicitatem

1747 5330 1940 5382 innuit.
1990 5328 2123 5383 Duco
2166 5345 2286 5383 vero
2333 5346 2522 5384 manus
2565 5341 2614 5384 et
2637 5331 2877 5396 humeri,
2908 5333 3011 5387 duo
3046 5350 3207 5403 regna
3240 5349 3324 5385 re-

1749 5428 2103 5490 prmsentant,
2135 5437 2166 5473 a
2198 5420 2382 5490 quibus
2418 5431 2588 5475 vester
2627 5425 2950 5494 principatus
2995 5425 3318 5482 destruetur.

1761 5509 1946 5565 Venter
1990 5520 2039 5563 et
2079 5511 2279 5580 femora
2317 5529 2455 5567 turea
2491 5530 2662 5586 regem
2697 5515 2996 5587 signiﬁcant
3020 5532 3126 5570 are
3160 5516 3322 5569 indu—

1749 5613 1895 5665 tum,
1938 5602 2027 5672 qui
2072 5618 2156 5656 eos
2197 5605 2492 5675 opprimet,
2548 5625 2580 5660 a
2628 5609 2813 5677 quibus
2855 5626 2940 5662 vos
2990 5609 3321 5677 opprimendi

1750 5697 1909 5760 estis;
1940 5694 2085 5749 illius
2120 5713 2277 5766 porro
2313 5714 2530 5768 regnum
2570 5700 2634 5754 ab
2662 5699 2766 5753 alio
2798 5702 3085 5765 potentiore
3109 5701 3319 5755 destru-

1748 5798 1885 5844 etur.
1919 5788 2057 5845 Nam
2085 5800 2132 5844 et
2173 5808 2301 5846 auro
2330 5803 2376 5845 ct
2415 5801 2629 5863 argento
2653 5804 2698 5847 ct
2731 5808 2834 5848 tere
2862 5793 3061 5863 ferrum
3096 5805 3170 5849 est
3201 5797 3314 5852 du-
3404 5850 3431 5881 χχ

3432 5884 3475 5931 \

3534 6018 3814 6161 \
