3910 6598
218 384 329 449 233

1483 386 1894 450 ANNALIUM
1936 387 2085 449 LIB.
2128 388 2248 450 III.

3401 387 3510 452 ΞΜ

218 495 431 564 κιφεία
457 512 576 552 σου
605 497 696 564 εις
728 495 800 552 τὰ
821 496 1048 566 πέρατα
1087 496 1198 568 τῆς
1240 493 1373 568 τῆς.
1399 497 1791 570 (Μεγαλοσύνη

1920 499 2266 564 scinderetur,
2297 504 2346 552 et
2364 497 2522 568 stirps
2549 496 2788 551 radicum
2813 495 2926 566 ejus
2954 496 3360 569 relinqueretur,
3391 510 3506 556 etc.

205 589 262 640 δὲ
287 589 388 660 τὴν
419 589 518 643 τοῦ
551 590 670 654 νοὸς
703 590 962 645 ἐκάλεσεν
1010 589 1266 661 ἔπαρσιν,
1321 592 1420 645 καὶ
1467 592 1562 648 τοῦ
1601 595 1791 666 φρονή·

1917 594 2159 662 futurum
2192 599 2295 658 est,
2339 599 2399 644 ut
2443 605 2603 662 regno
2634 589 2868 654 excidas,
2916 599 2963 642 et
2990 593 3299 645 commercio
3330 593 3506 647 homi-

210 698 381 752 ματος
403 681 465 735 τὸ
489 679 842 754 ὑπέρογκον.)
863 682 993 736 Ὀτι
1020 681 1090 735 δὲ
1116 678 1276 750 εἶδες
1299 683 1387 752 Ἶρ
1409 681 1584 753 ἅγιον
1607 685 1678 738 ἐκ
1703 684 1810 740 τοῦ

203 773 475 842 οὐρανοῦ
516 776 959 830 καταϐαίνοντα
982 811 1001 840 ,
1056 774 1339 828 τουτέστιν
1372 775 1604 845 ἄγγελον
1641 777 1808 832 θεῖον.

207 868 281 922 Τὸ
298 867 412 936 γὰρ
434 869 525 936 Ἵρ
551 867 1124 936 ἐξελληνιζόμενοντ
1142 866 1215 921 ὸν
1231 864 1594 937 ἐγρηγορότα
1610 866 1808 934 δηλοῖ,

198 956 279 1014 δι’
301 955 376 1016 οὗ
405 961 472 1014 τὸ
503 959 828 1031 ἀσώματον
877 959 1312 1015 ὑπαινίττεται.
1361 959 1426 1012 '0
1470 958 1580 1028 γὰρ
1628 957 1802 1030 σῶμα

199 1052 620 1123 περικείμενος
672 1053 844 1120 ὕπνῳ
898 1051 1254 1108 δουλοῦταιο
1311 1055 1344 1107 ό
1380 1052 1574 1118 τούτῳ
1609 1050 1678 1105 δὲ
1717 1051 1806 1122 μὴ

195 1147 518 1202 δουλεύων
569 1145 894 1217 ἀσώματον
923 1147 1047 1215 ἔχει
1075 1147 1288 1216 φύσιν.
1314 1144 1444 1199 Ὀτι
1465 1146 1674 1200 τοίνυν
1703 1144 1810 1200 τὸν

194 1243 590 1312 ἐγρηγορότα,
623 1240 1061 1311 φησ“ιν,ἐκεῖνον
1091 1236 1250 1305 εἶδες
1283 1238 1677 1310 φωνήσαντα,
1706 1238 1807 1293 ἐκ·

195 1335 474 1406 κοπῆναι
519 1337 587 1390 τὸ
610 1336 888 1405 δένδρον,
916 1334 1170 1404 ἐαθῆναι
1205 1333 1276 1387 δὲ
1311 1332 1428 1400 τὴν
1464 1331 1634 1403 φυὴν
1686 1331 1807 1386 τῶν

185 1427 372 1497 ῥιζῶν
395 1429 588 1485 αὑτοῦ
641 1429 759 1502 (καὶ
789 1429 857 1484 τὰ
878 1428 1091 1500 λοιπὰ),
1120 1426 1324 1490 ἔλπιζε
1353 1426 1463 1496 τῆς
1476 1427 1806 1493 βασιλείας

185 1521 304 1592 μὲν
346 1522 662 1589 ἐκπεσεῖν,
698 1521 800 1576 καὶ
847 1520 955 1590 τῆς
995 1520 1145 1591 πρὸς
1190 1507 1547 1592 ἀνθρώπους
1597 1536 1806 1574 κοινω-

189 1613 332 1680 νίας
364 1614 797 1684 ἐκδιωχθῆναι,
825 1615 1062 1684 θηρίοις
1089 1613 1159 1667 δὲ
1193 1610 1804 1679 συναυλίζὲσθαιμιαι

187 1708 423 1778 χόρτον
479 1709 732 1776 ἐσθίειν,
777 1707 864 1778 μὴ
924 1707 1137 1776 μέντοι
1190 1705 1390 1775 πάντη
1437 1705 1805 1775 στερηθῆναι

187 1799 298 1867 τῆς
323 1800 686 1868 βασιλείας,
721 1799 1193 1868 ἐπανασωθῆναι
1241 1795 1310 1852 δέ
1339 1811 1441 1852 σοι
1483 1792 1675 1864 αὖθις,
1698 1800 1804 1851 αὺ-

1915 701 2043 739 ιιιιηι
2088 684 2296 756 pulsus,
2348 686 2484 738 inter
2522 683 2714 738 bestias
2757 683 2942 752 degas,
2971 672 3232 754 'gramine
3273 700 3503 739 vesceris.

1913 776 2154 848 Regnum
2184 785 2365 830 tamen
2393 791 2497 829 non
2534 776 2741 846 penitus
2769 775 3001 838 amittes,
3039 774 3128 828 sed
3156 775 3209 828 in
3236 777 3500 846 integrum

1914 871 2210 932 restitutus,
2266 868 2522 938 recipies:
2583 869 2638 922 id
2705 869 2845 922 enim
2891 867 3258 937 signiﬁcatur,
3337 870 3505 938 stirpe

1915 963 2154 1017 radicum
2189 961 2393 1016 relicta.
2423 959 2515 1016 Sic
2549 959 2719 1032 igitur
2746 960 3016 1016 visionem
3054 961 3504 1016 Nabuchodono-

1911 1054 2024 1110 sori
2072 1054 2265 1110 Daniel
2311 1055 2591 1126 exposuit,
2621 1055 2917 1126 omniaque
2951 1054 3090 1111 facta
3139 1064 3270 1112 sunt
3299 1071 3501 1112 secun-

1911 1145 2044 1200 dum
2109 1145 2354 1201 divinum
2389 1147 2713 1202 oraculum:
2753 1155 2808 1201 et
2857 1163 2952 1203 rex
3001 1146 3190 1203 furore
3232 1149 3500 1218 percitus.

1909 1240 1982 1296 ob
2023 1239 2394 1310 arrogantiam
2431 1247 2487 1294 ct
2534 1240 2876 1311 superbiam,
2925 1248 3048 1311 post
3081 1250 3289 1312 septem
3324 1258 3500 1298 annos

1911 1334 1966 1388 in
1996 1333 2232 1389 desertis
2257 1342 2502 1399 exactos,
2528 1349 2756 1404 regnum
2785 1335 2995 1390 interea
3026 1351 3055 1390 a
3088 1337 3310 1391 nemine
3334 1351 3500 1392 occu-

1907 1436 2094 1498 patum
2154 1427 2372 1497 recipit,
2424 1427 2644 1498 placato
2697 1428 2847 1484 Deo:
2902 1437 2958 1482 et
3001 1443 3126 1483 cum
3157 1444 3332 1483 annos
3355 1445 3494 1498 qua-

1893 1518 2160 1590 'draginta
2209 1527 2320 1573 tres
2367 1525 2688 1588 regnasset,
2748 1519 3006 1573 moritur.
3063 1518 3238 1591 Hujus
3294 1521 3498 1576 multos

1905 1612 2074 1667 etiam
2107 1627 2174 1666 ex
2207 1610 2490 1666 veteribus
2531 1610 2832 1676 historicis,
2879 1611 3166 1674 Berosum,
3199 1612 3497 1668 Metasthc-

1906 1719 2056 1770 nem,
2105 1702 2350 1758 Dioclem
2393 1710 2450 1756 et
2498 1702 2892 1758 Philostratum
2945 1704 3287 1769 meminisse,
3337 1705 3497 1761 Jose-

1906 1798 2050 1868 phus
2088 1795 2278 1852 refert.
2327 1796 2466 1851 Huic
2513 1794 2793 1861 defuncto,
2836 1795 2984 1854 ﬁlius
3011 1807 3141 1853 natu
3169 1803 3342 1869 major
3371 1799 3496 1854 Evi-

186 1857 343 1959 τιῇἑξ
366 1894 596 1951 Τούτου
615 1857 727 1965 γάρ
769 1888 928 1948 εἶναι
959 1857 1341 1964 σημαντικὸν
1376 1893 1443 1945 τὸ
1482 1889 1599 1957 τὴν
1632 1857 1791 1960 ξουὴν

1906 1857 1992 1944 lad
2021 1886 2317 1943 Marocliad
2351 1888 2406 1944 in
2436 1887 2673 1958 imperio
2704 1888 2976 1964 succedit,
3007 1889 3099 1960 qui
3153 1857 3336 1958 regem
3367 1889 3497 1944 Joa-

187 1983 309 2038 τῶν
335 1984 524 2055 ῥιζῶν
549 1985 800 2055 ἐαθῆναι
834 1987 941 2042 τοῦ
958 1985 1238 2053 δένδρου.
1276 1982 1547 2054 Τοιαύτην
1577 1983 1655 2055 τῷ
1683 1982 1799 2036 Να-

187 2076 589 2154 ϐουχοδονόσορ
631 2081 660 2134 6
685 2078 884 2153 Δανιὴλ
926 2079 1028 2151 τὴν
1067 2080 1334 2152 ἐξήγησιν
1376 2076 1470 2132 τοῦ
1523 2077 1801 2150 ὁράματος

185 2171 520 2242 ἐποιήσατο,
554 2174 648 2230 καὶ
679 2174 874 2244 γέγονε
905 2173 1085 2227 πάντα
1114 2171 1254 2226 κατά
1281 2171 1372 2225 τὸν
1403 2170 1546 2225 θεῖον
1578 2186 1800 2242 χρημα-

190 2264 424 2334 τισμόν.
457 2265 570 2322 Καὶ
601 2267 800 2338 μανίαν
832 2267 1068 2337 νοσήσας
1095 2265 1125 2318 6
1161 2263 1419 2336 βασιλεὺς
1449 2264 1661 2326 ἐκεῖνος
1709 2261 1800 2316 διὰ

1901 1983 2147 2037 chimum
2192 1982 2362 2050 (idem
2408 1991 2466 2039 et
2520 1981 2818 2038 Jechonias
2870 1983 3026 2054 123
3077 1983 3431 2054 appellatur),
3465 1999 3497 2038 ιι

1900 2073 2452 2132 Nabuchodonosore
2504 2073 2560 2129 in
2615 2075 2856 2131 vinculis
2907 2075 3182 2142 habitum,
3220 2075 3404 2141 solvit,
3440 2089 3497 2132 et

1902 2167 2208 2225 honoriﬁce
2241 2176 2462 2231 tractat,
2487 2169 2818 2252 muneribus
2852 2169 3040 2236 allicit,
3075 2179 3133 2226 et
3163 2179 3494 2242 perpetuum

1903 2259 2280 2316 convictorem
2312 2259 2503 2316 habet.

123 2346 126 2349 I
189 2361 246 2416 τὸ
275 2360 614 2426 ἀλαζονικόν
647 2378 709 2416 τε
740 2363 836 2416 καὶ
867 2361 1245 2432 ὑπερήφανον,
1281 2358 1380 2414 καὶ
1411 2358 1508 2412 ἐπὶ
1527 2357 1628 2428 τῆς
1683 2355 1898 2428 ἐρήμου
1959 2351 2250 2423 διατρίψας
2313 2353 2633 2420 ἑπταετίαν,
2659 2353 2874 2418 οὐδενὸς
2941 2353 3268 2426 ἐπιθεμένου
3292 2357 3357 2426 τῇ
3397 2353 3498 2423 βα-

188 2457 374 2528 σιλείᾳ
421 2456 617 2523 αὐτοῦ,
649 2456 815 2511 πάλιν
847 2454 1227 2526 ἀπολαμϐάνει
1254 2453 1450 2524 αὐτὴν,
1505 2451 1877 2522 ίλεωσάμενος
1943 2449 2038 2503 τὸν
2089 2449 2246 2503 Θεόν.
2315 2449 2453 2521 Ἔτη
2477 2449 2533 2503 δὲ
2558 2450 2687 2520 τρία
2723 2449 3055 2520 βασιλεύσας
3084 2450 3180 2505 καὶ
3212 2451 3489 2522 τεσσαρά-

184 2551 644 2623 κοντα,τελευτᾷ.
668 2547 997 2621 Μεμνῆσθαι
1021 2548 1079 2602 δὲ
1106 2546 1272 2602 αὑτοῦ
1299 2545 1609 2618 ὁἸώσηπος
1671 2543 1822 2612 λέγει
1863 2543 1960 2598 καὶ⁵
2004 2541 2235 2606 πολλοὺς
2270 2540 2378 2596 τῶν
2444 2541 2691 2614 ἀρχαίων
2727 2543 3040 2616 ἱστορικῶν,
3082 2544 3173 2598 τόν
3199 2562 3258 2599 τε
3295 2545 3494 2616 Βηρω.

185 2644 314 2710 σὺν,
352 2645 453 2699 καὶ
490 2644 583 2699 τὸν
631 2639 979 2712 Μεγασθένη,
1011 2640 1223 2701 καὶτὸν
1263 2638 1514 2705 Διοκλέα,
1548 2638 1646 2694 καὶ⁹
1693 2637 1784 2692 τὸν
1822 2636 2209 2708 Φιλόστρατον.
2278 2630 2486 2690 Τούτου
2536 2636 2595 2692 δὲ
2659 2636 3116 2708 τελευτήσαντος,
3149 2640 3349 2694 Εὑῖλάδ
3371 2643 3494 2695 Μα-

185 2737 381 2809 ρωχῶ
409 2739 439 2790 6
465 2736 580 2799 υιδς
632 2733 799 2790 αὑτοῦ
828 2734 857 2786 6
912 2731 1292 2805 πρεσϐύτερος
1330 2731 1432 2802 τὴν
1464 2731 1640 2804 ἀρχὴν
1696 2727 2029 2801 διαδέχεται.
2093 2731 2190 2793 Ὃς
2221 2729 2423 2784 αὐτίκα
2478 2729 2597 2784 λύει
2631 2731 2732 2800 μὲν
2765 2730 2873 2786 τῶν
2899 2731 3117 2810 δεσμων
3142 2733 3235 2788 τὸν
3263 2733 3492 2805 βασιλέα

196 2831 497 2898 Ἰωακεὶμ,
536 2828 630 2883 τὸν
651 2828 748 2882 καὶ
785 2826 1047 2898 Ἰεχονίαν
1081 2824 1440 2897 καλούμενον,
1500 2823 1562 2879 δν
1625 2822 2030 2894 καθειργμένον
2095 2817 2245 2894 εἶχεν
2296 2824 2324 2878 6
2391 2823 2892 2898 Ναϐουχοδονόσορ,
2945 2827 3042 2881 καὶ
3094 2826 3264 2899 τιμῆς
3297 2829 3441 2894 ἀξιοί
3469 2843 3486 2858 ⁶

187 2924 384 2981 δίδωσι
434 2921 494 2977 δὲ
531 2922 628 2976 καὶ
673 2920 886 2992 δωρεὰς
918 2921 1091 2989 αὐτῷ,
1147 2919 1244 2974 καὶ
1286 2917 1598 2990 ὁμοδίαιτον
1637 2909 1752 2987 εἶχε
1781 2915 2105 2978 διαπαντός.

275 3015 362 3072 Ε’.
413 3017 530 3073 Καὶ
564 3016 754 3070 τούτου
785 3015 842 3068 δὲ
867 3013 1272 3094 παρελθόντος,
1307 3013 1388 3084 εἰς
1425 3011 1519 3078 τὸν
1565 3008 1796 3079 ἀδελφὸν

186 3109 363 3165 αὐτοῦ
397 3106 674 3180 μετῆλθεν
710 3107 744 3179 ἠ
782 3105 1052 3178 βασιλεία,
1088 3105 1384 3176 Βαλτάσαρ
1411 3101 1748 3174 καλούμενον
1775 3114 1791 3130 ⁸

1968 3008 2034 3064 V.
2065 3007 2144 3063 Eo
2177 3023 2398 3080 quoque
2429 3017 2674 3074 mortuo,
2709 3025 2942 3082 regnum
2986 3010 3056 3066 ad
3105 3010 3334 3069 fratrem
3367 3016 3489 3086 eius

1894 3102 2280 3157 Baltliasarum
2328 3103 2546 3167 transit,
2594 3105 2691 3175 qui
2737 3102 2866 3176 Cyri
2920 3105 3092 3162 ductu
3125 3115 3181 3162 et
3221 3109 3488 3178 auspiciis

188 3204 315 3260 καθ’
363 3196 428 3257 οῦ
461 3202 645 3273 Κῦρος
679 3201 820 3272 μετὰ
848 3199 1077 3271 Περσῶν
1118 3215 1178 3253 τε
1217 3198 1315 3254 καὶ
1353 3196 1556 3269 Μήδων
1590 3196 1790 3268 ἐστρά-

1897 3210 1927 3249 a
1957 3195 2140 3251 Persis
2172 3203 2230 3249 et
2268 3194 2443 3250 Medis
2474 3205 2559 3252 est
2597 3205 2970 3268 oppugnatus.
3023 3197 3122 3253 Hic
3160 3201 3487 3270 proceribus

187 3315 416 3353 τευσεν.
465 3289 636 3360 Οὗτος
670 3289 800 3364 γοῦν
836 3293 1001 3347 πότον
1045 3293 1282 3363 ποιήσας
1308 3291 1423 3354 τοῖς
1467 3291 1791 3361 μεγιστᾶσιν

189 3387 389 3454 αὑτοῦ,
415 3387 517 3442 καὶ
551 3385 691 3458 μετά
717 3385 827 3440 τῶν
862 3384 1160 3438 παλλακῶν
1175 3382 1579 3452 κατακείμενός
1605 3399 1665 3436 τε
1695 3381 1791 3435 καὶ¹

195 3479 641 3551 μεθυσκόμενος,
692 3477 982 3532 ἐκέλευσεν
1040 3475 1325 3548 ἐνεχθῆναι
1381 3475 1450 3529 τὰ
1508 3473 1678 3544 σκεύη
1723 3475 1792 3529 τὰ

191 3570 342 3642 ιερὰ,
368 3568 406 3624 ἃ
437 3569 500 3634 ἐξ
533 3566 924 3639 Ἰεροσολύμων
948 3568 976 3620 6
1001 3564 1476 3636 Ναὸουχοδονόσορ
1501 3564 1786 3634 ἐσύλησεν,

191 3665 285 3718 καὶ
315 3664 436 3726 τοῖς
477 3661 703 3724 οἰκείοις
759 3659 902 3725 θεοῖς
938 3659 1280 3714 ἀνατέθεικε.
1321 3657 1712 3730 Κομισθέντων
1743 3656 1790 3711 δ’

191 3756 448 3822 ἐκείνων,
501 3749 584 3820 οἷς
619 3756 648 3808 6
683 3753 868 3826 πατὴρ
916 3751 1082 3809 αὑτοῦ
1124 3753 1226 3808 οὐκ
1272 3753 1569 3823 ἐχρήσατο,
1624 3751 1790 3816 αὐτὸς

193 3848 476 3918 ἐκέχρητο
501 3844 740 3908 τούτοις.
800 3847 896 3900 καὶ
959 3845 1169 3916 μεταξὺ
1226 3843 1400 3899 πίνων
1445 3844 1788 3915 ἐϐλασφήμει

192 3939 337 3994 κατά
365 3938 468 3993 τοῦ
499 3936 658 3992 Θεοῦ.
705 3937 838 4010 Ὁρᾷ
862 3938 1045 3992 τοίνυν
1078 3935 1429 4010 ἀστράγαλον
1457 3939 1523 3991 ἐκ
1557 3935 1652 3991 τοῦ
1680 3937 1789 3990 τοί-

192 4049 286 4102 χου
323 4031 598 4102 προϊόντα
627 4029 813 4102 χειρὸς
845 4030 1218 4102 ἀνθρωπίνης,
1255 4030 1354 4086 καὶ
1386 4031 1666 4102 γράφοντα
1695 4029 1788 4084 ἐπὶ

191 4123 252 4178 τὸ
279 4124 533 4194 κονίαμα
559 4123 654 4177 τοῦ
685 4124 894 4196 τοίχου,
950 4124 1044 4178 καὶ
1074 4123 1315 4198 ἐξέστη,
1375 4123 1471 4178 καὶ
1527 4125 1560 4196 ἠ
1601 4123 1788 4195 μορφὴ

193 4216 363 4272 αὐτοῦ
383 4215 684 4289 ἠλλοιώθη.
705 4219 815 4272 Καὶ
836 4217 964 4282 τοὺς
987 4216 1290 4282 Χαλδαίους
1313 4217 1553 4282 καὶτοὺς
1576 4216 1786 4288 μάγους

193 4310 464 4375 καλέσας,
503 4309 605 4382 τὴν
637 4308 746 4364 τῶν
777 4311 1125 4383 γραμμάτων
1160 4311 1362 4383 ἀπῄτει
1400 4311 1656 4382 δήλωσιν,
1691 4308 1786 4364 καὶ

192 4403 435 4474 ἀμοιϐὰς
473 4403 721 4471 μεγάλας
770 4403 963 4457 δώσειν
1020 4402 1257 4475 ἐκήρυξε
1307 4402 1388 4476 τῷ
1434 4402 1786 4474 σαφηνίζοντι

191 4497 288 4568 τὴν
318 4495 608 4566 σημασίαν
649 4496 850 4550 αὐτῶν.
899 4495 1041 4549 Ἀλλ’
1080 4491 1222 4568 ἦσαν
1256 4495 1512 4564 ἄγνωστα
1540 4496 1678 4549 πᾶσι
1715 4494 1785 4548 τὰ

1894 3287 1964 3342 ad
1995 3287 2464 3359 compotationem
2511 3287 2782 3352 invitatis,
2830 3305 2954 3346 cum
3003 3291 3332 3349 concubinis
3368 3295 3484 3349 suis

1893 3381 2254 3445 accumbens,
2280 3389 2447 3452 atque
2483 3382 2811 3448 inebriatus,
2857 3395 3012 3439 sacra
3039 3400 3188 3451 vasa,
3220 3401 3344 3456 quae
3372 3388 3480 3442 Na-

1894 3473 2327 3530 buchodonosor
2360 3475 2759 3548 Hierosolymis
2785 3477 3022 3548 direpta,
3065 3478 3172 3534 diis
3201 3480 3319 3537 suis
3343 3496 3480 3536 con-

1893 3576 2162 3631 secrarat,
2209 3566 2396 3622 aﬂ‘erri
2445 3567 2622 3638 jubet,
2665 3577 2833 3639 atque
2883 3570 2949 3625 iis
2989 3569 3186 3635 utitur,
3240 3586 3478 3641 quorum

1896 3673 1998 3713 usu
2050 3667 2208 3730 pater
2251 3659 2638 3715 abstinuerat:
2673 3659 2918 3732 dumque
2953 3662 3098 3718 inter
3131 3665 3329 3733 pocula
3359 3665 3482 3720 bla-

1893 3750 2144 3822 sphemat
2187 3751 2384 3818 Deum,
2445 3750 2594 3808 videt
2646 3751 2849 3825 digitos
2901 3755 3157 3812 humanae
3209 3772 3406 3814 manus
3451 3776 3482 3816 e

1892 3845 2104 3915 pariete
2159 3849 2502 3918 prodeuntes
2552 3845 2610 3902 in
2658 3850 2889 3904 tectorio
2922 3851 3152 3921 parietis
3180 3853 3477 3911 scribere:

1892 3938 2100 4008 quibus
2175 3941 2495 4011 conspectis
2556 3941 3000 4012 obstupefactus,
3077 3953 3192 4002 toto
3247 3962 3480 4019 corpore

1891 4031 2185 4086 cohorruit
2216 4047 2230 4084 :
2256 4040 2312 4086 et
2331 4027 2604 4088 Chaldaeis
2628 4047 2694 4088 ac
2721 4033 2894 4104 magis
2927 4035 3234 4102 accersitis,
3268 4039 3480 4108 magnis

1892 4122 2191 4193 propositis
2219 4122 2567 4188 muneribus,
2595 4123 2930 4180 sententiam
2965 4124 3278 4181 litterarum
3303 4125 3374 4179 ab
3397 4125 3481 4180 eis

1891 4214 2153 4284 requirit.
2195 4212 2302 4271 Sed
2331 4214 2608 4284 scriptura
2656 4215 2749 4270 illa
2799 4215 2983 4288 ignota
3031 4225 3153 4272 erat
3195 4218 3478 4277 omnibus.

1889 4305 2258 4374 Quamobrem
2338 4307 2460 4363 avia
2523 4323 2708 4378 regem
2763 4308 2976 4364 tristem
3029 4310 3366 4379 conSpicata,
3423 4321 3480 4366 et

1890 4398 2300 4469 perturbatum,
2335 4399 2412 4455 ait
2443 4417 2456 4456 :
2494 4398 2551 4455 Si
2582 4399 2871 4456 Baltassar
2898 4399 3124 4459 Iudaeus
3153 4417 3476 4458 accersere-

1890 4506 2000 4562 tur,
2051 4497 2148 4568 qui
2196 4505 2255 4554 et
2309 4496 2851 4554 Nabuchodonosori
2894 4500 3067 4556 multa
3118 4498 3490 4572 signiﬁcavit,

193 4589 586 4659 γεγραμμένα.
635 4587 984 4659 Ἀθυμοῦντα
1015 4588 1073 4642 δὲ
1102 4591 1194 4642 τὸν
1233 4587 1460 4659 βασιλέα
1499 4588 1594 4642 καὶ
1625 4604 1781 4641 τετα-

1896 4607 2011 4662 quae
2041 4606 2204 4648 nemo
2251 4593 2395 4649 alius
2439 4593 2717 4664 explicare
2755 4596 3025 4664 potuerit,
3052 4612 3181 4652 eum
3211 4614 3477 4655 arcanum

197 4683 474 4751 ραγμένον
505 4679 748 4752 ἰδοῦσαὴ
795 4682 998 4755 μάμμη
1043 4681 1232 4748 αὐτοῦ,
1275 4683 1405 4752 ἐφη,
1432 4681 1508 4746 ὡς
1533 4681 1583 4734 εί
1617 4697 1782 4752 μετα·

194 4775 422 4846 πεμφθῇ
454 4774 747 4847 Βαλτάσαρ
777 4777 804 4829 6
827 4775 1104 4842 Ἰουδαῖος,
1128 4775 1188 4840 ὃς
1208 4777 1306 4830 καὶ
1335 4775 1414 4847 τῷ
1443 4773 1783 4844 Ναὸουχοδο-

193 4867 352 4940 νόσορ
411 4865 591 4922 πολλὰ
643 4867 943 4939 ἐσήμανεν,
973 4868 1011 4924 ἀ
1059 4868 1247 4940 ἕτερος
1277 4869 1554 4940 ἐκφράσαι
1604 4868 1780 4930 οὐδεὶς

191 4958 450 5029 ἠδύνατο,
512 4959 721 5024 ἐκεῖνός
778 4977 862 5015 σοι
921 4961 984 5016 τὸ
1037 4963 1352 5034 ἀπόρρητον
1403 4961 1612 5016 τούτων
1669 4959 1778 5015 τῶν

195 5053 480 5107 συλλαϐῶν
511 5056 748 5124 σημανεῖ
778 5069 793 5085 °
845 5053 964 5108 ἔστι
1014 5056 1124 5128 γὰρ
1163 5056 1391 5126 Πνεῦμα
1447 5056 1605 5125 ἅγιον
1638 5053 1775 5109 Θεοῦ

196 5143 247 5196 ἐν
266 5145 446 5216 αὐτῷ.
467 5145 676 5199 Λύτίκα
697 5145 880 5200 τοίνυν
902 5147 1134 5212 καλέσας
1158 5149 1249 5202 τὸν
1269 5149 1466 5220 Δανιὴλ
1486 5151 1513 5203 6
1535 5150 1776 5220 κρατῶν,

191 5236 334 5307 ἠξίου
387 5237 591 5306 δηλοῦν
631 5239 782 5310 αὐτῷ
828 5241 960 5311 περὶ
989 5243 1098 5296 τῶν
1128 5244 1500 5314 γραμμάτων,
1548 5244 1644 5298 καὶ
1698 5245 1776 5316 μὴ

195 5329 594 5402 ὁποσταλῆναι,
652 5333 758 5386 κᾶν
823 5333 911 5405 εῐη
967 5335 1294 5406 σκυθρωπὸν
1339 5337 1399 5390 τὸ
1455 5337 1547 5390 ὑπ’
1594 5339 1777 5392 αὐτῶν

197 5423 602 5494 σημαινόμενον
633 5438 648 5453 ο
679 5425 774 5478 καὶ
799 5425 968 5498 γέρας
993 5426 1187 5482 δώσειν
1213 5427 1362 5500 αὐτῷ
1405 5429 1776 5498 ἐπηγγέλλετο

198 5519 489 5591 πορφύραν
515 5518 848 5588 ἐνδεδύσθαι,
877 5524 971 5575 καὶ
1003 5523 1387 5594 περιαυχένιον
1421 5524 1651 5597 χρύσεον
1683 5525 1778 5579 καὶ

194 5612 249 5665 τὸ
270 5613 459 5684 τρίτον
480 5611 579 5679 τῆς
601 5611 779 5684 ἀρχῆς
805 5613 992 5685 μέρος.
1020 5615 1220 5687 Δανιὴλ
1243 5615 1300 5670 δὲ
1323 5616 1420 5681 τὰς
1447 5617 1545 5688 μὲν
1565 5617 1778 5688 δωρεὰς

197 5707 510 5776 παρῃτεῖτο,
548 5704 778 5776 μηνύειν
807 5707 853 5759 δ’
897 5706 1086 5776 ἐλεγεν
1139 5707 1288 5778 αὐτῷ
1320 5709 1389 5763 τὰ
1414 5710 1778 5781 γεγραμμένα

198 5795 285 5848 τοῦ
317 5796 437 5866 βίου
465 5796 876 5868 καταστροφὴν,
923 5798 1006 5851 ὅτι
1039 5799 1164 5870 μηδ’
1198 5793 1280 5862 οἷς
1325 5801 1354 5852 6
1391 5799 1576 5871 πατὴρ
1611 5801 1776 5854 αὑτοῦ

199 5887 262 5942 δι’
290 5890 548 5945 ἀσέὸειαν
579 5889 872 5958 ἐκολάσθη,
896 5891 1274 5963 ἐσωφρονίσθη
1297 5892 1479 5964 αὐτὸς,
1503 5891 1640 5950 ἀλλὰ
1666 5897 1775 5961 τοῖς

459 5985 734 6048 ΡΛτιιοι..
781 5987 902 6049 GR.
951 5987 1286 6054 CXXXIV.

1889 4684 2226 4756 syllabarum
2267 4686 2486 4742 illarum
2517 4685 2928 4742 declaraturam
2963 4705 2980 4743 :
3012 4703 3135 4745 esse
3165 4690 3314 4746 enim
3349 4706 3480 4747 san-

1885 4786 2036 4832 ctum
2070 4777 2170 4834 Dei
2203 4779 2476 4848 Spiritum
2505 4779 2560 4834 in
2595 4794 2684 4836 eo.
2723 4778 2920 4836 Statim
2951 4781 3122 4852 igitur
3147 4798 3240 4838 rex
3270 4783 3478 4840 Danie-

1884 4871 1992 4926 lcm
2023 4872 2235 4928 accersi
2263 4872 2444 4944 jubet.
2486 4873 2742 4945 ﬂagitans
2781 4877 3074 4945 scriptura:
3109 4875 3260 4933 illius
3284 4877 3474 4933 decla-

1883 4961 2183 5028 rationem,
2215 4962 2356 5018 citra
2381 4963 2882 5021 dissimulationem
2915 4979 3158 5033 omnem,
3187 4969 3292 5025 etsi
3316 4970 3472 5026 triste

1882 5054 2095 5125 aliquid
2135 5057 2534 5125 portenderet:
2587 5061 2847 5114 daturum
2890 5059 3169 5131 pollicitus
3195 5063 3474 5132 gestandae

1881 5165 2144 5220 purpuras
2175 5161 2232 5206 et
2267 5151 2480 5222 torquis
2509 5152 2666 5207 aurei
2701 5153 2814 5223 jus,
2847 5163 2905 5212 et
2936 5154 3155 5210 tertiam
3197 5155 3352 5228 regni
3379 5158 3468 5212 sui

1881 5254 2114 5315 partem.
2149 5245 2340 5302 Daniel
2370 5261 2503 5302 vero
2534 5246 2862 5304 muneribus
2897 5250 3188 5316 recusatis,
3219 5249 3468 5314 dicebat,

1879 5339 2211 5402 scripturam
2235 5339 2286 5394 ei
2318 5338 2531 5395 obitum
2563 5341 2918 5411 portendere,
2953 5342 3103 5413 quod
3133 5357 3206 5399 ne
3226 5353 3469 5414 paterna:

1880 5430 2102 5503 quidem
2160 5431 2464 5502 impietatis
2505 5448 2668 5504 poena
2712 5435 2893 5492 factus
2947 5445 3096 5493 esset
3142 5435 3464 5499 modestior,

1879 5521 1976 5576 sed
2015 5521 2219 5578 divinis
2263 5525 2412 5580 vasis
2457 5539 2584 5580 cum
2614 5526 2946 5582 concubinis
2987 5526 3055 5582 ad
3091 5525 3463 5581 ministerium

1879 5607 2214 5672 esset‘usus.
2251 5616 2494 5674 Litteras
2519 5635 2652 5674 vero
2679 5619 2756 5676 ita
2790 5620 3050 5691 legebat:
3079 5617 3251 5680 Μαηὶ,
3288 5615 3462 5684 Teket,

1880 5707 2081 5764 Phares
2112 5725 2132 5764 :
2162 5726 2394 5780 quarum
2428 5711 2887 5782 signiﬁcationem
2936 5712 3017 5766 sic
3062 5709 3467 5781 interpretaba-

1883 5810 1971 5856 tur
2001 5820 2014 5856 :
2057 5800 2370 5858 Numeravit
2406 5802 2548 5858 Deus
2573 5813 2774 5875 tempus
2807 5807 2930 5858 vita:
2955 5811 3084 5869 tum,
3117 5812 3277 5874 atque
3298 5805 3465 5873 impe-

1884 5897 1949 5950 rii
1997 5897 2097 5965 tui,
2143 5897 2290 5968 cujus
2330 5914 2614 5972 perparum
2660 5904 2916 5969 superest.
2955 5894 3092 5952 Nam
3130 5897 3463 5954 vocabulum
