3878 6570
412 384 522 449 235

1742 377 2070 442 JOANNIS
2109 376 2429 440 ΖΟΝΑΒᾹΞ

3587 380 3695 445 238

408 498 576 565 Mani,
615 494 826 552 Graecis
869 504 955 551 est
995 509 1300 562 numerus;
1338 492 1515 560 Tekel,
1542 493 1781 565 spatium
1807 510 1817 545 :
1843 490 1993 561 quod

2108 488 2326 544 σκεύεσι
2355 488 2451 543 τοῦ
2486 487 2625 543 Θεοῦ
2658 487 2797 561 μετά
2824 490 2933 544 τῶν
2966 490 3265 546 παλλακῶν
3289 491 3371 556 είς
3409 492 3699 546 διακονίαν

412 593 557 647 Deus
589 589 825 646 limitem
851 588 1006 660 regni
1028 590 1147 660 ejus
1172 586 1574 652 constituisset,
1597 585 1745 657 quod
1777 585 2002 656 quidem

410 686 675 742 deorsum
699 688 956 754 vergeret
978 690 1035 738 et
1057 682 1433 753 frangeretur.
1459 680 1596 735 Nam
1637 678 1791 735 Tekel
1833 677 2003 734 etiam

412 773 655 852 fragmen
680 775 956 849 signiﬁcat
977 776 1165 846 lingua
1193 774 1404 830 Graeca.
1437 771 1644 830 Phares
1670 771 2002 828 divisionem

412 874 910 944 interpretabatur,
946 868 1094 939 quod
1128 880 1358 938 regnum
1402 867 1525 939 ejus
1561 865 1707 922 inter
1737 865 2006 925 Medoset

417 963 614 1017 Persas
676 975 705 1015 a
758 960 871 1015 Deo
922 957 1373 1014 distribuendum
1428 962 1596 1012 esset.
1655 955 2004 1027 Scripturam

416 1058 586 1128 igitur
630 1053 859 1126 parietis
912 1052 986 1106 ita
1026 1050 1179 1122 legit,
1231 1050 1418 1122 itaque
1465 1049 1707 1122 syllabas
1736 1064 1832 1105 eas
1860 1052 2007 1105 inter

415 1160 537 1205 sese
583 1145 946 1216 comparavit,
994 1143 1101 1199 hoc
1147 1153 1254 1206 est,
1308 1143 1707 1214 interpretatus
1732 1152 1837 1206 est,
1876 1157 2005 1213 rege

417 1248 661 1297 moerere
708 1239 926 1301 affecto,
975 1253 1079 1293 nec
1132 1237 1226 1292 diu
1279 1246 1403 1307 post
1463 1236 1749 1307 prophetae
1799 1235 2005 1308 prmdi-

416 1336 597 1392 ctione
632 1332 791 1405 124
831 1343 1033 1387 eventu
1070 1332 1453 1403 comprobata,
1502 1346 1627 1385 cum
1659 1330 1835 1402 Cyrus
1866 1330 2003 1385 Pcr-

416 1446 599 1485 sarum
638 1445 731 1483 rex
780 1428 925 1482 bello
973 1426 1147 1490 illato,
1189 1425 1523 1497 Babylonem
1569 1426 1737 1495 capit,
1786 1423 2005 1478 Baltha-

416 1537 540 1577 sarc
602 1520 657 1575 in
731 1520 1055 1590 captivitate
1114 1519 1269 1574 urbis
1321 1517 1635 1573 interfecto.
1704 1514 1844 1572 Sunt
1907 1516 2003 1587 qui

418 1622 689 1678 asserant,
721 1612 913 1667 eadem
958 1622 1145 1677 nocte,
1174 1627 1282 1681 qua
1316 1612 1417 1666 visi
1451 1617 1636 1665 essent
1668 1607 1822 1680 digiti
1863 1609 2003 1663 scri-

418 1710 633 1771 bentes,
675 1717 732 1761 et
779 1705 1111 1778 Babylonem
1159 1714 1399 1773 captam,
1448 1711 1506 1759 et
1563 1718 1748 1773 regem
1800 1716 2002 1757 cresum

417 1818 561 1859 esse.
590 1802 861 1857 Cmtcrum
910 1808 1036 1871 post
1090 1798 1246 1854 urbis
1288 1797 1689 1867 captivitatem,
1739 1795 1931 1850 Daniel
1971 1809 2003 1849 a

423 1890 587 1951 Dario
632 1894 809 1960 Medo,
852 1859 946 1963 qui
995 1902 1052 1948 el
1096 1859 1373 1960 Cyaxarcs
1420 1888 1836 1955 nominabatur,
1873 1886 2003 1960 Cyri
2033 1859 2081 1920 Β

420 1990 753 2053 avunculus,
799 1987 948 2041 filius
999 1985 1250 2057 Astyagis
1291 1982 1576 2039 Medorum
1606 1982 1771 2053 regis,
1802 1983 1857 2038 in
1889 1982 2003 2037 Me-

422 2080 567 2135 diam
602 2078 920 2144 translatus,
954 2077 1104 2131 omni
1143 2076 1354 2133 honore
1390 2074 1753 2131 adiciebatur.
1788 2072 1906 2140 Qua
1934 2074 2003 2130 de

420 2186 587 2229 causa
637 2172 919 2227 Medorum
958 2168 1244 2241 principes
1284 2170 1335 2226 ei
1384 2168 1719 2233 invidentes,
1773 2168 2003 2223 insidias

420 2277 614 2338 parant
647 2264 771 2321 vita:
788 2267 926 2337 ejus.
966 2263 1097 2318 Nam
1131 2278 1257 2318 cum
1284 2278 1411 2318 eum
1442 2262 1691 2333 quotidie
1727 2272 1809 2317 ter
1829 2261 2001 2316 Deum

417 2360 742 2416 adorantem
786 2357 1068 2424 viderent,
1114 2356 1346 2428 Cyaxari
1387 2356 1504 2412 sive
1542 2355 1709 2411 Dario
1747 2362 2003 2411 auctores

419 2464 550 2510 sunt
598 2452 838 2508 ferenda:
881 2450 1040 2522 legis,
1097 2460 1155 2505 ut
1201 2451 1349 2505 intra
1389 2449 1507 2505 dies
1549 2449 1771 2520 triginta
1820 2463 2003 2517 neque

419 2546 554 2605 deos
600 2546 796 2602 adoret
843 2545 1161 2615 quisquam,
1190 2558 1371 2613 neque
1406 2541 1585 2612 ipsum
1620 2557 1802 2613 regem
1836 2549 2002 2596 oret:

419 2656 583 2715 quam
617 2642 793 2711 legem
830 2639 925 2710 qui
964 2639 1247 2704 violasset,
1282 2638 1336 2691 in
1373 2652 1595 2693 caveam
1623 2637 1847 2692 leonum
1873 2650 1998 2691 con-

414 2734 742 2807 jiciendum.
797 2731 910 2787 Rex
954 2732 1048 2802 qui
1099 2731 1379 2801 ignoraret
1421 2729 1557 2785 illud
1606 2729 1662 2784 in
1702 2724 2002 2800 perniciem

421 2827 663 2883 Danielis
709 2826 873 2891 strui,
920 2826 1165 2881 edictum
1216 2823 1533 2896 hujnsmodi
1582 2822 1865 2894 proponit.
1924 2821 2004 2877 Ac

420 2920 638 2977 exteris
682 2918 986 2975 secundum
1035 2919 1278 2973 edictum
1325 2917 1765 2987 quiescentibus,
1811 2916 2003 2972 Daniel

419 3016 514 3084 qui
550 3013 619 3068 de
652 3026 805 3067 more
849 3012 960 3066 Deo
1008 3010 1375 3081 supplicabat,
1421 3009 1637 3064 delatus
1667 3026 1695 3062 a
1741 3009 2002 3080 satrapis,

420 3105 617 3161 bestiis
650 3105 934 3175 objicitur.
967 3103 1085 3158 Rex
1115 3103 1320 3173 lapide,
1352 3117 1463 3174 quo
1498 3116 1664 3157 cavea
1702 3100 2001 3156 claudeba-

2108 584 2400 656 ἐχρήσατο.
2424 584 2505 638 Τὰ
2528 583 2626 655 μὲν
2648 583 2743 637 οῦν
2763 586 3068 657 γράμματα
3094 585 3461 654 ἀνεγίνωσκεν
3481 586 3658 650 οὕτως
3677 603 3696 620 ⁸

2107 678 2307 747 Μανῆ,
2357 678 2565 746 Θεκὲλ,
2613 679 2826 749 Φαρές.
2883 678 2997 753 Τὴν
3048 680 3107 735 δὲ
3164 681 3372 735 τούτων
3411 681 3699 754 σημασίαν

2109 768 2433 842 ἑρμηνεύων
2452 770 2639 840 ἔλεγεν
2657 786 2675 804 ⁸
2717 770 3082 843 Ἦριθμησεν
3106 775 3141 828 d
3167 774 3313 841 Θεὸς
3333 772 3442 828 τὸν
3467 775 3702 844 χρόνον

2106 860 2218 931 τῆς
2254 860 2398 930 ζωῆς
2424 877 2574 941 σου,
2612 865 2708 919 καὶ
2738 865 2852 936 τῆς
2880 866 3076 937 ἀρχῆς
3103 881 3244 935 σου,
3284 869 3385 923 καί
3414 870 3499 937 δίς
3539 868 3704 940 ἀναν

2100 952 2304 1023 ,βραχὺ
2334 954 2760 1024 περιέστησεν.
2805 956 3294 1033 Ἐξελληνιξομὲνη
3341 962 3438 1016 καὶ
3466 962 3502 1035 η
3548 961 3700 1029 λέξις

2107 1044 2310 1114 λέγοιτ’
2342 1045 2409 1101 ἂν
2461 1046 2698 1120 ἀριθμός
2724 1060 2742 1082 ο
2796 1048 2942 1105 οὕτω
2993 1050 3096 1123 μὲν
3146 1051 3243 1107 οῦν
3275 1055 3592 1126 ἡρμήνευσε
3632 1057 3699 1108 τὸ

2104 1137 2303 1206 Μανῆ.
2347 1139 2422 1194 re
2467 1139 2526 1194 δέ
2567 1157 2631 1210 γε
2667 1143 2877 1212 Θεκέλ,
2916 1145 3207 1216 σημαίνειν
3262 1147 3367 1219 ἔφη
3426 1148 3698 1220 σταθμόν.

2106 1232 2323 1302 Στήσας
2356 1232 2448 1287 οῦν
2477 1235 2570 1288 τὸν
2599 1234 2724 1307 ὅρον
2752 1237 2853 1307 τῆς
2891 1235 3176 1308 βασιλείας
3207 1255 3303 1293 σου
3338 1242 3366 1294 ὁ
3397 1239 3553 1309 Θεὸς,
3592 1258 3700 1293 xa-

2104 1326 2446 1400 ταφέρεσθαι
2520 1328 2726 1400 ταύτην
2805 1329 2960 1400 δηλοῖ
3019 1333 3117 1386 καὶ
3181 1331 3483 1386 κεκλᾶσοαι
3510 1349 3525 1365 ·
3597 1334 3702 1386 καὶ

2107 1422 2333 1494 κλάσμα
2387 1422 2499 1493 γὰρ
2560 1422 2623 1475 τὸ
2681 1422 2872 1477 ﬂexa
2938 1423 3198 1495 σημαίνει
3272 1424 3397 1479 καθ’
3466 1425 3705 1479 Ἐλλάδα

2104 1518 2402 1573 διάλεκτον.
2431 1517 2500 1573 Τὸ
2513 1516 2726 1586 Φαρὲς,
2745 1517 3009 1589 διαίρεσιν
3026 1516 3347 1589 ἑρμηνεύων
3364 1519 3392 1572 ό
3405 1520 3705 1591 προφήτης

2107 1610 2285 1683 (τοῦτο
2321 1610 2429 1682 γάρ
2461 1612 2540 1677 είς
2571 1610 2806 1681 Ἕλληνα
2847 1611 3090 1683 φωνὴνή
3147 1611 3293 1677 λέξις
3339 1612 3699 1682 μεταγομένη

2104 1704 2277 1774 δηλοῖ)
2310 1703 2653 1774 διαιρεθῆναι
2696 1703 2800 1777 τὴν
2842 1704 3126 1775 βασιλείαν
3176 1702 3346 1760 αὐτοῦ
3388 1703 3578 1773 ελεγεν
3612 1706 3701 1766 είς

2108 1795 2326 1869 Πέρσας
2355 1796 2454 1851 καὶ
2495 1797 2719 1869 Μήδους
2764 1797 2919 1868 παρά
2959 1796 3119 1851 Θεοῦ.
3161 1797 3244 1851 Τά
3283 1798 3383 1869 μὲν
3406 1793 3502 1853 οῦν
3526 1798 3589 1851 ἑν
3614 1796 3700 1867 τῷ

2109 1890 2279 1963 τοίχῳ
2301 1890 2666 1963 γεγραμμένα
2698 1889 2872 1955 οὕτως
2906 1892 3118 1961 ἀνέγνω
3146 1893 3174 1944 ό
3201 1890 3423 1964 Δανιὴλ,
3456 1893 3550 1945 καὶ
3577 1907 3699 1943 τοι-

2111 1981 2284 2053 αὐτην
2334 1982 2434 2055 τὴν
2486 1982 2593 2036 τῶν
2646 1981 2927 2039 συλλαόὦν
2961 1983 3190 2038 ἐκείνων
3232 1983 3527 2055 ἐποιήσατο
3564 1980 3702 2051 σύγ-

2111 2093 2318 2146 κρισιν,
2347 2076 2447 2147 τὴν
2477 2072 2781 2149 ἑρμηνείαν
2802 2076 3029 2150 δηλαδή.
3058 2076 3164 2132 Τδν
3189 2078 3247 2131 δὲ
3283 2077 3512 2147 βασιλέα
3537 2076 3699 2145 λύπη

2112 2169 2365 2239 κατέσχε.
2402 2168 2515 2223 Καὶ
2551 2168 2669 2240 μετ’
2698 2169 2883 2238 ὀλίγον
2916 2170 2949 2241 η
2978 2169 3073 2224 τοῦ
3106 2172 3389 2241 προφήτου
3417 2169 3700 2239 ἐκδέδηκε

2112 2263 2446 2337 πρόρρησις,
2481 2262 2669 2333 Κύρου
2696 2262 2789 2316 τοῦ
2822 2262 3050 2332 Περσῶν
3079 2261 3346 2333 βασιλέως
3394 2263 3482 2317 ἐπ’
3502 2292 3507 2295 -
3527 2261 3711 2315 αὐτῦν

2110 2357 2425 2427 ἐλάσαντος,
2481 2357 2571 2427 ὑφ’
2625 2351 2689 2412 οὗ
2731 2356 2765 2427 ἦ
2809 2374 2870 2411 τε
2922 2355 3181 2413 Βαϐυλὼν
3230 2357 3465 2430 ἐλήφθη.
3513 2359 3614 2412 καὶ
3674 2359 3708 2412 ό

2110 2450 2403 2524 Βαλτάσαρ
2450 2454 2510 2505 ἐν
2548 2452 2615 2524 τῇ
2648 2450 2849 2506 ἁλώσει
2879 2450 3142 2524 ἀνῄρητο.
3195 2452 3317 2505 Elei
3358 2452 3406 2506 δ’
3448 2451 3498 2506 ὀί
3549 2453 3709 2506 κατὰ

2110 2546 2210 2619 τὴν
2265 2544 2437 2601 νύκτα
2492 2545 2729 2617 ἐκείνην,
2780 2544 2903 2600 καθ’
2957 2546 3026 2619 ἣν
3061 2545 3155 2599 τδν
3203 2545 3554 2617 ἀστράγαλον
3601 2545 3711 2597 τῖν

2110 2640 2392 2711 γράφοντα
2423 2638 2709 2705 ἐθεάσατο,
2753 2640 2890 2708 φασὶ
2915 2639 3011 2693 καὶ
3040 2638 3139 2709 τὴν
3179 2637 3335 2693 πόλιν
3379 2638 3705 2710 αἱρεθῆναι,

2110 2733 2364 2786 κάκεῖνον
2392 2731 2775 2802 ἀναιρεθῆναι.
2804 2730 2961 2785 Μετά
2997 2730 3056 2784 δὲ
3094 2730 3195 2804 τὴν
3228 2731 3329 2800 τῆς
3371 2728 3705 2792 Βαΰυλῶνος

2110 2824 2314 2880 ἅλωσιν
2358 2824 2387 2877 δ
2429 2826 2719 2896 προφήτης
2757 2822 2951 2895 Δανιὴλ
2996 2824 3148 2894 παρά
3183 2823 3540 2894 Δαρείου-τοῦ
3571 2825 3713 2895 Μή-

2109 2915 2226 2982 δου,
2262 2915 2321 2980 ὃς
2356 2915 2453 2970 καὶ
2485 2912 2784 2986 Κυαξάρης
2814 2914 3125 2985 ὼνόμαστο,
3168 2913 3264 2967 καὶ
3311 2913 3711 2985 μητράδιλφος

2108 3006 2176 3084 ἦν
2203 3009 2299 3065 τοῦ
2333 3008 2544 3084 Κύρου,
2579 3011 2695 3073 υίὸς
2725 3009 2802 3065 ὢν
2829 3008 3164 3078 Ἀστυάγους
3198 3009 3293 3064 τοῦ
3329 3010 3712 3082 βασιλεύσαν-

2109 3122 2200 3168 τος
2229 3103 2431 3176 Μήδων
2478 3101 2615 3174 (76),
2652 3103 2734 3165 είς
2776 3102 2990 3173 Μηδίαν
3022 3105 3344 3173 μετήνεκτο,
3385 3105 3483 3158 καὶ
3506 3104 3715 3176 πάσης

408 3201 530 3264 'tur,
566 3198 804 3267 signato,
849 3195 1125 3251 discedit:
1165 3210 1400 3264 eamque
1431 3204 1652 3249 noctem
1690 3193 2001 3249 insomnem

2111 3194 2329 3267 ἠξιοῦτο
2348 3195 2536 3266 τιμῆς.
2569 3193 2726 3248 Οῦτω
2749 3195 2796 3248 δ’
2824 3195 2986 3265 ἔχων,
3016 3194 3293 3267 ἐφθονήθη
3319 3197 3471 3269 παρὰ
3490 3196 3603 3250 τῶν
3642 3197 3721 3249 ιν

418 3291 551 3362 agit,
603 3289 872 3344 sollicitus
922 3296 977 3343 et
1023 3286 1240 3343 dolens.
1284 3287 1420 3341 Nam
1471 3287 1575 3342 etsi
1638 3285 1922 3342 Danielem
1969 3299 2001 3341 a

2110 3291 2320 3361 Μήδοις
2342 3288 2744 3360 ὑπερεχόντων,
2766 3290 2863 3343 καὶ·
2888 3289 3239 3361 μηχανῶνται
3260 3290 3463 3361 τρόπον
3483 3290 3613 3345 καθ’
3639 3290 3715 3346 ὃν

420 3384 615 3438 bestiis
643 3397 750 3435 non
787 3381 975 3435 lmsum
1017 3379 1085 3433 iri
1121 3378 1401 3449 Sperabat,
1442 3378 1647 3449 quippe
1682 3390 1847 3447 quem
1877 3393 2004 3433 san-

418 3485 508 3531 cto
545 3474 637 3529 Dei
665 3473 875 3543 Spiritu
914 3471 1207 3542 praeditum
1242 3470 1433 3536 sciret,
1487 3484 1598 3524 non
1632 3482 1816 3526 tamen
1850 3479 2003 3525 tran-

420 3569 593 3638 quillo
619 3583 740 3621 esse
762 3568 945 3620 animo
973 3574 1207 3635 poterat,
1235 3575 1491 3619 metuens
1522 3579 1591 3619 ne
1616 3561 1748 3634 quid
1771 3563 1823 3619 ei
1853 3562 2003 3618 acci-

420 3664 601 3726 deret,
678 3678 782 3716 nee
830 3660 926 3715 Dei
982 3661 1310 3730 potentiam,
1373 3669 1434 3713 ut
1491 3658 1658 3712 homo
1711 3657 1998 3723 barbarus,

421 3756 557 3811 satis
612 3754 949 3825 intelligens.
1005 3753 1203 3806 Statim
1260 3765 1393 3805 vero
1453 3759 1512 3805 ut
1564 3750 1878 3814 diluxerat,
1933 3749 2003 3805 ad

421 3860 643 3902 caveam
672 3845 896 3899 leonum
936 3841 1174 3906 accedit,
1219 3841 1499 3895 Danielem
1530 3848 1692 3895 vocat
1723 3857 1736 3895 :
1775 3853 2007 3910 respon-

422 3939 644 3995 dentem
698 3937 913 3991 extrahi
961 3935 1142 4007 jubet,
1182 3934 1453 3989 intactum
1482 3941 1539 3987 et
1571 3932 1781 3986 salvum
1809 3933 2006 3988 videns

420 4030 789 4102 obstupescit.
840 4027 949 4083 Sed
986 4044 1111 4082 cum
1151 4026 1431 4081 delatores
1473 4023 1766 4088 dixissent,
1814 4025 2006 4081 leones

420 4124 495 4179 ob
544 4123 893 4178 saturitatem
936 4120 1094 4174 illum
1140 4133 1248 4173 non
1293 4118 1586 4187 attigisse:
1632 4116 2008 4186 improbitatis

424 4218 644 4271 illorum
677 4214 828 4279 odio,
871 4213 1155 4267 intellecta
1181 4210 1381 4265 fraude
1404 4217 1571 4280 atque
1604 4209 1843 4278 insidiis,
1871 4226 2008 4281 quas

425 4308 711 4378 prOphetaa
755 4312 1097 4371 struxerant,
1148 4302 1357 4357 affatim
1408 4301 1614 4357 bestias
1652 4303 1801 4373 pasci
1823 4303 2006 4376 jubet,

424 4401 607 4469 iisque
634 4398 746 4470 jam
788 4396 1003 4452 satiatis
1035 4405 1389 4449 accusatores
1434 4396 1673 4451 Danielis
1714 4398 1904 4469 objicl,
1947 4406 2010 4455 ut

420 4502 875 4562 cognosceretur,
925 4505 995 4545 an
1039 4491 1227 4545 leones
1261 4489 1332 4543 ob
1371 4490 1714 4546 saturitatem
1751 4492 2005 4547 homines

2106 3385 2346 3457 ἤλπισαν
2376 3381 2647 3437 ἀπολέσαι
2672 3382 2861 3438 αὐτόν.
2915 3382 3189 3455 Ὀρῶντες
3226 3385 3338 3455 γὰρ
3376 3385 3542 3438 αὐτὸν
3564 3386 3707 3457 τρὶς

2105 3479 2205 3549 τῆς
2247 3476 2466 3549 ἡμέρας
2510 3476 2953 3548 προσευχόμενον
3002 3476 3081 3546 τῷ
3117 3475 3259 3548 Θεῷ,
3301 3478 3565 3552 προσίασι
3613 3478 3717 3551 τῷ

2107 3567 2377 3643 Κυαξάρῃ
2434 3568 2547 3642 (77)
2605 3568 2685 3638 τῷ
2742 3569 2838 3623 καὶ
2898 3570 3133 3644 Δαρείῳ,
3184 3569 3465 3636 ἀξιοῦντες
3520 3572 3709 3625 αὐτὸν

2108 3662 2280 3717 θεῖναι
2320 3663 2506 3733 νόμον.
2543 3661 2631 3716 ἵνα
2665 3661 2759 3716 ἐπὶ
2796 3663 3093 3735 τριάκοντα
3136 3662 3359 3735 ἡμέρας
3398 3665 3476 3736 μή
3517 3680 3604 3728 τις
3666 3665 3709 3739 η

2106 3756 2217 3818 τοῖς
2252 3754 2394 3820 θεοῖς
2434 3753 2880 3827 προσευχόμενος
2903 3754 3014 3827 εῐη,
3045 3754 3175 3828 μήτ’
3205 3756 3374 3811 αὐτοῦ
3395 3757 3491 3811 τοῦ
3529 3757 3710 3828 βασι-

2106 3848 2243 3911 λέως
2268 3846 2544 3918 δεόμενος,
2575 3847 2671 3902 καὶ
2700 3848 2795 3903 τὸν
2807 3847 2900 3920 μὴ
2919 3848 3011 3902 τὸν
3047 3847 3215 3920 νόμον
3249 3848 3563 3921 φυλάξαντα
3616 3855 3716 3916 είς

2107 3941 2199 3994 τὸν
2218 3939 2327 3994 τῶν
2352 3939 2583 3994 λεόντων
2604 3940 2812 3995 λάκκον
2840 3941 3231 4011 ἐμϐάλλεσθαι.
3281 3942 3342 3997 ’0
3367 3942 3423 3997 δὲ
3455 3944 3519 3997 τὸ
3550 3946 3716 4000 κατὰ

2107 4030 2203 4086 τοῦ
2256 4031 2459 4103 Δανιὴλ
2518 4032 2655 4105 παρ’
2715 4032 2902 4088 αὐτῶν
2963 4033 3335 4105 τυρευόμενον
3388 4034 3714 4106 ἀγνοήσας,

2110 4124 2467 4195 προύτέθιικε
2483 4125 2849 4198 πρόγραμμα,
2873 4127 2941 4180 τὰ
2958 4127 3080 4200 είρη
3089 4128 3225 4197 μένα
3245 4126 3716 4201 διαταττόμενον.

2108 4221 2172 4278 Oi
2201 4220 2298 4291 μὲν
2325 4215 2419 4274 οὖν
2446 4219 2599 4275 ἄλλοι
2622 4219 2867 4291 ἠρέμουν
2894 4220 3039 4273 κατὰ
3068 4221 3129 4274 τὸ
3153 4220 3458 4291 θέσπισμαο
3485 4222 3717 4294 Δανιὴλ

2109 4310 2167 4366 δὲ
2222 4311 2365 4365 κατά
2426 4311 2487 4364 τὸ
2545 4309 2668 4375 ἔθος
2700 4309 2867 4364 αὐτοῦ
2896 4309 3099 4383 ηῦχετο
3152 4312 3233 4384 τῷ
3280 4313 3421 4385 Θεῷ.
3458 4312 3589 4369 ’Καὶ
3662 4320 3719 4373 οί
3766 4308 3777 4314 ”

2112 4407 2399 4478 Σατράπαι
2453 4407 2719 4459 κατεῖπον
2750 4405 2917 4460 αὐτοῦ
2970 4407 3111 4478 πρὸς
3153 4408 3247 4462 τὸν
3294 4406 3545 4479 βασιλέα,
3604 4417 3720 4467 καὶ

2114 4498 2257 4553 κατά
2282 4496 2375 4551 τὸν
2421 4497 2588 4568 νόμον
2623 4494 2867 4569 ἀπῄτουν
2897 4499 2976 4563 είς
3026 4501 3119 4555 τδν
3154 4501 3363 4555 λάκκον
3393 4504 3562 4557 αὐτὸν
3592 4508 3721 4562 τῶν

428 4598 537 4640 non
582 4594 891 4656 tangerent.
926 4583 1065 4637 Tum
1103 4583 1373 4652 improbis
1418 4581 1527 4638 illis
1566 4583 1752 4639 statim
1793 4584 2004 4640 dilace-

2111 4592 2342 4645 λεόντων
2371 4591 2763 4662 ὲμδάλλεσθαι.
2802 4592 3103 4664 Βληθέντος
3129 4594 3177 4648 δ’
3209 4598 3327 4650 ἐκεῖ
3349 4597 3443 4651 τοῦ
3476 4604 3725 4674 προφή-

427 4680 583 4742 ratis,
616 4676 971 4747 perspicuum
1012 4677 1117 4728 luit
1146 4674 1425 4738 omnibus,
1466 4676 1514 4728 vi
1546 4677 1783 4746 quadam
1817 4678 2022 4734 divina‘

427 4770 711 4825 Daniclem
753 4776 1139 4824 conservatum
1179 4783 1325 4831 esse,
1377 4769 1652 4825 obturatis
1698 4769 2004 4827 bestiarum

429 4864 706 4918 faucibus.
758 4861 951 4930 itaque
1006 4876 1101 4915 rex
1165 4862 1450 4931 propheta:
1519 4863 1687 4917 Deum
1741 4864 2006 4931 celebrat,

406 4957 592 5027 ’elquc
616 4956 855 5028 majores
882 4954 1049 5008 etiam
1075 4955 1315 5010 honores
1345 4955 1511 5011 habet
1540 4973 1551 5010 :
1576 4965 1633 5011 et
1658 4960 1762 5011 hoc
1783 4957 2006 5027 quidem

433 5050 704 5119 posterius
742 5048 960 5104 accidit.

2111 4700 2226 4751 του,
2251 4685 2342 4737 τὸν
2367 4685 2459 4737 ἐπὶ
2479 4681 2573 4737 τοῦ
2611 4684 2835 4755 στομίου
2856 4683 3003 4740 λίθον
3029 4690 3340 4760 σφραγίσας
3363 4692 3389 4743 ό
3415 4690 3721 4761 βασιλεὺς,

2113 4777 2481 4848 ἀνεχώρησεν.
2516 4776 2796 4840 Ἀγωνιῶν
2847 4777 2906 4830 δὲ
2965 4779 3062 4832 καὶ
3112 4779 3313 4849 ἀλγῶν,
3363 4781 3574 4845 ἄϋπνος
3608 4790 3725 4845 τὴν

2115 4869 2289 4922 νύκτα
2324 4866 2613 4939 διήγαγεν.
2650 4866 2888 4921 Ἦλπισε
2922 4871 3027 4939 μὲν
3049 4869 3182 4944 γὰρ.
3218 4873 3293 4944 μὴ
3324 4870 3723 4944 βλαδήσεσῦαι

2116 4963 2209 5015 τὸν
2238 4960 2437 5027 Δανιὴλ
2473 4960 2579 5013 ὑπὸ
2607 4959 2718 5013 τῶν
2740 4960 2967 5031 θηρίων,
2998 4962 3156 5027 οίδὼς
3178 4965 3261 5018 ὅτι
3292 4965 3513 5037 πνεῦμα
3547 4968 3727 5037 ἅγιον

2118 5051 2253 5108 Θεοῦ
2282 5055 2432 5105 ἐστιν
2465 5053 2524 5104 ὲν
2561 5051 2729 5123 αὐτῷ.
2764 5052 2907 5106 Ἀλλ’
2926 5055 3076 5125 ὅμως
3109 5054 3322 5111 δειλιῶν
3349 5058 3597 5129 ἠγωνία,
3634 5062 3721 5133 μή

429 5162 481 5205 τι
532 5150 684 5220 αὐτῷ
732 5152 976 5224 συμϐαίη
1025 5154 1221 5221 κακὸν,
1258 5155 1332 5227 μὴ
1371 5158 1513 5209 πάνυ
1560 5155 1870 5225 γινώσκων,
1920 5154 2007 5213 οἶα
2051 5160 2356 5231 βάρϐαρος,
2415 5158 2517 5228 τὴν
2556 5156 2792 5230 δύναμιν
2836 5157 2932 5211 τοῦ
2980 5155 3139 5210 Θεοῦ.
3184 5156 3345 5225 Ἄρτι
3374 5153 3422 5206 δ’
3484 5155 3729 5226 ἡμέρας

430 5245 851 5319 ἀναλαμψάσης,
898 5249 975 5320 τῷ
1020 5249 1207 5322 λάκκῳ
1264 5252 1492 5323 ἐπέστη,
1534 5253 1630 5306 καὶ
1679 5255 1864 5307 ἐκάλει
1918 5256 2007 5309 τὸν
2077 5258 2279 5328 Δανιηλ
2307 5271 2321 5286 °
2359 5258 2388 5310 ὁ
2454 5255 2511 5309 δὲ
2554 5256 2929 5326 ἀπεκρίνατο·
2978 5252 3071 5308 καὶ
3112 5253 3140 5306 ό
3177 5253 3434 5325 βασιλεὺς
3468 5253 3725 5307 ἀνελκυ-

432 5343 624 5413 σθῆναι
675 5344 767 5397 τὸν
814 5347 1107 5418 προφήτην
1150 5348 1352 5402 αὐτίκα
1387 5348 1666 5416 ἐκέλευσε,
1706 5352 1800 5405 καὶ
1838 5352 2003 5426 ἀθιγῆ
2044 5353 2235 5408 τοῦτον
2293 5352 2389 5407 καὶ
2446 5350 2585 5403 σῶον
2609 5348 2845 5421 βλέπων,
2871 5348 3147 5416 ἐξίστατο.
3179 5348 3726 5403 mysticae:de-

429 5456 538 5492 των
579 5436 765 5501 αὐτοῦ,
802 5440 1009 5513 τροφῆς
1048 5443 1487 5512 κεκορεσμένους
1557 5439 1699 5497 εἶναι
1742 5445 2013 5514 λεγόντων
2053 5448 2178 5511 τοῦς
2241 5445 2485 5509 λέοντας,
2533 5445 2629 5498 καὶ
2677 5444 2768 5499 διά
2790 5443 2948 5498 τοῦτο
2997 5443 3074 5516 μὴ
3116 5444 3261 5511 ϐίξαι
3307 5442 3402 5497 τοῦ
3465 5443 3719 5515 Δανιὴλ,

433 5538 673 5610 μισήσας
723 5539 922 5604 αὐτοὺς
966 5539 1066 5611 τῆς
1104 5540 1373 5609 πονηρίας
1413 5541 1440 5591 ὁ
1486 5535 1765 5608 βασιλεὺς,
1813 5540 1908 5592 καὶ
1956 5538 2019 5592 τὸ
2060 5537 2200 5592 κατὰ
2225 5537 2317 5591 τοῦ
2359 5536 2639 5609 προφήτου
2672 5537 2980 5610 μηχάνημα
3042 5537 3255 5592 καὶτὸν
3285 5538 3436 5593 δόλον
3468 5540 3724 5598 ἐκείνων

1619 5697 1825 5758 Varia:
1865 5695 2170 5761 lectiones
2217 5703 2279 5759 et
2309 5703 2498 5759 noue.

505 5821 616 5895 (76)
646 5820 774 5895 Υιρς
798 5819 912 5895 τοῦ
936 5818 1300 5895 Ἀστυάγους
1325 5817 1449 5895 fier
1475 5820 1697 5890 Μήδων
1716 5821 2013 5889 βασιλεύ-

413 5890 675 5958 σαᾶτος.
712 5891 838 5948 Haec
865 5892 1065 5947 absunt
1089 5907 1119 5945 a
1150 5891 1276 5948 cod.
1315 5890 1475 5947 Colb.

2181 5817 2295 5893 (77)
2322 5818 2627 5889 Κυαξάρη.
2653 5817 2791 5876 Cod.
2824 5818 2982 5879 Colb.
3018 5821 3318 5894 Ἀστυάγη.
