3910 6588
213 503 307 568 241
1447 504 1864 567 ANNALIUM
1906 505 2055 566 LIB.
2099 504 2213 565 IlI.

224 617 562 687 Ἀλέξανδρος
595 618 679 673 διά
707 620 769 673 τὺ
801 618 1107 694 ὀξύρροπον
1138 619 1234 674 καὶ
1277 618 1584 690 εὐκίνητον,
1620 619 1650 672 δ
1711 619 1806 672 καὶ
1878 618 1947 673 τὰ
1993 619 2173 692 πτερά
2223 619 2467 692 ἐδήλουν.
2517 621 2582 676 'H
2639 621 2700 676 δὲ
2755 622 2962 676 τούτων
3015 622 3338 692 τετρακτὺς,
3388 624 3460 676 τὰ

209 713 435 784 τέσσαρα
487 716 593 786 τῆς
621 715 952 787 οἰκουμένης
980 715 1122 788 μέρη
1158 714 1428 785 ᾐνίττετο,
1475 714 1513 770 ἃ
1565 713 1772 786 πτηνοῦ
1798 711 1981 784 διῆλθε
2018 714 2243 782 τρόπον,
2312 715 2407 770 καὶ
2471 715 2662 786 σχεδδν
2717 716 2977 772 ἁπάντων
3019 715 3348 786 ἐκράτησεν.
3388 717 3456 768 Ai

207 804 259 856 δέ
288 821 347 872 γε
372 804 642 878 τέσσαρες
703 807 942 878 κεφαλαὶ
978 806 1078 879 τὴν
1122 806 1261 878 μετὰ
1298 807 1530 861 θάνατον
1571 806 1783 860 ἐκείνου
1817 806 2087 878 διαίρεσιν
2143 807 2444 878 ἐσήμαινον
2489 808 2588 879 τῆς
2637 808 2832 879 ἀρχῆς.
2887 807 2981 871 Ei;
3009 807 3120 876 γὰρ
3179 806 3460 880 τέσσαρας

210 896 471 968 βασιλείας
494 903 529 974 ή
561 903 772 958 ἐκείνου
799 903 1124 976 ἐπικράτεια
1150 901 1376 974 διῄρητο
1403 921 1419 938 ·
1464 903 1562 958 καὶ
1583 902 1683 973 τῆς
1742 902 1844 974 μὲν
1881 901 2160 971 Αἰγύπτου
2195 903 2528 974 Πτολεμαῖος
2554 905 2583 958 ό
2611 903 2795 971 Λάγου
2825 905 3160 975 κεκράτηκε,
3190 903 3287 957 καὶ
3319 904 3368 956 oi
3399 902 3461 968 ἐξ

206 995 401 1049 ἐκείνου
449 999 615 1068 μέχρι
639 999 741 1071 τῆς
770 1000 1129 1071 Κλεοπάτρας
1161 1016 1174 1029 ·
1203 999 1304 1067 τῆς
1345 998 1400 1050 δέ
1452 1014 1516 1066 γε
1566 995 1769 1068 Συρίας
1806 997 1902 1052 καὶ
1979 997 2091 1052 τῶν
2163 998 2302 1070 αὐτῇ
2355 998 2642 1070 προσεχῶν
2694 999 2722 1052 ὁ
2777 997 3040 1061 Σέλευκος
3088 995 3410 1066 ἐκυρίευσεν
3439 1011 3456 1026 ο

217 1087 513 1156 ’Δντίγονος
542 1091 600 1146 δὲ
625 1090 725 1163 τὴν
749 1093 938 1146 Ἀσίαν
965 1090 1056 1162 ὑφ’
1083 1091 1274 1145 ἑαυτὸν
1301 1089 1600 1161 ἐποιήσατο
1630 1104 1647 1122 ο
1678 1089 1776 1159 τῆς
1815 1087 1873 1143 δὲ
1901 1088 2241 1153 Μακεδονίας
2259 1086 2425 1161 ἦρξεν
2453 1090 2832 1158 Ἀντίπατρος,
2893 1088 2969 1153 ὡς
2997 1088 3058 1143 δέ
3094 1104 3235 1152 τινες
3307 1089 3462 1141 ίστο-

3338 506 3465 569 Ξίεῖ

208 1187 404 1254 ροῦσιν,
435 1187 466 1241 ὁ
495 1187 772 1258 Ἀριδαῖος
806 1187 1036 1257 ἁδελφὸς
1061 1187 1392 1260 ἐτεροθαλὴς
1444 1188 1510 1241 ὲκ
1558 1187 1771 1257 πατρὸς
1807 1186 1886 1242 ὣν
1920 1186 2298 1257 Ἀλεξάνδρου.
2346 1187 2486 1260 Φησὶ
2528 1188 2637 1258 γὰρ
2707 1189 2735 1240 ό
2779 1187 3099 1257 Χαιρωνεὺς
3167 1187 3262 1240 τὸν
3309 1186 3453 1256 Περ·

200 1284 405 1349 δίκκαν,
438 1285 586 1355 μετὰ
613 1284 846 1340 θάνατον
887 1285 1246 1357 Ἀλεξάνδρου
1287 1286 1346 1339 ἐν
1409 1283 1644 1356 μεγίστη
1710 1282 1940 1354 δυνάμει
1981 1281 2134 1348 ὄντα,
2201 1281 2361 1348 εὐθὺς
2405 1284 2498 1337 τὸν
2545 1283 2815 1355 Ἀριδαῖον
2863 1281 3053 1354 ὥσπερ
3094 1280 3466 1352 δορυφόρημα

201 1379 470 1448 βασιλείας
523 1381 886 1449 ἐφέλκεσθαι,
925 1383 1190 1451 γεγονότα
1239 1381 1342 1452 μὲν
1395 1382 1462 1436 ὲκ
1511 1378 1772 1451 γυναικὸς
1813 1377 2004 1445 ἀδόξου
2064 1380 2157 1434 καὶ⁵
2192 1381 2400 1451 κοινῆς,
2439 1379 2604 1451 ἀτελῆ
2657 1380 2714 1434 δὲ
2750 1379 2851 1451 τὴν
2883 1379 3148 1450 φρόνησιν
3173 1378 3326 1443 ὄντα,
3395 1376 3462 1430 ού

199 1472 348 1541 φύσει
379 1471 633 1525 τοιοῦτον
681 1473 1048 1544 προαχθέντα,
1098 1473 1236 1528 ἀλλὰ
1289 1474 1392 1545 τῆς
1425 1469 1792 1542 Ὀλυμπιάδος
1830 1470 2147 1542 φαρμάκοις
2174 1471 2571 1543 διαφθειράσης
2605 1470 2875 1542 αὐτῷτὴν
2905 1471 3168 1526 διάνοιαν.
3259 1493 3262 1496 ’

262 1566 333 1624 Z'.
375 1567 487 1622 Τοῦ
519 1569 580 1623 δὲ
608 1570 876 1640 τετάρτου
922 1569 1116 1641 θηρίου
1144 1569 1284 1634 εἶδος
1313 1571 1412 1642 μὲν
1438 1570 1543 1624 οὐκ
1574 1569 1781 1639 ἐσήμα-

1952 1566 2067 1624 Vll.
2093 1565 2288 1634 Quarti
2311 1566 2568 1623 animalis
2595 1566 2829 1622 formam
2873 1581 2983 1620 non
3019 1564 3292 1636 expressit
3318 1566 3462 1620 Pro-

197 1679 277 1717 νεν
303 1663 332 1715 ό
362 1664 684 1734 προφήτης,
721 1664 959 1736 φοϐερὸν
987 1663 1034 1718 δ’
1067 1659 1189 1719 εἷπε
1218 1664 1400 1732 τοῦτο,
1431 1665 1526 1719 καὶ
1560 1664 1771 1735 ἔκθαμ-

196 1755 280 1809 δον
306 1754 613 1826 περισσῶς,
643 1755 864 1822 ὀδόντας
900 1755 1024 1829 ἕχον
1065 1758 1335 1828 μεγάλους
1365 1759 1462 1814 καὶ
1495 1757 1772 1830 σιδηροῦς,

196 1845 363 1900 ισθίον
385 1864 448 1899 τε
482 1847 584 1901 καὶ
610 1846 1006 1912 λεπτῦνον,καὶ
1031 1850 1101 1904 τά
1131 1850 1390 1906 ἐπίλοιπα
1425 1851 1772 1923 συμπατοῦν,

198 1939 283 1993 καὶ
307 1940 367 1993 τὸ
393 1939 664 2012 διάφορον
684 1942 854 1998 αὑτοῦ
877 1944 1016 2014 πρὸς
1044 1945 1112 1999 τὰ
1134 1948 1571 2018 προηγησάμενα
1603 1948 1772 2020 θηρία

198 2031 292 2103 ἔφη
319 2033 620 2104 τυγχάνειν
643 2034 800 2090 πολύ.
834 2035 899 2089 ἸΙ
917 2035 1028 2089 τῶν
1064 2036 1354 2107 Ῥωμαίων
1381 2039 1438 2092 δὲ
1461 2038 1550 2094 διὰ
1577 2039 1770 2094 τούτου

200 2124 434 2196 βασιλεία
487 2126 846 2197 σημαίνεται.
896 2128 990 2182 Διὸ
1039 2129 1165 2184 οὐδὲ
1211 2126 1351 2196 εἶδος
1394 2131 1424 2185 ὁ
1482 2135 1774 2205 προφήτης

197 2213 391 2269 τούτων
419 2215 534 2269 οὐδ’
552 2215 728 2288 ὄνομα
756 2217 928 2273 ἔθετο.
965 2221 1262 2292 Πολυειδὴς
1291 2223 1400 2295 γὰρ
1430 2226 1463 2294 ἡ
1499 2225 1610 2278 τῶν
1642 2227 1777 2280 Ῥω-

203 2303 370 2373 μαίων
421 2304 599 2378 άρχὴ,
645 2307 916 2380 πρότερον
968 2309 1069 2380 μὲν
1117 2309 1434 2381 βασιλεῦσιν
1483 2313 1771 2386 ίθυνομένη

201 2394 298 2447 ἀπὸ
343 2395 634 2466 Ῥωμύλου
661 2397 825 2470 μέχρι
864 2399 974 2454 τῶν
994 2399 1318 2473 Ταρκυνίων
1343 2419 1357 2434 ·
1389 2403 1492 2474 τῆς
1529 2403 1588 2458 δὲ
1631 2406 1776 2460 ὲκεί-

199 2502 298 2541 νων
351 2489 679 2560 τυραννίδος
721 2491 1148 2563 καταλυθείσης,
1203 2495 1773 2570 ἀριστοκρατουμένη,

197 2577 290 2645 τῆς
338 2579 656 2650 συγκλήτου
709 2578 804 2634 καὶ
852 2581 962 2636 τῶν
1018 2583 1246 2640 ὑπάτων
1299 2583 1648 2642 διοικούντων
1703 2588 1775 2642 τά

201 2667 518 2738 πράγματα.
561 2670 723 2724 Ἔστι
774 2671 823 2726 δ’
856 2671 946 2726 ὅτε
990 2673 1088 2728 καὶ
1122 2673 1645 2749 δημοκρατουμένη,
1677 2678 1774 2734 τοῦ

203 2760 365 2830 δήμου
399 2762 672 2828 πολλάκις
702 2763 839 2836 πρὸς
863 2765 964 2837 τὴν
999 2765 1310 2839 σύγκλητον
1341 2771 1738 2836 στασιάσαντος
1757 2788 1772 2807 ο

206 2851 490 2922 μετέπειτα
519 2855 567 2909 δ’
595 2855 754 2920 αὖθις
781 2858 863 2921 εἰς
896 2858 1201 2931 μοναρχίαν
1235 2862 1642 2930 μεταπεσοῦσα,
1665 2865 1777 2919 κάκ

203 2945 395 3016 ταύτης
427 2948 510 3012 είς
547 2948 828 3019 βασιλείας
856 2950 1053 3019 κλῆσιν
1087 2954 1560 3026 ὲπανακάμψασα.
1606 2957 1779 3012 Φοδε-
1809 2935 1853 2991 Β

204 3039 290 3110 ρδν
329 3040 387 3094 δὲ
431 3041 496 3096 τὸ
541 3042 732 3113 θηρίον
767 3043 862 3099 καὶ
902 3044 1181 3116 ἔκθαμδον
1220 3042 1396 3112 εἶπεν,
1429 3048 1512 3102 ὅτι
1542 3049 1782 3106 δυνατω-

204 3129 326 3202 τέρα
373 3133 483 3186 τῶν
548 3133 726 3189 ἄλλων
761 3135 1052 3206 βασιλειῶν
1096 3137 1237 3210 αὕτη
1290 3141 1624 3212 γεγένηταιο
1685 3146 1783 3200 καὶ

201 3223 297 3278 ὅσα
321 3225 354 3296 η
388 3227 756 3302 Μακεδονικὴ
785 3233 862 3302 μὴ
889 3231 1128 3301 ὑπέταξε
1153 3234 1426 3307 βασιλεία,
1459 3238 1552 3310 ὑφ’
1578 3239 1782 3314 ἑαυτὴν

207 3316 334 3390 αὕτη
370 3322 752 3396 ποιησαμένη,
784 3325 898 3396 ’τὴν¹
945 3326 1176 3383 Ἐλλάδα
1225 3329 1427 3404 δηλαδὴ
1452 3335 1658 3401 πᾶσαν,
1682 3335 1782 3407 τὴν

207 3410 533 3484 Καρχηδόνα
567 3414 666 3470 σὺν
692 3419 759 3488 τῇ
792 3418 993 3491 Δισύῃ.
1024 3419 1125 3492 τὴν
1158 3422 1430 3492 Σικελίαν,
1459 3426 1558 3499 τὴν
1593 3428 1783 3500 Σαρδώ

206 3519 260 3556 τε
306 3507 396 3559 καὶ
444 3509 655 3578 νήσους
708 3509 896 3576 άλλας,
945 3512 1039 3566 καὶ
1084 3511 1214 3586 ἔθνη
1265 3516 1502 3588 ἑσπέρια
1547 3519 1784 3593 διάφορα

207 3595 376 3670 ἕτερα,
417 3595 498 3654 ὧν
548 3601 648 3657 οὐκ
687 3597 855 3674 ἦρξεν
901 3603 1275 3677 Ἀλέξανδρος.
1321 3607 1502 3682 ’Δπερ
1533 3611 1562 3666 ό
1593 3611 1784 3683 βουλό-

213 3707 357 3760 μενος
377 3694 614 3762 γνῶναι,
629 3693 728 3760 τὰς
755 3695 972 3767 βιδλοὺς
996 3696 1396 3775 τοῦῬωμαίου
1420 3701 1624 3768 Δίωνος
1644 3705 1782 3779 (81⁸)

209 3783 526 3854 ἀναγνώτω,
557 3786 654 3841 καὶ
685 3788 754 3842 τὰ
782 3789 878 3843 τοῦ
917 3789 1184 3846 Πολυϐίου
1218 3793 1654 3867 συγγράμματα.
1685 3799 1786 3852 Φο-

209 3875 356 3947 δερδν
399 3879 458 3933 δὲ
519 3879 582 3934 τὸ
628 3879 836 3952 θηρίον,
880 3883 978 3936 καὶ
1023 3882 1324 3956 ἔκθαμδον,
1377 3889 1471 3942 καὶ
1526 3890 1782 3961 σιδηροῦς

211 3968 414 4036 ὀδόντας
449 3972 603 4044 ἕχον,
637 3973 716 4039 ὡς
742 3973 843 4044 τῆς
874 3975 986 4029 τῶν
1030 3975 1322 4048 Ῥωμαίων
1350 3981 1652 4052 ἡγεμονίας
1674 3983 1784 4040 τῶν

211 4061 374 4117 ἀλλων
410 4065 708 4136 βασιλειῶν
739 4068 968 4125 ἁπασῶν
997 4075 1447 4146 φρικωδεστέρας
1475 4079 1786 4151 γεγενημέ-

211 4172 319 4226 νης.
361 4159 468 4215 Καὶ
498 4162 562 4214 ἐν
593 4163 658 4232 τῇ
681 4163 851 4217 εικόνι
890 4164 999 4237 γὰρ
1031 4168 1098 4238 τῇ
1137 4166 1262 4222 κατ’
1281 4167 1417 4240 όναρ
1456 4171 1682 4246 ὀφθείσῃ
1708 4175 1786 4246 τῷ

1879 1659 2070 1730 pheta,
2105 1659 2201 1715 sed
2233 1658 2582 1715 formidabile
2621 1667 2678 1715 et
2709 1657 2958 1714 terribile
3012 1657 3289 1723 nominat,
3345 1671 3463 1711 ma-

1881 1751 2005 1823 gnis
2033 1751 2230 1808 ferreis
2259 1751 2521 1808 dentibus
2547 1767 2750 1808 vorans
2778 1763 2835 1807 et
2864 1751 3268 1817 eomminuens,
3287 1757 3342 1804 et
3369 1765 3460 1804 re-

1879 1847 2030 1917 liqua
2062 1847 2298 1918 pedibus
2337 1847 2693 1914 conculcans,
2735 1861 2933 1917 magno
2966 1844 3286 1900 discrimine
3316 1844 3466 1899 inter

1879 1941 2017 1997 illud
2049 1949 2104 1997 et
2132 1952 2328 1998 caetera
2352 1943 2679 1998 constituto.
2727 1941 2934 1996 Verum
2987 1937 3040 1992 i'd
3083 1937 3469 1992 Romanorum-

1877 2025 2175 2098 imperium
2200 2029 2586 2100 innuit:quod
2609 2044 2734 2084 cum
2771 2028 2845 2084 sit
2893 2027 3108 2082 varium
3170 2034 3227 2080 et
3269 2023 3466 2081 multi-

1879 2117 2078 2187 forme,
2117 2118 2392 2192 Propheta
2420 2137 2600 2192 neque
2617 2136 2819 2176 nomen
2855 2121 2996 2192 ejus,
3028 2133 3207 2189 neque
3231 2117 3470 2172 formam

1881 2213 2085 2284 posuit.
2129 2213 2266 2269 Nam
2299 2230 2332 2270 a
2372 2215 2610 2270 Romulo
2629 2230 2802 2284 usque
2834 2213 2901 2268 ad
2927 2211 3260 2281 Tarquinios
3287 2210 3462 2264 Roma

1882 2307 2109 2378 regibus
2140 2308 2369 2378 paruit:
2406 2324 2641 2380 quorum
2696 2304 2986 2380 tyrannide
3046 2317 3264 2367 eversa,
3313 2299 3460 2372 optiv-

1882 2407 2080 2465 mates,
2116 2408 2340 2454 senatus
2366 2407 2422 2454 et
2454 2400 2712 2455 consules
2769 2395 3162 2467 rempublicam
3220 2390 3464 2448 admini-

1881 2499 2147 2547 strarunt.
2193 2490 2509 2562 Aliquando
2564 2492 2732 2547 etiam
2794 2489 2863 2545 ad
2917 2485 3203 2558 popularis
3241 2481 3468 2554 imperii

1881 2584 2115 2641 formam
2141 2586 2361 2641 redacta
2391 2594 2494 2651 est,
2535 2584 2808 2640 seditione
2858 2582 3036 2653 plebis
3074 2579 3338 2635 adversus
3366 2593 3464 2647 pa-

1882 2688 2016 2744 tres,
2047 2687 2170 2748 post
2201 2678 2400 2733 iterum
2433 2677 2598 2733 unius
2641 2683 2916 2748 potestate
2967 2687 3250 2745 oppressa,
3292 2680 3348 2727 et
3391 2669 3460 2725 ad

1883 2769 2021 2842 regii
2044 2770 2284 2825 nominis
2309 2769 2735 2840 appellationem
2759 2783 2998 2823 reversa.
3030 2765 3267 2820 Bestiam
3295 2775 3465 2833 porro

1883 2861 2032 2917 illam
2068 2860 2371 2916 terribilem
2401 2870 2458 2916 et
2488 2859 2896 2914 formidabilem
2938 2864 3122 2922 vocat,
3159 2852 3308 2925 quod
3354 2853 3463 2906 Ro-

1881 2970 2104 3009 manum
2126 2953 2419 3025 imperium
2445 2953 2662 3007 caeteris
2681 2951 2964 3022 potentius
2991 2947 3225 3011 exstitit,
3250 2953 3307 3000 et
3339 2959 3464 3016 quae

1882 3047 2209 3103 Macedones
2233 3063 2342 3102 non
2374 3048 2693 3119 attigerant,
2725 3061 2788 3102 ea
2805 3060 3026 3117 quoque
3051 3043 3288 3114 subegit,
3311 3040 3465 3096 Cra:-

1883 3140 2025 3196 eiam
2060 3141 2320 3199 videlicet
2371 3143 2709 3209 universam,
2750 3141 3141 3210 Carthaginem
3192 3151 3318 3193 eum
3370 3135 3464 3189 Li-

1883 3231 1998 3298 bia,
2043 3231 2306 3300 Siciliam,
2363 3234 2697 3300 Sardiniam,
2751 3241 3088 3303 caeterasque
3138 3229 3371 3296 insulas,
3405 3237 3470 3284 et

1883 3327 2197 3395 complures
2229 3337 2420 3398 gentes
2434 3327 2826 3388 occidentales,
2846 3326 3054 3396 quibus
3080 3339 3190 3379 non
3216 3325 3460 3392 impera-

1883 3420 1966 3475 vit
1998 3420 2309 3474 Alexander
2344 3437 2358 3473 :
2393 3436 2515 3489 qua:
2545 3419 2635 3473 cui
2659 3419 2798 3474 seire
2828 3419 3011 3474 studio
3039 3427 3147 3480 est,
3194 3416 3241 3472 is
3272 3414 3464 3470 Dionis

1885 3515 2119 3570 Romani
2152 3513 2438 3586 ctPolybii
2487 3515 2631 3585 legat
2659 3514 2936 3569 historias.
2971 3513 3158 3568 Fcrrei
3188 3512 3382 3566 dentes
3410 3509 3463 3566 ei

1886 3605 2078 3662 bestiae
2105 3615 2236 3661 sunt
2266 3607 2541 3672 attributi,
2572 3606 2720 3677 quod
2767 3607 3141 3662 Romanorum
3185 3603 3464 3675 principa-

1884 3708 1976 3754 tus
2015 3698 2274 3755 omnibus
2296 3697 2421 3755 aliis
2448 3699 2698 3771 imperiis
2731 3698 3055 3754 horribilior
3083 3697 3190 3752 fuit
3228 3713 3244 3751 :
3298 3705 3465 3765 atque

1885 3795 2055 3853 etiam
2080 3794 2138 3850 in
2175 3793 2412 3865 imagine
2441 3810 2540 3864 per
2568 3794 2842 3850 somnium
2879 3792 3062 3848 oblata
3094 3789 3466 3847 Nabuchodoo

1886 3887 2096 3955 nosori,
2127 3897 2387 3959 quartum
2410 3904 2637 3959 regnum
2665 3887 2812 3944 ferro
2840 3895 3215 3957 comparatur.
3249 3883 3470 3941 Ferreis

1884 3997 2053 4055 porro
2072 3981 2333 4037 dentibus
2363 3981 2530 4038 edere
2553 3991 2610 4037 et
2643 3981 3022 4036 comminuere
3052 3981 3284 4035 bestiam
3303 3979 3464 4042 dixit,

1884 4083 1942 4130 et
1970 4073 2180 4143 reliqua
2218 4073 2544 4128 coneulcare
2583 4072 2819 4143 pedibus
2848 4090 2862 4126 :
2895 4087 3129 4142 quorum
3179 4071 3366 4142 priora
3398 4072 3467 4125 ad

1888 4165 2228 4222 tributorum
2261 4165 2605 4220 exactionem
2647 4163 2984 4229 referuntur,
3021 4163 3330 4234 graviorem
3358 4178 3465 4218 cae—

213 4247 815 4344 Ῐβασουχοδονότορηὺν
865 4254 1087 4327 σίδηρον
1122 4258 1340 4313 τέθεικε
1377 4263 1478 4330 τῆς
1511 4265 1781 4338 τετάρτης

1889 4259 2042 4324 teris,
2069 4258 2275 4329 quibus
2299 4271 2456 4330 reges
2483 4258 2728 4321 aluntur,
2751 4270 2806 4312 et
2831 4257 3232 4326 saginantur,et
3260 4255 3468 4311 subditi

219 4337 488 4408 βασιλείας
545 4345 860 4418 εἰκόνισμα.
921 4349 1051 4413 Τοῖς
1109 4349 1202 4404 οῦν
1263 4352 1508 4425 σιδηροῖς
1569 4337 1786 4412 ὀδοῦσιν

215 4431 406 4489 ἐσθίειν
428 4436 494 4490 τὸ
525 4436 716 4508 θηρίον
743 4434 892 4503 εἷπε,
920 4443 1018 4495 καὶ
1064 4441 1373 4510 λεπτύνειν,
1402 4450 1496 4501 καὶ
1521 4453 1591 4504 τὰ
1619 4451 1786 4507 λοιπὰ

219 4531 520 4596 ωμπατεῖν
547 4532 662 4593 τοῖς
690 4531 838 4586 ποσί.
866 4532 940 4584 Τὸ
965 4533 1066 4604 μὲν
1097 4534 1191 4588 οῦν
1222 4536 1432 4591 ἐσθίειν
1459 4541 1554 4594 καὶ
1588 4541 1788 4598 λεπτύ-

217 4629 320 4668 νειν
348 4618 427 4681 είς
475 4617 580 4688 τὴν
625 4619 736 4672 τῶν
769 4620 996 4691 δασμῶν
1028 4621 1347 4694 ὲξείληπται
1391 4629 1677 4702 εἰσφορὰν,
1708 4635 1786 4700 ὡς

218 4704 532 4782 βαρυτέρων
574 4714 689 4776 τοῖς
741 4713 1008 4783 ὑπηκόοις
1057 4715 1245 4790 φόρων
1291 4719 1683 4792 ὲπιτεθέντων,
1734 4729 1786 4783 οῖ

217 4801 331 4864 τοὺς
361 4801 752 4872 βασιλεύοντας
785 4807 1048 4876 τρέφουσι
1088 4810 1184 4863 καὶ
1231 4812 1534 4877 πιαίνουσι,
1569 4819 1698 4882 τοὺς
1729 4820 1786 4874 δὲ

219 4893 711 4965 εἰσπραττομένους
756 4897 957 4960 αὐτοὺς
1013 4899 1406 4958 ὲκλεπτύνουσι
1461 4909 1789 4979 πενητεύον-

216 4999 326 5047 τας.
358 4986 420 5040 Οἳ
450 4988 510 5040 δὲ
539 4987 906 5062 δασμοφορεῖν
936 4991 1039 5045 οῦκ
1080 4993 1384 5065 ἠνείχοντο,
1432 4999 1532 5069 τῆς
1571 5001 1788 5056 ἐλευθεο

224 5077 334 5145 ρίας
360 5082 825 5152 ἀντιποιούμενοι,
849 5084 1076 5150 τούτους
1097 5091 1210 5152 τοῖς
1237 5093 1366 5144 ποσὶ
1401 5094 1697 5149 συνεπάτει
1725 5101 1787 5150 τὸ

221 5167 417 5240 θηρίον,
441 5174 539 5229 καὶ
572 5174 928 5246 ἐξωλόθρευε.
955 5179 1056 5233 Διὰ
1089 5180 1200 5233 τῶν
1229 5183 1406 5237 ποδῶν
1438 5184 1496 5238 δὲ
1527 5187 1589 5240 τὸ
1621 5205 1794 5260 στρα-

220 5262 462 5316 τιωτικὸν
513 5263 916 5331 ὑπαινίττεται,
948 5267 1022 5333 ὡς
1071 5271 1130 5323 ἐν
1163 5271 1340 5343 τούτῳ
1368 5273 1471 5343 τῆς
1505 5276 1789 5346 βασιλείας

1886 4359 2310 4407 attenuanturet
2329 4352 2396 4405 ad
2415 4358 2712 4422 egestatem
2728 4350 3067 4420 rediguntur.
3090 4347 3193 4414 Qui
3211 4363 3343 4404 vero
3368 4350 3469 4402 tri-

1888 4445 2022 4501 buta
2050 4445 2466 4510 detrectabant,
2507 4453 2564 4500 et
2593 4443 2902 4499 libertatem
2943 4441 3348 4508 defendebant,
3375 4457 3472 4497 eos

1887 4535 2247 4591 coneuleabat
2263 4535 2438 4591 bestia
2449 4576 2462 4599 ,
2484 4543 2539 4590 et
2554 4534 2972 4590 exterminabat.
2987 4534 3092 4589 Per
3106 4533 3273 4604 pedes
3288 4545 3467 4591 autem

1890 4625 2275 4698 intelliguntur
2290 4627 2586 4687 exercitus.
2613 4627 2890 4697 utquibus
2911 4642 3139 4697 regnum
3172 4627 3388 4682 insistat
3417 4638 3473 4683 et

1889 4717 2178 4783 innitatur,
2199 4728 2254 4773 et
2276 4717 2344 4773 ab
2367 4718 2492 4774 aliis
2507 4719 2575 4773 ad
2607 4719 2709 4773 alia
2739 4719 2898 4788 128
2917 4727 3177 4774 transeat.
3200 4704 3469 4776 Prmterea

1890 4812 2082 4865 decem
2097 4825 2303 4865 cornua
2326 4810 2540 4875 bestiae,
2575 4809 2908 4880 significant,
2941 4809 2996 4865 id
3035 4810 3330 4880 imperium
3363 4810 3472 4884 ρο·

1889 4905 2113 4960 stremis
2131 4905 2470 4974 temporibus
2501 4904 2554 4958 in
2585 4904 2756 4958 multa
2778 4919 2895 4959 esse
2911 4919 3076 4974 regna
3087 4903 3470 4963 dividendum.

1890 4997 1952 5052 In
1995 4997 2179 5052 medio
2218 5013 2386 5067 porro
2429 4998 2619 5053 decem
2664 5013 2958 5064 cornuum,
2990 5014 3220 5068 parvum
3247 5002 3471 5070 prodire

1891 5105 2090 5156 cornu,
2118 5105 2229 5161 quo
2260 5091 2361 5144 tria
2384 5090 2488 5144 alia
2526 5105 2732 5147 cornua
2761 5091 3136 5162 exstirpentur
3159 5109 3171 5146 :
3197 5101 3253 5149 et
3281 5095 3472 5150 oculos

1891 5183 2097 5239 habere
2120 5197 2292 5238 cornu
2322 5182 2481 5246 illud,
2509 5191 2566 5237 et
2591 5198 2654 5237 os
2681 5185 3096 5254 Inagniloquum
3119 5193 3180 5241 et-
3199 5185 3460 5240 infestum

1891 5276 2115 5332 sanctis.
2161 5275 2277 5330 Hoc
2297 5290 2471 5330 cornu
2504 5275 2726 5345 quidam
2759 5277 3162 5332 Antichristum
3195 5279 3471 5346 interpre-

223 5350 564 5426 ὲρειδομένης
598 5358 692 5411 καὶ
727 5359 1051 5432 βεϐηκυίας,
1079 5363 1174 5418 καὶ
1205 5363 1265 5429 ἐξ
1294 5367 1499 5437 ἐτέρων
1524 5371 1781 5439 μεταϐαι-

1894 5377 2114 5434 tantur;
2137 5383 2366 5438 parvum
2397 5377 2580 5422 autem
2599 5377 2852 5434 vocatur,
2876 5370 3021 5440 quod
3051 5385 3119 5426 ex
3141 5384 3306 5440 parva
3325 5369 3471 5423 tribu

225 5441 411 5532 νούσης
458 5447 538 5511 εἰς
577 5447 763 5520 ἕτερα.
807 5451 922 5504 Καὶ
950 5452 1159 5524 κέρατα
1210 5454 1256 5508 δ’
1291 5450 1435 5510 εἶναι
1477 5459 1558 5530 τῷ
1610 5459 1781 5532 θηρίῳ

1895 5461 2254 5517 Hebraeorum
2286 5461 2362 5514 sit
2387 5461 2696 5527 oriturum,
2727 5470 2784 5516 et
2809 5471 2919 5518 tres
2944 5462 3014 5517 de
3035 5461 3225 5516 decem
3251 5461 3470 5530 regibus

225 5530 346 5588 δίκα
378 5537 565 5606 φησιν,
598 5539 978 5610 ύπεμφαίνων,
1011 5542 1088 5605 ὡς
1135 5547 1216 5606 είς
1251 5545 1455 5609 πολλὰς
1487 5530 1781 5619 ἡγεμονίας

1893 5565 2241 5605 eversurum.
2265 5551 2370 5605 Per
2394 5552 2610 5615 oculos,
2638 5553 3048 5621 improbitatem
3079 5552 3219 5620 ejus,
3275 5562 3332 5604 et
3362 5552 3473 5605 eal-

226 5622 305 5677 ἔπ’
333 5628 578 5698 ἐσχάτων
621 5632 652 5683 +
705 5632 951 5701 βασιλεία
1003 5633 1435 5708 διαιρεθήσεται.
1495 5639 1584 5693 Ἐν
1638 5642 1781 5712 μέσῳ

1895 5642 2167 5697 liditatem
2197 5642 2402 5708 innuit,
2434 5643 2640 5713 quibus
2698 5645 2901 5700 multos
2961 5646 3032 5700 sit
3084 5644 3468 5702 seducturum.

1405 5761 1614 5822 Variae
1645 5762 1956 5826 lectiones
1998 5768 2063 5826 et
2103 5771 2293 5827 notae.

295 5850 424 5940 (81;)
459 5855 568 5938 Τάς
615 5857 875 5940 βζᾷξίους
913 5861 1020 5940 τοῦ
1063 5862 1364 5940 Ἰξωμαίου-
1393 5865 1634 5940 άίωνος.
1660 5865 1781 5918 Dio-

1899 5882 2009 5940 non
2065 5875 2127 5921 ut
2177 5869 2342 5923 hodie
2389 5877 2587 5930 exstat,
2621 5867 2852 5924 maxima
2895 5866 2978 5924 sui
3019 5875 3174 5937 parte
3215 5867 3475 5924 mutilum

233 5934 349 6009 {rem
381 5923 627 6005 Cassium
671 5923 912 6009 Nicaeum
956 5923 1367 6009 intelligit,_qui
1414 5923 1789 6009 Romanorum
1900 5939 2135 6006 vidit,.et
2167 5956 2309 6009 sa-pe
2341 5923 2624 5994 exscribit.

237 5989 514 6055 Historiam
543 6001 895 6074 conscripsit,
928 6011 983 6061 ct
1023 5989 1186 6075 quet'n
1221 5989 1467 6067 Zonaras
1491 6005 1794 6078 integrum,
