3878 6586
377 485 484 548 943

1649 563 1708 594 ί

1719 476 2038 542 JOANNIS
2079 476 2402 538 ZONAB/E

3547 472 3655 536 ιιι

379 606 484 660 Per
530 617 593 660 os
649 603 1086 672 magniloquum,
1139 601 1269 672 ejus
1319 593 1657 671 arrogantia.
1699 606 1757 653 et
1796 594 1966 651 animi

2079 593 2128 650 δὲ
2151 595 2258 649 τῶν
2289 595 2425 650 δέκα
2459 595 2655 666 μικρὸν
2681 595 2890 650 ἀνιέναι
2926 601 3119 666 κέρας,
3151 596 3246 648 καὶ
3280 594 3657 667 ὲκριζωθῆραι

376 695 547 752 elatio
582 697 920 752 declaratur.
951 696 1072 752 Jam
1107 695 1235 751 belli
1257 693 1530 749 adversus
1573 701 1794 748 sanctos
1843 706 1968 746 sus-

377 788 563 859 ceptio
619 789 824 860 arguit,
873 803 1039 843 omne
1093 788 1343 843 studium
1385 785 1766 842 adhibituram
1822 799 1968 847 esse.

382 891 444 936 ut
483 895 677 936 omnes
700 879 770 936 ad
791 895 907 938 suae
941 877 1316 948 improbitatis
1339 885 1396 932 et
1431 875 1789 946 blasphemiae
1817 890 1970 930 com-

380 975 702 1030 munionem
741 973 1048 1044 pertrahat.
1100 971 1505 1042 BlaSphemiam
1558 987 1726 1042 pcrro
1773 982 1969 1027 contra

381 1067 554 1126 Deum
594 1066 686 1122 illa
717 1075 980 1136 arguunt,
1015 1080 1140 1120 cum
1163 1065 1242 1120 ait
1270 1085 1282 1119 :
1309 1063 1379 1118 In
1419 1064 1643 1118 sublime
1674 1064 1830 1120 verba
1879 1066 1970 1135 [a—

380 1160 501 1214 ciet.
535 1159 635 1216 llis
657 1160 930 1230 propheta
961 1159 1188 1229 subjicit
1215 1176 1228 1211 :
1265 1159 1604 1229 Spectabam.
1632 1159 1796 1216 donec
1823 1160 1971 1215 sellis

378 1253 580 1322 positis.
612 1251 878 1322 longaevus
908 1253 1246 1317 consedisset,
1279 1255 1430 1324 cujus
1468 1255 1624 1308 vestis
1664 1262 1781 1308 erat
1817 1253 1972 1308 niveo

380 1342 628 1410 candore,
653 1341 879 1412 capillus
904 1345 1078 1398 instar
1096 1361 1244 1415 pura:
1267 1343 1430 1411 laute,
1470 1345 1616 1399 sedes
1662 1355 1718 1400 ut
1747 1347 1972 1417 flamma

379 1434 538 1502 ignis,
582 1442 712 1486 rom
737 1433 850 1503 ejus
877 1435 1011 1505 ignis
1035 1436 1367 1500 comburens,
1391 1438 1580 1508 ﬂuvius
1617 1437 1814 1506 ignitus
1847 1445 1975 1492 ante

382 1539 501 1590 eum
525 1541 753 1579 manans
775 1525 1114 1582 evolvebatur
1145 1529 1347 1583 :dccies
1372 1537 1593 1583 centena
1617 1528 1788 1583 millia
1814 1529 1976 1586 mini-

376 1613 622 1681 strabant
640 1615 710 1679 ei,
734 1627 783 1670 et
801 1617 992 1672 millies
1011 1627 1233 1676 centena
1267 1622 1437 1674 millia
1479 1621 1976 1691 astabantei,judt'-

381 1704 562 1775 cioque
585 1715 762 1760 coacta
782 1706 905 1760 libri
922 1710 1095 1779 aperti
1115 1718 1256 1764 sunt.
1275 1709 1407 1777 Quae
1421 1709 1589 1783 igitur
1605 1725 1776 1766 cornu
1791 1711 1974 1768 facere

383 1795 614 1862 dicitur,
639 1813 704 1854 ea
732 1815 840 1855 non
873 1799 968 1856 diu
1001 1816 1122 1858 esse
1144 1801 1434 1870 duratura,
1463 1812 1834 1861 monstratum
1891 1815 1975 1860 est

382 1889 595 1946 Dauicli
631 1909 643 1944 ε
676 1892 774 1947 sed
814 1893 992 1950 donec
1045 1893 1327 1964 longzevus
1375 1897 1649 1968 judicium
1703 1899 1967 1969 coegerit,

383 1980 490 2037 hoc
519 1992 623 2049 est,
650 1983 844 2055 judicii
879 1995 1096 2056 tempus
1133 1969 1410 2054 statuerit,
1442 1999 1498 2044 et
1524 1989 1670 2045 facta
1705 1991 1972 2062 cujusque
2001 1971 2048 2031 Β

383 2076 658 2131 memoria
707 2077 1020 2147 repetierit.
1081 2078 1542 2136 Recordationem
1577 2082 1753 2148 enim,
1799 2081 1974 2140 libros

383 2175 546 2226 vocat
583 2185 596 2221 :
631 2176 685 2224 et
705 2168 1036 2239 longrevum,
1062 2187 1188 2226 eum
1210 2173 1304 2242 qui
1332 2181 1574 2229 mternus
1602 2185 1687 2230 est
1719 2191 1733 2228 :
1766 2176 1975 2232 candor

383 2268 569 2324 autem
600 2261 928 2330 capillorum
964 2272 1020 2317 et
1055 2265 1247 2332 vestis,
1302 2266 1598 2336 puritatem
1633 2269 1755 2340 ejus
1791 2281 1846 2325 et
1889 2270 1975 2325 iu-

385 2351 696 2424 tcgritatent
725 2354 992 2410 ostendit.
1033 2356 1104 2413 Ut
1132 2367 1319 2415 autem
1355 2361 1629 2431 signiticet
1669 2377 1734 2418 ea
1761 2379 1882 2435 quae
1905 2362 1974 2420 ab

385 2443 734 2502 Antichristo
755 2456 1009 2518 agentur,
1045 2449 1156 2504 Deo
1217 2452 1550 2508 connivente
1610 2465 1795 2510 aetum
1858 2456 1972 2511 iri:

387 2550 498 2603 non
525 2552 657 2592 vero
683 2537 780 2604 ita,
802 2540 959 2611 quasi
991 2557 1022 2595 a
1062 2541 1248 2599 divina
1300 2546 1545 2614 potentia
1583 2547 1669 2601 vel
1698 2549 1978 2616 coerceri,

388 2626 474 2681 vel
503 2641 571 2681 ne
603 2643 830 2697 prorsus
859 2647 969 2685 non
994 2627 1211 2700 ﬁerent',
1244 2635 1527 2704 prohiberi
1557 2654 1668 2693 non
1700 2653 1933 2710 possent
1961 2657 1973 2694 :

387 2723 577 2778 decies
589 2732 822 2781 centena
845 2727 1016 2782 millia
1037 2729 1444 2800 ministrorum,
1466 2733 1731 2789 etmillies
1749 2744 1977 2792 centena

392 2817 564 2872 millia
597 2819 972 2890 apparitorum
1000 2834 1424 2890 commemorat,
1445 2835 1501 2881 et
1529 2827 1719 2883 sellam
1742 2827 1976 2900 igneam,

391 2910 820 2984 consimilesque
829 2924 1004 2980 rotas,
1023 2925 1080 2970 et
1098 2915 1626 2975 ﬂuviumardentcm
1647 2939 1661 2975 :
1683 2925 1983 2992 spectavit-

391 3017 500 3070 que
517 3001 695 3059 donec
713 3003 888 3061 bestia
909 3007 1218 3076 tolleretur,
1233 3019 1290 3064 et
1309 3027 1511 3082 corpus
1523 3013 1765 3085 ejusigni
1779 3016 1983 3072 conﬂa-

392 3105 600 3165 graret.
621 3097 754 3154 Nam
778 3100 849 3156 ob
868 3101 1108 3159 furorem
1123 3105 1471 3173 Antichristi,
1494 3116 1666 3163 totum
1687 3109 1756 3164 ab
1773 3125 1840 3166 eo
1859 3126 1983 3181 reg-

391 3204 527 3243 num
546 3190 1071 3266 aufereturztteque
1091 3196 1204 3266 ipsa
1225 3196 1399 3252 bestia
1425 3198 1534 3269 igni
1571 3199 1842 3266 tradetur,
1886 3201 1981 3258 sed

391 3299 597 3354 corpus
618 3287 756 3356 ejus.
773 3287 909 3343 Nam
927 3305 1052 3345 cum
1067 3290 1241 3347 bestia
1275 3308 1501 3364 regnum
1532 3295 1746 3361 innuat,
1776 3297 1980 3368 proba-
2005 3273 2051 3338 (ἶ

392 3374 501 3429 bile
523 3377 678 3432 estin
699 3394 767 3433 eo
787 3379 905 3436 fore
928 3382 1130 3436 multos
1149 3383 1243 3452 qui
1277 3384 1448 3440 Deum
1472 3388 1677 3453 colant,
1701 3396 1756 3442 et
1787 3388 1980 3443 virtuti

390 3469 670 3528 studeant.
685 3472 805 3529 Non
823 3489 918 3530 eos
934 3477 1094 3549 129
1107 3479 1274 3550 igitur
1289 3479 1744 3550 conﬂagraturos,
1759 3481 1854 3536 sed
1869 3497 1986 3536 ma-

393 3562 604 3626 h'licos,
623 3571 680 3618 et
700 3569 951 3636 corporis
969 3569 1348 3640 voluptatibus
1365 3556 1588 3628 assidue
1609 3573 1845 3639 deditos,
1871 3575 1984 3642 spi-

393 3655 534 3710 ritus
547 3673 776 3728 prorsus
794 3661 1151 3732 negligentes.
1172 3663 1305 3720 Post
1321 3663 1602 3721 interitum
1622 3665 1832 3729 bestiae.
1852 3667 1984 3722 Pro-

391 3749 556 3816 pheta
580 3749 679 3816 ait,
709 3766 768 3806 se
796 3755 1091 3824 quemdam
1126 3756 1331 3812 vidisse
1365 3767 1622 3828 tanquam
1647 3757 1846 3814 Filium
1878 3759 1974 3814 ho.

394 3841 562 3897 minis
583 3842 639 3898 in
669 3843 912 3902 nubibus
939 3848 1276 3914 venientem,
1299 3861 1354 3905 et
1386 3867 1561 3922 usque
1582 3852 1649 3908 ad
1676 3853 1980 3923 longmvum

396 3949 769 4004 progressum,
793 3941 880 3992 cui
907 3938 1097 3994 datum
1130 3941 1203 3996 sit
1234 3943 1549 4012 imperium,
1583 3945 1761 4000 honos
1793 3955 1849 4000 et
1894 3961 1985 4002 rc-

393 4042 586 4094 gnum,
650 4030 882 4102 ejusque
947 4034 1206 4089 servituti
1242 4037 1478 4105 subjecti
1533 4039 1721 4107 populi
1767 4053 1982 4105 omnes,

393 4120 598 4190 linguae
621 4129 675 4177 et
704 4123 883 4180 tribus
913 4143 927 4181 :
954 4137 1013 4181 et
1042 4137 1370 4197 potestatem
1401 4132 1523 4201 ejus
1542 4140 1806 4186 aeternam
1843 4133 1981 4200 fore,

394 4227 504 4266 non
537 4215 968 4283 praeterituram,
1007 4234 1109 4273 nec
1158 4235 1388 4291 regnum
1424 4223 1546 4291 ejus
1599 4221 1980 4282 interiturum.

392 4304 520 4360 Hac
545 4318 733 4377 aperte
764 4310 1071 4366 secundum
1095 4312 1393 4367 adventum
1445 4315 1762 4372 Servatoris
1806 4320 1983 4375 nostri

391 4397 520 4454 Jesu
564 4399 772 4457 Christi
805 4404 1202 4473 praenuntiant.
1239 4405 1411 4461 Filius
1441 4407 1590 4462 enim
1624 4409 1867 4466 hominis
1900 4411 1983 4466 di-

2070 691 2179 744 τῶν
2210 693 2461 764 κεράτων
2485 691 2613 762 τρία
2644 691 2777 762 παρ’
2805 689 2992 756 αὑτοῦ,
3026 690 3122 744 καὶ
3145 688 3468 760 ὀφθαλμοὺς
3507 691 3658 759 ἔχειν

2068 783 2248 838 ἐκεῖνο
2301 784 2362 838 τὸ
2411 786 2604 856 κέρας,
2645 787 2740 839 καλ⁵
2790 785 2972 855 στόμα
3022 783 3223 838 λαλοῦν
3275 783 3508 854 μεγάλα,
3562 783 3660 837 καὶ

2070 877 2331 946 πολεμεῖν
2359 879 2473 942 τοῖς
2505 877 2705 946 ἁγίοις.
2738 876 2912 932 Τοῦτο
2939 878 3002 931 τὸ
3026 877 3194 950 κέρας
3230 879 3312 942 είς
3344 877 3438 932 τὸν
3480 877 3662 932 Ἀντί-

2069 989 2293 1044 χριστον
2334 971 2660 1043 ὲξειλήφασί
2721 989 2892 1036 τινες.
2942 971 3162 1044 Μικρὸν
3221 971 3265 1025 δ’
3296 973 3542 1050 ἐκλήθη,
3583 972 3662 1035 ὡς

2071 1065 2180 1118 ἀπὸ
2205 1067 2411 1136 μικρᾶς
2437 1065 2616 1135 φυλῆς
2638 1065 2750 1119 τῶν
2790 1065 3062 1138 Ἐϐραίων
3088 1065 3303 1137 μέλλων
3328 1065 3663 1136 φυήσεσθαι,

2070 1157 2223 1228 τρεῖς
2263 1155 2321 1210 δὲ
2354 1156 2464 1210 τῶν
2505 1156 2641 1211 δέκα
2675 1155 2945 1226 βασιλέων
2981 1157 3303 1211 καταλύσει.
3340 1155 3440 1210 Διά
3465 1156 3523 1210 δὲ
3551 1155 3665 1209 τῶν

2069 1249 2372 1322 ὀφθαλμῶν
2413 1251 2515 1320 τήν
2565 1251 2836 1322 πονηρίαν
2876 1249 3044 1304 αὑτοῦ
3097 1251 3192 1304 καλ.
3247 1247 3308 1304 τὸ
3342 1248 3666 1320 πανοῦργον

2073 1345 2318 1417 ᾐνίξατο,
2363 1345 2440 1408 ὡς
2489 1345 2578 1398 διὰ
2611 1344 2819 1400 τούτων
2860 1345 3210 1416 ὲξαπατῆσον
3251 1341 3507 1406 πολλούς.
3561 1342 3668 1396 Διὰ

2071 1437 2130 1490 δὲ
2160 1435 2253 1490 τοῦ
2300 1435 2517 1507 μεγάλα
2542 1435 2834 1496 λαλοῦντος
2870 1435 3166 1505 στόματος,
3209 1433 3308 1505 τὴν
3341 1433 3671 1498 ἀλαζονείαν

2071 1531 2240 1586 αὐτοῦ
2263 1531 2360 1586 καὶ
2384 1530 2444 1584 τὸ
2470 1531 2782 1603 ἐπῃρμένον
2811 1529 3124 1600 ὑπενέφηνε
3157 1527 3252 1581 τοῦ
3285 1528 3673 1598 φρονήματος.

2076 1623 2149 1680 Τὸ
2183 1622 2240 1676 δὲ
2264 1622 2501 1692 πόλεμον
2528 1620 2670 1692 μετὰ
2691 1619 2802 1673 τῶν
2829 1619 3004 1688 ἁγίων
3032 1621 3230 1684 ποιεῖν,
3264 1618 3326 1672 τὺ
3361 1619 3546 1672 πᾶσαν
3580 1619 3677 1671 ὲν·-

2075 1715 2354 1781 δείξασθαι
2405 1713 2648 1784 σπουδήν
2699 1711 2873 1783 δηλοῖ,
2924 1711 3027 1781 τῆς
3071 1709 3282 1775 οἰκείας
3329 1710 3530 1773 κακίας
3573 1709 3678 1762 καὶ

2081 1806 2436 1880 βλασφημίας
2465 1803 2715 1868 ἅπαντας
2745 1803 2930 1858 λαϐεῖν
2958 1802 3274 1867 κοινωνούς.
3300 1803 3410 1872 Τῆς
3432 1802 3490 1856 δὲ
3522 1801 3675 1855 κατὰ

2078 1897 2174 1954 τοῦ
2214 1897 2351 1952 Θεοῦ
2378 1897 2735 1968 βλασφημίας
2779 1895 2994 1949 ἐκείνου
3033 1894 3392 1965 ἐμφαντικὸν,
3423 1893 3524 1949 τό·
3559 1895 3682 1948 Λό-

2076 2009 2220 2064 γους
2239 1992 2326 2056 εἷς
2363 1989 2430 2043 τὸ
2461 1990 2620 2060 ὕψος
2641 1988 2924 2054 λαλήσει.
2981 1988 3106 2040 Ἐπὶ
3132 1986 3348 2051 τούτοις
3386 1989 3415 2041 ὁ
3450 1991 3680 2057 προφή-

2075 2101 2175 2154 της
2223 2083 2528 2154 ἐπήγαγενο
2581 2080 2913 2152 Ἐθεώρουν
2955 2081 3067 2147 ἕως
3105 2077 3178 2138 οὗ
3211 2082 3413 2148 θρόνοι
3459 2081 3678 2148 ἐτέθη-

2077 2192 2219 2248 σαν,
2252 2175 2350 2230 καί
2390 2173 2651 2242 παλαιὸς
2702 2173 2942 2243 ἡμερῶν
2990 2173 3262 2238 ἐκάθισε,
3307 2173 3406 2230 καὶ
3455 2175 3524 2228 τὸ
3576 2171 3684 2225 ἕνε-

2077 2272 2240 2342 δυμα
2291 2269 2482 2326 αὑτοῦ
2534 2269 2762 2330 λευκὸν
2789 2267 2933 2322 ὡσεί
2965 2268 3137 2338 χιὼν,
3163 2267 3263 2322 καί
3297 2267 3335 2335 ἠ
3388 2266 3521 2336 θρίξ
3559 2266 3680 2333 τῆς

2077 2363 2356 2435 κεφαλῆς
2403 2362 2593 2418 αὑτοῦ
2642 2362 2786 2417 ὡσεί
2829 2362 2996 2429 ἔριον
3039 2361 3330 2430 καθαρὸν,
3377 2363 3409 2413 ό
3455 2359 3682 2426 θρόνος

2079 2456 2268 2530 αὐτοῦ
2298 2457 2378 2524 ὡς
2410 2454 2571 2526 φλὸξ
2595 2456 2808 2524 πυρὸς,
2843 2457 2896 2509 οἱ
2934 2453 3137 2522 τροχοὶ
3166 2453 3353 2512 αὐτοῦ
3381 2451 3502 2520 πῦρ
3523 2449 3681 2521 φλέ-

2081 2571 2208 2623 γον,
2253 2549 2521 2619 ποταμὸς
2577 2550 2766 2617 πυρὸς
2805 2543 3012 2608 εἷλκεν
3053 2547 3535 2615 ἐκπορευόμενος
3571 2545 3683 2614 ἐμ-

2081 2650 2351 2717 προσθεν
2387 2642 2578 2698 αὐτοῦ
2627 2642 2766 2713 (82),
2814 2641 3004 2710 χίλιαι
3052 2639 3323 2709 χιλιάδες
3369 2637 3682 2704 ἐλειτούρ-

2082 2757 2232 2810 γουν
2254 2736 2437 2803 αὐτῷ,
2465 2735 2568 2794 καί
2596 2736 2802 2805 μύριαι
2834 2732 3128 2806 μυριάδες
3156 2730 3680 2800 παρειστήκεισαν

2082 2833 2264 2900 αὐτῷ.
2305 2832 2607 2903 Κριτήριον
2639 2828 2883 2892 ἐκάθισε,
2920 2829 3014 2882 καὶ
3067 2826 3239 2898 βίϐλοι
3288 2824 3675 2896 ἀνεῴχθησαν.

2091 2931 2158 2984 Ἀ
2192 2931 2290 2998 μὶν
2315 2922 2410 2980 οῦν
2434 2923 2654 2996 εἴρηται
2677 2920 2866 2978 ποιοῦν
2894 2921 2956 2975 τὸ
2981 2922 3171 2990 κέρας,
3197 2920 3298 2973 οὐκ
3324 2918 3419 2971 ἐπὶ
3457 2915 3679 2988 μακρὸν

2083 3018 2400 3090 διαρκέσειν
2453 3011 2668 3083 ἐδείχθη
2721 3009 2802 3082 τῷ
2835 3010 3080 3080 Δανιήλ⁹
3117 3009 3222 3072 ἕως
3258 3008 3317 3062 δὲ
3367 3008 3396 3062 ὁ
3447 3005 3679 3070 αίώνιος

2087 3113 2374 3183 κριτήριον
2395 3106 2671 3172 ἐκάθισεν,
2688 3103 2814 3160 ἀντὶ
2841 3103 2960 3164 τοῦ.
2980 3102 3214 3170 κρίσεως
3237 3099 3430 3170 καιρὸν
3451 3098 3682 3168 ἔστησε,

2090 3206 2186 3260 καὶ
2215 3205 2314 3274 τήν
2345 3203 2568 3274 μνήμην
2597 3199 2705 3255 τῶν
2735 3197 2954 3268 ἑκάστῳ
2991 3193 3404 3268 πεπραγμένων
3433 3191 3681 3245 ἀνέπτυ-

2083 3298 2164 3364 Es.
2214 3295 2442 3357 Βίϐλους
2471 3292 2582 3362 γὰρ
2618 3289 2720 3354 τὰς
2769 3288 3111 3358 ἀναμνήσεις
3141 3282 3404 3340 ἐκάλεσεν
3435 3281 3532 3336 καὶ
3563 3281 3683 3334 Πα-

2081 3390 2236 3448 λαιὸν
2292 3385 2543 3459 ἡμερῶν,
2594 3383 2688 3436 τὸν
2739 3381 2984 3438 αἰώνιον.
3034 3380 3098 3434 Ἦ
3151 3378 3210 3431 δὲ
3249 3377 3516 3448 λευκότης
3561 3375 3681 3430 τῶν

2084 3481 2290 3553 τριχῶν
2327 3480 2422 3532 καὶ
2465 3477 2560 3532 τοῦ
2585 3475 2910 3546 ἐνδύματος,
2946 3473 3006 3526 τὸ
3055 3471 3297 3542 καθαρὸν
3324 3471 3493 3522 αὑτοῦ
3536 3487 3678 3522 παν-

2084 3575 2317 3647 ταχόθεν
2354 3573 2451 3628 καὶ
2487 3573 2724 3642 ἄμωμον
2763 3568 3063 3624 δείκνυσιν.
3091 3567 3208 3620 Ἵνα
3241 3565 3301 3619 δὲ
3349 3565 3493 3620 κατὰ
3541 3581 3686 3631 συγ-

2085 3670 2329 3742 χώρησιν
2365 3666 2502 3720 Θεοῦ
2548 3664 2702 3738 δείξῃ
2743 3661 3075 3734 γενήσεσθαι
3103 3659 3173 3714 τὰ
3208 3658 3360 3729 παρᾶ
3406 3657 3502 3712 τοῦ
3553 3657 3686 3710 ’Λν-

2082 3764 2368 3835 ,τιχρίστου
2417 3760 2681 3832 ἐσόμενα,
2728 3759 2824 3815 καὶ
2873 3758 2974 3828 οὐχ
3017 3757 3092 3818 ὼς
3142 3753 3519 3825 ἀδυνατούσης
3573 3753 3686 3821 τῆς

2085 3856 2238 3919 Θείας
2293 3855 2513 3923 φύσεως
2561 3851 2736 3906 ταῦτα
2782 3852 3012 3912 παῦσαι.
3059 3849 3094 3920 ἢ
3149 3848 3288 3920 μηδὲ
3331 3847 3435 3919 τὴν
3491 3847 3685 3918 ἀρχὴν

2083 3948 2444 4021 συγχωρῆσαι
2482 3945 2760 4014 γενέσθαι,
2794 3947 2893 4007 τὰς
2924 3944 3105 4014 χιλίας
3136 3942 3386 4014 χιλιάδας
3416 3942 3528 3994 τῶν
3568 3943 3691 3994 λει-

2085 4041 2352 4114 τουργῶν,
2390 4039 2486 4092 καὶ⁵
2520 4037 2619 4101 τὰς
2648 4036 2850 4107 μυρίας
2881 4033 3150 4106 μυριάδας
3175 4033 3284 4087 τῶν
3311 4032 3693 4104 περιισταμέ-

2087 4153 2194 4190 νων
2241 4134 2533 4206 είσήγαγε,
2580 4130 2675 4184 καὶ
2723 4129 2817 4182 τὸν
2872 4127 3104 4198 πύρινον
3149 4125 3365 4196 θρόνον,
3406 4124 3503 4179 καὶ
3551 4125 3692 4188 τοὺς

2085 4228 2307 4298 ὁμοίους
2352 4225 2605 4298 τροχοὺς,
2658 4222 2752 4275 καὶ
2796 4218 2888 4274 τὸν
2932 4218 3204 4286 φλέγοντα
3262 4215 3534 4284 ποταμὸν,
3583 4215 3690 4268 καὶ

2084 4319 2314 4389 ἐθεώρει
2361 4317 2467 4378 ἕως
2496 4310 2558 4369 οῦ
2593 4312 2839 4386 ἀνῃρέθη
2893 4315 2954 4364 τὸ
2994 4311 3207 4384 θηρίον,
3264 4309 3360 4364 καὶ
3412 4308 3472 4362 τὸ
3513 4307 3689 4374 σῶμα

2085 4411 2254 4466 αὑτοῦ
2288 4412 2370 4470 είς
2416 4408 2611 4462 καῦσιν
2641 4405 2802 4475 ἐδόθη
2833 4404 3028 4473 πυρός.
3063 4405 3165 4456 Διὰ
3191 4403 3300 4472 γὰρ
3331 4402 3431 4472 τὴν
3479 4401 3690 4468 μανίαν

393 4492 540 4546 citur
569 4493 640 4548 ob
657 4506 995 4565 assumptam
1032 4508 1289 4553 naturam
1319 4509 1588 4566 nostram,
1618 4513 1888 4560 venturus
1926 4506 1976 4562 in

2089 4503 2183 4559 τοῦ
2229 4501 2609 4571 ’Δντιχρίστου
2655 4498 2690 4570 ή
2738 4495 2834 4565 ὅλη
2865 4493 3115 4562 βασιλεία
3162 4489 3690 4560 περιαιρεθήσεται,

396 4585 661 4652 nubibus,
697 4605 774 4644 ex
792 4592 1064 4659 promisso
1096 4593 1296 4662 ipsius,
1350 4609 1475 4648 cum
1524 4596 1662 4650 dixit
1696 4596 1736 4661 °,
1765 4599 1976 4658 visuros

2091 4599 2184 4653 καὶ
2212 4597 2312 4652 οὐκ
2343 4593 2476 4647 αὐτὸ
2499 4592 2560 4645 τὸ
2590 4590 2781 4661 θηρίον
2803 4591 2885 4652 είς
2915 4587 3113 4641 καῦσιν
3133 4581 3602 4654 δοθήσεται,ἀλλα
3623 4583 3692 4634 τὸ

395 4677 600 4732 Filium
631 4681 872 4738 hominis
909 4684 1223 4739 venientem
1257 4685 1313 4740 in
1346 4687 1592 4743 nubibus
1623 4691 1772 4747 cceli.

2098 4695 2263 4763 σῶμα
2293 4687 2479 4743 αὑτοῦ.
2506 4685 2612 4739 Τοῦ
2645 4685 2752 4755 γὰρ
2784 4682 2977 4753 θηρίου
3003 4680 3101 4750 τὴν
3135 4677 3416 4748 βασιλείαν
3439 4675 3716 4785 αἰνιττοοέ

397 4777 587 4846 μένου,
619 4777 768 4841 είκός
797 4779 947 4832 ἐστιν
982 4781 1040 4833 ὲν
1069 4783 1132 4851 τῇ
1169 4780 1425 4856 βασιλείᾳ.
1459 4784 1695 4851 πολλοὺς
1723 4783 1984 4850 εἶναικαὶ
2017 4796 2110 4850 τὸν
2141 4791 2278 4845 Θεὸν
2313 4781 2706 4845 σέϐοντας,καὶ
2723 4779 2928 4850 ἀρετὴν
2987 4777 3295 4847 μετιόντας.
3326 4773 3401 4826 Οὐ
3456 4772 3713 4882 τούτουςξ

393 4869 489 4925 οὖν
519 4887 687 4941 φησιν
721 4873 801 4937 είς
827 4873 1024 4926 καῦσιν
1051 4875 1292 4946 δοθῆναι,
1325 4878 1462 4932 ἀλλὰ
1493 4881 1622 4945 τοὺς
1665 4883 1874 4948 κακίας
1917 4887 2183 4958 ἐργάτας,
2255 4881 2352 4936 καλ⁸
2417 4879 2537 4939 ταῖς
2604 4875 2699 4928 τοῦ
2761 4873 3014 4942 σώματος
3047 4871 3370 4939 ἐπιθυμίαις
3421 4866 3716 4960 ἔγκειμέ-ἰ

395 4981 519 5026 vos;
547 4965 860 5031 διαπαντὸς,
889 4967 1081 5038 καὶμή
1100 4984 1152 5022 τι
1179 4971 1562 5040 φρονήσαντας
1593 4978 1980 5046 πνευματικόν.
2025 4977 2182 5033 Μετὰ
2211 4977 2268 5030 δὲ
2296 4973 2396 5043 τὴν
2459 4969 2553 5024 τοῦ
2581 4967 2773 5038 θηρίου
2819 4967 3122 5025 ἀπώλειαν,
3156 4963 3292 5034 όρᾷν
3323 4963 3351 5013 ὁ
3382 4961 3688 5030 προφήτης

396 5061 564 5130 φησὶν
591 5061 668 5126 ὠς
693 5062 836 5115 Υἱὸν-
868 5062 1182 5133 ἀνθρώπου,
1218 5066 1519 5136 ἐρχόμενον
1561 5069 1654 5122 ἐπὶ
1699 5071 1965 5140 νεφελῶν,
2006 5073 2103 5126 καὶ
2135 5073 2241 5134 ἕως
2269 5068 2365 5123 τοῦ
2396 5065 2630 5121 παλαιοῦ
2675 5065 2784 5118 τῶν
2829 5063 3058 5134 ήμερῶν
3097 5063 3397 5130 φθάσαντα,
3459 5051 3505 5126 ᾧ
3577 5059 3683 5111 καὶ

394 5157 618 5229 δοθῆναι
654 5159 807 5228 λέγει
830 5161 930 5229 τήν
961 5161 1138 5233 ἀρχὴν
1177 5164 1268 5218 καὶ
1299 5167 1398 5236 τήν
1429 5167 1596 5236 τιμὴν
1628 5168 1722 5222 καὶ
1777 5169 1880 5240 τήν
1941 5169 2244 5237 βασιλείαν,
2312 5167 2408 5221 καὶ
2439 5166 2588 5236 αὐτῷ
2611 5164 2902 5218 δουλεῦσαι
2930 5164 3058 5225 τοὺς
3086 5163 3250 5225 λαοὺς
3282 5160 3513 5222 πάντας,
3585 5158 3692 5211 καὶ

396 5254 498 5318 τὰς
534 5255 787 5323 γλώσσας
810 5257 1020 5324 καὶτὰς
1047 5260 1246 5329 φυλὰς,
1271 5265 1364 5316 καὶ
1391 5264 1491 5334 τήν
1523 5264 1774 5329 ἐξουσίαν
1845 5267 2013 5319 αὐτοῦ
2054 5265 2272 5322 αίώνιον
2333 5264 2571 5330 ἔσεσθαι,
2624 5264 2719 5317 καὶ
2778 5262 2852 5333 μή
2905 5259 3340 5332 παρελεύσεσθαι
3414 5258 3511 5310 καὶ
3581 5256 3693 5326 τὴν

403 5357 685 5427 βασιλείαν
714 5357 880 5411 αὐτοῦ
910 5357 986 5429 μή
1012 5358 1512 5432 διαφθαρήσεσθαι.
1573 5360 1763 5416 Ταῦτα
1794 5363 1984 5430 σαφῶς
2027 5363 2126 5433 τὴν
2192 5362 2454 5433 δευτέραν
2516 5361 2841 5430 ἐπιφάνειαν
2875 5359 2969 5413 τοῦ
3001 5358 3256 5427 Σωτῆρος
3308 5354 3467 5426 ήμῶν
3505 5351 3690 5422 Ἰησοῦ

400 5452 637 5524 Χριστοῦ
700 5451 1184 5523 προθεσπίζουσιν.
1226 5453 1350 5516 Tib;
1411 5452 1509 5523 μὲν
1552 5454 1663 5522 γὰρ
1689 5453 1982 5524 ἀνθρώπου
2024 5455 2273 5509 καλεῖται
2327 5455 2418 5508 διὶι
2484 5452 2590 5525 τήν
2623 5452 2907 5523 ήμετέραν
2948 5451 3136 5521 φύσιν,
3164 5448 3233 5519 ἣν
3284 5442 3688 5521 προσελάϐετο.

478 5611 500 5643 ⁶
535 5613 728 5668 Matth.
769 5630 920 5682 uvr,
950 5615 1042 5668 οι.

1613 5771 1823 5834 Varia)
1865 5771 2176 5834 lectiones
2222 5782 2284 5835 et
2323 5782 2511 5836 notae.

483 5927 594 5998 (82)
634 5925 905 5993 Ποτίιμὸς
933 5922 1124 5998 πυρὸς
1153 5921 1356 5998 εἷλκεν
1383 5923 1865 5998 ἐκπορευόμενρνι
1930 5925 1976 5995 «ξι

2079 5925 2508 5980 δοσθεναὺτοῦ.
2578 5918 2776 5982 Εἷλκιν
2823 5922 2951 5994 poni
2994 5921 3212 5978 videtur
3277 5920 3397 5974 ἀντὶ
3420 5917 3540 5988 τοῦ,
3609 5920 3694 5974 εί-

411 5993 584 6065 λεῖτο,
615 5999 700 6052 vel
728 5998 1015 6066 ἐκύμαινε,
1045 5993 1376 6066 ιόίιιθίναιιιν,
1398 5996 1480 6051 vel
1506 5997 1767 6052 undabat.
1791 5996 1877 6053 W.
1958 5993 1970 5995 “
