3910 6590
404 414 512 479 247

1709 412 2036 475 JOANNIS
2074 413 2398 477 ZONARB

3567 414 3674 478 2&8

405 547 533 589 cum
558 531 858 603 imperium
890 532 1139 588 evertit:
1183 546 1310 586 nam
1350 547 1476 588 eum
1520 531 1674 601 prius
1694 530 1861 587 etiam
1914 529 1980 585 ad

2088 528 2146 584 ἓν
2181 529 2457 602 Θεωρητὸν
2482 529 2588 584 ἀνὰ
2637 529 2802 601 μέσον
2851 530 2964 586 τῶν
2991 528 3291 602 ὀφθαλμῶν
3321 528 3513 586 αὐτοῦ.
3554 531 3667 585 Καὶ

406 627 579 680 Issum
603 625 939 697 proﬂigarat,
981 626 1102 697 ejus
1156 640 1348 690 uxore,
1408 625 1645 690 filiabus,
1703 640 1870 680 curru
1925 631 1983 678 et

404 733 536 772 arcu
574 718 799 787 potitus,
832 718 1170 789 direptisque
1203 716 1402 773 castris
1445 716 1704 772 Persicis.
1733 715 1841 771 Sed
1875 715 1981 771 Da-

405 812 522 866 rius
551 811 677 882 l‘uga
709 812 950 882 elapsus,
984 819 1041 867 et
1071 811 1378 867 recollectis
1405 809 1600 879 copiis,
1643 824 1826 880 pugna
1853 825 1980 865 cum

402 905 715 960 Alexandro
747 922 812 960 ex
836 905 1071 976 Λεωβιο
1100 917 1321 959 reverso
1353 900 1420 956 ad
1439 900 1641 957 Arbela
1663 901 1981 967 commissa,

405 1000 605 1054 iterum
641 1008 954 1068 superatus,
985 996 1038 1052 in
1071 997 1196 1068 fuga
1228 996 1417 1067 periit.
1458 991 1773 1066 Spectabile
1817 1008 1983 1064 porro

403 1107 576 1146 cornu
602 1101 780 1156 vocat,
816 1099 875 1145 ut
922 1091 1136 1161 insigne
1193 1100 1250 1146 et
1303 1091 1690 1160 conspicuum,
1748 1101 1981 1157 regnum

401 1184 696 1240 Alexandri
733 1199 832 1254 per
863 1183 916 1238 id
939 1183 1269 1254 intelligens.
1299 1183 1368 1238 Et
1390 1183 1445 1238 in
1479 1182 1663 1238 medio
1691 1179 1980 1236 oculorum

401 1273 758 1344 ejuscnatum
792 1287 912 1327 esse
934 1287 1106 1325 cornu
1141 1271 1298 1334 dicit,
1336 1272 1408 1326 ob
1444 1269 1730 1326 solertiam
1766 1276 1822 1323 et
1847 1281 1982 1336 pru-

401 1364 668 1428 dentiam,
705 1380 770 1420 ac
800 1379 1132 1436 generosum
1165 1364 1409 1419 animum
1439 1360 1756 1418 Alexandri.
1790 1359 1862 1414 Et
1889 1375 1979 1413 ue-

402 1460 501 1519 nit.
535 1459 739 1530 inquit,
775 1459 954 1512 hircus
989 1473 1151 1526 usque
1177 1457 1248 1510 ad
1269 1457 1483 1510 arietem
1528 1455 1883 1524 cornigerum,
1933 1457 1981 1504 et

399 1554 506 1608 uidi
531 1570 648 1609 eum
680 1563 1011 1625 progressum
1043 1552 1114 1605 ad
1146 1554 1383 1611 arietem,
1417 1557 1466 1602 et
1499 1549 1768 1619 eﬁ'eratum
1795 1552 1979 1598 contra

399 1647 554 1702 illum
584 1663 601 1701 :
632 1661 785 1717 quem
812 1663 929 1700 cum
957 1643 1280 1714 perculisset,
1313 1642 1466 1697 ambo
1485 1641 1597 1710 ejus
1629 1655 1827 1692 cornua
1857 1652 1984 1689 con-

403 1740 569 1802 trivit,
595 1746 653 1792 ut
675 1755 856 1792 coram
874 1753 932 1790 eo
961 1737 1246 1790 consistere
1277 1751 1381 1788 non
1408 1740 1596 1804 posset,
1626 1731 1718 1785 sed
1745 1730 1808 1784 ab
1839 1729 1980 1784 hirco

403 1836 698 1900 prostratus
721 1828 868 1882 humi
900 1825 1320 1881 conculcaretur.
1355 1823 1425 1877 Et
1451 1819 1807 1892 sunt,inquit,
1828 1819 1981 1874 ambo

2085 621 2191 684 ἕως
2218 622 2314 675 τοῦ
2349 623 2509 694 κριοῦ
2541 622 2776 694 φθάσας,
2811 622 3124 696 ἐξηγριώθη
3160 622 3296 694 πρὸς
3327 622 3515 685 αὐτὸν.
3575 625 3668 677 καὶ

2086 714 2315 768 ἔπαισεν
2340 716 2522 783 αὑτὸν,
2557 717 2650 770 καὶ
2685 715 2977 787 συνέτριψε
3001 715 3070 770 τὰ
3100 716 3308 787 κέρατα
3343 715 3536 778 αὐτοῦ,
3577 718 3672 769 καὶ

2086 804 2314 878 ἔρριψεν
2341 806 2510 860 αὑτὸν
2556 809 2652 862 ἐπὶ
2676 807 2780 880 τὴν
2807 807 2935 878 γῆν,
2968 807 3064 862 καὶ
3085 806 3465 877 συνεπάτησεν
3486 806 3670 870 αὐτὸν,

2087 901 2181 952 καὶ
2201 899 2301 953 οὐκ
2324 895 2394 972 ἦν
2417 902 2445 953 6
2481 901 2879 974 ἐξαιρούμενος
2932 902 3025 956 τὸν
3057 901 3212 967 κριὸν
3272 903 3336 956 ἑκ
3363 902 3462 972 τῆς
3489 902 3672 972 χειρὸς

2060 991 2272 1069 ἀύτοῦ.
2301 992 2808 1066 ΤὴνΜακεδονικὴν
2827 994 3109 1066 βασιλείαν
3156 994 3440 1049 ὑπετύπου
3473 996 3502 1048 6
3528 995 3665 1065 τράο

2084 1099 2200 1152 γοςο
2233 1083 2491 1156 ὀξύτερος
2519 1085 2630 1157 γὰρ
2658 1085 2754 1140 τοῦ
2779 1087 2962 1158 κριοῦ,
3010 1089 3105 1142 καὶ
3136 1089 3339 1159 μᾶλλον
3367 1087 3670 1157 εὐκίνητος.

2097 1176 2232 1230 Ἀπὸ
2261 1175 2412 1240 λιῦδς
2453 1177 2499 1230 δ’
2533 1178 2768 1249 ἤρχετο·
2800 1179 2882 1233 ὃτι
2939 1181 3040 1252 τὴν
3079 1179 3359 1250 Λενιεεπτον
3405 1181 3673 1250 πρότερον

2085 1267 2176 1338 ὑφ’
2207 1268 2400 1321 ἑαυτὸν
2453 1270 2879 1340 ποιησάμενοςὸ
2915 1271 3289 1346 ’Δλέξανδρος,
3343 1272 3486 1326 οὓτω
3532 1272 3670 1342 πρὸς

2085 1364 2313 1434 Δαρεῖον
2347 1361 2409 1415 τὸ
2446 1361 2705 1434 δεύτερον
2730 1363 2984 1435 ὥρμησε,
3019 1367 3114 1419 καὶ
3156 1366 3668 1437 κατατροπωσὰμε-

2083 1471 2175 1518 νος
2203 1456 2388 1522 αὑτὸν,
2417 1456 2518 1527 τὴν
2567 1456 2677 1510 τῶν
2725 1457 2954 1528 Περσῶν
3013 1457 3300 1529 βασιλείαν
3346 1458 3668 1512 κατέλυσεν.

2095 1548 2185 1601 Ἕν
2215 1547 2374 1618 ἰσσῷ
2397 1548 2506 1619 γὰρ
2533 1546 2726 1620 πρώην
2756 1548 2858 1618 τῆς
2881 1549 3136 1614 Κιλικίας
3169 1549 3320 1621 αὐτῷ
3351 1549 3672 1621 συμϐαλὼν,

2081 1638 2318 1712 ἥττησεν
2341 1638 2526 1705 αὑτὸν,
2554 1639 2648 1693 καὶ
2675 1639 2774 1711 τὴν
2807 1640 2906 1712 μὲν
2955 1642 3195 1710 γυναῖκα
3230 1641 3325 1696 καὶ
3357 1640 3461 1706 τὰς
3502 1641 3675 1710 Θυγα-

2085 1728 2253 1799 τέρας
2283 1727 2454 1782 αὑτοῦ
2483 1730 2580 1783 καὶ
2618 1729 2680 1783 τὸ
2706 1731 2859 1802 ἅρμα
2881 1731 2976 1785 καὶ
3003 1730 3065 1785 τὸ
3097 1732 3256 1800 τόξον
3284 1732 3548 1803 κατέσχε,
3578 1735 3676 1786 καὶ

2083 1820 2354 1890 διήρπασε
2404 1821 2467 1875 τὸ
2511 1823 2880 1893 στρατόπεδον
2920 1824 2982 1878 τὸ
3029 1825 3323 1895 Περσικόν.
3384 1824 3598 1897 Ἔφυγε
3629 1825 3676 1880 δ’

404 1921 584 1974 arietis
610 1935 811 1973 cornua
836 1919 1059 1972 contrita
1079 1917 1141 1970 ab
1163 1917 1304 1970 hirco
1331 1955 1346 1980 ,
1376 1915 1576 1984 impetu
1593 1913 1648 1966 in
1677 1928 1796 1966 eum
1817 1911 1977 1982 facto.

2088 1913 2304 1969 ἐκεῖθεν
2333 1917 2361 1968 6
2389 1916 2634 1986 Δαρεῖος,
2671 1917 2768 1970 καὶ
2806 1913 2968 1981 αὖθις
2999 1919 3259 1989 δυνάμεις
3313 1919 3667 1988 συναγαγὼν,

404 2009 520 2066 lloc
561 2019 668 2075 est,
722 2007 897 2063 ambae
951 2009 1070 2079 ejus
1107 2007 1297 2075 cepize,
1343 2004 1578 2061 Persicae
1629 2012 1687 2059 et
1734 2001 1978 2066 Medica,

405 2104 608 2172 quibus
635 2103 811 2157 fretus
827 2109 965 2156 erat.
991 2099 1124 2155 Nam
1150 2099 1441 2154 Persarum
1466 2112 1562 2152 rex
1580 2097 1803 2166 utrique
1826 2094 1977 2167 genti

405 2196 732 2266 imperabat,
776 2194 943 2266 Cyro,
983 2203 1042 2249 ut
1091 2194 1300 2248 dictum
1359 2199 1467 2256 est,
1522 2190 1783 2258 utrinque
1816 2187 1971 2259 131

402 2287 642 2342 ducente
673 2287 963 2358 originem,
999 2296 1056 2340 et
1112 2295 1348 2355 utroque
1401 2297 1570 2354 regno
1627 2282 1825 2352 potito,
1857 2296 1981 2352 quas

403 2389 594 2450 gentes
632 2380 806 2435 amba:
833 2379 1182 2451 Assyriorum
1233 2392 1462 2449 regnum
1520 2383 1862 2430 everterunt.
1911 2373 1980 2428 Et

401 2473 575 2526 hircus
597 2471 925 2526 evasitvalde
945 2487 1188 2541 magnus.
1222 2469 1411 2539 Neque
1442 2468 1590 2524 enim
1615 2483 1679 2522 ea
1711 2467 1981 2523 duntaxat

403 2579 526 2635 quae
571 2564 807 2635 Assyriis
847 2572 1170 2633 paruerant,
1207 2562 1303 2616 sed
1353 2561 1460 2616 alia
1525 2577 1746 2631 quoque
1809 2562 1980 2616 multa

404 2657 643 2727 subegit.
680 2656 890 2711 Indiam
911 2669 1221 2727 aggressus,
1245 2653 1451 2709 Porum
1477 2654 1698 2720 devicit,
1727 2663 1782 2709 et
1818 2653 1980 2708 Taxi-

404 2749 511 2805 lem
540 2749 646 2804 sibi
677 2749 1016 2814 conciliavit,
1050 2759 1107 2804 et
1145 2750 1282 2803 alias
1309 2746 1511 2802 indica:
1533 2745 1776 2818 regionis
1799 2755 1980 2814 partes

403 2843 715 2914 occupavit.
744 2842 953 2898 Deinde
989 2858 1098 2898 non
1124 2843 1218 2898 diu
1250 2841 1572 2897 duraturam
1606 2841 1728 2911 ejus
1748 2839 1981 2894 felicita-

406 2946 515 2991 tem
546 2935 822 3006 PrOpheta
849 2935 1188 3007 signiﬁcans,
1223 2935 1512 3007 subjungit
1546 2953 1560 2990 :
1602 2931 1674 2987 Et
1708 2934 1847 2988 inter
1866 2932 1982 2985 vin-

403 3030 624 3082 cendum
653 3031 1032 3084 comminutum
1058 3039 1132 3082 est
1160 3045 1326 3082 cornu
1351 3027 1488 3081 illud
1510 3041 1782 3096 magnum,
1810 3031 1862 3078 et
1896 3025 1981 3078 in-

403 3121 490 3190 fra
525 3119 696 3191 ipsum
728 3128 960 3191 quatuor
988 3136 1186 3174 cornua
1209 3127 1331 3174 sunt
1366 3126 1546 3173 enata.
1577 3117 1714 3175 Nam
1743 3115 1978 3172 Alexan-

2084 2006 2398 2076 ἐμαχέσατο
2425 2006 2502 2076 τῷ
2536 2005 2900 2080 Ἀλεξάνδρῳ,
2923 2007 2981 2074 ἐξ
2998 2007 3279 2077 Αἰγύπτου
3301 2010 3437 2081 πρὸς
3462 2011 3675 2064 ἐκεῖνον

2085 2098 2420 2169 ὁρμήσαντι,
2440 2100 2534 2152 καὶ
2569 2099 2736 2153 πάλιν
2761 2099 2968 2171 ἡττήθη
2998 2101 3056 2154 έν
3077 2100 3386 2173 Ἀρϐήλοις,
3420 2103 3520 2155 καὶ
3538 2103 3674 2171 φεύ-

2086 2203 2197 2255 γιυν
2219 2185 2487 2243 ἀπώλετο.
2523 2187 2815 2258 Θεωρητδν
2834 2188 2890 2242 δὲ
2925 2187 2984 2241 τὸ
3011 2191 3179 2262 κέρας
3202 2193 3388 2261 φησὶν,
3420 2193 3543 2246 ἀντὶ
3578 2191 3674 2245 τοῦ

2085 2279 2360 2351 ἐπίσημον
2381 2281 2478 2336 καὶ
2507 2282 2877 2352 περίὸλεπτον
2898 2297 2911 2311 ⁸
2941 2283 3044 2353 τὴν
3079 2283 3439 2356 Ἀλεξάνδρου
3486 2284 3544 2338 δὲ
3576 2285 3677 2338 καὶ

2083 2373 2172 2426 διὰ
2206 2373 2396 2427 τούτου
2425 2374 2723 2428 αίνίττεται
2745 2373 3045 2444 βασιλείαν.
3073 2376 3184 2430 Καὶ
3200 2377 3305 2432 ἀνὰ
3347 2378 3536 2448 μέσων
3565 2377 3676 2430 τῶν

2083 2469 2380 2541 ὀφθαλμῶν
2430 2469 2595 2525 αὐτοῦ
2646 2468 2887 2540 ἐκφῦναι
2934 2469 2993 2524 τὸ
3045 2470 3217 2544 κέρας
3269 2471 3440 2540 λέγει,
3482 2471 3573 2525 διὰ
3613 2471 3677 2524 τὸ

2084 2565 2344 2634 ἀγχίνουν
2375 2569 2471 2619 καὶ
2493 2564 2595 2636 τὴν
2623 2566 2868 2631 σύνεσιν,
2915 2567 3013 2622 καὶ
3039 2565 3101 2620 τὸ
3135 2568 3384 2635 γενναῖον
3416 2565 3511 2620 τοῦ
3542 2582 3677 2637 φρο-

2085 2659 2330 2729 νήματος
2351 2657 2448 2712 τοῦ
2481 2659 2859 2731 Ἀλεξάνδρου.
2905 2659 3018 2716 Kal
3042 2657 3212 2731 ἦλθε,
3236 2659 3428 2729 φησιν,
3479 2661 3514 2713 d
3545 2656 3678 2726 tpd-

2085 2769 2189 2822 γος
2209 2750 2325 2818 ἕως
2374 2751 2482 2806 τοῦ
2524 2752 2695 2822 κριοῦ
2749 2753 2859 2808 τοῦ
2887 2753 2960 2808 τὰ
3005 2753 3223 2822 κέρατα
3267 2753 3540 2822 ἔχοντος,
3576 2750 3678 2804 καὶ

2083 2843 2250 2900 εἶδον
2263 2843 2452 2898 αὐτὸν
2463 2843 2781 2913 φθάσαντα
2799 2845 2909 2912 ἕως
2925 2845 3030 2900 τοῦ
3051 2843 3242 2914 κριοῦ,
3260 2845 3356 2898 καί
3376 2843 3447 2909 ἐξ
3451 2859 3488 2912 η
3497 2843 3664 2913 γριώ-

2083 2941 2156 3006 θη
2179 2939 2330 3006 πρὸς
2357 2939 2568 3004 αὐτὸν,
2600 2937 2698 2993 καὶ
2727 2938 2945 2994 ἔπαισε
2993 2939 3102 2992 τὸν
3130 2938 3324 3008 κριὸν,
3381 2937 3484 2993 καὶ
3525 2955 3676 2993 συν-

2083 3029 2333 3100 ἐτριψεν
2366 3031 2674 3102 ἀμφότερα
2707 3034 2780 3088 τὰ
2828 3032 3049 3102 κέρατα
3083 3031 3291 3096 αὑτοῦ,
3318 3032 3416 3086 καί
3452 3033 3566 3086 οὐκ
3596 3027 3675 3102 ἦν

2086 3125 2269 3193 ίσχὺς
2297 3124 2377 3191 τῷ
2405 3124 2548 3194 κριῷ
2580 3127 2692 3181 τοῦ
2737 3127 2960 3195 στῆναι
3016 3125 3276 3181 ἐνώπιον
3331 3125 3544 3192 αὑτοῦ,
3574 3126 3673 3180 καί

403 3209 506 3266 dro
535 3209 687 3265 brevi
716 3219 840 3281 post
871 3225 1161 3266 successus
1191 3212 1318 3268 illos
1349 3220 1592 3276 mortuo,
1637 3211 1759 3282 ejus
1811 3209 1983 3278 impe-

2088 3218 2334 3288 ἔρριψεν
2405 3220 2596 3275 αὐτὸν
2648 3222 2738 3288 εις
2816 3218 2974 3290 γῆν,
3048 3220 3150 3276 καί
3241 3219 3676 3287 συνεπάτησεν

402 3305 547 3358 rium
581 3305 634 3358 in
660 3315 844 3375 partes
876 3311 1116 3375 quatuor
1139 3304 1478 3360 estdivisum
1513 3322 1528 3360 :
1563 3313 1624 3359 ut
1646 3304 1758 3376 jam
1790 3303 1846 3357 in
1870 3311 1982 3357 ter~

402 3399 478 3453 tia
506 3397 620 3454 fera
651 3398 858 3454 dietum
880 3407 985 3465 est,
1019 3414 1140 3469 qua:
1171 3398 1226 3453 in
1265 3398 1473 3454 somnis
1499 3396 1710 3452 Danicll
1750 3397 1868 3451 visa
1899 3403 1986 3450 est

401 3507 432 3546 e
464 3492 600 3546 mari
624 3507 867 3563 egressa,
895 3501 1133 3563 quatuor
1177 3490 1407 3562 pradita
1456 3489 1754 3560 capitibus.
1803 3487 1875 3543 Et
1921 3502 1986 3541 ea:

403 3603 506 3641 uno
535 3603 698 3641 cornu
735 3588 930 3641 exstitit
955 3602 1117 3639 cornu
1150 3584 1403 3651 terribile,
1449 3584 1607 3654 idque
1655 3584 1713 3637 in
1758 3583 1986 3637 immen-

399 3698 514 3735 sum
552 3690 626 3735 est
651 3688 864 3735 auctum
907 3695 1086 3735 versus
1139 3687 1406 3743 austrum,
1457 3693 1638 3731 uersus
1701 3677 1981 3743 orientem,

401 3791 582 3830 versus
633 3775 883 3843 africum,
909 3784 958 3826 et
997 3788 1175 3827 versus
1227 3771 1543 3826 occideutem
1568 3786 1586 3824 :
1612 3779 1661 3824 et
1689 3769 1988 3840 ampliﬁca-

407 3877 517 3922 tum
539 3876 613 3922 est
646 3884 806 3938 usque
835 3866 905 3921 ad
924 3865 1216 3937 potentiam
1245 3863 1381 3930 cali,
1411 3873 1461 3918 et
1499 3861 1988 3918 cecideruntstellre

401 3962 560 4015 etiam
581 3962 636 4014 in
663 3968 860 4014 terram
889 3975 920 4012 a
968 3958 1202 4030 potentia
1239 3958 1375 4028 ejus,
1406 3965 1455 4009 ct
1488 3955 1810 4010 conculcata
1838 3963 1984 4010 sunt.

403 4053 500 4109 llis
527 4054 710 4110 verbis
743 4053 937 4111 Daniel
961 4067 1025 4108 ea
1051 4051 1346 4122 praedocet,
1393 4065 1516 4120 qua:
1556 4048 1660 4104 sub
1712 4047 1988 4104 Antiocho

407 4147 699 4218 Epipliane
732 4147 1104 4216 contigerunt,
1129 4143 1388 4199 Antiochi
1421 4141 1602 4213 Magni
1633 4141 1770 4209 lilio,
1819 4156 1986 4210 supe-

403 4238 614 4292 riorum
642 4251 829 4308 regum
868 4233 1172 4306 potentiam
1201 4247 1584 4305 supergresso,
1616 4235 1712 4302 qui
1751 4231 1987 4287 Seleuco

404 4340 810 4386 successerant.
843 4329 894 4384 ls
925 4327 1161 4399 Egyplo
1191 4336 1248 4381 et
1270 4326 1395 4382 aliis
1421 4326 1725 4395 provinciis
1754 4326 1985 4395 potitus,

406 4423 664 4493 belloque
690 4419 896 4476 Iudaeis
945 4419 1120 4485 illato,
1173 4426 1230 4473 et
1277 4416 1654 4489 Hierosolyma
1720 4426 1775 4472 et
1820 4425 1986 4472 totam

405 4525 625 4588 gentem
666 4512 904 4583 subegit,
929 4510 1216 4582 Templum
1239 4509 1497 4581 spoliavit
1523 4519 1580 4565 et
1609 4509 1825 4580 polluit,
1857 4524 1988 4579 por-

2088 3315 2299 3368 αὐτόν.
2381 3314 2708 3382 Συνετρίϐη
2795 3313 2885 3380 δὲ,
2944 3313 3103 3384 φησὶ,
3187 3313 3286 3368 καὶ
3369 3313 3548 3382 ἄμφω
3603 3313 3675 3367 τὰ

2088 3405 2311 3474 κέρατα
2373 3405 2482 3460 τοῦ
2567 3405 2740 3476 κριοῦ
2819 3405 3319 3475 προσαράξαντος
3373 3405 3482 3461 τοῦ
3537 3406 3674 3475 τρά-

2089 3515 2202 3570 του
2229 3497 2430 3565 αὐτῷ’
2475 3501 2747 3564 τουτέστι,
2781 3498 2876 3553 καὶ
2915 3499 3086 3570 ἄμφω
3141 3500 3198 3552 αἱ
3249 3497 3516 3570 δυνάμεις
3576 3499 3674 3553 αύ-

2089 3590 2183 3643 τοῦ
2237 3584 2325 3654 αἷς
2396 3588 2782 3662 έπεποίθει,ἧ
2846 3605 2906 3644 τε
2976 3588 3222 3661 Περσικὴ
3289 3593 3385 3643 καὶ
3464 3591 3498 3654 ἠ
3556 3589 3672 3660 Μη-

2087 3683 2238 3754 δική.
2325 3683 2554 3755 Περσῶν
2615 3681 2727 3753 γὰρ
2792 3681 2889 3736 καὶ
2942 3681 3142 3752 Μήδων
3229 3676 3400 3754 ἦρχον
3465 3681 3516 3737 ol
3581 3681 3677 3754 βα-

2090 3775 2259 3838 σιλεῖς
2313 3775 2423 3829 τῶν
2487 3775 2738 3846 Περσῶν,
2793 3773 2871 3839 ὡς
2925 3773 3023 3828 τοῦ
3085 3773 3271 3842 Κύρου
3333 3773 3394 3838 ἐξ
3446 3773 3668 3844 ἀμφοῖν,

2087 3868 2164 3932 ώς
2187 3869 2424 3940 εἴρηται,
2455 3867 2676 3936 φύντος,
2707 3869 2802 3922 καὶ
2832 3867 2933 3938 τὴν
2965 3868 3171 3938 ἀμφοῖν
3201 3866 3483 3938 βασιλείαν
3509 3867 3671 3937 σχόν-

2089 3979 2180 4028 τος
2238 3962 2330 4034 ὑφ’
2375 3961 2591 4027 ἑαυτὸν,
2651 3962 2749 4016 καὶ
2813 3959 2983 4032 ἄμφω
3029 3959 3202 4014 ταῦτα
3249 3959 3316 4012 τὰ
3373 3958 3505 4029 γένη
3571 3957 3679 4012 τῶν

2090 4055 2398 4126 Ἀσσυρίων
2428 4053 2528 4126 τὴν
2562 4051 2845 4123 βασιλείαν
2880 4052 3210 4106 κατέλυσαν.
3238 4051 3346 4105 Kal
3396 4053 3429 4104 ό
3463 4049 3679 4121 τράγος

2088 4149 2468 4218 ἐμεγαλύνθη
2503 4145 2761 4216 σφόδρα.
2797 4145 2872 4198 Οὐ
2909 4144 3020 4216 γὰρ
3051 4144 3191 4214 μόνα
3233 4143 3299 4197 τὰ
3335 4143 3556 4214 ὑπήκοα
3609 4145 3676 4214 τῇ

2090 4241 2200 4296 τῶν
2274 4241 2579 4311 Ἀσσυρίων
2617 4241 2763 4311 ἀρχῇ
2821 4238 2911 4308 ὑφ’
2963 4238 3156 4291 ἑαυτὸν
3195 4237 3506 4306 ἐποιήσατο,
3540 4235 3678 4290 ἀλλὰ

2091 4335 2189 4389 καὶ
2220 4333 2354 4389 ἄλλα
2388 4331 2561 4386 πολλὰ
2598 4331 2958 4403 ἐχειρώσατο.
3002 4331 3082 4402 Τῇ
3123 4347 3182 4384 τε
3204 4330 3313 4401 γὰρ
3351 4329 3517 4401 Ἰνδίᾳ
3541 4346 3680 4400 προ-

2094 4426 2314 4491 σέϐαλε,
2351 4425 2448 4479 καὶ
2494 4425 2588 4478 τὸν
2634 4423 2826 4496 Πῶρον
2885 4423 3130 4496 ἐνίκησε,
3181 4425 3276 4477 καὶ
3317 4424 3408 4476 τὸν
3442 4421 3680 4496 Ταξίλην

2096 4519 2438 4591 ᾠκειώσατο,
2470 4517 2566 4572 καὶ
2591 4517 2728 4572 ἄλλα
2779 4517 2922 4588 μέρη
2969 4517 3069 4587 τῆς
3112 4515 3344 4586 Ἰνδικῆς
3389 4515 3679 4585 κατέσχεν.

406 4611 488 4666 eis
527 4609 581 4664 in
610 4623 677 4665 eo
702 4606 1023 4668 immolatis,
1047 4614 1103 4660 et
1138 4619 1231 4660 ara
1280 4603 1400 4660 Jovi
1453 4611 1756 4669 exstructa,
1811 4617 1983 4674 popu-

2094 4609 2228 4667 Εἶτα
2270 4612 2447 4683 δηλῶν
2479 4613 2506 4665 6
2529 4611 2835 4683 προφήτης,
2867 4611 2949 4663 ὄτι
2979 4607 3075 4663 καὶ
3099 4602 3253 4671 οὗτος
3279 4607 3681 4676 εύδαιμονήσας

408 4707 630 4774 lumque
656 4703 723 4757 ad
753 4700 1130 4773 paganismum
1176 4698 1379 4770 adegit,
1445 4706 1500 4753 et
1548 4713 1749 4768 pueros
1809 4712 1986 4751 mares

407 4795 732 4854 circumcidi
769 4798 964 4849 vetuit.
1003 4791 1134 4847 Nam
1171 4792 1290 4862 ejus
1320 4792 1563 4847 furorem
1591 4801 1785 4846 contra
1814 4792 1984 4845 Deum

407 4895 500 4948 illa
524 4891 690 4946 verba
727 4890 966 4943 innuunt
994 4903 1008 4941 :
1044 4885 1110 4939 Et
1135 4887 1305 4939 elatus
1351 4895 1428 4939 est
1458 4901 1621 4956 usque
1656 4885 1726 4938 ad
1753 4885 1869 4939 ειτίί
1895 4902 1987 4956 po-

407 4989 653 5042 tentiam.
688 4985 784 5040 llla
823 4998 956 5038 vero
991 4999 1005 5035 :
1055 4981 1370 5036 Ceciderunt
1404 4997 1437 5033 a
1474 4981 1707 5050 potentia
1767 4978 1882 5048 ejus
1937 4991 1986 5031 et

411 5077 578 5133 stellae
606 5079 662 5131 in
689 5086 910 5138 terram,
947 5081 995 5126 et
1017 5071 1338 5126 conculcavit
1378 5088 1488 5135 eas,
1531 5070 1846 5141 signiﬁcant
1891 5085 1987 5124 eos

407 5187 474 5224 ex
499 5169 732 5226 Iudaico
763 5165 990 5238 populo,
1036 5164 1127 5233 qui
1169 5163 1238 5217 ab
1275 5163 1367 5217 illo
1428 5163 1602 5217 coacti
1661 5161 1984 5231 religionem

408 5262 708 5324 violarunt,
739 5269 796 5314 et
854 5267 1088 5328 tyranno
1148 5269 1384 5320 cessere,
1423 5254 1664 5324 legitima
1689 5252 1988 5321 divinaque

409 5353 632 5410 vivendi
663 5355 876 5407 ratione
905 5352 1146 5414 deserta,
1177 5349 1246 5403 ab
1263 5363 1442 5417 eoque
1479 5344 1790 5401 conculcati
1832 5355 1982 5400 sunt.

409 5449 595 5504 Stellae
624 5454 1128 5507 autenrvocantur,
1172 5443 1258 5496 vel
1308 5441 1378 5494 ob
1433 5439 1655 5510 pictatis
1691 5441 1984 5507 puritatem

408 5549 464 5595 et
492 5537 892 5610 splendorem:
937 5535 1023 5591 vel
1081 5532 1227 5603 quod
1287 5530 1601 5585 Abrahamo
1659 5530 1987 5598 promiserat

409 5630 650 5699 Deus,jse
674 5629 992 5700 progeniem
1022 5627 1146 5697 ejus
1173 5625 1455 5680 stellarum
1487 5622 1794 5678 ccelestium
1815 5621 1988 5674 instar

409 5726 896 5797 ampliﬁcaturum.
933 5723 1002 5778 Et
1029 5737 1192 5792 usque
1213 5720 1280 5774 ad
1302 5719 1591 5789 principem
1623 5717 1892 5786 copiarum
1911 5723 1986 5767 est

409 5819 603 5892 elatus.
635 5818 838 5874 Contra
861 5818 1040 5888 ipsum
1072 5814 1240 5870 Deum
1275 5812 1518 5867 furorem
1549 5808 1814 5872 exercuit,
1841 5809 1989 5877 prin-

412 5913 589 5986 cipem
627 5910 932 5974 caelestium
985 5905 1292 5978 copiarum.
1332 5903 1399 5960 Et
1443 5901 1761 5971 sacriﬁcium
1791 5901 1981 5956 turba-

2096 4702 2756 4776 μικρὸν,παρελεύσε.ται,
2775 4702 3020 4772 ἐπήγαγε
3047 4716 3062 4730 ο
3089 4699 3196 4754 Kal
3221 4699 3290 4751 ἐν
3316 4696 3396 4764 τῷ
3428 4697 3680 4765 ἰσχῦσαι

2092 4797 2299 4859 αὐτὸν,
2332 4795 2654 4862 συνετρίϐη
2673 4792 2738 4845 τὸ
2771 4791 2949 4859 κέρας
2978 4790 3041 4844 τὸ
3067 4789 3242 4860 μέγα,
3279 4789 3377 4842 καί
3409 4789 3680 4855 τέσσαρα

2093 4888 2313 4954 κέρατα
2345 4886 2733 4941 ὑποκάτωθεν
2763 4883 2950 4951 ἐξέφυ
2975 4880 3186 4935 αὐτοῦ.
3214 4879 3322 4933 Τοῦ
3373 4880 3483 4950 γὰρ
3530 4880 3681 4933 Ἀλε-

2095 4979 2323 5049 ξάνδρου
2357 4977 2496 5048 μετὰ
2548 4976 2646 5046 τὴν
2682 4975 2937 5045 εὐτυχίαν
2985 4974 3203 5044 ἐκείνην
3269 4973 3554 5042 συντόμως
3587 4973 3680 5025 01-

2093 5071 2296 5133 νόντος,
2331 5069 2411 5130 είς
2459 5069 2772 5138 τέσσαραὴ
2835 5067 3047 5120 ἐκείνου
3107 5065 3332 5138 διῃρέθη
3375 5066 3542 5135 ἀρχὴ,
3606 5065 3680 5129 ὡς

2093 5162 2310 5232 εἴρηται
2345 5159 2445 5230 ήδη
2474 5161 2531 5212 ὲν
2577 5159 2656 5230 τῷ
2685 5158 2856 5230 τρίτῳ
2904 5158 3099 5229 θηρίῳ,
3129 5159 3157 5212 ὃ
3181 5158 3261 5228 τῷ
3298 5157 3497 5228 Δανιὴλ
3553 5157 3679 5210 καθ’

2094 5252 2298 5316 ὕπνους
2340 5250 2521 5316 ἔδοξεν
2547 5253 2612 5304 ὲκ
2660 5251 2762 5320 τῆς
2815 5251 3093 5320 Θαλάσσης
3149 5250 3496 5321 ἐξέρχεσθαι,
3557 5249 3682 5318 ἕχον

2091 5346 2368 5415 τέσσαρας
2397 5344 2661 5414 κεφαλάς.
2699 5343 2808 5397 Καὶ
2855 5345 2924 5396 ἐκ
2955 5343 3061 5397 τοῦ
3079 5343 3218 5408 ἑνὸς
3240 5341 3360 5395 τῶν
3414 5342 3681 5410 κεράτων

2093 5437 2316 5506 ἐξῆλθε
2353 5437 2531 5506 κέρας
2568 5436 2842 5506 φοϐερὸν,
2891 5436 2989 5489 καί
3033 5436 3410 5504 ἐμεγαλύνθη
3472 5451 3679 5504 περισ-

2095 5529 2220 5594 σῶς
2269 5529 2422 5597 πρὸς
2450 5528 2632 5582 νότον
2679 5526 2963 5593 καὶπρὸς
3002 5525 3334 5592 ἀνατολὴν,
3367 5525 3464 5580 καὶ
3527 5527 3678 5595 πρὸς

2094 5621 2254 5684 λίϐα,
2283 5619 2382 5672 καὶ
2416 5618 2566 5687 πρὸς
2598 5619 2714 5686 τὴν
2743 5618 2945 5670 δύσιν.
2991 5617 3102 5670 Kal
3154 5616 3534 5686 ἐμεγαλύνθη
3566 5617 3674 5682 ἕως

2095 5711 2206 5779 τῆς
2232 5709 2541 5780 δυνάμεως
2597 5709 2704 5764 τοῦ
2731 5708 3016 5776 οὐρανοῦ.
3045 5707 3141 5761 καὶ
3183 5708 3413 5761 ἔπεσον
3439 5709 3537 5761 ἐπὶ
3563 5708 3674 5773 τὴν

2097 5803 2212 5873 γῆν
2251 5805 2370 5860 ἀπὸ
2397 5803 2508 5872 τῆς
2552 5801 2886 5871 δυνάμεως,
2922 5800 3022 5854 καί
3051 5801 3172 5855 ἀπὸ
3215 5797 3338 5853 τῶν
3382 5799 3671 5868 ἀστέρων,

2094 5898 2191 5954 καὶ
2224 5896 2656 5966 συνεπάτησεν
2716 5892 2958 5963 αὐτούς.
3017 5893 3100 5950 Τὰ
3130 5892 3263 5962 περὶ
3297 5891 3394 5947 τοῦ
3438 5892 3684 5973 Ἐπιοαολ
