3910 6572
181 461 278 525 249

1424 456 1837 519 ANNALIUM
1878 457 2030 520 LIB.
2065 448 2190 520 ἸΙΙ.

3312 459 3428 534 950

177 574 289 637 νοῦς
334 568 615 642 Ἀντιόχου
664 566 755 624 διὰ
781 567 990 624 τούτων
1019 568 1264 640 ὁΔανιῆλ
1295 569 1735 640 προδιδάσκεται,

1845 581 1953 626 tum
1984 579 2060 626 est
2103 569 2466 633 cadaveribus,
2496 579 2548 624 et
2577 571 2778 642 factum
2800 580 2897 640 est,
2925 587 2993 630 ac
3019 573 3260 629 secundis
3284 575 3437 629 rebu‘

174 667 227 730 ὃς
259 662 528 734 Ἀντιόχου
561 661 659 732 μὲν
709 660 804 715 τοῦ
850 661 1092 733 μεγάλου
1133 662 1248 726 υἰὸς
1298 657 1392 734 ἦν,
1434 660 1640 732 μᾶλλον
1688 661 1746 714 δὲ

181 757 280 812 τῶν
319 755 424 827 πρὸ
453 752 627 808 αὑτοῦ
648 753 974 822 κρατυνθεὶς
1026 753 1316 824 βασιλέων,
1365 754 1478 808 τῶν
1511 756 1622 810 ἀπὸ
1649 754 1748 808 Σε-

177 846 358 900 λεύκου
404 843 630 915 δηλαδὴ,
701 845 796 900 καὶ
828 846 929 915 τῆς
976 844 1260 913 Αἰγύπτου
1303 845 1607 918 κρατήσας,
1651 844 1747 898 καὶ

176 939 366 1008 ἐτέρων
399 935 622 1008 χωρῶν,
678 938 775 991 καὶ
809 937 903 991 ἐπὶ
943 936 1244 1000 Ἰουδαίους
1274 937 1626 1009 ἐστράτευσε,
1649 937 1747 992 καί⁸

173 1032 261 1099 τῆς
299 1028 407 1080 τῶν
446 1026 852 1097 Ἱεροσολύμων
892 1027 1186 1098 ἐκυρίευσε
1225 1026 1457 1092 πόλεως,
1488 1026 1626 1080 ἀλλὰ
1652 1025 1748 1080 καὶ

172 1121 253 1175 τοῦ
287 1119 472 1181 ἐθνους
512 1118 740 1182 παντός.
786 1117 897 1172 Καὶ
933 1118 1022 1172 τόν
1069 1133 1129 1171 τε
1185 1119 1321 1171 ναίιν
1382 1117 1617 1186 ἐσύλησε
1651 1119 1747 1171 καὶ

173 1213 368 1283 ἐμίανε,
424 1211 566 1276 σύας
601 1213 661 1265 ἐν
712 1212 862 1283 αύτῷ
905 1211 1096 1280 θύσας,
1150 1215 1246 1268 καὶ
1298 1212 1382 1285 τῷ
1433 1214 1518 1268 Διὶ
1562 1213 1746 1284 βωμὸν

175 1305 539 1377 ἱδρυσάμενος,
599 1305 662 1357 τὸ
703 1304 858 1369 ἔθνος
905 1305 1030 1360 ὅλον
1081 1305 1380 1376 ἑλληνίζειν
1440 1306 1742 1377 ἠνάγκαζε,

174 1398 379 1451 κωλύων
430 1397 636 1462 αὐτοὺς
677 1398 1028 1470 περιτέμνειν
1069 1398 1139 1453 τὰ
1203 1399 1434 1472 ἄρρενα.
1481 1398 1594 1471 Τὴν
1635 1399 1744 1470 γὰρ

173 1490 298 1544 κατὰ
345 1489 442 1542 τοῦ
501 1489 644 1543 Θεοῦ
701 1491 904 1562 μανίαν
963 1491 1154 1556 αὐτοῦ,
1213 1493 1275 1546 τὸ
1325 1492 1742 1564 Ἔμεγαλύνθη

172 1585 267 1649 ἕως
295 1581 405 1650 τῆς
453 1581 771 1652 δυνάμεως
822 1582 930 1636 τοῦ
987 1583 1273 1652 οἰφανοῦ,
1343 1585 1740 1640 ὑπαινίττεται.

174 1677 232 1729 Τὸ
256 1675 332 1741 δέ,
367 1677 646 1728 Ἔπεσον
671 1674 793 1729 ἀπὸ
843 1674 955 1743 τῆς
999 1674 1309 1746 δυνάμεως
1337 1677 1435 1731 καί
1475 1677 1594 1733 ἀπὸ
1625 1676 1744 1731 τῶν

173 1768 424 1838 ἀστέρων
450 1768 556 1822 ἐπὶ
585 1767 704 1836 τὴν
732 1766 875 1838 γῆν,
901 1769 1001 1823 καί
1035 1769 1472 1837 συνεπάτησεν
1495 1771 1740 1836 αὐτούς.

173 1862 280 1922 τοὺς
306 1863 370 1914 ἐκ
404 1859 502 1914 τοῦ
566 1858 867 1914 Ἰουδαϊκοῦ
923 1859 1057 1916 λαοῦ
1095 1862 1477 1932 ἀσεϐήσαντας
1528 1862 1617 1916 διὰ
1643 1863 1742 1935 τὴν

173 1954 224 2019 ἐξ
266 1954 476 2007 ἐκείνου
530 1954 887 2026 ἐπαγομένην
929 1956 1115 2019 αύτοῖς
1165 1922 1418 2026 ἀνάγκην
1458 1922 1632 2026 δηλοῖ,
1691 1922 1741 2008 δι
1777 1922 1816 1978 Β

174 2047 255 2119 τῆς
287 2048 520 2119 νομίμου
564 2049 661 2103 καὶ
684 2049 838 2112 θείας
864 2049 1146 2120 διαγωγῆς
1203 2049 1622 2112 ἐκπεπτώκασι,
1664 2047 1744 2121 τῷ

175 2143 400 2213 τυράννῳ
430 2141 784 2208 ὑπείξαντες,
813 2144 910 2198 καὶ
961 2143 1052 2196 ὑπ’
1083 2141 1295 2198 ἐκείνου
1357 2141 1745 2213 συμπατηθέν-

175 2251 271 2298 τες.
318 2233 585 2302 ’Δστέρες
620 2234 668 2288 δ’
697 2234 1031 2306 ἐκλήθησαν,
1065 2235 1154 2290 διὰ
1192 2235 1255 2288 τὸ
1309 2233 1412 2303 τῆς
1460 2232 1744 2297 εύσεὸείας

178 2325 396 2396 καθαρὸν
429 2325 526 2380 καὶ
563 2325 990 2397 ὑπέρλαμπρονο
1029 2327 1062 2397 ἢ
1089 2327 1173 2380 ὅτι
1194 2326 1273 2397 τῷ
1300 2325 1744 2397 Ἀϐραὰμὸθεὸς

176 2417 526 2488 ἐπηγγείλατο
557 2417 836 2488 πληθῦναι
865 2418 926 2473 τδ
952 2421 1176 2490 σπέρμα
1193 2417 1360 2473 αὑτοῦ
1389 2419 1465 2484 ὡς
1482 2419 1551 2472 τὰ
1568 2419 1744 2489 ἄστρα

175 2509 255 2563 τοῦ
276 2508 526 2580 οὐρανοῦ.
551 2511 666 2567 Kal
694 2511 807 2578 ἕως
835 2510 942 2566 τοῦ
961 2511 1270 2580 ἄρχοντος
1301 2510 1415 2581 τῆς
1437 2510 1744 2580 δυνάμεως

176 2603 386 2672 ἰδρύθη.
421 2605 532 2658 Καὶ
563 2606 694 2658 κατ’
716 2604 886 2660 αὐτοῦ
914 2607 1024 2676 γὰρ
1054 2605 1146 2660 τοῦ
1187 2605 1326 2660 Θεοῦ
1353 2603 1616 2676 ἐλύττησε
1644 2603 1740 2658 τοῦ

181 2696 416 2767 ἄρχοντος
469 2697 588 2751 τῶν
620 2698 730 2753 άνω
755 2697 1061 2768 δυνάμεων.
1132 2697 1243 2752 Καὶ
1302 2698 1485 2753 θυσία
1532 2695 1744 2765 ἐταρά-

177 2792 274 2857 χθη
311 2790 602 2858 πτώματι,
654 2789 752 2844 καί
811 2789 1090 2860 ἐγενήθη,
1143 2789 1242 2844 καί
1290 2787 1586 2856 εὐωδὼθη,
1647 2786 1744 2842 καί

177 2879 328 2949 ἐδόθη
392 2882 494 2936 ὲπί
544 2881 669 2952 τὴν
756 2882 981 2938 θυσίαν
1031 2883 1312 2951 ἁμαρτία,
1372 2881 1472 2936 καί
1531 2881 1744 2951 ἐρρίφη

178 2973 335 3042 χαμαί
407 2975 801 3043 δικαιοσύνη.
867 2973 1324 3045 ’Δπηγορευμένα
1375 2973 1486 3044 γὰρ
1549 2974 1742 3039 θύσας,

181 3063 384 3135 ἐτάραξε
436 3065 536 3137 τὴν
596 3065 811 3134 θυσίαν,
874 3066 992 3121 ἀντὶ
1044 3064 1164 3132 τοῦ,
1202 3066 1480 3138 συνέχεεν,
1527 3065 1741 3136 ἐμίανε.

186 3158 434 3226 Πτὼματα
476 3160 534 3212 δὲ
588 3160 718 3223 τοὺς
781 3159 918 3223 σύας
963 3159 1136 3228 λέγει,
1195 3161 1288 3213 καὶ
1331 3158 1614 3230 ἁμαρτίαν
1651 3157 1745 3211 ἐπὶ

1850 680 1974 718 usus
1996 671 2093 728 est,
2129 671 2176 716 et
2194 662 2380 716 datum
2412 671 2489 717 est
2505 664 2577 717 ad
2597 665 2864 720 victimam
2889 676 3184 737 peccatum,
3214 674 3263 720 et
3291 667 3436 721 humi

1847 758 2056 826 objecta
2095 764 2172 810 est
2194 757 2431 826 justitia.
2465 756 2601 812 Nam
2637 773 2762 813 cum
2801 759 3094 815 interdicta
3129 760 3437 816 sacriﬁcas-

1849 859 1954 915 set,
1989 851 2231 907 turbavit
2269 850 2624 919 sacriﬁcium,
2683 852 2787 907 hoc
2811 861 2918 914 est,
2962 853 3232 914 confudit,
3274 853 3430 924 132

1848 943 2066 1013 polluit.
2109 942 2390 998 Cadavcra
2429 958 2626 1012 porcos
2677 944 2924 998 nominat
2965 963 2980 999 :
3038 952 3094 998 et
3143 956 3428 1013 peccatum

1849 1034 1904 1089 in
1937 1033 2230 1096 sacriﬁcio.
2259 1033 2486 1090 violatas
2517 1035 2586 1090 ab
2614 1051 2682 1090 eo
2714 1036 2882 1106 leges.
2912 1037 3221 1106 Proiectam
3281 1036 3431 1090 humi

1843 1125 2112 1198 justitiam
2140 1124 2295 1191 dicit,
2326 1125 2398 1180 ob
2433 1135 2747 1197 contempta
2797 1128 3050 1184 instituta
3103 1129 3296 1198 patria.
3349 1127 3436 1184 Si-

1845 1217 2177 1290 gniﬁcantur
2206 1221 2372 1272 etiam
2403 1218 2622 1288 iniustae
2651 1220 2828 1274 caedes
2857 1235 3070 1286 eorum,
3091 1221 3185 1290 qui
3226 1223 3294 1276 ab
3326 1223 3434 1276 im-

1845 1309 2050 1379 pietate
2083 1307 2517 1364 abhorruerunt.
2569 1308 2676 1364 Sed
2721 1312 2994 1380 quamvis,
3061 1312 3262 1382 inquit,
3314 1314 3433 1370 haec

1845 1408 2054 1471 ageret,
2098 1408 2313 1469 tamque
2341 1399 2509 1469 impie
2536 1415 2594 1455 se
2616 1410 2836 1472 gereret
2860 1402 3190 1467 Antiochus,
3246 1411 3430 1458 tamen

1846 1494 2015 1549 rebus
2039 1491 2302 1548 secundis
2330 1507 2464 1547 usus
2490 1501 2596 1546 est.
2631 1491 2728 1548 llis
2777 1493 3002 1564 subiicit
3056 1494 3246 1549 Daniel
3292 1511 3306 1548 :
3361 1495 3428 1548 Et

1844 1586 1978 1640 dixit
2009 1601 2143 1639 unus
2171 1596 2386 1638 sanctus
2422 1583 2725 1649 Phclmuni,
2763 1583 2991 1649 Quando
3051 1587 3264 1640 tandem
3297 1588 3428 1640 visio

1845 1677 2256 1733 terminabitur?
2287 1685 2335 1730 et
2361 1675 2632 1730 sublatum
2683 1677 3034 1746 sacriﬁcium,
3066 1688 3114 1731 et
3157 1689 3432 1749 peccatum

1843 1771 2154 1824 vastationis
2187 1784 2497 1822 concessum
2521 1768 2548 1821 Ρ
2589 1767 2644 1822 Is
2679 1769 2813 1822 dixit
2842 1771 2892 1823 ei
2928 1785 2948 1825 :
3005 1769 3176 1841 Usque
3217 1772 3288 1824 ad
3317 1787 3432 1825 ves-

1844 1877 2026 1932 peram
2057 1868 2105 1913 et
2139 1875 2315 1923 mane,
2345 1860 2454 1914 dies
2495 1859 2570 1914 bis
2599 1860 2746 1914 mille
2777 1870 2825 1915 et
2861 1863 3102 1928 trecenti,
3164 1871 3289 1916 tunc
3348 1879 3434 1916 re-

1845 1951 2162 2026 purgabitur
2189 1962 2454 2008 sanctum.
2485 1951 2568 2006 Ad
2602 1953 2940 2023 Prophetam
2965 1969 3033 2008 ex
3076 1953 3289 2009 visione
3323 1953 3433 2008 sol-

1845 2046 2059 2101 licitum
2097 2045 2394 2100 mittuntur
2425 2045 2629 2116 angeli,
2663 2046 2757 2116 qui
2782 2047 2833 2101 ei
2869 2046 3203 2117 signiﬁcent,
3265 2045 3431 2101 ﬁnem

1842 2153 2218 2194 aerumnarum
2272 2137 2415 2205 fore,
2486 2147 2544 2194 et
2592 2147 2812 2208 tempus
2843 2155 2968 2194 eum
3018 2138 3273 2204 doceant,
3319 2153 3432 2208 quo

1845 2231 2107 2287 desitura:
2131 2230 2262 2285 sint.
2305 2229 2374 2285 Et
2431 2229 2572 2285 alius
2625 2231 2794 2284 alium
2844 2229 3266 2300 interrogabat:
3300 2243 3428 2284 nam

1845 2323 2161 2389 Pliclmuni,
2192 2322 2436 2393 aliquem
2477 2322 2772 2393 signiﬁcat.
2815 2323 3061 2394 Rogabat
3090 2333 3274 2378 autem
3316 2336 3429 2375 non

1845 2425 1907 2473 ut
1935 2417 2182 2488 ignarus,
2215 2414 2312 2471 sed
2353 2423 2414 2472 ut
2461 2415 2651 2470 Daniel
2685 2424 3066 2485 cognosceret.
3120 2413 3225 2482 Qui
3274 2426 3434 2482 roga.

1843 2508 2029 2575 batur,
2069 2503 2414 2577 respondet:
2449 2504 2580 2560 Dies
2618 2503 2706 2559 bis
2727 2504 2877 2558 mille
2905 2503 3136 2558 trecenti
3163 2497 3428 2571 usquead

1842 2610 2134 2668 vesperam
2175 2604 2231 2650 et
2280 2607 2465 2658 mane,
2532 2603 2648 2648 tum
2703 2592 3096 2663 repurgabitur
3151 2598 3426 2645 sanctum.

1843 2689 2146 2760 Vesperam
2173 2691 2344 2762 igitur
2395 2689 2615 2745 vocavit
2649 2687 2983 2759 principium
3025 2683 3430 2748 molestiarum,

1844 2791 1942 2836 aut
1975 2789 2163 2836 totum
2219 2793 2439 2855 tempus
2459 2796 2649 2838 earum
2712 2785 2862 2850 (nam
2904 2777 3172 2833 molestiae
3198 2774 3346 2829 nocti
3373 2783 3432 2828 et

1846 2872 2094 2930 tenebris
2127 2887 2542 2946 comparantur,
2565 2888 2750 2939 mane,
2785 2881 3042 2943 pacatum
3070 2877 3274 2924 statum
3306 2874 3432 2936 post

1845 2967 2205 3024 calamitates.
2237 2968 2415 3026 Verba
2454 2967 2626 3038 igitur
2647 2965 2740 3020 illa
2768 2963 2874 3018 hoc
2897 2962 3110 3018 volunt.
3137 2961 3176 3014 A
3215 2957 3425 3029 princi-

1845 3059 1938 3129 pio
1958 3059 2232 3115 malorum
2259 3076 2436 3132 usque
2453 3060 2520 3115 ad
2540 3073 2735 3116 eorum
2762 3057 2948 3122 ﬁnem,
2973 3063 3184 3111 tantum
3218 3060 3431 3120 tempe.

1846 3153 1927 3208 ris
1958 3154 2227 3210 elabetur.
2267 3154 2394 3210 Dies
2425 3164 2608 3210 autem
2644 3155 2700 3208 in
2738 3167 2914 3207 annos
2969 3148 3201 3212 redacti,
3250 3145 3429 3202 conll-

180 3246 262 3317 τὴν
293 3246 474 3303 θυσίαν
538 3247 647 3319 τὴν
685 3249 775 3302 ἐπ’
814 3251 954 3321 αὐτῇ
1010 3247 1382 3320 παρανομίαν.
1429 3246 1528 3301 Διὰ
1545 3246 1600 3301 δὲ
1623 3245 1742 3311 τοῦ,

1847 3245 2004 3301 ciunt
2034 3261 2130 3302 sex
2171 3260 2411 3314 menses,
2463 3257 2519 3302 et
2571 3260 2748 3302 annos
2807 3242 3063 3305 totidem,
3113 3236 3422 3296 secundum

181 3327 386 3410 Ἐρῤίφη
406 3341 589 3412 χαμαὶ
616 3340 954 3412 δικαιοσύνη,
989 3341 1024 3410 ἠ
1045 3339 1154 3394 τῶν
1186 3339 1434 3410 νομίμων
1459 3338 1734 3410 ἀθέτησις,

185 3430 262 3481 καὶ
283 3431 328 3483 οἱ
383 3431 560 3486 ἄδικοι
629 3430 785 3502 φόνοι
838 3429 1129 3502 δηλοῦνται
1171 3429 1282 3484 τῶν
1344 3429 1614 3500 ἀσεϐῆσαι
1662 3429 1738 3500 μὴ

185 3522 638 3595 καταδεξαμένων.
715 3523 879 3579 Ἀλλά
939 3526 1037 3578 καὶ
1087 3523 1261 3579 ταῦτα
1316 3521 1593 3594 πράττων,
1645 3521 1740 3576 καὶ

181 3609 327 3676 οὕτως
378 3615 595 3668 ἀσεϐῶν
633 3615 662 3669 ὁ
713 3615 1016 3684 ’Δντίοχος,
1065 3613 1353 3679 εὐωδοῦτο,
1380 3613 1568 3683 φησίν.
1611 3613 1740 3666 Ἐπὶ

1843 3339 2118 3394 calculum
2141 3337 2516 3394 Hebraeorum.
2548 3339 2684 3394 Nam
2725 3337 2916 3393 tandiu
2945 3330 3430 3405 viguitcalamitas

1845 3430 2054 3488 Judaeis
2107 3429 2176 3485 ad
2223 3431 2498 3487 Antiocho
2559 3431 2730 3488 illata.
2783 3429 2908 3484 Haec
2954 3426 3165 3482 Danieli
3215 3421 3425 3478 Intelli-

1845 3536 1974 3593 gere
1995 3521 2266 3593 cupienti,
2326 3537 2358 3578 a
2405 3520 2664 3578 Gabriele
2716 3519 3048 3590 archangelo
3079 3525 3211 3574 sunt
3267 3528 3427 3570 reve-

1844 3613 1976 3668 lata.

181 3703 360 3772 τούτοις
384 3710 582 3780 ἐπάγει
610 3711 638 3763 ὁ
671 3709 893 3781 Δανιήλο
933 3709 1042 3764 Καί
1081 3703 1253 3762 εἶπεν
1310 3701 1399 3774 εἷς
1425 3706 1596 3776 ἅγιος
1629 3705 1710 3772 τῷ
1747 3706 2052 3776 Φεαίμουνί
2086 3721 2101 3736 °
2137 3707 2290 3772 Ἕως
2364 3708 2511 3762 πότε
2542 3707 2582 3777 ἠ
2621 3707 2832 3776 ὅρασις
2869 3704 3188 3774 στήσεται.
3238 3698 3340 3756 καί
3388 3701 3427 3769 ἠ

182 3799 334 3853 θυσία
361 3803 397 3869 ἡ
423 3802 700 3871 ἀρθεῖσα,
751 3801 850 3858 καί
883 3803 922 3872 ἡ
961 3801 1218 3871 ἁμαρτία
1237 3798 1346 3868 τῆς
1376 3798 1729 3870 ἐρημώσεως
1769 3799 1808 3868 ἠ
1874 3798 2164 3867 Gothica;
2220 3800 2328 3857 Καὶ
2354 3798 2526 3855 εἷπεν
2553 3799 2740 3866 αὐτῷ·
2783 3795 2941 3864 Ἕως
3004 3793 3268 3864 ἑσπέρας
3321 3791 3426 3847 καί

185 3891 330 3958 πρωῒ,
354 3893 565 3964 ἡμέραι
601 3895 898 3968 δισχίλιαι
949 3894 1047 3950 καί
1085 3895 1440 3964 τριακόσιαι,
1511 3892 1613 3948 καί
1677 3894 2186 3963 καθαρισθήσεται
2255 3895 2322 3950 τὸ
2390 3897 2587 3964 ἅγιον.
2639 3892 2974 3962 Ἀγωνιῶντι
3025 3890 3102 3960 τῷ
3161 3891 3424 3960 προφήτῃ

185 3979 258 4034 διὰ
293 3985 357 4038 τὰ
385 3985 664 4059 ὁρώμενα,
729 3986 1139 4060 ὲπιπέμπονται
1172 3986 1396 4056 ἄγγελοι
1442 3985 1734 4058 δηλοῦντες
1772 3985 1942 4057 αύτῷ,
2007 3986 2091 4040 ὅτι
2151 3987 2303 4050 τέλος
2328 3986 2512 4054 ἕξουσι
2563 3987 2630 4040 τὰ
2657 3985 2916 4056 δυσχερῆ,
2952 3983 3046 4037 καὶ
3075 3982 3170 4035 τὸν
3224 3980 3422 4049 καῖρὸν

185 4077 496 4148 διδάσκοντες
548 4082 652 4152 τῆς
714 4081 896 4136 αὐτῶν
948 4081 1354 4153 παρελεύσεως.
1410 4082 1522 4136 Kal.
1589 4079 1781 4153 ἠρώτα
1819 4081 2006 4152 ἕτερος
2065 4081 2158 4135 τὸν
2188 4081 2396 4152 ἕτερον.
2431 4080 2505 4134 Τδ
2549 4079 2660 4150 γὰρ
2699 4076 2970 4149 Φελμουνὶ
3001 4072 3420 4144 ὲξελληνιξάμε·

183 4189 277 4239 νον,
304 4174 420 4229 τινὰ
451 4175 737 4248 σημαίνει.
775 4173 992 4247 Ἦρὼτα
1022 4173 1081 4229 δὲ
1111 4175 1209 4246 οὐχ
1232 4175 1307 4240 ὡς
1335 4173 1572 4244 ἀγνοῶν,
1606 4173 1724 4228 ἀλλ’
1767 4172 1854 4228 ῐνα
1920 4172 2071 4247 μάθῃ
2130 4174 2159 4228 ὁ
2183 4172 2412 4244 Δνανιήλ.
2473 4172 2532 4226 '0
2559 4171 2605 4224 δ’
2645 4169 3002 4242 ἐρωτώμενος
3053 4167 3414 4237 ἀπεκρίνατο⁶

191 4263 396 4338 Ἡμέραι
435 4269 702 4339 δισχίλιαι
755 4269 849 4322 καλ⁴
876 4267 1194 4338 τριακόσιαι
1223 4269 1328 4334 ἕως
1364 4269 1606 4340 ἑσπέρας
1674 4267 1768 4323 καὶ
1805 4269 1974 4340 πρωὶ,
2014 4267 2110 4321 καὶ
2178 4265 2651 4339 καθαρισθήσεται
2700 4265 2762 4318 τὸ
2808 4264 2984 4333 ἅγιον.
3017 4260 3294 4331 Ἑσπέραν
3313 4260 3416 4329 μὲν

182 4355 259 4412 οὖν
283 4360 496 4415 ἐκάλεσε
539 4361 644 4430 τὴν
673 4361 849 4433 ἀρχὴν
872 4360 984 4417 τῶν
1007 4362 1270 4434 ἀνιαρῶν,
1306 4361 1461 4434 ἦκα).
1515 4361 1636 4416 ὃλον
1696 4362 1788 4418 τὸν
1826 4363 2020 4434 χρόνον
2050 4361 2236 4416 αὐτῶν
2267 4376 2283 4392 ο
2329 4360 2491 4415 νυκτὶ
2554 4361 2664 4431 γὰρ
2711 4359 2808 4413 καὶ
2865 4359 3042 4428 σκότῳ
3079 4355 3152 4410 τά
3203 4355 3424 4425 λυπηρὰ

183 4449 303 4506 ἰοικε
329 4471 343 4485 ο
369 4455 511 4527 πρωῒ
539 4457 601 4511 δέ
635 4456 736 4528 τὴν
773 4457 914 4527 μετά
965 4458 1065 4521 τὰς
1099 4458 1388 4530 συμφορὰς
1439 4458 1726 4530 εἰρηναίαν
1765 4459 2126 4514 κατάστασιν.
2175 4456 2349 4510 Τοῦτο
2387 4456 2573 4510 τοίνυν
2626 4455 2910 4526 σημαίνει,
2949 4454 3000 4507 δί
3067 4445 3145 4508 ῶν
3225 4469 3417 4524 φησιν,

182 4543 366 4600 ascani:
388 4550 486 4618 τῆς
528 4549 641 4603 τῶν
667 4549 856 4604 κακῶν
883 4552 1060 4622 ἀρχῆς
1120 4551 1285 4623 μέχρι
1331 4551 1518 4615 τέλους
1551 4552 1730 4606 αὐτῶν
1767 4553 1926 4616 τόσος
1990 4551 2183 4624 καιρὸς
2246 4550 2666 4624 παρελεύσεται.
2697 4547 3208 4621 Λίδέὴμέραιπρὸς
3235 4549 3420 4602 ἐνιαυ-

183 4635 288 4700 τοὺς
329 4641 727 4713 ἀριθμούμεναι
779 4642 840 4710 ἐξ
877 4642 1204 4698 ἀποτελοῦσι
1239 4643 1443 4715 μῆνας,
1483 4645 1578 4698 καὶ
1612 4644 1937 4715 ἰσαρίθμους
2003 4645 2310 4709 ἐνιαυτοὺς,
2337 4644 2479 4698 κατὰ
2523 4640 2625 4714 τὴν
2698 4642 2808 4696 τῶν
2893 4641 3166 4710 Ἐδραίων
3212 4639 3416 4711 ψῆφον.

196 4730 299 4786 ἐπὶ
325 4737 574 4792 τοσοῦτον
625 4738 738 4808 γὰρ
776 4738 810 4808 η
860 4739 950 4790 ἐπ’
975 4738 1258 4808 Ἀντιόχου
1309 4741 1424 4802 τοῖς
1457 4738 1738 4800 Ἰουδαίοις
1780 4738 2140 4810 ἐπενεχθεῖσα
2204 4737 2465 4811 συμφορὰ
2487 4735 2856 4808 ἐπεκράτησε.
2889 4734 3076 4788 Ταῦτα
3139 4733 3295 4804 παρὰ
3325 4735 3420 4789 τοῦ

187 4826 491 4896 ἀρχαγγέλου
532 4830 777 4902 Γασριὴλ
799 4830 877 4897 τῷ
913 4831 1168 4903 προφήτῃ
1196 4829 1452 4903 ζητοῦντι
1469 4830 1686 4884 σύνεσιν
1726 4832 1964 4902 ἐμυήθη.

243 4917 312 4973 Θ.
344 4918 471 4977 Εἶτα
507 4923 599 4978 διὰ
658 4925 759 4996 τὴν
820 4924 929 4978 τῶν
992 4923 1286 4996 ὁμοφύλων
1328 4923 1729 4996 αἰχμαλωσίαν,

1908 4924 2002 4979 IX.
2032 4924 2238 4980 Deinde
2259 4923 2460 4978 iterum
2488 4921 2592 4977 sub
2621 4920 2783 4976 Dario
2815 4921 3099 4977 Medorum
3138 4920 3414 4991 principe.

189 5008 266 5063 ἐπὶ
301 5015 516 5084 Δαρείου
555 5017 723 5072 πάλιν
783 5016 879 5071 τοῦ
934 5019 1139 5089 Μήδων
1202 5019 1486 5090 ἄρχοντος,
1523 5019 1583 5083 ὃς
1640 5020 1738 5073 xai.

1845 5017 1954 5094 {qui
1979 5027 2034 5072 et
2069 5017 2344 5090 Cyaxares
2369 5027 2428 5072 et
2463 5015 2790 5086 Assuerus,)
2817 5015 3071 5086 Astyagis
3109 5015 3243 5078 tilio,
3276 5017 3416 5071 Pro-

194 5097 454 5176 Κυαξάρης
505 5107 814 5178 ὼνόμαστο,
860 5109 957 5162 καὶ
1020 5107 1342 5180 Ἀσούηρος,
1405 5110 1737 5180 Ἀστυάγους

1845 5111 2057 5182 phetam
2089 5109 2437 5180 pOpularium
2485 5122 2712 5164 suorum
2772 5109 3148 5180 captivitatem
3199 5110 3412 5164 lamen-

191 5186 252 5241 ὢν
283 5192 406 5259 υίὸς,
429 5195 522 5250 τοῦ
573 5197 860 5268 προφήτου
923 5197 1278 5269 θρηνοῦντος,
1337 5200 1434 5253 καὶ
1466 5200 1563 5255 τοῦ
1597 5201 1734 5256 Θεοῦ

1845 5212 2064 5270 tantem,
2119 5211 2175 5258 et
2203 5203 2382 5256 Deum
2429 5200 2840 5272 deprecantem,
2871 5202 3054 5272 attigit
3079 5202 3162 5256 vir
3187 5201 3411 5270 quidam

190 5277 440 5352 δεομένου,
465 5289 646 5358 ἣψατό
664 5307 750 5353 τις
773 5290 936 5361 ἀνὴρ,
955 5283 998 5358 ᾧ
1015 5290 1186 5362 ὄνομα
1224 5291 1488 5362 Γαόριήλ.
1519 5293 1736 5364 ’Ἥψατο

1845 5297 2052 5351 moxuinc
2086 5294 2332 5350 Gabriel.
2371 5293 2572 5364 Attigit
2607 5301 2793 5347 autem
2821 5293 2926 5347 sub
2958 5303 3174 5362 tempus
3200 5291 3410 5346 sacriﬁ-

193 5370 239 5424 δέ
263 5375 415 5431 αὐτοῦ
444 5381 578 5434 ὡσεὶ
616 5382 769 5451 ὥραν
799 5380 992 5446 θυσίας
1013 5383 1328 5454 ἑσπερινῆς,
1361 5383 1394 5455 ἢ
1446 5384 1590 5438 κατὰ
1637 5384 1730 5440 τὸν

1845 5389 1900 5444 :ii
1945 5386 2267 5459 vespertini,
2291 5385 2411 5442 sive
2449 5395 2666 5456 tempus
2706 5385 3010 5456 vespertini
3039 5385 3220 5440 cultus
3243 5383 3409 5438 intel-

195 5468 358 5537 καιρὸν
390 5473 484 5540 τῆς
527 5477 586 5528 ἐν
638 5475 852 5545 ἑσπέρᾳ
902 5475 1182 5547 λατρείας,
1227 5476 1260 5543 ἢ
1320 5475 1416 5530 ἐπὶ
1456 5477 1733 5548 τοσαύτην

1853 5482 2050 5552 igatur,
2093 5481 2212 5536 sive
2259 5489 2472 5535 tantum
2512 5479 2774 5548 spatium,
2829 5487 3036 5547 quanto
3069 5476 3406 5531 sacriﬁcium

196 5552 319 5644 ἦραν
345 5562 422 5631 ἐφ’
464 5566 594 5635 ὅσην
645 5568 682 5635 ἡ
724 5567 990 5638 ἐσπερινὴ
1037 5567 1276 5622 ἐτελεῖτο
1320 5568 1590 5640 λατρεία.ἰ
1619 5571 1733 5624 Καὶ

1845 5574 2209 5643 vespertinum
2278 5573 2566 5644 peragitur
2620 5589 2635 5626 :
2681 5581 2738 5626 et
2800 5571 2878 5624 ait
2932 5569 3140 5624 Danieli
3187 5585 3203 5622 :

3253 5567 3408 5624 Nunc

197 5638 296 5698 εἷπε
317 5651 385 5722 τῷ
399 5657 612 5726 Δανιὴλ·
638 5658 772 5713 Νῦν
791 5658 1056 5727 ἐξῆλθον
1072 5638 1441 5728 συμϐιϐάσαι
1458 5676 1557 5716 σοι
1585 5661 1736 5716 σύν·

1845 5638 2060 5734 tgressus
2090 5682 2210 5719 sum
2378 5638 2712 5718 tribuendam
2741 5661 2837 5716 tibi
2863 5660 3296 5730 intelligentiam,
3354 5669 3405 5714 ct

197 5751 327 5806 εσιν.
351 5749 441 5802 καί
461 5750 808 5822 ἀναγγεῖλαί
838 5768 960 5818 σοι,
986 5752 1080 5808 ὅτι
1121 5753 1280 5823 ἀνὴρ
1320 5752 1649 5824 ἐπιθυμιῶν
1680 5750 1742 5810 εἰ

1845 5755 1901 5807 τά
1929 5754 2380 5820 annuuttandum,
2412 5756 2540 5824 quia
2584 5755 2664 5808 vir
2707 5751 3084 5805 desideriorum
3125 5767 3198 5807 es.
3227 5750 3407 5817 Quare

200 5828 284 5918 σύ.
304 5835 402 5890 Kat
425 5839 739 5909 ἐννοήθητι
756 5843 826 5898 ἐν
839 5842 919 5910 τῷ
933 5845 1175 5916 ῥήματι.
1198 5844 1504 5911 καὶσύνες
1544 5845 1616 5899 ἐν
1659 5845 1734 5915 τῇ

1845 5848 2109 5903 :onsidera
2157 5862 2277 5918 qua:
2309 5847 2581 5912 dicuntur,
2617 5855 2666 5899 et
2711 5845 2956 5900 visionem
2995 5843 3227 5916 inleltige
3253 5859 3271 5900 .'
3299 5846 3405 5902 hoc

201 5916 438 5995 ὀπτασίᾳ·
453 5932 568 5989 ἀντὶ
589 5933 706 6002 τοῦ,
746 5933 1018 6009 Ἀκριὸιὶς
1045 5935 1281 6010 πρόσχες
1333 5939 1447 6004 τοῖς
1504 5936 1736 6009 λεγομέα

1845 5948 1936 6010 :st,
1967 5916 2178 6001 attente
2229 5940 2501 5998 ausculta.
2561 5937 2701 5996 Nam
2737 5935 2905 5995 verba
2955 5936 3198 5997 obscura
3242 5944 3400 6006 sunt,
