3910 6574
221 333 342 402 257

1477 335 1765 402 ANNALI
1775 337 1891 400 ΠΜ
1931 336 2083 400 LIB.
2125 338 2247 402 III.

3367 345 3482 412 258

213 451 316 516 λος
344 449 523 519 ἔλεγε,
546 443 656 504 Kal
677 443 834 518 μετᾶ
861 445 971 516 τὰς
994 445 1337 520 ἑϐδομάδας
1364 447 1475 516 τὰς
1501 449 1809 520 eliquaret:-

1926 453 2105 523 legem
2146 456 2451 520 ungentur,
2499 448 2595 521 qui
2647 449 2811 522 potiti
2863 451 2962 508 illo
3009 451 3238 510 fuerint.
3296 457 3489 529 Neque

211 544 338 599 δύο
393 539 969 610 ἐξολοθρευθήσεται
1007 542 1260 612 χρίσμα,
1314 541 1416 596 και
1467 543 1647 613 κρῖμα
1696 545 1810 598 οὐκ

209 636 405 692 ἐστιν
433 635 504 690 ἐν
526 633 708 700 αὐτῷ.
733 633 883 690 Ἀντὶ
908 634 1024 698 τοῦ,
1043 634 1491 707 Διαφθαρησεται
1519 635 1580 688 τὸ
1599 636 1810 708 χρίσμα

208 729 320 800 τῆς
355 723 800 798 ἀρχιερωσύνης.
835 724 1180 797 Παρανόμως
1219 726 1330 796 γὰρ
1357 726 1669 796 χριομένων
1698 726 1810 782 τῶν

207 821 295 884 είς
335 819 517 890 αὐτὴν
569 815 1088 891 προϐιϐαζομένων,
1145 817 1272 872 οὐδὲ
1319 819 1382 872 τὸ
1433 819 1646 892 χρίσμα
1706 819 1810 891 τῆν

205 912 432 968 οἰκείαν
452 907 600 981 εἶχεν
630 909 808 982 ἰσχὺν,
835 909 972 964 ἀλλὰ
1001 909 1462 982 παρεφθαρμένον
1490 909 1549 964 δν
1587 911 1806 982 ημοίρει

205 1003 310 1073 τῆς
353 1002 513 1067 θείας
558 1003 804 1073 χάριτος.
853 1001 948 1055 Διὸ
998 1004 1093 1054 καὶ
1141 1003 1392 1072 ἐπήγαγε
1429 1015 1446 1031 ⁸
1473 1002 1584 1056 Καὶ
1633 1003 1808 1074 κρῖμα

204 1097 315 1148 οὐκ
346 1094 506 1148 ἐστιν
541 1097 601 1149 ἐν
635 1092 809 1163 αύτῷ,
865 1091 1168 1160 τουτέστιν,
1200 1092 1262 1145 ού
1293 1092 1437 1146 κατά
1483 1092 1668 1164 κρίσιν
1713 1092 1808 1147 καὶ

202 1188 553 1258 δοκιμασίαν
594 1187 872 1258 γινόμενοι
921 1184 1163 1252 ἔσονται,
1195 1184 1316 1239 ἀλλ’
1356 1183 1617 1257 ἀκρίτως,
1658 1183 1808 1255 natat

204 1281 410 1352 χάριν,
439 1280 474 1348 ἢ
501 1279 588 1332 διὰ
617 1281 904 1350 χρήματα.
940 1276 1163 1329 Τούτων
1207 1275 1255 1328 δ’
1306 1273 1450 1329 οὕτω
1477 1275 1804 1347 γινομένων,

201 1373 302 1425 καὶ
331 1373 398 1424 αἱ
425 1371 568 1424 ἑπτὰ
615 1369 1014 1441 παρερῤύησαν
1058 1367 1376 1439 ἐϐδομάδες,
1405 1369 1568 1438 μέχρι
1595 1368 1692 1438 τῆς
1711 1367 1805 1422 τοῦ

199 1464 430 1534 Κυρίου
461 1464 788 1533 ἐπιφανείας
823 1462 1024 1535 δηλαδὴ
1047 1461 1433 1531 διαρκέσασαι.
1473 1460 1536 1514 'll
1567 1461 1670 1531 μὲν
1708 1457 1804 1516 οὖν

197 1558 481 1630 διαίρεσις
509 1558 621 1611 τῶν
647 1556 1010 1629 ἑξηκονταδύο
1058 1555 1369 1625 ἑϐδομάδων
1415 1555 1510 1608 καὶ
1534 1556 1644 1610 τῶν
1667 1555 1808 1610 ἑπτὰ.

195 1650 286 1704 διὰ
335 1650 528 1705 ταῦτα
591 1651 840 1720 γέγονεν.
873 1649 1028 1702 Ἐπεὶ
1085 1649 1144 1702 δὲ
1193 1647 1329 1720 πρὸς
1377 1647 1477 1712 τὰς
1522 1648 1582 1714 ἐξ
1629 1649 1806 1719 ἀρχῆς

195 1748 521 1820 εἰρημένας
578 1745 953 1816 ἐϐδομήκοντα
1003 1743 1308 1814 ἑϐδομάδας
1367 1742 1448 1796 ἔτι
1495 1743 1593 1813 μία
1641 1742 1804 1812 λοιπὴ

194 1809 656 1911 πέρίλέλειπται,
674 1809 917 1908 καὶπερὶ
936 1809 1155 1906 ἐκείνης
1175 1835 1398 1906 είρηκεν
1416 1834 1446 1888 ό
1464 1809 1803 1905 ἀρχάγγελος
1835 1809 1878 1868 Β

192 1931 422 1986 ταῦτα’
466 1931 581 1985 Kal
643 1929 985 1999 δυναμώσει
1041 1928 1156 1998 τὴν
1211 1927 1507 1997 διαθήκην
1553 1929 1806 1994 πολλοῖς

194 2025 472 2095 ἑϐδομὰς
495 2091 497 2093 ι
521 2024 654 2096 μία,
701 2023 802 2078 καί
844 2023 915 2078 ἐν
955 2020 1036 2088 τῷ
1074 2023 1282 2093 ἡμίσει
1322 2019 1434 2091 τῆς
1475 2019 1806 2092 ἑϐδομάδος

193 2120 544 2190 ἀρθήσεται
575 2119 783 2184 θυσία,
823 2119 924 2172 καὶ
971 2116 1239 2188 σπονδὴ,
1288 2118 1386 2172 καί
1428 2118 1528 2172 ἐπὶ
1570 2118 1806 2184 τούτοις

191 2212 293 2267 ἐπὶ
345 2214 424 2267 τὸ
470 2212 636 2282 ἱερὸν
657 2212 978 2282 βδέλυγμα
1011 2209 1117 2279 τῆς
1149 2208 1524 2282 ἐρημώσεως,
1557 2209 1656 2264 καί
1694 2209 1806 2277 ἕως

194 2307 578 2374 συντελείας
602 2305 808 2375 καιροῦ
839 2303 1165 2360 συντέλεια
1215 2303 1538 2372 δοθήσεται
1566 2303 1665 2358 ἐπὶ
1690 2303 1807 2372 τὴν

193 2400 543 2472 ἐρήμωσιν.
593 2399 659 2455 Ἦ
709 2399 896 2470 λοιπὴ,
925 2399 1116 2470 φησὶν,
1144 2396 1402 2469 ἑϐδομὰς,
1441 2399 1477 2468 η
1523 2397 1664 2468 μετὰ
1705 2396 1806 2461 τὰς

196 2496 490 2565 ἐξήκοντα
535 2494 635 2548 καὶ
687 2492 866 2558 ἐννέα,
915 2492 1014 2562 τὴν
1056 2489 1252 2562 καινὴν
1296 2489 1564 2561 διαθήκην
1597 2488 1807 2556 εἰσάξει

199 2589 449 2660 ἰσχυρὰν
480 2587 680 2653 οὕτως,
707 2586 783 2650 ὡς
811 2584 880 2640 δι’
911 2585 1085 2656 αὐτῆς
1117 2583 1372 2655 ἀρθῆναι,
1402 2582 1710 2646 τουτέστιν,
1741 2582 1806 2634 ἐκ

200 2682 382 2751 μέσου
415 2679 677 2750 γενέσθαι
705 2680 805 2742 τὰς
846 2677 1063 2742 Θυσίας,
1104 2676 1327 2740 καὶτὰς
1364 2675 1599 2740 σπονδάς
1638 2677 1696 2729 ἐν
1726 2673 1808 2745 τῷ

194 2771 408 2844 ἡμίσει
439 2771 543 2842 τῆς
569 2770 885 2841 ἑϐδομάδος.
911 2767 1070 2824 Μετὰ
1094 2766 1204 2837 γάρ
1224 2766 1286 2820 τὸ
1315 2765 1600 2837 βάπτισμα
1622 2765 1651 2817 ὸ
1671 2766 1808 2837 Χρι-

199 2863 356 2928 στὸς,
392 2862 493 2915 ἐπὶ
518 2861 762 2932 τριετίαν
796 2859 892 2914 καὶ
926 2859 1184 2912 ἐπέκεινα
1213 2856 1457 2932 διδάξας,
1476 2855 1572 2911 καὶ
1599 2858 1804 2926 σημεῖα

197 2953 658 3024 ἐπιδειξάμενος,
688 2951 862 3017 οὕτως
893 2952 989 3005 ἐπὶ
1020 2950 1081 3006 τὸ
1115 2949 1286 3012 πᾶθος
1312 2944 1468 3021 ἦλθε,
1502 2949 1599 3002 καὶ⁸
1631 2948 1800 3003 αὐτοῦ

198 3046 475 3111 τυθέντος
501 3045 642 3118 ὑπὲρ
678 3044 774 3099 τοῦ
810 3045 1018 3116 κόσμου
1064 3043 1291 3108 παντὸς,
1317 3041 1414 3096 τοῦ
1457 3041 1658 3113 Ἀμνοῦ
1703 3041 1802 3094 τοῦ

202 3139 348 3194 Θεοῦ
380 3139 484 3192 τοῦ
514 3141 767 3210 αἴροντος
795 3139 895 3210 τὴν
929 3136 1210 3208 ἁμαρτίαν
1232 3135 1328 3189 τοῦ
1351 3135 1632 3207 κόσμουμί]
1662 3135 1803 3189 κατὰ
1827 3150 1874 3214 C

201 3233 382 3305 νόμον
418 3232 584 3286 θυσία
623 3231 860 3304 ἐπαύθη,
891 3230 990 3285 καὶ
1031 3231 1064 3301 ἠ
1118 3229 1342 3300 σπονδή.
1381 3229 1494 3282 Καὶ
1517 3228 1675 3282 ἔθυον
1717 3228 1808 3280 ἑκ-

198 3342 324 3380 τοτε
365 3326 422 3378 οί
473 3324 746 3392 Ἰουδαῖοι,
778 3326 903 3378 ἐπεὶ
940 3324 1034 3376 καὶ
1081 3322 1162 3376 ἔτι
1204 3321 1396 3376 θύουσι
1445 3322 1802 3392 παρανόμως,

200 3418 321 3472 ἀλλ’
349 3418 732 3490 άπρόσδεκτος
768 3412 838 3489 ἦν
870 3416 904 3487 ἡ
930 3415 1158 3469 ἐκείνων
1188 3413 1351 3468 θυσία
1387 3415 1484 3468 καὶ
1511 3415 1544 3486 η
1581 3411 1804 3482 σπονδή.

201 3513 314 3566 Καὶ
378 3510 562 3576 ἄλλως
613 3510 670 3564 δέ
718 3511 801 3577 τὸ,
858 3506 1188 3580 Δυναμώσει
1239 3505 1510 3577 διαθήκην
1564 3502 1806 3570 πολλοῖς,

201 3603 631 3676 ἰκληφθήσεται
666 3602 792 3658 ἀντὶ
833 3599 955 3668 τοῦ,
983 3598 1260 3663 Δυνατοὺς
1297 3599 1425 3661 τοὺς
1455 3595 1637 3668 ἱεροὺς
1665 3595 1817 3649 ἀπο-

203 3699 443 3760 στόλους
484 3696 568 3760 είς
615 3697 677 3750 τδ
704 3695 976 3766 κήρυγμα
1014 3694 1049 3765 ἠ
1091 3690 1330 3763 ἑϐδομὰς
1357 3689 1544 3761 ἐκείνη
1569 3689 1808 3760 ἐργάσεο

203 3809 317 3849 ται.
357 3792 463 3855 El;
499 3787 594 3844 δύο
623 3787 732 3860 γὰρ
769 3787 868 3860 τὴν
903 3785 1176 3858 ἑϐδομάδα
1219 3783 1476 3855 φαίνεται
1507 3781 1736 3854 διαιρῶν
1779 3783 1810 3838 ὁ

208 3882 601 3958 ἀρχάγγελος,
636 3882 716 3946 εἰς
768 3882 863 3936 τὸν
920 3879 1074 3952 παρά
1131 3878 1222 3934 τοῦ
1275 3877 1512 3945 Πάθους,
1563 3876 1659 3931 καὶ
1716 3876 1810 3932 τὸν

207 3982 362 4052 μετά
393 3977 458 4033 τὸ
497 3976 674 4036 Πάθος
714 3975 932 4045 καιρόν.
982 3973 1119 4045 Περὶ
1146 3973 1257 4044 γὰρ
1285 3973 1353 4026 τὰ
1381 3971 1509 4045 τρία
1540 3969 1638 4042 ἐτη
1671 3969 1811 4042 πρὸς

206 4073 282 4145 τῷ
313 4072 522 4143 ἡμίσει
557 4067 802 4140 κηρύξας
827 4069 856 4120 ό
897 4066 1104 4138 Κύριος
1133 4067 1280 4120 κατὰ
1313 4065 1374 4118 τὸ
1421 4063 1521 4118 τοῦ
1562 4061 1682 4117 υἱοῦ
1709 4062 1811 4133 τῆς

208 4164 461 4238 βροντῆς
521 4159 877 4230 Εὐαγγέλιον,
916 4161 1012 4212 καὶ
1050 4158 1316 4229 στηρίξας
1354 4159 1437 4222 είς
1493 4157 1594 4229 τὴν
1640 4155 1809 4212 αὑτοῦ

207 4259 404 4311 πίστιν
447 4254 579 4317 τοὺς
613 4253 790 4316 θείους
821 4248 987 4304 αὐτοῦ
1031 4249 1369 4313 ἀποστόλους
1398 4251 1466 4320 τῇ
1493 4248 1605 4302 τῶν
1635 4246 1811 4316 λόγων

207 4348 452 4420 ἀληθείᾳ
506 4345 603 4401 καὶ
646 4347 714 4415 τῇ
760 4343 870 4396 τῶν
919 4341 1242 4412 θαυμασίων
1287 4340 1466 4412 ἔργων
1513 4338 1807 4403 ἐπιδείξει’

208 4445 363 4499 οὕτω
397 4442 538 4514 πρὸς
569 4442 630 4495 τὸ
663 4438 840 4503 Πάθος
874 4436 1147 4509 ἐχώρησε,
1183 4437 1278 4490 καὶ
1306 4435 1398 4489 τὸν
1431 4434 1668 4506 σταυρὸν
1707 4450 1810 4487 κα-

1909 544 2058 599 enim
2088 539 2274 594 unctio
2314 540 2426 595 vim
2464 555 2621 596 suam
2659 541 2956 608 retinebat,
2987 544 3088 600 sed
3119 555 3181 600 ut
3202 557 3486 618 corrupta,

1909 631 2099 705 gratiae
2128 630 2329 685 divina:
2357 639 2476 686 erat
2505 645 2726 702 expers.
2761 631 2942 699 Quare
2975 635 3186 706 adjicit,
3214 636 3483 708 judicium

1908 739 2020 779 non
2071 739 2192 778 esse
2245 721 2299 776 in
2320 736 2429 777 ea:
2467 724 2570 778 hoc
2613 733 2700 778 est
2726 725 2880 779 nullo
2922 725 3170 796 judicio,
3223 729 3490 799 nullaque

1908 817 2290 886 exploratione
2342 813 2593 870 adhibita
2639 817 2936 886 pontiﬁces
2985 829 3233 874 creatum
3268 820 3360 888 iri,
3388 823 3487 876 sed

1909 906 2045 960 citra
2079 906 2352 960 delectum
2387 907 2468 961 vel
2527 908 2766 972 ambitu,
2815 909 2901 963 vel
2938 910 3133 980 gratia.
3182 913 3323 967 Dum
3373 914 3491 970 ba‘c

1910 997 2128 1063 ﬁerent,
2176 999 2344 1054 etiam
2399 1008 2613 1068 septem
2663 1001 3038 1059 hebdomades
3087 1016 3219 1060 sunt
3251 1007 3486 1078 elapsa,

1909 1105 2035 1145 cum
2082 1105 2254 1160 usque
2304 1089 2373 1144 ad
2427 1088 2636 1146 Christi
2683 1092 2982 1148 adventum
3039 1095 3350 1152 durassent.
3410 1099 3489 1154 Ac

1907 1181 2190 1250 sexaginta
2217 1180 2454 1233 duarum
2490 1189 2546 1234 et
2582 1191 2796 1250 septem
2835 1183 3246 1240 hebdomadam
3285 1187 3490 1242 divisio

1907 1272 2012 1328 bac
2053 1275 2120 1328 de
2173 1288 2337 1328 causa
2391 1273 2643 1328 instituta
2678 1283 2783 1329 est.
2833 1275 2970 1330 Cum
3041 1287 3228 1333 autem
3281 1291 3488 1350 praeter

1905 1379 2001 1418 eas
2037 1379 2161 1434 qua:
2203 1363 2364 1417 initio
2417 1373 2546 1418 sunt
2591 1367 2878 1434 expositae,
2915 1367 3100 1424 adhuc
3150 1384 3259 1424 una
3317 1379 3490 1426 restet

1907 1456 2234 1520 bebdomns,
2277 1456 2346 1510 de
2391 1471 2454 1510 ea
2481 1471 2702 1526 quoque
2747 1459 3120 1530 archan‘gelus
3160 1461 3241 1515 sic
3263 1461 3343 1517 ait
3370 1479 3385 1516 :
3417 1463 3488 1517 Et

1906 1548 2236 1618 conﬁrmabit
2281 1556 2649 1602 testamentum
2701 1549 2880 1604 multis
2913 1552 3194 1606 hebdomas
3251 1570 3382 1619 una,
3437 1563 3488 1610 et

1907 1642 1961 1695 in
2012 1641 2227 1694 semisse
2266 1639 2608 1695 hebdomadis
2641 1640 2858 1696 tolletur
2881 1645 3206 1712 sacri/icium
3245 1655 3296 1700 et
3345 1647 3487 1702 liba-

1907 1734 1998 1798 tio,
2039 1741 2089 1786 et
2133 1743 2326 1803 praeter
2373 1734 2486 1787 tunc
2529 1734 2848 1789 abominatio
2871 1739 3146 1792 uastitatis
3172 1755 3331 1808 super
3356 1749 3490 1792 tem-

1905 1822 2052 1892 plum
2084 1841 2103 1879 :
2140 1831 2188 1877 et
2227 1839 2388 1891 usque
2433 1823 2504 1875 ad
2556 1824 2992 1892 complementum
3026 1829 3303 1898 temporis,
3350 1844 3492 1882 com-

1903 1914 2227 1986 plementum
2251 1916 2464 1971 dabitur
2496 1931 2656 1987 super
2680 1919 3058 1972 vastationem.
3091 1918 3326 1990 Reliqua
3355 1960 3369 1985 ,
3407 1921 3491 1976 in-

1905 2007 2050 2078 quit,
2084 2006 2414 2071 hebdomas,
2441 2008 2728 2078 sexaginta
2758 2022 2955 2064 novem
2979 2021 3262 2080 secutura,
3285 2029 3488 2068 novum

1907 2108 2310 2155 testamentum
2344 2101 2666 2157 introducet
2711 2102 2852 2156 adeo
2895 2104 3164 2170 validum,
3190 2115 3251 2160 ut
3292 2121 3392 2176 per
3434 2107 3490 2162 id

1906 2193 2141 2250 tollatur
2166 2209 2197 2249 e
2228 2194 2412 2250 medio
2443 2195 2776 2249 sacriﬁcium
2823 2203 2879 2250 et
2925 2196 3124 2252 iibatio
3169 2199 3224 2252 in
3259 2199 3492 2255 semisse

1905 2285 2293 2343 hebdomadis.
2325 2285 2461 2341 Nam
2503 2303 2629 2343 cum
2680 2301 2805 2360 post
2851 2289 3186 2360 baptismum
3233 2289 3492 2346 Christus

1900 2379 2208 2434 triennium
2261 2387 2318 2435 et
2385 2380 2529 2434 ultra
2565 2381 2868 2447 docuisset,
2927 2391 2984 2437 et
3032 2382 3301 2437 miracula
3329 2383 3487 2453 137

1890 2465 2216 2537 edidisset,
2277 2473 2343 2527 ad
2389 2474 2724 2544 supplicium
2759 2477 2948 2542 venit,
2987 2490 3166 2545 eoque
3224 2491 3324 2546 pro
3373 2485 3490 2532 toto

1909 2550 2117 2620 mundo
2161 2565 2468 2630 immolato,
2497 2567 2594 2636 qui
2623 2578 2709 2622 est
2741 2567 2932 2638 Agnus
2957 2567 3078 2634 Dei,
3127 2569 3332 2623 tollens
3361 2584 3492 2639 pec-

1905 2668 2028 2714 cata
2057 2657 2275 2723 mundi,
2317 2657 2652 2712 sacriﬁcium
2679 2667 2736 2714 et
2762 2659 2978 2726 libatio,
3018 2658 3318 2714 constituta
3350 2660 3490 2730 lege,

1907 2748 2096 2803 desiit.
2157 2749 2238 2804 Ac
2279 2749 2663 2804 sacriﬁcarunt
2687 2760 2803 2806 tum
2858 2749 3067 2816 Judaei,
3101 2759 3164 2804 nt
3207 2760 3264 2806 et
3311 2766 3490 2817 nunc,

1907 2849 2100 2895 contra
2127 2839 2326 2912 legem,
2355 2856 2535 2911 neque
2569 2857 2764 2897 eorum
2797 2843 3069 2897 sacriﬁcia
3105 2850 3162 2897 et
3188 2843 3489 2899 libationes

1907 2945 2146 3003 accepta:
2165 2935 2391 2991 luerunt
2418 2937 2551 2992 Deo.
2578 2937 2712 2992 [llud
2741 2953 2928 3008 porro,
2947 2937 3309 2994 Conﬁrmabit
3336 2947 3495 2994 testa-

1907 3036 2154 3082 mentum
2201 3029 2416 3096 multis,
2457 3029 2626 3084 etiam
2666 3029 2828 3085 aliter
2869 3030 3070 3100 esponi
3117 3041 3316 3100 potest,
3342 3027 3492 3100 quod

1905 3129 2126 3175 sanctos
2157 3121 2441 3191 apostolos
2466 3121 2556 3176 illa
2590 3121 2897 3177 hebdomas
2930 3131 3188 3192 potentes
3219 3122 3492 3177 effectura

1910 3212 2066 3268 sitad
2095 3214 2548 3284 praedicationem
2597 3215 2904 3286 Evangelii.
2932 3216 3074 3270 Nam
3117 3229 3241 3269 eam
3283 3214 3495 3269 hebdo—

1909 3303 2129 3360 madem
2151 3303 2407 3376 bipertiti
2436 3306 2663 3362 videtur
2692 3307 3083 3378 archangelus,
3105 3307 3160 3361 in
3190 3305 3247 3360 id
3278 3315 3496 3375 tempus

1908 3397 2059 3468 quod
2111 3398 2436 3453 Passionem
2493 3407 2551 3454 et
2597 3399 2881 3454 antecedit
2909 3406 2968 3454 et
3018 3399 3291 3468 sequitur.
3350 3399 3490 3453 Nam

1909 3505 2038 3545 cum
2095 3489 2368 3545 Dominus
2418 3490 2651 3546 circiter
2685 3497 2801 3546 tres
2835 3503 3012 3544 annos
3058 3496 3116 3544 et
3160 3487 3495 3555 dimidium,

1909 3581 2221 3636 secundum
2251 3582 2622 3654 Evangelium
2675 3580 2776 3636 ﬁlii
2807 3581 3041 3637 tonitrui
3062 3621 3078 3645 ,
3109 3581 3495 3652 praedicasset,

1908 3680 2074 3743 atque
2115 3673 2263 3744 apud
2319 3682 2544 3730 sanctos
2565 3689 2698 3730 suos
2747 3675 3028 3744 apostolos
3070 3683 3130 3730 et
3179 3689 3497 3730 sermonum

1907 3766 2166 3833 veritate,
2227 3776 2285 3822 et
2336 3766 2676 3823 mirabilium
2751 3781 2984 3838 operum
3029 3766 3329 3822 effectione
3389 3767 3498 3822 sibi

1909 3859 2075 3916 ﬁdem
2100 3860 2488 3930 conciliasset;
2534 3861 2618 3918 sic
2644 3860 2715 3917 ad
2739 3860 3057 3916 Passionem
3082 3859 3366 3932 profectus
3388 3869 3496 3923 est,

1908 3963 1962 4010 et
1989 3968 2212 4009 crucem
2240 3954 2506 4025 suscepit,
2541 3961 2889 4024 mortemque
2912 3967 3213 4023 perpessus
3245 3962 3351 4009 est.
3390 3953 3498 4008 Rc-

1909 4050 2067 4121 liquo
2101 4049 2469 4106 hebdomadis
2501 4058 2750 4118 tempore
2796 4055 2924 4118 post
2969 4046 3438 4102 resurrectionem
3466 4062 3497 4102 a

1910 4143 2170 4208 mortuis,
2202 4151 2259 4198 et
2289 4157 2582 4197 ascensum
2615 4141 2672 4196 in
2717 4139 2906 4196 sinum
2948 4137 3268 4201 Paternum,
3319 4154 3350 4192 a
3385 4152 3496 4208 quo

1921 4250 2206 4306 nunquam
2231 4242 2521 4305 separatus
2546 4233 2674 4292 fuit.
2703 4240 2761 4288 et
2787 4231 3055 4286 Paracleti
3095 4229 3496 4298 visitationem,

1910 4329 2158 4385 divinum
2197 4329 2440 4383 alllatum
2463 4367 2480 4393 ,
2510 4325 2694 4382 sancti
2725 4327 2848 4397 ejus
2872 4323 3161 4394 discipuli,
3201 4338 3328 4378 cum
3351 4325 3497 4378 divi-

1911 4439 2048 4478 num
2092 4421 2454 4494 Evangelium
2503 4419 2902 4491 Hierosolymis
2950 4418 3407 4482 annuntiassent,
3441 4429 3500 4474 et

213 4511 500 4604 τεδὲξατο,
553 4535 646 4588 καὶ
700 4533 966 4602 ὑπέμεινε
1002 4529 1258 4584 θάνατον.
1310 4523 1448 4582 Εἶτα
1489 4525 1582 4580 τὸν
1621 4525 1808 4579 λοιπὸν

1913 4517 2368 4590 ρι’δεάίοοιίοιιεω
2407 4513 2692 4569 miraculis
2717 4512 3168 4576 conﬁrmassent,
3217 4521 3273 4566 et
3306 4511 3500 4566 turbas

210 4634 314 4706 τῆς
348 4627 655 4698 ἑϐδομάδος
694 4626 889 4698 χρόνον
943 4624 1081 4697 μετὰ
1119 4621 1219 4694 τὴν
1243 4624 1310 4675 ἐκ
1336 4620 1550 4692 νεκρῶν
1571 4619 1812 4673 ἀνάστα-

216 4742 303 4780 σιν
354 4722 453 4776 καὶ
503 4721 604 4793 τὴν
654 4720 792 4790 πρὸς
845 4718 973 4780 τοὺς
1021 4715 1259 4779 κόλπους
1321 4713 1451 4777 τοὺς
1492 4710 1814 4782 Πατρικοὺς

216 4818 436 4882 ἄνοδον,
473 4808 549 4868 ὧν
583 4813 644 4866 οὐ
685 4809 992 4882 κεχώριστο
1021 4807 1267 4873 πώποτε,
1301 4804 1398 4860 καὶ⁹
1428 4805 1528 4875 τὴν
1565 4803 1658 4857 τοῦ
1697 4804 1814 4856 Πα-

223 4907 506 4980 ρακλήτου
541 4901 913 4972 ἐπιφοίτησιν,
945 4901 1041 4953 καὶ
1070 4898 1224 4952 θείαν
1247 4896 1562 4959 ἐπίπνοιαν,
1593 4893 1644 4946 οί
1677 4889 1816 4963 ἱεροὶ

220 4997 395 5052 αὑτοῦ
441 4995 685 5066 μαθηταὶ
714 4995 771 5046 ἐν
815 4991 1176 5064 Ἰερουσαλὴμ
1208 4990 1273 5042 τὸ
1304 4988 1449 5041 θεῖον
1469 4983 1816 5053 διαγγέλλον-

221 5108 314 5154 τες
362 5087 722 5156 Εῠαγγέλιον,
752 5084 849 5138 καὶ
882 5083 944 5136 τὸ
977 5084 1242 5152 κήρυγμα
1276 5077 1640 5148 πιστούμενοι
1681 5074 1818 5130 θαύ-

227 5201 388 5256 μασι,
421 5181 520 5234 καὶ
558 5178 743 5248 πλήθη
772 5175 1078 5247 ἀνθρώπων
1117 5172 1500 5244 ἐπισπώμενοι
1535 5169 1687 5254 πρὸς.
1718 5167 1818 5240 τὴν

226 5279 531 5346 ἐπίγνωσιν
571 5271 667 5326 τοῦ
715 5272 886 5336 ὅντως
937 5268 1076 5323 Θεοῦ
1107 5306 1124 5333 ,
1175 5266 1562 5339 διεσπάρησαν
1612 5265 1694 5326 είς
1750 5263 1820 5318 τά

229 5373 384 5445 ἔθνη,
416 5374 511 5425 καὶ
555 5368 732 5424 ταῦτα
763 5366 1063 5437 ἐφώτισαν.
1108 5361 1283 5417 Τοῦτο
1326 5361 1512 5416 τοίνυν
1541 5361 1570 5412 ὁ
1601 5357 1820 5430 ἀρχάγ-

229 5469 388 5537 γελος
427 5463 716 5535 προδηλῶν
753 5461 830 5534 τῷ
856 5461 1116 5533 προφήτῃ
1155 5453 1380 5526 Δανιὴλ,
1408 5453 1563 5521 ἔλεγε
1583 5466 1600 5482 °
1628 5452 1820 5537 Δυνα-

229 5535 419 5628 μώσει
455 5555 756 5624 διαθήκην
777 5549 1034 5615 πολλοῖς
1068 5545 1325 5617 ἑϐδομὰς
1351 5544 1463 5614 μία
1486 5555 1499 5570 ⁸
1541 5539 1662 5594 ἀντὶ
1699 5535 1819 5602 τοῦ,

236 5651 476 5722 Δύναμιν
506 5646 810 5718 περιζώσει
841 5643 1096 5710 πολλοὺς,
1136 5642 1264 5703 τοὺς
1308 5633 1556 5708 μαθητάς
1593 5629 1820 5722 δηλαδὴ,

1916 4608 2203 4664 hominum
2233 4606 2302 4662 ad
2339 4606 2457 4661 veri
2503 4604 2600 4659 Dei
2649 4604 2992 4675 agnitionem
3031 4602 3414 4664 attraxissent.
3445 4605 3502 4658 in

1912 4709 2106 4772 gentes
2154 4699 2389 4769 dispersi
2442 4707 2609 4762 sunt,
2661 4711 2869 4766 easque
2918 4695 3326 4750 illuminarunt.
3385 4693 3502 4750 Hoc

1912 4794 2084 4866 igitur
2099 4792 2468 4862 archangelus
2493 4789 2936 4861 praesigniﬁcans
2964 4787 3182 4842 Danieli
3212 4787 3502 4856 propheta:

1914 4887 2031 4940 ait:
2063 4883 2409 4952 Conﬁrmabit
2441 4888 2816 4936 testamentum
2840 4880 3020 4934 multis
3059 4879 3338 4933 liebdomas
3372 4896 3505 4948 una,

1915 4979 2023 5035 hoc
2042 4988 2147 5043 est,
2173 4978 2319 5033 vires
2342 4985 2599 5047 suggeret
2632 4973 2851 5042 multis,
2886 4972 3182 5044 discipulis
3211 4974 3504 5037 nimirum,

1920 5083 2144 5141 tempus
2174 5079 2230 5125 et
2255 5079 2638 5136 antegressum
2679 5078 2738 5124 et
2781 5077 3146 5123 consecutum
3190 5067 3504 5136 passionem

1915 5163 2135 5219 Domini
2162 5161 2503 5230 complexus,
2544 5175 2656 5230 quo
2686 5159 2840 5229 prius
2877 5158 3273 5229 Hierosolymis
3304 5157 3505 5226 praedi-

1919 5255 2392 5325 cabantapostoli,
2418 5263 2544 5324 post
2577 5253 2746 5308 etiam
2765 5251 2920 5306 orbis
2943 5259 3221 5306 terrarum
3243 5248 3507 5302 extremi-

1923 5357 2062 5404 tates
2097 5347 2368 5402 obeuntes
2422 5345 2715 5401 docebant.
2759 5343 2883 5398 Mox
2915 5341 3168 5397 eamdem
3201 5338 3506 5393 hebdoma-

1919 5439 2044 5493 dem
2092 5436 2292 5492 dividit
2349 5435 2434 5491 his
2485 5433 2675 5490 verbis
2727 5450 2742 5488 :
2791 5433 2858 5488 In
2911 5435 3128 5486 semisse
3166 5425 3508 5482 hebdomadis

1921 5529 2143 5584 tolletur
2167 5529 2499 5599 sacriﬁcium
2537 5538 2585 5580 et
2637 5524 2846 5580 libatio.
2881 5525 3003 5591 Quo
3047 5522 3296 5577 declarat
3339 5518 3505 5570 ﬁnem

1924 5623 2136 5680 umbrae
2184 5623 2345 5694 legis.
2395 5623 2608 5678 Deinde
2643 5620 2908 5692 subiicit:
2942 5617 3011 5672 Et
3057 5630 3218 5686 super
3250 5611 3508 5682 templum

237 5745 327 5799 τόν
353 5707 415 5797 τὶ
451 5707 692 5814 πρδιτονῦ
724 5738 939 5801 Πάθους
977 5707 1315 5804 τοῦνΚυρίου
1343 5726 1562 5799 χρόνον,
1601 5722 1701 5776 καὶ
1728 5721 1809 5775 an

1925 5720 2254 5775 abominatio
2301 5719 2566 5774 vastitatis
2603 5733 2622 5773 :
2654 5730 2782 5771 nam
2823 5727 2951 5768 cum
3007 5710 3124 5764 hazc
3175 5707 3330 5768 ﬁent,
3373 5714 3513 5762 lem-

244 5838 382 5910 μετὰ
408 5836 472 5893 τὸ
518 5834 721 5912 Πάθος,
753 5831 876 5890 καθ’
905 5830 967 5889 δν
989 5829 1261 5902 πρότερον
1303 5823 1402 5896 μὲν
1432 5821 1490 5876 ἐν
1537 5817 1821 5888 Ἰερουσα-

1925 5813 2080 5885 plum
2121 5811 2338 5884 pridem
2381 5819 2642 5868 sanctum
2672 5815 2730 5866 et
2766 5802 3108 5870 venerabile,
3169 5797 3512 5857 abominatio
