3878 6578
372 332 484 398 263
1642 328 1903 392 ῙΟΑΝΝ]

2126 325 2344 390 NARIE
3536 326 3657 390 Ξοι

378 445 536 501 urbis
559 443 865 516 prastolari
896 442 1056 516 jubet
1093 457 1111 499 :
1143 458 1205 500 se
1233 457 1363 500 cum
1397 441 1598 498 ancilla
1651 456 1753 497 sua
1781 440 1909 496 exiti

2123 438 2364 493 δνέθεντο
2417 437 2617 508 λέγειν,
2660 436 2950 492 ἀντέθεντο
2992 437 3048 492 δὲ
3087 441 3186 510 τὴν
3217 437 3382 509 δίψαν
3419 445 3520 512 την
3553 438 3654 493 τοῦ

375 555 519 602 ram,
546 552 726 608 neque
757 539 1032 596 dicturam
1061 536 1220 607 prius
1247 534 1379 606 quid
1427 534 1691 605 cmpisset
1722 530 1906 586 consil?

2127 529 2224 597 ιοῦ,
2274 531 2369 584 καὶ
2401 530 2504 603 τὴν
2545 531 2669 603 βίαν
2700 531 2800 602 τὴν
2831 530 2890 597 ἐξ
2937 532 3126 586 αὑτοῦ.
3171 533 3416 605 Κάκείνη
3455 533 3658 603 στῆναι

376 647 542 703 quam
573 647 690 686 rem
718 630 894 701 ipsam
923 637 1318 700 perpetrasset.
1352 627 1515 683 Exitu
1549 622 1907 695 impetrato,d

2129 622 2269 684 ιτοὺς
2296 622 2395 692 τὴν
2426 622 2600 676 νύκτα
2636 622 2730 676 ἐπὶ
2762 620 2861 692 τὴν
2889 621 3066 694 πύλην
3084 622 3182 693 τῆς
3206 623 3413 684 πόλεως
3439 622 3660 677 ἐνετέλ-

375 723 582 794 gressis
616 722 745 785 illis,
770 720 837 776 ad
871 735 1066 791 preces
1097 719 1443 774 convertitur
1469 732 1482 769 :
1512 723 1570 771 et
1599 712 1848 785 deposita
1879 712 1906 766 ιι

2130 731 2210 767 το.
2249 713 2399 784 Αὐτὴ
2440 715 2497 768 δὲ
2528 715 2714 784 ἔλεγεν
2747 715 3130 782 ἐξελεύσεσθαι
3166 715 3310 784 μετὰ
3345 714 3443 784 τῆς
3473 715 3661 785 ἅϐρας

377 815 538 886 gubri
572 830 640 870 ex
674 814 940 868 viduitate
967 813 1197 876 vestitu,
1230 811 1340 865 lota
1363 850 1377 876 ,
1410 818 1467 864 et
1501 807 1799 878 unguentis
1829 804 1908 859 del

2128 810 2262 879 ὸτῆς,
2301 809 2375 880 μὴ
2407 809 2595 881 μέντοι
2621 810 2806 875 αὐτοῖς
2831 811 2982 881 ἐρεῖν
3013 811 3074 865 τὸ
3103 809 3236 880 παρ’
3273 809 3450 878 αὐτῆς
3483 809 3659 878 μελε·-

380 908 514 963 buta
536 949 551 972 ,
590 907 855 962 amictum
885 906 1114 960 hilarem
1150 900 1352 968 induit,
1384 906 1715 955 ornamenta
1755 897 1911 951 sumil

2131 899 2330 969 iuevov,
2398 901 2503 964 ἕως
2539 895 2602 955 οὗ
2636 902 2773 972 πρὸς
2803 903 3002 973 πρᾶξιν
3029 900 3390 972 κατευθυνθῇ.
3427 901 3538 954 Καὶ
3573 895 3662 952 εἷ-

379 1010 436 1057 et
465 1008 732 1056 exornata
769 998 836 1053 ad
882 996 1090 1051 amoris
1127 995 1421 1052 illecebras
1467 991 1681 1047 ancillae
1720 989 1776 1044 in
1821 1004 1910 1044 vas

2130 1011 2172 1045 δν
2198 993 2361 1063 αὐτῇ,
2385 994 2627 1064 Πορεύου
2652 1012 2667 1026 ο
2700 994 2796 1049 καὶ
2822 996 2872 1049 οί
2907 996 3006 1066 μὲν
3025 995 3294 1066 ἀπῆλθον.
3342 993 3407 1047 Ἠ
3432 993 3489 1047 δέ
3513 993 3661 1064 πρὸς

375 1093 669 1148 ferendum
704 1091 796 1144 dat
827 1089 1020 1143 vinum
1067 1098 1123 1145 et
1163 1088 1379 1155 oleum,
1413 1092 1471 1142 et
1515 1099 1703 1154 peram
1748 1081 1906 1137 farin:

2130 1086 2428 1158 ιρὰκλησιν
2467 1085 2682 1159 ἐτράπη
2719 1087 2819 1159 τὴν
2851 1087 2989 1158 πρὸς
3018 1086 3172 1141 Θεόν.
3208 1081 3341 1139 Εἶτα
3374 1084 3661 1154 ἀποθεμέ-

381 1186 597 1241 ﬁeubus
634 1194 690 1239 et
737 1182 970 1254 panibus
1019 1183 1232 1252 plenam
1273 1187 1380 1235 :et
1425 1194 1489 1233 ea
1526 1177 1728 1234 comite
1773 1175 1907 1230 urbe

2131 1207 2134 1249 ι
2165 1181 2264 1250 τὴν
2291 1179 2540 1250 πενθήρη
2571 1178 2766 1249 στολὴν
2796 1179 2896 1249 τῆς
2921 1179 3261 1250 χηρεύσεως,
3294 1176 3472 1230 καὶτὸ
3490 1177 3662 1245 σῶμα

377 1291 621 1347 egressa,
664 1274 719 1327 in
768 1281 946 1327 castra
992 1271 1342 1344 Assyriorum
1382 1267 1602 1324 tendit:
1639 1267 1707 1320 ab
1739 1265 1908 1322 excub

2130 1271 2456 1343 ιρικλύσασα
2501 1271 2676 1337 ὕδατι,
2733 1272 2830 1325 καὶ
2876 1271 3033 1344 μύρῳ
3075 1269 3409 1340 χρισαμένη,
3459 1267 3661 1336 στολὴν

379 1369 598 1425 toribus
625 1367 1051 1436 comprehensa,
1103 1363 1170 1418 ad
1197 1363 1604 1434 Holophernem
1653 1359 1910 1413 adducito

2124 1365 2332 1419 ετενέδυ
2368 1365 2729 1433 εὐφρόσυνον,
2776 1365 2874 1426 καὶ
2900 1363 3108 1431 κόσμον
3141 1363 3308 1433 ἑαυτῇ
3336 1359 3655 1431 περιέθετο.

380 1462 475 1530 qui
520 1461 640 1531 ejus
671 1459 901 1514 formam
937 1457 1266 1519 admiratus,
1313 1470 1567 1511 securam
1615 1467 1736 1508 esse
1764 1451 1911 1522 jussit

2126 1461 2182 1514 al
2226 1459 2675 1514 καλλωπισθεῖσα
2721 1457 2858 1528 πρὸς
2903 1457 2965 1511 τδ
2993 1457 3438 1526 ἐπαγωγότερον,
3480 1455 3657 1508 ἔδωκε

377 1553 518 1608 nihil
547 1553 694 1608 enim
725 1566 1016 1623 passuram
1046 1550 1198 1605 mali.
1225 1549 1363 1602 Tum
1397 1547 1486 1601 illa
1519 1562 1534 1601 :
1568 1545 1728 1610 Audi,
1765 1543 1908 1614 inqui

2122 1551 2469 1625 jeepauaivn
2519 1553 2708 1623 φέρειν
2754 1552 2814 1605 ἐν
2853 1550 3104 1619 ἀγγείοις
3144 1544 3290 1602 οἶνον
3321 1547 3416 1601 καὶ
3449 1545 3653 1607 ἔλαιον,

376 1646 587 1699 domine
613 1686 627 1711 ,
658 1646 814 1699 verba
848 1662 964 1698 mea
982 1684 998 1708 ,
1040 1652 1088 1696 et
1116 1659 1233 1714 qua:
1257 1643 1448 1697 Achior
1474 1643 1629 1702 dixit,
1672 1640 1852 1692 animo
1879 1647 1907 1690 ιι

2126 1650 2165 1696 ιί
2195 1647 2380 1714 πήραν
2410 1643 2656 1711 ἀλφίτων
2706 1643 2915 1714 πλήρη,
2964 1641 3059 1695 καὶ
3091 1639 3368 1710 παλάθης,
3405 1638 3500 1692 καὶ
3555 1638 3657 1708 ἆρ-

380 1753 488 1790 non
523 1738 793 1791 excidant.
830 1736 1021 1790 Verum
1055 1739 1195 1790 enim
1223 1743 1299 1788 est
1323 1775 1338 1797 ,
1377 1732 1674 1798 Israelitas,
1706 1733 1760 1784 ni
1786 1747 1911 1800 ρει-ε.

2122 1752 2200 1799 ον,
2241 1733 2338 1787 καὶ
2376 1733 2570 1800 ἐξῆλθε
2605 1734 2705 1804 τῆς
2738 1731 2946 1794 πόλεως
2977 1730 3117 1801 αὐτὴ
3176 1731 3273 1784 καὶ
3318 1733 3352 1802 ἡ
3391 1728 3653 1797 παιδίσκη

376 1830 566 1894 oerint,
599 1829 779 1900 gladio
805 1845 910 1882 non
941 1835 1254 1896 superatum
1280 1826 1366 1878 iri.
1400 1824 1551 1878 Nunc
1588 1832 1795 1886 autem,
1831 1839 1907 1892 qu:

2126 1826 2262 1896 ϋτῆς.
2306 1824 2572 1879 Ἀπιοῦσα
2603 1825 2739 1896 πρὸς
2766 1824 2864 1895 τὴν
2892 1824 3000 1880 τῶν
3033 1823 3337 1894 Ἀσσυρίων
3368 1820 3657 1891 παρεμϐο-

377 1919 506 1973 cibis
533 1929 581 1972 et
624 1937 764 1990 aqua
808 1919 1190 1983 destituuntur,
1221 1918 1330 1987 lege
1363 1915 1655 1969 interdictis
1711 1913 1871 1976 vesci,

2124 1936 2194 1989 3v,
2231 1917 2327 1970 καὶ
2376 1917 2676 1990 ἐντυχοῦσα
2708 1920 2775 1990 τῇ
2819 1917 2930 1972 τῶν
2981 1917 3244 1971 ἐναντίων
3303 1915 3655 1986 προφυλακῇ,

379 2012 648 2078 primitias
680 2011 967 2080 frumenti,
995 2011 1206 2080 uitrique
1237 2009 1468 2061 decimas
1489 2046 1503 2069 ,
1537 2021 1651 2076 quae
1677 2003 1910 2058 sacerdot

2125 2010 2400 2082 ιτεσχέθη,
2431 2013 2528 2064 καὶ
2554 2009 2698 2082 ἤχθη
2729 2009 2869 2080 πρὸς
2907 2007 3261 2081 Ὀλοφέρνην.
3303 2007 3365 2062 Ὀ
3391 2007 3449 2058 δὲ
3478 2004 3656 2074 αὐτῆς

379 2103 474 2173 bus
513 2102 808 2167 attributa,
843 2117 908 2154 ne
949 2102 1139 2171 attingi
1192 2100 1407 2170 quidem
1445 2099 1509 2152 ab
1550 2097 1669 2150 aliis
1723 2095 1804 2166 fas
1846 2105 1910 2148 est

2120 2121 2132 2157 ι
2167 2103 2362 2167 κάλλος
2397 2103 2700 2174 ἐθαύμασε,
2738 2103 2835 2157 καὶ
2877 2098 3032 2156 εἶπεν
3066 2102 3207 2173 αὐτῇ
3228 2116 3242 2131 ·
3278 2098 3375 2168 Μὴ
3426 2098 3651 2168 φοϐοῦ,

378 2197 648 2250 absumere
683 2195 1042 2251 decreverunt.
1082 2193 1212 2259 Quae
1249 2195 1375 2247 dum
1409 2201 1458 2245 et
1497 2189 1904 2262 Hierosolymita

2121 2214 2242 2264 κεις
2279 2197 2392 2268 γὰρ
2420 2198 2509 2264 εις
2538 2199 2861 2265 σωτηρίαν.
2895 2197 3046 2265 Ἔφη
3080 2195 3150 2250 δὲ
3177 2193 3340 2260 αὐτῷ
3386 2194 3421 2262 ἠ
3457 2191 3614 2262 γυνή
3636 2205 3652 2220 ·

375 2289 688 2352 statuerint,
724 2286 932 2357 legatos
976 2303 1036 2340 eo
1073 2288 1281 2350 misere,
1318 2287 1524 2340 veniam
1567 2285 1682 2354 ejus
1713 2281 1839 2352 {acti
1875 2297 1906 2349 p

2126 2291 2247 2356 ἐξαι
2276 2291 2419 2359 τοὺς
2447 2291 2675 2361 λόγους
2695 2309 2836 2361 μου,
2868 2291 3067 2359 Κύριε,
3136 2287 3238 2342 καὶ
3279 2289 3313 2341 δ
3353 2288 3541 2356 λόγος
3579 2283 3657 2338 ὃν

380 2389 565 2435 tentes.
609 2378 697 2434 Sic
721 2382 883 2449 igitur
915 2379 1025 2450 lege
1050 2378 1274 2441 violata,
1306 2395 1409 2432 non
1441 2376 1641 2445 defensi
1678 2393 1710 2429 a
1755 2373 1911 2435 Deo,:

2124 2387 2381 2455 ῑάλησεν
2467 2385 2699 2455 Ἀχιὼρ,
2758 2384 2882 2454 ἦτω
2955 2384 3028 2438 ἐν
3079 2382 3152 2452 τῇ
3203 2380 3417 2451 καρδίᾳ
3493 2388 3655 2434 σου·

379 2472 602 2525 exitium
643 2480 820 2526 ruent.
850 2470 1052 2537 Quibus
1085 2487 1176 2542 ego
1205 2471 1446 2541 cognitis,
1476 2485 1540 2524 ea:
1565 2469 1694 2523 urbe
1726 2468 1910 2538 proqu

2126 2495 2202 2532 ττι
2253 2476 2365 2548 γὰρ
2423 2476 2686 2545 ἀληθὲς,
2747 2477 2838 2532 ὅτι
2884 2476 2997 2531 ἐὰν
3064 2474 3150 2546 μὴ
3196 2472 3541 2544 ἁμάρτωσιν
3595 2472 3657 2526 οι

383 2571 438 2616 ιιι
468 2566 738 2618 interitum
761 2566 938 2628 vitem,
966 2573 1014 2618 et
1044 2581 1184 2618 nunc
1207 2565 1352 2634 apud
1377 2571 1425 2617 te
1453 2563 1690 2627 manebo,
1711 2564 1914 2619 domine

2121 2572 2188 2627 lol
2273 2569 2546 2639 Ἰσραὴλ,
2643 2571 2716 2624 οὐ
2783 2570 3143 2639 κατισχύσει
3222 2568 3489 2638 ῥομφαία
3543 2565 3652 2618 αὑ-

381 2666 430 2710 et
463 2673 670 2727 egressa
698 2667 854 2710 noctu
886 2658 940 2712 in
975 2657 1170 2712 uallem
1195 2699 1210 2719 ,
1239 2656 1474 2711 adorabo
1511 2655 1682 2710 Deum
1706 2697 1720 2721 ,
1748 2668 1802 2711 ut
1842 2674 1904 2710 cu

2122 2659 2208 2713 ὗν.
2235 2660 2368 2714 Νῦν
2411 2659 2480 2712 δὲ
2499 2645 2631 2713 ἐπεὶ
2683 2660 2966 2725 ἐξέλιπεν
2997 2658 3221 2725 αὐτοὺς
3246 2659 3318 2712 τὰ
3339 2657 3653 2728 βρώματα,

380 2749 428 2803 is
461 2750 586 2803 mihi
611 2749 830 2814 dixerit,
849 2750 1062 2820 quando
1080 2749 1372 2815 peccarint,
1405 2763 1497 2818 ego
1523 2747 1616 2801 tibi
1639 2750 1911 2802 renuntien

2125 2751 2170 2806 ιι
2195 2751 2262 2806 τὸ
2284 2751 2460 2822 ὕδωρ,
2485 2753 2954 2818 ἐϐουλεύσαντο,
2983 2752 3082 2807 καί
3105 2752 3224 2808 τῶν
3245 2751 3326 2817 τῷ
3349 2751 3510 2821 νόμῳ
3531 2748 3656 2804 ἀπ-

381 2851 430 2896 et
464 2852 514 2896 te
563 2858 657 2914 per
712 2841 962 2897 Iudaeam
1016 2841 1385 2912 Hierosolyma
1436 2856 1600 2908 usque
1643 2841 1912 2911 perducan

2122 2845 2489 2916 Γορευμένων
2510 2845 2801 2914 ἅψασθαι,
2833 2846 2930 2898 καί
2956 2845 3064 2912 τὰς
3095 2843 3373 2915 ἀπαρχὰς
3394 2841 3502 2898 τοῦ
3530 2841 3653 2915 σί-

381 2934 841 3006 soliumquetuum
859 2935 913 2988 in
929 2935 1074 2988 urbis
1093 2934 1262 2988 medio
1285 2931 1557 2988 collocem.
1582 2931 1912 3000 Holopbernt

2123 2956 2202 3006 2v,
2232 2937 2333 3009 καὶ
2360 2937 2468 3005 τὰς
2489 2937 2746 3005 δεκάτας
2775 2937 2881 2992 τοῦ
2913 2938 3082 2993 οινου
3109 2938 3218 3004 τὰς
3256 2935 3380 3003 τοῖς
3425 2932 3654 3003 ἱερεῦσι

384 3026 491 3080 hac
528 3029 783 3082 oratione
827 3026 1160 3092 delectatus,
1199 3025 1484 3081 introduci
1533 3040 1657 3080 eam
1711 3025 1870 3096 jubet
1903 3025 1915 3079 i

2122 3029 2500 3100 ιτηρημένας,
2552 3025 2640 3084 ὧν
2669 3031 2836 3096 ,οὐδὲ
2874 3031 3110 3100 ψαῦσαι
3157 3031 3397 3100 θεμιτὸν
3445 3027 3653 3094 ἑτέρῳ.

385 3120 580 3175 cellam
611 3120 890 3176 conclavis
913 3120 1020 3184 sui,
1055 3129 1112 3176 et
1145 3119 1263 3174 dari
1295 3119 1441 3190 quod
1480 3119 1628 3175 edat.
1657 3117 1727 3173 At
1757 3119 1870 3182 illa,
1903 3134 1916 3174 ε

2124 3121 2422 3192 ιπανῆσαι
2470 3123 2806 3190 κεκρίκασι.
2866 3123 3055 3178 Ταῦτα
3101 3122 3190 3188 δὲ,
3237 3121 3337 3176 καὶ
3373 3119 3494 3174 τῶν
3533 3116 3655 3186 τὴν

2283 3229 2306 3233 μ
2366 3215 2414 3233 ιι
2545 3217 2556 3233 ο
2653 3217 2664 3233 ο
2878 3215 2981 3233 nua
3072 3220 3118 3233 cc
3199 3214 3361 3233 ,!U,,-_
3431 3209 3617 3233 ι...ηιιι

386 3223 550 3284 negat
579 3213 798 3267 illorum
828 3213 972 3268 cibis
1003 3229 1252 3278 usuram,
1283 3228 1353 3268 ne
1380 3213 1483 3268 sibi
1515 3211 1695 3267 fraudi
1722 3221 1908 3267 essent

2140 3215 2474 3284 ερουσαλὴμ
2502 3217 2833 3270 οἰκούντων
2861 3214 3383 3286 βεϐουλευμένων,
3422 3209 3671 3272 ἐστιίλέ

387 3307 486 3364 sed
527 3307 594 3363 iis
627 3323 768 3378 quos
818 3323 1005 3364 secum
1052 3307 1353 3373 attulisset,
1395 3307 1790 3381 victitaturam.
1826 3306 1918 3363 Cui

2118 3325 2217 3363 ασι
2248 3310 2400 3380 πρὸς
2427 3306 2544 3377 τὴν
2567 3308 2701 3365 ἐκεῖ
2727 3309 3072 3381 γερουσίαν,
3114 3308 3337 3378 ἄφεσιν
3368 3305 3467 3359 ἐπὶ
3511 3303 3649 3358 τού.

387 3398 767 3470 Holopherncs
786 3409 1025 3471 rogaret,
1045 3399 1138 3454 ubi
1160 3399 1196 3453 ii
1230 3387 1587 3463 defecissent,
1625 3415 1735 3470 quo
1754 3401 1918 3455 victui

2123 3419 2212 3468 >υς
2235 3403 2598 3472 αἰτούμενοι.
2623 3402 2751 3458 Κᾶν
2781 3403 2934 3456 οὕτω
2962 3399 3498 3471 παρανομήσωσιν,
3535 3397 3654 3450 οὐκ

388 3499 558 3558 esset,
607 3491 906 3561 respondet
949 3491 1028 3546 illi
1063 3508 1077 3544 :
1107 3491 1193 3547 Ita
1217 3501 1272 3546 tu
1299 3493 1461 3557 vivas,
1493 3493 1736 3559 Domine,
1769 3503 1824 3546 ut
1863 3510 1919 3548 ne

2124 3513 2241 3550 mu
2275 3496 2495 3567 σφίσιν
2520 3495 2718 3566 ἄμυνα
2741 3496 2809 3550 ἐκ
2833 3495 3003 3560 Θεοῦ,
3039 3495 3136 3550 καί
3160 3496 3249 3559 είς
3282 3493 3532 3558 ὄλεθρον
3555 3489 3655 3543 ἐκ·

387 3585 534 3655 prius
561 3583 660 3638 cibi
685 3585 738 3640 hi
770 3601 852 3639 me
881 3585 1139 3656 deﬁcient,
1171 3605 1333 3659 quam
1375 3588 1512 3644 Deus
1549 3607 1664 3644 mea
1701 3607 1865 3644 manu
1912 3609 1918 3645 ι

2123 3587 2458 3657 νθήσονται.
2496 3586 2684 3655 Ἀπερ
2721 3588 2875 3656 αὑτὴ
2926 3584 3285 3658 ἐπιγνοῦσα,
3329 3580 3654 3649 ἀποδιδρά-

387 3676 664 3754 peregerit,
701 3677 840 3747 quod
872 3677 1115 3734 decrevit.
1142 3678 1316 3734 Media
1345 3688 1507 3736 nocte
1538 3681 1720 3750 petiit,
1765 3689 1826 3736 ut
1858 3681 1918 3737 sil

2121 3697 2197 3735 κω
2238 3679 2350 3748 τῆς
2393 3680 2648 3748 πόλεως,
2693 3681 2771 3735 ἵν’
2801 3681 3042 3750 ἐκφύγω
3081 3680 3189 3734 τὸν
3231 3678 3501 3747 ὄλεθρον.
3538 3674 3652 3730 Καὶ

387 3767 444 3821 in
473 3767 669 3822 vallem
702 3769 887 3840 egredi
940 3770 1136 3826 liceret
1165 3771 1233 3826 ad
1275 3771 1616 3842 precandum
1654 3787 1670 3825 :
1708 3773 1918 3828 conced

2119 3772 2186 3826 ῦν
2208 3771 2374 3842 μενῶ
2403 3772 2565 3841 παρά
2595 3789 2716 3838 σοι,
2761 3773 3048 3839 δέσποτα,
3098 3771 3198 3827 καὶ
3245 3770 3650 3838 ἐξελεύσομαι

385 3855 778 3929 Holopbernes.
815 3859 952 3916 Cum
975 3862 1128 3933 14],
1150 3873 1332 3919 autem
1368 3863 1456 3919 illa
1496 3863 1740 3918 triduum
1773 3864 1849 3920 ita
1881 3864 1916 3921 ft

2120 3866 2220 3918 πὰ
2245 3863 2363 3934 τὴν
2380 3865 2574 3920 νύκτα
2602 3866 2691 3932 είς
2720 3865 2834 3932 τὴν
2861 3864 3155 3934 φάραγγα,
3184 3863 3283 3919 καὶ
3310 3861 3651 3931 προσεύξο-

385 3949 572 4017 cisset,
620 3963 820 4023 quarto
861 3954 952 4010 die
999 3957 1314 4012 convivium
1363 3964 1632 4028 apparat,
1681 3967 1739 4014 et
1772 3957 1916 4030 Bago

2119 3975 2172 4012 at
2202 3959 2352 4026 πρὸς
2380 3957 2489 4012 τὸν
2515 3959 2698 4024 Θεὸν,
2715 3958 2815 4012 καί
2839 3957 2966 4026 ἐρεῖ
2976 3975 3078 4028 μοι
3099 3958 3245 4011 πότε
3268 3953 3650 4026 ἡμάρτοσαν,

381 4048 661 4115 eunucho,
683 4049 777 4118 qui
794 4050 1048 4107 omnibus
1075 4053 1196 4124 ejus
1221 4051 1422 4124 Opibus
1441 4063 1694 4123 praeerat,
1716 4052 1912 4108 manda

2124 4049 2227 4121 ἐγώ
2243 4066 2343 4105 σοι
2369 4050 2698 4121 ἀναγγελεῖ),
2720 4051 2819 4105 καὶ
2845 4051 2968 4115 ἄξω
2993 4067 3067 4104 σε
3087 4047 3184 4104 διὰ
3199 4046 3310 4116 τῆς
3347 4045 3655 4110 Ἰουδαίας

385 4147 446 4193 ut
475 4139 716 4196 Hebraeae
746 4143 964 4198 mulieri
993 4144 1384 4214 persuaderet,
1420 4154 1480 4200 ut
1518 4144 1587 4199 ad
1631 4160 1690 4201 se
1723 4145 1912 4200 venire

2122 4159 2176 4209 ος
2217 4141 2630 4212 Ἰερουσαλὴμ,
2665 4140 2764 4196 καὶ
2800 4140 2967 4208 θήσω
3011 4141 3121 4196 τὸν
3161 4139 3378 4208 θρόνον
3415 4153 3534 4191 σου
3575 4133 3653 4188 ἐν

384 4227 499 4285 Sibi
535 4234 683 4288 enim
720 4245 877 4305 turpe
908 4237 1046 4302 fore,
1081 4237 1124 4290 si
1151 4237 1316 4292 talem
1341 4236 1602 4292 feminam
1633 4236 1912 4292 dimisisse

2116 4234 2229 4298 ἑσφ
2254 4233 2464 4304 αὐτῆς.
2487 4237 2609 4288 ’Καὶ
2633 4235 2839 4307 ἤρεσαν
2869 4235 3166 4307 Ὀλοφέρνῃ
3194 4233 3244 4287 οἱ
3267 4230 3416 4300 λόγοι
3445 4227 3647 4298 αὐτῆς.

382 4323 531 4377 nulla
566 4329 968 4384 consuetudine
1000 4345 1125 4383 cum
1154 4345 1218 4384 ea
1248 4329 1458 4384 habita.
1483 4329 1690 4399 Bagoas
1719 4328 1908 4386 Judith

2116 4329 2160 4381 zl
2189 4327 2478 4382 ἐκέλευσεν
2507 4328 2828 4398 εἰσαχθῆναι
2861 4328 3034 4396 αὐτὴν
3075 4329 3156 4391 είς
3186 4325 3286 4396 τὴν
3309 4323 3517 4394 σκηνὴν
3543 4319 3647 4374 τοῦ

380 4417 505 4470 ait:
553 4415 683 4472 Veni
717 4419 786 4472 ad
828 4419 1110 4474 Dominum
1146 4438 1340 4486 meum.
1389 4429 1448 4475 ut
1503 4420 1734 4492 gloriosa
1781 4424 1853 4478 sis
1903 4443 1911 4478 1

2118 4422 2298 4489 ιμείου
2337 4420 2529 4485 αὐτοῦ,
2554 4419 2654 4475 καὶ
2681 4420 2903 4490 δοθῆναι
2935 4421 3071 4492 αὐτῇ
3107 4421 3322 4490 φαγεῖν.
3362 4417 3426 4470 Ἦ
3456 4415 3537 4481 δὲ,
3559 4415 3649 4468 Οὐ

380 4519 654 4579 conspectu
693 4511 830 4579 ejus,
880 4520 927 4564 et
962 4513 1225 4566 nobiscum
1266 4523 1584 4584 compotato,
1619 4529 1679 4568 eo
1726 4513 1838 4570 loco
1879 4506 1911 4587 fl

2121 4512 2346 4583 ἀγομαι,
2398 4511 2524 4582 ἔφη,
2563 4512 2632 4566 ἐκ
2678 4514 2798 4566 τῶν
2826 4511 3171 4581 ἐδεσμάτων
3213 4508 3400 4580 ὑμῶν,
3427 4511 3512 4578 μή
3540 4524 3652 4577 μοι

387 4606 534 4662 tura,
567 4616 668 4669 quo
711 4617 785 4653 ea'
814 4604 967 4666 sunt,
999 4619 1117 4672 qua:
1146 4607 1338 4674 degunt
1368 4606 1422 4658 in
1448 4603 1648 4660 atdibus
1677 4604 1918 4660 Nabuchc

2122 4605 2307 4674 ἓνηται
2339 4603 2718 4674 σκάνδαλρν,
2743 4604 2882 4659 ἀλλ’
2906 4604 2974 4668 ἐξ
3005 4598 3092 4658 ὧν
3115 4603 3465 4672 ὲπιςοέρομαι
3510 4615 3653 4666 τραε

377 4690 671 4746 donosoris.
714 4693 940 4748 Juditha
974 4696 1139 4764 igitur
1168 4706 1429 4754 exornata
1456 4697 1524 4752 ad
1550 4697 1908 4768 llololihernei

2118 4698 2359 4768 ήσομαι.
2385 4698 2496 4753 Kal
2521 4693 2679 4753 εἶπεν
2708 4699 2844 4769 αὐτῇ
2887 4697 3214 4769 Ὀλοφέρνης
3233 4713 3249 4728 ο
3285 4699 3354 4750 Ei
3382 4695 3450 4748 δὲ
3477 4695 3649 4747 ἐκλί-

347 4778 706 4854 ’ἰηςτειιίιιιῃ
749 4787 1046 4851 accumbit,
1079 4805 1141 4844 ea
1173 4789 1289 4843 edit
1321 4800 1378 4845 et
1406 4789 1569 4857 bibit,
1612 4807 1734 4861 quae
1755 4791 1824 4845 ab
1853 4807 1878 4845 a

2114 4811 2163 4847 οι
2194 4793 2401 4857 ταῦτα,
2429 4793 2614 4847 πόθεν
2633 4809 2734 4847 σοι
2759 4791 3002 4847 τοιαῦτα
3018 4789 3534 4861 χορηγηθήσεται;
3572 4783 3645 4838 Ἥ

378 4877 504 4931 cilia
534 4893 632 4933 sua
665 4879 769 4933 sibi
799 4890 986 4949 parata
1004 4890 1185 4937 erant.
1219 4882 1597 4953 H010phernes
1635 4883 1909 4954 obstupefz

2115 4885 2249 4955 ;,Ζῇ
2291 4889 2329 4956 ἡ
2366 4886 2538 4955 ψυχή
2585 4901 2726 4953 σου,
2773 4885 2951 4955 Κύριέ
2988 4902 3129 4956 μου,
3173 4881 3646 4950 ἀνταπεκρὶνατο,

375 4979 518 5028 ctus.
546 4985 733 5026 amore
762 4973 910 5027 illius
944 4973 1313 5030 inﬂammatur
1349 4993 1364 5029 :
1402 4976 1785 5047 productoque
1826 4992 1906 5032 con

2114 5001 2151 5035 rt
2173 4985 2245 5038 οὺ
2271 4981 2564 5049 πρότερον
2581 4981 2853 5050 ἐκλείψει
2874 4997 2976 5050 μοι
3005 4978 3077 5032 τὰ
3096 4976 3371 5045 ἐδώδιμα,
3397 4972 3540 5042 πρὶν
3561 4972 3645 5025 ἂν

377 5062 548 5125 vivio,
575 5072 630 5118 et
653 5065 892 5133 plurimo
915 5067 1044 5130 vino
1074 5069 1273 5125 hausto
1305 5071 1636 5136 inebriatus,
1661 5070 1718 5124 in
1754 5069 1908 5124 lectui

2126 5072 2272 5140 Θεὸς
2307 5073 2378 5127 ὲν
2407 5073 2562 5142 χειρί
2590 5091 2711 5142 μου
2749 5077 2978 5142 ποιήσῃ
3011 5071 3047 5124 ἁ
3071 5069 3494 5125 ἐϐουλεύσατο.
3527 5065 3646 5119 M:-

381 5167 440 5207 sc
480 5156 733 5218 reclinat,
776 5174 928 5214 mero
972 5171 1195 5232 gravato
1225 5162 1444 5232 capite;
1477 5161 1741 5233 digressis
1773 5160 1912 5215 omni

2113 5164 2264 5235 ιύσης
2291 5164 2348 5218 δὲ
2383 5167 2596 5231 νυκτὸς,
2645 5167 2887 5237 ᾐτήσατο
2935 5167 3028 5219 ἐπὶ
3071 5165 3169 5236 τὴν
3205 5163 3467 5232 φάραγγα
3501 5158 3644 5228 πρὸς

375 5246 498 5307 bus.
532 5248 740 5321 Bagoas
781 5256 1077 5308 tentorium
1108 5257 1338 5319 claudit,
1389 5257 1502 5311 sola
1532 5255 1756 5311 Juditha
1795 5256 1850 5310 in
1885 5271 1906 5310 ε

2112 5260 2372 5331 ροσευχὴν
2417 5257 2676 5325 ἐξελθεῖν,
2719 5259 2814 5314 xal
2852 5259 3180 5331 Ὀλοφέρνης
3215 5255 3504 5328 ἐπέτρεψε,
3541 5252 3643 5306 καὶ

379 5341 592 5397 relicta.
653 5345 934 5403 Mandarat
979 5359 1160 5403 autem
1222 5351 1314 5406 illa
1365 5351 1600 5416 ancillze,
1643 5361 1705 5407 ut
1745 5354 1910 5408 exitu:

2108 5352 2152 5406 tl
2191 5355 2342 5422 τρεῖς
2378 5351 2591 5424 ἡμέρας
2639 5350 2814 5416 οὕτως
2865 5350 3060 5407 ἐποίει.
3117 5349 3226 5405 Kal
3275 5351 3341 5420 τῇ
3395 5347 3639 5419 τετάρτῃ

375 5449 537 5488 suum
582 5437 919 5506 observaret,
953 5459 1296 5514 egressuram
1336 5445 1483 5499 enim
1515 5460 1639 5500 esse
1672 5446 1740 5500 ad
1784 5463 1906 5503 orar

2105 5447 2240 5520 μέρᾳ
2291 5448 2453 5500 πότον
2503 5445 2800 5518 ἡτοίμασεν
2848 5445 3199 5518 Ὀλοφέρνης.
3249 5443 3363 5497 Kal
3408 5437 3528 5494 εἷπε
3553 5441 3636 5506 τῷ

373 5524 526 5583 dum.
580 5529 685 5584 Sed
731 5547 855 5586 cum
915 5535 1318 5605 Holopbernem
1343 5537 1470 5592 vino
1505 5536 1842 5604 demersum,
1897 5561 1904 5593 ι

2104 5543 2299 5612 ὄνούχῳ
2333 5541 2554 5612 Βαγώᾳ,
2584 5540 2642 5604 ὃς
2675 5535 2743 5611 ἦν
2785 5540 3105 5611 ἐφεστηκὼς
3153 5539 3245 5590 ἐπὶ
3274 5537 3494 5592 πάντων
3522 5531 3635 5584 τῶν

376 5619 805 5688 profundissimo
840 5643 1032 5684 somno
1063 5645 1387 5699 oppressum
1425 5630 1662 5696 videret,
1695 5633 1907 5690 invocat

2103 5631 2239 5686 ὒτοῦο
2276 5631 2497 5686 Πεῖσον
2526 5629 2602 5698 δὴ
2633 5630 2750 5698 τὴν
2781 5629 3035 5700 γυναῖκα
3060 5629 3176 5696 τὴν
3211 5625 3485 5693 Ἔϐραΐαν
3522 5622 3634 5677 τοῦ

373 5709 508 5774 Deo,
535 5716 726 5773 stricto
757 5719 1004 5784 acinace,
1039 5722 1187 5776 illius
1221 5731 1388 5793 caput
1427 5733 1672 5794 resecat;
1707 5743 1904 5798 egress:

2104 5723 2254 5779 ιθεῖν
2291 5723 2443 5792 πρὸς
2465 5723 2621 5795 ἡμᾶς
2644 5741 2659 5756 ο
2684 5724 2940 5791 αἰσχρὸν
2969 5722 3078 5791 γὰρ
3105 5718 3270 5790 ἡμῖν,
3293 5719 3346 5771 εί
3373 5715 3635 5786 γυναῖκα

368 5804 581 5864 ancilla:
611 5811 781 5867 tradit
819 5829 833 5866 :
863 5812 979 5868 abit
1007 5821 1065 5868 ut
1089 5813 1158 5869 de
1180 5829 1332 5870 more
1355 5799 1668 5887 precatura.
1696 5800 1899 5890 Gumqt

2098 5816 2344 5885 οιαύτην
2401 5816 2779 5888 παρήσομεν,
2833 5815 2920 5886 μὴ
2976 5811 3131 5882 αὐτῇ
3193 5811 3629 5885 ὁμιλήσαντες.
