3910 6570
159 339 243 402 281
1370 329 1786 394 ANNALIUM
1827 329 1979 391 LIB.
2016 329 2139 390 Ill.

3263 334 3377 400 282

160 469 374 513 πτοντας
397 450 840 522 ἐπεισπηδῶντες
861 447 1116 518 ἐφόνευον
1137 465 1150 480 ·
1177 449 1270 502 καὶ
1299 449 1349 503 oi
1374 449 1486 503 τῶν
1511 448 1712 519 Μήδων

1817 455 2066 503 ratorum
2100 462 2303 504 uxores
2315 447 2586 512 viderent,
2605 449 2934 518 exclamant,
2954 457 3008 506 et
3024 461 3392 507 consternatae

156 547 204 598 ἱέ
233 545 407 606 ἱππεῖς
441 544 523 606 είς
561 544 687 606 τοὺς
731 541 842 594 τῶν
893 543 1171 612 πολεμίων
1215 543 1420 608 ἱππέας
1457 545 1711 613 ἠλαυνον.

153 639 212 692 ΟΞ
229 637 270 689 δ’
299 635 601 700 ἐνέκλινον,
633 634 764 688 ἔνθα
789 635 856 706 δὴ
879 636 974 688 καὶ
1000 636 1187 689 ἵππων
1225 636 1468 706 διωγμὸς
1498 632 1566 706 ἦν
1618 638 1715 690 καὶ

157 727 372 798 ἀνδρῶν,
401 728 499 781 καὶ⁵
529 730 692 797 φόνος
718 730 776 794 ἐξ
802 728 1159 799 ἀμφοτέρων.
1203 727 1435 782 ’ἰδοῦσαι
1464 728 1520 782 δέ
1536 729 1591 780 ai
1618 744 1716 796 γυο

155 821 327 882 ναῖκες
349 819 459 871 τῶν
505 819 812 889 ’Δσσυρίων
854 821 949 873 καὶ
1003 819 1114 874 τῶν
1158 820 1466 892 συμμάχων
1519 819 1714 884 ταῦτα,

153 911 460 982 ἀνέκραγον,
492 911 594 964 καὶ
618 910 769 965 ἔθεον
809 912 1288 983 ἐκπεπληγμέναι,
1315 913 1410 968 καὶ
1456 915 1586 977 τοὺς
1615 915 1718 968 πέ-

154 1005 304 1065 πλους
352 1005 834 1077 περιρηγνύμεναι
877 1006 970 1060 καὶ
1017 1008 1411 1076 δρυπτόμεναι,
1476 1007 1717 1062 ἱκέτευον

154 1098 344 1160 πάντας
364 1098 578 1164 ἀμῦναι
599 1097 693 1150 καὶ
731 1099 945 1163 αὑταῖς,
982 1099 1077 1152 καὶ
1117 1099 1352 1163 τέκνοις,
1383 1099 1478 1154 καὶ
1531 1100 1716 1169 σφίσιν

153 1187 339 1248 αὐτοῖς.
371 1185 548 1240 Ἔνθα
591 1187 656 1258 δὴ
691 1188 785 1241 καὶ
808 1190 857 1242 oi
887 1187 1126 1258 βασιλεῖς
1149 1190 1305 1243 αὐτοὶ
1343 1191 1442 1243 σὺν
1485 1190 1597 1252 τοῖς
1620 1185 1734 1242 πι-’

155 1275 414 1340 στοτάτοις
441 1277 674 1341 στάντες
709 1279 805 1331 ἐπὶ
852 1278 952 1342 τὰς
986 1278 1224 1342 εἰσόδους
1272 1279 1566 1349 ἐμάχοντο,
1621 1279 1717 1331 καὶ

151 1371 249 1426 cui;
282 1365 464 1427 ἄλλοις
502 1369 955 1439 παρεκελεύοντο.
985 1369 1183 1433 Δείσας
1215 1369 1261 1422 δ’
1293 1371 1321 1424 6
1370 1368 1574 1442 Κῦρος,
1641 1369 1716 1442 μὴ

149 1460 303 1528 Myos
330 1459 488 1524 ὄντες
518 1462 569 1514 εί
599 1461 882 1532 βιάσαιντο
901 1463 980 1526 είς
1000 1462 1060 1516 τὸ
1090 1461 1403 1532 χαράκωμα
1427 1461 1712 1527 είσελθεῖν,

152 1553 241 1604 ὑπὸ
273 1551 485 1607 πολλῶν
515 1555 801 1624 σφαλεῖεν,
841 1554 1239 1624 παρηγγύησεν
1275 1555 1381 1610 ὑπὸ
1443 1555 1587 1609 πόδα
1625 1557 1718 1608 ἀν·

151 1645 288 1708 ἄγειν
311 1641 420 1706 ἔξω
448 1641 650 1713 βελῶν.
688 1644 796 1698 Kal
821 1646 960 1714 ταχὺ
984 1645 1043 1697 τὸ
1067 1643 1496 1715 κεκελευσμένον
1526 1645 1717 1714 ἐποίη-

154 1750 256 1787 σαν.
289 1729 400 1786 Εἶτ’
431 1735 699 1804 ἀπήγαγε
727 1734 856 1799 τοὺς
885 1734 1144 1800 οἰκείους,
1194 1734 1320 1788 ὅσον
1378 1733 1557 1788 ἐδόκει
1615 1751 1716 1787 καο

151 1823 242 1886 ὶὼς
267 1824 431 1893 ἐχειν,
466 1825 570 1879 καὶ
605 1826 1161 1897 ἐστρατοπεδεύσατο.
1220 1827 1284 1880 Οί
1327 1826 1372 1879 δ’
1437 1825 1714 1897 Ἀσσύριοι

151 1919 227 1970 nl
253 1918 576 1987 τεθνηκότος
608 1917 704 1972 τοῦ
732 1919 1014 1990 ἄρχοντος,
1053 1920 1150 1974 καὶ
1194 1918 1384 1990 σχεδὸν
1419 1919 1518 1973 σὺν
1566 1919 1715 1991 αὺτῷ

151 2010 242 2065 τῶν
261 2011 584 2081 βελτίστων,
610 2012 878 2083 ἠθύμουν.
939 2013 1209 2084 Ὀρῶντες
1267 2013 1326 2067 δὲ
1369 2011 1542 2069 ταῦτα
1593 2013 1623 2067 ὅ
1655 2031 1716 2066 τε

154 2105 358 2174 Κροῖσος
387 2106 487 2159 καὶ
517 2105 741 2160 οίάλλοι
772 2106 1051 2178 σὲμμαχοι
1075 2105 1247 2177 σφῶν,
1266 2106 1471 2170 πάντες
1489 2107 1714 2178 ἤλγουν.

163 2195 422 2250 Ἐντεῦθεν
451 2197 777 2252 ἐκλείπουσι
809 2199 870 2252 τι
903 2197 1289 2269 στρατόπεδον,
1322 2199 1417 2253 καὶ
1447 2200 1720 2271 ἀπέρχον-

154 2310 231 2346 ται
253 2293 346 2363 τῆς
379 2294 610 2357 νυκτός.
651 2293 742 2358 Ὧς
767 2293 822 2346 δὲ
855 2293 976 2364 μεθ’
1019 2294 1236 2365 ἡμέραν
1286 2293 1496 2366 ἔρημον
1541 2295 1716 2366 ἐφάνη

151 2388 202 2439 τὸ
229 2387 328 2441 τῶν
354 2387 639 2457 πολεμίων
666 2388 998 2458 χαράκωμα,
1019 2388 1327 2453 διαϐιϐάζει
1349 2390 1476 2451 τοὺς
1498 2390 1717 2460 Πέρσας

153 2481 361 2551 ὸΚῦρος
390 2480 674 2553 πρώτους.
703 2477 821 2536 εἶτα
853 2482 947 2535 καὶ
1001 2483 1051 2535 oi
1095 2481 1240 2552 ἀμφὶ
1291 2482 1589 2554 Κυαξάρην
1635 2483 1717 2535 δι-

155 2574 363 2628 έδαινον.
407 2574 502 2644 Τῷ
553 2575 657 2646 μὲν
705 2571 798 2628 οὖν
831 2574 1000 2646 Κύρῳ
1029 2573 1244 2628 διώκειν
1274 2575 1400 2638 τοὺς
1427 2574 1720 2646 πολεμίους

156 2665 328 2736 ἰδύκει,
361 2665 442 2739 τῷ
469 2665 532 2724 δέ
574 2683 640 2738 γε
670 2667 942 2744 Κυαξάρῃ
971 2667 1286 2724 τούναντίον
1340 2668 1488 2726 ἅπαν
1543 2663 1613 2740 ἦν
1643 2669 1722 2722 αί-

160 2758 311 2825 ρετόν.
337 2759 450 2813 Kal
488 2762 516 2813 6
550 2760 767 2832 Κῦρος,
799 2761 899 2826 Δὸς
928 2761 992 2830 δή
1026 2779 1117 2833 μοι
1166 2762 1273 2816 τῶν
1317 2761 1539 2832 Μήδων,
1587 2760 1716 2834 ἐφη,

157 2849 284 2915 τινάς
311 2853 838 2924 συμπορευομένους
873 2872 988 2925 μοι,
1027 2855 1268 2919 ἐκείνους
1323 2853 1408 2926 δὴ,
1471 2855 1587 2908 ὅσοι
1629 2871 1720 2925 μοι

161 2942 404 2998 ἐθελονταὶ
425 2945 768 3014 συνέψεσθαι
792 2946 1262 3018 προθυμήσονται.
1301 2950 1412 3003 Kal
1431 2949 1459 3001 6
1495 2948 1718 3013 Κυαξάσ·

166 3052 246 3103 ρης
272 3036 460 3107 ἐφῆκε,
490 3039 592 3090 καὶ
623 3037 717 3090 τὸν
746 3039 1085 3106 ἀγγελοῦντα
1130 3039 1305 3094 ταῦτα
1348 3043 1463 3104 τοῖς
1488 3040 1715 3111 Μήδοις,

1825 539 1976 611 15],
2006 550 2260 606 currunt,
2287 551 2344 596 et
2371 550 2558 596 vestes.
2579 542 2888 598 lacerantes
2919 545 3384 616 plangentesque.

1820 635 1970 690 viros
2007 635 2395 698 obtestantur,
2441 645 2502 688 ut
2552 637 2902 706 semetipsos.
2953 645 3013 690 ut
3059 651 3280 701 uxores,
3333 647 3392 691 ut

1818 727 2028 783 liberos
2059 727 2379 784 defendant.
2427 727 2508 782 lbi
2555 743 2711 798 reges
2744 743 2868 782 cum
2917 727 3202 783 ﬁdissimis
3234 730 3386 784 aditu

1819 829 2126 876 castrorum
2183 827 2473 889 occupato,
2534 835 2774 888 pugnam
2829 827 2885 873 et
2942 819 3048 886 ipsi
3101 819 3273 884 cient,
3334 828 3390 873 et

1817 920 2048 967 caeteros
2075 913 2451 968 cohortantur.
2491 911 2710 967 Veritus
2737 911 2904 980 igitur
2931 909 3128 980 Cyrus.
3163 927 3232 966 ne
3261 912 3305 965 si
3339 910 3392 964 vi

1819 1010 2174 1074 penetrarent
2205 1002 2259 1056 in
2306 1002 2506 1057 hostile
2540 1002 2767 1066 vallum,
2797 1000 2957 1069 pauci
2989 1016 3019 1054 a
3055 1000 3246 1055 multis
3275 1001 3389 1054 cir-

1818 1096 2295 1161 cumvenirentur,
2339 1095 2559 1166 signum
2617 1095 2866 1165 receptui
2904 1095 3021 1156 dat,
3073 1103 3136 1148 ut
3184 1095 3389 1148 milites

1818 1188 2080 1260 paulatim
2109 1196 2264 1242 extra
2295 1187 2389 1242 teli
2425 1188 2632 1257 iactum
2677 1185 2999 1241 recederent
3035 1202 3050 1240 :
3083 1185 3231 1256 quod
3261 1200 3386 1239 eum

1818 1279 2076 1336 celeriter
2102 1279 2384 1343 fecissent,
2425 1293 2557 1334 suos
2591 1288 2806 1333 tantum
2835 1277 3083 1341 abducit,
3119 1286 3390 1347 quantum

1797 1380 2032 1428 rectum
2091 1385 2215 1426 esse
2263 1370 2578 1436 videbatur,
2630 1379 2688 1425 et
2736 1379 2916 1426 castra
2963 1371 3131 1426 locat.
3176 1371 3387 1441 Assyrii

1799 1478 1972 1528 .vero,
2028 1478 2152 1518 cum
2214 1471 2271 1517 et
2295 1462 2611 1532 .imperator
2663 1471 2721 1516 et
2767 1462 3108 1518 fortissimus
3149 1461 3389 1532 quisque

1818 1555 2130 1620 cecidisset,
2186 1555 2386 1612 animis
2413 1555 2560 1626 angi,
2605 1553 2831 1611 Crassus
2881 1563 2936 1609 et
2988 1554 3082 1608 alii
3139 1553 3391 1608 foederati

1818 1649 2029 1712 dolere,
2057 1648 2364 1716 castrisque
2399 1655 2564 1702 noctu
2598 1646 2859 1702 desertis.
2881 1645 3190 1701 discedere.
3237 1646 3395 1700 Mane

1822 1755 1948 1796 cum
1972 1739 2226 1794 viderent
2258 1738 2461 1793 vallum
2496 1739 2740 1792 hostium
2773 1753 2895 1792 esse
2923 1752 3184 1801 vacuum,
3217 1736 3396 1808 Cyrus

1825 1829 2020 1884 Persas
2051 1827 2256 1899 primos
2288 1827 2547 1891 traducit,
2586 1827 2848 1898 Cyaxaris
2897 1827 3074 1898 copiis
3111 1829 3397 1898 sequenti-

1820 1920 1925 1976 bus
1959 1937 1972 1974 :
2005 1933 2244 1990 cumque
2273 1919 2530 1989 persequi
2571 1918 2759 1973 hostes
2799 1920 3118 1973 consultum
3151 1927 3394 1988 putaret,

1817 2012 2095 2084 Cyaxares
2125 2021 2307 2067 autem
2343 2011 2564 2082 quidvis
2598 2011 2786 2067 mallet
2828 2028 2843 2066 :
2901 2011 3042 2082 petit
3085 2022 3145 2067 ut
3186 2009 3395 2071 Medos.

1820 2106 1916 2176 qui
1978 2111 2174 2174 sponte
2225 2103 2382 2172 sequi
2429 2103 2657 2168 vellent,
2711 2101 2816 2156 sibi
2873 2101 3132 2156 traderet.
3186 2102 3398 2156 Annuit

1819 2194 2120 2267 Cyaxares,
2175 2204 2231 2250 et
2283 2207 2596 2265 praeconem
2659 2191 2984 2265 cumVCyro
3049 2194 3240 2258 mittit,
3303 2193 3397 2263 qui

1820 2288 1995 2344 Medis
2031 2302 2095 2343 ea
2142 2288 2384 2343 nuntiet.
2423 2287 2637 2342 Interea
2669 2288 2850 2341 nuntii
2887 2287 2958 2341 ab
2997 2286 3268 2358 Hyrcanis
3299 2301 3398 2340 ve-

1819 2381 1981 2436 niunt
2011 2397 2026 2436 :
2059 2381 2406 2453 Assyriorum
2439 2380 2494 2436 bi
2535 2379 2702 2434 vicini
2729 2388 2886 2445 sunt,
2919 2394 3056 2450 gens
3082 2379 3154 2434 ob
3198 2379 3396 2449 pauci-

1823 2481 1989 2530 tatem
2021 2473 2268 2544 subiecta
2310 2473 2578 2544 Assyriis,
2617 2472 2711 2543 qui
2747 2474 2821 2528 ita
2861 2469 2945 2527 eis
2977 2471 3300 2536 utebantur,
3335 2479 3399 2526 ut

1789 2583 1922 2624 nec
1967 2569 2023 2623 in
2073 2567 2382 2634 laboribus,
2424 2583 2524 2622 nec
2557 2567 2611 2620 in
2647 2565 2912 2636 periculis
2956 2566 3039 2620 eis
3083 2574 3397 2635 parcerent.

1793 2663 1960 2719 *Tum
2019 2671 2204 2717 autem
2253 2676 2447 2731 agmen
2494 2659 2752 2715 claudere
2799 2658 2936 2730 iussi
2968 2665 3148 2723 erant,
3181 2657 3401 2727 equites

1821 2755 2045 2811 circiter
2077 2755 2246 2822 mille,
2285 2762 2346 2808 nt
2375 2755 2419 2808 si
2449 2751 2587 2824 quid
2617 2768 2646 2806 a
2681 2760 2838 2818 tergo
2873 2750 3103 2821 periculi
3138 2757 3308 2813 esset,
3339 2747 3394 2802 id

1823 2850 1879 2904 in
1907 2863 2004 2904 eos
2027 2848 2235 2918 primos
2264 2854 2598 2902 verteretur.
2661 2843 2728 2898 Hi
2781 2843 2950 2913 igitur
2992 2840 3254 2897 aerumnis
3281 2840 3402 2895 suis

1823 2941 2207 3005 consideratis,
2229 2941 2443 3011 legatos
2485 2938 2552 2994 ad
2579 2937 2783 3009 Cyrum
2829 2938 3079 2998 mittunt,
3113 2934 3207 3005 qui
3241 2933 3398 2988 dice-

1795 3041 1947 3088 rent
1973 3033 2226 3104 Assyrios
2272 3031 2378 3085 sibi
2413 3031 2536 3101 iure
2577 3029 2788 3084 invisos
2827 3041 2950 3082 esse
2987 3045 3000 3080 :
3040 3027 3084 3081 si
3121 3025 3306 3086 vellet,
3339 3039 3401 3078 se

158 3126 223 3194 τῷ
245 3126 400 3198 Κύρῳ
417 3128 787 3198 συνέπεμψεν.
809 3129 899 3182 Ἐν
919 3129 1160 3200 τοσούτῳ
1188 3130 1243 3184 δὲ
1273 3131 1499 3200 ἄγγελοι
1529 3133 1592 3184 ἐκ
1615 3130 1720 3184 τῶν

1829 3128 1999 3183 duces
2055 3127 2174 3182 lore
2238 3133 2295 3180 et
2345 3125 2632 3194 adiutore
2695 3123 2762 3176 ad
2813 3135 2910 3177 eos
2962 3117 3401 3190 persequendos.

170 3218 452 3290 ἰ’ρκανίων
507 3223 795 3292 ἀφίκοντο.
836 3225 897 3276 Oi
953 3223 1000 3275 δ’
1059 3223 1344 3295 Ὑρκάνιοι
1395 3225 1586 3295 ὅμοροι
1613 3224 1722 3277 τῶν

172 3312 444 3386 Ἀσσυρίων
485 3318 654 3381 εἰσὶν,
687 3316 840 3381 ἔθνος
884 3317 946 3370 οὐ
984 3317 1143 3384 πολὺ,
1193 3318 1274 3372 διὸ
1309 3317 1401 3372 καὶ
1441 3314 1582 3389 ἦσαν
1615 3317 1725 3372 τῶν

175 3405 450 3476 ’Δσσυρίων
482 3408 760 3478 ὑπήκοον
791 3409 1030 3479 ἐχρῶντο
1051 3409 1096 3462 δ’
1119 3409 1306 3474 αὐτοῖς
1352 3409 1468 3462 οὒτ’
1513 3409 1572 3462 ἐν
1627 3410 1726 3463 πό-

164 3512 275 3562 κοις,
311 3497 421 3553 αὕτ’
456 3500 517 3553 ἐν
547 3499 819 3563 κινδύνοις
842 3500 1024 3554 αὐτῶν
1058 3501 1394 3572 φειδόμενοι.
1435 3501 1546 3555 Kal
1599 3504 1722 3555 τότε

166 3589 211 3642 ἰέ
231 3591 477 3662 οὖραγεῖν
508 3595 831 3664 ἐτετάχατο,
869 3597 1057 3658 ἱππεῖς
1080 3593 1236 3657 ὄντες
1264 3593 1341 3657 ὡς
1361 3592 1546 3663 χίλιοι,
1575 3593 1723 3656 ὅπως

168 3681 210 3733 εί
226 3699 272 3736 τι
299 3683 524 3740 ὃπισθεν
558 3687 644 3756 εἴη
681 3686 876 3753 δεινὸν,
925 3685 1160 3749 ἐκείνοις
1215 3684 1366 3738 τοῦτ’
1431 3684 1723 3757 ἐνσκήψειε

167 3774 253 3844 πρὸ
273 3777 467 3833 αὐτῶν.
497 3779 566 3832 ΟΞ
589 3777 648 3832 δὲ
675 3774 764 3834 οῐα
801 3780 1108 3850 πάσχουσιν
1157 3775 1523 3849 ἐννοούμενοι,
1551 3777 1724 3849 ἐπεμ-

166 3865 254 3931 ύαν
273 3870 535 3938 ἀγγέλους
565 3870 704 3941 πρὸς
744 3871 948 3943 Κῦρον,
1009 3869 1297 3942 ἐροῦντας,
1352 3869 1430 3934 ὡς
1482 3873 1724 3940 μισοῖντο

167 3957 364 4026 δικαίως
397 3964 534 4035 παρ’
568 3963 751 4017 αὐτῶν
782 3963 832 4016 oi
877 3963 1190 4032 Ἀσσύριοι*
1240 3964 1337 4017 καὶ
1369 3963 1420 4017 εί
1478 3961 1726 4034 βούλοιτο

170 4049 289 4104 ξέναι
338 4053 427 4106 ἐπ’
459 4055 688 4120 αὐτοὺς,
721 4056 818 4110 καὶ
852 4057 1008 4125 σφεῖς
1049 4055 1257 4108 ἔσοιντο
1296 4054 1598 4126 σύμμαχοι,
1629 4055 1726 4108 καὶ

166 4139 535 4209 ἡγήσοιντο.’0
562 4146 619 4199 δέ
653 4147 841 4218 ῆρετο,
879 4149 928 4200 εί
968 4147 1566 4218 καταλήψοιτοαύτούς
1585 4163 1600 4177 ·
1629 4147 1725 4200 καὶ

167 4233 208 4283 οἱ
242 4235 518 4306 Ὑρκάνιοι
543 4236 720 4305 εἷπον,
744 4240 825 4292 ὅτι
855 4238 959 4293 κᾶν
990 4237 1178 4310 αὔριον
1203 4238 1375 4293 ἕωθεν
1405 4241 1726 4310 πορεύοιντο

170 4323 834 4401 εὔζωνοι,.καταλήψοιντο
871 4334 1032 4401 σφᾶς.
1070 4333 1181 4386 Kal
1214 4336 1240 4386 6
1271 4331 1454 4402 Κῦρος
1510 4331 1725 4395 πίστεις

1823 3220 1998 3293 Cyrus
2048 3227 2207 3291 rogat
2253 3234 2321 3274 an
2372 3233 2470 3273 eos
2512 3215 2741 3286 adipisci
2791 3214 3003 3285 possit?
3044 3211 3405 3281 Respondent

1828 3313 2084 3385 Hyrcani,
2146 3313 2192 3368 si
2246 3312 2334 3368 vel
2393 3310 2664 3382 postridie
2723 3323 2884 3363 mane
2944 3319 3068 3361 cum
3129 3304 3406 3374 expeditis

1825 3407 2001 3477 copiis
2033 3405 2437 3476 proﬁciscatur,
2464 3411 2848 3458 assecuturum
2872 3400 3016 3455 illos.
3053 3398 3192 3452 Tum
3222 3397 3402 3468 Cyrus

1823 3499 1963 3570 petit
1996 3499 2200 3552 ﬁrmari
2241 3497 2346 3552 sibi
2385 3496 2546 3551 tidem
2579 3495 2647 3549 ab
2685 3494 2768 3549 eis
2799 3509 2816 3549 :
2857 3491 3191 3562 pollicentur
3226 3489 3304 3542 illi
3338 3502 3400 3542 se

1826 3591 2046 3645 obsides
2096 3589 2345 3652 daturos,
2397 3587 2441 3642 si
2488 3585 2734 3641 vicissim
2795 3585 3051 3639 dexteras
3105 3581 3286 3645 daret,
3345 3588 3406 3634 et

1825 3691 2168 3739 sacramento
2216 3681 2458 3736 firmaret
2499 3679 2683 3734 iidem.
2738 3678 2945 3731 Annuit
2992 3674 3212 3747 Cyrus:
3245 3673 3397 3743 quod

1825 3776 1870 3831 si
1904 3789 1963 3829 re
2010 3779 2357 3844 praestarent,
2401 3785 2526 3841 quze
2557 3767 2743 3824 verbis
2777 3765 3205 3838 proﬁterentur,
3231 3778 3291 3817 se
3320 3761 3408 3816 eis

1826 3884 1926 3939 pro
1978 3865 2100 3922 lldis
2152 3865 2349 3920 amicis
2389 3877 2624 3918 usurum
2674 3880 2688 3917 :
2736 3875 2919 3930 neque
2959 3857 3243 3914 deteriore
3281 3856 3407 3910 loco

1796 3961 2062 4024 -l'uturos,
2107 3974 2273 4030 quam
2308 3958 2504 4012 Persas
2545 3965 2642 4010 aut
2671 3953 2878 4009 Medos.
2930 3951 3026 4006 His
3074 3950 3233 4010 actis.
3279 3963 3406 4003 cum

1825 4053 2007 4108 adhuc
2033 4053 2264 4115 luceret,
2288 4049 2476 4105 educit
2507 4045 2834 4106 exercitum,
2868 4043 3104 4112 Tigrane
3143 4055 3268 4093 cum
3299 4038 3404 4092 Ar-

1826 4143 2026 4199 meniis
2073 4143 2372 4198 comitante
2419 4160 2435 4196 :
2485 4147 2542 4196 et
2581 4139 2862 4210 Hyrcanos
2890 4135 3056 4190 etiam
3084 4139 3407 4201 exspectare

1822 4237 2000 4309 jubet,
2035 4245 2095 4291 ut
2120 4250 2227 4290 una
2274 4233 2441 4290 irent.
2481 4231 2628 4288 Medi
2660 4245 2794 4285 vero
2825 4227 2942 4282 fere
2976 4239 3168 4280 omnes
3201 4222 3406 4290 Cyrum

1827 4329 2225 4400 sequebantur.
2298 4327 2465 4383 Iubet
2508 4325 2678 4396 igitur
2731 4324 3018 4393 Hyrcanos
3069 4313 3405 4388 praecedere.

173 4417 292 4485 ᾔτει,
323 4420 392 4487 ὡς
425 4423 770 4492 ἀληθεύοιεν.
799 4424 862 4477 Oi
882 4425 938 4478 δέ
965 4425 1206 4497 ὁμήρους
1227 4425 1520 4479 κατέθεντο
1545 4440 1720 4495 παρα-

1831 4426 2117 4494 multoque
2141 4422 2341 4476 itinere
2379 4418 2654 4479 conlecto,
2688 4428 2882 4469 eorum
2914 4408 3183 4467 exercitui
3209 4419 3406 4476 appro:

175 4513 320 4580 σχεῖν,
342 4517 388 4569 εἰ
420 4517 520 4570 καὶ
550 4516 712 4580 αὐτὸς
745 4518 930 4581 αὐτοῖς
995 4492 1178 4582 δεξιὰν
1241 4517 1380 4586 δοίη,
1422 4519 1517 4571 καὶ
1557 4492 1720 4570 πιστά

1833 4492 2059 4587 pinquat
2093 4532 2106 4568 ι
2143 4513 2211 4567 de
2241 4527 2353 4582 quo
2386 4511 2543 4581 152
2574 4525 2603 4563 a
2635 4507 2829 4578 legatis
2857 4503 3191 4561 admonitus,
3224 4498 3403 4570 iubet.

176 4599 292 4655 θεῶν
325 4608 636 4678 ποιήσαιτο.
674 4608 783 4660 Kal
815 4609 844 4661 6
899 4607 997 4678 μὲν
1037 4608 1220 4679 Κῦρος
1276 4609 1492 4662 δίδωσιν
1541 4609 1723 4673 αὐτοῖς

179 4695 340 4759 πιστὰ,
373 4693 408 4769 ἦ
437 4700 548 4768 μὴν
575 4699 669 4750 ἐὰν
698 4697 734 4752 ἃ
769 4699 1016 4766 λέγουσιν
1055 4696 1468 4768 ἐμπεδώσωσιν,
1513 4699 1588 4761 ὡς
1637 4700 1726 4766 φί-

180 4781 276 4847 λοις
300 4787 390 4840 καὶ
427 4790 645 4850 πιστοῖς
679 4788 912 4858 χρῆσθαι
939 4789 1148 4853 αὐτοῖς,
1181 4788 1278 4841 καὶ
1326 4790 1462 4858 μήτε
1499 4789 1727 4858 Περσῶν

186 4878 303 4944 μήτε
327 4881 525 4951 Μήδων
553 4885 703 4950 μεῖον
736 4881 882 4950 ἔχειν
914 4897 965 4934 τι
992 4881 1126 4950 παρ’
1153 4881 1327 4952 αὐτῷ.
1367 4881 1491 4934 Ἐπὶ
1515 4881 1728 4944 τούτοις

179 4966 201 5015 ὁ
231 4967 392 5038 Κῦρος
421 4972 504 5024 ἔτι
533 4972 708 5038 φάους
735 4972 888 5033 ὄντος
923 4970 1089 5040 ἐξῆγε
1129 4970 1190 5024 τδ
1242 4969 1583 5042 στράτευμα,
1631 4968 1727 5022 καὶ

180 5058 481 5130 ὁτιγράνης
513 5063 652 5134 μετὰ
691 5065 799 5116 τῶν
863 5063 1168 5134 ’Λρμενίων
1221 5063 1409 5132 συνῆν,
1453 5063 1548 5115 καί⁹
1599 5062 1727 5125 τοὺς

195 5150 494 5222 Ὑρκανίους
525 5158 582 5210 δὲ
613 5156 936 5229 περιμένειν
967 5155 1274 5220 ἐκέλευσεν,
1313 5156 1378 5209 ἵν’
1408 5155 1524 5226 ἅμα
1574 5155 1726 5209 ἴοιεν.

187 5234 288 5292 Τῶν
305 5239 359 5294 δέ
383 5245 583 5314 Μήδων
601 5245 787 5315 σχεδὸν
819 5243 1062 5307 ἅπαντες
1084 5243 1414 5315 συνεξῄεσαν
1439 5244 1514 5314 τῷ
1537 5244 1725 5314 Κύρῳ.

1798 4641 1804 4645 -
1833 4610 1880 4665 si
1917 4607 2075 4662 amici
2111 4606 2244 4667 sint,
2279 4604 2416 4659 citra
2448 4617 2658 4658 moram
2685 4611 2984 4654 occurrere
3013 4592 3246 4650 sublatis
3275 4589 3408 4644 dex-

1837 4699 1989 4754 teris.
2048 4697 2281 4752 Faciunt
2335 4695 2436 4753 illi.
2490 4702 2550 4748 ut
2593 4690 2732 4762 iussi
2774 4698 2937 4745 erant
2982 4703 2997 4742 :
3047 4699 3188 4755 quos
3231 4682 3414 4752 Cyrus

1836 4789 2072 4858 benigne
2103 4795 2379 4856 acceptos,
2411 4785 2596 4840 dicere
2625 4783 2736 4840 sibi
2777 4782 2956 4853 iubet,
3004 4787 3275 4848 quantum
3307 4775 3402 4829 ab-

1833 4880 1944 4934 sint
1995 4878 2238 4934 bostium
2274 4877 2446 4932 duces
2473 4884 2530 4930 et
2569 4876 2844 4930 universae
2885 4871 3080 4941 copiae.
3114 4869 3254 4924 Cum
3285 4881 3408 4921 res-

1835 4971 2164 5041 ponderent.
2210 4969 2374 5039 paulo
2419 4968 2542 5037 plus
2598 4981 2922 5036 parasanga,
2966 4964 3149 5034 iubet.
3179 4961 3406 5019 ducere,

1793 5095 1798 5100 ε
1836 5063 1954 5133 ipse
1977 5078 2100 5118 cum
2131 5061 2313 5116 Persis
2331 5062 2384 5114 in
2407 5060 2590 5114 medio
2608 5058 3003 5129 proﬁciscitur.
3029 5056 3133 5111 alis
3159 5051 3408 5123 equitum

1799 5191 1803 5195 -
1835 5154 2094 5223 utrinque
2111 5152 2404 5222 adiunctis.
2423 5151 2560 5206 Cum
2577 5150 3142 5216 diluxisset,bostesre
3167 5143 3406 5214 cognita,

1835 5243 2035 5314 partim
2063 5243 2273 5312 fugere,
2305 5242 2504 5312 partim
2532 5242 2652 5296 sine
2683 5255 2863 5311 pugna
2889 5240 3049 5295 ezedi.

195 5329 451 5402 Ἡγεῖσθαι
477 5335 572 5393 οὖν
610 5341 737 5403 τοὺς
779 5338 1109 5411 Ὑρκανίους
1138 5339 1393 5392 ἐκέλευεο
1436 5340 1531 5392 καὶ
1595 5337 1799 5409 πολλὴν
1824 5338 1942 5391 ὁδὸν
1967 5334 2248 5398 διανύσας,
2306 5335 2538 5405 πλησίον
2572 5333 2783 5402 γίνεται
2850 5332 2946 5385 τοῦ
3014 5332 3124 5384 τῶν
3196 5327 3405 5393 Ὑρκα-

188 5425 298 5480 νίων
325 5433 753 5502 στρατεύματος.
787 5432 896 5486 Kal
927 5433 975 5485 ot
999 5430 1224 5501 ἄγγελοι
1254 5429 1415 5484 τοῦτο
1457 5430 1548 5483 τὸν
1605 5429 1790 5501 Κῦρον
1853 5429 2155 5490 ἐδίδασκον,
2225 5427 2318 5481 καὶ
2357 5427 2416 5490 6;
2465 5425 2777 5490 ἐκέλευσεν,
2830 5424 2881 5476 εί
2931 5423 3075 5490 φίλοι
3141 5420 3279 5473 εἰσὶν
3323 5415 3405 5476 ὡς

189 5518 394 5589 τάχιστα
445 5525 688 5597 ύπαντᾷν
737 5525 838 5589 τὰς
867 5525 1046 5590 δεξιὰς
1108 5526 1519 5588 ἀνατείναντας.
1558 5525 1668 5578 Kal
1723 5525 1772 5576 οί
1816 5521 2100 5593 Ὑρκάνιοι
2133 5519 2308 5575 ταῦτα
2333 5520 2748 5588 ἐνωτισάμενοι,
2783 5516 3039 5586 παρῆσαν
3067 5511 3252 5573 εὐθὺς.
3301 5509 3404 5570 τάς

192 5611 367 5680 διξάς.
401 5616 587 5689 ὥσπερ
636 5620 847 5690 εἴρητο,
885 5617 1280 5678 ἀνατείνοντες.
1336 5614 1727 5686 Δεξιοσάμενος
1765 5616 1824 5669 δὲ
1885 5615 2104 5678 αὐτοὺς,
2147 5609 2353 5666 Εἶπατὲ
2385 5627 2494 5680 μοι.
2529 5610 2685 5680 φησὶ,
2717 5610 2882 5662 πόσον
2907 5607 3101 5676 ἀπέχει
3167 5603 3400 5656 ἐνθένδεν

199 5705 306 5760 ἱνθα
331 5712 381 5762 ai
438 5713 605 5783 ἀρχαὶ
644 5713 754 5765 τῶν
791 5711 1071 5782 πολεμίων
1137 5712 1266 5775 εἰσὶ,
1323 5710 1418 5762 καὶ
1463 5709 1525 5762 τὸ
1571 5708 1769 5779 ἁθρόον
1809 5707 2012 5763 αὖτῶνι
2039 5705 2089 5757 οἳ
2155 5704 2200 5758 δ’
2251 5702 2480 5772 ἔφασαν.
2505 5701 2676 5769 ὀλίγῳ
2705 5699 2868 5752 πλέον
2917 5697 2952 5766 ἦ
3007 5696 3398 5767 παρασάγγην.

210 5798 461 5867 Ἡγεῖσθαι
498 5802 592 5857 οἷν
628 5805 753 5868 τοὺς
809 5805 1134 5876 Ὑρκανίους
1187 5805 1479 5858 ἐπέταττεο
1531 5802 1622 5856 καὶ
1682 5803 1730 5854 οἱ
1774 5801 1872 5872 μὲν
1934 5798 2164 5870 ἡγοῦντο
2208 5814 2218 5824 ·
2257 5795 2420 5858 αὐτὸς
2449 5793 2503 5846 δὲ
2542 5790 2639 5844 σὺν
2669 5791 2779 5854 τοῖς
2827 5789 3069 5860 Πέρδαιῖ
3116 5789 3178 5839 τδ
3233 5789 3412 5859 μέσον
