3910 6570
139 376 226 440 ἓῖῦ

1262 403 1268 409 ·
1339 376 1750 439 ANNALIUM
1798 377 1945 439 LIB.
1994 378 2112 442 Ill.

3265 382 3377 446 290

145 490 433 546 ’ίιλίσκοντο
456 485 640 541 τοίνυν
671 487 765 542 καὶ
795 487 988 560 ἄνδρες
1014 491 1117 561 καὶ
1150 491 1400 563 ἂρματα,
1440 492 1540 546 καὶ
1565 494 1692 546 πολ-

1799 500 2079 555 occurrit:
2104 510 2161 555 et
2188 502 2380 573 gratiis
2410 502 2569 566 actis,
2604 517 2684 569 se,
2717 508 2989 574 quantum
3020 487 3077 557 in
3104 517 3164 560 se
3187 484 3393 559 fuerit?

136 584 204 636 iol
227 582 276 636 δὲ
302 580 631 643 ἐκτείνοντο,
661 583 755 633 καί
796 581 961 646 αὑτὸς
996 580 1024 633 6
1058 581 1148 634 τὸν
1172 582 1419 639 Γαδάταν
1454 584 1705 657 πλήξαςη

133 680 184 730 ΟΞ
209 674 251 729 δ’
272 674 442 739 ἄλλοι,
473 673 573 727 καὶ
605 674 768 738 αὐτὸς
800 676 827 727 6
870 674 1179 745 Ἀσσύριος,
1217 677 1298 741 είς
1328 677 1486 730 πόλιν
1518 677 1687 732 αὐτοῦ

129 786 233 822 τινα
267 764 513 836 μεγάλην
544 764 882 835 κατέφυγον.
920 768 1030 820 Καὶ
1070 768 1098 821 6
1126 764 1310 840 Κῦρος
1354 769 1531 823 ταῦτα
1575 770 1691 823 δια-

130 859 476 932 πραξάμενος,
514 858 596 923 είς
633 859 735 929 τὴν
767 857 989 912 Γαδάτα⁹
1025 859 1214 930 χώραν
1246 861 1546 931 ἀναχωρεῖ,
1595 864 1688 915 καὶ

127 952 198 1023 ᾔει
224 949 311 1003 τον
356 948 610 1003 Γαδάταν
655 950 1115 1018 ἐπισκεψάμενος.
1158 950 1266 1004 Kal
1305 952 1356 1003 οί
1381 951 1408 1004 6
1445 950 1689 1015 Γαδάτας

127 1043 435 1111 ἀπήντησεν,
486 1038 874 1108 ἐπιδεδεμένος
929 1041 991 1093 τὸ
1043 1042 1290 1112 τραῦμα,
1339 1042 1433 1095 καὶ
1457 1044 1691 1113 χάριτας

125 1133 369 1205 ὡμολόγει
399 1132 583 1201 λέγων
601 1149 617 1164 ο
644 1131 744 1198 ὡς,
787 1130 929 1201 Ἑγώ
956 1150 1018 1202 γε
1046 1135 1107 1187 τὸ
1135 1135 1236 1204 μὲν
1276 1134 1362 1187 ἐπ’
1391 1137 1516 1205 ἐμοὶ
1544 1134 1689 1206 οἴχο-

130 1243 231 1293 μαι,
266 1223 325 1277 τὸ
356 1223 413 1276 δὲ
445 1225 545 1276 ἐπὶ
592 1224 675 1276 σοὶ
723 1225 1026 1295 σέσωσμαι,
1067 1224 1388 1297 προθύμως,
1417 1225 1561 1281 οὕτω
1598 1244 1690 1296 μοι

128 1312 451 1384 βοηθήσαντι.
512 1313 577 1366 οι
624 1312 681 1366 δέ
723 1330 787 1381 γε
843 1313 1167 1368 Καδδούσιοι
1223 1315 1691 1385 ὀπισθοφυλακεῖν

125 1404 428 1474 τεταγμένοι
480 1406 609 1458 τότε
652 1405 805 1476 παρὰ
855 1406 955 1459 τοῦ
1008 1406 1217 1477 Κύρου,
1258 1407 1355 1461 καὶ
1400 1407 1476 1480 μὴ
1525 1425 1690 1478 μετα-

129 1499 318 1567 σχόντε,
348 1500 451 1568 τῆς
479 1497 744 1563 διώξεως,
783 1497 1105 1570 βουλόμενοι
1148 1499 1208 1553 δὲ
1237 1500 1332 1554 καὶ
1366 1501 1524 1555 αὐτοὶ
1554 1503 1693 1571 λαμ-

128 1589 239 1659 πρόν
294 1605 347 1640 τι
404 1590 664 1658 ποιῆσαι,
721 1590 876 1643 οὐδὲν
923 1590 1002 1662 τῷ
1048 1591 1220 1664 Κύρῳ
1264 1592 1687 1664 κοινωσάμενοι,

127 1680 428 1735 καταθέουσι
463 1684 569 1752 τὴν
603 1681 982 1738 Βαϐυλωνίαν.
1015 1684 1222 1739 ’Λπιὼν
1254 1685 1310 1740 δὲ
1346 1686 1375 1740 6
1403 1685 1692 1755 Ἀσσύρος

127 1778 176 1827 ὲκ
212 1774 305 1844 τῆς
354 1773 575 1839 πόλεως
622 1767 685 1829 οὗ
731 1777 1035 1848 κατέφυγε,
1072 1780 1431 1850 συντυγχάνει
1469 1780 1690 1843 αὐτοῖς*

1796 592 2050 661 periisse,
2084 595 2179 649 sed
2220 604 2443 650 strenua
2489 596 2636 649 illius
2668 610 2772 665 ape
2811 604 3201 652 conservatum
3230 609 3373 658 esse,

1794 685 2108 756 proﬁtetur.
2164 686 2429 744 Caddusii
2477 705 2609 745 vero
2635 705 2666 744 a
2693 688 2838 763 Cyro
2866 690 2923 745 in
2955 689 3224 747 subsidiis
3257 689 3376 741 col-

1797 776 1984 842 locati,
2010 792 2138 835 cum
2167 782 2538 849 persecutioni
2572 781 2814 837 hostium
2836 796 2945 837 non
2972 779 3376 837 interfuissent.

1798 867 2053 924 volentes
2077 879 2136 925 et
2173 870 2278 940 ipsi
2312 869 2594 943 egregium
2628 870 2839 927 facinus
2883 860 3070 933 edere,
3107 868 3252 940 Cyro
3289 864 3376 922 in-

1797 960 2077 1026 consulto,
2107 960 2163 1016 in
2207 962 2553 1032 provinciam
2597 960 2954 1033 Babyloniam
3000 960 3376 1016 incursionem

1802 1049 2035 1105 faciunt.
2069 1051 2140 1108 At
2188 1052 2450 1125 Assyrius
2483 1070 2741 1126 egressus
2787 1054 3005 1119 urbem,
3043 1070 3154 1124 quo
3187 1052 3381 1108 confu-

1798 1153 1978 1213 gerat,
2018 1144 2239 1199 obviam
2270 1145 2473 1211 factus,
2505 1161 2632 1202 cum
2659 1146 2811 1202 solos
2845 1161 2970 1202 esse
3001 1145 3253 1210 vidisset,
3286 1159 3385 1197 eos

1800 1235 2032 1303 invadit,
2076 1247 2134 1293 et
2167 1238 2478 1309 principem
2514 1254 2709 1294 eorum
2738 1253 2864 1294 cum
2895 1238 3086 1293 multis
3119 1237 3244 1291 aliis
3272 1228 3383 1291 ‘oc~

1798 1327 1955 1386 cidit.
2005 1339 2169 1400 atque
2215 1329 2536 1400 aliquandiu
2584 1330 2970 1401 persequitur.
3004 1328 3108 1396 Qui
3140 1343 3207 1384 ex
3238 1328 3379 1383 Cad—

1798 1420 1977 1475 dnsiis
2024 1430 2335 1485 evaserant,
2372 1421 2478 1476 sub
2530 1438 2820 1493 vesperam
2867 1422 2924 1493 in
2957 1432 3136 1476 castra
3192 1435 3379 1476 rever-

1801 1513 2208 1587 tutttur.;Cyrus
2229 1515 2551 1570 vulneratos
2573 1515 2740 1570 tradit
2764 1513 3026 1570 medicis:
3053 1513 3191 1569 alios
3218 1511 3379 1587 156

1799 1605 1918 1675 ipse
1961 1606 2300 1669 consolatus,
2350 1615 2536 1661 monet
2593 1617 2655 1661 ut
2693 1622 2806 1662 suae
2836 1605 3014 1677 gentis
3046 1604 3243 1659 ducem
3277 1598 3382 1659 eli-

1800 1705 1955 1767 gant.
1994 1695 2210 1752 Interea
2245 1695 2485 1754 Gadatas
2511 1698 2680 1753 multa
2708 1706 2766 1754 et
2794 1696 2973 1754 omnis
3000 1697 3222 1767 generis
3249 1712 3340 1751 mu
3358 1726 3375 1737 -

1801 1805 1931 1845 nera
1977 1790 2162 1855 otl‘ert,
2211 1800 2267 1845 et
2315 1806 2489 1861 equos
2521 1789 2814 1862 plurimos.
2861 1788 3038 1862 Cyrus
3089 1801 3265 1859 equos
3314 1801 3375 1841 se

126 1867 203 1918 καὶ
228 1866 382 1934 γνοὺς
416 1866 623 1935 μόνους
653 1867 841 1930 ὖντ..ς,
883 1869 1215 1936 ἐπιτίθεται,
1254 1873 1351 1924 καὶ
1374 1872 1467 1924 τόν
1490 1888 1549 1924 τε
1590 1871 1692 1943 ἄρ-

1798 1883 2052 1952 accipere
2087 1883 2184 1944 ait.
2221 1893 2281 1938 ut
2313 1886 2625 1952 equitatum
2661 1882 2943 1938 Persicum
2976 1879 3047 1936 ad
3078 1894 3373 1945 numerum

126 1977 262 2028 χοντα
310 1958 465 2028 σφῶν
512 1960 863 2025 ἀποκτείνει,
896 1962 990 2016 καὶ
1027 1962 1221 2027 ἄλλους
1270 1963 1528 2028 πολλούς.
1581 1967 1690 2021 Kal

127 2051 291 2119 διιὲιξας
337 2056 510 2125 μέχρι
556 2054 727 2118 τινὸς.
777 2055 1153 2128 ἀπετράπετο.
1195 2056 1260 2111 υἱ
1294 2056 1354 2110 δὲ
1409 2058 1517 2111 τῶν
1548 2059 1694 2112 Καδ-

130 2144 325 2197 δουσίων
368 2143 651 2210 ἐσώζοντο
678 2148 808 2217 περὶ
835 2147 1022 2218 δείλην
1048 2142 1215 2219 ἦλθον
1261 2150 1342 2212 εὶς
1369 2150 1432 2203 τὸ
1465 2153 1695 2221 στρατό-

132 2235 278 2289 πεδον.
338 2238 398 2292 Ὀ
431 2236 491 2291 δὲ
548 2239 729 2310 Κῦρος
783 2242 894 2305 τοῖς
954 2241 1056 2313 μὲν
1111 2241 1519 2311 θεραπεύσουσι
1563 2244 1691 2308 τοὺς

129 2331 481 2401 τετρωμένους
519 2332 844 2404 παρεδίδου,
885 2336 999 2398 τοῖς
1035 2332 1084 2386 δ’
1108 2333 1293 2399 ἄλλοις
1323 2334 1488 2400 αὐτὸς
1523 2353 1695 2406 προσ-

127 2425 236 2493 ῆγεν
273 2426 329 2478 ὲν
373 2423 570 2491 λόγοις
611 2425 986 2496 παράκλησιν.
1054 2425 1167 2479 Kal
1205 2427 1445 2498 ἄρχοντα
1478 2428 1692 2493 ἑαυτοῖς

131 2520 175 2587 ἐξ
203 2520 407 2574 ἑαυτῶν
430 2520 678 2592 παρῄνει
721 2519 1076 2593 αἱρήσεσθαι,
1112 2522 1210 2577 καὶ⁵
1248 2522 1298 2575 oi
1329 2520 1431 2594 μὲν
1460 2520 1691 2578 εἵλοντο.

138 2613 184 2666 ’0
208 2613 257 2665 δὲ
287 2611 538 2676 Γαδάτας
570 2609 674 2687 ἦκε
700 2613 947 2685 κομίζων
979 2613 1056 2684 τῷ
1081 2614 1253 2688 Κύρῳ
1281 2614 1430 2688 δῶρα
1460 2616 1693 2670 παντοῖά

130 2722 175 2757 τε
217 2707 304 2760 καὶ
347 2704 549 2770 πολλὰ,
579 2706 674 2759 καὶ
711 2707 1004 2773 πλείστους
1038 2708 1265 2774 ῐππους.
1319 2711 1377 2766 ὐ
1406 2711 1465 2766 δὲ
1511 2712 1693 2786 Κῦρος

132 2796 233 2859 τούς
275 2797 371 2866 μὲν
423 2797 636 2861 ἵππους
682 2798 788 2870 εφη
823 2800 1102 2872 δέχεσθαι,
1145 2802 1211 2858 ἵν’
1243 2804 1583 2879 ἐκπληρώσῃ
1630 2808 1694 2860 τὸ

132 2889 367 2960 Περσικὸν
398 2890 658 2957 ἱππικὸν,
687 2894 784 2944 καὶ
819 2894 899 2956 είς
931 2893 1159 2966 μυρίους
1196 2898 1513 2965 περισταῖεν
1542 2897 1693 2970 αύτῷ

129 2982 169 3035 cl
196 2982 385 3046 ίππεις.
419 2983 512 3037 Τὰ
539 2983 598 3037 δὲ
644 2986 752 3056 χρὴ
761 3001 910 3055 ματα
938 2988 1253 3058 ἀπαγαγεῖν
1296 2989 1448 3061 αὐτῷ
1478 2994 1694 3046 ὲνετέλ·

130 3078 247 3134 isto.
280 3079 387 3132 Kal
434 3077 744 3151 φυλάττειν
796 3078 908 3134 ἔστ’
936 3079 1003 3134 ἂν
1043 3082 1137 3134 καὶ
1168 3080 1332 3135 αὐτὸν
1376 3082 1694 3155 ἀντιδωρεῖ-

133 3169 235 3225 σθαι
263 3171 407 3242 γνοίη
433 3171 771 3242 δυνάμενον.
807 3170 917 3224 Kal
942 3170 1176 3242 παρῄνει
1201 3170 1301 3243 τὴν
1334 3172 1493 3227 πόλιν
1521 3174 1690 3230 αὐτοῦ
1715 3208 1760 3265 C

134 3263 216 3316 ὑπὸ
250 3263 506 3332 φυλακὴν
553 3263 888 3335 ποιήσασθαι
935 3264 1175 3334 ἀσφαλῆ,
1223 3264 1388 3320 αὑτὸν
1437 3266 1496 3321 δὲ
1538 3268 1691 3341 αύτῴ

134 3354 602 3428 συστρατεύεσθαι.
643 3358 753 3411 Καὶ
784 3359 812 3411 6
848 3356 1095 3422 Γαδάτας
1118 3357 1263 3431 ἥσθη
1286 3361 1354 3433 τῇ
1383 3359 1691 3433 συμϐουλῇ,

136 3451 591 3522 συςκευαζόμενός
627 3468 688 3505 τε
722 3450 804 3521 τῷ
838 3449 1008 3523 Κῦρῳ
1072 3451 1379 3509 συνείπετο.
1422 3455 1581 3509 Ἐπεὶ
1635 3456 1693 3511 δὲ

134 3545 480 3615 πορευόμενος
526 3543 703 3608 οὕτως
749 3545 828 3605 εί;
862 3542 933 3597 τά
964 3541 1198 3615 μεθορία
1229 3542 1340 3597 τῶν
1367 3543 1559 3615 Σύρων
1595 3547 1694 3600 καὶ

135 3637 304 3709 Μήδων
347 3638 613 3709 ἀφίκετο.
644 3634 903 3704 ἐνταῦθα,
935 3635 1065 3706 τρία
1087 3632 1216 3688 ὄντα
1261 3632 1329 3688 τά
1362 3636 1472 3689 τῶν
1499 3636 1692 3708 Σύρων

136 3728 355 3800 φρούρια,
388 3730 457 3786 τὸ
492 3729 595 3801 μὲν
637 3729 696 3781 ιν
728 3728 893 3790 αὐτὸς
926 3724 1255 3797 προσϐαλὼν
1294 3729 1389 3783 καὶ
1422 3728 1692 3801 βιασάμε-

136 3837 211 3884 νος
230 3822 400 3878 ἐλαϐε-
437 3821 517 3876 τὰ
549 3820 608 3875 δὲ
643 3819 739 3874 δύο
768 3818 952 3888 φοϐῶν
981 3821 1080 3891 μὲν
1110 3820 1140 3873 6
1170 3817 1375 3892 Κύρος,
1405 3820 1608 3875 πείθων
1634 3822 1692 3877 δὲ

135 3912 159 3964 6
196 3914 443 3979 Γαδάτας,
477 3913 905 3985 παρεσκεύασαν
948 3911 1289 3984 παραδοῦναι
1331 3914 1458 3979 τοὺς
1485 3914 1693 3984 φυλάσο

138 4023 319 4073 σοντας.
368 4004 509 4062 Εἶτα
559 4007 769 4077 πέμπει
797 4005 934 4077 πρὸς
978 4004 1300 4077 Κυαξάρην,
1328 4005 1498 4073 ἀξιῶν
1531 4006 1691 4078 ἥκειν

136 4102 202 4166 εις
228 4102 284 4156 τδ
331 4100 728 4174 στρατόπεδον,
759 4100 908 4164 ὅπως
953 4100 1085 4172 περὶ
1108 4093 1183 4155 ὧν
1214 4100 1284 4155 ἂν
1312 4100 1538 4167 δέοιντο,
1570 4102 1666 4172 βου

136 4192 412 4252 λεύσαιντο.
451 4191 567 4246 Kal
609 4192 638 4245 6
684 4191 787 4262 μὲν
813 4190 1048 4261 ἄγγελος
1077 4190 1275 4265 ᾤχετο.
1316 4193 1376 4247 '0
1409 4193 1465 4247 δὲ
1511 4193 1694 4265 Κῦρος

137 4286 360 4340 ὺιέλευσε
389 4286 497 4356 τὴν
524 4283 760 4355 σκηνὴν,
797 4285 865 4354 ἢν
892 4284 942 4336 οἱ
965 4283 1137 4353 Μῆδοι
1163 4282 1241 4356 τῷ
1266 4283 1533 4356 Κυαξάρῃ
1556 4287 1693 4350 ἑξεῖ-

137 4374 231 4440 λον,
268 4375 683 4431 κατασκευάσαι
725 4374 802 4438 ὡς
848 4373 1108 4445 βέλτιστα
1139 4377 1207 4447 τῇ
1239 4391 1301 4428 τε
1338 4375 1477 4447 ἄλλῃ
1510 4393 1695 4447 παρα-

140 4470 305 4540 σκευῇ,
352 4468 455 4523 καὶ
491 4466 571 4537 τῷ
622 4467 856 4536 γυναῖκα
887 4466 1211 4536 εἰσαγαγεῖν
1248 4467 1330 4531 είς
1368 4466 1469 4521 τὸν.
1500 4483 1693 4535 γυναι-

1795 1972 1985 2027 decem
2022 1973 2257 2027 millium
2301 1974 2522 2044 expleat
2560 1990 2573 2027 :
2603 1974 2900 2043 pecuniam
2934 1970 3154 2028 auferre
3190 1968 3377 2042 jubet,

1796 2074 1852 2119 ct
1880 2080 2125 2128 servare,
2158 2065 2338 2121 donec
2364 2075 2422 2122 et
2450 2064 2569 2136 ipse
2600 2080 2728 2121 eum
2761 2062 3108 2119 remunerari
3161 2072 3370 2133 posset.

1795 2156 2026 2222 Suadet,
2080 2165 2143 2213 ut
2189 2157 2385 2213 urbem
2420 2172 2577 2212 suam
2610 2166 2869 2213 accurate
2916 2154 3213 2221 custodiat,
3260 2154 3378 2226 ipse

1794 2265 1928 2305 vero
1969 2264 2158 2305 secum
2205 2249 2613 2321 proﬁciscatur.
2662 2247 2902 2307 Gadatas
2950 2247 3183 2311 consilio
3227 2245 3376 2301 dele-

1793 2350 1995 2409 ctatus,
2044 2343 2373 2414 compositis
2425 2342 2543 2397 suis
2577 2342 2768 2406 rebus,
2812 2341 3017 2415 Cyrum
3056 2340 3372 2397 comitatur.

1799 2441 1939 2497 Cum
1974 2441 2043 2497 ad
2077 2441 2318 2497 conﬁnia
2346 2444 2614 2514 Syrorum
2641 2450 2699 2497 et
2726 2441 3011 2497 Medorum
3044 2449 3373 2512 perventum

1792 2543 1964 2600 esset,
1987 2534 2079 2589 ubi
2114 2535 2220 2590 tt-ia
2247 2543 2407 2589 erant
2438 2533 2701 2605 Syrorum
2730 2532 2978 2597 castella,
3008 2548 3177 2588 unum
3200 2530 3379 2604 Cyrus

1798 2627 1849 2683 vi
1891 2628 2041 2699 capit
2087 2644 2102 2682 :
2148 2627 2362 2697 reliqua
2396 2626 2508 2682 duo
2547 2627 2662 2698 ipse
2698 2625 3105 2698 perterrefacit.
3139 2624 3379 2681 Gadatas

1794 2734 1933 2774 vero
1963 2717 2295 2773 custodibus
2329 2717 2651 2789 persuadet.
2693 2726 2751 2772 ut
2779 2732 2845 2772 ea
2877 2716 3118 2772 tradant.
3155 2716 3252 2771 llis
3298 2714 3373 2770 fa-

1796 2811 1926 2878 ctis,
1956 2810 2027 2866 ad
2065 2811 2369 2882 Cyaxarem
2411 2810 2599 2872 mittit.
2640 2818 2700 2864 ut
2739 2810 2792 2865 in
2830 2818 3010 2865 castra
3042 2809 3248 2871 veniat,
3266 2822 3378 2881 quo

1794 2901 1926 2970 quid
1965 2899 2108 2955 facto
2143 2914 2284 2971 opus
2323 2910 2496 2967 esset,
2532 2899 2934 2962 deliberarent,
2956 2906 3012 2975 et
3045 2898 3401 2973 tabernacug

1794 2992 1910 3049 lum
1959 2992 2083 3050 eia
2121 2991 2296 3048 Medis
2348 2992 2680 3047 attributum
2735 3007 2858 3047 cunt
2894 2991 3111 3046 caeteris
3171 2991 3368 3052 rebus,

1799 3094 1915 3140 tum
1953 3085 2189 3140 muliere
2242 3099 2368 3139 cum
2421 3083 2643 3139 duabus
2701 3082 2934 3138 musicis
2988 3082 3044 3136 in
3097 3082 3379 3152 peculiare

1797 3175 2056 3231 conclave
2106 3174 2445 3239 introducta,
2481 3190 2648 3243 quam
2688 3173 3069 3246 pulcherrime
3120 3170 3378 3227 exornari

1795 3268 1957 3341 jubet
2007 3270 2249 3338 Accepto
2288 3266 2486 3322 nuntio
2514 3264 2810 3338 Cyaxzircs.
2843 3280 2967 3318 cum
3006 3263 3176 3341 Medis
3216 3262 3379 3333 equi-

1800 3362 1970 3427 tibus,
2002 3360 2099 3431 qui
2134 3369 2476 3424 manserant,
2515 3357 2910 3427 proficiscitur.
2957 3356 3093 3424 Ejus
3140 3354 3378 3410 adventu

1797 3454 2042 3525 cognito,
2076 3453 2255 3525 Cyrus
2287 3468 2415 3507 eum
2447 3452 2683 3507 Persicis
2712 3450 3021 3518 equitibus,
3065 3448 3161 3519 qui
3216 3447 3378 3502 multi

1791 3544 1904 3615 jam
1934 3555 2120 3611 erant,
2150 3554 2206 3598 et
2240 3541 2410 3597 Medis
2440 3543 2533 3612 qni
2568 3541 2824 3607 aderant,
2855 3550 2911 3595 et
2937 3540 3244 3602 Armeniis,
3273 3552 3401 3609 ese-1

1798 3645 2154 3705 teroruaiqne
2211 3650 2491 3690 sociorum
2543 3633 2829 3703 equitibus
2884 3632 3112 3707 optimis
3161 3629 3377 3685 obviam

1798 3727 2176 3799 progreditur,
2212 3736 2275 3781 ut
2301 3726 2491 3797 copias
2526 3725 2759 3797 Cyaxari
2795 3731 3125 3780 ostentaret.
3160 3723 3212 3777 ιε
3249 3738 3380 3776 vero

1797 3839 1924 3881 cum
1976 3822 2131 3877 illum
2186 3820 2394 3875 multos
2449 3821 2600 3875 viros
2657 3826 2981 3889 priestantes
3037 3816 3217 3887 sequi,
3270 3814 3378 3868 sili

1796 3932 1932 3973 vero
1966 3915 2228 3985 exiguum
2278 3922 2334 3968 et
2363 3913 2544 3985 {vilem
2596 3927 2726 3968 esse
2775 3911 3098 3968 comitatum
3146 3908 3377 3972 videret,

1798 4009 2229 4082 ignominiosum
2258 3996 2527 4077 quiddam
2566 4012 2906 4068 esse.rattts,
2943 4016 3054 4072 pra:
3090 4000 3277 4057 dolore
3323 3998 3378 4052 in

1799 4101 2120 4161 manifestas
2148 4102 2417 4173 laerymas
2438 4098 2643 4167 erupit.
2667 4096 2844 4169 Cyrus
2872 4111 2940 4152 eo
2965 4090 3220 4167 seducto,
3250 4106 3378 4145 cau-

1798 4211 1916 4251 sam
1953 4194 2050 4253 ira
2077 4204 2135 4251 et
2167 4192 2379 4249 doloris
2423 4192 2648 4263 quaarit,
2678 4198 2736 4246 et
2779 4187 2967 4244 multis
3000 4184 3185 4242 verbis
3233 4182 3377 4237 ultro

1797 4287 2051 4355 citroque
2074 4283 2257 4350 factis,
2275 4283 2549 4353 denique:
2581 4281 2684 4336 Per
2709 4282 2851 4343 deos.
2874 4280 3071 4349 inquit.
3092 4275 3375 4338 avunculo.
3398 4292 3404 4297 ·

1794 4378 1973 4443 duiut
2014 4392 2096 4431 ’κς
2139 4376 2193 4431 iu
2228 4378 2513 4444 prrcseulia
2551 4372 2768 4443 culpare
2814 4388 2829 4424 :
2861 4373 2953 4428 sed
3014 4371 3099 4426 ubi
3131 4378 3375 4439 expertus

1797 4471 1984 4541 fueris,
2018 4470 2282 4538 quomodo
2306 4484 2435 4538 erga
2469 4476 2518 4520 te
2555 4467 2727 4538 alfecti
2754 4468 2947 4530 simus,
2982 4473 3096 4519 tum
3137 4463 3264 4518 mihi
3293 4460 3374 4516 υιί

138 4558 265 4613 anim
294 4561 388 4632 τῆς
417 4558 653 4630 σκηνῆς,
684 4560 780 4611 καὶ
811 4559 910 4612 σὺν
948 4556 1127 4629 ταύτῃ
1161 4557 1259 4621 τάς
1288 4559 1690 4629 μουσουργοὺς,

1797 4564 2001 4637 gratias
2041 4563 2210 4632 agito.
2241 4560 2322 4616 uel
2354 4561 2613 4631 injuriam
2649 4558 2989 4630 exprobrata.
3037 4555 3134 4611 llis
3185 4554 3375 4609 verbis

142 4650 283 4722 αἴπερ
306 4652 382 4723 τῷ
398 4651 673 4722 Κυαξάρη
692 4648 981 4720 ὲξῄρηντο.
1017 4649 1104 4705 Ἐν
1124 4648 1301 4719 τούτῳ
1320 4647 1378 4701 δὲ
1401 4650 1430 4702 6
1455 4649 1690 4718 ἄγγελος

140 4744 200 4798 τὰ
222 4746 365 4818 παρὰ
389 4744 490 4800 τοῦ
522 4743 709 4816 Κύρου
734 4743 811 4813 τῷ
856 4741 1123 4814 Κυαξάρη
1152 4740 1459 4813 ἀπήγγειλε
1477 4756 1493 4771 ·
1519 4759 1610 4796 και
1636 4741 1693 4806 ὃς

144 4836 412 4905 ἐπορεύετο
446 4841 546 4892 σὺν
578 4839 688 4901 τοῖς
723 4837 1134 4909 παραμείνασιν
1167 4834 1321 4906 αύτῷ
1351 4834 1462 4888 τῶν
1492 4835 1695 4905 Μήδων

144 4928 394 4986 ἱππεῦσιν.
455 4930 548 4991 Ὠς
602 4928 814 4998 δἐγνω
857 4927 1155 5000 προσιόντα
1196 4925 1360 4980 αὐτὸν
1400 4928 1428 4979 6
1484 4925 1691 4997 Κῦρος.

142 5020 300 5075 λαϐὼν
345 5020 472 5085 τούς
512 5035 575 5073 τε
615 5018 725 5073 τῶν
775 5019 999 5092 Περσῶν
1045 5017 1273 5084 ίππέας,
1310 5016 1543 5085 πολλοὺς
1590 5018 1693 5088 ἥδη

143 5111 299 5178 ὂντας,
337 5114 434 5168 καὶ
467 5114 593 5170 τοὺς
633 5110 850 5183 Μήδους
880 5109 1178 5179 παρόντας,
1207 5110 1453 5174 καὶτοὺς
1500 5110 1697 5181 Ἀρμε-

146 5206 287 5272 νίους,
311 5210 402 5261 καὶ
430 5206 542 5261 τῶν
568 5205 746 5260 ἄλλων
770 5206 1079 5277 συμμάχων
1113 5204 1241 5270 τοὺς
1266 5200 1693 5271 εύϊπποτάτους,

147 5298 356 5368 ἀπήντα,
400 5298 716 5362 ἔπιδεικνὺς
754 5298 833 5369 τῷ
882 5298 1152 5372 Κυαξάρῃ
1202 5298 1302 5371 τὴν
1334 5299 1589 5371 δύναμιν.
1634 5300 1693 5354 '0

147 5387 195 5441 δὶ
220 5390 330 5445 ἰδὼν
354 5391 434 5463 τῷ
464 5391 636 5462 Κύρῳ
670 5390 771 5461 μὲν
806 5389 1033 5452 πολλούς
1060 5407 1122 5443 τε
1165 5390 1263 5445 καὶ
1295 5390 1537 5458 ἀγαθοὺς
1565 5392 1695 5444 ἐπο-

153 5482 339 5549 μένους,
369 5483 554 5555 ἑαυτῷ
582 5484 641 5538 δὲ
668 5482 857 5554 ὀλίγην
877 5498 938 5536 τε
966 5484 1062 5536 καὶ
1093 5482 1277 5551 ὀλίγου
1324 5482 1485 5550 ἀξίαν
1533 5482 1696 5554 θερα-

151 5575 305 5639 πείαν,
334 5577 527 5648 ἄτιμόν
568 5592 622 5629 τι
657 5574 808 5646 αὐτῷ
840 5574 1022 5640 ἔδοξεν
1050 5568 1215 5641 εἶναι,
1242 5574 1338 5629 καὶ
1366 5576 1498 5647 άχος
1530 5575 1695 5629 αὑτὸν

152 5664 308 5733 ῐλαϐε,
330 5667 418 5723 καὶ
442 5671 524 5733 εἰς
554 5670 767 5740 φανερὰ
795 5670 1099 5739 κατήνεκτο
1121 5668 1356 5740 δάκρυα.
1391 5666 1454 5722 '0
1484 5668 1543 5724 δὲ
1584 5668 1699 5722 Κῦ-

156 5774 233 5821 ρος
284 5760 381 5832 ἰδία
424 5763 614 5816 τοῦτον
658 5760 1089 5832 ἀπολαϐόμενος,
1146 5761 1244 5817 καὶ
1285 5761 1693 5833 παρακαθίσας,

1798 4656 2097 4713 delinitum
2157 4653 2439 4710 hominem
2497 4652 2803 4708 osculatur.
2858 4649 2978 4716 Quo
3036 4648 3155 4702 viso
3210 4646 3397 4707 Medi,

1798 4748 1985 4805 Persae
2027 4757 2086 4802 et
2123 4747 2312 4803 ceteri
2351 4759 2519 4816 supra
2555 4742 2779 4798 modum
2814 4751 2947 4796 sunt
2974 4738 3167 4809 gavisi.
3200 4735 3377 4808 Cyrus

1800 4850 1986 4896 autem
2014 4849 2072 4895 et
2099 4838 2379 4911 Cyaxares
2405 4836 2727 4893 conscensis
2753 4832 2915 4904 equis
2944 4833 2999 4888 in
3028 4840 3208 4887 castra
3246 4846 3375 4900 per-

1799 4944 2091 4989 venerunt.
2119 4931 2347 5002 Cyaxari
2372 4930 2428 4985 in
2455 4927 2873 5001 tabernaculum
2898 4941 3057 4981 suum
3085 4923 3374 4994 perducto,

1798 5023 1941 5079 Medi
1980 5022 2176 5077 ordine
2214 5035 2442 5075 munera
2473 5018 2737 5080 oll'ernnt,
2779 5031 2949 5071 unum
2980 5014 3173 5069 Saltem
3205 5028 3273 5067 ex
3309 5011 3376 5066 iis

1798 5132 1922 5189 qua:
1955 5115 2192 5185 quisque
2232 5111 2607 5183 pulcherrima
2640 5119 2834 5164 nactus
2857 5117 3000 5163 erat.
3033 5105 3171 5161 Cum
3203 5118 3376 5161 eccum

1800 5199 2019 5278 tempus
2055 5213 2223 5269 esset,
2275 5202 2549 5275 Cyaaares
2591 5202 2772 5272 epulis
2807 5198 3167 5273 indulgebat:
3201 5195 3376 5267 Cyrus

1801 5310 1986 5356 autem
2039 5297 2108 5354 de
2157 5296 2466 5353 retinendis
2509 5295 2679 5350 sociis
2706 5292 3000 5358 sollicitus,
3054 5287 3405 5347 convocatis,

1800 5392 2095 5459 amicisad
2130 5405 2244 5446 rem
2277 5390 2417 5446 bene
2452 5388 2750 5460 gerendam
2780 5384 3017 5448 idoneis,
3050 5371 3286 5453 petebat"
3315 5386 3378 5432 ut

1796 5485 2174 5550 elaborarent,
2195 5498 2263 5537 ne
2290 5480 2424 5537 socii
2449 5480 2804 5535 discederent
2827 5476 2951 5534 :sed
2978 5474 3134 5545 157
3163 5471 3375 5526 diutius

1799 5584 2107 5634 manerent.
2126 5589 2293 5645 atque
2307 5574 2512 5630 auxilio
2542 5581 2751 5629 essent.
2773 5569 3044 5627 Postridie
3072 5567 3138 5621 ad
3168 5565 3379 5636 Cyam-

1802 5686 1917 5726 rem
1944 5683 2136 5724 omnes
2169 5666 2528 5732 conveniunt,
2563 5680 2727 5736 quem
2762 5665 2916 5734 prius
2948 5676 3111 5732 quam
3128 5658 3376 5729 alloque-

1800 5770 2017 5826 rentur,
2046 5758 2187 5831 Cyro
2209 5758 2370 5813 amici
2396 5757 2537 5813 alius
2558 5757 2718 5811 al‘am
2752 5762 2970 5826 gentem
3002 5750 3375 5817 adducebant,
