3910 6610
428 326 530 391 311

1668 328 1999 389 ΙΟΑΝΝΙΞ
2035 328 2361 392 ΖΟΝΑΒΛί

3606 339 3708 407 312

421 438 512 506 qui
549 432 798 498 aderant,
824 449 890 491 ac
919 434 1110 490 dextra
1146 444 1401 506 porrecta
1434 437 1714 502 omnibus,
1749 445 2002 492 contecta

2108 443 2313 514 παρείη
2339 442 2432 497 τοῦ
2469 444 2582 515 βίου
2623 447 2654 517 ή
2695 445 2944 515 τελευτὴ,
3004 444 3097 500 καὶ
3137 447 3562 518 τριταῖοςτοὺς
3587 452 3708 501 παῖο

421 528 584 592 facie,
615 528 934 597 exspiravit.
977 529 1058 583 Eo
1099 527 1383 596 defuncto,
1415 529 1600 584 statim
1642 529 1739 583 ﬁlii
1774 529 2003 584 seditio-

420 634 546 674 nem
581 627 896 683 moverunt,
932 617 1099 673 urbes
1127 633 1191 674 ac
1213 618 1511 688 provinciae
1562 619 1908 680 defecerunt.
1934 634 1999 673 ac

422 710 476 764 in
502 712 659 781 pejus
687 711 922 766 ruebant
969 711 1170 767 omnia.
1203 711 1382 781 Atque
1415 711 1526 767 haec
1555 726 1586 766 a
1633 711 1999 780 Xenophonte

419 804 487 858 de
510 803 651 875 Cyro
672 805 886 875 prodita
920 803 1182 860 sunt.Sed
1211 803 1524 860 Herodotus
1551 804 2003 858 Halicarnasseus

419 915 483 953 ea
521 900 588 954 de
621 899 746 970 Cyri
775 898 1124 958 educatione.
1155 897 1335 961 obitu,
1378 905 1604 966 totaque
1632 898 1746 952 vita
1790 906 2001 959 narrat,

419 1005 542 1058 qnze
576 1005 860 1044 recensere
890 988 1160 1059 prolixum
1193 988 1380 1043 fuerit.
1408 987 1540 1042 Mihi
1575 1004 1708 1043 vero
1737 1003 2003 1058 compen-

419 1081 572 1136 dium
616 1082 968 1136 historiarum
1002 1081 1289 1146 scribenti,
1345 1095 1455 1134 non
1508 1079 1768 1136 convenit
1806 1080 2005 1134 verbo—

422 1189 545 1227 sum
583 1189 721 1242 opus
747 1182 1042 1228 contexere
1071 1188 1085 1227 :
1119 1172 1232 1227 sed'
1267 1172 1401 1227 satis
1446 1179 1531 1226 est
1568 1186 1634 1226 ea
1665 1163 2009 1235 consectari,’

421 1280 542 1333 quae
596 1265 969 1335 probabiliora
1017 1264 1300 1320 videntur.
1335 1263 1496 1336 169
1536 1261 1638 1319 Cui
1671 1278 1804 1318 vero
1832 1263 1999 1317 etiam

421 1353 682 1410 Herodoti
709 1355 776 1410 de
800 1355 894 1409 illo
925 1355 1278 1410 narrationes
1300 1354 1560 1410 evolvere
1605 1353 1762 1420 libet,
1795 1353 1842 1409 is
1883 1353 2000 1408 haec

419 1447 562 1502 libro
596 1447 796 1516 primo,
833 1448 920 1503 cui
953 1446 1164 1502 Clionis
1189 1447 1355 1502 Musa:
1381 1446 1572 1516 prima:
1608 1446 1830 1501 titulum
1859 1445 2001 1500 indi-

419 1541 522 1604 dit,
557 1541 826 1597 inveniet.

2110 533 2207 597 δας
2230 535 2459 590 ἐκάλεσε
2487 538 2827 608 (συνείποντο
2852 538 2961 610 γὰρ
2990 538 3164 609 αὐτῷ)
3202 539 3294 594 καὶ
3339 541 3481 603 τοὺς
3524 540 3710 608 φίλους

2110 625 2208 676 καὶ
2253 626 2353 689 τὰς
2413 628 2638 698 Περσῶν
2693 629 2890 699 ἀρχὰς,
2932 631 3026 684 καὶ
3049 626 3242 684 εἷπεν⁶
3300 631 3428 686 Μοι
3458 629 3584 700 μὲν
3609 633 3710 686 τοῦ

2102 717 2248 780 ,βίου
2282 717 2350 771 τὸ
2393 718 2570 784 τέλος
2593 719 2710 787 ἤδη
2757 721 3040 790 πάρεστι,
3097 721 3194 776 δεῖ
3236 721 3305 775 δὲ
3359 724 3722 791 σαφηνίσαι

2106 810 2238 877 περὶ
2270 809 2379 879 τῆς
2408 811 2755 879 βασιλείας,
2788 816 2906 868 τίνι
2929 814 3132 868 ἔσεται
3155 817 3284 884 μετ’
3325 815 3466 880 ἐμὲ,
3501 816 3604 869 ἵνα
3627 816 3708 884 μὴ

2104 902 2419 969 πράγματα
2463 903 2606 973 ὑμῖν
2639 906 2950 976 παράσχῃ,
2992 907 3283 976 γενομένη
3339 907 3707 976 ἀμφίλογος.

2104 992 2189 1046 Σὺ
2213 992 2329 1062 μὲν
2357 990 2488 1057 οὖν,
2523 991 2570 1050 ὧ
2617 999 2926 1065 Καμϐύση,
2982 1000 3400 1067 πρεσϐύτερος
3427 998 3555 1064 ὢν,
3600 1001 3711 1065 τὴν

2103 1086 2438 1149 ,ϐασιλείαν
2457 1087 2580 1157 ἔχε,
2614 1087 2770 1144 θεῶν
2815 1089 3128 1156 διδόντων,
3163 1090 3387 1158 κάμοῦ.
3418 1089 3527 1144 Σοί
3556 1089 3645 1153 δὲ,
3667 1087 3712 1145 ὧ

2109 1177 2453 1247 Ταναοξάρη
2501 1180 2600 1248 (6),
2630 1177 2785 1235 εἶναι
2833 1184 3113 1251 σατράπῃ
3139 1182 3351 1252 δίδωμι
3405 1182 3634 1247 Μήδων
3649 1200 3710 1235 τε

2108 1267 2207 1321 καὶ
2243 1268 2555 1338 Ἀρμενίων
2587 1271 2684 1325 καί
2741 1271 3156 1327 Καδδουσίων.
3195 1272 3238 1324 Τ
3243 1271 3392 1324 αὕτα
3434 1273 3553 1332 τοῖς
3590 1265 3710 1323 παι-

2107 1361 2193 1413 σὶν
2227 1361 2624 1432 ἐντειλάμενος,
2661 1365 2756 1419 καὶ
2783 1363 3118 1434 παραινέσας
3165 1363 3364 1427 πολλὰ,
3395 1365 3496 1416 καὶ
3541 1379 3708 1432 προσ·

2105 1452 2275 1506 ειπὼν
2321 1455 2450 1519 τοὺς
2527 1456 2826 1526 παρόντας,
2873 1458 2969 1510 καὶ
3025 1457 3235 1520 πάντας
3267 1455 3706 1523 δεξιωσάμενος,

2109 1545 2544 1616 συνεκαλύψατο.
2581 1549 2678 1602 καὶ
2706 1547 2878 1612 οὕτως
2909 1548 3176 1614 ἐξέλιπεν.
3217 1549 3384 1603 Ἐπεὶ
3411 1548 3462 1602 δ’
3504 1550 3709 1609 ἐκεῖνος

417 1636 603 1707 ἀπῄει,
635 1637 799 1700 εὐθὺς
834 1638 886 1691 oi
925 1639 1111 1704 παῖδες
1139 1640 1306 1694 αὐτοῦ
1342 1640 1686 1707 ἐστασίαζον,
1721 1640 1910 1702 πόλεις
1975 1639 2033 1694 δέ
2072 1641 2169 1694 καὶ
2225 1640 2353 1710 ἔθνη
2394 1642 2711 1711 ἀφίσταντο,
2747 1646 2927 1698 πάντα
2958 1646 3003 1700 δ’
3033 1646 3125 1700 ἐπὶ
3151 1646 3209 1700 τὸ
3249 1648 3445 1717 χεῖρον
3475 1645 3709 1706 ἐτράπε-

415 1745 499 1785 το.
534 1729 720 1782 Ταῦτα
760 1729 860 1800 μὲν
905 1727 1001 1785 οὖν
1033 1733 1111 1802 τῷ
1152 1732 1463 1802 Ξενοφῶντι
1503 1735 1634 1804 περὶ⁸
1705 1733 1892 1801 Κύρου
1934 1731 2238 1802 ἱστόρηται.
2321 1733 2382 1787 ’0
2429 1735 2474 1787 δ’
2559 1723 2986 1805 Ἁλικαρνασεὺς
3057 1737 3347 1810 Ἡρόδοτος
3403 1736 3547 1793 ἄλλα
3582 1741 3708 1806 περὶ

415 1821 516 1889 τῆς
552 1820 735 1892 Κύρου
770 1823 936 1892 φησὶν
954 1824 1242 1896 ἀναγωγῆς
1265 1843 1323 1879 τε
1342 1825 1436 1878 καὶ
1467 1825 1750 1894 τελευτῆς.
1813 1826 1906 1880 καὶ
1934 1825 2035 1894 τῆς
2109 1827 2305 1897 λοιπῆς
2345 1827 2552 1906 βιοτῇς,
2593 1830 2630 1884 ἃ
2691 1831 2902 1902 μακρὸν
2934 1831 3000 1884 ἂν
3033 1831 3119 1902 εῐη
3158 1831 3512 1900 διηγεῖσθαι.
3557 1821 3705 1899 Ἐμοὶ

417 1911 462 1965 δ’
497 1913 766 1985 ἐπιτομὴν
807 1917 1054 1988 ἱστορίας
1092 1918 1469 1988 πεποιημένῳ,
1505 1920 1605 1973 οὐκ
1640 1918 1862 1972 ἐπέοικε
1899 1919 2001 1988 τὴν
2041 1921 2430 1989 πραγματείαν
2516 1921 2709 1977 θέσθαι
2763 1924 3122 1995 πολύστιχον,
3176 1923 3294 1978 ἀλλ’
3333 1923 3513 1987 αὐτὸς
3590 1922 3702 1992 μὲν,

422 2005 486 2059 τὰ
514 2006 858 2080 πιθανώτερα
881 2008 1116 2081 ἔγραψα.
1136 2010 1282 2080 Ὅτῳ
1302 2011 1346 2064 δ’
1380 2012 1577 2066 ειδέναι
1638 2011 1909 2082 βούλημα,
1939 2010 2035 2064 καὶ
2071 2009 2215 2081 ἅπερ
2269 2013 2554 2085 Ἡρόδοτος
2580 2016 2712 2086 περὶ
2760 2017 2926 2070 αὑτοῦ
2969 2016 3383 2087 συνεγράψατο,
3420 2015 3528 2085 τὴν
3572 2008 3707 2066 ἐκεῖ·

417 2116 512 2152 νου
571 2103 1098 2172 μεταχειρισάμενος
1138 2103 1343 2174 βίϐλον,
1376 2106 1604 2178 εὑρήσει
1658 2105 1832 2159 ταῦτα
1861 2103 2003 2158 κατὰ
2033 2103 2129 2158 τὸν
2190 2108 2412 2178 πρῶτον
2456 2109 2658 2178 ῒλόγον,
2693 2105 2738 2179 ᾧ
2768 2111 2869 2182 τὴν
2917 2110 3144 2182 πρώτην
3171 2110 3282 2165 τῶν
3313 2111 3558 2166 Μουσῶν
3585 2113 3705 2170 ἐπέ-

419 2191 599 2264 γραψε
640 2197 706 2266 τῇ
748 2194 918 2266 βίϐλῳ
943 2196 1042 2267 τὴν
1072 2197 1276 2254 Κλειώ.

1538 2545 1894 2632 LIBER
1975 2544 2574 2650 QUARTUS.

492 2763 534 2819 ι.
568 2762 742 2835 Cyrus
790 2761 955 2833 igitur
996 2762 1340 2835 Assyriorum
1381 2778 1610 2834 regnum
1665 2763 1744 2818 sic
1781 2758 1998 2823 evertit,

2175 2758 2254 2814 A'.
2289 2759 2470 2832 Κῦρος
2503 2761 2602 2830 μὲν
2635 2760 2728 2816 οὖν
2764 2761 2906 2815 οὕτω
2927 2762 3027 2833 τὴν
3059 2761 3168 2816 τῶν
3199 2761 3511 2831 Ἀσσυρίων
3529 2760 3695 2832 ἀρχὴν

421 2866 477 2912 et
507 2856 684 2928 primo
715 2857 801 2911 sui
836 2855 1054 2926 imperii
1085 2872 1253 2920 anno,
1310 2870 1342 2911 a
1374 2855 1691 2927 captivitate
1719 2852 2004 2909 liebraica:

421 2949 602 3018 gentis
649 2948 1075 3018 septuagesimo,
1130 2947 1335 3003 Judaeis
1379 2947 1474 3018 qui
1525 2947 1802 3018 Babylone
1847 2945 2002 3016 dege-

423 3041 578 3105 bant,
627 3039 811 3094 redire
853 3038 1256 3110 Hierosolyma,
1301 3039 1608 3109 urbemque
1647 3047 1703 3092 et
1738 3037 2002 3107 templum

422 3130 734 3184 instaurare
786 3129 1060 3200 permisit,
1115 3129 1168 3183 id
1221 3130 1366 3201 quod
1413 3129 1682 3201 propheta
1736 3129 2005 3184 Jercmias

421 3223 770 3294 praedixerat,
819 3232 874 3279 et
919 3233 1047 3278 ante
1103 3223 1258 3278 illum
1316 3223 1504 3279 Isaias.
1563 3223 1696 3278 Nam
1747 3222 1837 3276 ille
1886 3229 2002 3274 tum

420 3315 578 3381 vixit,
607 3332 732 3370 cum
765 3316 895 3371 urbs
928 3326 1223 3386 caperetur
1257 3334 1272 3370 :
1321 3316 1413 3371 hic
1453 3325 1581 3371 ante
1626 3316 2001 3385 captivitatem

421 3407 597 3470 urbis,
648 3417 704 3464 et
738 3407 926 3477 templi
973 3408 1341 3473 eversionem,
1390 3408 1549 3462 annis
1591 3416 1812 3463 centum
1866 3421 2002 3476 qua-

420 3499 688 3573 draginta.
718 3501 909 3571 Neque
940 3515 1071 3555 vero
1103 3501 1220 3556 inec
1261 3499 1527 3554 duntaxat
1562 3499 1856 3562 concessit,
1905 3497 2001 3552 sed

419 3602 476 3648 ct
526 3609 682 3650 sacra
735 3609 901 3659 vasa,
968 3609 999 3647 a
1056 3593 1600 3648 Nabuchodonosore
1668 3591 1999 3660 Babylonem

422 3688 706 3750 translata,
773 3703 870 3758 per
917 3686 1290 3741 Mithridatem
1345 3695 1675 3755 quaestorem
1736 3700 1895 3738 suum
1947 3693 2004 3740 ct

421 3777 814 3832 Zorobabelezn
873 3793 981 3831 una
1039 3776 1272 3832 remisit.
1347 3775 1412 3830 Et
1465 3776 1704 3848 Syriacis
1768 3776 2005 3846 satrapis

422 3869 725 3934 mandavit,
754 3878 814 3925 ut
851 3869 934 3923 eis
977 3867 1045 3923 ad
1078 3866 1500 3923 :edilicatiouem
1552 3867 1872 3938 adiumento
1919 3883 2006 3923 es-

421 3973 566 4025 sent.
597 3973 652 4019 et
676 3977 871 4019 omnes
896 3972 1150 4033 sumptus
1176 3961 1244 4016 de
1283 3961 1430 4032 regia
1463 3959 1698 4031 pecunia
1743 3961 2004 4031 suppedi—

2106 2853 2463 2907 καταλέλυκε.
2487 2854 2576 2923 Τῷ
2599 2854 2656 2908 δὲ
2677 2854 2876 2925 πρώτῳ
2898 2856 3004 2907 ἐτει
3035 2855 3132 2925 τῆς
3171 2854 3455 2925 βασιλείας
3512 2856 3691 2919 αὑτοῦ,

2104 2947 2494 3018 ἐὸδομηκοστῷ
2548 2948 2663 3000 δντι
2707 2947 2892 3015 ἐξότου
2949 2947 3195 3018 Ἐὃραῖοι
3249 2950 3330 3011 εἰς
3399 2947 3692 3001 Βαϐυλῶνα

2106 3040 2166 3103 ἐξ
2197 3040 2553 3112 Ἰερουσαλὴμ
2579 3040 3024 3111 μετηνέχθησαν,
3057 3040 3325 3111 ἐπέτρεψε
3353 3043 3470 3103 τοῖς
3505 3041 3562 3094 ἐν
3593 3038 3691 3091 Βα-

2105 3133 2307 3186 ϐυλῶνι
2344 3129 2496 3187 οὖσιν
2549 3133 2826 3197 Ἰουδαίοις
2881 3133 3140 3186 ἀπελθεῖν
3179 3135 3259 3197 είς
3315 3132 3687 3202 Ἰεροσόλυμα,

2107 3227 2203 3278 καὶ
2241 3226 2663 3295 ἀνοικοδομῆσαι
2713 3227 2815 3296 τήν
2873 3243 2933 3279 τε
2970 3227 3126 3280 πόλιν
3161 3227 3257 3279 καὶ
3306 3225 3402 3279 τὸν
3442 3225 3587 3286 ναὸν,
3619 3224 3687 3285 ὡς

2105 3318 2132 3370 ὁ
2166 3317 2455 3388 προφήτης
2494 3317 2766 3388 Ἱερεμίας
2791 3317 3246 3389 προανεφώνησε,
3283 3319 3383 3372 καὶ
3410 3315 3522 3387 ’πρὸ
3549 3314 3684 3368 ἐκεί-

2105 3428 2200 3464 νου
2253 3412 2282 3464 ὁ
2330 3411 2561 3473 Ἡσαΐας
2601 3409 2957 3482 προείρηκεν.
3007 3410 3068 3462 ’0
3109 3410 3208 3480 μὲν
3262 3409 3377 3478 γὰρ
3417 3405 3506 3478 ἦν,
3545 3405 3682 3472 δτεή

2107 3503 2260 3566 πόλις
2286 3502 2421 3573 ἦλω,
2463 3502 2556 3555 καὶ
2595 3502 2622 3554 ὁ
2647 3501 3144 3571 ναὸς-κατεσκάφη,
3173 3501 3201 3553 δ
3227 3501 3272 3554 δ’
3314 3501 3551 3561 Ἡσαΐας
3576 3496 3684 3549 ἐτε-

2105 3612 2190 3648 σιν
2229 3595 2425 3648 ἑκατὸν
2473 3594 2569 3648 καὶ
2625 3593 3044 3663 τεσσαράκοντα
3081 3593 3348 3663 πρότερον
3379 3588 3472 3662 ἦν,
3507 3590 3539 3659 ἧ
3593 3588 3683 3656 τὴν

2106 3685 2261 3739 πόλιν
2301 3686 2524 3748 ἁλῶναι,
2559 3685 2653 3738 καὶ
2680 3685 3101 3754 κατασκαφῆναι
3124 3685 3182 3738 τὸ
3208 3684 3377 3753 ίερόν.
3421 3683 3496 3736 0-3
3535 3681 3682 3751 μόνον

2104 3777 2152 3832 δ’
2190 3777 2362 3847 ἐφῆκε
2389 3778 2502 3840 τοῖς
2525 3775 2900 3846 αἰχμαλώτοις
2919 3778 3019 3846 τὴν
3044 3775 3327 3838 ἐπάνοδον,
3355 3777 3451 3829 καὶ
3472 3775 3568 3844 τὴν
3589 3771 3680 3836 τῆς

2106 3869 2317 3932 πόλεως
2356 3869 2451 3922 καὶ
2477 3867 2572 3921 τοῦ
2598 3867 2728 3921 ναοῦ
2747 3867 3132 3933 ἐξανάστασιν,
3158 3869 3291 3921 ἀλλὰ
3310 3869 3407 3921 καὶ
3429 3867 3497 3920 τὰ
3523 3862 3680 3931 σκεύη

2105 3961 2173 4013 τὰ
2195 3959 2289 4014 τοῦ
2313 3960 2442 4014 ναοῦ
2461 3959 2498 4015 δ.
2522 3959 2993 4030 Ναϐουχοδονόσορ
3013 3961 3095 4024 εἰς
3120 3960 3425 4015 Βαϐυλῶνα
3441 3959 3677 4028 ἐκόμισε,

424 4069 623 4115 tarenl.
679 4056 833 4113 Hisa
873 4056 1016 4129 Cyro
1071 4055 1408 4120 constitutis,
1464 4055 1703 4110 duarum
1756 4054 1999 4109 tribuum

2109 4053 2448 4124 συνέπεμψε,
2491 4052 2769 4123 παραδοὺς
2824 4051 3002 4106 ταῦτα
3040 4053 3232 4122 φέρειν
3265 4051 3574 4123 Μιθριδάτῃ
3610 4044 3680 4114 τῷ

419 4152 660 4208 Ιυάαἰοω
697 4160 753 4206 et
777 4149 1144 4221 Benjamiticze
1176 4141 1476 4218 principes,
1506 4145 1710 4202 Levita:
1736 4156 1791 4200 et
1815 4161 2002 4201 sacer-
2029 4139 2072 4164 "‘

422 4247 581 4301 dotes
605 4243 983 4312 Hierosolyma
1017 4241 1450 4296 contenderunt.
1504 4239 1659 4294 Multi
1690 4239 1866 4294 etiam
1899 4240 2003 4294 Ba-

422 4334 622 4406 bylone
657 4348 902 4396 manere,
928 4348 1094 4404 quam
1125 4349 1254 4388 suas
1283 4331 1660 4402 possessiones
1690 4332 2004 4402 relinquere

423 4425 758 4480 maluerunt.
809 4422 930 4490 Quo
977 4438 1103 4478 cum
1148 4422 1554 4494 pervenissent,
1607 4421 1732 4494 Cyri
1769 4433 2005 4492 satrapae

423 4532 616 4572 omnes
644 4516 712 4572 ad
744 4514 1166 4571 aedificationem
1217 4515 1299 4570 eis
1333 4514 1510 4582 (fuere
1540 4523 1725 4570 autem
1769 4515 2007 4585 quadra-

423 4589 574 4678 ginta
603 4608 714 4664 duo
747 4607 917 4663 millia
963 4615 1019 4663 et
1071 4609 1350 4673 sexcenta)
1389 4607 1706 4679 adjumento
1755 4608 2002 4662 fuerunt.

422 4702 540 4757 .lam
590 4702 645 4756 in
693 4700 846 4757 urbis
894 4709 951 4756 et
1004 4701 1193 4771 templi
1244 4700 1700 4755 instaurationem
1753 4699 2002 4767 intentis,

425 4794 671 4850 ﬁnitima:
699 4804 911 4866 gentes,
940 4794 1190 4850 Chuthwi
1209 4794 1534 4863 praesertim,
1555 4809 1692 4864 quos
1718 4792 2004 4849 Salmana-

425 4900 536 4948 sar.
589 4884 766 4956 captis
815 4885 1082 4942 lsraelitis
1133 4885 1434 4941 Samariam
1471 4886 1812 4951 traduxerat,
1859 4887 2004 4942 invi-

426 4975 643 5036 dentes,
703 4983 955 5046 satrapas
1008 4976 1064 5030 in
1130 4975 1327 5045 primis
1393 4975 1496 5030 sibi
1552 4977 1870 5043 conciliant,
1935 4993 2004 5034 ne

423 5064 842 5121 aedificationem
873 5075 1283 5136 promovet-ent.
1313 5066 1520 5122 Deinde
1546 5069 1688 5138 Cyro
1717 5067 2003 5135 defuncto,

425 5156 571 5227 apud
599 5157 920 5230 Cambysem
973 5157 1144 5213 lilium
1191 5168 1247 5214 et
1295 5174 1669 5215 successorem
1716 5161 1858 5232 ejus,
1898 5161 2006 5217 He-

427 5249 622 5314 braeos,
662 5259 722 5305 ut
743 5260 961 5321 gentem
988 5249 1250 5320 perﬁdam
1281 5260 1337 5306 et
1357 5252 1638 5315 rebellem,
1672 5268 1769 5321 per
1794 5253 2005 5309 litteras

427 5341 811 5409 criminantur.
849 5341 1006 5408 Quod
1039 5342 1085 5397 si
1118 5344 1310 5399 urbem
1352 5352 1408 5399 et
1440 5345 1704 5413 templum
1755 5345 2004 5414 perfece-

2106 4146 2270 4200 αὐτοῦ
2304 4145 2665 4215 γαζοφυλάκι,
2727 4147 2822 4200 καὶ
2867 4145 2946 4216 τῷ
2984 4144 3311 4216 Ζοροϐάϐελ.
3379 4139 3678 4196 Ἐπέστειλε

2105 4237 2160 4288 δέ
2189 4237 2281 4290 καὶ
2311 4238 2424 4298 τοῖς
2452 4237 2511 4288 ἐν
2541 4235 2714 4306 Συρία
2744 4235 3077 4306 σατράπαις,
3123 4235 3478 4303 συναίρεσθαι
3508 4229 3677 4289 αὐτοῖς

2106 4328 2196 4380 ἐπὶ
2240 4329 2305 4398 τῇ
2357 4327 2467 4380 τῶν
2505 4327 2684 4398 ἔργων
2719 4327 3002 4398 οἰκοδομῇ,
3043 4328 3136 4380 καὶ
3164 4327 3263 4396 τὴν
3301 4327 3550 4394 δαπάνην
3588 4320 3676 4374 αὑ-

2105 4423 2230 4482 τοὺς
2259 4421 2517 4490 χορηγεῖν
2547 4420 2730 4471 πᾶσαν
2767 4419 2831 4471 ἐκ
2883 4418 2992 4471 τῶν
3023 4418 3321 4489 βασιλικῶν
3366 4415 3673 4490 χρημάτων.

2107 4509 2294 4564 Ταῦτα
2331 4510 2424 4564 τοῦ
2479 4508 2664 4580 Κύρου
2702 4511 3084 4575 θεσπίσαντος,
3127 4509 3462 4581 ἐξώρμησαν
3492 4507 3541 4560 οί
3575 4500 3675 4556 τῶν

2106 4603 2199 4658 δύο
2235 4603 2415 4673 φυλῶν
2444 4604 2705 4673 ἄρχοντες
2751 4606 2849 4674 τῆς
2888 4621 2945 4656 τε
2995 4601 3090 4656 τοῦ
3145 4601 3314 4657 Ἰούδα
3343 4601 3560 4667 καὶτῆς
3589 4595 3674 4647 ηε·

2107 4694 2426 4764 νιαμίτιδος,
2457 4694 2510 4746 οἵ
2555 4709 2617 4746 τε
2667 4694 2894 4747 Λευῖται
2945 4693 3043 4747 καὶ
3094 4694 3142 4747 oi
3186 4695 3369 4762 ἱερεῖς.
3411 4683 3595 4746 Πολλοὶ
3622 4683 3672 4736 δὲ

2107 4789 2164 4840 ἐν
2194 4791 2260 4858 τῇ
2289 4787 2566 4841 Βαϐυλῶνι
2591 4787 2944 4857 κατέμειναν,
2975 4786 3075 4850 τὰς
3104 4788 3331 4858 κτήσεις
3364 4780 3672 4840 καταλιπεῖν

2106 4881 2205 4951 οὐχ
2227 4879 2560 4950 αἱρούμενοι.
2599 4877 3074 4948 Παραγενομένοις
3103 4879 3158 4932 δὲ
3190 4881 3271 4941 είς
3312 4875 3666 4947 Ἰεροσόλυμα.

2106 4974 2156 5028 οἱ
2187 4972 2278 5026 τοῦ
2308 4971 2494 5042 Κύρου
2530 4971 2731 5034 πάντες
2774 4971 3084 5041 συνήργουν
3115 4971 3300 5034 αὐτοῖς
3347 4971 3428 5029 εἰς
3458 4969 3554 5028 τὰς
3595 4960 3667 5013 οἱ·

2108 5062 2366 5133 κοδομὰς,
2393 5063 2486 5116 καὶ
2513 5063 2902 5132 συνέπραττον.
2933 5057 3114 5116 Ἦσαν
3137 5062 3182 5115 δ’
3213 5064 3263 5116 οί
3298 5057 3668 5114 ἐπανελθόντες

2111 5156 2370 5228 μυριάδες
2395 5154 2682 5225 τέσσαρες,
2715 5153 2962 5224 δισχίλιοι
3000 5172 3058 5207 τε
3089 5155 3181 5207 καὶ
3215 5152 3502 5219 ἑξακόσιοι.
3538 5143 3661 5212 Ἤδη

2107 5252 2162 5304 δέ
2188 5251 2319 5320 περὶ
2355 5247 2454 5319 τὴν
2487 5247 2778 5316 οἰκοδομὴν
2805 5249 2903 5316 τῆς
2934 5246 3142 5308 πόλεως
3173 5247 3527 5300 σπευδόντων,
3579 5233 3663 5289 καὶ

2107 5342 2200 5397 τοῦ
2234 5341 2386 5405 ναοῦ,
2427 5340 2496 5394 τὰ
2529 5339 2687 5409 πέριξ
2717 5338 2867 5408 ἔθνη,
2921 5338 3014 5391 καὶ
3047 5338 3283 5408 μάλιστα
3313 5338 3372 5392 τὸ
3397 5329 3661 5390 Χουθαίων

430 5435 561 5498 rint,
593 5449 776 5505 neque
812 5435 1018 5489 tributa
1050 5450 1338 5504 pensuros,
1383 5449 1564 5505 neque
1594 5435 1745 5489 dicto
1773 5436 2002 5490 audien-

2109 5436 2203 5499 οὒς
2234 5431 2602 5504 Σαλμανασᾶρ
2635 5428 2934 5501 μετῴκισεν
2965 5431 3043 5492 είς
3078 5430 3410 5500 Σαμάρειαν,
3435 5429 3520 5481 ὅτε
3549 5420 3662 5479 τοὺς

431 5535 514 5582 tes
543 5524 778 5582 futuros.
816 5524 910 5582 llis
943 5534 995 5582 et
1027 5525 1280 5596 pluribus
1301 5526 1423 5582 aliis
1448 5525 1670 5595 scriptis
1692 5525 1742 5580 ei
1777 5542 1999 5596 persua-

2119 5526 2463 5599 ’ῐσραηλίτας
2495 5521 2894 5597 ἐξῃμαλώτισε,
2928 5522 3271 5592 φθονοῦντες,
3306 5523 3430 5588 τοὺς
3469 5513 3660 5587 σατράε

1640 5687 1843 5750 Variae
1869 5687 2177 5750 lectiones
2205 5693 2269 5749 et
2296 5695 2489 5750 notae.

511 5811 588 5884 (6)
628 5814 990 5884 Ταναοξάρη.
1020 5814 1099 5869 lta
1121 5811 1427 5885 XenOplton
1453 5831 1466 5880 ;
1498 5822 1553 5870 at
1573 5814 1694 5871 cod.
1729 5813 1886 5870 Colb.
1919 5815 2002 5868 Τα

2106 5814 2221 5888 ’ἀρῃ
2251 5815 2492 5891 prarfert.
