3910 6572
141 427 229 491 321
1357 421 1769 484 ANNALIUM
1816 419 1966 479 LIB.
2003 419 2101 481 IV.

3278 415 3387 478 392

139 545 210 603 εἰς
247 537 621 610 Ἱεροσόλυμα,
648 535 868 601 ἔθυσαν,
915 536 1011 591 καὶ
1042 535 1140 606 τῆς
1178 534 1470 605 οἰκοδομῆς
1509 535 1694 606 ἀπήρ-

1801 529 2071 594 absoluta,
2100 527 2434 595 sacerdotes,
2462 527 2665 583 Leviue
2687 536 2743 583 et
2774 527 2979 598 Asapbi
3015 527 3175 584 iibcri
3214 530 3384 586 Deum

141 635 282 699 ξαντο
309 629 402 681 τοῦ
441 627 602 683 ναοῦ.
627 628 736 681 Καὶ
761 629 790 680 ὁ
823 627 924 698 μὲν
957 627 1085 692 ναὸς
1116 627 1311 680 θᾶττον
1335 626 1494 680 ἔλασε
1517 627 1692 689 τέλος.

140 719 580 790 ’Δπαρτισθέντος
639 718 684 772 δ’
723 718 825 790 ήδη
874 719 968 772 τοῦ
1009 717 1181 789 ἱεροῦ,
1219 719 1270 771 ot
1306 718 1472 788 ίερεῖς
1508 718 1602 772 καὶ
1643 719 1694 771 ot

140 815 341 866 Λευῖται
361 810 458 862 καὶ
481 811 536 862 οἱ
569 809 744 877 ’Δσὰφ
778 810 968 872 παῖδες
991 809 1196 880 ὕμνουν
1217 809 1306 862 τὸν
1325 809 1476 863 Θεόν.
1495 809 1617 862 Τῶν
1637 807 1694 861 δὲ

138 901 364 970 πατριῶν
389 900 440 952 οῖ
466 900 833 972 πρεσϐύτεροι
867 900 960 954 τὸν
991 905 1120 971 πρὶν
1148 899 1276 954 ναὸν
1297 903 1418 964 ταῖς
1450 900 1695 970 μνήμαις

137 989 542 1056 ἀναπολοῦντες,
578 993 673 1045 καὶ⁹
701 991 793 1045 τὸν
825 993 950 1061 ἄρτι
995 992 1371 1062 γεγενημένον
1419 992 1697 1045 ἐνδεέστε-

140 1104 218 1156 ρον
259 1085 499 1154 ὁρῶντες
549 1083 646 1138 τοῦ
678 1083 870 1150 πάλαι,
913 1085 995 1148 εἰς
1051 1085 1266 1156 δάκρυα
1320 1084 1416 1137 καὶ
1463 1084 1694 1155 θρήνους

139 1178 441 1246 προήγοντο,
478 1177 580 1230 καὶ
622 1177 655 1246 ἠ
695 1177 904 1231 τούτων
947 1178 1164 1247 οἰμωγὴ
1206 1174 1553 1247 ὑπερεφώνει
1593 1177 1695 1246 τὴν

143 1266 235 1318 τῶν
256 1265 582 1334 σαλπίγγων
608 1267 767 1338 ἠχὴν.
803 1265 1073 1336 Προσίασι
1097 1266 1143 1319 δ’
1173 1267 1223 1320 οί
1255 1265 1694 1337 Σαμαρεῖταιτῴ

136 1355 442 1425 Ζοροϐάϐελ,
480 1356 568 1410 ἔτι
611 1357 706 1410 τοῦ
750 1357 878 1412 ναοῦ
918 1357 1367 1428 ἀνεγειρομένου,
1415 1357 1695 1424 ἀξιοῦντες

139 1445 563 1516 συγκοινωνῆσαι
587 1448 774 1513 αὐτοῖς
795 1449 898 1519 τῆς
926 1449 1218 1520 οἰκοδομῆς
1243 1448 1337 1504 τοῦ
1368 1450 1522 1504 ναοῦ.
1558 1450 1618 1504 '0
1637 1451 1694 1504 δὲ

139 1538 218 1608 τῆς
249 1537 344 1606 μὲν
369 1538 668 1609 οἰκοδομῆς
695 1541 898 1603 αὐτοὺς
940 1543 1235 1611 μετασχεῖν
1260 1541 1320 1594 οὐ
1354 1542 1689 1613 προσήκατο,

141 1630 441 1692 προσκυνεῖν
466 1628 514 1680 δ’
536 1631 597 1681 ἐν
633 1630 782 1699 αὑτῷ
816 1630 1003 1699 ἔλεγεν
1053 1633 1238 1694 αὐτοῖς
1269 1632 1504 1702 ἐφιέναι.
1553 1633 1696 1703 Πρὸς

140 1714 286 1766 ταῦτα
314 1715 365 1766 οί
387 1717 735 1788 Σαμαρεῖται
760 1719 1129 1792 ἠχθέσθησαν,
1150 1723 1244 1776 καὶ
1267 1723 1515 1776 πείθουσι
1540 1723 1610 1777 τὰ
1637 1725 1694 1776 ἐν

140 1809 284 1878 Συρίᾳ
319 1809 472 1877 ἔθνη,
505 1811 772 1882 δεηθῆναι
808 1812 914 1866 τῶν
951 1815 1269 1885 σατραπῶν,
1314 1818 1558 1885 ἐπισχεῖν
1598 1815 1690 1868 τοῦ

1797 623 2100 678 celebrant.
2134 621 2402 682 Tribuum
2435 637 2568 677 vero
2606 622 2876 686 seniores,
2925 623 3156 692 repetita
3184 625 3388 694 prioris

1800 712 1985 782 templi
2003 712 2430 782 magnificentia,
2446 713 2592 782 quod
2613 727 2804 768 recens
2822 712 2955 767 illud
2972 713 3130 785 longe
3153 715 3386 773 inferi-us

1797 818 1920 859 esse
1969 814 2288 866 cernerent,
2339 804 2414 859 ita
2477 805 2825 876 illacrymant
2861 816 3026 876 atque
3057 807 3265 875 lugent,
3327 818 3386 862 ιιι

1796 911 1989 951 eorum
2026 896 2263 965 ejulatus
2311 911 2508 952 sonum
2567 898 2823 952 tubarum
2888 909 3193 968 superaret.
3242 901 3380 956 Dum

1798 987 2064 1057 templum
2144 988 2502 1053 conderetur,
2583 990 2912 1044 Samaritani
2985 991 3382 1046 Zorobabelem

1795 1075 2021 1142 adeunt,
2049 1086 2296 1147 petentes
2321 1094 2379 1134 se
2399 1079 2454 1134 in
2479 1087 2774 1135 structura:
2795 1082 3114 1136 societatem
3137 1082 3379 1138 admitti.

1796 1165 1854 1219 ld
1895 1167 1986 1220 ille
2031 1176 2248 1222 recusat
2277 1186 2290 1221 :
2317 1179 2572 1224 caeterum
2601 1187 2664 1225 ea
2693 1172 2968 1236 absoluta,
3007 1174 3051 1228 si
3076 1176 3131 1228 in
3177 1177 3382 1244 templo

1796 1257 2025 1312 adorare
2053 1259 2247 1321 velint,
2286 1259 2475 1315 licere.
2505 1260 2581 1315 Ea
2613 1261 2830 1330 repulsa
2865 1263 3124 1318 homines
3158 1264 3380 1329 irritati,

1795 1350 1966 1422 Syriae
1998 1352 2256 1422 gentibus
2293 1363 2550 1408 auctores
2579 1365 2708 1409 sunt
2735 1356 2955 1423 petendi
2986 1372 3014 1408 a
3046 1359 3297 1427 satrapis.
3325 1370 3384 1411 ut

1796 1442 1982 1510 templi
2019 1442 2436 1498 aedificationem
2496 1445 2845 1514 prohibeant.
2893 1447 3082 1516 Itaque
3127 1449 3384 1518 pm'sides

1797 1534 1969 1606 Syria:
2029 1535 2186 1604 175
2230 1550 2286 1590 et
2340 1535 2638 1592 Phoanicite
2692 1537 3070 1609 Hierosolyma
3125 1541 3379 1608 profecti,

1796 1638 2025 1698 rogant,
2087 1631 2246 1700 cujus
2303 1644 2569 1684 concessu
2635 1632 2898 1698 templum
2950 1631 3123 1685 instar
3172 1632 3384 1686 castelli

1795 1719 2086 1785 aedificent,
2138 1729 2194 1775 et
2251 1721 2440 1774 urbem
2503 1721 2684 1775 muris
2739 1723 3056 1776 fortissimis
3125 1723 3386 1792 cingant?

1797 1809 2100 1867 Zorobabel
2155 1821 2212 1866 et
2269 1814 2514 1882 pontifex
2573 1814 2733 1868 .lesus
2787 1814 2841 1868 id
2885 1815 3119 1883 primum
3157 1830 3186 1868 a
3218 1816 3386 1886 Cyro,

142 1901 248 1953 ναοῦ
267 1903 363 1970 τὴν
398 1903 718 1975 ἀνέγερσιν.
734 1907 1064 1971 Ἀναϐάντες
1085 1908 1139 1961 δὲ
1168 1908 1261 1971 είς,
1276 1907 1626 1980 Ἰεροσόλυμα
1643 1911 1693 1962 οἱ

1797 1903 1996 1958 deinde
2035 1920 2066 1958 a
2102 1904 2266 1960 Dario
2291 1906 2457 1960 etiam
2495 1907 2822 1976 permissum
2854 1921 2994 1972 esse,
3025 1908 3380 1976 respondent.

141 1993 311 2064 Συρίας
336 1994 682 2065 ὲπάρχοντες
700 1997 796 2050 καὶ
817 1998 1090 2068 Φοινίκης,
1111 1998 1365 2068 ἠρώτων,
1387 2004 1532 2064 τίνος
1559 2018 1693 2069 συγ-

139 2084 462 2154 χωρήσαντος
487 2085 567 2150 ὠς
597 2079 856 2157 φρούριον
889 2087 982 2141 τὸν
1029 2088 1156 2142 ναὸν
1200 2089 1568 2162 ἀνεγείρουσι,
1600 2092 1695 2145 καὶ

143 2177 192 2242 τῇ
217 2175 356 2227 πόλει
397 2177 560 2248 τείχη
616 2178 820 2249 σφόδρα
859 2169 1288 2249 ’περιὸάλλουσιν
1323 2181 1561 2252 ίσχυρά;
1599 2183 1696 2237 Ζο-

143 2264 341 2334 ροϐάϐελ
371 2266 428 2319 δὲ
454 2269 553 2320 καὶ
572 2270 601 2322 ὁ
617 2269 912 2341 ἀρχιερεὺς
939 2270 1169 2341 Ἰησοῦς,
1191 2273 1254 2325 ἐκ
1277 2271 1457 2343 Κύρου
1481 2273 1696 2344 πρῶτον

144 2358 485 2429 ἐπιτραπῆναι
539 2359 642 2431 τὴν
700 2363 991 2432 οἰκοδομὴν
1035 2363 1268 2430 ἔφασαν,
1321 2360 1602 2430 εἷθάὖθις
1632 2367 1696 2419 ὲκ

144 2447 218 2501 τοῦ
242 2453 485 2522 Δαρείου.
517 2453 585 2506 Οἱ
611 2454 657 2506 δ’
683 2454 918 2526 ἔπαρχοι
952 2455 1060 2510 τῶν
1086 2456 1188 2526 τῆς
1218 2457 1421 2527 Συρίας
1455 2459 1550 2513 καὶ
1576 2460 1698 2512 Φοι-

147 2541 274 2611 νίκης
305 2543 525 2613 χωρῶν,
584 2544 684 2616 τῆν
735 2547 834 2616 μὲν
884 2547 997 2602 τῶν
1027 2547 1205 2618 ἔργων
1254 2549 1541 2620 οἰκοδομὴν
1575 2552 1696 2604 ἑπι-

148 2632 273 2700 σχεῖν
329 2635 429 2686 οὐκ
459 2633 715 2708 ἔκριναν,
733 2637 946 2708 Δαρείῳ
972 2637 1028 2692 δὲ
1053 2639 1396 2710 παραχρῆμα
1426 2641 1693 2712 ἔγραψαν.

147 2721 244 2773 Τῶν
281 2721 335 2776 δὲ
387 2723 674 2781 Ἰουδαίων
713 2729 1162 2798 κατεπτηχότων,
1213 2731 1288 2801 μὴ
1325 2731 1590 2803 μεταδόξῃ
1617 2732 1696 2803 τῷ

150 2812 327 2880 βασιλεῖ
355 2819 485 2888 περὶ
512 2814 588 2872 ὧν
619 2819 995 2892 ᾡκονόμησεν,
1019 2821 1274 2891 ’Δγγαῖος
1299 2825 1393 2878 καὶ
1423 2825 1697 2894 Ζαχαρίας

149 2907 188 2956 οἱ
213 2907 477 2978 προφῆται
523 2911 748 2984 θαρρεῖν
777 2913 977 2977 αὐτοὺς
1012 2914 1358 2986 παρώρμων,
1404 2916 1499 2970 καὶ
1530 2915 1697 2987 μηδὲ)

151 2994 422 3066 ὑφορᾶσθαι
454 3001 782 3074 ἀϐούλητον.
819 3005 1178 3069 Πιστεύοντες
1216 3001 1309 3061 οὖν
1334 3009 1446 3070 τοῖς
1480 3009 1696 3079 προφή-

151 3103 266 3154 ταις,
296 3093 676 3164 ἐντεταμένως
726 3096 936 3166 εἴχοντο
965 3099 1062 3166 τῆς
1100 3099 1410 3170 οἰκοδομῆς.
1471 3102 1698 3171 Δαρεῖος

151 3177 195 3230 δὲ
220 3183 305 3244 τὰς
329 3183 626 3249 ἐπιστολὰς
678 3186 991 3258 δεξάμενος,
1026 3191 1123 3244 καὶ
1148 3191 1245 3255 τὰς
1275 3193 1384 3244 τῶν
1415 3192 1691 3262 Σαμαρει-

1797 1997 1916 2064 Quo
1947 1999 2026 2053 illi
2064 1999 2272 2065 audito,
2304 2015 2415 2054 non
2454 1998 2799 2066 impedienda
2827 2013 2993 2068 opera
3023 2009 3383 2064 censuerunt,

1795 2091 1892 2146 sed
1942 2092 2105 2146 Dario
2153 2093 2338 2148 statim
2371 2093 2733 2162 scripserunt.
2761 2091 2980 2146 Iudaeos
3025 2101 3207 2146 autem
3255 2107 3382 2160 ριϊ-

1799 2181 2021 2238 territos
2059 2199 2123 2238 ac
2168 2191 2500 2248 metuentes,
2528 2198 2598 2236 ne
2640 2197 2820 2252 regem
2853 2181 3203 2238 liberalitatis
3270 2196 3385 2235 sure

1795 2270 2110 2341 put-niteret,
2149 2273 2381 2342 Aggazus
2433 2280 2489 2326 et
2536 2270 2830 2324 Zacharias
2884 2269 3165 2339 prephetaa
3224 2268 3386 2322 bouis

1795 2363 1996 2418 animis
2020 2378 2140 2418 esse
2181 2364 2400 2434 jubent,
2436 2377 2616 2432 neque
2654 2360 2872 2416 molesti
2904 2360 3209 2430 quidquam
3257 2374 3383 2414 sus-

1787 2455 1991 2526 ,picari.
2051 2454 2558 2538 lgiturprophetis
2579 2453 2728 2520 freti,
2782 2453 3129 2507 continenter
3177 2449 3385 2507 instant

1796 2547 1975 2618 operi.
2039 2547 2236 2602 Darius
2296 2556 2479 2601 autem
2540 2544 2740 2600 litteris
2794 2553 2850 2598 et
2908 2543 3382 2597 Samaritanorum

1795 2637 2244 2693 accusationibus
2299 2637 2560 2706 acceptis,
2597 2635 2742 2706 quod
2790 2634 2961 2690 Judtei
3009 2633 3202 2689 urbem
3259 2649 3385 2688 mu-

1797 2729 2002 2794 nirent,
2042 2737 2100 2784 et
2130 2728 2392 2798 templum
2418 2728 2628 2782 castelli
2664 2728 2835 2781 instar
2858 2733 3230 2786 exstruerem.
3258 2741 3382 2780 cum

1796 2838 1989 2878 eorum
2036 2820 2326 2878 aedificatio
2369 2835 2399 2874 a
2425 2818 2692 2889 Cambyse
2716 2817 2992 2886 prohibita
3033 2817 3218 2880 fuerit,
3269 2817 3381 2871 hazc

1797 2913 1855 2968 in
1889 2913 2053 2984 regiis
2104 2911 2478 2967 monumentis
2511 2910 2716 2980 inquiri
2748 2909 2944 2980 jubet:
2981 2923 3046 2962 ac
3099 2911 3380 2962 inven‘um

1797 3013 1882 3060 est
1939 3002 2234 3059 Ecbatanis
2288 3001 2364 3071 (id
2424 3001 2614 3056 Media
2665 3000 2948 3056 castellum
3001 3000 3103 3068 est)
3151 2999 3205 3054 in
3247 2998 3384 3053 turri

1799 3094 2086 3165 scriptum,
2131 3092 2334 3164 Cyrum
2387 3105 2533 3147 anno
2589 3089 2740 3160 regni
2792 3090 2875 3144 sui
2920 3088 3097 3159 primo
3127 3089 3385 3160 iussisse,

1801 3187 2064 3257 templum
2097 3194 2154 3241 et
2197 3184 2500 3240 sacrarium
2534 3182 3088 3254 Hierosolymitanum
3129 3181 3379 3245 exstrui,

286 3239 299 3244 -
605 3239 624 3249 -
690 3239 697 3240 κ
749 3239 829 3258 ,ην
860 3239 991 3256 ---η
1158 3239 1243 3255 η,
1287 3239 1376 3244 η-
1415 3239 1659 3262 -ντντυ

153 3270 240 3323 τῶν
269 3278 628 3348 κατηγορίας,
661 3279 742 3332 ὅτι
780 3285 881 3350 τήν
935 3298 994 3334 τε
1042 3283 1194 3336 πόλιν
1244 3283 1529 3355 ὀχυροῦσιν
1564 3285 1692 3339 ‘lou-

1796 3285 1853 3333 et
1903 3239 2156 3348 sumptus
2234 3276 2303 3330 ad
2351 3289 2472 3329 eam
2525 3289 2641 3328 rem
2696 3239 2966 3342 ex'regia
3016 3270 3382 3342 suppeditari,

154 3364 284 3432 ὃσῖοι,
306 3371 396 3422 καὶ
423 3371 526 3425 τὸν
549 3372 678 3424 ναον
694 3372 1068 3444 οἰκοδομοῦσιν
1090 3375 1162 3438 ὡς
1186 3375 1467 3448 φρούριον,
1490 3379 1584 3431 καὶ
1613 3380 1694 3433 ὅτι

157 3456 427 3533 Καμϐύσης
480 3462 584 3534 τὴν
615 3463 822 3517 τούτων
875 3463 1150 3518 ἐκώλυσεν
1182 3468 1494 3538 οἰκοδομὴν,
1533 3487 1697 3539 προσ-

154 3552 312 3620 ἔταξεν
342 3558 398 3609 έν
430 3559 548 3636 τοῖς
575 3556 877 3627 βασιλικοῖς
908 3559 1265 3631 ὑπομνήμασι
1296 3562 1599 3632 ζητηθῆναι
1628 3563 1696 3616 τὰ

157 3645 259 3715 περὶ
281 3649 488 3712 τούτου,
524 3651 618 3704 καὶ
648 3651 849 3722 εὑρέθη
873 3652 931 3704 έν
971 3652 1323 3716 Ἐκὸατάνοις
1347 3657 1412 3725 τῇ
1447 3654 1603 3724 βάρει
1626 3658 1692 3726 τῇ

156 3734 202 3785 ὲν
227 3737 396 3810 Μηδίᾳ
428 3742 845 3812 γεγραμμένον,
886 3741 962 3806 ὠς
994 3741 1071 3813 τῷ
1107 3744 1309 3813 πρώτῳ
1338 3744 1446 3796 ἔτει
1465 3747 1565 3815 τῆς
1594 3746 1693 3798 αὑ·

156 3823 230 3876 τοῦ
254 3827 530 3896 βασιλείας
560 3831 744 3901 Κῦρος
767 3833 1023 3888 ἐκέλευσε
1054 3833 1147 3888 τὸν
1177 3835 1302 3888 ναὸν
1330 3836 1694 3908 οἰκοδομηθῆ-

157 3931 227 3967 ναι
251 3920 330 3972 τὸν
362 3923 419 3975 ὲν
487 3923 905 3996 Ἰεροσολύμοις,
940 3925 1120 3980 καὶτὸ
1158 3927 1561 3997 θυσιαστήριον,
1599 3929 1694 3982 καὶ

157 4006 234 4078 τὴν
258 4011 328 4074 είς
357 4013 534 4068 ταῦτα
558 4016 805 4087 δαπάνην
849 4018 914 4071 ἐκ
946 4018 1055 4071 τῶν
1087 4017 1384 4088 βασιλικῶν
1415 4017 1695 4090 διετάξατο

157 4102 390 4174 γίνεσθαι,
435 4109 535 4163 καὶ
572 4110 644 4164 τὰ
691 4112 787 4165 τοῦ
819 4111 952 4165 ναοῦ
996 4111 1172 4181 ,σκεύη
1212 4111 1564 4182 ἀποδοθῆναι,
1596 4116 1694 4166 καὶ

159 4197 488 4255 συλλαϐέσθαι
549 4204 686 4274 πρὸς
723 4203 785 4256 τὸ
836 4203 998 4273 ἔργον
1045 4207 1156 4266 τοῖς
1203 4205 1382 4257 ἐκεῖσε
1432 4204 1694 4275 ἄρχουσιν

157 4289 398 4356 ἐκέλευσε,
434 4295 532 4347 καὶ
558 4295 732 4348 τελεῖν
759 4298 874 4360 τοῖς
914 4295 1188 4360 Ἰουδαίοις
1217 4297 1296 4357 είς
1330 4294 1522 4351 θυσίαν
1559 4296 1694 4348 ταύ-

158 4397 261 4447 ρους
290 4385 376 4435 καὶ
400 4386 594 4456 κριοὺς
625 4387 720 4438 καὶ
743 4386 912 4457 ἄρνας
943 4388 1039 4440 καὶ
1061 4387 1304 4456 ἐρίφους,
1334 4386 1615 4457 σεμίδαλίν
1634 4404 1694 4440 τε

159 4474 236 4523 καὶ
258 4471 388 4529 οἶνον
410 4480 506 4530 καὶ
531 4478 733 4532 ἔλαιον.
765 4478 949 4531 Ταῦτα
977 4480 1032 4531 ὲν
1059 4482 1171 4541 τοῖς
1207 4479 1563 4550 ὑπομνήμασι
1589 4482 1696 4532 Δα-

1801 3371 2096 3440 templique
2142 3383 2269 3423 vasa
2323 3366 2561 3431 restitui,
2619 3375 2676 3420 et
2721 3364 2933 3419 vicinos
2962 3373 3222 3432 primores
3246 3375 3383 3432 opus

1797 3462 1934 3515 illud
1986 3461 2243 3530 adjuvare
2286 3475 2300 3514 :
2341 3465 2397 3512 et
2451 3456 2656 3512 Judaeis
2706 3453 2774 3509 ad
2832 3452 3101 3508 sacriﬁcia
3142 3452 3382 3523 pendere

1799 3559 2007 3620 tauros,
2030 3549 2253 3616 arietes,
2280 3563 2450 3618 agnos
2470 3558 2519 3601 et
2561 3545 2768 3610 haedos,
2792 3543 3164 3613 similamque,
3190 3542 3380 3597 vinum

1795 3649 1853 3696 et
1892 3641 2097 3696 oleum.
2140 3638 2265 3695 Haec
2307 3640 2501 3694 Darius
2529 3651 2653 3691 cum
2685 3634 2740 3689 in
2776 3633 3190 3689 commentariis
3231 3633 3382 3687 inve-

1793 3735 1990 3800 nisset,
2027 3731 2352 3802 praesidibus
2380 3730 2436 3784 in
2480 3729 2624 3783 hanc
2677 3726 3006 3783 sententiam
3051 3725 3378 3796 rescripsit:

1795 3821 2115 3894 Exemplum
2145 3821 2282 3876 vobis
2311 3821 2552 3874 mandati
2576 3819 2700 3891 Cyri
2742 3819 2796 3872 in
2827 3818 3174 3872 monumentis
3203 3833 3379 3889 reper.

1795 3929 1908 3974 tum
1959 3918 2110 3970 mitto
2157 3933 2176 3971 :
2207 3924 2365 3985 atque
2405 3915 2616 3968 omnino
2656 3914 2712 3966 id
2756 3912 2875 3981 ﬁeri
2905 3911 3041 3978 volo,
3114 3914 3251 3978 quod
3285 3910 3380 3966 illo

1795 4012 2110 4064 continetur.
2160 4005 2360 4061 Valete.
2419 4005 2584 4074 Regis
2638 4004 2921 4058 voluntate
2965 4003 3204 4073 cognita,
3246 4017 3378 4072 pro-

1795 4101 2098 4156 vinciarum
2123 4098 2338 4152 illarum
2369 4096 2698 4166 praetoribus
2719 4095 2939 4150 Judzeos
2960 4093 3374 4164 adjuvantibus,

1798 4193 2115 4264 temploque
2139 4191 2298 4246 annis
2319 4200 2530 4259 septem
2549 4188 2824 4254 absoluto,
2850 4187 3109 4242 Israelita:
3125 4186 3378 4242 victimas

1796 4284 2171 4348 immolarunt,
2218 4281 2579 4350 pristinorum
2643 4279 2916 4334 bonorum
2973 4277 3370 4332 renovatrices.

1794 4376 1853 4430 ln
1893 4376 2033 4432 festo
2070 4375 2401 4446 Azymorum
2435 4388 2628 4443 omnes
2668 4388 2698 4428 e
2725 4372 2879 4444 pagis
2913 4371 2967 4426 in
3010 4371 3200 4426 urbem
3240 4385 3375 4425 con-

1795 4467 2073 4522 ﬂuxerunt
2124 4485 2138 4520 :
2199 4473 2532 4536 peractoque
2594 4464 2885 4528 sacrificio,
2946 4461 3094 4533 quod
3164 4459 3374 4516 Pascha

162 4564 282 4630 ρείος
311 4567 505 4640 εὑρὼν,
532 4568 844 4641 ἀντέγραψε
875 4571 988 4631 τοῖς
1015 4569 1398 4643 ὲπεσταλκόδσι·
1432 4571 1501 4624 Τὸ
1528 4570 1693 4623 ἀντί-

1798 4559 2024 4624 dicitur,
2056 4558 2411 4613 festivitatem
2455 4556 2932 4612 concelebrarunt.
2966 4555 3071 4621 Qui
3113 4553 3372 4609 Hieroso-

161 4671 356 4724 ῑῑαφον
381 4661 522 4730 ὑμῖν
537 4660 648 4729 τῆς
668 4660 1018 4728 ἐπιστολῆς,
1032 4661 1102 4715 ἐν
1124 4660 1246 4726 τοῖς
1267 4658 1697 4729 ὑπομνήμασιᾶ·

160 4748 319 4814 εὑρὼν
339 4752 459 4820 τοῖς
490 4754 706 4822 Κύρου,
741 4753 1118 4816 ἀπέσταλκα,
1143 4752 1242 4805 καὶ
1268 4751 1568 4821 ,βούλομαι
1597 4769 1698 4821 γε·

160 4840 336 4895 γέσθιιι
385 4845 614 4911 πάντα,
671 4845 751 4911 ὠς
813 4843 1074 4911 περιέχει
1124 4843 1301 4912 αὐτή.
1375 4843 1691 4912 Ἔρρωσθε.

160 4927 352 4997 Γνόντες
377 4936 433 4987 δὲ
467 4935 567 5005 τὴν
603 4935 697 4987 τοῦ
727 4934 991 5005 βασιλέως
1023 4931 1345 5002 προαίρεσιν
1368 4933 1416 4986 οἱ
1452 4931 1559 4984 τῶν
1582 4950 1694 5001 χω·-

163 5021 253 5088 ρῶν
282 5027 496 5081 ἐκείνων
540 5026 1016 5096 ἐπιτροπεύοντες,
1054 5029 1358 5098 συνήργουν
1406 5029 1520 5088 τοῖς
1559 5025 1694 5078 Ὶου-

161 5110 320 5178 δαίοις.
353 5119 455 5170 Καὶ
503 5117 825 5188 ᾠκοδομήθη
866 5118 925 5171 ὲν
956 5117 1131 5170 ἔτεσιν
1165 5118 1306 5170 ἑπτὰ
1343 5118 1372 5170 ὀ
1413 5119 1560 5184 ναὸς,
1598 5118 1692 5171 καὶ

163 5204 329 5264 ἔθυσαν
354 5215 399 5265 οῖ
428 5212 764 5283 Ἰσραηλῖται
788 5211 978 5275 θυσίας
1019 5212 1396 5277 ἀνανεωτικὰς
1416 5214 1524 5267 τῶν
1560 5231 1694 5283 προσ

161 5300 306 5369 τέρων
331 5305 566 5375 ἀγαθῶν.
597 5306 712 5378 Τῆς
734 5305 789 5359 δὲ
818 5307 928 5360 τῶν
959 5304 1214 5376 Ἀζύμων
1263 5307 1461 5377 ἑορτῆς
1506 5307 1696 5358 ἐνστά-

166 5406 261 5460 σης.
301 5398 563 5471 συνερρύη
619 5400 729 5462 πᾶς
760 5400 788 5452 ὁ
819 5398 948 5460 λαὸς
1001 5399 1066 5451 ἐκ
1090 5399 1199 5450 τῶν
1248 5399 1451 5467 κωμῶν
1479 5399 1557 5460 είς
1593 5397 1692 5468 τὴν

164 5486 311 5552 πάλιν,
344 5494 432 5544 καὶ
451 5494 552 5563 τὴν
574 5492 767 5562 ἑορτὴν
790 5491 1018 5561 ἤγαγον,
1042 5492 1134 5542 καὶ
1167 5488 1266 5560 τὴν
1297 5488 1489 5559 Πάσχα
1520 5505 1692 5560 προσ·

167 5585 526 5654 αγῦρενομένην
582 5583 773 5638 θυσίαν
831 5583 1106 5635 ἐτέλεσαν.
1157 5577 1504 5649 Κατῴκησαν
1555 5579 1600 5632 δ’
1634 5581 1692 5632 ὲν

177 5665 530 5743 Ἰεροσολύμοις
607 5671 853 5740 πολιτείᾳ
926 5671 1202 5742 χρώμενοι
1255 5671 1687 5741 ἀριστοκρατικῇ

172 5761 284 5824 μετὰ
314 5763 640 5835 ὀλιγαρχίας.
670 5763 733 5816 Ol
765 5764 872 5832 γὰρ
942 5763 1106 5831 ἱερεῖς
1140 5760 1555 5830 προεστήκεσαν
1580 5759 1688 5812 τῶν

171 5853 489 5925 πραγμάτων,
529 5855 688 5926 ἄχρις
715 5849 775 5908 οῦ
800 5853 923 5918 τοὺς
961 5850 1333 5922 ’Λσαμωναίου
1361 5851 1560 5921 συνέὸη
1587 5849 1686 5921 βα-

1794 4650 1957 4726 lymis
2002 4649 2390 4711 consederant,
2440 4646 2672 4703 formam
2725 4646 3043 4716 reipublica:
3075 4652 3374 4700 tenuerunt

1795 4756 1862 4794 ex
1890 4740 2216 4810 optimatum
2265 4747 2321 4794 et
2361 4754 2660 4810 paucorum
2689 4747 2960 4808 potestate
2989 4746 3372 4808 contempera-

1796 4842 1928 4886 tam.
1955 4831 2178 4886 Summa
2209 4847 2394 4886 rerum
2419 4830 2565 4886 enim
2600 4845 2770 4900 usque
2797 4831 2865 4885 ad
2888 4845 3114 4900 regnum
3144 4831 3373 4884 Asamo—

1793 4941 2042 4998 nieorum
2073 4939 2243 4996 penes
2269 4923 2582 4978 sacerdotes
2605 4921 2727 4976 fuit.
2756 4921 2892 4976 Nam
2927 4933 3052 4976 ante
3085 4921 3374 4991 captivita-

1799 5027 1905 5072 tem
1947 5017 2171 5087 quidem
2205 5016 2424 5086 regibus
2453 5031 2552 5084 per
2580 5028 2752 5068 annos
2788 5030 2970 5069 prun
2997 5028 3214 5069 menses
3238 5031 3288 5068 νι
3313 5023 3368 5069 et

1795 5112 1914 5166 dies
1968 5127 2002 5164 κ
2060 5118 2381 5181 paruerunt.
2438 5109 2580 5163 Ante
2661 5123 2854 5178 reges,
2909 5107 3258 5178 magistratus
3327 5106 3366 5162 ii

1794 5204 2087 5276 praefuere,
2115 5202 2208 5272 qui
2254 5202 2467 5274 judices
2506 5199 2867 5264 vocabantur,
2912 5208 2966 5253 et
3019 5199 3362 5253 dictatores:

1793 5299 1896 5348 sub
1954 5295 2154 5363 quibus
2205 5302 2261 5348 et
2304 5292 2437 5362 ipsis
2482 5306 2656 5345 annos
2690 5290 2850 5360 176
2887 5289 3123 5360 amplius
3165 5306 3197 5343 υ
3242 5295 3367 5358 post

1793 5384 1997 5439 Mosem
2036 5394 2090 5437 et
2121 5383 2304 5438 Jesum
2335 5389 2587 5451 egerunt.
2629 5379 2954 5434 Samaritani
3000 5385 3178 5431 tamen
3229 5375 3369 5428 infe-

1793 5478 1862 5532 sti
1918 5477 2143 5541 Judaeis,
2199 5475 2368 5529 multa
2439 5473 2580 5527 mala
2652 5473 2941 5527 dederunt.
2994 5465 3360 5535 Quamobrem

1794 5569 2094 5626 Zorobabel
2128 5579 2185 5622 et
2208 5568 2299 5621 alii
2333 5582 2382 5620 Iv
2405 5581 2471 5620 ex
2496 5564 2903 5635 magistratibus
2927 5576 3049 5616 cum
3073 5575 3139 5614 eo
3167 5555 3362 5612 llieroJ

1793 5663 2017 5732 solymis
2067 5659 2231 5729 legati
2281 5657 2349 5712 ad
2403 5656 2626 5710 Darium
2680 5655 2915 5708 iverunt.
2962 5648 3205 5715 Quorum
3262 5661 3359 5700 rex

1792 5755 2032 5827 querelis
2051 5752 2300 5823 cognitis,
2338 5750 2404 5803 ad
2439 5747 2726 5818 magistros
2754 5744 2999 5831 equitum
3023 5748 3080 5794 et
3105 5747 3357 5793 senatum

1793 5846 2054 5905 Samaria:
2095 5841 2314 5914 scripsit
2361 5858 2376 5897 :
2413 5856 2482 5895 ne
2526 5835 2735 5894 molesti
2773 5841 2955 5888 essent
2995 5831 3218 5898 inda-is,
3261 5833 3356 5887 sed
