3910 6580
477 380 586 443 3:27

1764 373 2088 437 JOANNIS
2129 373 2452 434 ZONARE

3641 373 3741 438 32'}

468 493 614 548 vivis
639 489 756 546 suis
783 499 1072 547 ostentare
1099 490 1353 562 cupiens,
1398 489 1467 544 ad
1497 487 1810 544 conviviqu
1841 486 2052 541 accersi

2160 481 2241 547 ξὶν
2288 484 2491 554 ὁμοίως
2534 483 2847 556 συνεκρότει
2882 479 3210 553 συμπόσιον,
3244 479 3311 552 ἣν
3352 478 3541 564 κάλλει
3570 483 3747 547 πασας

468 589 648 656 juoet'.
681 583 776 638 llla
809 593 1128 649 recusante,
1159 593 1216 638 et
1244 582 1469 636 nuntios
1492 581 1808 650 complures
1851 577 2055 638 infecta

471 693 533 733 re
582 677 944 734 dimittente:
993 677 1190 742 iratus,
1245 675 1434 728 uxoris
1477 672 1884 728 contumaciam
1931 686 2056 727 cum

475 781 687 841 septem
743 771 1033 823 Persarum
1107 767 1463 823 senatoribus
1521 765 1894 820 communicat
1939 781 1953 818 :
2001 763 2058 817 hi

475 863 597 933 ejus
627 862 918 934 ejicienda:
960 869 1222 914 auctores
1254 869 1405 914 sunt.
1441 858 1645 928 Ejectre
1681 872 1814 911 vero
1841 853 2060 910 deside-

478 956 623 1010 rium
660 956 851 1026 iniquo
877 954 1064 1008 animo
1089 952 1316 1015 ferenti,
1347 951 1582 1006 suadent
1611 950 1796 1013 amici,
1848 956 1907 1002 ut
1943 947 2059 1001 for-

475 1064 655 1103 mosas
680 1047 923 1118 virgines
947 1046 1189 1116 colligat,
1214 1059 1520 1114 earumque
1545 1039 2058 1114 praestantissimam

475 1155 701 1196 uxorem
735 1139 1119 1202 ducat..Paret
1153 1137 1392 1192 consilio
1430 1151 1524 1192 rex
1552 1152 1567 1189 :
1613 1133 1912 1203 multisque
1948 1131 2062 1185 vir-

471 1234 694 1304 ginibus
738 1232 1005 1296 collectis,
1042 1231 1323 1302 Babylone
1369 1229 1574 1301 puella,
1609 1227 1799 1283 Juda-a
1833 1238 2058 1296 genere.

471 1330 694 1384 inventa
739 1335 846 1390 est,
891 1342 959 1380 ex
1010 1326 1158 1380 tribu
1199 1324 1581 1395 Benjamitica,
1622 1319 1892 1375 ambobus
1922 1317 2059 1372 orba

471 1419 814 1490 parentibus,
880 1434 1009 1487 quze-
1054 1433 1085 1470 a
1135 1427 1336 1487 patruo
1403 1414 1750 1469 Mardochreo
1810 1411 2058 1480 principe

466 1512 786 1568 Judzeorum
820 1511 1190 1574 educabatur,
1228 1509 1464 1564 .Esthera
1491 1507 1738 1561 nomine.
1777 1506 1907 1559 Eam
1939 1517 2056 1567 rex,

468 1604 657 1672 lepore
702 1602 824 1671 ejus
875 1610 1090 1671 captus,
1144 1615 1373 1653 uxorem
1424 1597 1598 1662 ducit,
1643 1605 1698 1650 et
1748 1594 2058 1648 diademate

467 1703 648 1748 ornat.
703 1692 940 1747 Patruus
989 1693 1120 1746 item
1166 1691 1286 1762 ejus
1349 1688 1727 1744 Mardocbaeus
1782 1685 2059 1755 Babylone

469 1787 607 1841 Susa
642 1786 1047 1857 commigravit,
1093 1794 1156 1840 ut
1204 1785 1410 1854 regiam
1462 1781 1860 1851 frequentaret,
1894 1786 1951 1832 et
1989 1777 2057 1832 de

468 1889 635 1948 nepte
678 1895 777 1934 sua
829 1855 1276 1949 percontaretur.
1322 1875 1516 1944 Neque
1560 1873 1709 1928 enim
1757 1871 1848 1926 illa
1905 1869 2051 1924 unde
2089 1855 2128 1910 Β

468 1987 597 2032 nata
636 1986 806 2040 esset,
840 1975 1110 2030 indicarat
1149 1991 1166 2029 :
1203 1987 1382 2043 neque
1439 1973 1582 2041 ipse,
1632 1969 1872 2040 aliquam
1925 1983 2051 2022 cum

469 2069 562 2124 illa
614 2067 1082 2123 necessitudinem
1141 2066 1246 2121 sibi
1303 2064 1651 2120 intercedere
1701 2060 2049 2117 ostendebat.

467 2159 696 2216 Tulerat
736 2167 920 2214 autem
967 2173 1064 2214 rex
1106 2158 1305 2229 legem,
1353 2172 1424 2213 ne
1464 2156 1591 2226 quis
1632 2153 1701 2210 ad
1734 2169 1794 2209 se
1826 2154 1881 2208 in
1913 2153 2053 2208 solio

465 2250 754 2306 sedentem
791 2249 1085 2304 accederet
1114 2246 1408 2302 invocatus
1439 2265 1452 2300 :
1489 2246 1584 2316 qui
1620 2260 1782 2300 secus
1809 2244 2052 2310 fecisset,

465 2343 651 2398 statim
690 2342 760 2397 ab
788 2340 1205 2412 apparitoribus
1231 2339 1420 2396 securi
1455 2339 1744 2402 feriretur,
1792 2337 1898 2392 nisi
1937 2336 2052 2407 ipse

467 2436 676 2506 virgam
720 2449 886 2504 quam
923 2448 1090 2488 manu
1124 2440 1370 2498 teneret,
1409 2432 1486 2486 illi
1521 2430 1887 2500 perrexisset:
1929 2445 2052 2484 eam

466 2529 617 2584 enim
647 2527 744 2598 qui
773 2528 1051 2598 attigerat,
1081 2525 1358 2581 indemnis
1383 2535 1524 2580 erat.
1552 2523 1690 2579 Cum
1719 2532 1905 2578 autem
1941 2522 2053 2578 duo

465 2619 713 2677 eunuchi
754 2621 870 2691 regi
921 2618 1156 2674 insidias
1207 2625 1511 2681 struerent,
1566 2615 1916 2670 Barnabazus
1959 2612 2056 2669 Ju-

471 2713 643 2777 daeus.
698 2728 896 2768 servus
933 2710 1163 2766 alterius
1205 2710 1470 2773 eunuchi,
1517 2707 1585 2762 iis
1632 2705 2051 2770 animadversis,

473 2820 589 2860 rem
622 2804 690 2859 ad
730 2803 1132 2858 Mardocbaeum
1170 2800 1372 2858 defert.
1413 2800 1575 2870 179
1603 2799 1700 2855 llle
1728 2813 1825 2869 per
1857 2797 2056 2853 Estbe-

475 2911 592 2950 ram
657 2895 724 2950 ad
781 2909 1010 2966 regem:
1048 2894 1147 2964 qui
1197 2892 1473 2948 eunuchis
1525 2892 1581 2945 in
1627 2905 1846 2945 crucem
1890 2889 2050 2951 actis,

474 2987 878 3042 Mardoebmum
911 2985 965 3041 in
993 2985 1419 3041 commentarios
1445 2983 1699 3048 inscribi,
1733 2992 1789 3038 et
1819 2983 1875 3037 in
1904 2983 2054 3052 regia

473 3093 700 3134 manere
747 3079 922 3149 juhet.
972 3079 1238 3132 Amanem
1283 3089 1450 3146 porro
1493 3074 1732 3129 amicum
1774 3087 2052 3128 summum

476 3172 644 3242 regis,
676 3187 869 3226 omnes
901 3168 1208 3225 adorabant
1237 3185 1250 3223 :
1287 3167 1436 3238 quod
1481 3182 1606 3222 cum
1650 3165 2050 3220 Mardoclizeurn
2080 3197 2123 3252 ο

477 3274 704 3336 propter
747 3264 923 3335 legem
963 3261 1249 3318 Iudaicam
1296 3260 1718 3331 prmtermittere
1759 3257 2052 3330 cognovis-

474 3364 580 3420 set,
623 3355 941 3426 indiguatus
973 3354 1022 3409 ei
1069 3353 1229 3417 dixit,
1272 3368 1329 3408 se
1361 3368 1390 3406 a
1423 3352 1607 3408 Persis
1641 3351 1896 3424 ingenuis
1921 3351 2052 3406 ado-

476 3448 590 3502 rari
623 3468 636 3503 :
670 3463 771 3504 cur
805 3449 919 3514 ille,
952 3448 1046 3518 qui
1071 3431 1275 3502 servus.
1297 3455 1464 3512 esset,
1490 3446 1635 3501 idem
1672 3461 1783 3500 non
1809 3445 2054 3501 faceret?

473 3550 696 3612 totaque
723 3550 887 3613 gente
936 3539 1083 3610 apud
1126 3555 1310 3610 regem
1355 3548 1636 3605 accusata,
1680 3538 1840 3609 petiit
1884 3547 1947 3593 ut
1988 3553 2054 3594 ea

472 3634 725 3691 funditus
771 3633 1207 3703 exstirparetur,
1234 3632 1310 3686 ita
1355 3639 1416 3686 ut
1457 3631 1623 3686 nulla:
1672 3631 1920 3701 reliquis:
1961 3646 2055 3686 su-

469 3732 781 3796 peressent.
813 3723 894 3778 Ne
941 3737 1074 3778 vero
1113 3721 1338 3778 tributis
1383 3738 1480 3777 rex
1528 3720 1901 3786 fraudaretur,
1938 3719 2055 3790 ipse

471 3814 842 3887 quadraginta
888 3815 1102 3887 argenti
1148 3814 1319 3868 millia
1369 3828 1429 3868 se
1477 3813 1735 3867 daturum
1773 3821 1860 3868 est
1889 3813 2055 3882 polli-

468 3908 634 3963 citus.
691 3907 806 3961 liex
835 3907 1032 3971 Amani
1089 3915 1145 3961 et
1194 3907 1484 3978 pecuniam
1529 3916 1587 3962 et
1633 3907 1888 3962 homines
1923 3922 2056 3962 cou-

472 4001 664 4066 donat,
695 4009 754 4054 ut
785 4015 882 4056 eos
901 4015 1002 4054 suo
1035 3999 1310 4056 arbitratu
1347 4010 1563 4057 tractet.
1599 4001 1652 4057 Is
1680 4002 1849 4073 igitur
1866 4003 2052 4058 statim

467 4089 714 4143 edictum
747 4089 970 4143 nomine
1015 4089 1160 4159 regis
1193 4091 1249 4143 in
1275 4104 1468 4145 omnes
1503 4091 1816 4160 provincias
1861 4091 2050 4155 mittit,

471 4182 562 4236 his
610 4182 844 4235 verbis:
889 4181 992 4235 Eos
1037 4183 1128 4251 qui
1181 4183 1244 4235 ab
1278 4181 1446 4236 altero
1492 4193 1645 4252 patre
1697 4201 1810 4237 meo
1847 4185 2054 4238 Amaue

464 4275 802 4344 judicuntur,
847 4289 1025 4326 omnes
1067 4289 1185 4326 cum
1228 4273 1479 4327 uxoribus
1524 4284 1571 4328 et
1609 4275 1784 4328 liberis
1828 4277 2054 4343 interﬁci

471 4366 612 4425 volo.
651 4364 807 4435 idque
837 4363 958 4432 ﬁeri
1005 4379 1094 4417 xiv
1138 4363 1224 4418 die
1260 4365 1454 4419 mensis
1499 4382 1572 4420 xtl
1614 4366 1708 4420 hoc
1747 4384 1908 4424 anno.
1959 4369 2055 4425 llis

477 4455 678 4510 litteris
730 4455 784 4507 in
834 4454 1002 4508 urbes
1036 4463 1088 4508 et
1123 4454 1438 4523 provincias
1467 4456 1715 4526 perlatis,
1746 4458 2054 4516 internecio

2161 573 2427 641 νικῶσαν,
2459 575 2730 648 ἠθέλησεν
2759 579 2787 631 6
2821 577 3080 648 βασιλεὺς
3114 577 3230 638 τοῖς
3259 574 3408 646 αύτῷ
3440 579 3748 645 συμποσιά-

2161 665 2350 730 ζουσιν
2381 668 2680 734 ἐπιδείξαιο
2730 670 2826 723 καὶ
2862 667 3085 739 πέμψας
3114 669 3274 739 ἥκειν
3313 667 3484 738 αὐτὴν
3529 669 3747 723 ἐκέλευε

2162 761 2317 830 παρά
2351 761 2414 814 τὸ
2445 762 2776 834 συμπόσιον.
2812 763 2877 816 Ἢ
2912 763 2968 815 δὲ
2994 763 3097 816 οὐκ
3127 761 3400 827 ἐπείθετο,
3433 764 3533 818 καὶ
3555 763 3754 818 πολλα-

2161 863 2248 909 κις
2275 848 2609 915 στείλαντος,
2644 850 2929 914 ἀνένδοτος
2956 845 3049 922 ἦν.
3110 839 3370 923 Ὠργίσθη
3405 851 3499 906 οῦν
3533 857 3565 906 6
3599 854 3752 925 βασι-

2159 936 2285 1002 λεὺς
2325 939 2415 993 διὰ
2483 941 2584 1012 τὴν
2643 942 2954 1009 ἀπείθειαν,
2986 943 3081 997 καὶ
3129 943 3409 999 κοινοῦται
3449 950 3569 1009 τοῖς
3617 949 3752 1002 ἑπτά

2158 1030 2270 1083 τῶν
2289 1032 2517 1102 Περσῶν
2546 1050 2610 1086 συ
2619 1034 2876 1104 μόούλοις
2896 1035 2998 1106 τῆς
3016 1037 3280 1104 γυναικὸς
3305 1037 3404 1110 τὴν
3437 1041 3744 1094 ἀπείθειαν.

2162 1123 2226 1175 Οἱ
2249 1122 2293 1175 δ’
2321 1124 2580 1178 ἐκϐαλεῖν
2605 1126 2779 1199 αὐτὴν
2830 1127 2944 1180 δεῖν
2976 1127 3222 1198 ἔκριναν.
3255 1132 3364 1184 Καὶ
3394 1132 3426 1202 ἡ
3468 1132 3573 1201 μὲν
3600 1135 3752 1188 ἐκδί-

2161 1215 2330 1286 6λητο
2352 1233 2367 1248 ο
2397 1220 2425 1271 6
2451 1219 2496 1271 δ’
2526 1219 2748 1290 ἤχθετο,
2790 1221 2928 1290 πρὸς
2961 1221 3131 1292 αὐτὴν
3164 1223 3447 1293 ἐρωτικῶς
3470 1224 3752 1296 διακείμεο

2160 1327 2271 1373 νος.
2298 1309 2458 1364 Οὕτω
2480 1309 2526 1363 δ’
2554 1311 2734 1382 ἔχοντι
2761 1313 3156 1368 συνεϐούλευον
3184 1317 3234 1368 οἱ
3254 1317 3424 1384 φίλοι,
3450 1318 3751 1386 παρθένους

2161 1401 2461 1470 εὐπρεπεῖς
2495 1402 2839 1473 πανταχόθεν
2872 1408 3228 1474 συναγαγεῖν,
3261 1408 3357 1460 καὶ
3381 1409 3480 1476 τὴν
3515 1426 3752 1479 προκρι-

2162 1495 2351 1550 θεῖσαν
2384 1497 2530 1562 ἕξειν
2551 1501 2809 1566 γυναῖκα.
2842 1500 3102 1555 Πείθεται
3130 1505 3197 1573 τῇ
3235 1504 3518 1575 συμϐουλῇ
3553 1505 3747 1577 ταύτῃ·

2161 1589 2258 1642 καὶ
2290 1592 2504 1644 πολλῶν
2541 1593 2835 1664 παρθένων
2871 1596 3292 1668 ἀθροισθεισῶν,
3326 1599 3528 1670 εὑρέθη
3561 1602 3620 1653 ὲν
3650 1602 3750 1654 Βα-

2162 1681 2365 1738 ϐυλῶνι
2416 1684 2554 1757 κόρη
2593 1704 2699 1756 τις,
2747 1688 2980 1743 Ἰουδαία
3012 1689 3072 1743 τὸ
3106 1690 3288 1758 γένος,
3335 1692 3402 1745 ἐκ
3442 1693 3625 1763 φυλῆς
3656 1695 3748 1763 τῆς

2162 1777 2560 1849 Βενιαμίτιδος,
2585 1781 2802 1851 ὀρφανὴ
2826 1782 2922 1836 καὶ
2955 1783 3164 1852 ἀμφοῖν
3189 1782 3299 1836 τῶν
3332 1785 3564 1852 γονέων,
3601 1789 3746 1856 παρὰ
3798 1784 3807 1795 ’

2156 1869 2232 1937 τῷ
2266 1870 2397 1940 Θείῳ
2444 1874 2778 1945 Μαρδοχαίῳ
2801 1878 3140 1946 τρεφομένη,
3174 1877 3285 1931 τῶν
3312 1878 3552 1948 πρώτων
3602 1882 3746 1949 παρά

2155 1966 2270 2028 τοῖς
2293 1964 2576 2030 Ἰουδαίοις
2596 1985 2608 1998 ·
2641 1966 2846 2038 Ἑσθὴρ
2866 1963 2933 2038 ἦν
2954 1971 3022 2039 τῇ
3043 1968 3182 2038 κόρῃ
3206 1970 3268 2022 τὸ
3298 1970 3498 2040 ὄνομα.
3532 1972 3748 2037 Ἡσθεὶς

2154 2051 2250 2110 οὖν
2277 2058 2455 2131 ταύτῃ
2504 2057 2531 2109 ὁ
2561 2057 2845 2128 βασιλεὺς,
2874 2061 2956 2123 είς
2986 2064 3226 2127 γυναῖκα
3246 2062 3455 2132 ταύτην
3485 2063 3746 2134 ἠγάγετο,

2155 2147 2253 2200 καὶ
2280 2148 2630 2218 περιτίθησιν
2663 2151 2804 2220 αὐτῇ
2836 2150 2898 2203 τὸ
2927 2150 3195 2222 διάδημα,
3230 2155 3329 2206 καὶ
3352 2157 3380 2208 6
3408 2154 3560 2220 θεῖος
3583 2158 3747 2226 αὐτῆς

2155 2242 2220 2293 ὲκ
2256 2240 2580 2305 Βαϐυλῶνος
2640 2243 2723 2307 είς
2757 2243 2934 2297 Σοῦσα
2974 2247 3287 2317 μετῴκησε,
3321 2251 3452 2317 περὶ
3509 2249 3580 2303 τὰ
3604 2249 3749 2320 βασί-

2155 2332 2276 2385 λεια
2300 2331 2621 2402 διατρίσων,
2650 2334 2747 2388 καὶ
2779 2335 2908 2405 περὶ
2939 2337 3041 2406 τῆς
3073 2337 3365 2409 ἀδελφιδῆς
3405 2339 3746 2408 πυνθανόμε-

2156 2442 2268 2489 νος.
2303 2423 2444 2478 Οὐτε
2507 2425 2617 2496 γὰρ
2661 2427 2849 2498 ἐκείνη
2907 2429 3068 2498 δῆλον
3119 2428 3182 2482 τὸ
3228 2429 3410 2495 ἔθνος,
3462 2430 3528 2496 ἐξ
3582 2426 3745 2502 οὗπερ

2156 2515 2478 2588 ἐτύγχανεν,
2510 2515 2688 2582 ἔθετο,
2718 2516 2843 2571 οὐτε
2871 2520 2900 2571 6
2925 2518 3272 2590 Μαρδοχαῖος
3296 2521 3397 2591 τὴν
3424 2521 3566 2590 πρὸς
3587 2523 3746 2593 αὐτὴν

2155 2607 2432 2678 ὡμολόγει
2490 2609 2842 2678 συγγένειαν.
2899 2610 3094 2664 Ἕθετο
3124 2612 3180 2666 δὲ
3202 2611 3370 2683 νόμον
3404 2613 3434 2666 6
3471 2613 3745 2684 βασιλεὺς,

2155 2699 2299 2754 ὥστε
2329 2700 2534 2771 μηδένα
2583 2703 2634 2754 οἱ
2666 2701 2761 2755 ἐπὶ
2790 2700 2885 2755 τοῦ
2936 2701 3132 2773 θρόνου
3189 2704 3489 2776 καθημένῳ
3516 2706 3746 2776 ἄκλητον

2155 2795 2464 2864 προσιέναι,
2489 2793 2521 2864 ἢ
2550 2793 2813 2864 θνήσκειν
2855 2794 2950 2848 τὸν
2986 2793 3130 2849 οὕτω
3162 2798 3465 2867 προσιόντα
3491 2798 3600 2851 ὐπὸ
3645 2799 3707 2851 τιῖ
3718 2817 3746 2852 ν

2155 2887 2310 2956 σύτῷ
2339 2887 2761 2959 περισταμένων
2795 2887 3214 2959 πελεκυφόρων,
3255 2892 3306 2943 εί
3339 2890 3416 2961 μὴ
3451 2893 3662 2955 ἐκεῖνος
3691 2893 3744 2944 ὃν

2155 2982 2215 3034 ἐν
2247 2981 2408 3052 χερσὶ
2437 2982 2661 3051 κατεῖχε
2685 2980 2854 3050 λύγον
2878 2980 3119 3047 ἐξέτεινε
3156 2982 3294 3054 πρὸς
3329 2985 3496 3037 αὐτόν
3515 3001 3531 3014 ·
3587 2987 3617 3039 6
3645 2987 3744 3054 γὰρ

2155 3074 2251 3128 τοῦ
2279 3074 2447 3144 λύγου
2479 3074 2814 3144 ἁπτόμενος,
2848 3074 3140 3139 ἀκίνδυνος
3161 3071 3254 3147 ἦν.
3287 3075 3744 3132 Ἐπιδουλευσάν-

2155 3187 2266 3223 των
2301 3169 2360 3222 δὲ
2388 3169 2467 3239 τῷ
2499 3167 2712 3238 βασιλεῖ
2741 3166 3084 3242 Ἀρταξέρξῃ
3107 3167 3220 3222 δύω
3252 3170 3531 3240 εὐνούχων
3563 3171 3742 3237 αὐτοῦ,

2158 3261 2520 3329 Βαρνάϐαζος
2551 3261 2778 3332 οἰκέτης
2806 3260 2902 3314 τοῦ
2927 3263 3140 3333 ἑτέρου,
3188 3262 3252 3315 τὸ
3292 3263 3451 3330 γένος
3501 3264 3584 3317 ῶν
3621 3266 3743 3318 Ἰουο

2156 3355 2330 3420 δαῖος,
2363 3356 2548 3418 συνεὶς
2575 3355 2676 3425 τὴν
2724 3354 3047 3423 ἐπιϐουλὴν,
3079 3353 3159 3425 τῷ
3191 3356 3533 3428 Μαρδοχαίῳ
3568 3357 3743 3428 ἀπήγ-

2157 3449 2332 3518 γειλε,
2359 3449 2456 3504 καὶ
2497 3447 2558 3512 ὃς
2607 3447 2700 3501 διά
2722 3447 2824 3517 τῆς
2868 3447 3077 3518 Ἐσθὴρ
3099 3447 3178 3518 τῷ
3209 3447 3426 3519 βασιλεῖ
3468 3454 3601 3514 τοὺς
3626 3454 3739 3504 tm-

2157 3541 2384 3605 σούλους
2439 3541 2736 3611 ἐμήνυσεν.
2781 3540 2842 3594 '0
2881 3539 2936 3593 δὲ
2966 3540 3094 3604 τοὺς
3150 3541 3252 3611 μὲν
3308 3543 3605 3614 εὐνούχους
3630 3545 3741 3598 ἀνε-

2159 3633 2470 3705 σταύρωσε,
2527 3631 2622 3686 τοῦ
2673 3631 2732 3686 δὲ
2758 3631 3107 3703 Μαρδοχαίου
3132 3633 3193 3686 τὸ
3232 3634 3408 3704 ὄνομα
3457 3636 3741 3689 ἐκέλευσεν

2155 3724 2507 3797 ἐγγραφῆναι
2563 3725 2678 3788 τοῖς
2708 3725 3097 3796 ὑπομνήμασι,
3131 3726 3225 3779 καὶ
3268 3728 3608 3798 προσμένειν
3638 3731 3740 3791 τοῖς

2159 3818 2459 3890 βασιλείοις
2507 3817 2696 3872 αὐτόν.
2743 3818 2919 3889 Ἀμάν
2951 3819 3011 3872 δὲ
3067 3820 3224 3888 φίλον
3256 3821 3384 3876 ὄντα
3427 3821 3507 3893 τῷ
3542 3821 3740 3894 βασιλεῖ

2161 3916 2220 3977 ἐς
2248 3913 2318 3966 τὰ
2346 3911 2590 3982 μάλιστα
2615 3912 2856 3974 ἅπαντες
2884 3911 3287 3982 προσεκύνουν.
3313 3912 3666 3984 Μαρδοχαίου
3688 3911 3738 3964 δὲ

2159 4007 2239 4079 μὴ
2263 4005 2700 4078 προσκυνοῦντος
2753 4004 2844 4058 διὰ
2895 4004 2992 4057 τὸν
3025 4006 3192 4076 νόμον
3217 4006 3404 4071 αὐτὸν,
3451 4009 3646 4076 μαθὼν
3671 4007 3739 4068 ὡς

2169 4101 2429 4163 Ἰουδαῖός
2459 4100 2629 4163 ἐστιν,
2670 4099 3025 4171 ἠγανάκτησε
3067 4101 3160 4153 καὶ
3191 4097 3347 4153 εἶπεν
3389 4099 3569 4170 αὐτῷ,
3593 4101 3665 4163 ὡς
3691 4101 3737 4151 ei

2159 4193 2261 4264 μὲν
2293 4192 2572 4262 ἐλεύθεροι
2605 4193 2814 4262 Πέρσαι
2837 4192 3242 4263 προσκυνοῦσιν
3268 4192 3456 4259 αὐτὸν,
3482 4195 3510 4246 6
3544 4194 3601 4247 δὲ
3626 4191 3739 4246 δοῦ·

2156 4286 2246 4350 λος
2267 4285 2365 4351 ῶν,
2410 4286 2636 4352 ἀπαξιοῖ
2687 4284 2850 4338 τοῦτο
2906 4290 3104 4341 ποιεῖν.
3173 4286 3495 4358 Προσελθὼν
3541 4287 3636 4341 οὖν
3665 4287 3738 4354 τῷ

2159 4378 2374 4450 βασιλεῖ
2413 4379 2715 4449 κατηγόρει
2759 4377 2854 4430 τοῦ
2884 4377 3073 4442 ἔθνους
3113 4380 3336 4445 παντὸς,
3363 4381 3460 4434 καὶ
3493 4379 3614 4451 ᾔτει
3649 4397 3737 4430 κε-

2155 4473 2345 4527 λεῦσαι
2381 4473 2680 4544 πρόρριζον
2712 4473 3014 4526 ἀπολέσθαι
3056 4474 3210 4539 αὐτὸ,
3241 4476 3335 4527 καὶ
3369 4475 3444 4546 μή
3481 4493 3535 4527 τι
3560 4475 3736 4545 λείψα-

473 4544 681 4601 ιιιιίιείε
741 4543 1060 4615 parabatur.
1103 4544 1252 4598 Idem
1299 4543 1453 4601 Susis
1504 4548 1670 4602 etiam
1717 4549 2050 4620 agitabatur.

2158 4581 2248 4617 vov
2273 4535 2441 4617 αὐτοῦ
2466 4535 2812 4618 καταλιπεῖν.
2844 4564 2962 4617 Ἱνα
2995 4567 3097 4635 μέν
3127 4535 3210 4619 τοι
3236 4535 3596 4640 μὴ’ζημιωθῇ
3619 4535 3735 4627 τοὺς

475 4637 853 4692 lllardochzeus
888 4645 1095 4701 autem,
1138 4652 1263 4691 cum
1295 4638 1429 4708 quid
1468 4648 1651 4694 actum
1678 4651 1825 4696 esset
1852 4657 2029 4714 cogno

459 4730 668 4798 ‘visset,
700 4743 920 4783 saccum
961 4727 1212 4796 indutus,
1246 4739 1299 4784 et
1328 4731 1556 4800 pulvere
1586 4733 1808 4804 oppleto
1851 4737 2053 4806 capite,

477 4821 784 4885 clamitans,
822 4830 1040 4892 gentem
1083 4820 1656 4891 immeritam—deleri,
1686 4837 1815 4882 ante
1847 4829 2054 4899 regiam

476 4915 712 4967 astabat.
749 4911 940 4983 Neque
971 4913 1120 4968 enim
1156 4929 1224 4969 eo
1262 4915 1453 4971 habitu
1486 4916 1700 4988 ingredi
1727 4919 1926 4975 decere
1961 4937 2053 4975 ar-

475 5005 805 5062 bitrabatur.
841 5005 997 5072 Quod
1035 5021 1160 5061 cum
1199 5008 1266 5063 ad
1313 5009 1556 5081 reginam
1597 5011 1887 5066 Estheram
1921 5029 2052 5083 per-

473 5097 646 5153 latum
681 5107 847 5164 esset,
892 5097 1060 5154 misso
1104 5101 1381 5167 cunucbo,
1410 5117 1633 5158 causam
1664 5104 1848 5160 luctus
1886 5119 1954 5160 ex
1986 5122 2054 5161 eo

475 5191 694 5261 qua-rit.
727 5191 824 5246 llle
855 5192 988 5261 quid
1018 5194 1330 5259 accidisset,
1367 5197 1628 5252 eunucho
1661 5207 1873 5264 narrat,
1913 5201 2052 5270 petit

477 5291 540 5334 ut
571 5279 661 5335 illa
691 5281 836 5350 apud
869 5296 1049 5352 regem
1083 5299 1185 5354 pro
1217 5285 1424 5356 populo
1455 5285 1786 5343 intercedat.
1815 5287 1918 5344 Cui
1952 5291 2050 5346 Es-

475 5373 632 5427 thera
679 5373 920 5429 vicissim
969 5377 1208 5442 nuntiat,
1246 5377 1427 5433 vereri
1475 5393 1555 5444 se,
1599 5379 1646 5433 si
1688 5380 1943 5436 invocata
1982 5383 2050 5437 ad

476 5481 657 5538 regem
688 5468 1008 5535 accesserit,
1043 5484 1114 5524 ne
1143 5470 1448 5525 occidatur.
1477 5470 1796 5542 Respondet
1828 5474 2047 5546 Mardo-

473 5557 681 5624 clueus,
719 5573 830 5612 non
865 5559 940 5612 illi
969 5558 1261 5628 privatam,
1305 5558 1401 5613 sed
1432 5561 1614 5630 gentis
1643 5560 1918 5630 publicam
1965 5577 2051 5616 sa-

474 5647 644 5703 lutem
674 5664 795 5706 esse
829 5648 1186 5719 spectandam
1217 5666 1230 5703 :
1264 5650 1320 5705 id
1368 5651 1473 5706 nisi
1524 5652 1742 5720 fecerit,
1781 5657 2045 5730 populum

477 5739 670 5810 utique
702 5741 969 5798 divinitus
1000 5742 1067 5797 iri
1095 5752 1508 5811 conservatum,
1547 5745 1720 5815 ipsam
1758 5763 1891 5802 vero
1921 5764 2049 5804 cum

475 5842 706 5903 paterna
753 5834 918 5892 domo
965 5835 1340 5892 interituram.
1397 5837 1633 5894 Proinde
1685 5839 1871 5911 regina
1919 5855 2047 5896 eum

2160 4654 2363 4725 φόρους
2398 4653 2802 4718 αὐτῶν,ἀύτὸς
2839 4654 3209 4724 ἐπηγγείλατο
3243 4653 3436 4707 δώσειν
3473 4653 3734 4725 μυριάδας

2158 4745 2427 4816 ἀργυρίου
2455 4745 2753 4817 τέσσαρας.
2793 4745 2853 4800 Ὀ
2885 4745 2986 4816 μὲν
3023 4745 3116 4799 οῦν
3183 4747 3357 4816 Ἀμὰν
3388 4746 3512 4818 ᾔτει
3540 4747 3731 4800 ταῦτα.

2169 4839 2230 4892 '0
2254 4839 2310 4892 δὲ
2333 4837 2588 4907 βασιλεὺς
2613 4838 2709 4892 καὶ
2733 4837 2796 4891 τὸ
2830 4838 3097 4910 ἀργύριον
3145 4838 3294 4909 αὐτῷ
3323 4839 3612 4909 χαρίζεται
3645 4838 3735 4891 καὶ

2155 4931 2283 4994 τοὺς
2308 4931 2658 5002 ἀνθρώπους,
2686 4930 2829 4984 ὥστε
2859 4931 3098 5001 χρῆσθαι
3125 4931 3339 4994 τούτοις
3356 4932 3435 4996 ὡς
3466 4933 3730 5003 βούλεται.

2156 5021 2368 5088 Αὐτίκα
2387 5017 2482 5076 οῦν
2515 5021 2794 5091 διάταγμα
2826 5022 2980 5090 παρά
3019 5021 3112 5074 τοῦ
3157 5020 3328 5090 Ἀμάν
3363 5022 3620 5091 ἐπέμφθη
3662 5023 3733 5083 εἰς

2156 5113 2339 5167 πάντα
2357 5113 2428 5167 τὰ
2460 5113 2612 5183 ἔθνη,
2644 5114 2721 5178 ὡς
2741 5116 2806 5168 ἐκ
2826 5114 2918 5168 τοῦ
2955 5114 3242 5184 βασιλέως,
3265 5114 3522 5185 περιέχον
3544 5115 3726 5170 ταῦτα·

2159 5207 2308 5272 Τοὺς
2340 5205 2755 5276 δηλουμένους
2808 5208 2929 5264 ὑπὸ
2984 5208 3092 5263 τοῦ
3127 5209 3412 5278 δευτέρου
3461 5229 3582 5279 μου
3625 5227 3729 5263 πα-

2151 5296 2289 5364 τρὸς
2329 5295 2524 5367 Ἀμάν,
2573 5301 2798 5371 κελεύω
2842 5299 3074 5368 πάντας
3105 5303 3228 5357 σὺν
3259 5304 3492 5373 γυναιξὶ
3524 5303 3620 5357 καί
3647 5299 3728 5354 τέ-

2154 5403 2323 5453 κνοις
2367 5387 2725 5455 ἀπολέσθαι,
2773 5393 2873 5445 καὶ
2927 5393 3105 5446 τοῦτο
3134 5394 3411 5463 γενέσθαι
3435 5396 3724 5462 βούλομαι

2155 5478 2231 5548 τῇ
2260 5480 2504 5550 τετάρτῃ
2527 5481 2625 5536 καὶ
2657 5483 2878 5552 δεκάτῃ
2912 5485 3020 5540 τοῦ
3045 5485 3384 5542 δωδεκάτου
3407 5487 3601 5555 μηνὸς
3623 5483 3722 5538 τοῦ

2152 5571 2484 5639 ἐνεστῶτος
2530 5574 2728 5642 ἔτους.
2760 5576 2965 5632 Τούτου
3017 5579 3377 5648 κομισθέντος
3425 5580 3518 5632 τοῦ
3555 5577 3723 5646 γράμ-

2160 5677 2332 5728 ματος
2376 5660 2456 5726 εἰς
2503 5666 2604 5728 τὰς
2654 5666 2843 5731 πόλεις
2903 5669 2998 5722 καὶ
3027 5670 3126 5734 τὰς
3177 5669 3382 5741 χώρας,
3413 5669 3572 5744 ἡτῶν
3600 5670 3722 5720 Ἰου-

2153 5753 2322 5808 δαίων
2352 5757 2600 5810 ἀπώλεια
2631 5759 2981 5829 ἡτοιμάζετο.
3033 5756 3194 5830 Εἶχον
3237 5761 3294 5815 ὃὲ
3325 5762 3421 5816 καὶ
3457 5763 3504 5814 οἱ
3535 5764 3591 5814 ὲν
3616 5759 3720 5819 τοῖς

2151 5845 2374 5912 Σούσοις
2409 5849 2630 5921 ὁμοίως.
2697 5852 2756 5906 ’0
2779 5851 2836 5904 δὲ
2875 5852 3226 5924 Μαρδοχαῖος
3261 5853 3451 5924 μαθὼν
3479 5854 3539 5908 τὸ
3581 5849 3720 5921 γενό-
