3876 6610
199 449 292 516 345

1399 455 1811 520 ANNALIUM
1857 459 2008 521 LIB.
2056 461 2156 522 ιν.

3327 429 3438 522 ato

195 585 289 629 νον,
311 567 420 619 ἐκεῖ
451 566 675 622 συνώθει
733 570 862 632 τοὺς
928 567 1252 638 φεύγοντας,
1286 568 1360 632 ὣς
1423 587 1481 622 τε
1536 570 1752 631 τούτοις

1883 567 2395 642 οςιιιιεὸἰεεὶριινίι.
2430 572 2617 628 Multis
2643 582 2828 628 autem
2867 571 2923 626 in
2954 582 3258 644 conspectu
3291 570 3443 629 Darii

196 658 494 730 συνταράξαι
522 662 648 726 τοὺς
711 663 1000 732 μένοντας,
1057 665 1151 716 καὶ
1214 661 1447 729 πολλοὺς
1489 665 1752 719 σκεδάσαι

193 755 364 809 αὐτῶν.
400 754 608 808 Πολλῶν
655 756 714 810 δὲ
777 756 1056 810 πεσόντων
1088 755 1184 810 τοῦ
1221 759 1448 831 Δαρείου
1487 758 1748 822 ἐνώπιον,

191 849 367 910 ὼςούκ
389 843 455 917 ἦν
490 847 744 914 ἐξελάσαι
779 850 842 902 τὸ
882 850 1038 920 ἅρμα
1071 852 1185 915 τοῖς
1214 851 1474 921 πτώμασι
1531 850 1753 921 συνεχό-

196 956 352 1008 μενον,
402 937 588 990 τούτου
623 941 727 1008 μὲν
778 939 962 1011 ἀπέϐη
1008 942 1276 1010 Δαρεῖος·
1318 941 1539 1013 θήλειαν
1569 940 1612 992 δ’
1659 940 1752 994 ἴπ-

193 1048 277 1085 πον
305 1031 671 1101 ἀναὸεκηκὼῖ,
694 1034 922 1103 ἔφυγεν.
975 1035 1152 1089 Ἑάλω
1179 1035 1224 1089 δ’
1259 1037 1347 1101 ἂν,
1387 1037 1436 1089 εἰ
1494 1035 1569 1108 μὴ
1603 1037 1754 1107 Παρ-

193 1125 369 1197 μενίων
391 1126 480 1178 τὸν
523 1126 876 1198 Ἀλέξανδρον
919 1129 1340 1200 μετεπέμψατο,
1405 1129 1754 1200 ἐπαρήξοντα

191 1217 258 1289 τῷ
298 1218 598 1274 κατ’,αύτὺν
633 1220 830 1290 κέρατι
863 1223 1210 1294 πονουμένῳ.
1253 1223 1320 1277 Ἤ
1363 1226 1464 1292 μὲν
1494 1224 1588 1276 οὖν
1627 1224 1752 1295 νίκη

191 1311 395 1382 λαμπρά
419 1301 496 1380 τῷ
536 1313 874 1386 Ἀλεξάνδρῳ
908 1315 1303 1385 προσγέγονεν.
1345 1314 1408 1370 Ἢ
1439 1315 1496 1370 δὲ
1527 1316 1756 1389 Περσῶν

195 1404 413 1474 βασιλεία
466 1405 724 1460 ἐντεῦθεν
774 1406 1077 1478 καθῄρητο,
1154 1408 1508 1481 Ἀλέξανδρος
1541 1409 1598 1462 δὲ
1657 1409 1758 1480 τῆς

204 1497 364 1560 Ἀσίας
395 1498 652 1568 βασιλεὺς
681 1500 1043 1570 ἀνηγόρευτο,
1077 1501 1171 1554 καὶ
1195 1501 1284 1554 ἐπ’
1312 1499 1468 1572 αὐτῷ
1515 1501 1549 1570 ἡ
1582 1498 1758 1553 Βαϐυ-

149 1623 156 1633 ι
193 1590 336 1644 λωνία
357 1591 502 1645 πᾶσα
537 1591 780 1660 ἐγένετο.
815 1592 1034 1647 Σούσων
1083 1593 1140 1646 δὲ
1199 1593 1502 1664 κρατήσας,
1555 1609 1758 1662 ’τετρα-

193 1684 436 1754 κισμύρια
463 1684 708 1739 τάλαντα
733 1685 1080 1756 νομίσματος
1101 1688 1247 1741 κατὰ
1273 1685 1342 1740 τὰ
1383 1685 1635 1754 βασίλεια
1663 1684 1759 1738 εὖ·

196 1797 332 1851 ρηκε,
361 1781 453 1834 καὶ
499 1781 682 1836 ἀλλων
716 1782 1020 1854 χρημάτων
1051 1782 1353 1854 ἀμυθήτων
1385 1780 1759 1835 πολυτέλειαν.

196 1873 476 1944 κυριεύσας
529 1875 590 1928 δὲ
645 1877 740 1929 καὶ
784 1879 884 1947 τῆς
917 1875 1206 1947 Περσίδος,
1263 1875 1606 1946 νομίσματος
1635 1867 1762 1946 εὗρε

1855 667 2012 721 caesis
2039 709 2052 731 ,
2096 683 2222 721 cum
2261 667 2308 723 is
2334 683 2447 738 prae
2478 667 2848 723 cadaveribus
2877 683 3106 723 currum
3141 683 3305 738 agere
3333 682 3445 723 non

1858 771 2079 832 posset:
2105 776 2172 816 eo
2200 761 2417 824 relicto,
2442 772 2499 816 et
2522 777 2662 832 equa
2685 777 3012 828 conscensa,
3037 762 3177 833 fugae
3201 777 3260 817 se
3289 778 3446 818 man-

1857 852 1991 916 dat;
2038 855 2093 909 in
2143 871 2252 925 qua
2295 865 2490 925 captus
2518 857 2685 911 etiam
2719 857 2918 911 fuisset
2945 897 2958 918 ,
2995 856 3104 911 nisi
3153 857 3446 912 Parmenio

1856 947 2229 1002 Alexandrum
2280 949 2643 1016 accersisset,
2699 957 2761 1004 ut
2789 963 2891 1004 suo
2938 963 3114 1005 cornu
3167 949 3443 1004 laboranti

1858 1040 2204 1096 subveniret.
2250 1041 2364 1096 Hac
2413 1042 2613 1097 illustri
2653 1051 2806 1114 parta
2836 1041 3104 1105 victoria,
3150 1041 3444 1097 Persarum

1861 1148 2029 1204 regno
2063 1148 2280 1196 everso,
2312 1133 2626 1189 Alexander
2657 1134 2804 1189 Asia).
2833 1149 2931 1188 rex
2952 1133 3292 1195 declaratus.
3323 1148 3450 1187 om-

1859 1225 1916 1278 ni
1949 1224 2248 1298 Babylonia
2296 1226 2507 1297 potitus
2558 1237 2662 1285 est.
2717 1225 2876 1282 Susis
2927 1225 3142 1294 captis,
3177 1241 3244 1280 χι.
3276 1224 3450 1281 millia

1863 1318 2128 1373 talentum
2176 1319 2403 1388 signatae
2451 1318 2736 1387 pecuniaa.
2780 1326 2837 1374 et
2866 1319 3004 1374 alias
3039 1318 3284 1374 infinitas
3315 1333 3452 1389 epes

1863 1413 2082 1466 maximi
2107 1413 2273 1482 pretii
2311 1412 2365 1467 in
2400 1415 2548 1482 regia
2577 1414 2809 1468 invenit.
2844 1413 3032 1468 Persia
3056 1427 3281 1482 quoque
3303 1412 3446 1467 sub-

1862 1516 2005 1570 acta,
2030 1504 2372 1560 tantumdem
2407 1515 2677 1575 quantum
2737 1504 2896 1560 Susis
2925 1504 3173 1570 invenit;
3205 1503 3452 1573 aliasque

1864 1610 2131 1670 praeterea
2165 1597 2389 1654 divitias
2421 1608 2738 1669 cxportatas
2772 1610 2895 1653 esse
2923 1596 3089 1668 190
3119 1603 3450 1660 memorant,

1865 1692 2051 1747 decies
2067 1681 2233 1747 imille
2264 1689 2414 1762 jugis
2447 1689 2759 1756 mulorum,
2793 1697 2850 1744 et
2873 1688 3171 1760 quinquies
3198 1687 3346 1742 mille
3368 1700 3456 1740 ca-

1865 1785 2047 1842 melis.
2079 1785 2264 1858 Regia:
2294 1783 2534 1840 incensae
2574 1785 2759 1840 statim
2794 1799 2921 1838 eum
2948 1781 3214 1853 paenituit
3239 1820 3256 1848 ,
3285 1787 3454 1851 atque

1868 1880 2051 1952 ignem
2103 1879 2383 1950 exstingui
2419 1879 2604 1943 iussit.
2638 1878 2816 1934 Porro
2845 1891 2970 1932 cum
3007 1884 3206 1930 natura
3245 1871 3457 1943 magni-

196 1967 372 2037 πλῆθος
391 1969 514 2021 ὅσον
539 1971 599 2022 ἐν
639 1969 888 2033 Σούσοις.
917 1969 1022 2022 Τὸν
1060 1969 1221 2024 ἀλλον
1258 1970 1313 2023 δὲ
1343 1969 1580 2022 πλοῦτον
1615 1969 1762 2024 ἱστο·

1883 1949 2007 2026 icus
2030 1979 2198 2034 esset,
2226 1949 2404 2025 auctis
2420 1968 2683 2033 fortunis,
2704 1969 2871 2023 etiam
2897 1967 3017 2037 ejus
3039 1974 3198 2020 aucta
3218 1972 3300 2019 est
3320 1961 3458 2018 libe-

199 2060 359 2129 ροῦσιν
384 2061 794 2132 ἐκκομισθῆναι
849 2063 1065 2133 μυρίοις
1113 2063 1325 2132 ὀρικοῖς
1360 2060 1606 2130 ζεύγεσι,
1665 2062 1764 2116 καὶ

196 2153 632 2224 πεντακισχιλίοις
681 2155 976 2225 καμήλοις.
1033 2155 1357 2226 Ἐμπρήσας
1401 2155 1458 2208 δὲ
1509 2154 1576 2208 τά
1607 2155 1764 2226 βασί-

195 2244 312 2311 λεια,
350 2248 484 2318 ταχὺ
529 2249 906 2319 μετεμελήθη,
963 2249 1059 2302 καὶ
1110 2248 1561 2318 κατασϐεσθῆναι
1589 2249 1765 2302 ταῦτα

197 2340 495 2409 προσέταξε.
533 2342 934 2413 Μεγαλόδωρος
984 2343 1042 2396 δὲ
1073 2343 1384 2412 τυγχάνων,
1420 2345 1501 2396 ἐτι
1557 2341 1764 2413 μᾶλλον

197 2433 413 2489 ἐπεδίδου
446 2436 587 2504 πρὸς
621 2435 804 2500 τοῦτο,
835 2437 948 2489 τῶν
981 2436 1330 2506 πραγμάτων
1379 2435 1767 2507 αὐξανομένων

91 2547 94 2554 ·
198 2528 340 2600 αὐτῷ.
377 2530 557 2601 Ὁρῶν
588 2531 643 2584 δὲ
698 2532 827 2594 τοὺς
884 2533 1014 2602 περὶ
1045 2531 1212 2584 αὑτὸν
1254 2531 1618 2602 τρυφῶντας,
1676 2531 1770 2583 καὶ

199 2625 299 2686 ταῖς
330 2624 564 2687 διαίταις
622 2623 960 2690 πολυτελεῖς,
1014 2623 1306 2695 καθήψατο
1342 2625 1529 2695 πράως
1565 2623 1770 2687 αὐτῶν,

201 2716 476 2786 Θαυμάζειν
526 2716 721 2782 εἰπὼν,
775 2718 823 2770 εί
857 2720 933 2789 μὴ
964 2717 1170 2787 ἔμαθον
1206 2720 1270 2772 ὲκ
1306 2717 1649 2786 συγκρίσεως
1677 2715 1770 2770 τοῦ

199 2809 291 2862 τῶν
322 2811 549 2880 Περσῶν
580 2811 698 2882 βίου
729 2811 865 2881 πρὸς
893 2811 985 2864 τὸν
1009 2813 1293 2880 σφέτερον,
1327 2811 1408 2865 ὅτι
1431 2809 1771 2865 δουλικώτα-

200 2920 278 2957 τον
301 2903 393 2973 μὲν
440 2905 566 2958 ἔστι
591 2904 652 2956 τὸ
676 2904 914 2975 τρυφᾷν,
971 2902 1031 2956 τὸ
1053 2903 1110 2956 δὲ
1136 2905 1323 2957 πονεῖν
1367 2903 1772 2974 ἀρχικώτατον.

203 2997 352 3056 Αὐτὸς
395 2995 586 3066 μέντοι
618 2998 718 3050 οῦκ
753 2996 1008 3057 ἐνεδίδου,
1068 3001 1162 3050 καὶ
1195 2996 1514 3067 στρατείαις
1552 2997 1648 3049 καὶ⁵
1680 2995 1777 3066 θή-

207 3104 307 3157 ραις
328 3087 526 3142 πονῶν.
557 3088 621 3141 Oi
659 3088 705 3140 δ’
729 3089 938 3156 ἑταῖροι
972 3087 1140 3140 αὑτοῦ
1179 3087 1268 3140 διὰ
1299 3088 1531 3140 πλοῦτον
1561 3088 1775 3157 τρυφᾷν

208 3178 524 3249 βουλόμενοι,
579 3180 909 3234 συνέπεσθαι
938 3180 995 3233 δέ
1023 3181 1072 3233 οἱ
1107 3179 1574 3250 ἀναγκαζόμενοι,
1612 3183 1692 3245 εἰς
1715 3180 1777 3233 τὸ

209 3271 533 3344 βλασφημεῖν
591 3275 757 3328 αὐτὸν
812 3272 1115 3344 προῄεσαν.
1185 3273 1245 3328 '0
1269 3273 1334 3326 ,δὲ
1365 3273 1558 3344 πράως
1610 3271 1773 3342 ἔφερε

209 3369 317 3436 περὶ
338 3368 433 3437 τὴν
463 3366 642 3438 ἀρχὴν
697 3368 796 3430 τὰς
828 3365 1200 3438 βλασφημίας,
1258 3365 1457 3434 λέγων,
1494 3364 1777 3435 βασιλικὸν

209 3454 328 3512 εἶναι
356 3461 414 3512 τὸ
444 3459 630 3522 κακῶς
665 3459 886 3512 ἀκούειν
925 3457 1621 3529 εὐεργετοῦντα.¹’Υστερον
1647 3456 1780 3527 μέν·

211 3569 280 3604 τοι
303 3553 460 3605 αὑτὸν
485 3555 544 3606 ai
567 3552 775 3619 atellani
817 3551 1068 3606 διαϐολαὶ
1096 3553 1488 3620 ἐξετράχυναν,
1518 3551 1615 3602 καὶ
1646 3549 1782 3618 πρὸς

212 3645 317 3706 τοὺς
351 3643 811 3714 βλασφημοῦντας
869 3644 1038 3698 αὑτὸν
1095 3647 1338 3714 χαλεπὸν
1369 3641 1631 3711 γενέσθαι
1687 3643 1784 3694 καὶ

214 3737 568 3810 ἀπαραίτητον
600 3738 1053 3810 παρεσκεύασαν.
1090 3740 1202 3794 Καί
1230 3757 1311 3792 τοι
1338 3737 1533 3808 πρώην
1569 3738 1664 3790 καὶ
1698 3735 1785 3790 θαι

214 3830 428 3885 νατικῶν
472 3832 718 3905 ἠκροᾶτο
765 3831 956 3896 δικῶν,
1011 3831 1195 3885 εἰώθει
1239 3831 1318 3904 τῷ
1349 3832 1430 3884 ἑνὶ
1488 3830 1599 3883 τῶν
1630 3829 1786 3882 ὢτων

213 3921 298 3990 τὴν
325 3924 483 3992 χεῖρα
518 3923 845 3988 ἐπιτιθέναι,
875 3923 952 3985 ὡς
996 3923 1276 3994 ἄψαυστον
1327 3923 1459 3976 αὐτὸ
1495 3922 1574 3993 τῷ
1610 3941 1787 3990 κατη-

215 4017 514 4088 γορουμένῳ
541 4019 752 4088 τηρῶν,
794 4017 891 4071 καὶ
929 4017 1030 4084 τῆς
1063 4017 1399 4088 κατηγορίας
1455 4017 1786 4086 ἀμέθεκτον.

226 4108 542 4174 Ἐξεὶαύνων
595 4111 640 4165 δ’
684 4111 777 4165 ἐπὶ
824 4113 1072 4183 Δαρεῖον,
1117 4110 1255 4182 μετὰ
1310 4109 1646 4183 τρισχιλίων,
1702 4109 1788 4176 ἐφ’

218 4205 412 4276 ἡμέρας
443 4206 667 4269 πλείους
691 4203 936 4271 ἐδίωκεν,
961 4205 1037 4268 ὡς
1053 4205 1433 4276 ἀπαγορεῦσαι
1461 4203 1588 4267 τοὺς
1615 4202 1789 4255 πλείο-

220 4316 324 4363 νας,
356 4300 444 4353 διά
484 4317 545 4353 τε
573 4301 674 4370 τὴν
719 4297 1070 4369 χαλεπότητα
1108 4301 1210 4369 τῆς
1242 4297 1360 4350 ὁδοῦ
1410 4299 1504 4350 καὶ
1531 4298 1631 4368 τὴν
1656 4297 1788 4350 ἀνυ-

221 4388 380 4458 δρίαν.
410 4392 535 4444 Ὀτε
573 4391 883 4455 Μακεδόνες
911 4391 1055 4452 τινὲς
1100 4391 1162 4442 ὲν
1209 4391 1399 4452 ἀσκοῖς
1426 4388 1571 4460 ὕδωρ
1627 4387 1790 4458 κομίο

223 4479 390 4545 ζοντες
427 4481 574 4550 αὐτῷ
632 4480 994 4551 συνήντησαν,
1058 4481 1153 4533 καί
1201 4480 1513 4550 πλήσαντες
1566 4479 1791 4549 κράνος,

224 4576 587 4646 προσήνεγκαν
615 4571 766 4643 αὐτῷ
795 4573 982 4636 κακῶς
1011 4573 1116 4625 ὑπὸ
1151 4570 1315 4642 δίψης
1345 4569 1684 4640 διακειμένῳ
1713 4585 1726 4598 ·
1765 4572 1792 4623 ὁ

1867 2065 2078 2120 ralitas.
2125 2063 2267 2118 Suos
2315 2063 2548 2120 delicate
2594 2063 2782 2118 vivere
2820 2059 3051 2126 videns,
3109 2057 3310 2113 leniter
3361 2071 3460 2112 ca-

1867 2157 2094 2228 stigavit
2126 2173 2138 2210 :
2180 2172 2354 2226 seque
2388 2156 2580 2210 mirari
2613 2155 2776 2219 dixit,
2813 2169 2912 2210 eos
2942 2169 3010 2209 ex
3045 2151 3460 2222 comparatione

1869 2266 1986 2305 sua:
2016 2259 2072 2304 ct
2107 2250 2342 2304 Persica:
2389 2249 2515 2304 vitae
2563 2263 2674 2304 non
2721 2246 2996 2302 dedicisse
3023 2286 3039 2310 ,
3075 2243 3292 2300 deliciis
3319 2240 3460 2298 nihil

1867 2359 1989 2398 esse
2021 2343 2300 2407 servilius,
2347 2343 2536 2398 labore
2582 2341 2721 2397 nihil
2759 2341 3020 2412 regalius.
3064 2339 3187 2409 Ipse
3236 2336 3462 2408 quidem

1872 2437 1940 2489 de
1970 2437 2390 2508 expeditionum
2419 2445 2476 2491 et
2500 2435 2860 2491 venationum
2890 2432 3182 2489 laboribus
3208 2430 3346 2486 nihil
3372 2443 3463 2484 re-

1873 2529 2054 2582 misit:
2093 2529 2259 2584 amici
2308 2545 2474 2590 vero,
2505 2528 2598 2599 qui
2653 2537 2879 2597 propter
2918 2525 3140 2580 divitias
3171 2522 3333 2593 genio
3373 2520 3462 2574 in-

1873 2621 2104 2693 dulgcre
2145 2620 2448 2690 cupiebant
2475 2659 2490 2678 .
2522 2635 2650 2674 eum
2686 2619 2844 2686 sequi
2882 2616 3058 2672 coacti
3081 2655 3095 2678 ,
3155 2611 3466 2668 maledictis

1874 2732 1983 2769 non
2013 2715 2384 2770 abstinebant.
2422 2713 2554 2780 Quae
2586 2713 2676 2768 ille
2717 2712 2995 2784 principio
3041 2722 3201 2778 mque
3252 2704 3466 2760 ferebat

1875 2809 2100 2873 animo,
2130 2807 2345 2878 regium
2381 2821 2504 2862 esse
2541 2805 2758 2869 dicens,
2787 2804 2930 2858 male
2971 2801 3168 2856 audire
3202 2813 3330 2854 cum
3365 2797 3463 2850 beo

1877 2901 2200 2955 nefaceret:
2256 2901 2356 2956 scd
2416 2901 2640 2955 tandem
2723 2896 3118 2967 frequentibus
3173 2890 3468 2947 calumniis

1877 3003 2243 3064 exasperatus
2269 3036 2283 3057 ,
2340 3009 2520 3050 saevus
2563 3001 2621 3048 et
2675 2988 3037 3047 inexorabilis
3079 2985 3294 3046 exstitit
3336 2998 3468 3053 erga

1881 3089 2206 3145 maledicos.
2238 3087 2403 3144 Prius
2427 3096 2611 3143 autem
2637 3101 2762 3141 cum
2790 3098 2888 3155 pro
2920 3079 3183 3136 tribunali
3207 3074 3472 3146 capitales

1879 3198 2074 3239 causas
2107 3187 2470 3255 cognosceret
2495 3219 2508 3241 .
2541 3179 2702 3234 alteri
2748 3176 3127 3232 auri'manum
3176 3169 3473 3225 admovere

1886 3279 2122 3342 solebat,
2153 3285 2218 3331 ut
2245 3290 2368 3330 eam
2404 3289 2499 3328 reo
2535 3273 2796 3326 intactam
2839 3272 3202 3323 conservaret
3225 3302 3240 3325 ,
3279 3270 3337 3315 et
3378 3273 3474 3314 ac.

1888 3369 2198 3428 cusationis
2237 3375 2550 3437 expertem.
2592 3363 2731 3419 Cum
2767 3360 2992 3416 Darium
3028 3373 3126 3428 per
3159 3355 3282 3410 dies
3316 3368 3472 3408 com-

1885 3465 2071 3537 plures
2122 3463 2298 3516 tribus
2339 3459 2585 3514 millibus
2639 3451 2944 3523 assumptis
2991 3454 3472 3520 persequeretur,

1890 3535 2138 3627 plerique
2164 3562 2221 3608 et
2258 3553 2520 3608 itinerum
2553 3544 2974 3603 difﬁcultatibus
3010 3552 3068 3599 et
3101 3554 3258 3609 aqua:
3288 3535 3476 3606 inopia

1886 3645 2170 3718 defatigati
2199 3654 2347 3700 sunt.
2373 3641 2513 3696 Tum
2539 3641 2589 3696 ei
2621 3635 2948 3693 Macedones
2972 3630 3195 3704 quidam
3215 3641 3479 3684 occurre-

1889 3747 2054 3806 runt,
2113 3750 2311 3809 aquam
2368 3735 2425 3789 in
2472 3733 2692 3789 utribus
2735 3730 3025 3786 ferentes:
3078 3724 3479 3795 impletamquo

1888 3837 2102 3910 galeam
2128 3833 2457 3890 obtulerunt
2481 3846 2550 3886 ex
2582 3827 2675 3884 siti
2707 3826 2850 3881 male
2880 3823 3108 3880 allecto.
3180 3819 3307 3910 Qua
3326 3832 3481 3910 aetee‘i

1894 3906 2013 4000 pta,
2047 3942 2175 3982 cum
2204 3940 2264 3981 se
2293 3940 2323 3978 a
2351 3919 2654 3978 comitibus
2675 3915 2847 3988 aSpici
2884 3913 3122 3977 videret,
3150 3925 3261 3965 non
3296 3906 3440 4000 bibit
3461 3944 3477 3969 ,

1891 3997 1988 4077 sed
2019 4019 2087 4076 iis
2114 4017 2210 4089 qui
2242 4015 2515 4088 dederant
2540 4011 2632 4066 illa
2658 4009 2901 4072 reddita,
2928 4004 3111 4061 dixit:
3140 4000 3200 4057 Si
3215 4015 3310 4071 ego
3331 3997 3481 4057 solus

1892 4114 2064 4168 bibero
2087 4152 2102 4177 ,
2141 4111 2194 4164 Iu’
2242 4107 2485 4177 deﬁcient
2513 4104 2731 4159 animis.
2767 4098 2968 4156 Hostes
2990 4097 3104 4169 jam
3135 4103 3430 4151 assecutus
3462 4131 3482 4164 ,

1895 4205 2095 4261 castris
2125 4200 2420 4274 praeteritis
2442 4240 2458 4264 ,
2487 4197 2556 4254 ad
2589 4195 2816 4254 Darium
2844 4188 3178 4263 capiendum
3215 4199 3484 4256 propera-.-

1895 4299 1997 4352 vit.
2034 4297 2084 4353 ls
2124 4309 2258 4350 vero
2289 4294 2344 4348 in
2368 4307 2537 4349 curru
2575 4289 2795 4362 iacebat
2833 4280 3226 4346 moribundus,
3264 4287 3322 4333 et
3347 4291 3488 4333 cons

1896 4391 2075 4446 fectus
2108 4386 2438 4444 vulneribus
2464 4426 2479 4449 ,
2531 4396 2775 4452 eumque
2810 4377 2985 4450 petita
3010 4389 3153 4444 aqua
3205 4371 3481 4433 bibisset,

1896 4484 1965 4540 ad
1998 4483 2370 4554 Polystratum
2417 4478 2600 4541 dixit,
2641 4473 2736 4541 qui
2776 4487 2899 4528 eam
2935 4467 3211 4524 dederat:
3244 4463 3356 4520 Hoc
3389 4477 3487 4517 €31

1901 4586 2127 4629 tremum
2145 4583 2221 4628 est
2234 4571 2604 4627 calamitatum
2626 4582 2866 4622 mearum
2879 4561 3138 4620 omnium.
3156 4558 3294 4631 quod
3309 4557 3404 4612 tibi
3423 4555 3490 4609 de

226 4666 275 4719 δὲ
304 4668 361 4721 τὸ
386 4669 583 4739 κράνος
612 4667 818 4728 λαϐὼν,
845 4666 940 4719 καὶ
965 4668 1089 4729 τοὺς
1122 4664 1253 4733 περῖ¹
1282 4654 1444 4717 αὑτὸν
1465 4663 1601 4734 πρὸς
1626 4663 1779 4717 αύτδι

1902 4685 1983 4722 me
2027 4668 2155 4721 bene
2191 4665 2377 4720 merito
2406 4663 2643 4733 gratiam
2675 4659 2875 4728 referre
2900 4671 3007 4711 non
3033 4669 3264 4722 passum.
3303 4649 3408 4706 Sed
3439 4659 3490 4705 et

231 4758 342 4812 ἰδὼν
372 4760 797 4823 ἀποὸλέποντας,
852 4758 954 4811 οὐκ
1005 4758 1180 4820 ἔπιεν,
1234 4754 1352 4809 ἀλλ’
1391 4753 1634 4807 ἐπέδωκε
1684 4755 1796 4816 τοίς

228 4849 395 4904 δοῦσιν
426 4852 579 4915 αὐτὸ,
620 4850 812 4915 εἰπὼν,
844 4849 919 4911 ὡς
944 4850 1013 4903 Ei
1041 4847 1154 4916 ἐγὼ
1175 4847 1384 4916 πίομαι
1417 4847 1626 4915 μόνος,
1656 4844 1801 4898 ἀθυ-

229 4943 522 5010 μήσουσιν
544 4939 730 5000 οὗτοι.
778 4941 1061 5012 Ἐμσαλὼν
1110 4941 1166 4993 δὲ
1200 4937 1301 5012 ἤδη
1342 4939 1456 5001 τοῖς
1489 4936 1798 5006 πολεμίοις,

233 5039 284 5089 τὸ
319 5039 413 5106 μὲν
443 5035 812 5109 στρατόπεδον
846 5033 1027 5086 αὐτῶν
1059 5030 1329 5101 παρῆλθε,
1365 5029 1458 5083 τὸν
1492 5027 1550 5080 δὲ
1579 5029 1801 5099 Δαρεῖον

234 5132 476 5199 ἠπείγετο
509 5127 946 5199 καταλήψεσθαι.
1003 5126 1065 5178 '0
1102 5125 1148 5178 δ’
1179 5123 1362 5178 ἔκειτο
1401 5124 1460 5176 ὲν
1494 5119 1806 5194 ἁρμαμάξῃ

234 5228 548 5296 τραυμάτων
575 5222 922 5284 κατάπλεως,
953 5221 1046 5272 καὶ
1097 5217 1196 5290 ήδη
1230 5215 1522 5271 ἐκλείπων.
1557 5214 1804 5285 Δίτήσας

237 5320 287 5372 δὲ
313 5319 470 5392 ὕδωρ,
501 5321 601 5374 καὶ
631 5317 794 5383 πιὼν,
828 5313 948 5369 εἷπε
1005 5310 1144 5383 πρὸς
1172 5312 1264 5365 τὸν
1291 5311 1454 5365 δόντα
1483 5308 1808 5378 Πολύστρα-

237 5431 338 5465 τον⁸
373 5417 546 5470 Τοῦτό
562 5434 664 5486 μοι
697 5412 884 5482 πέρας
929 5411 1265 5478 δυστυχίας
1303 5407 1570 5475 ἀπάσης,
1613 5407 1703 5459 ὅτι
1730 5399 1805 5459 εὖ

241 5511 448 5576 παθὼν,
479 5509 854 5581 ἀμείψασθαὶ
887 5521 965 5560 σε
993 5508 1064 5560 οὺ
1097 5505 1377 5574 δύναμαι.
1411 5501 1808 5568 Ἀλέξανδρος

241 5601 302 5656 δέ
326 5620 414 5657 σοι
452 5608 564 5673 τὴν
621 5602 798 5674 χάριν
847 5598 1204 5666 ἀναποδοίη,
1249 5595 1626 5664 Ἀλεξάνδρῳ
1660 5594 1710 5648 δ’
1753 5598 1808 5649 οἱ

244 5697 354 5748 θεοὶ
384 5697 484 5768 τῆς
505 5701 592 5765 εις
611 5696 842 5767 μητέρα
880 5693 979 5748 καὶ
1008 5690 1261 5764 γυναῖκα
1292 5689 1391 5743 καὶ
1419 5688 1639 5754 παῖδας
1665 5687 1806 5756 τοὺς

244 5788 415 5856 ἐμοὺς
439 5791 781 5855 ἐπιεικείας.
816 5787 928 5843 Καὶ
957 5787 1048 5840 ἐπὶ
1078 5785 1290 5846 τούτοις
1347 5782 1618 5847 ἐξέλιπεν.
1657 5783 1811 5835 Ἐπι-

249 5880 374 5943 uti;
407 5882 455 5935 δὲ
497 5883 645 5953 αὐτῷ
693 5879 910 5934 θανόντι
945 5876 1320 5947 Ἀλέξανδρος,
1354 5877 1420 5944 τῇ
1451 5871 1647 5928 ἑαυτοῦ
1682 5872 1811 5941 κλα-

255 5973 374 6039 μύδι
401 5974 484 6028 τὸν
512 5977 723 6030 ἐκείνου
779 5973 972 6045 νεκρὸν
1008 5969 1374 6041 περιέστειλε,
1413 5970 1505 6022 καὶ
1542 5967 1675 6038 πρὸς
1712 5967 1807 6037 τὴν

1905 4759 2208 4814 Alexander
2246 4759 2340 4813 tibi
2363 4757 2593 4827 gratiam
2625 4752 2844 4822 referet,
2878 4759 2929 4803 et
2955 4745 3261 4804 Alexandro
3280 4744 3492 4798 diiim-
3539 4795 3544 4799 .

1906 4851 2157 4907 mortales
2178 4891 2194 4914 ,
2221 4865 2316 4920 pro
2355 4847 2638 4902 clementia
2661 4883 2676 4906 ,
2708 4860 2814 4908 qua
2842 4857 2972 4910 erga
2997 4848 3224 4896 matrem
3247 4851 3494 4894 ποταπὴ

1905 4960 2005 5015 que
2034 4952 2082 4998 et
2114 4941 2305 4996 liberos
2339 4954 2480 4994 meo:
2513 4953 2639 4992 usus
2673 4943 2773 4990 est.
2798 4931 2896 4988 His
2933 4931 3120 4996 dictis,
3145 4926 3451 5001 exspiravit
3477 4942 3495 4987 ι

1905 5037 1992 5092 cui
2032 5033 2341 5092 Alexander
2378 5028 2634 5085 morienti
2664 5036 2855 5084 astans
2876 5066 2894 5092 ,
2927 5039 3027 5081 sua
3058 5021 3352 5094 chlamyde
3398 5035 3498 5075 ca~

1907 5131 2077 5185 (laver
2125 5133 2364 5186 tectum,
2409 5131 2465 5178 et
2501 5120 2758 5192 regaliter
2808 5126 3068 5173 ornatum
3096 5156 3114 5182 ,
3157 5116 3227 5170 ad
3262 5125 3496 5169 matrem

1907 5224 2028 5294 ejus
2058 5219 2233 5276 misit.
2269 5218 2498 5291 Bessum
2533 5228 2667 5270 vero
2695 5229 2723 5266 a
2747 5226 2858 5283 quo
2880 5211 3102 5267 occisus
3124 5207 3328 5270 fuerat,
3357 5207 3500 5258 dua-

1910 5316 2014 5370 bus
2029 5311 2326 5382 arboribus
2341 5310 2390 5364 vi
2405 5306 2843 5374 inilexisalligari
2857 5302 3262 5375 jussit,quibus
3280 5297 3497 5360 laxatis,

1911 5423 2034 5464 eum
2049 5419 2282 5477 utraque
2301 5401 2613 5460 vehementi
2643 5401 2854 5469 impetu
2873 5397 2940 5452 ad
2956 5409 3111 5454 suam
3135 5401 3387 5449 naturam
3407 5404 3501 5445 rea

1911 5503 2076 5566 diret,
2105 5501 2272 5554 homo
2291 5496 2608 5565 discerptus
2627 5502 2736 5553 est.
2756 5490 2911 5560 191
2929 5488 3070 5545 Cum
3092 5487 3148 5543 in
3171 5481 3502 5555 Hyrcaniam

1913 5596 2109 5660 abit-et,
2133 5603 2191 5649 et
2211 5591 2436 5650 barbari
2479 5589 2704 5661 quidam
2738 5588 2888 5642 circa
2927 5583 3152 5654 pelagus
3179 5577 3502 5643 Hircanum,

1913 5686 2064 5757 quod
2080 5694 2136 5740 et
2150 5684 2410 5756 Caspium
2429 5681 2878 5748 dicitur,equum
2891 5674 3013 5745 ejus
3027 5669 3398 5740 Bucephalam
3418 5683 3506 5723 ra-

1916 5781 2186 5850 puissent,
2206 5793 2350 5849 πετο
2367 5775 2514 5837 tulit.
2551 5773 2746 5843 eisque
2764 5784 2861 5839 per
2886 5765 3111 5820 nuntios
3131 5763 3506 5819 comminatus

1916 5882 2021 5936 est,
2042 5875 2313 5941 niequum
2335 5868 2653 5932 redderent,
2671 5875 2938 5920 seomnes
2960 5858 3298 5915 occisurum.
3334 5857 3403 5912 At
3421 5856 3500 5912 illi

1917 5975 2190 6035 ctequum
2224 5960 2622 6023 reddiderunt,
2658 5951 3126 6022 ctscmctipsosei
3151 5949 3501 6012 dediderunt.
