3876 6592
447 426 563 491 .351

1737 429 2058 490 JOANNIS
2100 419 2422 484 zoxma
3640 417 3730 484 35.2

461 553 514 596 et
553 539 1068 610 prmternavipamlo
1109 541 1273 594 nrbes
1311 539 1545 609 subegit.
1575 540 1710 595 Cum
1759 551 1943 597 autem
1979 543 2043 597 ad

2164 536 2428 606 πορθμεῖα
2456 533 2550 586 καὶ
2577 531 2792 605 σχεδίας
2827 531 3161 600 πηξάμενος,
3198 531 3499 602 ἐκομίζετο
3532 534 3614 588 διὰ
3641 539 3732 590 τῶν

466 636 658 690 Mallos
686 635 1058 705 pervenisset.
1084 635 1344 688 Indorum
1373 633 1828 702 pugnacissimos,
1853 652 2046 706 parum

466 729 536 783 ab
565 727 794 783 interitu
828 726 1026 782 abfuit.
1060 726 1193 780 Nam
1222 741 1346 779 cum
1379 725 1589 794 primus
1614 741 1711 796 per
1731 728 1906 782 scalas
1931 745 2050 781 tnu-

468 837 592 876 rum
619 820 1066 879 conscendisset,
1105 819 1279 888 iisque
1309 817 1668 872 comminutis
1690 817 1760 873 ab
1795 819 2050 876 hostibus

466 921 782 983 peteretur,
809 911 1016 980 impetu
1052 911 1105 963 in
1132 908 1343 963 medios
1370 909 1558 964 hostes
1581 910 1813 976 desiliit,
1837 920 1890 964 et
1919 925 2048 966 casn

466 1015 656 1060 rectus
676 1004 849 1068 stetit,
881 1019 946 1057 ac
983 1002 1201 1057 barbari
1236 999 1474 1070 primum
1499 1001 1734 1073 dispersi
1766 1015 1926 1057 sunt:
1954 1004 2048 1059 sed

472 1112 601 1151 eum
648 1099 826 1150 solum
873 1110 994 1150 esse
1024 1112 1147 1150 cum
1195 1094 1414 1150 duobus
1466 1095 1733 1152 duntaxat
1762 1098 2052 1168 armigeris

467 1185 800 1256 conspicati,
850 1188 920 1242 ad
966 1187 1343 1244 defensionem
1421 1191 1710 1253 conversi,
1795 1190 2052 1246 cominus

466 1293 594 1332 eum
623 1278 915 1334 feriebant.
950 1279 1183 1346 Quidam
1218 1297 1352 1336 vero
1376 1280 1593 1350 longius
1624 1281 1922 1341 absistens,
1961 1296 2055 1334 sa-

467 1367 657 1437 gittam
689 1383 756 1423 ex
785 1384 919 1424 arcu
951 1370 1210 1425 emisSam
1243 1371 1298 1426 in
1323 1371 1543 1426 ossibus
1567 1371 1714 1426 circa
1760 1386 2050 1425 mammam

467 1458 698 1514 deﬁxit:
731 1477 855 1532 quae
911 1463 1065 1532 plaga
1115 1464 1198 1518 sic
1245 1479 1384 1519 eum.
1421 1463 1691 1533 perculit,
1744 1471 1803 1516 ut
1830 1463 2055 1518 cederet

468 1562 636 1625 atque
672 1554 1038 1610 inclinaretur
1059 1597 1073 1615 ,
1105 1557 1150 1610 is
1180 1573 1312 1611 vero
1340 1559 1434 1626 qui
1469 1572 1596 1611 enm
1632 1557 1826 1620 icerat,
1860 1557 2055 1610 stricto

467 1643 650 1712 gladio
679 1655 1015 1700 accurrerct.
1057 1645 1162 1701 Sed
1203 1647 1498 1702 Peucestas
1527 1655 1582 1701 et
1631 1646 1918 1702 Lemnzeus
1967 1662 2056 1700 re-

468 1752 590 1808 gem
618 1737 1001 1800 defendentes,
1034 1739 1197 1794 ambo
1227 1740 1686 1804 suntvulnerati,
1717 1741 2053 1816 alteretiam

2155 629 2440 699 ποταμῶν,
2467 625 2640 680 θέλων
2689 625 2789 695 τὴν
2816 624 2922 691 ἔξω
2955 624 3228 678 θάλασσαν
3252 624 3476 679 ἐπιδεῖν
3493 643 3505 654 ’
3536 629 3626 680 καὶ
3647 648 3733 682 πα-

2155 721 2408 792 ραπλέων
2465 717 2753 778 ἀπέϐαινε,
2812 716 2907 768 καὶ
2968 715 3156 779 πόλεις
3211 716 3532 787 ἐχειροῦτο.
3581 719 3662 772 Ἐν
3688 721 3734 775 δὲ

2155 814 2393 878 Μαλλοῖς
2443 809 2706 881 γεγονὼς,
2753 809 3166 880 μαχιμωτάτοις
3215 810 3378 862 οὖσιν
3423 810 3623 872 Ἰνδῶν,
3660 833 3734 882 μι.

2152 905 2290 977 κροῦ
2332 903 2694 959 ἐκινδύνευσε.
2735 903 2960 972 Πρῶτος
2995 901 3105 972 γὰρ
3136 901 3224 955 διὰ
3256 902 3542 971 κλίμακος
3571 903 3656 958 ἐπὶ
3685 907 3734 960 τὸ

2152 1003 2333 1070 τεῖχος
2353 997 2580 1062 ἀναϐὰς,
2613 999 2715 1065 τῆς
2745 997 3013 1065 κλίμακος
3046 996 3465 1066 συντριϐείσης,
3521 999 3613 1050 καὶ
3639 1000 3731 1050 τῶν

2154 1090 2437 1159 πολεμίων
2481 1085 2885 1156 ἐπιτιθεμένων
2923 1084 3020 1138 καὶ
3068 1083 3390 1155 βαλλόντων
3439 1087 3621 1150 αὐτὴν,
3657 1106 3735 1142 συ-

2157 1181 2397 1253 στρέψας
2427 1177 2621 1233 έαυτδν
2652 1180 2732 1241 εἰς
2759 1177 2966 1247 μέσους
2995 1176 3204 1230 ἄνωθεν
3228 1176 3423 1246 ἀφῆκε
3453 1181 3577 1244 τοὺς
3605 1183 3732 1234 ἐναν-

2154 1275 2299 1338 τίους
2320 1287 2333 1300 ·
2366 1275 2463 1326 καὶ
2491 1271 2633 1326 κατὰ
2665 1271 2835 1340 τύχην
2863 1269 3023 1340 ὀρθὸς
3048 1269 3205 1341 ἔστη,
3231 1270 3337 1323 καὶ
3365 1270 3431 1324 τὺ
3464 1272 3565 1341 μὲν
3597 1275 3732 1346 πρῶ-

2160 1385 2252 1420 τον
2278 1369 2326 1420 οἱ
2357 1365 2625 1437 βάρϐαροι
2657 1364 3090 1432 ἐσκεδάσθησαν.
3121 1365 3354 1428 Ἰδόντες
3387 1365 3446 1419 δὲ
3471 1366 3628 1420 αύτδν
3654 1371 3732 1422 καὶ

2155 1460 2266 1515 δύω
2299 1460 2493 1529 μόνους
2521 1456 2890 1520 ὑπασπιστὰς,
2915 1457 3734 1530 ὲπαναστραιρέντεςήμύνοντο,

2157 1555 2251 1608 καὶ
2278 1553 2616 1624 ἀγχεμάχοις
2641 1549 2829 1613 ὅπλοις
2881 1551 3238 1621 ἐτίτρωσκον.
3277 1545 3380 1614 Εἷς
3429 1553 3477 1605 δ’
3515 1555 3732 1616 ἀποστὰς

2161 1647 2303 1716 βέλει
2338 1648 2402 1699 έκ
2435 1645 2592 1708 τόξου
2644 1643 2822 1713 βαλὼν
2849 1643 3012 1696 αὑτὸν
3040 1687 3054 1708 ,
3087 1647 3198 1707 τοῖς
3243 1645 3383 1714 περὶ
3440 1645 3533 1699 τὶν
3583 1648 3731 1714 μαζὸν

2157 1741 2365 1803 ὀστέοις
2386 1739 2448 1792 τὸ
2480 1738 2634 1809 βέλος
2665 1737 2936 1805 ὲνέπειρε,
2960 1739 3054 1792 καὶ
3079 1739 3255 1800 οὕτως
3293 1738 3465 1793 αὐτοῦ
3501 1740 3730 1794 καθίκετο

469 1835 746 1882 mortuus.
808 1829 1119 1884 Alexander
1163 1841 1348 1885 autem
1375 1873 1389 1896 ,
1444 1841 1824 1902 propugnante
1870 1832 2056 1886 adhuc

2164 1833 2196 1900 η
2224 1830 2429 1902 πληγὴ,
2453 1829 2530 1894 ὡς
2553 1827 2796 1882 ἐνδοῦναί
2829 1844 2889 1880 τε
2920 1829 3011 1882 καὶ
3039 1828 3372 1898 καμφθῆναι
3399 1845 3412 1861 ·
3447 1830 3568 1882 ὅθεν
3603 1831 3628 1881 ό
3654 1830 3730 1900 βι-

470 1918 737 1974 Peucesta
765 1961 779 1986 ,
819 1920 1116 1976 barbarum
1157 1938 1185 1976 a
1218 1939 1330 1992 quo
1370 1924 1692 1979 vulneratus
1729 1934 1869 1984 erat.
1907 1925 2050 1979 occi-

2164 1894 2274 1977 λὼν
2318 1894 2502 1987 αὐτὸν,
2551 1922 2692 1992 μετὰ
2731 1921 2918 1990 ξίφους
2969 1894 3270 1992 ἐπέδραμε.
3331 1894 3727 1986 Πευκέστιςτδὲ

470 2011 594 2066 dit:
625 2013 1276 2084 multisquevulueribus
1318 2016 1598 2086 acceptis.
1641 2016 1801 2088 195.
1833 2033 1958 2070 cum
1999 2017 2053 2071 in

2164 2018 2259 2070 καὶ
2290 2016 2570 2084 Λημναίος
2603 2013 3069 2084 ύπεραπὶσαντες,
3132 2013 3229 2067 καὶ
3285 2014 3466 2084 ἄμφω
3515 2015 3730 2086 ἐτρώθη-

471 2104 614 2158 collo
633 2105 799 2160 etiam
827 2107 1034 2178 tragula
1052 2107 1192 2162 ictus
1209 2118 1374 2170 esset.
1395 2109 1464 2164 ad
1485 2125 1704 2164 murum
1725 2111 2018 2165 inclinatus
2038 2154 2053 2177 ,

470 2194 740 2252 barbaros
758 2197 1025 2254 intuetur.
1047 2201 1270 2256 Interim
1300 2217 1330 2255 a
1350 2201 1738 2257 Macedonibus
1757 2203 2056 2273 congloba-

469 2289 542 2342 tis
578 2298 789 2360 raptus,
816 2307 1093 2362 sensuque
1123 2293 1424 2349 destitutus
1454 2294 2065 2362 exportatur.Cumau-

468 2383 578 2432 tem
602 2378 750 2435 acies
773 2380 982 2452 sagittae
1011 2383 1120 2437 ossi
1147 2383 1462 2449 inhaereret,
1491 2385 1544 2438 in
1569 2385 1915 2440 extrahendo
1953 2387 2061 2441 telo

467 2471 760 2526 acerrimis
783 2471 1077 2528 doloribus
1101 2475 1336 2529 affectus
1362 2517 1377 2539 ,
1412 2476 1466 2529 in
1497 2476 1666 2529 animi
1699 2476 1942 2546 deliquia
1973 2475 2058 2529 in-

468 2558 630 2625 cidit,
659 2570 717 2616 ut
744 2561 812 2618 de
842 2564 952 2617 vita
978 2566 1100 2636 ejus
1124 2575 1309 2621 actum
1338 2577 1652 2636 putaretur.
1683 2567 1888 2622 Tamen
1913 2568 2058 2638 peri-

469 2652 598 2706 cqu
629 2653 858 2715 evitato.
890 2669 1014 2711 cum
1042 2657 1292 2728 longiore
1326 2668 1574 2729 tempore
1601 2669 1914 2723 curaretur,
1944 2659 2056 2714 Ma-

469 2745 784 2804 cedonibus
812 2749 934 2821 ejus
963 2750 1189 2806 videndi
1222 2751 1505 2808 desiderio
1538 2754 2010 2808 tumultuantibus
2037 2793 2053 2819 ,

472 2833 530 2888 in
563 2839 806 2894 medium
843 2841 1134 2912 processit.

2168 2126 2289 2171 σαν,
2322 2110 2418 2163 καὶ
2449 2111 2478 2162 δ
2525 2108 2625 2179 μὲν
2650 2107 2880 2178 τέθνηκε
2907 2124 2922 2138 ο
2951 2106 3271 2166 Πευκέστας
3301 2107 3362 2161 δὲ
3388 2109 3471 2160 ἐτι
3494 2108 3722 2177 ὴμύνετο,

2165 2203 2257 2256 τὸν
2287 2202 2342 2255 δὲ
2369 2199 2659 2272 τρώσαντα
2690 2199 2852 2254 αὑτὸν
2893 2199 3177 2270 βάρϐαρον
3229 2201 3450 2252 ἀνεῖλεν
3507 2200 3725 2264 Ἀλέξανο

2163 2295 2306 2363 δρος.
2342 2292 2620 2364 Πολλαχοῦ
2658 2292 2713 2345 δὲ
2751 2291 3007 2362 τρωθεὶς,
3057 2287 3176 2344 εἶτα
3208 2292 3309 2344 καὶ
3359 2293 3501 2345 κατὰ
3545 2292 3629 2344 τοῦ
3655 2296 3725 2344 τέ-

2159 2403 2340 2448 νοντος
2373 2383 2562 2454 ὑπέρῳ
2585 2381 2825 2454 βληθεὶς,
2853 2383 2932 2452 τῷ
2970 2382 3138 2451 τείχει
3171 2383 3585 2455 προσερεισθεὶς
3612 2383 3725 2452 πρὸς

2159 2479 2288 2541 τοὺς
2327 2476 2640 2549 βαρϐάρους
2684 2475 3024 2530 ἀπέϐλεπεν.
3071 2477 3162 2530 Ἑν
3192 2477 3444 2546 τοσούτῳ
3488 2477 3532 2529 δ’
3561 2476 3718 2544 ἁθροι-

2163 2572 2402 2625 σθέντων
2428 2569 2538 2626 τῶν
2564 2569 2916 2632 Μακεδόνων,
2946 2569 3256 2637 ἁρπασθεὶς
3287 2570 3375 2632 είς
3413 2570 3512 2639 τὴν
3548 2571 3723 2636 σκηνὴν

2160 2661 2510 2734 ἀναισθητῶν
2540 2661 2848 2733 ἐκομίζετο.
2892 2663 3006 2716 Ἑνὶ
3051 2663 3107 2716 δὲ
3133 2663 3248 2716 τῶν
3275 2663 3483 2716 ὀστέων
3504 2663 3595 2730 τῆς
3625 2663 3724 2715 ἀκί-

2161 2757 2249 2819 δος
2281 2756 2645 2826 ἐμπαγείσης,
2677 2753 2772 2807 τοῦ
2800 2753 2985 2807 οίστοῦ
3026 2754 3355 2825 ἑλκομένου,
3410 2754 3589 2808 ὀδύναι
3631 2755 3724 2824 δρι-

2167 2851 2315 2918 μεῖαι
2354 2850 2451 2901 καὶ
2483 2845 2835 2917 λειποθυμίαι
2863 2847 3126 2915 ἐγίνοντο,
3153 2847 3230 2911 ῶς
3267 2848 3367 2902 καὶ
3397 2848 3574 2902 θανεῖν
3601 2848 3718 2899 έκεῖ-

470 2944 566 2983 νον
611 2931 928 2997 ὲλπίζεσθαι
971 2935 1107 3006 (24).
1151 2937 1346 3006 Ὅμως
1401 2938 1586 3009 μέντοι
1642 2939 1732 2992 τὸν
1789 2939 2036 2993 κίνδυνον
2081 2941 2327 3014 διαδρὰς,
2387 2939 2484 2994 καὶ
2531 2940 2727 3012 χρόνον
2788 2940 2962 2993 πλείω
3017 2940 3497 3012 θεραπευόμενος,
3551 2941 3716 3003 είς.θὼ

472 3023 640 3094 ρυϐον
664 3026 790 3090 τοὺς
823 3029 1140 3096 Μακεδόνας
1174 3033 1418 3098 ἐνέϐαλε,
1461 3034 1763 3100 ποθεῦντας
1797 3038 1929 3090 ἰδεῖν
1955 3037 2139 3104 αὐτὸν,
2172 3041 2268 3094 καὶ
2300 3038 2629 3110 προσῆλθεν.

549 3118 688 3175 XIV.
733 3121 1067 3182 Confirmata
1114 3129 1430 3184 valetudine
1473 3130 1708 3187 ulterius
1757 3136 2057 3206 pergendo,

2237 3139 2335 3189 IA'.
2377 3134 2780 3206 ’Δναρῤωσθεὶς
2810 3135 2866 3189 δὲ
2902 3129 3063 3197 αὖθις
3103 3133 3534 3205 παρεκομίζετο.
3563 3128 3716 3201 χώραν

471 3215 676 3271 multas
714 3220 1026 3287 provincias
1047 3231 1103 3277 et
1135 3224 1303 3279 urbes
1334 3225 1573 3296 subegit.
1607 3226 1858 3298 Cumque
1878 3247 2049 3301 quos-

473 3307 603 3362 dam
627 3301 1124 3383 Gymnosophistas
1160 3317 1421 3387 cepisset,
1453 3319 1646 3389 eisque
1676 3322 1878 3378 multas
1921 3314 2094 3378 ditIi-V

474 3404 610 3459 ciles
639 3409 974 3476 quaestiones
989 3414 1391 3482 proposuisset,
1425 3418 1748 3472 muneribus
1775 3418 1940 3484 datis,
1960 3419 2064 3474 ho-

473 3496 654 3552 mines
679 3498 906 3556 dimisit.
941 3502 1158 3560 Taxiles
1191 3522 1343 3572 vero,
1380 3508 1473 3563 uni
1513 3510 1657 3565 inter
1702 3511 1827 3567 illos
1852 3513 2062 3569 celebri

474 3587 676 3644 Calano
723 3595 1022 3662 persuasit,
1081 3606 1141 3652 ut
1193 3600 1573 3656 Alexandrum
1623 3606 1972 3660 conveniret.
2013 3605 2064 3661 Is

475 3682 686 3736 corium
719 3685 936 3742 aridum
976 3689 1232 3760 proiecit,
1271 3693 1471 3763 eteius
1498 3706 1746 3750 extrema
1779 3713 1877 3766 per
1909 3699 2060 3753 vices

477 3774 713 3830 calcavit
749 3793 764 3831 :
800 3779 947 3847 quod
977 3781 1110 3836 dum
1135 3781 1315 3849 ﬁeret,
1349 3785 1470 3840 alia:
1499 3797 1686 3856 partes
1735 3790 2069 3846 attolleban-

479 3873 592 3922 tur.
626 3867 764 3924 Cum
801 3880 985 3927 autem
1020 3875 1262 3930 medium
1293 3877 1561 3936 calcasset
1595 3895 1659 3935 ac
1703 3885 2068 3952 compressis-

479 3967 588 4026 set,
625 3969 800 4016 totum
845 3964 1058 4020 corium
1091 3967 1343 4037 quietum
1388 3969 1589 4026 mansit
1642 3979 1701 4027 et
1757 3973 2062 4032 immoblle.

479 4049 600 4118 Quo
647 4056 899 4127 exemplo
950 4059 1210 4115 monebat
1250 4060 1629 4117 Alexandrum
1701 4081 1774 4121 ne
1802 4066 1858 4120 in
1901 4069 2060 4138 regni

477 4148 921 4206 extremitatibus
950 4165 1009 4204 se
1040 4151 1378 4216 contineret.
1406 4153 1504 4209 sed
1532 4154 1712 4210 media
1742 4167 2061 4227 occuparet,

481 4244 544 4290 ut
575 4246 632 4292 et
658 4238 1110 4308 circumjacentia
1152 4243 1274 4298 loca
1304 4244 1359 4298 in
1383 4243 1566 4300 oﬂicio
1622 4247 2063 4303 continerentur.

480 4327 703 4398 Septem
731 4332 1017 4387 mensibus
1062 4349 1164 4403 per
1195 4334 1421 4392 flumina
1465 4337 1522 4392 in
1569 4353 1722 4393 mare
1777 4339 2065 4405 devectus,

2165 3245 2224 3281 τε
2254 3228 2456 3299 πολλὴν
2487 3229 2584 3282 καὶ¹
2621 3227 2806 3290 πόλεις
2834 3225 3210 3298 χειρούμενος.
3243 3225 3373 3279 Τῶν
3398 3225 3455 3278 δὲ
3481 3239 3712 3292 γυμνοσο-

2164 3317 2374 3390 φιστῶν
2401 3335 2555 3383 τινας
2585 3317 2891 3382 συλλαϐὼν,
2928 3317 3022 3371 καὶ
3059 3315 3371 3388 ἐρωτήσεις
3405 3316 3583 3377 αὐτοῖς
3608 3313 3714 3367 ἁπό-

2167 3429 2297 3483 ρους
2327 3411 2687 3483 προθέμενος,
2728 3411 3066 3482 ἐδωρήσατο,
3123 3411 3218 3464 καὶ
3251 3411 3489 3481 ἀφῆκεν.
3525 3407 3646 3462 Ἕνα
3671 3406 3713 3458 δὲ

2164 3506 2274 3560 τῶν
2299 3507 2357 3559 ἐν
2383 3505 2508 3576 δόξῃ
2535 3504 2666 3576 παρ’
2691 3505 2875 3568 αὐτοῖς
2890 3506 3087 3567 όντων,
3107 3505 3366 3559 Κάλανον
3394 3501 3713 3573 κεκλημένον.

2167 3595 2388 3650 ἔπεισεν
2417 3597 2447 3650 ό
2467 3595 2705 3667 Ταξίλης
2738 3595 2878 3666 πρὸς
2921 3592 3279 3664 Ἀλέξανδρον
3313 3592 3617 3664 ἀφικέσθαι.
3637 3582 3717 3642 0'5-

2163 3707 2259 3754 τος
2276 3689 2482 3761 βύρσαν
2511 3689 2686 3760 ξηρὰν
2711 3688 2945 3743 ινὼπιον
2973 3687 3068 3742 τοῦ
3102 3687 3378 3758 βασιλέως
3405 3680 3713 3741 καταϐαλὼν.

2167 3782 2386 3853 περιῄει
2427 3782 2676 3850 ταᾶκρα
2703 3781 2911 3850 ταύτης
2941 3781 3132 3834 πατῶν
3167 3796 3183 3813 ο
3215 3782 3249 3850 ἡ
3277 3781 3332 3834 δὲ
3361 3781 3418 3833 ὲν
3447 3777 3591 3848 μέρει
3630 3774 3714 3826 τῶν

2167 3878 2354 3948 ἄκρων
2384 3874 2685 3945 πιεζομένη
2736 3877 2802 3945 τῇ
2841 3875 3216 3945 συμπατήσει,
3241 3876 3357 3938 τοῖς
3385 3872 3554 3930 ἄλλοις
3581 3867 3714 3939 ᾔρετο

2171 3971 2416 4042 μέρεσιν.
2449 3966 2578 4023 Είτα
2613 3967 2778 4038 μέσον
2803 3968 2977 4037 αὐτὴν
3010 3969 3362 4038 πατήσαντος
3409 3967 3498 4019 καὶ
3527 3960 3713 4028 συσχόν-

2165 4081 2279 4126 τος.
2312 4065 2345 4132 ὴ
2371 4063 2467 4132 ὅλη
2495 4061 2668 4132 βύρσα
2705 4059 2938 4130 ὴτρέμει
2967 4061 3062 4113 καὶ
3099 4061 3362 4127 ἀκίνητος
3390 4053 3480 4128 ἦν.
3507 4049 3711 4122 Παρῄνει

2167 4155 2222 4207 δὲ
2247 4155 2333 4207 διὰ
2375 4154 2469 4206 τοῦ
2521 4152 2946 4222 ὑποδείγματος,
2989 4152 3080 4206 τὶν
3122 4151 3477 4220 Ἀλέξανδρον
3512 4145 3577 4217 μὴ
3623 4143 3713 4201 τοῖς

2169 4249 2359 4316 ἄκροις
2392 4247 2491 4315 τῆς
2525 4249 2703 4319 ἀρχῆς
2737 4247 3159 4319 ἐμφιλοχωρεῖν.
3196 4247 3266 4299 τὰ
3316 4245 3452 4314 μέσα
3479 4242 3531 4294 δὲ
3580 4236 3709 4292 κατέ-

2169 4359 2304 4412 χειν,
2341 4341 2406 4394 ἵν’
2433 4341 2577 4394 οὕτω
2605 4343 2698 4395 καὶ
2724 4341 2790 4394 τὰ
2823 4339 2984 4411 πέριξ
3011 4341 3200 4410 ἡρέμα
3320 4334 3490 4390 Ἑπτᾶ
3521 4332 3572 4385 δὲ
3600 4325 3707 4398 μησῖ

481 4417 664 4474 fertur
711 4422 946 4478 navibus
991 4422 1270 4480 Oceanum
1333 4427 1636 4498 ingressus,
1681 4429 1917 4500 indeque
1975 4449 2061 4486 re-

2168 4431 2256 4485 διὰ
2283 4433 2393 4485 τῶν
2423 4433 2684 4503 ποταμῶν
2713 4434 2791 4497 είς
2811 4435 2911 4504 τὴν
2941 4432 3222 4488 θάλασσαν
3266 4429 3549 4500 ὑπαχθεὶς,
3582 4424 3708 4481 λέγε-

481 4526 706 4574 versus,
734 4515 970 4571 navibus
996 4515 1249 4574 dextram
1281 4515 1482 4575 Indicae
1514 4521 1760 4592 regionis
1784 4538 1938 4578 oram
1979 4524 2061 4579 le-

2168 4542 2258 4578 ται
2291 4526 2414 4588 ταῖς
2434 4492 2628 4580 ναυσὶν
2653 4528 2734 4588 είς
2761 4492 3138 4580 emanated:va
3159 4492 3438 4595 ἐμϐαλεῖν.
3464 4514 3586 4572 Εἶτα
3609 4515 3709 4565 ava-

483 4617 612 4673 κοτε
637 4604 827 4676 jussis,
873 4608 990 4678 ipse
1037 4610 1282 4680 pedestri
1334 4614 1536 4670 itinere
1572 4614 1956 4686 proﬁciscens,
2011 4616 2068 4672 in

485 4707 787 4754 extremam
812 4699 1056 4770 inopiam
1083 4702 1346 4761 incidisse
1383 4725 1396 4762 :
1422 4715 1743 4777 tantamque
1763 4707 2076 4763 multitudi-

486 4806 615 4855 nem
647 4793 925 4860 amisisse,
970 4805 1031 4851 ut
1084 4813 1196 4852 non
1247 4809 1445 4868 quarta
1495 4800 1778 4856 exercitus
1823 4813 1972 4870 pars,
2001 4799 2074 4856 ob

487 4884 731 4948 morbos,
762 4889 965 4942 malum
1000 4889 1228 4953 victum.
1261 4901 1453 4948 mstum
1483 4901 1538 4949 et
1567 4892 1790 4958 famem,
1817 4907 1884 4948 ex
1920 4892 2074 4948 India

489 4989 884 5036 reverteretur.
940 4982 1163 5053 InOpem
1195 4985 1342 5040 enim
1395 4986 1740 5055 provinciam
1789 4994 2073 5055 pertrans-

2170 4614 2444 4684 στρέφων,
2492 4614 2594 4679 τὰς
2665 4613 2768 4683 μὶν
2797 4614 2928 4677 ναῦς
2988 4613 3300 4684 παραπλεῖν
3352 4611 3410 4662 έν
3457 4602 3593 4672 δεξιᾷ
3627 4595 3706 4664 τὴν

2181 4707 2412 4779 Ἰνδικὴν
2445 4708 2702 4777 ἐχούσας,
2745 4707 3058 4761 ἐκέλευσεν.
3085 4707 3260 4770 Ᾱύτδς
3288 4705 3346 4759 δέ
3384 4700 3517 4767 πεζῇ
3547 4705 3708 4779 πυρευσ

2171 4778 2382 4870 όμενος,
2429 4799 2507 4863 είς
2527 4797 2765 4869 ἐσχάτην
2795 4798 3038 4869 ἀπορίαν
3057 4797 3384 4868 κατήντησε,
3423 4789 3512 4844 καὶ
3540 4778 3704 4848 πλῆθος

2173 4891 2428 4946 τοσοῦτον
2455 4892 2760 4956 ἀπώλεσεν,
2793 4889 2936 4944 ὥστε
2986 4891 3084 4960 τῆς
3123 4889 3386 4962 στρατιᾶς
3413 4881 3539 4956 μηδὲ
3561 4878 3610 4931 τὸ
3635 4872 3706 4924 τέ-

2168 5001 2371 5055 ταρτον
2418 4985 2483 5037 ἐκ
2524 4986 2624 5052 τῆς
2669 4982 2899 5053 Ἰνδικῆς
2930 4980 3372 5052 ἀνακομισθῆναι
3420 4975 3503 5029 διὰ
3547 4968 3702 5023 νόσους

489 5069 628 5134 ibat,
665 5088 788 5142 qua:
841 5088 1050 5144 paucas
1084 5090 1218 5132 oves
1249 5077 1510 5144 habebat,
1568 5077 1799 5133 marinis
1835 5076 2061 5145 piscibus

2172 5078 2269 5130 καὶ
2304 5075 2548 5148 πονηρὰς
2576 5075 2812 5139 διαίτας,
2830 5075 2926 5129 καὶ
2955 5076 3215 5144 καύματα
3245 5073 3341 5127 καὶ
3367 5067 3542 5138 λιμόν.
3571 5061 3703 5148 Ἀπθς

491 5162 565 5216 ali
607 5164 818 5232 solitas,
869 5165 1085 5222 insuavi
1133 5176 1189 5223 et
1215 5167 1434 5225 lactenti
1475 5186 1664 5226 carne.
1702 5169 1976 5225 Caeterum
2010 5183 2076 5225 ea

493 5254 692 5312 diebus
718 5273 784 5311 1.x
812 5269 1092 5328 superata,
1123 5277 1248 5319 cum
1283 5261 1605 5319 Gedrosiam
1663 5263 1946 5331 copiosam
1986 5278 2076 5318 re-

491 5346 710 5416 gionem
736 5349 1028 5420 attigisset,
1051 5359 1108 5406 et
1131 5353 1434 5407 exercitum
1476 5364 1532 5407 et
1582 5353 1938 5423 semetipsum
1985 5368 2078 5408 co-

495 5441 925 5498 messationibus
965 5443 1181 5500 refecit.
1212 5446 1419 5502 Deinde
1446 5446 1514 5501 ad
1558 5461 1710 5500 mare
1766 5447 2074 5512 descendit,

494 5541 553 5586 ct
636 5531 921 5604 improbos
997 5533 1172 5590 duces
1252 5537 1526 5591 multavit.
1617 5537 1751 5592 Nam
1821 5538 2076 5607 superior

494 5627 792 5695 expeditio,
820 5636 876 5684 et
909 5628 975 5682 ad
1018 5627 1210 5684 Mallos
1248 5641 1536 5701 acceptum
1586 5629 1807 5693 vulnus,
1834 5640 1889 5685 et
1926 5629 2072 5683 mul-

2176 5182 2268 5236 ρον
2315 5141 2829 5236 γὰρῃδιῄειχώραν,
2897 5141 3334 5236 ὀλίγα-πρόϐατα
3379 5141 3701 5228 έχουσαν,καῖ

2171 5260 2346 5314 ταῦτα
2375 5258 2682 5321 θαλαττίοις
2716 5256 2895 5326 ἰχθύσι
2929 5256 3264 5328 τρεφόμενα,
3307 5254 3400 5307 καὶ
3437 5249 3602 5314 σάρκα
3630 5251 3703 5303 μθ·

2170 5352 2384 5423 χθηρὰν
2424 5351 2618 5422 ἔχοντα
2657 5350 2753 5405 καὶ
2777 5350 3013 5421 δυσώδη.
3041 5351 3134 5405 Ἐν
3155 5351 3414 5420 ἑξήκοντα
3441 5341 3484 5394 δ’
3505 5332 3700 5432 mli-pf;

2180 5420 2402 5498 διελθὼν
2431 5420 2530 5514 τὴν
2561 5443 2746 5514 χώραν
2777 5420 3012 5515 ἐκείνην,
3040 5445 3133 5497 καὶ
3161 5445 3257 5512 τῆς
3283 5431 3572 5506 Γεδρωσίας
3592 5420 3700 5487 ἀψά⁶

2185 5553 2369 5606 uno"
2404 5539 2462 5590 έν
2497 5538 2752 5606 ἀφθόνοις
2778 5538 3018 5604 ἐγένετο,
3049 5539 3141 5590 καὶ
3165 5538 3262 5604 τήν
3282 5550 3338 5585 τε
3369 5529 3578 5591 δύναμιν
3601 5516 3695 5606 ﬁll?

2181 5631 2366 5691 κτᾶτο,
2399 5631 2494 5683 καὶ
2525 5629 2686 5694 αὑτδς
2741 5629 3018 5701 ἐκώμαζε.
3052 5625 3404 5685 Καταϐαίνων
3451 5617 3490 5671 δ’
3517 5608 3598 5666 ἐπὶ
3625 5600 3688 5657 θά-

1695 5789 1892 5852 Varize
1925 5788 2227 5851 lectiones
2273 5799 2333 5850 et
2367 5798 2556 5852 notze.

573 5919 684 5989 (II)
731 5918 1130 5982 Ἑλπίζεσθαι.
1178 5917 1315 5974 Vide
1355 5918 1533 5976 Gloss.
1584 5920 1731 5976 med.
1763 5920 1983 5977 Grmeit.
2029 5922 2061 5977 it

2164 5937 2216 5979 lC
2251 5938 2402 5978 V068.
