3876 6582
364 477 465 539 ειη

1640 475 1962 538 JOANNIS
1997 476 2320 541 ZONARE

3522 488 3624 552 368

367 599 542 648 εἰκοσι
602 589 700 660 τῆς
750 591 1007 665 εὐτυχίας
1043 591 1251 660 ταύτης
1291 590 1597 660 ἀπήλαυσε.
1650 591 1873 658 Γυναιξὶ
1931 589 1990 643 δέ
2031 591 2181 648 δυεῖν
2240 592 2593 663 συνοικήσας,
2654 593 2718 646 ἐκ
2751 593 2849 664 μὲν
2903 593 3003 666 τῆς
3045 597 3173 667 μιᾶς
3225 598 3418 663 παῖδας
3484 601 3631 671 ἔσχεν

365 701 530 754 art-:1,
565 695 629 746 ἐκ
667 691 724 743 δὲ
749 690 845 761 τῆς
874 689 1069 759 λοιπῆς
1096 689 1192 740 ἕνα
1233 681 1332 757 (ἦν
1361 684 1406 737 δ’
1441 682 1582 754 αὕτη
1613 684 1951 754 ἀδελφόπαις
1992 685 2216 750 αὐτοῦ),
2259 682 2403 760 ᾗπερ
2430 687 2602 752 οὕτως
2635 686 2945 759 συνῴκησε.

435 789 620 845 XVIII.
672 786 808 842 Cum
848 781 1242 839 saltatriculam
1296 778 1592 850 quamdam
1647 779 1949 849 deperiret,

2127 781 2234 836 IH'.
2283 781 2672 854 Ὀρχηστρίδος
2712 781 2930 854 ἠράσθη
2967 783 3136 848 τινὸς,
3183 785 3279 837 καὶ
3317 785 3397 854 τῷ
3432 789 3634 857 ταύτης

365 897 530 954 atque
565 879 733 935 animi
760 874 1137 947 aegritudinem
1186 871 1341 926 fratri
1388 870 1730 941 aperuisset:
1765 869 1853 923 ille
1887 883 1946 922 se

367 977 574 1033 amoris
599 973 908 1028 ministrum
936 967 1051 1022 fore
1071 965 1373 1036 pollicitus,
1395 973 1562 1018 noctu
1595 963 1762 1016 tiliam
1788 977 1944 1017 suam

368 1074 432 1128 ad
481 1083 608 1126 cum
641 1064 890 1121 deduxit.
927 1061 1046 1127 Quo
1080 1060 1284 1129 saepius
1327 1057 1473 1111 facto
1497 1097 1510 1119 ,
1555 1066 1720 1126 atque
1762 1070 1950 1109 amore

369 1172 552 1222 aucto.
586 1169 901 1225 arcanoquc
932 1151 1155 1223 cognito
1179 1192 1194 1216 ,
1227 1149 1415 1204 fratris
1449 1147 1618 1202 tiliam
1664 1147 1952 1201 matrimo-

369 1257 461 1311 nio
489 1253 594 1309 sibi
621 1249 824 1323 junxit,
855 1263 922 1301 ex
940 1259 1117 1315 eaque
1141 1241 1314 1296 lilium
1349 1242 1660 1312 Hyrcanum
1686 1239 1950 1309 suscepit.

367 1347 470 1416 Qui
498 1358 671 1399 annos
707 1337 973 1396 tredecim
1001 1344 1187 1399 natus,
1227 1340 1284 1388 et
1315 1331 1666 1403 prudentiam
1705 1341 1762 1385 et
1807 1329 1952 1384 acri-

366 1440 606 1495 muniam
659 1449 812 1489 suam
853 1427 1274 1486 demonstravit.
1311 1426 1448 1481 Nam
1496 1426 1696 1479 missus
1725 1439 1756 1478 a
1799 1431 1953 1494 patre

366 1549 488 1587 eum
544 1546 640 1585 ccc
695 1529 861 1581 boum
903 1522 1051 1594 iugis
1094 1521 1158 1574 ad
1224 1517 1490 1586 prmdium
1548 1512 1824 1584 quoddam
1867 1510 1952 1564 bi-

366 1631 536 1681 duum
575 1620 831 1677 dissitum
878 1617 1078 1671 itinere
1109 1655 1122 1678 ,
1154 1609 1826 1677 cxcolendum,]ugorum
1871 1603 1955 1658 lo-

367 1721 445 1775 ris
481 1731 591 1773 non
625 1711 868 1782 acceptis
899 1725 914 1764 :
945 1723 1070 1762 cum
1112 1704 1338 1759 bulbuci
1373 1703 1753 1761 hortarentur,
1800 1705 1860 1752 ut
1887 1713 1951 1752 ea

359 1829 468 1884 per
502 1809 758 1864 nuntium
805 1822 836 1858 a
865 1809 1018 1874 patre
1055 1806 1300 1869 peteret,
1335 1810 1530 1851 eorum
1577 1792 1811 1848 consilio
1844 1805 1949 1845 non

365 1903 666 1976 acquievit,
685 1898 779 1955 sed
813 1914 846 1951 ι
875 1897 1041 1952 boum
1067 1893 1214 1965 jugis
1243 1889 1560 1956 immolatis,
1585 1901 1780 1942 carnes
1807 1886 1952 1940 inter

367 1998 654 2072 operarios
697 1991 1002 2055 distribuit,
1051 1997 1107 2044 et
1157 1985 1472 2058 tergoribus
1501 1981 1740 2038 concisis
1782 1980 1952 2035 boves

299 2107 301 2109 ‘
365 2094 610 2163 alligavit
654 2107 668 2142 :
705 2097 870 2156 atque
901 2083 975 2136 ita
1008 2095 1177 2151 opere
1222 2078 1476 2134 coniecto
1502 2075 1726 2130 domum
1765 2072 1947 2128 rediit.

2052 870 2293 942 ἔκαμνεν
2320 872 2509 943 ἔρωτι.
2540 873 2756 944 Μηνύει
2798 873 2856 927 δὲ
2893 876 2955 926 τὸ
2997 874 3169 939 πάθος
3197 877 3276 944 τῷ
3317 878 3537 950 ἀδελφῷ
3559 898 3574 912 ·
3608 881 3636 934 6

2052 965 2109 1019 δέ
2142 966 2578 1037 διακονήσασθαι
2609 968 2658 1020 oi
2695 967 2834 1036 πρὸς
2879 967 2972 1020 τὸν
3011 966 3190 1038 ἔρωτα
3224 970 3628 1040 ἐπηγγείλατο·

2052 1058 2148 1110 καὶ
2179 1055 2378 1121 νυκτὸς
2428 1056 2528 1129 τὴν
2561 1057 2760 1112 ἐαυτοῦ
2791 1057 3072 1130 θυγατέρα
3107 1060 3244 1130 πρὸς
3282 1062 3373 1115 τὸν
3407 1063 3634 1133 ἀδελφὸν

2051 1146 2280 1217 ἀγαγὼν
2325 1149 2744 1218 συγκατέκλινε.
2781 1152 2892 1206 Καὶ
2923 1154 3114 1206 τούτου
3158 1156 3457 1223 γενομένου
3503 1158 3636 1210 πολ-

2051 1237 2232 1303 λάκις,
2266 1240 2374 1311 ἦρα
2409 1240 2794 1312 σφοδρότερον.
2814 1241 2923 1294 Τοῦ
2952 1241 3008 1296 δὲ
3040 1242 3276 1312 ἀδελφοῦ
3306 1243 3364 1297 τὸ
3397 1261 3638 1316 κεκρυμ-

2055 1333 2216 1404 μένον
2261 1332 2412 1403 αύτῷ
2454 1333 2896 1406 φανερώσαντες,
2937 1335 3222 1407 συνῴκησε
3255 1340 3321 1409 τῇ
3353 1337 3634 1407 ἀδελφιδῇ,

2053 1424 2146 1478 καὶ
2184 1424 2244 1490 ἐξ
2271 1426 2444 1493 αὐτῆς
2485 1427 2601 1480 υίδν
2631 1425 2811 1497 ἔσχεν,
2862 1426 3132 1498 Ὑρκανὸν
3171 1430 3413 1493 καλέσας
3448 1431 3634 1485 αὐτόν.

2051 1518 2095 1570 Τ
2102 1518 2421 1588 ρισκαίδεκα
2449 1519 2506 1572 δὲ
2545 1520 2787 1589 γεγονὼς
2823 1521 2962 1575 ἐτῶν
2991 1517 3170 1586 οὗτος,
3200 1523 3303 1594 τήν
3326 1539 3387 1576 τε
3418 1522 3638 1576 σύνεσιν

2051 1611 2266 1664 ἐδείκνυ
2310 1614 2404 1667 καὶ
2435 1613 2534 1686 τὴν
2574 1614 2907 1687 ἐντρέχειαν.
2966 1617 3102 1678 Aab;
3134 1617 3243 1687 γὰρ
3272 1616 3422 1687 αὑτῷ
3460 1619 3488 1668 ὀ
3529 1633 3639 1668 πα·-

2051 1703 2156 1774 τὴρ
2203 1703 2374 1776 ζεύγη
2425 1705 2568 1776 βοῶν
2619 1709 2931 1779 τριακόσια,
2965 1709 3276 1780 ἐξέπεμψεν
3327 1712 3407 1773 είς
3449 1709 3638 1781 χώραν

2050 1797 2198 1850 δυεῖν
2222 1798 2461 1869 ἡμέραιν
2515 1801 2848 1873 ἀπέχουσαν,
2909 1802 3009 1875 τὴν
3071 1804 3179 1874 γῆν
3239 1803 3636 1874 ἐργασάμενον,

2051 1893 2178 1954 τοὺς
2206 1893 2438 1962 ἱμάντας
2461 1893 2570 1948 τῶν
2595 1893 2779 1962 ζυγῶν
2805 1895 3277 1965 παρακατασχὼν.
3296 1896 3354 1949 '0
3376 1896 3457 1961 δὲ,
3482 1895 3645 1962 γενόί

2057 2003 2216 2055 μενος
2258 1987 2412 2048 ἐκεῖ,
2467 1987 2562 2040 καὶ
2608 1989 2684 2058 μὴ
2723 1987 2864 2058 ἔχων
2898 1988 3154 2058 ἱμάντας,
3205 1988 3316 2042 τῶν
3355 1987 3641 2058 βοηλατῶν

2054 2079 2298 2133 στέλλειν
2339 2078 2474 2150 πρὸς
2507 2079 2601 2132 τὸν
2638 2080 2855 2152 πατέρα
2898 2081 3027 2145 τοὺς
3068 2082 3397 2154 αἰτήσοντας
3437 2081 3644 2146 αὐτοὺς

365 2193 432 2244 At
464 2159 618 2256 pater
645 2196 765 2236 eam
784 2177 1140 2234 calliditatem
1164 2172 1494 2236 admiratus,
1521 2169 1676 2224 illum
1706 2181 1819 2238 prae
1842 2181 1946 2220 ca:-

2054 2174 2163 2226 δεῐν
2196 2171 2492 2240 λεγόντων,
2523 2175 2590 2244 τῇ
2636 2175 2736 2243 μὲν
2768 2174 2994 2227 ἐκείνων
3024 2173 3305 2246 συμϐουλῇ
3360 2174 3420 2227 οὗ
3464 2190 3642 2244 προσ-

359 2281 499 2336 'teris
531 2275 680 2340 ﬁliis,
721 2287 866 2342 aegre
894 2269 948 2326 id
982 2266 1322 2330 ferentibus,
1361 2273 1417 2319 et
1453 2261 1657 2317 amavit
1685 2270 1738 2314 et
1765 2257 1948 2331 magni

365 2373 515 2429 fecit.
563 2369 702 2425 Nato
740 2373 926 2421 autem
966 2362 1080 2416 filio
1134 2360 1450 2418 Ptolemzeo,
1490 2355 1771 2426 principes
1822 2368 1950 2424 pro-

365 2466 673 2519 'vineiarum
724 2461 803 2514 illi
860 2456 1175 2528 parentium
1230 2451 1616 2506 Alexandriam
1675 2449 1830 2501 ibant
1882 2444 1948 2499 azl

363 2559 524 2629 203
575 2553 883 2610 natalitium
931 2550 1130 2604 festum
1200 2543 1613 2600 celebrandum.
1678 2539 1951 2609 Iosephus

366 2626 550 2702 autem
582 2643 654 2698 ob
691 2651 907 2698 aetatem
953 2637 1175 2700 tardus,
1221 2634 1460 2705 aliquem
1490 2648 1555 2688 ex
1590 2629 1716 2684 [iliis
1759 2643 1827 2683 eo
1871 2626 1951 2682 ire

363 2737 610 2809 iubebat.
644 2731 872 2789 Cteteris
910 2737 1093 2784 autem
1132 2722 1541 2786 recusantibus,
1575 2721 1861 2791 Hyrcanus
1893 2731 1951 2772 se

368 2833 574 2885 iturum
616 2824 835 2895 recipit,
866 2837 928 2876 ac
960 2820 1097 2892 patri
1131 2827 1325 2872 auctor
1353 2822 1459 2879 est,
1493 2829 1560 2868 ne
1589 2826 1816 2866 munera
1856 2809 1952 2864 illo

365 2925 569 2984 mittat,
601 2917 697 2974 sed
727 2911 1098 2971 Alexandrino
1125 2905 1472 2979 procuratori
1507 2904 1734 2968 scribat,
1769 2911 1828 2956 ut
1851 2917 1952 2955 au-

368 3033 492 3072 rum
517 3013 624 3069 sibi
651 3011 763 3070 det,
786 3023 896 3079 quo
923 3018 1152 3059 munera
1178 3011 1475 3070 comparet.
1505 2997 1622 3061 Ille,
1642 2994 1951 3051 collaudato

369 3109 466 3165 ﬁlii
523 3104 782 3166 consilio,
833 3095 1179 3171 procuratori
1223 3093 1448 3154 scribit,
1487 3090 1583 3162 qui
1615 3105 1722 3144 non
1768 3087 1952 3141 minus

370 3203 549 3259 tribus
598 3197 842 3253 millibus
888 3193 1153 3248 talentum
1207 3185 1675 3244 administrabat.
1749 3188 1810 3236 ut
1860 3179 1952 3234 det

369 3296 481 3352 tilio
519 3302 788 3365 quantum
818 3288 867 3345 ei
912 3300 1053 3358 Opus
1084 3285 1178 3340 sit.
1207 3282 1396 3353 Neque
1430 3294 1563 3335 vero
1599 3276 1828 3349 putabat
1865 3273 1952 3327 ul-

369 3402 450 3447 tra
482 3405 516 3443 χ
546 3388 747 3442 talenta
781 3383 1082 3453 petiturum
1126 3377 1191 3432 ad
1222 3391 1454 3431 munera
1492 3373 1605 3443 regi
1643 3369 1950 3426 oﬂ‘erenda.

366 3485 486 3546 Iilo,
537 3478 781 3549 acceptis
835 3474 1061 3538 litteris,
1105 3468 1494 3526 Alcxandriam
1535 3475 1722 3528 eunte,
1753 3461 1953 3533 reliqui

341 3573 592 3648 ,JOsepbi
628 3571 788 3627 liberi
831 3565 1076 3639 paternis
1107 3563 1302 3619 amicis
1331 3560 1616 3625 scribunt,
1654 3568 1715 3612 ut
1751 3557 1957 3628 Hyrca-

365 3683 499 3722 num
534 3680 630 3736 per
657 3661 888 3717 insidias
918 3655 1152 3712 e'medio
1180 3654 1396 3708 tollant.
1425 3649 1530 3705 Sed
1571 3663 1710 3720 puer
1739 3645 1955 3701 reddita

366 3753 714 3830 procuratori
743 3749 1000 3821 epistola,
1029 3753 1166 3817 quot
1201 3743 1422 3798 talentis
1459 3755 1600 3812 opus
1631 3748 1813 3800 esset,
1862 3751 1956 3790 ro-

367 3829 549 3920 gatus,
585 3862 709 3902 cum
745 3843 894 3899 mille
919 3839 1188 3912 petiisset,
1226 3852 1291 3892 ac
1320 3851 1354 3889 χ
1384 3845 1596 3889 tantum
1624 3829 1952 3900 accepisset,

365 3944 547 3999 iratus
570 3938 846 3996 hominem
877 3936 931 3990 in
956 3931 1175 3989 vincula
1199 3927 1443 4000 conjicit.
1478 3923 1808 3980 Ptolemwus
1823 3935 1956 3976 vero

364 4037 521 4092 misit
569 4033 636 4089 ad
692 4047 843 4094 eum,
891 4043 1061 4098 seque
1112 4021 1302 4080 mirari
1351 4019 1508 4085 dixit,
1561 4033 1662 4072 cur
1709 4015 1764 4070 in
1820 4029 1956 4070 con-

364 4140 616 4202 spectum
639 4142 800 4182 suum
828 4137 941 4177 non
977 4119 1240 4182 venisset,
1288 4129 1352 4170 ac
1376 4122 1667 4184 paternum
1690 4122 1956 4178 procura.

367 4239 542 4281 ltll‘t‘ln
578 4217 893 4276 vinxisset?
934 4215 1030 4270 Illo
1069 4209 1479 4282 respondente,
1531 4219 1590 4260 se
1619 4204 1812 4258 venire
1852 4216 1956 4256 no-

363 4317 533 4371 luisse
566 4313 744 4367 donec
779 4320 1012 4362 munera
1048 4309 1301 4374 parasset
1321 4342 1334 4364 ,
1367 4313 1433 4354 ac
1462 4312 1685 4352 servum
1715 4295 1786 4349 ob
1815 4309 1953 4349 con~

365 4405 664 4464 tumaciam
709 4400 973 4456 multasse
1019 4415 1035 4451 :
1079 4393 1204 4450 risit
1244 4407 1363 4456 rex,
1391 4388 1552 4461 pueri
1593 4384 1956 4459 magnanimi-

365 4511 538 4557 tatem
586 4494 912 4551 admiratus.
967 4487 1265 4544 Enimvero
1308 4491 1656 4555 procurator,
1698 4493 1824 4534 cum
1871 4479 1955 4532 in-

368 4593 648 4661 telligeret
679 4602 842 4659 opem
876 4581 982 4640 sibi
1007 4581 1143 4638 ferri
1182 4595 1212 4634 a
1248 4579 1490 4643 nemine,
1518 4575 1663 4632 datis
1691 4573 1842 4628 mille
1869 4581 1952 4625 ta-

2051 2264 2237 2336 έσχεν,
2256 2264 2418 2328 αὐτὸς
2440 2265 2496 2318 δὲ
2528 2265 2665 2321 δέκα
2689 2265 2860 2336 ζεύγη
2889 2267 3230 2330 καταθύσας,
3265 2267 3335 2320 τά
3369 2267 3471 2337 μὲν
3499 2266 3645 2337 κρέα

2050 2363 2163 2422 τοῖς
2211 2359 2477 2430 ἐργάταις
2523 2358 2791 2429 διένειμε,
2847 2361 2948 2422 τὰς
2996 2361 3055 2414 δὲ
3095 2361 3261 2432 δορὰς
3308 2361 3645 2432 κατατεμὼν

2051 2453 2263 2516 τούτοις
2294 2451 2597 2525 προσέδησε
2627 2455 2755 2516 τοὺς
2785 2455 3007 2522 ζυγοὺς,
3033 2453 3131 2508 καὶ
3167 2454 3312 2510 οὕτω
3345 2456 3446 2524 τὴν
3471 2458 3645 2525 ἐργα-

2054 2550 2176 2604 σίαν
2218 2550 2456 2619 ποιήσας
2505 2549 2926 2622 ἐπανελήλυθεν.
2975 2551 3037 2606 Ὀ
3065 2551 3122 2606 δὲ
3150 2553 3356 2624 πατὴρ,
3384 2553 3487 2623 τὴν
3520 2553 3649 2604 ἐπί-

2051 2660 2202 2696 νοιαν
2249 2642 2418 2696 αὐτοῦ
2464 2642 2650 2712 γνοὺς,
2683 2644 2779 2697 καὶ
2817 2643 3134 2714 ἐθαύμασεν
3169 2645 3336 2699 αὐτὸν
3363 2646 3462 2699 καὶ
3506 2645 3651 2716 ἠγά-

2054 2750 2220 2804 πησε,
2263 2736 2492 2788 καὶμτῶν
2521 2735 2700 2790 ἀλλων
2734 2737 3007 2808 προετίμα
3041 2737 3197 2792 υίῶν·
3223 2740 3270 2790 oi
3297 2736 3356 2790 δὲ
3385 2737 3644 2810 ἧχθοντο.

2052 2825 2143 2896 Τῷ
2168 2827 2223 2879 δὲ
2259 2828 2589 2898 Πτολεμαίῳ
2621 2827 2982 2899 γεννηθέντος
3023 2829 3164 2896 υίοῦ,
3203 2831 3253 2882 oi
3286 2829 3500 2902 πρῶτοι
3533 2831 3649 2886 τῶν

2053 2918 2146 2972 ὑπ’
2180 2919 2342 2973 αὐτὸν
2390 2921 2588 2990 χωρῶν
2632 2920 2912 2991 ἑώρταζον
2955 2922 3024 2976 τά
3067 2922 3342 2992 γενέθλια,
3383 2922 3651 2987 ἀπιόντες

2053 3013 2135 3074 εἰς
2197 3012 2630 3078 ’Δλεξάνδρειαν.
2695 3014 2895 3086 Ἰωσὴφ
2930 3014 3009 3081 δέ,
3058 3015 3136 3084 τῷ
3187 3015 3333 3087 γήρᾳ
3379 3015 3654 3087 δυσκόμιο

2054 3120 2179 3168 στος
2215 3105 2329 3177 (50)
2363 3107 2627 3175 γεγονὼς,
2675 3107 2784 3161 τῶν
2819 3108 3027 3162 παίδων
3069 3109 3168 3164 ἕνα
3222 3110 3342 3162 ἐκεῖ
3377 3109 3651 3164 ἀπελθεῖν

2054 3201 2449 3269 προετρέπετο.
2475 3197 2598 3253 Τῶν
2623 3199 2678 3253 δέ
2718 3201 3110 3272 πρεσϐυτέρων
3149 3203 3650 3274 παραιτουμένων,

2052 3294 2081 3346 6
2129 3292 2400 3364 Ὑρκανὸς
2445 3293 2712 3347 κατέθετο
2767 3294 3052 3363 ἀπελθεῖν,
3102 3296 3198 3349 καὶ
3249 3295 3652 3350 συνεϐούλευσε

1982 3420 2027 3479 c
2196 3383 2366 3479 παᾼτρὶ
2526 3384 2783 3479 -πέμπειν
2835 3387 3065 3442 αὐτόθεν
3091 3387 3241 3459 δῶρα
3286 3387 3367 3459 τῷ
3405 3387 3649 3458 βασιλεῖ,

2060 3473 2360 3527 ἐπιστεῖλαι
2393 3473 2450 3527 δὲ
2482 3474 2560 3545 τῷ
2591 3477 2649 3528 ἐν
2697 3476 3078 3550 Ἀλεξανδρεία
3134 3481 3411 3552 οἰκονόμῳ
3462 3498 3654 3554 παρα-

2059 3567 2208 3636 σχεῖν
2252 3565 2404 3636 αὐτῷ
2473 3566 2716 3638 χρυσίον,
2765 3570 2854 3624 ῖνα
2883 3569 2952 3624 δι’
2983 3571 3152 3625 αὐτοῦ
3189 3571 3421 3643 πρίηται
3473 3575 3651 3648 δῶρα.

2068 3657 2128 3711 '0
2173 3659 2251 3722 δὲ,
2289 3659 2384 3713 τὸν
2426 3659 2542 3714 υίδν
2587 3661 2884 3726 ἐπαινέσας
2926 3664 3026 3735 τῆς
3061 3663 3398 3736 συμϐουλῆς,
3440 3667 3654 3739 γράφει

2055 3747 2136 3820 τῷ
2174 3751 2467 3822 οἰκονόμῳ,
2504 3753 2616 3807 τῶν
2663 3755 2722 3807 ἐν
2776 3754 3161 3829 Ἀλεξανδρείᾳ
3199 3761 3508 3829 χρημάτων
3548 3763 3656 3815 οὐκ

2057 3840 2358 3896 ἐλαττόνων
2403 3844 2576 3900 ὄντων
2622 3845 2947 3918 τρισχιλίων
3002 3850 3309 3918 ταλάντων,
3342 3852 3536 3908 δοῦναι
3575 3853 3658 3925 τῷ

2059 3932 2160 4004 υἱῷ
2202 3935 2462 4005 χρήματα
2506 3937 2652 3991 ὅσων
2698 3938 2764 3993 ἂν
2809 3938 3002 4012 δεηθῇ,
3057 3941 3288 4006 ἐλπίσας
3346 3945 3424 4015 μὴ
3473 3944 3661 4001 πλεῖω

2056 4026 2190 4081 δέκα
2228 4026 2451 4083 ἔσεσθαι
2476 4029 2761 4086 ταλάντων
2791 4034 2892 4110 τῂν
2922 4035 3018 4088 ἐπὶ
3051 4038 3118 4108 τῇ
3156 4035 3338 4109 δωρεᾷ
3365 4037 3464 4110 τοῦ
3494 4038 3661 4110 βασι-

2057 4121 2196 4185 λέως
2219 4121 2489 4194 δαπάνην.
2543 4123 2739 4178 Λαϐὼν
2765 4107 2859 4180 οὖν
2885 4126 2985 4199 τὴν
3012 4107 3324 4202 ἐπιστολὴν
3350 4107 3656 4203 Ὑρκανὸς,

2056 4214 2225 4286 ἀπῄει
2254 4215 2394 4286 πρὸς
2431 4215 2868 4290 Ἀλεξάνδρειαν·
2909 4221 2958 4274 οί
2996 4219 3054 4276 δὲ
3093 4219 3274 4276 λοιποὶ
3302 4223 3398 4276 τοῦ
3442 4224 3658 4296 Ἰωσὴφ

2059 4307 2252 4369 παῖδες
2281 4307 2557 4378 γράφουσι
2592 4312 2704 4374 τοῖς
2733 4313 3024 4383 πατρικοῖς
3045 4312 3288 4384 ἑταίροις
3329 4314 3661 4369 ἐπιϐουλεῦ-

2063 4415 2152 4451 σαι
2185 4398 2264 4468 τῷ
2307 4399 2582 4472 Ὑρκανῷ,
2637 4402 2732 4456 καὶ
2763 4401 3076 4475 διαφθεῖραι
3120 4405 3307 4460 αὐτόν.
3348 4405 3660 4477 Γενόμενος

2058 4489 2104 4543 δ’
2129 4491 2188 4543 ἐν
2231 4489 2638 4564 Ἀλεξανδρεία,
2692 4495 2793 4566 τὴν
2839 4496 3140 4568 ἐπιστολὴν
3176 4497 3272 4552 τοῦ
3320 4498 3538 4566 πατρὸς
3581 4499 3662 4571 τῷ

2059 4582 2330 4653 οἰκονόμῳ
2363 4585 2640 4638 ἐπέδωκεν
2665 4600 2679 4614 ·
2721 4588 2750 4639 6
2779 4585 2835 4640 δὲ
2876 4588 3043 4658 ἤρετο
3084 4588 3270 4641 πόσων
3307 4588 3507 4659 χρῄζει
3558 4606 3662 4642 τα-

366 4687 554 4749 lcatis,
580 4679 821 4737 vinculis
852 4677 1144 4733 liberatur.
1169 4671 1453 4746 Hyrcanus
1474 4678 1660 4725 autem
1689 4684 1720 4724 c
1745 4679 1951 4737 pueros

2061 4675 2291 4741 λάντων,
2348 4681 2442 4729 καὶ
2489 4677 2570 4742 ὃς,
2621 4678 2860 4733 Χιλίων·
2905 4683 2934 4733 6
2975 4679 3324 4752 δὀξκονόμος
3369 4683 3432 4734 ού
3483 4681 3664 4735 πλείω

365 4774 785 4834 robustissimos
823 4779 879 4826 et
912 4769 1225 4824 litterarum
1267 4778 1467 4836 gnaros
1503 4761 1709 4817 talento
1758 4759 1950 4827 singu-

2060 4766 2192 4820 δέκα
2238 4772 2503 4841 παρεῖχεν
2524 4784 2539 4799 ⁶
2570 4770 2852 4840 ὀργισθεὶς
2883 4773 2941 4826 δὲ
2967 4772 2996 4823 6
3032 4777 3185 4843 παῖς,
3232 4776 3326 4828 τὸν
3361 4776 3662 4847 οἱκσόμον

368 4870 456 4924 los
481 4867 638 4929 emit,
671 4873 726 4920 et
761 4862 991 4919 totidem
1021 4859 1266 4930 virgines
1297 4855 1590 4912 tantidem.
1611 4852 1754 4915 Aliis
1789 4850 1951 4918 igitur

2064 4859 2357 4930 ἐδέσμησε.
2391 4862 2502 4915 Καὶ
2530 4863 2558 4915 6
2605 4863 2965 4935 Πτολεμαῖος,
3005 4868 3224 4933 στείλας
3260 4867 3400 4940 πρὸς
3443 4869 3662 4941 Ὑρκα·

374 4961 516 5016 dena
540 4957 742 5013 talenta
778 4955 896 5026 regi
928 4950 1318 5016 offerentibus,
1357 4948 1427 5005 iis
1453 4959 1587 5002 vero
1613 4944 1708 5015 qui
1738 4939 1951 4998 muniﬁ-

2063 4951 2177 5017 νὺν,
2213 4952 2521 5024 θαυμάζειν
2545 4954 2722 5024 ἔλεγε,
2759 4957 2876 5022 πῶς
2903 4957 3026 5012 οὔτε
3047 4959 3208 5031 ὤφθη
3235 4960 3404 5033 αὐτῷ,
3438 4939 3541 5016 καῖ
3567 4977 3597 5017 ιι
3614 4979 3663 5014 .·ι

370 5049 647 5106 cenliores
675 5060 798 5102 esse
821 5043 1139 5108 studebant,
1173 5040 1365 5098 vicena
1395 5053 1506 5094 non
1537 5031 1916 5107 supergressis
1941 5049 1951 5086 :

2064 5041 2161 5096 τοῦ
2217 5043 2428 5114 πατρὸς
2484 5043 2674 5118 ἔδησεν
2745 5049 3060 5121 οἰκονόμον.
3113 5051 3175 5105 '0
3227 5051 3286 5106 δέ
3473 5053 3664 5109 ἐλθεῖν

368 5143 658 5215 Hyrcanus
690 5151 892 5209 pueros
917 5146 974 5193 et
1018 5135 1262 5207 virgines
1289 5132 1406 5203 regi
1437 5138 1495 5187 et
1518 5129 1824 5198 Cleopatra:
1855 5123 1951 5181 ob-

2067 5131 2195 5203 ἐφη,
2242 5136 2554 5206 περιμένων
2585 5139 2878 5210 ἑτοιμάσαι
2917 5144 2988 5196 τά
3039 5142 3192 5215 δῶρα
3213 5161 3226 5174 ·
3256 5123 3354 5199 τὸν
3465 5146 3664 5201 δοῦλον

369 5235 519 5298 tulit,
566 5247 802 5304 quorum
851 5229 1085 5302 quilibet
1135 5227 1355 5299 singula
1405 5224 1612 5280 talenta
1665 5219 1951 5276 aﬂerreut.

2067 5224 2322 5292 κολάσαι,
2361 5221 2444 5290 οῖς
2484 5227 2750 5298 ἐπέταξεν
2793 5232 3214 5304 ἀπειθήσαντα·
3248 5235 3338 5289 διά
3393 5235 3579 5292 ταῦτα
3633 5241 3663 5292 6

369 5327 559 5400 Regiis
595 5341 760 5399 porro
811 5325 1002 5381 amicis
1033 5333 1090 5379 et
1119 5319 1391 5378 ministris
1436 5317 1737 5372 multorum
1781 5313 1951 5368 talen-

2063 5314 2322 5387 βασιλεὺς
2359 5316 2454 5371 καὶ
2505 5319 2760 5390 ἐγέλασε,
2797 5325 2892 5377 καὶ⁹
2922 5324 3024 5395 τὴν
3053 5324 3149 5378 τοῦ
3179 5326 3372 5392 παιδὸς
3415 5329 3664 5397 μεγαλο-

372 5431 487 5476 tum
521 5435 752 5475 munera
798 5417 969 5474 dedit.
999 5416 1330 5474 Ptolemaus
1369 5421 1556 5466 autem
1599 5423 1831 5479 puerum
1863 5405 1951 5461 ad-

2061 5406 2341 5480 φροσύνην
2385 5409 2721 5482 ἐθαύμασεν,
2789 5413 2848 5467 Ὀ
2905 5415 2963 5470 δέ
3019 5416 3225 5488 Ἀρίων
3273 5419 3302 5471 6
3336 5419 3658 5489 οἰκονόμος,

367 5515 619 5577 miratus,
646 5514 896 5567 hortatus
917 5521 1020 5576 est,
1044 5520 1106 5566 ut
1137 5515 1354 5580 peteret
1393 5518 1516 5574 quae
1551 5501 1734 5557 vellet.
1760 5500 1810 5555 Is
1831 5513 1951 5554 verc

2061 5501 2225 5568 γνοὺς
2255 5500 2330 5566 ὡς
2360 5501 2463 5556 οὐκ
2495 5501 2647 5557 ἐστιν
2677 5505 2826 5577 αὐτῷ
2861 5509 3080 5579 ἀρωγὴ,
3103 5508 3231 5574 δοὺς
3270 5510 3340 5564 τὰ
3373 5510 3527 5581 χίλια
3557 5512 3660 5564 τάο

369 5621 481 5662 non
533 5606 684 5661 aliud
732 5605 910 5676 petiit,
942 5604 1048 5659 nisi
1099 5611 1161 5658 ut
1201 5599 1349 5671 patri
1396 5606 1454 5652 et
1493 5594 1762 5650 fratribus
1801 5591 1873 5647 de
1903 5605 1951 5646 se

2071 5593 2262 5661 λαντα,
2314 5595 2424 5648 τῶν
2469 5596 2687 5669 δεσμῶν
2732 5601 2922 5674 ἐλύθη.
2959 5603 3018 5658 '0
3059 5603 3332 5676 Ὑρκανὸς
3356 5603 3415 5658 δὲ
3455 5606 3662 5669 παῖδας

372 5699 662 5754 scriberet.
692 5699 750 5754 Id
781 5698 908 5756 fecit
937 5696 1290 5760 Ptolemaeus,
1315 5702 1556 5758 eumque
1579 5685 1838 5756 regaliter
1863 5682 1951 5738 do-

2065 5687 2262 5741 ἐκατον
2304 5689 2713 5760 ἀκμαιοτάτους
2757 5698 2855 5751 καὶ
2888 5698 3202 5771 γράμματα
3230 5699 3451 5763 είδότας
3500 5699 3656 5772 ὠνή-

1568 5848 1771 5912 Variae
1799 5849 2106 5914 lectiones
2152 5861 2214 5917 et
2247 5863 2436 5917 notae.

449 5961 1026 6030 (50;Avo-xd;ueroc.
1083 5954 1305 6013 Phrasis
1365 5951 1574 6011 nostris
1625 5950 1849 6021 usitata,
1879 5969 1946 6023 qu

2054 5955 2216 6010 'estoit
2255 5972 2349 6026 pas
2374 5958 2614 6028 portatif.
