3876 6562
239 332 348 393 369

1480 333 1764 397 ANNALI
1775 334 1888 397 ΠΜ
1924 333 2070 394 LlB.
2121 333 2217 396 IV.

3408 329 3512 392 37c

239 467 396 506 σατο.
449 447 716 504 ταλάντου
749 449 1053 522 πριάμενος
1080 449 1334 514 ἕκαστον,
1379 451 1474 504 καὶ
1515 450 1823 523 παρθένους

1935 459 2114 504 natum
2157 443 2448 518 ablegavit.
2497 446 2718 502 Fratres
2761 461 2897 502 vero
2938 446 3160 517 cognito
3205 445 3514 504 honorifico

244 543 509 608 τοσαύτας
540 545 894 599 ίσοταλάντου
921 546 1108 616 τιμῆς.
1127 543 1249 598 Τῶν
1285 544 1418 612 γοῦν
1446 544 1624 600 ἄλλων
1647 547 1825 600 ἀπάν-

237 654 346 688 των
391 635 501 690 τῶν
546 637 646 707 μὲν
691 637 798 692 ἀνὰ
837 637 970 691 δέκα
1004 637 1245 694 τάλαντα
1299 639 1695 708 προσαγόντων
1746 637 1826 710 τῷ

239 727 474 796 βασιλεῖ,
520 728 631 782 τῶν
680 729 736 783 δὲ
779 731 957 798 μείζω
988 731 1351 801 δωρουμένων
1410 732 1509 800 οὐχ
1545 731 1824 801 ὑπερϐάν-

237 837 345 871 των
389 821 461 874 τά
509 822 738 881 εῐκοσιν.
791 824 820 876 6
871 823 1140 894 Ὑρκανὸς
1182 825 1311 887 τοὺς
1341 824 1540 886 παῖδας
1581 824 1680 878 καὶ
1726 823 1827 886 τὰς

236 911 549 981 παρθένους
581 913 659 985 τῷ
687 914 906 986 βασιλεῖ
932 916 1028 969 καὶ
1058 917 1126 988 τῇ
1155 915 1488 988 Κλεοπάτρᾳ
1516 916 1831 987 προσήνεγκ-

238 1021 355 1069 κεν,
385 997 464 1059 ὧν
487 1005 722 1073 ἕκαστος
747 1009 843 1062 καὶ
866 1009 1135 1064 τάλαντον
1155 1010 1249 1080 ἐφε
1261 1027 1342 1080 ρε.
1371 1009 1484 1064 Καὶ
1508 1011 1626 1073 τοῖς
1655 1010 1831 1078 φίλοις

234 1099 292 1152 δέ
343 1099 443 1154 τοῦ
499 1101 791 1173 βασιλέως,
838 1106 936 1159 καὶ
996 1106 1110 1170 τοῖς
1173 1105 1307 1177 περὶ
1365 1104 1467 1176 τὴν
1527 1103 1832 1177 θεραπείαν

235 1191 402 1247 αὐτοῦ
439 1195 655 1248 πολλῶν
681 1197 962 1252 ταλάντων
987 1199 1142 1271 δῶρα
1173 1199 1504 1270 παρέσχετο.
1520 1195 1831 1268 Θαυμάσας

234 1283 290 1338 δὲ
335 1285 682 1357 Πτολεμαῖος
731 1291 823 1344 τὸν
860 1290 1050 1358 παῖδα,
1095 1292 1272 1346 αίτείν
1307 1290 1344 1346 ἀ
1400 1289 1654 1360 βούλεται
1693 1307 1831 1360 προ-

233 1379 524 1450 ετρέπετο.
562 1383 624 1438 'O
669 1383 726 1438 δὲ
762 1385 917 1439 οὐδὲν
947 1385 1152 1458 ᾔτησεν
1195 1383 1231 1456 ἢ
1261 1383 1338 1456 τῷ
1379 1383 1549 1454 πατρὶ
1580 1381 1677 1436 καὶ
1713 1383 1828 1446 τοῖς

235 1471 490 1542 ἀδελφοῖς
521 1473 736 1546 γράψαι
768 1477 898 1546 περὶ
923 1476 1116 1532 αὐτοῦ.
1139 1478 1204 1531 Ὃ
1234 1476 1466 1548 ποιήσας
1492 1475 1521 1528 6
1545 1473 1822 1547 βασιλεὺς,

235 1565 326 1618 καὶ
375 1566 682 1636 βασιλικῶς
729 1569 880 1642 αὐτῷ
915 1570 1333 1643 δωρησάμενος,
1366 1566 1701 1638 ἐξέπεμψεν.
1757 1565 1823 1620 Οἱ

1933 541 2056 612 ejus
2102 542 2316 604 reditu,
2352 540 2572 595 obviam
2617 540 2824 611 egressi
2860 553 3011 605 sunt,
3056 542 3176 611 ejus
3207 542 3515 612 perimendi

1935 650 2136 700 causa,
2172 651 2238 688 ne
2271 645 2426 704 patre
2457 634 2678 702 quidem
2723 634 2996 704 refragato
3031 648 3096 688 ex
3130 633 3410 688 iracundia
3447 636 3516 690 ob

1936 726 2267 796 insumptam
2299 723 2611 794 pecuniam.
2646 723 2928 779 Fratribus
2955 739 3083 778 eum
3125 724 3358 789 adortis,
3391 739 3515 778 cum

1933 833 2002 872 ex
2035 833 2228 873 eorum
2270 817 2600 873 satellitibus
2630 817 2812 883 multi,
2851 826 2965 871 tum
3004 816 3249 887 ipsorum
3285 816 3395 871 duo
3425 832 3511 870 ce-

1933 909 2210 966 ciderunt.
2255 909 2626 977 Quamobrem
2661 909 2908 974 territus,
2953 916 3008 964 et
3041 909 3183 963 ultra
3220 907 3517 964 Jordanem

1933 1003 2236 1074 profectus,
2273 1003 2476 1059 bellum
2520 1003 2800 1058 Arabibus
2830 1002 2995 1076 204
3028 1001 3212 1057 intulit
3247 1020 3258 1055 :
3289 1010 3345 1056 et
3368 1016 3516 1056 sum-

1935 1105 2135 1167 ptuoso
2173 1095 2400 1150 castello
2438 1105 2743 1160 exstructo,
2794 1104 2979 1166 partes
3011 1096 3133 1150 illas
3167 1109 3265 1164 per
3308 1104 3518 1162 septvm

1933 1205 2111 1246 annos
2157 1189 2369 1252 tenuit.
2409 1191 2653 1261 quandiu
2705 1190 2884 1262 Magni
2923 1189 3181 1246 Antiochi
3227 1187 3373 1242 ﬁlius
3415 1187 3517 1242 Se-

1935 1283 2132 1339 leucus
2170 1283 2341 1356 Syriae
2375 1285 2583 1354 potitus
2618 1293 2722 1340 est.
2770 1283 2870 1341 Cui
2920 1300 3044 1340 cum
3092 1283 3259 1338 frater
3322 1281 3514 1336 Antio-

1935 1376 2074 1433 chus
2093 1376 2411 1447 Epiphanes
2440 1382 2800 1434 suceessissct
2831 1396 2844 1432 :
2894 1393 3007 1448 prae
3044 1385 3190 1432 metu
3220 1376 3388 1439 illius,
3427 1391 3516 1430 nc-

1934 1487 2054 1526 cem
2099 1470 2208 1527 sibi
2251 1471 2540 1538 conscivit,
2575 1472 2733 1544 cujus
2766 1473 3055 1543 pecuniam
3101 1471 3408 1526 Antiochus
3435 1483 3514 1524 ac-

1934 1564 2106 1636 cepit.

230 1657 286 1710 δὲ
317 1655 571 1728 ἀδελφοὶ,
608 1659 876 1732 μαθόντες
905 1663 1203 1718 ἐπανιόντα
1231 1662 1374 1732 μετά
1429 1662 1622 1732 τιμῆς,
1662 1656 1886 1730 ἐξῆλθον
1922 1659 2333 1729 ὑπαντήσοντες
2378 1659 2530 1730 αύτῷ
2578 1659 2676 1712 καὶ
2738 1659 3183 1731 διαφθεροῦντες.
3241 1656 3380 1728 μηδὲ
3430 1654 3519 1709 τοῦ

233 1750 450 1821 πατρὸς
503 1753 856 1820 κωλύσαντος
917 1757 1010 1810 ὑπ’
1040 1757 1214 1828 ὀργῆς
1254 1759 1354 1827 τῆς
1410 1754 1500 1809 διὰ
1561 1753 1659 1826 τὴν
1715 1754 1826 1807 τῶν
1866 1751 2171 1823 χρημάτων
2215 1753 2489 1825 δαπάνην.

2572 1755 2943 1826 Ἐπιθεμὲνων
2991 1754 3048 1808 δέ
3087 1754 3136 1806 οἱ
3211 1751 3320 1806 τῶν
3367 1750 3516 1805 ἁδελ-

232 1841 371 1910 φῶν,
401 1844 591 1898 πολλοί
620 1863 679 1900 τε
708 1846 817 1900 τῶν
847 1847 946 1901 σὺν
972 1847 1163 1911 αὐτοῖς
1187 1847 1523 1913 Ense-own).
1584 1846 1643 1913 ἐξ
1707 1845 1891 1899 αὐτῶν
1930 1845 2047 1901 δύο.
2098 1845 2294 1909 Δείσας
2333 1841 2428 1900 οὖν
2474 1845 2565 1900 διὰ
2613 1846 2813 1911 ταῦτα,
2861 1848 2943 1910 είς
2991 1845 3052 1900 τὸ
3089 1845 3263 1916 πέραν
3304 1841 3520 1913 ἀπῆλθε

233 1935 325 1990 τοῦ
364 1937 668 2009 Ἰορδάνου,
697 1942 793 1995 καὶ
824 1940 1086 2013 ἐπολέμει
1118 1942 1234 2005 τοῖς
1269 1939 1499 2010 Ἄραψι,
1535 1939 1628 1992 καὶ
1660 1940 1820 2010 βάριν
1855 1941 1975 1994 ἐκεῖ
2037 1938 2312 2008 πολυτελῆ
2374 1939 2836 2011 ᾠκοδόμησε,καὶ
2860 1939 3097 2010 κατέσχε
3127 1939 3194 1992 τά
3232 1940 3350 1992 ἐκεῖ
3378 1937 3520 2007 μέρη
3549 1968 3556 1975 -

230 2029 327 2082 ἐπὶ
371 2028 478 2102 ἐτη
530 2031 695 2097 ἑπτὰ,
737 2033 824 2103 ἐφ’
858 2033 984 2088 ὅσον
1032 2035 1061 2088 6
1105 2033 1203 2088 τοῦ
1253 2033 1496 2104 μεγάλου
1547 2033 1826 2104 ’Δντιόχου
1867 2034 1986 2096 υἱὸς
2056 2032 2324 2098 Σέλευκος
2364 2034 2463 2104 τῆς
2501 2034 2706 2106 Συρίας
2773 2035 3071 2106 ἐκράτησε.
3101 2033 3306 2087 Τούτου
3336 2032 3393 2085 δέ
3423 2029 3518 2084 θα-

232 2119 443 2187 νόντος,
479 2123 577 2178 καὶ
605 2122 702 2178 τοῦ
732 2123 966 2194 ἀδελφοῦ
998 2125 1167 2179 αὐτοῦ
1210 2123 1491 2195 Ἀντιόχου
1517 2122 1616 2196 τὴν
1644 2125 1822 2196 ἀρχὴν
1862 2125 2281 2198 διαδεξαμένου,
2303 2127 2396 2181 τοῦ
2467 2129 2799 2198 Ἐπιφανοῦς
2829 2128 3190 2199 καλουμένου,
3254 2125 3517 2197 φοϐηθεὶς

229 2217 263 2271 6
305 2218 583 2290 Ὑρκανὸς
613 2221 802 2288 αὑτὸν,
842 2221 1102 2295 αὐτόχειρ
1137 2222 1333 2276 ἐαυτοῦ
1360 2221 1599 2292 γίνεται.
1643 2221 1738 2274 καὶ
1762 2220 1831 2274 τὰ
1871 2221 2134 2293 χρήματα
2171 2221 2340 2276 αὑτοῦ
2376 2224 2405 2276 ὁ
2442 2222 2718 2295 Ἀντίοχος
2745 2222 2934 2277 ἔλαϐε.

300 2332 410 2391 ιον.
453 2336 702 2410 Τελευτᾷ
731 2336 792 2390 δὲ
833 2339 931 2393 καὶ
971 2339 1000 2392 6
1054 2336 1362 2410 Ἐπιφανὴς
1398 2337 1762 2409 Πτολεμαῖος.
1804 2339 1830 2390 ὁ

2007 2336 2150 2393 ΧΙΧ.
2203 2339 2496 2395 Ptolemaeo
2529 2354 2750 2411 quoque
2802 2340 3086 2411 Epiphane
3135 2339 3356 2413 Egypti
3399 2355 3522 2412 rege

231 2430 330 2501 τῆς
375 2430 666 2499 Αἰγύπτου
709 2433 952 2505 κρατῶν,
985 2433 1082 2488 δύο
1117 2433 1317 2496 παῖδας
1346 2432 1657 2495 νεωτάτους
1685 2431 1829 2487 πάνυ

235 2523 586 2578 καταλιπώνο
619 2518 698 2580 ὧν
732 2528 762 2580 6
786 2526 886 2598 μέν
919 2526 1253 2598 Φιλομήτωρ
1279 2527 1570 2598 ἐκέκλητο,
1601 2525 1831 2579 Φύσκων

230 2619 290 2672 δέ
339 2634 412 2686 γε
466 2620 495 2672 6
546 2619 771 2690 ἔτερος·
811 2619 1020 2674 τούτων
1081 2620 1512 2692 καταφρονήσας
1556 2618 1832 2689 Ἀντίοχος

235 2710 532 2783 στρατεύει
587 2711 674 2764 ἐπ’
701 2712 1009 2780 Αἴγυπτον·
1051 2710 1170 2764 ἀλλ’
1199 2695 1559 2782 ἀπεκρούσθη
1599 2707 1829 2780 ταύτης,

234 2805 346 2859 τῶν
388 2804 683 2876 Ῥωμαίων
711 2804 1020 2876 ἀπέχεσθαι
1051 2804 1154 2875 τῆς
1189 2802 1380 2875 χώρας
1423 2801 1831 2872 ἐντειλαμένων

237 2891 444 2966 αὐτῷ»
481 2896 730 2952 Ἐκεῖθεν
775 2897 821 2950 δ’
862 2895 1128 2964 ἐπανιὼν,
1184 2897 1278 2952 ἐπὶ
1341 2894 1408 2950 τά
1472 2894 1828 2966 Ἰεροσόλυμα

237 2990 494 3062 ὥρμησε,
543 2991 640 3044 καὶ
676 2989 910 3060 κατέσχε
951 2989 1052 3061 τὴν
1086 2989 1242 3044 πόλιν
1278 2989 1551 3060 ἀμαχητὶ,
1585 2988 1833 3055 ἀνοιξάν-

235 3100 352 3137 των
404 3081 558 3153 αὐτῷ
607 3082 711 3146 τὰς
763 3081 966 3147 πύλας,
1021 3083 1138 3137 ὅσοι
1176 3083 1276 3153 τῆς
1332 3083 1548 3137 ἐκείνου
1603 3081 1834 3152 γνώμης

238 3176 565 3248 ἐτύγχανον.
606 3177 878 3241 Θανόντος
902 3180 970 3246 γά
981 3194 1013 3249 ρ
1054 3177 1236 3231 Ὀνίου
1263 3176 1358 3231 τοῦ
1386 3177 1719 3249 ἀρχιερέως,
1751 3175 1828 3244 τῷ

240 3269 461 3340 ἁδελφῷ
505 3268 672 3323 αὐτοῦ
735 3269 916 3339 Ἰησοῦ
983 3269 1256 3341 Ἀντίοχος
1312 3269 1415 3340 τὴν
1463 3268 1634 3340 τιμὴν
1689 3284 1833 3338 παρ-

243 3363 440 3434 έσχενο
479 3362 761 3434 ὀργισθεὶς
799 3363 856 3415 δὲ
895 3362 1071 3430 αὐτῷ,
1107 3362 1266 3426 αὖθις
1317 3362 1396 3432 τῷ
1429 3362 1687 3433 νεωτέρῳ
1731 3361 1832 3431 τὴν

243 3456 668 3528 ἀρχιερωσύνην
727 3456 1035 3526 ἀπένειμεν
1095 3455 1336 3526 ἀδελφῷ,
1413 3456 1566 3526 Ὀνίᾳ
1628 3455 1830 3509 καλου·

247 3555 413 3625 μένῳ.
441 3553 649 3624 Σίμωνι
679 3552 790 3622 γάρ
826 3553 996 3624 τριῶν
1029 3553 1343 3623 γενομένων
1373 3552 1602 3613 παίδων,
1630 3551 1726 3604 καὶ
1751 3553 1832 3615 εἰς

241 3649 370 3711 τοὺς
406 3649 560 3718 τρεῖς
601 3649 634 3717 ἠ
673 3644 1058 3718 ἀρχιερωσύνη
1089 3643 1451 3716 περιελήλυθε
1476 3661 1492 3676 ο
1533 3645 1628 3698 καὶ
1669 3644 1698 3696 6
1731 3645 1832 3713 μὲν

257 3740 466 3812 Ἰησοῦς
517 3738 742 3792 Ἰἀσωνα
796 3741 1187 3809 μετωνόμασεν
1235 3736 1448 3804 ἑαυτὸν,
1481 3737 1508 3790 6
1549 3735 1607 3790 δὲ
1653 3735 1832 3799 Ὀνίας

245 3833 562 3888 Μενέλαον·
606 3831 1003 3894 στασιάσαντος
1039 3826 1134 3884 οὖν
1187 3829 1284 3883 τοῦ
1331 3827 1508 3899 Ἰησοῦ
1554 3829 1690 3900 πρὸς
1741 3829 1833 3882 τὸν

257 3927 461 3992 Ὀνίαν,
496 3926 590 3978 τὸν
616 3927 711 3979 καὶ
740 3925 1041 3988 Μενέλαον,
1060 3924 1160 3978 καὶ
1190 3924 1218 3977 6
1241 3922 1370 3986 λαὸς
1409 3921 1676 3993 ἐμερίσθη
1694 3937 1708 3951 ο
1739 3921 1834 3973 κα)⁵

243 4021 292 4070 oi
325 4019 426 4086 μὲν
459 4019 680 4082 πλείους
709 4017 786 4088 τῷ
829 4017 1045 4070 Ἰάσωνι
1076 4015 1490 4087 προσετίθεντο,
1523 4016 1574 4068 οἱ
1606 4015 1650 4068 δ’
1682 4015 1834 4068 ἄλλοι

245 4111 325 4182 τῷ
355 4107 695 4184 Μενελάῳ,ᾧ
725 4114 818 4165 καὶ
841 4114 890 4164 οἱ
923 4113 1133 4164 Τωόἰου
1161 4113 1353 4174 παῖδες
1381 4107 1522 4180 ἦσαν
1557 4127 1834 4179 συνεπαρο

249 4205 495 4272 ἡγοντες.
532 4205 1020 4274 Καταπονούμενοι
1048 4205 1106 4257 δὲ
1142 4208 1258 4268 τοῖς
1301 4205 1567 4270 πλείοσιν,
1595 4200 1743 4258 οὗτοί
1773 4223 1833 4258 τε

251 4300 344 4352 καὶ
390 4301 420 4352 6
471 4300 754 4362 Μενέλαος
791 4299 1249 4370 προς-Ἀντίοχον
1301 4298 1684 4369 ἀνεχώρησαν,
1737 4299 1834 4352 καὶ

251 4391 375 4454 τοὺς
432 4393 699 4456 πατρίους
751 4393 953 4461 νόμους
1026 4391 1299 4454 λιπόντες,
1360 4391 1679 4461 ἡλλήνισαν,
1734 4377 1833 4447 καὶ

251 4485 347 4553 τὴν
368 4487 479 4538 τῶν
509 4488 727 4540 αἰδοίων
761 4486 1066 4556 περιτομὴν
1096 4485 1452 4554 ἐπεκάλυψαν
1490 4487 1834 4538 ἐπισπάσαν-

251 4597 356 4644 τες.
392 4581 516 4636 Τῶν
566 4579 698 4650 γοῦν
742 4581 845 4650 τῆς
876 4581 1088 4633 τούτων
1119 4579 1315 4650 μοίρας
1351 4579 1688 4643 ἀνοιξάντων
1732 4583 1833 4644 τὰς

253 4676 426 4739 πύλας
470 4674 573 4742 τῆς
617 4673 828 4736 πόλεως
863 4672 942 4744 τῷ
985 4673 1284 4740 Ἐπιφανεῖ.
1311 4670 1596 4741 Ἀντιόχῳ,
1621 4673 1832 4743 ἐγκρα-

251 4771 345 4842 τὴς
395 4770 608 4831 ἐκεῖνος
641 4767 741 4835 τῆς
798 4766 1010 4828 πόλεως
1060 4765 1284 4832 γέγονε,
1315 4763 1409 4816 καὶ
1444 4764 1676 4828 πολλοὺς
1731 4766 1832 4834 μὲν

249 4863 564 4922 ἀπέκτεινε,
599 4860 862 4930 χρήματα
893 4858 952 4910 δὲ
985 4858 1156 4911 πολλά
1211 4858 1472 4928 συλήσας,
1505 4858 1586 4918 εἰς
1623 4857 1832 4911 Ἀντιό-

247 4973 398 5026 χειαν
428 4953 786 5018 ἐπανέςευξε.
826 4951 981 5005 Μετὰ
1012 4951 1070 5005 δὲ
1098 4951 1192 5004 δύο
1213 4950 1310 5023 ἔτη
1347 4947 1505 5015 αὖθις
1543 4953 1625 5015 εἰς
1668 4951 1833 5022 Ἰερο-

1933 2443 2176 2499 mortuo,
2207 2431 2424 2488 duobus
2471 2432 2718 2503 parvulis
2759 2432 2943 2489 ﬁliolis
2999 2434 3232 2499 relictis,
3282 2449 3521 2503 quorum

1933 2527 2074 2580 alter
2094 2525 2456 2589 Philometor,
2483 2527 2625 2581 alter
2658 2526 2905 2598 Pliyscon
2944 2527 3251 2583 vocabatur
3282 2544 3295 2579 :
3329 2527 3520 2582 Antio-

1934 2619 2098 2685 chus,
2128 2629 2294 2674 aatate
2323 2635 2619 2690 puerorum
2647 2628 2986 2689 contempta,
3021 2619 3321 2700 .Egyptum
3377 2621 3522 2676 bello

1935 2710 2096 2781 petit,
2129 2709 2199 2765 ab
2227 2725 2402 2782 caque
2424 2711 2681 2781 repulsus
2719 2721 2827 2775 εει,
2857 2711 3125 2767 Ronmnis
3147 2713 3520 2772 edicmttibtts.

1935 2812 1998 2858 ut
2026 2803 2117 2857 illa
2152 2804 2436 2873 provincia
2476 2804 2799 2860 abstineret.
2834 2805 2968 2860 Inde
2995 2805 3237 2868 rediens,
3265 2805 3518 2862 Hieroso-

1934 2897 2077 2968 lyma
2099 2897 2408 2964 contendit,
2434 2899 2686 2969 urbeque
2698 2901 2838 2955 citra
2855 2900 3270 2956 dimicationem
3296 2901 3521 2971 potitur,

1933 2991 2145 3056 apertis
2165 2991 2344 3062 portis
2377 3007 2478 3062 per
2508 2991 2684 3062 ipsius
2734 2992 3016 3048 studiosos
3073 3004 3345 3064 receptus.
3385 2994 3520 3048 Nam

1934 3092 2059 3153 post
2087 3084 2303 3139 obitum
2341 3085 2497 3141 Onias
2523 3087 2822 3156 pontificis,
2859 3088 3169 3143 Antiochus
3196 3088 3518 3157 dignitatem

1936 3178 2084 3232 illam
2133 3178 2191 3232 in
2234 3179 2424 3234 Jesum
2481 3181 2707 3235 fratrem
2766 3181 2915 3236 illius
2971 3183 3523 3254 contuleratzeiqne

1936 3269 2131 3336 iratus,
2173 3270 2331 3326 fratri
2363 3273 2483 3342 ejus
2505 3274 2702 3328 minori
2741 3273 3064 3339 tradiderat,
3091 3277 3315 3330 nomine
3345 3275 3519 3331 Onize.

1935 3362 2070 3417 Nam
2099 3378 2224 3416 cum
2254 3363 2444 3419 Simon
2471 3375 2584 3420 tres
2606 3366 2746 3420 filios
2765 3368 3119 3436 suscepisset,
3151 3370 3520 3424 sacerdotium

1937 3456 2004 3511 ad
2036 3472 2164 3512 eum
2191 3472 2384 3513 omnes
2407 3460 2657 3528 pervenit
2685 3475 2697 3510 :
2733 3473 2797 3514 ac
2823 3460 2985 3516 Iesus
3016 3477 3075 3517 se
3098 3462 3356 3518 Iasonem
3413 3479 3518 3518 no—

1939 3550 2190 3611 minavit.
2223 3549 2391 3604 Onias
2414 3551 2746 3613 Menelaum,
2804 3562 3037 3620 ortaque
3099 3553 3333 3610 dlssidio
3378 3554 3522 3610 inter

1857 3684 1902 3748 Ο
1942 3641 2060 3708 hos,
2091 3641 2515 3712 populiquoque
2540 3643 2850 3698 secessione
2873 3643 3039 3708 facta,
3067 3646 3253 3714 plures
3274 3645 3519 3701 aJasone

1936 3743 2232 3798 steterunt.
2265 3735 2801 3800 caateriaMenelao,
2856 3738 2944 3793 cui
2999 3748 3056 3793 et
3114 3737 3302 3795 Tobias
3357 3739 3521 3794 liberi

1935 3842 2098 3897 Opem
2129 3824 2396 3883 tuler’unt.
2429 3827 2536 3883 Sed
2558 3844 2684 3884 cum
2725 3845 2756 3883 a
2788 3831 2984 3901 majori
3037 3841 3192 3901 parte
3243 3832 3523 3903 opprime—

1936 3934 2148 3984 remur,
2180 3919 2250 3976 ad
2299 3919 2630 3976 Antiochum
2690 3937 2750 3977 se
2811 3924 3192 3989 contulerunt,
3235 3937 3290 3980 et
3324 3926 3522 3996 patriis

1940 4013 2212 4068 institutis
2241 4015 2500 4077 desertis,
2527 4013 2843 4069 Graecorum
2863 4031 3047 4072 mores
3067 4026 3200 4071 sunt
3228 4019 3464 4087 amplexi
3503 4039 3515 4074 :

1937 4111 2221 4176 ascitoque
2260 4108 2550 4176 praeputio,
2604 4107 2990 4178 pudendorum
3041 4109 3519 4168 circmncisionem

1940 4201 2122 4256 velare
2153 4201 2508 4255 studuerunt.
2539 4201 2622 4257 Ab
2655 4205 2855 4257 horum
2880 4203 3049 4273 igitur
3078 4204 3318 4260 factione
3347 4207 3522 4276 portis

1935 4295 2162 4366 apertis.
2198 4295 2337 4350 urbe
2356 4297 2565 4365 potitus
2589 4296 2896 4352 Antiochus
2941 4297 3279 4367 Epiphanes.
3331 4301 3523 4358 multis

1936 4388 2154 4448 recisis,
2190 4403 2382 4458 magna
2412 4390 2642 4457 pecunia
2697 4401 2874 4458 rapta,
2925 4391 3276 4448 Antiochiam
3327 4395 3513 4450 rediit.

1938 4479 2169 4534 Biennio
2193 4489 2316 4550 post
2336 4480 2517 4535 denuo
2551 4479 2928 4554 Hierosolyma
2958 4485 3232 4552 ascendit,
3277 4496 3335 4541 et
3381 4488 3517 4543 urbe

1937 4573 2066 4628 dolo
2101 4582 2389 4644 occupata,
2425 4590 2495 4628 ne
2551 4575 2618 4630 iis
2660 4576 2886 4645 quidem
2949 4579 3220 4647 pepercit,
3255 4595 3286 4635 ιι
3319 4582 3521 4652 quibus

1939 4677 2196 4736 receptus
2227 4668 2404 4722 fuerat
2432 4686 2444 4721 :
2480 4667 2574 4722 sed
2601 4678 2658 4723 et
2685 4670 2888 4739 templo
2909 4672 3166 4739 spoliato,
3196 4683 3253 4729 et
3287 4677 3523 4732 abscon—

1937 4759 2071 4814 ditis
2105 4760 2381 4816 thesauris
2403 4761 2623 4827 ablatis,
2655 4770 2712 4815 et
2735 4762 2998 4832 legitimis
3033 4767 3324 4823 sacrificiis
3350 4770 3520 4824 inter-

1937 4851 2140 4913 dictis.
2174 4863 2234 4909 et
2280 4853 2418 4909 urbe
2447 4854 2688 4923 direpta,
2749 4865 2805 4910 et
2853 4859 3056 4928 populo
3103 4862 3303 4929 partim
3354 4880 3516 4928 ceso,

1937 4943 2139 5012 partim
2171 4953 2354 5014 capto,
2382 4953 2438 5000 et
2473 4945 2846 5014 pulcherrima
2874 4949 3026 5005 urbis
3057 4962 3212 5021 parte
3269 4953 3516 5018 incensa,

248 5049 458 5119 σόλυμα
504 5046 673 5117 ἀνέϐη
718 5045 1012 5115 Ἀντίοχος,
1045 5045 1138 5098 καὶ
1171 5044 1362 5116 ἀπάτῃ
1410 5045 1698 5116 κρατήσας
1727 5047 1827 5116 τῆς

1935 5046 1990 5093 et
2009 5038 2191 5108 porcis
2221 5039 2276 5093 in
2309 5041 2520 5110 templo
2542 5041 2857 5107 immolatis,
2895 5044 3116 5100 tandem
3148 5048 3349 5101 muenia
3382 5063 3519 5118 quo-

248 5138 480 5203 πόλεως,
534 5136 658 5190 οὐδὲ
711 5137 822 5191 τῶν
875 5134 1282 5206 είσδεξαμένων
1333 5136 1498 5191 αὑτὸν
1543 5138 1826 5207 ἐφείσατο,

246 5231 384 5286 ἀλλά
428 5230 525 5284 καὶ
568 5230 663 5284 τὸν
701 5229 830 5285 ναὸν
882 5230 1149 5301 συλήσας,
1182 5229 1437 5293 καὶτοὺς
1469 5229 1827 5300 ἀποκρύφους

249 5324 557 5396 θησαυροὺς
611 5324 986 5394 ἀφελόμενος,
1045 5323 1145 5387 τάς
1192 5341 1252 5378 τε
1311 5324 1580 5394 νομίμους
1635 5324 1829 5388 θυσίας

249 5415 521 5480 κωλύσας,
563 5418 659 5470 καὶ
701 5416 800 5486 τὴν
846 5417 1005 5470 πόλιν
1049 5417 1383 5488 διαρπάσας,
1420 5419 1516 5471 καὶ
1563 5419 1692 5479 τοὺς
1730 5418 1831 5484 μὲν

249 5511 344 5562 τοῦ
382 5509 518 5563 λαοῦ
561 5511 802 5574 κτείνας.
837 5513 964 5574 τοὺς
993 5511 1038 5565 δ’
1073 5509 1462 5581 αίχμαλώτους
1499 5509 1833 5579 ἀπαγαγὼν,

1937 5147 2047 5200 que
2085 5131 2262 5188 diruit
2293 5153 2309 5189 :
2350 5143 2742 5205 exstructaque
2774 5151 2899 5191 arce
2944 5137 3224 5194 inferioris
3253 5139 3428 5203 urbis,
3461 5151 3518 5194 et

1937 5225 2296 5284 Macedonico
2350 5229 2610 5298 praesidio
2675 5229 2954 5301 imposito,
3013 5233 3275 5302 populum
3335 5235 3514 5304 coegit

1939 5338 2073 5379 suos
2097 5323 2234 5380 deos
2273 5325 2478 5391 colere,
2505 5338 2558 5381 et
2594 5327 3019 5382 circumcisione
3059 5343 3356 5398 puerorum
3394 5332 3519 5383 θυεμ

1940 5419 2138 5483 tinere,
2185 5419 2392 5476 relictis
2432 5418 2530 5484 ibi,
2565 5418 2656 5490 qui
2701 5422 2768 5474 ad
2809 5422 2908 5475 ista
2954 5420 3202 5475 facienda
3258 5421 3407 5475 cives
3464 5423 3514 5477 vi

1933 5511 2352 5580 compellerent.
2411 5510 2532 5577 Quo
2574 5522 2822 5581 tempore
2885 5512 3179 5566 Eleazarus
3236 5511 3512 5572 sacerdos.

253 5602 345 5656 καὶ
392 5604 691 5674 ἐμπρήσας
737 5604 808 5656 τά
840 5605 940 5674 τῆς
974 5604 1186 5667 πόλεως
1238 5605 1521 5665 κάλλιστα,
1557 5605 1654 5656 καὶ
1699 5603 1830 5670 σύας

1935 5605 2164 5675 ejusque
2193 5604 2454 5674 discipuli
2483 5604 2803 5668 Machabzei,
2857 5619 2982 5657 eum
3037 5612 3212 5657 matre
3257 5618 3355 5658 sua
3417 5622 3515 5675 pro

253 5693 416 5760 θύσας
464 5697 523 5747 ἐν
551 5695 631 5766 τῷ
673 5697 808 5765 ναῷ,
843 5697 996 5762 τέλος
1037 5697 1133 5751 καὶ
1163 5697 1231 5751 τά
1263 5697 1419 5767 τείχη
1452 5697 1695 5763 καθεῖλε,
1738 5700 1830 5753 καὶ

1935 5699 2247 5754 divinarum
2277 5698 2438 5768 205
2457 5698 2635 5767 legum
2661 5697 3013 5752 observantia
3035 5711 3115 5750 cet
3133 5697 3337 5752 Limina
3365 5699 3514 5754 obic-

253 5787 345 5844 τὴν
374 5787 433 5842 ἐν
461 5786 532 5858 τῇ
566 5786 719 5841 κάτω
755 5789 906 5843 πόλει
938 5789 1116 5847 ἄκραν
1159 5789 1547 5854 οἰκοδομήσας,
1586 5789 1830 5853 φρουρὰν

1937 5800 2082 5844 runt.
2114 5789 2192 5844 Ac
2230 5789 2265 5842 ii
2298 5789 2392 5853 qui
2418 5789 2524 5843 vim
2562 5788 2836 5843 susti.-;ere
2882 5802 2990 5842 non
3029 5796 3304 5854 poterant.
3338 5789 3520 5857 impc.
