3772 6580
429 410 538 478 375

1714 414 2038 478 JOANNIS
2074 414 2396 477 ΖΟΝΑΠᾸΞ

3596 412 3703 476 376

429 523 814 598 diil‘ugiebant.
861 527 969 587 Sed
1007 543 1133 587 cum
1185 527 1378 601 Lysias
1421 528 1529 588 dux
1590 541 1647 590 et
1703 529 1918 587 Antiocl

2209 547 2261 582 ια
2294 528 2487 596 ἐλθὼν,
2511 529 2825 600 ἐπολιόρκει
2861 526 3054 599 αὑτὴν,
3079 525 3362 600 καρτερῶς
3399 525 3515 583 τῶν
3552 525 3698 583 tta.»

430 618 858 690 intellexissent,
910 622 1246 696 Philippum,
1296 639 1462 694 quem
1511 624 1757 680 moriens
1814 623 2010 679 Antio-

426 707 570 766 chus
619 712 774 784 regni
823 723 1136 770 curatorem
1186 714 1510 787 reliquerat,
1575 716 1870 790 imperium
1903 716 2008 774 sibi

427 801 712 860 vindicare
755 821 770 859 :
825 807 894 862 iis
931 807 1344 864 conditionibus
1382 825 1507 865 cum
1566 810 1808 866 obsessis
1853 809 2009 882 pepi-

424 905 648 965 gerunt,
697 909 758 953 ut
815 900 900 956 eis
957 901 1151 972 patriis
1203 900 1419 973 legibus
1468 901 1549 958 uti
1601 903 1816 960 liceret.
1897 903 2008 960 An-

426 986 648 1047 tiochus
676 979 814 1047 vero
858 992 913 1048 in
957 994 1150 1050 urbem
1207 1007 1487 1067 receptus,
1552 1011 1680 1053 cum
1735 997 2005 1070 templum

425 1084 855 1139 munitissimum
897 1100 1018 1142 esse
1075 1087 1324 1154 vidisset,
1384 1098 1572 1161 spreto
1621 1091 2003 1164 jurejurando,

421 1189 614 1230 everso
657 1191 843 1237 muro.
907 1176 1261 1251 abductoque
1300 1180 1447 1238 Onia
1501 1181 1786 1252 pontiﬁce,
1825 1184 1920 1256 qui
1951 1194 2008 1240 et

424 1267 703 1328 Menelaus
735 1270 1049 1341 dicebatur,
1085 1274 1182 1346 qui
1209 1275 1356 1344 patri
1393 1290 1495 1332 suo
1526 1278 1758 1350 cogendi
1784 1279 2008 1337 Iudaeos

304 1427 310 1433 ἢ
417 1359 488 1418 ad
510 1364 689 1434 patria
729 1363 984 1422 instituta
1016 1367 1276 1423 violanda
1304 1378 1500 1425 auctor
1524 1369 1748 1436 fuisset.
1783 1373 2005 1429 multis-

416 1469 524 1524 que
557 1455 718 1512 malis
749 1471 972 1514 causam
1023 1459 1374 1531 praebuisset,
1414 1461 1673 1520 discessit
1705 1483 1719 1520 :
1763 1479 2004 1537 eumque

418 1547 699 1606 Berrmam
736 1551 966 1608 missum
997 1553 1238 1625 denique
1271 1555 1521 1622 sustulit,
1565 1556 1846 1613 hominem
1902 1559 2006 1612 im-

417 1638 596 1709 pium,
626 1656 754 1697 cum
779 1659 958 1700 anuos
989 1661 1019 1699 x
1051 1646 1365 1704 sacerdotio
1409 1650 1634 1706 functus
1661 1660 1829 1707 esset.
1863 1652 2006 1708 Pon-

416 1731 621 1790 tiﬁcem
660 1751 794 1792 vero
821 1737 1130 1810 designavit
1153 1739 1451 1806 Alcimum,
1483 1742 1578 1813 qui
1604 1753 1659 1799 et
1684 1743 2003 1802 Joaeliimus

415 1821 732 1881 dicebatur.
759 1825 1074 1898 Philippum
1101 1844 1321 1900 quoque
1351 1841 1669 1900 superatum
1695 1841 1751 1888 et
1777 1846 1996 1905 captum

416 1916 645 1973 occidit.
675 1917 946 1976 Caeterum
976 1921 1163 1987 Onias,
1196 1923 1439 1980 Simonis
1461 1925 1603 1982 Iusti
1633 1927 1799 1995 ﬁlius,
1836 1945 1998 1999 quem

416 2017 576 2078 pater
601 2012 868 2079 moriens,
897 2013 1188 2070 utdictum
1238 2026 1342 2082 est,
1377 2033 1610 2088 puerum
1678 2021 1998 2092 reliquerat,

413 2118 540 2157 eum
567 2103 880 2162 Antiochus
902 2107 1285 2178 pontiﬁcatum
1314 2110 1531 2167 Alcimo
1559 2128 1589 2165 a
1607 2110 1821 2170 familia
1859 2131 2002 2186 pon-

413 2196 582 2255 tificia
617 2198 800 2256 alieno
830 2199 1096 2268 dedisset,
1141 2203 1194 2257 in
1239 2201 1536 2276 IEgyptum
1595 2206 1862 2278 cOnl'ugit,
1919 2217 2003 2263 at-

409 2303 518 2359 que
538 2304 570 2347 a
607 2289 907 2348 Ptolemaeo
938 2292 1242 2350 honorifice
1272 2305 1586 2366 susceptus,
1609 2298 1733 2355 loco
1759 2301 1812 2355 in
1835 2301 2002 2372 208

411 2380 824 2454 Heliopolitana
854 2384 1079 2458 regione
1113 2399 1297 2458 capto,
1335 2389 1600 2460 templum
1643 2389 1817 2447 instar
1869 2392 2000 2448 Hie-

409 2475 789 2548 rosolymitani
851 2479 1122 2536 condidit.
1190 2483 1504 2540 Demetrius
1559 2501 1728 2556 porro
1779 2487 1998 2545 Seleuci

409 2563 582 2631 illius,
619 2581 747 2623 cum
781 2569 958 2624 Roma
987 2569 1042 2625 in
1092 2569 1265 2644 Syriae
1321 2572 1586 2644 Tripolim
1641 2575 1995 2648 profugisset,

405 2657 682 2716 Antiocho
705 2671 764 2718 et
793 2661 952 2734 Lysia
981 2665 1423 2736 comprehensis.
1452 2677 1752 2738 utrumque
1769 2669 1995 2737 occidit,

373 2750 656 2816 Jecundo
689 2767 835 2808 anno
871 2755 1026 2826 regni
1082 2756 1368 2812 Antiochi.
1413 2757 1573 2830 Apud
1615 2760 1767 2817 hunc
1798 2761 1996 2818 Deme-

405 2844 578 2902 trium
639 2845 891 2906 Alcimus
951 2850 1197 2921 pontifex
1228 2891 1244 2916 ,
1305 2861 1362 2908 et
1415 2853 1735 2910 Judazorum
1774 2856 1997 2912 exsules

403 2953 473 2996 ac
495 2937 892 3011 improbissimi
918 2943 1148 3014 quique,
1174 2943 1372 3001 Judam
1399 2945 1772 3003 Machameum
1815 2958 1872 3004 et
1905 2959 1994 3006 to-

404 3043 519 3090 tam
555 3045 777 3106 gentem
799 3035 868 3092 de
895 3037 1205 3094 interfectis
1239 3039 1382 3110 regis
1414 3041 1606 3098 amicis
1637 3055 1992 3102 accusarunt.

403 3127 526 3196 Qua
584 3129 969 3187 criminatione
1020 3131 1300 3198 irritatus,
1347 3133 1673 3190 Bacchidem
1737 3136 1994 3192 intimum

2113 621 2501 692 ἀμυνομένων.
2528 619 2693 677 Ἀλλὰ
2722 619 2935 692 τροφῆς
2959 618 3322 691 ἐπιλιπούσης
3345 619 3551 684 αὑτοῖς,
3572 619 3702 672 πολ-

2111 706 2195 761 λοὶ
2219 709 2636 780 ἀπεδίδρασκον.
2658 707 2765 762 Τοῦ
2797 709 2984 779 μέντοι
3001 708 3366 773 Φιλίππου,ὂν
3404 710 3705 781 ἐπίτροπον

2111 802 2209 872 τῆς
2241 801 2522 873 βασιλείας
2566 802 2816 873 θνήσκων
2850 802 2879 855 6
2905 803 3184 875 Ἀντίοχος
3226 802 3401 867 εἴασε,
3446 821 3704 873 σφετερι-

2112 895 2343 967 ζομένου
2370 893 2470 967 τὴν
2501 895 2806 966 βασιλείαν,
2830 895 3036 958 Λυσίας
3067 897 3096 949 6
3125 898 3429 963 στρατηγὸς
3463 898 3560 950 καὶ
3593 895 3706 951 Ἂν.

2109 991 2314 1063 τίοχος,
2342 990 2565 1058 γνόντες
2599 989 2784 1051 τοῦτο,
2819 989 2934 1052 τοῖς
2989 988 3471 1060 πολιορκουμένοις
3517 989 3706 1042 lossi-

2111 1101 2296 1151 σαντο,
2316 1083 2456 1137 ὥστε
2493 1083 2691 1145 αὑτοὺς
2720 1083 2835 1146 τοῖς
2863 1079 3141 1152 πατρῴοις
3161 1080 3464 1153 κεχρῆσθαι
3489 1081 3704 1152 νόμοις.

2109 1175 2422 1248 Είσδεχθεὶς
2450 1173 2546 1230 οὖν
2573 1176 2652 1240 είς
2687 1177 2784 1246 τὴν
2805 1174 2963 1228 πόλιν
2997 1174 3298 1246 Ἀντίοχος,
3325 1177 3420 1228 καὶ
3456 1173 3585 1228 ίδὼν
3616 1175 3707 1227 τὶν

2109 1267 2237 1326 ναδν
2260 1267 2636 1341 ὀχυρώτατον,
2677 1267 2808 1329 τοὺς
2838 1267 3035 1337 ὅρκους
3085 1265 3347 1336 nes—.11“,
3373 1265 3469 1320 καὶ
3497 1267 3561 1320 τὸ
3595 1270 3708 1319 tsi-

2108 1382 2204 1436 χος
2259 1362 2607 1434 κατέσκαψε,
2637 1361 2735 1416 καὶ
2763 1359 2936 1425 οὕτως
2969 1359 3283 1432 ὑπέστρεψε
3305 1377 3320 1393 ο
3348 1360 3440 1415 καὶ
3477 1361 3573 1415 τὶν
3602 1360 3707 1432 ἁρ-

2109 1473 2193 1526 χιε
2204 1453 2302 1528 ρέα
2329 1453 2519 1509 Ὀνίαν
2545 1454 2917 1526 ἐπαγόμενος,
2935 1452 2992 1518 ὃς
3016 1454 3112 1508 καὶ
3129 1453 3406 1516 Μενέλαος
3428 1453 3706 1515 ἐκαλεῖτο,

2107 1548 2183 1611 ὡς
2235 1546 2503 1601 πείσαντα
2570 1546 2664 1600 τὸν
2720 1546 2936 1617 πατέρα
2995 1545 3166 1600 αὑτοῦ
3230 1545 3358 1610 τοὺς
3408 1546 3708 1609 Ἰουδαίους

2108 1640 2396 1714 βιάζεσθαι
2421 1640 2741 1711 παραϐῆναι
2769 1639 2838 1694 τὰ
2863 1638 2963 1710 έθη
3004 1638 3072 1693 τὰ
3106 1639 3335 1713 πάτρια,
3364 1641 3459 1693 καὶ
3485 1638 3706 1693 πολλῶν

2107 1734 2294 1788 κακῶν
2329 1735 2623 1805 γενόμενον
2652 1732 2848 1799 αἴτιον,
2876 1733 2936 1788 ὃν
2964 1734 3059 1787 καὶ
3079 1731 3302 1802 πέμψας
3320 1735 3400 1796 εἰς
3429 1733 3705 1806 Βέρῤοιαν

2106 1827 2205 1897 τῆς
2235 1826 2437 1899 Συρίας
2462 1826 2792 1897 διέφθειρεν,
2835 1826 2934 1898 ἐτη
2976 1825 3107 1880 δέκα
3141 1827 3239 1897 τῆς
3280 1825 3705 1899 ἀρχιερωσύνης

2106 1918 2481 1988 κρατήσαντα,
2504 1920 2768 1988 γεγονότα
2785 1917 2841 1972 δὲ
2856 1919 3048 1990 ἀσεϐῆ.
3068 1920 3126 1970 Ἀ
3137 1936 3250 1989 ρχιε
3262 1920 3386 1989 ρεὺς
3402 1919 3458 1972 δὲ
3476 1918 3706 1988 γέγονεν

2108 2011 2399 2079 Ἀλκιμος,
2424 2011 2483 2076 ὃς
2512 2010 2607 2065 καὶ
2634 2011 2898 2083 Ἰωακεὶμ
2926 2012 3198 2067 ἐκαλεῖτο.
3235 2012 3294 2067 Ὀ
3324 2012 3368 2066 δ’
3396 2012 3705 2084 Ἀντίοχος,

2103 2105 2425 2176 πολεμήσας
2462 2105 2596 2176 πρὸς
2616 2105 2911 2170 Φίλιππον,
2937 2107 3034 2162 καὶ
3059 2107 3474 2177 χειρωσάμενος
3507 2107 3704 2172 αὑτὸν,

2103 2197 2364 2252 ἔκτεινεν.
2395 2195 2545 2251 Ἰδὼν
2573 2197 2630 2252 δὲ
2666 2197 2694 2250 6
2727 2198 2823 2252 τοῦ
2853 2199 3158 2271 ἀρχιερέως
3205 2199 3449 2270 Σίμωνος
3477 2201 3578 2253 τοῦ
3613 2204 3703 2253 Δι-

2101 2292 2258 2347 καίου
2289 2292 2406 2357 υίὸς
2433 2291 2638 2357 Ὀνίας,
2669 2291 2730 2346 ὃν
2776 2278 2992 2345 παιδίον
3025 2293 3051 2346 6
3082 2290 3270 2364 πατὴρ
3299 2291 3602 2356 τελευτῶν,
3632 2292 3705 2355 ὡς

2100 2389 2340 2460 εἴρηται,
2363 2386 2783 2452 καταλέλοιπεν,
2810 2386 2893 2440 ὅτι
2924 2385 3024 2457 τὴν
3057 2385 3480 2458 ἀρχιερωσύνην
3509 2384 3705 2438 Ἀλκί-

2104 2499 2190 2553 μῳ
2230 2482 2464 2536 δέδωκεν
2491 2482 2520 2534 6
2546 2481 2840 2552 ’Λντίοχος,
2869 2481 2944 2552 μὴ
3001 2479 3080 2551 τῷ
3111 2480 3261 2551 γένει
3295 2481 3376 2552 τῷ
3427 2480 3702 2553 ἀρχιεραο

2099 2573 2239 2646 τικῷ
2294 2575 2667 2646 προσήκοντι,
2707 2573 2905 2645 φεύγει
2941 2572 3084 2643 πρὸς
3121 2572 3457 2643 Πτολεμαῖον
3488 2574 3576 2638 εἰς
3616 2575 3705 2628 Al-

2100 2683 2310 2736 γυπτον
2326 2684 2341 2700 ⁸
2365 2668 2462 2722 καὶ
2478 2666 2760 2739 τιμηθεὶς,
2783 2665 3055 2738 λαμϐάνει
3085 2666 3253 2720 τόπον
3285 2667 3342 2718 ὲν
3366 2665 3446 2735 τῷ
3482 2666 3705 2720 Ἡλιου-

2101 2758 2302 2832 πολίτῃ
2332 2759 2508 2833 νομῷ,
2567 2760 2664 2814 καὶ
2699 2757 2846 2832 ἱερὸν
2878 2759 2997 2813 ἐκεῖ
3041 2757 3362 2830 ᾠκοδόμησε
3393 2757 3473 2829 τῷ
3503 2759 3567 2810 ὲν
3607 2758 3704 2812 Ἰε-

2103 2850 2428 2924 ροσολύμοις
2477 2851 2858 2924 παρεμφερές.
2912 2852 3224 2924 Δημήτριος
3263 2852 3573 2921 δὲ,φυγὼν
3641 2851 3704 2904 ἐκ

2113 2941 2362 3017 Ῥώμης,
2426 2945 2455 2999 6
2517 2943 2786 2999 Σελεύκου
2835 2945 2971 3011 υἱὸς,
3031 2947 3127 3000 καὶ
3185 2945 3548 3015 καταντήσας
3606 2945 3701 3015 τῖς

2099 3038 2300 3109 Συρίας
2336 3039 2418 3101 είς
2449 3037 2736 3111 Τρίπολιν,
2777 3037 2872 3092 τόν
2920 3055 2981 3091 τε
3012 3037 3292 3109 ’Λντῐοχον
3328 3039 3425 3092 καὶ
3455 3038 3554 3090 τὸν
3594 3039 3702 3090 Au-

2101 3131 2225 3184 σίαν
2255 3129 2668 3195 συλλαϐὼν,καὶ
2701 3131 2870 3202 ἄμφω
2898 3129 3230 3201 διέφθειρεν,
3257 3131 3353 3184 ἐπὶ
3383 3130 3482 3184 δύο
3507 3133 3702 3185 ἐνιαυ-

403 3221 645 3278 amicum
671 3238 796 3280 cum
838 3225 1098 3282 maximis
1125 3226 1303 3296 copiis
1361 3227 1536 3294 misit,
1596 3230 1892 3287 mandavit.

2213 3243 2228 3288 :
2253 3224 2348 3279 τοῦ
2387 3223 2669 3296 ’Δντιόχου
2695 3223 3147 3295 βασιλεύσαντος.
3173 3223 3366 3295 Τούτῳ
3395 3225 3478 3294 τῷ
3507 3227 3702 3295 Δημη-

403 3321 469 3372 ttt
499 3314 698 3372 ludam
731 3327 789 3373 et
819 3333 953 3375 suos
981 3320 1283 3377 occideret.
1312 3321 1363 3376 is
1395 3322 1450 3376 in
1498 3322 1746 3379 Judzeam
1807 3325 1993 3396 prote-

401 3417 548 3477 ctus,
582 3408 780 3466 Iudam
809 3420 866 3468 et
896 3411 1125 3473 fratrem
1155 3415 1278 3485 ejus
1300 3414 1367 3469 ad
1412 3430 1603 3485 pacem
1646 3417 1989 3487 provocavit.

355 3539 360 3544 -
403 3501 514 3560 Sed
558 3501 670 3560 illis
689 3503 852 3561 fidem
879 3504 932 3561 ei
957 3520 1068 3561 non
1096 3506 1453 3570 habentibus,
1517 3507 1742 3577 quidam
1788 3509 1989 3580 plebeii

409 3597 669 3654 homines
695 3598 1330 3671 jurejurando-accepto,
1363 3600 1431 3656 ad
1466 3601 1621 3656 illum
1675 3603 1990 3674 transfuge-

403 3699 556 3756 runt,
585 3691 680 3761 qui
710 3701 894 3761 spreta
928 3693 1218 3764 religione,
1274 3711 1340 3749 ex
1396 3711 1592 3751 eorum
1647 3695 1988 3760 interfectis,

354 3815 356 3817 ›
403 3789 688 3838 cmterosa
723 3782 1033 3856 transfugio
1057 3784 1332 3840 deterruit
1358 3797 1454 3842 :et
1480 3787 1550 3842 iis
1579 3787 1675 3858 qni
1711 3787 1987 3858 regionem

401 3873 739 3941 incolebant,
774 3874 989 3932 Alcimo
1025 3877 1273 3948 pontifici
1299 3894 1494 3950 parere
1547 3880 1741 3950 jussis,
1795 3881 1994 3936 Antio-

400 3966 584 4025 chiam
614 3968 799 4024 rediit.
837 3969 1086 4026 Alcimus
1112 3987 1243 4028 vero
1289 3972 1538 4042 singulos
1585 3973 1787 4030 blande
1845 3975 1988 4030 allo-

398 4060 646 4132 quendo,
670 4069 729 4118 et
775 4062 1041 4118 omnibus
1057 4063 1168 4120 sibi
1203 4064 1539 4129 conciliatis,
1593 4067 1850 4123 celeriter
1873 4084 1988 4124 ma-

398 4147 569 4224 gnum
593 4155 899 4210 exercitum
923 4156 1180 4210 exsulum
1210 4157 1402 4228 majori
1445 4173 1512 4211 ex
1552 4167 1731 4227 parte.
1775 4170 1831 4214 et
1884 4159 1985 4213 im-

398 4246 622 4314 piorum
651 4245 966 4312 hominum,
992 4247 1290 4312 contraxit,
1315 4248 1520 4318 quibus
1550 4249 1617 4302 ad
1666 4249 1821 4305 Iudae
1862 4259 1984 4304 stu~

397 4336 588 4392 diosos
605 4336 965 4393 trucidandos
994 4337 1276 4393 utebatur.
1313 4338 1473 4404 Quod
1515 4342 1828 4411 exemplum
1855 4358 1980 4399 eum

396 4427 570 4484 Judas
594 4428 650 4484 in
674 4427 966 4484 adversam
995 4429 1290 4484 factionem
1337 4439 1708 4502 retorqueret,
1737 4433 1982 4489 Alcimus

397 4520 740 4576 Demetrium
765 4523 1027 4591 perpulit,
1072 4523 1479 4578 utNicanorem
1505 4541 1628 4578 ctun
1667 4527 1982 4597 ingentibus

396 4614 806 4684 copiisJeontra
867 4614 1063 4669 Judam
1120 4616 1379 4682 mitteret,
1440 4619 1860 4690 mandaretque,
1913 4639 1980 4678 ne

397 4707 548 4777 genti
581 4715 855 4778 parceret.
886 4707 938 4762 ls
966 4707 1020 4762 in
1047 4707 1291 4763 Judaaam
1329 4711 1630 4782 profectus,
1663 4713 1857 4768 Judam
1886 4733 1984 4786 per

393 4801 640 4870 speciem
671 4799 1076 4871 paciﬁcationis
1107 4800 1235 4857 dolo
1253 4818 1450 4875 capere
1484 4805 1725 4860 instituit
1766 4830 1775 4861 :
1816 4824 1848 4862 a
1875 4825 1984 4878 quo

343 4883 347 4886 ’
396 4891 510 4949 ﬁde
538 4892 667 4949 data
701 4903 1060 4964 acceptaque,
1095 4909 1222 4950 cum
1247 4897 1423 4968 copiis
1475 4899 1532 4953 in
1574 4900 1768 4955 urbem
1827 4918 1982 4957 rece-

397 4995 548 5057 ptus,
575 4984 721 5042 inter
758 4986 1112 5043 salutandum
1176 4998 1233 5045 et
1281 4991 1711 5062 colloquendum
1764 4994 1982 5065 signum

399 5079 494 5134 dat
519 5079 662 5146 suis,
692 5079 950 5134 utvirum
985 5082 1482 5152 comprehendant.
1532 5082 1603 5138 At
1646 5084 1738 5139 ille
1773 5085 1985 5140 insidiis

392 5170 816 5238 animadversis,
846 5172 912 5227 ad
930 5173 1150 5229 Judzeos
1174 5175 1490 5244 prosiliens,
1508 5175 1723 5246 eﬂugit.
1745 5176 1986 5231 Nicanor

395 5262 566 5334 igitur
594 5276 660 5318 eo
697 5275 898 5319 conatu
931 5263 1252 5330 frustratus,
1282 5266 1394 5336 jam
1424 5278 1616 5335 aperto
1659 5267 1832 5320 Marte
1868 5282 1981 5321 rem

392 5371 612 5429 gerens,
637 5358 891 5428 superior
926 5359 1124 5425 factus,
1146 5357 1286 5413 Juda
1320 5359 1373 5412 in
1419 5373 1606 5413 arcem
1664 5356 1982 5431 Hierosoly-

395 5451 662 5505 mitanam
712 5451 1022 5521 compulso,
1054 5450 1299 5505 minatur
1336 5449 1562 5521 populo,
1597 5451 1653 5504 ni
1703 5451 1855 5506 illum
1883 5453 1981 5508 de-

394 5541 548 5609 dant,
581 5559 640 5599 se
679 5546 946 5614 templum
995 5559 1346 5599 eversurum.
1383 5543 1553 5600 Iudas
1593 5561 1724 5601 vero
1775 5564 1904 5602 suos
1945 5565 1980 5602 lu

394 5637 547 5692 viros
570 5637 638 5692 ad
665 5653 781 5692 rem
817 5637 1036 5692 fortiter
1068 5636 1364 5707 gerendam
1427 5639 1769 5704 cohortatus,
1808 5641 1982 5711 impe-

393 5741 512 5786 tum
539 5731 595 5786 in
625 5730 811 5786 hostes
842 5729 995 5793 facit,
1049 5731 1254 5786 multos
1306 5731 1488 5798 caedit,
1540 5749 1604 5788 ac
1652 5735 1795 5790 inter
1840 5735 1978 5792 alios

397 5822 576 5890 ipsum
607 5838 820 5893 quoque
853 5821 1179 5878 Nicanorem
1217 5840 1231 5878 :
1273 5823 1471 5896 reliqui
1503 5827 1556 5880 in
1611 5825 1731 5896 iuga
1785 5842 1976 5884 omnes

2095 3317 2232 3390 τρίῳ
2261 3319 2289 3372 6
2317 3318 2610 3389 ἀρχιερεὺς
2637 3315 2905 3388 Ἄλκιμος
2935 3316 3273 3390 προσελθὼν,
3303 3318 3397 3370 καὶ
3419 3317 3536 3370 τὼν
3566 3317 3701 3370 Ἰου·

2093 3411 2263 3468 δαίων
2325 3410 2516 3465 πολλοὶ
2573 3410 2815 3482 φυγάδες
2873 3411 2968 3465 καὶ
3017 3412 3269 3482 πονηροὶ,
3344 3412 3699 3482 κατηγόρουν

2095 3504 2271 3559 Ἰούδα
2318 3503 2413 3559 τοῦ
2451 3505 2842 3570 Μακκαὸαίου,
2889 3505 2984 3558 καὶ
3017 3503 3111 3558 τοῦ
3142 3504 3329 3568 ἔθνους
3362 3502 3595 3570 παντὸς,
3625 3503 3702 3567 ὡς

2092 3603 2219 3665 τοὺς
2250 3602 2418 3656 αὑτοῦ
2448 3601 2640 3672 φίλους
2674 3602 3075 3658 ἀπεκτονότων.
3105 3602 3165 3656 '0
3191 3601 3270 3668 δὲ,
3302 3599 3700 3671 παροξυνθεὶς,

2094 3693 2306 3763 πέμπει
2333 3693 2608 3764 Βακχίδην
2653 3693 2804 3765 αὑτῷ
2833 3694 3175 3748 οἰκειότατον
3230 3694 3368 3763 μετὰ
3420 3694 3700 3763 μεγίστης

2092 3787 2399 3858 δυνάμεως.
2419 3787 2802 3858 ἐντειλάμενος
2823 3787 2975 3856 αὑτῷ
2997 3788 3205 3840 κτεῖναι
3229 3787 3322 3840 καὶ
3339 3786 3432 3839 τὸν
3457 3785 3698 3849 Ἰούδαν,

2094 3878 2188 3930 καὶ
2240 3878 2366 3942 τοὺς
2411 3877 2510 3930 σὺν
2558 3877 2730 3949 αὑτῷ.
2759 3879 2878 3941 Ὃς,
2918 3879 2998 3939 είς
3045 3877 3145 3948 τὴν
3179 3877 3448 3930 Ἰουδαίαν
3497 3875 3697 3943 ἐλθὼν,

2092 3967 2310 4039 έπεμψε
2345 3968 2484 4040 πρὸς
2515 3967 2608 4022 τὸν
2632 3967 2838 4022 Ἰούδαν
2884 3969 2977 4022 καὶ
3021 3969 3149 4031 τοὺς
3201 3969 3365 4023 αὑτοῦ
3399 3969 3696 4038 ἀδελφοὺς.

2091 4063 2183 4115 ἐπὶ
2233 4062 2458 4132 εἰρήνην
2519 4060 2717 4126 αὑτοὺς
2765 4061 2970 4116 καλῶν.
3005 4063 3068 4116 Οἱ
3108 4061 3167 4115 δὲ
3197 4062 3296 4115 οὑκ
3355 4062 3698 4116 ἐπίστευσαν

2090 4151 2261 4223 αὑτῷ.
2291 4151 2447 4217 Τινὲς
2477 4153 2532 4206 δὲ
2552 4153 2661 4206 τῶν
2677 4152 2773 4206 τοὺ
2801 4154 3000 4223 δήμου,
3028 4153 3286 4216 λαϐόντες
3310 4155 3510 4224 ὅρκους
3541 4157 3697 4227 παρὰ

2091 4244 2388 4316 Βακχίδου,
2421 4242 2732 4314 προσῆλθον
2751 4243 2921 4314 αὑτῷ,
2942 4244 3024 4308 6;,
3055 4244 3164 4298 τῶν
3193 4244 3373 4316 ὅρκων
3403 4263 3698 4317 καταφροη

2087 4338 2277 4408 νήσας,
2325 4336 2593 4408 ἐξήκοντα
2641 4337 2850 4390 τούτων
2899 4337 3214 4401 ἀπέκτεινε,
3252 4339 3348 4392 καὶ
3401 4339 3554 4394 οὕτω
3589 4342 3696 4393 τῶν

2086 4428 2292 4482 λοιπῶν
2351 4431 2449 4499 τὴν
2499 4428 2675 4501 όρμὴν
2723 4429 2816 4482 τοῦ
2876 4429 3027 4500 αὑτῴ
3073 4433 3358 4500 προσιέναι
3417 4433 3693 4503 ἀνέκοψε.

2091 4521 2216 4585 Τοῖς
2247 4521 2292 4574 δ’
2327 4523 2386 4576 ὲν
2413 4524 2479 4592 τῇ
2518 4521 2671 4593 χώρᾳ
2707 4523 2843 4575 πᾶσι
2875 4521 3209 4594 προσέταξεν
3248 4525 3562 4582 ὑπακούειν
3597 4528 3694 4582 τοῦ

2090 4614 2396 4688 ἀρχιερέως
2426 4615 2714 4685 Ἀλκίμου.
2747 4617 2856 4670 Καὶ
2884 4616 3063 4672 ταῦτα
3090 4617 3570 4689 διαπραξάμενος,
3611 4624 3695 4685 είς

2089 4709 2423 4780 Ἀντιόχειαν
2454 4707 2781 4778 ἐπανῆλθεν.
2805 4710 3072 4780 ’Ἄλκιμος
3107 4711 3184 4777 δὲ,
3209 4710 3345 4781 πρὸς
3371 4713 3539 4783 χάριν
3561 4714 3688 4783 ὁμι-

2088 4803 2196 4856 λῶν
2215 4803 2450 4871 ἑκάστῳ,
2483 4803 2577 4855 καὶ
2597 4803 2806 4866 πάντας
2834 4803 3287 4873 ὑποποιούμενος,
3312 4805 3448 4873 ταχῦ
3479 4806 3695 4877 πολλὴν

2092 4893 2345 4959 συνέλεξε
2403 4893 2658 4963 δύναμιν,
2684 4887 2759 4946 ὧν
2798 4895 2846 4946 oi
2904 4894 3126 4958 πλείους
3158 4897 3222 4948 ὲκ
3251 4894 3362 4948 τῶν
3423 4899 3694 4967 φυγάδων

2087 4981 2228 5054 ἦσαν
2272 4985 2366 5037 καὶ
2401 4985 2632 5047 ἀσεϐῶ-ι,
2663 4984 2732 5038 δι’
2763 4978 2838 5038 ὧν
2866 4987 2993 5050 τοὺς
3022 4989 3090 5040 τὰ
3121 4985 3296 5042 '10'162
3337 4989 3692 5057 φρονοῦντας

2089 5077 2364 5131 ἑκτίννυεο
2398 5077 2492 5130 καὶ
2523 5075 2725 5140 Ἰούδας
2767 5075 2812 5129 δ’
2842 5077 3114 5148 ἑτέρωθεν
3150 5081 3277 5140 τοὺς
3302 5081 3370 5134 τά
3408 5079 3689 5153 Ἀλκίμου

2087 5171 2430 5240 πράττοντας
2458 5167 2788 5238 διέφθειρεν,
2820 5168 2846 5220 6
2879 5168 2937 5221 δὲ
2963 5169 3054 5222 τὸν
3077 5171 3389 5242 Δημήτριον
3417 5174 3564 5228 κατά
3587 5173 3692 5227 τοῦ

2087 5263 2259 5317 Ἰούδα
2280 5261 2523 5333 ἠρέθιζε.
2558 5263 2774 5332 Πέμπει
2809 5263 2990 5317 τοίνυν
3018 5262 3177 5326 αὖθις
3207 5265 3234 5316 6
3268 5265 3528 5334 βασιλεὺς
3585 5268 3691 5321 Νι-

2087 5355 2313 5426 κάνωρα
2379 5355 2518 5424 μετά
2571 5355 2840 5424 μεγίστης
2891 5356 3096 5427 χειρὸς,
3146 5357 3535 5429 ἐντειλάμενος
3583 5360 3687 5414 ετσῦ

2085 5447 2275 5511 ἔθνους
2319 5447 2394 5516 μὴ
2423 5447 2737 5516 φείσασθαι.
2770 5448 3060 5513 Κάκεῖνος,
3096 5448 3372 5512 ἀπελθὼν,
3396 5449 3534 5520 δόλῳ
3579 5469 3686 5504 κα-

2084 5541 2310 5613 τασχεῖν
2365 5540 2690 5611 ἐπεχείρησε
2733 5540 2826 5591 τὸν
2882 5539 3107 5604 Ἰούδαν,
3127 5543 3223 5595 καὶ
3273 5541 3411 5613 πρὸς
3443 5543 3685 5615 εἰρήνην

2084 5634 2445 5706 προεκαλεῖτο
2477 5633 2662 5688 αὐτόν’
2685 5635 2712 5686 6
2740 5632 2818 5697 δὲ,
2842 5632 3054 5696 πίστεις
3075 5633 3198 5696 δοὺς
3230 5638 3325 5688 καὶ
3347 5635 3551 5701 λαϐὼν,
3581 5638 3682 5690 τὸν

2083 5732 2384 5802 Νικάνωρα
2422 5730 2562 5801 μετά
2584 5731 2681 5800 τῆς
2701 5731 2987 5799 δυνάμεως
3011 5729 3342 5797 εἰσεδέξατο,
3365 5731 3458 5784 καὶ
3491 5731 3682 5783 ἀσπα-

2087 5829 2322 5899 σάμενος
2375 5828 2535 5882 αὑτὸν
2571 5829 2598 5880 6
2625 5827 2884 5896 Νικάνωρ
2911 5827 3005 5879 καὶ
3035 5819 3412 5898 προσομιλῶν,
3442 5828 3683 5898 σημεῖον
