3876 6552
150 421 239 482 385
1386 408 1806 474 ANNALIUM
1834 409 1983 473 LIB.
2033 409 2134 471 IV.

3288 413 3391 479 385

149 525 419 598 πολιορκίᾳ
454 523 984 596 στενοχ‹ι›ρηθὲντες,
1023 521 1240 585 πίστεις
1271 521 1554 585 λαϐόντες,
1587 517 1705 586 e52-

1817 519 2096 575 lonatham
2129 517 2478 575 eduxerunt:
2506 517 2599 590 qui
2650 533 2775 574 cum
2811 532 3039 592 repente
3073 522 3156 578 eis
3198 538 3389 579 occur-

148 627 281 675 λιπον
306 620 363 671 τὸ
387 618 614 690 χωρίον,
651 618 746 670 καὶ
779 619 1033 687 φρουρὰν
1088 615 1232 668 ίδίαν
1261 617 1290 667 ὁ
1331 615 1515 684 Σίμων
1540 613 1708 666 κατέο

150 730 322 784 στησεν
350 712 408 763 ἐν
431 710 612 776 αὐτῷ.
646 709 906 778 Ἰωνάθης
930 708 1010 772 δὲ,
1049 709 1164 772 τοῖς
1206 707 1537 778 στρατηγοῖς
1569 721 1707 775 συμ-

150 807 290 877 μίξας
309 803 401 857 τοῦ
428 801 773 873 Δημητρίου,
793 803 884 864 εἰς
926 800 1108 871 φυγήν
1140 816 1201 853 τε
1260 799 1461 863 αὐτοὺς
1504 799 1708 870 τρέπε-

147 915 242 958 ται,
296 893 389 945 καὶ
425 893 561 962 περὶ
610 892 910 963 δισχιλίους
954 891 1164 945 ἀνελὼν
1221 889 1565 962 ὑπέστρεψεν
1627 890 1708 950 είς

155 987 506 1056 Ἱεροσόλυμα.
542 985 654 1040 Καὶ
679 986 758 1048 είς
794 983 1014 1056 Ῥώμην
1042 982 1343 1055 πρεσϐείαν
1384 983 1706 1054 ἐποιήσατο,

147 1080 231 1150 τὴν
260 1078 534 1150 προτέραν
570 1077 757 1146 φιλίαν
792 1076 860 1148 ἦν
893 1077 1032 1147 πρὸς
1075 1075 1137 1129 τὸ
1183 1074 1338 1138 ἔθνος
1365 1070 1535 1144 εἶχον,
1573 1075 1710 1128 ἀνα-

149 1169 462 1222 νεώσασθαι.
499 1169 570 1222 Οἱ
603 1170 660 1222 δὲ
684 1170 786 1236 τῆς
815 1168 1017 1238 βουλῆς
1068 1167 1138 1221 τὰ
1179 1166 1455 1238 πρότερον
1505 1166 1708 1237 ἐψηφι-

151 1261 303 1330 σμένα
354 1261 451 1312 καὶ
503 1255 666 1322 αὖθις
712 1260 1021 1330 ἐκύρωσαν.
1071 1259 1536 1328 Ἐ’πανερχόμενοι
1572 1257 1630 1310 δὲ
1659 1256 1710 1309 οί

150 1352 407 1422 πρέσϐεις,
449 1352 551 1404 καὶ
576 1353 658 1414 εἰς
683 1353 784 1422 τὴν
819 1352 1078 1422 Σπάρτην
1109 1351 1397 1420 ἀφίκοντο,
1426 1351 1523 1403 καὶ
1548 1350 1710 1404 τοῦτο

151 1445 530 1514 ἐντεταλμένον
559 1445 775 1516 ἔχοντες
831 1444 981 1516 παρὰ
1031 1444 1126 1498 τοῦ
1185 1443 1464 1499 Ἰωνάθου.
1504 1443 1613 1497 Kal
1660 1443 1710 1497 οί

145 1540 472 1610 Σπαρτιάται
499 1538 558 1591 δὲ
593 1538 720 1600 τοὺς
763 1538 1106 1608 πρεσϐευτάς
1159 1537 1504 1608 φιλοφρόνως
1541 1553 1712 1609 προσο

149 1635 352 1702 ἠκαντο,
410 1632 512 1684 καὶ
550 1631 820 1702 ψήφισμα
841 1633 976 1697 περὶ
1007 1632 1197 1701 φιλίας
1245 1633 1344 1687 καὶ
1388 1631 1712 1703 συμμαχίας

150 1728 266 1797 πρὸς
315 1723 613 1785 Ἰουδαίους
642 1723 850 1779 ἔθεντο.
891 1723 1001 1778 Τοῦ
1049 1723 1367 1796 Δημητρίου
1429 1725 1615 1796 μέντοι
1660 1724 1710 1777 οἱ

150 1815 424 1886 στρατηγοὶ
466 1815 570 1884 τὴν
611 1808 792 1885 ἧτταν
843 1815 1304 1886 ἀναμαχέσασθαι
1357 1815 1708 1879 σπεύδοντες,

1813 611 1998 678 risset,
2029 628 2139 666 non
2167 613 2285 666 ausi
2335 620 2530 681 aperto
2577 612 2748 666 Marte
2803 629 2927 668 cum
2979 629 3046 669 eo
3092 617 3390 686 congredi,

1811 713 1977 759 noctu
2012 704 2296 773 fugerunt.
2327 704 2479 772 Quos
2512 721 2662 771 cum,
2708 705 2832 777 fuga
2868 708 3086 778 cognita
3121 708 3386 777 interdiu,

1810 810 2154 866 persequens
2189 812 2298 850 non
2353 795 2589 866 adeptus
2644 807 2808 859 esset,
2851 814 2918 853 ex
2967 799 3170 854 Arabia
3206 801 3388 856 Naha-

1813 886 2080 942 thteorum
2113 903 2308 958 magna
2341 887 2523 958 praeda
2557 898 2613 944 et
2637 889 2827 944 multis
2853 889 3090 960 captivis
3113 890 3390 955 abductis,

1813 976 2068 1032 recedit:
2119 992 2182 1032 ac
2240 978 2448 1048 populo
2489 988 2796 1033 convocato
2839 980 3068 1043 suadet,
3123 991 3182 1035 ut
3233 981 3394 1037 urbis

1811 1070 2016 1125 moenia
2045 1078 2334 1136 renovent,
2363 1078 2418 1125 et
2461 1071 2651 1126 ruinas
2679 1087 2964 1128 murorum
3013 1076 3198 1146 templi
3231 1077 3392 1132 resti-

1811 1170 1992 1217 tuant.
2025 1163 2105 1218 Eo
2134 1164 2371 1218 consilio
2399 1165 2661 1220 omnibus
2695 1167 2962 1236 probato,
2999 1171 3113 1238 ipse
3150 1172 3199 1225 ei
3235 1171 3392 1241 operi

1813 1256 2082 1320 intentus,
2115 1255 2400 1311 Simonem
2433 1257 2658 1313 fratrem
2710 1260 2960 1330 ablegat,
2997 1274 3058 1316 ut
3107 1263 3392 1333 regionem

1814 1350 1870 1404 in
1938 1358 2058 1405 tuto
2121 1349 2376 1405 collocet.
2435 1351 2747 1407 Demetrius
2816 1353 2868 1407 in
2941 1353 3391 1424 Mesopotamiam

1813 1441 2118 1510 profectus,
2176 1452 2238 1498 ut
2279 1442 2613 1515 Babylonem
2663 1457 2718 1500 et
2757 1448 3071 1517 superiores
3118 1451 3394 1520 satrapias

1814 1535 2114 1604 acciperet,
2148 1536 2218 1591 ab
2259 1535 2456 1592 incolis
2497 1537 2702 1593 Gr.rcis
2729 1540 2893 1612 215.
2915 1549 2971 1595 et
3000 1532 3392 1597 Maceddnibus

1813 1628 2154 1685 deditionem
2200 1638 2256 1686 et
2316 1645 2539 1701 operam
2591 1632 2657 1686 ad
2708 1634 3094 1689 debellandum
3133 1635 3398 1690 Arsacem

1815 1718 2145 1773 Parthorum
2177 1737 2358 1794 regem
2390 1723 2805 1794 pollicentibus,
2839 1729 3168 1798 susceptus:
3204 1728 3394 1798 pra-lio

1815 1823 1940 1863 cum
1977 1811 2194 1866 Parthis
2242 1813 2559 1877 commisso,
2615 1817 2880 1870 omnibus
2931 1820 3105 1886 capiis
3156 1819 3394 1886 amissis,

153 1908 273 1978 μετὰ
309 1908 602 1978 δυνάμεως
653 1907 908 1973 πλείονος
977 1905 1146 1981 ἦλθον
1189 1909 1334 1963 κατὰ
1381 1908 1476 1962 τοῦ
1533 1909 1714 1962 Ἰωνά-

1818 1899 1934 1970 ipse
1980 1903 2217 1970 capitur.
2261 1903 2340 1957 Eo
2369 1903 2633 1958 Demetrii
2675 1920 2803 1959 casu
2837 1907 3080 1975 cognito,
3131 1907 3394 1980 Tryphon

153 2005 228 2055 θου
259 2004 390 2071 (55).
445 2003 509 2056 ’0
565 2001 622 2056 δὲ
697 1999 857 2067 αὖθις
915 2003 1103 2066 αὐτοῖς
1147 2002 1313 2069 ὀξέως
1367 2003 1706 2073 ἀπήντησεν.

151 2092 642 2156 ’Λποδειλιάσαντες
669 2093 727 2146 δὲ
763 2092 904 2165 πρὸς
953 2092 1201 2165 φανερὰν
1259 2093 1442 2164 μάχην
1481 2094 1710 2146 ἀντικαα

153 2187 392 2256 ταστῆναι
428 2187 617 2256 αὐτῷ,
663 2186 862 2248 νυκτὸς
934 2185 1159 2256 ἔφυγον.
1206 2187 1345 2239 Μεθ’
1395 2185 1609 2258 ἡμέραν
1653 2185 1710 2238 δὲ

154 2280 286 2346 γνοὺς
312 2284 410 2348 τὴν
439 2280 630 2349 φυγὴν
657 2279 944 2348 Ἰωνάθης,
982 2279 1243 2345 ἐπεδίωξε
1274 2279 1395 2349 μὲν,
1442 2280 1504 2332 ού
1540 2279 1711 2332 κατέ-

153 2371 258 2424 λαϐε
289 2371 364 2423 δέ’
401 2373 527 2424 ἀλλ’
552 2374 632 2435 είς
650 2373 917 2442 Ἀραῦίαν
954 2370 1148 2438 ἐλθὼν,
1183 2373 1416 2436 καὶτοῖς
1450 2371 1714 2444 Ναϐατη-

153 2470 244 2531 vol;
272 2466 549 2534 ἐπελθὼν,
579 2468 678 2521 xal
701 2466 854 2521 λείαν
889 2466 1105 2520 ἐκεῖθεν
1149 2467 1434 2530 ἀπελάσας
1483 2466 1711 2538 πολλὴν,

155 2564 230 2612 ml
253 2557 645 2630 αἰχμαλώτους
691 2558 895 2625 λαϐὼν,
950 2558 1246 2629 ἐπανῆλθε.
1283 2558 1618 2628 Συναγαγὼν
1657 2559 1715 2612 δὲ

157 2653 228 2705 τὸν
255 2653 396 2719 λαὸν,
434 2650 802 2706 συνεϐούλευε
855 2650 925 2703 τὰ
959 2650 1116 2722 τείχη
1148 2648 1258 2704 τῶν
1315 2651 1715 2722 Ἱεροσολύμων

155 2746 502 2808 ἀνακαινίσαι,
541 2745 636 2798 καὶ
656 2745 972 2815 ἀνοροῶσαι
1004 2745 1130 2798 ὅσον
1160 2743 1254 2797 τοῦ
1294 2744 1589 2816 περιϐόλου
1616 2745 1712 2800 τοῦ

159 2837 280 2906 lapsu
309 2835 621 2907 καθῄρητο.
653 2837 762 2889 Kal
814 2836 1095 2907 ἀρεσάσης
1141 2837 1277 2889 πᾶσι
1320 2835 1423 2907 τῆς
1470 2837 1716 2908 συμϐου-

159 2929 255 3000 λῆς,
279 2931 433 2990 αὐτὸς
457 2930 568 3000 μὲν
617 2928 780 3000 ἔργου
807 2929 1011 3000 εἴχετο,
1031 2929 1124 2982 τὸν
1147 2929 1204 2982 δὲ
1238 2928 1468 2998 ἀδελφὸν
1494 2930 1716 3001 Σίμωνα

161 3019 340 3091 ἔπεμψε
363 3020 462 3092 τὴν
501 3019 693 3092 χώραν
721 3021 1194 3092 ἀσφαλισόμενον.
1241 3022 1305 3074 '0
1323 3021 1379 3075 δέ
1415 3037 1478 3090 γε
1525 3022 1716 3093 Δημή-

161 3131 283 3184 τριος
311 3115 388 3177 είς
417 3116 860 3188 Μεσοποταμίαν
875 3110 1034 3189 ἧκεν,
1066 3115 1142 3182 ὡς
1162 3115 1262 3187 τὴν
1290 3114 1589 3170 Βαϐυλῶνα
1621 3116 1718 3172 xal

1815 1994 2117 2064 cupiditate
2138 1995 2292 2065 regni
2309 1999 2642 2069 occupandi,
2661 2004 2786 2054 vita:
2805 2001 3058 2056 Antiochi
3075 2002 3392 2057 insidiatur.

1815 2085 1920 2141 Sed
1947 2088 2076 2157 quia
2106 2087 2355 2144 Jonatbae
2385 2091 2683 2146 amicitiam
2722 2107 2848 2145 cum
2881 2108 3007 2165 rege
3039 2093 3395 2158 formidabat.

1814 2193 1882 2232 eo
1915 2179 2071 2248 prius
2098 2196 2196 2250 per
2219 2181 2406 2236 dolum
2457 2194 2642 2252 capto,
2675 2193 2791 2239 tum
2848 2187 3070 2241 demum
3131 2187 3396 2243 invadere

1815 2271 2152 2326 Antiochum
2181 2274 2236 2327 in
2259 2275 2446 2330 animo
2480 2275 2739 2333 habebat.
2788 2279 2979 2348 Itaque
3012 2279 3394 2350 Scythopolim

1815 2364 1949 2428 abit,
1985 2365 2075 2420 ubi
2111 2366 2402 2422 Jonatham
2432 2383 2559 2422 cum
2598 2369 2962 2440 quadraginta
3004 2371 3394 2427 bellicosorum

1815 2458 2062 2513 millibus
2117 2459 2336 2514 obviam
2397 2475 2680 2532 egressum
2735 2461 2928 2518 fraude
2991 2465 3394 2532 circumvenit,

1816 2551 2144 2606 muneribus
2192 2562 2250 2608 et
2303 2553 2614 2609 honoribus
2675 2556 3071 2622 conciliatum,
3115 2565 3190 2612 ‘ut
3240 2563 3394 2614 omni

1815 2645 2134 2714 suspicione
2172 2646 2453 2716 adempta,
2483 2646 2764 2702 incautum
2801 2650 3162 2719 Opprimeret.
3191 2650 3401 2708 Suadet

1817 2737 1987 2807 igitur
2025 2745 2085 2790 ut
2120 2737 2424 2792 exercitum
2461 2738 2690 2794 missum
2731 2739 2918 2794 faciat.
2968 2741 3102 2796 Nam
3151 2757 3210 2797 se
3238 2743 3399 2809 paulo

1815 2839 1943 2900 post
1971 2843 2096 2883 cum
2135 2830 2255 2899 ipso
2289 2829 2686 2886 Ptolemaidem
2724 2830 2958 2898 iturum,
3006 2833 3073 2886 ad
3109 2835 3300 2888 urbem
3341 2843 3400 2890 et

1818 2922 2005 2976 omnia
2043 2919 2492 2990 rircumjacentia
2514 2922 2738 2976 castella
2763 2925 3106 2993 accipienda.
3129 2925 3400 2983 Jonathas

1820 3012 1961 3068 nihil
2037 3013 2164 3067 mali
2225 3011 2573 3082 suspicatus,
2633 3015 2942 3068 exercitum
2995 3015 3274 3071 dimittit:
3329 3033 3398 3074 ac

1824 3109 1973 3163 mille
1989 3109 2259 3164 duntaxat
2285 3106 2418 3162 viris
2436 3107 2689 3171 retentis,
2713 3109 3052 3166 Ptolemaidc
3078 3114 3398 3182 conclusus,

161 3207 237 3271 τὰς
267 3209 372 3263 ἄνω
396 3208 717 3281 σατραπίας
752 3209 1232 3283 παραληψόμενος.
1276 3211 1338 3264 ΟΞ
1371 3210 1481 3283 γὰρ
1513 3210 1714 3275 ταύτας

1821 3203 2060 3274 capitur,
2083 3204 2316 3259 comites
2336 3203 2455 3274 ejus
2472 3202 2825 3257 occiduntur.
2855 3203 2986 3270 Qua:
3004 3203 3401 3278 Hierosolymis

165 3301 520 3367 κατοικοῦντες
595 3301 858 3374 Ἕλληνες
919 3306 1011 3356 καὶ
1093 3301 1405 3364 Μακεδόνες
1463 3302 1718 3374 παραδῶ-

166 3410 255 3447 σειν
276 3395 508 3459 ἑαυτοὺς
536 3393 689 3466 αὐτῷ
739 3394 1170 3465 ἐπηγγέλλοντο,
1207 3396 1311 3449 καὶ
1361 3412 1717 3464 συγκαταποο

164 3487 390 3556 λεμήσειν
419 3487 713 3562 Ἀρσάκην
737 3488 832 3542 τὸν
874 3487 1108 3560 Πάρθων
1153 3488 1404 3559 βασιλέα.
1449 3490 1561 3543 Kal
1605 3489 1720 3544 ἐδέ-

166 3577 297 3644 ξαντο
326 3581 513 3635 τοίνυν
558 3581 748 3635 αὐτόν.
810 3580 921 3635 Kal
979 3579 1057 3652 τῷ
1101 3581 1348 3653 Ἀρσάκῃ
1399 3580 1718 3650 συμϐαλὼν,

165 3671 244 3741 τήν
277 3672 500 3727 ἃπασαν
530 3671 773 3728 ἁπέόαλε
804 3674 1086 3744 στρατιὰν,
1131 3673 1226 3726 καὶ
1277 3672 1444 3736 αὐτὸς
1483 3673 1714 3745 ἐλήφθη.

167 3763 372 3834 Τρύφων
396 3765 459 3818 δὲ
495 3765 662 3832 γνοὺς
696 3763 927 3818 τοιαῦτα
958 3765 1028 3818 τὰ
1068 3763 1201 3834 περὶ
1235 3763 1330 3818 τὸν
1375 3764 1716 3836 Δημήτριον,

167 3857 499 3911 ἐπεϐούλευεν
535 3856 828 3927 Ἀντιόχῳ,
870 3858 1195 3910 ἀποκτεῖναι
1235 3856 1400 3910 αὐτὸν
1448 3857 1717 3928 μελετῶν,

168 3948 246 3999 καὶ
278 3947 369 4019 τὴν
424 3947 610 4020 ἀρχὴν
670 3947 1122 4018 σφετερίσασθαι.
1183 3946 1476 4001 Ἐδεδοίκει
1533 3949 1720 4018 μέντοι

168 4037 243 4090 τὸν
275 4039 554 4110 Ἰωνάθην,
579 4039 711 4092 ὂντα
745 4037 899 4108 φίλον
933 4037 1010 4109 τῷ
1065 4037 1349 4109 Ἀντιόχῳ.
1385 4038 1496 4092 Kal
1519 4038 1722 4092 ἔσπευ-

169 4127 242 4180 δεν
268 4130 424 4184 αύτὶν
455 4131 680 4202 πρῶτον
712 4133 899 4204 ἀπάτῃ
931 4130 1095 4195 ὲλεῐν,
1149 4131 1246 4185 καὶ
1277 4129 1454 4193 οὕτως
1503 4132 1722 4202 ἐπιχει-

171 4225 310 4291 ρῆσαι
333 4226 446 4288 τοῖς
484 4226 630 4278 κατὰ
661 4225 754 4278 τὸν
800 4224 1097 4294 Ἀντίοχον.
1133 4223 1227 4277 Διδ
1283 4225 1377 4276 καὶ
1404 4226 1484 4287 είς
1517 4222 1724 4277 Σκυθό-

171 4312 303 4364 πολιν
327 4316 570 4380 ἄπεισιν,
591 4314 722 4369 ἔνθα
752 4315 849 4369 καὶ
885 4316 1144 4384 Ἰωνάθης
1171 4318 1318 4389 αὐτῷ
1338 4319 1435 4373 σὺν
1462 4321 1723 4391 τέσσαρσι

173 4405 373 4475 μυριάσι
408 4407 672 4478 μαχίμων
700 4409 1039 4480 ἀπήντησεν.
1081 4409 1140 4464 Ὀ
1160 4410 1218 4462 δὲ
1245 4410 1504 4474 ὑπούλως
1555 4414 1722 4466 αὑτὸν

171 4497 468 4569 ὑπέρχεται,
506 4500 700 4571 δώροις
733 4519 791 4555 τε
819 4502 913 4555 καὶ
935 4504 1121 4572 τιμαῖς
1146 4502 1510 4573 δεξιούμενος,
1543 4507 1726 4559 πᾶσαν

1820 3296 2075 3352 nuntiata
2133 3298 2338 3367 populo
2373 3306 2651 3352 terrorem
2679 3297 3065 3360 incusserunt,
3107 3299 3178 3354 ob
3207 3310 3401 3370 gentes

1821 3391 2106 3458 ﬁnitimas,
2155 3390 2389 3446 Jonatha
2438 3401 2636 3462 capto,
2679 3401 2872 3446 contra
2923 3390 3145 3447 Judzeos
3193 3394 3400 3448 tumul-

1822 3491 2065 3542 tuantes.
2127 3481 2234 3538 Sed
2271 3481 2496 3548 Simon,
2554 3481 2806 3538 oratione
2857 3483 3079 3547 habita,
3131 3485 3396 3556 populum

1821 3576 2113 3633 conﬁrmat
2142 3593 2157 3628 :
2193 3574 2262 3630 ab
2289 3589 2464 3645 eoque
2493 3574 2604 3630 dux
2630 3575 2840 3630 clertus
2865 3616 2879 3641 ,
2916 3576 3128 3630 militiae
3179 3577 3399 3635 idoneis

1821 3669 2160 3730 convocatis.
2200 3668 2477 3724 [omnibus
2526 3668 2710 3733 urbis.
2767 3679 2823 3725 ct
2876 3670 3136 3724 omnibus
3185 3688 3307 3742 qua:
3328 3672 3398 3726 ad

1822 3763 2173 3818 securitatem
2208 3761 2586 3832 pertinerent,
2640 3763 2870 3826 curatis,
2918 3763 3201 3834 Tryphoni
3232 3766 3400 3820 ,ἰουδ-

1825 3853 1972 3910 tham
1995 3854 2272 3924 captivum
2301 3853 2356 3907 in
2380 3853 2624 3908 Judaram
2657 3855 2975 3922 atlducenti,
3004 3872 3127 3910 cum
3155 3859 3399 3913 exercitu

1823 3947 2110 4002 occurrit:
2146 3945 2330 4015 eique,
2387 3953 2609 4000 centum
2645 3947 2855 4018 argenti
2910 3949 3111 4002 talenta
3169 3958 3225 4002 et
3261 3949 3403 4005 duos

1822 4041 2072 4097 Jonatha-
2107 4039 2250 4095 filios
2297 4039 2521 4094 obsides
2559 4040 2882 4110 postulanti,
2926 4040 2970 4094 si
2997 4039 3222 4094 fratrem
3262 4041 3402 4096 solvi

1826 4135 1989 4186 vellet
2035 4148 2049 4186 :
2090 4132 2194 4186 etsi
2248 4131 2490 4186 hominis
2541 4131 2954 4201 improbitatem
3019 4131 3400 4202 intelligebat,

1828 4235 2032 4292 tamen,
2060 4241 2128 4278 ne
2160 4223 2265 4279 sibi
2301 4223 2488 4278 fratris
2544 4224 2695 4278 Salus
2752 4223 3001 4295 neglecta
3032 4224 3250 4278 crimini
3301 4224 3402 4279 da-

1826 4327 2011 4377 retur.
2081 4327 2138 4373 ει
2194 4317 2487 4388 pecuniam
2557 4325 2613 4371 et
2681 4332 2888 4386 pueros
2952 4317 3121 4371 misit.
3192 4317 3405 4384 Quibus

1826 4412 2089 4484 Tryphon
2145 4408 2419 4480 acceptis,
2478 4408 2654 4479 pactis
2711 4423 2819 4462 non
2861 4409 3068 4464 stetit:
3127 4409 3223 4464 sed
3278 4425 3403 4463 cum

1827 4507 2073 4562 exercitu
2109 4503 2483 4573 Hierosolyma
2545 4501 2850 4566 contendit,
2897 4503 3269 4572 subsequente
3322 4501 3407 4557 Si-

172 4585 318 4641 θέλων
348 4589 608 4644 ὑπόνοιαν
641 4591 866 4660 ἐξελεῖν,
919 4592 987 4647 ἵν’
1045 4594 1209 4647 αὐτὸν
1249 4593 1563 4662 ἀφύλακτον
1617 4595 1714 4668 λή-

1831 4615 2015 4661 mone,
2048 4606 2104 4652 et
2132 4612 2198 4651 ex
2229 4595 2462 4650 adverso
2489 4603 2670 4648 castra
2718 4593 2957 4649 locante.
3008 4594 3208 4648 Verum
3245 4594 3405 4665 copia

172 4679 324 4747 ψειτο.
351 4683 464 4738 Kal
499 4685 853 4738 συνεϐούλευε
882 4686 982 4757 τήν
1042 4686 1146 4757 μέν
1203 4688 1471 4759 στρατιὰν
1511 4689 1714 4743 ἀπολῦ-

1829 4695 1974 4748 nivis
2035 4691 2370 4761 impeditus,
2439 4687 2495 4742 in
2559 4687 2774 4758 Syriam
2838 4702 3104 4740 converso
3166 4687 3404 4753 itinere,

175 4787 269 4834 σαι.
302 4774 463 4837 αὐτὸς
497 4776 555 4829 δὲ
605 4776 724 4847 μετ’
764 4777 946 4846 ὀλίγον
991 4779 1073 4841 είς
1122 4779 1464 4850 Πτολεμαΐδα
1496 4798 1714 4851 συναφι-

1823 4783 2117 4840 Jonatham
2163 4779 2464 4836 interfecit.
2519 4779 2712 4834 Fratre
2759 4789 2886 4849 post
2929 4778 3156 4831 tertium
3197 4779 3420 4832 annum'

174 4863 344 4920 διέσθαι
373 4867 548 4938 αὐτῷ,
575 4871 676 4936 τήν
705 4869 862 4922 πόλιν
891 4871 1386 4942 παραληψόμενος,
1421 4873 1517 4927 καὶ
1546 4874 1714 4927 πάντα

1827 4873 2184 4947 pontiﬁcatus
2211 4881 2451 4934 mortuo,
2483 4869 2673 4925 Simon
2723 4869 2908 4940 pOpuli
2954 4868 3234 4942 suﬁ‘ragiis
3270 4885 3407 4940 pon-

175 4953 232 5008 τὰ
258 4956 364 5010 ἐκεῖ
392 4959 748 5030 ὀχυρώματα.
780 4960 891 5014 Kal
925 4961 1208 5032 Ἰωνάθης,
1252 4961 1421 5032 μηδὲν
1451 4964 1714 5036 ὐποτοπή·

1828 4966 1964 5021 tifex
2009 4965 2361 5028 declaratus,
2419 4961 2814 5018 Macedonibus
2883 4961 3087 5017 tributa
3125 4962 3408 5032 pensitare

178 5060 282 5112 σας.
303 5049 360 5102 τὺ
382 5053 704 5122 στράτευμα
729 5051 964 5123 ἔστρεψε
985 5068 1001 5085 ο
1030 5053 1238 5124 χιλίους
1268 5053 1314 5107 δ’
1347 5053 1490 5125 ἔχων
1523 5055 1714 5127 μόνους

1831 5057 2066 5113 destitit.
2125 5055 2204 5112 Ac
2263 5054 2492 5112 Judaica
2549 5070 2684 5127 gens
2745 5054 2849 5110 sub
2911 5057 3033 5128 ejus
3091 5047 3406 5127 principatu

177 5137 340 5211 ἀπῄει.
388 5143 485 5205 Εἰς
533 5145 593 5198 δὲ
638 5145 985 5215 Πτολεμαΐδα
1044 5147 1495 5216 κατακλεισθεὶς,
1559 5149 1714 5211 αὐτὸς

1835 5164 2102 5222 perquam
2131 5149 2408 5203 fortunata
2440 5147 2567 5214 fuit,
2598 5157 2656 5204 et
2681 5146 2930 5204 ﬁnitimis
2962 5149 3181 5220 populis
3223 5148 3406 5202 domi-

181 5229 264 5297 μιν
293 5233 603 5306 ζωγρεῐται,
627 5238 676 5291 οί
699 5237 755 5293 δὲ
786 5241 884 5292 σὺν
913 5226 1064 5310 αὑτῷ
1083 5239 1513 5310 διαφθείρονται.
1549 5240 1714 5315 Ἀπερ

1837 5253 1990 5309 nata,
2023 5241 2225 5296 multas
2256 5239 2422 5296 urbes
2443 5241 2664 5305 evertit,
2696 5258 2765 5297 ne
2791 5243 3030 5298 hostium
3057 5238 3404 5311 receptacula

178 5321 218 5373 oi
240 5323 290 5375 ὲν
325 5327 727 5400 Ἰεροσολύμοις
763 5330 1058 5400 μαθόντες,
1089 5333 1170 5394 είς
1192 5331 1315 5396 δέος
1344 5332 1608 5387 ἐνέπεσον
1635 5334 1714 5388 διὸ

1830 5344 2056 5391 essent:
2104 5342 2348 5388 montem
2393 5332 2746 5398 altissimum,
2784 5333 2837 5388 in
2869 5348 2980 5405 quo
3007 5349 3105 5387 arx
3141 5329 3406 5387 :ediﬁcata

180 5415 237 5466 τὰ
265 5421 416 5490 πέριξ
472 5422 628 5496 ἔθνη,
672 5423 708 5478 ἃ
739 5425 934 5492 γνόντα
987 5427 1086 5496 τὴν
1118 5423 1133 5446 ’
1163 5423 1400 5480 Ιωνάθου
1460 5426 1714 5496 σύλληψιι

1829 5428 2032 5487 fuerat.
2091 5425 2402 5480 continenti
2463 5426 2686 5481 triennii
2745 5426 2936 5482 labore
2977 5423 3224 5495 215m
3257 5419 3407 5492 plani

183 5512 304 5564 κατὰ
331 5517 436 5569 τῶν
465 5518 736 5572 Ἰουδαίων
771 5520 1046 5590 κεκίνητο.
1087 5519 1272 5589 Σίμων
1301 5519 1360 5572 δὲ
1409 5519 1487 5590 τῷ
1526 5520 1714 5591 πλήθει

1833 5519 1964 5574 ticm
1997 5519 2227 5587 redegit,
2266 5526 2326 5572 ut
2361 5519 2624 5589 templum
2654 5518 2942 5573 emineret.

181 5599 468 5677 ὡμιληκὼς,
533 5610 630 5664 καὶ
683 5612 1110 5685 παραθαρρύνας
1166 5612 1322 5679 αὐτὸ,
1378 5611 1607 5683 ήγεμὼν
1660 5611 1752 5665 ὑπ’
1793 5611 1961 5665 αὑτοῦ
2007 5611 2273 5680 αἱρεῖται,
2335 5615 2432 5665 καὶ
2492 5611 2854 5684 συναθροίσας
2923 5609 2986 5663 τὸ
3038 5609 3280 5681 μάχιμον
3309 5606 3405 5664 τοῦ

1345 5751 1540 5814 Varias
1579 5751 1882 5816 lectiones
1917 5759 1980 5815 et
2017 5761 2210 5814 nota).

241 5869 344 5943 (⁵³)
375 5874 479 5930 Kal
527 5873 598 5942 ὃς
631 5870 743 5948 ἧκε
778 5876 902 5932 σὺν
925 5875 1178 5948 δυνάμει
1225 5876 1376 5948 πρὸς
1413 5874 1714 5947 Ἰωνάθην.

1817 5888 1872 5932 ro
1893 5873 2044 5961 κατὰ⁵
2062 5873 2339 5959 Ἰωνάθου.
2379 5873 2472 5932 W.
