3876 6564
210 343 306 408 393

1447 337 1854 402 ANN‘ALIUM
1898 337 2046 398 LIB.
2093 340 2164 398 V.

3325 347 3434 410 394

206 459 288 510 ιδν
328 454 548 525 ἀδελφὸν
598 452 686 508 τὸν
737 454 1066 524 Ἀντίγονον,
1113 451 1388 516 διαϐολαῖς
1434 450 1753 513 πιστεύσας.

1867 455 2011 504 tante
2055 448 2398 517 Aristobulo,
2433 450 2609 506 victor
2649 450 2722 505 ab
2754 451 3106 524 expeditione
3158 471 3432 525 reversus,

205 542 468 613 Λαμπρῶς
517 543 627 612 γὰρ
665 541 832 596 αὐτοῦ
864 543 975 598 ἀπὸ
1009 542 1305 613 στρατείας
1339 542 1756 606 ἐπανελθόντος,

206 635 362 692 ἐνόσει
385 636 412 689 ὁ
440 634 880 706 Ἀριστόϐουλος.
923 636 1355 708 Ἐορταζομένης
1387 635 1445 688 δὲ
1479 636 1578 706 τῆς
1619 635 1762 704 Σκη-

205 727 468 797 νοπηγίας,
502 725 670 797 ἀνέϐη
702 729 784 798 είς
811 729 874 782 τὸ
925 727 1070 798 ἱερὸν
1099 729 1127 782 ὁ
1157 725 1463 795 Ἀντίγονος
1491 725 1632 796 μετά
1652 726 1762 780 τῶν

206 819 323 888 περὶ
349 819 510 872 αὑτὸν
539 818 796 883 ὁπλιτῶν,
831 817 1253 890 κεκοσμημένος
1281 817 1570 888 λαμπρῶς.
1608 817 1672 869 Οί
1705 816 1764 870 δὲ

205 908 374 964 τοῦτον
399 911 532 980 πρὸς
555 911 646 966 τὸν
672 912 902 982 ἀδελφὸν
928 911 1334 976 διαϐάλλοντες,
1365 911 1440 981 μὴ
1465 910 1587 964 κατ’
1620 907 1764 962 ἰδιώ-

206 1020 294 1072 την
328 1003 486 1056 αὑτὸν
532 1003 722 1072 ἔλεγον
751 1004 928 1058 ἐλθεῖν
956 1006 1036 1068 είς
1064 1004 1162 1075 τὴν
1193 1003 1408 1074 ἑορτὴν,
1437 1001 1580 1056 ἀλλά
1605 999 1764 1067 βασι-

205 1096 314 1166 λικῇ
337 1097 673 1165 κεχρημένον
695 1097 1047 1167 λαμπρότητι
1065 1113 1079 1128 ⁸
1101 1098 1196 1150 καὶ
1220 1097 1304 1150 ὅτι
1330 1095 1470 1166 μετά
1490 1097 1762 1161 τοσαύτης

201 1186 508 1260 δορυφορίας
545 1189 898 1258 στρατιωτῶν
946 1189 1224 1252 ἀνελθὼν,
1281 1187 1597 1258 βουλεύεται
1641 1190 1761 1240 κατ’

202 1281 374 1334 αὑτοῦ.
410 1281 828 1351 Ἀριστόϐουλος
848 1282 928 1346 δὲ,
969 1283 1064 1336 καὶ
1096 1282 1195 1352 τῆς
1223 1282 1428 1345 οἰκείας
1458 1281 1764 1351 ἀσφαλείας

202 1372 503 1441 φροντίζων,
543 1375 639 1427 καὶ
671 1372 768 1426 τοῦ
815 1373 1048 1444 ἀδελφοῦ
1092 1373 1363 1447 προνοῶν,
1410 1373 1468 1426 ἓν
1515 1389 1620 1425 τινι
1653 1372 1762 1424 τῶν

203 1462 452 1529 ὑπογείων
498 1464 736 1532 ἀφεγγεῖ
789 1465 919 1527 τοὺς
983 1462 1464 1531 σωματοφύλακας
1523 1463 1761 1524 ἵστησιν,

201 1553 560 1623 ἐντειλάμενος
609 1555 817 1610 ἀόπλου
879 1556 979 1627 μὲν
1021 1555 1117 1610 τοῦ
1163 1556 1398 1625 ἀδελφοῦ
1457 1557 1759 1626 φείδεσθαι,

202 1648 414 1699 κτείνειν
443 1647 500 1700 δὲ
535 1649 702 1702 αὐτὸν
727 1649 871 1718 μετά
899 1648 1011 1702 τῶν
1034 1650 1218 1704 ὃπλων
1259 1649 1578 1720 ἐρχόμενον.
1616 1649 1764 1719 Πέμο

203 1739 352 1792 πειδέ
378 1742 469 1793 καὶ
491 1741 634 1812 πρὸς
655 1743 748 1794 τὸν
767 1742 1098 1810 ’Δντίγονον,
1121 1742 1321 1796 ἄοπλον
1343 1743 1506 1800 αὐτὸν
1527 1741 1764 1797 κελεύων

1865 539 2368 597 Tabernaculorum
2415 542 2556 598 festo
2588 543 2879 614 magnifice
2907 557 3138 603 ornatus
3167 563 3291 603 cum
3322 552 3438 608 suis

1836 633 2195 689 satellitibus
2221 635 2275 690 in
2309 636 2577 706 templum
2614 637 2957 694 ascendisset
2987 656 3001 694 :
3033 639 3087 696 id
3114 641 3320 696 factum
3350 662 3440 699 ea-

1863 727 2225 784 lumniatores
2270 728 2349 784 ita
2392 729 2922 800 interpretabantur,
2963 746 3090 786 eum
3132 733 3200 788 ad
3233 733 3436 789 festum

1865 835 1976 874 nou
2028 835 2181 876 more
2225 819 2442 890 plebeio
2489 821 2726 886 venisse,
2787 821 2886 877 sed
2941 823 3094 894 regio
3144 825 3438 894 splendore

1867 927 2027 968 usum
2057 927 2201 978 esse,
2234 922 2289 967 et
2311 913 2440 984 quia
2467 929 2592 968 cum
2619 922 2770 969 tanta
2793 915 3029 974 militum
3059 933 3222 972 manu
3253 933 3442 974 ascen-

1865 1003 2292 1080 dcrit,_consilia
2332 1017 2522 1062 contra
2560 1023 2742 1078 regem
2782 1007 3012 1079 agitare.
3057 1010 3438 1076 Aristobulus,

1865 1096 1960 1165 qui
1990 1105 2046 1150 et
2076 1111 2190 1152 suae
2218 1099 2502 1153 securitati
2533 1109 2590 1154 et
2634 1099 2824 1154 fratris
2875 1102 3186 1158 rationibus
3217 1107 3442 1160 consul—

1850 1197 1982 1266 tum
2030 1189 2217 1254 vellet,
2271 1189 2605 1246 satellitibus
2643 1191 2784 1255 suis,
2835 1191 2888 1246 in
2921 1194 3159 1263 quodam
3199 1195 3442 1252 obscuro

1865 1278 2230 1334 subterraneo
2289 1281 2409 1335 loco
2459 1282 2814 1348 constitutis,
2871 1285 3115 1350 mandat,
3169 1298 3229 1342 nt
3285 1288 3440 1343 fratri

1867 1371 2059 1426 inermi
2109 1380 2360 1441 parcant,
2420 1382 2692 1428 armatum
2737 1375 3010 1444 occidant.
3063 1378 3228 1433 Mittit
3283 1389 3340 1434 et
3373 1381 3442 1434 ad

1866 1463 2225 1532 Antigonum,
2269 1478 2506 1533 eumque
2553 1463 2821 1520 inermem
2874 1467 3064 1523 venire
3105 1469 3286 1540 jubet.
3334 1470 3442 1526 Sed

1865 1557 1986 1628 ejus
2015 1571 2175 1618 uxor,
2206 1565 2264 1611 et
2295 1556 2390 1626 qui
2426 1571 2553 1611 cum
2585 1544 2651 1612 ea
2682 1568 2876 1613 contra
2934 1559 3272 1632 Antigonum
3306 1579 3443 1618 con-

1866 1650 2165 1719 spirarant,
2210 1650 2408 1705 nuntio
2433 1665 2835 1720 persuaserunt
2855 1664 2912 1710 ut
2931 1655 3164 1721 diceret,
3193 1656 3442 1724 fratrem,

1867 1743 2014 1813 quod
2045 1742 2288 1799 audierit
2333 1759 2462 1798 eum
2513 1760 2656 1800 nova
2702 1762 2854 1801 arma
2887 1763 3132 1817 parasse,
3169 1759 3355 1820 petere
3387 1763 3448 1807 ut

199 1831 361 1901 ήκειν.
408 1831 472 1886 Ἦ
501 1810 561 1886 δέ
588 1833 684 1887 τού
720 1833 1138 1907 ’Δριστοϐούλου
1191 1835 1328 1906 γυνὴ
1362 1835 1457 1889 καὶ
1495 1836 1546 1888 οί
1586 1835 1758 1908 ταύτῃ

1867 1810 2115 1890 armatus
2153 1851 2212 1892 se
2245 1836 2610 1907 spectandum
2647 1837 2751 1908 ipsi
2780 1810 3044 1909 prae-beat.
3083 1810 3153 1896 At
3171 1810 3272 1898 ille
3309 1843 3446 1898 nihil

203 1925 622 1995 συμφρονοῦντες
671 1927 816 1981 κατά
867 1927 963 1980 τοῦ
1009 1928 1342 1996 Ἀντιγόνου,
1391 1927 1621 1981 ἔπεισαν
1667 1929 1761 1982 τὸν

202 2017 444 2072 σταλέντα
471 2018 659 2088 λέγειν
704 2019 783 2090 τῷ
811 2019 1127 2092 Ἀντιγόνῳ.
1153 2021 1227 2084 ὼς
1256 2020 1522 2085 ’Λκούσας
1547 2023 1574 2075 ὁ
1603 2021 1760 2076 ἀδελ.

203 2111 288 2179 φός
309 2127 422 2174 σου,
447 2113 529 2164 ὅτι
561 2111 703 2165 ὅπλα
734 2112 900 2166 καινὰ
941 2111 1378 2178 κατεσκεύασας,
1425 2114 1565 2180 ἀξιοῖ
1587 2113 1758 2167 ὠπλι-

203 2203 378 2272 σμένον
416 2203 595 2258 ἐλθεῖν
635 2222 719 2268 σε,
752 2206 818 2259 ἵν’
849 2206 948 2259 ίδοι
995 2207 1156 2261 αύτά.
1189 2206 1249 2260 Ὅ
1291 2207 1368 2273 δὲ,
1415 2208 1583 2278 μηδὲν
1626 2207 1760 2261 ύπο-

199 2293 438 2358 πτεύαας,
485 2296 841 2368 ἐνδεδυμένος
891 2299 991 2371 τὴν
1030 2300 1362 2366 πανοπλίαν,
1408 2301 1596 2372 ἀπῄει.
1650 2303 1760 2354 Καὶ

199 2386 466 2456 γενόμενος
518 2391 665 2444 κατά
718 2391 813 2445 τὸν
874 2392 1194 2464 Στράτωνος
1253 2395 1484 2466 πύργον,
1535 2396 1670 2448 ὅπου
1731 2396 1759 2446 ὁ

199 2480 341 2544 τόπος
363 2480 672 2550 ἀφώτιστος
694 2481 785 2556 ἧν,
817 2485 1088 2540 κτείνεται
1121 2487 1274 2560 παρά
1295 2486 1405 2541 τῶν
1432 2503 1761 2558 σωματοφυ-

200 2570 380 2628 λάκων.
408 2573 616 2640 Ἰούδας
641 2576 700 2630 δέ
725 2594 810 2642 τις
843 2579 1096 2642 Ἐσσαῖος
1129 2579 1192 2632 τὸ
1218 2579 1394 2648 γένος,
1431 2579 1604 2635 πολλὰ
1629 2599 1762 2652 προσ

199 2663 351 2730 λέγων
404 2667 499 2720 καὶ
557 2667 882 2738 ἀληθεύων.
948 2669 1073 2724 ίδὼν
1123 2671 1246 2724 τότε
1301 2672 1394 2724 τὸν
1457 2671 1760 2740 Ἀντίγονον

199 2759 441 2826 παριόντα
485 2758 553 2812 τὸ
590 2759 756 2830 ἱερὸν,
810 2760 1134 2833 ἀνεϐόησεν,
1182 2762 1480 2816 ἀποθανεῖν
1531 2765 1760 2835 ἐπευχό-

202 2863 359 2916 μενος,
385 2851 460 2911 ὠς
503 2849 900 2923 διεψευσμένος
930 2868 943 2882 ·
975 2855 1206 2924 προεῖπε
1231 2854 1340 2924 γὰρ
1364 2853 1526 2908 αὑτὸν
1557 2855 1760 2920 ζῶντος

197 2939 279 2991 τοῦ
307 2943 620 3011 Ἀντιγόνου
679 2947 802 3000 κατ’
853 2945 1070 3018 ἐκείνην
1126 2946 1459 3018 θανούμενον
1493 2948 1594 3020 τὴν
1623 2949 1762 3019 ήμέ·

203 3049 286 3101 ραν
309 3035 362 3088 ἐν
400 3036 477 3106 τῷ
536 3037 850 3109 Στράτωνος
896 3038 1095 3113 πύργῳ
1125 3057 1141 3072 ο
1170 3041 1262 3094 τὸν
1293 3041 1350 3096 δὲ
1377 3042 1626 3105 σταδίους
1653 3044 1759 3095 ἀπ-

1865 1932 1993 1986 mali
2035 1931 2347 2002 suspicans,
2384 1931 2698 2002 panopliam
2735 1931 2962 1989 indutus
3000 1932 3164 1989 abit:
3196 1945 3252 1992 et
3283 1936 3450 2007 219

1862 2041 1990 2080 cum
2037 2025 2106 2080 ad
2153 2024 2427 2080 Stratonis
2479 2025 2677 2080 turrim
2717 2027 2983 2090 venisset,
3038 2028 3134 2082 ubi
3176 2028 3450 2086 obscurus

1866 2121 1955 2175 ille
1975 2119 2132 2174 locus
2161 2129 2302 2184 erat,
2354 2133 2386 2173 a
2431 2119 2770 2174 satellitibus
2799 2119 3096 2175 occiditur.
3119 2122 3292 2178 Judas
3315 2139 3449 2179 vero

1863 2211 2086 2281 quidam
2123 2209 2357 2275 Essaeus,
2386 2209 2556 2264 multa
2581 2224 2712 2266 vere
2751 2211 3049 2280 praedicere
3070 2212 3292 2278 solitus,
3319 2229 3445 2269 eum

1864 2305 2199 2375 Antigonum
2237 2304 2503 2373 templum
2536 2303 2820 2373 praeterire
2853 2312 2968 2360 tum
2994 2304 3230 2371 videret,
3265 2307 3450 2363 excla-

1867 2397 2056 2462 mavit,
2087 2404 2320 2452 mortem
2352 2396 2460 2451 sibi
2487 2396 2591 2466 ipsi
2623 2395 2978 2466 imprecatus,
3005 2396 3155 2468 quod
3178 2397 3272 2454 ille
3302 2397 3448 2456 vive-

1865 2499 1988 2556 ret,
2032 2504 2196 2560 qucm
2235 2503 2307 2544 eo
2345 2489 2436 2543 die
2484 2489 2537 2542 in
2591 2487 2871 2545 Stratonis
2923 2490 3064 2544 turri
3113 2490 3447 2548 moriturum

1861 2577 2000 2632 falso
2037 2578 2271 2632 dixisset
2302 2595 2316 2630 :
2351 2592 2473 2646 qua:
2500 2591 2626 2631 cum
2665 2579 2941 2634 sexcentis
2975 2578 3170 2635 stadiis
3199 2581 3446 2646 abesset,

1865 2687 1978 2727 non
2029 2685 2190 2740 posse
2239 2670 2612 2740 Antigonum,
2657 2669 2747 2726 die
2781 2669 2892 2741 jam
2952 2671 3281 2738 inclinante,
3317 2673 3450 2729 illuc

1864 2764 2175 2835 pervenire.
2210 2762 2341 2829 Qua:
2371 2761 2502 2818 dum
2532 2761 2706 2818 Judas
2736 2761 2969 2827 diceret,
3013 2765 3302 2820 nuntiatur
3332 2765 3451 2820 An-

1865 2859 2087 2930 tigonus
2118 2857 2174 2912 in
2213 2857 2308 2912 illo
2337 2870 2529 2926 specu,
2563 2855 2658 2926 qui
2707 2863 2763 2911 et
2802 2855 2940 2924 ipse,
2983 2857 3450 2925 quemadmodum

1864 2951 2141 3007 maritima
2183 2951 2456 3014 Caesarea,
2484 2947 2762 3005 Stratonis
2795 2949 2969 3004 turris
3003 2949 3328 3016 vocabatur,
3365 2951 3452 3006 in-

1869 3045 2153 3101 terfectus.
2201 3044 2283 3099 Eo
2335 3043 2402 3097 ad
2441 3043 2592 3098 hunc
2645 3041 2870 3096 modum
2915 3041 3154 3108 sublato,
3203 3043 3451 3101 vindicta

201 3128 323 3195 ἐχειν
343 3127 685 3196 ἑξακοσίους,
722 3130 798 3196 ὡς
831 3131 1095 3186 ἀδύνατον
1130 3127 1272 3186 εἶναι
1305 3133 1394 3188 τὸν
1452 3133 1761 3202 Ἀντίγονον

1867 3123 2052 3197 statim
2086 3138 2345 3193 fraterna:
2377 3136 2542 3191 caedis
2575 3150 2768 3206 poenas
2799 3134 2982 3206 exegit
3006 3135 3076 3190 ab
3103 3132 3449 3194 Aristobulo.

203 3219 300 3272 ἐκεῖ
321 3223 674 3294 γενήσεσθαι,
706 3226 807 3297 ἥδη
855 3226 952 3298 τῆς
980 3226 1192 3296 ἡμέρας
1229 3227 1537 3300 κλινούτης.
1568 3228 1757 3283 Ταῦτα

201 3311 421 3382 λέγοντος
451 3317 554 3371 τοῦ
588 3317 786 3386 Ἰούδα,
813 3319 1141 3388 ἀγγέλλεται
1169 3319 1422 3385 κτανθεὶς
1449 3320 1759 3391 Ἀντίγονος

205 3408 253 3460 ἰν
293 3409 366 3480 τῷ
411 3411 683 3483 ὑπογείῳ,
742 3411 770 3465 ὃ
801 3413 894 3466 καὶ
919 3411 1052 3466 αὐτὸ
1098 3413 1412 3484 Στράτωνος
1472 3415 1760 3485 ὠνόμαστο

205 3499 386 3572 πύργος
411 3504 728 3576 ὁμωνύμως
757 3509 827 3580 τῇ
865 3505 1122 3579 παραλίῳ
1165 3507 1497 3578 Καισαρείᾳ,
1532 3507 1625 3578 Τῷ
1659 3508 1760 3579 μὲν

206 3591 282 3650 οὗν
303 3599 594 3671 Ἀντιγόνῳ
623 3601 837 3656 τοιοῦτο
861 3603 1054 3672 γέγονε
1083 3602 1236 3667 τέλος
1257 3618 1273 3634 ο
1305 3602 1399 3657 τὸν
1420 3603 1478 3655 δὲ
1512 3603 1760 3674 Ἀριστό-

207 3689 370 3746 ϐουλον
420 3694 588 3757 εὐθὺς
642 3695 677 3766 ἡ
715 3695 840 3766 δίκη
891 3694 1129 3765 μετῆλθε
1162 3698 1260 3767 τῆς
1313 3695 1756 3764 ἀδελφοκτονίας,

207 3784 285 3836 καὶ
305 3785 712 3858 διαφθαρέντων
739 3789 890 3860 αὐτῷ
921 3791 1031 3844 τῶν
1063 3790 1238 3854 ἐντὸς,
1291 3786 1432 3860 αἷμα
1471 3790 1760 3861 ἀνέφερεν,

205 3875 230 3927 ὅ
248 3893 321 3941 τις
341 3879 447 3935 τῶν
473 3882 675 3953 ἐκείνῳ
713 3882 1134 3954 ὑπηρετούντων
1168 3883 1505 3952 ὲκκομίζων,
1532 3883 1763 3939 ὤλισθεν

1863 3234 2000 3289 Nam
2031 3249 2155 3289 eum
2202 3248 2268 3287 ex
2306 3230 2584 3288 intestinis
2617 3230 2900 3302 corruptis
2942 3230 3265 3302 sanguinem
3307 3234 3451 3304 reje-

1872 3327 2066 3390 cisset,
2101 3339 2227 3380 eum
2260 3323 2516 3378 minister
2540 3322 2802 3386 efferens,
2835 3322 2891 3376 in
2917 3336 2985 3376 eo
3010 3321 3130 3378 loco
3165 3322 3261 3379 ubi
3291 3323 3452 3378 Anti-

1815 3481 1823 3486 .
1863 3433 2042 3488 genus
2065 3432 2240 3472 caesus
2267 3425 2407 3480 erat,
2435 3428 2635 3469 cruore
2672 3413 2857 3470 adhuc
2901 3429 3224 3484 consperso,
3259 3416 3451 3490 lapsus

1863 3509 2080 3574 ell‘udit,
2118 3517 2178 3562 ut
2201 3521 2329 3562 cum
2354 3506 2454 3560 illo
2483 3504 2832 3561 misceretur.
2858 3505 2978 3573 Quo
3002 3507 3357 3562 Aristobulus
3381 3522 3451 3562 ex

1862 3620 2056 3661 eorum
2077 3602 2171 3674 qui
2207 3601 2260 3656 id
2291 3600 2548 3655 viderant
2576 3600 2819 3656 clamore
2845 3602 3090 3672 cognito,
3115 3601 3449 3674 lacrymans.

1863 3706 2062 3769 praeter
2099 3695 2204 3748 alia
2249 3692 2383 3748 illud
2430 3706 2653 3763 quoque
2696 3692 2919 3760 effatus,
2952 3694 3122 3764 impia
3166 3709 3266 3750 sua
3305 3693 3452 3750 facta

1866 3792 2058 3862 utique
2102 3789 2274 3844 Deum
2325 3787 2501 3843 latere
2553 3801 2665 3842 non
2717 3787 2986 3857 potuisse,
3041 3786 3299 3856 moritur,
3325 3803 3452 3844 cuiu
3498 3817 3502 3822 -

1868 3899 2039 3941 unum
2075 3888 2361 3952 regnasset
2391 3895 2622 3934 annum.
3376 3883 3382 3888 ’

205 3967 271 4032 είς
304 3970 388 4024 τὸν
434 3973 626 4040 τύπον,
683 3970 746 4030 οὗ
800 3975 830 4030 ὁ
885 3972 1188 4042 Ἀντίγονος
1243 3974 1482 4047 ἐσφάγη,
1541 3974 1624 4028 ἔτι
1669 3977 1766 4030 τοῦ
1837 3979 2068 4048 αἵματος
2115 3972 2330 4026 ἐκείνου
2374 3970 2568 4040 ἔχοντα
2618 3968 2862 4035 σπίλους,
2937 3972 3035 4028 καὶ
3101 3970 3342 4042 ἐξέχεεν,
3375 3973 3456 4034 ὥς

205 4064 550 4139 ἀναμεμίχθαι
579 4070 914 4140 ἀμφοτέρων
963 4070 1033 4124 τὰ
1083 4069 1316 4139 αἵματα.
1367 4071 1675 4144 Γενομένης
1740 4072 1799 4127 δὲ
1843 4073 1971 4144 βοῆς
1993 4069 2147 4142 παρὰ
2177 4069 2289 4122 τῶν
2323 4066 2566 4130 ἰδόντων,
2600 4064 2792 4134 μαθὼν
2820 4065 2881 4119 τὸ
2919 4067 3137 4138 συμϐὰν
3205 4067 3456 4138 Ἀριστόι

205 4154 389 4223 ϐουλος,
419 4161 664 4231 οἰμώξας
717 4161 967 4233 προήχθη
1007 4164 1087 4228 εἰς
1127 4164 1359 4238 δάκρυα,
1398 4167 1493 4220 καὶ
1555 4166 1671 4220 Ούκ
1737 4167 1845 4237 ἄρα
1879 4167 2087 4238 λήσειν,
2121 4160 2300 4227 εἶπεν,
2350 4159 2576 4231 ἔμελλον
2601 4158 2693 4213 τὸν
2726 4158 2860 4214 Θεὸν
2887 4159 2974 4212 ἐπ’
3019 4161 3273 4215 ἀσεϐέσιν
3309 4161 3456 4218 οὕτω

204 4252 514 4326 τολμήμασι.
559 4256 672 4311 Καὶ
707 4257 846 4312 ἄλλα
872 4257 931 4310 δὲ
955 4257 1219 4324 ἐπειπὼν,
1258 4260 1620 4331 ἀποθνήσκει,
1665 4261 1992 4331 βασιλεύσας
2026 4258 2294 4313 ἐνιαυτόν.

263 4352 328 4404 Δ’.
358 4351 593 4422 Σαλώμη
622 4351 679 4405 δὲ
707 4353 742 4423 ἡ
773 4353 988 4432 ἐκείνου
1034 4353 1196 4425 γυνὴ,
1230 4355 1266 4424 ἢ
1314 4357 1410 4409 καὶ
1436 4356 1768 4431 Ἀλεξάνδρα

205 4438 462 4514 ἐκέκλητο,
489 4444 700 4500 λύσασα
721 4445 849 4510 τοὺς
883 4447 1146 4515 ἀδελφοὺς
1177 4447 1275 4501 τοῦ
1299 4448 1492 4520 ἀνδρὸς
1525 4450 1769 4521 (δεδεμέ-

207 4548 313 4595 νους
360 4536 464 4606 γὰρ
527 4533 672 4608 εἶχεν
731 4539 932 4602 αὐτοὺς

1934 4354 2025 4410 ιν.
2089 4352 2306 4409 Salome
2371 4361 2557 4408 autem
2580 4393 2594 4418 ,
2631 4367 2753 4423 quae
2785 4358 2843 4406 et
2876 4351 3187 4408 Alexandra
3214 4354 3452 4410 vocaba-

1866 4451 2052 4512 batur,
2076 4447 2276 4503 fratres
2307 4447 2493 4501 mariti
2543 4446 2782 4500 vinculis
2829 4445 3014 4510 solvit,
3053 4454 3110 4500 et
3156 4445 3451 4512 Janneam,

1015 4540 1454 4611 Ἀριστόϐουλος)
1543 4543 1762 4612 βασιλέα

1873 4540 1967 4612 qui
2028 4549 2082 4595 et
2130 4537 2460 4601 Alexander,
2509 4538 2857 4609 grandiorem
2919 4548 2976 4594 et
3021 4538 3452 4594 moderatiorem

209 4624 503 4698 καθίστησιν
526 4627 790 4696 Ἰαννέαν,
810 4631 902 4682 τὸν
929 4631 1024 4683 καὶ
1047 4630 1425 4703 Ἀλέξανδρον,
1449 4634 1761 4704 προύχοντα

1867 4633 2112 4697 caeteris,
2156 4646 2339 4702 regem
2386 4631 2676 4688 constituit
2721 4650 2736 4686 :
2781 4631 2875 4701 qui
2917 4647 3091 4702 regno
3148 4641 3451 4702 suscepto,

209 4718 316 4799 καθέ
343 4720 576 4792 ήλικίαν,
617 4723 714 4776 καὶ
753 4722 1148 4793 μετριώτατον.
1203 4725 1301 4787 Ὃς
1347 4725 1446 4796 τὴν
1483 4726 1763 4796 βασιλείαν

211 4813 542 4879 παραλαϐὼν,
571 4815 775 4869 κτείνει
813 4817 910 4887 μὲν
945 4815 1340 4886 νεωτερίζοντα
1379 4817 1474 4870 τὸν
1515 4819 1612 4871 ἕνα
1655 4820 1764 4873 τῶν

210 4904 432 4976 ἀδελφῶν
459 4925 474 4940 ⁸
501 4909 593 4962 τὸν
619 4909 664 4962 δ’
701 4908 890 4979 ἓτερον
936 4909 1318 4980 ἀπραγμόνως
1350 4911 1531 4976 ζῶντα
1577 4911 1761 4980 ἐτίμα.

213 4995 460 5067 Πολέμους
474 5000 530 5054 δέ
548 5018 702 5065 τινας
719 5002 1092 5072 ποιησάμενος
1107 5004 1244 5073 πρός
1263 5019 1436 5067 τινας,
1456 5003 1550 5055 καὶ
1569 5004 1647 5074 πῆ
1667 5004 1766 5072 μὲν

211 5095 489 5160 κρατήσας,
532 5089 647 5144 ἐστι
670 5091 716 5144 δ’
748 5092 883 5144 ὅπου
912 5095 1002 5145 καὶ
1024 5091 1300 5163 ἡττηθεὶς,
1326 5092 1480 5154 τέλος
1506 5092 1598 5146 καὶ
1629 5092 1767 5163 πρὸς

210 5181 317 5243 τοὺς
336 5182 630 5252 ὁμοφύλους
651 5177 786 5254 ἦρεν
809 5183 974 5248 ὅπλα,
1005 5183 1128 5237 κατ’
1155 5182 1322 5238 αὑτοῦ
1345 5184 1763 5246 στασιάσαντας.

221 5269 424 5343 Ἐορτῆς
444 5278 551 5347 γὰρ
580 5276 772 5347 οθσης,
805 5274 1008 5329 καύτοῦ
1041 5276 1134 5328 ἐπὶ
1171 5275 1267 5329 τοῦ
1303 5273 1490 5344 βωμοῦ
1516 5272 1768 5328 ἀνελθόν-

212 5381 286 5428 τος
324 5367 395 5430 ὡς
442 5369 717 5436 θύσοντος,
748 5371 979 5442 κιτρίοις
997 5371 1162 5425 αὐτὸν
1185 5371 1246 5423 τὸ
1286 5369 1490 5439 πλῆθος
1541 5367 1767 5422 ἔϐαλλον

213 5455 368 5524 (ἔθους
392 5461 542 5527 δντος
569 5465 625 5516 ἐν
651 5466 718 5534 τῇ
747 5461 1101 5534 Σκηνοπηγίᾳ
1122 5461 1355 5532 θύρσους
1388 5459 1646 5532 φοινίκων
1674 5461 1769 5512 καὶ

212 5548 411 5620 κιτρίων
455 5558 515 5609 ὲν
572 5559 756 5627 χεροῖν
803 5554 996 5625 ἔχειν),
1027 5556 1121 5609 καὶ
1157 5554 1346 5624 ὕϐρεις
1374 5552 1541 5605 αὑτοῦ
1600 5552 1768 5606 κατέ-

215 5660 340 5712 χεον.
376 5643 474 5703 Οἷα
497 5646 864 5718 παροξυνθεὶς
899 5649 927 5699 ὁ
955 5647 1334 5718 ’Δλέξανδρος,
1386 5645 1590 5698 κτείνει
1637 5643 1768 5714 περὶ

219 5735 587 5810 ἑξακισχιλίους
641 5738 844 5794 αὐτῶν.
881 5733 1014 5792 Εἶτα
1065 5737 1325 5808 συνάψας
1391 5740 1571 5811 μάχην
1631 5742 1767 5810 πρδις

223 5832 458 5902 ΙνΔραϐας,
509 5836 601 5887 καὶ
654 5832 952 5904 ἡττηθεὶς,
1003 5831 1222 5902 φεύγων
1274 5834 1354 5895 είς
1417 5832 1767 5907 Ἱεροσόλυμα

505 5930 774 5992 ΡΑτιιοι.
823 5929 938 5990 Gn.
992 5926 1312 5988 CXXXIV.

1864 4729 2100 4778 alterum
2119 4738 2187 4778 ex
2216 4721 2482 4777 fratribus
2502 4723 2668 4777 rebus
2694 4723 2857 4777 novis
2882 4721 3198 4778 studentem
3225 4724 3452 4791 occidit,

1868 4819 2148 4882 alterum,
2216 4817 2390 4887 quieti
2464 4815 2669 4885 ingenii
2740 4814 3057 4879 hominem,
3132 4817 3450 4874 honoravit.

1867 4909 2033 4964 Bellis
2082 4916 2274 4964 contra
2329 4908 2598 4977 quosdam
2653 4907 2845 4977 gestis,
2898 4907 3038 4963 alias
3080 4909 3282 4975 victor,
3315 4909 3452 4966 alias

1868 5001 2093 5064 victus,
2157 4999 2379 5054 tandem
2439 4997 2512 5053 ob
2577 5007 2780 5052 motam
2861 4997 3242 5065 seditionem,
3309 5015 3448 5056 eon-

1871 5105 1952 5148 tra
2016 5093 2307 5163 populares
2373 5105 2596 5161 quoque
2655 5106 2809 5146 arma
2877 5092 3046 5162 cepit.
3112 5093 3250 5148 Nam
3320 5109 3448 5149 cum

1871 5184 1925 5238 in
1958 5184 2097 5238 festo
2140 5183 2528 5237 immolaturus
2551 5197 2699 5236 aram
2739 5183 3172 5248 conscendisset,
3212 5185 3450 5254 populus

1869 5293 1995 5341 eum
2038 5275 2239 5346 thyrsis
2268 5274 2562 5329 eedrorum
2597 5274 2758 5346 petiit
2798 5275 2991 5344 (moris
3027 5276 3177 5330 enim
3220 5285 3359 5338 erat,
3389 5284 3450 5330 ut

1873 5368 1925 5423 in
1959 5367 2101 5423 festo
2132 5366 2642 5422 Tabernaeulorum
2671 5365 2892 5437 thyrsos
2927 5367 3236 5436 palmarum
3269 5374 3326 5420 et
3347 5382 3447 5421 ce-

1871 5461 2098 5516 drorum
2146 5461 2200 5514 in
2247 5460 2504 5515 manibus
2542 5459 2845 5531 gestarent)
2873 5468 2933 5515 et
2978 5458 3237 5514 convitiis
3264 5458 3450 5514 inces-

1871 5555 1943 5608 sit
1990 5569 2005 5608 ι
2059 5552 2264 5622 quibus
2312 5563 2661 5617 commotus,
2710 5551 2938 5607 circiter
2989 5565 3044 5604 vr
3093 5548 3266 5604 millia
3301 5551 3450 5604 occi-

1871 5647 1972 5701 dit.
2007 5645 2215 5700 Deinde
2240 5647 2428 5716 prrelio
2450 5645 2630 5700 victus
2657 5643 2726 5699 ab
2746 5642 3043 5708 Arabibus,
3075 5641 3449 5716 Hierosolyma

1874 5737 2096 5808 refugit.
2158 5738 2236 5793 Ad
2285 5754 2410 5794 eam
2457 5737 2672 5792 cladem
2714 5734 2948 5790 accessit
2993 5735 3184 5806 populi
3226 5737 3450 5802 seditio,

1876 5845 2000 5886 cum
2045 5846 2156 5889 ouo
2192 5845 2290 5901 per
2334 5845 2518 5886 annos
2557 5846 2609 5886 vt
2650 5825 2992 5893 dimicando,
3028 5842 3128 5898 per
3157 5826 3450 5901 stipendia-

3070 5921 3139 5984 13
