3876 6564
296 326 304 341 ⁸
335 330 444 389 399

1607 315 1931 379 JOANNIS
1971 312 2299 374 ZONARE

3490 317 3597 374 ίθυ

333 443 428 513 q-ui
504 435 800 508 aliquando
879 435 933 490 l'n
1013 444 1146 490 :eslu
1210 443 1275 488 'et
1350 429 1603 486 siccitate
1682 428 1912 484 imbrem

2025 425 2195 480 αὑτοῦ
2253 427 2335 489 είς
2389 423 2486 495 τὴν
2546 420 2834 487 Ἰουδαίαν,
2896 421 2991 474 καὶ
3041 421 3121 485 είς
3177 417 3277 492 τὴν
3332 420 3595 490 βασιλείαν

331 551 360 589 a
443 533 553 586 Deo
650 530 911 601 precibus
1004 529 1376 596 impetrarat,
1469 531 1786 594 rogarent,
1858 527 1919 575 ut

331 625 704 681 Aristobulum
735 638 860 676 cunt
910 636 1007 675 sua
1056 619 1294 672 factione
1321 617 1636 674 devoveret,
1673 628 1784 667 non
1817 628 1917 682 pa-

334 719 468 782 ruit,
500 716 595 772 sed
631 729 756 767 cum
787 721 1077 782 cogeretur
1115 727 1127 762 :
1175 708 1228 764 ~0
1267 709 1400 761 Deus
1427 723 1518 761 rex
1543 707 1800 768 universi,
1830 706 1916 758 in-

331 811 471 882 quit,
505 809 628 878 quia
655 817 703 861 et
725 807 761 860 ii
789 808 876 876 qui
900 805 1029 858 mihi
1058 811 1255 861 astant,
1282 802 1357 854 tui
1381 808 1526 862 sunt,
1555 809 1601 851 et
1617 799 1918 851 sacerdotes

331 902 420 971 qui
460 901 784 957 obsidentur,
825 897 980 949 iidem
1022 897 1139 946 lui:
1175 908 1289 955 oro,
1317 901 1374 944 ιιι
1399 907 1565 960 neque
1605 889 1685 942 his
1725 900 1916 942 contra

330 993 656 1062 illos,neque
680 991 757 1044 his
787 995 972 1042 contra
994 990 1083 1038 hos
1111 1001 1257 1055 opem
1287 983 1445 1053 feras.
1474 983 1584 1036 liae
1603 982 1919 1050 precatione

330 1095 572 1157 peracta,
603 1081 786 1137 statim
812 1081 992 1133 virum
1033 1077 1313 1147 lapidibus
1347 1075 1680 1129 obruerunt.
1725 1073 1917 1141 Neque

329 1192 464 1232 vero
527 1177 702 1230 multo
759 1183 882 1244 post
921 1186 1127 1226 numen
1187 1169 1310 1239 ejus
1366 1167 1666 1236 impietatis
1725 1177 1918 1233 puellas

329 1268 551 1339 exegit,
603 1267 847 1322 violento
903 1262 1129 1317 turbine
1191 1258 1447 1330 frugibus
1515 1255 1759 1328 regionis
1812 1269 1912 1308 va-

327 1361 506 1416 siatis.

2027 517 2506 588 ἀποκαταστῆναι,
2551 514 3012 585 ὑπισχνούμενος,
3052 515 3104 566 εἰ
3148 513 3324 567 ταῦτα
3379 519 3593 581 γένοιτο,

2025 608 2220 662 δώσειν
2244 607 2394 677 αὐτῷ
2428 609 2529 678 τήν
2572 624 2631 660 τε
2664 604 2850 676 χώραν
2887 607 2981 657 καὶ
3027 604 3129 667 τὰς
3162 605 3374 658 δώδεκα
3406 608 3595 671 πόλεις,

2025 700 2090 763 ἃς
2125 700 2481 771 Ἀλέξανδρος
2513 703 2542 752 ὀ
2583 699 2769 770 πατὴρ
2807 699 2975 752 αὐτοῦ
3011 699 3121 752 τῶν
3163 699 3411 770 Ἀράϐων
3457 702 3599 768 dasi-

2025 795 2167 849 λετο.
2205 797 2313 848 Καὶ
2344 797 2372 847 ὁ
2407 795 2635 865 Ἀρέτας
2687 795 3056 864 ἐστράτευσεν
3104 795 3196 845 ἐπὶ
3248 793 3339 845 τὸν
3377 794 3600 863 Ἀριστόι

2026 885 2244 950 ϐουλον,
2293 889 2388 940 καὶ
2443 888 2542 956 τῆς
2604 887 2787 956 μάχης
2820 888 3036 956 κρατεῖ.
3069 884 3290 936 ιιολλῶν
3337 881 3428 938 οὖν
3475 886 3600 954 πρὸς

2024 979 2117 1031 τὸν
2169 979 2440 1048 Ὑρκανὸν
2482 979 3001 1049 αὐτομολησάντων,
3046 979 3126 1040 είς
3183 979 3532 1048 Ἰεροσόλυμα
3573 982 3600 1032 ὁ

2037 1071 2453 1141 Ἀριστόϐουλος
2484 1072 2676 1139 ἔφυγε.
2714 1071 2826 1126 Καὶ
2860 1073 2888 1124 ὁ
2932 1071 3142 1140 Ἄραψ,
3167 1071 3244 1141 τῷ
3286 1072 3418 1142 ίερῷ
3443 1089 3599 1142 προσ-

2023 1162 2237 1229 ϐαλὼν,
2290 1165 2610 1235 ἐπολιόρκει
2670 1163 2763 1216 τὸν
2814 1163 3274 1234 Ἀριστόϐουλον,
3327 1165 3598 1236 προστιθες

2021 1258 2186 1327 μένου
2245 1258 2345 1311 καὶ
2394 1259 2490 1312 τοῦ
2541 1258 2720 1328 δήμου
2774 1257 2853 1327 τῷ
2915 1257 3198 1328 ⁹ὶ⁸ρκανῷ,
3263 1259 3442 1327 μόνων
3500 1260 3599 1312 τῶν

2026 1348 2222 1419 ἱερέων
2262 1347 2338 1420 τῷ
2365 1349 2769 1420 Ἀριστοϐούλῳ
2815 1351 3270 1420 παραμενόντων.
3324 1349 3503 1404 Ὀνίαν
3547 1351 3598 1407 δέ

325 1472 470 1521 τινα,
500 1453 673 1524 ἄνδρα
700 1453 909 1506 δίκαιον
931 1452 1027 1503 καὶ
1063 1447 1313 1517 θεοφιλῆ,
1352 1446 1436 1509 ὃς,
1469 1442 1686 1513 αὐχμοῦ
1728 1457 1859 1494 ποτε
1923 1444 2246 1513 γενομένου.
2311 1443 2444 1514 εὐχῇ
2479 1443 2570 1496 τὸν
2599 1444 2736 1498 Θεὸν
2762 1444 3116 1518 δυσωπήσας,
3146 1445 3304 1498 ἔλυσε
3331 1445 3429 1516 τὴν
3452 1447 3596 1515 ἀνομ-

323 1546 504 1616 ϐρίαν,
527 1546 715 1615 ὴξίουν
737 1547 786 1598 οἱ
812 1543 1059 1597 Ἰουδαῖοι
1081 1538 1344 1606 εὔξασθαι
1362 1537 1504 1589 κατά
1527 1532 1949 1604 Ἀριστοϐούλου
1991 1535 2088 1588 καὶ
2136 1534 2246 1588 τῶν
2272 1535 2390 1606 μετ’
2408 1536 2597 1590 αὑτοῦ.
2613 1536 2674 1588 '0
2691 1535 2736 1588 δ’
2761 1535 2862 1589 οὐκ
2879 1537 3152 1590 ἐπείθετο.
3171 1537 3260 1600 Ὠς
3281 1537 3339 1590 δὲ
3357 1536 3595 1605 ἐϐιάσθη,

321 1637 390 1689 *Ω
437 1634 545 1688 Θεὲ
571 1632 841 1699 βασιλεῦ
872 1629 989 1685 τῶν
1021 1630 1202 1692 ὅλων,
1245 1623 1422 1687 εἶπεν,
1460 1623 1545 1677 ὅτι
1579 1624 1678 1676 καί
1739 1625 1793 1676 oi
1860 1623 1988 1692 μετ’
2025 1623 2173 1694 ἐμοῦ
2216 1623 2540 1692 ἑστηκότες
2570 1626 2673 1679 σοι
2707 1627 2847 1691 εισι,
2883 1627 2981 1681 σοι
3027 1626 3096 1680 δὲ
3142 1628 3241 1682 καί
3283 1630 3336 1681 οὶ
3372 1631 3600 1696 ,πολιορ-

325 1728 607 1797 κούμενοι
639 1730 711 1793 le;
729 1725 840 1792 εἷς,
872 1723 1102 1792 δέομαι,
1143 1721 1296 1791 μήτε
1328 1719 1476 1773 κατὰ
1505 1718 1737 1771 τούτων
1799 1715 2057 1780 ἐκείνοις
2094 1715 2431 1784 ἐπαρήξῃς,
2497 1715 2653 1786 μήτε
2711 1717 2840 1771 κατ’
2890 1717 3139 1771 ἐκείνων
3180 1719 3436 1784 τούτοις.
3495 1720 3598 1774 Καὶ

323 1823 522 1875 αὐτίκα
551 1821 643 1874 τὸν
674 1819 846 1888 ἄνδρα
874 1815 1264 1886 περιστάντες,
1293 1810 1666 1877 κατέλευσαν.·
1721 1809 1837 1861 Οᾷκ
1901 1807 1983 1871 είς
2025 1809 2248 1881 μακράν
2291 1810 2348 1863 δὲ
2385 1808 2448 1862 τὸ
2490 1810 2646 1863 Θεῖον
2693 1809 2848 1873 δίκας
2880 1811 3077 1874 αὐτοὺς
3113 1811 3478 1883 εἰσεπράξατο
3509 1812 3598 1882 τῆς

323 1919 604 1982 ἀσεϐείας,
653 1915 968 1984 πνεύματος
1021 1913 1196 1982 βιαίου
1249 1908 1605 1970 πνεύσαντος,
1663 1907 1760 1958 καὶ
1809 1905 1902 1958 τἰν
1943 1904 2046 1974 τῆς
2077 1904 2263 1975 χώρας
2286 1905 2502 1975 καρπὸν
2525 1905 2969 1976 διαφθείραντος.

399 2015 482 2071 Vi.
539 2014 782 2070 Scaurus
818 2024 987 2080 porro
1032 2024 1061 2062 a
1104 2007 1369 2085 Pompeio
1401 2005 1455 2058 in
1492 2003 1753 2058 Armenia
1789 2001 1908 2055 bel-

2089 2004 2181 2070 ς’.
2211 2001 2491 2072 Πεμφθεὶς
2522 2002 2580 2054 δὲ
2623 2001 2774 2073 παρὰ
2806 2002 3094 2073 Πομπηΐου
3135 2003 3194 2056 ἐν
3223 2003 3484 2074 Ἀρμενίᾳ
3510 2022 3598 2058 πο-

326 2111 437 2163 lnm
475 2121 599 2162 cum
637 2105 880 2174 Tigrane
918 2112 1172 2172 gerente,
1223 2099 1277 2152 in
1316 2097 1530 2166 Syriam
1572 2095 1797 2154 missus,
1827 2094 1911 2148 le-

324 2210 478 2272 gatos
518 2199 586 2252 ab
636 2195 954 2251 Aristobulo
1002 2201 1058 2247 et
1106 2191 1359 2262 Hyrcano
1406 2187 1640 2257 accepit,
1671 2197 1910 2256 utroque

323 2292 526 2348 auxilia
557 2288 890 2360 postulante,
919 2295 976 2340 et
1007 2283 1329 2340 Aristobulo
1359 2296 1418 2336 se
1441 2278 1752 2350 conjunxit,
1783 2293 1911 2332 cccc

327 2385 545 2442 ta!entis
570 2381 811 2452 acceptis
837 2399 850 2435 :
883 2381 1148 2452 jussoque
1173 2378 1339 2431 Areta
1361 2374 1672 2437 discedere,
1699 2371 1907 2441 alioqui

323 2473 648 2530 a‘liomanis
678 2473 893 2528 hostem
919 2471 1232 2542 judicatum
1274 2466 1366 2529 iri.
1407 2465 1758 2521 obsidionem
1795 2463 1912 2517 dis-

325 2569 524 2624 cussit.
557 2568 632 2621 Ea
659 2565 864 2629 soluta,
902 2562 1259 2618 Aristobulus
1292 2569 1442 2614 moto
1467 2567 1661 2612 contra
1690 2559 1908 2611 Aretam

325 2668 381 2712 et
401 2661 712 2730 Hyrcanum
728 2655 896 2717 bello,
915 2663 1216 2722 utrumque
1244 2651 1435 2705 vincit.
1459 2649 1579 2704 Non
1597 2648 1769 2700 multo
1789 2655 1912 2715 post

327 2751 489 2823 223
540 2749 801 2818 Pompeio
852 2747 1178 2800 Damascum
1223 2743 1497 2814 profecto,
1547 2755 1674 2796 eum
1720 2739 1910 2793 multis

326 2847 452 2900 aliis
473 2858 546 2898 ex
573 2843 735 2905 locis,
775 2851 891 2894 tum
919 2853 986 2892 ex
1015 2836 1200 2892 Judma
1247 2833 1410 2904 legati
1452 2840 1748 2893 venerunt,
1786 2829 1911 2884 Ari-

325 2936 532 2994 stobuli
568 2948 770 2988 munus
801 2930 970 2984 vitem
1005 2942 1231 2982 auream
1259 2943 1290 2980 ι)
1327 2925 1592 2980 talentum
1630 2922 1907 2977 ferentes:

327 3045 493 3103 quam
521 3045 580 3083 se
607 3025 888 3096 .iosepbus
922 3023 1109 3076 Roma:
1159 3018 1365 3074 vidisse
1407 3015 1626 3078 asserit,
1655 3014 1710 3068 in
1739 3012 1902 3082 Capi-

329 3125 466 3181 tolio
501 3120 834 3176 dedicatam.
877 3114 1095 3186 Legatis
1131 3111 1316 3165 denuo
1348 3107 1722 3171 venientibus,
1752 3104 1907 3160 Anti-

328 3222 488 3284 pn‘tro
537 3225 637 3281 pro
699 3208 974 3276 Hyrcano,
1006 3226 1011 3232 ι
1046 3200 1350 3257 Nicodemo
1409 3214 1508 3268 pro
1560 3195 1904 3261 Aristobulo,

323 3298 627 3370 Pompeius
654 3296 804 3366 ipsos
833 3294 978 3348 inter
1004 3306 1145 3360 quos
1175 3288 1554 3344 controversia
1588 3287 1682 3350 sit,
1711 3286 1904 3340 adesse

2017 2093 2312 2162 λεμοῦντος
2361 2093 2632 2164 Τιγράνῃ,
2676 2094 2922 2164 Σκαῦρος
2968 2098 3049 2158 εἰς
3100 2095 3304 2166 Συρίαν
3350 2097 3594 2167 πρέσϐεις

2020 2187 2243 2254 ἐδέξατο
2270 2190 2425 2260 παρά
2441 2206 2509 2242 τε
2544 2188 2967 2259 Ἀριστοϐούλου
3001 2189 3097 2242 καὶ
3141 2189 3438 2259 Ὑρκανοῦ,
3465 2208 3591 2257 Guy.-

2019 2285 2216 2352 μαχείν
2246 2281 2524 2346 ἀξιοῦντος
2556 2282 2845 2352 ἐκατέρου.
2883 2280 3082 2334 Λαϐὼν
3103 2281 3196 2334 οῦν
3227 2283 3319 2336 ὑπ’
3359 2283 3596 2353 Ἀριστο-

2015 2373 2213 2436 ϐούλου
2259 2374 2594 2442 τετρακόσια
2638 2375 2896 2438 τάλαντα,
2929 2373 3082 2444 αύτῴ
3119 2375 3447 2446 προσετέθη.
3493 2377 3594 2428 Καὶ

2013 2465 2285 2528 κελεύσας
2327 2466 2638 2535 ἀναχωρεῖν
2680 2466 2772 2520 τὸν
2802 2465 3062 2536 Ἀρέταν,
3095 2465 3126 2536 ἦ
3165 2467 3428 2537 πολέμιον
3469 2467 3588 2521 Ἰδωο

2017 2561 2194 2631 μαίων
2248 2559 2656 2629 κριθήσεσθαι,
2715 2559 2876 2615 ἔλυσε
2931 2561 3033 2632 τὴν
3088 2561 3436 2632 πολιορκίαν.
3494 2555 3590 2623 Ἷίς

2012 2652 2290 2722 λυθείσης,
2316 2653 2345 2704 δ
2369 2651 2784 2722 Ἀριστόϐουλος
2814 2653 2909 2706 ἐπὶ
2943 2651 3172 2722 Ἀρέταν
3204 2655 3305 2708 καὶ
3337 2652 3592 2722 Ὑρκαιδν

2013 2745 2428 2816 ἐξεστράτευσε,
2463 2747 2561 2799 καὶ
2601 2746 2897 2816 συμϐαλὼν
2916 2748 3063 2818 νικᾷ.
3102 2747 3241 2801 Μετ’
3273 2747 3336 2801 οὐ
3372 2747 3500 2800 πολὺ
3539 2747 3590 2798 ἑὲ

2013 2839 2304 2909 Πομπηίου
2345 2838 2686 2906 ἀφικομένου
2714 2841 2793 2902 εἰς
2825 2839 3142 2909 Δαμασκὸν,
3175 2835 3316 2910 ἧκον
3345 2839 3535 2910 πρέσϐε
3563 2854 3588 2900 ς

2012 2929 2345 3000 πολλαχόθεν
2393 2947 2452 2982 τε
2499 2931 2594 2982 καὶ
2641 2929 2701 2994 ἐξ
2732 2930 3010 2995 Ἰουδαίας,
3050 2932 3225 3002 δῶρον
3271 2932 3330 2997 ἐξ
3361 2932 3536 2999 Ἀριοτ
3563 2956 3590 2972 -

2011 3020 2208 3074 ϐούλου
2236 3022 2379 3092 μέγα
2411 3024 2756 3094 κομίζοντες,
2798 3025 3046 3093 ἄμπελον
3068 3025 3283 3096 χρυσῆν
3314 3028 3380 3079 ἐκ
3405 3042 3589 3077 πεντα-

2010 3112 2212 3166 κοσίων
2232 3114 2537 3170 ταλάντων.
2559 3115 2779 3186 Ταύτην
2799 3120 2966 3185 φησιν
2985 3119 3014 3170 ὁ
3036 3117 3307 3187 Ἰώσηπος
3325 3121 3379 3170 ἐν
3411 3116 3584 3185 Ῥώμῃ

2010 3203 2334 3272 θεάσασθαι,
2361 3205 2440 3276 τῷ
2466 3207 2524 3260 ὲν
2551 3207 2887 3279 Καπιτωλίῳ
2920 3208 3034 3279 (54)
3065 3211 3469 3281 άνατιίλεμένην
3487 3211 3583 3263 Δι’.

2009 3297 2121 3350 Καὶ
2156 3293 2312 3362 αὖθις
2340 3294 2478 3372 ἦχον
2531 3299 2667 3370 πρὸς
2707 3301 2870 3354 αὑτὸν
2926 3301 3287 3373 Ἀντίπατρος
3332 3303 3428 3372 μὲν
3459 3303 3589 3371 ὑπὲρ

325 3368 501 3465 jubet.
534 3393 674 3446 Cum
704 3397 888 3442 autem
915 3383 1112 3448 Judaei,
1144 3395 1450 3450 eorumque
1482 3384 1650 3434 duces
1681 3379 1904 3433 Damas-

2022 3387 2315 3454 Ὑρκανοῦ,
2352 3368 2492 3461 ῦπὲρ
2530 3368 2584 3445 δε
2613 3392 3033 3463 Ἀριστοϐούλου
3068 3368 3406 3462 Νικδδημος.
3453 3393 3509 3446 '0
3536 3368 3586 3445 si

329 3501 456 3541 cum
490 3483 795 3540 venissent.
823 3477 917 3532 alii
951 3489 1182 3545 regnum
1216 3470 1619 3534 detrectabant,
1665 3467 1906 3538 patrium

328 3579 480 3635 enim
524 3590 670 3639 esse,
721 3582 782 3627 ut
827 3568 1188 3641 pontificibus
1241 3573 1472 3636 pareant
1511 3581 1524 3617 :
1579 3562 1706 3616 illos
1751 3575 1907 3625 vero,

329 3667 580 3741 quamvis
637 3661 1002 3719 sacerdotalis
1067 3658 1180 3712 sint
1227 3655 1470 3726 generis,
1533 3652 1909 3708 sacerdotium

332 3778 506 3834 regno
531 3765 922 3815 commutasse.
955 3752 1242 3823 Hyrcanus
1265 3763 1396 3802 vero
1423 3747 1645 3800 fratrem
1687 3759 1913 3799 accusa-

330 3857 449 3922 bat,
470 3853 617 3925 quod
654 3849 970 3922 principatu
1016 3847 1088 3900 ob
1130 3844 1309 3900 aetatis
1345 3841 1762 3914 praerogativam
1803 3839 1911 3894 sibi

332 3949 622 4006 attributo.
649 3944 719 4000 ab
752 3943 850 3997 illo
882 3939 1153 4011 spoliatus
1181 3946 1351 4000 esset,
1378 3935 1570 3990 multis
1593 3935 1762 3990 etiam
1786 3934 1912 3988 aliis

333 4041 665 4098 criminibus
691 4038 747 4092 in
778 4035 932 4090 illum
968 4033 1264 4102 congestis,
1297 4027 1574 4099 Antipatri
1608 4042 1771 4097 opera
1796 4041 1912 4080 am-

334 4136 480 4207 plius
515 4133 667 4189 mille
715 4127 1225 4200 probatissimorum
1258 4124 1573 4179 Iudaeorum
1607 4120 1914 4190 suffragan-

337 4229 506 4284 tibus.
535 4221 891 4279 Aristobulus
921 4227 1138 4278 contra.
1173 4217 1483 4286 Hyrcanum
1523 4214 1596 4268 ob
1639 4213 1909 4282 ignaviam

337 4318 567 4390 ingenii,
597 4331 718 4385 qua:
756 4317 1137 4378 contemptura
1177 4308 1228 4361 ei
1257 4307 1416 4360 facile
1459 4313 1700 4374 pareret,
1736 4304 1911 4372 impe-

337 4413 482 4467 rium
515 4407 770 4462 amisisse
792 4445 806 4467 ,
838 4401 986 4472 quod
1021 4399 1129 4454 sibi
1164 4397 1476 4453 necessario
1519 4395 1912 4450 vindicandum

335 4505 524 4566 fuerit,
573 4515 644 4554 ne
688 4496 758 4551 ab
800 4495 924 4548 aliis
972 4499 1389 4561 occuparetur:
1434 4501 1614 4557 neque
1658 4502 1716 4542 se
1744 4486 1912 4540 alium

336 4609 503 4667 quam
553 4606 663 4661 quo
716 4597 872 4660 pater
919 4599 1056 4640 usus
1117 4589 1286 4647 esset,
1354 4580 1574 4634 titulum
1625 4593 1912 4648 usurpare.

2012 3481 2213 3544 αὐτοὺς
2269 3481 2444 3535 ὲλθεῐν
2506 3483 2632 3546 τοὺς
2694 3483 3238 3554 διαμφισϐητοῦντας
3288 3487 3582 3539 ἐκέλευσεν.

2010 3571 2392 3642 Ἀφικομένων
2427 3573 2484 3628 δέ
2518 3591 2581 3643 γε
2615 3577 2700 3639 είς
2732 3577 3028 3646 Δαμασκὸν
3051 3577 3162 3630 τῶν
3203 3577 3475 3636 Ἰουδαίων
3502 3579 3588 3630 καὶ

2011 3664 2120 3718 τῶν
2144 3666 2430 3735 ἡγεμόνων
2453 3668 2655 3732 αὐτῶν,
2675 3670 2723 3721 οἱ
2750 3669 2852 3738 μὲν
2873 3668 3059 3739 ἠξίουν
3087 3671 3160 3741 μὴ
3185 3669 3584 3740 βασι).εύεσθα.ο

2013 3756 2247 3827 πάτριον
2280 3757 2392 3828 γάρ
2421 3753 2561 3811 εἶναι
2616 3759 2802 3824 αὐτοῖς
2833 3761 2986 3832 παρὰ
3013 3761 3121 3814 τῶν
3151 3763 3456 3834 ἀρχιερέων
3490 3763 3576 3830 ἂρ-

2013 3848 2208 3918 χεσθαι
2236 3864 2249 3878 °
2294 3849 2525 3914 τούτους
2557 3851 2614 3904 δὲ
2661 3851 2758 3905 τοῦ
2807 3857 3002 3920 γένους
3049 3853 3212 3917 ὄντας
3253 3856 3485 3916 ἐκείνου,
3510 3856 3584 3914 είς

2015 3940 2293 4010 βασιλείαν
2329 3942 2428 4012 τὴν
2454 3942 2628 4013 ἀρχὴν
2681 3943 3016 4014 μεταθεῖναι.
3065 3943 3340 4015 Ὑρκανὸς
3377 3946 3433 3999 δὲ
3457 3961 3586 3998 κατι

2013 4032 2203 4102 ηγόρει
2231 4033 2326 4087 τοῦ
2355 4035 2609 4103 ἀδελφοῦ,
2628 4037 2708 4089 ὅτι
2735 4037 2834 4106 τῆς
2875 4036 3053 4106 ἀρχῆς
3095 4039 3248 4107 αὐτῷ
3271 4039 3585 4109 νεμηθείσης

2013 4125 2100 4180 διά
2126 4125 2222 4196 τὴν
2253 4127 2710 4197 πρεσϐυγένειαι,
2737 4127 2830 4181 ὑπ’
2860 4129 3072 4182 ἐκείνου
3095 4131 3305 4197 ταύτην
3328 4129 3585 4200 ἀφῄρητο,

2016 4219 2112 4273 καὶ
2158 4219 2293 4272 ἄλλα
2332 4237 2449 4274 κατ’
2505 4219 2674 4274 αὐτοῦ
2732 4221 2996 4292 συνείρων
3047 4221 3224 4276 πολλὰ
3277 4223 3584 4290 αίτιάματα.

2017 4311 2458 4381 Συνεφθέγγοντο
2483 4312 2540 4365 δὲ
2567 4311 2718 4382 αὐτῷ
2745 4313 2921 4368 ταῦτα
2943 4314 3160 4382 λέγοντι
3193 4319 3288 4369 καὶ
3318 4317 3425 4368 τῶν
3448 4315 3585 4368 δοκι-

2017 4407 2284 4475 μωτάτων
2343 4406 2622 4462 Ἰουδαίων
2654 4409 2874 4472 τελείους
2922 4409 2956 4478 ἢ
3010 4409 3195 4480 χίλιοι,
3234 4411 3584 4480 Ἀντιπάτρου

2017 4499 2570 4568 παρασκευάσαντος.
2607 4500 3025 4570 Ἀριστόϐουλος
3062 4503 3121 4556 δὲ
3160 4503 3254 4556 τοῦ
3296 4505 3393 4572 μὲν
3427 4505 3584 4557 ἐκπε-

2017 4591 2132 4642 σεῖν
2177 4591 2275 4659 τῆς
2325 4589 2498 4659 ἀρχῆς
2543 4591 2636 4642 τὸν
2697 4587 2962 4662 ’Υικανδν
3003 4591 3102 4660 τὴν
3155 4592 3370 4645 ἐκείνου
3434 4592 3584 4655 φύσιν

337 4685 634 4755 Pompeius
667 4681 777 4736 vim
813 4677 1036 4750 quidem
1073 4674 1273 4730 fecisse
1311 4671 1688 4728 Aristobulum
1717 4669 1912 4725 decer-

2018 4682 2197 4736 αἰτίαν
2238 4683 2570 4751 εἰσήγαγεν,
2615 4681 2898 4753 ἄπρακτον
2946 4681 3133 4747 οὖσαν,
3183 4684 3277 4738 καὶ
3317 4685 3401 4738 διά
3440 4682 3583 4737 τοῦτο

339 4782 462 4835 uit:
521 4775 615 4830 sed
673 4781 787 4828 tum
841 4771 1142 4826 clementer
1193 4782 1290 4823 eos
1330 4766 1627 4828 allocutus,
1687 4763 1910 4818 interim

340 4869 628 4941 quiescere
673 4866 852 4938 jubet,
892 4866 1069 4919 donec
1111 4862 1228 4930 ipse
1280 4861 1337 4914 in
1373 4857 1618 4913 Judazam
1653 4855 1910 4911 veniret:

343 4974 462 5018 tum
508 4960 658 5014 enim
704 4973 764 5012 se
812 4957 1198 5011 ordinaturum
1230 4967 1354 5008 esse
1402 4950 1609 5006 omnia.
1640 4947 1746 5004 Sed
1783 4963 1908 5002 cum

341 5051 694 5110 Aristobulus
725 5065 792 5104 eo
821 5064 930 5118 non
967 5055 1306 5118 exspectato,
1349 5047 1402 5099 in
1441 5044 1682 5100 Judzeam
1729 5057 1916 5098 reces-

339 5146 527 5210 sisset,
557 5152 614 5198 ct
644 5140 1036 5196 Alexandrium
1063 5139 1349 5194 castellum
1383 5143 1719 5206 occuparet:
1748 5137 1914 5190 Pom-

342 5237 502 5310 peius
556 5234 752 5297 iratus,
802 5231 946 5286 bello
995 5237 1278 5299 suscepto,
1321 5243 1450 5284 eum
1503 5227 1571 5282 ad
1617 5242 1678 5282 se
1723 5225 1916 5281 venire

337 5329 524 5404 jussit.
556 5326 652 5380 Ille
683 5322 1036 5379 hortantibus
1077 5321 1271 5376 amicis
1308 5334 1376 5373 ne
1423 5319 1686 5374 Romanis
1722 5317 1920 5372 adver-

343 5430 578 5486 saretur,
623 5417 931 5480 descendit,
962 5428 1238 5482 causaque
1267 5411 1436 5475 dicta,
1469 5426 1535 5466 eo
1570 5410 1717 5465 unde
1749 5426 1918 5466 vene-

347 5524 454 5580 rat,
505 5513 693 5568 rediit.
751 5514 829 5566 Ac
882 5508 1144 5578 Pompeio
1191 5505 1422 5576 jubente
1475 5512 1538 5558 ut
1583 5504 1922 5560 munitiones

2017 4773 2500 4846 εὐκαταφρόνητον
2521 4789 2535 4803 ⁸
2573 4774 2738 4836 αὐτὸς
2768 4773 2813 4827 δ’
2853 4773 2914 4838 ἐξ
2937 4776 3184 4846 ἀνάγκης
3211 4775 3399 4844 ἔλεγεν
3424 4773 3582 4841 αὐτὴν

2019 4867 2296 4931 ὑπελθεῖν,
2329 4866 2482 4934 φόϐῳ
2509 4865 2605 4918 τοῦ
2638 4865 2716 4936 μὴ
2741 4866 2877 4936 πρὸς
2909 4867 3103 4931 ἄλλους
3127 4869 3382 4935 γενέσθαι
3405 4867 3582 4930 αὐτὴν,

2018 4957 2386 5027 ὀνομάζεσθαι
2432 4957 2489 5009 δὲ
2536 4959 2673 5026 ὅπερ
2727 4958 2823 5010 καὶ
2875 4959 2903 5008 ὁ
2960 4960 3167 5028 πατήρ.
3219 4960 3499 5028 Πομπέιῑος
3533 4957 3585 5008 δὲ

2023 5050 2146 5119 βίαν
2189 5048 2290 5119 μὲν
2337 5049 2590 5116 κατέγνω
2652 5047 3094 5118 Ἀριστοϐούλου,
3138 5050 3326 5121 πράως
3374 5051 3430 5103 δὲ
3472 5050 3583 5100 τότε

2021 5141 2437 5211 προσομιλήσας
2478 5141 2686 5205 αὐτοῖς,
2723 5141 2957 5210 ἡσυχίαν
2994 5143 3131 5205 τέως
3182 5144 3337 5212 ἄγειν
3381 5141 3584 5195 ἐκέλευ-

2025 5246 2155 5288 σεν·
2209 5233 2380 5287 ἐλθὼν
2432 5233 2477 5286 δ’
2531 5233 2615 5296 είς
2661 5235 2762 5305 τὴν
2814 5233 3022 5305 χώραν,
3065 5235 3338 5300 διατάξειν
3393 5235 3583 5288 ἕκαστα

2023 5325 2420 5394 ἐπηγγέλλετο.
2497 5324 2612 5379 Οὐκ
2648 5325 2949 5396 ἀναμείνας
2985 5325 3169 5398 μέντοι
3199 5328 3226 5380 ὀ
3257 5322 3584 5396 Ἀριστόϐου-

2021 5417 2144 5482 λος,
2199 5415 2279 5478 είς
2329 5415 2432 5484 τὴν
2489 5415 2754 5469 Ἰουδαίαν
2805 5416 3011 5488 ἀπῆρε.
3073 5417 3182 5468 Καὶ
3239 5415 3506 5488 ὀργισθεὶς
3559 5410 3584 5460 ὁ

2027 5510 2341 5580 Πομπήῖος,
2382 5508 2714 5581 ἐστράτευσε
2751 5510 2873 5563 κατ’
2910 5509 3100 5565 αὑτοῦ.
3138 5508 3583 5580 Συμπετρευγῦτος

1505 5673 1701 5735 Variae
1744 5672 2057 5736 lectiones
2101 5680 2161 5736 et
2203 5680 2395 5738 notas.

424 5795 540 5868 ιω)
573 5796 656 5864 Τῷ
676 5797 744 5852 ἐν
771 5794 1140 5862 Καπιτωλίῳ.
1182 5795 1281 5854 Ms.
1307 5796 1385 5868 τῷ
1424 5796 1775 5868 Καπιτωλίῳ,
1811 5796 1912 5852 Jor;

2018 5816 2038 5850 ἰ
2047 5796 2290 5868 pilaliua.
