3876 6554
262 453 373 519 ωλι

1542 453 1950 516 ANNALIUM
1995 455 2140 518 LIB.
2180 459 2253 520 ν.

3428 453 3542 520 402

257 564 308 617 δ’
327 563 416 628 είς
439 560 642 633 ἔρυμα,
677 559 1013 632 καλούμενον
1043 558 1438 632 Ἀλεξάνδρων,
1464 562 1686 616 ἐκέλευε
1711 564 1849 634 πρὸς

1967 565 2218 628 ,ι’τιάετεῑ,
2245 576 2302 622 et
2335 566 2690 622 castellorum
2721 566 3052 638 praesidibus
3076 582 3175 622 sua
3212 583 3376 622 manu
3402 567 3541 622 seri»

255 655 428 709 αὐτὸν
447 656 628 725 ἥκειν.
667 656 724 710 Ὀ
753 655 809 708 δὲ
831 654 939 708 τῶν
967 655 1136 724 φίλων
1161 656 1236 726 μὴ
1267 656 1526 725 πολεμεῖν
1563 657 1854 728 Ῥωμαίοις

257 749 585 816 ἀξιούντων,
622 748 878 802 κάτεισιο
934 749 1031 802 καὶ
1076 747 1653 818 δικαιολογησάμενος,
1693 749 1856 804 πάλιν

254 843 388 895 ὅθεν
415 837 556 914 ἧκεν
589 841 927 912 ὑπέστρεψε.
968 840 1302 904 Κελεύοντος
1331 842 1386 894 δὲ
1423 843 1714 913 Πομπηΐου
1746 860 1854 896 πα-

256 931 546 1000 ραδιδόναι
593 932 661 986 τά
711 933 986 1002 ἐρύματα,
1019 934 1114 985 καὶ
1163 933 1502 1004 αύτοχείρως
1547 934 1856 988 ἐπιστεῖλαι

253 1027 375 1088 τοῖς
452 1025 818 1098 φρουράρχοις
878 1025 1169 1095 (ἀπείρητο
1243 1027 1355 1096 γὰρ
1414 1025 1624 1079 τούτων
1680 1024 1858 1090 άλλως

253 1116 656 1184 ἀςίστασθαι),
688 1117 937 1169 πείθεται
961 1117 1080 1186 μὲν,
1107 1117 1528 1188 δυσανασχετῶν
1565 1117 1622 1171 δὲ
1651 1116 1856 1188 ἀνεχώο

257 1225 438 1279 ρησεν
488 1209 570 1271 είς
629 1207 1006 1280 Ἰεροσόλυμα,
1053 1209 1147 1262 καὶ
1195 1209 1455 1278 πολεμεῖν
1505 1209 1856 1279 ἡτοιμάζετο.

258 1299 543 1370 Πομπηΐῳ
581 1298 637 1352 δὲ
673 1297 1027 1369 στρατεύοντι
1089 1299 1176 1351 ἐπ’
1228 1298 1392 1352 αὐτὸν
1429 1301 1461 1368 ἡ
1518 1299 1855 1370 Μιθριδάτου

257 1392 549 1463 μεμήνυτο
590 1391 843 1461 τελευτὴ.
877 1391 941 1444 ἐκ
986 1389 1273 1460 Φαρνάκου
1319 1391 1415 1444 τοῦ
1452 1391 1648 1454 παιδὸς
1691 1389 1856 1444 αὐτοῦ

255 1481 572 1553 γενομένη.
602 1482 741 1553 Περὶ
781 1481 1116 1553 Ἱεριχοῦντα
1161 1481 1216 1535 δὲ
1246 1482 1516 1550 γεγονότι,
1548 1475 1610 1536 οὗ
1637 1483 1697 1536 τὸ
1729 1483 1860 1536 όπο-

255 1572 548 1644 (άλσιμον
580 1575 863 1644 τρέφεται,
891 1574 1000 1627 τῶν
1029 1572 1221 1644 μύρων
1252 1574 1312 1626 τὸ
1330 1575 1656 1644 ἀκρότατον,
1693 1574 1720 1627 ὃ
1749 1573 1858 1628 τῶν

253 1664 490 1734 θάμνων
546 1665 899 1736 τεμνομένων
953 1663 1067 1729 ὀξεῖ
1141 1664 1274 1735 λίθῳ
1326 1664 1613 1719 ἀναπιδύει
1668 1664 1858 1735 ὥσπερ

252 1759 420 1824 όπὶς,
454 1757 736 1828 πρόσεισιν
769 1757 796 1810 ὁ
829 1757 1244 1827 Ἀριστόϐουλος
1278 1757 1452 1828 αὐτῷ,
1488 1757 1584 1812 καὶ
1637 1757 1852 1810 ἱκέτευε

257 1849 590 1905 παύσασθαι
619 1849 716 1903 τοῦ
745 1849 1007 1921 πολέμου,
1038 1851 1304 1921 χρήματά
1333 1868 1392 1904 τε
1416 1849 1616 1916 διδους,
1648 1849 1745 1902 καὶ
1777 1850 1858 1914 είς

1958 657 2117 714 heret
2148 658 2372 729 (alioqui
2407 660 2554 715 enim
2602 659 2684 715 iis.
2713 659 2913 716 cedere
2949 651 3344 729 nonlicebat),
3387 667 3544 729 paret

1959 750 2049 806 ille
2078 752 2325 821 quidem,
2375 753 2470 807 sed
2506 752 2962 824 indignabundus
2999 752 3377 824 Hierosolyma
3415 766 3546 819 pro-

1957 841 2152 905 fectus.
2191 843 2258 899 ad
2306 843 2510 900 bellum
2547 861 2607 900 se
2643 855 2820 915 parat.
2864 845 3128 915 Pompeio
3170 855 3360 899 contra
3392 843 3543 898 illum
3627 833 3630 838 ’

1958 933 2206 999 ducenti,
2241 937 2545 992 Mithridati
2576 937 2756 993 cmdes
2791 953 2822 993 a
2859 938 2974 993 tilio
3017 938 3304 992 Pharnace
3331 942 3546 1006 patrata

1957 1028 2246 1084 nuntiatur
2274 1048 2286 1083 ε
2315 1038 2371 1084 et
2405 1031 2473 1086 ad
2507 1031 2869 1086 Hieriehunta
2898 1047 3217 1102 progresso,
3264 1029 3359 1085 ubi
3407 1045 3548 1100 opoo

1958 1117 2262 1174 balsamum
2290 1121 2554 1184 nascitur.
2575 1131 2982 1194 unguentorum
3012 1122 3550 1193 prestantissimumt

1959 1212 2107 1282 quod
2144 1211 2440 1270 fruticibus
2494 1223 2661 1271 acuto
2707 1216 2893 1286 lapide
2946 1216 3156 1282 incisis,
3197 1215 3363 1270 instar
3395 1215 3549 1270 succi

1958 1304 2217 1366 exsudat,
2237 1304 2597 1360 Aristobulus
2616 1307 2886 1369 occurrit,
2913 1307 3321 1377 supplicans,ut
3341 1305 3548 1360 bellum

1960 1395 2178 1450 nuntiat
2206 1413 2220 1450 :
2259 1412 2319 1451 se
2345 1398 2635 1466 pecuniam
2663 1399 2714 1454 ei
2747 1399 3036 1463 daturum,
3075 1397 3552 1468 ct.Hicrosolyrnis

1962 1497 2315 1558 recepturum
2341 1505 2463 1545 esse
2488 1491 2779 1560 pollicens,
2807 1491 3030 1560 quidvis
3049 1491 3245 1562 agendi
3277 1499 3552 1562 potestate

1959 1580 2253 1649 permissa.
2285 1581 2380 1636 llle
2411 1581 2534 1637 data
2569 1583 2751 1647 venia,
2781 1583 2946 1656 224
2969 1583 3263 1638 Gabinium
3287 1583 3354 1638 ad
3383 1598 3552 1653 pecus

1960 1671 2106 1724 niam
2137 1682 2194 1727 et
2224 1672 2417 1728 urbem
2449 1674 2830 1744 accipiendam
2863 1675 3052 1730 mittit.
3076 1675 3220 1742 Quo,
3243 1674 3550 1734 Aristobuli

1959 1759 2230 1816 militibus
2284 1771 2442 1832 pacta
2495 1763 2686 1834 perlici
2745 1764 3190 1834 prohibentibus,
3239 1780 3299 1819 re
3350 1763 3551 1820 iniecta

1961 1868 2208 1917 reverso,
2239 1855 2354 1924 ipse
2387 1855 2683 1927 Pompeius
2727 1857 3051 1913 Aristobulo
3081 1857 3134 1912 in
3164 1857 3384 1914 vincula
3413 1871 3551 1910 eon-

253 1944 325 1996 τά
372 1943 730 2014 Ἱεροσόλυμα
766 1943 930 1996 αὑτὸν
963 1942 1369 2012 εἰσδεχόμενος,
1405 1941 1548 1995 ὥστε
1595 1942 1860 2012 πράττειν

1967 1943 2126 2012 iecto,
2164 1944 2232 1999 ad
2265 1945 2546 2001 civitatem
2587 1946 2740 2002 venit
2780 1963 2891 2002 non
2935 1947 3394 2017 consentientem,
3427 1945 3558 2004 aliis

251 2037 282 2092 ὃ
313 2035 600 2106 βούλεται.
639 2035 699 2090 '0
724 2035 806 2102 δὲ,
829 2035 1099 2103 συγγνοὺς
1127 2035 1300 2103 αὐτῷ,
1352 2035 1566 2104 πέμπει
1595 2034 1861 2104 Γαϐήνιον

1967 2035 2290 2107 Pompeium
2353 2040 2684 2109 recepturis,
2747 2041 3054 2096 Aristobuli
3114 2056 3247 2096 vero
3309 2039 3553 2098 factione

254 2127 360 2179 ἐπὶ
382 2127 453 2179 τά
483 2127 742 2197 χρήματα
772 2126 866 2180 καὶ
892 2126 992 2197 τὴν
1021 2126 1197 2180 πόλιν.
1223 2125 1346 2178 Τῶν
1366 2124 1421 2178 δὲ
1448 2123 1861 2196 Ἀριστοϐούλου

1967 2133 2306 2187 contrarium
2363 2143 2646 2200 censente,
2697 2151 2820 2205 qua:
2877 2136 3084 2206 templo
3131 2143 3424 2205 occupato.
3479 2133 3551 2190 ad

256 2219 630 2290 σρτατιωτῶν
682 2219 785 2272 οὐκ
825 2218 1044 2272 ἐώντων
1098 2217 1200 2282 τὰς
1251 2220 1524 2288 συνθήκας
1572 2215 1861 2287 πληρωθῆ-

1967 2223 2306 2279 tolerandam
2374 2226 2719 2281 obsidionem
2762 2243 2821 2282 se
2870 2228 3117 2297 parabat.
3160 2227 3307 2284 Urbe
3359 2235 3555 2287 autem

255 2329 378 2375 ναι,
408 2313 692 2384 ἄπρακτος
751 2311 1069 2384 ἐπανῆλθεν
1097 2313 1144 2372 ό,
1165 2312 1430 2384 Γαϐήνιος
1449 2326 1465 2343 ⁶
1507 2311 1635 2381 ἥκει
1667 2310 1723 2364 δὲ
1769 2310 1862 2363 ἐπὶ

255 2404 368 2472 τὴν
428 2405 602 2474 πόλην
649 2405 951 2475 Πομπήϊος,
1007 2404 1304 2474 καθείρξας
1363 2404 1455 2457 τὸν
1503 2403 1860 2476 Ἀριστόϐου-

259 2495 383 2548 λον.
425 2497 487 2548 Οἱ
529 2496 573 2548 δ’
601 2495 749 2550 ἔνδον
790 2499 887 2566 οὑχ
932 2495 1231 2568 ὡμονόουν.
1262 2497 1389 2559 Τοῖς
1452 2496 1551 2566 μὲν
1584 2498 1694 2565 γὰρ
1748 2493 1863 2546 ἐδό-

259 2605 357 2642 κει
415 2588 668 2659 δέχεσθαι
733 2589 824 2642 τὸν
886 2590 1190 2660 Πομπήϊον,
1231 2591 1343 2652 τοῖς
1405 2588 1450 2643 δ’
1509 2586 1860 2660 Ἀριστοϐού-

261 2681 365 2734 λου
437 2679 792 2750 τούναντίον,
860 2681 934 2749 οἳ,
981 2681 1079 2735 καὶ
1131 2681 1192 2734 τδ
1249 2682 1394 2754 ἱερὸν
1443 2680 1859 2750 κατειληφότες,

262 2773 350 2836 εἱς
395 2774 719 2844 πολιορκίαν
775 2775 1272 2845 παρεσκευάζοντο.
1337 2775 1402 2827 Οἱ
1455 2774 1499 2826 δ’
1555 2772 1704 2828 ἄλλοι
1758 2771 1859 2844 τὴν

263 2868 430 2919 πόλιν
461 2867 836 2939 ἐγχειρίζουσι
869 2869 1165 2940 Πομπηΐῳ,
1188 2867 1283 2921 καὶ
1305 2866 1372 2921 τὰ
1411 2865 1678 2937 βασίλεια.
1715 2865 1776 2917 '0
1803 2865 1860 2918 δὲ

263 2960 424 3023 ἒντδς
487 2961 1146 3032 στρατοπεδευσάμενος,
1197 2959 1506 3030 ἐπολιόρκει
1573 2958 1630 3012 τὸ
1690 2957 1856 3028 ἱερόν.

273 3053 533 3116 Ἀλόντος
579 3053 636 3106 δὲ
688 3053 813 3124 περὶ
861 3054 1048 3124 τρίτον
1094 3053 1260 3123 μῆνα,
1292 3051 1761 3122 ἐπεισφρήσαντες
1807 3051 1860 3104 οἱ

263 3146 545 3212 πολέμιοι,
572 3144 812 3216 ἔσφαζον
841 3147 968 3209 τοὺς
996 3147 1057 3196 ἐν
1088 3143 1257 3215 αὐτῷ.
1301 3144 1365 3196 Οἱ
1399 3143 1454 3197 δέ
1500 3143 1654 3195 οὐδὲν
1695 3137 1858 3215 ἧττον

263 3233 413 3308 ἦσαν
450 3235 869 3308 ἱερουργοῦντες
924 3238 1019 3290 καὶ
1066 3235 1307 3299 θύοντες,
1355 3234 1517 3304 φόνου
1567 3233 1624 3286 δέ
1681 3234 1860 3288 πάντα

271 3350 342 3402 με
353 3332 617 3400 μέστωτο.
643 3331 707 3384 Oi
737 3330 836 3401 μὲν
854 3329 962 3401 γὰρ
987 3330 1097 3382 τῶν
1113 3329 1384 3384 Ἰουδαίων
1408 3329 1513 3381 ὑπὸ
1545 3326 1858 3398 Ῥωμαίων,

265 3426 318 3477 οἱ
355 3423 401 3476 δ’
434 3421 531 3476 ὑπ’
563 3421 812 3492 ἀλλήλων
849 3422 1207 3490 ἐσφάττοντο,
1238 3421 1270 3491 ἢ
1305 3422 1401 3475 καὶ
1435 3420 1664 3482 ἑαυτοὺς
1695 3436 1857 3472 κατε-

268 3516 606 3588 κρήμνιζον.
638 3514 898 3586 Παρῆλθε
952 3514 1011 3568 δέ
1055 3516 1137 3576 εἰς
1172 3513 1236 3567 τὸ
1276 3511 1428 3576 ἐντὸς
1470 3510 1564 3565 τοῦ
1617 3510 1747 3564 ναοῦ
1795 3509 1859 3563 τὸ

267 3610 476 3664 ἄϐατον
505 3609 533 3662 ὁ
579 3608 886 3679 Πομπήϊος,
916 3605 1010 3660 καὶ
1047 3604 1158 3658 τῶν
1186 3605 1315 3676 περὶ
1349 3603 1512 3657 αὐτόν
1555 3618 1726 3666 τινες,
1760 3600 1858 3654 καὶ⁹

270 3697 416 3754 εἶδον
467 3703 566 3755 ὅσα
617 3702 732 3765 τοῖς
784 3699 966 3763 ἄλλοις
1004 3698 1146 3767 πλὴν
1197 3697 1308 3752 τῶν
1354 3697 1663 3766 ἀρχιερέων
1717 3688 1859 3764 ἦσαν

271 3796 502 3850 ἀθέατα.
535 3793 767 3857 Οὐδενὸς
817 3793 1002 3863 μέντοι
1069 3789 1180 3845 τῶν
1211 3790 1269 3841 ἐν
1303 3786 1455 3858 αύτῷ
1488 3785 1860 3856 ἀναθημάτων

273 3889 312 3961 ἢ
333 3888 443 3940 τῶν
466 3887 764 3959 χρημάτων
785 3884 961 3956 ἥψατο
983 3883 1052 3936 δι’
1093 3880 1395 3936 εὐσέϐειαν.
1421 3879 1501 3950 Τῇ
1523 3877 1569 3930 δ’
1595 3875 1862 3948 ὑστεραίᾳ

1961 2325 2017 2370 et
2049 2317 2195 2387 regia
2227 2333 2256 2371 a
2290 2319 2506 2373 caeteris
2537 2320 2799 2390 Pompeio
2853 2320 3093 2382 traditis.
3139 2328 3196 2375 et
3243 2320 3444 2380 castris
3489 2319 3551 2382 in,

1964 2407 2080 2476 ipsa
2135 2407 2271 2462 urbe
2323 2408 2539 2480 positis,
2572 2425 2638 2465 ac
2685 2411 2892 2480 templo
2939 2410 3105 2466 tertio
3150 2425 3339 2466 mense
3375 2423 3554 2482 cupit»

1962 2509 2151 2570 gnato,
2180 2501 2381 2556 milites
2411 2517 2506 2557 eos
2529 2502 2621 2572 qui
2659 2503 2810 2558 intus
2836 2512 3016 2566 erant,
3063 2501 3434 2562 trucidabant,
3463 2500 3556 2562 ni-v.

1964 2592 2079 2646 hilo
2110 2592 2294 2648 secius
2323 2594 2496 2648 sacris
2538 2603 2854 2664 operantes,
2891 2603 2948 2649 et
2973 2595 3229 2650 victimas
3260 2593 3552 2648 innnolan~

1965 2690 2046 2736 tes
2073 2697 2171 2737 :ac
2198 2682 2444 2738 caedibus
2466 2682 2666 2738 referta
2692 2693 2851 2758 erant
2880 2685 3086 2745 omnia.
3117 2681 3323 2752 Iudicis
3348 2681 3554 2749 partim.

1962 2787 1992 2826 a
2019 2773 2303 2837 Romanis,
2341 2778 2543 2844 partim
2567 2790 2610 2848 ,ιι
2642 2791 2764 2847 sese
2794 2774 3229 2834 intereuntibus.
3255 2773 3340 2827 vel
3365 2771 3553 2842 gladio

1960 2865 2048 2920 vel
2086 2866 2546 2936 prmeipitatione.
2582 2867 2878 2939 Pompeius
2903 2881 3034 2922 vero
3055 2882 3180 2921 eum
3213 2863 3562 2936 quibusdam

1959 2972 2026 3012 ex
2061 2957 2176 3015 suis
2199 2959 2423 3032 adytum
2473 2961 2662 3031 templi
2713 2961 2996 3033 ingressus
3041 2969 3147 3022 est,
3191 2974 3366 3028 eaque
3411 2957 3552 3024 vidit

1960 3068 2084 3122 qum
2132 3068 2239 3107 non
2291 3053 2396 3108 nisi
2435 3054 2793 3125 pontiﬁcibus
2840 3053 3028 3108 videre
3077 3053 3170 3108 fas.
3201 3060 3288 3108 est
3322 3070 3335 3107 :
3367 3064 3560 3120 neultc.

1961 3155 2169 3213 tamen,
2193 3161 2300 3214 qua
2323 3154 2441 3199 erat
2473 3145 2696 3216 pietate,
2729 3144 3032 3214 quidquam
3059 3143 3143 3198 vel
3175 3159 3242 3198 ex
3275 3141 3562 3208 donariis,._

1961 3237 2048 3306 vel
2072 3253 2138 3292 ex
2168 3239 2422 3308 pecuniis
2445 3239 2649 3310 attigit.
2677 3238 2956 3294 Postridie
2981 3236 3246 3310 populum
3274 3235 3563 3302 hortatus,,

1967 3337 2026 3382 ut
2064 3329 2326 3398 templum
2361 3339 2748 3402 repurgarent,
2783 3339 2841 3384 et
2875 3329 2978 3382 rite
3009 3325 3381 3388 immolarent,
3411 3323 3563 3393 llyr-,

1964 3433 2105 3473 cano
2148 3419 2532 3488 pontiﬁcatum
2581 3421 2824 3475 restituit
2869 3437 2882 3473 :
2941 3419 3180 3489 bellique
3224 3417 3560 3488 auctoribus

1964 3509 2146 3564 securi
2181 3511 2477 3580 percussis,
2513 3519 2569 3566 et
2608 3512 2818 3566 tributo
2849 3509 3238 3582 Hierosolymis
3267 3509 3564 3584 imposito.‘

1966 3601 2196 3655 Romam
2231 3602 2450 3672 rediens
2490 3603 2872 3658 Aristobulum
2906 3603 3302 3658 vinetumcum
3333 3599 3562 3672 duabus;

1968 3691 2211 3756 tiliabus,
2264 3693 2604 3766 tetideinque
2638 3695 2767 3750 liliis
2797 3710 2984 3750 secum
3016 3693 3266 3750 abduxit.
3304 3691 3564 3760 Quorum.

1970 3794 2100 3838 natu
2138 3787 2310 3855 major
2351 3785 2662 3843 Alexander
2699 3799 2922 3858 arrepta
2964 3787 3110 3858 fuga.
3151 3795 3271 3854 post
3299 3783 3552 3840 Iudaeam

1973 3876 2296 3944 incursavit,
2335 3894 2511 3948 neque
2547 3879 2598 3933 ei
2629 3881 2886 3935 resistere
2914 3876 3197 3950 ll-yrcanus
3225 3875 3428 3946 putuit.

273 3982 511 4052 καθᾶραι
548 3978 919 4051 παραγγείλας
943 3975 1008 4032 τὰ
1038 3975 1208 4047 ἱερὸν,
1256 3973 1350 4028 καὶ
1385 3970 1537 4026 θύειν
1574 3969 1843 4043 νομίμως,
1875 3970 1975 4044 τὴν
2003 3971 2417 4044 ἀρχιερωσύνην
2465 3973 2788 4046 παρέδωκεν
2839 3970 3115 4045 Ὑρκανῷ,
3176 3971 3303 4032 τοὺς
3342 3966 3550 4027 αἰτίους

272 4072 364 4127 τοῦ
397 4073 636 4143 πολέμου
663 4072 882 4125 πελέκει
907 4070 1365 4141 διαχρησάμενος,
1396 4065 1491 4119 καὶ
1509 4066 1577 4118 τὰ
1610 4064 1960 4136 Ἰεροσόλυμα
2008 4065 2240 4130 ποιήσας
2303 4065 2606 4135 Ῥωμαίοις
2679 4066 2955 4138 ὑπόφορα.
3015 4066 3303 4137 Πομπήϊος
3365 4061 3422 4117 δὲ
3457 4059 3560 4114 ἐπὶ.

285 4167 507 4240 Ῥώμην
577 4164 775 4232 ἀπιὼν,
810 4165 1046 4234 ἐπήγετο
1106 4163 1198 4216 τὸν
1269 4158 1685 4231 Ἀριστόϐουλον
1736 4157 2047 4227 δεδεμένον,
2103 4159 2358 4221 καὶτοὺς
2396 4159 2598 4222 παῖδας
2678 4160 2873 4216 αὑτοῦ.
2911 4155 3096 4214 Ἦσαν
3122 4160 3180 4213 δὲ
3241 4156 3408 4226 αὐτῷ.
3455 4155 3557 4209 δύο

275 4260 566 4331 θυγάτρια,
613 4258 710 4312 καὶ
764 4255 1011 4310 τοσοῦτοι
1057 4255 1186 4317 υἱοὶ,
1236 4249 1312 4307 ὧν
1367 4253 1396 4306 ό
1451 4251 1823 4324 πρεσϐύτερος
1874 4249 2228 4322 Ἀλέξανδρος
2268 4252 2508 4323 ἀπέδρα,
2559 4253 2658 4306 καλ⁵
2705 4251 2803 4324 τὴν
2872 4250 3134 4306 Ἰουδαίαν
3195 4249 3558 4322 κατέτρεχεν,

275 4347 501 4419 ὕστερον
536 4347 611 4418 μὴ
655 4347 959 4416 δυναμένου
999 4343 1094 4397 τοῦ
1146 4341 1418 4414 Ὑρκανοῦ
1455 4341 1605 4412 αύτῷ
1635 4339 2150 4396 ἀντικαθίστασθαι.

343 4441 418 4497 Ζ’.
454 4442 543 4504 Ὣς
561 4441 618 4493 δὲ
634 4438 896 4509 Γαϐήνιος
911 4437 989 4502 είς
1013 4434 1216 4506 Συρίαν
1239 4429 1367 4507 ἦκε,
1385 4435 1598 4505 πέμπει
1615 4433 1749 4505 πρὸς
1771 4433 1864 4486 τὸν

288 4533 640 4602 Ἀλέξανδρον
686 4531 976 4584 ’Λντώνιον
1002 4531 1232 4599 Μάρκον
1259 4527 1400 4599 μετὰ
1430 4527 1860 4598 στρατεύματος.

2046 4433 2160 4490 Vll.
2203 4434 2472 4492 Gabinius
2522 4445 2710 4493 autem
2750 4451 2877 4493 eum
2926 4437 2981 4490 in
3031 4433 3242 4507 Syriam
3289 4415 3558 4494 venisset,

1971 4524 2045 4580 Μ.
2097 4526 2397 4582 Antonium
2451 4545 2587 4585 cum
2633 4529 2879 4585 exercitu
2934 4537 3125 4584 contra
3178 4526 3552 4582 Alexandrum

276 4625 388 4678 Καὶ
424 4621 727 4694 γενομένης
759 4621 963 4690 μάχης,
1002 4619 1316 4672 κτείνουσιν
1355 4619 1404 4670 οἱ
1449 4617 1713 4687 Ῥωμαῖοι
1751 4615 1861 4668 τῶν

1971 4617 2165 4683 mittit,
2199 4621 2292 4688 qui
2331 4621 2518 4689 przelio
2549 4621 2847 4676 commisso
2871 4619 3115 4674 hostium
3146 4618 3212 4672 ad
3248 4617 3352 4672 tria
3381 4618 3572 4702 millia,

209 4705 218 4718 ⁸
277 4715 560 4784 πολεμίων
611 4713 744 4784 περὶ
777 4711 1134 4782 τρισχιλίους,
1167 4711 1264 4762 καὶ
1313 4709 1414 4762 οὐκ
1449 4708 1708 4770 ἐλάττους
1757 4705 1864 4772 ζω-

277 4807 491 4877 γροῦσι.
522 4805 954 4873 Καταφυγόντος
981 4801 1040 4855 δέ
1085 4801 1435 4870 Ἀλεξάνδρου
1465 4799 1555 4852 ἐπί
1577 4816 1630 4852 τι
1661 4799 1863 4870 ἔρυμα,

278 4899 572 4968 λεγόμενον
622 4895 1016 4966 Ἀλεξάνδρων,
1052 4893 1363 4964 ἐπολιόρκει
1413 4890 1866 4960 τοῦτο.,Διαπρε-

281 4991 538 5044 σϐεύεται
562 4987 655 5042 οῦν
683 4989 818 5060 πρὸς
861 4988 1126 5058 Γαϐήνιον
1155 4988 1183 5039 ό
1224 4985 1593 5055 Ἀλέξανδρος,
1623 4984 1866 5053 συγγνώο

283 5099 391 5149 μην
421 5079 614 5146 αίτῶν,
658 5081 754 5135 καὶ
796 5080 1163 5149 παραδίδωσιν
1209 5079 1245 5133 ἃ
1297 5079 1550 5148 κατεῖχεν
1591 5077 1863 5148 ἐρύματα.

293 5173 352 5225 ὐ
382 5174 439 5226 δέ
474 5173 767 5243 ἀρχιερεὺς
806 5172 1076 5240 Ὑρκανὸς
1112 5173 1192 5235 εἰς
1235 5173 1587 5243 Ἰεροσόλυμα
1620 5173 1866 5243 κατήχθη

283 5266 436 5334 παρὰ
477 5263 573 5317 τοῦ
601 5263 890 5334 Γαϐηνίου.
940 5263 999 5317 ’0
1042 5263 1226 5334 μέντοι
1280 5265 1716 5334 Ἀριστόϐουλος,
1754 5265 1870 5318 δια-

283 5357 414 5426 δρὰς
444 5359 508 5410 ἐκ
538 5354 785 5427 Ῥώμης,
820 5355 917 5409 καὶ
946 5357 1025 5418 είς
1053 5357 1155 5426 τὴν
1194 5357 1460 5413 Ἰουδαίαν
1479 5358 1670 5423 ἐλθὼν,
1703 5359 1870 5429 τειχί-

287 5451 399 5513 ζειν
423 5449 685 5520 ἐπειρᾶτο
709 5449 771 5500 τὸ
807 5447 1201 5518 Ἀλεξάνδρων,
1233 5448 1359 5518 ἄρτι
1390 5450 1867 5520 κατεσκαμμένον.

296 5543 355 5598 ’0
408 5543 463 5598 δέ
500 5542 764 5610 Γαϐἡνιος
814 5539 1023 5594 στέλλει
1066 5541 1192 5602 τοὺς
1225 5540 1573 5602 κωλύσοντας
1614 5540 1799 5606 αὐτὸν,
1835 5540 1868 5610 ἢ

289 5636 381 5688 καὶ
413 5633 880 5705 συλληψομένους.
915 5630 1108 5684 Πολλοὶ
1137 5631 1193 5684 δὲ
1227 5631 1306 5702 τῷ
1350 5630 1745 5701 Ἀριστοϐούλῳ
1765 5630 1872 5684 τῶν

301 5729 569 5782 Ἰουδαίων
594 5726 952 5797 προσέρρεον,
989 5717 1064 5776 ὧν
1107 5726 1156 5776 οἱ
1201 5723 1421 5787 πλείους
1452 5722 1752 5794 ἐτύγχανον
1783 5724 1894 5779 ἇο-“

293 5819 727 5882 πλοι.Τοιούτους
744 5818 842 5888 μὲν
859 5812 953 5870 οὖν
973 5815 1244 5870 ἀπέλυσεν
1260 5815 1817 5888 Ἀριστόϐουλοςποὺς
1830 5813 1874 5868 δ’

295 5913 672 5980 ὡπλισμένους
723 5911 884 5972 ὄντας
941 5905 1070 5978 περὶ
1103 5905 1542 5987 ὀκτακισχιλίους
1602 5905 1714 5978 εἶχε
1749 5904 1869 5986 μεθέ

1969 4712 2193 4778 cecidit,
2242 4731 2351 4768 non
2393 4715 2752 4786 paucioribus
2795 4715 2992 4784 captis.
3031 4712 3342 4768 Alexander
3367 4699 3568 4770 autem:

1970 4801 2022 4856 in
2073 4806 2320 4871 castello,
2369 4807 2518 4876 quod
2568 4807 2967 4862 Alexandrium
2999 4805 3566 4870 vocabatttr,,obses--

1970 4907 2085 4957 sus,
2109 4895 2328 4948 veniam
2358 4911 2386 4949 a
2426 4896 2660 4950 Gabinio
2684 4911 2783 4966 per
2816 4896 3030 4966 legatos
3058 4895 3334 4966 impetrat,
3371 4896 3556 4954 muni-

1973 4984 2215 5040 tionibus
2253 5003 2392 5057 quas
2428 4990 2649 5044 tenebat
2693 4989 2932 5055 traditis,
2979 4988 3379 5060 llyrcanusque
3415 5005 3554 5058 pon-

1973 5073 2107 5130 tifcx
2163 5077 2232 5132 ab
2284 5077 2480 5132 eodem
2533 5079 2769 5134 Gabinio
2818 5079 3197 5150 Hierosolyma
3246 5080 3554 5135 reducitur.

1972 5166 2326 5222 Aristobulus
2348 5185 2481 5224 vero
2502 5185 2626 5224 cum
2658 5172 2831 5227 Roma
2853 5173 2907 5226 in
2926 5171 3166 5227 Judzeam
3191 5162 3550 5242 profugisset,

1973 5276 2038 5314 ac
2061 5261 2456 5316 Aiexandrium
2508 5265 2670 5318 modo
2693 5280 2946 5319 eversum
2980 5256 3288 5319 instaurare
3317 5279 3552 5318 conare-

1974 5360 2095 5406 tur:
2122 5352 2389 5408 Gabinius
2411 5356 2599 5426 copias
2623 5357 2792 5422 misit,
2821 5373 2944 5426 qua:
2968 5356 3020 5410 id
3045 5355 3426 5426 prohiberent.
3456 5360 3554 5407 aut

1976 5443 2158 5514 ipsum
2202 5445 2369 5500 etiam
2443 5449 3006 5518 comprehenderent.
3060 5447 3166 5503 Sed
3219 5462 3342 5500 cum
3391 5447 3551 5500 multi

1975 5533 2148 5589 Iudici
2210 5538 2404 5608 majori
2455 5553 2522 5592 ex
2558 5549 2708 5610 parte
2755 5540 2996 5594 inermes
3046 5537 3112 5591 ad
3171 5529 3579 5591 Aristobulum'

1977 5625 2346 5692 conﬂuerent,
2401 5631 2616 5685 cieteris
2662 5631 2926 5691 dimissis.
2973 5629 3120 5683 solos
3162 5637 3406 5683 armatos
3456 5627 3566 5702 qui.

1978 5719 2047 5773 ad
2075 5735 2169 5774 vm
2221 5722 2393 5776 millia
2418 5722 2594 5785 luere,
2624 5723 2894 5778 retinuit:
2933 5716 3032 5774 ii'a
3063 5720 3327 5774 Romanis
3365 5705 3582 5790 pradlo»,

1979 5810 2136 5878 victi,
2163 5815 2359 5882 partim
2381 5814 2691 5878 caeduntur,
2717 5813 2914 5883 partim
2947 5811 3310 5880 dissipantur.
3338 5812 3555 5888 Aristo-

1991 5900 2156 5960 bulus
2186 5919 2318 5960 vero
2351 5904 2513 5978 225
2540 5920 2663 5961 rum
2696 5904 2845 5960 inille
2873 5903 3004 5960 viris
3032 5893 3474 5980 Maclnerunteni,
3496 5918 3556 5959 se
