3876 6558
351 379 452 443 107

1617 379 1943 442 JOANNIS
1983 381 2308 442 ZONARA‘I

3495 385 3600 443 ωδ

348 493 433 546 sio
471 488 665 543 fuisset
695 487 934 553 occisus,
968 486 1074 542 nisi
1109 487 1398 560 Hyrcanus
1423 489 1542 560 ejus
1577 488 1740 550 iram.
1765 490 1931 543 inter-

2041 489 2192 552 Βαίας
2228 488 2536 542 ἑπτακόσια
2594 488 2833 541 τάλαντα
2880 485 3146 559 ἀργυρίου
3191 484 3489 557 ἐπράξατο,
3533 482 3605 542 ῶν

347 597 568 638 cessere
629 581 956 650 Antipatro,
1009 595 1039 636 c
1089 581 1315 635 talentis
1376 582 1664 651 placasset.
1726 582 1928 636 Verum

346 674 540 731 Cassio
572 673 682 744 jam
722 688 789 728 ex
814 671 1003 728 Judzea
1035 672 1288 743 digresso
1341 671 1608 727 Malichus
1638 672 1931 742 Antipatro

352 768 586 824 insidias
619 766 807 830 struit,
841 765 989 837 quod
1025 781 1092 820 co
1133 765 1360 822 sublato
1379 765 1613 836 Hyrcani
1649 765 1930 834 principa-

352 869 441 915 tus
475 859 529 914 in
565 868 682 913 tuto
714 857 1072 913 collocandus
1111 868 1278 912 esset.
1329 857 1483 924 Quod
1533 874 1658 911 cum
1704 858 1928 928 Antipar

350 962 496 1008 trum
527 951 674 1006 baud
707 952 924 1013 lateret,
965 951 1220 1022 quamvis
1267 951 1355 1005 ille
1399 951 1643 1020 ejurarct
1693 951 1926 1014 facinus,

351 1060 410 1100 se
456 1055 644 1100 contra
695 1043 849 1098 illum
909 1042 1213 1097 muniebat.
1275 1040 1492 1096 Marcus
1544 1042 1710 1095 etiam
1759 1040 1930 1112 Syriae

348 1148 551 1210 praeter
578 1153 770 1208 parum
801 1137 982 1192 abfuit
1008 1135 1141 1206 quin
1184 1134 1480 1188 Malichum
1515 1133 1753 1195 tolleret,
1796 1133 1847 1186 ni
1884 1132 1930 1186 is

351 1241 569 1297 quoque
596 1225 830 1280 salutem
862 1225 983 1297 ejus
1010 1224 1276 1296 precibus
1311 1223 1587 1294 Antipatri
1620 1223 1928 1278 condonas-

353 1325 456 1374 set.
511 1317 734 1374 Cassius
784 1333 952 1388 porro
1009 1327 1065 1373 et
1117 1317 1333 1372 Marcus
1385 1316 1736 1371 exercituum
1792 1329 1932 1385 quos

349 1419 646 1482 coegerant
671 1426 806 1466 cura
846 1410 1050 1465 Herodi
1101 1409 1382 1472 mandata.
1439 1408 1834 1480 promiserunt,
1874 1422 1934 1462 se

345 1503 598 1559 confecto
641 1503 814 1567 bello,
868 1502 1016 1572 quod
1070 1511 1184 1558 tum
1237 1501 1505 1556 adversus
1546 1501 1842 1556 Antonium
1876 1512 1933 1554 ct

347 1595 758 1652 adolescentem
795 1595 1066 1650 Caesarem
1095 1595 1416 1665 parabatur,
1449 1609 1574 1649 eum
1611 1592 1813 1648 Judaeze
1839 1607 1928 1647 re-

346 1703 470 1754 gem
501 1698 812 1743 creaturos.
842 1687 1050 1742 Eodem
1082 1697 1328 1757 tempore
1372 1685 1642 1740 Malichus
1669 1694 1931 1754 corrupto

347 1777 610 1851 Hyrcani,
633 1778 778 1850 apud
804 1794 969 1849 quem
995 1786 1233 1848 uterque
1257 1778 1610 1848 epulabatur,
1642 1778 1928 1848 pincerna.

2041 583 2140 655 τὴν
2168 583 2458 654 εἴσπραξιν
2480 585 2508 636 6
2538 582 2900 650 Ἀντίπατρος
2926 583 3040 644 τοῖς
3063 581 3201 644 uisi;
3229 581 3438 650 ἀμφοῖν
3484 597 3608 634 κατ-

2038 675 2320 746 εμέρισεν.
2385 675 2444 728 '0
2489 673 2584 727 οὖν
2642 673 2888 745 Ἡρώδης
2941 673 3159 744 πρῶτος
3207 674 3309 728 ὅσα
3346 669 3414 746 ἦν
3461 673 3608 741 αὒτῷ

2040 766 2540 836 προστεταγμένον,
2600 763 2826 830 Κασσίῳ
2874 761 3282 834 προσενεγκὼν,
3330 764 3488 831 φίλος
3543 759 3607 834 ἧν

2038 856 2189 928 αὐτῷ
2220 857 2276 920 ἔς
2309 857 2374 910 τά
2413 857 2673 926 μάλιστα.
2738 856 3009 927 ’Λνῃρέοη
3037 855 3080 908 δ’
3115 855 3181 909 ἂν
3230 855 3334 908 ὑπὸ
3367 854 3607 907 Κασσίου

2036 951 2064 1002 6
2091 950 2334 1020 Μάλιχος
2367 949 2502 1020 (36),
2535 951 2583 1002 εἰ
2612 950 2687 1019 μὴ
2714 951 2741 1002 6
2777 947 3045 1018 Ὑρκανὸς
3074 947 3306 1018 ἐπέσχεν
3333 945 3486 1017 αὐτῷ
3513 948 3610 1018 τὴν

2036 1042 2236 1114 ὁρμὴν,
2275 1043 2472 1097 ἑκατὸν
2506 1041 2790 1104 ταλάντοις
2820 1039 3220 1111 δεξιωσάμενος
3248 1039 3316 1095 δι’
3355 1041 3611 1094 Ἀντιπάο

2036 1152 2169 1206 τρου
2195 1135 2380 1188 αὐτόν.
2417 1135 2559 1204 Ἰίδη
2593 1134 2650 1186 δι
2679 1133 2926 1187 Κασσίου
2957 1133 3328 1203 μεταστάντος
3349 1131 3449 1201 τῆς
3482 1133 3612 1184 ’1ουο

2036 1227 2214 1291 δαίας,
2239 1227 2586 1297 Ἀντιπάτρῳ
2610 1226 2854 1297 Μάλιχος
2883 1225 3266 1292 ἐπεϐούλευεν,
3288 1225 3364 1290 ὡς
3387 1228 3436 1278 εἰ
3459 1220 3614 1288 οὗτος

2039 1319 2298 1390 φθαρείη,
2337 1319 2640 1390 ἀσφαλείας
2675 1319 2942 1389 ἐσομένης
2972 1317 3052 1388 τῷ
3089 1317 3342 1388 Ὑρκανῷ
3367 1319 3497 1388 περὶ
3518 1317 3614 1384 τὴν

2038 1413 2233 1484 ἀρχὴν.
2266 1413 2452 1466 Ταῦτα
2486 1413 2530 1466 δ’
2551 1414 2651 1466 οὐκ
2683 1411 2942 1466 ἐλάνθανε
2969 1411 3062 1464 τδν
3096 1410 3614 1480 Ἀντίπατρον,άλλ’

2036 1507 2366 1577 ἡσφαλίζετο
2398 1508 2610 1570 ἑαυτὸν,
2642 1508 2735 1559 καὶ
2765 1506 2794 1559 6
2826 1505 3068 1577 Μάλιχος
3112 1506 3332 1574 ἠρνεῖτο
3369 1503 3490 1574 μεθ’
3521 1505 3615 1573 ὅρ-

2037 1619 2169 1655 κων.
2203 1603 2431 1672 Μάρκος
2459 1600 2503 1654 δ’
2537 1602 2592 1654 ὲν
2618 1604 2682 1672 τῇ
2719 1599 2892 1671 Συρία
2929 1601 3256 1672 στρατηγῶν
3276 1600 3391 1670 ('57)
3415 1599 3615 1669 μικροῦ

2036 1694 2246 1746 ἀνεῖλεν
2280 1695 2346 1747 ἂν
2373 1693 2466 1746 τὸν
2522 1693 2785 1764 Μάλιχον,
2812 1693 2860 1746 εί
2914 1695 2988 1763 μὴ
3045 1691 3406 1762 Ἀντίπατρος
3441 1708 3616 1762 παρα-

2040 1784 2273 1845 καλέσας
2300 1783 2463 1839 αὑτὸν
2489 1784 2816 1855 περιέσωσε.
2851 1784 3090 1847 Κάσσιός
3116 1800 3178 1853 γε
3204 1783 3310 1855 μὴν
3341 1784 3439 1837 καὶ
3461 1784 3617 1855 Μάρ-

346 1871 700 1941 Antipatrum
751 1886 970 1926 veneno
1027 1870 1298 1926 sustulit:
1331 1870 1426 1926 sed
1476 1885 1601 1925 cum
1657 1869 1752 1924 lilii
1813 1870 1931 1939 ejus

2041 1894 2155 1943 κος,
2195 1878 2550 1950 ἀθροίσαντες
2583 1879 2866 1949 στρατιάν,
2923 1877 2999 1948 τῷ
3043 1877 3259 1948 Ἡρώδῃ
3293 1877 3392 1949 τὴν
3425 1878 3618 1947 ἐπιμί-

347 1962 579 2018 insidias
607 1963 1019 2034 cognovissent,
1060 1961 1338 2017 inliciatus
1392 1970 1475 2016 est
1524 1961 1760 2015 facinus.
1795 1960 1932 2014 Cum

347 2063 530 2109 autem
583 2054 832 2110 Herodes
862 2069 1054 2110 necem
1090 2054 1262 2124 patris
1291 2053 1478 2108 statim
1515 2053 1706 2109 ulcisci
1745 2053 1932 2116 vellet,

353 2147 650 2203 Phasaelus
683 2147 812 2203 dolo
840 2148 1007 2218 228
1047 2146 1343 2201 Malichum
1389 2145 1796 2201 circumvenire
1834 2160 1932 2214 po-

351 2240 464 2296 tius
507 2241 684 2306 duxit,
727 2257 797 2296 ne
849 2240 1094 2296 intestini
1136 2239 1266 2295 belli
1321 2254 1544 2294 causam
1597 2240 1930 2309 praeberent.

346 2331 419 2386 Se
441 2331 608 2402 igitur
631 2332 960 2388 inﬂeiationi
982 2332 1200 2387 Maliclti
1225 2330 1386 2386 tidem
1415 2331 1621 2386 habere
1647 2330 1932 2386 simulant.

347 2427 624 2485 Herodem
656 2445 789 2485 vero
815 2429 882 2484 ad
925 2429 1128 2485 festum
1158 2445 1284 2485 eum
1314 2429 1560 2483 exercitu
1594 2428 1930 2490 venientem,

346 2520 636 2593 Hyrcanus
681 2523 904 2578 Malielti
946 2521 1212 2593 impulsu,
1249 2522 1406 2577 urbis
1438 2522 1688 2592 ingressu
1742 2519 1934 2590 prolui-

345 2611 489 2668 buit.
521 2626 620 2683 per
652 2626 774 2667 eam
807 2627 1056 2675 causam,
1099 2627 1169 2666 ne
1210 2613 1372 2668 turba
1413 2612 1701 2683 peregrina
1730 2610 1936 2681 populo

345 2707 646 2775 puritatem
688 2706 933 2762 εει-νεηῑὶ
988 2706 1441 2775 permisceretur.
1476 2705 1546 2760 At
1585 2703 1697 2768 ille,
1734 2703 1936 2774 spretis

347 2801 500 2856 illius
533 2799 741 2864 verbis,
771 2807 942 2854 noctu
970 2799 1163 2854 urbem
1189 2798 1503 2869 ingreditur
1533 2816 1547 2853 :
1584 2809 1640 2853 et
1670 2798 1936 2852 Maliclius

347 2893 756 2948 simulationem
782 2892 964 2947 adhuc.
993 2903 1170 2962 urget,
1199 2891 1551 2963 Antipatrum
1577 2891 1932 2962 deplorando,

347 2994 404 3040 ct
433 2994 493 3039 ut
524 2984 762 3041 amicum
797 2985 1167 3049 inclamando,
1209 2984 1304 3040 sed
1353 2985 1492 3039 clam
1525 2985 1776 3038 custodia
1813 3000 1936 3039 cor-

347 3092 455 3146 pus
479 3076 678 3130 munit.
706 3075 990 3132 Laodiema
1021 3092 1188 3147 porro
1215 3085 1372 3146 capta
1404 3091 1432 3130 a
1459 3077 1672 3141 Cassio,
1701 3085 1935 3147 uterque

348 3167 417 3222 ad
604 3168 1017 3269 profici-scitur:
1050 3185 1110 3269 ac
1132 3168 1378 3224 Herodes
1404 3169 1455 3224 id
1488 3186 1710 3240 operam
1745 3170 1930 3236 dabat,
1961 3209 2003 3269 ϐ

350 3265 415 3312 ut
444 3259 710 3315 Mal-ichus
740 3258 816 3313 ibi
855 3273 1049 3330 pmnas
1088 3260 1290 3315 lueret.
1334 3261 1428 3316 llle
1470 3277 1602 3316 vero
1633 3261 1685 3316 id
1723 3261 1808 3333 agi
1843 3279 1935 3317 su-

348 3349 613 3419 spicatus,
667 3350 837 3404 ﬁlium
872 3351 968 3421 qui
999 3350 1129 3422 Tyri
1159 3351 1325 3407 obses
1362 3359 1504 3418 erat,
1549 3352 1835 3418 suﬂurari,
1870 3368 1935 3408 ac

349 3442 405 3496 lu
425 3442 670 3498 Judaeum
695 3442 973 3514 proﬁcisci
1007 3453 1064 3499 et
1087 3459 1318 3514 regnum
1343 3459 1613 3514 occupare
1636 3445 1931 3515 cogitabat.

348 3535 456 3591 Sed
487 3536 738 3592 Herodes
765 3536 984 3592 Malielti
1011 3537 1248 3592 consilio
1274 3538 1456 3606 sagaci
1485 3539 1805 3606 conjectura
1843 3539 1930 3592 in-

347 3630 567 3700 dagata,
608 3630 808 3685 nuntio
844 3630 984 3686 clam
1020 3631 1227 3702 Tyrum
1279 3632 1469 3694 misso,
1507 3633 1748 3687 tribunis
1787 3633 1932 3688 mili-

351 3712 466 3777 tum
500 3723 822 3793 persuadet,
855 3733 915 3779 ut
949 3725 1017 3779 ad
1068 3726 1223 3779 illum
1262 3726 1640 3794 egrediantur,
1692 3741 1931 3796 eumque

347 3816 627 3871 occidant.
651 3816 786 3871 Nam
810 3832 839 3872 a
863 3816 1052 3873 Cassio
1070 3817 1181 3888 jam
1212 3819 1595 3888 praescriptum
1629 3818 1930 3884 habebant,

347 3913 412 3959 ut
447 3904 650 3962 Herodi
679 3905 748 3962 ad
783 3922 874 3962 res
896 3906 1076 3980 justas
1106 3908 1428 3979 adjumento
1459 3920 1665 3964 essent.
1707 3910 1786 3965 ita
1818 3911 1931 3964 Ma-

345 3999 496 4054 licho
523 3998 594 4054 ab
618 3999 703 4056 eis
736 4016 907 4071 prope
943 4001 1136 4056 urbem
1173 4001 1452 4064 confosso,
1494 4001 1777 4074 Hyrcanus
1817 4019 1931 4074 prae

346 4102 497 4148 metu
524 4093 825 4150 obmutuit.
856 4095 1064 4151 Deinde
1094 4110 1218 4150 cum
1256 4095 1362 4150 sibi
1401 4095 1640 4162 reddito,
1673 4097 1729 4152 id
1755 4096 1930 4152 Cassii

341 4185 500 4256 jussu
531 4185 736 4242 factum
772 4202 895 4243 esse
931 4185 1384 4257 responderetur,
1417 4189 1674 4258 probavit
1695 4189 1929 4252 caedem,

348 4275 506 4330 illum
535 4276 850 4346 improbum
883 4277 1058 4332 fuisse
1085 4277 1366 4332 hominem
1403 4286 1458 4332 et
1483 4277 1676 4347 patria:
1702 4277 1930 4332 insidia-

346 4377 524 4423 torem
557 4378 808 4424 testatus.

2038 1970 2190 2025 λειαν
2233 1971 2590 2042 ἐνεχείρισαν,
2636 1971 2943 2041 στρατηγὸν
2991 1971 3156 2024 αὑτὸν
3187 1969 3394 2038 Κοίλης
3424 1969 3619 2040 Συρίας

2041 2065 2398 2134 ποιήσαντες,
2433 2064 2796 2134 ὑποσχόμενοι
2829 2064 2921 2116 καὶ
2949 2063 3183 2133 βασιλέα
3213 2061 3312 2131 τῆς
3357 2060 3619 2125 ἰουδαίας

2040 2156 2344 2222 ἀναδείξειν
2377 2156 2518 2228 μετά
2578 2156 2668 2209 τὸν
2698 2156 2956 2225 πόλεμον,
2990 2155 3049 2219 ὃς
3081 2154 3205 2208 τότε
3237 2153 3376 2224 πρὸς
3417 2153 3615 2207 ’Δντὼο

2039 2266 2152 2302 νιον
2177 2249 2272 2302 καί¹
2295 2246 2385 2301 τὸν
2431 2247 2554 2300 νέον
2587 2246 2843 2317 Καίσαρα
2897 2244 3304 2314 συγκεκρότητο
3326 2259 3339 2273 ·
3399 2242 3488 2294 ὅτε
3523 2241 3618 2294 καὶ

2038 2341 2309 2412 Μάλιχος,
2343 2337 2436 2393 τὸν
2479 2336 2750 2406 Ὑρκανοῦ
2783 2337 3020 2407 οἰνοχόον
3049 2335 3329 2406 χρήμασιν
3348 2331 3615 2394 ὑπελθὼν,

2039 2433 2318 2504 φαρμάκῳ
2370 2430 2574 2484 κτείνει
2600 2429 2981 2493 Ἀντίπατρον.
3028 2427 3188 2498 Παρά
3215 2425 3322 2495 γὰρ
3365 2423 3616 2494 Ὑρκανῷ

2039 2525 2319 2580 εἱστιῶντο
2342 2523 2624 2592 ἑκάτεροι.
2660 2521 2902 2575 Γνόντων
2949 2521 3005 2575 δὲ
3035 2521 3135 2590 τὴν
3184 2518 3478 2588 ἑπιϐουλὴν
3508 2517 3615 2571 τῶν

2038 2619 2398 2689 ’Δντιπάτρου
2456 2615 2612 2680 υίῶν,
2655 2615 2683 2666 6
2735 2613 2981 2685 Μάλιχος
3033 2613 3258 2684 ἔξαρνος
3285 2606 3375 2681 ἦν.
3399 2609 3491 2680 Τῷ
3523 2611 3614 2680 μὲν

2037 2707 2130 2765 οὗν
2161 2709 2374 2781 Ἧρώδῃ
2397 2708 2558 2772 εὐθὺς
2587 2707 2762 2762 ἐδόκει
2788 2707 2882 2760 τὸν
2911 2706 3072 2775 φόνον
3099 2704 3193 2758 τοῦ
3229 2703 3438 2774 πατρὸς
3470 2703 3614 2756 ἔκδι-

2039 2806 2155 2858 κείν
2175 2821 2189 2835 °
2225 2806 2252 2857 6
2278 2805 2332 2857 δέ
2363 2819 2426 2870 γε
2450 2800 2730 2872 Φασάηλος
2763 2799 2901 2870 δόλῳ
2935 2799 3138 2869 μᾶλλον
3170 2797 3332 2868 ἤθελε
3369 2797 3462 2850 τὸν
3495 2797 3615 2851 Μά-

2037 2898 2186 2968 λιχον
2215 2897 2514 2968 μετελθεῖν,
2546 2896 2635 2948 ίνα
2668 2895 2743 2965 μὴ
2769 2892 3036 2963 ἐμφυλίου
3067 2892 3308 2962 πολέμου
3352 2892 3614 2958 γένωνται

2038 2991 2224 3045 αἴτιοι.
2279 2989 2568 3043 Πιστεύειν
2609 2987 2705 3042 οὖν
2747 2990 2812 3057 τῇ
2841 2986 3070 3058 ἀρνήσει
3111 2985 3204 3039 τοῦ
3235 2985 3488 3055 Μαλίχου
3516 2985 3617 3038 ὕπ-

2039 3086 2336 3155 εκρίνοντο.
2374 3083 2675 3149 Ἐνστάσης
2703 3079 2898 3150 ἑορτῆς
2926 3080 2985 3131 ὲν
3020 3077 3439 3148 Ἰεροσολύμοις,
3484 3069 3617 3146 ἧκεν

2048 3174 2294 3246 Ἡρώδης
2316 3174 2453 3243 μετά
2487 3173 2748 3242 στρατιᾶς
2777 3171 2854 3234 είς
2888 3169 2987 3241 τὴν
3017 3169 3173 3222 πόλιν
3195 3183 3208 3197 ·
3229 3167 3500 3238 Ὑρκανὸς
3528 3165 3608 3231 δι,

2038 3264 2282 3340 Μαλίχῳ
2313 3264 2579 3329 πεισθεὶς,
2638 3262 2879 3316 ἐκώλυεν
2905 3261 3056 3332 αὐτῷ
3100 3261 3198 3331 τὴν
3233 3262 3311 3324 είς
3339 3261 3438 3331 τὴν
3464 3260 3618 3314 πῖλιν

2036 3358 2268 3423 εἴσοδον,
2296 3358 2571 3429 προφάσει
2601 3354 2696 3410 τοῦ
2732 3355 2805 3428 μὴ
2837 3356 2946 3408 δεῖν
2971 3353 3130 3424 ὄχλον
3160 3352 3459 3407 ἀλλοδαπὸν
3480 3353 3618 3406 ανα-

2043 3450 2338 3522 μίγνυσθαι
2362 3449 2439 3521 τῷ
2473 3449 2668 3520 πλήθει
2700 3448 3081 3518 άγνεύοντι.⁹0
3101 3448 3180 3509 δὲ,
3215 3447 3290 3520 μὴ
3323 3446 3618 3517 φροντίσας

2039 3545 2150 3598 τῶν
2176 3545 2372 3612 λόγων,
2410 3543 2606 3596 εῐσεισι
2640 3541 2835 3606 νυκτὸς
2866 3543 2944 3606 είς
2971 3543 3072 3614 τὴν
3097 3541 3273 3596 πόλιν.
3299 3539 3542 3610 Μάλιχος
3573 3538 3618 3594 δ’

2039 3630 2122 3685 ιτι
2144 3632 2241 3702 τῆς
2265 3631 2609 3702 ὑποκρίσεως
2630 3632 2828 3702 είχετο,
2849 3631 3102 3702 δακρύων
3122 3632 3214 3684 τὸν
3236 3629 3617 3700 Ἀντίπατρον,

2039 3723 2133 3775 καὶ
2157 3721 2231 3786 ὡς
2262 3722 2416 3792 φίλον
2446 3723 2910 3793 ἀνακαλούμενος,
2947 3723 3134 3794 κρύφα
3164 3723 3220 3776 δὲ
3253 3724 3490 3776 ἐποιεῖτο
3520 3719 3618 3774 τού

2041 3815 2296 3886 σώματος
2332 3815 2603 3888 φυλακήν.
2652 3816 2897 3879 Ἐλόντος
2925 3816 2981 3870 δὲ
3031 3816 3270 3870 Κασσίου
3300 3815 3400 3886 τὴν
3428 3813 3620 3868 Λαοδί-

2038 3924 2215 3972 κειαν,
2248 3909 2416 3980 άμφω
2441 3911 2579 3980 πρὸς
2604 3909 2767 3964 αὐτὸν
2791 3909 3064 3981 ἀπῄεσανο
3101 3909 3195 3962 καὶ
3236 3907 3489 3979 Ἡρώδης
3519 3906 3619 3976 μὲν

2037 4003 2154 4055 ἐκεῖ
2183 4002 2330 4055 τίσαι
2366 4002 2523 4064 δίκας
2553 4003 2644 4056 τὶν
2675 4001 2917 4074 Μάλιχον
2947 4000 3237 4072 ἑταμίευεν
3257 4018 3272 4033 ο
3306 4002 3335 4054 6
3365 3999 3422 4052 δὲ
3481 3999 3614 4053 ὐπο-

2039 4094 2281 4158 πτεύσας
2301 4093 2364 4148 τδ
2385 4096 2620 4166 πρᾶγμα
2645 4094 2740 4148 τοῦ
2771 4094 2960 4158 παιδὸς
2989 4093 3139 4163 αύτῷ
3171 4093 3344 4165 δμηρε
3355 4091 3540 4154 ύοντος
3561 4093 3618 4144 ἐν

2040 4186 2225 4258 Τύρῳ,
2274 4187 2574 4258 ἐμελέτησε
2625 4185 2819 4243 τοῦτον
2879 4187 3206 4258 ύποκλέψαι,
3265 4185 3360 4238 καὶ
3412 4186 3492 4249 είς
3523 4183 3618 4253 τὴν

2050 4277 2316 4333 Ἰουδαίαν
2337 4280 2575 4349 ἀπᾶραι,
2601 4261 2695 4333 καὶ
2725 4279 2825 4350 τὴν
2859 4279 3034 4351 ἀρχὴν
3063 4279 3377 4349 κατασχεῖν.
3438 4276 3619 4346 Ἡρώ-

2037 4370 2134 4442 δης
2156 4371 2212 4426 δὲ
2237 4372 2339 4444 τὴν
2370 4373 2600 4443 γνώμην
2626 4371 2720 4426 τοῦ
2752 4372 2997 4443 Μαλίχου
3030 4372 3357 4442 ὑπονοήσας,
3397 4384 3616 4440 προεισο

347 4463 573 4535 πέμψας
627 4467 708 4530 είς
741 4463 920 4536 Τύρον
975 4464 1171 4535 λάθρα,
1215 4464 1398 4520 πείθει
1431 4467 1556 4531 τοὺς
1605 4466 1922 4539 χιλιάρχους
1961 4469 2102 4539 πρδς
2159 4468 2408 4539 Μάλιχον
2469 4468 2728 4536 ἐξελθεῖν,
2766 4468 2865 4522 καὶ
2908 4467 3221 4537 διαφθεῖραι
3253 4466 3439 4520 αὐτόν.
3477 4463 3613 4534 Ἤδη

347 4557 457 4628 γάρ
497 4557 683 4622 αὐτοῖς
721 4558 872 4628 παρὰ
905 4558 1146 4612 Κασσίου
1172 4558 1483 4631 προώριστο
1514 4559 1890 4631 συμπράττειν
1935 4561 2152 4633 Ἦρὼδῃ
2191 4563 2284 4615 ἐπὶ
2316 4561 2536 4615 δικαίαν
2585 4562 2808 4630 πρᾶξιν.
2833 4562 2894 4615 Οἱ
2930 4560 3010 4624 δὲ,
3037 4559 3264 4630 πλησίον
3287 4560 3386 4630 τῆς
3410 4554 3615 4614 πόλεως

350 4648 501 4718 αύτῷ
528 4649 963 4719 ὑπαντήσαντες,
988 4649 1614 4705 κατακεντοῦσιναύτόν.
1693 4651 1965 4721 Ὑρκανὸς
2009 4651 2065 4705 δὲ
2100 4652 2206 4705 ὑπὸ
2261 4651 2426 4721 φόϐου
2484 4645 2818 4724 ἄφωνο;ἧν.
2889 4648 3224 4718 Ἀνενεγκὼν
3280 4649 3338 4701 δὲ
3407 4649 3614 4720 ἠρώτα,

349 4746 500 4806 ὅπως
553 4743 825 4815 ἀνῄρηται
855 4743 1098 4815 Μάλιχος
1120 4758 1134 4772 °
1170 4745 1265 4797 καὶ
1295 4742 1536 4808 ἀκούσας
1565 4744 1648 4796 ὅτι
1682 4743 1928 4798 Κασσίου
1968 4743 2398 4813 προστάξαντος,

351 4835 492 4892 εἶναι
524 4837 622 4891 καὶ
649 4838 748 4907 τῆς
772 4839 1035 4907 πατρίδος
1062 4839 1376 4896 ἐπίϐουλον.

2469 4741 2702 4814 ἐπῄνεσε
2750 4743 2850 4812 τὴν
2888 4741 3110 4814 πρᾶξιν,
3180 4757 3419 4813 πονηρον
3448 4741 3618 4796 εἰπὼν

423 4929 517 4984 IX.
553 4929 744 4986 Cassio
788 4946 856 4986 ex
909 4932 1063 5004 Syria
1117 4933 1384 4988 adversus
1442 4932 1744 4989 Antonium
1805 4951 1927 5006 pro-

2107 4930 2183 4984 ϐ’.
2224 4929 2468 4984 Κασσίου
2501 4927 2558 4981 δὲ
2590 4928 2654 4982 ἐκ
2679 4927 2882 4998 Συρίας
2907 4926 3220 4998 ἀπάραντος
3247 4926 3386 4997 πρδς
3409 4926 3613 4981 Ἀντώ.

352 5022 522 5087 tecto,
553 5021 802 5077 Herodes
849 5023 1016 5078 variis
1062 5023 1117 5078 in
1167 5023 1305 5079 locis
1340 5039 1455 5080 rem
1483 5025 1624 5080 bene
1651 5026 1841 5098 gessit,
1871 5036 1930 5082 et

351 5116 688 5188 Antigonum
729 5115 1032 5172 Aristobuli
1081 5117 1252 5171 tilium
1298 5117 1432 5173 lines
1463 5117 1664 5174 Judaea:
1691 5120 1806 5191 jam
1839 5119 1926 5174 in-

2037 5042 2168 5088 νιον,
2203 5023 2232 5076 6
2275 5021 2522 5092 Ἡρώδης
2559 5021 2617 5072 ὲν
2674 5017 2956 5089 διαφόροις
3009 5019 3320 5089 ἠρίστευσε.
3377 5019 3487 5072 Καὶ
3541 5018 3619 5090 τῷ

2051 5117 2469 5190 ’Δριστοὸούλου
2522 5115 2577 5167 δὲ
2615 5114 2716 5184 υἱῷ
2767 5114 3063 5184 Ἀντιγόνῳ
3104 5113 3233 5183 ἄρτι
3281 5114 3392 5168 τῶν
3433 5113 3619 5185 ἄκρων

1561 5274 1760 5337 Variae
1798 5274 2107 5336 lectiones
2143 5278 2205 5335 et
2237 5279 2430 5333 noue.

424 5422 546 5550 (36?
585 5422 865 5507 Ἀνῃρέθη
905 5421 958 5475 δ’
1011 5421 1089 5476 ἂν
1117 5422 1236 5477 ὑπὸ
1271 5423 1545 5476 Κασσίου
1574 5424 1606 5474 ό
1634 5419 1931 5506 Μάλιχος.

347 5497 512 5553 Jnseu
537 5511 625 5550 ttts
663 5496 763 5550 ΙΙΙ).
818 5509 909 5548 XIV
942 5511 956 5547 :
993 5493 1074 5546 Τά
1107 5493 1165 5545 δὲ
1215 5493 1446 5553 Μαλίχῳ
1479 5491 1768 5553 κακοηθως
1800 5491 1931 5553 πρὸς

382 5512 512 5568 nsep

349 5560 517 5622 αὑτὸν
543 5563 904 5636 διακειμένῳ,
928 5563 996 5616 τά
1021 5562 1066 5636 δξ
1089 5564 1290 5636 ἄλλοις
1301 5560 1644 5636 προσέταξεν
1661 5562 1938 5636 Δεἰσπράτ-

346 5639 562 5691 τεσθαι.
596 5632 889 5692 Pecuniam
920 5635 1119 5704 partim
1172 5632 1426 5704 Maticho,
1463 5648 1492 5684 a
1524 5647 1624 5701 quo
1649 5632 1868 5704 insulae
1892 5639 1940 5683 ct

345 5708 718 5772 struebantur,
755 5698 954 5777 partim
978 5703 1106 5777 aliis
1127 5703 1443 5777 exigendam
1495 5698 1789 5777 mandavit.
1816 5698 1935 5777 _No-

351 5791 468 5832 stcr
496 5770 714 5838 auctor
734 5770 822 5846 ('si
856 5775 990 5832 nihil
1022 5773 1177 5846 deest
1194 5770 1582 5846 )_ex_abrupto
1613 5773 1752 5846 hanc
1782 5770 1935 5846 clan-

355 5848 542 5905 sulam
568 5841 754 5908 nescio
801 5861 912 5918 quo
938 5853 1102 5922 pacto
1131 5841 1384 5909 iuSeruit,
1416 5851 1474 5896 ut
1503 5857 1612 5897 non
1667 5841 1936 5911 intelliga-

2042 5425 2154 5474 tur.
2189 5431 2288 5469 cur
2328 5412 2562 5468 Malicho
2609 5412 2785 5465 iratus
2826 5409 2994 5462 fuerit
3021 5405 3262 5462 Cassius.
3292 5405 3398 5462 Sed
3433 5423 3498 5462 ex
3526 5407 3621 5464 Jo-

537 5478 636 5550 ius
663 5478 763 5550 Ii'l').
818 5478 909 5548 xiv
942 5511 956 5547 :
993 5493 1074 5546 Τά
1107 5493 1165 5545 δὲ
1215 5493 1446 5562 Μαλίχῳ
1479 5491 1768 5562 κακοήθως

2041 5487 2214 5562 seplto
2240 5493 2510 5562 apparet,
2550 5479 2836 5562 pecuniam
2869 5478 3092 5548 segnius
3119 5487 3367 5533 exactam
3400 5494 3621 5534 causam

2042 5551 2214 5611 fuisse
2239 5551 2564 5609 iracundiae.
2599 5551 2688 5607 ιν.

2120 5629 2229 5696 (57)
2253 5624 2492 5696 Μάρκος
2520 5620 2791 5696 signa}
2825 5620 3010 5696 Σινρίςι
3047 5617 3432 5696 στρατηγῇν.
3488 5617 3622 5686 Quis
3721 5623 3728 5628 '

2053 5689 2306 5753 Marcus?
2338 5689 2514 5764 inquit
2548 5692 2797 5748 Wolﬁus.
2858 5690 3154 5750 Antonius,
3202 5704 3268 5742 an
3301 5689 3521 5764 Brutus,
3558 5704 3620 5742 an

2042 5766 2224 5848 alius?
2251 5761 2524 5838 Iosephus
2573 5764 2740 5820 etiam
2785 5771 2998 5818 tantum
3034 5773 3350 5831 praenomen
3383 5761 3490 5816 hoc
3521 5773 3621 5830 po-

2047 5847 2152 5894 nti.
