3876 6554
128 439 221 503 409

1374 439 1980 507 ANNALIUM-LIB.
2023 449 2129 510 v..~
2177 485 2184 492 -
2222 400 2225 401 ί

3273 456 3383 522 “0

127 551 352 611 ἐπιϐάντι
398 551 497 623 τῆς
554 552 824 608 Ἰουδαίων
848 553 957 626 γῆς·
981 553 1097 628 (⁵8)
1142 555 1485 630 δπαντήσαςν
1539 558 1682 630 μάχη

1789 576 2066 631 gressum,
2113 566 2304 637 praelia
2350 568 2553 638 victor,
2601 554 2806 630 ﬁnibus
2854 575 3100 645 regionis
3142 583 3379 650 expulit.

125 647 339 718 ίνίκησε.
367 645 463 711 καὶ
488 645 605 699 τῶν
631 645 795 716 δρίων
837 647 1046 719 ταύτης
1080 647 1337 715 ἐξέωσεν.
1370 650 1535 705 Ὅθεν
1556 652 1686 720 ἀφι-

125 737 330 808 κόμενον
348 736 430 800 είς
472 736 828 809 Ἱεροσόλυμα
881 739 1184 809 ἐστεφάνου
1220 742 1249 795 ὃ
1298 759 1358 795 τε
1388 741 1557 812 δῆμος
1589 742 1687 797 κοιλ⁵

133 828 375 899 Ὑρκανός
394 846 411 861 ·
437 822 812 899 μνηστεύεται
842 831 901 886 δὲ
928 834 1024 886 καὶ
1054 832 1155 905 τὴν
1204 833 1476 905 Ὑρκανοῦ
1512 832 1687 903 θυγα-

122 921 307 994 τριδῆν,
343 919 702 994 Ἀλεξάνδρου
727 923 785 977 δὲ
814 925 1113 998 θυγατέρα,
1136 926 1229 983 τοῦ
1265 927 1684 998 Ἀριστοϐούλου

126 1013 306 1076 παιδός.
353 1008 480 1083 Εἶχε
513 1012 573 1066 δὲ
628 1013 895 1086 πρότερον
946 1017 1140 1087 ἑτέραν
1172 1020 1407 1087 γυναῖκα
1434 1018 1682 1090 δημότιν,

124 1105 306 1176 Δωρίδα
342 1104 713 1176 καλουμένην,
743 1107 804 1173 ἐξ
837 1103 911 1182 ἧς
938 1110 1089 1181 αὐτῷ
1140 1113 1272 1175 παῖς
1329 1110 1685 1185 Ἀντίπατρος

123 1199 325 1265 γίνεται,
376 1195 486 1250 τών
536 1198 719 1253 ἄλλων
747 1201 1146 1273 πρεσϐύτερος.
1178 1203 1472 1259 Ἀντωνίου
1501 1205 1560 1260 δὲ
1589 1206 1685 1260 καὶ

125 1288 382 1360 Καίσαρος
410 1288 663 1345 Κάσσιον
701 1295 798 1347 καὶ
831 1292 1068 1366 Βροῦτον
1106 1297 1234 1369 περὶ
1263 1298 1567 1363 Φιλίππους
1599 1318 1686 1354 νε-

124 1380 415 1450 νικηκότων,
465 1384 495 1435 ὁ
522 1383 632 1453 μὲν
676 1385 770 1438 ἐπὶ
805 1385 1039 1452 Γαλλίας
1068 1388 1288 1462 ἐχώρει,
1340 1390 1479 1464 πρὸς
1509 1392 1686 1465 δὲτὴν

132 1474 293 1530 Ἀσίαν
311 1473 628 1540 Ἀντώνιος.
655 1474 942 1552 Γενομένῳ
972 1479 1018 1534 δ’
1050 1481 1109 1536 ὲν
1131 1482 1379 1556 Βιθυνίᾳ,
1412 1487 1686 1557 πανταχό-

126 1572 198 1624 θεν
223 1571 470 1641 ἀπήντων
499 1573 817 1644 πρεσϐεῖαι.
851 1577 1117 1648 Παρῆσαν
1173 1579 1232 1636 δὲ
1275 1583 1369 1637 καὶ
1417 1583 1682 1653 Ἰουδαῖοι,

123 1660 533 1732 κατηγοροῦντες
567 1666 862 1737 Φασαήλου
899 1686 958 1723 τε
985 1671 1081 1724 καὶ
1123 1672 1391 1746 Ἡρώδου.
1421 1676 1686 1733 Ἐλθόντα

125 1752 170 1805 δὲ
190 1750 274 1805 τὸν
333 1752 588 1825 Ἡρώίην
619 1755 713 1810 ἐπὶ
755 1756 1054 1832 ἀπολογίᾳ,
1079 1761 1170 1817 διὰ
1208 1765 1377 1835 τιμῆς
1399 1760 1535 1838 ἦγεν
1560 1766 1685 1822 ’Λνο

1790 658 1948 715 Unde
1975 661 2355 735 llierosnlyma
2387 665 2635 732 veniens,
2666 677 2724 724 et
2750 685 2781 725 a
2811 672 3018 742 populo
3046 682 3104 729 et
3129 673 3201 729 ab
3241 675 3386 746 Hyr-

1791 766 1932 808 cauo
1962 766 2261 811 coronatur
2294 774 2310 811 :
2343 760 2503 831 cujus
2534 775 2604 816 ex
2646 761 2758 818 lilia
2802 775 3047 836 neptem,
3079 768 3380 823 Alexandri

1790 842 2099 900 Aristobuli
2155 844 2252 900 lilii
2294 855 2502 914 natam,
2556 865 2786 906 uxorem
2827 852 3005 916 ducit,
3046 869 3174 909 cum
3224 854 3380 924 prius

1790 935 1957 990 etiam
1993 937 2252 993 Doridem
2302 942 2626 1012 popularem
2669 958 2826 1000 suam
2860 959 3089 1001 uxorem
3126 946 3380 1011 haberet,

1789 1044 1820 1084 e
1850 1045 1957 1101 qua
1982 1029 2154 1086 ﬁlium
2185 1042 2315 1087 natu
2339 1036 2639 1091 maximum
2655 1035 3008 1107 Antipatrum
3037 1048 3376 1111 susceperat.

1786 1121 2066 1178 Antonius
2106 1134 2164 1178 et
2202 1125 2386 1181 Caesar
2413 1127 2584 1184 Bruto
2632 1139 2692 1185 et
2732 1129 2924 1185 Cassio
2975 1131 3042 1186 ad
3094 1132 3382 1203 Philippos

1788 1215 1976 1282 victis,
2013 1217 2155 1271 alter
2189 1218 2244 1273 in
2294 1218 2529 1275 Galliam
2579 1222 2717 1289 abit,
2748 1224 3026 1280 Antonius
3070 1225 3122 1279 in
3151 1225 3377 1280 Asiam:

1788 1311 1883 1380 qui
1915 1327 2042 1366 cum
2080 1312 2394 1383 Bithyniam
2445 1316 2741 1386 attigisset,
2790 1317 3038 1389 undique
3074 1319 3381 1389 legationes

1788 1402 1856 1457 ad
1893 1419 2019 1458 cum
2055 1415 2354 1460 venerunt.
2406 1404 2656 1462 Aderant
2697 1417 2754 1463 et
2799 1408 2998 1475 Judai,
3052 1411 3379 1467 Phasaelum

1787 1505 1843 1550 et
1891 1495 2166 1551 llerodem
2228 1500 2566 1556 accusaturi.
2628 1499 2903 1557 Herodem
2955 1518 3086 1557 vero
3140 1504 3227 1559 sui
3283 1504 3382 1559 de-

1788 1587 2052 1644 fendendi
2096 1605 2265 1645 causa
2323 1606 2390 1647 eo
2451 1591 2786 1662 profectum,
2840 1603 2896 1649 et
2951 1609 3186 1650 munera
3244 1590 3381 1651 olfe-

1788 1691 2023 1749 rentcm,
2055 1682 2332 1739 Antonius
2383 1685 2692 1743 honoriﬁce
2745 1689 2984 1759 excepit,
3034 1704 3104 1745 ne
3155 1688 3379 1745 dicendi

1786 1775 2011 1845 quidem
2049 1787 2323 1847 potestate
2358 1778 2485 1835 data
2522 1782 2968 1840 accusatoribus.
3022 1783 3152 1839 Inde
3195 1782 3380 1853 Ephe-

123 1844 305 1908 τώνιος.
327 1846 438 1900 Καὶ
473 1848 605 1902 οὐδὲ
630 1849 792 1918 λόγου
822 1851 1056 1923 ὴξίωντο
1077 1856 1130 1909 οἱ
1166 1859 1490 1930 κατήγοροι,
1547 1861 1682 1934 χρή-

1785 1883 1908 1923 sum
1956 1883 2250 1940 progresso
2310 1870 2577 1939 Antonio,
2614 1873 2904 1945 Hyrcanus
2958 1888 3183 1930 auream
3216 1874 3384 1946 229

128 1956 238 2007 μασι
264 1937 434 1993 ταῦτα
464 1939 563 1996 τοῦ
605 1943 853 2015 Ἡρώδου
880 1947 1187 2019 πριαμένου
1216 1951 1346 2022 παρ’
1368 1952 1679 2011 Ἀντωνίου.

134 2029 338 2084 ἐὶθόντι
395 2031 443 2084 δ’
472 2032 558 2097 είς
606 2034 845 2103 Ἔφεσόν
871 2038 1148 2112 ’Δντωνίῳ
1190 2042 1438 2115 ἐπεμψεν
1475 2046 1682 2119 ’Υρκα-

127 2124 196 2186 re;
220 2122 476 2192 στέφανον
505 2126 777 2196 χρυσοῦν,
808 2129 904 2184 καὶ
932 2131 1086 2202 ἠξίου
1117 2136 1242 2201 τοὺς
1278 2136 1566 2202 Ἰουδαίους
1585 2139 1681 2204 οὓς

126 2214 435 2286 ᾐχμαλώτισε
462 2218 738 2288 Κάσσιος.
767 2223 829 2275 οὗ
873 2223 1024 2296 νόμιρ
1048 2227 1316 2298 πολέμου,
1361 2230 1682 2303 ἐλευθέρους

129 2307 459 2378 ἀπολυθῆναι,
493 2311 596 2366 καὶ
649 2314 751 2384 τὴν
781 2313 967 2388 χώραν
1002 2317 1363 2391 ἀποδοθῆναι,
1388 2323 1457 2395 ἢν
1481 2325 1680 2392 αὐτοὺς

128 2402 348 2470 ἀφείλετο
378 2403 648 2471 Κάσσιος.
699 2409 934 2465 Δικαίαν
963 2408 1059 2467 οὖν
1091 2410 1232 2469 εἶναι
1263 2418 1539 2487 κεκρικὼς
1581 2420 1682 2491 τὴν

130 2493 337 2561 ἀξίωσιν,
372 2497 451 2562 είς
493 2497 667 2569 ἔργον
701 2500 934 2573 ἐκϐῆναι
961 2505 1288 2577 προσέταξε.
1325 2510 1480 2564 Μετά
1507 2512 1681 2567 ταῦτα

131 2588 193 2648 τίς
215 2588 400 2657 Συρίαν
421 2594 868 2664 παραγενομένῳ
893 2596 972 2669 τῷ
1007 2597 1301 2670 Ἀντωνίῳ,
1329 2604 1425 2656 καὶ
1449 2603 1553 2657 ὑπὸ
1571 2605 1683 2660 τῶν

130 2680 208 2752 τῆς
246 2682 602 2756 Κλεοπάτρας
656 2686 884 2758 ἐρώτων
934 2695 1339 2768 κεκρατημὲνῳ
1390 2697 1682 2768 προσίασιν

132 2771 287 2843 ἄνδρες
339 2774 560 2840 ὲκατδν,
610 2777 886 2833 Ἰουδαίων
915 2781 965 2833 oi
1008 2780 1395 2852 δυνατώτατοι,
1423 2786 1520 2841 καὶ
1548 2804 1685 2843 κατ-

133 2866 326 2937 ηγόρουν
355 2867 605 2938 Ἡρώδου
634 2871 730 2925 καὶ
758 2872 869 2925 τῶν
898 2874 1028 2945 περὶ⁵
1057 2875 1244 2942 αὐτὸν,
1292 2877 1568 2949 παρόντος¹
1587 2882 1682 2936 καὶ

140 2956 390 3027 Ὑρκανοῦ.
430 2961 730 3025 Ἀντώνιος
762 2963 821 3017 δὲ
868 2967 1200 3023 πυνθάνεται
1255 2970 1548 3044 Ὑρκανοῦ,
1580 2978 1683 3029 πό·-

134 3067 249 3122 τιροι
273 3051 359 3107 τοῦ
404 3053 603 3117 ἔθνους
652 3058 1020 3128 προΐστανται
1061 3061 1320 3133 ἄμεινον·
1352 3066 1446 3121 καὶ
1471 3067 1531 3131 ὃς
1555 3069 1683 3135 τοὺς

136 3145 236 3214 περὶ
270 3146 513 3219 Ἡρώδην
554 3144 742 3214 εἶπεν,
804 3151 880 3207 ὣν
914 3154 1065 3225 αὐτῷ
1097 3156 1392 3229 κηδεστής.
1457 3160 1516 3213 Ὅ
1550 3160 1682 3230 γοῦν

1784 1980 2048 2020 coronam
2102 1967 2293 2034 misit,
2343 1977 2567 2038 petens,
2621 1978 2684 2024 ut
2732 1970 2993 2037 Judazos,
3053 1985 3196 2041 quos
3245 1968 3382 2027 Cas-

1782 2058 1900 2113 sius
1955 2070 2149 2115 contra
2211 2060 2342 2116 belli
2393 2077 2603 2118 morem
2648 2062 2909 2133 cepisset.
2957 2062 3217 2119 liberaret
3250 2105 3264 2127 ,
3321 2071 3379 2120 et

1783 2165 1946 2221 agros
1972 2153 2043 2206 ab
2072 2152 2268 2208 eodem
2297 2153 2585 2224 ademptos
2609 2155 2955 2212 restitueret.
2987 2155 3161 2228 Cujus
3189 2167 3383 2228 postu-

1764 2242 1931 2308 .latis,
1988 2244 2083 2313 qui
2133 2259 2199 2300 ea
2248 2261 2405 2315 requa
2447 2245 2750 2316 iudicaret,
2796 2248 3072 2303 Antonius
3116 2246 3379 2302 satisﬁeri

1777 2335 1963 2406 jussit.
1996 2336 2204 2393 Deinde
2241 2338 2295 2393 in
2336 2338 2547 2411 Syriam
2597 2340 2929 2411 profectum,
2982 2350 3040 2397 et
3074 2340 3382 2411 Cleopatra

1783 2442 1973 2484 amore
2024 2439 2269 2499 captum,
2319 2430 2638 2486 Judaeorum
2692 2443 2916 2489 centum
2965 2432 3070 2486 viri
3103 2432 3378 2504 potentis-

1783 2517 1913 2575 siuii
1958 2522 2320 2589 conveniunt,
2382 2519 2661 2580 llerodem
2717 2536 2776 2582 et
2827 2525 3157 2581 Phasaelum
3211 2540 3379 2582 accu-

1784 2621 1993 2678 santes,
2023 2612 2278 2686 Hyrcano
2310 2614 2476 2672 etiam
2508 2625 2806 2687 praesente.
2835 2617 2942 2686 Qui
2980 2626 3212 2691 rogante
3260 2617 3380 2675 An-

1786 2707 1958 2771 tonio,
2001 2707 2111 2763 utri
2162 2708 2367 2778 populo
2411 2709 2621 2766 rectius
2679 2719 3003 2782 praeessent,
3059 2710 3378 2783 respondit,

1785 2796 2112 2854 Phasaelum
2166 2809 2221 2856 et
2276 2801 2576 2869 llerodem,
2639 2813 2699 2860 ut
2751 2805 2913 2876 cujus
2983 2821 3146 2862 socer
3200 2815 3375 2863 esset.

1782 2892 2022 2948 Proinde
2083 2893 2380 2959 Antonius,
2442 2895 2516 2952 ob
2573 2907 2868 2966 paternum
2929 2898 3232 2969 hospitium
3294 2900 3379 2957 eis

1784 2983 2016 3050 amicus,
2045 2993 2340 3055 utrumque
2365 2989 2697 3043 tetrarcham
2720 2990 3038 3061 appellavit,
3061 2991 3262 3047 Judzeae
3277 2991 3380 3047 ad-

1793 3077 2207 3134 ministratione
2235 3079 2345 3135 illis
2375 3080 2632 3137 mandata
2665 3098 2679 3137 :
2723 3098 2788 3139 ac
2818 3084 3006 3139 decem
3044 3100 3113 3139 ex
3150 3100 3377 3140 accusa—

1790 3169 2005 3226 toribus
2056 3170 2111 3225 in
2138 3172 2357 3227 vincula
2380 3174 2665 3245 conjectos
2686 3175 3007 3242 occidisset,
3036 3176 3140 3232 nisi
3172 3176 3370 3238 fratres

146 3234 404 3306 Ἀντώνιος,
441 3239 667 3306 οἰκείως
713 3242 853 3315 πρὸς
896 3245 1096 3310 αὐτοὺς
1151 3246 1293 3319 ἔχων
1342 3249 1431 3304 διὰ
1457 3251 1558 3324 τὴν
1585 3252 1682 3307 τοῦ

1788 3276 1890 3330 pro
1922 3259 2005 3317 eis
2053 3260 2333 3332 deprecati
2381 3274 2592 3319 essent.
2646 3265 2863 3321 Rursus
2895 3267 3048 3321 mille
3093 3267 3196 3322 viri
3232 3268 3371 3326 circa

137 3328 304 3398 πατρὸς
330 3331 507 3388 αὐτῶν
527 3333 741 3401 ξενίαν,
769 3338 864 3390 καὶ⁸
888 3337 1059 3409 ἄμφω
1075 3341 1382 3414 τετράρχας
1401 3345 1679 3417 ὠνόμασε,

138 3421 213 3475 καὶ
243 3424 304 3478 τὰ
362 3424 647 3482 Ἰουδαίων
684 3429 872 3494 αὐτοῖς
898 3431 1173 3504 ἐπέτρεψε
1204 3436 1511 3507 πράγματα
1534 3455 1549 3470 ·
1587 3440 1683 3495 καὶ

137 3511 242 3568 δέκα
268 3515 428 3588 δήσας
455 3520 572 3574 τῶν
622 3523 975 3596 κατηγόρων,
1008 3524 1254 3581 εκτεινεν
1283 3529 1351 3582 ἀν
1381 3530 1602 3597 αὐτοὺς,
1631 3533 1681 3586 εί

142 3606 200 3675 μὴ
226 3606 272 3660 el
313 3609 530 3683 ἀδελφοὶ
592 3615 1014 3686 παρῃτήσαντο.
1074 3613 1242 3683 Αὖθις
1267 3619 1326 3674 δὲ
1355 3620 1519 3693 χίλιοι
1551 3624 1684 3696 περὶ

140 3696 279 3769 τύρον
301 3701 373 3773 τῷ
414 3705 695 3778 Ἀντωνίῳ
725 3706 1072 3781 ὑπήντησαν.
1130 3711 1190 3766 '0
1221 3711 1280 3767 δὲ
1315 3712 1514 3783 δώροις
1543 3734 1682 3788 προσ

139 3793 550 3867 κατειλημμένος,
590 3798 674 3868 τῷ
704 3804 846 3857 κατά
865 3801 1033 3857 τόπον
1053 3803 1278 3876 ἄρχοντι
1304 3807 1535 3864 κολάσαι
1555 3811 1685 3876 τοὺς

142 3879 385 3975 Ϊιονδαίους
404 3890 717 3956 ἐκέλευσεν,
741 3891 819 3958 ώς
845 3895 1282 3968 νεωτερίζοντας.
1300 3898 1359 3953 ’0
1388 3899 1445 3954 δὲ
1503 3900 1683 3975 Ἡρώ-

140 3972 214 4066 δης
239 3979 442 4035 ἀπιέναι
466 3986 616 4055 ταχὺ
640 3984 828 4050 αὐτοῖς
859 3988 1271 4056 ωνεὸούλευεν,
1295 3991 1384 4047 ἵνα
1408 3992 1484 4066 μὴ
1510 3972 1685 4065 μεγά·

140 4065 212 4121 λα.»
240 4075 563 4145 πειρασθῶσι
595 4077 796 4134 κακοῦ.
836 4079 926 4145 Ὠς
945 4081 993 4133 δ’
1023 4082 1125 4153 οὐχ
1155 4083 1454 4153 ὑπήκουον,
1488 4088 1684 4160 ἐκδρα-

145 4159 303 4226 μόντες
328 4164 378 4218 oi
418 4164 711 4238 Ῥωμαῖοι,
736 4168 892 4233 τινὰς
928 4168 1030 4241 μὲν
1057 4172 1412 4242 ἀπέκτειναν,
1452 4159 1682 4242 πολλοὺς

141 4249 177 4342 δ’
197 4252 585 4327 ἐτραυμάτισαν
605 4276 622 4292 ο
647 4261 742 4314 καὶ
772 4263 823 4315 oi
851 4262 1036 4318 λοιποὶ
1067 4263 1424 4336 διαφυγόντες
1469 4270 1681 4342 ἡσύχα-

146 4339 235 4405 ζον.
260 4346 356 4401 Τοῦ
381 4350 435 4404 δὲ
459 4351 523 4423 δή
534 4370 644 4423 μου
674 4352 1058 4419 καταϐοῶντος
1100 4355 1366 4429 Ἡρώδου,
1413 4339 1683 4433 παροξυν-

141 4434 232 4502 θεὶς
270 4443 296 4495 ὁ
324 4443 610 4512 Ἀντώνιος
626 4447 755 4513 τοὺς
783 4449 1108 4520 δεδεμένους
1130 4453 1480 4509 ἀπέκτεινεν.
1505 4456 1685 4512 Ἀντί-

1785 3348 1990 3422 Tyrum
2039 3351 2282 3407 Antonio
2327 3363 2713 3410 occurrerunt.
2768 3356 2819 3410 is
2862 3370 2998 3412 vero
3052 3358 3373 3415 muneribus

1779 3442 1892 3514 jam
1919 3451 2049 3498 ante
2078 3443 2429 3512 conciliatus,
2465 3446 2589 3516 ejus
2632 3446 2740 3501 loci
2773 3447 3038 3518 praefecto
3068 3449 3375 3516 mandavit,

1785 3542 1848 3590 ut
1872 3534 2095 3591 Iudaeos
2138 3545 2396 3608 tanquam
2430 3536 2590 3593 novis
2640 3538 2809 3595 rebus
2842 3540 3136 3597 studentes
3162 3543 3373 3613 suppli-

1784 3627 1874 3683 cio
1900 3627 2163 3685 adiceret.
2216 3628 2467 3686 Herodes
2506 3646 2642 3687 vero
2684 3647 2783 3689 eos
2831 3634 3067 3699 monuit,
3118 3645 3179 3691 ut
3223 3634 3376 3694 abire

1782 3706 2157 3790 maturarent,
2206 3739 2277 3780 ne
2319 3739 2487 3796 grave
2535 3726 2743 3782 malum
2799 3727 3190 3797 experirentur
3226 3746 3239 3781 :
3281 3730 3375 3800 qui

1785 3820 2076 3882 eumtnon
2135 3818 2567 3882 auscultassent,
2623 3818 2860 3874 Romani
2914 3820 3123 3891 impetu
3172 3821 3227 3876 in
3281 3838 3374 3879 eos

1785 3905 1932 3962 facto
1980 3905 2251 3977 quosdam
2311 3906 2661 3975 occiderunt,
2720 3909 2929 3964 multos
2988 3911 3380 3977 vulneraruut,

1786 3997 2024 4053 maxima
2057 4013 2191 4053 vero
2216 4010 2346 4069 pars
2376 4000 2586 4055 evitato
2618 3999 2867 4070 periculo
2896 4000 3131 4070 quievit.
3163 4000 3375 4071 Populo

1784 4100 1970 4144 autem
2006 4096 2197 4143 contra
2220 4086 2494 4144 Herodem
2527 4087 2890 4157 vociferante,
2922 4090 3175 4146 irritatus
3196 4092 3374 4146 Auto-

1784 4182 1932 4246 nius,
1977 4181 2192 4237 vinctos
2236 4180 2538 4238 interfecit.
2572 4181 2871 4238 Enimvero
2921 4182 3230 4253 Antigonus
3276 4183 3374 4240 Pa-

1784 4288 1919 4329 coro
1951 4272 2275 4328 Parthorum
2323 4273 2437 4343 regi
2489 4272 2638 4329 mille
2691 4274 2894 4330 talenta
2943 4283 3001 4329 et
3044 4291 3076 4329 o
3109 4275 3373 4332 mulieres

1785 4365 2085 4437 pollicitus,
2117 4365 2161 4421 si
2192 4365 2565 4437 principatum
2606 4365 2860 4437 Hyrcano
2900 4366 3223 4436 ademptum
3264 4366 3371 4421 sibi

1784 4461 1963 4527 daret,
1993 4468 2049 4516 et
2074 4459 2347 4515 Herodem
2375 4475 2501 4516 cum
2536 4460 2653 4516 suis
2680 4459 2902 4514 tolleret
2934 4473 2951 4514 :
2987 4473 3019 4514 a
3056 4457 3278 4514 Parthis
3315 4459 3372 4515 in

138 4543 270 4598 γονος
315 4535 369 4590 δὲ
398 4539 638 4612 Πακόρῳ
669 4540 749 4613 τῷ
804 4542 1041 4614 Πάρθων
1091 4544 1308 4616 βασιλεῖ
1337 4546 1680 4619 ὑπισχνεῖται

1784 4550 2027 4607 Judz’eam
2069 4549 2331 4607 reductus
2355 4559 2459 4616 est,
2490 4567 2631 4621 quos
2659 4548 2959 4607 Herodiani
2986 4550 3187 4621 saepius
3222 4549 3367 4605 vice-

142 4623 259 4693 χίλια
290 4628 475 4686 δώσειν
494 4633 760 4700 τάλαντα,
791 4636 887 4690 καὶ
914 4638 1185 4706 γυναῖκας
1210 4640 1597 4708 πεντακοσίας,
1631 4646 1681 4698 εἰ

1787 4651 1940 4698 runt.
1991 4642 2099 4699 Sed
2151 4658 2248 4697 rex
2298 4643 2635 4699 Parthorum
2679 4657 2805 4699 cum
2852 4642 3046 4714 paucis
3091 4643 3375 4714 equitibus

141 4715 220 4786 τὴν
278 4720 440 4795 ἀρχὴν
500 4725 774 4796 Ὑρκανὸν
832 4727 1166 4797 ἀφέλωνται,
1232 4735 1331 4786 καὶ
1364 4734 1685 4804 παραδῶσιν

144 4807 283 4879 αὐτῷ,
319 4817 407 4869 καὶ
454 4818 585 4881 τοὺς
617 4818 749 4888 περὶ
792 4819 1047 4893 Ἡρώδην
1071 4822 1337 4879 ἀνέλοιεν.
1376 4825 1478 4879 Διά
1506 4824 1686 4882 ταῦτα

143 4897 215 4954 ἰπὶ
256 4905 346 4978 τὴν
375 4908 638 4966 Ἰουδαίαν
670 4912 1008 4982 κατάγοντες
1031 4915 1343 4986 Ἀντίγονον
1391 4919 1445 4971 οἱ
1479 4920 1688 4990 Πάρθοι

145 4990 503 5085 ἰςτράτευσαν·
540 4997 625 5067 οἷς
683 5005 947 5070 πολλάκις
975 5007 1028 5060 οι
1064 5011 1192 5080 περὶ
1236 5009 1489 5084 Ἡρώδην
1547 5029 1658 5085 συμ

148 5083 359 5176 μίξαντες
415 5094 706 5167 ἃκράτουν.
779 5096 841 5153 ’0
911 5099 970 5153 δὲ
1032 5100 1143 5155 τῶν
1203 5083 1451 5175 Πάρθων
1524 5083 1681 5176 βασι-

146 5173 244 5269 te;
265 5182 367 5255 (39)
419 5189 515 5242 σὺν
545 5189 755 5259 ὀλίγοις
790 5190 1054 5246 ἱππεῦσιν
1102 5196 1185 5259 είς
1210 5173 1312 5267 τὴν
1333 5196 1490 5252 πόλιν
1514 5173 1671 5269 ἧκεν,

145 5265 204 5331 ὡς
251 5274 379 5347 τάχα
428 5282 783 5338 κατευνάσων
842 5284 941 5356 τὴν
995 5287 1209 5352 στάσιν,
1258 5286 1321 5341 τὸ
1391 5287 1438 5342 δ’
1473 5289 1675 5361 ἀληθὲς

66 5416 71 5421 .
148 5358 206 5425 ὡς
227 5365 495 5444 Ἀντιγόνῳ
535 5375 902 5447 συμπράξων.
950 5378 1241 5451 Φασαήλου
1273 5380 1331 5435 δὲ
1366 5358 1676 5449 ξενίσαντος

1785 4738 1982 4790 urbem
2013 4735 2316 4806 ingressus.
2355 4751 2455 4806 per
2492 4736 2738 4806 speciem
2781 4732 3182 4806 componendae
3224 4735 3373 4791 sedi-

1783 4830 1975 4894 tionis,
2013 4844 2205 4885 revera
2238 4836 2300 4884 ut
2346 4828 2626 4901 Antigono
2670 4842 2832 4898 opem
2886 4826 3078 4893 ferret,
3109 4828 3376 4884 Ptzasaclo

1782 4921 1991 4997 hospiti
2025 4937 2127 4977 suo
2169 4920 2467 4993 persuadet
2512 4927 2574 4975 ut
2605 4919 2674 4975 ad
2726 4920 3260 4992 Barzapharmanem
3290 4921 3373 4977 le-

1779 5022 1939 5084 gatus
1971 5020 2079 5068 eat.
2124 5010 2427 5066 Phasaelus
2464 5018 2520 5065 et
2547 5008 2834 5083 Hyrcanus
2860 5011 3028 5083 legati
3053 5021 3207 5077 eunt,
3232 5009 3376 5067 duce

1782 5120 1881 5162 eos
1905 5104 2226 5167 comitante,
2262 5103 2357 5159 sed
2383 5101 2599 5159 Herode
2630 5118 2741 5159 non
2772 5104 3063 5175 probante.
3105 5106 3184 5160 Ac
3213 5106 3373 5175 prin-

1783 5198 1932 5270 cipio
1963 5214 1994 5253 α
2039 5196 2513 5268 Barzapbarmaue
2545 5195 2764 5254 sincere
2791 5199 3026 5269 accepti,
3075 5208 3202 5270 post
3232 5198 3372 5253 insi-

1785 5290 1896 5345 diis
1949 5289 2181 5360 appetiti
2235 5297 2389 5353 sunt,
2438 5288 2709 5346 Pbasaelo
2767 5300 3062 5362 suspectos
3134 5289 3373 5345 habente

1786 5383 2077 5448 barbaros,
2122 5396 2249 5438 cum
2294 5396 2354 5439 se
2399 5392 2576 5439 noctu
2620 5382 2763 5441 clam
2813 5381 3085 5440 custodiri
3121 5379 3370 5436 animad-

1281 5562 1485 5626 Varia:
1518 5562 1828 5627 lectiones
1859 5575 1921 5627 ct
1951 5570 2137 5627 notae.

190 5708 475 5792 .(38)__'Apn
522 5717 641 5792 τῶν
681 5720 881 5792 ἄκρων
918 5722 1190 5778 ἐπιϐάντι
1220 5723 1332 5792 τῆς
1380 5723 1681 5780 Ἰουδαίων

171 5784 259 5865 ﬁt}
285 5784 921 5865 Ἄδεραηβίνοιη-οιῖιιιηο,
967 5794 1084 5850 sive
1132 5784 1412 5851 extremos
1455 5795 1596 5853 lines
1621 5806 1682 5854 et

169 5859 319 5926 "nites
344 5859 662 5926 signiﬁcant.
686 5862 773 5919 W.

210 5920 305 5993 (59)
342 5920 418 5981 ⁸0⁷
445 5928 512 5984 δὲ
560 5929 683 5988 τῶν
742 5934 992 6006 Πάρθων
1041 5936 1365 6005 βασιλεύς.
1404 5937 1678 6012 Joscpbus

1780 5741 1937 5797 atque
1969 5726 2242 5783 obscurus
2266 5734 2351 5782 est
2379 5726 2432 5783 in
2464 5727 2570 5783 hac
2607 5724 2862 5797 Parthica
2899 5719 3273 5795 expeditione,
3304 5730 3369 5778 ut

1781 5795 2038 5872 videatur
2111 5797 2369 5872 κυκεῶνα
2422 5799 2610 5872 potius
2663 5795 2976 5866 miscuisse,
3030 5805 3197 5866 qnam
3246 5807 3368 5851 rem

1780 5869 2104 5941 explicasse.
2139 5868 2231 5927 W.
2422 5868 2440 5872 ⁷
2774 5896 2783 5904 ·
