3772 6558
512 447 648 514 ’415
1294 441 1299 451 ’
1810 452 2001 515 JOAN

2238 452 2504 516 DNAR/E
2561 445 2568 452 ’
3654 469 3727 534 ’.16

541 565 758 634 plexus,
793 563 1041 622 sessium
1073 567 1124 624 ei
1159 567 1488 638 opitulatum
1531 568 1610 622 ire
1639 568 1818 639 jubet.
1854 569 2030 640 Josepl

2240 568 2864 645 Szpapstau'bpp'qaev,
2892 571 2969 634 ώς
3021 571 3169 644 μάχῃ
3225 572 3596 644 κριθησόμενος
3633 586 3729 652 πρὸς

543 673 679 712 vero
727 658 900 714 frater
927 659 1162 715 Herodis
1205 659 1337 715 dum
1390 658 1805 714 llierichuntem
1849 676 2032 731 prepei

2243 663 2579 730 Ἀντίγονον.
2607 663 2699 716 Ἐν
2726 661 2942 728 τούτοις
2973 663 3030 717 δὲ
3057 667 3320 728 πεσόντος
3352 667 3581 739 Πακόρου
3603 675 3647 725 ἐν
3664 695 3730 730 πο.

545 751 616 805 ab
644 751 902 822 Antigoni
937 754 1206 808 militibus
1247 754 1302 807 in
1335 753 1608 823 angustiis
1640 761 1929 824 exceptus,
1979 754 2033 810 fo

2240 753 2404 825 λέμῳ,
2444 754 2678 808 καὶτῶν
2711 754 2943 824 Πάρθων
2970 758 3293 827 τραπέντων
3330 759 3430 811 ὑπὸ
3481 761 3729 833 Ῥωμαίων,

548 851 633 895 ter
679 857 930 914 pugnans
977 843 1297 905 occumbit,
1354 843 1505 896 omni
1574 844 1778 897 amisso
1825 845 2037 899 exercit

2242 846 2443 915 πέμπει
2477 846 2555 918 τῷ
2591 847 2808 920 Ἡρώδῃ
2835 848 3030 918 βοηθὸν
3063 850 3359 922 Μαχαιρᾶν
3384 852 3475 904 σὺν
3513 862 3731 926 στρατιᾷὸ

548 930 707 1004 cujus
731 945 896 1005 caput
917 947 1256 1006 amputatum
1282 936 1592 1008 Antigonus
1619 935 1775 990 fratri
1805 935 1952 992 illius
1974 953 2037 1007 qu

2242 917 2536 1001 Bzvaidtog.
2567 917 2676 992 Kai
2721 917 2898 1010 τοῦτῳ
2921 917 3036 1010 μὲν
3060 941 3088 993 δ
3145 917 3394 1013 Ἡρώδης
3423 944 3505 996 τὸν
3562 917 3731 1017 Reid).

548 1027 809 1098 quaginta
839 1029 1059 1083 talentis
1085 1029 1355 1084 vendidit.

2242 1031 2437 1102 Ἰωσὴφ
2476 1033 2888 1097 καταλέλοιπεν,
2958 1035 3339 1103 ὲντειλάμενος
3390 1036 3461 1107 μὴ
3507 1039 3731 1096 ἀποκινδυ-

549 1123 750 1190 νεύειν,
810 1125 946 1196 μηδὲ
1005 1124 1083 1196 τῷ
1120 1125 1381 1198 Μαχαιρᾷ
1419 1127 1818 1198 διαφέρεσθαιο
1874 1127 2040 1189 αὐτὸς
2103 1126 2162 1179 δὲ
2204 1127 2342 1199 πρὸς
2381 1129 2669 1183 ’Λντώνιον
2717 1131 2966 1196 ἔσπευδε,
3039 1132 3432 1203 πολιορκοῦντα
3483 1135 3730 1205 Σαμόσατα,

550 1219 705 1274 πόλιν
725 1219 834 1273 τῶν
865 1222 1366 1292 παρευφρατιδίων.
1428 1223 1515 1287 Ὠς
1554 1223 1610 1277 δὲ
1647 1223 1880 1294 ἤγγιζεν
1907 1225 1935 1277 ὁ
1979 1223 2250 1295 Ἡρώδης,
2316 1224 2528 1295 πέμπει
2581 1225 2640 1277 τὸ
2689 1227 3008 1296 στράτευμα
3046 1226 3487 1296 ὑπαντησόμενον
3543 1229 3664 1299 αὐτῷ
3713 1233 3732 1283 6

548 1312 857 1378 ’Δντώνιος,
891 1317 989 1370 καὶ
1019 1317 1265 1386 παρόντα
1289 1317 1591 1387 ἠσπάζετο,
1627 1320 1719 1370 καὶ
1782 1317 1995 1386 Σοσσίῳ
2062 1321 2376 1389 συμμαχεῖν
2443 1317 2593 1388 αὐτῷ
2636 1318 2948 1371 ἐνετέλλετο
2975 1333 2993 1349 ο
3032 1319 3127 1371 καὶ
3159 1319 3218 1380 ὃς
3261 1319 3320 1370 τὸ
3373 1319 3729 1388 κεκελευσμένον

549 1405 810 1477 ἐπλήρου.
840 1407 1040 1480 Ἰωσὴφ
1091 1409 1148 1464 δὲ
1193 1410 1222 1462 ὁ
1272 1409 1505 1479 ἀδελφὸς
1545 1409 1812 1478 Ἡρώδου,
1865 1412 1957 1462 ἐπὶ
2004 1408 2338 1481 Ἱεριχοῦντα
2369 1408 2636 1474 σπεύδων,
2702 1408 3029 1479 περιπίπτει
3071 1411 3185 1472 τοῖς
3235 1408 3553 1476 Ἀντιγὸνου,
3582 1409 3656 1460 καὶ
3694 1420 3732 1476 ἐν

550 1501 878 1574 δυσχωρίαις
905 1504 1268 1574 ἀποληφθεὶς,
1303 1503 1528 1575 θνήσκει
1577 1507 1845 1571 γενναίως
1879 1504 2210 1573 μαχόμενος,
2277 1507 2372 1558 καὶ
2405 1505 2550 1558 ἅπαν
2588 1503 2829 1557 ἀπέϐαλε
2870 1505 2930 1557 τὸ
2962 1503 3307 1574 στράτευμα.
3371 1499 3643 1575 Ἀντίγονος
3677 1516 3731 1583 δὲ,

549 1599 652 1668 τὴν
681 1597 847 1651 αὑτοῦ
890 1597 1074 1668 τεμὼν
1116 1598 1384 1669 κεφαλὴν,
1425 1597 1504 1668 τῷ
1569 1597 1786 1668 ἀδελφῷ
1827 1598 1994 1652 αὑτοῦ
2034 1597 2266 1669 Φερώρᾳ
2291 1597 2594 1651 ἀποδίδωσι
2623 1598 2902 1653 ταλάντων
2941 1597 3312 1667 πεντήκοντα.

624 1694 721 1751 XI.
749 1694 958 1751 Galilaai
987 1710 1210 1765 quoque
1253 1711 1350 1766 per
1395 1696 1765 1752 defectionem
1794 1694 2112 1750 llerodiano

2315 1695 2415 1749 IA'.
2456 1694 2821 1756 Ἀποστάντες
2849 1694 2906 1747 δὲ
2934 1694 2982 1746 oi
3031 1691 3326 1756 Γαλιλαῖοι,
3359 1694 3477 1757 τοὺς
3505 1698 3565 1750 τὰ
3607 1701 3730 1770 Ἥρώ.

553 1790 609 1844 in
646 1788 766 1842 lacu
820 1788 1228 1852 demerserunt,
1278 1789 1560 1860 multaque
1606 1789 1660 1844 in
1705 1790 1888 1845 ludam
1941 1805 2042 1844 nov

2240 1789 2328 1841 δου
2369 1786 2704 1856 φρονοῦντας
2734 1788 2792 1838 ὲν
2821 1787 2886 1856 τῇ
2923 1785 3090 1856 λίμνῃ
3116 1785 3544 1853 κατεπόντωσαν,
3568 1794 3729 1865 καὶτῆς

553 1892 702 1938 sunt.
725 1883 937 1950 Quibus
986 1885 1151 1940 rebus
1185 1901 1290 1939 una
1341 1900 1465 1939 cum
1515 1885 1664 1940 caede
1707 1885 1893 1941 fratris
1947 1885 2042 1939 in}

2244 1880 2506 1943 ἰουδαίας
2563 1879 2924 1949 ἐνεωτερίσθη
2989 1877 3189 1932 πολλὰ.
3243 1877 3472 1951 Ἡγγέλη
3521 1882 3733 1941 δὲταῦτα

554 1976 700 2046 phne
726 1977 1029 2032 Antiochiae
1065 1978 1357 2038 nuntiatis,
1388 1976 1634 2031 ilerodes
1669 1993 1909 2046 propere
1944 1977 2043 2032 int

2249 1972 2462 2046 Ἡρώδῃ
2498 1975 2592 2026 καὶ
2625 1975 2657 2042 ἠ
2711 1971 2806 2025 τοῦ
2846 1970 3084 2042 ἀδελφοῦ
3126 1970 3354 2042 τελευτὴ
3403 1974 3456 2024 ὲν
3487 1975 3638 2047 Δάφνῃ
3667 1980 3731 2049 τῆς

554 2068 748 2123 Ιὶιεειιω
779 2064 1078 2140 profectus,
1115 2069 1372 2124 hostibus
1404 2071 1728 2139 profligatis,
1770 2081 1825 2125 et
1855 2072 1910 2126 in
1937 2080 2043 2125 cast

2243 2066 2596 2135 Ἀντιοχείας.
2634 2064 3010 2136 Ἐπειγομένῳ
3034 2058 3153 2129 οὖν,
3193 2063 3271 2127 ὡς
3326 2063 3459 2120 κατὰ
3508 2067 3731 2122 Γαλιλαίαν

554 2163 665 2217 lum
709 2161 983 2232 quoddam
1030 2164 1350 2234 compulsis,
1394 2164 1811 2220 llierichuntem
1855 2173 2043 2220 conteri

2245 2158 2479 2225 ἐγένετο,
2525 2159 2866 2228 συνήντησαν
2907 2156 3061 2227 αὐτῷ
3097 2157 3150 2209 οί
3203 2155 3468 2226 πολέμιοι,
3509 2158 3587 2211 καὶ
3619 2163 3734 2231 ἡττη-

553 2253 618 2305 ad
674 2268 863 2308 necem
925 2252 1109 2307 fratris
1171 2254 1567 2309 ulciscendam.
1632 2256 1942 2326 Antigonus
2010 2271 2039 2308 v

2243 2249 2450 2314 θέντες,
2482 2249 2951 2319 κατεκλείσθησαν
2986 2248 3067 2311 είς
3097 2265 3151 2301 τι
3182 2249 3399 2319 χωρίον.
3438 2250 3490 2302 '0
3516 2250 3563 2302 δὲ
3589 2251 3731 2307 ἔσπευ-

554 2345 738 2414 Pappo
768 2344 910 2400 duce
941 2360 1065 2399 cum
1108 2345 1285 2415 copiis
1334 2345 1401 2400 ad
1456 2347 1760 2401 Samariam
1805 2347 1993 2411 misso,
2022 2363 2043 2401 ε

2244 2342 2331 2395 δεν
2380 2344 2460 2404 είς
2505 2340 2863 2410 Ἱεριχοῦντα,
2919 2339 3344 2411 τιμωρήσασθαι
3391 2339 3545 2394 θέλων
3592 2345 3733 2409 αὐτοὺς

555 2437 778 2492 nionem
806 2437 1062 2493 hostibus
1093 2453 1215 2493 eam
1245 2438 1446 2492 afferre
1472 2438 1668 2508 voluit,
1695 2439 1851 2508 quasi
1887 2437 1940 2491 in
1973 2453 2042 2506 op

2243 2433 2331 2487 διὰ
2360 2434 2451 2486 τὸν
2484 2432 2732 2501 ἀδελφόν.
2776 2433 3081 2498 Ἀντίγονος
3131 2431 3189 2484 δὲ
3234 2433 3326 2485 ἐπὶ
3356 2431 3448 2502 τὴν
3492 2433 3730 2504 Σαμάρειαν

555 2529 833 2585 aﬂlueutia
881 2529 1084 2586 bellum
1132 2541 1368 2602 gereret.
1403 2529 1510 2585 Sed
1561 2531 1808 2585 llerodes
1856 2530 1980 2585 illos
2022 2545 2044 2584 a

2245 2528 2458 2596 πέμπει
2514 2525 2828 2596 στρατηγὸν
2884 2526 3122 2580 Πάππον
3183 2524 3355 2593 ὄνομα
3411 2527 3500 2578 σὺν
3549 2525 3732 2596 δυνάμει,

558 2624 734 2679 victos
773 2623 827 2678 in
873 2624 1056 2680 vicum
1105 2633 1457 2694 persecutus,
1501 2639 1694 2680 omnes
1749 2623 1954 2680 occidit
2003 2638 2047 2693 qi

2246 2619 2506 2690 παρέχων
2565 2620 2683 2682 τοῖς
2753 2617 3024 2682 ἐναντίοις
3088 2617 3250 2684 δόξαν
3321 2617 3642 2688 πολεμοῦντος
3691 2623 3731 2673 ἐκ

559 2713 786 2784 adipisci
821 2715 1001 2784 potuit
1033 2733 1048 2770 :
1090 2731 1329 2785 cumque
1363 2715 1508 2771 azdes
1534 2715 1763 2770 armatis
1797 2716 2048 2783 compleri

2249 2717 2592 2790 περιουσίας.
2631 2718 2742 2772 Καὶ
2790 2715 3040 2788 Ἡρώδης
3090 2711 3259 2788 ἦλθεν
3299 2717 3387 2769 ἐπὶ
3428 2716 3510 2770 τδν
3551 2717 3733 2782 Πάππον,

563 2817 674 2871 tur,
701 2817 758 2863 et
784 2808 939 2864 multi
971 2808 1022 2862 in
1048 2810 1330 2879 superiora
1360 2808 1742 2880 confugerent.
1765 2807 1925 2864 tectis
1945 2807 2044 2862 aedi

2247 2813 2342 2864 καὶ
2375 2810 2669 2878 συμϐαλὼν
2723 2811 2838 2874 τοῖς
2896 2808 3182 2880 πολεμίοις
3234 2811 3442 2879 κρατεῖ,
3487 2810 3568 2862 καὶ
3599 2811 3729 2862 εἵπετο

561 2899 878 2965 destructis,
916 2901 1193 2971 lapidibus
1222 2903 1427 2957 milites
1456 2904 1549 2972 qui
1584 2901 1724 2955 infra
1757 2909 1918 2955 erant
1942 2901 2050 2954 Obl'l

2265 2905 2542 2973 ps-Jyouatv
2573 2909 2653 2968 είς
2677 2903 2777 2974 τὴν
2803 2902 3021 2974 κώμην,
3044 2902 3275 2956 κτείνων
3303 2901 3394 2966 οὒς
3414 2902 3474 2956 ἂν
3493 2903 3729 2956 καταλάὁοι.

563 2989 640 3043 Ea
683 3006 738 3043 re
785 2991 1025 3046 hostium
1062 2993 1280 3048 animos
1319 2993 1396 3047 ita
1446 2992 1628 3062 fregit,
1688 3001 1747 3046 ut
1790 2991 1972 3045 statim
2021 3006 2049 3045 c

2249 2997 2705 3067 Πεπληρωμένων
2737 2995 2793 3050 δὲ
2828 2996 2938 3049 τῶν
2979 2997 3174 3049 οἰκιῶν
3204 2995 3451 3062 ὁπλιτῶν,
3483 2995 3565 3047 καὶ
3583 2995 3730 3047 πολλῶν

563 3083 806 3136 exercitu
831 3083 1208 3156 Hierosolyma
1250 3084 1461 3139 intrare
1501 3083 1764 3152 potuerit,
1791 3082 1896 3136 nisi
1933 3092 2052 3150 terni

2265 3093 2342 3144 ιπὶ
2371 3090 2472 3154 τὰς
2523 3091 2725 3159 στέγας
2770 3091 3219 3159 ἀναφευγόντων,
3263 3091 3384 3154 τοὺς
3429 3089 3623 3161 ὀρόφους
3662 3090 3734 3141 τῶν

564 3181 706 3227 state
746 3188 939 3244 magna
966 3174 1264 3245 impeditus
1306 3183 1472 3230 esset.
1511 3174 1580 3230 Et
1627 3173 1755 3245 quia
1800 3174 1910 3242 jam
1960 3189 2052 3228 ser

2265 3183 2416 3236 ›ῗκων
2457 3181 2762 3253 καθαιρῶν,
2799 3181 3025 3250 ὲκράτες
3081 3180 3310 3235 τούτων.
3360 3180 3732 3252 Καθαιρουμένων

564 3275 703 3331 erat,
756 3265 811 3321 in
856 3267 1190 3323 domuncula
1255 3268 1492 3340 quadam
1544 3267 1713 3333 lavit,
1766 3283 1876 3322 uno
1936 3275 2052 3320 tant

2265 3259 2305 3329 5':
2337 3275 2447 3330 τῶν
2463 3275 2699 3346 ὀρόφων,
2744 3275 2955 3338 ἔμπλεα
2987 3274 3242 3344 ἑωρῶντο
3271 3275 3336 3328 τά
3367 3275 3504 3326 κάτω
3542 3289 3733 3342 στρατιω-

565 3375 738 3431 puero
789 3360 1142 3417 ministrante
1201 3379 1216 3417 :
1261 3361 1315 3416 in
1365 3364 1522 3434 cujus
1571 3360 1891 3416 interiorem
1934 3371 2054 3430 part

2252 3367 2385 3432 τῶν,
2421 3366 2514 3432 οὓς
2545 3367 2714 3430 λίθοις
2745 3367 2952 3422 ἄνωθεν
2983 3365 3246 3439 βαλόντες
3280 3365 3522 3418 ἔκτεινον.
3544 3361 3733 3416 Tati-.0124

563 3451 774 3523 aliquot
803 3468 871 3509 ex
894 3453 1149 3509 hostibus
1180 3453 1376 3509 armati
1402 3469 1460 3510 se
1490 3453 1844 3510 abdiderant.
1875 3454 2014 3508 Dum

2253 3460 2363 3515 τῶν
2417 3458 2696 3530 πολεμίων
2742 3461 3072 3529 φρονήματα
3144 3457 3408 3527 ἔθραυσε*
3462 3456 3545 3510 καὶ
3568 3449 3669 3525 ἧκεν
3692 3454 3735 3507 ἂν

567 3551 658 3596 tur
710 3559 806 3599 rex
841 3543 1012 3610 lavat,
1056 3560 1204 3610 unus
1261 3547 1459 3600 Stricto
1527 3545 1712 3616 gladio
1777 3543 2056 3616 progredit

2254 3553 2334 3613 είς
2373 3551 2725 3624 Ἱεροσόλυμα
2761 3553 2790 3606 ὁ
2825 3551 3074 3624 Ἡρώδης
3107 3551 3254 3622 μετά
3286 3553 3380 3622 τῆς
3429 3549 3638 3622 στρατιᾶς
3671 3546 3736 3599 αὑ-

567 3634 768 3691 deiude
791 3637 954 3705 alter,
977 3647 1101 3709 post
1127 3637 1289 3710 233
1315 3639 1478 3702 alius,
1508 3640 1703 3696 eodem
1732 3639 1895 3695 modo
1918 3654 2056 3692 arma

2254 3641 2401 3708 τίκα,
2432 3643 2530 3697 καὶ
2559 3643 2621 3697 τδ
2647 3645 2755 3698 πᾶν
2783 3643 3175 3716 ἐξειργάσατο,
3208 3644 3256 3696 εί
3290 3641 3361 3712 μὴ
3390 3639 3572 3710 χειμὼν
3599 3637 3735 3704 ἱπέσχε

567 3739 748 3797 neque
781 3737 960 3806 tamen
994 3745 1330 3801 quemquam
1379 3738 1792 3803 percusserunt,
1829 3741 1890 3786 ut
1920 3731 1974 3784 in
2003 3746 2053 3783 m

2257 3734 2443 3806 βαθύς.
2463 3735 2596 3789 Τότε
2621 3736 2778 3805 ὀψίας
2794 3733 2984 3804 οὔσης,
3014 3735 3043 3787 ὁ
3073 3734 3332 3804 βασιλεὺς
3364 3731 3599 3802 Ἡρώδης,
3629 3729 3683 3791 είς
3703 3745 3735 3778 τι

569 3821 802 3878 salutem
856 3824 1176 3894 quaesivisse
1219 3825 1487 3882 contenti.
1535 3825 1859 3896 Huiusmodi
1902 3825 2054 3896 peric

2255 3825 2526 3894 δωμάτιον
2559 3825 2841 3889 εἰσελθὼν,
2877 3825 3009 3896 περὶ⁸
3036 3823 3272 3896 λουτρὸν
3305 3820 3392 3894 ἦν,
3425 3823 3508 3876 καὶ
3535 3816 3733 3872 ἀποδυσά·

568 3914 796 3982 evitato,
831 3917 1099 3987 postridie
1126 3918 1297 3988 Pappi
1319 3919 1430 3990 jam
1458 3917 1736 3974 interfecti
1768 3927 1933 3988 caput
1965 3931 2050 3971 am

2259 3934 2422 3988 μενος
2456 3917 2692 3980 ἐλούετο.
2747 3917 2867 3981 ένδς
2900 3917 3054 3988 αὐτῷ
3103 3915 3536 3989 ὑπηρετουμένου
3579 3909 3732 3965 παιδός·

573 4015 769 4073 latum,
819 4009 1077 4066 Pberorze
1139 3991 1296 4065 fratri
1351 4026 1452 4080 pro
1481 4009 1708 4081 .losephi
1756 4009 1934 4080 capite
1982 4008 2062 4062 mi:

2257 4012 2399 4065 κατά
2424 4010 2480 4064 δέ
2509 4027 2574 4080 γε
2607 4010 2669 4064 τδ
2701 4011 2982 4080 ἐνδότερον
3008 4010 3136 4082 οίκη
3149 4028 3225 4082 μα
3254 4010 3361 4064 τῶν
3383 4006 3618 4073 πολεμίων
3641 4000 3734 4059 τινὲς

571 4101 742 4172 ιἰιρρί
785 4104 1038 4158 manibus
1075 4105 1374 4163 interfecti.
1418 4105 1773 4174 Tempestate
1805 4102 2016 4168 sedata,

2260 4104 2709 4173 συμπεφευγότες
2755 4101 3114 4172 ὠπλισμένοι,
3157 4103 3276 4155 ἐκεῖ
3315 4100 3400 4154 διὰ
3455 4097 3593 4168 φόὂον
3629 4090 3735 4162 ἐκρύ-

572 4194 703 4250 stris
745 4195 992 4265 proxime
1038 4196 1414 4269 Hierosolyma
1459 4198 1764 4262 collocatis,
1801 4206 1856 4252 et
1901 4211 2061 4251 cura

2259 4212 2475 4253 πτοντο.
2507 4195 2618 4250 Καὶ
2651 4193 2857 4265 μεταξὺ
2888 4194 3190 4265 λουομένου
3210 4194 3301 4249 τοῦ
3329 4191 3582 4265 βασιλέως,
3607 4179 3736 4249 sic“:

575 4286 762 4342 randze
803 4287 1113 4344 obsidionis
1173 4290 1341 4345 certis
1378 4289 1699 4345 hominibus
1733 4289 2012 4351 mandata,
2061 4295 2064 4339 1

2259 4289 2617 4361 ἐπεξέρχεται
2674 4288 2830 4357 ξίφος
2881 4287 3022 4359 έχων
3074 4286 3307 4359 γυμνὸν,
3364 4285 3450 4340 καὶ
3501 4298 3586 4353 μετ
3627 4278 3737 4332 αυτὸν

574 4378 804 4432 mariam
852 4379 990 4447 abit,
1024 4388 1090 4453 ut.
1131 4395 1256 4435 cmn
1305 4380 1599 4436 Alexandri
1647 4380 1758 4434 filia
1807 4395 2005 4450 sponsa
2059 4399 2063 4432 :

2259 4381 2443 4447 ἄλλος,
2475 4380 2570 4434 καὶ
2600 4376 2758 4444 αὖθις
2791 4380 3005 4451 ἔτερος,
3029 4379 3238 4449 ὁμοίως
3264 4375 3587 4446 ὡπλισμένοι.
3609 4369 3737 4425 οὐδένα

575 4471 990 4526 concumberet.
1026 4471 1246 4542 Nuptiis
1277 4473 1567 4539 absolutis,
1597 4483 1653 4528 et
1691 4474 1806 4543 ipse
1844 4481 1901 4527 et
1939 4471 2064 4526 Soss

2262 4471 2565 4541 πλήξαντες
2610 4471 2717 4525 ὐπδ
2751 4471 2930 4537 δέους,
2963 4469 3298 4539 ἀγαπῶντες
3328 4468 3382 4521 δὲ
3430 4467 3473 4520 εί
3515 4462 3638 4519 αὐτοὶ
3669 4474 3736 4511 σω-

577 4577 704 4616 cum
742 4563 987 4618 exercitu
1025 4563 1092 4619 ad
1131 4564 1637 4636 Hierosolymorum
1666 4566 1867 4622 moenia
1905 4565 2066 4635 profer

2261 4561 2427 4618 θεῖεν.
2458 4561 2716 4615 Τοιοῦτον
2769 4561 2940 4631 ἔφυγε
2988 4561 3240 4616 κίνδυνον
3283 4559 3313 4615 ὁ
3360 4556 3597 4630 Ἡρώδης·
3623 4548 3737 4620 Ti“

578 4655 870 4726 aggeribus
913 4655 1191 4722 excitatis,
1247 4655 1612 4726 adductisque
1665 4657 1939 4713 machinis
1996 4673 2067 4712 mi

2264 4654 2532 4727 ὑστεραίᾳ
2575 4655 2674 4724 τὴν
2725 4654 2820 4709 τοῦ
2877 4655 3116 4708 Πάππου
3178 4651 3356 4726 τεμὼν
3402 4647 3630 4718 κεφαλὴν,
3671 4641 3737 4742 ﬁgi]

578 4748 814 4818 dejecto,
849 4747 918 4803 iis
942 4748 1038 4819 qui
1078 4749 1229 4804 intus
1269 4758 1428 4803 erant
1471 4764 1536 4804 ex
1568 4747 1950 4819 desperatione
1988 4766 2067 4804 ma

2263 4748 2640 4820 ἀνῃρημένου,
2674 4746 2891 4818 έπεμψε
2924 4747 3157 4821 Φερώρᾳ
3189 4748 3267 4818 τῷ
3305 4741 3506 4813 ἀδελφῷ
3545 4738 3641 4795 ἀντὶ
3673 4734 3737 4801 τῆς

581 4855 744 4909 quam
775 4840 1007 4895 consilio
1046 4840 1479 4896 resistentibus:
1521 4841 1760 4911 primum
1803 4841 1997 4912 viginti
2031 4842 2070 4896 le

2263 4842 2356 4896 τοῦ
2383 4842 2588 4911 Ἰωσὴφ
2618 4840 2864 4911 κεφαλῆς
2886 4856 2899 4871 ·
2933 4831 3093 4904 οῦτος
3119 4841 3234 4910 γὰρ
3258 4833 3324 4909 ἦν
3349 4838 3376 4891 ὁ
3399 4835 3615 4895 Πάππος,
3634 4821 3739 4879 αὐτός

580 4933 804 4993 milites.
834 4932 1034 4990 deinde
1062 4933 1230 4989 Sossii
1258 4933 1611 4990 centuriones
1647 4935 1851 4990 inmuia
1894 4949 2069 4989 ωηερε

2263 4951 2389 5006 χειρ
2429 4933 2639 4986 ἐκείνου
2680 4933 3001 5002 γενόμενος.
3032 4929 3311 5001 Λήξαντος
3335 4929 3390 4984 δὲ
3413 4928 3499 4982 τοῦ
3529 4920 3737 4996 χειμῶνος.

581 5026 734 5082 dere.
767 5028 844 5083 Ac
878 5028 1031 5096 prior
1062 5044 1258 5083 murus
1298 5027 1500 5083 diebus
1541 5026 1926 5098 quadraginta,
1981 5041 2070 5096 pos

2265 5025 2495 5092 ἀφίκετο
2527 5025 2664 5096 πρδς
2710 5024 3079 5098 Ἱεροσόλυμα,
3111 5026 3205 5078 καὶ
3231 5015 3659 5093 στρατοπεδεύεται
3677 5007 3739 5077 τῆς

583 5120 699 5174 rior
733 5120 1046 5190 quindecim
1073 5131 1158 5177 est
1189 5129 1552 5192 expugnatus.
1595 5120 1770 5190 Capto
1801 5120 1969 5174 etiam
2015 5134 2072 5174 es

2267 5117 2477 5180 πόλεως
2512 5117 2743 5186 ἔγγιστα
2768 5133 2784 5150 ·
2815 5118 2912 5170 καὶ
2941 5115 3263 5171 καταλιπὼν
3287 5115 3398 5167 ἐκεί
3427 5111 3538 5172 τοὺς
3573 5103 3627 5158 τὰ
3649 5099 3739 5169 πρὸς

586 5215 730 5268 riore
763 5213 989 5284 templo,
1017 5223 1074 5270 et
1105 5213 1245 5270 urbe
1280 5213 1568 5276 inferiore,
1603 5213 1659 5267 iu
1712 5212 1977 5281 templum
2023 5211 2075 5266 in

2265 5211 2364 5282 τὴν
2395 5211 2716 5284 πολιορκίαν
2747 5211 3166 5282 ἐτοιμάσοντας,
3198 5207 3359 5270 αὐτὸς
3403 5204 3476 5266 είς
3503 5197 3737 5268 Σαμάρειαν

587 5307 704 5361 rius
732 5315 788 5362 et
819 5307 1163 5378 superiorem
1191 5308 1382 5364 urbem
1420 5306 1810 5376 confugerunt.
1841 5305 1912 5360 lis
1945 5321 2076 5375 quor

2266 5304 2462 5377 ᾤχετο,
2490 5309 2558 5378 τῇ
2592 5305 2950 5376 Ἀλεξάνδρου
2979 5302 3216 5372 θυγατρὶ⁹
3245 5288 3736 5378 συνευνασθησόμεγοξιι

585 5371 930 5469 expugnatis,
967 5399 1212 5454 caedibus
1248 5398 1452 5454 referta
1497 5371 1724 5454 fuerunt
1765 5371 1978 5452 omnia:
2013 5397 2074 5450 Ai

2427 5371 2868 5469 κατεγγυηθείση
2915 5395 3088 5466 αὐτῷ,
3138 5394 3214 5456 ὡς
3247 5391 3527 5482 ἱστόρηται.
3569 5374 3684 5482 θίξτά
3701 5371 3737 5482 ii

587 5505 764 5560 genus
790 5505 920 5546 vero
966 5506 1144 5558 neque
1175 5490 1465 5561 praesentis
1497 5506 1674 5560 neque
1705 5488 1952 5560 pristina:
1994 5488 2076 5541 for

2268 5493 2397 5554 τοὺς
2429 5491 2642 5561 γάμους
2690 5489 2921 5559 ἀφίκετο
2971 5491 3035 5542 ὲκ
3071 5484 3404 5558 Σαμαρείας.
3438 5473 3566 5532 Ἦκε
3598 5473 3641 5524 δὲ
3677 5473 3736 5518 σὺν

588 5600 674 5639 nte
706 5598 934 5649 memor,
986 5584 1124 5638 turri
1169 5584 1385 5642 relicta.
1436 5582 1623 5638 Sossio
1663 5583 1892 5653 supplex
1946 5583 2077 5638 accit

2271 5584 2502 5654 στρατιᾷ
2531 5584 2620 5636 καὶ
2641 5585 2668 5635 ὁ
2694 5581 2942 5646 Σόσσιος,
2963 5579 3058 5633 καὶ
3087 5578 3223 5650 πρὸς
3247 5575 3308 5630 τὸ
3329 5574 3494 5644 τεῖχος
3517 5565 3606 5620 τῶν
3631 5561 3733 5654 Ίερίξ

588 5678 762 5744 Quem
804 5678 916 5740 ille,
962 5685 1125 5732 tautae
1175 5676 1497 5731 mutationis
1545 5676 1681 5730 nihil
1723 5675 2004 5739 misertus,
2042 5690 2072 5728 e

2273 5645 2525 5745 σολύμών
2559 5672 2904 5744 ἠθροίζοντο,
2941 5672 3036 5723 καὶ
3083 5645 3316 5740 χώματα
3362 5645 3737 5754 ἐγείραντες,

588 5771 790 5842 plausu
821 5783 1105 5830 manuum,
1152 5767 1482 5838 Antigonen]
1520 5768 1778 5839 appellat,
1826 5777 1882 5823 et
1923 5769 2070 5822 vinct

2272 5764 2700 5836 πολιορκητικὰς
2763 5759 3018 5832 μηχανὰς
3083 5759 3468 5830 προσάγοντες.
3523 5747 3735 5842 τδ-τεῖίος

594 5867 652 5920 in
695 5872 850 5920 custa
873 5864 1001 5916 lirm
1026 5863 1212 5918 tradit.
1246 5861 1492 5918 Herodes
1512 5865 1694 5919 socios
1724 5862 1789 5917 ad
1827 5862 2083 5931 templum

2273 5859 2580 5912 κατέσειον.
2617 5857 2728 5910 Καὶ
2770 5855 2821 5908 oi
2856 5855 3008 5917 ὲντὸς
3045 5853 3101 5906 δὲ
3137 5849 3362 5919 ἀπονοία
3396 5844 3571 5917 μᾶλλον
3597 5837 3621 5905 ἢ
3645 5846 3735 5898 προ·

595 5957 822 6014 sacnrii
866 5955 1093 6030 adytum
1138 5956 1494 6029 spectandum
1541 5965 1923 6030 properantes,
1968 5964 2084 6028 part

2274 5955 2394 6027 νοίξι
2447 5949 2903 6010 ἀωτικαθίσταντο
2951 5945 3447 6023 στρατηγούμενον
3475 5931 3735 5994 ἀνιιῆιιίνουςΙ
