3876 6552
471 307 582 370 423

1742 292 2067 355 JOANNIS
2106 294 2429 355 ZONAI'UE

3619 291 3722 354 424

463 418 848 490 percuntatur.
875 411 972 467 Illa
1003 411 1214 466 crimen
1261 409 1528 481 ejcrantc,
1569 406 1795 462 remissa
1829 405 2048 460 iracun-

2161 409 2246 462 καὶ
2296 405 2637 478 ζηλοτυπῶν,
2684 403 2792 477 ίδίᾳ
2837 403 2937 471 τὴν
2973 402 3206 476 Μαριάμ
3256 402 3558 474 ἀνέκρινεν.
3592 403 3727 456 Ἀπ-

465 513 556 565 dia
589 510 770 565 victus
793 521 1004 568 amore,
1041 518 1202 558 suum
1231 517 1358 573 erga
1407 501 1556 555 illam
1585 499 1841 553 affectum
1873 508 2046 553 testa-

465 614 576 658 tur.
610 601 702 655 Illa
737 613 872 653 vero
903 594 1223 666 respondet,
1257 593 1575 648 mandatum
1620 591 1754 645 illud
1781 606 1894 645 non
1924 607 2049 646 esse

464 695 724 757 amantis,
752 707 864 762 quo
915 693 961 744 si
1014 689 1144 759 quid
1195 687 1298 757 ipsi
1343 685 1635 740 accidisset
1689 684 1760 739 ab
1806 681 2049 739 Antonio

466 786 711 857 gravius,
753 798 812 838 se
873 798 1093 852 quoque
1150 779 1384 842 interfici
1420 779 1696 849 iussisset.
1740 777 1794 834 ιιι
1839 777 2047 831 dictum

474 879 751 933 Herodem
786 877 860 929 ita
914 873 1170 944 perculit,
1215 880 1276 925 ut
1304 870 1660 932 exclamaret,
1706 884 1780 939 ex
1811 885 1878 923 eo
1917 884 2052 923 con-

469 980 618 1023 stare
675 967 742 1020 de
809 965 1036 1033 Josepbi
1085 977 1211 1032 erga
1252 961 1398 1014 illam
1440 974 1648 1014 amore.
1683 958 1871 1028 Neque
1901 958 2048 1012 enim

469 1074 730 1116 arcanum
757 1057 922 1110 fuisse
955 1055 1328 1124 proditurum,
1361 1051 1464 1104 nisi
1501 1065 1730 1120 magnus
1761 1064 1859 1103 eos
1911 1049 2054 1104 aﬂ‘e-

467 1165 590 1208 ctus
615 1152 948 1220 copulasset.
989 1148 1067 1202 Ac
1101 1147 1288 1201 statim
1319 1159 1544 1198 uxorem
1595 1143 1908 1207 occidisset,
1944 1141 2052 1196 nisi

468 1260 654 1299 amore
687 1242 835 1296 illius
866 1241 1130 1294 subactus
1163 1238 1376 1292 fuisset.
1409 1235 1709 1305 Joseplium
1743 1244 1892 1289 certe
1928 1235 2054 1304 qui-

467 1337 613 1401 dem,
653 1350 755 1390 nec
790 1334 846 1388 in
869 1339 1228 1402 conspectum
1251 1344 1411 1383 suum
1448 1327 1772 1390 admissum,
1816 1323 2053 1378 interﬁci

466 1429 674 1501 jussit:
706 1425 1096 1486 Alexandram,
1132 1429 1192 1476 ut
1244 1419 1514 1474 malorum
1563 1417 1809 1472 omnium
1858 1424 2054 1469 aucto-

471 1535 614 1583 rem,
666 1519 723 1573 in
755 1517 977 1572 vincula
1034 1515 1340 1584 conjectum
1404 1509 1730 1565 asservavit.
1782 1507 2058 1562 Antonius

472 1627 642 1682 porro
685 1625 896 1672 amore,
929 1624 994 1662 ac
1046 1589 1238 1678 potius
1282 1602 1565 1658 veneficiis
1603 1600 1905 1671 Cleopatra
1934 1615 2058 1654 cor-

473 1711 694 1772 ruptus,
727 1697 1130 1769 cupiditatibus
1177 1694 1328 1749 illius
1361 1693 1657 1748 serviebat.
1691 1692 1768 1746 Ea
1803 1691 2053 1755 fratrem,

2152 500 2467 570 ομνυμένης
2516 499 2563 552 δ’
2597 499 2839 569 ἐκείνης,
2887 497 3060 566 ἑχάλα
3109 496 3209 568 τὴν
3255 496 3453 567 ὀργὴν,
3502 495 3598 549 καὶ
3633 496 3726 550 τοῦ

2152 593 2357 662 ἔρωτος
2385 592 2611 663 ἥττητο,
2651 590 2748 644 καὶ
2794 589 2894 661 τὴν
2925 590 3006 652 είς
3045 588 3218 659 αὐτὴν
3243 587 3535 650 έπιστοῦτο
3579 587 3728 657 φιλο-

2155 683 2432 753 στοργίαν.
2475 683 2537 737 ’11
2572 682 2650 745 δὲ,
2687 682 2763 735 Οὐ
2797 682 3118 754 στέργοντος
3147 678 3299 735 εἷπεν
3329 677 3472 735 εἶναι
3501 681 3561 734 τὺ
3585 682 3730 750 κάμὲ

2154 775 2453 829 ἀπολέσθαι
2487 773 2849 835 ἐντείλασθαι,
2885 777 2939 829 εί
2968 775 3031 845 γέ
3059 792 3140 830 σοι
3167 777 3607 845 παρ”Δντω-ιίου
3631 793 3732 846 χα-

2154 868 2323 922 λεπόν
2352 884 2405 920 τι
2429 867 2722 939 ὲπενεχθῇ.
2755 862 2925 930 Οὗτος
2958 868 2988 920 ὁ
3019 867 3178 935 λόγος
3203 867 3297 921 τὸν
3337 867 3478 939 Ἦρά
3490 867 3586 940 δην
3608 869 3732 923 ἰτάο

2156 960 2432 1031 ραξε,’καὶ
2473 959 2626 1022 ἐϐόα,
2679 959 2870 1030 σαφῶς
2904 961 2968 1012 ἐκ
2996 960 3188 1014 τούτου
3229 961 3596 1032 πεφωρᾶςθαι
3642 961 3733 1014 τὸν

2154 1052 2250 1104 τοῦ
2279 1051 2482 1122 Ἰωσὴφ
2517 1052 2655 1123 πρὸς
2675 1052 2848 1122 αὐτὴν
2872 1051 3073 1123 ἔρωτα.
3106 1052 3182 1106 Οὐ
3218 1053 3327 1123 γὰρ
3363 1055 3428 1107 ἀν
3461 1053 3645 1118 ἐξεῖπε
3674 1054 3735 1106 τδ

2155 1144 2489 1216 ἀπόρρητον,
2513 1145 2722 1212 ἔλεγεν,
2742 1146 2794 1198 εί
2819 1144 2894 1216 μὴ
2920 1145 3165 1215 μεγάλης
3186 1146 3507 1216 συναψάσης
3535 1147 3734 1209 αὐτοὺς

2154 1235 2470 1299 διαθέσεως.
2509 1237 2617 1290 Καὶ
2659 1237 2981 1290 ἀπέκτεινεν
3010 1235 3078 1290 ἀν
3106 1237 3206 1309 την
3233 1241 3472 1305 γυναῖκα
3510 1238 3734 1304 αὐτίκα,

2153 1328 2204 1379 εί
2235 1327 2311 1398 μὴ
2338 1327 2416 1398 τῷ
2439 1327 2609 1397 αὐτῆς
2632 1327 2930 1382 δεδούλωτο
2952 1327 3138 1398 ἔρωτι.
3167 1328 3273 1382 Τδν
3295 1328 3496 1400 Ἰωσὴφ
3518 1329 3600 1393 δὲ,
3631 1347 3736 1398 μη-

2157 1416 2202 1468 δ’
2226 1419 2307 1480 είς
2341 1417 2466 1486 (4w
2494 1415 2662 1470 αὐτοῦ
2693 1416 2941 1486 ἀγαγὼν,
2974 1417 3274 1488 προσέταξε
3303 1417 3733 1489 διαχρήσασθαι.

2159 1509 2253 1563 καὶ
2282 1510 2381 1581 τὴν
2420 1509 2776 1583 Ἀλεξάνδραν
2803 1511 2878 1574 ὼς
2911 1511 3165 1567 ἁπάντων
3195 1512 3378 1568 αἰτίαν
3408 1512 3582 1584 δήσας
3605 1513 3737 1579 ἑφό-

2156 1599 2369 1654 λαττεν.
2415 1599 2702 1662 ’Δντώνιος
2731 1599 2788 1652 δὲ
2817 1600 2894 1670 τῷ
2923 1602 3281 1674 Κλεοπάτρας
3317 1601 3506 1672 ἔρωτι,
3533 1603 3735 1672 μᾶλλον

2157 1692 2213 1745 δι
2251 1691 2624 1761 φαρμακείαις
2662 1690 3079 1762 διεφθαρμένος,
3103 1696 3228 1758 ταῖς
3257 1693 3476 1764 ἐκείνης
3507 1693 3734 1763 θελήσε-

473 1798 541 1849 ad
572 1809 736 1864 quem
784 1806 1010 1862 regnum
1063 1787 1398 1858 pertinebat,
1444 1800 1658 1840 veneno
1707 1785 2051 1851 sustulerat;

2161 1799 2244 1836 σιν
2266 1759 2611 1836 ἐδεδούλωτο.
2641 1783 2715 1836 Ἦ
2736 1759 2829 1838 τὸν
2983 1785 3232 1854 ἀδελφὸν,
3257 1779 3303 1853 ᾧ
3329 1786 3363 1856 ἡ
3393 1759 3646 1856 βασιλεία
3664 1789 3738 1839 διο

474 1901 718 1943 sororem
741 1883 1034 1937 Arsinocm
1068 1894 1166 1950 per
1187 1877 1484 1933 Antonium
1513 1876 1794 1932 occiderat
1825 1893 1842 1933 :
1881 1876 2052 1930 Anto-

477 1978 632 2031 nium
690 1975 871 2045 ipsum
908 1987 1104 2042 c0gere
1134 1971 1430 2035 nitebatur,
1475 1979 1531 2025 ut
1580 1969 1686 2024 sibi
1722 1968 1966 2024 Judaeam
1997 1977 2057 2022 et

476 2067 734 2122 Arabiam
780 2065 1132 2120 attribueret.
1161 2061 1268 2128 Qui
1310 2071 1372 2116 ut
1419 2072 1476 2117 et
1521 2060 1874 2116 manifestam
1906 2059 2058 2130 inju-

483 2159 621 2212 riam
651 2157 884 2220 velaret,
910 2164 967 2209 et
1014 2153 1265 2208 mulieris
1294 2153 1580 2207 amoribus
1609 2166 1674 2206 ac
1703 2151 1888 2220 potius
1913 2165 2055 2220 pra:-

477 2248 658 2320 stigiis
682 2247 1016 2317 indulgeret,
1043 2244 1242 2300 ablatis
1266 2244 1335 2298 ab
1359 2252 1589 2313 utraque
1617 2242 1903 2312 provincia
1928 2255 2059 2311 par-

481 2343 669 2405 tibus,
720 2339 1089 2394 insatiabilem
1144 2336 1296 2391 lllius
1343 2335 1704 2406 cupiditatem
1766 2333 2058 2406 mitigavit.

478 2435 717 2489 Antonio
733 2433 791 2486 in
814 2430 1130 2485 Armeniam
1148 2429 1386 2484 ducente
1402 2427 1739 2488 exercitum,
1772 2425 2061 2496 Cleopatra

479 2530 537 2580 in
570 2526 752 2582 reditu
791 2539 916 2579 cum
954 2522 1169 2577 Herode
1229 2522 1283 2577 in
1317 2522 1561 2577 Judaam
1608 2521 1781 2584 venit,
1821 2520 2062 2574 familia-

481 2620 648 2674 ritate
680 2618 734 2672 in
766 2624 981 2671 tantum
1013 2623 1194 2677 aucta,
1229 2623 1290 2668 ut
1320 2630 1445 2669 cum
1473 2613 1642 2668 etiam
1668 2613 1738 2668 ad
1764 2612 1948 2668 cubile
1975 2612 2062 2666 in-

482 2712 695 2775 vitarit,
743 2709 860 2763 sive
909 2723 977 2762 ex
1014 2707 1284 2762 effrenata
1336 2706 1590 2770 libidine,
1645 2706 1762 2760 sive
1790 2721 1860 2761 ex
1913 2703 2063 2760 illius

478 2820 669 2861 amore
701 2842 717 2868 ,
757 2801 872 2857 sive
917 2800 1065 2871 quod
1114 2799 1460 2871 probabilius
1501 2809 1608 2862 est,
1640 2807 1702 2852 ιιι
1730 2797 2061 2868 principium

482 2895 812 2950 insidiarum
886 2907 953 2947 ex
1014 2891 1110 2946 illo
1166 2905 1463 2960 congressu
1523 2901 1718 2944 contra
1782 2889 2061 2944 hominem

483 2985 648 3055 238
678 2981 947 3052 captaret.
975 2980 1082 3036 Sed
1110 2979 1375 3044 Herodes,
1428 2979 1614 3034 verbis
1674 2979 1823 3034 illius
1869 2977 2060 3044 elusis,

2156 1873 2346 1942 έφερε,
2391 1873 2672 1943 φαρμάκῳ
2713 1873 2986 1947 διέφθειρε
3008 1891 3027 1908 ο
3059 1875 3161 1949 τὴν
3195 1876 3240 1930 δ’
3273 1876 3513 1946 ἀδελφὴν
3551 1877 3729 1947 ’Δρσιο

2155 1963 2306 2032 νόην,
2340 1963 2408 2016 δι’
2442 1963 2730 2019 ’Δντωνίου
2754 1966 3044 2021 ἀπέκτεινε
3065 1985 3080 1999 ·
3114 1967 3208 2022 τδν
3239 1971 3424 2038 μέντοι
3449 1969 3737 2022 ’Λντώνιον

2157 2058 2404 2123 ἐϐιάζετο
2435 2059 2533 2128 τὴν
2559 2059 2819 2114 Ἰουδαίαν
2849 2061 2986 2132 αὐτῇ
3014 2063 3107 2116 καὶ
3133 2061 3232 2132 τὴν
3280 2062 3548 2135 ’Δραὸίαν
3571 2079 3740 2133 προσ-

2157 2153 2368 2220 νεῖμαι.
2401 2151 2462 2205 '0
2495 2152 2576 2216 δὲ,
2608 2153 2670 2208 τὸ
2701 2153 2980 2224 προφανές
3006 2157 3106 2226 τῆς
3131 2155 3346 2220 ἀδικίας
3379 2157 3739 2227 δυσωπούμε-

2161 2259 2270 2308 νος,
2309 2243 2494 2314 εκείνη
2539 2261 2598 2296 τε
2627 2244 2949 2315 χαρίζεσθαι
2975 2245 3066 2300 διὰ
3095 2248 3224 2311 τοὺς
3267 2248 3478 2320 ἔρωτας
3511 2249 3612 2302 καὶ
3647 2249 3738 2311 τὰς

2159 2335 2416 2406 γοητείας
2468 2337 2935 2406 ἀναγκαζόμενος,
2976 2338 3035 2406 ἐξ
3072 2340 3355 2412 ἑκατέρων
3396 2340 3509 2394 τῶν
3545 2341 3739 2412 χωρῶν

2163 2428 2308 2498 μέρη
2345 2428 2782 2498 ἀποτεμόμενος,
2826 2429 3040 2494 τούτοις
3084 2431 3260 2502 αὐτῆς
3288 2431 3390 2502 τὴν
3431 2432 3740 2504 ἀπληστίαν

2163 2520 2613 2591 παρεμυθήσατο.
2661 2521 2722 2575 '0
2755 2521 2855 2593 μιν
2883 2517 2978 2576 οὖν
3008 2521 3292 2586 ’Δντὼνιος
3325 2526 3407 2589 είς
3447 2524 3739 2596 Ἀρμενίαν

2161 2613 2526 2683 ἐστράτευσεν
2547 2631 2562 2646 ο
2600 2616 2634 2685 ἡ
2665 2614 2746 2682 δι,
2782 2615 3223 2686 ὑποστρέφουσα,
3253 2619 3336 2679 είς
3358 2617 3740 2688 τηνῚουδαίαν

2165 2705 2407 2774 ἐγένετο,
2447 2706 2804 2776 συντυχόντος
2831 2707 2968 2779 αὐτῇ
2997 2707 3091 2762 τοῦ
3135 2707 3397 2780 Ἡρώδου.
3440 2709 3741 2780 Συνηθείας

2160 2797 2218 2850 δὲ
2251 2797 2390 2868 αὖτῇ
2421 2797 2558 2868 πρὸς
2602 2797 2847 2869 Ἡρώδην
2869 2799 3192 2871 γενομένης,
3225 2798 3630 2870 προσεκαλεῖτο
3651 2799 3741 2851 αὑ-

2161 2888 2254 2942 τὸν
2277 2889 2357 2952 είς
2387 2888 2570 2960 εὐνὴν,
2592 2889 2847 2960 ἀκρατῶς
2872 2889 3006 2961 πρὸς
3036 2889 3183 2960 μίξιν
3212 2890 3559 2961 διακειμένη,
3601 2892 3735 2960 τάχα

2162 2983 2220 3036 δέ
2251 2999 2304 3036 τι
2345 2984 2441 3036 καὶ
2471 2982 2716 3036 παθοῦσα
2752 2984 2889 3054 πρὸς
2920 2985 3128 3036 ἐκεῖνον
3155 2983 3443 3054 ἐρωτικὸν,
3485 2985 3520 3056 ἢ
3556 2984 3624 3038 τὸ
3654 2999 3738 3036 m-

485 3075 808 3130 muncribus
864 3077 1136 3143 placatam
1198 3071 1252 3126 in
1306 3069 1601 3142 i‘l'lgyptum
1665 3070 1912 3125 deduxit.
1964 3069 2059 3124 Se-

2167 3074 2498 3146 θανώτερον,
2558 3077 2732 3146 ἀρχὴν
2790 3075 3012 3147 ἐνέδρας
3063 3077 3163 3147 τὴν
3217 3076 3304 3128 ἐπ’
3334 3077 3473 3148 αὐτῇ
3523 3076 3738 3146 ὁμιλίαν

485 3169 661 3239 ptimo
720 3165 952 3222 Herodis
986 3179 1131 3220 anno
1194 3163 1382 3220 Judzca
1433 3173 1584 3218 tanto
1635 3172 1946 3218 terraimom
1978 3171 2063 3216 cst

487 3275 775 3325 concussa,
834 3267 1042 3328 quanto
1113 3271 1394 3328 nunquam
1455 3257 1764 3312 aliasznrc
1814 3258 2064 3329 iumenta

482 3358 749 3406 duntaxat
803 3350 974 3404 multa
1022 3351 1328 3418 perierunt,
1385 3347 1480 3404 sed
1533 3356 1592 3404 et
1646 3349 1932 3403 hominum
1987 3349 2058 3403 ad

488 3460 596 3500 nx
621 3443 790 3497 millia
823 3441 999 3496 ruinis
1021 3439 1380 3496 aedificiorum
1411 3448 1544 3495 sunt
1573 3454 1854 3510 oppressa.
1888 3438 2065 3494 Hero-

481 3537 581 3591 des
617 3549 746 3590 vero
777 3531 1086 3601 redemptis
1121 3531 1484 3601 vectigalibus
1521 3546 1708 3586 earum
1745 3529 2057 3600 provincia-

488 3641 634 3690 rum,
667 3639 790 3694 quw
817 3624 876 3676 in
915 3623 1112 3677 Arabia
1143 3632 1200 3678 et
1226 3621 1414 3677 Judaea
1447 3621 1753 3692 Cleopatra:
1781 3621 2064 3676 attributae

489 3721 652 3769 erant
679 3755 694 3778 ,
737 3727 864 3766 cum
917 3711 1094 3765 Arabs
1138 3711 1196 3766 in
1249 3711 1556 3780 pendendis
1602 3711 1821 3764 tributis
1869 3725 2064 3780 parum

483 3821 704 3875 equum
734 3819 795 3858 se
824 3803 1118 3872 praeberet,
1162 3803 1368 3856 bellum
1417 3803 1469 3856 ei
1517 3801 1742 3856 Antonii
1787 3801 2061 3870 permissu

486 3900 690 3955 inferre
712 3897 1004 3953 constituit
1037 3911 1052 3962 ;
1093 3910 1159 3952 ac
1197 3895 1382 3949 multis
1410 3894 1611 3962 prieliis
1639 3894 1817 3960 factis,
1843 3893 2063 3949 tandem

484 3993 660 4048 victor
682 3999 844 4062 gente
870 3989 1118 4058 supplice
1139 3988 1195 4042 in
1230 3987 1539 4042 clientelam
1569 3997 1813 4056 accepta,
1837 3987 2063 4042 domum

485 4086 806 4148 revertitur,
836 4082 908 4137 ob
951 4096 1063 4135 rem
1092 4080 1311 4134 fortiter
1343 4088 1551 4148 gestam
1583 4079 1805 4132 nomine
1853 4092 2079 4148 magno.

486 4187 666 4246 parto,
701 4183 758 4228 ct
805 4173 1002 4242 plenus
1034 4172 1366 4225 animorum.
1422 4169 1529 4224 Sed
1579 4169 1820 4224 Antonio
1869 4183 2064 4224 recens

485 4267 555 4320 ad
593 4265 812 4320 Aetium
856 4277 887 4316 a
928 4261 1143 4317 Caesare
1194 4269 1483 4329 superato,
1523 4274 1613 4312 res
1665 4260 1787 4326 ejus
1833 4258 2065 4314 turbata:

486 4363 639 4415 sunt,
667 4367 733 4406 ac
766 4352 953 4420 potius
995 4351 1155 4418 plane
1189 4349 1506 4417 deploratae.
1539 4349 1727 4418 Neque
1755 4348 1902 4402 enim
1935 4363 2062 4417 spe-

2165 3168 2310 3220 κατά
2363 3167 2458 3220 τοῦ
2514 3167 2708 3236 ἀνδρὸς
2770 3169 3196 3232 συσκευάζουσα.
3244 3167 3493 3238 Ἡρώδης
3524 3167 3584 3221 δὲ
3620 3170 3740 3230 τοὺς

2169 3260 2268 3331 μὲν
2293 3258 2486 3328 λόγους
2516 3261 2683 3330 αὐτῆς
2712 3259 3085 3330 διεκρούσατο,
3121 3260 3352 3332 δωρεαῖς
3380 3259 3436 3312 δὲ
3465 3259 3738 3331 θεραπεύ-

2168 3366 2290 3413 σας,
2343 3349 2433 3402 ἐπ’
2475 3351 2750 3417 Αἴγυπτον
2800 3333 3178 3421 προῦπεμψεν.
3237 3349 3501 3422 Ἐὅδόμου
3535 3352 3594 3405 δὲ
3641 3353 3736 3422 ἠδη

2165 3442 2319 3504 ἔτους
2376 3441 2617 3510 Ἡρώδου
2649 3441 2751 3512 τῆς
2786 3441 3061 3511 βασιλείας
3106 3444 3482 3515 ἐνεστηκότος,
3514 3444 3734 3515 ἐσείσθη

2163 3534 2272 3588 τῶν
2315 3533 2590 3588 Ἰουδαίων
2633 3535 2667 3604 ἡ
2707 3535 2804 3604 γῆ,
2857 3536 2934 3599 ὡς
2975 3536 3075 3589 οὐκ
3131 3537 3340 3592 ἄλλοτε.
3376 3539 3487 3591 Καὶ
3532 3539 3652 3592 τῶν
3683 3554 3737 3592 τε

2165 3625 2378 3696 κτηνῶν
2405 3625 2582 3698 φθορά
2608 3626 2776 3697 πολλὴ
2800 3630 3014 3696 γέγονε,
3036 3631 3131 3682 καὶ
3150 3628 3260 3682 τῶν
3283 3628 3590 3698 ἀνθρώπων
3611 3629 3739 3685 dmi

2163 3716 2480 3788 τρισμύριοι
2532 3717 2592 3770 ἐν
2635 3720 2756 3784 ταῐς
2810 3722 3328 3786 καταπεπτωκυίαις
3362 3722 3564 3787 οίκίαις
3616 3739 3739 3792 συγ.

2167 3807 2614 3880 κατεχώσθησαν.
2639 3811 2778 3876 Τοὺς
2811 3813 3009 3883 φόρους
3045 3813 3104 3867 δὲ
3137 3812 3247 3867 τῶν
3285 3815 3736 3885 ἀπονεμηοεισῶν

2164 3902 2230 3972 τῇ
2276 3902 2603 3974 Κλεοπάτρᾳ
2651 3903 2846 3974 χωρῶν
2899 3903 2961 3968 ἐξ
3009 3905 3264 3975 ’Δρασίας
3316 3907 3412 3961 καὶ
3474 3906 3737 3968 Ἰουδαίας

2175 3992 2418 4063 Ἡρώδου
2441 3994 2882 4065 μισθωσαμένου,
2900 3997 2930 4049 ό
2951 3997 3015 4049 ’Δ
3026 3995 3135 4066 ραψ
3155 3997 3280 4068 περὶ
3299 3997 3396 4070 την
3415 3996 3512 4051 τοῦ
3529 3995 3734 4069 δασμοῦ

2164 4087 2474 4158 καταϐολὴν
2502 4088 2831 4158 ἠγνωμόνει.
2867 4085 3051 4156 Ἔγνω
3081 4085 3174 4143 οὗν
3208 4091 3237 4142 ό
3269 4089 3526 4159 βασιλεὺς
3555 4090 3738 4161 χωρῆτ

2166 4191 2255 4229 σαι
2283 4177 2425 4230 κατά
2455 4177 2550 4230 τοῦ
2581 4179 2840 4250 Ἄραϐος,
2872 4181 2966 4232 καὶ
2987 4179 3079 4232 ὑπ’
3122 4179 3406 4235 ’Δντωνίου
3430 4179 3592 4234 τοῦτο
3621 4183 3736 4235 ἑπι-

2163 4269 2416 4338 τραπεὶς,
2449 4269 2542 4322 καὶ
2575 4269 2868 4340 συμὸαλὼν
2910 4271 3194 4336 πολλάκις,
3241 4272 3550 4326 τελευταῖον
3588 4277 3732 4343 νικᾷ,

2166 4357 2264 4410 καὶ
2294 4360 2618 4426 προστατείν
2646 4359 2741 4413 τοῦ
2769 4359 2954 4424 ἔθνους
2983 4361 3089 4415 ὑπὸ
3113 4362 3222 4416 τῶν
3257 4364 3506 4436 Ἀράδων
3544 4365 3734 4435 ᾑρέθη.

487 4445 601 4500 rari
633 4451 872 4513 poterat,
896 4456 1023 4494 eum
1055 4439 1110 4493 in
1136 4448 1285 4494 tanta
1305 4440 1528 4494 Antonii
1559 4440 1824 4505 amicitia,
1855 4440 2059 4493 nullam

2167 4450 2277 4503 Καὶ
2304 4450 2645 4522 ὑπέστρεψεν
2669 4453 2750 4516 είς
2772 4453 2841 4506 τά
2865 4454 3061 4520 οἰκεία,
3095 4455 3239 4526 μέγα
3263 4429 3353 4509 διά
3379 4456 3450 4509 τά
3474 4429 3735 4528 ἀνδνραγαο

487 4554 521 4592 a
554 4536 767 4591 Caesare
793 4531 1004 4588 cladem
1035 4540 1407 4602 accepturum.
1436 4530 1572 4587 Cum
1595 4541 1776 4593 autem
1803 4532 1914 4601 jam
1939 4541 2066 4587 ante

489 4633 545 4686 in
578 4633 767 4684 animo
811 4627 1118 4691 habuisset,
1169 4625 1478 4696 Hyrcanum
1515 4641 1545 4678 e
1587 4623 1768 4678 medio
1821 4623 2062 4678 tollere:

491 4733 608 4779 tum
633 4722 805 4792 magis
829 4721 996 4776 etiam
1029 4719 1083 4774 id
1111 4719 1402 4774 consilium
1435 4717 1722 4788 probabat,
1753 4732 1822 4772 ne
1853 4717 1937 4771 vir
1971 4731 2066 4770 su-

491 4825 739 4887 peresset
775 4829 947 4884 regno
981 4829 1039 4868 se
1062 4812 1302 4884 dignior,
1338 4811 1502 4880 idque
1535 4810 1628 4864 tali
1660 4825 1791 4864 casu
1820 4819 1904 4865 est
1933 4824 2066 4864 con-

490 4912 792 4961 tirmatum.
845 4903 979 4958 Nam
1031 4903 1379 4968 Alexandra,
1437 4901 1786 4957 contentiosa
1838 4901 2065 4956 mulier-

486 4999 649 5062 cula,
702 5011 810 5050 non
889 4996 1042 5066 prius
1079 5010 1274 5066 urgere
1339 5002 1551 5064 patrem
1602 4991 1832 5058 destitit,
1880 5000 1942 5045 ut
1994 4990 2064 5044 ad

489 5091 761 5146 Ilalcbum
780 5089 1020 5144 Arabum
1039 5089 1343 5159 principem
1360 5086 1702 5156 confugeret,
1721 5084 2063 5155 quam}prin-

486 5181 634 5250 cipio
669 5179 1031 5248 refragantem
1063 5177 1301 5247 denique
1332 5176 1663 5245 impulisset,
1687 5184 1747 5228 ut
1781 5190 1879 5245 per
1913 5177 2064 5229 litte-

486 5288 578 5328 ras
607 5271 676 5325 ab
709 5271 801 5324 illo
832 5285 890 5324 se
912 5268 1118 5338 suscipi
1155 5277 1389 5338 peteret,
1421 5268 1492 5322 iis
1515 5267 1776 5322 Dositheo
1803 5268 1983 5323 amico
2005 5275 2065 5321 ut

487 5377 762 5440 pcrtcrret
785 5365 950 5421 datis.
981 5364 1032 5420 ls
1059 5379 1188 5419 vero
1221 5378 1346 5419 cum
1376 5363 1665 5432 epistolam
1711 5361 1910 5417 Herodi
1948 5371 2062 5416 tra-

485 5461 740 5524 didisset,
769 5461 960 5530 jussus
985 5467 1072 5513 est
1101 5472 1165 5512 ea
1199 5456 1265 5510 ad
1289 5456 1557 5512 Malchum
1583 5455 1814 5526 perlata,
1839 5469 2063 5522 respon-

485 5569 609 5609 sum
639 5552 787 5607 illius
827 5551 1052 5607 εαξη-ο.
1102 5550 1220 5617 Quo
1268 5565 1366 5621 per
1410 5550 1736 5606 Dositheum
1785 5546 2060 5612 confecto,

487 5645 776 5714 rescripsit
825 5643 1025 5709 Arabs,
1058 5657 1118 5698 se
1149 5651 1206 5697 et
1247 5644 1560 5714 Hyrcanum
1604 5649 1662 5696 et
1690 5654 1884 5694 omnes
1913 5638 2062 5693 illius

484 5737 826 5796 necessarios
849 5751 972 5795 esse
1005 5744 1378 5807 recepturum.
1418 5735 1492 5791 Ea
1531 5733 1766 5805 epistola
1812 5739 2058 5802 recepta,

2166 4538 2386 4609 θήματα
2431 4543 2774 4612 κτησάμενος
2825 4543 3019 4612 ὄνομα,
3081 4544 3175 4597 καὶ
3237 4547 3588 4616 φρονήματος
3641 4546 3736 4616 ἐμ-

2165 4631 2366 4694 πλεως.
2399 4633 2561 4702 Ἀρτι
2587 4632 2643 4686 δὲ
2689 4634 2966 4704 Καίσαρος
3007 4635 3100 4687 τὸν
3132 4635 3419 4690 ’Λντώνιον
3455 4640 3514 4691 ὲν
3541 4637 3735 4703 ’Δκτίῳ

2169 4721 2320 4793 μάχη
2353 4724 2694 4794 νικήσαντος,
2739 4724 2956 4798 Ἡρώδῃ
2993 4726 3062 4779 τά
3096 4727 3401 4796 πράγματα
3442 4729 3734 4799 τεθορύϐη-

2163 4829 2244 4878 το,
2275 4815 2307 4883 ἢ
2338 4815 2432 4868 καὶ
2453 4815 2773 4884 ἀπέγνωστο
2805 4817 3004 4871 τέλεον.
3035 4818 3108 4872 Οὐ
3133 4817 3240 4890 γὰρ
3266 4814 3335 4889 ἦν
3367 4820 3522 4883 ἐλπὶς
3546 4821 3734 4874 τοσαύ-

2164 4921 2265 4975 της
2319 4905 2468 4976 αὑτῷ
2523 4908 2658 4976 πρὸς
2705 4908 2989 4962 Ἀντώνιον
3035 4911 3222 4980 φιλίας
3276 4914 3597 4984 γενομένης,
3660 4913 3731 4984 μὴ

2165 4995 2482 5066 κακωθῆναι
2517 4997 2620 5049 ὑπὸ
2652 4998 2750 5051 τοῦ
2779 4999 3074 5071 Καίσαρος.
3091 5002 3333 5072 Ἡρώδης
3367 5004 3448 5066 δὲ,
3479 5005 3568 5057 τὸν
3605 5004 3732 5074 ’Υρ⁸

2168 5090 2332 5142 κανδν
2367 5091 2432 5143 ἐκ
2468 5092 2632 5161 μέσου
2679 5093 2906 5162 ποιῆσαι
2943 5097 3344 5166 διανοούμενος,
3374 5099 3497 5152 τότε
3533 5099 3729 5170 μᾶλλον

2167 5177 2303 5248 ᾤετο
2330 5182 2631 5251 συμφέρειν
2672 5182 2820 5255 αὑτῷ
2853 5185 2953 5256 τὴν
2980 5187 3318 5259 ἐγχείρησιν,
3368 5191 3456 5244 ῐνα
3487 5191 3561 5262 μὴ
3596 5189 3726 5259 ἀνὴρ

2167 5272 2547 5341 περισώζοιτο,
2576 5278 2758 5343 τυχεῖν
2790 5276 2890 5346 τῆς
2920 5278 3198 5346 βασιλείας
3225 5281 3394 5334 αὑτοῦ
3419 5282 3724 5350 ἀξιώτερος.

2178 5363 2422 5436 Ἡρώδης
2454 5365 2555 5436 μὲν
2603 5365 2698 5421 οὖν
2743 5366 2886 5422 οὕτω
2924 5369 3234 5442 διανενόητο
3261 5389 3276 5404 ·
3320 5371 3545 5441 ἠρέθισε
3583 5371 3636 5424 δέ
3675 5387 3725 5420 τι

2167 5457 2378 5524 συμϐάν
2400 5458 2538 5527 πρὸς
2569 5457 2669 5528 τὴν
2691 5461 2891 5528 πρᾶξιν
2921 5462 3081 5516 πλέον
3107 5463 3373 5517 αὑτόν.Ἦ
3403 5464 3511 5533 γάρ
3552 5459 3724 5524 Ἀλεξο

2162 5546 2354 5617 ἀνδρα,
2428 5547 2731 5616 φιλόνεικον
2789 5550 3112 5621 ὑπάρχουσα
3157 5555 3402 5622 γύναιον,
3451 5556 3549 5608 οὐκ
3589 5550 3721 5606 ἀνίει

2163 5638 2532 5692 ἀναπείθουσα
2571 5639 2662 5694 τὸν
2694 5642 2926 5714 πατέρα,
2971 5644 3180 5715 Μάλχῳ
3218 5647 3607 5718 προσχωρῆσαι
3644 5639 3718 5710 τῷ

2163 5733 2260 5804 την
2284 5732 2546 5804 ’Δραὸίαν
2577 5731 2776 5804 ἔχοντι.
2818 5736 2878 5790 '0
2897 5736 2952 5790 δὲ
2981 5737 3196 5810 πρῶτον
3225 5740 3326 5810 μὲν
3349 5740 3586 5794 διωθεῖτο
3603 5736 3718 5796 τοὺς
