3876 6548
186 314 276 385 ιιι

1432 276 1838 396 Ακηλιλιωι
1878 330 2025 399 LIB.
2070 331 2147 403 v:

3318 338 3439 405 υἱ

185 443 483 516 προσέχειν,
503 441 577 508 ὡς
604 445 702 517 τῆς
732 432 1016 518 βασιλείας
1043 449 1192 522 αὐτῷ
1231 453 1727 525 περιελευσομένης

1850 473 1981 531 erga
2013 476 2071 516 se
2093 448 2555 517 benevolentiam.
2573 460 2670 516 His
2690 450 2902 517 auditis
2926 456 3168 518 Herodes
3194 463 3250 519 ln
3282 476 3433 520 metu

181 535 277 591 xiv
314 536 387 607 μὴ
412 537 674 610 βούληται
703 541 963 614 ὅπα-σὴρ,
1020 543 1120 600 καὶ
1174 545 1263 599 διὰ
1307 545 1370 600 τὸ
1414 548 1591 616 γένος,
1644 550 1740 603 καὶ

178 628 257 682 διά
280 627 377 698 τὴν
398 629 509 683 τῶν
534 632 822 702 ἡγεμόνων
848 636 944 690 καὶ
963 636 1073 690 τῶν
1096 637 1270 707 φίλων
1296 638 1557 696 διάθεσιν.
1599 634 1739 697 Τού-

177 736 276 774 των
296 720 533 786 ἀκούσας
564 721 838 796 Ἡρώδης,
865 728 1168 798 περίφοϐος
1190 724 1281 802 ἦν,
1306 732 1400 784 καὶ
1436 732 1571 803 πρὸς
1604 735 1741 788 πάν-

181 829 271 875 τας
305 814 535 884 ὑποψίας
569 813 685 889 εἶχε
722 819 817 873 καὶ
870 821 1031 892 μίση,
1065 823 1283 888 πολλοῖς
1321 825 1375 878 δὲ
1419 827 1528 880 τῶν
1568 827 1740 899 φίλων

174 904 258 955 καὶ
283 904 379 975 τὴν
408 907 487 971 εἰς
508 909 578 961 τὰ
611 908 864 980 βασίλεια
884 916 1147 985 πρόσοδον
1180 917 1551 989 ἀπηγόρευσε.
1604 921 1739 976 Πὰν-

171 1012 267 1084 sum
294 996 338 1049 δ’
360 997 533 1063 αἴτιος
560 1001 862 1073 ἐτύγχανεν
888 1007 917 1059 ὁ
949 1001 1325 1080 Ἀντίπατρος.
1363 1012 1588 1083 Πρῶτον
1636 1013 1733 1084 μὲν

170 1078 254 1169 οὖν
286 1086 442 1152 ὅσους
501 1088 642 1162 ᾤετο
704 1097 928 1162 πιστοὺς
985 1097 1347 1173 Ἀλεξάνδρῳ,
1428 1103 1734 1175 βασάνοιςό

178 1177 411 1253 Ἡρώδης
442 1182 734 1254 ἐξήταζεν,
774 1188 829 1242 et
849 1207 901 1243 τι
948 1190 1072 1244 κατ’
1111 1194 1278 1248 αὐτοῦ
1331 1195 1604 1269 τολμηθὲν
1652 1200 1734 1253 sl-

166 1271 391 1360 δείησαν.
434 1277 499 1330 Οί
529 1276 587 1331 δὲ
620 1279 994 1353 ἀπέθνησκον,
1044 1286 1198 1341 οὐδὲν
1257 1287 1475 1360 ἔχοντες
1528 1289 1733 1359 λέγειν.

167 1358 248 1428 Εἷς
274 1365 329 1418 δέ
358 1384 444 1431 τις
500 1370 604 1435 τὰς
647 1371 913 1443 βασάνους
970 1378 1046 1449 μὴ
1109 1358 1318 1451 φέρων,
1362 1379 1485 1436 εἶπε
1549 1358 1733 1451 λέγειν

166 1455 529 1532 Ἀλέξανδρον,
572 1464 975 1537 ἐπαινούμενον
1005 1469 1093 1523 διὰ
1119 1471 1180 1524 τὸ
1208 1472 1304 1526 τοῦ
1336 1471 1588 1546 σώματος
1633 1475 1732 1545 μὲ-

138 1570 141 1577 ’
164 1548 329 1615 γεθος,
365 1554 459 1605 καὶ
489 1554 553 1608 τὸ
573 1554 848 1631 εὐστόχως
874 1559 1094 1632 βάλλειν
1118 1564 1180 1617 ἐκ
1208 1565 1389 1631 τόξου,
1415 1568 1512 1622 καὶ
1537 1566 1733 1635 τᾶλλα,

163 1643 256 1708 ὅτι,
291 1644 366 1699 El
384 1663 439 1700 τι
462 1649 625 1719 παρὰ
642 1650 752 1721 τῆς
776 1655 1022 1724 φύσεως
1046 1649 1208 1726 αὐτῷ
1230 1659 1469 1715 δέδοται
1512 1660 1730 1729 καλὸν,

162 1735 276 1805 ῆέξ
298 1737 624 1811 ἀσκήσεως
653 1748 1078 1817 προσεγένετο,
1108 1753 1196 1818 είς
1239 1750 1602 1824 δυστύχημα
1623 1772 1730 1810 περ

1844 551 1982 618 fuit,
2015 568 2209 608 omnes
2232 558 2527 623 suspectos
2553 560 2717 623 atque
2757 552 2924 626 ιω
2961 553 3168 610 invisos
3200 555 3436 621 habuit,

1843 645 2036 701 multis
2080 646 2384 701 amicorum
2420 646 2574 700 aditu
2621 646 2784 716 regiae
2831 645 3164 703 interdixit:
3196 662 3433 719 quarum

1842 739 2299 794 rerum'omnium
2325 754 2492 794 causa
2513 747 2633 793 erat
2660 739 2971 809 Antipater.
2993 740 3240 795 Primum
3266 740 3435 811 igitur

1841 842 1981 896 quos
2011 826 2318 883 Alexandro
2359 827 2496 883 fidos
2546 844 2666 884 esse
2719 828 2979 898 putabat,
3028 830 3433 900 questionibus

1840 918 2120 973 adhibitos
2141 918 2510 987 examinabat,
2535 919 2785 991 nunquid
2815 921 2864 976 ei
2895 920 3157 977 facinoris
3177 920 3437 993 alicujus,

1838 1026 1949 1081 quo
1997 1011 2113 1082 ipse
2154 1020 2455 1081 peteretur,
2483 1013 2692 1068 conscii
2738 1014 2971 1070 essent?
3008 1013 3090 1068 llli
3144 1028 3271 1069 vero
3305 1030 3430 1070 eum

1837 1101 1985 1173 quod
2012 1101 2260 1158 dicerent
2301 1120 2410 1160 non
2436 1103 2703 1160 haberent
2724 1146 2739 1171 ,
2766 1106 3106 1161 cruciatibus
3160 1100 3439 1162 immorie-

1836 1190 2060 1246 bantur.
2092 1191 2324 1259 Quidam
2361 1203 2542 1250 tamen
2574 1204 2975 1250 tormentorum
3004 1193 3195 1252 dolore
3220 1195 3432 1265 victus,

1835 1272 2004 1349 dixit,
2038 1282 2442 1351 Alexandrum,
2466 1301 2590 1341 cum
2623 1286 2695 1341 ob
2726 1287 3114 1357 proceritatem
3144 1289 3432 1360 corporis,

1835 1374 2131 1445 sagittandi
2172 1377 2425 1446 peritiam
2453 1419 2467 1442 ,
2506 1389 2841 1451 craterasque
2893 1383 3050 1437 dotes
3084 1379 3437 1440 laudaretur.

1835 1470 2040 1528 dixisse
2068 1491 2082 1526 :
2106 1471 2168 1528 Si
2186 1472 2315 1544 quid
2342 1472 2444 1526 sibi
2474 1472 2725 1543 praeclari
2754 1471 2836 1527 vel
2865 1492 2898 1528 a
2933 1484 3126 1528 natura
3152 1473 3430 1543 tributum,

1834 1563 1919 1619 vel
1941 1564 2115 1619 studio
2141 1572 2511 1634 comparatum
2547 1574 2708 1627 esset,
2731 1562 2786 1618 id
2813 1563 2916 1618 sibi
2947 1563 3250 1618 calamitati
3278 1580 3388 1619 esse
3413 1602 3429 1628 ,

1835 1653 1978 1726 quod
2016 1663 2172 1725 pater
2218 1656 2329 1708 suis
2384 1653 2532 1708 bouis
2585 1653 2805 1737 doleret:
2848 1648 3104 1725 Adiecit,
3142 1669 3269 1710 eum
3302 1670 3428 1710 cum

1837 1744 2154 1801 Aristobulo
2182 1747 2413 1803 consilia
2473 1747 2709 1819 agitasse
2758 1747 2826 1803 de
2860 1755 3015 1818 patre
3050 1744 3106 1802 in
3136 1748 3430 1805 venatione

160 1828 481 1892 ριίσταταιο
519 1834 811 1904 ἄχθεσθαι
837 1838 948 1908 γὰρ
979 1838 1080 1893 ἐπὶ
1121 1839 1248 1909 τοῖς
1299 1843 1514 1912 καλοῖς
1543 1845 1727 1901 αὑτοῦ

1835 1840 2164 1906 occidendo,
2193 1848 2251 1896 et
2278 1839 2605 1896 vendicandi
2653 1841 2806 1911 regni
2841 1856 3005 1896 causa
3037 1834 3267 1899 Romam
3298 1856 3431 1897 con-

161 1918 258 1975 τὸν
284 1923 536 1994 πατέρα.
592 1928 916 1998 Προσετίθει
973 1931 1030 1986 δὲ
1096 1932 1173 1998 ὡς
1231 1935 1323 1988 καὶ
1380 1935 1734 2007 βουλεύσαιτο

164 2012 250 2065 σὺν
286 2013 692 2093 Ἀριστοϐούλῳ
710 2023 767 2077 ἐν
797 2024 1113 2099 κυνηγεσίῳ
1141 2026 1354 2108 ἀνελεῖν
1378 2029 1470 2084 τὸν
1495 2031 1731 2103 πατέρα,

160 2111 243 2165 καὶ
279 2112 357 2176 εἰς
399 2111 626 2185 Ῥώμην
666 2119 885 2187 φυγεῖν,
922 2119 1022 2191 τὴν
1053 2119 1340 2190 βασιλείαν
1400 2124 1732 2193 μετελευσό-

170 2219 338 2274 μενος.
376 2204 600 2278 Εὐρέοη
632 2207 689 2262 δὲ
714 2210 811 2263 καὶ
840 2212 1150 2283 γράμματα
1180 2208 1537 2288 Ἀλεξάνδρου
1591 2216 1733 2290 πρὸς

159 2290 238 2350 τῦν
258 2295 558 2369 ὁμαίμονα,
601 2299 676 2371 μὴ
707 2301 894 2357 δίκαια
923 2304 1155 2374 λέγοντα
1182 2308 1469 2364 ποιεῖντὸν
1489 2309 1728 2381 πατέρα,

160 2388 501 2459 προτιμῶντα
528 2392 621 2446 τὸν
649 2393 1034 2466 Ἀντίπατρον.
1077 2397 1207 2453 Ἐπὶ
1258 2400 1472 2466 τούτοις
1528 2400 1731 2456 συλλα‹

160 2478 256 2534 ὅὼν
278 2482 434 2554 ἔδησε
473 2484 566 2539 τὸν
599 2485 956 2560 Ἀλέξανδρον
987 2506 1004 2522 α
1035 2490 1267 2545 ἔσπευδε
1307 2493 1366 2547 δὲ
1391 2494 1485 2548 καὶ
1539 2494 1730 2566 μεῖζόν

159 2589 205 2625 τι
224 2571 401 2629 λαϐεῖν
437 2578 742 2649 τεκμήριον
781 2582 924 2635 κατὰ
952 2581 1045 2635 τοῦ
1083 2582 1224 2647 υίοῢ,
1258 2585 1347 2638 ἵνα
1398 2586 1474 2656 μὴ
1514 2605 1727 2659 προπε-

162 2668 252 2731 τῶς
278 2669 405 2743 δόξῃ
434 2671 602 2726 αὑτὸν
648 2668 887 2739 δεδεκώς
929 2676 1066 2748 (47).
1097 2678 1335 2743 Πολλοὺς
1367 2674 1459 2733 οὖν
1484 2681 1579 2734 καὶ
1616 2681 1727 2737 τῶν

162 2759 210 2812 ἐν
227 2760 364 2815 τέλει
395 2761 708 2833 βασανίζων
734 2764 1033 2837 διέφθειρε,
1068 2768 1237 2839 μηδὲν
1283 2771 1562 2836 εἰπόντας,
1614 2768 1727 2828 οἷον

161 2850 344 2916 ἐκεῖνος
372 2852 533 2925 ᾤετο.
562 2855 649 2918 Ὠς
672 2856 729 2911 δέ
761 2875 845 2922 τις
874 2858 981 2912 τῶν
1004 2861 1288 2932 νεωτέρων
1318 2865 1375 2916 ἐν
1403 2865 1525 2928 ταῖς
1552 2864 1726 2936 ἀνάγ-

163 2960 272 3008 καις
298 2947 543 3015 ἐγένετο,
613 2949 956 3003 ἐπιστέλλειν
1007 2950 1163 3022 ἔλεγε
1228 2953 1319 3008 τὸν
1370 2955 1726 3031 Ἀλέξανδρον

163 3040 259 3101 τοῖς
291 3041 350 3092 ἐν
389 3040 586 3115 Ῥώμῃ
618 3038 819 3112 φίλοις,
849 3040 1112 3109 ἀξιοῦντα
1159 3047 1428 3118 κληθῆναι
1485 3051 1589 3105 ὑπὸ
1628 3053 1725 3108 τοῦ

1832 1929 2118 2004 fugiendo.
2176 1931 2317 1988 Sunt
2344 1938 2401 1987 et
2426 1931 2625 1987 litterae
2658 1929 2954 1987 Alexandri
2985 1932 3222 1989 inventa:
3246 1973 3263 2000 ,
3300 1933 3429 2004 qui-

1833 2026 1939 2081 bus
1979 2023 2050 2080 ad
2091 2023 2320 2081 fratrem
2369 2026 2684 2090 scribebat,
2720 2035 2932 2097 patrem
2979 2021 3169 2097 inique
3207 2027 3431 2097 facere,

1834 2117 1927 2189 qui
1960 2117 2309 2190 Antipatrum
2353 2117 2488 2189 ipsis
2520 2116 2844 2175 anteferret.
2905 2112 2988 2174 Ob
3041 2119 3159 2176 hac
3189 2122 3430 2177 Alexan-

1833 2208 1995 2265 drum
2045 2210 2103 2266 in
2153 2211 2371 2267 vincula
2413 2212 2698 2283 coniecit:
2750 2211 2847 2268 sed
2898 2212 3211 2269 evidentius
3258 2228 3427 2285 argu-

1832 2308 2082 2364 mentum
2157 2300 2580 2376 quaesivithne
2653 2300 2826 2357 lilium
2901 2311 3107 2359 temere
3181 2302 3427 2361 vinxisse

1831 2394 2136 2460 videretur,
2170 2410 2235 2449 ac
2262 2395 2467 2451 multos
2498 2395 2739 2466 insignes
2766 2396 2914 2450 viros
2943 2393 2997 2449 in
3029 2394 3426 2465 quaestionibus

1830 2489 2033 2545 occidit
2055 2530 2070 2556 ,
2100 2489 2238 2543 nihil
2268 2489 2372 2545 tale
2395 2490 2679 2553 elocutos,
2708 2489 2870 2560 quale
2900 2490 3278 2560 exspectabat.
3311 2491 3423 2545 Sed

1832 2582 2056 2653 quidam
2123 2581 2488 2647 adolescens,
2552 2581 2792 2637 ﬁdiculis
2865 2582 3181 2650 contentis,
3247 2580 3423 2650 dixit,

1831 2675 2202 2730 Alexandrum
2257 2672 2326 2730 ab
2384 2674 2577 2731 amicis
2626 2675 2889 2730 Romanis
2957 2674 3222 2745 petiisse,
3276 2683 3338 2731 ut
3390 2693 3425 2735 ι

1831 2774 2048 2831 Caesare
2119 2786 2446 2842 vocaretur,
2501 2776 2568 2830 ad
2644 2776 2912 2831 indicium
2971 2768 3287 2831 faciendum
3352 2772 3425 2829 de

1827 2867 2145 2925 Mithridate
2177 2869 2506 2925 Parthorum
2556 2884 2683 2940 rege
2707 2908 2725 2933 ,
2750 2869 2843 2941 qui
2890 2884 3017 2923 cum
3047 2875 3201 2937 patre
3230 2865 3426 2925 amici-

1828 2963 1958 3019 tiam
2010 2971 2202 3020 contra
2240 2964 2518 3020 Romanos
2566 2962 2784 3029 iniisset
2845 2979 2860 3016 :
2908 2960 3166 3017 eumdem
3216 2959 3424 3017 habere

1826 3072 2103 3112 venenum
2146 3055 2414 3113 Ascalone
2448 3065 2837 3127 praeparatum.
2885 3053 3011 3110 Haec
3050 3052 3420 3109 temeritatem

163 3131 441 3206 Καίσαρος,
469 3135 818 3205 μηνύσαντα,
848 3139 1190 3213 Μιθριδάτην
1208 3143 1300 3195 τὶν
1333 3142 1557 3213 βασιλέα
1581 3147 1725 3218 Πάρ-

1832 3148 2063 3206 Herodis
2110 3149 2390 3205 consolata
2436 3160 2585 3204 sunt.
2614 3147 2694 3203 Ac
2737 3163 3008 3203 venenum
3051 3145 3237 3202 statim
3266 3161 3422 3217 qua:-

163 3220 254 3276 οων
282 3224 359 3295 τῷ
384 3225 553 3296 πατρὶ
585 3226 917 3296 φιλιωῦἐντα
948 3230 1095 3283 κατὰ
1144 3231 1457 3303 Ῥωμαίων,
1493 3232 1638 3290 εἶναι
1663 3237 1721 3290 δὲ

164 3318 291 3387 αὖτῷ
315 3321 405 3373 καὶ
428 3319 722 3390 φάρμακον
758 3325 1271 3394 κατεσκευασμένον
1301 3327 1361 3379 ἐν
1396 3329 1720 3386 Ἀσκάλωνι.

164 3409 332 3465 ταῦτα
367 3410 616 3486 Ἡρώδης
646 3413 748 3481 τῆς
780 3416 1117 3483 προπετείας
1158 3419 1436 3488 ἐλογίζετο
1460 3423 1724 3494 παραμύ-

167 3501 296 3555 θιονο
345 3504 403 3557 τὸ
437 3504 623 3573 μέντοι
653 3506 947 3575 φάρμακον
986 3508 1149 3573 εὐθὺς
1180 3510 1436 3582 ζητηοὲν,
1484 3514 1581 3585 οὐχ
1634 3516 1725 3569 εύ-

167 3592 301 3665 ρὲθη.
331 3595 426 3648 Διὰ
457 3594 515 3649 δὲ
555 3595 656 3666 τὴν
676 3596 785 3650 τῶν
816 3599 1008 3652 κακῶν
1034 3601 1345 3673 ὑπερϐολὴν
1379 3606 1407 3656 ό
1468 3606 1723 3679 Ἀλέξαν-

165 3686 271 3756 δρος
294 3689 608 3757 φιλονείκως
633 3682 925 3758 διατεθεὶς,
958 3693 1051 3747 καὶ
1091 3693 1379 3767 βουληθεὶς
1406 3699 1722 3769 ἀμύνασθαι

166 3780 274 3843 τοὺς
296 3780 549 3853 ἐχθροὺς,
586 3780 654 3834 ἶν’
718 3783 869 3854 αὐτῷ
919 3787 1354 3855 συναπόλωνται,
1415 3792 1722 3862 γράμματα

166 3871 399 3944 πέπομφε
432 3874 512 3944 τῷ
540 3874 732 3947 πατρὶ,
769 3876 844 3940 ὡς
879 3878 1033 3932 οὐδὲν
1063 3879 1145 3933 δεῖ
1179 3880 1498 3952 βασανίζειν
1520 3900 1533 3915 '
1563 3886 1721 3955 μελε-

165 3961 503 4036 ηθῆναιγὰρ
538 3968 640 4035 τὴν
687 3966 1004 4037 ἐπιϐουλὴν.
1044 3970 1139 4022 καὶ
1198 3970 1406 4041 ταύτης
1468 3958 1721 4047 μετέχειν

165 4056 240 4109 τόν
266 4074 320 4110 τε
338 4057 597 4128 Φερώραν
618 4060 711 4111 καὶ
734 4058 859 4122 τοὺς
887 4062 1249 4125 πιστοτάτους
1300 4066 1451 4137 αὐτῷ
1501 4066 1608 4121 τῶν
1632 4068 1724 4137 φί-

165 4145 272 4202 λων.
297 4147 562 4221 Σαλώμην
608 4150 666 4204 δέ
692 4152 785 4204 καὶ
837 4151 1059 4224 νύκτωρ
1097 4155 1528 4210 ἐπεισελθοῦσαν
1573 4161 1723 4233 αὑτῷ

169 4239 370 4312 μιγῆναι
399 4243 495 4296 καὶ
547 4243 773 4296 ἄκοντι⁸
830 4242 969 4296 ἀλλὰ
1010 4247 1103 4299 καὶ
1154 4246 1363 4313 πάντας
1409 4250 1490 4313 είς
1522 4254 1722 4306 ταυτὸν

1832 3241 1996 3296 situm
2050 3247 2170 3305 est,
2208 3239 2304 3295 sed
2359 3255 2469 3295 non
2524 3239 2829 3295 inventum.
2874 3239 3186 3294 Alexander
3233 3246 3419 3293 autem

1830 3334 2100 3390 malorum
2158 3331 2537 3404 magnitudine
2593 3331 2993 3394 exacerbatus,
3050 3338 3112 3384 ut
3161 3328 3419 3385 inimicos

1830 3426 2212 3487 ulcisceretur,
2255 3430 2313 3475 et
2363 3437 2470 3476 una
2507 3437 2695 3476 secum
2752 3422 2807 3476 in
2867 3421 3095 3476 exitium
3128 3420 3417 3485 traheret,

1830 3516 1897 3571 ad
1937 3525 2148 3587 patrem
2197 3513 2419 3584 scripsit
2441 3552 2457 3575 ,
2490 3510 2628 3567 nihll
2671 3528 2812 3582 opus
2837 3528 2959 3568 esse
2988 3511 3414 3591 quaestionibus.

1828 3608 1962 3663 Nam
2006 3624 2065 3664 se
2108 3606 2337 3663 insidias
2377 3593 2682 3676 cogitasse,
2720 3619 3024 3676 earumque
3066 3602 3248 3660 socios
3292 3616 3417 3658 esse

1830 3700 2127 3755 Pheroram
2151 3741 2166 3763 ,
2195 3709 2251 3756 et
2286 3700 2513 3757 intimos
2553 3698 2671 3769 ejus
2711 3700 2941 3752 amicos.
2992 3693 3249 3750 Salomen
3280 3707 3418 3748 vero

1829 3793 1997 3847 etiam
2039 3799 2208 3846 noctu
2259 3790 2576 3846 cubiculum
2631 3788 2973 3859 ingressam,
3010 3799 3197 3841 secum
3240 3780 3416 3839 invito

1830 3901 1947 3940 rem
1975 3884 2236 3940 habuisse
2279 3902 2292 3937 :
2336 3884 2621 3939 enimvero
2654 3896 2848 3938 omnes
2877 3879 2930 3934 in
2960 3894 3028 3934 eo
3060 3877 3413 3940 consentire,

1831 3990 1893 4035 ut
1933 3981 2052 4050 ipso
2103 3995 2134 4034 e
2192 3977 2373 4034 medio
2421 3976 2663 4042 sublato,
2717 3981 2991 4045 perpetuo
3047 3970 3200 4027 exitii
3262 3980 3414 4024 metu

1829 4070 2156 4127 liberentur.
2199 4070 2475 4126 Caeterum
2515 4067 2816 4123 Archelaus
2847 4062 3251 4133 Cappadocum.
3275 4072 3374 4117 rex
3396 4100 3414 4129 ,

1833 4165 1901 4220 iis
1929 4164 2166 4234 cognitis
2188 4203 2202 4228 ,
2235 4162 2305 4217 de
2335 4161 2445 4216 lilia
2477 4170 2534 4216 et
2566 4173 2772 4231 genero
2799 4155 3072 4213 sollicitus
3098 4192 3114 4219 ,
3148 4152 3413 4209 Hieroso-

1828 4258 1974 4330 lyma
2015 4256 2210 4322 venit,
2242 4254 2539 4310 artiﬁciose
2590 4250 2870 4307 molestias
2920 4248 3114 4304 sedare
3159 4255 3414 4303 conatus.

162 4332 314 4403 ήκειν,
332 4335 401 4389 ἶν’
420 4337 487 4390 ἐκ
514 4335 683 4406 μέσον
708 4336 875 4390 αὐτοῦ
901 4340 1190 4406 γεγονότος
1241 4342 1611 4412 ἀπαλλαγεῖεν
1625 4347 1720 4403 τοῦ

1832 4349 1967 4405 Nam
1998 4348 2405 4404 adolescentem
2439 4344 2769 4411 accusabat,
2804 4353 2862 4398 et
2896 4340 3169 4397 Herodem
3194 4354 3413 4409 aequum

165 4426 237 4477 ἀεὶ
282 4428 664 4500 φθαρήσεσθαι
690 4430 1019 4502 προσδοκᾷν.
1079 4434 1374 4506 ’Δρχέλαος
1422 4437 1481 4493 δὲ
1526 4441 1555 4493 ό
1609 4440 1720 4493 τῶν

1832 4438 2099 4503 vocabat,
2131 4452 2300 4505 seque
2327 4434 2731 4504 dirempturum
2759 4447 2880 4487 esse
2909 4429 3225 4502 coniugium
3252 4428 3420 4500 250

164 4515 524 4573 Καππαδοκῶν
570 4518 826 4590 βασιλεὺς
871 4523 1046 4577 ταῦτα
1095 4525 1306 4594 μαθὼν,
1336 4530 1430 4582 καὶ
1475 4530 1727 4599 ἀγωνιῶν

1834 4530 2216 4603 profitebatur.
2257 4530 2356 4585 Illo
2398 4544 2463 4584 ea
2504 4526 2760 4593 dicente,
2789 4524 3035 4580 Herodes
3066 4521 3277 4578 saevitia
3318 4535 3413 4579 re-

164 4603 281 4678 ύπέρ
304 4625 361 4662 τε
391 4608 493 4680 τῆς
516 4608 792 4680 θυγατρὸς
816 4612 912 4665 καὶ
932 4612 1026 4667 τοῦ
1050 4615 1340 4687 κηδεστοῦ,
1357 4620 1727 4691 παραγέγονε,

1832 4625 2001 4681 missa
2027 4665 2043 4691 ,
2076 4624 2132 4678 in
2171 4608 2467 4679 maerorem
2511 4628 2568 4676 et
2598 4621 2869 4690 laerymas
2898 4616 3082 4687 erupit
3115 4634 3131 4671 :
3169 4629 3411 4685 eumque

165 4704 237 4751 καῖ
266 4701 475 4770 εὐφυῶς
504 4704 698 4776 μετῄει
724 4704 834 4758 τῶν
856 4705 1176 4761 λυπούντων
1196 4710 1296 4779 τὴν
1322 4711 1722 4784 ἐπανόρθωσιν,

165 4790 241 4842 τοῦ
278 4794 372 4864 μὶν
406 4796 697 4852 νεανίσκου
752 4798 1211 4869 καταγινώσκων.
1254 4796 1480 4873 ἐπιεικῆ
1519 4804 1577 4859 δέ
1633 4806 1725 4860 τὸν

168 4883 396 4959 Ἡρώδην
425 4889 746 4957 ἀποκαλῶν,
804 4892 897 4944 τόν
943 4910 1002 4947 τε
1033 4894 1211 4964 γάμον
1244 4895 1489 4950 διαλύειν
1539 4899 1719 4968 ἔλεγε.

165 4974 376 5033 Τοιαῦτα
403 4980 461 5033 δέ
510 4981 768 5051 λέγοντος
805 4983 901 5038 τοῦ
945 4986 1270 5058 Ἀρχελάου,
1328 4991 1563 5045 ἐνεδίδου
1618 4995 1718 5064 τῆς

165 5070 504 5146 χαλεπότητος
544 5074 817 5149 Ἡρώδης,
860 5080 953 5133 καὶ
997 5083 1303 5150 κατήνεκτο
1342 5084 1485 5153 πρὸς
1538 5084 1718 5157 λύπην

169 5162 247 5213 καὶ
273 5162 514 5238 δάκρυα·
553 5169 733 5223 ἐδεῖτό
789 5187 848 5225 τε
887 5170 962 5243 μὴ
990 5172 1142 5227 λύειν
1183 5175 1275 5227 τὸν
1324 5176 1524 5246 γάμον,
1581 5178 1719 5235 ἀλλὰ

174 5256 320 5329 χαλᾷν
353 5260 451 5333 τὴν
476 5260 675 5333 ὀργὴν,
711 5264 801 5333 ἐφ’
854 5259 935 5328 οἷς
966 5267 994 5319 ό
1025 5267 1315 5329 νεανίσκος
1366 5269 1713 5340 ἡμάρτηκεν.

1829 4718 2084 4789 rogavit,
2116 4731 2202 4771 ne
2246 4711 2659 4769 matrimonium
2702 4710 3029 4773 dirimeret,
3075 4706 3173 4764 sed
3210 4707 3414 4762 omissa

1826 4808 2151 4875 iracundia,
2207 4806 2422 4864 delictis
2495 4801 2862 4860 adolescentis
2927 4802 3144 4855 veniam
3231 4798 3412 4855 daret.

1822 4901 2157 4965 Archelaus,
2202 4915 2328 4955 cum
2364 4892 2635 4952 Herodem
2665 4893 2777 4966 jam
2813 4891 3128 4964 mitigatum
3158 4889 3412 4956 videret,

1828 4994 2045 5064 culpam
2073 4993 2127 5047 in
2161 4991 2299 5046 alios
2322 4986 2720 5051 transferebat,
2751 4985 3050 5040 Pheroram
3080 4981 3413 5054 praesertim.

1825 5074 1926 5141 Cui
1960 5083 2174 5154 roganti
2208 5091 2269 5136 ut
2293 5095 2392 5151 pro
2417 5094 2476 5135 se
2516 5076 2660 5149 apud
2698 5074 2969 5132 Herodem
3007 5072 3412 5137 intercederet,

1827 5174 2004 5231 suasit
2056 5183 2116 5227 ut
2155 5172 2270 5242 ipse
2324 5168 2550 5226 fratrem
2598 5164 2920 5224 conveniret
2972 5180 3038 5221 ac
3087 5171 3306 5228 oraret,
3350 5169 3409 5219 et

1825 5265 2042 5335 culpam
2100 5277 2319 5318 omnem
2381 5268 2728 5332 agnosceret.
2782 5255 2872 5313 Sic
2920 5254 3067 5312 enim
3109 5250 3407 5310 iracundiae

178 5350 442 5422 Ἀρχέλαος
469 5354 552 5419 δὲ,
587 5355 691 5427 ἤδη
728 5357 1075 5429 μαλαχθέντα
1094 5358 1187 5411 τὸν
1224 5358 1474 5430 Ἡρώδην
1509 5360 1714 5433 θεώμε-

1832 5358 2055 5428 'igorem
2089 5352 2305 5409 facilius
2336 5352 2715 5423 mitigaturum
2737 5387 2755 5413 ,
2799 5363 2969 5417 seque
2997 5344 3075 5401 illi
3116 5344 3287 5433 alfore
3318 5351 3404 5399 est

170 5454 260 5504 νος.
286 5445 357 5507 είς
387 5444 579 5511 ἄλλους
606 5447 703 5510 τὰς
743 5449 921 5511 αἰτίας
960 5449 1253 5522 μετέφερε,
1281 5451 1377 5503 καὶ
1401 5450 1605 5520 μᾶλλον
1623 5430 1716 5517 ἐἰς

1832 5447 2117 5520 pollicitus.
2153 5446 2315 5501 Paret
2344 5443 2616 5500 Pheroras
2640 5482 2657 5510 ,
2695 5458 2796 5514 per
2832 5439 3157 5495 Archelaum
3202 5430 3399 5494 Herodi

171 5534 245 5588 τὸν
280 5538 551 5613 Φερώραν.
595 5541 654 5596 '0
686 5540 743 5596 δὲ
788 5540 924 5613 πρὸς
973 5542 1269 5615 Ἀρχέλαον
1316 5544 1608 5616 ἐτράπετο,
1647 5546 1713 5600 ἶν’

1832 5536 2233 5609 reconciliatur,
2262 5539 2428 5596 etiam
2457 5536 2768 5595 Alexandro
2797 5532 3030 5590 crimine
3067 5529 3323 5587 liberato.

1344 5704 1543 5768 ναι-’ω
1571 5707 1878 5772 lectiones
1908 5712 1970 5769 et
2004 5715 2199 5769 noue.

233 5824 636 5896 (ιῖμεδεκώς.
694 5826 846 5884 Alter
896 5844 925 5884 υ
966 5829 1098 5899 ncg.
1144 5829 1400 5896 δεδυκώς.
1462 5812 1725 5891 (λοιιιρηζ

1836 5834 2024 5898 οικώς.
