3876 6550
139 493 244 559 έ73

1408 479 1820 553 ANNALIUM
1865 481 2023 549 LIB.
2066 487 2174 551 VI.

3297 472 3413 552 ιτα·

137 597 290 682 ἀνδρῖ
323 606 498 680 μηδὲν
513 605 682 678 αὐτῆς
705 606 790 672 εἰς
801 604 1042 661 ἕκαστον
1060 595 1172 660 τῶν
1194 605 1378 660 καλῶν
1397 593 1718 658 αποδέοντι.

1820 599 2011 674 captus
2077 602 2276 660 Decius
2345 591 2600 669 Mundus,
2666 601 2812 660 inter
2869 587 3083 676 equites
3133 588 3426 676 dignitate.

137 702 350 772 Ταύτης
379 701 526 755 ἑάλω
552 701 629 770 τῷ
655 701 821 772 ἔρωτι
849 701 1044 766 Δέκιος
1059 699 1324 766 Μοῦνδος,
1353 700 1415 752 ὲν
1434 697 1710 769 ἀξιώματι

135 795 206 850 ὣν
237 794 464 864 μεγάλῳ
492 793 598 849 τῶν
653 794 776 847 τότε
831 793 1068 858 ἱππέων,
1102 795 1196 848 καὶ
1253 782 1453 862 ἐπείρα
1487 790 1706 863 δώροις.

134 888 313 941 Εἴκοσι
345 887 457 956 γὰρ
500 885 769 957 μυριάδας
804 886 1067 958 δραχμῶν
1111 886 1379 941 Ἀττικῶν
1405 885 1565 954 εὐνῆς
1599 883 1728 936 ὲδί-’

133 979 216 1033 ϐου
261 979 414 1046 μιᾶς..
451 979 522 1032 Ἦ
581 979 639 1032 δὲ
693 979 795 1034 οῦκ
861 979 1132 1050 ὴνείχετο.
1182 980 1452 1043 Κάκεῖνος
1508 977 1712 1047 ἐξῆπτο

132 1071 283 1122 πλέον
315 1071 395 1134 είς
426 1070 634 1141 ἔρωτα,
668 1070 810 1124 ὥστε
861 1069 1120 1142 βρώσεως
1159 1072 1340 1142 ἀποχῇ
1371 1071 1550 1142 ἑαυτῷ
1575 1075 1731 1142 μνηο’

135 1163 412 1218 στεύεσθαι
445 1163 702 1219 θάνατον.
749 1159 858 1218 1Ἦν
909 1164 967 1216 δὲ
1000 1163 1176 1234 τούτῳ
1221 1163 1570 1235 ἀπελευθέρα
1603 1171 1732 1215 πα-“

131 1257 272 1328 τρῲα
303 1257 420 1326 Ἴδη
450 1257 792 1328 καλουμένη,
827 1247 1102 1312 παντοίων
1126 1258 1266 1329 ῖδρις
1295 1255 1509 1312 κακῶν.
1551 1255 1704 1326 Δῦτη

133 1349 294 1412 οὕτως
320 1349 522 1420 ἔχοντα
550 1354 646 1404 τὸν
693 1351 914 1404 νεανίαν
945 1352 1152 1422 ὁρῶσα,
1197 1350 1570 1422 ἁναθαρσύνει
1613 1351 1700 1404 λό-

133 1460 262 1511 γοις,
300 1445 398 1496 καὶ
438 1443 806 1514 ἁναζωπυροῖ
837 1444 1191 1514 ὑποσχέσεσι,
1232 1444 1394 1498 πέντε
1429 1442 1741 1516 μυριάδων·

135 1535 259 1606 αὐτῇ
315 1534 543 1606 δεήσειν
583 1535 824 1602 λέγουσα
877 1535 1075 1604 μόνων,
1144 1537 1288 1590 ὥστε
1333 1534 1435 1608 τὴν
1509 1535 1736 1607 πρᾶξιν

134 1628 267 1698 αὑτῷ
301 1629 784 1701 κατεργάσασθαι.
839 1629 950 1684 Καὶ
978 1629 1226 1684 λαϐοῦσα
1257 1629 1320 1684 τὸ
1355 1630 1580 1696 αἰτηθὲν
1607 1631 1713 1701 ἀρ-

134 1721 326 1791 γύριον,
383 1722 514 1774 ἐπεὶ
553 1722 654 1792 οὐχ
703 1723 917 1792 αλωτὴν
957 1722 1106 1795 ἐώρα
1160 1723 1260 1795 τὴν
1295 1723 1568 1777 Παυλῖναν
1597 1725 1712 1786 τοῖς

135 1815 388 1884 χρήμασι,
428 1816 499 1886 τῇ
530 1814 590 1867 δὲ
635 1815 906 1886 θεραπείᾳ
945 1815 1048 1885 τῆς
1082 1814 1462 1885 Ἴσιδος(θεὸς
1491 1814 1536 1867 δ’
1571 1813 1711 1885 αῦτη

136 1910 235 1970 τοῖς
275 1907 588 1976 Ῥωμαίοις
627 1911 749 1962 τότε
792 1910 1108 1978 νενόμιστο)
1147 1895 1266 1981 ᾔδει
1291 1908 1501 1979 ταύτην
1535 1925 1712 1980 προσ-

136 2000 386 2071 κειμένην
432 2000 788 2072 θερμότατα,
848 2001 1103 2072 πρόσεισι
1157 1979 1272 2056 τῶν
1325 2001 1424 2072 τῆς
1477 1979 1788 2070 ψευδοῦςΒ

137 2093 335 2165 ἐκείνης
369 2094 506 2148 θεοῦ
540 2095 895 2166 ίερέωντισὶ,
939 2096 1033 2153 καὶ
1092 2098 1380 2166 χρήμασιν
1425 2095 1714 2150 ἀναπείθει

136 2185 221 2256 τὴν
249 2187 530 2240 Παυλῖναν
566 2189 936 2259 ἐξαπατῆσαι,
985 2183 1076 2253 αἷς
1126 2188 1381 2244 δύναιντο
1412 2192 1712 2261 μηχαναῖς,

137 2278 218 2331 καὶ
231 2278 306 2350 τῷ
316 2279 574 2353 Μούνδῳ
596 2281 1051 2350 συγκατακλῖναι.
1073 2281 1139 2337 Oi
1157 2281 1236 2348 δὲ,
1261 2281 1583 2353 θελχθέντες
1601 2283 1720 2345 τοῖς

140 2371 393 2440 χρήμασι,
427 2373 506 2443 τῇ
538 2372 738 2443 πράξει
769 2373 1064 2426 ἐπέϐαλον.
1113 2373 1223 2427 Καὶ
1261 2373 1445 2427 αὐτῶν
1471 2374 1499 2426 6
1525 2374 1717 2443 γεραί-

138 2479 301 2531 τατος,
328 2465 478 2534 πρὸς
510 2467 613 2536 τήν
642 2467 931 2520 Παυλῖναν
956 2465 1150 2533 ἐλθὼν,
1189 2466 1284 2520 καί
1315 2467 1422 2536 ἰδίᾳ
1452 2467 1590 2537 αὐτῇ
1627 2469 1718 2519 ὲν-

141 2557 321 2628 ςυχὼν,
354 2558 556 2627 ἔλεγεν
582 2559 743 2629 ἥκειν
776 2560 1034 2632 πεμπτὸς
1065 2559 1170 2614 ὑπὸ
1201 2559 1299 2613 τοῦ
1339 2557 1714 2626 Ἀννούϐιδος,

142 2648 441 2715 κελεύοντος
461 2649 568 2704 τοῦ
590 2650 720 2704 θεοῦ
743 2651 883 2723 πρὸς
903 2651 1068 2706 αὑτὸν
1084 2651 1267 2723 ήκειν,
1291 2651 1464 2721 αὐτῆς
1482 2649 1736 2719 ἐρῶντα.-

145 2743 210 2813 Ti
237 2744 290 2798 δὲ
316 2746 345 2798 6
393 2743 566 2812 λόγος
621 2743 802 2809 ἔδοξεν
849 2743 1260 2808 εύκταιότατος,
1299 2745 1349 2797 εί
1391 2742 1566 2815 ἐρῷτο
1611 2741 1717 2796 ὑπὸ

147 2836 282 2890 θεοῦ·
333 2837 428 2892 καὶ
450 2836 541 2908 τῷ
577 2836 735 2907 ἀνδρὶ⁵
754 2836 1030 2892 κοινοῦται
1059 2837 1120 2891 τὸ
1147 2836 1434 2907 ἀγγελθὲν,
1467 2817 1728 2900 κάκεῖνος.

151 2929 448 3001 συνεχώρει,
479 2929 581 3001 τὴν
608 2929 972 3000 σωφροσύνην
993 2930 1280 2998 γινώσκων
1299 2930 1401 3000 τῆς
1433 2928 1714 2998 γυναικός.

159 3019 410 3088 Ἀπῆλθεν
460 3015 568 3073 οὖν
619 3020 702 3083 εἰς
729 3019 792 3072 τὸ
821 3020 1073 3089 τέμενος,
1107 3022 1202 3074 καὶ
1223 3020 1298 3082 ὡς
1323 3019 1494 3072 ὕπνου
1526 3019 1718 3091 καιρὸς

151 3106 389 3182 ἧν,ῖνδον
437 3114 509 3166 ὲν
563 3112 640 3182 τῷ
675 3112 789 3183 ναῷ
843 3115 910 3184 τῇ
953 3115 1178 3181 γυναικὶ
1207 3112 1541 3184 καθευδῆσαι
1569 3112 1719 3182 ἡτοί-

156 3221 325 3274 μαστο,
356 3206 454 3260 καὶ
496 3204 567 3258 τὰ
595 3203 768 3276 λύχνα
824 3193 1187 3262 κατέσϐεστο.
1223 3205 1284 3259 ’0
1312 3204 1442 3274 γοῦν
1471 3204 1717 3268 Μοῦνδος

155 3295 582 3366 (προεκέκρυπτο
624 3297 735 3365 γὰρ
773 3295 912 3365 ἐκεῖ)
948 3295 1244 3366 παννύχιον
1274 3295 1582 3366 ὲνετρορήθη
1615 3296 1717 3348 αύ-

152 3389 255 3458 τῆς,
279 3390 351 3454 ὡς
377 3389 684 3454 ’Δννουϐις
714 3390 852 3461 αὐτῇ
884 3390 1352 3461 προσφερόμενος.
1383 3385 1515 3443 Εἶτα
1543 3390 1572 3442 6
1615 3387 1720 3458 μὲν

154 3483 368 3552 ἀπῆλθεν
399 3499 413 3515 ο
451 3486 498 3556 ἠ
527 3483 607 3548 δὲ,
634 3482 768 3553 πρὸς
805 3483 898 3536 τὸν
921 3483 1092 3553 ἄνδρα
1115 3483 1450 3553 φοιτήσασα,
1475 3481 1720 3553 διηγεῖτο

157 3574 283 3646 ιῦτῷ
328 3575 429 3646 τὴν
497 3576 830 3645 ἑπιφάνειαν
885 3573 982 3628 τοῦ
1028 3575 1391 3640 Ἀννούϐιδος,
1427 3574 1527 3629 καὶ
1579 3574 1720 3644 πρὸς

156 3666 237 3731 τὰς
264 3669 522 3741 συνήθεις
556 3667 1026 3739 ινιλαμπρύνετο,
1055 3667 1130 3732 ὡς
1170 3667 1388 3738 ὁμιλίας
1417 3665 1720 3734 ἀξιωθεῖσα

159 3757 281 3813 θεοῦ.
313 3760 492 3832 Τρίτῃ
524 3760 582 3814 δὲ
614 3758 754 3831 μετὰ
777 3759 879 3830 τὴν
905 3759 1113 3828 πρᾶξιν
1139 3760 1324 3832 ἡμέρα
1375 3759 1720 3830 συναντήσας

158 3850 422 3917 Misit/60;
443 3854 620 3923 αὐτῇ·
639 3850 938 3917 Παυλῖνα,
955 3853 1110 3922 φησι,
1137 3852 1234 3905 καὶ
1265 3853 1372 3917 τὰς
1391 3852 1586 3906 εἴκοσι
1607 3869 1722 3921 μυ-

155 3943 332 4012 ραίδας
351 3947 502 4015 ἔχω,
529 3943 628 3998 καὶ
656 3947 737 3998 σύ
762 3962 864 4016 μοι
889 3946 1115 3999 τούτων
1135 3943 1479 4014 διηκονήσω
1507 3944 1721 4013 χωρίς.

164 4035 214 4089 ’Δ
236 4035 300 4090 δὲ
321 4039 480 4106 πρὸς
508 4035 790 4092 Μοῦνδον
813 4036 1131 4107 ἐξύϐριζες,
1152 4037 1384 4092 τούτων
1409 4035 1596 4091 οὐδέν
1611 4053 1718 4106 μοι

161 4130 549 4198 προσήκεετο,
585 4133 912 4186 ’Δννουϐιν
925 4131 1118 4200 ὄνομα
1140 4128 1364 4199 θεμένῳ
1392 4127 1574 4194 αὐτῷ.
1617 4129 1717 4184 Ἐκ

161 4224 342 4277 τούτων
363 4228 444 4288 είς
483 4224 698 4278 ἔννοιαν
739 4223 974 4278 ἐλθοῦσα
993 4223 1087 4277 τοῦ
1109 4224 1464 4295 τολμήματος
1490 4225 1524 4294 ἡ
1553 4224 1718 4294 γυνὴ,

163 4316 582 4385 περιρρήγνυται
621 4313 722 4381 τὴν
753 4313 969 4385 στολὴν,
997 4315 1094 4368 καὶ
1121 4314 1200 4385 τῷ
1231 4315 1385 4386 ἀνδρὶ
1428 4314 1618 4385 ἐδήλου
1655 4313 1719 4366 τὸ

163 4405 535 4479 ἐπιϐούλευμα.
587 4406 736 4460 Ὄηδὲ
765 4405 844 4477 τῷ
896 4407 1132 4476 Τιϐερίῳ
1190 4406 1488 4478 προσῆλθε.
1544 4406 1654 4461 Καὶ
1691 4407 1722 4460 6

1817 704 2109 767 praestans.
2148 696 2396 752 mulieris
2427 697 2745 768 pudicitiam
2777 698 3101 754 muneribus
3134 698 3400 752 sollicita-

1815 788 1931 855 bat,
1965 805 2027 845 cc
2061 789 2230 844 millia
2254 790 2639 846 drachmarum
2654 789 2960 846 Atticarum
2985 807 3084 862 pro
3125 806 3234 846 uno
3264 807 3406 846 conv

1817 879 2009 936 cubitu
2059 881 2347 952 pollicens.
2401 883 2585 954 anue
2637 893 2948 948 recusante,
2991 898 3177 938 amore
3229 883 3404 952 magis

1819 973 2286 1041 inﬂammabatur,
2312 975 2450 1031 adeo
2479 985 2538 1031 ut
2572 976 2905 1031 abstinentia
2934 976 3184 1030 ciborum
3207 990 3404 1029 necem

1818 1066 1924 1127 sibi
1965 1067 2311 1124 consciscere
2354 1069 2689 1124 institueret.
2719 1069 2964 1124 Habebat
3000 1078 3182 1123 autem
3216 1076 3405 1137 pater-

1819 1177 1945 1217 nam
1967 1162 2218 1216 libertam
2243 1163 2465 1217 nomine
2489 1163 2640 1228 Iden,
2665 1163 2846 1218 omnis
2880 1162 3101 1232 generis
3131 1161 3404 1216 malorum

1817 1256 2073 1326 peritam.
2110 1255 2187 1310 Ea
2216 1255 2622 1311 adolescentem
2653 1256 2734 1311 sic
2763 1255 3020 1310 aﬂectum
3055 1255 3242 1311 verbis
3268 1271 3407 1312 com

1817 1350 2020 1416 ﬁrmat,
2049 1357 2106 1403 et
2150 1347 2640 1418 pollicitationibus
2681 1347 2970 1414 refocillat,
3015 1363 3080 1404 ac
3117 1347 3219 1404 sibi
3265 1347 3408 1403 dun-

1819 1454 1968 1503 taxat
1989 1444 2352 1518 quinquagies
2376 1445 2525 1499 mille
2548 1443 2828 1500 drachmis
2848 1459 2987 1515 opus
3021 1460 3144 1500 esse
3175 1445 3308 1500 dicit
3332 1443 3404 1499 ad

1819 1559 1938 1599 rem
1998 1538 2422 1598 conﬁciendam.
2483 1537 2696 1606 Quibus
2749 1538 3010 1607 acceptis,
3065 1553 3190 1592 cum
3257 1537 3406 1591 illam

1819 1635 2052 1706 pecunia
2087 1650 2198 1689 non
2237 1631 2538 1702 expugnari
2571 1646 2735 1701 posse
2784 1638 3061 1692 cerneret.
3107 1628 3201 1684 sed
3231 1627 3406 1682 cultui

1820 1729 1980 1785 Isidis
2016 1729 2102 1796 (ca
2143 1736 2256 1782 tum
2289 1743 2318 1782 a
2350 1725 2614 1782 Romanis
2655 1740 2756 1796 pro
2791 1724 2917 1778 diva
2948 1721 3254 1791 colebatur)
3285 1735 3409 1775 esse

1819 1821 2218 1877 deditissimam
2246 1838 2261 1876 :
2291 1819 2558 1890 quosdam
2591 1816 2740 1872 falsae
2772 1816 2921 1870 illius
2951 1815 3066 1870 deae
3091 1811 3410 1869 sacerdotes

1818 1916 2099 1979 convenit,
2171 1913 2463 1984 pecuniam
2522 1911 2705 1974 otl‘ert,
2759 1919 2820 1965 ut
2870 1907 3155 1964 Paulinam
3206 1903 3425 1976 quibus-

1817 2010 2025 2082 possiut
2079 2007 2222 2063 dolis
2267 2008 2742 2067 circumventam,
2794 2002 2996 2057 Mundo
3051 2000 3139 2056 sui
3193 1998 3408 2068 copiam

1817 2103 1997 2160 facere
2021 2109 2239 2172 cogant.
2269 2099 2352 2153 Illi
2383 2097 2615 2169 pecunia
2649 2097 2864 2151 deliniti
2887 2134 2901 2157 .
2961 2095 3177 2150 facinus
3210 2108 3408 2164 aggre-

1817 2197 2304 2253 diuntur:eorum
2359 2199 2488 2245 natu
2538 2190 2808 2244 maximus
2840 2188 3128 2243 Paulinam
3177 2184 3407 2240 seorsim

1817 2285 2098 2349 convenit,
2156 2298 2216 2337 se
2277 2281 2348 2336 ab
2399 2279 2676 2344 Anubidc,
2731 2278 2906 2350 ipsius
2965 2291 3156 2332 amore
3217 2283 3406 2344 capto,

1819 2380 2048 2435 missum
2094 2391 2215 2431 esse
2243 2373 2534 2445 profitetur
2556 2381 2616 2426 ut
2648 2387 2768 2426 eam
2819 2377 3150 2426 accerseret.
3196 2367 3411 2422 Mulieri

1818 2489 1884 2529 ea
1915 2471 2084 2528 verba
2107 2469 2449 2540 optatissima
2475 2465 2818 2528 acciderunt,
2844 2464 2889 2520 si
2920 2481 2949 2519 a
2971 2464 3074 2519 deo
3094 2470 3374 2518 amaretur
3393 2479 3410 2514 ε

1819 2575 1876 2622 et
1926 2565 2185 2620 nuntium
2233 2563 2384 2617 illum
2421 2577 2547 2617 cum
2601 2560 2801 2614 marito
2831 2558 3221 2620 communicat,
3249 2552 3413 2623 269

1819 2657 1915 2729 qui
1965 2671 2170 2728 gnarus
2221 2653 2506 2710 modestiae
2559 2651 2811 2722 conjugis
2867 2666 2988 2706 eam
3046 2648 3200 2703 abire
3255 2647 3412 2702 sinit.

1819 2749 1957 2806 Cum
2019 2749 2071 2802 iu
2136 2747 2402 2816 templum
2457 2747 2718 2808 venisset,
2794 2741 2897 2798 sub
2953 2740 3132 2796 somni
3198 2749 3420 2808 tempus

1821 2841 2039 2898 mulieri
2088 2842 2143 2896 in
2194 2841 2310 2911 ipsa
2363 2838 2482 2894 {ede
2521 2838 2698 2894 lectus
2753 2845 2997 2907 paratur,
3027 2835 3270 2888 lucernre
3313 2848 3413 2887 ex-

1822 2934 2208 3005 stinguuntur.
2244 2931 2608 3002 Mundusjam
2640 2927 2892 2984 antcaibi
2922 2926 3163 2986 abditus.
3196 2941 3294 2994 per
3326 2934 3412 2978 to-

1823 3037 1932 3082 tam
1976 3034 2220 3090 noctem,
2273 3025 2378 3080 sub
2422 3021 2694 3076 Anubidis
2748 3019 2972 3074 nomine
3029 3017 3260 3072 libidine
3313 3032 3417 3071 sua

1821 3119 2063 3189 expleta,
2095 3116 2353 3173 discedit.
2389 3116 2487 3170 Illa
2530 3127 2776 3176 reversa,
2813 3108 3086 3165 Anubidis
3109 3107 3412 3177 apparitio-

1822 3227 1948 3267 nem
2000 3211 2195 3264 marito
2247 3217 2454 3271 narrat,
2494 3205 2640 3275 apud
2678 3202 2978 3257 familiares
3010 3199 3077 3253 de
3113 3213 3410 3267 congressu

1821 3303 1910 3359 dei
1935 3303 2222 3374 gloriatur.
2253 3299 2358 3354 Sed
2381 3295 2548 3352 tertio
2566 3303 2690 3365 post
2719 3292 2773 3347 id
2799 3291 3012 3347 facinus
3033 3289 3142 3352 die,
3175 3286 3412 3341 Mundus

1819 3397 1872 3453 ei
1898 3395 2120 3451 obviam
2180 3392 2360 3446 factus
2409 3408 2424 3443 :
2479 3386 2738 3450 Paulina,
2804 3383 3005 3452 inquit,
3063 3390 3113 3434 et
3181 3379 3408 3431 ducenta

1821 3486 1996 3543 millia
2026 3483 2210 3548 habeo,
2251 3490 2301 3534 et
2329 3490 2386 3534 tu
2418 3477 2546 3533 mihi
2582 3476 2750 3549 gratis
2785 3473 2990 3548 gessisti
3017 3486 3235 3526 morem.
3290 3467 3412 3522 Tua

1820 3596 1944 3635 vero
1969 3594 2096 3646 erga
2139 3574 2394 3630 Mundam
2426 3571 2630 3643 injuria
2658 3585 2741 3622 me
2778 3583 2883 3622 non
2911 3566 3107 3632 attigit,
3143 3563 3233 3633 qui
3258 3559 3412 3614 Anu-

1821 3671 1956 3725 bidis
1977 3683 2168 3722 nomen
2185 3667 2296 3737 ipse
2317 3663 2440 3718 mihi
2463 3661 2694 3730 fecerim.
2721 3657 2763 3711 E
2783 3656 2987 3729 quibus
3006 3653 3190 3708 verbis
3211 3649 3413 3705 mulier

1823 3762 2106 3818 intellecto
2136 3758 2401 3816 facinore.
2427 3753 2678 3810 vestibus
2720 3749 2979 3806 laceratis
3028 3746 3228 3802 marito
3277 3743 3418 3798 insi-

1823 3855 1942 3911 dias
1975 3851 2200 3907 indicat.
2235 3849 2288 3905 Is
2322 3847 2468 3917 apud
2491 3843 2774 3900 Tiberium
2805 3839 3186 3911 conqueritur.
3231 3837 3418 3905 Impe-

1822 3953 1976 3999 rator
2029 3941 2274 3996 facinore
2327 3943 2630 4007 comperto,
2681 3931 2996 3989 sacerdotes
3045 3937 3100 3985 et
3151 3927 3284 3982 Idcn
3352 3927 3409 3981 in

1821 4049 2016 4094 cruces
2047 4031 2209 4097 tollit,
2253 4030 2426 4086 aedem
2468 4026 2686 4092 diruit;
2741 4023 2906 4080 Isidis
2944 4020 3301 4078 simulacrum
3352 4017 3417 4072 in

1821 4127 2068 4185 Tiberim
2087 4123 2382 4194 demergit,
2407 4119 2670 4176 Mundum
2692 4117 2746 4172 in
2765 4113 3021 4172 exsilium
3039 4113 3169 4183 agit,
3191 4124 3422 4181 poenam

1823 4221 2132 4294 graviorem
2171 4215 2242 4272 ob
2293 4214 2499 4271 amoris
2546 4211 2659 4266 vim
2723 4207 3016 4266 clementia
3071 4203 3422 4260 moderatus.

1824 4315 1954 4371 Haec
1985 4313 2177 4367 Romae
2203 4316 2326 4364 acta
2357 4314 2505 4363 sunt.
2543 4303 2803 4360 Samaria:
2824 4315 2956 4357 vero
2991 4297 3260 4353 tumultus
3311 4295 3422 4349 hac

1824 4405 1894 4462 de
1921 4417 2086 4460 causa
2115 4398 2348 4457 exstitit.
2386 4395 2620 4464 Quidam
2666 4391 3041 4449 Samaritanos
3068 4385 3416 4442 Garizinium

166 4499 527 4570 αὐτοκράτωρ,
560 4498 826 4566 ἐξετάσας
847 4498 908 4552 τὸ
939 4498 1187 4566 γεγονὸς,
1219 4500 1345 4562 τοὺς
1402 4498 1504 4568 μὲν
1553 4499 1719 4569 ἱερεῖς

1826 4507 2071 4554 montem
2103 4490 2411 4550 sanctitatis
2449 4488 2712 4559 opinione
2758 4481 3178 4540 celeberrimum
3224 4493 3423 4534 secum

165 4589 554 4664 ἀνεσταύρωσε,
586 4592 681 4645 καὶ
734 4593 836 4664 τὴν
873 4593 1042 4663 Ἴδην,
1074 4593 1170 4644 τόν
1216 4609 1276 4645 τε
1306 4591 1435 4646 ναὸν
1469 4591 1716 4658 καθεῖλε,

1827 4587 2201 4647 conscendere
2241 4584 2405 4658 jussit
2444 4595 2619 4637 :nam
2669 4578 2745 4634 ibi
2787 4593 2845 4633 se
2877 4576 2962 4632 eis
3012 4585 3166 4630 sacra
3208 4586 3334 4625 vasa
3383 4587 3425 4626 av

167 4683 246 4736 καὶ
269 4684 328 4739 τὸ
353 4663 454 4758 τῆς
487 4684 686 4748 Ἴσιδος
731 4663 956 4755 ἄγαλμα
983 4687 1064 4748 είς
1098 4683 1190 4737 τὸν
1221 4682 1426 4754 Θύϐριν
1467 4683 1585 4755 (65)
1615 4699 1719 4736 1:0-

1830 4683 1980 4738 Mose
2029 4679 2269 4744 defossa,
2317 4684 2671 4732 ostensurum
2718 4686 2862 4727 esse.
2898 4669 3164 4736 Quicqu
3213 4663 3420 4720 armati

171 4777 318 4848 ταμδν
349 4755 737 4842 κατεπόντισε,
762 4778 926 4833 τὺνδὲ
955 4777 1200 4832 Μοῦνδον
1227 4781 1373 4849 φυγῇ
1403 4777 1719 4842 ἐδικαίωσε,

1830 4773 2240 4836 convenissent,
2259 4769 2489 4831 Pilatus,
2517 4763 2765 4822 exercitu
2800 4761 2987 4826 misso,
3020 4758 3159 4813 alios
3186 4755 3420 4819 occidit,

172 4872 481 4944 συγγνώμην
499 4871 693 4942 νείμας
710 4871 880 4941 αὐτῷ,
899 4871 1042 4925 ὥστε
1079 4870 1154 4942 μὴ
1180 4873 1303 4940 μεῖζ
1307 4848 1369 4924 ον
1385 4869 1719 4940 κολασθῆναι

1831 4868 1968 4923 alios
1989 4867 2045 4921 in
2068 4865 2253 4934 fugam
2269 4865 2458 4928 vertit,
2477 4870 2533 4916 et
2556 4857 2895 4928 captivorum
2911 4852 3219 4925 praecipuos
3243 4848 3426 4902 inter--

171 4960 248 5015 διὰ
283 4965 376 5034 τὴν
426 4964 552 5034 βίαν
608 4963 704 5017 τοῦ
739 4963 966 5036 ἔρωτος.
1008 4963 1173 5017 Ἀλλὰ
1203 4963 1374 5016 ταῦτα
1409 4961 1510 5034 μὲν
1543 4963 1601 5017 έν
1652 4964 1719 5034 τῇ

1828 4960 1985 5016 fecit.
2032 4955 2364 5014 Samaritani
2409 4967 2542 5009 vero
2583 4950 2862 5008 Vitellium
2908 4947 3079 5019 Syria:
3123 4951 3426 5014 praetorem

182 5051 348 5126 Ῥώμῃ
378 5057 717 5127 ἐπέπρακτο·
745 5057 802 5110 ὲν
827 5055 884 5109 δὲ
904 5056 1192 5128 Σαμαρείᾳ
1218 5055 1536 5126 συμϐέϐηκε
1567 5053 1719 5127 θόρυ-

1832 5050 2196 5116 conveniunt,
2246 5048 2484 5103 Pilatum
2533 5045 2605 5100 ob
2652 5039 2999 5114 pepularium
3054 5052 3280 5096 suorum
3315 5048 3424 5089 cac-

176 5141 270 5208 6ος.
305 5147 467 5220 Ἀνὴρ
499 5149 609 5219 γάρ
661 5164 745 5211 τις
775 5146 996 5202 ἐκέλευε
1052 5127 1179 5210 τοὺς
1223 5147 1506 5217 Σαμαρεῖς
1546 5147 1640 5200 hri.
1663 5145 1719 5199 τὸ

1833 5143 1962 5200 dem
2029 5149 2374 5200 accusantes.
2411 5139 2486 5204 Is,
2540 5135 2796 5192 Marcello
2844 5131 3048 5190 Judaeis
3098 5127 3420 5220 praeposito,

178 5233 374 5308 Γαρίζιν
403 5219 532 5313 δρος
579 5239 728 5311 αὐτῷ
783 5237 1059 5294 συνελθεῖν
1103 5238 1423 5310 (ἁγνότατον
1471 5239 1536 5293 δὲ
1565 5237 1719 5292 τοῦτο

1839 5236 2072 5291 Romam
2118 5234 2203 5289 ire
2245 5231 2481 5288 Pilatum
2508 5229 2683 5302 jubet,
2711 5226 2779 5282 ad
2811 5240 3032 5282 causam
3063 5221 3207 5293 apud
3238 5219 3428 5313 Cursa-

181 5306 340 5394 αὓτοῖς
356 5306 819 5403 ὑπείληπταιντῶν
842 5330 1030 5404 ὀρῶν),
1054 5306 1154 5386 καὶ
1176 5306 1532 5402 αφικομένσις
1555 5332 1719 5401 ἐπηγ-

1835 5341 1953 5382 rem
1981 5325 2294 5382 dicendam.
2359 5323 2488 5379 A-bit
2529 5321 2644 5388 ille,
2677 5334 2804 5376 cum
2847 5317 3178 5374 decennium
3211 5306 3420 5368 Judzeis

179 5418 374 5486 γέλλετο
400 5423 524 5495 ίερὰ
555 5421 727 5492 σκεύη
757 5424 1081 5494 ἐμφανίσαι,
1107 5421 1580 5494 κατορωρυγμένα
1605 5423 1719 5476 ἐκεῖ

1828 5419 2162 5493 praefuisset.
2207 5417 2327 5474 Scd'
2349 5425 2648 5485 antequam
2692 5413 2880 5468 Roma:
2926 5406 3414 5481 appropinquat”.

1351 5580 1547 5642 Varini
1568 5580 1888 5644 lectiones
1916 5588 1982 5644 et
2019 5586 2216 5642 notat.

1910 5704 2294 5774 Servatamquc
2323 5719 2455 5758 novo
2474 5707 2734 5756 servasset
2768 5695 2984 5752 crimine
3017 5690 3262 5744 Romam.

1834 5824 2087 5880 chanius
2119 5821 2174 5874 in
2201 5813 2830 5888 MetaphrasiiEutropii,
2884 5809 2980 5864 lib.
3020 5825 3032 5862 ι
3070 5805 3226 5875 [mg
3281 5804 3409 5872 ταῖς

1828 5896 1931 5950 τοῦ
1965 5891 2288 5965 Θύμϐριδος
2309 5887 2608 5959 ἐμϐολαῖς.

243 5705 343 5778 (65)
377 5709 606 5776 Θύϐριν.
632 5777 635 5778 ν
662 5706 756 5763 Sic
812 5721 948 5762 mss.
985 5721 1178 5778 omne_s
1207 5719 1342 5778 cum
1385 5704 1438 5758 θ.
1499 5703 1727 5759 Tiberim

187 5769 420 5834 ederunt.
450 5769 810 5844 Claudianus,
833 5777 935 5833 lib.
968 5793 1005 5832 tt
1032 5781 1087 5832 in
1119 5776 1436 5845 Eutropium
1460 5791 1478 5828 :
1755 5769 1764 5776 ⁷

246 5889 305 5963 I_l'i
328 5909 517 5948 memor
540 5893 749 5963 imperii
778 5891 980 5958 Stilico,
1014 5906 1322 5963 morumque
1354 5891 1590 5960 priorum

247 5959 403 6026 Turpe
423 5959 700 6036 relegasset
725 5964 934 6034 defenso
970 5981 1001 6018 a
1027 5959 1279 6033 Thybride
1317 5959 1530 6030 numen,
