3876 6610
444 477 554 543 479

1719 483 2053 543 JOA‘NNiS
2094 486 2424 550 ZONAHJE

3624 488 3683 558 It“
3703 483 3750 560 ii"

446 595 678 665 Agrippa
721 591 894 659 igitur
933 609 1058 649 cum
1101 607 1164 650 ca
1199 592 1266 650 de
1313 609 1496 660 causa,
1529 603 1641 652 tum
1678 597 1747 652 ob
1778 597 2025 668 pecunia:

2150 603 2320 670 ροιτᾷν
2365 602 2492 664 τοὺς
2540 604 2792 675 συνήθεις
2827 606 2950 668 τοὺς
2975 607 3067 659 τοῦ
3129 609 3352 672 παιδὸς,
3396 609 3480 662 ἵνα
3545 611 3628 680 μὴ
3671 611 3736 665 δι’

445 687 684 754 inopiam
727 685 982 751 amictus,
1046 683 1100 739 in
1158 681 1400 741 Jodmam
1463 686 1623 742 rediit
1665 705 1678 742 :
1726 698 1782 744 ct
1835 704 1962 744 cum
2001 706 2032 744 a

446 779 636 832 multis
666 777 1047 835 creditoribus
1071 793 1146 834 tes
1175 778 1415 834 alienum
1446 779 1846 850 repetentibus,
1876 797 2032 836 num-

445 870 550 926 mis
578 873 803 926 omnino
833 871 1129 927 destitutus
1165 871 1480 942 urgeretur,
1535 874 1602 927 de
1639 873 1893 930 manibus
1926 875 2030 930 sibi

2140 691 2324 747 αὐτῶν
2355 695 2434 756 είς
2467 695 2774 766 ἀνάμνησιν
2803 697 3015 752 ἐκείνου
3049 700 3164 762 ἰὼν,
3209 703 3287 763 είς
3318 702 3498 772 λύπην
3535 705 3735 774 ἆνερεο

2136 782 2378 854 earnm.
2403 786 2503 839 Διά
2534 804 2594 840 τε
2645 789 2778 855 γοῦν
2809 792 2988 851 τοῦτο.
3015 793 3109 844 καὶ
3135 793 3216 846 ὅτι
3253 796 3563 863 χρημάτων
3597 798 3738 866 ὴπδο

2143 892 2333 946 ρησεν,
2357 877 2436 938 είς
2467 878 2732 932 Ἰουδαίαν
2776 884 3151 954 κακοπραγῶν
3209 887 3543 956 ἐπανῆλθεν.
3571 889 3636 941 Ἀ
3649 907 3740 943 πο-

448 965 551 1034 ipsi
604 964 900 1020 aflerendis
959 963 1238 1034 cogitavit.
1277 964 1331 1018 ld
1382 965 1503 1036 ejus
1547 966 1841 1020 consilium
1895 982 2032 1022 uxor

2150 965 2288 1019 τίσαι
2318 966 2373 1018 δὲ
2399 968 2494 1019 καὶ
2520 970 2633 1032 τοῖς
2664 969 2972 1036 δανεισταῖς
2995 975 3099 1036 τὰς
3114 975 3337 1043 ὀφειλάς
3372 974 3740 1048 βιαζόμενος,

448 1058 664 1128 Cyprus
708 1056 1119 1120 animadvertit,
1152 1056 1402 1112 Phasaeli
1446 1057 1576 1120 filia,
1625 1057 1858 1116 Herodis
1888 1061 2033 1131 regis

449 1165 520 1204 ex
565 1149 732 1204 fratre
783 1149 1004 1220 nepotis
1052 1158 1202 1216 nata,
1260 1165 1328 1205 ex
1380 1151 1757 1224 Salampsione
1805 1152 2037 1209 Herodis

450 1238 582 1302 filia,
629 1255 789 1309 quam
831 1255 897 1294 ex
956 1239 1271 1294 Mariamme
1319 1240 1387 1294 ab
1437 1242 1575 1312 ipso,
1611 1253 1670 1297 ut
1725 1244 2034 1313 expositum

447 1338 551 1396 est,
602 1330 781 1390 occisa
830 1342 1173 1401 susceperat.
1222 1333 1347 1388 Haec
1398 1333 1563 1403 igitur
1595 1332 1806 1405 Cyprus
1853 1336 2036 1391 mariti

449 1430 646 1477 conatu
676 1422 935 1489 inhibito,
968 1424 1264 1479 Herodiadi
1291 1426 1493 1481 Herodi
1519 1428 1806 1484 tetrarchm
1831 1438 2032 1500 nuptae,

452 1515 705 1587 Mrippze
743 1519 943 1582 sorori,
987 1517 1171 1574 fratris
1201 1519 1512 1574 institutum
1548 1521 1798 1584 nuntiat,
1841 1530 2038 1592 petens

453 1619 516 1663 ut
545 1610 787 1679 adjuvet,
822 1609 1192 1680 maritumque
1222 1609 1290 1664 ad
1323 1626 1482 1680 opem
1525 1611 1804 1667 ferendam
1839 1613 2039 1668 exhor—

455 1707 623 1756 tetur.
659 1700 740 1753 Illi
772 1716 903 1756 vero
939 1702 990 1756 ei
1021 1701 1370 1755 Tiberiadem
1403 1702 1758 1757 habitandam
1797 1702 2038 1759 tradide-

454 1801 608 1855 runt,
663 1793 936 1865 assignata
980 1794 1145 1847 etiam
1195 1795 1427 1865 pecunia
1461 1795 1606 1851 unde
1639 1795 1872 1852 viveret.
1921 1794 2039 1852 Ali-

456 1894 666 1952 quanto
724 1897 844 1954 post
894 1885 1132 1956 Agrippa
1175 1885 1551 1940 controversia
1597 1885 1741 1940 inter
1771 1886 1950 1958 ipsum
1981 1893 2038 1942 et

2142 1055 2362 1121 πολλοῖς
2392 1055 2538 1126 οὖσι,
2563 1059 2655 1113 καὶ
2688 1061 2762 1131 μὴ
2785 1061 2948 1131 ἔχων,
2971 1066 3052 1127 είς
3106 1064 3317 1122 ἔννοιαν
3369 1063 3542 1138 ἦλθεν
3572 1071 3740 1122 αύτο-

2146 1145 2385 1219 χειρίας.
2404 1149 2617 1220 Συνῆκε
2651 1150 2708 1204 δὲ
2731 1153 2788 1206 τὸ
2811 1155 3051 1225 ἐννόημα
3070 1159 3103 1226 ἡ
3121 1157 3260 1227 γυνὴ
3287 1159 3455 1211 αὐτοῦ
3478 1160 3736 1229 Κύπρος,

2144 1241 2180 1311 ἡ
2211 1239 2461 1312 Θυγάτηρ
2489 1239 2556 1314 ἦν
2590 1246 2898 1316 Φασαήλου,
2926 1249 3020 1303 τοῦ
3069 1251 3467 1318 ἀδελφόπαιδος
3509 1256 3615 1307 τοῦ
3642 1256 3740 1325 βα-

2143 1330 2337 1396 σιλέως
2361 1333 2620 1402 Ἡρώδου,
2645 1338 2708 1391 ἐκ
2728 1338 3079 1410 Σαλαμψιοῦς
3097 1343 3246 1412 αύτῷ
3263 1343 3622 1413 γεννηθεῖσα,
3644 1347 3740 1414 τῆς

2157 1421 2400 1494 Ἡρώδου
2461 1425 2754 1496 θυγατρὸς,
2801 1430 2868 1498 ἢν
2906 1430 3066 1498 ἔσχεν
3119 1434 3185 1486 ὲκ
3236 1435 3473 1505 Μαριὰμ
3504 1437 3615 1504 τῆς
3650 1436 3740 1489 ὑπ’

2145 1512 2359 1568 ἐκείνου
2412 1513 2791 1588 ἀνῃρημένης,
2827 1517 2904 1581 ὡς
2965 1518 3300 1589 δεδιήγηται.
3341 1521 3491 1591 Αὕτη
3529 1523 3670 1590 γοῦν
3706 1525 3737 1590 ἠ

2149 1603 2374 1673 Κύπρος
2387 1604 2522 1676 (66),
2545 1607 2871 1661 συνοικοῦσα
2887 1608 2963 1679 τῷ
2981 1609 3289 1683 Ἀγρίππᾳ.
3313 1612 3409 1666 καὶ
3425 1615 3737 1681 αἰσθομένη

2147 1693 2209 1747 τδ
2245 1693 2543 1764 βούλευμα,
2595 1698 2830 1767 ἀπεῖργε
2891 1697 3082 1752 τοῦτον
3135 1701 3734 1772 nescium-celamus

2144 1786 2202 1841 δὲ
2257 1787 2394 1861 πρὸς
2437 1788 2740 1859 Ἡρωδιάδα
2787 1791 2891 1860 τὴν
2942 1789 3020 1862 τῷ
3054 1792 3332 1864 τετράρχῃ
3363 1796 3732 1848 συνοικοῦσαν

2162 1880 2396 1955 Ἡρώδῃ,
2444 1881 2731 1955 Ἀγρίππᾳ
2771 1885 3151 1954 τυγχάνουσαν
3186 1886 3450 1956 ἀδελφὴν,
3493 1887 3734 1958 δηλοῦσα

455 1953 734 2030 Herodem
759 1985 899 2041 orta,
933 1953 999 2030 ad
1024 1953 1274 2031 I‘laecum
1300 1977 1466 2048 Syria:
1494 1953 2036 2050 praetorem'migrat,

2150 1970 2242 2042 τὴν
2303 1972 2514 2028 ἔννοιαν
2558 1974 2652 2028 τοῦ
2697 1975 2995 2044 συγγόνου,
3060 1980 3155 2031 καὶ
3210 1978 3430 2049 βοηθεῖν
3468 1980 3729 2046 ἀξιοῦσα.

456 2087 485 2123 a
527 2085 636 2140 quo
679 2069 748 2122 ob
793 2068 1214 2124 familiaritatem
1263 2071 1448 2125 Roma:
1489 2081 1828 2126 contractam
1861 2073 2037 2128 amice

454 2170 540 2214 est
588 2170 899 2228 susceptus.
943 2157 1049 2214 Sed
1106 2175 1206 2228 per
1257 2159 1443 2218 fratris
1488 2161 1813 2226 Aristobuli,
1859 2179 1889 2219 a
1929 2179 2040 2234 quo

454 2251 773 2315 dissidebat,
817 2253 1120 2306 calumnias
1160 2251 1339 2307 Flacci
1394 2253 1698 2310 inimicitiis
1742 2257 2036 2328 susceptis,

455 2344 586 2401 inde
609 2345 834 2416 ejectus,
863 2355 919 2402 et
950 2345 1016 2401 ad
1045 2355 1345 2402 extremam
1385 2347 1626 2418 inopiam
1662 2347 1937 2414 redactus,
1980 2350 2037 2403 in

455 2438 662 2492 Italiam
697 2439 955 2509 navigare
997 2439 1210 2504 statuit,
1243 2455 1306 2494 ac
1343 2439 1611 2510 Marsyam
1646 2439 1905 2496 libertum
1939 2440 2040 2495 ali-

457 2530 637 2586 cunde
669 2541 914 2585 mutuam
949 2547 1171 2588 sumere
1209 2532 1496 2602 pecuniam
1524 2530 1707 2601 jussit.
1741 2530 1790 2587 ls
1817 2531 2038 2588 Petrum

457 2620 750 2676 Berenices
809 2621 1064 2692 Aprippae
1113 2623 1303 2678 matris
1351 2621 1611 2676 libertum
1664 2621 1797 2687 adit,
1854 2637 1884 2676 a
1927 2636 2037 2692 quo

462 2713 702 2783 Agrippa
737 2714 1045 2785 syngrapha
1075 2713 1196 2767 data
1226 2713 1294 2768 de
1342 2729 1412 2766 xx
1449 2713 1688 2768 millibus
1733 2713 2034 2772 Atticarum

458 2801 870 2862 drachmarum,
913 2802 999 2856 bis
1029 2802 1176 2857 mille
1209 2811 1263 2856 et
1305 2818 1338 2855 ι)
1367 2802 1547 2857 minus
1582 2803 1844 2872 acceptis,
1888 2801 2039 2857 navi-

461 2901 708 2963 gaturus,
737 2893 806 2947 ab
830 2892 1104 2950 Herennio
1133 2893 1396 2964 Capitone
1419 2894 1658 2949 Jamnete
1679 2905 2037 2965 procuratore

460 2985 946 3056 manerejubetur,
967 2986 1094 3040 dum
1120 3001 1213 3041 ccc
1243 2986 1412 3040 millia
1447 2988 1679 3056 argenti,
1699 3003 1820 3058 qum
1835 2987 2037 3044 Cazsari

460 3075 713 3140 deberet,
739 3077 993 3132 solveret.
1023 3078 1116 3132 Ille
1144 3093 1200 3133 se
1222 3076 1725 3148 obtemperaturum
1749 3079 2040 3145 simulans,

460 3176 626 3222 noctu
658 3170 850 3224 solvit:
883 3179 938 3224 et
968 3169 1346 3224 Alexandriam
1375 3169 1676 3240 profectus,
1706 3171 1774 3224 ab
1796 3170 2040 3226 Alexan-

461 3262 560 3315 dro
592 3262 900 3318 Alabarcho
921 3278 982 3318 cc
1010 3263 1177 3317 millia
1217 3273 1410 3317 mutuo
1437 3263 1593 3333 petit.
1624 3262 1729 3330 Qui
1753 3263 1844 3318 illo
1871 3278 2034 3334 repu-

463 3353 632 3417 diato,
669 3369 786 3408 eam
833 3354 1123 3424 pecuniam
1155 3351 1335 3426 Cypro
1379 3355 1498 3425 ejus
1545 3354 1700 3409 uxori
1751 3370 1875 3410 cum
1921 3369 2051 3425 pro-

461 3454 586 3514 pter
637 3447 978 3518 conjugalem
1029 3463 1293 3514 amorem,
1347 3459 1461 3503 tum
1503 3447 1574 3503 ob
1629 3449 1790 3520 273
1822 3457 2050 3505 caeteras

462 3538 582 3607 ejus
612 3538 848 3594 virtutes
875 3539 1046 3595 dedit.
1073 3539 1188 3606 Qua
1212 3550 1457 3612 accepta,
1485 3543 1722 3612 Agrippa
1753 3542 1808 3596 in
1839 3542 2050 3596 Italiam

458 3624 761 3694 profectus,
816 3627 994 3698 Cypro
1049 3645 1172 3683 eum
1237 3630 1354 3686 suis
1431 3631 1627 3687 liberis
1688 3631 1741 3687 in
1803 3631 2051 3689 Judaeam

463 3723 776 3782 reversa,'a
812 3719 1025 3776 Caesare
1076 3722 1391 3778 humaniter
1421 3725 1711 3794 excipitur.
1746 3726 1851 3780 Sed
1893 3726 2054 3798 Capi-

463 3810 610 3864 tonis
662 3809 921 3866 llerennii
963 3812 1170 3868 litteris
1213 3814 1392 3871 allatis
1448 3825 1508 3870 ut
1561 3816 1745 3888 fugam
1795 3818 2050 3888 cepisset,

465 3914 592 3952 cum
645 3916 737 3955 ccc
797 3901 968 3956 millia
1030 3903 1156 3959 teris
1218 3904 1382 3960 alieni
1432 3905 1501 3960 ab
1551 3922 1616 3962 eo
1665 3920 2048 3979 poscerentur,

464 3991 646 4045 Caesar
681 3989 872 4056 iratus,
927 4008 1037 4047 non
1071 3993 1224 4063 prius
1255 3993 1306 4048 ei
1349 3993 1559 4050 aditum
1604 3995 1669 4049 ad
1705 4012 1764 4051 se
1807 3997 2053 4067 permitti

464 4081 648 4152 jussit,
675 4098 837 4153 quam
863 4099 982 4138 eam
1006 4084 1296 4154 pecuniam
1325 4095 1685 4141 numerasset.
1717 4084 1832 4152 Qua
1861 4097 2052 4142 mutuo

466 4185 682 4243 sumpta
714 4183 770 4229 et
802 4176 1094 4241 dissoluta,
1125 4193 1318 4233 rursus
1353 4176 1559 4234 Tiberii
1581 4179 1760 4232 aulam
1793 4177 2053 4248 frequen-

467 4265 628 4319 tavit.
651 4265 759 4319 Sed
794 4281 824 4319 a
859 4266 1073 4322 Caesare
1097 4283 1155 4322 se
1186 4269 1254 4323 ad
1293 4283 1454 4322 suum
1495 4278 1750 4340 nepotem
1778 4269 2049 4337 conferre,

465 4371 706 4426 eumque
763 4358 944 4413 colere
997 4359 1204 4430 jussus,
1255 4363 1429 4432 magis
1481 4377 1610 4432 erga
1666 4360 1859 4416 Caium
1920 4378 2051 4433 pro-

467 4463 673 4519 pensus
742 4449 868 4516 fuit,
940 4450 1195 4506 Antonia:
1269 4461 1547 4521 nepotem,
1605 4453 1919 4510 Germanici
1995 4465 2052 4511 et

467 4539 704 4604 Claudii,
746 4540 840 4610 qui
886 4550 1006 4610 post
1030 4541 1218 4597 Caium
1252 4542 1560 4614 imperavit,
1595 4545 1788 4600 matris
1819 4564 1831 4600 :
1866 4554 1922 4602 et
1953 4546 2051 4601 ob-

470 4633 743 4687 servantia
792 4648 889 4687 sua
916 4633 1033 4688 Caii
1070 4650 1198 4705 erga
1239 4650 1296 4690 se
1336 4650 1576 4690 amorem
1609 4637 1865 4693 emeruit.
1913 4636 2047 4693 Cum

2151 2063 2247 2118 καὶ
2281 2063 2370 2118 τὸν
2386 2066 2587 2119 οίκεῖον
2615 2065 2788 2138 ἄνδρα
2821 2067 2958 2138 πρὸς
3010 2069 3336 2139 ἐπικουρίαν
3371 2071 3731 2141 παρακαλεῖν.

2153 2158 2217 2211 Oi
2247 2157 2306 2212 δὲ
2354 2158 2804 2229 μετεπέμψαντό,
2828 2177 2886 2213 τε
2917 2161 3106 2223 αὑτὸν,
3138 2164 3229 2216 καὶ
3258 2164 3590 2234 οἰκητήριον
3640 2165 3734 2233 τὴν

2153 2250 2451 2321 Τιϐεριάδα
2502 2251 2792 2320 δεδώκασι,
2817 2251 2910 2305 καί
2937 2270 2989 2305 τι
3019 2256 3114 2306 καὶ
3146 2254 3412 2325 ἀργύριον
3448 2256 3728 2322 ἀπέταξαν

2151 2342 2300 2414 αὐτῷ
2327 2343 2408 2406 είς
2436 2342 2536 2414 τὴν
2569 2343 2809 2401 δίαιταν.
2833 2343 2992 2398 Μετὰ
3019 2346 3210 2416 καιρὸν
3247 2347 3304 2400 δὲ
3337 2347 3618 2416 διαφορᾶς
3644 2366 3730 2416 γε-

2150 2435 2383 2505 νομένης
2443 2435 2660 2507 Ἡρώδῃ
2694 2453 2753 2490 τε
2786 2437 2881 2489 καὶ
2926 2437 3231 2509 ’ᾼγρίππμ
3289 2439 3428 2510 πρὸς
3483 2441 3732 2494 Φλάκκον

2151 2527 2349 2598 Συρίας
2375 2528 2677 2599 ἡγούμενον
2706 2531 2734 2582 ὁ
2769 2529 3085 2598 Ἀγρίππας
3135 2530 3488 2601 μεθίσταται,
3549 2533 3729 2602 φιλίως

2152 2621 2216 2673 ὲκ
2259 2619 2480 2690 Ῥώμης
2513 2621 2650 2691 πρδς
2707 2621 2870 2674 αὐτὸν
2897 2621 3268 2690 διακείμενον,
3298 2623 3461 2677 κάκεῖ
3492 2624 3730 2694 διέτριϐε

2145 2711 2441 2782 δεξαμένου
2494 2712 2589 2766 τοῦ
2635 2712 2904 2768 Φλάκκου.
2947 2714 3040 2766 “Ov
3069 2713 3124 2767 δὲ
3157 2714 3272 2766 ἐκεῖ
3301 2714 3396 2769 καὶ
3424 2715 3453 2767 6
3503 2714 3728 2784 ’Δγρίπ-

2148 2821 2252 2858 που
2309 2802 2538 2872 ἀδελφδς
2594 2803 3028 2875 Ἀριστόϐουλος,
3087 2803 3480 2877 διαφερόμενός
3547 2821 3609 2859 τε
3660 2805 3730 2873 τῷ

2150 2895 2365 2967 ἀδελφῷ
2391 2895 2667 2960 διαϐολαῖς
2690 2897 2854 2950 αὐτὸν
2883 2897 3020 2966 πρὸς
3041 2896 3290 2951 Φλάκκον
3323 2897 3724 2968 ἐξεπολέμωσε,

2145 2987 2244 3043 καὶ
2273 2987 2556 3050 ἐξωθεῖται
2585 2987 2796 3042 ἐκεῖθεν
2828 2987 3158 3059 Ἀγρίππας.
3195 2989 3253 3042 ’0
3287 2988 3366 3052 δὲ,
3397 2989 3477 3052 είς
3498 2989 3725 3058 ἐσχάτην

2149 3082 2412 3150 περιστὰς
2435 3080 2693 3150 ἀπορίαν,
2718 3082 2798 3142 είς
2828 3079 3062 3133 Ἰταλίαν
3085 3081 3310 3133 ἐκπλεῖν
3334 3079 3612 3142 ἐϐούλετο,
3639 3080 3724 3132 καὶ

2144 3170 2300 3239 ἠξίου
2337 3169 2608 3240 Μαρσύαν
2639 3169 2804 3224 αὑτοῦ
2853 3168 3220 3240 ἀπελεύθερον
3263 3170 3530 3241 χρήματά
3564 3171 3612 3231 oi
3639 3187 3728 3222 πο-

2151 3261 2296 3332 ρίσαι
2325 3261 2489 3316 ποθὲν
2514 3261 2926 3332 δανεισάμενον.
2975 3262 3213 3326 Ἐκεῖνος
3242 3261 3300 3314 δὲ
3326 3262 3520 3332 Πέτρῳ
3565 3262 3721 3333 πρόσ·

2150 3369 2288 3406 εισιν
2315 3353 2665 3425 ἀπελευθέρῳ
2711 3353 3006 3424 Βερενίκης
3034 3353 3133 3424 τῆς
3161 3352 3472 3423 Ἀγρίππου
3501 3355 3718 3423 μητρὸς.

2150 3443 2244 3498 καὶ
2276 3447 2304 3500 ὁ
2336 3445 2543 3515 Πέτρος
2599 3445 2935 3516 συμϐόλαιον
2987 3443 3144 3514 ἔλεγε
3187 3445 3568 3516 ποιησάμενον
3617 3445 3722 3498 δύω

2152 3535 2433 3604 μυριάδων
2457 3533 2716 3588 Ἀτθίδων
2745 3534 2934 3589 λαϐεῖν
2987 3535 3088 3600 τάς
3139 3536 3430 3606 μυριάδας,
3462 3553 3720 3591 πεντακο-

2151 3623 2294 3689 σίαις
2328 3625 2421 3679 καὶ
2449 3625 2740 3697 δισχιλίαις
2766 3623 3196 3697 ἑλασσουμένας.
3222 3627 3331 3683 Καὶ
3359 3629 3388 3680 ὁ
3420 3627 3715 3698 Ἀγρίππας

2151 3719 2424 3784 συνέθετο,
2446 3719 2541 3773 καὶ
2571 3717 2752 3772 λαϐὼν
2784 3719 2844 3772 τὸ
2886 3719 3153 3790 δάνεισμα
3174 3719 3443 3774 ἀποπλεῖν
3479 3719 3712 3789 ἔμελλεν.

2163 3809 2441 3882 Ἐῤῥένιος
2469 3808 2527 3862 δὲ
2577 3808 2864 3875 Καπίτων,
2902 3810 3177 3880 Ἰαμνείας
3227 3809 3548 3882 ἐπίτροπος,
3575 3809 3713 3880 τριά-

2151 3893 2321 3955 κοντα
2359 3901 2629 3972 μυριάδας
2657 3900 2926 3973 ἀργυρίου
2983 3901 3452 3974 ὀφειλομέναςιτῷ
3485 3901 3712 3970 Καίσαρι

2149 3993 2424 4066 ἔπραττεν
2457 3995 2544 4047 ἐπ’
2577 3993 2768 4060 αὐτοῦ,
2797 3995 2893 4048 καὶ
2916 3993 3003 4048 διὰ
3029 3994 3191 4048 τοῦτο
3235 3995 3419 4064 μένειν
3453 3995 3693 4048 ἐκέλευεν

2148 4087 2464 4159 ’Δγρίππας
2495 4087 2572 4153 δὲ,
2604 4087 3120 4159 προσποιησάμενος
3175 4086 3483 4152 πείθεσθαι,
3538 4087 3710 4148 νυκτὸς

2149 4177 2342 4247 ᾤχετο.
2371 4176 2484 4230 Καὶ
2521 4175 2907 4239 καταπλεύσας
2945 4179 3028 4241 είς
3092 4175 3533 4246 Ἀλεξάνδρειαν,
3565 4175 3708 4228 Ἀλε·

2150 4266 2376 4337 ξάνδρου
2403 4265 2688 4324 δεῖταιτοῦ
2733 4264 3096 4335 ’Λλαϐάρχου,
3125 4265 3396 4336 μυριάδας
3426 4265 3599 4318 είκοσι
3633 4263 3713 4316 δά-

2151 4376 2292 4413 νειον
2326 4358 2474 4430 αύτῷ
2502 4359 2825 4428 παρασχεῖν.
2845 4359 2904 4410 '0
2937 4357 2982 4412 δ’
3008 4357 3202 4427 ἐκείνῳ
3233 4355 3334 4427 μὲν
3360 4357 3461 4409 οὐκ
3483 4355 3572 4421 ἂν,
3599 4355 3706 4422 ἔφη.

2153 4450 2486 4521 παρασχεῖν,
2544 4447 2758 4518 Κύπρῳ
2790 4447 2845 4500 δὲ
2893 4449 2962 4518 τῇ
3015 4445 3182 4502 αὐτοῦ
3224 4447 3446 4514 γυναικὶ
3499 4445 3710 4517 παρεῖχε

2149 4540 2236 4594 διά
2270 4556 2328 4593 τε
2359 4538 2458 4610 τὴν
2481 4536 2800 4606 φιλανδρίαν
2821 4536 2992 4608 αὐτῆς
3050 4537 3143 4590 καὶ
3160 4535 3258 4605 τὴν
3282 4537 3477 4608 λοιπὴν
3503 4536 3706 4607 ἀρετήν.

2153 4632 2468 4703 Δεξαμένης
2497 4631 2554 4685 δὲ
2592 4631 2653 4684 τὸ
2682 4629 2892 4684 δάνειον
2946 4629 3186 4700 ἐκείνης,
3217 4631 3246 4682 δ
3281 4628 3383 4700 μὲν
3427 4629 3708 4700 Ἀγρίππας

470 4731 655 4778 autem
687 4723 981 4794 aliquando
1014 4725 1159 4780 inter
1189 4727 1568 4796 prodeundum
1601 4728 1811 4784 Tiberii
1843 4729 2043 4785 mentio

2153 4725 2233 4786 είς
2273 4722 2504 4776 Ἰταλίαν
2529 4721 2866 4787 ἀπέπλευσε,
2889 4719 3116 4790 Κύπρος
3140 4719 3199 4772 δὲ
3225 4720 3364 4792 μετ-ἀ
3394 4721 3502 4775 τῶν
3527 4720 3708 4773 τέκνων

471 4812 779 4878 incidisset,
835 4824 1000 4886 atque
1044 4814 1286 4887 Agrippa
1340 4817 1452 4872 Deo
1501 4817 1753 4874 invocato
1783 4829 2046 4890 optasset,

471 4915 534 4961 ut
573 4905 827 4963 Tiberius
865 4907 996 4963 Caio
1022 4925 1183 4978 quam
1232 4909 1469 4978 primum
1502 4911 1732 4980 imperio
1781 4914 2002 4966 cederet
2033 4931 2047 4969 :

471 4999 754 5070 Eutychus
831 5001 1086 5065 libertus,
1147 5001 1214 5057 iis
1286 5005 1533 5073 Agrippa:
1589 5003 1773 5071 verbis
1828 5003 2050 5068 auditis,

471 5091 742 5147 Caesarem
787 5093 946 5160 adiit,
982 5102 1042 5148 ut
1096 5095 1454 5149 nuntiaturus
1505 5095 1712 5165 aliquid
1771 5096 1921 5166 quod
1981 5095 2050 5150 ad

473 5182 707 5237 salutem
736 5183 856 5253 ejus
892 5183 1215 5254 pertineret.
1249 5185 1344 5241 Ille
1370 5201 1497 5241 vero
1532 5196 1594 5242 ut
1628 5187 1812 5242 lentus
1841 5197 1961 5242 erat
1995 5186 2054 5242 in

477 5273 646 5327 rebus
679 5275 958 5341 omnibus,
992 5291 1088 5331 eos
1125 5277 1290 5331 etiam
1325 5277 1686 5347 despiciebat,
1718 5277 1813 5346 qui
1848 5276 2054 5346 aliquid

477 5365 624 5434 quod
683 5366 853 5435 ipsius
901 5367 1212 5429 interesset,
1261 5367 1630 5422 nuntiabant:
1664 5383 1847 5437 neque
1889 5368 2056 5423 etiam

476 5461 673 5534 legatis
711 5463 964 5518 celeriter
1002 5461 1389 5534 respondebat,
1423 5477 1493 5516 ne
1519 5463 1602 5516 eis
1635 5463 1745 5517 cito
1778 5461 2057 5531 digressis,

2150 4818 2230 4879 είς
2275 4813 2532 4870 Ἰουδαίαν
2565 4813 2846 4880 ἀνέζευξε.
2875 4814 2983 4866 Καὶ
3027 4813 3266 4884 Καίσαρι
3295 4813 3530 4885 Τιϐερίῳ
3557 4826 3707 4880 προσ-

2155 4908 2348 4975 ελθὼν,
2403 4907 2807 4980 φιλανθρώπως
2841 4905 3057 4978 ἐδέχθη.
3079 4905 3308 4978 Γραφῆς
3335 4905 3392 4958 δὲ
3422 4904 3516 4959 τοῦ
3559 4900 3706 4960 Καπί·

2155 5019 2326 5065 τωνος
2367 5001 2648 5072 Ἐρρενίου
2695 4997 3058 5068 κομισθείσης
3082 4997 3160 5069 τῷ
3193 4999 3462 5070 Καίσαρι,
3488 4997 3560 5061 ὠς
3590 4993 3705 5049 tit-25'-

2155 5095 2256 5166 δρα
2316 5093 2625 5163 Ἀγρίππας
2679 5091 2984 5160 τριάκοντα
3048 5090 3314 5162 μυριάδας
3361 5090 3704 5160 πραττόμενοι

2157 5184 2390 5246 δάνειον,
2419 5181 2666 5253 ὠργίσθη
2693 5194 2708 5210 ⁸
2735 5182 2832 5234 καὶ
2866 5181 2939 5251 μὴ
2988 5181 3394 5253 συγχωρεῖσθαι
3446 5181 3589 5250 αύτῷ
3625 5175 3702 5244 τὴν

2160 5274 2299 5345 πρὸς
2327 5272 2492 5326 αὑτὸν
2521 5272 2811 5325 ἐκέλευσεν
2843 5271 3071 5335 είσοδον,
3098 5272 3227 5344 ἄχρι
3257 5271 3320 5344 δὴ
3343 5272 3406 5325 τὸ
3433 5272 3588 5344 χρέος
3620 5285 3702 5320 κα·
3782 5308 3785 5309 ν

2165 5363 2413 5418 ταϐαλεῖ.
2451 5363 2511 5416 '0
2536 5361 2613 5426 δὲ,
2648 5357 3066 5430 δανεισάμενος,
3092 5360 3322 5414 ἀπέδοτο
3348 5359 3412 5412 τὸ
3440 5358 3700 5430 ὀφείλημα.

2167 5458 2263 5511 καὶ
2309 5451 2466 5518 αὖθις
2497 5454 2666 5524 εἰσῄει
2693 5452 2830 5522 πρὶς
2881 5450 2974 5503 τὸν
3015 5450 3292 5520 Τιϐέριον.
3322 5452 3433 5504 Καὶ
3465 5453 3492 5504 ὁ
3517 5451 3700 5510 Καῖσαρ

479 5555 570 5609 alii
626 5554 731 5609 sibi
779 5556 1059 5625 negotium
1105 5553 1457 5608 facesserent.
1511 5553 1697 5618 Neque
1744 5553 1973 5608 ducibus
2005 5565 2043 5607 e‘

2167 5547 2422 5600 ἐκέλευεν
2448 5545 2610 5598 αὐτὸν
2642 5541 2720 5612 τῷ
2749 5540 2928 5611 υἱωνῷ
2955 5541 3124 5596 αὑτοῦ
3154 5543 3606 5615 παρατυγχάνειν,
3626 5534 3697 5588 καὶ

483 5649 935 5717 procuratoribus
984 5663 1012 5700 a
1046 5662 1103 5702 se
1150 5646 1331 5700 missis
1357 5659 1704 5702 successores
1735 5645 1921 5710 dabat,
1953 5643 2058 5699 nisi

2168 5645 2492 5714 θεραπεύειν
2523 5641 2704 5698 αὐτόν.
2743 5635 3056 5708 Ἀγρίππας
3084 5639 3140 5693 δὲ
3167 5641 3301 5712 πρὸς
3341 5640 3498 5695 Γάϊον
3531 5632 3696 5710 μᾶλλον

1674 5805 1875 5866 Variae
1907 5801 2214 5864 lectiones
2245 5809 2307 5864 et
2342 5808 2530 5864 notae.

569 5934 680 6004 (‘66)
716 5936 876 6005 Αὐτὴ
928 5935 1075 6006 γοῦν
1138 5937 1174 6006 ἡ
1227 5938 1475 6008 Κύπρις.
1530 5937 1665 5995 \‘idc.
1716 5936 2043 5996 observata:

2150 5933 2386 6008 caligero
2410 5935 2478 5991 ad
2507 5933 2826 6002 Eusebium,
2859 5950 2912 6008 p.
2954 5934 3074 6003 102,
3104 5941 3164 5988 ιιι
3196 5928 3334 5988 edit.
