3772 6548
487 321 596 386 487
1755 318 2083 382 IOANNIS
2111 318 2436 380 zemas
3580 333 3666 399 iss

477 442 690 496 δίκαιον
742 440 788 494 δ·
819 437 1004 507 ἔλεγεν
1053 432 1213 503 εἶναι,
1277 435 1376 508 τῆς
1426 435 1771 508 εὐδαιμονίας
1819 435 1900 504 τῷ
1967 434 2124 506 ἀνδρὶ
2163 435 2579 506 κοινωνήσασαν
2634 433 3022 504 ἐγκαταλιπεῖν
3065 433 3161 489 ἐπὶ
3201 439 3319 502 ταῖς
3362 439 3670 514 δυσπραγίαις

481 538 668 590 αὐτόν.
714 535 774 587 Ὀ
806 534 992 605 μέντοι
1014 533 1177 596 Γάϊος
1203 531 1294 585 τὸν
1323 531 1422 602 μὲν
1446 532 1658 602 πρῶτον
1691 531 1938 584 ἐνιαυτὸν
1989 528 2086 582 καὶ
2120 529 2212 582 τὸν
2265 527 2352 598 ἐφ’
2421 527 2554 598 ἑξῆς
2606 529 2974 600 μετριώτερον
3009 530 3204 601 ἐχρῆτο
3245 533 3355 597 τοῖς
3406 537 3666 609 πράγμασι·

481 628 694 699 προῖὼν
739 627 796 680 δὲ
827 623 1135 690 ἐξεθείαξεν
1167 622 1382 687 ἑαυτὸν,
1423 623 1516 676 καὶ
1551 619 1710 675 θεοῦν
1779 618 2080 690 ἐπεχείρει.
2126 617 2239 672 Kal
2283 616 2351 688 δὴ
2403 618 2648 682 στάσεως
2719 618 3014 686 γεγονυίας
3071 622 3185 684 τοῖς
3244 623 3302 676 εν
3348 624 3671 706 Ἀλεξανδρείᾳ

494 722 771 784 Ἰουδαίοις
801 721 894 774 καὶ
934 719 1181 787 Ἕλλησι,
1221 719 1374 787 τρεῖς
1413 716 1508 784 ἀφ’
1533 715 1798 784 ἑκατέρου
1852 713 2052 784 μέρους
2087 713 2346 783 παρῆσαν
2376 712 2514 783 πρὸς
2547 713 2709 768 Γαῖον
2741 713 3102 781 πρεσϐευταί.

553 816 624 870 Χ.
658 815 796 886 Apio
838 829 972 869 vero
1005 811 1506 867 Alexandrinorum
1560 811 1867 882 legatorum
1911 823 2056 864 unus
2083 811 2132 868 Δ

481 924 608 964 cum
639 907 743 962 alia
772 906 976 961 Judaais
997 905 1220 976 objecit,
1251 912 1370 959 tum
1397 903 1555 970 illud,
1583 920 1710 959 cum
1732 917 1926 959 omnes
1951 902 2062 957 Ro-

481 1013 660 1053 mame
697 996 997 1068 provincia:
1017 993 1150 1049 Caio
1190 993 1397 1063 templa
1424 1002 1480 1048 et
1513 1009 1637 1049 aras
1660 994 1954 1056 mdilicent,
1982 991 2062 1047 di-

465 1088 747 1157 --vinosque
772 1085 1009 1138 honores
1036 1083 1368 1150 decernant,
1415 1099 1514 1140 eos
1543 1085 1692 1140 solos
1719 1082 2053 1155 ignominio-

465 1194 604 1234 sum
635 1177 859 1241 ducere,
891 1192 1016 1231 eum
1042 1177 1241 1238 statuis
1264 1163 1562 1244 honorare,
1586 1193 1650 1234 ac
1681 1193 1782 1248 per
1809 1179 1929 1248 ejus
1955 1190 2061 1231 no-

480 1285 607 1324 men
657 1269 864 1340 jurare.
925 1268 1210 1323 Philonem
1251 1284 1384 1324 vero
1449 1268 1696 1324 Judaica
1767 1266 2059 1340 legationis

480 1363 811 1434 principem,
838 1363 1015 1416 virum
1045 1362 1338 1427 illustrem,
1366 1372 1422 1418 et
1442 1361 1804 1432 philosophiae
1825 1376 1938 1417 non
1959 1375 2058 1416 ex-

474 1467 717 1526 pertem,
766 1455 1062 1526 populares
1086 1471 1218 1510 suos
1245 1455 1542 1510 defendere
1587 1462 1864 1524 paratum,
1894 1452 2058 1509 Caiu

463 1550 647 1605 'verba
689 1548 873 1604 facere
900 1565 1010 1603 non
1042 1565 1252 1620 passus,
1288 1565 1319 1604 e
1353 1549 1537 1604 medio
1561 1547 1828 1604 excedere
1853 1546 2055 1618 jussit:

479 1657 544 1697 ac
576 1642 714 1697 satis
739 1657 853 1712 pra:
877 1657 936 1698 se
962 1642 1112 1705 tulit,
1137 1658 1195 1696 se
1220 1641 1429 1697 cladem
1484 1639 1691 1698 Iudaeis
1741 1640 2052 1695 illaturum.

479 1733 552 1788 At
581 1733 737 1789 Philo
767 1734 1167 1789 contumeliose
1217 1732 1460 1800 habitus,
1507 1731 1730 1789 Jutlaaos
1766 1732 1864 1802 qui
1915 1729 2055 1786 foris

467 1824 760 1886 astabant,
794 1823 960 1879 bonis
981 1822 1183 1879 animis
1211 1822 1530 1894 essejussit.
1560 1820 1755 1878 Caium
1770 1820 1917 1877 enim
1941 1835 2053 1876 non

483 1917 638 1988 ipsis,
661 1916 760 1972 sed
791 1917 895 1988 ipsi
918 1918 1030 1973 Deo
1051 1916 1368 1974 insultasse.
1391 1918 1594 1974 Verum
1619 1915 1923 1986 Imperator
1941 1929 2054 1972 non

469 2009 771 2066 -l‘erendum
803 2019 978 2074 ratus,
1012 2011 1057 2064 si
1090 2025 1122 2065 a
1150 2010 1354 2066 Judmis
1386 2025 1488 2081 pro
1524 2009 1630 2066 deo
1677 2025 1788 2066 non
1841 2010 2054 2066 colere-

461 2109 598 2169 .tur,
627 2103 946 2158 Petronium
970 2102 1190 2157 Vitellio
1229 2117 1606 2160 successorem
1625 2101 1812 2166 mittit,
1843 2111 2051 2157 etcum

458 2206 679 2262 magna
716 2207 882 2244 manu
917 2193 971 2246 in
1001 2191 1246 2247 Judaeam
1271 2193 1607 2263 profectum,
1666 2207 1819 2248 suam
1853 2191 2051 2262 imagi—

479 2302 605 2341 nem
641 2285 695 2338 in
721 2285 926 2354 templo
959 2285 1056 2340 Dei
1087 2285 1358 2342 collocare
1385 2285 1561 2356 jubet.
1595 2285 1753 2352 Quod
1790 2286 1836 2342 si
1865 2285 2054 2342 volen-

461 2391 562 2434 tes
590 2377 896 2433 concedere
921 2378 1120 2442 nolint,
1147 2385 1208 2432 ut
1239 2393 1335 2447 per
1359 2378 1466 2432 vim
1493 2386 1548 2433 et
1578 2377 1748 2434 armis
1775 2377 1832 2434 id
1867 2379 2052 2434 faciat.

477 2468 774 2524 Petronius
805 2467 977 2540 Syriae
997 2478 1236 2538 przctura
1275 2477 1550 2538 suscepta,
1585 2468 1936 2539 imperatoris
1958 2483 2055 2523 ex-

472 2559 636 2630 sequi
659 2542 808 2630 jussa
844 2557 1198 2629 preperabat.
1228 2557 1336 2613 Sed
1364 2573 1490 2612 cum
1534 2556 1928 2612 Ptolemaidem
1957 2573 2055 2613 ve—

467 2654 676 2719 nisset,
700 2652 1019 2708 Iudaeorum
1051 2651 1224 2704 multa
1247 2649 1417 2704 millia
1437 2664 1566 2704 eum
1595 2648 1872 2714 adierunt,
1890 2665 2052 2704 oran-

472 2747 618 2801 tium
650 2760 719 2800 ne
753 2744 822 2798 ad
870 2745 1042 2814 patria
1084 2743 1334 2797 instituta
1382 2742 1640 2797 violanda
1692 2751 2047 2812 cogerentur.

456 2836 578 2900 ,Sin
613 2836 780 2890 nullis
805 2835 1065 2904 precibus
1101 2844 1443 2900 moveretur,
1479 2845 1540 2888 ut
1567 2849 1624 2890 se
1674 2835 1828 2905 prius
1873 2835 2049 2890 inter-

477 2929 663 2992 fectis,
697 2929 772 2984 ita
809 2929 1031 2983 demum
1093 2937 1328 2982 statuam
1387 2927 1702 2984 collocaret.
1762 2927 2052 2981 Petronius

475 3019 790 3089 reSpondit,
829 3020 873 3074 si
904 3031 1093 3087 suapte
1130 3019 1426 3072 autoritatc
1455 3017 1544 3071 illa
1573 3025 1780 3088 ageret,
1803 3015 1926 3086 jure
1965 3032 2052 3071 se-

463 3126 606 3167 cum
646 3112 730 3180 agi
758 3125 948 3180 posse;
985 3111 1080 3164 sed
1116 3109 1243 3179 quia
1277 3109 1455 3165 Cazsar
1475 3109 1753 3180 jussisset,
1809 3108 2052 3164 decretis

456 3203 628 3258 .jllius
654 3203 969 3258 necessario
1027 3201 1492 3272 acquiescendum
1543 3216 1686 3256 esse.
1738 3200 1832 3255 llis
1887 3201 2050 3256 dictis

476 3292 825 3348 Tiberiadem
849 3292 1021 3357 venit,
1051 3291 1367 3348 Judaeorum
1395 3292 1612 3347 animos
1637 3290 2044 3361 exploraturus.

461 3386 582 3442 Sed
620 3385 696 3442 ibi
719 3401 941 3456 quoque
971 3386 1144 3442 multa
1163 3385 1480 3443 Judzeorum
1511 3385 1683 3442 millia
1713 3385 1764 3440 ei
1787 3400 2049 3441 occurre-

2226 806 2284 864 l'.
2333 807 2538 864 ’Δπίων
2581 807 2696 880 (⁵10)
2729 809 2787 862 δὲ
2835 809 2946 862 τῶν
3008 810 3396 886 Ἀλεξανδρέων
3435 825 3670 890 πρεσϐἐων

2161 896 2264 966 εἷς,
2291 901 2427 954 ἄλλα
2457 918 2518 954 τε
2551 902 2856 973 κατηγόρει
2881 901 2992 956 τῶν
3034 903 3325 972 Ἰουδαίων,
3363 913 3534 979 καὶὼς
3565 920 3670 975 πάν.

2159 1010 2271 1048 των
2314 993 2425 1047 τῶν
2479 992 2586 1047 ὑπὸ
2652 994 2982 1066 Ῥωμαίους,
3043 997 3261 1068 βωμοὺς
3305 1001 3382 1073 τῷ
3428 1007 3555 1080 Γαίῳ
3599 1017 3670 1070 καὶ

2156 1085 2326 1150 ,ναοὺς
2379 1088 2750 1154 ἀνιστώντων,
2803 1090 2901 1144 καὶ
2933 1090 3012 1154 ὡς
3059 1091 3182 1146 θεὸν
3237 1094 3524 1164 τιμώντων,
3555 1099 3671 1161 οὗτοι

2162 1181 2316 1250 μόνοι
2369 1181 2558 1247 ἄδοξον
2603 1184 2839 1256 ἥγηνται
2880 1185 3133 1257 ἀνδριᾶσι
3194 1191 3355 1259 τιμᾷν
3388 1193 3551 1260 αὐτον,
3599 1203 3671 1254 καὶ

2157 1272 2348 1342 ὅρκιον
2385 1273 2556 1328 αὐτοῦ
2596 1276 2872 1332 ποιεῖσθαι
2899 1277 2962 1332 τὸ
2991 1278 3186 1348 όνομα.
3239 1281 3360 1336 Ἐπὶ
3393 1285 3576 1351 τούτοις
3601 1293 3670 1344 Φί-

2157 1361 2268 1418 λων
2291 1403 2308 1431 ,
2347 1366 2446 1435 τῆς
2473 1367 2582 1421 τῶν
2660 1368 2932 1423 Ἰουδαίων
2999 1371 3297 1440 πρεσϐείας
3349 1382 3668 1450 προεστηκὼς,

2153 1459 2296 1546 ἀνὴρ
2337 1459 2552 1524 ἔνδοξος
2590 1459 2689 1515 καὶ⁵
2745 1462 3068 1532 φιλοσοφίας
3095 1465 3197 1519 οὐκ
3227 1467 3462 1540 ἄπειρος,
3497 1472 3669 1546 ἕτοιμος

2154 1545 2226 1621 ἦν
2259 1551 2854 1625 ὑπεραπολογήσασθαι
2893 1558 3003 1611 τῶν
3031 1558 3306 1627 ὁμοεθνῶν
3329 1577 3344 1596 ο
3384 1565 3411 1617 ό
3453 1564 3504 1618 δὲ
3543 1545 3668 1634 Γάϊος

2149 1643 2256 1697 οὐκ
2277 1645 2558 1715 ἠνέσχετο,
2594 1645 2866 1710 κελεύσας
2893 1648 3145 1704 ἐκποδὼν
3175 1649 3565 1720 ἀπελεύσεσθαι,
3593 1659 3668 1728 δῆ·

2157 1732 2256 1798 λός
2300 1752 2363 1790 τε
2405 1733 2476 1809 ἦν
2513 1738 2782 1794 κακώσων
2827 1740 3050 1805 αὐτούς.
3085 1741 3197 1796 Καὶ
3225 1744 3254 1797 ό
3279 1741 3444 1798 ⁴Ἤλων
3481 1745 3667 1813 ἐξελθὼν

2154 1829 2640 1902 περιυϐρισμένος,
2683 1833 2820 1904 φησὶ
2871 1832 3009 1904 πρὸς
3056 1833 3188 1898 τοὺς
3230 1835 3355 1906 περὶ
3385 1839 3531 1892 αὑτὸν
3565 1842 3665 1897 Ἰου-

2151 1921 2358 1987 δαίους,
2393 1923 2472 1986 ὡς
2506 1927 2615 1995 χρὴ
2643 1923 2892 1997 θαρρεῖν,
2923 1926 2987 1979 οὐ
3027 1926 3140 1998 γὰρ
3165 1927 3246 1990 είς
3269 1929 3460 1994 αὐτοὺς
3491 1934 3517 1985 ὁ
3541 1933 3665 1999 Γάϊος

2153 2015 2578 2087 πεπαρῴνηκεν,
2605 2019 2686 2080 είς
2715 2018 2772 2072 δὲ
2809 2020 2871 2073 τὸ
2897 2019 3056 2074 Θεῐον
3090 2021 3244 2076 αὐτό.
3284 2022 3341 2078 '0
3375 2023 3418 2077 δ’
3446 2026 3666 2098 αὐτοκρά-

2153 2125 2266 2179 τωρ
2316 2107 2490 2162 δεινὸν
2536 2108 2863 2179 ἡγούμενος,
2913 2110 3019 2165 ὑπὸ
3058 2109 3328 2166 Ἰουδαίων
3376 2114 3444 2187 μὴ
3484 2116 3548 2178 ὡς
3575 2118 3666 2183 Θεὸς

2153 2199 2518 2271 πϐασθῆναι,
2547 2201 2857 2272 Πετρώνιον
2884 2202 3168 2274 ἐκπέμπει
3201 2203 3435 2277 διάδοχον
3455 2208 3542 2275 τῆς
3565 2211 3664 2264 Οὐϊ-

2153 2296 2364 2350 τελλίου
2411 2296 2613 2366 ἀρχῆς,
2651 2297 2916 2360 κελεύσας
2960 2300 3110 2368 χειρὶ
3159 2299 3322 2371 πολλῇ
3353 2302 3580 2372 ἐμϐαλεῖν
3607 2307 3665 2368 εἰς

2151 2387 2254 2458 τὴν
2299 2388 2582 2452 Ἰουδαίαν,
2620 2390 2716 2442 καὶ
2739 2390 2893 2461 ίστᾷν
2917 2390 3087 2444 αὑτοῦ
3111 2391 3396 2464 ἀνδριάντα
3424 2395 3477 2448 ἐν
3499 2394 3564 2466 τῷ
3581 2397 3663 2466 ναῷ

2147 2478 2250 2532 τοῦ
2283 2479 2446 2533 Θεοῦ.
2485 2480 2547 2532 Εἰ
2575 2481 2633 2534 δὲ
2687 2481 2764 2552 μὴ
2798 2482 3019 2546 ἑκόντες
3053 2488 3448 2556 παραχωροῖεν,
3488 2488 3662 2558 πολέμῳ

2147 2569 2511 2640 κρατήσαντα
2538 2567 2699 2624 τοῦτο
2741 2575 2936 2628 ποιεῖν.
2967 2575 3080 2627 Kal
3105 2575 3132 2626 ὁ
3171 2576 3468 2646 Πετρώνιος
3489 2575 3572 2644 τήν
3591 2579 3662 2647 τῆς

2153 2663 2355 2732 Συρίας
2384 2662 2741 2733 παρειληφὼς
2769 2663 2965 2734 ἀρχὴν,
2999 2667 3267 2736 ἠπείγετο
3298 2667 3571 2739 πληρώσων
3589 2670 3662 2733 τὰς

2151 2753 2246 2807 τοῦ
2283 2753 2565 2824 Καίσαρος
2613 2756 2857 2819 ἐντολάς.
2899 2758 3012 2811 Καὶ
3060 2761 3144 2821 είς
3187 2759 3508 2832 Πτολεμαΐδα
3543 2779 3660 2830 γενο-

2144 2846 2304 2916 μένῳ
2341 2846 2649 2918 προσῆλθον
2695 2848 2968 2903 Ἰουδαίων
3007 2851 3204 2906 πολλαὶ
3233 2854 3494 2924 μυριάδες,
3515 2855 3659 2925 δεόμε-

2150 2957 2241 2992 ναι
2267 2939 2339 3008 μὴ
2374 2938 2658 3008 βιάζεσθαι
2686 2943 2828 3010 σφᾶς
2854 2942 2947 2996 ἐπὶ
2978 2944 3291 3014 παραδόσει
3320 2945 3419 2998 τῶν
3447 2949 3658 3018 «capior.

2153 3031 2216 3084 El
2246 3030 2292 3083 δ’
2323 3034 2698 3103 ἀπαραίτητος
2724 3030 2797 3100 εἴ,
2827 3035 3020 3104 ελεγον
3051 3039 3318 3109 πρότερον
3345 3040 3478 3110 ἡμᾶς
3507 3041 3661 3108 διαχει-

2149 3122 2474 3191 ρισάμενος,
2514 3121 2689 3186 οὕτως
2720 3124 2844 3178 ἵστα
2875 3126 2935 3179 τδ
2969 3125 3218 3198 ἄγαλμα.
3251 3129 3530 3201 Πετρώνιος
3553 3131 3591 3184 δ’
3611 3133 3659 3184 ά-

2155 3211 2457 3282 πεκρίνατο
2501 3213 2599 3277 ὡς·
2643 3215 2706 3268 Εί
2739 3216 2846 3286 μὲν
2877 3217 2973 3285 ἀφ’
3004 3219 3208 3273 ἑαυτοῦ
3253 3221 3398 3276 ταῦτ’
3423 3223 3656 3292 ἔπραττεν,

2147 3304 2362 3369 δίκαιος
2399 3301 2468 3376 ἦν
2497 3307 2636 3376 πρός
2671 3325 2743 3379 με
2781 3309 2914 3380 ὑμῖν
2939 3312 2967 3364 ό
2999 3311 3196 3382 λόγος·
3225 3315 3487 3386 Καίσαρος
3517 3315 3564 3369 δὲ
3589 3332 3658 3368 κε-

2152 3402 2466 3472 λεύσαντος,
2500 3401 2652 3455 πᾶσα
2681 3401 2814 3472 ἀνάγ
2825 3419 2899 3474 κη
2925 3403 2999 3459 τὰ
3029 3406 3228 3476 ἐκείνῳ
3252 3407 3521 3479 δεδογμένα
3552 3411 3658 3478 πλη-

476 3483 629 3538 runt,
662 3475 852 3531 itidem
886 3477 1189 3542 orantium,
1222 3492 1294 3532 ne
1326 3475 1431 3532 sibi
1483 3476 1592 3530 vim
1628 3473 1871 3537 aﬂ'crret,
1907 3491 1965 3530 ιιι

2167 3494 2300 3552 ὶοῦν.
2331 3493 2522 3548 Ταῦτα
2567 3493 2763 3561 εἰπὼν,
2800 3473 2896 3550 ἐπί
2922 3473 3222 3571 Τιϐεριάδα
3267 3473 3498 3568 aptati-:10,
3525 3473 3656 3556 κατε-

471 3567 669 3620 urbem
707 3567 1006 3622 simulacro
1037 3567 1344 3636 pollueret;
1376 3565 1471 3636 qui
1503 3582 1534 3620 a
1559 3565 1817 3621 Petronio
1845 3564 2042 3636 rogati,

469 3673 606 3714 num
649 3658 856 3713 bellum
887 3658 1098 3728 gesturi
1154 3667 1371 3725 essent,
1433 3673 1493 3714 se
1538 3658 1745 3714 bellum
1789 3665 2046 3730 gesturos

465 3765 593 3806 esse
613 3760 909 3823 negarunt,
939 3750 1036 3807 sed
1062 3750 1245 3806 statim
1292 3760 1525 3808 mortem
1571 3749 1915 3822 oppetituros
1941 3765 2046 3821 po-

457 3842 604 3906 tius,
637 3857 801 3912 quam
829 3843 1228 3899 commissuros
1263 3853 1325 3898 ut
1355 3845 1534 3914 patria
1575 3843 1834 3898 instituta
1870 3841 2044 3897 viola-

467 3943 618 4000 rent,
649 3934 951 4004 acjugulos
982 3946 1372 4004 porrexerunt.
1397 3934 1498 3990 llis
1525 3950 1623 4004 per
1655 3934 1774 3989 dies
1795 3950 1861 3988 ιι.
1885 3934 2045 3998 actis,

467 4024 830 4082 Aristobulus
870 4026 1128 4098 Agrippa:
1165 4027 1358 4090 frater,
1389 4037 1448 4082 et
1486 4026 1578 4082 alii
1612 4027 1779 4098 278
1803 4025 2001 4082 delecti
2025 4064 2042 4090 ,

469 4120 793 4176 Petronium
818 4123 1022 4190 precati
1054 4131 1205 4188 sunt,
1231 4138 1300 4178 ne
1345 4122 1516 4177 rebus
1567 4120 1838 4177 novandis
1875 4134 2050 4189 popu-

453 4213 584 4268 Jum
616 4212 684 4266 ad
740 4212 1180 4282 desperationem
1223 4213 1554 4284 impelleret,
1601 4209 1697 4266 sed
1733 4209 1810 4266 ιιι]
1853 4209 2044 4264 Caium

465 4304 767 4369 scriberet,
807 4303 1273 4374 quemadmodum
1315 4302 1488 4359 Judaei
1519 4303 1688 4358 nullis
1739 4301 2048 4358 rationibus

467 4394 539 4448 ad
568 4401 808 4450 statuam
845 4394 1223 4466 recipiendam
1255 4393 1462 4447 adduci
1497 4398 1742 4461 possent.
1771 4389 2046 4446 Fortassis

463 4487 616 4542 enim
648 4503 776 4542 eum
796 4487 1109 4557 mitigatum
1143 4485 1232 4552 iri,
1263 4495 1318 4540 et
1346 4483 1672 4540 sententiam
1701 4493 2043 4538 mutaturum

463 4594 616 4635 esse.
651 4579 748 4634 Sin
787 4579 843 4635 in
880 4578 1166 4648 proposito
1207 4583 1616 4648 perseveraret,
1658 4584 1773 4630 tum
1811 4584 1875 4632 et
1926 4575 2045 4646 ipse

466 4688 586 4728 rem
633 4671 1048 4742 aggrederetur.
1105 4671 1201 4726 llis
1257 4671 1549 4725 Petronius
1601 4669 1920 4734 obsecutus,
1971 4668 2041 4746 ad

453 4762 660 4826 ,Caium
687 4778 753 4818 ea
783 4763 852 4817 de
877 4778 934 4818 re
961 4761 1204 4832 scripsit.
1236 4762 1400 4832 Regis
1425 4776 1555 4815 vero
1575 4760 1828 4831 Agrippa:
1850 4759 2042 4816 Romae

2151 3587 2363 3656 νοήσων
2415 3586 2494 3649 ὡς
2545 3584 2773 3659 γνώμης
2801 3588 3040 3659 ἔχουσιν
3095 3592 3334 3647 Ἰουδαῖοι
3380 3595 3466 3646 καὶ
3506 3592 3658 3646 πολλοὶ

2158 3678 2420 3749 μυριάδες
2446 3679 2728 3750 συνήντων
2757 3681 2930 3749 αὐτῷ,
2965 3683 3328 3752 ἱκετεύουσαι,
3349 3685 3419 3756 μὴ
3439 3688 3510 3749 εἰς
3529 3687 3658 3751 ἀνάγ-

2153 3787 2256 3834 κας
2285 3771 2485 3835 αὐτοὺς
2523 3771 2819 3844 καθιστᾷν,
2851 3775 2989 3845 μηδὲ
3025 3778 3262 3846 μιαίνειν
3301 3778 3548 3849 ἀνδριάντι
3584 3778 3657 3846 τὴν

2153 3864 2325 3920 πόλιν.
2366 3865 2480 3920 Kal
2505 3866 2534 3918 ὁ
2569 3867 2880 3939 Πετρώνιος
2920 3868 3050 3940 ἔφη,
3093 3871 3426 3942 Πολεμήσετε
3463 3867 3583 3941 ipa;
3611 3870 3657 3922 Oi

2143 3954 2195 4009 δ’
2220 3955 2295 4008 Οὺ
2328 3957 2733 4029 πολεμήσομεν,
2764 3960 2998 4028 ἔφασαν,
3034 3964 3402 4034 τεθνηξόμεθα
3425 3965 3476 4018 δὲ
3504 3965 3657 4034 πρότε-

2154 4061 2269 4114 ρον,
2297 4046 2330 4115 ἢ
2360 4048 2678 4120 παραϐῆναι
2707 4048 2775 4102 τὰ
2812 4051 3041 4122 πάτριαο
3077 4055 3172 4109 καὶ
3204 4059 3451 4126 trapeter
3477 4054 3658 4116 ἑαυτοὺς

2147 4139 2621 4208 ἀποσφάττεσθαι.
2677 4143 2787 4196 Kal
2824 4145 3002 4199 ταῦτα
3041 4146 3134 4216 ἐφ’
3165 4147 3372 4218 ἡμέρας
3414 4149 3659 4218 ἐπράττετο

2144 4231 2585 4300 τεσσαράκοντα.
2645 4233 3053 4304 Ἀριστόϐουλος
3082 4237 3140 4291 δὲ
3164 4241 3192 4294 ό
3237 4240 3514 4310 Ἀγρίππου
3538 4241 3658 4294 ἀδελ⁴

2151 4321 2250 4390 ιρδς
2297 4325 2393 4376 καὶ
2431 4324 2584 4378 ἄλλοι
2637 4326 2750 4382 τῶν
2771 4329 3066 4400 ἐκκρίτων,
3121 4332 3329 4387 ἐδέοντο
3379 4335 3654 4402 Πετρωνίου,

2156 4415 2324 4485 μηδὲν
2365 4419 2447 4479 είς
2484 4417 2746 4473 ἀπόνοιαν
2789 4421 2885 4476 τοῦ
2940 4424 3184 4494 πλήθους
3217 4431 3533 4498 παρακινεῖν,
3553 4425 3657 4478 an:

2151 4504 2386 4574 γράφειν
2431 4507 2569 4577 πρὸς
2613 4508 2782 4564 Γαῖον
2817 4510 2880 4563 τὸ
2909 4511 3209 4582 ἀνήκεστον
3235 4515 3405 4570 αὐτῶν
3430 4515 3546 4584 πρὸς
3583 4514 3657 4577 τὴν

2149 4595 2245 4649 τοῦ
2296 4597 2616 4668 ἀνδριάντος
2666 4601 2956 4674 ὑποδοχήν.
3008 4606 3185 4671 Ἴσως·
3215 4607 3323 4678 γὰρ
3368 4605 3657 4677 μαλαχθέντε

2150 4689 2339 4756 αὐτὸν,
2390 4692 2702 4762 ἀποστῆναι
2736 4693 2832 4748 τοῦ
2866 4697 3139 4764 δόξαντος.
3175 4701 3240 4755 Et
3285 4702 3328 4755 δ’
3363 4704 3566 4773 ἐμμένοι
3589 4699 3656 4752 καὶ

2149 4780 2309 4845 αὖθις
2366 4785 2434 4853 τῇ
2488 4783 2678 4855 ψήφῳ,
2728 4787 2850 4840 τότε
2899 4791 2993 4843 καὶ
3033 4793 3201 4847 αὐτὸν
3249 4793 3339 4848 τοῦ
3387 4795 3656 4864 πράγματος

465 4854 721 4924 degentis
746 4869 872 4910 cum
907 4853 1040 4910 Caio
1073 4854 1421 4910 familiaritas
1450 4853 1623 4923 magis
1655 4867 1720 4907 ac
1752 4853 1954 4924 magis:

2165 4871 2449 4928 ὶπτεσθαι.
2505 4853 2817 4946 Πετρώνιος
2871 4879 2929 4934 δὲ
2975 4883 3244 4952 πεισθεὶς,
3303 4853 3554 4939 ἐπέστειλε
3599 4881 3654 4947 τῷ

459 4946 730 5016 gebatur;
761 4947 854 5016 qui
911 4946 1165 5000 convivio
1213 4946 1283 5001 ab
1321 4961 1388 5001 eo
1416 4959 1700 5016 exceptus,
1758 4955 1813 5001 et
1868 4961 2040 5002 creua:

466 5046 723 5105 sumptus
757 5053 819 5090 ac
844 5037 1306 5108 magniﬁcentiam
1341 5037 1667 5103 admiratus,
1693 5054 1818 5092 eum
1852 5048 2039 5108 petere

451 5128 628 5202 .jussit
669 5130 938 5199 quidquid
975 5131 1161 5185 vellet.
1196 5130 1276 5185 lbi
1307 5132 1546 5205 Agrippa
1580 5147 1595 5183 :
1633 5128 1803 5195 Nihil,
1835 5128 2035 5200 inquit,

461 5229 667 5288 petam,
697 5237 799 5291 quo
823 5237 944 5291 opes
971 5238 1099 5276 mea:
1131 5232 1431 5294 augeantur
1465 5205 1483 5276 ἐ
1512 5223 1603 5275 sed
1664 5221 1738 5286 id,
1799 5223 1936 5292 quod
1989 5231 2037 5274 et

465 5311 558 5365 tibi
591 5314 804 5381 pietatis
827 5314 1144 5384 Opinionem,
1169 5323 1218 5368 et
1243 5315 1368 5368 mihi
1395 5314 1622 5384 gloriam
1666 5315 1898 5384 parabit.
1934 5312 2038 5368 Oro

464 5405 646 5476 igitur,
689 5417 743 5460 ut
767 5417 963 5462 statuta
991 5409 1372 5462 dedicationem
1402 5409 1456 5462 in
1478 5407 1668 5479 templo
1687 5407 1908 5462 Iudaico
1935 5405 2038 5460 Pe-

451 5501 638 5578 tronio
673 5501 951 5569 mandata,
980 5517 1095 5555 mea
1121 5518 1283 5555 causa
1305 5503 1541 5556 omittas.
1571 5499 1828 5565 ldCaius,
1851 5514 2037 5555 coram

2147 4963 2188 5016 Γ
2192 4968 2296 5034 atq;
2329 4967 2457 5034 περὶ
2507 4967 2607 5036 τῆς
2656 4969 2934 5041 πράξεως.
2979 4975 3286 5046 Ἀγρίππας
3317 4979 3372 5032 δὲ
3401 4980 3427 5031 ὁ
3454 4975 3653 5046 βασιλεὺς

2147 5058 2205 5108 ὲν
2244 5055 2432 5128 Ῥώμῃ
2463 5059 2692 5127 διάγων,
2721 5066 3030 5134 προέκοπτε
3066 5072 3134 5142 τῇ
3166 5071 3298 5142 πρὸς
3337 5071 3485 5123 Γαῖον
3525 5071 3650 5120 eluet-

2146 5147 2280 5203 ὤσει
2301 5166 2318 5181 ·
2346 5150 2688 5222 θαυμασθείς
2716 5174 2778 5210 τε
2811 5159 2870 5212 ὲν
2893 5159 2972 5230 τῷ
3001 5161 3294 5228 δειπνίζειν
3323 5163 3411 5216 τὸν
3433 5159 3651 5226 αὐτοκρὰ-

2146 5255 2283 5309 “Pa
2334 5242 2432 5312 τῆς
2470 5244 2824 5312 πολυτελείας
2879 5252 3040 5322 χάριν
3085 5255 3182 5308 καὶ
3235 5254 3327 5308 τοῦ
3369 5253 3650 5323 μεγαλοπρε-

2151 5325 2306 5391 ποῦς,
2364 5331 2694 5400 αἰτήσασθαι
2738 5343 3130 5409 προετρέπετο,
3177 5343 3208 5396 δ
3260 5344 3325 5398 ἂν
3369 5341 3503 5411 αὐτῷ
3547 5338 3648 5404 πρπ

2148 5414 2362 5489 βουλῆς-
2399 5421 2459 5474 ’0
2489 5423 2566 5476 δέ’
2598 5414 2935 5497 Διτήσομαί
2971 5449 3065 5500 σε,
3091 5433 3216 5506 ἔφη,
3237 5434 3351 5489 τῶν
3374 5431 3481 5504 μὲν
3502 5429 3647 5483 ὄλϐον

2145 5510 2844 5589 περιποιούντωνρύδὲν,
2886 5524 2918 5578 ὃ
2949 5525 3000 5579 δ’
3022 5527 3097 5582 ἂν
3121 5530 3221 5583 σοί
3247 5546 3304 5582 τε
3343 5528 3475 5598 πρὸς
3499 5521 3645 5586 δόξαν

1639 5643 1846 5705 Variae
1890 5643 2202 5712 lectiones
2244 5657 2526 5720 etnotae.

531 5767 645 5837 (70)
692 5769 928 5830 Ἀπίων.
951 5774 1108 5831 Colb.
1145 5773 1376 5828 Ἀπιών.
