3772 6538
408 327 518 393 495

1683 329 2010 392 JOANNIS
2048 330 2369 390 ZONARIE
3553 346 3640 415 ινδ

404 444 657 508 voluere,
694 458 724 497 a
753 440 990 499 Claudio
1024 443 1168 499 datis
1207 441 1275 497 ad
1324 439 1532 498 Fadum
1562 441 1786 502 litteris.
1820 442 1982 512 impe.

2102 442 2199 497 καὶ
2242 443 2533 514 πρότερον.
2576 446 2642 499 Οἱ
2688 444 2736 499 δ’
2783 446 2945 516 ίερείς
2977 444 3071 500 καὶ
3121 447 3172 500 oi
3222 448 3422 520 πρῶτοι
3465 454 3563 509 τῶν
3591 462 3640 513 iv

408 545 648 592 trarunt.
693 534 941 591 Herodes
973 549 1196 607 quoque
1259 534 1514 605 Agrippae
1548 533 1739 599 frater,
1776 532 1992 590 Chalci-

406 630 496 686 dis
536 629 797 700 princeps
822 669 838 693 ,
895 643 926 683 a
980 627 1199 684 Czesare
1244 626 1432 696 templi
1473 633 1808 696 potestatem
1835 663 1850 686 .
1909 643 1997 682 sa-

405 734 626 793 craeque
658 720 943 791 pecuniae,
988 730 1045 776 et
1089 717 1315 774 creandi
1364 715 1656 772 Pontificis
1698 715 2003 775 auctorita-

2112 532 2513 606 Ἰεροσολύμοις
2557 536 2864 605 ἀντιλέγειν
2908 538 3010 608 μὲν
3052 538 3153 592 οὐκ
3197 540 3465 610 ἐτόλμων*
3499 564 3645 619 παρσ-

2101 624 2305 678 κάλουν
2322 626 2379 679 δι
2434 627 2584 698 ὅμως
2629 629 2921 699 ἐπιτρέψαι
2953 630 3135 693 αὐτοῖς
3164 631 3421 701 πρέσϐεις
3464 638 3647 708 πέμψαι

2110 715 2250 788 πρὸς
2279 718 2370 771 τὸν
2415 719 2706 791 Καίσαρα.
2767 722 2893 785 τοὺς
2959 722 3350 792 αἰτησομένους
3392 725 3485 796 τὴν
3521 730 3648 800 ἱερᾶν

404 820 515 869 tem
549 807 790 868 obtinuit
821 829 837 870 :
884 827 1051 882 atque
1080 811 1149 865 ab
1182 809 1276 863 illo
1308 807 1568 863 omnibus
1614 808 1736 880 ejus
1760 811 1982 879 posteri:

2100 809 2297 881 στολὴν
2331 809 2462 875 παρ’
2489 810 2674 875 αὐτοῖς
2707 808 2879 865 εἶναι’
2921 813 3019 866 καὶ
3052 814 3458 886 ἐπετράπησαν.
3494 819 3647 888 Παρα-

403 920 468 959 ea
503 912 750 973 potestas
777 915 950 970 usque
973 901 1040 955 ad
1068 899 1222 954 urbis
1246 897 1523 952 excidium
1554 899 1776 953 mansit.
1815 897 1989 968 Igitur

402 996 526 1052 loro
552 1008 705 1052 moto
733 994 1005 1052 Canthara
1027 1033 1043 1059 ,
1080 991 1321 1062 Joscpho
1356 988 1511 1046 Cami
1546 988 1661 1044 ﬁlio
1692 991 1985 1061 pontiﬁca-

406 1103 521 1144 tum
563 1084 782 1142 tribuit.

2099 903 2416 974 γενομένων
2444 903 2501 956 δὲ
2549 906 2633 968 εἰς
2670 904 2768 977 τὴν
2805 904 3029 977 Ῥώμην
3074 906 3186 961 τῶν
3236 909 3525 977 πρέσϐεων,
3570 919 3648 969 καὶ

2092 995 2124 1047 ὁ
2148 995 2245 1048 τοῦ
2273 995 2583 1067 Ἀγρίππου
2608 1000 2738 1061 παῖς
2757 1000 2786 1052 ὁ
2804 998 3069 1070 νεώτερος
3101 1000 3405 1070 Ἀγρίππας
3427 1004 3535 1057 ἐκεῖ
3554 1006 3650 1059 διά.

2090 1103 2229 1154 γων,
2255 1087 2333 1151 ὡς
2361 1087 2598 1159 εἴρηται,
2645 1090 2989 1161 παρεκάλεσε
3024 1091 3117 1144 τὸν
3161 1092 3430 1163 Καίσαρα,
3462 1110 3646 1164 συγχω.

405 1181 636 1257 ρηοῆναι
668 1178 777 1240 τοῖς
831 1176 1103 1242 Ἰουδαίοις
1120 1174 1266 1247 ἔχειν
1289 1176 1387 1249 τὴν
1418 1177 1571 1245 ἱερὰν
1594 1179 1810 1249 στολήν.
1836 1179 1948 1232 Καὶ
1966 1181 1994 1233 ὁ
2025 1180 2293 1245 Κλαύδιος
2321 1183 2689 1256 συνεχώρησε,
2730 1189 2824 1238 καὶ
2849 1184 2931 1254 τῷ
2966 1185 3120 1256 Φάδῳ
3149 1184 3277 1254 περὶ
3316 1186 3510 1239 τούτων
3540 1189 3648 1243 έπέ-

400 1267 600 1320 στειλε.
618 1268 726 1320 Καὶ
748 1265 995 1337 Ἡρώδης
1010 1265 1067 1318 δὲ
1097 1267 1125 1319 ὁ
1150 1264 1244 1319 τοῦ
1281 1266 1587 1337 ’Δγρίππου
1617 1268 1867 1337 ἁδελφὸς,
1889 1270 1988 1339 τῆς
2009 1269 2066 1323 δὲ
2087 1270 2355 1337 Χαλκίδος
2379 1273 2583 1346 ἄρχων,
2616 1276 2863 1347 ᾐτήσατο
2877 1276 3028 1346 παρὰ
3053 1276 3328 1347 Καίσαρος
3358 1278 3450 1350 τὴν
3464 1279 3546 1333 τοῦ
3559 1283 3646 1335 νεὼ

401 1362 671 1431 ἐξουσίαν,
693 1361 909 1417 καὶτῶν
944 1361 1107 1435 ἱερῶν
1135 1362 1462 1435 χρημάτων,
1492 1364 1587 1417 καὶ
1617 1362 1716 1435 τὴν
1737 1364 1847 1419 τῶν
1874 1366 2180 1437 ἀρχιερέων
2196 1371 2549 1440 χειροτονίαν.
2573 1357 2865 1444 Κὰὶέτυχε
2890 1374 2988 1441 τῆς
3012 1373 3308 1445 αἰτήσεως,
3331 1378 3421 1428 καὶ
3451 1376 3504 1441 ἐξ
3526 1378 3645 1431 ἐκεί-

401 1479 492 1519 νου
538 1463 673 1516 πᾶσι
693 1463 808 1525 τοῖς
826 1460 1112 1528 ἀπογόνοις
1134 1458 1302 1513 αὐτοῦ
1325 1461 1358 1531 ἠ
1387 1461 1604 1526 ἐξουσία
1626 1462 1953 1532 παρέμεινε,
1994 1464 2155 1535 μέχρι
2176 1465 2277 1534 τῆς
2307 1468 2414 1521 τῶν
2462 1466 2848 1539 Ἰεροσολύμων
2871 1467 3148 1533 ἁλώσεως.
3183 1470 3292 1524 Καὶ
3311 1470 3373 1542 δὴ
3392 1470 3643 1544 μεθίστησι

399 1559 496 1626 τῆς
525 1554 942 1629 ἀρχιερωσύνης
972 1551 1060 1606 τὸν
1088 1551 1405 1623 Κανθηρᾶν,
1445 1553 1641 1622 Ἰωσὴφ
1668 1553 2082 1621 ἀντεισαγαγὼν
2113 1558 2207 1609 τὸν
2236 1558 2330 1611 τοῦ
2362 1561 2566 1630 Καμεί.

472 1648 614 1703 XIII.
657 1646 772 1701 Hoc
796 1655 1043 1717 tempore
1072 1643 1486 1699 Adiabenorum
1519 1645 1708 1715 regina
1756 1644 1982 1710 Helena,

399 1753 457 1797 et
491 1739 638 1795 filius
666 1741 788 1810 ejus
807 1738 1008 1802 Izates,
1042 1736 1364 1808 religionem
1398 1737 1684 1791 Iudaicam
1716 1745 1847 1791 sunt
1875 1751 1985 1791 am-

2164 1648 2264 1703 lI".
2313 1648 2402 1702 Ἐν
2428 1650 2611 1724 τούτῳ
2633 1652 2711 1725 τῷ
2735 1652 2962 1727 χρόνῳή
2987 1654 3097 1710 τῶν
3150 1656 3473 1729 Ἀδιαϐηνῶν
3500 1660 3641 1731 βασι-

2091 1737 2178 1802 λὶς
2220 1736 2446 1811 Ἑλένη,
2477 1744 2617 1795 καὶὸ
2638 1746 2768 1808 παῖς
2816 1746 2986 1815 αὐτῆς
3040 1746 3277 1818 Ἰζάτης,
3320 1748 3398 1812 είς
3434 1757 3495 1805 τὰ
3531 1752 3641 1807 ‘lcu-

398 1833 570 1909 plexi.
606 1831 946 1890 Monabazus
964 1830 1111 1885 enim
1146 1828 1557 1885 Adiabenorum
1607 1844 1727 1892 rex,
1772 1844 1981 1900 cogno-

2087 1829 2254 1883 δαίων
2291 1829 2390 1902 τὴν
2422 1831 2704 1912 διαγωγὴν
2753 1835 3055 1905 μετέϐαλον
3087 1838 3321 1908 νόμιμα.
3364 1841 3641 1909 Μονόϐαζος

399 1936 589 1983 ιιιοιιιο
641 1925 908 1989 Balteus,
961 1922 1223 1978 Helenam
1268 1937 1519 1978 sororem
1557 1937 1747 1978 amore
1789 1931 1985 1993 captus

400 2035 629 2077 uxorem
686 2017 883 2089 ducit:
929 2030 997 2070 ac
1053 2015 1352 2085 aliquando
1400 2032 1527 2071 cum
1558 2032 1623 2072 ea
1669 2028 1985 2088 praegnante

400 2112 633 2173 cubans,
662 2124 887 2165 manum
938 2108 1064 2179 rjus
1092 2107 1272 2163 ventri
1309 2107 1618 2178 imposuit,
1663 2123 1729 2164 ac
1771 2110 1986 2179 sopitus

399 2204 595 2260 audire
645 2217 837 2257 vocem
875 2200 1028 2256 visus
1077 2207 1188 2265 est,
1247 2215 1373 2271 quae
1422 2216 1648 2256 manum
1707 2216 1739 2256 a
1791 2210 1985 2256 ventre

399 2298 594 2352 tollere
616 2295 965 2364 juberet,_ne
997 2292 1265 2349 infantem
1300 2293 1397 2363 qui
1431 2309 1499 2348 eo
1530 2302 1863 2364 gestaretur,
1894 2293 1986 2348 lm-

398 2387 587 2449 deret,
627 2384 722 2440 Dei
757 2382 1106 2454 providentia
1150 2391 1208 2438 et
1243 2395 1628 2453 regnaturum,
1669 2392 1727 2438 et
1769 2382 1984 2438 felicem

398 2476 567 2532 ﬁnem
597 2485 1051 2533 consecuturum.
1080 2474 1155 2529 Ea
1179 2488 1314 2529 voce
1351 2473 1628 2539 turbatus,
1661 2476 1817 2530 uxori
1850 2475 1984 2545 quid

398 2568 664 2632 audisset,
688 2576 874 2621 narrat
900 2584 915 2621 :
940 2575 998 2622 et
1020 2574 1210 2621 natum
1226 2563 1399 2619 ﬁlium
1424 2563 1797 2631 Izatenvocat,
1818 2581 1984 2635 quem

397 2676 510 2731 prae
540 2660 662 2714 aliis
677 2658 938 2713 omnibus
958 2668 1072 2711 tum
1089 2672 1158 2711 ex
1175 2655 1402 2723 Helena,
1428 2665 1542 2712 tum
1563 2672 1631 2712 ex
1647 2657 1771 2711 aliis
1786 2656 1987 2712 mulie-

398 2752 556 2807 ribus
578 2760 706 2805 ante
756 2765 883 2805 eum
912 2747 1187 2819 susceptis
1213 2747 1425 2813 liberis,
1457 2758 1715 2818 tanquam
1755 2748 1982 2804 unicum

398 2842 613 2898 dilexit.
632 2842 711 2894 Ac
736 2839 968 2895 fratrum
988 2839 1111 2910 ejus
1137 2839 1402 2894 invidiam
1420 2841 1650 2903 veritus,
1668 2839 1984 2894 adolescen-

402 2946 509 2989 tem
531 2935 597 2987 ad
614 2927 1019 3000 Abennerigum
1039 2927 1258 3000 Spasini
1279 2926 1404 2983 valli
1425 2941 1607 2997 regem
1625 2926 1810 2983 misit:
1830 2943 1859 2980 a
1871 2941 1979 2996 quo

397 3031 651 3078 amanter
697 3030 993 3091 susceptus
1018 3060 1033 3086 ,
1065 3030 1123 3075 et
1148 3033 1316 3089 gener
1337 3018 1546 3073 ascitus
1573 3025 1680 3080 est.
1710 3025 1983 3089 assignata

398 3117 636 3173 ditione.
683 3115 1018 3170 Monobazus
1053 3122 1240 3168 autem
1276 3126 1404 3167 cum
1442 3110 1721 3166 senuisset
1745 3150 1761 3176 ,
1800 3110 1980 3165 lzaten

2085 1923 2196 1996 γὰρ
2249 1923 2279 1977 δ
2332 1925 2443 1978 τῶν
2493 1926 2832 1998 Ἀδιαϐηνῶν
2884 1928 3168 1999 βασιλεὺς,
3209 1924 3254 2000 ᾧ
3297 1932 3390 1986 καὶ
3441 1933 3640 2002 Βαζαῖος

2084 2014 2379 2088 ἐπίκλησις
2420 2011 2511 2089 ἦν,
2555 2022 2655 2091 τῆς
2699 2020 2940 2090 ἀδελφῆς
3002 2021 3228 2093 Ἑλένης
3282 2024 3442 2089 ἁλοὺς
3480 2027 3636 2097 ἔρωτι,

2084 2104 2283 2174 ἄγεται
2328 2108 2560 2180 ταύτην.
2608 2109 2719 2164 Καί
2749 2127 2880 2164 ποτε
2927 2114 3320 2182 συγκαθεύδων
3358 2116 3486 2187 αὐτῇ
3525 2118 3638 2191 οὔσῃ

2086 2199 2375 2269 ἑγκύμονι,
2423 2203 2489 2272 τῇ
2524 2202 2744 2275 ἐκείνης
2774 2207 2976 2275 γαστρὶ
3007 2205 3109 2278 τὴν
3146 2209 3307 2279 χεῖρα
3358 2208 3634 2280 ὑπερέθετο.

2047 2344 2055 2353 ,
2087 2290 2198 2344 Καὶ
2230 2291 2488 2357 ὑπνώσας
2515 2293 2696 2361 ἔδοξεν
2719 2296 2939 2350 ἀκούειν
2969 2299 3178 2368 φωνῆς,
3200 2295 3330 2368 ἆραι
3351 2301 3636 2371 κελευούσης

2087 2382 2154 2436 ἔκ
2177 2383 2279 2455 τῆς
2314 2385 2511 2456 νηδύος
2531 2387 2632 2459 τὴν
2674 2390 2856 2462 χεῖρα,
2891 2390 2989 2444 καὶ
3029 2392 3105 2462 μὴ
3125 2390 3329 2445 θλίϐειν
3370 2393 3428 2446 τδ
3452 2393 3503 2446 ὲν
3523 2395 3635 2467 αὐτῇ

2088 2475 2311 2548 βρέφος,
2332 2479 2469 2533 Θεοῦ
2489 2480 2716 2555 προνοίᾳ
2744 2483 2840 2536 καὶ
2869 2483 3057 2556 ἄρξον,
3089 2486 3188 2539 καὶ
3208 2486 3397 2551 τέλους
3417 2487 3638 2559 τευξόμε-

2085 2584 2177 2622 νον
2202 2569 2485 2642 εὐτυχοῦς.
2513 2573 2826 2645 Ταραχθεὶς
2848 2573 2941 2630 οὖν
2977 2577 3083 2631 ὑπὸ
3114 2579 3216 2650 τῆς
3243 2582 3439 2652 φωνῆς,
3461 2566 3633 2653 ἔφραζε

2085 2659 2264 2715 ταῦτα
2287 2665 2354 2733 τῇ
2386 2664 2626 2731 γυναικίο
2647 2666 2856 2742 καὶ-τὸν
2876 2667 2990 2721 υίδν
3022 2667 3285 2740 τεχθέντα
3308 2668 3509 2742 Ἰζάτην
3525 2671 3635 2725 ὠνό-

2092 2765 2289 2818 μασεν.
2333 2749 2446 2806 Ἦν
2488 2753 2532 2808 δ’
2570 2735 2777 2828 ἓτεροὲ
2801 2758 2995 2813 τούτου
3045 2735 3420 2834 πρεσϐύτερος
3460 2735 3517 2818 έκ
3555 2765 3633 2834 τῆς

2099 2837 2322 2912 Ἑλένης
2356 2845 2507 2916 αύτῷ
2545 2850 2851 2919 γεννηοεες,
2881 2851 3031 2904 ἄλλοι
3076 2869 3134 2905 τε
3175 2856 3359 2916 παῖδες
3394 2857 3454 2908 ἐκ
3479 2872 3633 2922 γυναι·

2086 2933 2202 2986 κῶν
2240 2935 2467 3007 ἑτέρων,
2499 2939 2729 3011 ιστεργε
2772 2943 2831 2997 δὲ
2869 2943 2961 2999 τὸν
3007 2945 3232 3017 Ἰζάτην
3280 2949 3460 3018 ὥσπερ
3503 2965 3634 3016 μονο-

2084 3027 2244 3096 γενῆ.
2287 3026 2584 3099 Ἐφθόνουν
2647 3034 2825 3088 τοίνυν
2878 3038 2927 3090 οἱ
2983 3038 3234 3108 ἀδελφοί.
3278 3041 3336 3093 '0
3376 3039 3428 3092 δὲ
3461 3040 3629 3110 πατὴρ,

2084 3116 2341 3185 δεδοικὼς
2389 3123 2519 3193 περὶ
2559 3125 2760 3198 τούτῳ,
2790 3130 3071 3201 ἐκπέμπει
3115 3131 3260 3203 πρὸς
3292 3130 3631 3209 Ἀϐεννῄριγον

397 3220 526 3266 ante
557 3208 769 3263 obitum
800 3221 965 3262 suum
989 3204 1179 3260 videre
1207 3203 1546 3259 desideravit
1572 3219 1587 3257 :
1626 3203 1791 3272 eique
1815 3202 1981 3257 ditio-

2087 3208 2177 3262 τὸν
2208 3212 2480 3268 Σπασίνου
2522 3217 2766 3288 χάρακος
2796 3219 3042 3291 βασιλέα.
3071 3224 3183 3277 Καὶ
3213 3224 3271 3288 ὃς
3302 3202 3535 3294 ἀσμένως
3556 3226 3629 3277 τὸν

396 3318 524 3358 ncm
575 3301 852 3365 attribuit,
899 3300 955 3353 in
1001 3313 1110 3368 qua
1149 3298 1195 3352 is
1233 3311 1409 3366 usque
1457 3295 1525 3351 ad
1560 3295 1732 3365 patris
1765 3293 1978 3349 obitum

395 3392 566 3446 vitam
606 3390 736 3459 egit.
768 3388 887 3454 Quo
919 3387 1202 3453 defuncto,
1247 3387 1450 3441 Helena
1483 3386 1670 3457 regina
1701 3386 1983 3457 magnati-

397 3484 503 3540 bus
550 3492 607 3537 et
638 3483 874 3552 satrapis
901 3479 1233 3542 accersitis;
1283 3478 1401 3534 Non
1450 3496 1535 3534 vos
1577 3478 1742 3542 latet,
1779 3477 1980 3547 inquit,

397 3580 650 3633 maritum
677 3593 871 3640 meum,
918 3573 1105 3629 lzaten
1128 3575 1274 3644 regni
1294 3588 1638 3627 successorem
1659 3573 1979 3643 designasse.

396 3672 501 3728 Sed
535 3688 653 3726 cum
685 3670 896 3724 beatum
927 3684 1037 3722 esse
1062 3667 1253 3732 sciam,
1287 3682 1390 3720 non
1415 3667 1506 3737 qui
1538 3665 1600 3719 ab
1626 3681 1752 3729 uno,
1773 3665 1867 3721 sed
1891 3663 1982 3734 qui

397 3784 430 3822 α
465 3765 704 3838 pluribus
736 3762 906 3832 iisque
935 3759 1227 3815 volentibus
1254 3774 1472 3829 regnum
1499 3757 1756 3828 acceperit
1774 3771 1793 3810 :
1817 3770 1980 3825 nego-

397 3862 533 3912 tium
572 3860 666 3910 hoc
714 3862 885 3910 vestro
932 3866 1137 3923 quoque
1169 3852 1376 3922 judicia
1414 3848 1684 3920 permitto.
1739 3847 1823 3903 Illi
1856 3856 1975 3902 sta-

396 3950 498 4005 tim
588 3945 734 4017 regis
781 3945 1058 4018 judicium
1113 3939 1558 4013 amplectendam
1604 3953 1748 4004 esse,
1808 3951 1981 4007 seque

397 4042 544 4096 ultro
610 4038 787 4104 lzati,
858 4045 1008 4092 recte
1074 4043 1131 4090 et
1178 4035 1324 4090 votis
1376 4033 1629 4088 omnium
1715 4030 1984 4085 fratribus

395 4135 622 4206 pradato
650 4175 665 4199 ,
720 4146 918 4202 parere
974 4130 1113 4186 velle
1140 4170 1155 4191 ,
1202 4137 1259 4183 et
1320 4126 1522 4182 fratres
1590 4139 1657 4179 as
1718 4132 1982 4194 cognatos

393 4231 564 4293 ejus.
633 4237 694 4280 ut
771 4239 968 4280 secure
1029 4223 1377 4291 imperaret.
1453 4221 1508 4273 in
1564 4218 1762 4288 primis
1833 4213 1979 4270 oeci-

313 4366 317 4369 .
392 4319 606 4373 dendos
635 4314 798 4387 283
824 4329 967 4380 esse,
1000 4312 1278 4368 dixerunt.
1325 4310 1532 4365 Helena
1566 4324 1701 4364 vero
1751 4316 1982 4363 senten-

395 4412 527 4466 tiam
567 4411 635 4464 de
680 4410 829 4463 caede
876 4414 1237 4478 cognatorum
1282 4402 1648 4457 ditl'erendam
1694 4417 1818 4458 esse
1850 4416 1982 4457 cen-

391 4507 524 4568 suit,
557 4504 733 4558 dunee
758 4502 848 4556 ille
880 4500 1141 4563 venisset,
1175 4513 1239 4552 ac
1267 4496 1516 4552 eamdem
1541 4496 1972 4566 comprobasset.

393 4601 656 4655 Proceres
692 4613 824 4652 vero
875 4597 998 4649 illos
1049 4595 1259 4649 interea
1309 4592 1365 4647 in
1416 4591 1652 4647 vinculis
1692 4591 1975 4649 habendos

390 4705 514 4744 esse
545 4695 899 4747 monuerunt,
930 4684 1108 4739 donec
1156 4682 1248 4738 ille
1287 4681 1547 4738 venisset.
1598 4680 1804 4751 Regina
1842 4696 1976 4737 vero

392 4783 563 4836 lilium
599 4787 727 4833 natu
759 4776 1058 4833 maximum
1087 4789 1317 4829 summat
1358 4788 1538 4828 rerum
1572 4773 1836 4842 praefecit,
1885 4789 1980 4842 pa-

394 4860 534 4929 terni
567 4870 729 4942 sigilli
778 4868 986 4924 annulo
1027 4867 1179 4933 dato,
1223 4868 1315 4935 qui
1353 4865 1484 4920 Izati
1533 4880 1759 4920 reverso
1805 4879 1976 4934 regno

391 4964 577 5020 cessit.
609 4963 716 5017 Sed
743 4960 966 5016 Iudaeus
1007 4959 1230 5028 quidam
1272 4958 1497 5013 nomine
1542 4957 1805 5022 Ananias,
1842 4956 1973 5012 lzati

392 5072 619 5129 peregre
651 5057 829 5126 agenti
865 5054 1152 5109 familiaris
1179 5054 1378 5119 factus,
1413 5052 1723 5108 doctrinam
1751 5050 1822 5108 de
1862 5052 1974 5106 Deo

392 5159 448 5205 ct
475 5150 786 5205 Judaeorum
818 5148 1030 5217 legibus
1066 5146 1313 5207 tradidit.
1350 5145 1565 5201 Accidit
1594 5160 1783 5216 porro,
1828 5152 1890 5199 ut
1919 5154 1977 5200 et

392 5240 595 5295 llelena
625 5240 695 5295 ab
730 5240 838 5294 alio
878 5239 1068 5294 .Iudmo
1110 5238 1387 5300 inatituta,
1415 5236 1673 5291 Judaicas
1708 5250 1974 5291 caeremo-

393 5334 514 5386 nias
542 5331 986 5401 amplecteretur.
1017 5330 1191 5385 Izates
1224 5345 1348 5384 cum
1385 5329 1644 5392 venisset,
1675 5344 1740 5383 ac
1768 5343 1972 5399 cogna-

397 5432 479 5478 tus
506 5422 559 5478 in
601 5422 837 5477 vinculis
870 5423 1187 5493 reperisset,
1229 5421 1281 5476 id
1314 5436 1459 5492 aegre
1496 5420 1618 5475 tulit
1654 5438 1667 5476 :
1710 5436 1775 5476 ac
1821 5423 1976 5476 solu-

395 5528 498 5581 Ius,
536 5533 602 5571 ne
633 5516 873 5586 suspecti
900 5523 1109 5579 essent,
1138 5514 1336 5585 partim
1365 5512 1588 5569 obsides
1612 5513 1841 5568 Romam
1873 5514 1973 5568 mi-

2085 3301 2297 3372 Ἰζάτην
2321 3307 2565 3375 ἐδέξατο,
2586 3310 2680 3363 καὶ
2703 3312 2973 3386 κηδεστὴν
2994 3315 3085 3368 ἐπὶ
3103 3316 3337 3386 θυγατρὶ
3356 3318 3627 3388 ἐποιήσατο,

2082 3397 2178 3449 καὶ
2214 3398 2398 3469 χώραν
2428 3402 2577 3474 αὐτῷ
2617 3406 2882 3476 παρέσχε.
2920 3406 3257 3479 Γεγηρχκὼς
3283 3411 3340 3463 δὲ
3370 3413 3396 3462 ὀ
3424 3409 3629 3463 Μονόϐα-

2082 3486 2194 3553 ζος,
2231 3491 2363 3544 ἰδεῖν
2394 3493 2990 3569 ὲπεθύμειτδνΊζάτην
3015 3501 3121 3571 πρὸ
3151 3500 3249 3554 τοῦ
3269 3501 3629 3555 θανεῖν.Μετα-

2083 3582 2440 3654 πιμψάμενος
2457 3583 2551 3638 οὖν
2566 3588 2683 3640 αὖτ’
2701 3607 2750 3649 ν,
2773 3608 2804 3658 c;
2816 3590 2928 3657 ιλοᾳ
2941 3592 3112 3662 ρόνως
3125 3594 3441 3659 ἀσπάζεται,
3454 3595 3534 3646 καὶ
3546 3593 3627 3663 χώ·

2085 3687 2186 3744 ραν
2204 3672 2575 3748 αύτῷἀτισκλή
2586 3695 2779 3749 ρωσεν,
2795 3677 2852 3734 ὲν
2883 3677 2914 3753 ᾖ
2938 3684 3032 3736 καὶ
3047 3684 3293 3758 διέτριψε
3311 3686 3459 3757 μέχρι
3476 3687 3625 3739 τελευ-

2079 3762 2181 3832 τῆς
2203 3763 2296 3818 τοῦ
2318 3768 2546 3839 πατρός.
2576 3769 2923 3835 Ἐκλιπόντος
2949 3771 3005 3825 δὲ
3029 3775 3420 3847 ΜονοϐάζουΛι
3451 3776 3624 3846 βασιλὶς

2091 3853 2283 3927 Ἑλένη
2315 3861 2708 3931 μετεπέμψατο
2747 3865 2875 3926 τοὺς
2909 3869 3248 3935 μεγιστᾶνας
3279 3870 3370 3924 καὶ
3397 3871 3510 3934 τοὺς
3542 3871 3624 3922 Σα-

2081 3949 2298 4019 τράπας
2320 3969 2335 3983 ·
2359 3946 2442 4016 οἷς
2467 3955 2842 4027 ἀφικομένοις,
2861 3961 2945 4014 Οὐ
2978 3960 3262 4031 λέληθεν,
3287 3961 3454 4031 εἷπεν,
3497 3963 3624 4034 ὑμᾶς

2083 4041 2171 4094 ὅτι
2198 4045 2231 4096 ό
2262 4044 2421 4112 ἀνὴρ
2450 4046 2592 4115 ἐμὸς
2611 4050 2719 4103 τὸν
2746 4050 2973 4120 Ἰζάτην
3002 4053 3185 4122 ἤθελε
3209 4054 3317 4124 τῆς
3341 4058 3620 4123 ,βασιλείας

2081 4133 2356 4204 γενέσθαι
2376 4135 2676 4209 διάδοχον.
2699 4144 2741 4195 Β
2754 4142 2908 4197 ῖδυῖα
2921 4143 2988 4197 δὲ
2996 4147 3303 4217 μακάριον
3315 4150 3497 4217 τὸνμὴ
3509 4144 3621 4215 παρ’

2082 4225 2239 4291 ἑνὸς,
2275 4228 2439 4282 ἀλλὰ
2481 4228 2604 4289 τῶν
2654 4234 2975 4307 πλειόνων,
3009 4240 3107 4291 καὶ
3142 4241 3365 4294 τούτων
3396 4239 3621 4293 ἑκόντων

2082 4319 2195 4385 τὴν
2207 4321 2541 4386 ,ϐασιλείαν
2565 4325 2971 4393 λαμϐάνοντα.
2997 4329 3095 4383 καί
3120 4330 3239 4385 ὑπὸ
3268 4330 3379 4398 τὴν
3401 4329 3546 4401 ὑμῶν
3567 4332 3619 4383 τὸ

2083 4412 2325 4484 πρᾶγμα
2364 4417 2571 4483 κρίσιν
2607 4420 2954 4490 πεποίημαι.
3006 4423 3071 4476 Ol
3109 4423 3154 4476 δ’
3197 4425 3391 4478 αὐτίκα
3427 4430 3510 4477 καὶ
3539 4423 3616 4492 τὴν

2083 4506 2177 4558 τοῦ
2208 4506 2479 4576 βασιλέως
2512 4509 2698 4577 κρίσιν
2730 4509 3006 4565 ἀσπασίαν
3029 4512 3286 4581 ἡγεῖσθαι
3309 4511 3416 4582 (Η)
3442 4511 3615 4579 ἔλεγον.

2084 4604 2180 4653 καὶ
2218 4598 2463 4665 ὑπείξειν
2488 4600 2709 4664 ἑκόντες
2747 4600 2948 4677 Ἰζάτῃ,
2971 4604 3198 4668 δικαίως
3237 4584 3618 4678 προκεκριμένῳ

2082 4691 2191 4744 τῶν
2217 4691 2486 4759 ἀδελφῶν,
2514 4693 2611 4746 καὶ⁷
2641 4694 2783 4748 κατά
2812 4697 2909 4759 τὶς
2934 4698 3190 4753 ἁπάντων
3221 4700 3353 4769 εύχά
3386 4738 3401 4762 ,
3425 4698 3509 4751 καὶ
3531 4698 3618 4749 δέν

2084 4785 2524 4854 προαποκτεῖναι
2584 4787 2711 4848 τοὺς
2772 4787 3037 4858 ἀδελφοὺς
3098 4789 3302 4857 αὑτοῦ,
3368 4792 3457 4844 καὶ
3515 4788 3617 4850 τοὺς

2085 4878 2393 4943 συγγενεῖς,
2428 4875 2495 4929 ἵν’
2522 4878 2784 4947 ἀσφαλῶς
2814 4882 3020 4944 ἐκεῖνος
3043 4882 3219 4953 ἄρχοι.
3260 4882 3323 4936 Ἦ
3353 4883 3405 4936 δὲ
3439 4880 3618 4953 βασιλὶς
3646 4946 3652 4953 ν

2085 4972 2184 5035 την
2248 4972 2376 5033 περὶ
2428 4967 2527 5034 τῆς
2583 4967 2924 5040 ἀναιρέσεως
2975 4974 3086 5027 τῶν
3137 4974 3510 5044 προσηκόντων
3554 4968 3616 5035 τῷ

2082 5058 2269 5128 Ἰζάτῃ
2319 5056 2546 5128 γνώμην
2597 5061 2848 5130 ἐπισχεῖν
2909 5064 3304 5131 συνεϐούλευε,
3344 5069 3518 5135 μέχρις
3562 5059 3615 5113 ἂν

2084 5150 2290 5211 ἐκεῖνος
2333 5150 2708 5222 συνδοκιμάσῃ
2748 5156 3212 5225 παραγενόμενος.
3242 5156 3306 5211 Ol
3335 5157 3389 5207 δὲ
3428 5153 3614 5221 δεσμεῖν

2083 5240 2223 5302 τέως
2268 5240 2467 5302 αὐτοὺς
2522 5240 2802 5313 παρῄνουν
2863 5245 3026 5312 μέχρι
3071 5245 3166 5313 τῆς
3209 5245 3413 5297 ἐκείνου
3451 5240 3613 5309 ἐπιδη-

2075 5332 2225 5403 μίας.
2262 5332 2568 5403 Καθίστησι
2607 5334 2664 5387 δὲ
2694 5336 2786 5387 τὸν
2831 5338 3212 5406 πρεσϐύτατον
3258 5338 3373 5391 υίδν
3406 5339 3436 5407 η
3483 5333 3612 5405 βασί-

2074 5428 2234 5480 λισσα
2284 5426 2380 5478 ἐπὶ
2450 5428 2559 5480 τῶν
2614 5427 2982 5498 πραγμάτων,
3030 5428 3136 5493 ἕως
3189 5430 3255 5484 ἂν
3304 5427 3548 5501 ἐπανέλθῃ
3587 5425 3611 5475 6

2075 5518 2329 5586 ἀδελφδς,
2360 5518 2547 5571 δίδωσι
2594 5516 2649 5571 δὲ
2691 5520 2790 5572 καὶ
2825 5520 2919 5574 τὸν
2951 5520 3046 5576 τοῦ
3080 5524 3280 5594 πατρὸς
3328 5521 3611 5593 σημαντῆρα

1586 5648 1781 5710 Varim
1817 5651 2121 5719 lectiones
2164 5663 2224 5717 et
2269 5663 2450 5721 notm.

470 5774 582 5845 (7i)
632 5774 968 5828 Ἀσπασίαν
1012 5771 1308 5842 ἡγεῖσθαι.
1368 5742 1523 5830 Golb.
1582 5774 1838 5845 3-6.1:on
1893 5795 1982 5847 prc

2097 5798 2121 5836 s
2146 5779 2329 5836 verbis
2359 5778 2543 5835 habet.
