3876 6552
92 469 182 531 599

1337 418 1748 524 ANNALIUM‘
1781 459 1932 521 LIB.
1976 458 2083 520 VI.

3224 457 3351 531 510'

93 599 207 650 μους
227 577 499 648 ἀκριϐεῖς,
532 575 745 647 βαρέως
775 577 1018 647 ἤνεγκαν
1038 579 1133 630 ἐπὶ
1159 574 1357 645 τούτῳ,
1393 577 1650 630 καὶκατ-

1759 575 1976 630 Florum
2005 575 2110 630 sibi
2147 588 2522 630 successorem
2545 573 2758 638 datum,
2790 576 3078 646 productis
3104 578 3328 648 vinctis,

92 676 224 724 εἶπον
241 669 414 723 αὐτοῦ
445 671 545 723 καὶ
574 670 714 739 πρὸς
747 667 994 722 ’Δλϐῖνον
1026 670 1119 722 καὶ
1151 671 1289 739 πρὸς
1312 665 1648 738 Ἀγρίππαν.

94 765 172 816 Διὸ
195 763 292 832 τὴν
316 762 740 832 ἀρχιερωσύνην
763 762 1102 829 ἀφελόμενος
1134 763 1163 814 ὁ
1188 761 1446 829 βασιλεὺς
1469 760 1528 824 ὲξ
1556 761 1653 813 αύ-

93 854 193 918 τοῦ,
225 853 400 922 μῆνας
428 853 700 924 ἄρξαντος
726 855 898 919 τρεῖς,
933 851 1144 921 Ἰησοῦν
1177 851 1268 906 τὸν
1301 851 1396 904 τοῦ
1425 849 1652 906 Μνατέα

94 946 427 1013 κατέστησεν.
484 941 731 1007 ’Δλϐῖνος
789 945 835 998 δ’
888 942 1064 996 ἐλθὼν
1121 944 1204 1006 είς
1269 943 1648 1013 Ἰεροσόλυμα,

96 1035 307 1104 σπουδὴν
340 1037 665 1106 εἰσήνεγκεν
700 1034 1005 1104 εἰρηνεύειν
1031 1033 1130 1103 τὴν
1153 1032 1362 1104 χώραν,
1403 1033 1498 1086 καὶ
1525 1032 1655 1084 πο).-

93 1130 201 1192 λοὺς
235 1125 343 1179 τῶν
365 1127 650 1196 Σικαρίων
675 1125 1006 1196 διέφθειρεν.
1040 1125 1358 1194 Ἀγρίππας
1378 1123 1436 1175 δὲ
1468 1122 1652 1176 δίδωσι

93 1223 176 1290 τὴν
195 1220 614 1290 ἀρχιερωσύνην
644 1220 823 1285 Ἰησοῦ
855 1219 929 1289 τῷ
951 1220 1048 1272 τοῦ
1084 1219 1124 1271 Γ
1127 1218 1392 1288 αμαλιὴλ,
1443 1216 1653 1280 παύσας

92 1314 168 1366 τὸν
197 1311 288 1365 τοῦ
313 1312 550 1366 Μνασέα
579 1309 811 1381 Ἰησοῦν.
840 1311 1035 1372 Στάσις
1066 1310 1161 1365 οὖν
1189 1328 1298 1364 των
1346 1310 1652 1380 ἀρχιερέων

91 1403 304 1471 ἐγένετο,
328 1405 926 1474 προσεταιρισαμένων
955 1403 1084 1466 τοὺς
1128 1401 1524 1472 θρασυτάτους,
1558 1399 1652 1453 καὶ

92 1492 231 1560 μέχρι
259 1490 435 1544 λίθων
465 1493 498 1562 ἡ
532 1493 722 1556 στάσις
755 1491 816 1557 ἐξ
844 1492 1057 1562 ὕϐρεων
1080 1492 1190 1546 τῶν
1220 1491 1358 1562 πρὸς
1386 1491 1652 1561 ἀλλήλους

91 1580 490 1654 προύχώρησεν,
521 1583 687 1639 Ὅθεν
715 1583 776 1649 ἐξ
805 1584 1020 1640 ἐκείνου
1053 1583 1145 1637 τοῦ
1183 1584 1377 1654 χρόνου
1415 1583 1651 1653 μάλιστα

93 1673 246 1732 κακῶς
265 1673 422 1743 ἔχειν
446 1675 544 1747 τὴν
562 1677 669 1730 τῶν
701 1676 1100 1748 Ἱεροσολύμων
1128 1677 1287 1732 πόλιν
1311 1676 1650 1746 συμϐέϐηκε,

92 1768 165 1820 καὶ
193 1767 376 1822 πάντα
411 1769 503 1824 ἐπὶ
558 1768 621 1822 τὸ
679 1772 867 1839 χεῖρον
915 1769 1280 1839 προέκοπτον.
1321 1768 1566 1830 ’Δλϐῖνος
1593 1771 1650 1822 δὲ

91 1861 252 1914 Γέσιον
273 1862 504 1933 Φλῶρον
531 1858 722 1933 μαθὼν
758 1863 1112 1932 ἀφικνεῖσθαι
1141 1865 1192 1918 οί
1219 1864 1490 1932 διάδοχον,
1521 1879 1652 1933 προ-

93 1953 287 2021 αγαγὼν
313 1954 451 2018 τοὺς
499 1955 808 2026 δεσμώτας,
843 1956 960 2010 ὅσοι
1012 1951 1158 2027 ἦσαν
1191 1955 1343 2025 αὐτῷ
1376 1955 1657 2026 προδήλως

93 2043 248 2100 θανεῖν
291 2045 469 2112 ἄξιοι,
520 2045 748 2108 τούτους
799 2047 898 2116 μὲν
920 2044 1284 2117 ἀναιρεθῆναι
1309 2044 1613 2118 προσέταξε
1639 2063 1654 2078 ·

95 2139 196 2200 τοὺς
215 2137 257 2192 δ’
288 2139 361 2192 ὲκ
388 2138 608 2209 μικρῶν
639 2139 831 2192 αἰτιῶν
880 2139 1342 2209 καθειργμένους,
1397 2140 1658 2210 χρήματα

95 2230 368 2300 λαμϐάνων
425 2231 654 2288 ἀπέλυε.
714 2234 824 2287 Καὶ
861 2231 1041 2296 οὕτως
1101 2235 1134 2301 ἡ
1173 2236 1276 2302 μὲν
1326 2235 1520 2306 εἱρκτὴ
1543 2235 1654 2290 τῶν

97 2321 371 2389 δεσμωτῶν
404 2323 676 2394 ἐκενώθη,
710 2325 742 2395 ή
788 2323 943 2394 χώρα
975 2323 1031 2377 δὲ
1065 2325 1283 2394 λῃστῶν
1333 2324 1652 2396 ἐπληρώθη.

107 2409 152 2466 '0
179 2413 219 2466 δ’
251 2413 573 2485 Ἀγρίππας
603 2415 697 2468 τὸν
723 2412 820 2468 τοῦ
854 2415 1144 2488 Γαμαλιὴλ
1190 2415 1403 2486 Ἰησοῦν
1433 2420 1530 2488 της
1558 2420 1654 2488 ἀρα

99 2502 415 2573 χιερωσύνης
441 2503 690 2558 ἐκϐαλὼν
735 2506 956 2578 Ματθίᾳ
983 2507 1058 2576 τῷ
1089 2506 1336 2578 Θεοφίλῳ
1369 2511 1655 2579 προσένει-

103 2612 202 2662 μεν,
227 2591 396 2664 ἑφόἶι
417 2597 449 2650 ὁ
481 2599 623 2666 προς
659 2598 967 2668 Ῥωμαίους
995 2599 1202 2671 ἧρξατο
1219 2600 1480 2670 πόλεμος.
1513 2603 1656 2672 Ἦρ-

103 2684 206 2747 ista
233 2688 332 2756 μὲν
366 2683 463 2741 οὖν
493 2691 527 2759 ἡ
561 2689 954 2760 ἀρχιερωσύνη
985 2690 1047 2756 ἐξ
1083 2691 1300 2760 ’Δαρών
1321 2707 1334 2722 '
1397 2693 1646 2763 τελευτήο

101 2794 266 2842 ante;
293 2779 352 2834 δὲ
382 2782 598 2834 ἐκείνου
619 2782 669 2835 oi
702 2783 894 2845 παῖδες
923 2782 1090 2836 αὑτοῦ
1124 2784 1300 2853 αὐτὴν
1329 2783 1656 2850 διεδέξαντο,

1751 685 1846 724 eos
1869 670 1961 738 qui
1989 668 2274 724 manifeste
2313 683 2504 724 necem
2552 678 2889 735 meruerant,
2918 670 3092 724 occidi
3116 673 3280 742 jussit
3314 691 3331 740 ;

1751 760 1845 829 qui
1874 776 2006 815 vero
2034 760 2104 814 ob
2157 775 2324 829 parva
2373 759 2607 814 crimina
2642 760 2695 812 in
2725 775 3004 838 carcerem
3050 764 3323 830 compaeti

1752 852 1991 915 fuerant,
2022 867 2120 906 eos
2139 862 2362 922 accepta
2385 852 2615 913 pecunia
2641 853 2965 928 dimisit:lta
2991 869 3184 908 carcer
3208 872 3324 909 ma-

1751 945 1924 999 lelicis
1947 943 2124 999 factus
2151 953 2234 998 est
2289 960 2517 1008 vacuus,
2561 945 2711 1015 regio
2747 945 3055 1000 latronibus
3088 946 3314 1001 referta.

1751 1036 2012 1105 Agrippa,
2051 1036 2181 1090 Jesu
2203 1035 2523 1091 Gamalielis
2565 1035 2680 1088 filio
2720 1035 2921 1106 ejecto,
2951 1035 3328 1104 pontificatum

1752 1128 1992 1183 Matthiaa
2023 1128 2328 1198 Theophilo
2354 1128 2670 1197 assignavit,
2701 1127 2802 1181 sub
2838 1142 2947 1196 quo
2978 1127 3181 1180 bellum
3213 1128 3325 1181 Ro-

1753 1233 1975 1273 manum
1998 1221 2185 1289 cmpit.
2215 1221 2284 1273 At
2311 1219 2660 1289 pontificatus
2690 1217 2846 1272 initia
2871 1226 2997 1273 sunt
3020 1219 3088 1272 ah
3113 1219 3329 1272 Aaroue

1754 1311 2019 1382 profecta,
2045 1310 2132 1365 cui
2155 1310 2416 1365 defuncto
2443 1309 2540 1364 filii
2573 1325 2874 1378 eorumque
2931 1309 3136 1378 posteri
3177 1309 3232 1362 in
3264 1324 3331 1362 eo

1753 1405 1964 1460 honore
1985 1412 2394 1460 successerunt.
2432 1400 2589 1458 Unde
2625 1413 2904 1471 receptum
2939 1401 3084 1470 apud
3109 1401 3332 1457 Ιιιιιωοε

1753 1497 1880 1562 fuit,
1912 1511 1982 1552 ne
2007 1496 2098 1552 cui
2133 1496 2218 1550 vel
2260 1495 2374 1562 regi
2415 1493 2770 1564 pontiﬁcatus
2803 1494 3082 1563 expetenti
3119 1493 3334 1546 tribue-

1755 1597 1928 1651 retur,
1982 1587 2090 1642 nisi
2130 1586 2198 1642 iis
2249 1586 2343 1656 qui
2387 1595 2574 1640 essent
2605 1603 2674 1641 ex
2719 1586 2985 1656 sanguine
3033 1583 3329 1638 Aaronio:

1755 1683 1858 1736 etsi
1893 1697 1958 1736 ea
2011 1680 2361 1736 consuetudo
2411 1696 2523 1734 non
2571 1690 2843 1750 perpetuo
2887 1677 3176 1732 observata
3225 1685 3330 1732 est.

1756 1771 2050 1827 Pontiﬁces
2097 1772 2167 1826 ab
2190 1771 2408 1827 Aarone
2453 1787 2628 1841 usque
2661 1770 2728 1826 ad
2766 1771 3050 1834 Phincem,
3099 1769 3152 1822 iu
3188 1768 3334 1822 bello

1755 1882 1788 1919 a
1837 1865 2117 1920 seditiosis
2155 1864 2520 1927 declaratum,
2549 1863 2707 1933 291
2769 1879 2826 1917 ιιι
2875 1870 2930 1916 et
2984 1877 3122 1915 Lux
3157 1859 3332 1914 fuere.

1759 1957 1956 2013 Gesius
2009 1965 2196 2011 autem
2247 1957 2444 2011 Florus
2490 1957 2675 2010 Albini
2728 1969 3050 2016 successor.
3117 1951 3336 2008 Judaos

1760 2048 2016 2118 plurimis
2044 2050 2320 2118 Oppressit
2351 2048 2542 2109 malis;
2583 2063 2710 2100 nam
2745 2053 2956 2099 tantum
2982 2044 3336 2114 improbitate

1758 2141 2044 2206 excelluit,
2077 2151 2137 2196 ut
2176 2151 2402 2210 propter
2429 2140 2701 2209 insignem
2736 2137 2860 2208 ejus
2889 2137 3333 2196 maleficentiam,

1760 2233 1942 2287 Albini
1985 2233 2346 2288 beneﬁcentia
2401 2233 2731 2287 celebretur.
2779 2229 2914 2283 Nam
2967 2228 3057 2282 hie
3113 2227 3334 2298 quilem

1765 2325 2030 2379 malitiam
2057 2339 2212 2379 suam
2239 2324 2519 2379 occultare
2551 2321 2788 2387 studuit,
2821 2336 2883 2375 ac
2915 2320 3148 2374 sollicite
3173 2321 3334 2383 cavit,

1762 2433 1832 2472 ne
1869 2433 1982 2472 sum
2024 2417 2239 2486 injuria
2283 2416 2857 2486 deprehenderentur.
2910 2413 3106 2467 Florus
3151 2422 3334 2465 autem

1764 2509 1946 2580 palam
1979 2519 2143 2577 atque
2176 2509 2530 2578 impudenter
2575 2507 2922 2576 iniquitatem
2953 2505 3008 2558 in
3045 2505 3335 2574 populum,

1761 2610 1817 2656 et
1846 2601 2001 2672 quasi
2042 2616 2138 2666 per
2161 2601 2592 2655 ostentationem
2625 2598 2894 2654 exercuit.
2924 2596 3030 2652 Sed
3070 2611 3336 2666 quorsum

1762 2693 1961 2748 attinet
1987 2694 2109 2762 ejus
2138 2694 2347 2746 scelera
2395 2690 2713 2762 singulatim
2757 2704 3071 2751 recensere.
3099 2703 3219 2743 cum
3251 2701 3342 2742 res

1762 2784 1954 2854 paucis
1975 2783 2226 2854 expediri
2250 2793 2415 2853 queat
2439 2802 2452 2838 :
2479 2783 2572 2852 qui
2603 2782 2823 2838 Iudaeos
2850 2782 3053 2836 bellum
3077 2778 3339 2834 Romanis

104 2873 178 2923 mi
219 2871 278 2938 ὲξ
328 2873 561 2936 ἐκείνων
608 2878 724 2938 τοῖς
776 2874 872 2928 ἀπ’
901 2875 1085 2930 αὐτῶν
1114 2874 1452 2946 διέμεινενή
1496 2878 1655 2946 τιμή.

1759 2871 1966 2927 inferre
2008 2873 2276 2941 coegerit,
2332 2872 2553 2928 Florum
2585 2871 2799 2926 fuisse?
2854 2871 2910 2925 id
2958 2885 3091 2925 vero
3133 2868 3338 2924 bellum

105 2960 243 3017 Ὅθεν
261 2965 495 3034 πάτριον
523 2962 592 3039 ἦν
612 2961 914 3032 Ἰουδαίοις,
947 2967 1157 3038 μηδένα
1187 2968 1288 3035 τὴν
1312 2968 1655 3039 ἀρχιερωσύο

1759 2966 1926 3036 coepit
1979 2967 2227 3022 secundo
2261 2981 2408 3020 anno
2447 2965 2857 3036 procurationis
2894 2964 3063 3029 Flori,
3112 2976 3339 3017 monar-

105 3070 182 3124 την
212 3056 534 3126 λαμϐάνειν,
584 3057 689 3112 κᾶν
725 3058 982 3128 βασιλεὺς
1016 3055 1084 3130 ἦν
1129 3059 1304 3128 αὐτῆς
1331 3058 1645 3130 ἐφιέμενος.

1759 3063 1890 3118 chiae
1919 3062 2156 3118 Neronis
2185 3062 2538 3118 duodecimo.

107 3149 143 3201 tl
165 3149 232 3218 μὴ
251 3149 373 3212 τοὺς
395 3149 457 3216 ἐξ
487 3151 722 3222 αἵματος
750 3149 962 3221 Ἀαρών
984 3167 996 3180 ·
1023 3153 1072 3204 εί
1098 3151 1193 3204 καὶ
1219 3151 1282 3206 ού
1315 3151 1479 3223 μέχρι
1541 3151 1749 3215 παντὸς
1801 3153 1862 3206 τὸ
1911 3153 2034 3218 ἔθος
2068 3154 2229 3208 τοῦτο
2297 3155 2589 3224 τετήρητο.
2639 3151 2927 3219 Ἐγένοντο
2981 3149 3075 3204 οὖν
3134 3150 3340 3211 πάντες

109 3242 191 3294 ἀπὺ
216 3243 426 3313 ’Δσρὼν
452 3242 617 3313 μέχρι
642 3244 824 3307 Φινεὲς
853 3242 948 3296 τοῦ
979 3243 1122 3297 κατά
1145 3243 1240 3297 τὸν
1271 3243 1510 3314 πόλεμον
1574 3244 1680 3297 ὑπὸ
1716 3242 1827 3298 τῶν
1892 3246 2308 3300 στασιασάντων
2362 3243 2796 3314 ἀναδειχθέντος.
2856 3240 3190 3314 ὀγδοήκοντα
3242 3252 3341 3302 καὶ

106 3338 246 3402 τρεῖς.
291 3336 480 3399 Γὲσιος
535 3336 593 3389 δὲ
649 3337 886 3407 Φλῶρος,
933 3339 1013 3400 είς
1065 3337 1330 3391 Ἰουδαίαν
1381 3337 1627 3390 ’Δλϐίνου
1686 3338 1930 3407 διάδοχος
1976 3339 2329 3408 ἀφικόμενος,
2375 3339 2588 3392 πολλῶν
2669 3338 2969 3406 ἐνέπλησεν
3045 3337 3342 3392 Ἰουδαίους

111 3424 285 3476 κακῶν.
317 3424 585 3478 Τοσοῦτον
613 3424 669 3477 δὲ
696 3425 890 3493 γέγονε
935 3425 1214 3488 κάκιστος,
1243 3423 1385 3476 ὥστε
1422 3423 1512 3478 διὰ
1541 3427 1641 3492 τὴν
1686 3426 1993 3496 ὑπερϐολὴν
2019 3427 2119 3496 τῆς
2182 3425 2351 3481 αὑτοῦ
2417 3425 2618 3488 κακίας
2653 3424 2996 3478 ἐπαινεῖσθαι
3024 3424 3116 3476 τὸν
3161 3423 3340 3476 Ἀλϐῖ-

109 3532 180 3568 νον
201 3517 266 3577 ὼς
293 3517 614 3587 εὐεργέτην.
652 3517 711 3569 '0
746 3517 844 3586 μὲν
867 3518 974 3587 γὰρ
1003 3516 1102 3585 τὴν
1125 3515 1392 3586 πονηρίαν
1457 3515 1792 3586 ιπέκρυπτε,
1857 3519 1952 3572 καὶ
1983 3518 2205 3584 ἀδικῶν,
2277 3518 2352 3590 μὴ
2393 3517 2642 3588 γίνεσθαι
2707 3517 3034 3586 κατάφωρος
3078 3514 3339 3567 ἐσπευδε⁶

109 3610 294 3681 Φλῶρος
325 3611 383 3664 δὲ
424 3608 914 3678 ἀπαρακαλύπτως
957 3610 1050 3662 καὶ
1079 3609 1312 3672 ἀναιδῶς
1352 3610 1453 3672 τὰς
1487 3609 1568 3672 εις
1635 3609 1695 3661 τὸ
1769 3608 1921 3673 ἔθνος
1976 3611 2323 3683 παρανομίας
2378 3611 2592 3672 ἐποίει,
2633 3609 2822 3680 ὥσπερ
2873 3607 3340 3677 ἐπιδεικνύμενος.

114 3703 202 3755 Καὶ
243 3704 291 3758 τί
326 3703 408 3756 δεῖ
438 3701 547 3754 τῶν
580 3701 791 3754 ἐκείνου
836 3701 1023 3754 κακῶν
1092 3699 1426 3772 ἀπαριθμῶν
1474 3697 1536 3752 τὸ
1607 3698 1729 3753 καθ’
1770 3699 2036 3768 ἓκαστον;
2090 3702 2358 3756 Τοσοῦτον
2407 3704 2452 3756 δ’
2497 3700 2668 3755 εἰπὼν
2708 3700 2936 3772 δηλώσω
2985 3699 3045 3752 τὸ
3097 3701 3229 3759 πᾶν,
3261 3698 3344 3750 ὅτι

112 3781 283 3855 6τοὺς
338 3788 631 3852 Ἰουδαίους
684 3791 775 3844 τὸν
833 3792 970 3862 πρὸς
1043 3791 1354 3862 Ῥωμαίους
1413 3790 1654 3860 ἄρασθαι
1716 3792 1954 3864 πόλεμον
2009 3794 2342 3863 βιασάμενος
2393 3795 2610 3865 Φλῶρος
2662 3788 2753 3864 ἦν.
2844 3791 3047 3845 Ἔλαϐε
3129 3791 3186 3845 δὲ
3245 3787 3344 3860 τὴν

116 3884 261 3956 ἀρχὴν
313 3889 342 3940 ὁ
397 3886 634 3958 πόλεμος
673 3885 912 3957 δευτέρῳ
965 3885 1066 3956 μὲν
1119 3884 1230 3937 ἐτει
1285 3885 1388 3954 τῆς
1432 3885 1654 3956 Φλώρου
1731 3888 2055 3959 ἐπιτροπῆς,
2109 3889 2401 3959 δωδεκάτῳ
2473 3889 2531 3943 δὲ
2579 3889 2677 3958 τῆς
2727 3887 3031 3958 μοναρχίας
3075 3883 3174 3939 τοῦ
3233 3883 3344 3937 Νέ-

118 3989 278 4042 ρωνος.

171 4068 261 4127 ιη’.
301 4069 584 4126 ’Ἐντεῦθεν
613 4067 706 4125 οὖν
737 4068 901 4140 ἡτῶν
929 4066 1200 4122 Ἰουδαίων
1233 4067 1546 4122 ἀποστασία
1577 4068 1655 4131 είς

1837 4067 2021 4123 XVIII.
2088 4066 2227 4123 Hinc
2287 4067 2458 4138 igitur
2515 4063 2832 4120 Judzeorum
2868 4061 3110 4116 defectio
3164 4061 3344 4130 palam

117 4166 360 4237 προῦπτον
391 4163 695 4237 ἀνερράγη,
726 4163 821 4218 καί
853 4163 884 4215 ὁ
923 4161 1160 4231 πόλεμος
1197 4160 1419 4232 ἤρξατο·
1460 4162 1655 4231 Διηγή·

1769 4161 1994 4231 erupit'.
2042 4160 2362 4230 bellumque
2421 4158 2637 4228 coepit:
2679 4157 2838 4227 cujus
2885 4154 3131 4224 singulos
3175 4153 3348 4208 veluti

119 4258 287 4313 σεισθαι
311 4259 367 4312 δὲ
399 4257 591 4310 τούτου
626 4257 860 4318 ἕκαστα,
891 4254 1138 4317 πλείονος
1169 4255 1235 4306 ἂν
1266 4254 1476 4320 γένοιτο
1517 4271 1655 4322 πρα-

1771 4263 1925 4308 actus
1949 4255 2178 4316 referre,
2214 4251 2438 4323 majoris
2471 4266 2652 4320 opera:
2681 4249 2870 4314 fuerit,
2897 4263 3060 4316 quam
3097 4245 3354 4300 instituta

121 4351 360 4418 γματείας
406 4351 441 4421 ἦ
494 4349 638 4402 κατά
671 4349 771 4418 τὴν
804 4347 1086 4416 παροῦσαν
1131 4346 1470 4416 ἐγχείρησιν.
1508 4345 1655 4398 Ἀλλέ

1771 4346 2015 4402 brevitas
2049 4346 2275 4415 patitur.
2303 4343 2485 4410 Quare
2513 4343 2728 4397 eteteris
2758 4340 3002 4405 omissis,
3034 4337 3347 4406 ilierosolyo

1774 4450 1988 4488 morum
2021 4434 2288 4488 duntaxat
2313 4434 2590 4488 excidium
2627 4429 2960 4501 compendio
2994 4427 3204 4484 referre
3246 4429 3348 4483 de—

1773 4526 2104 4582 crevi.Nam
2143 4527 2362 4597 cognita
2407 4525 2724 4582 Iudaeorum
2772 4523 3108 4584 defectione,
3141 4522 3352 4590 Vespa-

1770 4620 1980 4678 sianus.
2009 4619 2097 4673 cui
2123 4618 2264 4672 Νι·Γο
2285 4617 2410 4672 belli
2441 4616 2978 4671 administrationem
3017 4613 3348 4675 crediderat.

1769 4726 1880 4764 non
1946 4709 2324 4780 Hierosolyma
2375 4708 2574 4762 invasit
2623 4707 2901 4776 primum,
2967 4704 3064 4760 sed
3117 4703 3360 4758 urbibus

1771 4799 2064 4868 metropoli
2103 4797 2368 4867 subjectis
2408 4797 2564 4866 prius
2593 4795 2942 4864 expugnatis,
2983 4803 3098 4847 tum
3125 4793 3347 4847 demum

121 4443 176 4495 τὰ
205 4443 294 4512 μὲν
322 4441 461 4497 ἀλλα
494 4439 654 4494 ἐᾶσαί
693 4453 784 4510 μοι
820 4440 1093 4508 κέκριται,
1137 4438 1272 4508 μόνα
1307 4438 1351 4492 δ’
1385 4440 1669 4508 ἐπιτεμεῖν

121 4535 174 4586 τὰ
213 4535 336 4606 περὶ⁵
388 4536 490 4603 τῆς
533 4532 790 4594 ἁλώσεως
843 4530 951 4583 τῶν
1014 4528 1406 4600 Ἱεροσολύμων
1464 4529 1666 4583 αὐτῶν.

123 4625 500 4687 Οὐεσπασιανὸς
553 4623 664 4694 γὰρ
716 4625 866 4693 παρὰ
921 4621 1198 4692 Νέρωνος,
1251 4619 1515 4689 μαθόντος
1571 4621 1670 4690 τὴν

130 4718 375 4774 Ἰουδαίων
425 4718 787 4782 ἀποστασίαν,
833 4716 930 4785 τὴν
973 4715 1066 4768 τοῦ
1107 4713 1347 4783 πολέμου
1402 4713 1673 4781 διοίκησιν

125 4813 429 4875 πιστευθεὶς,
460 4812 521 4863 ού
559 4809 797 4875 πρώτοις
829 4809 938 4869 τοῖς
974 4805 1377 4876 Ἰεροσολύμοις
1411 4804 1675 4877 προσέϐα-

124 4902 213 4968 λεν,
245 4904 374 4956 ἀλλὰ
420 4904 519 4966 τὰς
549 4901 654 4954 ὑπὸ
693 4900 793 4972 τὴν
832 4900 1168 4970 μητρᾶπολιν
1200 4898 1434 4950 ἔσπευσε
1479 4897 1644 4966 πρότε

1774 4893 1947 4961 ipsam
1999 4905 2222 4959 quoque
2271 4888 2496 4942 domare
2550 4887 2809 4940 instituit.
2845 4884 3125 4953 Occupata
3186 4883 3356 4955 igitur

128 5011 201 5062 ρον
223 4995 356 5048 ἑλεῖν
388 4995 596 5056 πόλεις,
635 4995 725 5046 καὶ
772 4992 945 5052 οὕτως
972 4991 1142 5062 αὐτὴν
1179 4990 1553 5062 χειρώσασθαι
1577 4988 1655 5057 τηε

1773 4983 2137 5045 Ptolemaide,
2168 4997 2292 5036 cum
2341 4981 2454 5034 lilio
2511 4978 2657 5036 Tito.
2693 4979 2788 5047 qui
2814 4978 2883 5031 ab
2934 4994 3002 5031 eo
3049 4993 3112 5032 ex
3144 4977 3352 5031 Achaia

130 5087 456 5155 μητρόπολιν.
506 5081 848 5138 Καταλαϐὼν
887 5080 979 5135 οὖν
1025 5081 1123 5150 τὴν
1179 5078 1544 5147 Πτολεμαΐδα,
1576 5076 1655 5128 γα¹

1779 5074 1998 5136 missus,
2038 5071 2129 5125 ubi
2167 5089 2198 5126 a
2227 5070 2445 5125 Nerone
2495 5069 2622 5123 belli
2656 5068 2764 5122 dux
2797 5067 3116 5137 designatus
3149 5066 3352 5131 fuerat,

131 5175 322 5239 ἑιιωθεὶς
354 5179 410 5229 ὲν
442 5175 580 5243 αὐτῇ
608 5174 685 5243 τῷ
715 5172 815 5242 υἰῴ
846 5173 992 5242 Τίτῳ
1031 5169 1088 5234 ἐξ
1125 5167 1534 5237 Ἀλεξανδρείας
1563 5165 1655 5233 ἀφ-

1779 5166 2053 5236 legioncm
2107 5163 2376 5218 decimam
2429 5161 2679 5232 quintam
2728 5160 3064 5215 Alexandria
3101 5160 3339 5224 adduxe-

134 5271 362 5341 ιιιομὲνῳ,
389 5273 480 5324 καὶ
513 5271 569 5323 τό
601 5266 1098 5321 πεντεκαιδέκατον
1141 5265 1330 5333 τάγμα
1367 5259 1650 5331 κομίζοντι

1784 5269 1889 5321 rat,
1935 5273 1993 5312 se
2026 5258 2329 5328 conjunxit.
2367 5256 2571 5312 Neroni
2608 5256 2754 5310 enim
2784 5256 2839 5309 in
2868 5255 3072 5309 Achaia
3106 5253 3352 5322 degenti,

137 5361 348 5415 σταλέντι
384 5361 516 5432 παρ’
545 5358 713 5416 αὑτοῦ
745 5358 806 5425 ἐξ
839 5357 1084 5427 ’Δχαῖα-ς,
1115 5355 1249 5406 ὅπου
1305 5351 1398 5405 τοῦ
1433 5351 1655 5418 πολέμιοι

1787 5351 2106 5406 Judzeorum
2140 5349 2644 5406 del'ectionuntiata
2672 5347 2796 5403 fuit.
2819 5347 2897 5402 Ac
2931 5346 3206 5401 Galilaeam
3237 5344 3352 5414 pri-

140 5455 405 5524 ετρατηγὸς
438 5451 854 5522 κεχειροτόνητο
893 5447 1044 5518 παρὰ
1081 5446 1331 5515 Νέρωνος
1374 5444 1453 5514 (ἐν
1483 5441 1655 5510 Ἀχαϊς

1785 5459 1934 5498 mum
1982 5458 2294 5514 aggressus.
2341 5442 2610 5512 Iotapatis
2653 5440 2846 5496 diebus
2877 5455 2944 5493 χι.
3003 5436 3355 5506 expugnatis,

140 5548 227 5619 γὰρ
279 5553 569 5622 ἐτύγχανεν
625 5547 702 5600 ῶν
761 5547 992 5606 ἐκεῖνος,
1036 5544 1126 5596 ὅτε
1174 5542 1208 5610 ἡ
1249 5540 1355 5593 τῶν
1399 5537 1655 5590 Ἰουδαὶωι

1776 5535 2078 5606 Josephum
2133 5535 2365 5592 Galilaaa:
2413 5535 2632 5600 ducem,
2663 5534 2781 5603 ejus
2804 5532 2957 5586 urbis
3005 5529 3353 5585 defensorem

141 5617 806 5709 ἀπόστασίῖκατηγγέλθη
855 5635 1028 5706 αὐτῷ)
1073 5632 1213 5685 κατὰ
1259 5631 1355 5698 τῆς
1384 5628 1655 5681 Γαλιλαίας

1779 5628 1944 5699 cepit.
1984 5627 2114 5682 Inde
2144 5626 2249 5679 alia
2275 5625 2494 5680 castella
2523 5634 2687 5691 atque
2712 5621 2992 5692 oppidula,
3033 5619 3232 5688 partim
3254 5617 3351 5671 de-

145 5733 373 5806 πρότερον
427 5735 678 5804 ὥρμησε,
731 5732 825 5783 καὶ
867 5731 935 5798 τῇ
975 5726 1130 5780 πόλει
1183 5723 1290 5776 τῶν
1329 5722 1655 5774 Ἰωταπάτωε

1779 5721 2011 5781 ditione,
2047 5718 2248 5787 partim
2283 5716 2568 5772 obsidione
2603 5715 2863 5769 Romanis
2897 5727 3091 5782 parere
3144 5710 3348 5782 coegit.
3431 5704 3444 5720 ⁸

146 5827 308 5900 πρώτῃ
334 5825 675 5897 προσϐαλὼν,
704 5822 800 5875 καὶ
823 5819 914 5873 ἐπὶ
945 5815 1355 5884 τεσσαράκοντα
1384 5812 1644 5882 πολιορκὴ

1782 5813 1853 5868 lis
1883 5813 1995 5882 jam
2023 5809 2286 5864 confectis
2311 5850 2326 5874 ,
2365 5809 2431 5862 ad
2480 5808 2652 5876 ipsam
2699 5803 3047 5873 metropolitu
3082 5801 3352 5858 obsiden-

152 5931 229 5983 σας
255 5896 474 5992 ἡμέρας,
507 5919 702 5988 πορθεῖ
735 5917 832 5988 μὲν
866 5913 1057 5985 αὐτὴν,
1094 5910 1238 5982 αἱρεῖ
1278 5907 1333 5962 δὲ
1363 5907 1452 5961 τὸν
1489 5905 1655 5975 Ἰώσηι

1781 5905 1906 5959 dam
1965 5919 2022 5960 se
2078 5902 2418 5974 aceiugcbat,
2472 5899 2842 5956 seditionibus
2887 5906 2944 5952 et
3009 5896 3356 5953 factionibus
