3876 6592
509 463 608 530 511

1771 465 2099 526 JOANNIS
2147 465 2470 527 ZONARE
3664 469 3748 534 512

507 583 648 639 adeo
682 581 962 647 afﬂictam,
991 592 1052 636 ut
1091 581 1240 637 civili
1297 581 1445 636 bello
1497 591 1555 636 et
1585 583 1794 636 mutuis
1843 583 2088 639 cazdibus

2197 601 2296 636 πον
2329 580 2744 652 στρατηγοῦντα
2772 580 2870 651 τῆς
2897 579 3208 644 Γαλιλαίας.
3234 579 3339 634 καὶ
3360 579 3464 650 τῆς
3488 580 3748 651 εἰρημένης

508 678 656 730 inter
687 692 810 731 sese
835 684 1167 745 grassantes,
1207 675 1458 728 homines
1492 675 1738 729 bellicosi
1773 674 2087 730 interirent.

514 766 713 821 Verum
759 767 812 821 id
851 769 972 838 ejus
997 768 1292 850 consilium
1333 766 1567 822 nuntius
1601 767 1670 821 de
1715 768 1958 834 Nerone,
1994 770 2092 839 qui

510 859 718 913 amisso
775 859 1008 924 imperio
1060 859 1199 913 clam
1271 859 1442 912 Roma
1497 859 1872 927 profugisset,
1927 871 2092 929 atque

514 965 632 1018 ipse
685 950 789 1003 sibi
827 964 1022 1002 manus
1056 950 1356 1010 attulisset,
1397 951 1683 1018 repressit.
1721 949 1931 1003 Deinde
1966 965 2090 1004 eum

515 1039 740 1095 Galbam
785 1040 1018 1109 imperio
1063 1041 1296 1109 potitum
1339 1056 1458 1095 esse
1491 1042 1842 1110 cognovisset
1868 1039 2092 1104 ,Titum

520 1133 670 1187 misit
723 1133 789 1186 ad
817 1148 942 1185 cum
983 1132 1357 1197 salutandum,
1385 1141 1442 1188 et
1476 1133 1913 1202 percontandum
1959 1133 2092 1204 quid

517 1226 585 1279 de
614 1223 800 1278 Juda-a
837 1224 952 1278 ﬁeri
986 1225 1194 1279 vellet?
1228 1225 1392 1296 292
1436 1225 1543 1280 Sed
1596 1225 1754 1280 Titus
1788 1226 1845 1280 in
1897 1226 2096 1281 itinere

515 1316 699 1370 Galba:
724 1333 944 1385 quoque
959 1320 1105 1371 caede
1118 1317 1440 1387 cognita,ad
1465 1327 1674 1387 patrem
1697 1325 1782 1372 est
1811 1332 2092 1375 reversus:

519 1426 700 1479 neque
736 1409 1238 1480 Hierosolymorum
1292 1410 1640 1465 obsidionem
1676 1419 1980 1474 tentarunt,
2023 1411 2096 1466 ob

515 1503 787 1557 incertum
846 1497 1078 1556 Romani
1137 1501 1351 1571 imperii
1409 1512 1654 1568 statuat,
1707 1503 1804 1558 sed
1835 1502 2097 1558 Caesarea:

514 1594 870 1662 quieverunt.
913 1593 1083 1649 Galba
1105 1595 1349 1658 sublato,
1377 1594 1521 1650 Otho
1556 1595 1731 1651 factus
1780 1596 2094 1667 imperator,

517 1696 709 1740 contra
747 1687 1052 1750 Vitellium,
1078 1705 1244 1757 quem
1271 1689 1610 1744 Germanica:
1631 1689 1878 1759 legiones
1920 1690 2096 1760 impe-

518 1785 759 1832 ratorem
787 1780 1115 1846 salutarent,
1151 1781 1337 1850 cupias
1390 1782 1539 1836 misit
1571 1799 1585 1834 :
1619 1781 1826 1852 quibus
1863 1797 2095 1852 supera-

519 1867 613 1929 tis,
668 1867 774 1922 sibi
827 1869 928 1938 ipsi
987 1885 1188 1924 manus
1245 1871 1456 1926 attulit.
1510 1872 1762 1927 Vitellius
1819 1873 2096 1944 adjunctis

518 1959 684 2015 etiam
749 1961 1024 2028 Uthoniis,
1097 1963 1323 2017 [lernam
1383 1979 1508 2018 cum
1563 1965 1876 2035 legionibus
1930 1966 2088 2020 abiit.

524 2051 892 2120 Vespasianus
921 2069 1075 2115 vero,
1115 2054 1159 2108 si
1212 2070 1319 2124 qua
1373 2055 1601 2110 Judaica
1645 2056 1906 2126 Oppidula
1951 2071 2095 2112 non-

521 2148 651 2202 dum
677 2161 985 2218 expugnata
1029 2162 1381 2220 supererant,
1412 2167 1476 2206 ea
1499 2168 1715 2223 quoque
1740 2155 1992 2218 vastavit,
2038 2163 2098 2209 ut

522 2248 633 2295 tota
670 2237 1046 2313 Hierosolyma
1087 2243 1353 2297 Romanis
1385 2245 1749 2315 expugnanda
1775 2256 2050 2301 restarent
2079 2263 2094 2300 :

519 2343 641 2396 qua:
669 2329 916 2398 quidem,
981 2339 1041 2384 ut
1067 2330 1334 2398 diximus,
1393 2331 1630 2401 pessime
1683 2347 1743 2387 se
1795 2331 2095 2386 habebant.

518 2421 675 2475 Foris
704 2422 852 2475 enim
893 2422 1082 2477 Simon
1125 2440 1250 2476 eum
1295 2440 1391 2478 sua
1441 2423 1682 2479 factione
1727 2423 1932 2479 Iudaeis
1985 2417 2094 2476 for-

520 2516 836 2571 midabilior
864 2526 985 2572 erat
1023 2534 1186 2587 quam
1217 2519 1474 2573 Romani.
1507 2519 1656 2574 lntus
1686 2533 1822 2573 vero
1845 2518 1884 2572 ii
1916 2517 2010 2588 qui
2036 2533 2097 2572 se

521 2609 739 2664 Zelotas
796 2625 829 2664 a
873 2611 1060 2666 studio
1109 2611 1389 2680 religionis
1431 2612 1730 2684 jactabant,
1785 2625 2094 2680 eorumque

519 2702 634 2755 dux
689 2702 954 2768 Joannes,
1013 2713 1067 2757 et
1135 2703 1399 2758 Romanis
1448 2715 1503 2758 et
1563 2703 1784 2758 Simone
1820 2703 2098 2773 graviores

517 2803 680 2849 erant
713 2810 726 2844 :
758 2803 922 2864 atque
953 2796 1200 2852 urbanos
1232 2812 1299 2851 eo
1344 2798 1692 2851 necessitatis
1728 2795 1982 2865 adegere,
2037 2804 2099 2850 ut

521 2887 759 2957 populus
789 2886 1068 2943 Simonem
1102 2905 1226 2943 cum
1263 2905 1358 2942 sua
1399 2888 1559 2942 turba
1586 2889 1638 2941 in
1683 2887 1869 2940 urbem
1905 2901 2098 2941 accer~

519 2989 688 3044 seret,
716 2994 813 3050 spe
847 2981 936 3035 ille
964 2980 1184 3049 quidem
1218 2979 1586 3050 reprimendae
1634 2979 1954 3033 Zelotarum
2012 2987 2096 3048 ty-

521 3073 776 3128 rannidis
812 3091 823 3124 :
849 3075 942 3128 sed
973 3090 1080 3128 non
1116 3071 1534 3136 animadvertit,
1558 3087 1617 3126 se
1648 3073 1955 3142 graviorem
1981 3070 2098 3126 suis

523 3167 843 3223 cervicibus
879 3176 1170 3239 tyrannum
1200 3167 1550 3237 imposuisse.
1578 3167 1716 3220 Dum
1750 3165 1865 3220 hac
1904 3163 2100 3218 Hiero-

2194 672 2624 744 ὑπερμαχοῦντα
2686 673 2919 736 πόλεως.
2983 673 3224 726 Ἐκεῖθεν
3288 672 3352 724 δὲ
3405 671 3531 725 καθ’
3577 673 3749 742 ἑτέρων

2194 767 2393 836 ἐχώρει
2429 763 2706 837 φρουρίων
2735 766 2829 819 καὶ
2861 763 3233 834 πολισμάτων,
3274 762 3379 816 καὶ
3418 763 3487 816 τὰ
3527 764 3621 832 μὲν
3643 769 3748 834 ὁμου

2193 857 2371 929 λογίᾳ,
2427 859 2498 912 τὰ
2541 859 2597 910 δὲ
2645 856 2937 926 πολιορκίᾳ.
2980 857 3085 909 ὑπὸ
3130 854 3454 925 Ῥωμαίους
3497 857 3749 925 πεποίητο.

2195 951 2306 1004 Καὶ
2354 949 2530 1003 ταῦτα
2577 950 2681 1020 ἥδη
2737 948 3242 1019 κατεργασάμενος,
3296 945 3626 1016 ἡτοιμάζετο
3676 949 3753 1004 καὶ

2197 1042 2333 1113 αὐτῇ
2369 1039 2668 1112 προσμίξαι
2708 1043 2775 1111 τῇ
2829 1037 3183 1109 μητροπόλει,
3217 1035 3560 1107 διακειμένη
3594 1038 3754 1099 κακῶς

2195 1139 2260 1190 ὲκ
2293 1135 2388 1189 τοῦ
2415 1136 2552 1206 πρὸς
2580 1133 2846 1204 ἀλλήλους
2877 1129 3192 1195 στασιάζειν
3225 1133 3363 1192 τοὺς
3400 1131 3463 1182 ἐν
3491 1127 3647 1198 αὐτῇ.
3677 1129 3751 1181 καὶ

2195 1231 2276 1292 εἰς
2342 1227 2644 1299 ἐμφυλίους
2705 1223 3097 1294 ικκυλισθῆναι
3160 1221 3353 1294 μάχας
3403 1222 3502 1275 καὶ
3535 1221 3754 1290 ἀλλήλων

2199 1321 2438 1391 σφαγὰς,
2479 1318 2774 1373 κάντεῦθεν
2799 1317 2861 1371 τὸ
2897 1315 3142 1388 μάχιμον
3163 1313 3608 1386 διαφθείρεσθαι.
3647 1313 3752 1366 Ἐπ-

2197 1416 2325 1485 έσχε
2375 1413 2433 1468 δι
2482 1411 2563 1482 τῷ
2607 1409 3013 1480 Οὐεσπασιανῷ
3062 1409 3162 1478 την
3188 1407 3382 1477 ὁρμὴν
3425 1404 3696 1472 ἀγγελθεὶς
3731 1408 3753 1455 ό

2197 1505 2393 1574 Νέρων
2421 1503 2520 1574 τῆς
2540 1502 2850 1574 αὺταρχίας
2873 1498 3276 1561 ικπεπτωκὼς,
3309 1498 3408 1551 καὶ
3432 1497 3533 1566 τῆς
3567 1497 3752 1564 Ῥώμης

2197 1596 2473 1666 λαθραίως
2506 1594 2728 1665 ὲκδράς,
2759 1593 2854 1647 καὶ
2889 1591 3088 1646 ἑαυτὸν
3129 1589 3369 1645 ἀνελών.
3404 1585 3537 1642 Εἶτα
3573 1589 3752 1642 Γάλῦαν

2201 1687 2391 1760 μαθὼν
2440 1688 2736 1758 γενόμενον
2772 1685 3175 1756 αὐτοκράτορα,
3203 1684 3373 1736 Τίτον
3411 1683 3615 1751 πέμπει
3641 1682 3752 1751 πρὸς

2198 1780 2382 1845 αὑτὸν,
2421 1777 2796 1848 προσεροῦντά
2822 1795 2880 1830 τε
2917 1778 3014 1831 καὶ
3049 1778 3079 1830 δ
3113 1792 3168 1829 τι
3207 1774 3344 1844 περὶ
3377 1771 3643 1826 Ἰουδαίων
3676 1787 3750 1822 κε-

2197 1871 2343 1926 λεύει
2375 1872 2733 1941 πευσόμενον.
2763 1871 2886 1923 Ἔτι
2911 1870 2970 1924 δὲ
3002 1868 3128 1923 καθ’
3155 1866 3282 1922 ὁδὸν
3306 1866 3467 1927 δντος
3495 1863 3659 1929 Τίτου,
3677 1864 3749 1916 καί

2129 1930 2167 1984 Β
2199 1968 2226 2019 ό
2264 1964 2474 2026 rem;
2497 1930 2761 2034 ἀνῄρητο.
2798 1962 2978 2032 Ὅπερ
3030 1961 3278 2022 ἀκούσας
3340 1960 3372 2012 ό
3428 1958 3600 2020 Τίτος,
3642 1956 3750 2024 πρὶς

2201 2057 2294 2112 τὸν
2327 2056 2546 2127 πατέρα
2591 2057 2934 2118 παλινοστεϊ,
2966 2055 3062 2108 καὶ
3095 2054 3182 2106 διὰ
3225 2051 3293 2106 τὸ
3337 2051 3472 2120 περὶ
3513 2050 3606 2118 τῆς
3639 2047 3746 2101 Ῥωο

2204 2151 2379 2223 μαίων
2418 2149 2591 2220 ἀρχῆς
2606 2148 2908 2219 ἀμφίῦολον
2939 2148 3041 2200 οὔκ
3070 2145 3404 2217 ὲπεχεῖρουν
3431 2146 3498 2213 τῇ
3525 2143 3650 2195 κατά
3665 2141 3744 2206 τῆς

2212 2241 2568 2314 Ἰερουσαλὴμ.
2596 2239 2902 2312 προσϐολῇ,
2938 2237 3055 2292 ἀλλ’
3078 2239 3332 2309 ἠρέμουν
3360 2237 3419 2288 ὲν
3455 2233 3741 2304 Καισαρείᾳ.

2199 2337 2406 2392 Γάλὸου
2442 2335 2499 2388 δι
2527 2334 2904 2406 ἀνῃρημένου,
2936 2331 3115 2385 Ὄθων
3140 2333 3243 2399 τὴν
3272 2329 3455 2399 ἀρχὴν
3487 2326 3740 2392 διεδέξατο.

2200 2430 2283 2484 Τά
2313 2429 2372 2482 δὲ
2398 2428 2457 2481 ὲν
2492 2426 2776 2498 Γερμανίᾳ
2801 2425 3146 2495 τυγχάνοντα
3181 2421 3452 2492 τάγματα
3482 2416 3744 2472 Οὐϊτέλλιον

2198 2520 2579 2590 ἀνηγόρευσαν
2618 2516 3020 2588 αὐτοκράτορα.
3056 2514 3289 2577 Στείλας
3317 2508 3417 2566 οὖν
3451 2511 3618 2563 Ὄθων
3641 2511 3742 2560 ἑπο-

2199 2612 2257 2664 λέ
2269 2629 2358 2682 μει
2389 2611 2705 2682 Οὑῖτελλίῳ.
2747 2609 3102 2681 Ἢττημένων
3122 2607 3180 2660 δὲ
3198 2607 3314 2660 τῶν
3338 2599 3740 2670 ἀπεσταλμένων,

2203 2707 2382 2760 Ὄθων
2409 2705 2605 2758 ἑαυτὸν
2636 2702 2990 2774 διεχρήσατο.
3024 2702 3134 2754 Καὶ
3166 2698 3488 2757 Οὐϊτέλλιος
3524 2697 3597 2755 είς
3635 2693 3738 2744 Ῥὼ-

2202 2815 2310 2870 μην
2353 2796 2521 2869 ἀπῄει
2563 2800 2661 2850 σὺν
2702 2798 2817 2858 τοῖς
2864 2792 3314 2866 στρ-ατεύμασινο
3359 2789 3461 2859 ἠδη
3493 2790 3592 2855 γὰρ
3620 2782 3738 2850 αὐτῷ

2200 2891 2295 2946 καὶ
2349 2892 2402 2945 ol
2443 2890 2538 2944 τοῦ
2577 2889 2818 2952 Ὄθωνος
2857 2886 3323 2960 προσεχώρησαν.
3371 2875 3738 2938 Οὐεσπασιανὸς

2200 2984 2279 3052 δὲ,
2315 2986 2371 3038 ετ
2396 3000 2521 3037 τινα
2550 2978 2693 3053 ἦσαν
2735 2981 3031 3052 περίλοιπα
3058 2979 3169 3032 τῶν
3206 2977 3492 3031 Ἰουδαίων
3535 2971 3739 3040 πολίχνια

2203 3076 2373 3146 μήπω
2397 3074 2700 3138 ἑαλωκότα,
2727 3071 2942 3134 στείλας
2971 3070 3197 3141 ἐπόρθει
3239 3069 3338 3122 καί⁵
3361 3067 3551 3130 ταῦτα,
3579 3064 3644 3124 ὡς
3667 3062 3736 3129 μό-

2198 3186 2298 3240 νην
2326 3169 2426 3240 ἧδη
2456 3169 2556 3238 τὴν
2584 3161 2695 3220 τῶν
2737 3165 3135 3237 Ἰεροσολύμων
3173 3163 3341 3217 πόλιν
3401 3157 3592 3213 σκοπὸν
3630 3154 3736 3205 Ῥω-

519 3253 744 3324 solymis
783 3263 1071 3325 geruntur,
1111 3255 1363 3311 Vitellius
1394 3255 1625 3309 Romam
1671 3255 1951 3324 preteetus
1987 3254 2090 3308 im-

2203 3260 2383 3330 μαίοις
2433 3257 2960 3332 περιλιμπάνεσθαι.
3007 3257 3214 3310 Ἐνόσει
3251 3257 3313 3309 δὲ
3351 3252 3555 3314 δεινῶς,
3676 3244 3736 3296 εί-

517 3356 741 3418 perator
792 3348 1103 3417 appellatur
1147 3363 1359 3418 :quem
1406 3363 1533 3404 cum
1569 3348 1959 3418 Vespasianus,
2023 3361 2090 3403 eo

2203 3370 2388 3424 ρηταιν
2437 3353 2509 3407 τά
2551 3352 2648 3421 τῆς
2683 3351 2912 3414 πόλεως.
2955 3349 3198 3414 Ἐξωθεν
3249 3348 3357 3417 μὲν
3390 3346 3494 3415 γὰρ
3535 3345 3561 3394 ό
3589 3339 3734 3407 Σίμων

515 3440 716 3496 nuntio
751 3443 978 3496 minime
1010 3443 1339 3508 delectatus,
1375 3440 1661 3496 dominum
1689 3441 1893 3496 habere
1929 3457 2092 3497 recu-

514 3542 731 3596 saret,a
767 3534 882 3590 suis
916 3534 1153 3590 ducibus
1192 3543 1247 3590 et
1275 3534 1511 3591 militum
1545 3547 1822 3589 consensu
1853 3533 2092 3603 impera-

513 3634 601 3682 tor
627 3629 916 3684 salutatur.

2201 3446 2298 3498 καὶ
2324 3445 2373 3497 oi
2401 3443 2533 3515 περὶ
2559 3443 2726 3498 αὑτὸν
2767 3445 2883 3506 τοῖς
2912 3441 3192 3504 Ἰουδαίοις
3231 3439 3524 3510 Ῥωμαίων
3548 3431 3734 3500 ἐτύγχα-

2201 3553 2294 3591 νον
2341 3537 2741 3610 φοδερώτεροιο
2773 3537 2922 3590 ἔνδον
2965 3537 3010 3589 δ’
3040 3535 3091 3587 οἱ
3136 3533 3388 3605 ζηλωταὶ
3433 3525 3732 3632 καλούμενοι,

2201 3631 2299 3683 καί
2325 3631 2352 3683 ό
2374 3629 2579 3683 τούτων
2605 3629 2852 3700 ἐξάρχων
2889 3627 3164 3696 Ἰωάννης,
3194 3627 3298 3680 καὶ
3334 3624 3604 3692 Ῥωμαίων
3621 3624 3731 3684 iga!"

511 3723 608 3776 καὶ
649 3720 745 3776 τοῦ
777 3722 1021 3794 Σίμωνος
1059 3721 1455 3795 χαλεπώτεροι.
1499 3723 1847 3792 Σφοδρότατα
1877 3722 1934 3776 δὲ
1968 3719 2310 3792 βιαζομένων
2373 3723 2500 3786 τοὺς
2554 3725 2612 3776 ὲν
2677 3725 2744 3793 τῇ
2779 3722 2932 3776 πόλει
2959 3721 3070 3776 τῶν
3090 3719 3376 3790 ζηλωτῶν,
3429 3710 3730 3786 ἡναγκάσθη-

514 3835 614 3873 σαν
644 3821 693 3871 οἱ
729 3817 823 3872 τοῦ
853 3819 1026 3889 δήμου
1060 3819 1152 3873 τὸν
1186 3819 1410 3889 Σίμωνα
1446 3818 1586 3890 μετά
1622 3819 1720 3872 τοῦ
1770 3819 1901 3888 περὶ
1967 3818 2136 3872 αὐτὸν
2172 3817 2414 3890 πλήθους
2459 3820 2541 3881 είς
2590 3818 2690 3888 τὴν
2725 3817 2882 3872 πόλιν
2926 3816 3380 3888 παρακαλοῦντες
3443 3807 3726 3876 είσαγαγεῖν,

509 3913 584 3974 ὡς
613 3913 752 3982 τάχα
793 3909 894 3979 τῆς
926 3910 1036 3964 τῶν
1080 3909 1344 3980 ζηλωτῶν
1377 3910 1693 3982 τυραννίδος
1741 3911 1944 3974 αὐτοὺς
2027 3910 2406 3975 ἀπαλλάξοντα
2429 3927 2444 3944 ’
2517 3911 2713 3966 ἔλαθον
2765 3910 2823 3965 δὲ
2888 3911 3112 3982 χείρονα
3142 3910 3271 3964 καθ’
3304 3908 3511 3962 ἑαυτῶν
3535 3899 3728 3963 εἰσδεξὰ-

513 4022 666 4075 μενοι
695 4005 979 4076 τύραννον.
1015 4003 1237 4059 Τούτων
1265 4005 1374 4059 δ’ὲν
1415 4005 1816 4076 Ἰεροσολύμοις
1877 4005 2299 4075 πραττομένων,
2356 4005 2666 4070 Οὐϊτέλλιος
2725 4007 2826 4078 τὴν
2897 4006 3121 4077 Ῥώμην
3153 4004 3477 4060 κατέλαϐεν.
3507 3991 3723 4065 αὐτοκρά·

507 4115 620 4168 τωρ
659 4099 1013 4169 ἀναρρηθείς.
1047 4096 1448 4168 Οὐεσπασιανῷ
1487 4099 1712 4168 μαθόντι
1757 4097 1934 4151 ταῦτα
1997 4096 2098 4148 οὐκ
2140 4096 2366 4166 ἧρεσκε,
2404 4099 2499 4150 καὶ
2556 4097 2792 4166 ἀπηξίου
2825 4098 3100 4168 δεσπότην
3141 4099 3294 4169 ἔχειν
3327 4097 3417 4151 τὸν
3447 4088 3721 4147 Οὐϊτέλλιον.

507 4194 572 4245 Ui
611 4191 655 4244 δ’
685 4192 954 4262 ἡγεμόνες
981 4191 1090 4244 τῶν
1127 4191 1224 4244 σὺν
1264 4191 1412 4262 αὐτῷ
1453 4192 1776 4260 ταγμάτων,
1845 4187 1983 4241 ἀλλὰ
2058 4185 2164 4258 μὴν
2202 4189 2295 4242 καὶ
2325 4190 2393 4260 ξοί
2441 4190 2773 4260 στρατιῶται
2827 4189 3193 4254 συνελθόντες,
3252 4186 3618 4259 ἀναγορεύουσι
3653 4178 3721 4232 τὸν

508 4284 918 4338 Οὲεσπασιανδν
945 4283 1346 4352 αὐτοκράτορα.

578 4376 720 4431 XIX.
747 4377 1067 4435 Soluturus.
1099 4375 1211 4431 ﬁlio
1236 4374 1360 4427 Tito
1387 4373 1899 4445 Hierosolymorum
1930 4372 2081 4427 obsi-

503 4467 728 4521 dionem
783 4465 1008 4520 mandat
1045 4481 1060 4517 :
1099 4464 1192 4532 qui
1245 4464 1549 4517 contractis
1584 4463 1638 4518 in
1691 4480 1859 4518 unum
1911 4463 2083 4531 copiis

507 4559 893 4630 Hierosolyma
959 4554 1266 4617 contendit,
1327 4564 1382 4609 et
1423 4570 1527 4608 xxx
1572 4555 1640 4609 ab
1693 4556 1827 4610 urbe
1889 4556 2083 4610 stadiis

2261 4370 2341 4426 16’
2355 4413 2369 4428 .
2417 4371 2475 4426 '0
2502 4371 2580 4436 δὲ,
2611 4371 2820 4442 μέλλων
2849 4371 2953 4442 ἤδη
2983 4371 3234 4437 εκπλεῖν,
3273 4371 3352 4441 τῷ
3379 4367 3476 4439 υίῷ
3499 4366 3622 4432 Τίτῳ
3643 4358 3718 4428 τὴν

2188 4466 2300 4519 τῶν
2345 4464 2742 4536 Ἱεροσολύμων
2775 4465 3094 4535 πολιορκίαν
3124 4465 3372 4520 ἀνέθετο.
3406 4464 3497 4524 ⁸ος
3531 4459 3613 4519 τὰς
3649 4456 3717 4506 δυ·

2193 4557 2387 4624 νάμεις
2413 4556 2766 4628 συναγαγὼν,
2793 4558 2960 4629 ἀπῄει
2996 4558 3135 4628 πρὸς
3165 4559 3235 4612 τὰ
3269 4555 3620 4627 Ἱεροσόλυμα,
3644 4542 3714 4598 καὶ

506 4657 961 4709 eastrametatus,
1013 4663 1076 4702 nc
1137 4647 1418 4716 equitibus
1453 4649 1747 4718 assumptis
1793 4649 1860 4702 ad
1895 4652 2084 4702 urbem

2197 4651 2300 4720 πρὸ
2350 4651 2648 4723 τριάκοντα
2695 4650 2924 4704 σταδίων
2971 4648 3498 4719 ὲστρατοπεδευκὼς,
3545 4638 3714 4694 ἐκεῖθεν

507 4742 900 4813 spcculandam
939 4749 996 4794 ct
1020 4739 1234 4793 animos
1266 4739 1504 4794 hostium
1535 4741 1925 4810 periclitandos
1948 4741 2082 4794 abit.

508 4833 709 4886 Statim
742 4847 878 4885 vero
910 4831 1112 4885 inﬁniti
1166 4847 1232 4886 ex
1269 4831 1404 4886 urbe
1455 4842 1788 4902 procurrunt
1816 4851 1829 4886 :
1867 4849 1930 4888 ac
1963 4835 2084 4903 plu-

510 4924 635 4977 rimi
667 4940 732 4977 ex
764 4922 874 4977 Titi
903 4924 1206 4994 equitibus,
1248 4924 1515 4980 furiosum
1553 4927 1867 4982 Judzeorum
1907 4927 2087 4998 impe-

511 5027 627 5070 tum
657 5026 966 5074 ccmentcs.
998 5019 1388 5073 substiterunt.
1422 5019 1541 5089 Ipse
1564 5037 1697 5075 vero
1721 5036 1846 5074 cum
1872 5021 2082 5089 paucis,

508 5109 736 5164 avulsus
793 5125 823 5162 a
872 5112 1108 5174 caeteris,
1158 5113 1405 5182 undique
1445 5113 1514 5166 ab
1547 5113 1800 5168 hostibus
1850 5115 2087 5167 circum-

508 5209 726 5261 ventus,
756 5201 1137 5256 animadverso
1166 5203 1410 5272 periculo
1451 5204 1730 5258 convertit
1763 5218 1997 5272 equum,
2030 5213 2088 5257 et

508 5291 626 5347 suis
661 5291 818 5361 sequi
856 5292 1025 5362 jussis
1055 5294 1107 5347 in
1135 5293 1352 5349 Iudaeos
1390 5295 1554 5348 irruit
1590 5313 1604 5349 :
1637 5310 1700 5349 ac
1732 5295 1915 5349 obviis
1952 5297 2083 5365 qui-

507 5384 724 5454 basque
763 5385 948 5455 gladio
1025 5389 1379 5456 propulsatis,
1437 5389 1623 5442 salvus
1668 5389 1721 5442 in
1763 5398 1939 5442 castra
1998 5405 2088 5442 re-

511 5475 802 5539 vertitur,
865 5475 1086 5533 duobus
1157 5479 1428 5533 duntaxat
1503 5479 1767 5534 comitum
1858 5496 2084 5533 suorutn

507 5569 687 5624 caesis.
767 5568 1036 5624 Postridie
1113 5585 1420 5626 conscenso
1477 5571 1602 5625 loco
1669 5573 1763 5642 qui
1833 5573 2084 5641 specula-

429 5690 474 5734 -ι
511 5666 602 5712 tor
650 5657 892 5721 dicitur,
949 5675 1019 5712 vn
1086 5660 1281 5715 stadiis
1321 5661 1390 5714 ab
1443 5662 1580 5731 urbe
1618 5662 1827 5719 distans
1859 5705 1873 5726 ,
1940 5665 2086 5719 unde

508 5749 751 5804 eturbs
818 5759 874 5805 et
947 5753 1212 5821 templum
1284 5760 1617 5820 spectatur,
1701 5765 1876 5809 castra
1962 5771 2085 5809 mu-

512 5840 620 5894 niri
680 5841 856 5913 jubet.
924 5843 1130 5899 Urbani
1200 5859 1332 5897 vero
1413 5844 1648 5900 subinde
1719 5847 1872 5915 prius
1943 5846 2086 5900 inter

514 5935 677 6012 293
711 5953 770 5996 se
808 5939 1070 5996 dimicare
1099 5939 1277 6005 soliti,
1310 5941 1382 5996 ob
1408 5941 1683 6012 ingentem
1715 5941 1928 5999 externi
1951 5941 2082 5999 belli

2189 4742 2510 4808 ἑξακοσίους
2547 4741 2657 4794 τῶν
2693 4741 2999 4796 ἐπιλέκτων
3043 4742 3258 4796 ἱππέων
3287 4733 3614 4809 παραλαϐὼν.
3647 4726 3712 4796 ᾔει

2187 4835 2290 4904 τὴν
2333 4834 2486 4888 πόλιν
2530 4835 3036 4905 κατασκεψόμενος,
3065 4836 3160 4888 καὶ
3189 4835 3257 4888 τὰ
3289 4832 3589 4904 φρονήματα
3628 4819 3712 4872 τῶν

2189 4930 2366 4992 ἐντός.
2419 4928 2773 4982 Ἐπεκθέουσι
2826 4927 2882 4980 δὲ
2924 4929 3026 4998 τῆς
3067 4930 3277 4992 πόλεως
3306 4929 3530 4994 ἄπειροι,
3559 4914 3636 4969 καὶ
3671 4909 3708 4961 οἱ

2191 5019 2291 5089 μὲν
2335 5019 2577 5074 πλεῖστοι
2615 5019 2723 5072 τῶν
2767 5021 2908 5089 μετά
2945 5020 3131 5082 Τίτου,
3172 5019 3410 5091 μανιώδη
3447 5014 3536 5080 τὴν
3569 5002 3708 5076 ὁρμὴν

2189 5111 2299 5163 τῶν
2346 5111 2622 5165 Ἰουδαίων
2659 5112 2917 5180 ὁρῶντες,
2943 5112 3296 5181 ἀνεκόπησαν
3323 5107 3413 5163 τοῦ
3443 5101 3604 5172 πρό-τω
3625 5108 3706 5162 κω-

2193 5206 2328 5274 ρεῖν.
2378 5203 2436 5255 '0
2469 5204 2627 5266 Τῖτος
2655 5203 2734 5269 δὲ,
2769 5204 2889 5272 μετ’
2913 5203 3115 5272 ὀλίγων
3147 5204 3258 5256 τῶν
3303 5201 3470 5255 ἄλλων
3493 5197 3699 5254 ἀποτμη⁴

2191 5296 2324 5358 θεὶς,
2386 5299 2466 5360 είς
2529 5296 2733 5366 μέσους
2792 5296 2920 5359 τοὺς
2971 5297 3267 5365 πολεμίους
3307 5285 3698 5366 ἐμπεριείληπτο·

2192 5388 2299 5440 Καὶ
2333 5389 2495 5454 γνοὺς
2536 5390 2594 5440 ὲν
2646 5387 2878 5458 κινδύνῳ
2936 5389 3004 5441 τά
3048 5388 3169 5442 κατ’
3209 5389 3385 5446 αὑτὸν,
3436 5370 3700 5444 ἐπιστρέφει

2187 5477 2280 5530 τὸν
2303 5479 2492 5544 ἵππον,
2524 5482 2763 5542 καὶτοῖς
2804 5481 2934 5551 περὶ
2978 5481 3143 5533 αὐτὸν
3185 5481 3452 5550 ἐμϐοήσας
3495 5459 3695 5521 ἔπεσθαι,

2189 5575 2448 5644 ὲμῦἀλλει
2479 5579 2590 5640 τοῖς
2613 5576 2914 5640 Ἰουδαίοις,
2956 5580 3047 5630 καὶ
3072 5577 3149 5645 τῷ
3182 5577 3321 5648 ξίφει
3346 5572 3460 5631 τοὺς
3494 5558 3694 5654 ἐπιόντες

2188 5668 2532 5721 ἀναστέλλων
2601 5670 2694 5721 ἐπὶ
2751 5668 2811 5721 τὸ
2861 5670 3247 5736 στρατόπεδον,
3295 5643 3693 5748 διασώζεταίνδῗο

2188 5764 2465 5813 πεσόντων
2495 5764 2560 5814 ὲκ
2588 5763 2696 5814 τῶν
2723 5763 3008 5830 ἑπομένων
3045 5763 3216 5833 αὐτῷ.
3253 5757 3380 5816 Μεθ’
3402 5747 3688 5840 ὴμέρῖινεοουν

2188 5853 2282 5904 ἐπὶ
2313 5852 2404 5905 τὸν
2436 5853 2647 5906 Σκοπὸν
2677 5851 2845 5905 ἐλθὼν
2879 5853 3062 5922 (τόπος
3085 5853 3129 5907 δ’
3155 5854 3300 5906 ἐστὶν
3319 5847 3448 5901 οὕτω
3473 5833 3687 5922 MM???

2188 5960 2296 6011 νοῖι
2343 5944 2534 6016 διέχων
2583 5945 2684 6016 τῆς
2721 5920 2930 6012 πόλεώς
2975 5945 3220 6012 σταδέους
3262 5937 3410 6002 ἑπτὰ,
3441 5920 3604 5989 ὅθενῆ
3641 5926 3681 5964 τ³
