3876 6592
95 335 177 398 5ὶό
1305 325 1510 387 ANNA
1524 324 1719 387 LIUM
1758 323 1908 387 LIB.
1952 325 2052 389 Vl.

3188 334 3298 401 ιιι

96 444 215 504 πόλις
244 435 332 491 καὶ
366 434 395 488 ὅ
428 433 548 490 ναὸς
591 432 1009 507 καταφαίνεται)
1071 433 1469 507 περιϐαλέσθαι
1519 454 1612 491 κε-

1717 438 2019 511 procellam
2044 437 2318 511 dirempta
2344 439 2442 497 lite
2465 442 2604 500 urbe
2622 454 2950 510 excurrunt,
2974 461 3100 505 cum
3121 449 3191 506 iis
3210 452 3305 522 qui

94 534 207 590 λεύει
237 527 605 598 στρατόπεδον.
641 526 761 579 Τῶν
788 528 918 582 δ’ζεν
940 530 1007 599 τῇ
1041 529 1197 583 πόλει
1221 530 1613 602 συῤῥηγνυμέ-

90 644 173 682 νων
214 619 450 692 ἀλλήλοις
504 620 614 685 άελ,
658 620 781 673 τότε
832 620 1002 684 πολὺς
1039 620 1288 675 ἐπελθὼν
1334 622 1365 675 ὁ
1411 622 1615 688 ἔξωθεν

90 719 303 786 πόλεμος,
346 714 443 783 τὴν
483 711 600 784 ἔριν
640 713 976 768 ἀνέπαυσεν.
1020 713 1325 786 Ἐμάχοντο
1366 714 1462 768 οὖν
1500 717 1615 780 τοῖς

89 806 392 880 βαλλομένοις
446 805 810 876 στρατόπεδον
853 807 904 859 οῖ
954 806 1221 871 Ἰουδαῖοι,
1255 806 1357 877 τῆς
1404 806 1614 871 πόλεως

88 901 411 971 ἐκτρέχοντες,
441 897 535 949 καὶ
566 896 801 950 ἐκάκουν
838 897 966 962 τοὺς
997 898 1298 963 ἐναντίους,
1333 899 1536 968 μᾶλλον
1567 900 1614 953 δ’

85 989 337 1047 ἐκακοῦντο
386 987 566 1042 αὐτοί.
614 988 986 1058 Λωφήσαντος
1020 989 1079 1044 δὲ
1120 989 1258 1059 πρὸς
1296 990 1471 1061 βραχὺ
1517 989 1612 1043 τοῦ

85 1082 275 1155 θύραθεν
302 1079 563 1150 πολέμου,
597 1079 761 1133 πάλιν
800 1082 914 1143 τοῖς
963 1080 1114 1134 ἔνδον
1163 1083 1194 1150 ἡ
1245 1080 1432 1138 στάσις
1462 1080 1614 1151 ἡγεί-

85 1194 195 1249 paco.
224 1174 323 1227 Kal.
348 1172 487 1244 δόλῳ
524 1171 586 1225 τὸ
616 1172 762 1240 ἱερὸν
796 1174 825 1224 ό
854 1171 1111 1241 Ἰωάννης
1147 1173 1245 1227 σὺν
1282 1175 1392 1236 τοῖς
1436 1168 1615 1241 ζηλω-

81 1272 173 1331 ταῖς
204 1265 506 1335 κατασχὼν,
540 1265 756 1319 πολλῶν
809 1265 1235 1336 ἀναιρεθέντων.
1283 1264 1613 1339 κατεθάῤῥει

82 1361 150 1415 τοῦ
184 1360 430 1431 Σίμωνος.
472 1358 535 1413 '0
563 1356 622 1410 δὲ
665 1356 826 1420 Τῖτος
856 1357 1182 1426 ἐξομαλίσαι
1216 1357 1523 1422 προσέταξε
1553 1358 1613 1410 τὸ

81 1455 161 1508 ἀπὸ
178 1452 258 1504 τοῦ
279 1449 488 1504 Σκοποῦ
527 1449 695 1521 μέχρι
719 1447 815 1503 τοῦ
843 1450 1057 1519 τείχους
1087 1448 1367 1521 διάστημα
1386 1466 1400 1480 ·
1434 1448 1614 1503 καὶτὸ

84 1546 154 1613 μὲν
181 1542 392 1610 ἐγίνετο,
440 1543 723 1604 Ἰουδαίοις
776 1541 835 1594 δὲ
883 1541 1027 1595 κατὰ
1080 1541 1371 1612 Ῥωμαίων
1418 1540 1614 1612 ἐνέδρα

82 1652 141 1697 τις
164 1632 524 1703 μεμηχάνητο.
571 1633 637 1686 Οῖ
673 1633 782 1705 γὰρ
814 1632 1211 1705 τολμηρότεροι
1234 1633 1346 1685 τῶν
1381 1649 1613 1686 στασια-

85 1726 207 1794 στῶν,
236 1725 593 1797 προελθόντες
614 1725 719 1793 τῆς
736 1724 966 1789 πόλεως.
991 1723 1067 1784 ὡς
1087 1723 1488 1795 ὶκϐεϐλημένοι
1518 1722 1614 1795 δῆ-

1717 528 1923 584 vallum
1960 530 2221 587 muniunt
2252 532 2555 590 dimicant:
2587 547 2644 591 et
2672 536 2804 593 dum
2834 538 3028 596 hostes
3060 540 3304 598 cladibus

1717 619 1999 686 alliciunt,
2046 620 2304 692 pluribus
2339 623 2440 693 ipsi
2482 624 2826 683 allieiuntur.
2876 629 3119 686 Externo
3164 631 3306 691 bello

1716 712 2001 782 paulisper
2032 713 2380 784 quiescente.
2433 716 2636 774 seditio
2690 736 2884 775 rursus
2921 721 3214 779 exoritur:
3251 734 3305 778 et

1713 800 1960 860 Joannes
1989 819 2116 858 cum
2151 805 2360 862 Zelotis
2404 810 2610 879 templo
2648 812 2841 866 multis
2873 812 3033 868 caesis
3073 830 3173 884 per
3215 815 3300 870 do-

1717 895 1830 950 lum
1863 905 2161 967 occupato,
2186 899 2397 955 Simoni
2435 915 2495 956 se
2526 917 2809 974 opponere
2834 921 3006 961 ausus
3037 918 3144 963 est.
3166 907 3305 962 Dum

1715 997 1899 1043 autem
1936 989 2286 1048 intervallum
2308 1031 2324 1057 ,
2360 993 2507 1064 quod
2542 1009 2571 1049 a
2601 997 2949 1065 speculatore
2995 998 3061 1053 ad
3098 998 3307 1054 mmnia

1714 1081 1980 1150 pertinet.
2030 1080 2138 1136 Titi
2198 1083 2356 1154 jussu
2413 1097 2767 1156 exsequatur,
2816 1087 2993 1143 Judaei
3044 1087 3307 1145 Romanis

1716 1170 1950 1228 insidias
1979 1183 2228 1229 struunt.
2254 1175 2391 1230 Nam
2435 1177 2764 1234 audaciores
2794 1194 2827 1235 e
2862 1179 3142 1236 seditiosis
3164 1220 3179 1244 ,
3211 1196 3300 1235 ur-

1715 1263 1841 1319 bem
1886 1265 2135 1336 egressi,
2173 1268 2338 1338 quasi
2377 1283 2408 1322 a
2438 1270 2592 1341 pacis
2626 1270 2891 1328 studiosis
2915 1271 3077 1343 ejecti
3116 1280 3307 1329 essent

1713 1357 1947 1419 scilicet.
1974 1359 2133 1431 juxta
2157 1360 2361 1415 mmnia
2391 1362 2791 1418 versabantur:
2819 1363 2914 1418 alii
2942 1365 2996 1418 in
3025 1363 3305 1419 manibus

1712 1456 1922 1506 stantes
1953 1450 2111 1521 quasi
2146 1467 2214 1509 ex
2244 1453 2405 1523 plebe
2432 1453 2705 1520 homines,
2740 1472 2929 1526 pacem
2962 1446 3302 1524 clamabant,

1712 1548 1769 1592 et
1788 1536 2071 1594 dexteram
2097 1540 2381 1610 petebant,
2408 1541 2796 1612 Romanosque
2825 1544 3119 1607 vocabant,
3142 1544 3304 1615 quasi

1713 1638 1906 1700 portas
1929 1630 2174 1700 aperturi
2198 1640 2403 1687 essent.
2431 1634 2512 1689 Ac
2537 1634 2744 1689 milites
2767 1635 2991 1705 quidem
3025 1635 3163 1690 nihil
3187 1650 3306 1693 sus-

1714 1722 1904 1794 picati,
1937 1716 2078 1794 opus
2099 1724 2564 1796 aggrediebantur
2591 1744 2605 1781 :
2632 1726 2791 1783 Titus
2818 1737 3008 1784 autem
3046 1728 3305 1799 inexspe-

83 1822 146 1873 ὒεν
170 1820 261 1873 ὑπὸ
278 1818 384 1871 τῶν
410 1818 482 1873 τὰ
514 1818 773 1890 εἰρηνικὰ
801 1816 1167 1890 φρονούντων,
1192 1818 1321 1889 *ιτερλ⁵
1347 1816 1407 1870 τὸ
1431 1818 1608 1889 τεῖχος

1714 1825 1916 1873 ctatam
1964 1816 2310 1872 vocationem
2341 1826 2654 1889 suspectam
2691 1819 2952 1877 habebat.
3003 1819 3142 1876 Nam
3174 1836 3303 1877 cum

80 1907 182 1984 ἦσαν
203 1910 533 1982 εἱλούμενον
563 1911 715 1966 ἄλλοι
744 1910 824 1977 δὲ,
849 1912 1076 1975 στάντες
1111 1910 1208 1965 ἐπὶ
1243 1907 1339 1963 τοῦ
1369 1909 1608 1980 τείχους,

79 2002 205 2064 axx
236 2000 324 2055 τοῦ
370 2002 549 2073 δήμου
588 2000 974 2073 τυγχάνοντες,
1017 2001 1244 2073 εἰρήνην
1283 1999 1474 2065 ἐϐόων,
1517 1999 1611 2052 καὶ

80 2093 213 2158 δεξιὰν
235 2094 476 2165 ᾐτοῦντο,
523 2092 820 2160 καλοῦντες
863 2094 991 2158 τοὺς
1030 2093 1357 2165 Ῥωμαίους,
1397 2092 1474 2156 ὡς
1510 2091 1613 2155 τὰς

84 2186 211 2248 πύλας
243 2184 573 2251 ἀνοίξοντες.
609 2187 737 2251 Τοῖς
775 2185 876 2257 μιν
920 2181 1017 2240 οὖν
1053 2186 1422 2256 στρατιώταις
1456 2184 1611 2239 οὐδὲν

83 2279 411 2342 ὑπωπτεύετο,
469 2281 572 2334 καὶ
637 2279 882 2353 ἐχώρουν
940 2279 1036 2353 ἐπὶ
1090 2280 1152 2334 τὸ
1213 2279 1404 2350 ἔργον,
1466 2278 1611 2350 Τίτῳ

81 2370 118 2422 δὲ
156 2370 209 2424 δι’
247 2369 475 2441 ὑποψίας
524 2365 598 2442 ἦν
639 2373 739 2443 τῆς
788 2352 1133 2443 ἐπικλήσεως
1165 2369 1228 2424 τδ
1273 2366 1608 2441 παράλογον.

80 2462 163 2533 Πρὸ
194 2464 309 2533 μιᾶς
334 2463 445 2534 γὰρ
477 2462 700 2535 ἡμέρας
726 2462 819 2519 διὰ
843 2460 939 2517 τοῦ
969 2462 1235 2533 Ἰωσήπου
1276 2462 1372 2514 ὲπὶ
1407 2458 1613 2530 συμϐἀ·

82 2573 162 2621 σιις
187 2554 365 2617 αὐτοὺς
395 2555 876 2626 προκαλούμενος,
901 2555 1056 2609 οὐδὲν
1088 2552 1423 2625 φρονοῦντας
1456 2551 1612 2624 εὔρι-

84 2667 153 2702 ex:
179 2649 397 2721 μίτριον.
439 2648 655 2703 Μένειν
687 2646 781 2702 οὖν
809 2648 952 2703 κατὰ
972 2644 1158 2720 χώραν
1186 2647 1312 2711 τοὺς
1345 2646 1613 2718 στρατιώ-

82 2760 151 2807 τις
185 2742 404 2797 ἐκέλευε.
432 2742 777 2797 Φθασὰντων
818 2741 877 2795 δέ
921 2758 1085 2795 τινων
1130 2739 1269 2811 πρὸς
1302 2741 1402 2805 τὰς
1435 2740 1612 2806 πύλας

82 2835 275 2905 δριμεῖν,
314 2835 373 2891 τδ
413 2835 527 2908 μὲν
557 2835 775 2908 πρῶτον
820 2836 871 2889 oi
915 2832 1284 2904 ἐκϐεϐλῆσθαι
1325 2834 1612 2900 δοκοῦντες

84 2928 337 2998 ὒπέρευγον
357 2946 372 2962 ο
405 2929 484 2993 ὡς
528 2927 585 2983 δὲ
623 2927 831 3000 μεταξὺ
856 2927 965 2982 τῶν
991 2927 1093 2999 τῆς
1118 2927 1331 2997 πόλεως
1357 2927 1612 2996 ὶγένοντο

86 3020 274 3092 πύργων,
303 3020 549 3087 ἐξέθεον,
581 3019 679 3074 καὶ
722 3020 993 3075 ὲκύκλουν
1029 3018 1198 3075 αὐτού
1212 3039 1254 3083 ξ.
1291 3013 1403 3073 Καὶ
1439 3021 1489 3074 οῖ
1516 3021 1612 3074 ἐπὶ

1715 1923 1813 1965 eos
1844 1909 2020 1981 pridie
2044 1925 2147 1982 per
2171 1910 2478 1983 Josepbum
2507 1912 2575 1969 ad
2610 1914 2898 1984 pactiones
2919 1926 3303 1993 provocasset,

1712 1999 1855 2054 nihil
1899 2001 2175 2057 moderati
2228 2002 2480 2073 responsi
2530 2013 2843 2074 acceperat.
2903 2004 3105 2061 Milites
3136 2005 3307 2076 igitur

1711 2107 1815 2148 suo
1853 2093 1975 2150 loco
2007 2110 2230 2152 manere
2249 2095 2436 2166 jussit.
2469 2095 2575 2153 Sed
2599 2113 2727 2153 cum
2754 2097 2979 2168 quidam
3020 2099 3089 2153 ad
3115 2109 3307 2170 portas

1706 2183 1820 2254 jam
1856 2186 2263 2255 procurrissent
2286 2228 2300 2252 ,
2336 2186 2374 2241 ii
2403 2187 2499 2258 qui
2535 2202 2595 2243 se
2625 2188 2834 2258 ejectos
2862 2204 2986 2245 esse
3019 2188 3306 2261 ﬁngebant

1713 2278 2102 2351 refugiebant:
2142 2290 2201 2335 ut
2224 2296 2356 2336 vero
2405 2281 2552 2336 intra
2588 2281 2750 2337 urbis
2781 2290 2963 2338 turres
2991 2281 3068 2337 illi
3103 2299 3303 2353 perve-

1713 2380 1944 2437 nerant,
1966 2380 2356 2438 excurrerant,
2387 2387 2594 2444 eosque
2657 2375 3164 2430 circumvenerunt.
3196 2376 3300 2443 Qui

1712 2478 1846 2520 vero
1894 2466 1951 2519 in
1988 2464 2267 2521 mtenibus
2313 2476 2508 2528 erant,
2554 2466 2661 2520 tela
2692 2475 2748 2520 et
2787 2481 2916 2520 saxa
2967 2476 3159 2523 contra
3205 2484 3305 2524 eos

1706 2553 2053 2624 iaculantes,
2090 2556 2417 2612 occiderunt
2444 2556 2648 2611 mullos
2668 2597 2684 2624 ,
2719 2557 2908 2627 plures
2938 2558 3304 2615 convulnera-

1712 2656 1864 2707 runt.
1900 2645 2020 2714 Quo
2064 2663 2325 2704 successu
2358 2648 2532 2704 Judaei
2584 2648 2980 2715 exsultabant,
3043 2660 3101 2705 ct
3146 2660 3335 2707 scuta‘

1712 2741 2148 2797 concutiebant:
2209 2741 2368 2798 Titus
2401 2757 2533 2797 vero
2577 2750 2635 2797 et
2686 2745 3049 2799 centuriones
3096 2744 3306 2801 milites

1712 2835 2075 2903 castigabant.
2123 2835 2204 2890 Eo
2235 2834 2416 2906 spatio
2446 2834 2595 2906 quod
2626 2846 2756 2891 ante
2783 2837 2985 2892 muruia
3018 2845 3105 2893 est
3146 2851 3305 2892 com-

1711 2925 1936 2995 planato
1962 2967 1978 2992 ,
2020 2925 2309 2997 copiarum
2343 2927 2516 2982 robur
2544 2927 2612 2982 ad
2646 2943 2842 2983 muros
2868 2927 3115 2984 extendit
3143 2946 3159 2987 :
3202 2927 3306 2983 ob-

1713 3020 2053 3090 structisque
2087 3019 2420 3087 ,Judacorum
2473 3020 2943 3087 excursionibus,
2993 3029 3171 3077 castra
3224 3018 3303 3076 ibi

86 3112 150 3165 τοῦ
176 3114 363 3185 τείχους
402 3113 548 3185 βέλη
592 3110 716 3165 κατ’
757 3109 941 3166 αὐτῶν
972 3111 1228 3183 ἠφίεσαν,
1278 3110 1375 3165 καὶ
1425 3111 1609 3176 λίθους

1714 3113 1918 3180 posuit.
1944 3112 2084 3169 Urbs
2116 3114 2319 3184 triplici
2350 3130 2511 3169 muro
2538 3113 2878 3170 circumdata
2905 3113 3033 3183 fuit,
3054 3112 3148 3183 ubi
3172 3128 3306 3171 vero

88 3206 329 3273 ἠκόντιζον,
364 3207 461 3260 καὶ
491 3206 714 3260 ἀνεῖλον
748 3206 998 3277 συχνοὺς,
1033 3205 1130 3260 καὶ
1177 3204 1403 3270 πλείους
1440 3204 1609 3259 κατέ-

88 3314 270 3366 τρωσαν.
295 3302 401 3356 Καὶ
421 3302 470 3353 ei
518 3301 622 3371 μὲν
656 3299 903 3353 Ἰουδαῖοι
925 3297 1198 3371 ἐσκίρτων
1226 3299 1356 3364 τοὺς
1383 3298 1608 3370 θυρεοὺς

89 3389 385 3457 ἀνςσεῐοντες,
412 3392 536 3456 τοῖς
584 3390 642 3444 δὲ
690 3390 1056 3462 στρατιώταις
1097 3391 1128 3443 ὁ
1177 3388 1335 3454 Τῖτος
1370 3390 1608 3462 ἠπείλει,

88 3484 156 3534 nl
173 3486 212 3537 oi
233 3484 533 3558 ταξίαρχοι.
568 3484 710 3554 Ἤδη
732 3485 789 3538 δὲ
815 3484 908 3537 τοῦ
934 3483 1040 3555 πρὸ
1062 3481 1173 3537 τῶν
1203 3482 1402 3555 τειχῶν
1430 3484 1609 3555 χώρου

88 3574 395 3642 ἐξισωθέντος,
428 3579 556 3632 ἐκεῖ
587 3574 903 3648 μεταθεῖναι
935 3573 1258 3646 βουλόμενος
1282 3573 1345 3628 τδ
1383 3577 1610 3647 στρατός

88 3665 224 3731 τεὼ-ι,
256 3666 312 3721 τὸ
349 3667 778 3741 καρτερώτατον
806 3666 906 3736 τῆς
932 3666 1217 3735 δυνάμεως
1250 3665 1613 3737 ἀντιπαρεξέ-

89 3772 194 3810 tam
220 3759 286 3829 τῷ
314 3761 514 3830 τείχει,
555 3761 648 3814 καὶ
687 3757 831 3813 οὕτω
875 3761 1287 3831 πεπραγμένων
1336 3759 1612 3825 Ἰουδαίοις

90 3850 165 3903 τῶν
186 3853 468 3924 ἐκδρομῶν,
502 3851 1079 3924 ἐστρατοπεδεύσαντο
1098 3852 1151 3906 oi
1178 3853 1444 3924 Ῥωμαῖοι
1470 3853 1609 3909 ἐκεῖ.

89 3943 204 4012 Τρισὶ
234 3946 285 4000 δὲ
310 3949 557 4019 τείχεσιν
587 3949 621 4019 ἡ
664 3947 825 4010 πόλις
856 3947 1252 4019 περιεϐέϐλητο
1280 3962 1296 3980 ·
1330 3948 1466 4003 ὅπου
1497 3948 1543 4003 δ’
1574 3950 1610 4021 ἡ

89 4034 207 4102 φύσις
260 4038 347 4092 τοῦ
403 4040 579 4094 τόπου
634 4039 842 4111 ταύτην
899 4038 1143 4111 ὠχύρου,
1208 4041 1291 4094 ἑνὶ
1335 4040 1615 4113 περιϐόλῳ

86 4126 287 4191 διέζωττο
305 4149 319 4162 ·
345 4133 492 4187 οὕτω
528 4131 573 4186 δ’
599 4133 835 4203 ἑκούσης
864 4132 964 4204 τῆς
996 4132 1227 4199 πόλεως,
1260 4134 1471 4207 ἄπορος
1496 4134 1614 4189 ἐδό-

88 4234 148 4271 κει
170 4221 230 4293 τῷ
254 4224 389 4295 Τίτῳ
414 4225 449 4297 ἡ
482 4225 788 4297 προσϐολή.
821 4225 972 4289 Τέως
1000 4225 1045 4279 δ’
1070 4220 1168 4280 οὖν
1196 4224 1344 4292 εδοξε
1377 4227 1520 4282 κατὰ
1552 4228 1613 4282 τὸ

86 4310 279 4368 Ἰωάννου
320 4316 412 4370 τοῦ
443 4317 756 4389 ἀρχιερέως
785 4318 1057 4388 μνημεῖον
1094 4318 1483 4390 προσϐάλλειν,
1516 4318 1613 4373 καὶ

86 4406 168 4468 τοῖς
189 4409 413 4479 τάγμασι
444 4408 614 4483 δῃοῦν
639 4409 709 4465 τὰ
739 4409 844 4479 πρὸ
874 4410 973 4481 τῆς
1001 4409 1208 4475 πόλεως
1236 4410 1608 4481 nummo,

1715 3205 1826 3260 situ
1887 3205 2008 3275 ipso
2062 3207 2459 3272 muniebatur,
2512 3206 2755 3278 simplici
2807 3206 3117 3263 duntaxat:
3152 3204 3305 3277 quod

1715 3313 1842 3354 cum
1859 3298 1931 3352 ita
1947 3308 2113 3364 esset,
2135 3301 2469 3371 oppugnatio
2491 3298 2813 3356 difﬁcillima
2838 3298 2966 3355 Tito
2986 3298 3304 3359 videbatur.

1715 3388 1825 3446 Sed
1847 3400 2027 3445 tamen
2047 3390 2225 3445 visum
2252 3400 2357 3456 est,
2383 3393 2540 3463 juxta
2556 3391 2787 3447 Joannis
2811 3391 3086 3461 pontiﬁcis
3105 3404 3307 3446 monu-

1712 3489 1962 3538 mentum
2015 3495 2137 3536 eam
2188 3480 2441 3536 adoriri:
2474 3482 2643 3552 idque
2686 3481 3003 3553 legionibus
3058 3478 3301 3536 indicari

1711 3572 1893 3645 jubet,
1927 3580 1991 3627 ut
2018 3572 2304 3627 materiam
2331 3574 2399 3628 ad
2428 3574 2758 3629 excitandos
2783 3588 3013 3644 aggeres
3039 3587 3303 3642 compor-

1716 3672 1919 3719 tarent.
1953 3662 2073 3731 Quo
2107 3662 2277 3731 facto,
2307 3673 2366 3719 et
2397 3664 2692 3735 aggeribus
2716 3665 3026 3725 exstructis
3046 3705 3062 3727 ,
3097 3665 3307 3719 arietes

1712 3753 1964 3826 expediri
1993 3755 2183 3827 jussit.
2218 3754 2480 3824 Quicum
2522 3757 2728 3813 moenia
2764 3757 3031 3814 trifariam
3068 3771 3303 3828 percus-

1713 3847 1918 3903 sissem
1938 3886 1954 3911 ,
1980 3855 2040 3902 et
2070 3846 2376 3903 inusitatus
2408 3847 2595 3920 fragor
2623 3849 2818 3904 urbem
2855 3848 3303 3905 circumsonuis—

1714 3949 1800 3996 set
1828 3956 1845 3995 :
1878 3940 2121 3997 clamore
2152 3941 2224 3997 ab
2256 3941 2504 4000 obsessis
2532 3941 2776 4007 sublato.
2811 3941 3068 3997 seditiosi
3098 3940 3302 4006 territi,

1713 4045 1773 4087 se
1798 4032 1990 4088 hostes
2016 4033 2303 4089 communi
2337 4048 2442 4103 ope
2478 4034 2904 4105 propulsaturus
2929 4047 3052 4089 esse
3080 4032 3307 4103 pepige-

1712 4134 1864 4181 runt.
1887 4125 2076 4183 Murus
2110 4135 2295 4183 tamen
2322 4126 2527 4182 ictibus
2565 4128 2802 4183 arietum
2834 4140 2945 4181 non
2973 4125 3139 4180 cessit
3161 4165 3177 4190 ,
3201 4139 3303 4180 an-

1712 4217 1841 4289 gulo
1856 4217 2124 4275 duntaxat
2139 4218 2306 4292 294
2323 4219 2490 4277 turris
2507 4220 2895 4286 uniusemoto,
2913 4232 3073 4273 muro
3089 4216 3305 4272 incolo.

1713 4311 1808 4367 mi.
1830 4310 2003 4368 Judaei
2021 4326 2155 4368 vero
2174 4326 2300 4369 cum
2316 4313 2599 4369 Romanos
2610 4310 2882 4382 incastris
2892 4309 3195 4382 dissipatos
3209 4308 3308 4365 ob-

1711 4412 2033 4460 servassent
2056 4445 2072 4472 ,
2106 4416 2414 4460 excurrunt
2442 4418 2637 4460 omnes
2660 4442 2678 4469 ,
2708 4412 2766 4459 et
2798 4405 2980 4475 ignem
3030 4402 3308 4458 machinis

87 4507 331 4572 συρςορείν
354 4521 412 4556 τε
444 4504 549 4574 τὴν
576 4502 733 4574 ὓλην,
761 4502 826 4556 ἶν’
854 4503 1126 4576 ἐγείροιεν
1152 4502 1404 4575 χώματα.
1428 4504 1534 4557 Καὶ
1559 4502 1610 4559 οἱ

1716 4496 2016 4569 injiciunt:
2061 4497 2159 4553 ubi
2190 4507 2350 4554 atrox
2387 4512 2572 4569 pugna
2610 4506 2803 4552 exorta
2831 4504 2937 4561 est,
2970 4495 3059 4550 bis
3088 4511 3184 4551 eas
3215 4495 3305 4553 in-

88 4589 159 4657 μὲν
191 4595 257 4658 εἰς
292 4594 452 4666 ἔργον
482 4590 623 4666 ἦγον
663 4595 723 4647 τὸ
751 4594 1065 4663 κέλευσμαο
1096 4595 1206 4649 τῶν
1246 4594 1305 4651 δὲ
1334 4594 1611 4666 χωμάτων

88 4687 443 4758 ὲγηγερμένων,
481 4687 789 4757 προσάγειν
817 4686 945 4751 τοὺς
973 4688 1164 4759 κριοὺς
1192 4689 1222 4740 ὁ
1250 4687 1410 4751 Τῖτος
1445 4703 1612 4758 προσ-

86 4774 251 4843 έταττε,
307 4781 400 4833 καὶ
445 4778 676 4834 τύπτειν
735 4778 796 4831 τὸ
846 4781 1047 4848 τεῖχος.
1089 4777 1228 4849 Ἤδη
1283 4777 1395 4831 τῶν
1439 4777 1612 4847 κριῶν

88 4869 325 4940 ἠργμένων
357 4874 636 4948 τριχόθεν,
673 4873 917 4941 ἐξαισίου
946 4890 1008 4927 τε
1051 4874 1262 4928 κτύπου
1314 4874 1414 4945 τὴν
1451 4873 1611 4928 πόλιν

88 4965 497 5035 περιηχήσαπος,
535 4967 748 5037 κραυγὴ
783 4966 935 5032 παρὰ
968 4964 1078 5018 τῶν
1117 4966 1269 5020 ἔνδον
1303 4967 1468 5039 ἤρθη,
1517 4969 1612 5021 καὶ

86 5050 121 5100 οἱ
157 5058 478 5122 στασιασταὶ,
520 5056 826 5120 δείσαντες,
865 5056 1212 5127 ὡμονόησαν,
1264 5059 1453 5125 κοινὴν
1512 5058 1613 5127 τὴν

88 5144 256 5211 bona:
294 5151 425 5219 πρὸς
462 5150 592 5213 τοὺς
624 5144 921 5220 πολεμίους
954 5149 1232 5204 ποιεῖσθαι
1269 5150 1612 5221 συνθέμενοι.

89 5235 181 5291 Tw
205 5257 260 5308 γε
288 5245 394 5313 μὴν
420 5242 591 5313 κριῶν
623 5244 959 5306 τυπτόντων,
996 5242 1096 5313 οὐχ
1122 5243 1373 5297 ὑπεδίδου
1403 5245 1464 5296 τὸ
1503 5246 1614 5296 τεῖ-

91 5343 160 5397 λθς
176 5332 550 5407 πληττόμενον.
570 5335 748 5390 Γωνία
778 5337 834 5391 δέ
869 5355 952 5400 τις
985 5338 1147 5409 μόνον
1176 5338 1297 5402 ἑνὸς
1333 5338 1444 5392 τῶν
1474 5337 1607 5408 πύρο

92 5435 175 5485 ’των
199 5430 617 5499 παρακεκίνητο,
646 5429 708 5483 τὸ
733 5430 792 5483 δὲ
829 5433 1008 5501 τεῖχος
1036 5430 1298 5498 ἀκέραιον
1343 5425 1433 5501 ἦν.
1480 5431 1615 5485 ’1ου-

92 5510 197 5567 hinc
224 5517 299 5584 δὲ,
331 5523 452 5586 τοὺς
484 5523 798 5592 Ῥωμαίους
820 5522 1254 5594 ἑσκεδασμένους
1287 5526 1617 5594 παρατηρή-

93 5620 242 5671 “me;
270 5611 407 5666 νατά
436 5613 497 5667 τὸ
526 5614 918 5685 στρατόπεδον,
947 5613 1199 5669 ἐκθέουσι
1240 5614 1468 5680 πάντες,
1501 5615 1616 5686 πῦρ

94 5696 184 5756 ταῖς
211 5705 461 5769 μηχαναῖς
495 5703 872 5772 ἐπιφέροντες.
914 5704 1074 5774 Δεινὴ
1114 5704 1171 5757 δὲ
1204 5703 1337 5773 περὶ
1372 5705 1471 5769 τὰς
1499 5705 1617 5757 ἑλε-

97 5786 242 5853 πόλεις
294 5795 434 5865 μάχη
472 5796 758 5864 συνέπεσε,
790 5796 901 5850 τῶν
929 5797 1031 5867 μὲν
1074 5796 1462 5869 ὑποπιμπρᾷν,
1503 5797 1614 5851 τῶν

1718 4592 1956 4648 cendere
1975 4631 1991 4658 ,
2022 4592 2132 4648 illis
2161 4590 2479 4647 incendium
2506 4591 2768 4648 cohibere
2803 4589 3161 4649 conantibus.
3191 4588 3303 4644 Sed

1714 4683 1889 4740 Judaei
1923 4700 1993 4741 ex
2022 4684 2417 4754 desperatione
2461 4684 2783 4753 superiores
2820 4682 3069 4747 inerunt,
3095 4690 3153 4736 et
3183 4696 3303 4736 tuac

1717 4779 1898 4836 chinae
1923 4781 2034 4850 jam
2064 4779 2338 4834 ardebant
2366 4794 2379 4832 :
2417 4793 2483 4833 ac
2511 4776 2619 4831 nisi
2659 4762 2821 4831 Titus
2851 4789 2977 4831 cum
3013 4774 3305 4845 equitibus

1717 4870 1973 4928 subsidio
2003 4871 2269 4932 venisset,
2316 4868 2769 4939 conﬂagrassent.
2823 4867 2980 4923 Nunc
3016 4882 3147 4923 vero
3176 4882 3278 4936 pro

1715 4962 2120 5034 pugnatoribus
2146 4961 2466 5017 Judaeorntn
2497 4960 2720 5016 circiter
2747 4974 2826 5015 xu
2859 4958 3020 5015 caesis
3045 4999 3063 5026 ,
3097 4957 3300 5026 ιιιιίψὰ

1716 5056 1773 5110 in
1810 5054 2005 5110 urbem
2055 5062 2187 5111 sunt
2234 5052 2642 5124 compulsi:et
2673 5068 2819 5108 unus
2868 5050 3094 5109 Judaeus
3144 5050 3307 5108 τινες

1715 5155 1935 5218 captus,
1963 5154 2094 5202 ante
2130 5147 2334 5201 muenia
2364 5149 2417 5200 in
2446 5160 2669 5201 crucem
2700 5155 2861 5201 actus
2888 5154 3000 5219 est,
3029 5154 3089 5200 ut
3116 5159 3185 5199 eo
3211 5158 3301 5199 as-

1715 5249 1881 5312 peetu
1916 5238 2158 5309 perculsi
2185 5238 2370 5293 caeteri
2400 5254 2459 5295 se
2487 5238 2782 5295 dederent.
2824 5237 2932 5294 Sed
2969 5254 3095 5293 cum
3134 5236 3298 5291 Titus

1717 5333 1926 5403 ligneas
1957 5340 2139 5385 turres
2170 5329 2416 5399 singulas
2442 5345 2474 5384 ι.
2496 5329 2749 5385 cubitum
2777 5329 2833 5383 in
2860 5327 3155 5400 aggeribus
3178 5324 3300 5389 col-

1717 5424 1975 5486 locasset,
2001 5422 2176 5477 Judaei
2204 5423 2441 5476 arietum
2466 5423 2733 5492 impetum
2765 5437 2874 5477 non
2900 5418 3136 5487 amplius
3162 5431 3295 5486 pro-

1718 5518 2046 5582 hibuerunt,
2080 5531 2204 5571 cum
2236 5530 2304 5570 ex
2328 5516 2438 5571 illis
2462 5515 2787 5580 ferirentur,
2827 5528 2892 5569 ac
2919 5511 3060 5566 male
3091 5516 3296 5563 tracta-

1718 5620 1932 5666 rentur.
1973 5609 2093 5664 Jam
2140 5623 2273 5662 vero
2311 5623 2472 5662 muro
2505 5607 2722 5663 etiama
2750 5605 2952 5660 Nicone
2991 5602 3093 5671 (sic
3140 5599 3291 5654 enim

1720 5704 1822 5772 ipsi
1850 5700 2025 5759 Judaei
2061 5701 2435 5755 Romanorum
2466 5700 2757 5755 maximam
2784 5694 3054 5749 vocabant
3085 5692 3298 5746 machi-

1722 5804 1892 5865 nam)
1954 5791 2331 5859 labefactata,
2398 5792 2650 5864 plerique
2715 5785 3016 5843 debilitatis
3093 5784 3299 5843 animis
