3876 6554
129 264 288 356 ωι’
1370 312 1680 374 ΑΝΝΑιΠ

1817 318 1966 379 ΠΒ.
2011 318 2112 378 Vi.

3264 335 3370 399 5l8

124 410 299 473 ἔγνων,
346 407 378 479 ἢ
426 408 520 460 καὶ
555 409 723 480 μόνην
758 407 915 482 ἔσχον
962 429 1217 480 υπονοιας
1255 423 1436 487 σκιὰν,
1485 425 1680 490 εὐθέως

1791 441 2006 499 gantes,
2037 433 2082 486 si
2105 432 2242 504 quid
2271 435 2648 505 reperiebant,
2679 439 3071 499 excruciabant
3094 460 3108 511 ;
3135 445 3180 501 si
3210 450 3368 510 nihil.

122 501 460 568 ἀπέσφαττον
484 517 500 531 ο
533 503 646 566 τοῖς
681 503 726 555 δ’
760 506 1016 577 εὐπόροις
1073 511 1168 564 καὶ
1219 513 1392 584 ψευδῆ
1437 517 1536 586 τὴν
1582 518 1685 588 τῆς

120 589 436 660 αὐτομολίας
469 594 808 666 κατηγορίαν
830 599 1263 669 προσάπτοντες,
1292 607 1419 670 τοὺς
1449 609 1552 677 μὲν
1583 613 1684 664 ati-

118 686 231 738 τίκα
255 683 583 753 διέφθειρον,
634 688 732 751 τάς
758 688 814 742 δὲ
854 691 1080 747 ἐκείνων
1115 696 1304 761 οὐσίας
1345 699 1674 772 διήρπαζον.

124 775 176 827 '0
201 775 351 844 λιμὸς
389 776 436 828 δ’
469 776 737 844 ἀκμάζων
767 780 866 851 τὴν
907 783 1017 836 τῶν
1044 788 1392 842 στασιαστῶν
1425 791 1685 862 ὠμότητα

116 864 318 936 ηὔξανε.
353 867 436 919 Δι’
465 868 673 922 ἔνδειαν
721 872 830 942 γὰρ
870 873 980 926 τῶν
1031 878 1252 947 τροφῶν
1290 882 1628 952 εἰσπηδῶντε
1643 903 1681 950 ζ,

114 964 197 1020 τὰς
220 957 394 1022 οίκίας
428 961 700 1029 ἠρεύνων,
733 968 827 1017 καὶ
850 965 978 1030 τοὺς
1001 967 1288 1032 οἰκοῦντας
1313 973 1685 1041 ἀρνουμένους

115 1050 262 1120 ἔχειν,
293 1053 341 1102 εί
374 1054 481 1122 μὲν
530 1054 812 1125 εὕρισκον,
850 1058 1075 1128 ᾔκιζονο
1102 1063 1150 1113 εί
1178 1062 1235 1116 δὲ
1259 1066 1360 1118 οὐκ
1404 1065 1682 1136 εὕρισκον,

112 1145 176 1207 ὡς
226 1143 551 1214 κρύψαντας
607 1151 1040 1222 ἐπιμελέστερον
1086 1155 1309 1226 ήταζον.
1367 1159 1684 1216 Ἐποιοῦντο

114 1240 278 1306 μέντοι
322 1240 421 1292 τοῦ
489 1242 636 1310 ἔχειν
689 1244 917 1313 τροφὰς,
974 1247 1006 1317 ἢ
1050 1249 1148 1317 μὴ,
1191 1250 1259 1302 τὰ
1295 1249 1524 1321 σώματα
1572 1256 1682 1308 τῶν

111 1332 290 1384 ἀθλίων
323 1335 652 1403 τεκμήριον.
695 1331 792 1399 Οἷς
844 1337 942 1407 μὲν
982 1340 1091 1409 γάρ
1125 1341 1208 1394 ἔτι
1258 1345 1431 1415 μετῆν
1473 1346 1679 1416 ἰσχύος,

109 1424 235 1491 ἔχειν
269 1424 518 1489 ἐδόκουν,
545 1423 628 1490 οἷς
655 1428 701 1480 δ’
729 1429 960 1500 ἐξετάκη
998 1433 1067 1485 τά
1100 1433 1354 1504 σώματα,
1389 1440 1678 1507 παρωδεύ-

109 1537 232 1572 cum.
275 1519 338 1572 Ei
397 1521 460 1574 δέ
507 1539 592 1585 τις
639 1524 914 1598 εὐπόρησε
950 1529 1143 1598 πυρῶν
1173 1530 1205 1599 ἢ
1240 1531 1460 1602 κριθῆς,
1503 1553 1678 1589 κατα-

109 1612 306 1674 κλείσας
335 1613 438 1683 τὴν
462 1616 646 1668 οὶκίαν
677 1618 836 1686 ἦσθιε
855 1635 870 1650 ⁸
902 1621 1049 1684 τινὲς
1077 1621 1124 1674 δ’
1157 1623 1263 1676 ὑπὸ
1293 1624 1416 1694 βίας
1445 1627 1546 1698 τῆς
1582 1629 1676 1682 τοῦ

108 1705 267 1774 λιμοῦ,
323 1706 421 1759 καὶ
471 1709 816 1778 ἀνέργαστον
868 1713 964 1767 τὸν
1015 1717 1162 1770 σῖτον
1209 1719 1533 1787 προσίεντο·
1581 1721 1677 1774 καὶ

1792 524 2160 590 torquebant,
2243 527 2400 596 quasi
2460 533 2778 586 accuratius
2837 537 3258 605 occultassent;
3313 561 3381 600 ac

1789 623 1978 670 utrum
2001 617 2185 672 miseri
2205 619 2522 677 alimoniam
2545 623 2836 687 baberent,
2858 641 3054 694 necne,
3082 645 3113 684 e
3130 634 3381 702 corpori-

1788 705 1896 760 bus
1939 722 2136 763 eorum
2183 713 2563 782 conjecturam
2618 717 2936 785 capiebant.
2987 720 3121 775 Nam
3171 726 3378 793 quibus

1787 798 1970 855 adhuc
2008 801 2218 870 aliquid
2258 804 2459 858 virium
2496 819 2826 876 supererat,
2861 811 3066 867 habere
3101 817 3378 884 putaban-

1791 900 1920 946 tur:
1959 907 2196 961 quorum
2228 911 2360 950 vero
2391 913 2626 967 corpora
2661 902 3086 969 contabuerant,
3125 913 3377 978 praeteri-

1787 985 2013 1038 bantur.
2051 985 2107 1040 Si
2144 988 2235 1042 cui
2270 1004 2400 1044 vero
2444 991 2695 1047 triticum
2726 1006 2823 1050 aut
2852 997 3126 1054 hordeum
3173 1018 3380 1073 suppe-

1787 1076 1959 1142 tebat,
1988 1076 2034 1130 is
2058 1092 2124 1130 eo
2151 1079 2354 1134 clausis
2378 1082 2591 1137 uadibus
2617 1087 2945 1142 vescebatur
2990 1091 3172 1160 Aliqui
3206 1096 3378 1148 etiam

1783 1169 1856 1220 ob
1903 1167 2063 1223 famis
2112 1171 2459 1235 violentiam,
2499 1176 2634 1230 rude
2676 1178 2920 1234 triticum
2962 1186 3372 1242 comedebant:

1785 1259 2052 1329 cibosque
2075 1277 2140 1315 ex
2169 1277 2265 1316 ore
2292 1263 2581 1320 infantium
2609 1277 2836 1334 matres,
2869 1273 3027 1327 liberi
3058 1286 3368 1345 parentum,

1786 1365 1992 1405 uxores
2016 1353 2344 1408 maritorum
2380 1358 2668 1426 rapiebant
2698 1378 2712 1419 :
2757 1373 2812 1416 et
2844 1381 2968 1418 cttm
2996 1373 3068 1420 ita
3105 1369 3369 1438 ederent,

1785 1449 1966 1496 tamen
1995 1444 2295 1500 seditiosos
2329 1447 2504 1502 latere
2539 1465 2650 1504 non
2689 1463 2966 1521 poterant.
3004 1455 3189 1512 Sicubi
3224 1463 3374 1516 enim

1781 1533 2025 1588 clausam
2053 1535 2280 1590 domum
2311 1549 2406 1592 aut
2441 1540 2653 1597 fumum
2678 1545 3025 1600 exsilientcm
3056 1552 3378 1619 conspexis-

1780 1634 1924 1689 sent,
1955 1626 2009 1680 id
2035 1641 2420 1698 argumentum
2444 1635 2711 1703 putabant
2730 1638 2949 1694 edentis
2979 1642 3231 1696 familiae:
3257 1657 3377 1712 per-

1781 1715 2083 1787 fractisque
2112 1720 2332 1778 foribus
2372 1724 2530 1780 cibos
2555 1743 2622 1781 ex
2655 1729 2790 1798 ipsis
2822 1731 3081 1788 faucibus
3115 1738 3374 1790 extrahe-

105 1799 411 1868 ἀφήρπαζον
454 1800 517 1864 ἐξ
546 1802 713 1856 αὐτοῦ
750 1803 843 1856 τοῦ
875 1806 1146 1877 στόματος
1181 1807 1279 1871 τὰς
1303 1811 1515 1881 τροφὰς
1564 1831 1676 1884 μη-

1785 1811 2137 1874 Ιιοηι,μιιυηο
2187 1814 2353 1870 ullius
2403 1820 2583 1872 aetatis
2611 1822 2995 1878 misericordia
3044 1825 3250 1881 affecti.
3311 1827 3371 1882 Si

105 1896 241 1962 τέρες
292 1892 544 1962 βρεφῶν,
580 1896 774 1960 παῖδες
811 1899 1092 1971 πατέρων,
1135 1905 1399 1970 γυναῖκες
1443 1904 1680 1975 ἀνδρῶν.

1785 1901 1876 1972 qui
1904 1919 2039 1958 vero
2065 1905 2265 1961 cibum.
2281 1910 2392 1980 jam
2417 1911 2814 1982 deglutierant,
2842 1932 2938 1970 eos
2961 1919 3180 1974 acerbis
3206 1920 3372 1975 diris-

109 1986 199 2037 Καὶ
242 1985 383 2038 οὕτω
422 1987 472 2040 δ’
507 1987 806 2054 ἐσθίοντες,
851 1990 1003 2060 ὅμως
1032 1994 1159 2057 τοὺς
1206 1997 1542 2059 στασιαστὰς
1575 2000 1678 2051 οὐκ

1785 2009 1886 2064 que
1919 1999 2210 2067 suppliciis
2247 2011 2308 2056 ut
2347 2003 2513 2074 296
2559 2005 2794 2075 injurios
2843 2013 3324 2080 persequebantur
3353 2053 3370 2077 ,

109 2077 396 2133 ἐλάνθανον.
447 2079 620 2133 Ὅπου
651 2080 706 2134 δέ
743 2082 1144 2154 κεκλεισμένην
1169 2087 1348 2140 οἰκίαν
1380 2090 1675 2155 κατίδοιεν,

1785 2085 1967 2142 orobis
2015 2083 2403 2157 pudendorum
2463 2104 2677 2149 meatus
2708 2077 3074 2166 obturantes,
3112 2113 3166 2156 et
3209 2105 3371 2159 sedes

108 2172 132 2238 ἦ
174 2171 372 2223 καπνὸν
417 2172 872 2241 ἀποθρώσκοντα,
914 2179 1145 2246 σημεῖον
1196 2175 1352 2231 ταῦτ’
1391 2180 1678 2235 ἐποιοῦντο

1785 2177 1944 2248 virgis
1970 2182 2152 2236 acutis
2177 2183 2540 2252 perforantes.
2580 2188 2768 2257 anue
2803 2190 3117 2258 perferebat
3143 2195 3371 2266 aliquis,

107 2261 181 2314 τοῦ
205 2262 326 2325 τοὺς
349 2263 511 2327 ἐντὸς
538 2264 765 2330 ἐσθίειν,
796 2268 891 2320 καὶ
923 2269 1220 2338 ῥήσσοντες
1257 2272 1359 2334 τάς
1383 2271 1576 2355 θύρας,
1611 2277 1674 2330 ἐκ

1785 2285 1906 2340 qua:
1932 2272 2136 2335 auditu
2177 2291 2401 2346 quoque
2435 2278 2729 2342 Lborrenda
2778 2280 2986 2336 fuerint
3015 2325 3029 2347 ,
3082 2295 3143 2340 ut
3173 2261 3251 2341 sev
3283 2287 3369 2342 vel

108 2353 193 2408 τῶν
218 2355 523 2425 φαρύγγων
545 2357 728 2411 αὐτῶν
747 2359 1014 2431 ἀνέφερον
1041 2360 1140 2424 τὰς
1162 2363 1372 2432 τροφάς
1393 2378 1407 2395 ⁶
1437 2353 1560 2419 οὐδέ
1587 2383 1673 2431 τις

1785 2375 1953 2416 unum
1983 2363 2188 2420 habere
2213 2382 2407 2436 panem
2440 2371 2819 2440 confiteretur,
2857 2383 2951 2428 aut
2980 2392 3147 2430 unum
3177 2379 3374 2434 farinae

113 2441 168 2516 ἦν
191 2444 360 2512 οἶκτος
399 2449 439 2519 ἦ
475 2451 670 2514 πολιᾶς
719 2451 752 2523 ἢ
808 2453 1084 2523 νεότητος.
1126 2455 1252 2518 Τοῖς
1294 2455 1376 2521 δὲ,
1427 2456 1672 2525 φθάσασι

1785 2457 2046 2528 pugillum
2074 2460 2428 2528 praedonibus
2456 2465 2632 2518 daret.
2657 2466 2733 2520 Ac
2762 2483 2885 2536 qua:
2913 2477 3023 2522 tum
3048 2471 3188 2524 facta
3216 2482 3368 2534 sunt,

111 2539 542 2612 προδεόρωκέναι
594 2544 655 2596 τὸ
715 2543 1059 2615 ἐσθιόμενον,
1113 2546 1298 2612 δεινὰς
1350 2548 1556 2619 ἐπῆγον
1594 2552 1676 2614 ὡς

1785 2548 2096 2618 singulatim
2119 2557 2542 2610 commemorari
2570 2557 2885 2624 diﬂiculter,
2916 2577 2980 2616 ac
3007 2562 3193 2631 potius
3217 2565 3373 2620 nullo

109 2631 324 2687 ἀδικοῦσι
347 2635 455 2689 καὶ
475 2639 713 2708 ἀπηνεῖς
736 2639 1028 2710 τιμωρίας,
1049 2640 1265 2711 ὀρόϐοις
1295 2641 1423 2706 τοὺς
1454 2643 1670 2697 αἰδοίων

1785 2641 1944 2695 modo
1985 2653 2232 2712 quea-nt:
2275 2646 2371 2700 sed
2416 2648 2550 2702 illud
2599 2653 2930 2721 compendio
2980 2655 3088 2708 dici
3147 2666 3370 2726 potest,

109 2724 281 2794 πόρους
305 2729 743 2799 ἐμφράττοντες,
772 2732 869 2784 καὶ
900 2732 999 2794 τάς
1024 2731 1190 2801 ἕδρας
1215 2734 1433 2804 ῥάϐδοις
1463 2735 1669 2800 ὀξείαις

1785 2748 1960 2804 neque
2005 2735 2169 2790 aliam
2207 2738 2406 2793 urbem
2447 2741 2576 2795 talia
2607 2758 2928 2813 perpessam
2967 2762 3127 2813 esse,
3184 2765 3367 2819 neque

108 2816 246 2884 ὠμῶς
306 2822 731 2892 ἀναπείροντες.
796 2820 878 2876 Τὰ
943 2826 1148 2894 φρικτά
1208 2825 1264 2877 δὲ
1327 2825 1421 2878 καὶ
1472 2828 1666 2890 ἀκοαῖς

1785 2837 2002 2896 gentem
2029 2827 2198 2883 ullam
2222 2830 2291 2885 ab
2316 2832 2467 2886 omni
2491 2850 2609 2888 aevo
2629 2837 3044 2894 sceleratiorem
3065 2843 3366 2898 exstitisse.

110 2911 278 2982 ἐπασχέ
306 2929 398 2976 τις
426 2913 507 2976 είς
535 2914 652 2978 ἐνὸς
679 2915 848 2985 ἀρτου
871 2915 1284 2985 ἐξομολόγησιν,
1307 2917 1343 2988 ἦ
1369 2917 1456 2969 ἵνα
1483 2917 1662 2988 δράκα
1703 2917 1832 2986 μίαν
1899 2918 2143 2988 ἀλφίτων
2176 2922 2292 2982 τοῖς
2355 2922 2586 2995 λῃσταῖς
2621 2929 3031 2998 καταπρόηται.
3065 2933 3202 2985 Καθ’
3233 2935 3364 2987 ἒκα⁴

112 3023 209 3062 στον
238 3007 332 3076 μὲν
373 3005 473 3059 οὖν
515 3005 791 3072 ἐπεξιέναι
825 3005 896 3059 τὰ
938 3007 1062 3060 τότε
1107 3009 1378 3077 γενόμενα
1431 3008 1695 3080 δυσχερὲς
1735 3007 1768 3080 ἢ
1835 3011 1932 3063 καὶ
1962 3009 2266 3065 ἀδύνατονο
2326 3016 2617 3071 συνελόντα
2661 3017 2709 3071 δ’
2783 3023 2984 3090 εἰπεῖν,
3032 3025 3170 3094 μήτε
3206 3026 3366 3081 πόλιν

113 3101 248 3174 ἄλλην
275 3100 509 3155 τοιαῦτα
536 3101 756 3166 παθεῖν,
794 3102 933 3174 μήτε
972 3101 1130 3170 γένος
1159 3102 1348 3173 ἕτερον
1413 3104 1472 3172 ἐξ
1530 3105 1736 3170 αἰῶνος
1773 3105 2028 3173 γενέσθαι
2059 3107 2260 3171 κακίας
2283 3110 2678 3182 γονιμώτερον.
2705 3111 2942 3168 Τοιαῦτα
2976 3116 3076 3186 μὲν
3105 3113 3195 3171 οῦν
3227 3119 3366 3206 ἐπα·

114 3206 214 3260 σχον
253 3192 530 3245 Ἰουδαῖοι.

166 3285 276 3335 KA'.
309 3282 466 3352 Τίτῳ
496 3281 554 3334 δὲ
587 3281 654 3335 τὰ
693 3282 929 3354 χώματα
961 3282 1298 3355 προῦκοπτε,
1327 3285 1507 3340 καίτοι
1563 3304 1667 3340 κα-

1845 3287 1992 3344 XXI.
2033 3290 2172 3346 Dum
2214 3291 2290 3345 ita
2324 3308 2449 3348 eum
2489 3290 2696 3350 Iudaeis
2735 3296 2917 3366 agitur
2943 3339 2957 3360 ,
2992 3299 3099 3355 Titi
3134 3319 3363 3374 aggeres

113 3375 368 3442 κσυμὲνων
397 3376 510 3429 ἀπὸ
547 3374 644 3427 τοῦ
681 3375 898 3445 τείχους
941 3377 1049 3429 τῶν
1085 3378 1460 3447 στρατιωτῶν.
1494 3380 1558 3432 Οἱ
1611 3379 1670 3432 δὲ

1785 3383 2266 3450 promovebantur,
2304 3385 2560 3454 quamvis
2605 3388 2814 3442 milites
2841 3391 2910 3443 dc
2943 3393 3119 3448 muris
3148 3395 3364 3467 adlige-

114 3469 220 3534 πρὸς
249 3468 522 3537 συλλογὴν
551 3467 788 3533 ἐξιόντες
831 3469 1042 3539 τροφῆς
1073 3470 1450 3541 ἐνηδρεύοντο.
1483 3467 1669 3525 τΗσαν

1785 3483 1986 3527 rentur.
2020 3473 2124 3542 Qui
2159 3491 2290 3530 vero
2320 3477 2386 3530 ad
2418 3479 2868 3548 conquirendum
2893 3483 3080 3538 cibum
3105 3489 3354 3557 egredie-

112 3559 152 3610 δὲ
173 3559 222 3612 οὐ
262 3561 501 3631 δημόται
554 3562 735 3630 μόνον,
767 3561 904 3614 άλλά
938 3562 1037 3615 καὶ
1075 3561 1182 3615 τῶν
1213 3562 1470 3633 μαχίμων
1497 3563 1665 3629 τινες,

1785 3570 1993 3627 bantur,
2017 3583 2124 3620 non
2145 3568 2346 3637 plebeii
2367 3569 2660 3637 duntaxat,
2685 3573 2782 3627 sed
2801 3575 2966 3630 etiam
2989 3592 3055 3631 ex
3081 3579 3358 3638 bellicosis

112 3654 262 3707 οὐκέτι
289 3659 410 3718 ταῖς
441 3656 722 3724 ἁρπαγαῖς
751 3655 1107 3726 ἀρκούμενοι,
1154 3658 1252 3709 καὶ
1284 3655 1667 3726 συλλαμϐανό-

1785 3657 2028 3726 aliquot,
2065 3659 2274 3727 rapinis
2305 3660 2453 3715 haud
2485 3664 2779 3732 contenti,
2817 3666 3032 3724 insidiis
3067 3673 3287 3742 excepti
3325 3689 3360 3730 a

115 3763 236 3812 μενοι
291 3748 398 3800 ὑπὸ
456 3747 566 3800 τῶν
633 3747 950 3817 Ῥωμαίων,
1011 3751 1150 3824 μετὰ
1191 3749 1376 3802 πᾶσαν
1429 3749 1666 3818 βάσανον

1785 3749 2033 3803 Romanis
2057 3762 2183 3820 post
2213 3756 2399 3808 omnia
2427 3757 2773 3812 crueiatuum
2806 3775 3005 3830 genera
3030 3779 3126 3832 pro
3157 3767 3356 3820 mami-

115 3839 303 3907 προτοῦ
336 3841 548 3910 τείχους
575 3839 1034 3910 ἀνεσταυροῦντο.
1055 3840 1204 3911 Τίτῳ
1231 3843 1419 3909 μέντοι
1446 3842 1680 3924 οἰκτρὸν

1785 3855 1875 3895 Jus
1917 3841 1974 3894 in
2009 3856 2203 3896 cruces
2243 3843 2603 3901 tollebantur.
2637 3848 2713 3901 Ea
2760 3850 3046 3906 calamitas
3080 3855 3184 3908 etsi
3227 3854 3354 3912 Tito

112 3932 346 3993 τὸπάθος
395 3933 597 3996 ἐδόκει,
630 3933 1010 3986 πεντακοσίων
1065 3934 1305 4002 ἑκάστης
1359 3935 1575 4004 ἡμέρας
1629 3935 1662 4006 ἢ

1785 3933 2084 3989 niseranda
2116 3936 2450 4002 ‘videbatur,
2487 3954 2614 3992 cum
2645 3940 2700 3994 in
2733 3940 2852 3996 dies
2904 3945 3201 4016 quingeni,
3258 3958 3356 4002 aut

114 4027 186 4077 καὶ
220 4025 486 4079 πλειόνων
521 4025 924 4096 ἁλισκομένων.
959 4024 1101 4079 Οὔτε
1130 4027 1187 4080 δὲ
1214 4027 1509 4096 φυλάττειν
1564 4029 1664 4080 αύ-

1785 4025 1957 4080 >1ιιτεε
1987 4027 2154 4081 etiam
2189 4041 2546 4099 caperentur,
2576 4039 2759 4088 tamen
2797 4051 2900 4090 nec
2929 4039 3198 4094 custodiri
3231 4056 3352 4103 eos.

113 4119 230 4181 τοὺς,
265 4117 377 4172 οὒτ’
415 4120 640 4186 ἀφιέναι
672 4118 889 4188 ἔκρινεν
921 4118 1187 4187 ἀσφαλὲς,
1244 4121 1338 4172 καὶ
1369 4119 1486 4190 ἅμα
1523 4122 1663 4190 πρὸς

1785 4133 1872 4173 iee
1910 4119 2117 4175 dimitti
2156 4132 2334 4177 tutum
2372 4126 2647 4194 putabat:
2679 4129 2843 4184 simul
2889 4130 3054 4185 etiam
3081 4142 3310 4188 αιτιοι-οε
3336 4175 3351 4198 ,

112 4205 190 4278 τὴν
221 4211 338 4280 ὅφιν
391 4209 638 4263 ἐνδοῦναι
674 4211 801 4272 τοὺς
865 4209 1088 4272 λοιποὺς
1138 4208 1385 4277 ἤλπιζεν.
1426 4212 1488 4263 Oi
1528 4228 1662 4264 στα-

1789 4209 1837 4265 is
1865 4216 2178 4283 conspectis
2213 4216 2432 4272 facilius
2459 4219 2802 4275 deditionem
2837 4221 3086 4278 facturos
3109 4265 3123 4289 ,
3157 4226 3357 4295 opina-

113 4310 300 4355 σῑασταὶ
327 4304 382 4356 δὲ
413 4304 540 4365 τοὺς
580 4302 690 4354 τῶν
727 4302 1044 4371 αὐτομόλων
1075 4302 1310 4364 οἰκείους
1339 4303 1432 4352 ἐπὶ
1457 4302 1520 4354 τὸ
1549 4306 1663 4373 τεῖ-

1785 4312 1952 4360 tatur.
2007 4304 2214 4361 Verum
2258 4308 2511 4366 seditiosi
2566 4313 2978 4384 transfugarum
3021 4317 3355 4372 necessariis

111 4408 183 4459 χος
228 4395 496 4455 ἕλκοντες,
536 4395 630 4446 καὶ
691 4393 802 4446 τῶν
841 4392 1098 4462 δημοτῶν
1152 4394 1278 4455 τοὺς
1327 4395 1422 4445 ἐπὶ
1477 4395 1662 4446 πίστιν

1788 4413 1822 4452 n
1864 4414 2054 4454 muros
2087 4403 2414 4470 pertractis,
2447 4413 2508 4458 ut
2545 4415 2926 4461 tractarentur
2956 4407 2990 4460 ii
3018 4412 3110 4478 qui
3146 4409 3212 4462 ad
3246 4409 3350 4464 R-r

111 4483 465 4555 ὡρμημένους,
494 4481 582 4537 οἷα
611 4485 913 4554 πάσχουσιν
948 4486 995 4536 οἱ
1046 4484 1344 4553 Ῥωμαίοις
1385 4485 1664 4553 προσφεύ-

1785 4503 1958 4542 nanos
1991 4489 2385 4560 confugerent,
2418 4494 2828 4550 ostendebant:
2865 4505 2970 4550 tam
2999 4498 3066 4551 de
3098 4498 3354 4554 hostibus

113 4590 291 4642 γοντες,
330 4577 704 4640 ἐπεδείκνυον,
738 4576 1208 4646 καταψευδόμενοι
1235 4577 1331 4628 καὶ
1360 4576 1472 4629 τῶν
1507 4578 1662 4628 πολε-

1785 4595 1929 4648 luam
1955 4581 2024 4635 de
2047 4584 2164 4636 suis
2192 4585 2550 4644 mentientes.
2575 4587 2885 4657 Aggeribus
2914 4590 3206 4655 absolutis,
3237 4607 3350 4644 ma-

115 4667 225 4732 μίων
251 4670 342 4723 καὶ
365 4669 472 4722 τῶν
504 4669 742 4722 οἰκείων.
779 4669 919 4736 Ἤδη
943 4668 1003 4722 δὲ
1034 4669 1143 4720 τῶν
1165 4670 1438 4738 χωμάτων
1470 4685 1658 4720 συντε-

1785 4669 1943 4726 :ltinze
1979 4673 2457 4740 producebantur.
2505 4678 2678 4732 Judaei
2719 4695 2850 4733 vero
2887 4696 2954 4733 eo
2986 4681 3164 4748 Spatio
3200 4684 3351 4751 quod

113 4758 400 4827 iaaﬁévzwv,
435 4762 494 4814 αἱ
541 4761 816 4823 ἑλεπόλεις
871 4763 1242 4832 προσήγοντω
1282 4759 1655 4830 ὑπορύξαντες

1785 4763 2228 4818 nter-Antoniam
2263 4770 2336 4835 et}
2366 4781 2592 4836 aggeres
2625 4769 2915 4839 interjacct
2936 4809 2950 4834 ,
2988 4769 3228 4825 suﬂ'osso
3249 4813 3264 4837 ,
3294 4783 3351 4828 et

111 4849 148 4901 δ’
175 4851 368 4906 ἔνδοθεν
408 4853 658 4907 Ἰουδαῖοι
702 4854 762 4906 τὸ
801 4854 945 4906 κατά
998 4854 1098 4924 τὴν
1145 4855 1441 4908 ’Δντωνίαν
1489 4855 1656 4925 μέχρι

1785 4855 2014 4908 :avernis
2039 4855 2205 4925 lignis
2235 4855 2480 4910 suii'ultis
2508 4873 2522 4911 :
2557 4872 2782 4927 aggeres
2815 4857 3058 4926 pensiles
3093 4856 3352 4914 reddide-

112 4943 200 4994 τῶν
220 4947 488 5018 χωμάτων
516 4945 818 5016 διάστημα,
851 4946 948 4998 καὶ
973 4947 1102 5010 τοὺς
1130 4948 1442 5017 ὑπονόμους
1474 4945 1654 5011 ξύλοις

1792 4955 1928 5013 unt,
1960 4949 2052 5016 qui
2078 4987 2093 5012 ,
2124 4948 2269 5002 fossa
2299 4948 2531 5002 materia
2565 4949 2787 5018 impleta
2812 4991 2827 5016 ,
2860 4959 2917 5004 et
2969 4949 3174 5022 injecto
3223 4955 3348 5021 igne

114 5033 568 5108 ὑποστηρίξαντες,
602 5041 853 5108 μετέωρα
888 5039 957 5092 τά
985 5039 1220 5109 χώματα
1257 5043 1650 5110 πεποιήκασιν.

1785 5037 1949 5091 nlcris
1979 5039 2285 5092 combustis
2340 5039 2527 5093 subito
2560 5040 2822 5104 cedente,
2858 5053 3209 5096 corruerunt.
3241 5043 3350 5096 lio.

117 5125 221 5184 Εἶτα
241 5131 372 5202 ὕλης
399 5133 460 5184 τὸ
489 5132 710 5201 ὄρυγμα
741 5131 1068 5203 πλήσαντες,
1095 5133 1210 5204 πῦρ
1239 5136 1308 5206 τῇ
1344 5134 1445 5204 ὕλῃ
1465 5134 1658 5187 ἐνέϐα-

1785 5131 1906 5182 naui
1930 5144 1994 5183 ea
2017 5131 2240 5184 solertia
2275 5131 2645 5201 obstupefacti
2672 5140 2729 5188 et
2752 5132 3114 5201 consternati,
3145 5136 3351 5190 machi-

115 5217 203 5281 λον.
229 5225 320 5276 καὶ
350 5224 462 5292 τῶν
509 5225 989 5296 ὑποστηριςόντων
1035 5225 1212 5290 ξύλων
1249 5227 1583 5291 καυθέντων,
1621 5228 1653 5296 ἡ

1785 5223 1847 5275 iis
1883 5223 2012 5275 alibi
2064 5223 2342 5287 adductis,
2382 5241 2573 5280 muros
2605 5226 3035 5283 labefactarunt.
3062 5229 3170 5283 Sed
3219 5229 3344 5299 qui-

117 5311 284 5385 διώρυξ
311 5286 512 5387 ἀθρόον
541 5286 914 5382 ἐνέδωκε,καί
937 5286 1270 5390 κατεσείσθη
1305 5319 1374 5373 τὰ
1397 5286 1653 5390 χώματα,

1785 5317 1881 5367 lam
1917 5316 2184 5384 praecipiti
2232 5317 2463 5372 audacia
2496 5334 2592 5373 eas
2619 5334 2816 5374 omnes
2850 5331 3193 5375 cremarunt.
3229 5325 3340 5390 Ag-

119 5409 194 5458 καὶ
223 5411 324 5471 τοῖς
371 5409 670 5478 Ῥωμαίοις
721 5409 986 5480 ἔκπληξις
1017 5413 1110 5463 καὶ
1139 5411 1347 5482 ἀθυμία
1393 5414 1524 5482 πρὸς
1556 5415 1656 5484 τὴν

1785 5414 1982 5471 {nribus
2027 5411 2316 5481 collapsis,
2370 5411 2602 5466 Romani
2645 5413 2831 5466 tristes
2887 5412 3134 5467 fuerunt.
3185 5412 3346 5468 Titus

121 5496 330 5552 ἐπίνοιαν
375 5500 608 5568 γίνεται.
645 5503 799 5555 Κατά
854 5503 912 5556 δὲ
952 5503 1019 5554 τά
1052 5504 1215 5556 λοιπά
1237 5506 1336 5567 τὰς
1375 5505 1656 5569 ἑλεπόλεις

1785 5523 1895 5561 ποι-ο
1924 5523 2048 5560 cum
2080 5506 2318 5560 ducibus
2340 5505 2691 5569 deliberavit,
2722 5522 2961 5576 quorum
2994 5506 3084 5559 alii
3115 5520 3344 5576 aggeres

122 5588 162 5637 οἱ
192 5589 431 5660 Ῥωμαῖοι
466 5593 858 5663 προσάγοντες,
889 5596 1118 5648 διέσειον
1153 5597 1212 5649 τὸ
1243 5600 1441 5666 τεῖχος.
1489 5598 1653 5652 Ἀλλά

1785 5601 1902 5655 dios
1925 5599 2268 5660 excitandos,
2297 5600 2388 5653 alii
2418 5601 2536 5653 sine
2565 5600 2651 5654 bis
2671 5599 3046 5664 assidendum,
3080 5607 3136 5653 et
3163 5599 3344 5656 Iuda:-

121 5694 241 5744 τινες
264 5688 573 5753 παραϐόλως
612 5690 980 5760 ὁρμήσαντες,
1013 5692 1140 5743 κατ’
1164 5691 1346 5743 αὐτῶν
1379 5691 1489 5762 πῦρ
1525 5694 1650 5762 ἐνῆ-

1785 5709 1920 5748 trum
1953 5694 2278 5762 eruptiones
2310 5702 2368 5746 et
2402 5700 2747 5747 commeatus
2778 5693 3202 5760 importationcs
3235 5695 3339 5748 ob-

125 5786 230 5839 καν,
251 5779 334 5832 καὶ
361 5780 535 5835 πάντα
567 5782 950 5854 κατέπρησαν.
980 5784 1409 5855 Διεορθαρμὲνων
1439 5787 1494 5838 δὲ
1540 5787 1648 5838 τῶν

1785 5787 2065 5843 εστι-αηιίοδ
2093 5787 2418 5842 censebant.
2479 5787 2557 5842 Ita
2589 5787 2736 5840 enim
2767 5786 2956 5840 urbem
2991 5785 3134 5842 fatue
3163 5803 3338 5860 exitu-
