3876 6562
487 302 600 368 519

1781 296 2105 359 JOANNIS
2136 294 2457 357 ΖΟΝΑΠΕ

3645 303 3738 367 521)

490 421 715 484 gnatum
743 410 834 465 iri.
860 411 1034 466 Erant
1055 409 1223 465 etiam
1252 407 1344 478 qui
1377 405 1696 468 suaderent,
1722 415 1778 461 ut
1809 407 2070 461 omnibus

2181 405 2467 476 χωμάτων,
2509 405 2770 474 Ῥωμαῖοι
2820 405 2922 476 μὲν
2969 405 3242 477 ἠθύμουν,
3291 407 3455 473 Τίτος
3500 413 3560 466 δὲ
3612 425 3740 484 μετὰ

492 505 669 575 copiis
697 503 978 565 adductis.
1006 503 1208 558 naenia
1238 510 1512 558 tentaret:
1543 499 1762 556 Judzeos
1791 500 1937 553 enim
1967 501 2071 553 im-

497 608 689 670 petum
731 611 923 650 earum
967 610 1076 648 non
1122 595 1352 648 laturos.
1398 593 1554 647 Titus
1602 607 1768 653 vero,
1803 592 1896 662 qui
1934 591 2069 646 nihil

498 685 699 738 horum
749 683 1030 753 probaret.
1058 698 1218 738 muro
1267 683 1458 736 urbem
1512 680 1861 738 circumdare
1907 681 2069 751 297

500 776 714 836 statuit.
746 785 803 830 ut
823 775 1066 830 obsessis
1088 789 1306 830 omnem
1326 774 1534 828 exitum
1561 773 1897 834 Obstrueret.
1919 789 2074 828 eum-

498 882 608 935 que
632 866 876 921 laborem
911 867 1054 921 inter
1077 867 1280 920 milites
1305 864 1620 919 distribuit:
1647 865 1740 934 qui
1765 865 2074 920 contentio-

501 971 570 1010 ne
600 957 834 1026 quadam
857 996 872 1014 .
905 955 1204 1024 divinaque
1239 954 1442 1023 impetu
1476 952 1775 1014 concitati.
1819 953 2075 1008 celeriter

501 1061 642 1116 Opus
667 1046 1044 1100 absolverunt.
1069 1045 1149 1099 lta
1181 1044 1368 1097 clausa
1399 1044 1626 1098 civitate
1657 1045 1864 1113 primas
1896 1043 2076 1098 noctis

488 1137 775 1202 excubias
811 1137 970 1190 Titus
995 1137 1110 1207 ipse
1140 1135 1351 1198 obibat,
1389 1151 1454 1190 ac
1481 1135 1796 1190 lustrabat;
1834 1135 2076 1204 reliquas

503 1229 626 1284 aliis
653 1228 969 1294 mandabat,
995 1229 1266 1282 militibus
1295 1230 1492 1282 sortito
1517 1228 1940 1282 dormientibus.
1974 1227 2076 1281 Ju-

501 1323 634 1376 d:eis
663 1336 795 1375 vero
823 1321 976 1374 exitu
1008 1321 1312 1374 intercluso
1336 1359 1352 1378 .
1397 1335 1522 1388 spes
1545 1320 1710 1373 etiam
1746 1319 1944 1374 salutis
1970 1335 2073 1374 una

489 1411 584 1465 'est
612 1413 932 1477 interclusa,
959 1412 1101 1466 fame
1129 1421 1270 1466 totas
1295 1411 1489 1466 domos
1525 1426 1693 1482 atque
1724 1411 1960 1468 familias
1981 1413 2077 1468 de-

500 1514 783 1574 pascente.
822 1508 899 1558 Ac
931 1505 1080 1558 ardes
1115 1503 1339 1574 quidem
1370 1505 1662 1559 mulierum
1693 1517 1748 1559 et
1779 1521 2076 1574 puerorum

485 1599 716 1671 viribus
766 1597 1152 1663 defectorum,
1203 1597 1529 1668 angiportus
1577 1599 1802 1654 senibus
1844 1583 2078 1655 mortuis

501 1690 689 1744 referti
746 1700 925 1744 erant.
977 1691 1140 1745 Pueri
1202 1703 1260 1748 et
1305 1690 1688 1747 adolescentes
1748 1692 2027 1747 tumefacti
2058 1731 2075 1757 ,

2171 497 2283 550 τῶν
2336 497 2625 566 ἡγεμόνων
2661 496 3000 550 ἐὸουλεύετο·
3039 500 3136 552 καὶ
3167 500 3216 552 οί
3266 500 3366 568 μὲν
3401 497 3556 566 αὖθις
3589 504 3742 576 ἔτερα

2173 589 2409 656 δγείρειν
2435 589 2709 642 ικέλευον·
2737 589 2789 641 oi
2819 589 2875 642 δὲ
2899 590 3174 658 χωμάτιον
3205 592 3338 644 ἄνευ
3375 596 3742 659 προσκαθέζε-

2176 682 2324 745 σθαι,
2358 682 2454 734 καὶ
2505 680 2801 748 φυλάττειν
2853 684 2953 744 τὰς
3011 681 3228 760 ἐξόδους
3278 683 3482 747 αὐτῶν,
3528 687 3746 752 καὶτὰς

2171 772 2282 826 τῶν
2312 771 2636 842 δπιτηδειων
2667 774 3000 839 εἰσαγωγὰς,
3032 772 3126 825 καὶ
3171 771 3344 836 οὔτως
3373 773 3563 842 ἔλεγον
3597 779 3746 846 λιμῷ

2171 866 2273 932 τὴν
2323 862 2478 915 πόλιν
2523 863 2745 916 ἔσεσθαι
2802 863 3040 934 ἁλωτήν.
3084 865 3211 928 Τοῖς
3241 866 3298 918 δὲ
3349 869 3535 920 πᾶσαν
3580 869 3747 922 ἐδόκει

2177 954 2480 1022 προσάγειν
2509 953 2609 1022 τὴν
2633 953 2890 1022 δύναμιν,
2928 955 3020 1006 καὶ
3063 956 3477 1026 ἀποπειρᾶσθαι
3512 958 3610 1010 τοῦ
3641 961 3750 1011 τεί-

2175 1058 2334 1111 χουςο
2383 1042 2520 1111 μηδὲ
2550 1041 2660 1111 γὰρ
2711 1042 2883 1094 οἴσειν
2924 1042 3216 1106 Ἰουδαίους
3269 1047 3370 1116 τὴν
3409 1047 3626 1114 ἔφοδον.
3668 1047 3750 1119 Τῷ

2174 1150 2237 1201 γε
2291 1131 2399 1202 μὴν
2446 1133 2593 1204 τίτῳ
2646 1133 2859 1187 τούτων
2911 1136 3065 1188 οὐδὲν
3117 1138 3354 1208 ἠρεσκεν
3385 1154 3400 1168 ·
3463 1139 3640 1192 ἐδόκει
3692 1140 3746 1192 δὲ

2178 1225 2456 1296 περιϐόλῳ
2509 1227 2610 1295 τὴν
2665 1227 2822 1280 πόλιν
2890 1228 3194 1292 κυκλῶσαι,
3273 1230 3339 1282 ἶν’
3369 1229 3517 1284 οὕτω
3577 1233 3749 1288 πᾶσαν

2178 1315 2440 1389 ἐμφράξῃ
2487 1319 2602 1382 τοῖς
2661 1317 2813 1370 ἔνδον
2867 1317 3146 1384 διέξοδον,
3200 1321 3296 1373 καὶ
3355 1323 3418 1373 τὸ
3468 1320 3632 1393 ἔργον
3685 1326 3747 1394 τῇ

2181 1409 2410 1476 στρατιᾷ
2473 1407 2834 1476 κατεμέρισε.
2895 1409 3020 1473 Τοῖς
3079 1408 3135 1461 δέ
3195 1427 3278 1472 τις
3319 1411 3431 1480 ἔρις
3494 1413 3752 1480 ἐμπίπτει

2177 1499 2274 1552 ἐπὶ
2331 1504 2429 1570 τὴν
2491 1503 2758 1571 ὶργασίαν
2819 1504 2909 1556 καὶ
2955 1505 3100 1575 ὁρμή
3157 1523 3242 1568 τις
3287 1506 3592 1576 δαιμόνιος,
3621 1509 3747 1578 ταχύ

2177 1608 2236 1644 τε
2301 1593 2364 1644 τὺ
2438 1595 2600 1664 ἔργον
2666 1595 3066 1667 ἑξῳκοδόμητο.
3137 1600 3500 1669 Περικλείσας
3572 1602 3629 1656 δὲ
3679 1603 3749 1671 τῷ

2178 1683 2350 1753 τείχει
2428 1685 2526 1756 τὴν
2567 1686 2744 1751 πόλιν,
2801 1689 2902 1759 τὴν
2936 1690 3034 1758 μὲν
3103 1690 3329 1761 πρώτην
3382 1693 3635 1764 φυλακὴν
3655 1695 3748 1763 τῆς

499 1783 925 1837 simulacrorum
983 1783 1155 1836 instar
1200 1784 1255 1838 in
1289 1783 1424 1839 foris
1455 1785 1806 1842 circuibant:
1841 1794 1898 1840 et
1936 1801 2076 1855 quo-

2181 1777 2370 1838 νυκτὸς
2437 1777 2667 1847 περιϊὼν
2717 1779 2879 1842 αὐτὸς
2913 1783 3284 1836 ἐπεσκέπτετο
3312 1826 3327 1847 ,
3382 1786 3484 1848 τὰς
3539 1787 3598 1838 δὲ
3653 1786 3752 1839 λοι-

500 1889 717 1944 cunque
742 1875 864 1930 loco
893 1876 1040 1931 vires
1082 1876 1418 1942 defecerant,
1472 1877 1891 1945 occumbebant.
1937 1876 2083 1932 Mor-

504 1977 626 2022 tuos
657 1968 874 2037 cognati
906 1968 1144 2039 sepelire
1176 1984 1285 2022 non
1322 1978 1607 2039 poterant,
1657 1978 1714 2024 et
1738 1969 1894 2024 multi
1935 1971 2080 2026 inter

500 2061 878 2130 sepeliendum
922 2061 1360 2116 emoriebantur.
1415 2062 1677 2117 Seditiosi
1727 2077 1861 2118 vero
1904 2063 2077 2118 etiam

500 2152 660 2207 famis
694 2154 942 2208 cladibus
976 2155 1236 2209 saeviores
1263 2197 1277 2220 ,
1315 2156 1570 2224 sepulcra
1603 2154 1945 2210 elfodiebant
1969 2198 1985 2222 ,
2021 2165 2079 2212 et

498 2245 644 2300 aides
679 2247 1008 2316 spoliabant.
1059 2248 1137 2302 Ac
1172 2248 1448 2318 principio
1493 2263 1561 2302 ex
1589 2249 1786 2303 aerario
1827 2261 2078 2305 mortuos

498 2339 718 2407 sepeliri
775 2338 1084 2408 iubebant,
1151 2339 1222 2393 ob
1272 2339 1530 2393 faetorem
1614 2341 2074 2398 intolerabilem:

498 2430 698 2486 deinde
730 2433 784 2486 in
808 2432 980 2487 valles
1007 2449 1075 2486 ex
1106 2434 1282 2486 muris
1309 2431 1752 2502 praecipitabant.
1777 2433 1926 2499 Quas
1949 2450 2076 2489 cum

497 2524 763 2578 eireuiret
793 2523 990 2588 Titus.
1040 2537 1097 2580 et
1137 2525 1505 2580 cadaveribus
1553 2525 1779 2595 plenas,
1809 2541 1841 2582 e
1873 2527 2080 2596 quibus

500 2614 954 2682 putrescentibus
993 2615 1216 2684 copiosa
1262 2615 1522 2670 manabat
1564 2616 1780 2676 sanies.
1824 2617 2075 2683 videret,

500 2705 770 2775 ingemuit
802 2727 815 2760 :
843 2707 1184 2778 sublatisque
1219 2708 1477 2762 manibus
1507 2708 1676 2763 Deum
1715 2717 1950 2765 testatus
1969 2719 2076 2776 est,

498 2795 552 2850 id
583 2812 681 2850 sua
701 2797 980 2852 voluntate
1013 2812 1120 2850 non
1151 2797 1290 2851 fieri.
1313 2798 1502 2852 Denuo
1533 2815 1760 2869 aggeres
1792 2801 2034 2856 instituit
2060 2819 2076 2858 :

481 2886 607 2938 .ctsi
661 2884 890 2940 materia
917 2901 1060 2956 aegre
1093 2902 1158 2941 xc
1188 2886 1384 2940 stadiis
1413 2889 1866 2957 comportabatur
1888 2929 1903 2955 ,
1936 2891 2079 2945 mul-

505 2977 573 3030 tis
617 2976 835 3031 interim
867 2992 898 3032 e
931 2978 1136 3046 popqu
1187 2977 1706 3050 transfugientibus,
1741 2982 1836 3051 qui
1875 2983 2076 3052 partim

503 3067 572 3122 de
602 3068 772 3122 muris
805 3082 864 3122 se
895 3068 1246 3140 dejiciebant,
1279 3069 1480 3140 partim
1509 3084 1640 3126 saxa
1679 3072 1850 3126 veluti
1878 3072 1946 3126 ad
1976 3089 2075 3142 pu-
2104 3103 2149 3162 ο

501 3175 662 3229 gnam
708 3163 880 3226 parati
916 3161 1170 3216 manibus
1222 3171 1500 3231 gestantes
1545 3162 1915 3218 llomanorum
1950 3165 2076 3220 fidei

499 3267 558 3305 se
613 3252 1062 3315 committebant.
1106 3262 1163 3307 et
1205 3261 1387 3309 tamen
1438 3253 1520 3310 sic
1575 3255 1741 3310 etiam
1789 3256 1981 3328 majori
2009 3272 2078 3312 ex

500 3352 658 3411 parte
691 3340 1016 3395 interibant.
1051 3341 1185 3397 Nam
1211 3342 1449 3400 famelici
1479 3345 1731 3400 ciborum
1757 3347 1974 3416 copiam
1997 3349 2080 3400 in-

500 3431 831 3486 satiabi.iter
866 3431 1184 3504 ingerentes
1213 3436 1631 3506 rumpebantur.
1665 3437 1880 3493 Accidit
1909 3438 2076 3494 etiam

498 3523 673 3584 aliud.
705 3524 853 3595 quod
882 3526 1450 3598 exitiumtransfugis
1481 3529 1768 3585 afferebat.
1807 3531 1944 3586 Nam
1983 3547 2079 3587 eo-

499 3630 623 3668 rum
661 3617 885 3686 quidam
915 3617 983 3673 ad
1012 3619 1293 3676 Romanos
1320 3621 1679 3692 confugituri,
1704 3639 1901 3679 aurum
1931 3625 2080 3695 quod

498 3704 777 3761 habebant
797 3747 812 3770 ,
844 3708 1222 3778 deglutiebant
1247 3753 1262 3778 ,
1294 3727 1362 3768 ne
1387 3713 1532 3782 capti
1567 3729 1635 3768 eo
1661 3715 2034 3786 spoliarentur
2061 3758 2077 3785 ,

501 3794 667 3864 idque
699 3798 753 3850 in
780 3799 977 3855 castris
1021 3815 1145 3856 cum
1176 3804 1546 3858 excrementis
1577 3805 1816 3874 ejectum
1860 3807 2080 3878 collige-

501 3883 655 3939 bant.
688 3885 807 3952 Quo
835 3888 889 3942 in
928 3905 1038 3944 uno
1069 3891 1435 3961 deprehenso,
1465 3893 1718 3966 famaque
1777 3896 1831 3950 in
1882 3899 2080 3953 castris

501 3993 694 4052 sparsa
717 4019 733 4043 .
770 3983 1088 4055 transfugas
1117 4000 1253 4040 auro
1277 3988 1470 4056 plenos
1499 3988 1707 4054 venire,
1749 3989 2078 4046 miserorum

499 4076 724 4122 ventres
751 4069 1189 4128 dissecabantur.
1213 4074 1331 4140 Qua
1366 4074 1433 4130 de
1458 4093 1624 4132 causa
1656 4077 1904 4149 plurimi,
1940 4096 2080 4136 una-

499 4171 607 4226 que
640 4169 803 4214 noete
846 4163 954 4215 tria
997 4165 1167 4219 millia
1197 4175 1254 4219 et
1293 4169 1534 4237 amplius
1579 4171 1882 4240 perierunt.
1921 4171 2078 4238 Quod

499 4263 569 4301 ne
599 4248 750 4303 fieret
779 4290 793 4312 ,
826 4252 930 4304 etsi
969 4251 1129 4308 Titus
1166 4257 1528 4312 interdicebat
1558 4300 1570 4321 .
1606 4270 1786 4316 tamen
1828 4263 1950 4332 ejus
1979 4262 2083 4317 mi-

501 4353 586 4392 ηαδ
620 4355 812 4408 parum
839 4353 935 4398 aut
959 4345 1096 4398 nihil
1127 4347 1344 4402 miseris
1377 4351 1795 4406 commodarent
1824 4370 1839 4409 :
1875 4365 1932 4409 et
1954 4370 2079 4409 eum

2181 1869 2291 1932 πᾶς
2317 1869 2526 1939 ἑτέροις
2557 1871 2846 1942 ἐπέτρεψεο
2883 1873 3274 1944 διεκληροῦντο
3302 1875 3358 1928 δὲ
3391 1879 3484 1929 τὸν
3515 1877 3682 1929 ῢπνον
3705 1883 3746 1931 oi

2182 1962 2446 2030 φύλακες.
2488 1963 2765 2027 Ἰουδαίοις
2794 1965 2850 2017 δὲ
2885 1967 3024 2035 μετὰ
3049 1967 3159 2020 τῶν
3185 1968 3383 2032 ἐξόδων
3423 1971 3748 2042 ἀπεκλείσθη

2182 2054 2336 2106 πᾶσα
2371 2057 2644 2126 σωτηρίας
2679 2057 2858 2122 ἐλπὶς,
2881 2060 2974 2111 καὶ
2995 2060 3023 2111 ό
3049 2057 3207 2128 λιμὸς
3250 2060 3371 2113 κατ’
3423 2061 3609 2125 οῐκους
3666 2066 3748 2117 καὶ

2180 2146 2374 2213 γενεὰς
2405 2147 2497 2199 τὸν
2523 2147 2696 2218 δῆμον
2719 2149 2999 2212 ὲδόσκετο,
3028 2152 3125 2204 καὶ
3155 2151 3222 2204 τὰ
3258 2151 3358 2213 μὲν
3377 2153 3516 2222 τέγη
3575 2170 3748 2221 γυναιο

2181 2237 2294 2291 κῶν
2324 2237 2420 2292 καὶ
2457 2237 2678 2308 βρεφῶν
2707 2239 3086 2310 ὲκλελυμένων
3135 2241 3490 2312 πεπλήρωτο,
3536 2245 3587 2297 oi
3643 2260 3748 2297 στε·

2181 2329 2354 2383 νωποὶ
2384 2329 2440 2382 δὲ
2465 2331 2739 2402 γερόντων
2769 2333 3002 2402 νεκρῶν
3047 2333 3243 2392 παῖδες
3290 2334 3348 2386 δὲ
3395 2337 3490 2390 καὶ
3554 2338 3749 2389 νεανίαι

2180 2421 2508 2492 διῳδηκότες
2535 2421 2608 2484 ὡς
2641 2422 2837 2476 εἴδωλα
2859 2427 3004 2476 κατὰ
3028 2413 3145 2488 τὰς’
3189 2425 3392 2493 ἀγορὰς
3441 2426 3744 2496 περιῄεσαν,

2181 2516 2275 2566 καὶ
2307 2514 2646 2568 κατέπιπτον
2673 2515 2782 2584 ὅπη
2831 2515 3067 2580 ἕκαστος
3106 2518 3378 2583 ἁτονήσας
3432 2517 3596 2587 ἔτυχε
3619 2534 3632 2547 ⁸
3663 2518 3747 2569 θά-

2180 2621 2338 2657 πτειν
2361 2605 2417 2658 δὲ
2441 2605 2570 2670 τοὺς
2605 2609 2984 2677 προσήκοντας
3011 2609 3062 2660 οί
3095 2607 3175 2662 ἔτι
3195 2607 3396 2673 ζῶντες
3425 2611 3530 2663 οὐκ
3556 2610 3744 2679 ῐσχυον·

2181 2697 2370 2750 πολλοὶ
2399 2699 2455 2751 δὲ
2487 2699 2582 2753 καὶ
2611 2698 2842 2754 ϐάπτειν
2875 2701 3222 2771 ὁρμήσαντες
3249 2704 3362 2764 τοῖς
3401 2701 3746 2770 θαπτομένοις

2181 2790 2624 2860 ἐπαπέθνησκον.
2655 2792 2720 2846 Ol.
2747 2791 2806 2846 δὲ
2837 2794 3162 2845 στασιασταὶ
3195 2793 3290 2845 καὶ
3319 2794 3431 2846 τῶν
3450 2795 3517 2845 ἐκ
3547 2792 3641 2846 τοῦ
3679 2794 3746 2844 λι-

2185 2883 2287 2952 μοῦ
2315 2883 2500 2936 κακῶν
2533 2881 2776 2950 ἐγίνοντο
2800 2883 3200 2954 χαλεπώτεροι,
3252 2884 3743 2955 τυμϐωρυχοῦντες,

2184 2975 2281 3028 καὶ
2309 2975 2410 3038 τὰς
2440 2974 2623 3038 οἰκίας
2658 2974 2948 3038 συλῶντες.
2974 2977 3089 3029 Καὶ
3107 2976 3167 3029 τὸ
3205 2974 3304 3045 μὲν
3329 2975 3551 3046 πρῶτον
3581 2978 3642 3028 εκ
3667 2974 3744 3026 τοῦ

2181 3067 2440 3138 δημοσίου
2473 3065 2752 3139 θησαυροῦ
2782 3069 3008 3122 θάπτειν
3043 3069 3294 3126 ἐκέλευον
3337 3070 3464 3131 τοὺς
3510 3071 3742 3140 νεκροὺς,

2181 3161 2279 3231 τὴν
2304 3158 2570 3214 δυσωδίαν
2600 3161 2675 3231 μὴ
2704 3161 2992 3231 φίροντες’
3022 3158 3120 3214 εἶτ’
3142 3162 3436 3233 ἐρρίπτουν
3463 3161 3656 3224 αὐτοὺς
3687 3165 3741 3213 ἐκ

2179 3249 2290 3302 τῶν
2318 3250 2517 3320 τειχῶν
2546 3252 2624 3316 εἰς
2666 3252 2763 3315 τὰς
2795 3255 3109 3325 φάραγγας.
3167 3253 3402 3327 Περιιὼν
3435 3253 3479 3307 δ’
3511 3257 3542 3308 δ
3585 3255 3743 3316 τῑτος,

2180 3342 2275 3396 καὶ
2304 3341 2645 3412 θεασάμενος
2675 3345 2886 3416 νεκρῶν
2927 3347 3370 3417 πεπληρωμένας
3417 3346 3612 3411 αὑτὰς,
3664 3346 3744 3398 καὶ

2182 3433 2354 3504 βαθὺν
2390 3435 2564 3506 ίχῶρα
2607 3435 2901 3504 μυδώντων
2941 3440 3211 3507 σωμάτων
3265 3439 3552 3509 ἐκρέοντα,
3613 3436 3745 3491 ἐστέ-

2180 3525 2332 3593 ναξε,
2365 3527 2461 3580 καὶ
2517 3531 2616 3592 τὰς
2667 3531 2857 3598 χεῖρας
2905 3529 3216 3592 ἀνατείνας.
3274 3528 3624 3601 ἐμαρτύρετο
3662 3528 3741 3580 τὸν

2181 3618 2338 3680 Θεὸν.
2365 3619 2440 3684 ὡς
2468 3622 2569 3674 οὐκ
2598 3621 2685 3692 εἴη
2725 3622 2784 3674 τι
2817 3620 2979 3692 ἔργον
3003 3622 3152 3692 αὐτῷ
3189 3623 3326 3693 πρὸς
3373 3621 3596 3692 βουλῆς.
3651 3623 3742 3674 Καὶ

2182 3710 2345 3764 πάλιν
2363 3713 2570 3782 ἥπτετο
2599 3715 2893 3784 χωμάτιον,
2959 3715 3214 3785 χαλεπῶς
3265 3715 3412 3782 αὐτῷ
3471 3717 3572 3784 τὴς
3629 3713 3742 3781 ὒλης

2183 3805 2576 3876 ποριζομένης·
2597 3807 2705 3876 πρὸ
2723 3808 2832 3876 γὰρ
2851 3808 3082 3860 σταδίων
3098 3807 3398 3876 κεκόμιστο
3413 3808 3740 3876 ἐνενήκοντα.

2183 3897 2376 3951 Πολλοὶ
2408 3897 2452 3951 δ’
2488 3899 2822 3968 ηὐτομόλουν
2853 3899 2947 3952 τοῦ
2978 3899 3174 3968 δήμου,
3199 3899 3250 3952 oi
3284 3898 3385 3967 μὲν
3412 3901 3477 3952 ὲκ
3502 3898 3607 3951 τῶν
3647 3914 3740 3950 τει-

2182 3991 2294 4060 χῶν
2318 3991 2716 4062 κρημνίζοντες
2748 3991 2993 4054 ἑαυτοὺς,
3025 3992 3073 4044 οί
3111 3991 3168 4043 δὲ
3203 3991 3486 4061 προϊόντες
3531 3989 3606 4050 ὡς
3665 3988 3742 4040 ἐπὶ

2184 4084 2368 4154 μάχην
2406 4084 2543 4152 μετᾶ
2569 4083 2882 4154 χερμάδων,
2946 4083 3084 4155 πρὸς
3122 4082 3431 4152 Ῥωμαίους
3491 4081 3742 4147 κατέφευ-

2181 4192 2298 4244 γον·
2327 4178 2422 4228 καὶ
2453 4174 2602 4228 οὕτω
2650 4175 2696 4229 δ’
2745 4175 2794 4227 οί
2821 4175 3045 4238 πλείους
3079 4172 3417 4228 ἀπώλλυντο.
3453 4173 3742 4241 Λιμῶττυν-

2181 4284 2273 4331 τες
2300 4267 2409 4338 γὰρ
2431 4267 2524 4320 καὶ
2547 4266 2780 4336 ἀφθονίᾳ
2813 4266 3031 4336 τροφῶν
3081 4267 3525 4334 ἐντυγχάνοντες,
3585 4263 3740 4328 ἀπλή-

2185 4376 2326 4423 στως
2354 4377 2413 4412 τε
2442 4358 2857 4430 κορεννύμενοι,
2893 4359 3305 4429 διερρήγνυντο.
3365 4356 3572 4426 Συνέϐη
3621 4356 3739 4408 δέτι

502 4432 557 4484 in
589 4433 782 4498 paucis
837 4435 1049 4488 nummi
1111 4438 1521 4507 reperirentur,
1588 4454 1816 4499 cane-ros
1881 4447 2076 4515 praedae

2186 4451 2280 4504 καὶ
2299 4451 2488 4521 ἕτερον
2511 4451 2638 4513 τοὺς
2660 4450 2996 4521 αὐτομόλους
3025 4451 3272 4519 φθεῖρον.
3305 4450 3464 4514 Τινὲς
3519 4451 3622 4518 γὰρ
3661 4447 3739 4499 ab.

501 4533 630 4587 spes
662 4518 948 4585 perdebat.
990 4522 1198 4578 Ferunt
1237 4536 1420 4581 autem
1461 4544 1802 4599 pauperum,
1855 4534 1950 4604 qui
1983 4550 2076 4604 per

2181 4542 2289 4595 τῶν
2319 4546 2647 4612 κεκτημένοι
2675 4545 2934 4613 χρυσοῦς,
2974 4547 3031 4596 ὲν
3085 4543 3162 4614 τῷ
3199 4543 3414 4613 μέλλειν
3467 4544 3596 4611 πρὸς
3627 4541 3741 4592 Ῥω*

500 4620 690 4680 portas
717 4611 957 4670 civitatis
982 4616 1110 4671 elati
1137 4629 1192 4671 et
1215 4620 1445 4691 proiecti
1473 4621 1640 4694 298
1664 4624 1796 4686 sint,
1821 4641 1886 4681 nc
1914 4626 2076 4683 fuisse

2185 4633 2380 4698 μαίους
2412 4632 2759 4701 αὐτομολεῖν,
2808 4633 3100 4685 κατέπινον
3129 4633 3291 4698 apd,
3321 4632 3407 4684 ἵνα
3442 4632 3517 4699 μὴ
3544 4629 3736 4685 ἁλόντες

501 4703 673 4758 millia
695 4722 707 4734 ·
749 4707 980 4762 aliorum
1011 4724 1308 4766 numerum
1337 4711 1808 4784 inexplicabilem,
1835 4717 2076 4772 frumen-

2185 4725 2561 4794 ἀφαιρεθῶσιν
2586 4723 2808 4787 αὐτούς.
2840 4725 3001 4795 Παρὰ
3032 4725 3086 4777 δὲ
3113 4728 3225 4787 τοῖς
3267 4725 3563 4794 Ῥωμαίοις
3605 4717 3736 4787 γενό-

503 4795 654 4865 tique
681 4798 1022 4855 medimnum
1051 4803 1256 4857 talento
1280 4805 1517 4861 venisse.

2186 4830 2365 4882 μενοι,
2394 4815 2507 4878 τοῖς
2535 4814 2636 4883 τῆς
2665 4814 2903 4885 γαστρὸς
2936 4815 3228 4877 σκυδάλοις
3259 4817 3387 4878 τοὺς
3416 4811 3643 4885 χρυσοῦς
3668 4824 3736 4860 συο

513 4888 844 4959 νεξέκρινον,
875 4897 968 4948 καὶ
1003 4897 1322 4966 ἐκλέγοντες
1382 4901 1582 4965 αὐτοὺς
1622 4901 1946 4972 ἐλάμϐανον.
1997 4906 2253 4977 Φωρᾶται
2323 4908 2505 4961 τοίνυν
2554 4907 2664 4961 τῶν
2715 4907 3034 4977 αὐτομόλων
3055 4925 3138 4971 τις
3184 4907 3342 4961 τοῦτο
3397 4908 3601 4960 ποιῶν·
3657 4900 3735 4954 καὶ

502 4987 693 5054 φήμης
721 4991 1006 5056 γεγονυίας
1039 4995 1118 5054 εἰς
1152 4994 1213 5045 τὸ
1250 4996 1638 5066 στρατόπεδον,
1663 4998 1736 5061 ὡς
1771 5001 1966 5069 μεστοὶ
1996 5003 2224 5072 χρυσίου
2268 5003 2564 5073 προσίασιν
2609 5003 2656 5055 oi
2689 4999 3006 5070 αὐτόμολοι,
3043 5004 3404 5070 ἀνετέμνοντο
3427 5003 3525 5063 τὰς
3558 4996 3732 5066 γαστέο

508 5101 608 5152 ρας
644 5085 693 5137 οἱ
716 5082 909 5147 ἄθλιοι,
941 5084 1016 5148 ὡς
1077 5088 1330 5141 ἐντεῦθεν
1362 5090 1567 5161 πολλὴν
1589 5093 1842 5159 γενέσθαι
1871 5095 1979 5148 τῶν
2009 5095 2282 5151 Ἰουδαίων
2307 5095 2516 5168 φθοράν
2539 5112 2554 5127 ·
2585 5097 2686 5167 μιᾷ
2713 5096 2822 5167 γὰρ
2858 5098 3016 5149 νυκτὶ
3062 5095 3204 5166 ὑπὲρ
3251 5095 3589 5168 τρισχιλίοκ
3618 5097 3730 5147 m-

507 5176 800 5252 σχισθῆναι
855 5179 1078 5250 συνέϐη.
1135 5181 1200 5232 Ὃ
1257 5184 1420 5248 γνοὺς
1463 5187 1490 5237 ό
1549 5187 1729 5252 Τῖτος,
1789 5191 2058 5258 ἠπείλησε
2083 5190 2162 5262 τῷ
2187 5192 2598 5262 στρατεύματιο
2651 5191 2791 5244 ἀλλὰ
2825 5189 3026 5261 μικρὸν
3053 5189 3085 5260 ἢ
3117 5189 3273 5242 οὐδὲν
3299 5192 3416 5253 τοῖς
3439 5188 3732 5259 αὐτομόλοις

504 5274 789 5344 ἐπήμυνεν
822 5273 856 5345 η
888 5272 980 5324 τοῦ
1018 5273 1180 5326 Τίτου
1218 5275 1382 5345 ὀργή.
1450 5277 1540 5329 Ἐν
1599 5281 1805 5348 ὀλίγοις
1857 5281 1902 5333 δ’
1935 5282 2320 5352 εὑρίσκετοητὰ
2348 5281 2615 5351 ἀργύρια,
2639 5282 2764 5344 τοὺς
2787 5281 2843 5332 δὲ
2879 5280 3101 5343 λοιποὺς
3133 5278 3352 5343 ἐλπίδες
3387 5281 3549 5349 μόναι
3569 5279 3732 5332 ἀπώλ-

505 5372 653 5426 λυον.
692 5375 929 5434 Λέγεται
967 5365 1023 5418 δὲ
1049 5369 1173 5430 τοὺς
1216 5371 1280 5420 ὲκ
1320 5369 1421 5438 τῆς
1470 5371 1678 5436 πόλεως
1721 5375 1810 5427 διὰ
1839 5376 1951 5428 τῶν
1984 5377 2168 5429 πυλῶν
2219 5377 2676 5448 ἑκκομιτθέντας,
2707 5375 2804 5428 καὶ
2829 5374 3090 5442 ῥιφέντας
3119 5375 3350 5443 νεκροὺς
3373 5375 3485 5426 τῶν
3509 5376 3728 5442 ἀπόρων,

503 5465 760 5537 γενέσθαι
791 5463 1062 5534 μυριάδας
1093 5463 1385 5535 ἐξήκοντα,
1417 5467 1525 5520 τῶν
1554 5468 1598 5523 δ’
1619 5471 1798 5526 ἄλλων
1834 5471 2193 5544 ἀνεξεύρετον
2229 5470 2373 5528 εἶναι
2405 5472 2497 5526 τὸν
2522 5473 2780 5542 ἀριθμὸν,
2811 5471 2904 5526 τοῦ
2944 5473 3045 5543 μέν
3089 5488 3176 5526 τοι
3222 5473 3375 5526 σίτου
3418 5472 3476 5524 τὸ
3501 5470 3733 5539 μέδιμνον

507 5557 787 5626 πραθῆναι
813 5554 1103 5608 ταλάντου.

576 5654 742 5713 XXII.
777 5660 922 5716 Urbe
953 5665 1163 5714 autem,
1199 5663 1260 5705 ut
1291 5670 1458 5724 supra
1489 5655 1749 5721 diximus,
1793 5672 1821 5711 a
1863 5657 2069 5712 Roma-

509 5750 594 5809 nis
630 5765 788 5805 muro
821 5745 1180 5813 circunnlata,
1209 5763 1330 5800 eum
1355 5764 1460 5801 non
1485 5749 1722 5818 amplius
1749 5747 1945 5802 herbas
1968 5749 2080 5802 col-

2250 5658 2375 5714 KB’.
2413 5661 2921 5733 Περιτειχισθείση·
2961 5664 3019 5718 δὲ
3058 5665 3158 5734 τῆς
3211 5664 3422 5727 πόλεως
3478 5664 3619 5732 παρὰ
3642 5661 3728 5713 τῶν

2199 5750 2510 5823 Ῥωμαίων,
2536 5755 2608 5818 ὡς
2631 5758 2742 5810 ἂνω
2769 5774 2859 5814 μοι
2885 5757 3128 5821 εἴοπται,
3156 5757 3280 5810 οὐδὲ
3305 5759 3610 5811 πολυὲο-ἐῐν
3637 5749 3726 5815 οἷον
