3876 6552
202 353 295 457 δερ

1474 392 1878 454 ANNALIUM
1924 393 2069 456 LIB.
2100 394 2201 461 VI.

3327 393 3436 455 530

202 502 459 573 φευγότων
508 502 586 564 εἰς
645 501 741 571 τὴν
796 500 972 567 πόλιν,
1029 502 1343 572 καιομένου·
1371 502 1427 556 δὲ
1474 489 1569 556 τοῦ
1613 502 1743 557 ναοῦ

1853 500 1938 563 sis,
1975 503 2259 574 templum,
2297 510 2354 557 et
2385 518 2506 573 qua:
2538 500 2745 557 circum
2777 501 3038 572 templum
3063 510 3241 568 erant,
3273 501 3427 557 ardeo

200 595 285 650 καὶ
314 593 417 646 τῶν
466 592 631 663 πέριξ
671 593 952 659 ἁπάντων,
1007 595 1339 665 κομίσαντες
1373 596 1477 658 τὰς
1508 597 1752 663 σημαίας

196 688 270 749 είς
297 686 355 739 τὸ
382 686 547 754 ίερδν,
592 687 731 755 μετὰ
785 687 1064 756 μεγίστων
1110 686 1407 757 εὐφημιῶν
1452 688 1542 740 τὸν
1593 689 1751 741 Τῖτον

196 782 464 847 ἀπέφηναν
513 780 922 850 αὐτοκράτορα.
977 779 1135 834 Οὕτω
1196 780 1253 835 δὲ
1303 783 1427 843 ταῖς
1473 781 1752 850 ἁρπαγαῖς

195 875 237 924 οῖ
273 870 601 940 στρατιῶται
655 872 858 936 πάντες
907 873 1374 943 ἐχρηματίσαντο,
1431 872 1574 927 ὥστε
1609 872 1752 927 κατὰ

194 964 283 1030 τὴν
312 959 510 1031 Συρίαν
540 962 680 1031 πρὸς
710 962 884 1033 ἥμισυ
905 962 1009 1034 τῆς
1043 965 1214 1019 πάλαι
1242 965 1413 1035 τιμῆς
1443 964 1535 1018 τὸν
1584 968 1747 1017 σταθ-

194 1058 283 1126 μὸν
333 1054 427 1109 τοῦ
486 1058 717 1126 χρυσίου
775 1057 1212 1128 πιπράσκεσθαι.
1269 1059 1331 1111 Οί
1379 1057 1435 1111 δὲ
1479 1057 1582 1111 ἀνὰ
1658 1058 1750 1111 τὸν

193 1151 353 1218 τοῖχον
404 1150 501 1202 τοῦ
560 1150 719 1218 ναοῦ,
770 1150 847 1214 ώς
900 1151 1157 1224 εἴρηται,
1201 1152 1522 1215 ἀνελθόντες
1561 1154 1746 1222 ἱερεῖς,

193 1242 275 1294 ἐπὶ
309 1240 467 1294 πέντε
513 1243 760 1315 ἡμέραις
800 1246 1393 1316 προσκαρτερήσαντες
1437 1242 1531 1299 καὶ
1571 1243 1751 1315 λιμώ-

193 1332 385 1399 ξαντες,
441 1335 784 1407 κατέδησαν,
831 1335 1172 1402 ἱκετεύοντες
1205 1339 1394 1407 τυχεῖν
1449 1337 1744 1407 σωτηρίας.

199 1426 517 1491 ὐδέτῖτος
572 1428 667 1482 καὶ
717 1430 808 1483 τὸν
858 1431 959 1500 τῆς
1007 1429 1341 1501 συγγνώμης
1393 1430 1587 1501 καιρὸν
1639 1448 1748 1484 πα-

192 1517 381 1591 ρελθεῖν
400 1517 572 1589 ἔφησε
599 1521 694 1574 καὶ⁵
719 1520 815 1575 τοῦ
838 1521 969 1575 ναοῦ
994 1522 1279 1593 οἰχομένου
1308 1522 1553 1587 καὶτοὺς
1580 1523 1747 1594 ἱερεῖς

192 1610 574 1665 συναπολέσθαι
619 1613 772 1683 αὐτῷ
820 1614 930 1667 δεῖν
975 1614 1167 1679 είπὼν,
1231 1615 1563 1685 κολασθῆναι
1619 1619 1748 1678 τούς

188 1703 368 1773 ἄιδρας
426 1704 741 1760 ἐκέλευσεν.
816 1708 880 1760 Ol
954 1705 1012 1760 δέ
1068 1709 1198 1778 περὶ
1261 1709 1388 1772 τούς
1449 1708 1747 1780 τυράννους

189 1795 447 1865 διαδράναι
491 1797 568 1868 μή
625 1798 936 1868 ἰσχύοντες,
979 1800 1416 1871 προσκαλοῦνται
1451 1799 1545 1854 τὸν
1589 1801 1746 1853 Τῖτον

189 1890 257 1951 si;
284 1887 491 1957 λόγους.
535 1890 651 1944 Καὶ
711 1890 771 1954 ὃς
814 1886 944 1963 ἧκε,
994 1892 1091 1945 καὶ
1133 1891 1234 1963 τήν
1271 1891 1535 1946 ἀπόνοιαν
1563 1894 1748 1955 αὐτοῖς

189 1981 490 2048 ἐξωνείδιζε,
519 1981 623 2035 καὶ
663 1982 853 2053 ῥίψασι
897 1982 968 2036 τὰ
1022 1982 1163 2036 ὅπλα
1210 1983 1306 2036 καὶ
1354 1983 1657 2054 παραδοῦσι
1679 1983 1748 2037 τὰ

191 2079 395 2146 σώματα
424 2078 756 2149 χαρίζεσθαι
790 2078 897 2148 τὴν
934 2080 1080 2148 ζωὴν
1118 2079 1510 2150 ἐπηγγέλλετο.
1553 2080 1663 2133 Καὶ
1698 2081 1748 2134 οἱ

189 2171 364 2238 λῃσταὶ
387 2170 574 2237 δεξιὰν
626 2171 725 2236 μὲν
761 2173 835 2242 μὴ
867 2171 1134 2226 δύνασθαι
1166 2170 1301 2242 παρ’
1351 2171 1516 2226 αὐτοῦ
1561 2171 1750 2226 λαϐεῖν

191 2262 415 2331 ἐφησαν,
477 2263 845 2335 όμομωκὸτες
904 2263 1178 2335 μηδέποτε
1230 2263 1391 2318 τοῦτο
1449 2264 1699 2335 ποιήσειν
1730 2278 1746 2293 ·

191 2356 349 2419 ἔξοδον
393 2356 450 2410 δὲ
507 2356 764 2427 ᾐτοῦντο,
829 2355 970 2427 μετὰ
1030 2356 1312 2426 γυναικῶν
1367 2356 1463 2411 καὶ
1515 2359 1746 2422 τέκνων,

190 2446 516 2517 κχταλείψειν
572 2447 679 2518 τήν
736 2447 895 2501 πόλιν
951 2447 1125 2520 αὐτῷ.
1172 2448 1554 2517 Ἥγανάκτησε
1612 2449 1749 2516 πρὸς

192 2538 338 2591 ταῦτα
369 2541 396 2591 ό
426 2539 619 2605 Τῖτος,
669 2539 763 2593 καὶ
787 2539 933 2610 ’μήτε
978 2540 1297 2612 αὐτομολεῖν
1320 2540 1401 2595 ἐτι
1442 2542 1565 2596 τινὰ
1597 2542 1750 2612 σφῶν

193 2623 426 2678 ἐκέλευσε
480 2627 625 2697 μήτε
674 2625 859 2693 δεξιᾶς
892 2625 1135 2690 ἐλπίζειν
1192 2630 1379 2698 τυχεῖν
1432 2628 1742 2697 (φείσεσθαι

194 2719 283 2788 γὰρ
303 2716 563 2789 οὐδενὸς),
596 2718 865 2789 μάχεσθαι
912 2719 969 2774 δέ
1017 2720 1111 2773 καὶ
1157 2719 1352 2784 σώζειν
1394 2721 1468 2784 ὡς
1500 2721 1750 2776 δύναιντο

195 2812 416 2875 ἑαυτούς.
461 2815 596 2877 Τοῖς
624 2815 680 2868 δὲ
712 2814 1078 2883 στρατιώταις
1105 2815 1394 2886 ἐμπιπρᾷν
1439 2816 1540 2888 τήν
1591 2817 1750 2870 πόλιν

197 2907 273 2955 καὶ
313 2905 640 2977 διαρπάζειν
695 2908 1026 2961 ἐκέλευσεν·
1058 2909 1108 2962 οί
1155 2908 1212 2962 δὲ
1258 2913 1319 2962 τδ
1369 2908 1481 2979 πῦρ
1530 2909 1750 2963 ἐνίεσαν

198 2996 467 3066 πανταχοῦ.
529 2999 602 3052 Ol
656 2999 982 3053 στασιασταὶ
1036 2999 1093 3052 δὲ
1149 3001 1242 3054 ἐπὶ
1309 3000 1407 3071 τὴν
1461 3000 1747 3071 βασιλικὴν

195 3088 349 3142 οἰκίαν
375 3090 746 3159 ὁρμήσαντες,
777 3093 857 3153 είς
887 3094 954 3161 ἢν
998 3090 1067 3144 δι’
1096 3091 1405 3163 ὀχυρότητα
1437 3091 1622 3145 πολλοὶ
1649 3091 1750 3158 τὰς

1855 604 1977 650 rent
2005 596 2210 659 omnia,
2257 595 2429 665 signis
2464 595 2519 650 in
2555 595 2816 665 templum
2865 594 3053 660 illatis,
3085 594 3267 650 Titum
3299 609 3433 650 cum

1854 686 2206 742 faustissimis
2233 687 2722 743 acclamationibus
2753 686 3137 756 imperatorem
3172 685 3431 758 designa-

1855 789 2002 833 ruut.
2058 779 2259 835 Milites
2300 789 2510 834 tantum
2549 795 2614 834 ex
2667 779 2873 849 rapinis
2908 778 3158 849 pecuniae
3210 792 3407 833 coacer

1853 876 2077 933 varunt,
2125 878 2185 924 ut
2232 871 2286 924 in
2318 869 2729 941 Syriapondus
2757 870 2877 924 auri
2933 868 3167 929 dimidio
3198 868 3431 924 minoris

1852 974 2017 1030 quam
2051 962 2182 1016 olim
2206 961 2558 1018 venderetur.
2593 960 2942 1028 Sacerdotes,
2973 963 3092 1032 qui,
3122 970 3183 1017 ut
3217 960 3438 1040 dictum.

1850 1065 1957 1120 est,
2013 1069 2230 1108 murum
2275 1054 2464 1124 templi
2508 1054 2967 1120 conscenderant,
3007 1069 3134 1109 cum
3182 1048 3451 1124 quinque‘

1851 1145 1972 1202 dies
2012 1145 2088 1199 ibi
2136 1147 2468 1216 exegissent,
2514 1146 2657 1202 fame
2710 1146 2946 1202 confecti
2984 1145 3428 1201 descenderunt:

1852 1247 2023 1309 utque
2072 1237 2178 1293 sibi
2210 1227 2550 1307 parceretur,
2586 1235 3232 1308 supplicarunt.0uibus
3271 1236 3430 1291 Titus

1850 1329 2171 1399 respondit:
2216 1329 2403 1385 Venite
2427 1336 2675 1399 tempore
2698 1329 2810 1399 jam
2834 1329 3135 1398 praeterito,
3168 1326 3430 1384 sacerdo—

1852 1421 2000 1477 tibus
2040 1437 2169 1478 cum
2221 1422 2426 1492 templo
2474 1422 2816 1491 pereundum
2871 1435 3017 1486 esse,
3067 1430 3123 1474 et
3175 1420 3431 1477 homines

1848 1512 2136 1582 suppliciis
2180 1512 2321 1568 allici
2368 1510 2550 1583 jussit.
2599 1509 2840 1581 Tyranni
2872 1511 2967 1580 qui
3009 1510 3253 1580 eti'ugere
3318 1525 3432 1565 nou

1850 1616 2125 1680 poterant,
2175 1609 2360 1664 Titum
2389 1606 2456 1662 ad
2484 1605 2818 1676 colloquium
2865 1613 3139 1662 evocant:
3178 1606 3429 1675 quicum
3474 1596 3485 1605 ’

1848 1703 2125 1768 venisset,
2165 1701 2358 1772 eisque
2430 1698 2747 1755 vecordiam
2817 1697 3146 1769 objecisset,
3191 1698 3300 1752 vita
3368 1711 3431 1753 se

1849 1795 1976 1852 illos
2002 1795 2337 1850 donaturum
2369 1792 2645 1864 promisit,
2686 1791 2731 1847 si
2777 1790 3008 1861 abiectis
3038 1789 3211 1844 armis
3235 1804 3294 1845 se
3328 1787 3430 1843 dc-

1850 1888 2064 1943 dercnt.
2106 1886 2375 1942 Latrones
2413 1898 2543 1939 vero
2581 1899 2640 1939 se
2688 1882 2938 1939 dextram
2969 1883 3039 1940 ab
3070 1897 3139 1938 eo
3178 1882 3434 1952 accipere

1849 1994 2009 2050 posse
2036 1987 2327 2050 negarunt,
2366 1977 2584 2047 jurasse
2618 1975 2869 2031 enim-se
2932 1975 2987 2030 id
3016 1990 3299 2045 nunquam
3345 1973 3429 2029 la-

1850 2082 2075 2128 cturos:
2114 2069 2208 2126 sed
2239 2068 2580 2140 petiverunt,
2609 2077 2667 2122 ut
2705 2082 2833 2124 cum
2862 2067 3131 2125 uxoribus
3154 2077 3214 2129 et
3236 2067 3434 2123 liberis

1850 2164 1991 2220 urbe
2041 2162 2309 2220 excedere
2357 2164 2570 2219 liceret.
2613 2162 2985 2229 Quamobrem
3037 2163 3196 2219 Titus
3233 2163 3431 2224 iratus.

1849 2258 2042 2318 edixit.
2076 2273 2148 2313 ne
2191 2257 2318 2328 quis
2363 2272 2555 2313 eorum
2610 2256 2848 2327 amplius
2900 2256 3292 2327 transfugeret,
3331 2268 3432 2313 aut

1850 2365 2005 2420 spem
2043 2349 2249 2406 dextra:
2290 2349 2540 2415 haberet,
2568 2365 2627 2405 se
2667 2349 2813 2403 enim
2856 2363 3147 2418 parsurum
3177 2364 3300 2406 esse
3325 2365 3427 2406 ne-

1852 2443 1988 2498 mini
2018 2462 2031 2497 :
2070 2450 2381 2514 pugnarent
2411 2442 2602 2514 igitur,
2642 2456 2710 2497 ac
2735 2441 2900 2498 saluti
2949 2457 3064 2499 sua:
3090 2458 3189 2512 pro
3217 2442 3429 2498 viribus

1850 2535 2228 2592 consulerent.
2278 2535 2478 2591 Milites
2511 2535 2706 2591 urbem
2757 2535 3055 2593 incendere
3082 2552 3149 2592 ac
3182 2536 3441 2607 diripere

1844 2629 2055 2701 jussit:
2086 2629 2327 2700 quicum
2356 2629 2611 2686 incendia
2643 2630 2848 2701 ubique
2881 2639 3224 2702 spargerent,
3254 2631 3431 2689 latro—
3530 2706 3537 2709 ‘

1851 2736 1951 2778 nes
1973 2723 2042 2778 ad
2065 2721 2269 2793 regiam
2299 2722 2691 2797 decurrerunt,
2728 2723 2782 2778 in
2805 2738 2970 2793 quam
2998 2723 3072 2779 ob
3104 2723 3211 2778 loci
3243 2724 3431 2780 muni;-

1853 2816 2058 2870 tioncm
2089 2814 2247 2869 multi
2282 2829 2411 2870 suas
2459 2828 2593 2885 opes
2641 2813 3030 2871 contulerant:
3066 2831 3132 2870 ac
3165 2814 3441 2872 Romanis

1851 2904 1981 2960 inde
2013 2904 2210 2976 pulsis,
2238 2914 2295 2961 et
2324 2913 2473 2962 coetu
2514 2904 2694 2975 plebis
2726 2906 2800 2961 ibi
2844 2913 3184 2978 congregata:
3212 2905 3290 2962 'ad
3332 2922 3429 2963 vui

1851 2997 2023 3054 millia
2047 3009 2102 3053 et
2133 3013 2261 3055 cccc
2287 2997 2438 3054 omni
2498 2997 2811 3065 interfecto,
2866 2999 3152 3070 pecuniam
3177 2997 3429 3069 diripue-

1851 3098 2004 3144 runt.
2055 3089 2328 3146 Postridie
2399 3089 2634 3146 Romani
2684 3088 3000 3147 latronibus
3043 3105 3117 3146 ex
3167 3089 3430 3149 inferiore

199 3178 394 3247 κτήσεις
428 3180 723 3246 ἀπέθεντο,
758 3181 885 3244 τούς
939 3199 1001 3234 τε
1064 3181 1371 3254 Ῥωμαίους
1424 3184 1522 3238 ἀπ’
1576 3185 1747 3254 αὐτῆς

1853 3179 1992 3235 urbe
2035 3178 2358 3252 proﬂigatis,
2389 3195 2564 3251 usque
2596 3179 2664 3235 ad
2693 3180 2896 3237 Siloam
2946 3182 3132 3237 omnia
3162 3179 3429 3239 incende-

199 3269 467 3336 τρέπονται
491 3287 505 3301 ·
539 3274 641 3325 καὶ
669 3274 731 3327 τὸ
753 3273 1221 3345 συνηθροισμένον
1243 3275 1432 3330 αὐτόθι
1454 3276 1549 3330 τοῦ
1568 3277 1746 3348 δήμου

203 3361 295 3411 civ
324 3362 715 3431 φονεύσαντες,
754 3366 837 3428 είς
862 3363 1308 3435 ὀκτακισχιλίους
1350 3367 1449 3421 καὶ
1486 3384 1751 3439 τετρακο-

203 3453 327 3518 σίους
366 3456 834 3528 ἀριθμουμένους,
871 3458 939 3512 τὰ
978 3460 1241 3530 χρήματα
1288 3459 1621 3530 διήρπασαν.
1667 3460 1746 3531 Τῇ

198 3544 235 3597 δ’
273 3546 386 3620 ἑξῆς
436 3548 730 3621 Ῥωμαῖοι,
751 3550 1090 3622 τρεψάμενοι
1125 3552 1256 3613 τούς
1293 3549 1497 3624 λῃστὰς
1549 3550 1615 3604 ἐκ
1649 3551 1750 3622 τῆς

202 3640 327 3693 uim
354 3641 589 3707 πόλεως,
627 3643 697 3697 τὰ
723 3642 889 3714 μέχρι
916 3641 1014 3697 τοῦ
1049 3641 1276 3713 Σιλωὰμ
1308 3643 1488 3697 πάντα
1515 3643 1751 3714 ἐνέπρη-

203 3742 303 3782 σιν.
327 3732 646 3802 Καιομένην
664 3732 724 3786 δέ
748 3734 847 3804 τὴν
873 3732 1033 3787 πόλιν
1057 3732 1294 3802 δρῶντες
1323 3732 1376 3786 oi
1401 3733 1747 3803 στασιασταὶ,

202 3822 377 3892 ἱλαροῖς
397 3826 523 3889 τοῖς
546 3823 863 3897 προσώποις
893 3824 1124 3897 εὖθυμοι
1154 3826 1261 3896 τήν
1288 3827 1551 3899 τελευτὴν
1578 3845 1752 3899 προσο

197 3908 417 3980 δέχεσθαι
452 3913 674 3983 ελεγον.
718 3912 861 3969 υύτε
886 3913 945 3968 δὲ
978 3912 1321 3986 παραδοῦναι
1348 3915 1580 3978 ἑαυτοὺς
1611 3916 1749 3970 ὐπέ-

205 4020 361 4073 μενον,
414 4006 548 4061 οὔτε
608 4007 871 4079 πολεμεῖν
929 4008 1224 4079 Ῥωμαίοις
1278 4003 1385 4062 οἷοί
1448 4024 1511 4062 τε
1564 4003 1708 4080 ἦσαν
1732 4025 1752 4043 ο

202 4097 529 4170 σκιδνάμενοι
569 4098 629 4153 δέ
659 4099 803 4153 κατὰ
834 4100 903 4154 τά
946 4098 1261 4171 ἔμπροσθεν
1299 4101 1398 4170 τῆς
1436 4099 1665 4167 πόλεως,
1700 4098 1756 4154 ετ

202 4204 331 4254 τινας
351 4190 677 4261 αὐτομολεῖν
706 4191 997 4256 ἐθέλοντας
1028 4191 1316 4264 εὕρισκον,
1348 4192 1700 4264 ἀπέσφαττον
1731 4206 1747 4223 ⁶

200 4283 277 4333 καὶ
297 4283 463 4349 οὐδεὶς
505 4286 564 4338 ἐν
594 4286 662 4355 τῇ
692 4283 848 4338 πόλει
886 4285 1054 4350 τόπος
1082 4282 1424 4355 γεγύμνωτο,
1454 4285 1573 4339 ἀλλ’
1605 4284 1753 4350 ἂπας

202 4371 396 4445 ἧλιμοῦ
428 4374 633 4447 νεκρὸν
661 4371 832 4446 εῖχεν,
863 4377 898 4447 ἢ
951 4377 1220 4440 στάσεως.
1256 4376 1508 4431 Ἔθαλπε
1533 4377 1591 4430 δὲ
1622 4376 1751 4441 τούς

1849 3279 2001 3326 runt.
2036 3270 2295 3327 Seditiosi
2325 3286 2452 3327 cum
2485 3270 2682 3327 ardere
2711 3271 2910 3327 urbem
2938 3271 3229 3339 viderent,
3261 3271 3430 3329 hilari

1850 3362 2006 3418 vultu
2040 3377 2101 3419 se
2133 3361 2345 3419 alacres
2382 3362 2638 3419 obituros
2685 3361 2969 3428 dixerunt,
3001 3378 3127 3419 cum
3157 3378 3216 3419 se
3245 3377 3429 3433 neque

1851 3453 2114 3510 Romanis
2162 3453 2366 3509 dedere
2404 3453 2631 3520 vellent,
2675 3468 2854 3524 neque
2904 3468 3213 3525 repugnare
3259 3453 3428 3528 3M

1850 3551 2116 3613 possent:
2155 3544 2251 3599 sed
2282 3554 2410 3601 ante
2452 3544 2646 3600 urbem
2694 3545 2957 3617 dispersi,
3008 3561 3150 3616 quos
3181 3546 3426 3603 translu-

1851 3650 1981 3707 gere
2009 3636 2257 3694 volentes
2292 3635 2804 3707 deprehendebaut,
2834 3638 3160 3710 jugulabant
3180 3655 3200 3695 :
3238 3653 3424 3709 neque

1854 3729 1999 3784 ullus
2033 3728 2191 3785 urbis
2213 3737 2335 3784 erat
2364 3730 2541 3794 locus,
2575 3730 2672 3799 qui
2707 3745 2817 3785 non
2850 3729 2996 3786 fame
3025 3740 3124 3787 aut
3150 3731 3425 3791 seditione

1851 3829 2170 3892 peremptos
2219 3820 2469 3878 haberet.
2543 3821 2833 3893 Tyrannos
2883 3837 2991 3878 una
3044 3838 3170 3894 spes
3215 3822 3428 3894 reliqua

1852 3915 2345 3970 subterraneorum
2389 3923 2665 3970 meatuum
2709 3914 2976 3972 fovebat:
3012 3931 3124 3985 quo
3156 3915 3204 3972 si
3234 3915 3431 3977 confu-

1852 4007 2079 4078 gissent.
2112 4022 2173 4063 se
2203 4023 2314 4062 non
2348 4007 2668 4077 indagatum
2693 4006 2763 4062 iri
2787 4008 2961 4065 stulta
2985 4008 3246 4078 opinione
3271 4016 3434 4077 puta-

1854 4100 2008 4155 bant.
2038 4098 2174 4155 Nam
2208 4114 2334 4155 cum
2364 4098 2597 4154 Romani
2628 4108 2809 4154 castra
2837 4107 3144 4162 moverent,
3173 4098 3428 4169 progredi

1851 4202 2017 4262 atque
2049 4192 2311 4262 aut'ugcre
2335 4191 2477 4256 ausi,
2509 4206 2686 4262 neque
2719 4191 2890 4246 Deum
2934 4206 3116 4262 neque
3148 4190 3433 4247 Romanos

1852 4284 2026 4341 latere
2056 4292 2333 4355 poterant,
2366 4292 2423 4341 et
2457 4283 2603 4340 inter
2622 4298 2683 4339 se
2705 4283 2776 4339 de
2807 4283 3016 4354 rapinis
3045 4283 3250 4339 bellum
3276 4298 3435 4354 gere-

1854 4376 2008 4433 bant.
2038 4377 2222 4433 Caesar
2252 4390 2386 4431 rero
2431 4390 2556 4431 cum
2607 4374 2742 4430 urbs
2782 4375 3037 4446 superior
3066 4376 3121 4431 in
3161 4370 3431 4444 praeipiti

201 4482 248 4517 τε
293 4469 592 4540 τυράννους
637 4470 734 4524 καὶ
771 4468 832 4523 τδ
880 4469 980 4524 σὺν
1007 4469 1193 4533 αὐτοῖς
1240 4470 1537 4542 λῃστρικὸν
1594 4470 1749 4534 ἐλπὶς

1854 4469 1959 4526 sita
2012 4469 2157 4534 loco,
2206 4469 2326 4525 sine
2368 4468 2659 4541 aggeribus
2704 4467 2829 4537 capi
2861 4482 2983 4525 non.
3004 4475 3211 4538 posset,
3255 4464 3436 4536 copiis

201 4539 381 4632 ἐσχάτη
404 4561 516 4617 τῶν
550 4563 861 4633 ὑπονόμων,
913 4564 997 4627 είς
1035 4561 1131 4625 οὓς
1171 4563 1222 4615 sl
1254 4539 1648 4632 καταφύγοιεν,
1684 4564 1746 4616 οὐ

1853 4577 1992 4632 opus
2017 4562 2321 4617 distribuit.

206 4658 527 4724 προσεδόκων
555 4658 1047 4731 ἐρευνηθήσεσθαι.
1081 4658 1523 4724 Ἀναζευξάντων
1587 4658 1645 4713 δέ
1703 4659 1810 4713 τῶν
1861 4658 2172 4729 Ῥωμαίων,
2207 4658 2476 4730 ἐθάρρουν
2515 4656 2801 4728 προελθεῖν
2860 4672 2921 4709 τε
2960 4656 3054 4711 καὶ
3092 4651 3418 4724 ἀποδράναι.

202 4746 252 4798 τδ
296 4748 348 4803 δέ
375 4746 441 4822 ἦν
472 4751 586 4821 ἄρα
614 4751 825 4823 ὄνειρος
852 4768 870 4787 ο
921 4750 1046 4806 οὐτε
1100 4752 1211 4824 γὰρ
1268 4753 1361 4806 τὸν
1411 4751 1573 4815 Θεὸν.
1622 4750 1748 4806 οὐτε
1800 4752 2109 4821 Ῥωμαίους
2171 4751 2357 4822 λήσειν
2424 4751 2675 4821 ἔμελλον.
2710 4744 2822 4804 Ἦν
2863 4749 2920 4802 δὲ
2953 4748 3051 4803 καὶ
3084 4748 3222 4820 πρὸς
3264 4747 3434 4819 ἀλλή-

205 4837 313 4906 λους
342 4845 397 4899 ἐν
441 4847 568 4909 ταῖς
606 4846 883 4917 ἁρπαγαῖς
914 4846 1152 4917 πόλεμος
1189 4844 1399 4910 αὐτοῖς.
1473 4847 1694 4916 Καῖσαρ
1733 4846 1817 4910 δέ,
1858 4846 1934 4909 ὡς
1976 4847 2264 4918 ἀμήχανον
2309 4843 2382 4916 ἦν
2430 4845 2532 4915 τὴν
2570 4843 2685 4899 ἄφνω
2728 4843 2886 4897 πόλιν
2941 4843 3087 4896 ἑλεῖν
3133 4844 3430 4914 χωμάτων.

210 4934 312 5002 ἅτε,
349 4939 516 4996 οὖσαν
544 4942 941 5014 περίκρημνον,
975 4941 1223 5010 διανέμει
1260 4939 1579 5013 τοῖςέργοις
1610 4941 1709 5013 τὴν
1744 4941 1996 5013 δύναμιν.

268 5030 398 5100 Kq'.
426 5034 587 5089 Κατὰ
614 5032 820 5098 ταύτας
851 5028 947 5088 οῦν
972 5033 1075 5097 τὰς
1116 5034 1335 5105 ἡμέρας
1367 5034 1416 5088 οῑ
1447 5034 1556 5087 τῶν
1585 5032 1750 5087 Ἰδου-

214 5125 365 5190 μαίων
416 5130 689 5201 ήγεμόνες
750 5130 1068 5202 πέμψαντες
1121 5132 1325 5203 ἄνδρας
1387 5132 1552 5187 πέντε
1613 5133 1750 5204 πρὸς

213 5214 367 5286 Τῖτον,
396 5222 643 5277 ἱκέτευον
663 5222 847 5279 δοῦναι
878 5225 1064 5288 αὐτοῖς
1087 5224 1289 5290 δεξιάν.
1332 5224 1392 5278 '0
1415 5225 1472 5278 δὲ
1506 5224 1752 5287 καὶτοὺς

212 5312 475 5381 τυράννους
532 5315 788 5370 ἐνδώσειν
832 5316 1064 5381 ἐλπίσας
1113 5316 1586 5371 ἀποσπασθέντων
1644 5316 1752 5372 τῶν

224 5401 529 5478 Ἰδουμαίων,
556 5410 847 5463 κατανεύει
907 5409 1007 5482 τὴν
1058 5411 1336 5480 σωτηρίαν
1386 5410 1592 5473 αὐτοῖς.
1644 5409 1754 5463 Καὶ

216 5494 441 5570 ὁΣίμων,
471 5503 633 5570 τνούς
665 5502 764 5574 τὴν
801 5500 1029 5572 γνώμην
1068 5502 1268 5563 αὐτῶν,
1291 5504 1420 5566 τοὺς
1462 5501 1561 5572 μὲν
1590 5501 1754 5554 πέντε

219 5586 325 5651 τούς
366 5592 681 5663 ἐντυχόντας
723 5592 800 5664 τῷ
829 5593 977 5663 Τίτῳ
1008 5592 1206 5648 αὐτίκα
1250 5594 1486 5662 ἀναιρεῖ,
1537 5591 1661 5654 τοὺς
1706 5589 1753 5643 δ’

225 5677 465 5749 ίἈγεμόνας
500 5682 784 5740 συλλαϐὼν
820 5686 1103 5758 εἵργνυσιν
1129 5700 1146 5717 ’
1180 5682 1519 5755 Ἰδουμαίους
1560 5683 1617 5737 δὲ
1655 5683 1756 5736 οὐκ

224 5766 534 5838 ἀφυλάκτους
567 5770 704 5847 εἶχε,
733 5777 827 5830 καὶ
874 5777 936 5830 τδ
972 5779 1150 5847 τεῖχος
1189 5777 1457 5846 φρουραῖς
1492 5774 1755 5844 ἐπιμελε-

227 5862 419 5929 στέραις
452 5866 799 5937 διελάμϐανε,
834 5869 919 5922 διὰ
950 5870 1077 5932 τοὺς
1118 5866 1564 5934 αὐτομολοῦντας.
1620 5866 1756 5919 Πολ-

1924 5034 2112 5090 XXVI.
2153 5034 2225 5089 lis
2250 5034 2447 5089 diebus
2478 5032 2842 5088 [dumorum
2894 5032 3171 5104 principes
3211 5050 3246 5089 ν
3277 5034 3430 5105 Ιθςα-

1854 5125 1926 5181 tis
1972 5124 2041 5179 ad
2078 5123 2263 5178 Titum
2306 5121 2509 5187 missis,
2559 5121 2853 5191 supplices
2889 5137 3081 5193 pacem
3112 5123 3429 5194 petierunt:

1853 5217 1947 5287 qui
1973 5216 2137 5272 etiam
2172 5224 2453 5287 tyrannos,
2498 5213 2753 5270 Idumaeis
2792 5214 3024 5280 avulsis,
3065 5215 3428 5286 pertinaciam

1855 5310 2170 5380 abjecturos
2213 5322 2462 5377 sperans,
2513 5305 2951 5363 incolumitatem
3003 5307 3115 5363 illis
3147 5308 3429 5378 promisit.

1856 5404 1925 5459 At
1957 5403 2147 5458 Simon
2173 5415 2366 5455 eorum
2400 5399 2631 5455 consilio
2658 5400 2899 5470 cognito.
2950 5415 2985 5454 ν
3010 5399 3216 5470 legatos
3241 5397 3432 5454 statim

1856 5495 2078 5559 occidit,
2117 5494 2286 5549 duces
2315 5492 2370 5545 in
2388 5506 2666 5547 carcerem
2690 5490 3011 5562 compingit,
3039 5492 3306 5548 ldumazos
3332 5491 3432 5548 ob-

1857 5582 2068 5638 servari
2108 5580 2293 5652 jubet,
2330 5587 2386 5633 et
2425 5579 2628 5635 mania
2683 5580 2941 5649 presidiis
2987 5580 3432 5638 accuratioribus

1858 5678 2057 5740 munit,
2092 5683 2320 5744 propter
2343 5671 2693 5741 transfugas-
2715 5671 2820 5727 Sed
2850 5673 3105 5741 quamvis
3137 5672 3295 5729 multi
3330 5690 3430 5730 oc-

1854 5765 2197 5826 ciderentur,
2242 5762 2428 5832 plures
2481 5769 2641 5814 erant
2679 5760 2773 5829 qui
2800 5760 3154 5830 dill‘ugereut,
3198 5775 3366 5836 atque
3395 5780 3432 5822 a

1855 5858 2120 5914 Romanis
2147 5857 2217 5912 ob
2257 5853 2486 5911 caedium
2509 5853 2814 5909 satietatem
2852 5860 2908 5908 et
2931 5851 3070 5910 lucri
3119 5868 3272 5917 spem
3306 5867 3432 5915 sul-
