3862 6542
216 359 331 420 533

1531 364 1938 426 ANNALIUM
1978 365 2126 426 LIB.
2166 367 2268 430 VI.

3369 365 3480 428 53$

218 467 521 542 δπονόμοις
589 469 730 542 μετὰ
782 469 892 524 τῶν
947 471 1195 541 ἀδελςῶν
1247 472 1552 542 λιμώττων,
1619 474 1797 539 δεξιὰν

1925 476 2128 532 ndutus
2162 477 2372 542 tunica,
2405 485 2459 532 et
2488 476 2776 548 chlamyde
2816 491 3093 547 purpurea
3143 476 3482 532 inllbulatus.

219 562 376 630 παρὰ
410 560 704 632 Ῥωμαίων
731 563 915 618 λαϐεῖν
946 566 1178 620 ἱκέτευε.
1212 567 1396 636 Σίμων
1421 567 1478 620 δὲ
1507 567 1805 636 μετέπειτα

217 653 558 724 συνελήφθη.
614 653 708 728 τοῦ
744 658 906 713 Τίτου
956 657 1241 726 διάγοντος
1293 662 1371 722 εἰς
1408 661 1503 728 τὴν
1531 659 1804 713 Φιλίππου

215 747 536 818 λεγομένην
570 727 933 821 Κάισάρειαν.
967 727 1596 822 Πολιορκουμένωνγὰρ
1642 751 1806 822 Ἰερο-

213 839 508 910 σολύμων,
547 843 640 896 ἐπὶ
679 843 780 914 τῆς
814 843 927 898 άνω
969 844 1175 906 πόλεως
1213 843 1311 908 ὢν,
1362 843 1470 898 τῶν
1519 843 1808 915 Ῥωμαίων

213 931 377 996 ἐντὸς
409 934 723 1003 γενομένων
748 936 847 1006 τῆς
877 935 1104 1006 πόλεως,
1136 939 1163 990 ό
1185 937 1367 1008 Σίμων
1397 939 1523 1002 τοὺς
1546 939 1807 993 πιστοτά-

216 1040 346 1088 τους
396 1027 739 1098 παραλαϐὼν
776 1028 888 1083 τῶν
922 1029 1112 1098 φίλων,
1157 1027 1252 1082 καὶ
1291 1029 1388 1082 σὺν
1427 1027 1612 1094 αὐτοῖς
1664 1031 1808 1083 λιθοσ

216 1115 453 1187 τόμους,
510 1119 606 1172 καὶ
661 1119 756 1172 τὸν
818 1121 958 1192 πρὸς
1009 1122 1109 1191 τὴν
1170 1123 1437 1191 ἐργασίαν
1503 1123 1810 1192 ἐπιτήδειον

215 1204 441 1273 τοότοις
468 1211 707 1281 σίδηρον,
737 1213 818 1276 είς
844 1231 967 1266 τινα
994 1215 1105 1266 τῶν
1132 1215 1420 1282 ὑπονόμων
1453 1216 1550 1267 σὺν
1580 1215 1808 1279 ἐκείνοις

210 1293 489 1366 καθίησιν
519 1295 736 1364 ἑαυτὸν,
795 1303 890 1355 καὶ
943 1302 1006 1356 τὸ
1040 1303 1270 1358 παλαιὸν
1297 1303 1525 1376 ὄρυγμα
1560 1305 1808 1373 διελθὼν,

208 1387 317 1455 τὴν
341 1389 455 1460 γῆν
483 1391 840 1463 ὑπενόμευεν,
879 1395 968 1448 ῖνα
995 1396 1335 1470 πορρωτέρω
1366 1397 1724 1466 προελθόντες
1751 1399 1810 1454 ὲν

208 1478 505 1553 ἀσφαλείᾳ
555 1486 892 1556 ποιήσωνται
925 1488 1026 1558 τὴν
1062 1488 1341 1544 ἀνάδυσιν.
1383 1489 1594 1558 Ὀλίγον
1625 1491 1814 1560 μέντοι

207 1571 329 1623 τῶν
359 1573 804 1642 μεταλλευόντων
833 1581 1334 1651 προχωρησάντων,
1360 1584 1394 1653 ἡ
1415 1583 1589 1655 τροφὴ
1615 1583 1813 1648 αὐτοὺς

208 1659 566 1720 ἐπιλέλοιπε.
599 1661 731 1721 Τότε
760 1667 824 1739 δὴ
870 1671 1102 1736 λευκοὺς
1149 1663 1394 1726 ἐνδύεται
1434 1674 1812 1744 χιτωνίσκους,

210 1756 317 1809 καὶ
357 1758 610 1829 χλαμύδα
635 1763 926 1833 πορφυρᾶν
952 1764 1492 1834 ἐμπερονησάμενος,
1527 1765 1686 1818 ἀνέδυ
1713 1768 1813 1836 τῆς

209 1849 325 1919 γῆς
370 1847 497 1905 κατ⁴
536 1854 742 1907 ἐκεῖνον
772 1857 861 1908 τὸν
895 1857 1083 1920 τόπον,
1115 1859 1174 1910 ὲν
1197 1849 1242 1926 ᾧ
1271 1857 1508 1929 πρόσθεν
1553 1856 1616 1912 τὸ
1667 1859 1812 1929 ἱερὸν

210 1937 308 2012 ἦν.
351 1939 582 2012 Πρῶτον
615 1946 715 2014 μὲν
744 1941 838 2002 οὖν
865 1947 1074 2018 θάμϐος
1103 1952 1216 2012 τοῖς
1254 1948 1422 2004 ἰδοῦσι
1454 1951 1816 2021 προσέπεσεν,

212 2034 350 2093 εἶτα
392 2041 442 2094 δ’
499 2043 780 2114 ἐγγυτέρω
843 2048 1184 2114 προσιόντες,
1223 2048 1371 2110 ὅστις
1427 2045 1516 2117 εἴη
1565 2045 1816 2118 ἠρώτων.

214 2123 423 2200 Σίμων
449 2133 508 2188 δὲ
541 2136 724 2190 καλεῖν
753 2138 843 2191 τὸν
869 2139 1110 2208 ἄρχοντα
1133 2138 1282 2208 σφῶν
1315 2138 1678 2210 προσέταττε,
1723 2139 1820 2192 καὶ

1908 582 1976 622 eo
2024 569 2077 623 in
2125 569 2247 624 loc‘o
2292 583 2324 624 e
2373 577 2519 624 terra
2567 569 2816 633 emersit,
2868 568 2960 624 ubi
2989 569 3251 640 templum
3277 568 3489 623 dudum

1909 659 2112 716 luerat.
2163 660 2334 728 Quem
2386 661 2479 731 qui
2527 661 2805 725 viderunt,
2840 663 3079 733 primum
3107 670 3334 732 stupore
3364 675 3489 714 cor-

1909 752 2050 822 repti
2080 762 2228 818 sunt,
2263 753 2463 810 deinde
2503 754 2732 826 prepius
2796 763 3174 820 accesserunt,
3203 753 3370 826 306
3397 754 3486 808 in.

1910 855 2251 916 terrogantes
2276 847 2400 918 quis
2443 849 2633 903 esset?
2672 849 2858 904 Simon
2907 861 3030 902 cum
3065 847 3263 902 ducem
3303 845 3486 900 vocari

1906 936 2181 1008 iussisset,
2214 939 2508 994 Terentius
2538 940 2713 994 Rufus
2749 939 2918 1002 (hunc
2943 939 3091 996 enim
3143 936 3298 994 Titus
3327 951 3485 991 exer-

1911 1029 2043 1084 citui
2078 1030 2418 1102 praefecerat)
2451 1034 2773 1098 accersitus,
2806 1032 3111 1094 Simonem,
3148 1029 3339 1086 audito
3368 1028 3489 1099 ejus

1913 1137 2188 1185 sermone,
2214 1123 2269 1176 in
2295 1123 2512 1178 vincula
2538 1125 2870 1194 conjectum.
2894 1123 3173 1192 Titijussu
3201 1120 3267 1175 ad
3295 1119 3488 1174 trium-

1911 1213 2083 1284 phum
2119 1217 2460 1269 asservavit:
2505 1215 2559 1270 in
2602 1231 2734 1286 quo,
2765 1217 2964 1287 laqueo
2995 1226 3220 1271 enectus
3259 1221 3364 1277 est,
3393 1225 3491 1280 per

1913 1307 1968 1364 id
2009 1307 2184 1362 forum
2214 1315 2444 1371 tractus,
2469 1307 2562 1363 ubi
2587 1309 2654 1364 de
2682 1293 2943 1365 maleﬁcis
2970 1307 3300 1379 supplicium
3323 1304 3494 1360 sumi-

1914 1407 2024 1456 tur.
2064 1401 2162 1455 l-lic
2196 1400 2297 1454 fuit
2331 1401 2510 1455 exitus
2537 1399 2781 1456 Simonis
2824 1400 3024 1456 Gioraa.
3071 1400 3309 1456 Joannes
3333 1410 3489 1451 vero.

1915 1493 2088 1549 altera
2113 1492 2426 1548 Judarorum
2451 1491 2614 1556 furia,
2645 1493 2710 1547 ad
2743 1502 3070 1564 perpetuum
3101 1504 3380 1546 carcerem
3407 1497 3494 1540 est

1915 1587 2229 1643 damnatus.
2289 1585 2642 1656 Captivorum
2676 1585 2973 1640 multitudo
3003 1583 3199 1654 partim
3237 1580 3304 1635 ad
3331 1577 3493 1648 ,λεεξό

1915 1679 2035 1752 ptia
2058 1679 2274 1736 metalla
2301 1677 2465 1734 missa
2490 1686 2595 1744 est,
2618 1677 2815 1748 partim
2841 1676 2894 1731 in
2920 1672 3248 1744 spectaculis
3269 1669 3489 1724 urbium

1919 1770 2230 1831 interfecta.
2287 1786 2382 1826 seu
2429 1785 2554 1826 cum
2600 1768 2755 1832 feris,
2810 1783 2907 1824 seu
2965 1767 3109 1822 inter
3147 1778 3268 1820 sese
3323 1759 3492 1815 dimi-

1899 1864 2113 1930 ,cando.
2164 1863 2404 1919 Simonis
2431 1879 2497 1918 ex
2529 1873 2670 1918 terra
2721 1861 2958 1917 emersio
3005 1860 3059 1914 iu
3095 1871 3255 1913 causa
3285 1853 3410 1920 fuit,
3437 1861 3496 1903 ut

1917 1966 2243 2011 cmterorum
2304 1957 2472 2010 etiam
2528 1954 2920 2009 seditiosorum
2977 1964 3171 2022 magna
3220 1946 3380 2002 turba
3437 1943 3494 1996 in

1916 2046 2190 2102 meatibus
2235 2047 2620 2102 inveniretur:
2682 2045 2828 2100 unde
2873 2043 3040 2099 etiam
3072 2037 3266 2110 templi
3301 2034 3500 2092 funda-

1918 2147 2102 2193 menta
2135 2148 2263 2193 sunt
2293 2137 2548 2194 sull‘ossa.

211 2217 329 2294 ἧκε
394 2228 617 2300 κληθεὶς
681 2227 966 2306 Τερέντιος
1037 2233 1307 2304 Ῥοῦφος,
1365 2233 1424 2297 ὃς
1475 2233 1660 2304 ἄρχων
1715 2235 1813 2305 τῆς
1889 2235 2152 2306 στρατιᾶς
2207 2235 2636 2288 κατελέλειπτο*
2713 2226 2757 2301 ᾧ
2815 2231 3088 2303 γνωρίσας
3146 2228 3294 2290 ὅστις
3343 2219 3410 2296 ἦν
3469 2224 3498 2273 ὁ

214 2325 443 2393 Σίμων,
475 2330 804 2400 συνελήφθη,
839 2331 932 2385 καὶ
961 2332 1134 2396 δεθεὶς
1160 2332 1512 2401 ἐφυλάττετο.
1539 2331 1630 2402 Τῷ
1694 2333 1748 2386 δέ
1799 2348 1862 2402 γε
1897 2333 2046 2403 Τίτῳ
2090 2335 2124 2402 ὴ
2165 2331 2427 2402 σύλληψις
2456 2329 2619 2386 αὐτοῦ
2656 2327 2924 2398 ἐδηλώθη.
2961 2326 3056 2382 καὶ
3089 2326 3116 2378 ό
3157 2322 3255 2394 μὲν
3293 2320 3374 2385 είς
3406 2318 3498 2371 τδην

218 2419 509 2492 θρίαμϐον
553 2425 820 2496 ἐτηρεῖτο,
885 2426 1009 2481 καθ’
1062 2427 1122 2480 ὃν
1180 2427 1274 2480 καὶ
1325 2427 1572 2498 ἀνῃρέθη
1599 2427 1826 2498 ἀγχόνῃ,
1873 2427 2058 2499 συρεὶς
2115 2428 2171 2479 ὲν
2203 2429 2268 2498 τῇ
2328 2425 2464 2482 κατὰ
2492 2425 2588 2497 τὴν
2631 2425 2852 2495 Ῥώμην
2879 2421 3074 2492 ἀγορᾷ,
3100 2419 3232 2472 ὅπου
3263 2413 3500 2468 κτείνειν

231 2515 548 2587 Ῥωμαίοις
579 2519 816 2574 εἴθισται
851 2521 980 2582 τοὺς
1006 2521 1097 2573 ἐπὶ
1133 2520 1445 2590 κακουργίᾳ
1509 2519 1974 2589 θανατουμένους.
2041 2521 2214 2574 Τοῦτο
2286 2521 2384 2590 μὲν
2441 2515 2536 2575 οὖν
2589 2518 2784 2588 γέγονε
2842 2514 2995 2576 τέλος
3046 2511 3125 2584 τῷ
3186 2509 3278 2564 τοῦ
3315 2506 3497 2578 Γιώρᾌ

221 2612 469 2680 Σίμωνι.
494 2612 752 2684 Ἰωάννης
779 2615 860 2676 δὲ,
893 2617 924 2684 ἡ
951 2613 1116 2685 λοιπὴ
1147 2614 1256 2669 τῶν
1285 2613 1556 2668 Ἰουδαίων
1585 2613 1821 2684 ὲριννὺς,
1860 2612 2034 2681 δεσμὰ
2108 2613 2409 2684 κατεκρίθη
2477 2613 2724 2682 διηνεκῆ.
2783 2609 2857 2663 Τὸ
2903 2609 2960 2662 δὲ
2993 2608 3100 2660 τῶν
3133 2603 3466 2674 αἰ-χμαλὼτω

223 2705 447 2773 πλῆθος
489 2708 550 2759 τὸ
582 2708 682 2777 μὲν
720 2709 801 2771 εἰς
868 2709 936 2761 τὰ
974 2708 1094 2761 κατ’
1161 2709 1437 2774 Αἴγυπτον
1481 2705 1619 2778 ἔργα
1669 2705 1896 2775 ἐστάλη,
1934 2705 1996 2758 τὸ
2053 2706 2108 2760 δὲ
2158 2708 2215 2760 ὲν
2265 2707 2386 2769 ταῖς
2437 2705 2579 2758 κατὰ
2605 2704 2786 2767 πόλεις
2833 2701 3185 2771 τελουμέναις
3242 2695 3499 2768 θεωρίαις

221 2801 546 2872 ἐφθείρετο,
606 2803 640 2871 ἢ
680 2801 1072 2872 θηριομαχίαις
1105 2801 1472 2869 ὲκδιδόμενον,
1549 2801 1586 2868 ἦ
1645 2799 2229 2871 ἀλληλοκτονούμενον.
2309 2801 2372 2854 Ἠ
2429 2799 2484 2852 δὲ
2540 2796 2636 2852 τοῦ
2693 2799 2938 2867 Σίμωνος
2985 2793 3152 2864 γῆθεν
3220 2791 3498 2856 ἀνάδυσις.

223 2892 371 2946 πολὺ
394 2894 491 2946 καὶ
514 2892 622 2946 τῶν
651 2893 825 2947 ἄλλων
853 2893 1194 2948 στασιαστῶν
1221 2892 1428 2963 πλῆθος
1457 2891 1812 2963 εὑρίσκεσθαι
1852 2891 1996 2966 κατᾲ
2060 2893 2186 2955 τοὺς
2217 2891 2525 2961 ὑπονόμους
2572 2889 2853 2960 ἐποίησεν,
2887 2887 2960 2951 ὡς
2995 2885 3268 2950 ἐντεῦθεν,
3308 2884 3402 2938 καὶ
3431 2885 3499 2936 τὲι

223 2985 324 3040 τοῦ
363 2987 497 3039 ναοῦ
528 2987 898 3058 ἀνορυχθῆναι
930 2985 1178 3058 θεμέλια.

301 3083 440 3136 KZ'.
479 3082 553 3135 οὺ
589 3081 750 3149 μόνον
771 3081 828 3136 δὲ
857 3084 971 3146 τοῖς
1012 3084 1071 3134 ὲν
1113 3081 1510 3154 Ἰεροσολύμοις
1539 3079 1818 3143 Ἰουδαίοις

1999 3077 2214 3134 XXVII.
2282 3079 2472 3150 Neque
2520 3093 2652 3135 vero
2700 3073 3183 3148 Hierosolymitani
3236 3073 3502 3128 duntaxat

227 3177 516 3244 ἑπήνεκτο
543 3174 807 3237 κίνδυνος,
862 3174 999 3230 ἀλλὰ
1051 3177 1146 3228 καὶ
1195 3178 1312 3237 τοίς
1366 3175 1424 3226 ὲν
1477 3175 1599 3236 ταῖς
1626 3172 1815 3235 ἄλλαις

1923 3170 2098 3228 Ιιιόαιί
2147 3171 2470 3227 discrimina
2503 3171 2818 3234 subierunt.
2857 3169 2955 3226 sed
3001 3168 3233 3224 aliarum
3280 3181 3500 3237 quoque

230 3264 453 3317 πόλεσι.
507 3263 694 3318 Πάντα
744 3264 801 3317 δὲ
852 3265 1223 3334 διηγήσασθαι
1271 3264 1577 3335 δύσεργον·
1637 3265 1708 3318 τὰ
1763 3264 1819 3318 δὲ

232 3357 324 3410 ἐπ’
400 3357 741 3426 Ἀντιοχείας
783 3360 899 3420 τοῖς
960 3356 1178 3426 ἐκείνην
1243 3357 1486 3410 οίκοῦσιν
1545 3357 1821 3421 Ἰουδαίοις

235 3449 656 3519 συμϐεϐηκότα,
691 3449 1004 3518 διηγητέον.
1041 3450 1184 3504 Πολὺ
1219 3449 1320 3520 μὲν
1354 3451 1462 3520 γὰρ
1495 3449 1600 3503 ἀνὰ
1640 3451 1822 3503 πᾶσαν

236 3540 340 3609 τὴν
388 3541 724 3612 οἰκουμένην
761 3541 825 3594 τὸ
879 3541 1154 3596 Ἰουδαίων
1207 3541 1361 3602 ἔθνος
1418 3542 1821 3612 κατέσπαρται,

235 3631 511 3692 πολλάκις
564 3631 1024 3702 αίχμαλωτισθὲν,
1076 3633 1152 3696 ὡς
1210 3633 1310 3704 ήδη
1365 3633 1667 3703 ἱστόρηται,
1727 3633 1822 3686 καὶ

240 3719 547 3772 σκεδασθὲν
587 3721 866 3791 πανταχοῦ
902 3740 914 3754 ·
967 3723 1221 3776 πλεῖστον
1265 3723 1320 3776 δὲ
1357 3727 1424 3794 τῇ
1458 3723 1628 3792 Συρίᾳ
1654 3723 1821 3792 ἐγκα-

236 3809 589 3878 ταμέμικται
638 3811 783 3864 κατὰ
824 3813 924 3882 τὴν
978 3814 1304 3881 γειτνίασιν,
1357 3813 1556 3884 μᾶλλον
1607 3814 1662 3868 δὲ
1712 3813 1822 3868 τῶν

238 3900 423 3954 ἄλλων
448 3902 650 3973 ταύτης
675 3903 884 3956 πόλεων
903 3905 1206 3973 Ἀντιόχεια
1225 3907 1509 3969 κατοίκους
1534 3906 1824 3971 Ἰουδαίους

241 3991 536 4067 ὶκέκτητο,
566 3994 654 4047 διά
682 4010 740 4046 τε
795 3995 854 4046 τὸ
895 3992 997 4064 τῆς
1047 3995 1257 4058 πόλεως
1306 3995 1558 4065 μέγεθος,
1600 3998 1698 4051 καὶ
1737 3997 1824 4050 ὃτι

243 4085 381 4138 ἀδεᾶ
411 4085 511 4156 τὴν
558 4086 881 4156 κατοίκησιν
932 4089 992 4140 ὲν
1051 4089 1191 4159 αὐτῇ
1246 4090 1526 4160 παρέσχον
1558 4090 1740 4155 αὐτοῖς
1770 4093 1821 4145 ei

247 4178 367 4244 μετ’
420 4178 697 4247 Ἀντίοχον
761 4178 1021 4248 βασιλεῖς.
1089 4181 1146 4232 '0
1205 4180 1305 4249 μὲν
1367 4180 1477 4252 γὰρ
1517 4181 1824 4252 Ἐπιφανὴς

259 4269 537 4339 Ἀντίοχος
585 4271 654 4324 τά
695 4288 756 4323 τε
797 4271 1151 4341 Ἰεροσόλυμα
1177 4272 1536 4344 ἐξεπόρθησε,
1589 4275 1684 4328 καὶ
1731 4275 1824 4328 τὸν

247 4363 376 4417 ναδν
408 4364 694 4433 ἐσύλησεν.
724 4365 788 4417 Οἱ
815 4365 872 4418 δὲ
898 4365 1018 4436 μετ’
1041 4367 1206 4420 αὑτὸν
1234 4365 1476 4435 βασιλεῖς
1500 4367 1680 4432 ὲξίσου
1709 4370 1822 4434 τοῖς

251 4454 480 4522 Ἕλλησι
516 4456 767 4526 μετέχειν
811 4455 911 4525 τῆς
950 4456 1160 4520 πόλεως
1188 4457 1373 4521 αὐτοῖς
1415 4458 1822 4530 συνεχώρησαν.

1927 3263 2148 3318 urbium
2179 3263 2408 3319 inculte:
2448 3279 2572 3332 qua:
2603 3262 2823 3319 dillirile
2862 3261 3029 3317 fuerit
3063 3273 3350 3316 recensere
3379 3274 3501 3312 οιιι-

1924 3357 2037 3418 nia,
2090 3372 2262 3431 unum
2311 3365 2494 3412 tamen
2535 3355 2922 3426 exponendum
2959 3361 3045 3410 est
3069 3351 3345 3423 quomodo
3373 3368 3498 3406 cum

1924 3447 2285 3504 Antiochensis
2310 3448 2518 3504 Iudaeis
2549 3458 2730 3502 actum
2762 3447 2948 3502 fuerit.
2979 3445 3114 3500 Nam
3143 3445 3374 3504 multum
3400 3442 3504 3499 Ju-

1923 3537 2094 3593 (ἰεῖσαι
2127 3539 2306 3608 gentis
2337 3554 2436 3608 per
2480 3546 2656 3594 totum
2702 3537 2893 3593 orbem
2937 3544 3210 3591 terrarum
3243 3541 3328 3589 est
3383 3531 3504 3586 dis-

1923 3644 2192 3700 persum:
2231 3644 2377 3699 sarpe
2427 3639 2584 3700 capta
2620 3639 2728 3694 est,
2778 3639 2832 3684 et
2878 3628 3082 3698 ubique
3122 3625 3409 3695 dissipata.
3443 3634 3501 3676 ut

1919 3722 2032 3792 iam
2058 3722 2416 3792 exposuimus
2443 3739 2458 3776 :
2501 3723 2735 3777 maxima
2771 3730 2953 3777 tamen
2984 3737 3111 3792 pars
3141 3719 3312 3791 Syriae
3372 3734 3497 3788 pro~

1925 3825 2049 3886 pter
2075 3816 2413 3872 vicinitatem
2443 3825 2529 3871 est
2553 3815 2825 3872 iinmista:
2866 3824 2921 3870 et
2945 3813 3238 3870 Antiochia
3267 3828 3394 3868 cum
3432 3814 3502 3864 ob

1926 3908 2078 3963 urbis
2102 3908 2547 3978 amplitudinem,
2577 3916 2690 3962 tum
2725 3917 2951 3978 propter
2973 3907 3206 3962 liberam
3239 3905 3313 3960 ibi
3343 3905 3466 3959 habi

1928 4002 2077 4055 tandi
2110 4001 2444 4059 facultatem.
2478 4001 2546 4055 ab
2576 4000 2829 4056 Antiochi
2859 3997 3273 4055 successoribus
3327 3996 3467 4064 impe
3488 4026 3501 4034 -

1929 4099 2146 4155 tratam.
2188 4093 2372 4161 plures
2395 4091 2616 4147 Judaeos
2646 4089 2946 4160 inquilinos
2971 4087 3182 4148 habuit.
3205 4085 3502 4154 quantalizu

1926 4185 2198 4240 civitates.
2252 4185 2388 4239 Nam
2423 4183 2728 4238 Antiochus
2760 4181 3076 4251 Epiphanes
3128 4178 3500 4247 Hierosolyma

1927 4277 2182 4341 vastavit,
2233 4287 2289 4331 et
2344 4278 2605 4346 templum
2655 4275 2927 4345 spoliavit.
2960 4273 3061 4339 Qui
3098 4283 3279 4326 autem
3325 4271 3498 4324 seculi

1927 4380 2054 4424 sunt
2079 4384 2253 4440 reges,
2279 4371 2360 4423 eis
2388 4375 2802 4431 concesserunt,
2834 4374 2892 4421 ut
2918 4381 2983 4420 ex
3015 4380 3173 4435 azquo
3197 4379 3321 4418 cum
3352 4361 3502 4417 Gne-

1928 4463 2009 4516 cis
2036 4462 2331 4531 participes
2361 4462 2511 4516 urbis
2536 4469 2744 4516 essent.
2777 4459 2964 4529 Itaque
2996 4458 3050 4512 in
3082 4471 3329 4526 magnam
3365 4454 3505 4506 mul-

251 4547 342 4601 Διδ
375 4550 472 4602 καλ⁵
503 4550 584 4612 είς
611 4549 819 4618 πλῆθος
851 4549 1156 4612 ἐπέδωκαν.
1192 4551 1328 4606 πολὺ
1375 4552 1581 4622 πλῆθος
1633 4553 1820 4624 Ἐλλήο

1932 4555 2224 4609 titudinem
2255 4561 2640 4618 excreverunt,
2691 4553 2880 4607 multis
2922 4549 3158 4606 subinde
3202 4545 3404 4603 Graecis
3435 4547 3500 4600 ad

255 4658 358 4693 νων
387 4643 791 4712 προσαγόμενοι
822 4644 890 4712 τῇ
923 4641 1217 4715 θρησκεία.
1266 4637 1408 4697 Καθ’
1445 4643 1506 4696 ὃν
1539 4644 1595 4698 δὲ
1629 4647 1826 4717 καιρὸν

254 4738 282 4788 δ
318 4737 426 4791 τῶν
475 4736 867 4808 Ἰεροσολύμων
903 4735 1139 4805 πόλεμος
1165 4735 1462 4807 ἐξερράγη.
1497 4737 1590 4790 καὶ
1616 4737 1696 4802 είς
1725 4739 1826 4810 τὴν

257 4830 452 4902 Συρίαν
507 4830 880 4884 κατέπλευσεν
940 4830 1372 4894 Οὐεσπασιανὸς,
1431 4830 1493 4882 τὸ
1558 4831 1614 4884 δὲ
1669 4833 1828 4902 μῖσος

258 4922 394 4976 κατὰ
423 4921 519 4975 τοῦ
549 4921 742 4987 ἔθνους
772 4919 924 4992 παρὰ
963 4923 1131 4975 πᾶσιν
1173 4921 1412 4992 ἤκμαζε,
1457 4922 1580 4976 τότε
1623 4922 1688 4989 δή
1741 4941 1826 4988 τις

266 5012 516 5078 Ἰουδαῖος
549 5015 844 5086 ⁹Δντίοχος,
895 5015 1011 5080 υίὸς
1059 5015 1167 5069 τῶν
1216 5016 1302 5068 ἐπ’
1331 5014 1662 5086 Ἀντιοχείας
1688 5017 1827 5072 Ἰου-

255 5106 416 5161 δαίων
445 5107 540 5162 τοῦ
574 5108 818 5180 πρώτου,
879 5111 959 5172 εἰς
1009 5107 1102 5160 τὸν
1148 5107 1320 5178 δῆμον
1371 5108 1479 5161 τῶν
1509 5109 1827 5179 Ἀντιοχέων

257 5199 564 5269 παρελθὼν,
605 5200 907 5270 κατηγόρει
955 5198 1056 5268 μὲν
1103 5199 1198 5253 τοῦ
1243 5199 1470 5269 πατρὸς,
1528 5201 1829 5270 κατηγόρει

258 5291 311 5344 δὲ
339 5295 433 5344 καὶ
479 5291 590 5344 τῶν
628 5289 836 5344 λοιπῶν
881 5289 1178 5354 Ἰουδαίων,
1213 5289 1299 5344 ὃτι
1335 5292 1696 5361 καταπρῆσαι
1725 5293 1825 5362 τὴν

262 5383 414 5435 πόλιν
442 5382 668 5437 ἅπασαν
711 5382 1130 5444 ἐϐουλεύσαντο,
1163 5380 1258 5435 καὶ
1301 5381 1592 5452 παρεδίδου
1646 5382 1831 5446 ξένους

272 5473 558 5538 Ἰουδαίους
583 5475 737 5536 τινὰς
765 5474 840 5537 ὼς
875 5473 971 5528 τοῦ
1011 5473 1380 5543 βουλεύματος
1413 5474 1725 5538 κοινωνούς.
1755 5475 1830 5527 To

262 5563 314 5618 δὲ
338 5565 444 5620 τῶν
472 5567 793 5637 Ἀντιοχέων
816 5565 1111 5637 δημοτικὸν
1133 5567 1260 5628 τοὺς
1293 5565 1392 5635 μὲν
1421 5566 1832 5637 παραδοθέντας

266 5657 450 5712 αὐτίκα
492 5659 862 5724 κατέκαυσαν,
913 5659 1054 5713 κατὰ
1093 5659 1150 5713 δὲ
1203 5658 1313 5712 τῶν
1347 5658 1648 5728 αὐθιγενῶν
1695 5659 1832 5713 Ἰου-

268 5748 419 5803 δαίων
452 5751 710 5823 ὥρμηντο
734 5751 1016 5814 κάκείνους
1037 5752 1502 5823 τιμωρησόμενοι.
1546 5751 1604 5806 Ὀ
1631 5752 1688 5805 δὲ
1717 5749 1830 5805 τῶν

272 5840 548 5902 ὀμουὺλων
611 5845 914 5909 κατήνορος
989 5841 1296 5910 Ἀντίοχος,
1371 5843 1678 5931 ἀποστῆναι
1731 5844 1832 5909 τῆς

1915 4660 2086 4708 suam
2119 4646 2434 4716 religionem
2470 4643 2770 4716 perductis.
2800 4642 3071 4700 Czeterum
3119 4655 3228 4709 quo
3259 4649 3506 4708 tempore

1929 4739 2135 4792 bellum
2187 4739 2744 4810 Hierosolymitanum
2796 4735 3002 4804 erupit,
3033 4744 3089 4788 et
3143 4730 3506 4800 Vespasianus

1931 4831 1985 4885 iu
2017 4831 2171 4901 Syria
2205 4832 2437 4900 appulit,
2476 4829 2736 4885 omnibus
2762 4827 3075 4883 Iudaeorum
3108 4825 3237 4880 o.lio
3277 4824 3509 4892 ﬂagrat;-

1931 4924 2078 4977 tibus
2105 4942 2117 4976 :
2163 4933 2295 4979 tunc
2325 4923 2550 4978 .ludaeus
2582 4921 2806 4991 quidam
2832 4920 3158 4979 Antiochus.
3189 4919 3506 4975 Iudaeorum

1931 5015 2441 5070 Anthiochenorum
2471 5012 2733 5085 principis
2770 5013 2935 5072 ﬁlius.
2972 5013 3024 5066 in
3052 5011 3374 5068 concionem
3399 5013 3509 5064 An-

1931 5108 2312 5162 tiucheuurum
2345 5121 2687 5179 progressus,
2727 5114 2786 5160 et
2821 5115 3035 5177 patrem
3065 5115 3123 5160 et
3153 5113 3380 5160 ueteres
3404 5104 3507 5156 Ju-

1932 5200 2080 5255 daeos
2108 5201 2408 5260 accusavit.
2443 5217 2539 5256 eos
2579 5201 2638 5256 le
2671 5200 3012 5257 incendenda
3058 5208 3170 5254 tota
3200 5198 3335 5254 urbe
3361 5193 3502 5250 deli.

1931 5295 2197 5349 berasse:
2235 5303 2292 5348 et
2334 5293 2657 5363 peregrinos
2681 5293 2947 5356 quosdam
2990 5293 3230 5352 Iudaeos.
3277 5298 3338 5344 ut
3385 5288 3510 5358 ejus

1935 5385 2151 5442 consilii
2183 5384 2458 5449 conscios,
2496 5385 2742 5441 tradidit.
2776 5385 2940 5441 Plebs
2965 5383 3302 5439 Antiochena
3333 5377 3471 5434 tradi
3493 5406 3508 5417 ο

1935 5484 2020 5529 tos
2043 5473 2260 5529 Judasm
2285 5473 2444 5544 307
2479 5475 2665 5528 statim
2695 5475 2924 5538 exussit,
2952 5473 3016 5527 ad
3052 5471 3334 5542 indigenas
3361 5482 3506 5537 quo-
3533 5467 3536 5470 ’

1935 5582 2041 5636 que
2090 5566 2309 5621 Iudaeos
2357 5567 2664 5636 puniendos
2706 5566 3001 5622 concitata.
3052 5563 3157 5618 Sed
3202 5559 3506 5617 Antiochus

1933 5659 2276 5728 popularium
2312 5674 2538 5714 suorum
2590 5668 2899 5720 accusator,
2933 5671 2991 5711 se
3017 5655 3247 5725 patriam
3281 5653 3514 5724 religio-

1933 5766 2058 5805 nem
2099 5750 2384 5818 reliquisse
2421 5750 2716 5820 professus.
2751 5764 2901 5804 more
2926 5748 3115 5803 Graeco
3156 5746 3460 5802 immolavit
3486 5758 3510 5798 ξ

1933 5852 1988 5896 ot
2026 5842 2288 5909 populum
2332 5843 2585 5898 hortatus
2632 5851 2736 5905 est,
2780 5848 2842 5896 ut
2889 5847 3120 5897 caeteros
3159 5839 3324 5900 etiam
3362 5840 3509 5897 idem
