3740 6558
467 375 574 438 535

1764 384 2086 444 JUANNIS
2127 384 2448 443 Z‘JNARIE

3575 391 3658 456 53G

467 495 646 548 facere
677 505 917 579 cogeret.
967 497 1104 552 Nam
1140 498 1212 553 ita
1243 499 1592 555 insidiatores
1634 499 2018 569 deprehensuu

2146 501 2378 568 πατρίου
2407 499 2584 567 λέγων
2635 500 2955 572 θρησκείας,
3017 498 3205 553 ἔθυσεν
3263 499 3339 564 ὡς
3389 500 3536 573 νόμοι
3573 513 3658 575 τοῖς

467 587 559 647 iri,
605 588 648 641 si
699 589 1024 660 religionem
1059 607 1211 646 suam
1257 593 1468 663 ejerare
1515 592 1741 646 nollent.
1791 593 1924 664 Ejus
1956 594 2036 647 rei

465 695 590 735 cum
620 683 944 738 Antiocheni
993 686 1295 754 periculum
1342 686 1620 752 fecissent,
1668 687 1825 755 pauci
1856 702 2037 741 cesse-

468 786 636 831 runt:
679 779 773 846 qui
808 777 1056 833 Graecum
1103 781 1269 832 ritum
1319 779 1699 848 repudiarunt,
1759 780 2034 835 interfecti

465 880 613 922 sent.
663 869 811 925 Idem
845 871 1148 926 Antiochus
1198 871 1466 926 militibus
1499 872 1664 926 etiam
1706 889 1735 926 a
1785 873 2034 928 Romano

465 963 698 1028 praeside
731 963 993 1032 acceptis,
1023 979 1224 1018 sevum
1272 979 1330 1018 se
1366 965 1723 1034 popularibus
1749 965 1865 1020 suis
1895 981 2035 1036 prae-

464 1051 603 1116 buit,
658 1053 830 1107 otium
876 1052 985 1107 diei
1040 1055 1258 1123 septimi
1303 1070 1398 1110 eos
1433 1071 1595 1124 agere
1651 1072 1758 1110 non
1815 1072 2032 1126 passus,

460 1156 636 1210 eoque
672 1142 1016 1197 necessitatis
1043 1143 1276 1213 redegit,
1309 1154 1368 1198 ut
1399 1144 1618 1199 Sabhati
1653 1145 1889 1215 ignavia,
1923 1160 2032 1198 non

458 1233 765 1290 Antiochia:
813 1234 1100 1301 duntaxat,
1149 1237 1244 1292 sed
1283 1239 1337 1292 in
1368 1238 1492 1294 aliis
1544 1255 1763 1310 quoque
1802 1241 2034 1294 urbibus

460 1325 526 1379 ad
562 1335 778 1396 tempus
814 1327 1194 1400 abrogaretur.
1223 1331 1411 1402 Neque
1438 1349 1568 1388 vero
1600 1333 1716 1388 haec
1743 1333 2028 1388 duntaxat.

457 1419 822 1476 Antiochenls
850 1420 1054 1478 Judaeis
1089 1424 1435 1489 acciderunt,
1461 1425 1554 1480 sed
1586 1434 1642 1480 et
1675 1427 1778 1480 alia
1807 1425 2032 1481 calami-

461 1524 542 1568 tas
586 1512 835 1568 accessit.
867 1514 1084 1570 Accidit
1137 1525 1196 1570 ut
1241 1517 1568 1588 quadratum
1626 1517 1780 1572 urbis
1827 1517 2028 1581 forum,

458 1603 829 1674 prmtoriaque
859 1615 916 1662 et
945 1605 1149 1660 tablina
1183 1615 1583 1671 cremarentur,
1610 1609 1766 1679 cujus
1787 1608 2030 1664 incendii

458 1695 601 1750 idem
637 1696 946 1752 Antiochus
991 1697 1213 1754 Iudaeos
1255 1699 1687 1766 criminabatur;
1728 1709 1784 1753 et
1833 1700 2030 1754 Antio-

457 1785 663 1842 chenos
679 1788 792 1858 jam
823 1796 950 1843 ante
985 1790 1124 1844 male
1157 1795 1520 1858 suspicantes,
1554 1801 1747 1846 contra
1771 1807 1867 1848 eos
1898 1807 2031 1847 con-

456 1876 666 1942 citavit,
696 1886 756 1932 ut
785 1877 1120 1932 furiosorum
1154 1879 1327 1934 instar
1355 1895 1546 1936 omnes
1575 1889 1763 1936 contra
1797 1897 2025 1937 accusa-

458 1981 542 2023 tos
583 1953 828 2032 ruerent,
869 1980 925 2025 et
964 1987 1107 2042 :egre
1141 1989 1170 2026 a
1211 1972 1538 2041 quibusdam
1575 1974 2026 2044 reprimerentur,

455 2061 819 2118 suadentibus
880 2071 938 2116 ut
981 2078 1201 2118 causam
1250 2080 1370 2118 eam
1433 2065 1557 2121 Tito
1614 2067 2028 2138 disceptandam

457 2163 820 2210 reservarem.
873 2155 1085 2210 interea
1139 2157 1362 2226 quidem
1417 2173 1474 2212 re
1526 2158 1817 2230 diligenter
1846 2162 2027 2230 inqui-

451 2245 578 2309 sita,
623 2253 841 2315 gentem
897 2244 1181 2301 Judaicam
1237 2248 1513 2305 insontem
1563 2263 1929 2320 repererunt:
1973 2260 2029 2307 et

452 2338 572 2408 ejus
602 2337 864 2394 facinoris
915 2349 1174 2395 auctores
1203 2356 1325 2397 esse
1361 2343 1617 2398 homines
1645 2343 1926 2413 improbos
1955 2344 2028 2399 ob

450 2433 574 2488 teris
601 2430 763 2487 alieni
793 2431 1200 2494 necessitatem.
1240 2443 1407 2499 ratos,
1441 2435 1486 2489 si
1517 2435 1699 2490 curias
1720 2446 1776 2490 et
1807 2435 2028 2505 publica

451 2525 659 2580 tablina
689 2525 1087 2589 incendissent,
1121 2527 1236 2582 fore
1268 2529 1541 2582 neminem
1575 2544 1605 2582 a
1641 2544 1752 2598 quo
1784 2530 2028 2600 appella-

453 2627 668 2672 rentur.
722 2616 931 2673 Interea
960 2618 1142 2673 Titum
1178 2619 1522 2674 Antiochiam
1563 2619 2024 2689 proficiscentem,

452 2711 690 2780 populus
725 2710 1106 2766 Antiochenus
1141 2712 1356 2766 obviam
1406 2727 1683 2782 egressus,
1725 2712 1864 2768 laetis
1888 2715 2028 2768 omi-

452 2803 614 2856 nibus
643 2801 867 2872 excipit,
899 2802 1076 2857 mistis
1109 2803 1370 2872 precibus
1399 2804 1465 2858 de
1509 2803 1714 2859 Judaei;
1745 2804 1879 2859 urbe
1913 2804 2026 2874 pcl-

451 2895 651 2950 Iendis.
701 2894 752 2950 Is
797 2910 927 2949 vero
957 2904 1070 2949 tum
1113 2911 1176 2949 ea
1225 2895 1392 2950 verba
1425 2895 1638 2966 placide
1672 2895 2026 2952 dissimulans

451 2989 780 3055 praeteribat.
812 2989 1019 3044 Deinde
1045 3005 1238 3045 rursus
1259 2991 1622 3046 Antiochenis
1649 2991 1791 3045 idem
1821 2991 2026 3046 acriter

449 3081 858 3153 flagitantibus:
901 3084 988 3146 At,
1028 3083 1226 3153 Inquit,
1260 3085 1439 3153 patria
1472 3100 1674 3148 eorum,
1721 3101 1822 3155 quo
1852 3101 2024 3139 rever-

449 3176 661 3231 tendum
691 3175 799 3231 illis
828 3185 981 3243 esset,
1032 3193 1209 3231 eversa
1263 3185 1359 3241 est,
1403 3192 1568 3248 neque
1600 3179 1739 3232 ullus
1779 3179 1921 3232 locus
1947 3188 2024 3234 est

448 3285 548 3340 quo
604 3269 948 3340 recipiantur.
1008 3269 1121 3324 Hac
1171 3269 1541 3338 postulatione
1602 3269 1896 3336 frustrati,
1950 3271 2020 3326 ad

447 3359 605 3412 aliaat
637 3369 1059 3423 convertuntur,
1097 3369 1346 3430 petentes
1377 3368 1437 3414 ut
1468 3375 1625 3414 aerea:
1653 3360 1872 3426 tabulae,
1899 3362 2023 3431 qui-

449 3454 552 3506 bus
577 3453 704 3520 jura
737 3453 966 3508 Judaiea
1001 3452 1265 3522 inacripta
1296 3463 1477 3517 erant,
1528 3452 1877 3508 tollerentur.
1911 3453 2019 3508 Sed

449 3561 515 3600 ne
550 3545 602 3598 id
637 3545 863 3615 quidem
891 3546 1048 3601 Titus
1078 3546 1372 3612 concessit,
1407 3546 1624 3602 Judzeos
1649 3545 2020 3602 Antiochenos

446 3634 630 3689 omnia
664 3650 786 3705 qua
819 3634 974 3704 prius
1023 3634 1352 3700 habuerant,
1409 3644 1596 3690 tenere
1636 3650 1848 3705 passus.
1889 3633 2021 3688 Inde

447 3727 832 3783 Alexandriam
857 3727 1227 3798 profecturus,
1251 3742 1376 3784 cum
1397 3727 1773 3798 Hierosolyma
1797 3735 2022 3798 praeter-

448 3821 578 3883 iret,
618 3819 910 3875 miseratus
965 3828 1050 3874 est
1077 3819 1231 3875 urbis
1274 3818 1577 3885 excidium,
1609 3828 1665 3872 et
1694 3817 2025 3873 defectionis

446 3922 702 3969 auctores
734 3913 900 3984 308
923 3912 1246 3979 detestatus,
1284 3921 1344 3966 ut
1369 3911 1566 3967 excidii
1615 3927 1834 3982 quoque
1874 3911 2028 3966 urbis

447 4005 688 4075 antiquae
732 4016 790 4061 et
825 4004 1005 4060 felicis
1043 4014 1320 4068 auctores,
1371 4005 1426 4060 in
1459 4005 1618 4076 cujus
1652 4005 1830 4059 ruinis
1857 4004 2022 4059 etiam

446 4105 634 4166 partes
660 4096 899 4165 ingentis
925 4096 1223 4166 opulentia:
1255 4095 1680 4166 reperiebantur
1708 4115 1721 4150 :
1763 4095 2025 4151 Romanis

448 4189 621 4242 multa
666 4187 1085 4255 eﬂ‘odientibus,
1121 4189 1357 4258 captivis
1387 4189 1546 4259 plura
1595 4187 2026 4244 demonstranti-

2143 591 2391 662 Ἕλλησι,
2425 590 2656 662 παρῄνει
2701 592 2759 646 δὲ
2789 593 2882 646 καὶ
2921 593 3047 656 τοὺς
3084 593 3278 656 ἄλλους
3311 599 3474 650 ποιεῖν
3496 601 3660 668 ὁμοίως

2141 682 2426 752 βιάζεσθαι
2459 699 2474 714 ·
2513 683 2732 737 ἔσεσθαι
2771 685 2880 753 γὰρ
2933 685 3200 755 φανεροὺς
3233 687 3356 749 τοὺς
3389 689 3661 746 ἐπιϐουλεὺ-

2141 793 2361 840 σαντας,
2394 775 2472 846 τῷ
2500 777 2575 846 μὴ
2598 777 2696 846 τὴν
2722 775 2989 848 σφετέραν
3012 775 3304 847 θρησκείαν
3337 780 3659 851 ἀπόμνυσθαι.

2137 867 2453 937 Χρωμένων
2503 869 2558 922 δέ
2589 872 2652 940 τῇ
2680 868 2846 940 πείρα
2873 870 2981 924 τῶν
3011 869 3353 940 Ἀντιοχέων,
3388 871 3539 941 ὀλίγοι
3584 879 3660 946 μὲν

2139 960 2430 1028 ὑπέκυψαν
2458 973 2473 990 ⁸
2499 961 2548 1012 οἰ
2586 960 2642 1012 δὲ
2679 960 2754 1032 μὴ
2788 961 3065 1030 ἑλληνίσαι
3089 962 3448 1032 ἀνασχόμενοι
3474 967 3654 1035 6:53:65:-

2142 1067 2334 1120 ρησαν.
2377 1050 2435 1103 Ὀ
2468 1051 2514 1104 δ’
2565 1052 2858 1124 εἰρημένος
2910 1053 3186 1131 ’ΠΑντίοχος
3230 1055 3323 1106 καὶ
3370 1059 3660 1127 στρατιώτας

2137 1143 2288 1212 παρὰ
2318 1141 2415 1196 τού
2477 1143 2760 1214 Ῥωμαίων
2805 1147 3074 1216 ἡγεμόνος
3120 1145 3324 1211 λαϐὼν,
3380 1151 3586 1218 χαλεπὸς
3609 1151 3660 1224 ἦν

2133 1237 2245 1296 τοῖς
2277 1234 2597 1304 ὁμοφύλοις,
2634 1237 2824 1306 ἀργεῖν
2849 1238 2947 1308 τὴν
2972 1239 3210 1309 ἑϐδόμην
3243 1239 3342 1292 οὐκ
3371 1243 3657 1312 ἐπιτρέπων·

2119 1327 2276 1382 ὀὕτω
2306 1347 2364 1382 τε
2395 1330 2494 1402 τὴν
2543 1331 2792 1402 ἀνάγκην
2843 1331 2996 1386 ἔθετο
3045 1333 3293 1404 ἰσχυρὰν,
3331 1335 3403 1398 ώς
3430 1339 3500 1406 μὴ
3531 1340 3658 1408 μόνον

2134 1421 2223 1474 ἐπ’
2252 1423 2587 1493 Ἀντιοχείας
2614 1422 2712 1495 τὴν
2737 1425 2836 1477 τοῦ
2863 1425 3146 1479 Σαϐϐἀτου
3180 1426 3376 1496 ἀργίαν
3405 1429 3657 1484 καταλελύ-

2137 1513 2282 1576 σθαι,
2312 1513 2449 1568 ἀλλὰ
2482 1516 2586 1569 κάν
2610 1518 2733 1577 ταῖς
2759 1515 2947 1581 ἄλλαις
2991 1516 3214 1570 πόλεσιν
3253 1517 3343 1570 ἐπί
3373 1537 3483 1572 τινα
3503 1524 3656 1591 χρόνον

2134 1603 2292 1657 τοῦτο
2333 1605 2728 1676 ἐπικρατῆσαι.
2760 1609 2834 1662 Οὐ
2864 1608 3039 1663 ταῦτα
3091 1611 3150 1664 δὲ
3194 1611 3329 1682 μόνα
3361 1615 3465 1677 τοῖς
3493 1617 3542 1668 ἐν
3565 1617 3658 1670 Ἀν-

2131 1696 2340 1767 τιοχείᾳ
2401 1697 2751 1768 συμϐέϐηκεν
2787 1701 3087 1766 Ἰουδαίοις,
3139 1702 3278 1756 ἀλλὰ
3323 1705 3416 1757 καὶ
3462 1706 3654 1778 δευτέρα

2134 1789 2492 1858 προσεγένετο
2553 1792 2827 1862 συμφορά.
2886 1793 3093 1862 Συνέϐη
3132 1795 3230 1864 μὲν
3266 1794 3372 1865 γὰρ
3415 1814 3656 1868 καταπρη-

2135 1883 2327 1951 σθῆναι
2360 1883 2459 1951 τὴν
2490 1883 2588 1954 τῆς
2619 1883 2828 1948 πόλεως
2857 1886 3204 1954 τετράγωνον
3252 1886 3468 1958 ἀγορὰν,
3499 1890 3655 1959 ἀρχεῖὰ

2130 1989 2192 2026 τε
2242 1975 2334 2026 καὶ
2393 1974 2828 2045 χαρτοςρυλάκια.
2876 1973 2936 2027 '0
2981 1975 3026 2028 δ’
3083 1977 3377 2047 εἰρημένος
3427 1978 3655 2049 ’Δντῐοχος

2131 2069 2244 2127 τοῖς
2269 2066 2548 2129 Ἰουδαίοις
2600 2067 2883 2136 προσῆπτε
2920 2067 3011 2120 τὸν
3060 2067 3413 2138 ἐμπρησμὸν,
3446 2071 3530 2122 καὶ
3557 2074 3655 2136 τοὺς

2143 2159 2438 2225 Ἀντιοχεῖς
2470 2155 2750 2217 ὑπόπτους
2793 2157 3018 2226 ἔχοντας
3077 2157 3183 2229 ἥδη
3234 2159 3444 2222 αὐτοὺς,
3475 2161 3654 2230 ἠρέθισε

2132 2248 2254 2300 κατ’
2287 2247 2486 2310 αὐτῶν,
2520 2251 2613 2301 καὶ
2639 2247 2830 2318 ὥσπερ
2872 2250 3167 2319 ἐμμανεῖς,
3206 2250 3342 2321 πρὸς
3367 2250 3484 2315 τοὺς
3511 2253 3654 2306 διαδε-

2130 2339 2436 2408 ϐλημένους
2466 2339 2704 2404 ἅπαντες
2741 2339 3020 2412 ὥρμηντο.
3055 2341 3230 2401 Μόλις
3267 2342 3313 2394 δ’
3338 2343 3520 2406 αὐτοὺς
3576 2363 3652 2399 κα·

2128 2433 2322 2503 τέσχον
2345 2433 2509 2496 τινὲς,
2560 2433 3088 2503 συμϐουλεύσαντες,
3120 2434 3268 2505 Τίτῳ
3304 2433 3398 2506 τὴν
3443 2436 3651 2492 ὑπόθεσιν

2129 2523 2434 2578 ἀναθεῖναι.
2471 2524 2561 2577 Ἐν
2608 2524 2686 2596 τῷ
2740 2525 2890 2596 μέσῳ
2946 2525 3002 2578 δέ
3058 2542 3207 2590 τινες
3242 2526 3532 2597 ποιούμενοι
3559 2531 3650 2581 ἐπι-

2133 2614 2270 2686 μελῆ
2328 2615 2425 2668 τοῦ
2490 2615 2822 2687 πράγματος
2871 2619 3125 2690 ζήτησιν,
3177 2611 3339 2689 εὗρον
3372 2621 3428 2672 τὸ
3454 2621 3539 2689 μὲν
3569 2624 3649 2675 τιῗν

2140 2708 2410 2761 Ἰουδαίων
2437 2709 2594 2775 γένος
2621 2709 2887 2774 ἀναίτιον,
2917 2712 3190 2782 πονηροὺς
3213 2710 3259 2764 δ’
3293 2711 3579 2783 ἀνθρώπους
3604 2717 3648 2766 τὸ

2129 2800 2292 2872 ἔργον
2319 2801 2699 2870 τολμήσαντας
2725 2803 2812 2856 διὰ
2858 2804 3036 2874 χρεῶν
3076 2805 3349 2873 ἀνάγκας,
3396 2805 3644 2874 οἰηθέντας,

2129 2895 2177 2946 εἰ
2205 2891 2303 2963 τὴν
2328 2893 2537 2964 ἀγορὰν
2571 2895 2663 2947 καὶ
2694 2893 2764 2947 τὰ
2793 2895 3032 2966 δημόσια
3082 2902 3435 2969 γραμματεῖα
3475 2901 3647 2970 ἐμπρή-

2130 3002 2304 3050 σειαν,
2333 2985 2474 3050 ἓξειν
2505 2987 2830 3058 ἀπαλλαγὴν
2862 2989 2960 3058 τῆς
2989 2991 3352 3059 εἰσπράξεως.
3383 2992 3463 3044 Ἐν
3481 2991 3645 3054 τούτοις

2127 3078 2186 3132 δὲ
2213 3079 2306 3131 καὶ
2337 3078 2367 3130 ὁ
2395 3080 2554 3142 Τῖτος
2584 3080 2868 3148 ἀφικνεῖτο
2896 3083 2976 3144 εἰς
3013 3083 3371 3154 Ἀντιόχειαν,
3403 3088 3486 3138 καὶ
3513 3087 3535 3138 ὁ
3565 3087 3645 3138 τῶν

2051 3205 2096 3267 C
2141 3169 2461 3241 Ἀντιοχέων
2484 3170 2654 3242 δῆμος
2706 3173 3034 3243 προϋπηντα
3066 3175 3243 3246 αὐτῷ,
3298 3177 3384 3230 καὶ
3413 3179 3643 3248 εὐφήμει·

2127 3263 2247 3323 ταῖς
2301 3261 2346 3315 δ’
2403 3262 2706 3332 εὐφημίαις
2765 3266 2984 3335 συνεῖρε
3043 3269 3143 3321 καὶ
3193 3269 3391 3338 δέησιν,
3445 3269 3643 3322 ἐκϐαλεῖν

2130 3353 2390 3420 ἀξιοῦσαν
2436 3355 2567 3418 τοὺς
2613 3355 2903 3420 Ἰουδαίους
2938 3358 3039 3427 τῆς
3095 3359 3324 3424 πόλεως.
3382 3360 3434 3415 '0
3475 3362 3522 3415 δέ
3552 3363 3642 3414 εἴτε

2130 3449 2239 3499 τῶν
2261 3447 2571 3517 λεγομένων
2598 3449 2778 3519 ἠσυχῆ
2815 3451 3162 3518 κατακούων,
3193 3455 3404 3526 παρῄει.
3430 3455 3644 3523 Ὗστεῳν

2126 3541 2172 3593 δ’
2207 3540 2360 3603 αὖθις
2409 3541 2612 3612 σφόδρα
2661 3542 2910 3613 λιπαρῶς
2969 3547 3310 3616 ἐγκειμένων
3353 3549 3452 3604 τῶν
3479 3551 3642 3602 Ἀντιο-

2128 3634 2310 3703 χέων,
2373 3631 2693 3703 ἐξελαθῆναι
2759 3635 2886 3697 τοὺς
2955 3636 3249 3701 Ἰουδαίους
3298 3642 3390 3707 τῆς
3447 3639 3641 3698 πόλεως,

2137 3725 2300 3778 ’ΛλμΓ
2324 3725 2362 3793 ἢ
2392 3742 2458 3794 γε
2477 3727 2690 3794 πατρὶς
2723 3728 2942 3794 αὐτῶν,
2972 3729 3100 3800 ἔφη,
3143 3733 3230 3796 εἰς
3264 3730 3339 3799 ἣν
3363 3729 3638 3797 ἀναχωρεῖν

2127 3817 2350 3882 αὐτοὺς
2393 3819 2604 3886 ἐχρῆν,
2635 3819 2950 3887 ἀνῄρηται,
2988 3823 3085 3876 καί
3120 3823 3337 3887 δέξαιτ’
3363 3822 3432 3875 ἂν
3470 3821 3641 3884 αὐτοὺς

2130 3911 2331 3978 οὐδεὶς
2364 3914 2451 3966 ἔτι
2492 3913 2696 3978 τόπος.
2741 3914 3138 3984 Ἀποτυχόντες
3165 3914 3257 3968 οὖν
3296 3915 3391 3984 τῆς
3426 3914 3642 3982 αἰτήσεως

2125 4001 2351 4073 ταύτης,
2386 4005 2477 4056 ἐπὶ
2533 4003 2796 4074 δευτέραν
2851 4006 3176 4076 ἐτράποντο,
3231 4009 3321 4062 καὶ
3357 4007 3449 4067 τὰς
3480 4004 3640 4077 χαλκᾶς

2125 4095 2314 4166 ἠξίουν
2369 4095 2587 4158 δέλτους
2642 4097 3020 4169 ἀναιρεθῆναι,
3083 4095 3174 4162 αἷς
3235 4099 3302 4154 τὰ
3362 4099 3524 4152 δίκαια
3562 4095 3640 4147 τῶν

2139 4189 2412 4242 Ἰουδαίων
2459 4191 2790 4261 ἐγέγραπτο.
2827 4191 2969 4244 Ἀλλ’
3007 4191 3131 4246 οὐδὲ
3167 4193 3301 4264 πρὸς
3339 4190 3484 4246 τοῦτο
3521 4188 3640 4247 ’Πτος

448 4281 576 4346 bus,
609 4296 734 4351 quae
767 4295 1114 4352 possessores
1138 4281 1209 4335 ob
1245 4280 1489 4336 incertos
1512 4280 1640 4336 belli
1672 4294 1834 4334 casus
1864 4288 2018 4334 terra:

2132 4282 2410 4334 ἐπένευσε.
2465 4283 2650 4336 Πάντα
2679 4285 2736 4336 δὲ
2768 4286 2883 4345 τοῖς
2912 4284 3001 4336 ἐπ’
3050 4285 3383 4355 ’Δντιοχείας
3421 4279 3641 4338 Ἰουδαίοις

449 4375 795 4429 mandarunt.
2130 4375 2336 4437 εῖασεν,
2367 4374 2443 4438 ὡς
2478 4375 2741 4446 πρότερον
2765 4373 2908 4446 εἶχον
2939 4378 3093 4432 αύτά.
3128 4378 3296 4439 Αὐτὸς
3331 4377 3374 4431 δ’
3401 4378 3472 4438 είς
3495 4370 3641 4435 ’Λλεξ⁸

447 4471 700 4541 ἁνδρειαν
733 4471 932 4531 ἀπιὼν.
981 4471 1247 4524 καὶκατὰ
1283 4471 1381 4542 τὴν
1428 4471 1654 4540 πορείαν
1709 4470 1776 4523 τὰ
1857 4469 2209 4540 Ἰεροσόλυμα
2275 4472 2636 4536 θεασάμενος,
2698 4471 2932 4543 ᾤκτειρε
2957 4473 3050 4527 τὸν
3075 4474 3178 4545 τῆς
3223 4475 3418 4534 πόλεως
3451 4469 3637 4538 ὄλεθρον.

449 4566 809 4635 ἐπαρώμενος
833 4567 944 4628 τοῖς
969 4565 1164 4628 αἰτίοις
1194 4567 1293 4634 τῆς
1319 4565 1696 4628 ἀποστάσεως,
1730 4565 1805 4628 ώς
1869 4564 2061 4628 αἰτίοις
2101 4567 2200 4631 τῆς
2228 4565 2328 4635 τῆς
2362 4564 2570 4628 πόλεως
2599 4564 2958 4636 ἐρημώσεως,
2989 4565 3196 4628 πόλεως
3222 4565 3440 4634 ἀρχαίας
3472 4577 3520 4613 τε
3571 4555 3640 4609 καὶ

448 4661 786 4728 εὐδαίμονος.
847 4659 1176 4728 Εὗρίσκοντο
1229 4657 1273 4710 δ’
1311 4658 1390 4710 ἔτι
1434 4659 1536 4711 κάν
1589 4661 1698 4718 τοῖς
1756 4658 2019 4728 ἐρειπίοις
2059 4659 2265 4724 αὐτοῖς,
2312 4657 2451 4726 μέρη
2497 4655 2591 4710 τοῦ
2656 4655 2961 4727 saeuum
2995 4658 3227 4711 πλούτου
3271 4655 3451 4722 αὐτῆς.
3507 4650 3639 4702 Πολλὰ

451 4754 549 4817 μὲν
581 4749 688 4819 γὰρ
725 4750 771 4800 οἱ
837 4747 1098 4816 Ῥωμαῖοι
1151 4749 1513 4809 ἀνέσκαπτον,
1570 4750 1633 4799 τὰ
1674 4749 1843 4800 πλείω
1886 4749 1942 4801 δὲ
2007 4751 2056 4802 οἱ
2099 4749 2441 4817 αἰχμάλωτοι
2478 4747 2850 4815 ὑπεδείκνυον,
2894 4749 3039 4822 ἅπερ
3083 4752 3134 4804 οἰ
3198 4747 3499 4819 κεκτημένοι
3535 4743 3638 4814 πρὶς

447 4844 546 4906 τὰς
598 4840 828 4910 ἀδήλους
889 4837 983 4894 τοῦ
1031 4838 1271 4910 πολέμου
1325 4842 1496 4912 ροπάς
1545 4842 1687 4896 κατὰ
1738 4842 1842 4911 γῆς
1890 4841 2274 4914 ἐθησαυρίζον.

518 4936 753 4993 XXVIII.
797 4935 957 4992 Titus
999 4951 1066 4992 ex
1105 4935 1340 5009 Αἴθῃ)ιο
1375 4946 1430 4993 et
1455 4938 1786 4994 Alexandria
1819 4938 1874 4992 in
1907 4937 2018 4992 Ita-

446 5033 575 5088 liam
629 5028 1020 5099 navigaturus,
1063 5030 1402 5100 captivorum
1457 5031 1626 5084 duces
1665 5030 1929 5085 Joannem
1962 5039 2020 5084 et

447 5126 724 5178 Stationem
754 5161 768 5182 ,
801 5131 962 5191 atque
1005 5121 1141 5176 alios
1180 5122 1556 5192 septingentos
1586 5122 1734 5177 viros
1779 5121 2020 5192 proceri-

449 5227 556 5270 tate
605 5225 661 5270 et
704 5213 969 5284 elegantia
1000 5229 1296 5283 corporum
1333 5224 1652 5284 praestantes
1677 5257 1691 5279 ,
1745 5217 1928 5271 statim
1963 5216 2019 5271 in

445 5310 650 5363 Italiam
685 5307 809 5362 duci
839 5307 1037 5378 jussit,
1086 5307 1151 5362 ad
1194 5308 1516 5378 explendam
1554 5309 1817 5379 triumphi
1865 5327 2019 5380 pom-

445 5418 588 5473 pain.
631 5401 754 5456 Tito
783 5401 1005 5456 Romam
1037 5417 1279 5467 reverso,
1317 5401 1519 5457 Lucius
1565 5402 1764 5458 Bassus
1819 5415 2022 5474 praetor

445 5495 498 5547 in
559 5495 799 5551 Judmam
865 5495 1061 5549 missus
1095 5536 1107 5556 ,
1166 5494 1390 5548 castello
1447 5492 1684 5548 Herodio
1739 5494 2019 5550 deditione

445 5595 624 5656 rapio,
659 5603 848 5640 omnes
878 5591 997 5656 ejus
1022 5587 1315 5656 provincim
1343 5587 1528 5654 copias
1561 5596 1752 5640 contra
1803 5586 2022 5643 Siccha:-

447 5687 664 5731 mntem
720 5678 1003 5730 castellum
1051 5677 1475 5732 munitissimum
1515 5687 1686 5747 parat.
1733 5679 1826 5732 Est
1872 5681 2017 5734 enim

449 5773 502 5820 in
557 5779 777 5835 petroso
835 5771 1045 5822 tumulo
1097 5770 1301 5834 situtn,
1344 5771 1616 5825 mmnibus
1679 5771 1970 5843 obseptum
2001 5815 2017 5839 ,

450 5866 634 5926 itaque
690 5879 718 5913 a
781 5872 969 5914 natura
1015 5870 1304 5928 paratum,
1341 5872 1396 5917 ut
1426 5879 1523 5919 nec
1568 5879 1822 5921 acccssus
1880 5864 1932 5920 in
1968 5867 2022 5922 id

2055 4947 2097 5002 D
2197 4939 2329 4992 κη’.
2357 4939 2516 5001 Τῖτος
2558 4937 2604 4990 δ’
2640 4939 2728 4992 ἐπ’
2765 4938 3046 5006 Αἴγυπτον
3087 4936 3388 5010 πορευθεὶς,
3416 4936 3500 4988 καὶ
3532 4946 3633 4983 κατ-

2130 5034 2374 5101 αντήσας
2408 5033 2490 5094 εἰς
2533 5031 2972 5103 Ἀλεξάνδρειαν,
3011 5029 3268 5086 κάκεῖθεν
3291 5029 3434 5082 πλεῖν
3467 5020 3635 5089 ἐπίτὴν

2129 5123 2364 5179 Ἰταλίαν
2413 5123 2646 5196 μέλλων,
2690 5125 2799 5179 τῶν
2840 5124 3204 5196 αἰχμαλώτων
3245 5122 3368 5185 τοὺς
3415 5116 3634 5190 ἡγεμόνας

2141 5218 2398 5288 Ἰωάννην
2449 5217 2544 5271 καὶ
2584 5217 2828 5288 Σίμωνα,
2863 5217 2956 5270 καὶ
2990 5217 3182 5280 ἄλλους
3223 5213 3410 5284 ἄνδρας
3451 5212 3633 5263 ἑπτακο-

2134 5309 2284 5371 σίους
2319 5308 2540 5378 μεγέθει
2575 5325 2636 5362 τε
2675 5308 2770 5363 καὶ
2801 5307 2990 5363 κάλλει
3024 5309 3272 5378 σώματος
3293 5303 3630 5374 διαπρέποντας

2132 5404 2208 5462 εἰς
2249 5402 2349 5460 τὴν
2400 5398 2632 5455 Ἰταλίαν
2677 5401 2878 5454 αὐτίκα
2926 5399 3073 5468 μάλα
3115 5399 3390 5454 ἐκέλευσεν
3433 5389 3628 5460 ἄγεσθαι.

2129 5494 2197 5546 ἶν’
2234 5496 2290 5544 ἐν
2321 5493 2396 5562 τῷ
2423 5494 2677 5563 θριάμϐῳ
2704 5493 3038 5563 πληρώσωσι
3069 5493 3165 5564 τὴν
3197 5492 3428 5561 πομπήν.
3453 5478 3627 5540 Μετάδέ

2131 5584 2230 5653 τὴν
2259 5589 2336 5646 εἰς
2379 5583 2598 5656 Ῥώμην
2636 5584 2730 5637 τοῦ
2763 5584 2925 5637 Τίτου
2953 5584 3132 5653 ἄφιξιν
3166 5579 3421 5652 πεμφθεὶς
3442 5586 3625 5669 «parte:

2131 5679 2223 5746 γὺς
2283 5680 2360 5732 εἰς
2423 5679 2678 5731 Ἰηυδαίαν
2736 5679 2964 5740 Λούκιος
3015 5677 3238 5737 Βάσσος,
3280 5673 3338 5726 τὸ
3383 5671 3469 5739 μὲν
3504 5660 3550 5717 ἐν
3571 5660 3624 5726 τῷ

2143 5771 2389 5840 Ἡρωδίῳ
2449 5772 2711 5842 ςρούριον
2781 5771 2918 5840 μετᾶ
2985 5771 3093 5824 τῶν
3159 5765 3474 5835 κατεχόντων
3526 5752 3622 5808 αὐτὸ

2136 5867 2534 5927 nstruit-.0,
2574 5859 2705 5919 Εἶτα
2741 5865 2849 5918 πᾶν
2900 5867 3022 5920 ἔσον
3052 5859 3116 5917 ἦν
3157 5863 3268 5916 ἐκεῖ
3299 5846 3620 5912 στοατιωτικῦν
