3862 6616
207 440 296 501 5η

1458 441 1860 502 ANNALIUM
1905 444 2054 507 LiB.
2093 446 2197 509 VI.

3302 449 3411 514 538

213 550 513 620 συναγαγὼν,
553 549 645 603 ἐπὶ
675 551 1068 620 Μαχαιροῦντα
1108 553 1416 624 στρατεύει.
1450 549 1555 609 Ἤν
1584 557 1638 609 δὲ
1669 555 1730 609 τὸ

1862 566 2019 612 lateat
2045 599 2058 624 ,
2093 560 2382 629 profundis
2409 561 2645 616 vallibus
2672 571 2928 634 tanquam
2963 562 3123 620 fossis
3145 566 3411 622 cinctum.

210 645 432 713 φρούριον
463 640 614 694 τοῦτο
651 641 772 695 λίαν
804 643 1129 709 δυσάλωτον,
1171 644 1452 716 πετρώδης
1473 646 1548 699 ῶν
1573 646 1732 712 ὄχθος

212 735 570 805 τετειχισμένος
591 751 605 765 ο
639 735 782 789 οὕτω
804 735 848 788 δ’
875 735 978 788 ὑπὸ
1004 737 1103 808 τῆς
1135 736 1353 804 φύσεως
1393 739 1732 793 κατεσκεύα-

209 846 304 890 στο,
331 828 398 890 ὡς
424 826 551 897 μηδὲ
583 828 841 897 προσιτὸς
884 824 1023 882 εἶναι
1051 846 1063 859 ·
1102 829 1344 899 φάραγξι
1379 831 1487 900 γὰρ
1535 831 1734 885 πάντο-

209 921 283 973 0w
313 919 539 989 βαθείαις
573 919 962 991 ὲτετάφρευτο.
1002 922 1159 975 Οὕτω
1190 922 1564 994 δ’ὀχυρότητος
1590 922 1732 994 ἔχον,

206 1017 284 1066 xvi.
316 1013 573 1082 βασίλειον
595 1009 744 1084 εἶχεν
775 1015 928 1078 ἐντὸς
955 1015 1173 1082 μεγέθει
1206 1033 1262 1068 τε
1293 1017 1385 1070 καὶ
1411 1016 1598 1070 κάλλει
1629 1018 1735 1071 τῶν

205 1107 437 1176 οἰκήσεων
470 1104 806 1176 θαυμαστὸν,
857 1106 1054 1170 πολλὰς
1087 1108 1143 1160 δὲ
1174 1107 1268 1160 καὶ
1314 1109 1614 1176 δεξαμένας
1658 1109 1738 1171 είς

205 1198 437 1268 ὑποδοχὴν
465 1197 657 1262 ὕδατος
691 1200 750 1251 ἐν
786 1201 896 1262 τοῖς
929 1199 1391 1270 ἐπιτηδειοτάτοις
1412 1199 1523 1252 τῶν
1554 1201 1737 1254 τόπων

206 1291 449 1359 ἐκέκτητο.
484 1293 628 1360 Πρὸς
678 1291 732 1345 δὲ
786 1294 898 1355 τοῖς
941 1293 1122 1355 ἄλλοις
1175 1293 1234 1346 ἐν
1290 1295 1402 1358 τοῖς
1445 1295 1739 1365 βασιλείοις

205 1386 282 1438 καὶ
308 1386 536 1455 πήγανον
559 1381 650 1456 ἦν,
674 1385 824 1452 ἀξιον
851 1387 938 1440 διὰ
969 1387 1196 1458 μέγεθος
1225 1388 1541 1458 θαύματος·
1567 1390 1740 1458 συκῆς

202 1479 289 1545 γᾰρ
315 1475 426 1528 οὐδὲ
457 1477 588 1546 μιᾶς
624 1473 794 1546 ὕψους
819 1479 912 1531 καὶ
947 1477 1158 1548 πάχους
1190 1478 1471 1534 ἐλείπετοο
1511 1480 1670 1548 λόγος
1693 1480 1740 1534 δ’

202 1566 257 1638 ἦ)
307 1569 403 1621 ἀπὸ
440 1569 551 1622 τῶν
599 1568 840 1641 Ἡρώδου
883 1571 1092 1640 χρόνων
1123 1571 1258 1626 αὐτὸ
1299 1573 1609 1644 διαρκέσαι,
1648 1575 1743 1627 καὶ⁹

201 1660 277 1711 ἐπὶ
297 1661 530 1712 πλεῖστον
565 1661 697 1722 ἴσως
735 1659 948 1729 ἔμεινεν
980 1662 1068 1726 ἂν,
1098 1665 1146 1716 εί
1174 1663 1251 1731 μὴ
1285 1664 1390 1716 ὑπὸ
1419 1663 1527 1716 τῶν
1558 1682 1742 1735 παρα-

201 1751 440 1803 λαόόντων
475 1753 571 1804 τὶν
599 1753 765 1805 τόπον
799 1753 1072 1807 Ἰουδαίων
1096 1755 1422 1812 ἐκκέκοπτο.
1459 1758 1550 1811 Ἐν
1587 1757 1642 1810 δὲ
1674 1760 1739 1826 τῇ

201 1860 227 1894 κ
248 1841 316 1894 ςτὰ
345 1842 431 1911 τὴν
469 1842 672 1913 ἄρκτον
707 1843 802 1897 τοῦ
843 1847 1107 1916 φρουρίου
1137 1849 1379 1918 φάραγγι
1414 1849 1742 1918 ὀνομάζεταί

200 1953 262 1996 τις
289 1934 436 1997 τόπος
468 1935 643 2007 Βαάρ,
674 1939 767 1988 καὶ
798 1937 922 2004 φύει
953 1938 1109 2009 ῥίζαν
1141 1939 1452 2010 ὁμωνύμως
1478 1943 1745 2012 καλουμέ-

203 2045 280 2096 νην
306 2026 470 2097 αὐτῷ.
504 2027 652 2098 Δῦτη
692 2029 849 2097 φλογὶ
889 2029 990 2099 μὲν
1037 2031 1179 2084 ἔοικε
1219 2032 1316 2102 τὴν
1347 2034 1574 2104 χροιάν·
1615 2036 1746 2105 περὶ

200 2119 242 2170 δὲ
264 2120 346 2181 τὰς
380 2119 626 2190 ἑσπέρας
665 2120 822 2184 σέλας
859 2122 1242 2194 ἀπαστράπτει
1277 2137 1290 2152 ⁶
1321 2126 1436 2187 τοῖς
1469 2122 1524 2176 δὲ
1560 2123 1746 2194 βουλο-

202 2211 353 2280 μένοις
397 2211 587 2265 λαϐεῖν
637 2212 806 2282 αὐτὴν
857 2214 956 2266 οὐκ
1009 2213 1158 2268 ἐστιν
1217 2214 1566 2286 εὐχείρωτος,
1631 2216 1746 2271 ἀλλ’

202 2303 501 2371 ὑποφεύγει,
537 2306 636 2358 καὶ
675 2305 736 2357 οὐ
789 2307 1056 2377 πρότερον
1101 2307 1342 2373 ἵσταται,
1383 2309 1512 2379 πρὶν
1565 2309 1632 2364 ἄν
1664 2328 1748 2374 τις

203 2391 334 2465 οὖρον
359 2399 623 2464 γυναικὸς
651 2397 683 2469 ἢ
711 2397 770 2451 τὸ
815 2393 954 2468 αἷμα
990 2399 1051 2452 τὺ
1091 2399 1340 2470 ἔμμηνον
1372 2403 1619 2475 καταχέῃ
1647 2405 1748 2457 αὒ-

203 2491 300 2557 τῆς,
336 2491 432 2542 καὶ
471 2489 592 2542 τότε
623 2489 680 2543 δὲ
709 2493 823 2555 τοῖς
852 2491 1155 2562 ἁψαμένοις
1189 2493 1420 2556 θάνατός
1458 2497 1576 2549 ἐστι
1616 2513 1752 2567 προ-

204 2581 368 2651 φανὴς,
415 2582 465 2634 εί
495 2583 571 2652 μὴ
600 2582 740 2654 τύχη
783 2600 866 2647 τις
909 2584 1080 2656 αὐτὴν
1110 2586 1330 2657 ἐκείνην
1363 2588 1749 2659 ἀπενεγκάμεο

204 2674 384 2743 νοςτὴν
415 2673 573 2745 ῥίζαν
603 2675 1002 2746 ἀπηρτημένην
1036 2679 1099 2730 ἐκ
1127 2678 1227 2749 τῆς
1267 2679 1471 2750 χειρός.
1510 2680 1752 2734 Ἀλίσκε-

203 2781 274 2817 ται
301 2765 353 2819 δὲ
393 2770 491 2820 καὶ
538 2766 661 2821 καθ’
705 2768 896 2838 ἓτερον
935 2769 1136 2839 τρόπον
1182 2771 1498 2833 ἀκινδύνως.
1551 2773 1754 2843 Κύκλῳ

204 2858 294 2928 γὰρ
317 2859 486 2928 αὐτὴν
517 2859 997 2930 περιορύσσουσιν,
1035 2862 1109 2923 ὡς
1138 2858 1277 2916 εἶναι
1316 2866 1382 2934 τῇ
1407 2867 1478 2935 γῇ
1508 2865 1753 2934 κρυπτό-

207 2970 342 3020 μενον
373 2952 476 3021 τῆς
509 2952 663 3022 ῥίζης
695 2953 1053 3022 βραχύτατον,
1087 2953 1185 3006 εἶτ’
1214 2955 1271 3022 ἐξ
1303 2957 1470 3025 αὐτῆς
1495 2957 1755 3010 ἀποδοῦσι

205 3042 345 3100 κύνα.
381 3043 638 3096 κάκείνου
670 3042 748 3113 τῷ
776 3043 1000 3114 δήσαντι
1034 3045 1454 3099 συνακολουθεῖν
1479 3047 1758 3117 ὁρμήσαν-

203 3151 294 3197 τες,
340 3135 371 3203 ἡ
413 3135 512 3204 μὲν
545 3136 854 3190 ἀνασπᾶται
894 3137 1128 3208 ῥᾳδίωςο
1180 3138 1406 3208 θνήσκει
1444 3139 1489 3190 δ’
1515 3140 1678 3202 εὐθὺς
1728 3141 1758 3194 ὁ

1833 650 2022 721 Neque
2049 669 2181 708 vero
2212 655 2514 710 munitione
2543 657 2841 722 duntaxat,
2875 658 2969 712 sed
3001 672 3056 713 et
3079 660 3150 714 ob
3179 663 3414 731 regiam,

1834 743 2214 811 magnitudine
2272 755 2328 800 et
2382 746 2653 817 elegantia
2703 749 3046 804 conclavium
3104 750 3416 823 insignem,

1835 834 2218 889 admirandum
2246 836 2368 900 fuit,
2421 848 2480 892 et
2520 840 2718 895 multas
2751 842 3018 897 cisternas
3041 842 3254 898 idoneis
3283 843 3418 899 locis

1837 926 1902 979 ad
1959 927 2196 995 pluviam
2243 943 2438 998 aquam
2491 931 2866 1000 excipiendam
2907 934 3119 989 habuit.
3171 936 3228 988 In
3272 935 3416 1005 regia

1838 1032 2058 1086 quoque
2118 1028 2237 1072 ruta
2273 1020 2376 1074 fuit
2432 1021 2585 1076 mine
2639 1024 3071 1094 magnitudinis,
3129 1028 3276 1081 nulla
3310 1029 3413 1081 licu

1835 1108 1925 1162 vel
1983 1108 2273 1163 altitudine
2318 1110 2406 1165 vel
2461 1113 2827 1168 crassitudine
2885 1115 3138 1182 inferior,
3192 1132 3312 1186 qute
3351 1116 3420 1171 ab

1839 1200 2072 1255 Herodis
2105 1202 2334 1258 durasse
2380 1205 2722 1274 temporibus
2755 1205 3038 1261 ferebatur
3074 1223 3089 1261 :
3129 1217 3186 1262 et
3218 1207 3422 1278 longis—

1840 1295 1980 1349 simo
2015 1294 2196 1348 forsan
2227 1304 2472 1364 tempore
2503 1297 2826 1363 mansisset,
2861 1299 2967 1354 nisi
2993 1315 3022 1354 a
3052 1299 3257 1355 Iudaeis
3279 1340 3292 1365 ,
3327 1298 3423 1370 qui

1840 1387 2022 1442 locum
2054 1387 2205 1440 illum
2237 1398 2604 1456 occuparant,
2631 1389 2812 1443 excisa
2840 1389 3056 1446 fuisset.
3120 1390 3180 1444 In
3213 1390 3423 1445 casti-lli

1840 1479 1982 1533 valle
2028 1479 2447 1548 septentrionali
2492 1479 2632 1534 Baar
2683 1481 2840 1536 locus
2872 1491 2953 1536 est
2981 1521 2994 1545 ,
3033 1483 3126 1551 qui
3183 1481 3423 1537 radicem

1843 1571 2014 1641 gignit
2062 1571 2305 1642 ejusdem
2359 1573 2636 1638 nominis,
2669 1572 2855 1628 colore
2906 1572 3161 1627 ﬂammeo
3209 1571 3424 1642 vesperi

1839 1663 2002 1735 jubar
2025 1663 2299 1732 quoddam
2346 1665 2746 1734 ejaculantem,
2795 1666 2892 1721 sed
2950 1673 3113 1735 captu
3165 1665 3426 1723 diﬂicilli-

1845 1771 2012 1810 mam.
2066 1753 2285 1824 Refugit
2315 1755 2462 1810 enim
2488 1795 2503 1820 ,
2538 1771 2718 1826 neque
2751 1757 2902 1822 prius
2935 1757 3190 1812 consistit
3213 1799 3226 1819 .
3262 1772 3428 1826 quam

1847 1848 2062 1902 urinam
2098 1847 2349 1903 mulieris
2377 1888 2391 1913 ,
2423 1854 2518 1902 aut
2564 1849 2885 1919 sanguinem
2947 1859 3287 1904 menstruum
3343 1849 3429 1903 af-

1849 1941 2056 1996 fuderis
2099 1956 2206 1996 :ac
2236 1949 2349 1995 tum
2399 1957 2520 1996 eam
2567 1943 2968 2013 attingentibus
3020 1943 3241 1998 indubia
3285 1957 3432 1997 mons

1847 2034 2116 2098 imminet,
2147 2034 2250 2089 nisi
2283 2033 2406 2104 quis
2439 2050 2559 2088 eam
2600 2035 2841 2089 radicem
2887 2035 2958 2089 de
2990 2050 3156 2089 manu
3195 2051 3433 2105 suspen-

1847 2143 1962 2184 sam
2005 2127 2312 2183 abstulerit.
2368 2126 2601 2196 Capitur
2647 2125 2813 2181 etiam
2861 2126 2968 2180 alia
3027 2126 3238 2181 ratione
3295 2127 3433 2182 citra

1847 2219 2174 2290 periculum.
2203 2218 2336 2272 Nam
2396 2218 2638 2287 undique
2683 2232 2804 2272 eam
2860 2217 3328 2282 circumfodiunt,
3374 2227 3435 2273 ut

1849 2311 1968 2382 ejus
1993 2325 2156 2379 quam
2197 2310 2486 2364 minimum
2518 2318 2664 2363 terra
2707 2318 2921 2379 tegatur
2960 2327 2973 2362 :
3005 2309 3207 2363 deinde
3237 2323 3430 2362 canem

1850 2403 1902 2458 ei
1960 2403 2220 2471 alligant,
2278 2403 2370 2470 qui
2430 2417 2553 2456 cum
2609 2401 2894 2455 dominum
2963 2416 3124 2454 suum
3183 2399 3435 2461 comitari

1852 2495 2042 2563 cupit.
2077 2495 2164 2547 illa
2191 2493 2446 2548 facillime
2487 2493 2673 2548 evulsa
2705 2535 2719 2558 ,
2751 2493 2952 2547 statim'
2976 2493 3208 2547 moritur
3242 2509 3254 2546 :
3287 2492 3434 2547 acci-

1852 2588 2133 2659 pientibus
2165 2602 2292 2640 vero
2323 2601 2444 2640 eam
2471 2594 2628 2655 post,
2659 2585 2797 2639 nihil
2831 2593 2914 2640 est
2939 2584 3186 2654 periculi.
3217 2583 3440 2654 Expeti-

1855 2689 1944 2734 tur
1972 2689 2154 2732 autem
2188 2677 2260 2731 ob
2289 2693 2456 2731 unam
2497 2678 2782 2731 virtutem.
2837 2676 2972 2731 Nam
3009 2691 3129 2746 quae
3169 2675 3440 2730 daemonia

1853 2777 2139 2827 vocantur.
2169 2778 2224 2821 et
2251 2768 2512 2836 quosdam
2554 2768 2800 2832 intrant,
2836 2768 2882 2821 si
2938 2767 3101 2823 modo
3123 2765 3442 2838 aegrotanti-

1855 2861 1962 2915 bus
2028 2859 2405 2924 admoveatur,
2463 2858 2624 2914 facile
2695 2858 2941 2928 expellit.
3023 2857 3078 2912 ω
3153 2856 3442 2913 castellum

1855 2953 2057 3007 Bassus
2083 2950 2335 3020 subigere
2386 2949 2551 3020 309
2603 2949 2865 3018 cupiens,
2895 2949 3090 3002 vallem
3117 2946 3441 3002 orientalem

1857 3053 2074 3114 aggesta
2131 3051 2273 3097 terra
2308 3042 2529 3111 explere
2577 3041 2837 3096 instituit.
2902 3040 3075 3095 Judaei
3129 3038 3380 3103 obsessi,
3411 3052 3444 3092 a

1860 3135 2165 3208 peregrinis
2189 3135 2420 3202 separati
2449 3175 2464 3198 ,
2497 3132 2620 3188 illos
2653 3133 2706 3186 in
2747 3132 2886 3186 urbe
2919 3131 3180 3187 inferiore
3222 3144 3445 3185 manere

206 3226 357 3280 κύων.
401 3226 566 3294 φόϐος
598 3225 642 3280 δ’
681 3228 856 3290 οὐδεὶς
887 3230 1004 3289 τοῖς
1053 3228 1193 3298 μετὰ
1233 3229 1406 3282 ταῦτα
1437 3229 1750 3301 λαμϐάνουο

1862 3235 2199 3296 coegerunt:
2242 3224 2495 3294 superius
2536 3224 2814 3278 castellum
2851 3222 2954 3292 ipsi
3002 3231 3340 3286 tenuerunt,
3377 3235 3444 3275 ac

208 3329 291 3368 σιν.
327 3315 480 3368 Ἔστι
501 3315 558 3368 δὲ
586 3314 673 3369 διά
699 3316 831 3386 μίαν
857 3318 1012 3387 ίσχὺν
1035 3318 1521 3388 περισπούδαστος.
1547 3321 1628 3373 Τὰ
1651 3321 1760 3392 γὰρ

209 3405 502 3475 καλούμενα
536 3406 792 3475 δαιμόνια
831 3398 923 3460 καί
944 3425 1086 3461 τισιν
1116 3409 1459 3479 εἰσδυόμενα,
1491 3411 1630 3483 αὑτὴ
1662 3429 1764 3464 τα-

212 3500 337 3566 χέως
361 3497 660 3563 ἐξελαύνει,
693 3501 800 3552 κᾶν
829 3499 993 3569 μόνον
1023 3502 1135 3563 τοῖς
1159 3501 1376 3556 νοσοῦσι
1406 3504 1763 3575 προσενεχθῇ.

212 3589 368 3645 Τοῦτο
393 3590 454 3643 τὸ
493 3592 756 3660 φρούριον
793 3592 821 3644 ὁ
850 3591 1058 3656 Βάσσος
1081 3595 1545 3664 παραστήσασθαι
1574 3595 1764 3660 θέλων,

213 3683 296 3752 τὴν
335 3682 466 3752 πρὸς
506 3681 770 3746 ἀνατολὰς
803 3683 967 3737 αὐτοῦ
1001 3685 1266 3756 φάραγγα
1309 3687 1486 3756 χῶσαι
1530 3689 1765 3742 ἀπεπει-

217 3778 351 3845 ρᾶτο.
375 3777 436 3829 Οἱ
461 3774 507 3830 δ’
530 3774 994 3846 ἐναπειλημμένοι
1017 3776 1124 3830 τῶν
1163 3778 1456 3844 Ἰουδαίων,
1484 3780 1634 3835 ἔνδον
1658 3780 1768 3835 ἀπὸ

214 3869 308 3920 τῶν
333 3868 494 3932 ξένων
520 3868 918 3939 διακριθέντες,
951 3869 1196 3933 ἐκείνους
1227 3870 1328 3940 μὲν
1361 3872 1683 3942 ἠνάγκασαν
1709 3876 1768 3928 ὲν

215 3964 268 4029 τῇ
293 3961 433 4014 κάτω
461 3960 612 4014 πόλει
639 3960 1004 4032 παραμένειν,
1028 3961 1090 4015 τὸ
1117 3961 1161 4015 δ’
1189 3961 1301 4016 ἄνω
1332 3965 1592 4038 φρούριον
1621 3960 1769 4038 εἶχον

218 4053 374 4108 αὐτοί.
422 4051 738 4107 Ἐποιοῦντο
765 4052 950 4123 μέντοι
975 4053 1076 4118 τὰς
1103 4055 1318 4120 ἐξόδους
1347 4035 1646 4128 προθύμως
1665 4035 1772 4112 ἀνὰ

220 4144 380 4197 πᾶσαν
432 4145 669 4215 ἡμέραν,
715 4144 811 4198 καὶ
857 4146 973 4210 τοῖς
1022 4145 1247 4216 τυχοῦσι
1303 4148 1769 4218 συμπλεκόμενοι,

220 4237 386 4290 πολλοὶ
420 4238 519 4306 μὲν
543 4236 828 4306 ἔθνησκον,
860 4237 1092 4302 πολλοὺς
1117 4238 1174 4292 δὲ
1202 4239 1310 4293 τῶν
1349 4239 1638 4311 Ῥωμαίων
1674 4243 1769 4295 ἀνο

221 4331 390 4398 ᾕρουν,
421 4327 719 4392 πονοῦντας
767 4329 862 4382 ἐπὶ
901 4330 1015 4391 τοῖς
1062 4329 1334 4400 χώμασιν.
1393 4331 1488 4382 Ἐκ
1521 4330 1579 4384 δέ
1625 4347 1771 4394 τινος

225 4420 493 4490 συντυχίας
543 4422 576 4488 ὴ
625 4421 721 4473 τοῦ
769 4420 1034 4490 φρουρίου
1075 4421 1374 4491 παράδοσις
1415 4423 1628 4491 γέγονε,
1678 4423 1774 4476 καὶ

224 4515 317 4566 τῶν
343 4514 612 4584 χωμάτων
642 4512 835 4585 χωρίς.
863 4513 1102 4577 Νεανίας
1128 4531 1211 4578 τις
1234 4509 1302 4585 ἦν
1329 4515 1386 4566 ὲν
1418 4517 1534 4578 τοῖς
1567 4515 1778 4586 πολιορ-

1867 3318 2038 3374 nibilo
2077 3317 2254 3370 secius
2297 3315 2644 3385 quotidianas
2691 3315 3009 3384 eruptiones
3062 3313 3351 3376 fecerunt,
3390 3323 3448 3367 et

1867 3425 1993 3466 cum
2022 3408 2203 3464 obviis
2246 3407 2522 3476 congressi
2559 3415 2712 3461 sunt.
2765 3408 2875 3461 Nec
2909 3407 3154 3481 ipsorum
3185 3405 3449 3458 duntaxat

1869 3501 2026 3556 multi
2059 3499 2362 3570 perierunt,
2394 3498 2490 3553 sed
2528 3509 2585 3553 et
2613 3499 2888 3553 Romanos
2920 3497 3123 3551 multos
3152 3496 3206 3550 in
3237 3494 3449 3565 aggeri-

1870 3597 1974 3652 bus
2033 3597 2346 3651 laborantes
2399 3594 2742 3649 occiderunt.
2797 3593 2937 3648 Casu
2988 3601 3167 3646 tamen
3209 3590 3446 3660 quodam

1869 3690 2072 3746 factum
2105 3699 2226 3755 est,
2253 3696 2314 3742 ut
2343 3689 2626 3743 castellum
2663 3688 2782 3742 sine
2817 3686 3107 3756 aggeribus
3133 3683 3448 3738 dederetur.

1869 3781 2018 3850 Inter
2073 3779 2326 3836 obsessos
2375 3777 2698 3833 adolescens
2745 3777 2850 3831 fuit
2895 3777 3227 3839 Eleazarus,
3265 3773 3451 3828 animo

1871 3869 2196 3935 conﬁdens,
2240 3879 2298 3924 et
2349 3884 2515 3923 manu
2559 3878 2858 3933 strenuus,
2905 3866 2999 3935 qui
3054 3864 3315 3935 populum
3384 3863 3450 3918 ad

1871 3961 2193 4030 eruptiones
2231 3966 2288 4013 et
2331 3973 2585 4029 aggerem
2636 3955 3036 4027 prohibendum
3078 3953 3288 4008 hortari
3316 3952 3452 4006 soli-

1875 4061 1994 4114 tus,
2026 4052 2081 4105 in
2113 4050 2313 4120 prmliis
2341 4050 2746 4104 illustrissimus
2771 4055 3057 4111 evaserat,
3085 4043 3453 4110 Romanisque

1873 4143 2078 4197 multas
2127 4141 2311 4196 clades
2373 4141 2653 4195 intulerat.
2721 4137 3032 4208 Aliquando
3083 4144 3266 4191 autem
3327 4148 3452 4188 cum

1874 4235 2063 4305 proelio
2083 4233 2357 4302 dirempto
2388 4241 2538 4288 extra
2571 4241 2760 4304 portas
2787 4247 2912 4287 cum
2946 4231 3014 4284 iis
3054 4230 3147 4300 qui
3194 4229 3247 4282 in
3283 4243 3446 4282 muro

1875 4335 2037 4380 erant
2107 4325 2556 4395 colloqueretur,
2623 4323 2801 4380 Rufus
2879 4322 3100 4392 quidam
3179 4319 3458 4374 Romanus

1878 4418 2038 4472 miles
2064 4459 2079 4482 ,
2111 4433 2312 4488 genere
2339 4416 2627 4488 Egyptius
2647 4457 2661 4482 ,
2690 4416 2874 4472 subito
2904 4413 3141 4470 accurrit
3160 4455 3175 4474 ,
3207 4423 3263 4468 et
3303 4412 3458 4466 Eleas-

1879 4523 2066 4562 zarum
2117 4524 2244 4562 cum
2305 4508 2438 4578 ipsis
2493 4509 2663 4562 armis
2722 4507 3048 4570 sublatum,
3089 4504 3342 4559 celeriter
3401 4503 3459 4557 in

225 4608 517 4676 κουμένοις,
549 4607 726 4678 τόλμῃ
769 4606 997 4675 θρασὺς,
1041 4608 1306 4661 καὶκατὰ
1349 4610 1510 4678 χεῖρα
1535 4607 1761 4679 δραστή-

1881 4610 2062 4656 castra
2129 4602 2504 4656 Romanorum
2569 4599 2844 4654 transfert.
2902 4598 3073 4664 Quem
3154 4610 3278 4650 cum
3348 4593 3461 4648 dux

233 4714 350 4767 ριος,
395 4699 658 4769 Ἐλεάζαρ
693 4697 1052 4768 καλούμενος,
1093 4697 1151 4761 ὃς
1177 4697 1380 4763 ἐξιέναι
1420 4700 1513 4751 καὶ
1550 4697 1782 4753 κωλύειν

229 4790 314 4862 τὴν
340 4792 503 4863 χῶσιν
548 4790 885 4860 παρακαλῶν
913 4789 1040 4852 τοὺς
1069 4789 1320 4853 πολλοὺς,
1347 4789 1405 4842 ὲν
1431 4793 1552 4853 ταῖς
1581 4790 1786 4862 μάχαις

231 4879 638 4948 ἐπιφανέστατος
668 4879 881 4946 γέγονε,
917 4877 1088 4930 πολλὰ
1109 4879 1236 4941 τοὺς
1278 4877 1584 4947 Ῥωμαίους
1614 4877 1785 4933 διατι-

235 4967 351 5033 θείς.
390 4969 495 5023 Καί
522 4987 652 5022 ποτε
689 4969 788 5036 τῆς
823 4969 1006 5039 μάχης
1029 4967 1430 5038 διακριθείσης,
1462 4969 1624 5031 αὐτὸς
1661 4967 1784 5038 μεί-

235 5079 316 5124 νας
344 5063 443 5130 ἔξω
486 5063 594 5117 τῶν
643 5060 852 5124 πυλῶν,
883 5063 997 5123 τοῖς
1041 5061 1135 5113 ἐπὶ
1168 5059 1262 5113 τοῦ
1300 5060 1516 5130 τείχους
1560 5057 1782 5128 ὡμίλει.

246 5152 450 5224 Ῥοῦφος
473 5155 530 5209 δέ
558 5171 640 5217 τις
664 5153 760 5206 τοῦ
791 5151 1102 5222 Ῥωμαϊκοῦ
1129 5145 1517 5224 στρατοπέδου,
1543 5152 1604 5204 τὸ
1629 5150 1786 5218 γένος

239 5249 530 5316 Αἰγύπτιος,
560 5247 822 5316 ἐξαίφνης
865 5245 1206 5315 ἐπιδραμὼν,
1243 5247 1342 5299 σὺν
1371 5245 1561 5308 ὅπλοις
1603 5242 1788 5304 αὐτοῖς

241 5341 590 5410 τὸνἙλεάζαρ
621 5341 915 5408 ἀράμενος,
953 5335 1147 5406 φθάνει
1181 5336 1436 5406 μεταθεὶς
1461 5337 1539 5398 είς
1569 5335 1632 5387 τὸ
1665 5334 1798 5386 Ῥω-

245 5433 401 5499 μαίων
436 5430 820 5503 στρατόπεδον.
851 5427 960 5483 Τοῦ
994 5429 1051 5482 δὲ
1090 5428 1398 5500 στρατηγοῦ
1428 5425 1790 5497 γυμνωθῆναι

244 5525 573 5586 κελεύσαντος
600 5522 783 5586 αὐτὸν,
815 5523 909 5574 καὶ
943 5519 1320 5590 μαστίζεσθαι,
1346 5517 1655 5589 βλεπόντων
1679 5514 1786 5569 τῶν

245 5612 301 5662 ὲκ
338 5611 428 5679 τῆς
480 5612 708 5674 πόλεως,
756 5608 952 5678 ἁθρόον
1000 5607 1034 5678 ἡ
1085 5606 1238 5668 πόλις
1290 5602 1580 5675 ἀνῴμωξε.
1621 5600 1792 5655 Τοῦτο

249 5705 372 5760 κατὰ
393 5707 494 5758 τῶν
521 5703 798 5776 πολεμίων
835 5701 863 5752 ὁ
896 5701 1105 5761 Βάσσος
1137 5697 1504 5769 στρατήγημα
1532 5696 1792 5764 ἐποιήσα-

247 5816 318 5863 το,
342 5801 426 5858 καὶ
453 5799 682 5868 σταυρὸν
722 5793 1024 5866 προσέταξε
1066 5789 1545 5858 καταπήγνυσθαι,
1579 5788 1652 5848 ὡς
1696 5787 1791 5839 αύ-

249 5891 358 5946 τίκα
383 5891 664 5966 >,ρεμάσων
694 5889 784 5944 τὸν
826 5885 1171 5959 Ἐλεάζαρον.
1204 5883 1264 5937 Ol
1292 5883 1336 5935 δ’
1364 5881 1470 5937 ἀπὸ
1498 5879 1586 5934 τοῦ
1624 5897 1785 5952 φρομ

1882 4692 2114 4755 nudari,
2143 4700 2200 4746 et
2242 4693 2294 4745 in
2319 4702 2615 4761 conspectu
2643 4690 2845 4744 civium
2889 4687 3071 4758 ﬂagris
3099 4686 3234 4741 caedi
3263 4684 3459 4756 jussis-

1884 4793 1989 4845 set,
2019 4783 2273 4838 universa
2300 4783 2494 4838 civitas
2526 4781 2812 4851 ingemuit.
2854 4780 2930 4833 Ea
2963 4794 3021 4832 re
3044 4778 3244 4832 Bassus
3263 4791 3464 4846 oppor-

1884 4883 2019 4930 tune
2081 4886 2272 4930 contra
2322 4876 2510 4930 hostes
2561 4889 2732 4939 usus,
2776 4886 2996 4926 crucem
3049 4869 3212 4941 defigi
3258 4869 3462 4942 jussit,

1885 4966 2044 5037 quasi
2092 4966 2412 5022 Eleazarum
2453 4968 2635 5020 statim
2660 4965 2718 5019 in
2747 4979 2868 5019 eam
2901 4963 3067 5017 vellet
3094 4962 3312 5017 tollere.
3337 4960 3460 5028 Quo

1887 5063 2205 5126 compecto,
2227 5057 2263 5110 ii
2280 5073 2375 5126 qui
2401 5056 2455 5110 in
2484 5056 2710 5111 castello
2733 5063 2898 5110 erant
2915 5096 2930 5116 .
2957 5055 3130 5126 magis
3145 5055 3462 5118 doluerunt,

1889 5147 2142 5202 maximis
2185 5146 2438 5217 suspiriis
2491 5145 2678 5200 editis.
2739 5145 3038 5201 Eleazarus
3094 5160 3315 5216 quoque
3367 5157 3466 5199 eos

1888 5241 2129 5310 rogavit,
2159 5253 2230 5293 ne
2275 5252 2335 5292 se
2365 5237 2438 5292 ita
2481 5237 2622 5291 mori
2667 5236 2956 5302 sinerent,
2988 5245 3046 5294 et
3067 5251 3181 5292 sua
3219 5236 3464 5304 ipsorum

1889 5331 2082 5386 salutis
2111 5343 2382 5385 memores
2403 5368 2417 5392 ,
2449 5329 2820 5383 Romanorum
2867 5328 3079 5382 viribus
3131 5336 3188 5383 et
3227 5326 3465 5381 fortuna

1888 5419 2169 5476 cederent.
2219 5419 2302 5474 llli
2339 5426 2396 5473 et
2441 5418 2684 5473 Eleazari
2725 5419 2914 5473 verbis
2937 5417 3129 5477 fracti,
3172 5424 3229 5470 et
3265 5414 3468 5468 multo-

1891 5529 2012 5570 rum
2044 5527 2143 5582 pro
2181 5526 2250 5567 eo
2289 5510 2703 5582 deprecantium
2737 5510 2994 5579 precibus
3027 5507 3166 5577 (erat
3205 5505 3354 5561 enim
3393 5519 3464 5560 ex

1892 5619 2089 5675 magna
2131 5612 2189 5659 et
2230 5602 2496 5674 populosa
2533 5600 2760 5666 familia)
2789 5598 3050 5663 adducti,
3082 5597 3149 5652 ad
3178 5591 3468 5654 commisec

1893 5695 2167 5750 rationem
2213 5693 2555 5750 deﬂexerunt
2603 5710 2618 5748 :
2671 5690 2964 5758 missisque
3011 5687 3202 5758 legatis
3254 5687 3468 5744 castelli

1893 5786 2227 5842 deditionem
2258 5786 2662 5856 promiserunt,
2691 5782 2736 5838 si
2760 5788 2985 5850 accepto
3012 5779 3276 5835 Eleazaro
3297 5779 3466 5836 salvis

1890 5878 2172 5940 d;scedcre
2196 5878 2401 5936 liceret.
2435 5877 2604 5947 Quam
2646 5872 3012 5934 conditionem
3041 5870 3135 5931 ubi
3170 5872 3277 5929 dux
3309 5888 3464 5930 accc-
