3862 6550
415 392 522 458 543
1708 396 2004 460 JOANNIS

2107 395 2398 456 ZONAIL-E
3545 394 3634 455 εἰ

413 509 560 564 cium
605 506 908 580 effugeret.
943 517 999 563 et
1025 509 1238 582 Catyllo
1284 510 1600 580 iniquorum
1643 511 1987 566 emolumen-

2107 509 2314 570 zéraro;
2361 507 2667 576 ἆνθρωποῖ,
2702 510 2799 577 τὴν
2830 508 3027 578 τέχνην
3063 507 3328 577 ὑφάντης.
3375 510 3516 571 tu};
3545 512 3638 563 τιῖν

417 608 596 653 torum
637 616 797 655 ansas
839 602 1108 670 prwberet
1155 620 1170 658 :
1221 603 1520 658 ditissimos
1577 603 1722 658 enim
1772 603 1991 658 Iudaeos

2107 600 2316 668 ὶπόρων
2367 598 2624 651 ἀνέπεισε
2679 600 2970 670 προσέχειν
3013 599 3185 670 αύτῷ,
3222 600 3315 651 καὶ
3354 603 3642 669 προήγαγεν

2094 692 2170 751 είς
2194 691 2291 761 τὴν
2315 689 2541 760 ἔρημον,
2567 694 2768 760 σημεῖα
2789 691 2984 756 δείξειν
3015 691 3107 744 καὶ
3143 690 3353 759 τέρατα
3381 691 3642 760 ὑπισχνού-

2097 800 2276 852 μενος.
2318 785 2379 836 Ol
2408 783 2464 835 δὲ
2493 783 2602 836 τῶν
2637 783 2730 836 ἐπὶ
2773 784 3029 854 Κυρήνης
3057 783 3331 836 Ἰουδαίων
3367 785 3645 852 πρωτεύον-

2093 891 2204 937 τες,
2231 874 2494 942 Κατύλλῳ
2516 875 2591 943 τῷ
2622 875 2719 944 τῆς
2741 876 2997 945 Κυρήνης
3018 875 3247 944 ἡγεμόνι
3276 873 3442 927 ταῦτα
3473 877 3647 944 me»

2095 965 2297 1021 λουσιν.
2345 965 2404 1018 '0
2436 966 2490 1018 δὲ
2532 966 2869 1036 στρατιώτας
2902 966 3252 1031 ἀποστείλας,
3288 967 3503 1036 συνέσχε
3537 970 3644 1033 τοὺς

2100 1056 2240 1126 μετὰ
2284 1057 2554 1110 Ἰωνάθου.
2585 1056 2758 1118 Αὐτὸς
2781 1057 2835 1110 δὲ
2864 1057 2892 1109 ό
2933 1056 3188 1122 Ἰωνάθης
3214 1056 3338 1108 τότε
3366 1057 3461 1126 μὲν
3483 1057 3646 1126 διέφυ-

2097 1165 2226 1216 γεν·
2261 1149 2538 1218 ἐπιμελῶς
2577 1149 2634 1202 δὲ
2662 1147 2920 1220 ξητηθεὶς
2949 1147 3084 1219 ἥλω,
3123 1148 3220 1201 καὶ
3251 1148 3501 1217 ἀναχθεὶς
3531 1151 3646 1219 πρδς

2096 1244 2189 1296 τὸν
2232 1245 2495 1314 ἡγεμόνα.
2544 1245 2724 1314 ἑαυτῴ
2777 1245 2876 1314 μὲν
2904 1244 3222 1313 ἐμηχανᾶτο
3261 1242 3364 1312 τῆς
3404 1244 3647 1312 τιμωρίας

2097 1335 2350 1400 ὲξάλυξτν
2375 1353 2389 1366 ·
2437 1337 2514 1405 τῷ
2551 1336 2817 1406 Κατύλλῳ
2849 1336 2906 1389 δὲ
2941 1336 3201 1406 ἀφορμάς
3239 1335 3437 1389 ἀδίκων
3469 1336 3648 1403 κερδῶν

2099 1429 2547 1499 περιεποιήσατο.
2582 1429 2720 1490 Τοὺς
2759 1428 2868 1496 γάρ
2909 1427 3356 1489 πλουσιωτάτους
3400 1425 3503 1478 τῶν
3538 1427 3651 1479 Ἰου-

2097 1519 2266 1573 δαίων
2313 1520 2489 1588 ἔλεγε,
2537 1521 3014 1590 καταψευδόμενος
3069 1520 3277 1583 αὐτῶν,
3324 1519 3648 1582 διδασκάλους

417 705 611 744 eurum
679 691 982 746 facinorum
1053 693 1158 747 sibi
1210 704 1462 749 auctores
1524 696 1800 750 exstitisse
1852 695 1992 748 falso

417 784 723 839 asserebat.
775 785 922 850 Quas
976 787 1282 841 calumnias
1331 802 1530 855 praeses
1569 786 1827 840 alacriter
1873 801 1991 840 am-

420 880 614 945 plexus
635 921 649 940 ,
684 889 881 947 praeter
909 895 1028 933 eam
1061 880 1437 934 credulitatem
1481 880 1710 934 sicarios
1743 880 1992 934 eamdem

422 972 750 1024 calumniam
783 972 1047 1027 edocebat
1085 991 1099 1029 :
1131 973 1222 1041 qui
1253 973 1322 1027 ab
1360 974 1450 1027 illo
1491 974 1774 1028 subornati
1803 1013 1817 1036 ,
1855 975 1996 1027 mul-

425 1072 510 1116 tos
558 1075 906 1118 accusarunt.
959 1066 1034 1119 Ac
1102 1066 1415 1120 .luda:ornm
1475 1067 1817 1122 calamitates
1878 1078 1992 1121 tum

425 1154 572 1207 hunc
618 1155 777 1208 tinem
830 1155 1174 1220 habuerunt,
1222 1156 1611 1228 Hierosolymis
1655 1175 1684 1213 a
1737 1159 1996 1213 Romanis

420 1255 728 1316 extremum
760 1249 986 1302 eversis.
1034 1250 1189 1312 Post,
1231 1249 1334 1304 sub
1365 1250 1510 1304 Ailio
1557 1249 1799 1304 Adriano
1827 1251 1996 1320 impc-

419 1345 598 1392 ratore
629 1353 822 1394 rursus
851 1356 948 1408 per
973 1341 1300 1396 seditionem
1332 1358 1480 1395 arma
1509 1352 1698 1397 contra
1723 1342 1996 1396 Romanos

421 1439 728 1498 ceperunt:
780 1433 874 1486 sed
910 1442 1023 1488 tum
1064 1451 1281 1504 quoque
1310 1436 1480 1499 victi,
1514 1437 1795 1505 attritique
1828 1445 1994 1500 Sunt,

423 1518 610 1573 multis
644 1521 890 1577 millibus
921 1523 1554 1596 interfectis,lperpaucis
1571 1527 1994 1594 superstitibus:

422 1607 476 1662 id
517 1611 662 1678 quod
704 1628 805 1668 suo
838 1616 960 1669 loco
997 1616 1289 1672 referetur.
1327 1619 1444 1673 Jam
1472 1633 1595 1672 cum
1621 1619 1995 1674 Romanorum

2107 1613 2248 1682 αὐτῷ
2291 1613 2395 1665 τῶν
2429 1613 2722 1682 δρωμένων
2751 1611 3032 1679 γενέσθαι.
3072 1613 3185 1666 Καὶ
3215 1613 3244 1664 ό
3277 1609 3497 1682 ἡγεμὼν
3534 1628 3648 1682 προσ

423 1701 758 1758 mentionem
810 1704 1005 1761 fecerit
1051 1708 1278 1763 historia
1307 1749 1322 1773 ,
1352 1710 1543 1779 eisque
1589 1711 1883 1780 p0tentiam
1917 1712 1998 1765 in-

2107 1703 2290 1772 θύμως
2318 1705 2535 1774 ἐδέχετο
2564 1705 2663 1768 τὰς
2695 1704 2947 1767 διαϐολάς
2968 1721 2981 1734 ·
3020 1705 3157 1775 πρὸς
3189 1703 3247 1757 δὲ
3286 1703 3364 1774 τῷ
3398 1705 3650 1758 πιστεύειν

426 1790 625 1846 victam
675 1796 930 1852 tribuerit
957 1817 971 1854 :
999 1800 1226 1854 omnino
1265 1801 1641 1856 necessarium
1686 1811 1770 1856 est
1807 1801 1995 1857 dicere

2107 1796 2322 1864 ῥᾳδίως,
2356 1800 2448 1848 καὶ
2479 1798 2579 1866 τὴν
2616 1795 2782 1865 ψευδῆ
2833 1796 3170 1867 κατηγορίαν
3217 1795 3347 1858 τοὺς
3401 1797 3651 1864 σικαρίους

425 1898 490 1937 ac
527 1883 762 1951 docere,
801 1901 900 1944 aut
947 1891 1245 1947 admonere
1290 1895 1525 1948 lectores
1549 1934 1562 1958 ,
1604 1896 1694 1964 qui
1741 1895 1849 1948 sint
1885 1895 1999 1948 Ro—

2107 1863 2366 1952 ὲδίδασκε,
2400 1889 2493 1940 καὶ
2526 1863 2738 1941 πολλῶν
2763 1863 3169 1952 κατεῖπονξὺπ⁹
3201 1888 3414 1942 ἐκείνου
3448 1863 3654 1942 ὑποϐαλ-

425 1977 610 2043 mani,
653 1996 774 2049 quae
834 1983 1013 2052 gentis
1066 1985 1247 2055 origo,
1291 1985 1436 2041 unde
1497 2002 1699 2041 nomen
1761 1986 1994 2050 habeat,

2107 1977 2341 2046 λόμενοι.
2390 1978 2652 2032 Ἐνταῦθα
2697 1979 2798 2048 μὲν
2834 1974 2929 2031 οὖν
2978 1980 3100 2032 τότε
3149 1980 3220 2032 τά
3264 1979 3374 2031 τῶν
3416 1979 3651 2032 Ἰουδαίων

425 2069 626 2138 quibus
653 2088 833 2128 rerum
873 2076 1212 2143 publicarum
1242 2077 1432 2132 formis
1465 2095 1558 2133 usa
1579 2119 1592 2143 ,
1631 2079 1832 2148 quibus
1855 2079 2000 2134 casi-

2107 2071 2430 2143 ἑτελεύτησε
2470 2072 2638 2142 πάθη,
2692 2073 2797 2126 ὑπὸ
2839 2073 3132 2141 Ῥωμαίων
3179 2075 3282 2142 τῆς
3327 2069 3652 2144 Ἰερουσαλὴμ

429 2156 532 2212 bus
577 2161 779 2230 jactata
829 2165 934 2229 sit,
989 2166 1190 2234 quibus
1246 2167 1556 2223 rationibus
1605 2169 1672 2223 ad
1733 2184 2000 2222 summam

2107 2167 2202 2237 τὴν
2235 2167 2556 2221 τελευταίαν
2603 2167 2939 2237 ὑποστάσης,
2976 2165 3203 2220 ἅλωσιν.
3237 2165 3348 2220 Καὶ
3409 2163 3559 2229 αὖθις
3603 2166 3651 2220 δὲ

423 2248 752 2324 felicitatem
788 2257 1137 2323 ascenderit,
1187 2269 1243 2314 ut
1279 2262 1377 2316 toti
1425 2260 1538 2315 fere
1571 2270 1841 2317 terrarum
1881 2263 2001 2317 orbi

2107 2258 2282 2312 Αἰλίου
2319 2258 2427 2312 τῶν
2475 2258 2764 2328 Ῥωμαίων
2809 2258 3142 2329 κρατοῦντος
3189 2256 3468 2329 ’Λδριανοῦ
3511 2260 3648 2312 ἑστα-

426 2340 742 2409 imperarit.
785 2361 1052 2417 suamque
1109 2359 1435 2418 potestatem
1497 2352 1566 2405 ad
1614 2367 1806 2407 onmes
1865 2368 2004 2422 pune

2108 2351 2304 2403 σίασαν
2349 2351 2615 2415 Ἰουδαῖοι,
2658 2350 2754 2403 καὶ
2791 2351 2932 2404 κατὰ
2976 2349 3272 2418 Ῥωμαίων
3308 2347 3650 2418 ώπλίσθησαν.

423 2438 776 2506 propagarit:
819 2451 876 2494 et
929 2450 988 2494 ut
1030 2443 1298 2513 principio
1352 2445 1571 2514 regibus
1619 2446 1905 2515 paruerit,
1941 2461 2004 2500 ac

2117 2443 2278 2494 Ἀλλὰ
2302 2443 2397 2495 καὶ
2421 2444 2540 2495 τότε
2567 2443 2880 2513 ήττήθησάν
2911 2459 2991 2506 τε,
3025 2443 3119 2495 καὶ
3143 2441 3517 2512 ὲξετρίσησαν,
3547 2441 3652 2494 πολ-

413 2533 551 2590 -post
572 2524 639 2578 ad
669 2528 995 2595 optimatum
1047 2543 1403 2600 potestatem,
1433 2536 1550 2589 sive
1584 2535 1911 2590 dictaturam
1947 2545 2002 2591 et

2107 2536 2213 2588 λῶν
2259 2536 2572 2606 φθαρεισῶν
2627 2537 2937 2606 μυριάδων,
2974 2536 3048 2598 ὡς
3095 2535 3218 2588 λίαν
3264 2534 3650 2606 περιλειφθῆναι

427 2617 770 2673 consulatum
809 2621 1069 2677 reciderit
1105 2641 1119 2679 :
1157 2625 1354 2678 deinde
1387 2642 1578 2680 rursus
1624 2627 1690 2680 ad
1719 2626 2004 2681 democra-

2111 2627 2354 2697 βραχεῖς,
2385 2629 2516 2696 περὶ
2546 2622 2619 2680 ὧν
2655 2630 2713 2680 ὲν
2751 2630 2862 2690 τοῖς
2907 2627 3056 2690 ίδίοις
3093 2631 3287 2690 τόποις
3327 2626 3652 2697 ίστορηθήσε-

431 2709 560 2761 tiam
607 2710 900 2777 devoluta,
955 2731 1080 2769 mox
1120 2717 1186 2770 ad
1233 2719 1602 2772 monarchiam
1649 2719 1722 2773 sit
1767 2734 2003 2773 reversa.

2107 2738 2220 2772 ται.
2258 2719 2543 2789 Ῥωμαίων
2565 2719 2620 2772 δὲ
2651 2718 2985 2790 μνησθείσης
3012 2718 3108 2789 τῆς
3142 2718 3410 2786 ἱστορίας,
3441 2720 3528 2771 καὶ
3550 2717 3652 2770 τού·

2105 2831 2221 2876 τοις
2259 2814 2456 2882 κράτος
2489 2813 2833 2882 ἀναθεμένης
2863 2814 3156 2881 ἀήττητον,
3201 2811 3496 2879 ἀναγκαῖον
3535 2808 3651 2862 πάν-

2111 2922 2218 2967 τως
2249 2906 2429 2956 εἱπεῖν
2463 2907 2557 2956 καὶ
2577 2903 2838 2972 διδάξαιῆ
2874 2903 3187 2972 ἀναμνῆσαι
3217 2903 3344 2964 τοὺς
3367 2899 3653 2968 ἐντευξομέ-

2107 3015 2232 3060 νους
2253 2998 2428 3065 τούτῳ
2450 2996 2515 3066 δὴ
2538 2994 2613 3064 τῷ
2639 2996 3054 3064 συγγράμματι,
3072 2993 3219 3054 τίνες
3242 3008 3301 3044 τε
3326 2992 3375 3044 oi
3404 2991 3651 3060 Ῥωμαῖοι,

2109 3093 2202 3143 καὶ
2222 3090 2345 3144 ὅθεν
2373 3088 2577 3141 τούτων
2613 3089 2761 3150 ἔθνος
2791 3087 3082 3156 συνέστητο
3119 3085 3179 3150 ἐξ
3208 3086 3404 3156 ἀρχῆς,
3436 3085 3524 3138 καὶ
3570 3082 3652 3133 7:6-

2111 3184 2204 3237 Θεν
2239 3185 2340 3252 τὴν
2371 3182 2560 3252 κλῆσιν
2591 3181 2741 3251 ἔσχε,
2781 3180 2877 3234 καὶ
2907 3178 3016 3232 τίσι
3049 3178 3354 3242 πολιτείαις
3392 3178 3652 3248 ἐχρήσατο,

433 3263 527 3317 καὶ
556 3264 698 3331 οἵαις
724 3267 918 3340 τύχαις
952 3271 1234 3345 ἐνέκυρσε,
1266 3275 1362 3330 καὶ
1393 3275 1541 3340 ὅπως
1571 3277 1882 3349 προῦκοιῖιεν
1924 3281 2004 3341 είς
2043 3279 2394 3349 εὐδαιμονίας
2456 3277 2759 3347 ἀκρότητα,
2791 3274 2868 3338 ὡς
2930 3272 3131 3344 μικροῦ
3163 3272 3450 3343 κυριεῦσαι
3476 3271 3566 3339 τῆς
3587 3269 3652 3321 ol-

433 3357 709 3430 κουμένης
735 3362 975 3436 ἁπάσης,
1009 3368 1188 3422 καὶτὸ
1215 3371 1414 3440 κράτος
1453 3371 1596 3424 κατὰ
1655 3373 1875 3427 πάντων
1945 3373 2138 3443 σχεδὸν,
2187 3373 2586 3441 ἀναδήσασθαι,
2658 3372 2749 3421 καὶ
2795 3369 2942 3431 ὅπως
2993 3367 3312 3436 βασιλευθὲν
3363 3366 3418 3430 ἐξ
3484 3364 3649 3436 ἀρχῆς,

430 3451 513 3513 εἰς
562 3453 990 3528 ἀριστοκρατίαν
1030 3462 1151 3532 ἦτοι
1217 3462 1570 3534 δικτατορίας
1632 3467 1728 3520 καὶ
1771 3465 2038 3527 ὑπατείας
2083 3465 2374 3534 μετέπεσε,
2447 3463 2542 3516 καὶ
2613 3465 2692 3524 εἰς
2743 3460 3117 3529 δημοκρατίαν
3163 3459 3323 3521 αὖθις
3364 3459 3650 3528 μετήνεκτο,

432 3539 552 3598 εἶτα
592 3549 672 3612 είς
716 3554 1017 3623 μοναρχίαν
1054 3556 1442 3626 ἐπανελήλυθε.
1535 3558 1757 3626 Ῥητέον
1835 3576 1925 3627 μοι
1998 3556 2181 3610 τοίνυν
2240 3560 2336 3610 καὶ
2394 3557 2526 3627 περὶ
2604 3555 2834 3620 τούτων,
2888 3555 2982 3607 καὶ
3034 3553 3347 3624 διηγητέον,
3406 3553 3478 3614 ὼς
3532 3550 3651 3608 ἐνὸν.

432 3641 777 3714 ὲπιτέμνοντι
826 3649 891 3701 τὸ
949 3648 1152 3713 πλάτος
1206 3651 1301 3720 τῆς
1359 3653 1683 3722 διηγήσεως,
1723 3655 1819 3707 καί⁵
1871 3657 1973 3724 τὴν
2015 3653 2397 3723 μακρηγορίαν
2459 3651 2826 3716 συστέλλοντι,
2860 3651 2926 3702 ἵν’
2995 3645 3104 3702 εἷεν
3151 3649 3456 3703 εὐσύνοπτα
3485 3647 3544 3700 τὰ
3567 3647 3649 3713 τῆς

435 3734 700 3806 ἱστορίας,
739 3740 835 3793 καὶ
871 3740 968 3806 τὴν
1000 3741 1111 3796 τῶν
1145 3743 1410 3798 ἐπιόντων
1445 3744 1620 3800 ταῦτα
1671 3747 1893 3818 μνήμην
1931 3747 2007 3817 μὴ
2044 3745 2416 3816 διαφεύγοιεν.

437 2800 510 2856 De
547 2803 630 2858 his
679 2805 846 2875 igitur
868 2809 1032 2862 etiam
1067 2810 1363 2864 dicendum
1389 2821 1506 2876 est,
1538 2813 1849 2881 prolixitate
1881 2828 2010 2865 nar-

431 2895 694 2962 rationis,
755 2911 1020 2968 quantum
1075 2902 1193 2956 ﬁeri
1255 2912 1469 2971 potest.
1518 2904 1573 2957 in
1622 2904 2006 2973 compendium

433 2997 752 3056 contracta,
803 2991 1080 3063 vitataque
1135 2995 1430 3049 verborum
1495 2996 1844 3049 multitudine
1893 3010 1908 3051 :
1951 3005 2010 3048 ut

433 3074 664 3131 historia
720 3087 777 3132 et
840 3079 999 3137 facile
1071 3083 1336 3154 intelligi,
1379 3099 1436 3139 et
1496 3084 1763 3138 memoria
1833 3083 2009 3138 teneri

433 3178 619 3237 queat.

1405 4108 1568 4180 σιτ
1643 4087 2005 4178 LIBER
2073 4085 2708 4179 SEPTIMUS.

509 4273 550 4327 l.
589 4273 791 4331 [Encas
835 4284 958 4344 post
1001 4276 1298 4349 Trojanum
1330 4257 1535 4335 bellum
1567 4282 1635 4336 ad
1663 4282 2004 4354 Aborigenes

2179 4281 2257 4338 A'.
2311 4283 2529 4347 Αίνείας
2586 4284 2726 4354 μετά
2779 4283 2870 4337 τὸν
2929 4281 3177 4351 Τρωῖκὸν
3255 4279 3482 4348 πόλεμον
3533 4273 3648 4345 πρὸς

437 4367 610 4430 venit,
643 4368 738 4436 qui
771 4382 893 4423 eam
925 4369 1232 4439 regionem,
1276 4372 1333 4426 in
1377 4387 1487 4441 qua
1527 4374 1701 4429 Roma
1751 4375 1854 4430 sita
1898 4383 2004 4442 est,

2122 4376 2502 4448 ’Λσορρίγινας
2534 4378 2750 4446 ἀφῖκτο,
2777 4377 2827 4429 οῖ
2879 4373 3073 4446 πρώην
3143 4373 3241 4444 τὴν
3275 4372 3453 4444 χώραν
3477 4367 3647 4439 ᾤκουν.

437 4462 568 4514 olim
603 4470 920 4525 tenuerunt,
962 4461 1158 4518 Latino
1196 4464 1371 4518 Fauni
1421 4464 1535 4520 ﬁlio
1585 4475 1851 4537 regnante
1891 4485 1904 4520 :
1951 4476 2004 4522 et

2110 4467 2232 4522 καθ’
2259 4469 2328 4538 ἢν
2371 4469 2404 4540 ἡ
2440 4467 2628 4540 Ῥώμη
2677 4467 3027 4532 πεπόλισται,
3081 4467 3314 4520 Λατίνου
3352 4461 3442 4517 τοῦ
3470 4458 3648 4514 Φαύνου

440 4553 702 4608 Laurenti
730 4554 883 4624 juxta
919 4553 1149 4610 ﬂuvium
1188 4554 1502 4611 Numicium
1533 4559 1765 4627 appulit,
1806 4557 1900 4613 ubi
1942 4575 2011 4614 ex

439 4646 664 4700 oraculo
690 4647 927 4716 quodam
985 4647 1274 4702 considere
1322 4648 1517 4702 voluit.
1551 4649 1706 4716 Quod
1737 4651 1860 4721 ejus
1889 4650 2010 4716 tloci

439 4750 533 4789 rex
570 4733 797 4790 Latinus
845 4736 1252 4806 prohibiturus,
1281 4739 1576 4794 commisso
1609 4727 1798 4808 praelio
1837 4740 2014 4795 vinci-

438 4835 551 4882 tur.
589 4827 794 4881 Deinde
827 4842 925 4898 per
948 4829 1185 4894 somnia,
1218 4846 1340 4900 quae
1371 4841 1600 4901 uterque
1622 4832 1897 4895 viderant,
1929 4848 2013 4888 re-

439 4918 718 4973 conciliati
741 4928 870 4973 sunt
898 4938 912 4974 :
937 4936 1001 4976 ac
1018 4920 1248 4976 Latinus
1275 4937 1540 4979 concesso
1561 4924 1845 4980 habitandi
1864 4927 2009 4991 loco,

443 5012 608 5066 filiam
654 5012 935 5066 Laviniam
976 5013 1181 5070 rEneze
1209 5015 1265 5069 in
1299 5018 1710 5072 matrimonium
1755 5019 2010 5088 collocat,

441 5110 511 5162 de
548 5109 710 5177 cujus
734 5110 959 5165 nomine
985 5110 1180 5165 urbem
1211 5127 1242 5166 a
1271 5127 1330 5166 se
1359 5113 1634 5168 conditam
1671 5112 1874 5169 Encas
1911 5114 2016 5168 La-

441 5203 652 5254 vinium
697 5201 948 5256 nominat
997 5219 1013 5256 :
1067 5203 1218 5271 regio
1259 5203 1495 5268 Latium,
1552 5206 1788 5275 populus
1832 5206 2013 5261 Latini

443 5295 724 5363 appellati.
749 5295 938 5350 Rutuli
963 5310 1100 5366 gens
1127 5294 1375 5359 finitima,
1407 5297 1541 5351 urbe
1565 5299 1740 5352 Ardea
1769 5300 2012 5364 oriundi,

441 5403 570 5444 ante
601 5389 797 5443 infensi
823 5388 1184 5453 Latinis,tnm
1209 5403 1428 5457 quoque
1460 5390 1660 5444 bellum
1689 5392 2017 5454 intulerunt.

443 5481 741 5544 adiuvante
785 5479 974 5534 Turno
1019 5483 1141 5534 viro
1169 5481 1389 5546 illustri,
1425 5494 1658 5552 cognato
1689 5484 1890 5549 Latini,
1926 5487 2016 5540 cui

443 5571 516 5624 ob
537 5570 777 5624 Lavinia:
795 5569 1016 5639 nuptias
1042 5571 1214 5625 iratus
1243 5579 1382 5634 erat.
1408 5573 1512 5628 sibi
1538 5575 1692 5644 prius
1707 5577 2010 5645 desponsae.

2110 4560 2233 4614 τότε
2256 4560 2356 4630 τὴν
2387 4559 2594 4613 τούτων
2623 4560 2797 4631 ἀρχὴν
2823 4559 3064 4630 ἔχοντοςο
3097 4559 3193 4612 καὶ
3233 4556 3493 4628 προσέσχε
3522 4552 3646 4605 Λαυ-

2114 4653 2291 4725 ρέντῳ
2329 4654 2473 4707 κατὰ
2507 4652 2599 4706 τὸν
2648 4651 2951 4722 Νουμικιον
2991 4651 3260 4720 ποταμὸν,
3292 4649 3420 4702 ἔνθα
3447 4642 3574 4700 κατά
3605 4655 3648 4692 τι

2111 4742 2177 4814 δὴ
2202 4741 2526 4814 θεοπρόπιον
2553 4741 2772 4810 λέγεται
2795 4740 3324 4810 παρασκευάζεσθαι
3349 4731 3648 4808 ποιήσασθαι

2111 4835 2212 4906 τὴν
2249 4836 2590 4907 κατοίκησιν.
2633 4835 2691 4890 '0
2732 4835 2790 4890 δὲ
2844 4835 2946 4906 τῆς
2997 4832 3182 4906 χώρας
3221 4835 3401 4905 ἄρχων
3449 4827 3649 4884 Λατῖνος

2113 4929 2346 4999 ἀπεῖργε
2391 4927 2468 4998 τῷ
2494 4928 2680 4998 Αἰνείᾳ
2701 4927 2801 4996 τὴν
2839 4927 2899 4980 ὲν
2927 4930 2994 4997 τῇ
3030 4927 3185 4998 χώρα
3222 4925 3542 4995 καθίδρυσιν,
3569 4912 3647 4970 καὶ

2117 5019 2412 5090 συμϐαλὼν
2461 5021 2716 5090 ἡττᾶται.
2773 5013 2906 5074 Εἶτα
2960 5019 3030 5073 δι’
3063 5013 3356 5088 ὀνειράτων
3405 5011 3647 5084 φανέντων

2113 5112 2319 5181 ἀμφοῖν
2350 5111 2830 5178 καταλλάττονται,
2861 5111 3082 5182 καὶτῆς
3111 5110 3477 5180 κατοικήσεως
3519 5095 3646 5167 αὺτῷ

2115 5206 2440 5274 παραχωρεῖ
2466 5220 2480 5236 ο
2506 5204 2602 5257 καὶ
2632 5204 2732 5274 τὴν
2764 5203 3044 5274 θυγατέρα
3080 5201 3370 5257 Δαουῖνίαν
3391 5199 3469 5261 είς·
3493 5193 3645 5260 γάμον

2115 5297 2416 5352 ἐκδίδωσιν.
2480 5296 2652 5350 Ἔνθα
2706 5297 2864 5350 πόλιν
2929 5299 2958 5350 ό
3026 5296 3241 5358 Αἰνείας
3298 5287 3640 5358 οἶκοδομήσιςν

2116 5390 2373 5458 ὠνόμασε
2434 5389 2717 5442 Λαουϊνιον
2743 5405 2756 5419 ·
2787 5390 2884 5459 ἦτε
2938 5386 3091 5459 χώρα
3145 5388 3342 5441 Λάτιον
3378 5375 3640 5445 ἐπεκλήθης

2118 5482 2210 5534 καὶ
2237 5481 2288 5533 οἱ
2325 5480 2602 5548 ἄνθρωποι
2630 5479 2680 5532 οἱ
2715 5480 2832 5532 ἐκεῖ
2869 5480 3094 5532 Λατῖνοι
3134 5470 3638 5547 προσηγορεύθησαν.

2128 5573 2432 5628 Ῥουτοῦλοι
2462 5573 2519 5627 δὲ
2556 5571 2887 5643 όμοροῦντες
2931 5572 2996 5640 τῇ
3038 5569 3196 5640 χώρᾳ
3226 5571 3289 5622 ὲκ
3323 5565 3515 5622 πόλεως
3544 5558 3643 5623 Ἃρ·

450 5666 631 5733 Pugna
665 5666 802 5720 inita
833 5673 888 5720 et
913 5664 1140 5720 Latinus
1168 5673 1226 5720 et
1255 5666 1472 5722 Turnus
1511 5639 1735 5724 cadunt.
1757 5639 1928 5723 Enea
1957 5679 2004 5725 el

2117 5665 2242 5730 δέας
2290 5639 2795 5737 ὁρμώμενος-καὶ
2849 5639 3089 5733 πρόσθεν
3144 5639 3414 5731 δυσμενῶς
3460 5652 3643 5737 ἔχοντες

443 5756 732 5812 victoriam
765 5767 819 5813 et
845 5757 1023 5813 soceri
1053 5773 1279 5828 regnum
1304 5758 1524 5829 adepto.
1556 5760 1860 5830 Aliquanto
1890 5772 2004 5831 post

2121 5759 2260 5830 πρὸς
2310 5735 2596 5821 Λατίνους,
2629 5757 2725 5810 καὶ
2769 5757 2890 5810 τότε
2936 5753 3174 5823 πόλεμον
3216 5753 3432 5823 ῆραντο,
3461 5735 3641 5807 ἐπαρθ·

446 5850 660 5913 Rutuli,
712 5851 900 5909 ascitis
929 5851 1340 5918 Tyrrhenorum
1391 5853 1629 5920 auxiliis,
1667 5853 1892 5910 .‘Eneam
1929 5857 2004 5912 vi-

2122 5871 2310 5922 γοντος
2372 5853 2554 5918 αὐτοῖς
2582 5852 2677 5907 καὶ
2707 5850 2971 5923 Τούρνου,
3000 5845 3189 5917 ἀνδρὸς
3235 5839 3530 5914 ἐπιφανοῦς.
3558 5841 3640 5891 κω.

2043 6019 2076 6032 ἢ
