3862 6542
226 437 329 498 545

1450 428 1856 490 ANNALIUM
1897 429 2043 488 LlB.
2088 423 2220 488 VII.

3377 427 3483 489 546

219 551 296 622 τῷ
340 547 563 618 Λατίνῳ
602 546 991 617 προσήκοντος,
1039 545 1095 608 ὃς
1126 544 1192 597 δι’
1233 545 1399 615 ὀργῆς
1439 543 1530 598 τὸν
1577 544 1804 596 Λατῖνον

1915 554 2102 597 eerunt
2138 557 2152 594 :
2185 540 2279 611 qui
2311 555 2434 595 cum
2462 555 2636 609 neque
2671 538 2859 594 vivens
2886 554 3062 609 neque
3103 551 3357 596 mortuus
3394 561 3484 596 us-

225 646 492 714 πεποεητο
539 643 629 697 διὰ
665 643 757 696 τὸν
788 643 1079 704 Λαουϊνίας
1115 643 1294 710 γάμον
1323 657 1336 670 °
1382 641 1574 710 ἐκείνῳ
1619 640 1728 708 γὰρ
1768 642 1802 710 ἡ

221 737 356 808 κόρη
387 735 848 806 προωμολόγητο.
880 735 1080 803 Μάχης
1108 729 1200 786 οὖν
1231 734 1557 801 γενομένης,
1578 733 1808 784 πίπτου-

123 850 129 856 ·
223 847 304 882 σιν
337 829 365 880 ὃ
399 843 460 878 τε
487 827 728 897 Τοῦρνος
759 825 852 877 καὶ⁵
886 827 913 877 ὁ
939 826 1201 887 Λατῖνος·
1246 824 1344 893 τὴν
1369 824 1424 876 δὲ
1457 825 1616 892 νίκην
1652 824 1680 874 ό
1711 824 1808 876 Αἰ-

220 925 369 986 νείας
426 924 755 991 κεκομιστο,
809 922 902 973 καὶ
939 921 1040 990 τὴν
1071 920 1165 972 τοῦ
1197 920 1462 988 πενθεροῦ
1501 918 1805 990 βασιλείαν.

221 1015 376 1069 Μετὰ
428 1014 491 1066 δέ
543 1031 665 1066 τινα
713 1012 904 1081 χρόνον
954 1012 1276 1080 συμμαχίας
1315 1012 1380 1063 ὲκ
1412 1011 1709 1082 Τυρσηνῶν
1759 1013 1808 1064 oi

233 1106 556 1160 Ῥουτοῦλοι
591 1107 867 1176 τυχόντες,
907 1103 1146 1172 ἐπῆλθον
1189 1101 1266 1172 τῷ
1316 1102 1524 1173 Αίνείᾳ,
1576 1103 1670 1156 καὶ
1718 1101 1810 1155 τδν

221 1202 464 1269 πόλεμον
513 1201 896 1268 νενικήκασιν.
944 1195 1183 1265 ’Λφανὴς
1215 1195 1270 1247 δὲ
1322 1196 1350 1248 ὁ
1400 1194 1617 1258 Αἰνείας
1655 1195 1808 1262 γενό-

225 1312 384 1364 μενος
420 1292 578 1366 (οὔτε
607 1293 717 1362 γὰρ
755 1290 865 1354 ζῶν
902 1288 1059 1359 ὤφθη
1091 1287 1192 1350 ἔτι,
1230 1286 1354 1340 οὔτε
1399 1287 1506 1357 μὴν
1555 1286 1806 1353 τεθνεὼς)

221 1389 292 1452 ὼς
349 1387 492 1450 Θεὸς
544 1387 700 1455 παρὰ
739 1383 993 1446 Λατίνοις
1031 1381 1318 1449 τετίμητο.
1381 1378 1666 1433 Ἐντεῦθεν
1716 1379 1810 1431 καὶ

219 1484 333 1546 τοῖς
371 1479 679 1550 Ῥωμαίοις
714 1476 810 1531 τοῦ
840 1475 1106 1546 σφετέρου
1152 1474 1343 1542 γένους
1377 1473 1696 1544 ἀρχηγέτης
1728 1490 1813 1524 νε-

219 1577 511 1644 νόμισται,
548 1573 641 1627 καὶ
678 1571 953 1624 Αίνειάδαι
988 1566 1275 1621 καλεῖσθαι
1308 1565 1558 1635 αύχοῦσι.
1598 1565 1710 1634 Τὴν
1754 1563 1812 1616 δὲ

222 1665 334 1720 τῶν
368 1660 633 1719 Λατίνων
661 1664 835 1734 ἀρχὴν
863 1662 890 1714 ό
918 1661 1128 1713 ἐκείνου
1164 1659 1278 1720 υίὸς
1326 1657 1614 1718 Ἀσκάνιος
1647 1655 1813 1708 διεδέ-

222 1761 374 1827 ξατο,
405 1758 468 1822 ὃς
500 1757 716 1811 οἴκοθεν
751 1755 1034 1809 συνείπετο
1060 1755 1138 1824 τῷ
1166 1753 1353 1824 πατρί·
1381 1752 1593 1806 οὐδέπω
1625 1751 1732 1820 γὰρ
1750 1753 1812 1804 ἐκ

219 1850 319 1918 τῆς
350 1850 654 1908 Λαουῖνὶας
687 1848 852 1902 παῖδα
885 1847 1158 1916 ἐγείνατο,
1199 1845 1396 1914 ἔγκυον
1426 1845 1471 1898 δ’
1505 1843 1675 1916 αὐτὴν
1711 1861 1813 1897 κα-

222 1944 534 1997 τελέλοιπε.
600 1941 705 1994 Τὸν
764 1940 819 1992 δὲ
889 1939 1175 1992 Ἀσκάνιον
1235 1936 1695 1998 κατακλείσαντες
1756 1934 1807 1986 οἱ

223 2034 509 2104 πολέμιοι,
542 2033 902 2103 ἐπολιόρκουν
924 2047 937 2060 ·
971 2031 1167 2093 νυκτὸς
1195 2029 1239 2083 δ’
1271 2030 1321 2082 of
1368 2031 1589 2082 Λατῖνοι
1629 2027 1813 2090 αὐτοῖς

223 2125 581 2195 ἐπιθέμενοι,
620 2126 720 2197 τήν
745 2143 803 2178 τε
832 2123 1154 2195 πολιορκίαν
1180 2122 1378 2177 ἔλυσαν
1408 2123 1502 2177 καὶ
1527 2121 1616 2173 τὸν
1651 2121 1813 2174 πόλε-

224 2237 344 2288 μον.
379 2219 427 2270 Χ
449 2219 606 2287 ρόνου
631 2219 690 2272 δὲ
714 2216 1094 2289 διεληλυθότος
1140 2215 1540 2286 πληθυνθέντες
1569 2216 1618 2267 οί
1650 2215 1814 2267 Λατῖ-

221 2329 322 2374 νοι,
372 2310 489 2382 τὴν
526 2311 626 2381 μὲν
657 2309 813 2364 πόλιν
842 2309 904 2363 τὺ
950 2307 1240 2363 Λαουΐνιον
1273 2308 1322 2360 oi
1361 2307 1610 2369 πλείονες
1657 2308 1815 2359 ἐκλε-

222 2403 511 2468 λοίπασιν,
543 2402 737 2474 ἑτέραν
769 2401 817 2454 δ’
849 2402 910 2454 ὲν
934 2400 1183 2472 ἀμείνονι
1223 2398 1379 2470 χώρᾳ
1429 2399 1816 2470 ἀντῳκοδόμη-

228 2513 348 2558 σαν,
380 2496 462 2566 ἢν
499 2494 706 2549 Ἀλϐαν
751 2496 816 2548 ἐκ
862 2493 961 2564 τῆς
1014 2493 1365 2563 λευκότητος,
1404 2492 1501 2544 καὶ⁸
1554 2492 1666 2545 άπὸ
1717 2491 1811 2546 τοῦ

234 2585 452 2665 μήκους
500 2589 725 2657 Αόγγαν
775 2585 1162 2656 ἐπωνόμασαν,
1197 2585 1408 2638 εἴποιεν
1451 2584 1518 2640 ἂν
1553 2582 1816 2655 Ἕλληνες

231 2683 438 2749 λευκὴν
474 2680 569 2734 καὶ
626 2678 870 2750 μακράν.
921 2677 1213 2732 Ἀσκανίου
1257 2678 1314 2731 δὲ
1367 2677 1812 2746 τελευτήσαντος,

231 2776 276 2826 oi
305 2775 540 2828 Λατῖνοι
571 2771 663 2826 τὸν
699 2772 766 2826 ὲκ
797 2772 896 2842 τῆς
924 2769 1220 2832 Λαουϊνίας
1252 2768 1327 2839 τῷ
1350 2769 1541 2840 Αἰνείᾳ
1569 2770 1684 2822 υἱὸν
1735 2772 1814 2833 είς

233 2866 328 2934 τὴν
362 2863 658 2936 βασιλείαν
708 2861 1156 2935 προετιμήσαντο
1209 2859 1302 2912 τοῦ
1346 2858 1634 2913 Ἀσκανίου
1689 2877 1816 2912 παι-

233 2958 337 3021 δὸς,
373 2956 475 3010 διὰ
497 2955 591 3009 τὸν
623 2955 850 3009 πάππον
880 2953 972 3006 τὸν
1002 2953 1230 3005 Λατῖνον
1255 2950 1448 3003 τοῦτον
1482 2951 1816 3020 προκρίναν-

233 3065 344 3112 τες,
404 3047 650 3103 Σιλούῖον
710 3045 1068 3115 κεκλημένον.
1127 3043 1221 3095 Ἐκ
1257 3043 1501 3094 Σι>ουῖου
1525 3041 1581 3094 δὲ
1617 3040 1811 3111 ἐτέχθη

235 3139 479 3205 Αἰνείας,
511 3139 570 3206 ἐξ
604 3137 818 3192 Αἰνείου
853 3137 908 3190 δὲ
940 3137 1171 3198 Λατῖνος
1199 3133 1436 3201 ἐγένετο,
1481 3134 1710 3185 Λατῖνον
1751 3131 1809 3186 δὲ

1908 651 2070 704 quam
2108 635 2416 697 videretur,
2461 649 2490 686 a
2526 632 2738 686 Latinis
2768 647 2870 700 pro
2903 631 3008 684 deo
3037 631 3221 686 cultus
3243 644 3346 686 est.
3382 633 3482 688 llic

1910 727 2166 781 Romanae
2205 741 2424 796 quoque
2463 725 2645 795 gentis
2671 733 2863 778 auctor
2892 723 3240 792 perhibetur,
3271 725 3479 780 Arinen-

1909 816 2040 869 dum
2100 817 2521 885 appellationem
2597 815 2954 871 honorificam
3033 817 3140 870 sibi
3204 816 3480 872 ducentis.

1912 905 2092 960 (Elaeae
2143 908 2196 959 in
2236 923 2404 974 regno
2431 905 2753 959 Latinorum
2802 905 3072 960 Ascanius
3118 905 3285 971 ﬁlius,
3322 906 3483 978 Tron

1911 1006 2123 1066 patrem
2157 1006 2407 1055 secutus.
2444 997 2730 1052 successit.
2780 997 3024 1050 Necdum
3051 999 3200 1052 enim
3227 998 3397 1052 filium
3431 1000 3480 1052 ei

1913 1087 2137 1148 Lavinia
2161 1096 2772 1157 pepererat,pr:ngnans
2797 1087 3007 1140 relicta.
3031 1088 3164 1141 Cum
3191 1088 3481 1141 Ascanium

1913 1181 2100 1234 hostes
2143 1179 2480 1241 obsiderent,
2518 1178 2699 1232 Latini
2732 1193 2828 1232 eos
2857 1189 3021 1233 noctu
3059 1179 3262 1243 adorti,
3300 1189 3350 1232 et
3385 1179 3484 1232 ob-

1913 1271 2184 1326 sidionem
2223 1281 2278 1324 et
2331 1271 2534 1324 bellum
2589 1271 2998 1338 propulsarent.
3050 1269 3225 1323 Annis
3277 1269 3324 1321 al
3352 1280 3486 1338 quot

1911 1363 2134 1429 elapsis,
2165 1361 2479 1415 abundante
2511 1360 2718 1413 Lavinii
2742 1360 3116 1425 multitudine,
3142 1361 3390 1430 plerique
3419 1381 3485 1414 eo

1915 1454 2338 1513 relicto.A|bam
2365 1456 2579 1524 longam
2615 1454 2813 1507 inloco
2843 1454 3070 1507 meliore
3089 1454 3483 1508 condiderunt.

1915 1550 2151 1606 Ascmio
2197 1549 2481 1613 defuncto,
2520 1547 2698 1600 Latini
2733 1546 2977 1617 Sylvium
3008 1545 3192 1600 Aineaa
3220 1563 3287 1601 ex
3323 1547 3485 1601 Lavi-

1915 1643 2000 1696 nia
2033 1642 2226 1700 tilium.
2262 1641 2316 1694 in
2346 1655 2534 1710 regno,
2576 1638 2794 1693 Ascanii
2850 1637 2962 1691 tilio
3020 1648 3244 1708 propter
3271 1641 3353 1692 avi
3387 1641 3487 1692 La-

1916 1733 2015 1788 tini
2045 1733 2386 1797 memoriam,
2416 1731 2800 1799 praetulerunt.
2826 1729 3043 1800 Sylvius
3063 1729 3289 1783 {Eneam
3316 1743 3484 1791 creat.

1917 1828 1962 1882 is
1990 1824 2187 1881 deinde
2221 1824 2495 1888 Latinum,
2532 1822 2727 1877 Latino
2751 1822 3020 1876 successit
3041 1822 3238 1892 Padys.
3265 1823 3477 1877 Tiberi-

1918 1933 2043 1983 nus,
2072 1919 2167 1986 qui
2205 1925 2328 1986 post
2368 1914 2642 1984 regnavit,
2667 1915 2719 1967 in
2747 1913 2916 1966 fluvio
2943 1913 3136 1968 Albula
3163 1914 3490 1970 submersus

1912 2019 1996 2064 est
2029 2029 2042 2065 :
2074 2009 2170 2079 qui
2202 2008 2400 2063 fluvius
2439 2007 2663 2061 Romam
2690 2005 2988 2076 perﬂuens,
3019 2016 3076 2061 et
3107 2007 3232 2060 urbi
3264 2007 3330 2060 ad
3371 2009 3490 2075 plu-

1916 2103 2082 2158 rimos
2115 2118 2248 2156 usus
2287 2110 2633 2170 Opportuuus
2679 2108 2848 2166 atque
2895 2099 3246 2162 utilissimus,
3296 2099 3362 2152 ab
3397 2101 3490 2152 illo

1913 2192 2132 2247 Tiberis
2160 2207 2360 2245 nomen
2393 2189 2627 2258 accepit.
2681 2188 2746 2244 Et
2782 2189 3028 2242 Tiberini
3058 2189 3295 2257 posteris
3335 2201 3490 2242 ortus

1912 2298 1997 2342 est
2025 2286 2296 2349 Amulius,
2345 2285 2510 2338 homo
2545 2282 2838 2352 superbus,
2872 2297 3176 2350 seque-pro
3206 2280 3313 2335 deo
3355 2299 3490 2336 vcn-

1913 2379 2090 2433 ditare
2119 2391 2286 2430 ausus
2321 2393 2334 2429 :
2379 2374 2471 2444 qui
2499 2388 2624 2428 eum
2667 2372 2936 2427 machinis
2963 2371 3127 2442 314
3155 2370 3486 2440 quibusdam

1915 2470 2160 2526 tonitrua
2191 2468 2510 2532 tonitribus,
2541 2467 2756 2536 fulgura
2791 2464 3101 2536 fulguribus
3133 2464 3386 2524 referret.
3422 2481 3488 2518 ac

1913 2561 2145 2619 fulmina
2188 2561 2532 2632 iacularetur
2559 2599 2574 2624 ,
2630 2559 2813 2613 subita
2855 2559 3214 2614 inundatione
3247 2561 3484 2629 paludis,

1914 2655 1983 2710 ad
2015 2669 2178 2723 quam
2216 2652 2519 2713 habitabat,
2557 2652 2739 2720 periit.
2786 2666 2891 2703 una
2921 2666 3045 2704 cum
3079 2652 3229 2720 regia,
3268 2652 3488 2706 demet--

1915 2763 2032 2803 sus.
2068 2747 2376 2802 Luentinus
2407 2745 2551 2800 ﬁlius
2576 2746 2696 2813 ejus
2725 2744 2776 2796 in
2804 2743 2948 2797 bello
2980 2758 3156 2798 caesus
3182 2752 3284 2798 est.
3310 2744 3493 2812 Atque

1918 2842 2030 2896 haec
2060 2840 2129 2896 de
2173 2840 2406 2894 Lavinio
2450 2849 2506 2893 et
2550 2838 2799 2892 Albanis.
2843 2837 3075 2891 Rornani
3123 2853 3254 2892 vero
3303 2850 3486 2892 ortum

1915 2935 2193 2990 duxerunt
2233 2950 2263 2988 a
2311 2934 2599 2988 Numitore
2650 2943 2705 2986 et
2740 2933 2958 2986 Amulio
2990 2931 3245 2986 Luentini
3271 2933 3488 3001 nepoti-

1915 3026 2042 3091 bus,
2097 3023 2284 3080 [Eneze
2345 3025 2597 3093 posteris.
2648 3023 2729 3076 Ad
2783 3040 2920 3092 quos
2943 3039 3066 3076 cum
3102 3023 3286 3077 Albini
3335 3023 3487 3091 regni

1916 3118 2194 3174 successio
2224 3119 2546 3187 pertineret,
2579 3132 2806 3186 regnum
2829 3126 2885 3169 et
2918 3117 3207 3185 pecuniam
3240 3115 3486 3169 dividere

235 3232 508 3298 διεδέξατο
558 3230 762 3295 Πάστις
814 3229 952 3301 (76).
1006 3226 1287 3296 Τιϐερῖνος
1347 3225 1392 3277 δ’
1421 3223 1593 3296 ἄρξας
1653 3222 1811 3293 μετέ»

1919 3212 2230 3265 voluerunt.
2284 3209 2538 3264 Amulius
2589 3209 2755 3278 igitur
2804 3223 2970 3277 regno
3011 3209 3241 3261 seorsim
3279 3211 3482 3276 posito.

236 3343 423 3390 πειτα,
456 3327 516 3380 ἐν
546 3321 777 3393 ποταμῷ
825 3321 1150 3390 καλουμένῳ
1191 3316 1459 3386 Ἀλϐούλῳ
1499 3314 1703 3378 πεσὼν,
1735 3316 1816 3369 δι-

236 3419 455 3489 εφθάρη
477 3431 493 3445 °
522 3415 579 3480 ὃς
604 3415 669 3486 δὴ
701 3414 944 3485 ποταμὸς
985 3413 1206 3482 Τίϐερις
1240 3410 1297 3476 ἐξ
1331 3409 1545 3461 ἐκείνου
1581 3423 1817 3476 μετωνο-

239 3513 447 3584 μάσθη,
503 3511 642 3581 ῥέων
690 3509 776 3562 διὰ
827 3508 923 3577 τῆς
979 3506 1220 3576 Ῥώμης,
1281 3508 1377 3557 καὶ
1433 3504 1510 3554 ὢν
1555 3505 1620 3571 τῇ
1661 3500 1818 3555 πόλει

237 3602 738 3672 πολυαρκέστατος,
767 3599 862 3652 καὶ
902 3597 1202 3666 Ῥωμαίοις
1232 3598 1288 3657 ἐς
1317 3595 1385 3646 τά
1421 3592 1658 3661 μάλιστα
1683 3597 1819 3662 χρῄ-

237 3693 570 3764 σιμώτατος.
619 3693 885 3760 Ἔκγονος
931 3689 986 3742 δὲ
1042 3687 1135 3740 τοῦ
1174 3687 1463 3755 Τιϐερίνου
1509 3684 1815 3754 Ἀμούλιος,

239 3785 296 3848 ὃς
337 3785 763 3855 ὑπερφρονήσας
812 3784 905 3835 καὶ
953 3778 1109 3833 θεοῦν
1143 3777 1336 3831 ἑαυτὸν
1382 3775 1686 3845 τολμήσας,
1740 3773 1819 3838 ὡς

244 3874 474 3948 βροντάς
506 3891 568 3928 τε
615 3876 737 3937 ταῖς
771 3873 1025 3944 βρονταῖς
1055 3874 1118 3924 ἐκ
1152 3869 1408 3940 μηχανῆς
1460 3868 1814 3935 ἁντεπάγειν,

241 3968 341 4022 καὶ
388 3966 824 4037 ἀνταστράπτειν
869 3966 986 4026 ταῖς
1017 3964 1346 4032 ἀστραπαῖς,
1379 3960 1706 4030 ὲνσκήπτειν
1755 3974 1817 4011 τε

243 4061 566 4133 κεραυνοὺς,
613 4057 902 4127 διεφθάρη,
940 4057 1038 4125 τῆς
1090 4055 1288 4126 λίμνης
1315 4054 1445 4123 παρ’
1542 4053 1611 4106 τὰ
1646 4050 1818 4106 αὑτοῦ

245 4152 495 4222 βασίλεια
535 4151 717 4223 ἵδρυτο
767 4147 1128 4218 ἑπιρρυείσης
1184 4143 1472 4213 αἰφνίδιον,
1521 4143 1617 4195 καὶ
1651 4159 1819 4196 κατα-

244 4243 576 4312 ποντισάσης
611 4243 866 4295 κάκεῖνον
889 4237 984 4290 καὶ
1018 4236 1084 4289 τὰ
1116 4235 1382 4306 βασίλεια.
1416 4236 1734 4295 Λουεντῖνος
1759 4232 1817 4286 δὲ

243 4337 272 4388 ό
315 4335 430 4394 υἱὸς
461 4331 629 4387 αὑτοῦ
676 4333 736 4382 ἐν
781 4329 1004 4398 πολέμπρ
1049 4327 1307 4380 ἀπέθανε.
1367 4327 1475 4379 Ka‘t
1506 4324 1682 4378 ταῦτα
1717 4324 1816 4394 μὲν

254 4427 383 4496 περὶ
421 4423 709 4479 Λαουϊνίου
737 4423 832 4475 καὶ
877 4419 1168 4473 Ἀλϐανῶν.
1192 4419 1272 4471 Τὰ
1303 4419 1356 4470 δὲ
1385 4421 1493 4471 τῶν
1529 4417 1818 4485 Ῥωμαίων

247 4516 420 4587 ἀρχὴν
469 4515 737 4584 ἐσχήκασι
784 4512 875 4564 τὸν
924 4509 1209 4579 Νομίτορὰ
1244 4524 1304 4560 τε
1355 4507 1572 4559 καὶτὸν
1615 4505 1816 4573 Ἀμού-

1921 3315 1986 3354 ac
2034 3299 2268 3369 pecunia
2316 3299 2530 3360 itidem,
2587 3298 2831 3365 eptionc.
2884 3295 3492 3359 fratri,alteriusuirins

1920 3389 2080 3452 data,
2134 3387 2413 3450 Numitor,
2468 3397 2528 3441 ut
2575 3394 2704 3439 natu
2757 3383 2952 3453 major,
3018 3398 3249 3453 regnum
3303 3383 3486 3451 elegit.

1881 3479 2170 3536 -Amulius
2221 3493 2356 3532 vero
2422 3477 2657 3547 pecunia
2716 3485 2985 3546 accepta,
3047 3475 3488 3542 comparatisque

1918 3573 2095 3641 copiis
2129 3611 2144 3636 ,
2193 3571 2358 3626 etiam
2406 3584 2636 3638 regnum
2691 3567 2798 3622 sibi
2831 3566 3144 3622 vindicavit.
3186 3565 3490 3620 Numitoris

1919 3667 2067 3730 filiae,
2095 3666 2306 3720 veritus
2339 3681 2410 3719 ne
2445 3680 2510 3719 ex
2544 3678 2609 3718 ea
2637 3663 2753 3717 nati
2801 3661 2896 3716 lilii
2928 3672 3118 3716 contra
3149 3675 3207 3715 se
3238 3659 3488 3728 insurge-

1918 3769 2064 3824 rent,
2113 3774 2238 3814 cum
2274 3773 2394 3812 eam
2431 3756 2705 3812 Vestalem
2739 3755 2978 3826 legisset,
3022 3762 3285 3824 perpetua
3323 3753 3488 3820 virgi-

1918 3852 2092 3906 nitate
2135 3867 2287 3921 spem
2320 3859 2511 3920 partus
2545 3849 2760 3904 adimit.
2802 3847 2909 3902 Sed
2945 3855 3065 3916 post
3104 3859 3414 3914 compressa
3458 3860 3489 3896 a

1918 3944 2110 4010 Marte,
2143 3953 2203 3996 ut
2241 3943 2580 4006 fabulantur,
2620 3941 2690 3996 ab
2717 3938 2940 3994 homine
2975 3937 3164 4005 utique
3194 3936 3398 4004 aliquo.
3433 3943 3492 3988 et

1919 4039 1974 4093 in
2003 4036 2308 4092 custodiam
2350 4035 2498 4101 data,
2531 4048 2600 4088 ne
2635 4033 2830 4090 fmtum
2861 4031 3001 4085 clam
3034 4029 3248 4092 ederet,
3280 4027 3488 4096 geiuel‘

1917 4131 2003 4185 los
2052 4143 2277 4199 magnos
2317 4137 2374 4182 et
2416 4128 2696 4196 elegantes
2748 4123 2983 4195 peperit.
3039 4121 3154 4186 Qua
3201 4134 3261 4173 re
3317 4118 3490 4186 magis

1917 4222 2143 4277 territus
2172 4219 2444 4283 Amulius,
2474 4217 2710 4272 infantes
2735 4215 2934 4284 exponi
2966 4214 3130 4284 jussit
3164 4230 3178 4266 :
3209 4225 3350 4279 quos
3378 4208 3486 4267 mi:

1916 4317 2092 4370 nister
2125 4315 2278 4368 alveo
2305 4312 2612 4383 impositos,
2648 4311 2702 4364 in
2731 4309 2976 4364 Tiberim
3005 4307 3231 4361 fluvium
3263 4304 3474 4373 abjicit.

1916 4410 2187 4464 Caeterum
2245 4406 2401 4460 alveo
2454 4405 2508 4459 in
2556 4405 2738 4459 locum
2793 4402 3013 4458 mollem
3059 4399 3262 4460 delato,
3301 4397 3488 4464 lupam

1919 4501 2107 4555 ferunt
2166 4499 2468 4553 infantibus
2519 4512 2786 4550 mammas
2839 4493 3161 4563 praebuisse,
3211 4499 3266 4544 et
3296 4487 3489 4543 Picum

413 4608 463 4662 οἳ
498 4582 819 4661 Λουεντίνου
859 4603 959 4673 μὲν
987 4603 1237 4670 ἐγένοντο
1267 4599 1473 4663 υἱωνοὶ,
1502 4598 1598 4650 τοῦ
1646 4598 1690 4649 δ’
1717 4598 1814 4649 Αί-

1924 4594 2179 4648 martium
2211 4593 2495 4646 custodem
2528 4589 2846 4649 accessisse,
2878 4587 2970 4655 qui
3006 4586 3088 4638 eis
3125 4583 3278 4637 bolos
3305 4582 3361 4636 in
3392 4598 3491 4636 ora

249 4703 393 4754 νείου
465 4700 744 4766 ἀπόγονοι.
799 4697 910 4764 Τῆς
968 4694 1099 4762 γοῦν
1177 4697 1235 4746 ἐν
1288 4691 1464 4762 Ἀλϐῃ
1542 4690 1819 4759 βασιλείας

249 4796 387 4847 κατὰ
417 4791 670 4860 διαδοχὴν
704 4787 1104 4857 περιελθούσης
1135 4785 1338 4846 αὐτοῖς,
1371 4784 1662 4850 νείμασθαι
1688 4780 1821 4834 ταύ-

248 4902 344 4954 την
383 4883 660 4952 ἠθέλησαν
698 4881 792 4932 καὶ
827 4880 893 4931 τὰ
919 4879 1202 4948 χρήματα.
1245 4877 1349 4928 Ἰὀῡ
1393 4874 1680 4944 Ἀμουλίου
1714 4873 1819 4926 τοί·

250 4993 341 5027 νυν
393 4974 501 5044 ἰδίᾳ
548 4973 647 5041 μὲν
692 4972 762 5022 τὰ
811 4970 1074 5039 χρήματα
1127 4967 1332 5031 θέντος,
1397 4966 1503 5034 ἰδίᾳ
1539 4965 1595 5016 δέ
1631 4979 1693 5030 γε
1725 4965 1824 5034 τὴν

252 5067 546 5138 βασιλείαν,
589 5061 685 5118 καὶ
718 5061 778 5126 ἐξ
819 5063 1022 5131 ἀμφοῖν
1051 5061 1142 5113 τὸν
1175 5059 1403 5126 ἀδελφὸν
1431 5058 1824 5126 προτρεψαμέ-

252 5178 364 5225 νου,
399 5160 424 5211 θ
453 5157 589 5228 πρὸς
616 5155 808 5226 βουλῆς
833 5151 983 5222 αὐτῷ
1017 5151 1392 5215 ἐπιλέξασθαι,
1417 5149 1514 5219 τὴν
1547 5148 1825 5218 βασιλείαν

252 5253 425 5306 εἵλετο
470 5252 498 5303 ὁ
541 5247 825 5318 Νομίτωρ,
861 5246 955 5300 ᾶτε
1009 5243 1106 5296 καὶ
1151 5243 1522 5312 πρεσϐύτερος
1573 5242 1819 5306 ἀδελφῆς.

1922 4683 2230 4752 iugesserit.
2289 4681 2527 4734 Infantes
2579 4680 2688 4732 illic
2730 4679 2885 4738 sitos,
2945 4677 3236 4729 Faustulus
3287 4673 3492 4728 Amnlii

1921 4777 2186 4844 subulcus
2236 4775 2372 4829 clam
2417 4773 2684 4834 sublatos,
2717 4770 2870 4823 uxori
2901 4767 3212 4822 Laurentiae
3247 4765 3494 4820 educan-

1921 4867 2022 4922 dos
2083 4867 2236 4921 dedit
2283 4883 2298 4918 :
2357 4865 2700 4931 alterumque
2737 4859 3054 4914 Romulum.
3105 4858 3338 4912 alterum
3389 4856 3494 4908 lb-

1925 4977 2070 5014 mum
2113 4957 2428 5029 appellavit.
2473 4955 2706 5020 Quidam
2747 4963 3004 5007 asserunt
3061 4951 3247 5020 (idque
3286 4949 3492 5018 proba-

1891 5069 1900 5078 "
1927 5053 2114 5113 bilius.
2161 5062 2326 5119 atque
2384 5049 2522 5102 adeo
2575 5047 2763 5101 verius
2792 5048 2895 5114 est)
2930 5061 3036 5098 non
3069 5046 3252 5115 lupam
3291 5054 3491 5095 eurum

1921 5145 2195 5199 nutricem
2227 5142 2420 5203 fuiSse,
2483 5141 2575 5194 sed
2615 5139 2964 5192 Laurentium
3008 5139 3226 5205 vulgato
3262 5145 3493 5200 corpore

1889 5265 1896 5268 -
1927 5241 2107 5306 lupam
2136 5245 2402 5296 vocatam,
2439 5234 2617 5288 locum
2657 5232 2852 5285 fabulae
2891 5229 3126 5282 dedisse.

254 5344 452 5404 Λαϐὼν
483 5339 542 5394 δὲ
573 5341 643 5393 τά
666 5341 932 5411 χρήματα
959 5337 988 5402 ό
1032 5334 1340 5405 Ἀμούλιος,
1372 5335 1465 5386 καὶ
1491 5333 1723 5401 δύναμιν
1753 5335 1818 5384 ὲκ
1855 5330 2063 5382 τούτων
2101 5327 2592 5399 περιϐαλλόμενος,
2637 5326 2729 5377 καὶ
2759 5325 2856 5393 τὴν
2888 5320 3165 5391 βασιλείαν
3219 5313 3490 5380 ἀςείὶϊο.

254 5444 533 5514 Θυγατρδς
571 5449 626 5501 δὲ
654 5446 729 5516 τῷ
763 5445 1030 5516 Νομίτορι
1064 5440 1252 5512 οὔσης,
1283 5434 1469 5499 δεδιὼς
1519 5436 1594 5506 μὴ
1633 5435 1822 5496 παῖδες
1862 5432 1922 5496 ἐξ
1969 5433 2138 5500 αὐτῆς
2182 5431 2448 5497 γένοιντο.
2518 5428 2612 5480 καὶ
2657 5420 3114 5488 κατεξανασταῑεν
3161 5412 3346 5471 αὑτοῦ,
3414 5409 3488 5460 ῐέο

259 5555 406 5609 ρειαν
481 5539 578 5610 τῆς
641 5540 869 5601 Ἑστίας
916 5537 1132 5605 ἐκείνην
1183 5530 1490 5596 ἀπέδειξεν,
1542 5529 1752 5596 ἄγαμον
1805 5526 1894 5580 διὰ
1927 5525 2104 5587 τοῦτο,
2151 5525 2245 5576 καὶ
2283 5523 2552 5592 παρθένον
2599 5519 2685 5572 διὰ
2731 5519 2849 5584 βίου
2899 5515 3198 5580 μέλλουσαν
3245 5505 3487 5557 ἕσεεθλι.

268 5634 328 5686 Ἦ
362 5634 417 5688 δὲ
449 5633 654 5689 κύουσα
703 5630 961 5703 ἐφωράθη
1021 5629 1315 5698 μετέπειτα
1359 5621 1463 5674 ὑπὸ
1497 5621 1712 5687 Ἀρεος,
1779 5618 1854 5680 ὡς
1897 5615 2212 5688 μυθεύεται,
2245 5613 2335 5666 ὑπ’
2399 5610 2699 5682 ἀνθρώπων
2732 5607 2786 5659 δὲ
2815 5607 3026 5663 πάντως
3069 5597 3232 5658 τινός.
3282 5595 3490 5666 Ειςχθη

1442 5757 1648 5818 Variae
1685 5757 1991 5818 lectiones
2040 5762 2098 5816 et
2138 5762 2322 5817 nolm.

333 5902 441 5966 ‘76)
476 5898 680 5965 Πάδις.
715 5897 885 5953 Codd.
913 5895 1080 5964 Regg.
1117 5899 1171 5945 et
1194 5886 1350 5942 Coll).
1393 5884 1614 5951 Πὰστις.
