3862 6588
172 434 266 501 557

1404 418 1810 494 ANNALIUM
1849 418 1999 482 LIB.
2043 419 2177 481 VII.

3287 421 3396 488 558

229 547 296 602 [ζ’.
329 545 538 600 Τούτων
562 543 616 600 δὲ
640 546 770 618 περὶ
792 545 886 603 τδν
925 545 1208 618 Ῥωμύλον
1255 541 1711 617 συμϐεϐηκότων.

1890 531 1954 589 ν.
1981 529 2120 588 Cum
2159 529 2273 586 lucc
2295 529 2534 592 Romqu
2556 528 2904 599 accidissent,
2935 545 3118 600 regem
3141 531 3399 590 volebant

171 636 524 713 βασιλεύεσθαι
549 635 651 709 μιν
678 637 857 692 ἐδόκει
888 639 1057 693 πᾶσιν
1077 651 1092 668 ο
1125 637 1244 708 ἔρις
1271 637 1329 690 δέ
1354 653 1437 699 τις
1471 633 1566 686 καὶ
1593 630 1720 683 στά-

171 752 243 798 σις
263 730 447 802 ἐφύετο
474 733 587 796 τοῖς
637 732 698 786 ἓν
734 729 925 806 Ῥώμῃ
999 732 1099 802 οὐχ
1131 731 1273 800 ὑπὲρ
1322 727 1514 798 ἀνδρὸς
1556 721 1720 794 μόνον

167 823 590 898 ἡγεμονεύοντος,
624 821 767 880 ἀλλὰ
809 826 909 880 καὶ
941 825 1172 896 πότερον
1204 823 1313 876 τῶν
1360 819 1538 891 γενῶν
1568 833 1718 888 παρ-

171 921 266 985 έξει
329 915 415 970 τὸν
466 915 723 987 ἄρξοντα.
783 917 912 980 Τοῖς
954 932 1015 970 τε
1066 915 1176 986 γὰρ
1225 912 1364 984 μετὰ
1436 905 1718 978 Ῥωμύλον

170 1010 382 1078 πρώτοις
411 1009 751 1063 συνοικίσασι
783 1008 886 1081 τὴν
912 1008 1071 1062 πόλιν
1097 1009 1204 1062 οὑκ
1254 1003 1484 1060 ἀνεκτὸν
1515 1001 1716 1063 ἐδόκει,

170 1099 278 1172 παρ’
301 1098 478 1154 αὐτῶν
505 1097 955 1170 προσληφθέντας
987 1096 1114 1160 τοὺς
1144 1097 1406 1160 Σαϐίνους
1455 1093 1536 1155 είς
1565 1092 1720 1145 πολι-

167 1195 318 1261 τείαν,
353 1192 546 1262 ἄρχειν
578 1191 690 1247 τῶν
727 1191 1040 1262 δεξαμένων
1069 1188 1380 1260 βιάζεσθαι.
1413 1187 1476 1240 Ol
1500 1183 1720 1238 Σαϐῖνοι

167 1285 485 1353 δὶέτὲρωθεν
537 1287 623 1340 ὃτι
663 1285 759 1339 τοῦ
809 1285 1011 1340 Τατίου
1039 1284 1294 1348 θανόντος
1335 1283 1499 1354 μόνον
1525 1279 1718 1334 εἴασαν

166 1379 244 1431 τὸν
282 1376 553 1446 Ῥωμύλον
580 1379 790 1449 ἄρχειν,
815 1378 876 1443 ἐξ
927 1376 1140 1432 ἑαυτῶν
1188 1375 1377 1450 ἠξίουν
1431 1371 1720 1444 αἱρεθῆναι

166 1470 244 1523 τὸν
267 1470 515 1540 ἄρξοντα.
540 1472 772 1542 Ἥριξον
797 1471 896 1541 μὲν
915 1464 1008 1524 οὖν
1034 1468 1182 1524 οὕτω
1199 1469 1266 1523 τά
1291 1467 1433 1542 μέρη
1453 1465 1717 1536 ἑκάτερα.

169 1561 436 1631 ιίεττώρου
459 1561 508 1616 δ’
541 1563 640 1616 ἐπὶ
665 1561 882 1623 τούτοις
899 1561 1056 1626 ϐντος
1084 1559 1182 1614 τοῦ
1207 1557 1632 1627 πολιτεύματος,
1667 1554 1720 1616 οι

168 1652 420 1724 πατρίκιοι
439 1655 790 1723 πεντήκοντα
815 1653 911 1707 καὶ
933 1651 1131 1706 ἑκατὸν
1151 1651 1309 1714 ὄντες
1342 1647 1542 1713 ἔταξαν
1588 1645 1720 1704 ἔκαε

169 1764 272 1800 στον
295 1747 352 1799 ὲν
383 1747 544 1818 μέρει
592 1749 708 1811 τοῖς
755 1746 1058 1818 βασιλικοῖς
1089 1744 1448 1817 παρασήμοις
1475 1737 1718 1810 κοσμού-

1819 637 2016 678 omnes
2047 639 2063 679 :
2097 623 2193 678 sed
2227 623 2608 679 Romanorum
2639 624 2858 678 animos
2899 633 3180 680 certamen
3208 638 3265 680 et
3310 641 3399 681 se-

1819 715 1960 776 ditio
1989 717 2264 776 versabat.
2303 732 2414 772 non
2446 716 2514 772 de
2538 715 2660 772 vim
2701 724 2938 778 tantum.
2962 716 3056 786 qui
3085 717 3394 788 principatu

1819 806 2134 877 potiretur:
2169 807 2264 864 sed
2319 808 2484 862 etiam
2544 807 2614 864 de
2693 816 2856 878 gente
2924 818 3046 864 utra
3093 789 3396 880 principem

1818 897 2116 968 praeberet.
2173 898 2309 954 Nam
2354 910 2411 954 et
2463 899 2766 963 Romanis,
2808 899 3003 969 primis
3060 901 3212 956 urbis
3269 917 3400 957 cum

1820 991 2058 1049 Romulo
2087 991 2495 1056 conditoribus.
2525 1009 2633 1048 non
2663 991 2951 1049 ferendum
2984 993 3296 1056 videbatur.
3336 1001 3402 1052 ut

1820 1081 2013 1144 Sabini
2037 1084 2094 1139 in
2127 1084 2404 1144 civitatem
2431 1085 2616 1150 asciti,
2663 1101 2893 1160 regnum
2932 1086 3038 1142 sibi
3083 1086 3138 1144 in
3189 1102 3308 1152 eos,
3363 1102 3397 1141 a

1819 1174 2024 1248 quibus
2055 1177 2265 1246 recepti
2311 1186 2525 1242 essent,
2582 1193 2682 1248 per
2743 1179 2853 1233 vim
2904 1178 3302 1238 vindicarent:
3336 1187 3398 1236 et

1822 1267 2047 1324 Sabinis
2078 1285 2146 1325 ex
2164 1270 2338 1324 altera
2369 1277 2525 1339 parte
2547 1270 3034 1335 contendentibus,
3063 1272 3217 1344 quia,
3241 1272 3402 1326 Tatio

1821 1370 2042 1418 mortuo
2065 1404 2079 1427 .
2119 1362 2418 1418 Romulum
2463 1378 2699 1432 regnare
2726 1364 2872 1434 passi
2903 1374 3112 1429 essent,
3154 1365 3240 1420 sui
3276 1379 3406 1419 eor-

1821 1454 1978 1526 poris
2033 1470 2256 1545 regem.
2283 1455 2443 1526 321
2487 1455 2789 1512 creandum
2837 1472 2982 1512 esse.
3042 1457 3404 1513 Factionibus

1821 1547 1968 1604 inter
1993 1563 2117 1604 sese
2152 1549 2225 1605 ita
2247 1549 2612 1614 certantibus,
2642 1565 2765 1605 cum
2789 1549 2982 1606 civitas
3002 1550 3120 1610 sine
3142 1550 3400 1621 imperio,

1821 1643 2101 1698 exercitus
2132 1641 2252 1698 sine
2283 1641 2425 1698 duce
2479 1652 2652 1706 esset,
2695 1643 2912 1713 patricii
2965 1659 3198 1698 numero
3227 1660 3257 1698 c
3284 1653 3344 1698 et
3367 1661 3399 1699 ι.

1818 1731 2255 1798 constituerunt,
2291 1742 2353 1788 ut
2371 1733 2608 1804 quilibet
2627 1733 2792 1804 regiis
2815 1734 3125 1804 insignibus
3147 1743 3402 1801 ornatus,

169 1853 322 1906 μενον,
350 1836 499 1890 θύειν
532 1853 593 1890 τε
629 1837 741 1898 τοῖς
771 1836 938 1900 θεοῖς,
981 1834 1077 1888 καὶ
1102 1829 1488 1904 χρηματίζειν,
1525 1825 1586 1893 ἐξ
1615 1824 1719 1896 μὲν

1828 1833 1880 1882 et
1931 1825 2041 1881 diis
2099 1827 2438 1891 immolaret,
2498 1835 2556 1882 et
2595 1827 2720 1897 jura
2750 1828 3000 1892 'diccret,
3052 1827 3206 1884 senis
3253 1830 3405 1886 boris

164 1890 245 1994 τῆς
271 1890 455 1985 verte;
475 1925 652 1996 ὧρας,
684 1890 744 1992 ἐξ
772 1926 830 1978 δὲ
859 1890 961 1993 της
979 1890 1230 1994 ἡμέρας
1264 1920 1330 1976 Ἦ
1349 1890 1719 1991 γὰρῆδιανομὴ

1828 1927 2020 1985 noctu,
2069 1930 2124 1976 et
2145 1920 2373 1976 totidem
2407 1890 2669 1976 interdiu.
2732 1919 2858 1975 Haec.
2905 1890 3053 1976 enim
3090 1931 3400 1993 temporum

163 2019 256 2070 τῶν
288 2019 491 2088 καιρῶν
527 2019 672 2072 κατὰ
728 2018 791 2072 τὸ
834 2017 950 2071 ίσον
977 2017 1234 2080 ἑκάστου,
1282 2016 1376 2069 καὶ
1425 2012 1564 2084 πρὸς
1593 2009 1723 2074 τοὺς

166 2112 402 2183 ἄρχοντας
434 2113 620 2177 καλῶς
659 2113 806 2183 ἔχειν
837 2113 1040 2177 ἐδόκει,
1087 2111 1184 2166 καὶ
1241 2108 1378 2180 πρὸς
1402 2107 1532 2170 τοὺς
1560 2104 1726 2176 ἀρχο-

169 2206 342 2274 μένους
370 2204 579 2266 αὑτούς
600 2221 616 2236 ο
646 2203 852 2275 ἀφῄρει
902 2204 1010 2274 γὰρ
1041 2201 1135 2256 τὸν
1175 2200 1370 2269 φθόνον
1426 2198 1461 2269 ἡ
1489 2197 1726 2267 ταχίστη

167 2295 248 2364 τῆς
271 2296 519 2360 ἐξουσίας
548 2297 834 2360 ἀπόθεσις,
859 2292 1111 2364 ὁρώντων
1144 2291 1254 2346 τῶν
1275 2287 1598 2360 ἀρχομένων
1622 2287 1726 2357 τῆς

165 2389 310 2458 αὐτῆς
347 2390 570 2458 ἡμέρας
623 2407 685 2442 τε
736 2389 834 2442 καὶ
868 2388 1062 2450 νυκτὸς
1085 2386 1178 2439 τὸν
1203 2382 1368 2438 αὑτὸν
1412 2380 1629 2450 ἰδιώτην
1659 2381 1726 2434 ὲκ

169 2480 405 2550 βασιλέως
453 2481 774 2550 γινόμενον.
837 2475 970 2532 Οἶδα
1021 2479 1120 2549 μὲν
1155 2472 1251 2530 οὖν
1282 2473 1380 2528 καὶ
1407 2471 1576 2543 ἕτερά
1601 2487 1728 2525 τινα

169 2573 278 2642 περὶ
303 2573 393 2644 τῆς
419 2572 691 2643 τοιαύτης
743 2572 1019 2643 εἰρημένα
1064 2568 1265 2642 ἀρχῆς,
1293 2567 1408 2621 ἁλλ’
1435 2565 1600 2629 αὑτὸς
1645 2562 1727 2634 τῷ

170 2666 504 2737 πιθανωτέρῳ
539 2666 769 2735 ἐθέμην.
797 2666 872 2717 To
901 2665 959 2719 δὲ
1011 2662 1204 2733 σχῆμα
1231 2662 1332 2732 τῆς
1358 2658 1537 2730 ἀρχῆς
1565 2655 1729 2711 τοῦτο

171 2757 540 2823 μεσοϐασιλεία
577 2760 690 2820 τοῖς
755 2755 1052 2826 Ῥωμαίοις
1104 2753 1415 2824 ώνόμαστο,
1464 2749 1604 2806 ἀλλὰ
1634 2747 1730 2803 καὶ

169 2847 313 2912 οὑτως
338 2850 394 2916 ἐξ
421 2848 688 2912 ὑπονοίας
719 2848 951 2917 ἐτύοντο
989 2845 1234 2918 θόρυϐοι,
1263 2842 1728 2915 ὑποπτευομένων

168 2941 257 2995 τῶν
279 2935 693 3012 πατρικίωνέἰς
733 2940 1058 3010 ὀλιγαρχίαν
1096 2939 1195 3010 τὴν
1225 2937 1508 2991 πολιτείαν
1565 2952 1730 3008 περι-

171 3036 318 3105 ιστᾷν,
345 3037 438 3088 καὶ
476 3034 560 3104 μὴ
582 3033 870 3106 βούλεσθαι
893 3029 1306 3104 βασιλεύεσθαι,
1347 3031 1413 3085 ἐκ
1446 3029 1504 3082 δὲ
1533 3026 1729 3083 τούτου

169 3127 608 3192 κατεστασίαζον.
653 3126 1107 3199 Ὀμονοησάντων
1163 3125 1221 3178 δὲ
1251 3123 1472 3178 πάντων
1501 3121 1728 3193 αἱρεθῆ-

167 3234 240 3273 ναι
277 3219 360 3272 τὸν
389 3218 801 3289 βασιλεύσοντα
823 3259 839 3282 ,
891 3219 940 3270 οί
987 3210 1206 3270 Σαϐῖνοι
1244 3216 1358 3278 τοῖς
1428 3212 1727 3284 Ῥωμαίοις
1755 3254 1800 3312 c

168 3311 420 3382 προτέροις
495 3312 598 3381 τὴν
661 3311 876 3380 αἵρεσιν
938 3308 1151 3362 ἔδοσαν.
1211 3308 1276 3360 Ol
1309 3307 1353 3360 δ’
1385 3306 1452 3360 ἐκ
1481 3303 1726 3357 Σαϐίνων

169 3405 344 3458 εΐΑοντο
397 3405 606 3474 Νομᾶν
654 3401 984 3473 Πομπίλιον,
1038 3400 1214 3471 ἄνδρα
1261 3399 1544 3468 γνώριμον
1595 3395 1728 3450 ὄντα

171 3499 283 3550 adst
327 3496 393 3550 δι’
460 3497 688 3568 ἀρετήν.
718 3493 1041 3547 Στέλλονται
1089 3491 1222 3561 γοῦν
1257 3491 1392 3560 πρὸς
1415 3489 1623 3542 ἐκεῖνον
1662 3489 1730 3541 ὲκ

179 3589 370 3660 Ῥώμης
397 3588 681 3656 πρέσϐεις
700 3603 716 3620 ο
745 3587 806 3640 οὑ
836 3586 946 3656 γὰρ
979 3587 1039 3640 ὲν
1065 3586 1133 3655 τῇ
1175 3582 1366 3656 Ῥώμῃ
1396 3581 1727 3652 μετῴκιστο,

173 3680 267 3734 ἀλλ’
289 3685 342 3736 ὲν
373 3681 635 3743 Σαϐίνοις
666 3676 757 3751 ἢν,
807 3682 902 3732 καὶ
937 3677 1095 3731 πόλιν
1141 3675 1276 3748 ᾤκει
1309 3675 1416 3727 τῶν
1451 3672 1728 3744 Κυριτῶν,

175 3771 349 3842 πατρὸς
369 3771 456 3826 ὢν
479 3769 809 3840 Πομπωνίου
834 3767 1026 3839 ἀνδρὸς
1048 3765 1363 3834 εὐδοκίμου,
1393 3763 1575 3816 πᾶσαν
1600 3763 1731 3830 ἁρε-

172 3867 252 3936 τὴν
278 3868 446 3938 φύσει.
471 3884 532 3920 τε
563 3867 660 3920 καὶ
694 3865 919 3936 παιδεία
959 3861 1362 3936 ἐξησκημένος.
1426 3858 1596 3912 Ὅθεν
1633 3856 1731 3912 καὶ

175 3958 318 4029 bona
348 3961 503 4030 μέγα
545 3959 643 4014 καὶ
668 3958 826 4023 δόξαν
857 3951 1027 4029 είχεν,
1058 3956 1133 4020 ὡς
1165 3955 1262 4009 καὶ
1287 3953 1484 4008 Τάτιον
1530 3950 1624 4004 τὸν
1649 3949 1730 4020 τῷ

183 4048 429 4122 Ῥωμύλῳ
494 4047 1014 4120 συμϐασιλεύσαντα
1087 4045 1356 4116 κηδεστὴν
1417 4041 1582 4096 αὑτὸν
1637 4039 1732 4096 ἐπὶ

174 4141 322 4214 Τατίᾳ
341 4143 539 4196 θέσθαι
572 4144 638 4212 τῇ
670 4139 927 4211 θυγατρὶ,
963 4141 1031 4210 ἦν
1063 4139 1192 4209 μίαν
1223 4138 1432 4198 ἐκεῖνος
1457 4132 1730 4202 ἐγείνατο⁸

174 4232 201 4303 ἠ
226 4233 348 4288 δέκα
378 4236 480 4288 ἐπὶ
511 4236 692 4304 τρισὶν
713 4234 1000 4296 ἐνιαυτοὺς
1033 4231 1110 4302 τῷ
1138 4229 1304 4301 Νι.μᾷ
1336 4229 1730 4296 συνοικήσασα,

176 4325 462 4393 μετήλλαξε
492 4327 593 4394 τὴν
617 4324 786 4393 ζωήν.
831 4320 890 4376 '0
920 4321 978 4378 δὲ
1006 4321 1220 4392 Νομᾶς,
1251 4318 1522 4372 ἐκλείπων
1547 4314 1646 4377 τὰς
1675 4317 1733 4368 ἐν

173 4413 306 4468 ἄστει
334 4415 646 4487 διατριϐὰς,
703 4413 1003 4486 ἀγραυλεῖν
1040 4413 1110 4468 τά
1139 4411 1333 4475 πολλὰ,
1389 4408 1483 4463 καὶ
1519 4405 1730 4478 διατρί-

174 4505 276 4566 ϐειν
299 4509 490 4578 ἠθελεν
518 4510 576 4559 ὲν
613 4507 846 4576 λειμῶσι
875 4507 970 4559 καὶ
1003 4503 1247 4558 ἄλσεσιν.
1285 4499 1465 4554 Ἧκον
1497 4496 1593 4552 οὖν
1622 4496 1733 4551 άπὸ

1825 2010 2164 2078 distributio,
2217 2021 2442 2082 prepter
2471 2013 2901 2082 aequabilitatem
2953 2023 3010 2070 et
3061 2015 3194 2086 ipsis
3233 2017 3399 2088 magi-

1824 2103 2092 2161 stratibus
2135 2114 2194 2159 et
2225 2104 2431 2175 populo
2455 2105 2743 2160 commoda
2768 2106 3058 2161 videbatur
3084 2123 3098 2161 :
3132 2118 3192 2164 et
3221 2109 3403 2164 celer—

1825 2196 2001 2252 rimus
2024 2197 2347 2267 magistratu
2370 2198 2556 2254 abitus
2578 2197 2802 2254 invidiae
2818 2199 3109 2254 minimum
3139 2201 3402 2263 habebat.

1825 2302 1952 2344 cum
1981 2289 2188 2344 subditi
2215 2291 2470 2344 eumdem
2509 2291 2706 2346 eodem
2735 2291 2848 2353 die.
2883 2292 3190 2362 eademque
3242 2303 3406 2349 nocte

1823 2389 1882 2437 et
1912 2396 2095 2452 regem
2117 2390 2175 2438 et
2204 2384 2478 2453 privatum
2519 2393 2801 2440 cerneret.
2831 2383 2985 2439 Haud
3013 2401 3113 2441 nos
3135 2389 3408 2456 pra-terit.

1827 2471 1896 2530 de
1931 2474 2036 2530 hac
2080 2474 2296 2546 imperii
2346 2475 2543 2542 forma,
2575 2491 2698 2547 qua:
2745 2477 3124 2549 interregnum
3173 2481 3401 2548 dicitur,

1825 2566 1934 2623 alia
1953 2583 2176 2638 quoque
2196 2569 2400 2639 jactata
2429 2585 2590 2626 esse:
2627 2585 2730 2640 ego
2756 2587 2888 2626 vero
2917 2587 2982 2626 ea
3012 2589 3134 2628 sum
3155 2585 3405 2634 secutus.

1827 2673 1950 2730 quae
1973 2659 2109 2714 mihi
2145 2659 2519 2730 probabiliora
2545 2661 2901 2718 videbantur.
2936 2663 3194 2719 Fremcre
3221 2675 3405 2722 tamen

1825 2751 2189 2808 nihilominus
2205 2751 2378 2823 plebs,
2397 2753 2816 2824 multiplicatam
2837 2757 3186 2820 servitutem,
3203 2757 3410 2813 multos

1827 2861 1930 2917 pro
1956 2862 2068 2901 uno
2092 2846 2350 2902 dominos
2377 2847 2576 2903 factos.
2617 2847 2726 2902 Sed
2751 2849 2987 2903 tumultu
3015 2848 3237 2914 sedato,
3277 2867 3409 2906 cum

1829 2954 2026 2995 omnes
2070 2955 2254 3011 regem
2302 2941 2605 2994 creandum
2660 2955 2785 2995 esse
2843 2942 3284 3008 consensissent,
3343 2957 3413 2999 ac

1830 3029 2022 3086 Sabini
2046 3032 2168 3102 ejus
2205 3031 2445 3100 eligendi
2494 3041 2821 3102 potestatem
2869 3034 3136 3090 Romanis
3179 3035 3414 3091 detulis-

1829 3129 1971 3186 sent,
2006 3121 2238 3177 Numam
2271 3123 2622 3194 Pompilium.
2649 3126 2810 3196 cujus
2833 3125 3033 3198 inclyta
3063 3127 3238 3182 virtus
3262 3127 3409 3198 apud

1830 3226 2026 3266 omnes
2081 3222 2234 3274 erat,
2279 3212 2522 3267 electura
2571 3229 2674 3284 per
2720 3216 2928 3286 legatos
2970 3217 3410 3274 accersiverunt.

1831 3302 1946 3358 Nec
1992 3303 2140 3356 enim
2201 3302 2389 3358 Romae
2437 3301 2740 3368 habitabat,
2801 3305 2896 3359 sed
2943 3305 3000 3360 in
3049 3305 3292 3372 Sabinis,
3349 3307 3411 3363 in

1831 3398 2108 3464 Quiritum
2162 3397 2300 3452 urbe
2345 3397 2622 3460 habitans,
2661 3408 2814 3468 patre
2859 3409 3026 3456 natus
3082 3400 3408 3471 Pomponio,

1832 3491 2065 3562 probato
2099 3491 2242 3554 viro,
2276 3491 2428 3544 omni
2479 3505 2682 3560 genere
2734 3491 2958 3546 virtutis
3007 3500 3065 3546 et
3110 3500 3313 3548 natura
3351 3502 3412 3551 et

1831 3583 2122 3653 disciplina
2144 3582 2420 3637 excultus.
2449 3581 2605 3637 Unde
2635 3592 2844 3637 tantum
2871 3599 3072 3639 nomen
3097 3597 3152 3642 et
3177 3588 3408 3658 gloriam

1832 3686 2162 3732 constecutus
2194 3673 2316 3735 l‘uit.
2352 3685 2412 3730 ut
2445 3675 2658 3737 Tatius.
2711 3675 2931 3732 Romuli
2977 3679 3121 3749 regis
3165 3680 3399 3752 collega,

1833 3770 2046 3826 Tatiam
2067 3771 2118 3824 ei
2149 3770 2314 3824 [illam
2346 3773 2562 3823 unicam
2593 3768 2963 3837 desqmnderel
2989 3787 3004 3824 :
3033 3767 3155 3840 qua
3197 3787 3323 3826 cum
3357 3773 3409 3827 ei

1832 3879 2009 3919 annos
2057 3879 2151 3917 xm
2184 3871 2354 3932 nupta
2386 3861 2598 3923 fuisset,
2648 3861 2816 3916 vitam
2873 3877 3000 3916 cum
3045 3872 3221 3918 morte
3257 3879 3414 3920 com-

1833 3955 2089 4011 mutavit.
2151 3955 2326 4010 Numa
2365 3969 2525 4018 vcro,
2577 3953 2766 4007 relicta
2820 3953 3031 4008 urbana
3085 3955 3232 4019 vita,
3293 3953 3411 4011 ruri

1793 4049 2160 4120 ~plerumque
2207 4047 2261 4101 in
2315 4047 2491 4117 pratis
2526 4055 2582 4101 et
2613 4045 2846 4101 saltibus
2897 4047 3098 4117 degere
3146 4048 3410 4107 malebat.

1831 4140 2081 4210 Cumque
2110 4140 2342 4194 Romani
2371 4139 2534 4210 legati
2567 4138 2635 4192 ad
2655 4154 2782 4193 eum
2809 4140 3094 4194 venissent
3145 4157 3210 4195 τι.
3231 4142 3412 4197 tetalis

1834 4247 2040 4286 annum
2101 4240 2382 4302 agentem,
2438 4246 2669 4301 regnum
2726 4230 3046 4298 oﬂ‘erentes,
3108 4235 3408 4289 recusavit.

1834 4323 1943 4380 Sed
1971 4340 2097 4378 cum
2130 4324 2424 4385 instarent.
2451 4333 2509 4378 et
2537 4323 2677 4378 nihil
2717 4339 2826 4378 non
2862 4323 2930 4378 ad
2965 4324 3410 4394 persuadendum

1833 4415 2188 4481 adhiberent,
2245 4425 2470 4471 orantes
2501 4432 2572 4471 ne
2618 4417 2903 4471 civitatem
2934 4417 3117 4472 denuo
3165 4417 3219 4472 in
3265 4419 3415 4473 sedi-

1837 4509 2047 4563 tionem
2101 4517 2158 4563 et
2209 4507 2416 4563 bellum
2470 4508 2795 4564 intestinum
2846 4509 3149 4579 conjiceret
3197 4511 3414 4580 (neque

184 4596 384 4669 Ῥώμης
444 4602 494 4652 ot
527 4597 812 4669 πρέσϐεις,
860 4596 1152 4658 καλοῦντες
1186 4594 1280 4648 ἐπὶ
1311 4593 1412 4664 τὴν
1451 4589 1726 4662 βασιλείαν

1835 4599 1983 4655 enim
2013 4615 2134 4654 esse
2178 4599 2383 4664 alium,
2429 4600 2483 4654 in
2531 4615 2694 4670 quem
2740 4599 2913 4654 ambae
2950 4608 3134 4668 partes
3181 4615 3418 4655 consen-

173 4691 317 4744 αὑτὸν
338 4694 442 4764 ἠδη
467 4691 913 4761 τεσσαρακοστὸν
943 4690 1062 4753 ἔτος
1085 4689 1320 4742 ἀνύοντα
1344 4702 1358 4716 ⁶
1387 4687 1416 4739 ὁ
1465 4686 1522 4740 δὲ
1565 4683 1726 4736 ἀπεί-

175 4801 316 4839 πατο.
351 4787 418 4838 Οἱ
446 4785 708 4855 πρέσϐεις
746 4782 791 4838 δ’
821 4785 1116 4846 ἐνέκειντο,
1163 4782 1342 4834 πάντα
1370 4779 1572 4849 τρόπον
1605 4775 1729 4828 πεί-

178 4893 280 4932 σειν
307 4879 469 4932 αὑτὸν
501 4878 916 4950 μηχανώμενοι,
946 4877 1042 4930 καὶ
1069 4876 1316 4946 δεόμενοι
1343 4874 1417 4945 μὴ
1449 4873 1548 4943 τὴν
1574 4869 1730 4924 πόλιν

176 4964 316 5032 αὖθις
356 4971 436 5032 είς
479 4969 674 5023 στάσιν
724 4966 1012 5038 ἐμϐαλεῖν,
1043 4964 1140 5018 καὶ
1167 4963 1432 5033 ἐμφύλιον
1469 4959 1726 5028 πόλεμον,

175 5060 264 5114 οὑκ
282 5062 428 5124 ὑντος
454 5061 670 5130 ἑτέρου,
701 5061 838 5131 πρὸς
867 5058 926 5110 ὂν
954 5058 1121 5127 ἄμφω
1145 5055 1213 5108 τά
1245 5055 1384 5126 μέρη
1410 5049 1732 5108 συννεύσου-

179 5162 270 5200 σιν.
309 5149 434 5220 ’ἰδία
462 5147 650 5220 μέντοι
680 5152 774 5200 καὶ
803 5147 832 5200 ὁ
870 5148 1054 5217 πατὴρ
1105 5147 1389 5216 παρεκίνει
1420 5143 1512 5197 τὸν
1541 5139 1731 5211 Νιμᾶν

177 5238 416 5304 δέξασθαι
440 5243 541 5314 τὴν
567 5242 763 5314 ἀρχὴν,
799 5241 874 5303 ὡς
909 5241 1052 5292 θεῖον
1083 5239 1280 5310 δῶρον,
1309 5238 1404 5291 καὶ
1425 5235 1730 5307 ὑπηρεσίαν

180 5331 325 5401 Θεοῦ,
355 5338 450 5390 καὶ
482 5335 738 5406 πράξεων
772 5333 955 5389 καλῶν
987 5336 1080 5388 καὶ
1103 5333 1364 5404 μεγάλων
1409 5329 1566 5400 ἀνδρὶ
1597 5344 1732 5398 aopo-

179 5419 307 5492 νίμῳ
327 5441 380 5478 τε
411 5428 506 5479 καὶ
537 5424 759 5496 χρηστῴ
783 5411 1054 5495 ἐσομένην
1090 5423 1294 5487 αἰτίαν,
1335 5420 1634 5490 σύνδεσμον
1669 5436 1729 5477 τε

181 5515 240 5582 τῇ
270 5518 502 5588 πατρίδι,
536 5518 631 5570 καὶ
660 5517 824 5569 παντὶ
851 5516 927 5586 τῷ
957 5514 1201 5569 Σαϐίνων
1231 5513 1374 5566 ἔθνει
1423 5512 1637 5574 εὐνοίας
1671 5527 1731 5563 τε

182 5610 268 5660 καὶ
319 5613 494 5679 φιλίας
535 5612 670 5683 πρὸς
719 5612 877 5664 πόλιν
908 5609 1146 5680 δυνατὴν
1199 5608 1293 5661 καὶ
1347 5604 1731 5677 ἀκμάζουσαν.

184 5696 385 5767 Τούτοις
416 5703 720 5768 ἐνδεδωκώς
750 5705 779 5756 ὁ
812 5705 1020 5774 Νομᾶς,
1045 5703 1214 5765 θύσας
1239 5702 1352 5764 τοῖς
1397 5698 1559 5761 θεοῖς,
1592 5712 1730 5765 προ-

183 5788 308 5859 ἦγεν
337 5797 412 5860 ιῐς
455 5795 697 5868 Ῥώμην
740 5797 954 5867 ὑπήντα
980 5797 1035 5850 δὲ
1072 5797 1104 5864 ἡ
1151 5793 1316 5865 βουλὴ
1346 5793 1439 5846 καὶ
1480 5792 1509 5842 ὁ
1560 5789 1732 5859 δῆμος

187 5884 542 5959 εὐφημοῦντες
570 5891 664 5943 καὶ
682 5888 984 5962 χαίροντες.
1021 5889 1172 5943 Ἐπεὶ
1193 5886 1252 5940 δὲ
1283 5884 1628 5954 κατέστησαν
1651 5882 1732 5944 είς

1837 4691 2050 4762 tircnt),
2081 4691 2312 4746 Numam
2336 4701 2492 4761 pater
2517 4705 2737 4761 quoque
2761 4690 2994 4745 seorsim
3021 4691 3277 4746 hortatus
3303 4703 3408 4758 est,

1833 4795 1896 4840 ut
1937 4784 2310 4853 principatum
2355 4793 2618 4839 tanquam
2650 4781 2902 4836 divinum
2934 4782 3162 4848 donum,
3209 4793 3265 4837 et
3308 4799 3418 4838 nu-

1831 4879 1997 4931 minis
2029 4875 2381 4946 obsequium,
2436 4875 2645 4945 quique
2678 4875 2800 4929 viro
2856 4875 3003 4929 bono
3039 4885 3096 4930 et
3151 4877 3410 4945 prudenti

1834 4969 2096 5024 honestas
2119 4983 2452 5037 magnasque
2472 4982 2562 5022 res
2583 4966 2809 5036 gerendi
2830 4968 3174 5022 occasionem
3202 4969 3413 5037 praebe-

1834 5069 1938 5122 rct,
1967 5068 2024 5116 et
2049 5059 2330 5114 vinculum
2357 5059 2578 5114 futurus
2605 5069 2771 5121 esset,
2801 5074 2912 5128 quo
2944 5060 3119 5129 patria
3149 5067 3206 5114 et
3233 5061 3415 5115 omnis

1835 5150 2167 5206 Sabinorum
2194 5149 2346 5205 natio
2368 5149 2754 5206 benevolentia
2775 5159 2832 5205 et
2853 5152 3096 5206 amicitia
3123 5167 3249 5206 cum
3273 5153 3411 5206 urbe

1834 5244 2043 5314 potenti
2073 5255 2127 5300 et
2149 5242 2380 5298 ﬂorente
2401 5243 2788 5315 jungerentur.
2824 5243 2922 5298 His
2943 5244 3134 5298 Numa:
3162 5245 3330 5305 victo.
3354 5254 3411 5298 et

1835 5355 1896 5396 re
1941 5339 2103 5410 322
2150 5338 2336 5394 divina
2389 5347 2644 5410 peracta,
2701 5340 2932 5395 Romam
2994 5338 3408 5411 proficiscenti,

1834 5444 2061 5491 senatus
2103 5435 2450 5506 populusque
2479 5435 2765 5490 Romanus
2799 5449 2923 5488 cum
2964 5433 3104 5487 laetis
3136 5432 3412 5486 acclama-

1837 5527 2082 5582 tionibus
2107 5525 2326 5581 obviam
2360 5527 2664 5597 egreditur.
2695 5524 2835 5581 Cum
2877 5525 2932 5580 in
2963 5524 3142 5598 forum
3169 5521 3411 5577 deducto

1837 5617 2070 5688 insignia
2102 5616 2254 5687 regni
2281 5615 2637 5681 aﬂerrentur,
2675 5615 2923 5679 dili‘erre,
2952 5629 3018 5669 ac
3043 5613 3128 5668 de
3152 5629 3212 5668 se
3259 5612 3412 5682 regni

1838 5707 2093 5762 ﬁrmandi
2118 5723 2282 5763 causa
2316 5707 2453 5763 deos
2481 5709 2694 5764 consuli
2716 5707 2883 5778 jussit
2919 5722 2933 5760 :
2964 5713 3022 5760 et
3051 5719 3112 5760 re
3139 5703 3328 5760 divina
3352 5704 3410 5760 in

1837 5795 2107 5867 Capitolio
2129 5801 2374 5869 peracta,
2392 5797 2694 5868 indutaque
2713 5804 2864 5852 veste
2895 5793 3067 5867 regia.
3095 5794 3410 5852 descendit.

1839 5889 2152 5962 Principatu
2184 5901 2462 5962 suscepto,
2518 5890 2756 5960 primum
2803 5903 2899 5945 ccc
2949 5897 3215 5957 armatos,
3267 5902 3412 5960 quos
