3740 6592
411 394 522 458 553
1724 397 2052 460 JOANNIS
2094 398 2417 461 zonam;
3511 425 3592 492 5,,

408 524 543 564 vero
591 507 664 563 ob
715 506 868 578 pacis
902 506 1173 573 studium,
1223 505 1445 580 injuriis
1474 518 1885 579 opportunum:

2117 505 2278 577 δργῆς
2305 506 2408 578 μὲν
2429 501 2578 577 εἶχον
2621 502 2956 574 Ῥωμαίους*
2987 504 3092 571 ἓως
3118 509 3172 565 δέ
3206 518 3382 590 περιῆν
3411 525 3436 578 δ
3464 529 3594 595 Tum.

408 600 537 663 rati.
573 599 788 671 przrdas
828 615 895 655 ex
947 603 1100 672 agris
1145 610 1398 672 egerunt.
1443 598 1540 656 Illo
1587 615 1722 656 vero
1767 616 1885 672 gnal

2116 609 2216 664 to;,
2272 598 2512 663 δεδιότες
2559 599 2773 652 ἐκεῖνον
2821 598 2898 662 ὡς
2936 599 3198 672 μάχιμον,
3235 617 3593 686 συνεστέλλοντο,

407 694 563 765 pacis
611 709 832 749 causam
870 708 994 750 esse
1031 694 1262 757 bellum,
1299 692 1508 748 invadit
1550 708 1668 759 eos,
1719 708 1748 747 a
1790 692 1884 764 qui

2121 693 2201 788 Γδν
2229 692 2287 746 δὲ
2318 692 2570 788 μάρκιον
2597 690 2917 746 εὐεπίθετον
2939 695 3276 788 -ἠγησάμενοι
3311 705 3389 761 διὰ
3407 711 3460 766 τὸ
3481 717 3598 788 είρη.

408 787 801 849 imadebatur.
865 796 1034 858 atque
1094 786 1402 851 ulciscitur,
1470 786 1638 842 urbes
1693 802 1885 858 expugl

2123 784 2251 880 ναῖον
2281 785 2378 857 τῆς
2411 785 2665 880 γνώμης,
2786 802 2854 880 Ϋτε
2880 785 3038 880 χώρᾳ
3071 788 3317 880 ἐπῆλθον,
3359 803 3443 855 καὶ
3469 784 3600 880 αὐτην

405 899 644 954 quarum
701 897 867 939 unam
913 883 1162 940 evertit:
1205 892 1264 940 et
1295 883 1554 954 captivis,
1601 898 1743 954 quos
1790 899 1882 940 mu

2124 878 2416 950 intonso.
2459 879 2654 944 Συνελς
2703 875 2751 932 δ’
2780 877 2991 940 ἐκεῖνος
3022 880 3238 952 εἰρήνης
3267 879 3394 942 εἶναι
3425 894 3502 946 τὸν

407 988 656 1049 ceperat,
709 994 809 1048 pro
860 978 1154 1050 mancipiis
1198 979 1397 1042 utitur,
1460 978 1666 1035 multos
1717 979 1884 1034 etiam

2129 990 2263 1064 εμον
2299 971 2494 1040 αἴτιον,
2527 970 2836 1064 ἐπιτίθεται
2861 973 2977 1036 τοῖς
2997 971 3350 1064 ἐπιθεμένοις,
3372 983 3455 1036 καὶ
3479 986 3605 1064 ἀντη.

406 1069 690 1124 civitatem
738 1070 1040 1124 Romanam
1075 1068 1265 1124 mittit.
1316 1068 1575 1135 Romani,
1611 1085 1741 1125 cum
1774 1069 1883 1125 ﬁnil

2129 1063 2336 1134 ιύνατο,
2392 1067 2488 1120 καὶ
2532 1065 2719 1131 πόλεις
2763 1062 2912 1119 εἶλεν
2967 1065 3165 1130 αὐτῶν,
3216 1061 3288 1123 ὧν
3326 1073 3440 1143 μίαν
3482 1061 3606 1136 κατέ-

405 1157 709 1228 p0tentiam
751 1173 972 1224 eorum,
1021 1167 1078 1214 et
1125 1157 1393 1214 ditionem
1443 1174 1697 1215 crescere
1737 1174 1882 1230 aegre

2130 1155 2299 1227 καψε,
2335 1157 2434 1212 καλ⁵
2465 1157 2690 1221 πολλοῖς
2743 1155 2854 1210 τῶν
2902 1156 3146 1212 ἁλόντων
3171 1159 3244 1224 ὡς
3295 1164 3607 1237 αἰχμαλώτοις

407 1260 612 1313 rentes,
649 1251 842 1307 hostes
871 1267 930 1307 se
953 1251 1190 1323 professi
1212 1260 1420 1317 essent,
1448 1250 1686 1310 Fidenas
1703 1251 1884 1309 obsidi

2131 1250 2398 1322 χρήσατο,
2421 1250 2519 1304 καὶ
2542 1251 2602 1314 ἐς
2630 1249 2732 1322 τὴν
2775 1248 3000 1321 Ῥώμην
3053 1249 3110 1304 δέ
3166 1256 3382 1322 συχνοὺς
3434 1259 3608 1331 ἐτέρους

407 1351 715 1412 ceperunt;
747 1343 986 1402 Sabinos
1029 1345 1363 1413 afﬂixerunt,
1399 1346 1684 1418 dispersos
1708 1360 1884 1417 aggre:

2132 1340 2430 1414 ιετῴκισεν.
2462 1341 2861 1414 Δύξανομένων
2885 1343 2943 1397 δέ
2969 1343 3082 1398 τῶν
3128 1344 3416 1417 Ῥωμαίων,
3441 1353 3609 1425 καὶτῆς

404 1445 462 1489 et
489 1437 686 1494 castris
740 1455 935 1495 eorum
974 1440 1176 1512 captis,
1219 1441 1359 1496 alios
1403 1451 1618 1496 terrore
1673 1439 1876 1512 injecto

2132 1433 2281 1506 ώρας
2297 1433 2453 1504 σφίσι
2481 1433 2943 1506 προστιθεμένης,
2966 1436 3017 1490 oi
3039 1435 3392 1511 πλησιόχωροι
3407 1443 3609 1514 ἤχθοντο,

406 1525 613 1583 invitos
649 1545 841 1599 pacem
869 1547 1092 1587 servare
1121 1539 1444 1602 coegerunt.
1482 1528 1580 1586 His
1610 1529 1776 1586 rebus
1801 1545 1883 1601 get

2134 1529 2200 1583 ιαὶ
2218 1529 2450 1594 ἑαυτοὺς
2487 1527 2784 1601 Ῥωμαίοις
2827 1528 3270 1601 ἐξεπολέμωσαν·
3317 1533 3432 1588 ὅθεν
3471 1538 3611 1592 αὐτῶν

405 1616 648 1677 Marcius
702 1632 936 1679 mortem
981 1624 1144 1690 obiit,
1179 1639 1326 1680 anno
1375 1624 1532 1697 regni
1579 1640 1705 1679 χειν
1742 1639 1881 1680 exen

2132 1628 2410 1699 itdquza;
2441 1629 2543 1701 μὲν
2573 1629 2864 1700 πολιορκίᾳ
2910 1625 3244 1698 ἐκράτησαν,
3303 1625 3532 1690 Σαὸίνους
3575 1631 3609 1684 δ’

403 1712 494 1767 avi
522 1713 819 1785 religiosus
844 1716 1076 1772 deorum
1103 1717 1304 1774 cultor.

2133 1720 2420 1788 κάκωσαν,
2458 1722 2645 1786 αὐτοῖς
2688 1738 2751 1776 τε
2782 1719 3191 1792 προσπεσόντες
3233 1718 3609 1791 ἐσκεδασμένοις,

402 1807 504 1862 καὶ
569 1810 632 1864 τδ
691 1812 844 1882 σφῶν
903 1814 1118 1877 ἐλόντες
1158 1813 1806 1886 πρατόπεδονοέτέρους
1837 1812 1882 1866 δ’
1925 1813 2367 1886 ἐκφοϐήσαντες,
2407 1817 2716 1890 εἰρηνεύειν
2764 1815 2862 1872 καὶ
2936 1813 3174 1878 ἄκοντας
3229 1816 3610 1885 παρεσκεύασαν

404 1900 502 1955 καὶ
526 1901 623 1956 ἐπὶ
646 1901 856 1968 τούτοις
887 1905 1128 1977 Μαρκίῳ
1157 1905 1386 1960 ἐπέλιπε
1415 1905 1478 1960 τὸ
1525 1905 1820 1976 βιώσιμον,
1865 1905 2076 1959 εἴκοσιν
2106 1907 2391 1974 ἐνιαυτοὺς
2454 1910 2552 1964 καὶ
2605 1910 2882 1983 τέσσαρας
2905 1906 3164 1979 ἄρξαντι,
3194 1906 3289 1960 καὶ
3348 1907 3526 1979 πολλὴν
3544 1907 3615 1962 τοῦ

405 1995 566 2050 Θείου
593 1995 736 2050 κατὰ
759 1996 852 2050 τὸν
876 1998 1100 2051 πάππον
1124 1998 1318 2069 Νομᾶν
1339 1997 1653 2069 ποιουμένῳ
1711 1999 1813 2071 τὴν
1862 1995 2190 2068 ἐπιμέλειαν
2212 2001 2350 2076 (81).

472 2093 614 2150 νιιι.
648 2093 712 2149 L.
746 2092 1085 2165 Tarquinius
1131 2095 1407 2152 Demarati
1457 2095 1732 2151 Corinthii
1763 2093 1949 2150 exsuli:

2176 2099 2259 2155 H'.
2287 2100 2520 2165 Λούκιος
2546 2100 2606 2156 δέ
2642 2096 2950 2171 Ταρκύνιος
2975 2097 3079 2170 τὴν
3118 2097 3293 2170 ἀρχὴν
3335 2097 3615 2170 ᾠκειώσατο.

403 2186 500 2257 qui
533 2186 867 2256 Tarquinios
910 2186 1073 2257 325
1119 2187 1446 2259 Tyrrhenia:
1476 2187 1670 2242 urbem
1704 2186 1880 2256 migra

2139 2209 2159 2256 ;
2191 2192 2528 2265 Δημαράτου
2557 2192 2659 2260 μὲν
2678 2189 2748 2263 ἦν
2777 2193 2910 2256 παῖς
2939 2189 3262 2261 Κορινθίου,
3304 2189 3539 2259 φυγόντος
3575 2193 3616 2247 δὲ

403 2295 472 2336 ex
504 2279 764 2352 indigena
808 2279 1043 2336 muliere
1091 2280 1257 2344 ﬁlius,
1306 2281 1589 2337 Lucamon
1619 2288 1870 2345 vocatus,

2141 2279 2195 2334 αἱ
2227 2280 2310 2344 είς
2337 2281 2496 2335 πόλιν
2525 2280 2838 2354 Τυρσηνίδα
2867 2279 3210 2350 Ταρκυινίαν
3253 2281 3618 2353 ἐγκατοικήσαν-

403 2386 571 2441 gnum
596 2371 704 2427 sibi
747 2370 1072 2427 vindicavit.
1097 2371 1148 2426 ls
1169 2386 1296 2426 cum
1328 2372 1573 2442 amplum
1598 2371 1872 2442 patrimon

2138 2387 2191 2436 ος
2229 2370 2291 2437 ἐξ
2311 2369 2640 2441 αὐθιγενοῦς
2669 2370 2931 2438 γυναικὸς
2952 2370 3153 2442 ἐκείνῳ
3191 2369 3400 2441 ἐτέχθη,
3423 2370 3615 2425 Λουκού-

403 2460 763 2530 suscepisset,
801 2475 906 2515 nec
943 2469 1128 2515 tamen
1187 2471 1249 2516 ut
1277 2460 1488 2516 advena
1517 2476 1549 2516 a
1576 2459 1880 2532 Tarquinie

2143 2481 2221 2522 ων
2257 2463 2606 2534 ὀνομασθείς.
2641 2462 2818 2518 Πολλὰ
2891 2463 3079 2534 μέντοι
3138 2460 3402 2533 πατρόθεν
3422 2461 3619 2529 διαδεξά-

404 2555 508 2609 bus
539 2553 613 2608 ad.
640 2567 891 2608 summos
938 2553 1181 2610 honores
1225 2554 1582 2616 eveheretur.
1619 2553 1852 2610 Romam

2141 2574 2285 2624 ενος,
2317 2558 2400 2612 ὅτι
2433 2556 2512 2629 μὴ
2535 2556 2646 2610 τῶν
2681 2556 2968 2628 πρωτείων
2999 2555 3159 2629 παρὰ
3210 2554 3317 2608 τῶν
3370 2555 3618 2626 Ταρκυινη-

403 2655 526 2716 grat
552 2662 566 2698 :
598 2655 924 2716 mutatoque
947 2644 1194 2711 nomine,
1219 2645 1290 2700 ab
1312 2646 1448 2701 urbe
1477 2646 1531 2701 in
1554 2661 1661 2715 qua
1691 2645 1879 2702 habita

2141 2646 2232 2703 ίων
2263 2647 2340 2713 ώς
2370 2647 2579 2720 ἔπηλυς
2607 2647 2940 2718 κατηξίωτο,
2975 2645 3118 2717 πρὸς
3140 2645 3242 2718 τὴν
3307 2643 3510 2717 Ῥώμην
3545 2663 3618 2716 με·

404 2734 470 2792 L.
500 2735 838 2806 Tarquinius
878 2736 1210 2806 appellatur.
1247 2737 1450 2793 Fertur
1489 2747 1698 2802 autem,
1749 2753 1875 2794 cum

2142 2738 2446 2808 ιναστεύει,
2494 2740 2592 2794 καὶ
2613 2739 2712 2810 τὴν
2752 2739 2950 2809 κλῆσιν
3007 2736 3502 2809 συμμεταθέμενος,
3550 2737 3619 2791 καὶ

402 2827 530 2884 dem
583 2837 850 2895 mutaret,
899 2827 1088 2900 aquila
1133 2828 1440 2896 devolasse,
1499 2842 1772 2902 raptoque
1821 2829 1875 2901 pi

2143 2831 2506 2903 ετωνομάσθη
2537 2830 2773 2895 Λούκιος
2823 2829 3134 2902 Ταρκύνιος
3213 2831 3279 2882 ἐκ
3313 2827 3410 2895 τῆς
3458 2827 3620 2889 πόλεως

402 2933 568 2990 quem
592 2919 774 2990 capite
795 2921 1043 2991 gerebat,
1066 2921 1390 2977 subvolasse
1415 2936 1482 2978 ac
1508 2937 1709 2994 magno
1733 2923 1879 2993 clang

2147 2943 2159 2978 ρ
2187 2918 2224 2997 ᾖ
2255 2922 2530 2998 παρῴκει.
2563 2922 2802 2993 Λέγεται
2830 2923 2889 2978 δὲ
2919 2920 3376 2994 μετοικιζομένου
3405 2918 3541 2980 ἀετὸς
3554 2934 3624 2970 κα-

402 3009 588 3078 edito,
635 3017 894 3067 eumdem
929 3013 1096 3085 capiti
1127 3022 1252 3083 apte
1285 3014 1624 3086 reposuisse.
1658 3014 1816 3072 Unde
1853 3031 1879 3069 ιι

2146 3017 2307 3081 ιπτὰς
2330 3016 2579 3089 ἁρπάσαι
2607 3015 2700 3069 τδν
2753 3014 2932 3081 πῖλον,
2983 3014 3048 3068 δν
3104 3009 3254 3085 εἶχεν
3314 3011 3404 3066 ἐπὶ
3451 3009 3534 3080 τῆς
3554 3025 3623 3061 κι-

403 3103 616 3162 humile
645 3105 832 3162 animo
863 3107 1208 3176 conceperit,
1253 3115 1311 3161 et
1350 3107 1611 3162 alacriter
1637 3107 1828 3162 Romze
1861 3121 1880 3162 ι

2146 3109 2299 3181 αλῆς,
2332 3110 2430 3164 καὶ
2471 3109 2868 3181 μετεωρισθεὶς
2927 3107 3024 3162 καὶ
3086 3105 3330 3175 κλάγξας
3383 3103 3469 3158 ἐπὶ
3504 3099 3623 3164 πολὺ,

403 3195 633 3263 sederit,
667 3195 761 3251 ubi
796 3211 906 3252 non
940 3197 1116 3252 multo
1149 3208 1276 3270 post
1309 3198 1364 3254 in
1392 3197 1588 3269 primis
1615 3207 1701 3254 est
1728 3213 1880 3253 numt

2148 3202 2260 3267 seu;
2291 3202 2457 3258 αὐτὸν
2487 3201 2808 3274 ἐφαρμόσαι
2837 3202 2908 3273 τῇ
2954 3197 3133 3255 αὐτοῦ
3192 3195 3422 3267 κεφαλῇ,
3455 3194 3520 3258 ὡς
3563 3192 3625 3246 ἐν·

402 3293 514 3341 tus.
549 3284 685 3340 Nam
726 3301 851 3341 cum
885 3286 1091 3357 opibus
1130 3287 1278 3342 haud
1334 3303 1498 3358 parce
1531 3297 1806 3354 uteretur,
1855 3304 1879 3360 ρ

2147 3293 2290 3349 ιῦθεν
2322 3293 2491 3366 μηδὲν
2540 3292 2762 3347 ἐλπίσαι
2830 3290 3056 3362 μικρὸν,
3111 3289 3212 3344 καὶ
3266 3285 3539 3359 προθύμως
3576 3284 3624 3350 τῇ

401 3375 592 3434 dentia
620 3387 678 3434 et
707 3378 1022 3434 urbanitate
1063 3379 1475 3451 potentioribus
1514 3380 1618 3436 sibi
1657 3379 1878 3436 concilia

2149 3387 2297 3459 ltbp'n
2335 3386 2750 3456 ἐγκατοικῆσαι,
2779 3385 2902 3439 ὅθεν
2927 3385 3046 3448 τοῖς
3096 3382 3340 3455 πρώτοις
3409 3379 3465 3434 οὐ
3519 3375 3626 3448 μετᾶ

405 3487 438 3527 a
477 3471 683 3528 Marcio
715 3472 770 3527 in
812 3471 1072 3542 patricios
1099 3482 1157 3529 et
1187 3481 1442 3530 senatum
1472 3473 1652 3528 lectus
1672 3481 1778 3536 est,
1799 3480 1882 3554 ett

2269 3440 2666 3550 ξυνῆριθμητο.
2711 3440 2802 3548 Τῷ
2856 3478 2914 3531 δὲ
2971 3440 3088 3548 γαρ
3125 3440 3345 3546 πλούτιρ
3392 3440 3623 3544 χρώμενος

402 3564 686 3622 exercitus
727 3565 1069 3634 designatus,
1113 3565 1322 3622 credita
1367 3566 1533 3622 etiam
1579 3565 1879 3621 liberorum

2149 3569 2506 3642 ρειδέστερον,
2540 3569 2759 3624 συνέσει
2791 3585 2851 3622 τε
2878 3569 2974 3622 καὶ
3003 3564 3354 3638 εὐτραπελίᾳ
3405 3564 3516 3627 τοὺς
3556 3561 3626 3615 δυ·

402 3657 560 3728 regni
611 3657 802 3713 tutela.
850 3658 988 3713 Nam
1018 3672 1080 3714 se
1105 3659 1314 3714 bonum
1347 3659 1530 3714 virum
1559 3659 1858 3730 praebebat,

2150 3663 2292 3726 ιτοὺς
2326 3662 2722 3732 οἰκειούμενος,
2761 3663 2819 3726 ἐς
2883 3660 3014 3724 τοὺς
3061 3658 3398 3730 εὐπατρίδας
3440 3655 3523 3709 καὶ
3555 3653 3627 3722 τὴν

403 3751 628 3808 cuniam
653 3752 949 3822 egentibus
979 3752 1353 3824 impertiebat,
1395 3753 1719 3824 rogantibus
1748 3753 1880 3809 liber

2150 3755 2294 3829 »υλὴν
2331 3755 2636 3826 κατελέχθη
2677 3753 2830 3826 παρὰ
2886 3752 3172 3824 Μαρκίου,
3230 3750 3326 3806 καὶ
3379 3744 3627 3820 στρατηγὸς

404 3844 622 3901 ferebat
666 3859 852 3913 opem,
901 3845 1108 3900 malum
1150 3846 1388 3901 faciebat
1429 3846 1720 3902 dicebatve
1756 3861 1879 3901 nem

2150 3848 2420 3920 τεδείχθη,
2455 3850 2548 3902 καὶ
2569 3848 2668 3920 τὴν
2691 3847 2797 3902 τῶν
2817 3846 3030 3900 παίδων
3054 3845 3276 3900 ἐκείνου
3305 3839 3627 3912 ἐπιτροπείαν,

404 3949 632 4009 accepta
679 3939 952 3997 beneﬁcia
993 3939 1376 4011 exaggerabat.
1425 3933 1680 3995 Oﬂ‘ensas
1712 3940 1797 3996 vel
1821 3940 1876 3995 di

2150 3943 2195 3997 t‘t
2222 3945 2324 4016 τῆς
2359 3941 2643 4014 βασιλείας
2665 3941 3026 3995 πεπίστευτο.
3075 3936 3354 3991 Ἐδείκνυε
3387 3935 3487 4006 γὰρ
3533 3933 3627 3987 ἐαυ-

405 4031 672 4099 malebat,
719 4033 804 4088 vel
849 4041 1162 4089 extenuans
1207 4033 1475 4088 oblivioni
1510 4032 1852 4091 mandabat:

2152 4055 2186 4091 ιν
2219 4036 2428 4105 ἀγαθὸν
2468 4034 2659 4106 ἄνδρα,
2683 4034 2989 4104 χρημάτων
3010 4051 3074 4087 τε
3099 4038 3235 4099 τοῖς·
3271 4031 3529 4101 δεομένοις
3557 4041 3629 4094 με·

403 4138 435 4176 a
461 4123 667 4193 quibus
710 4125 874 4180 laesus
918 4135 1090 4191 esset,
1137 4124 1278 4180 adeo
1327 4140 1438 4180 non
1488 4125 1880 4191 ulciscebatur,

2154 4129 2359 4192 διδοὺς,
2395 4127 2490 4181 καὶ
2519 4128 2711 4180 ἑαυτὸν
2737 4126 2956 4196 ἕτοιμον
2989 4126 3261 4197 παρέχων
3287 4123 3342 4178 εί
3384 4139 3461 4182 τις
3497 4118 3631 4172 δίοιτο

403 4216 572 4271 etiam
598 4216 888 4272 beneﬁciis
918 4217 1325 4273 demereretur.
1357 4218 1454 4273 His
1487 4219 1736 4274 moribus
1769 4230 1827 4274 et
1850 4220 1880 4273 Ε

2153 4219 2261 4274 ίτοῦ
2289 4221 2371 4283 είς
2401 4217 2680 4291 βοήθειαν·
2713 4217 2916 4287 φαῦλον
2945 4217 3002 4271 δέ
3032 4217 3153 4289 (82)
3171 4236 3226 4272 τι
3253 4215 3364 4270 οὐτ’
3389 4215 3630 4284 ἔπραττεν.

405 4309 553 4365 cium
599 4309 803 4380 ipsum,
834 4317 890 4364 et
919 4309 1104 4381 regios
1128 4310 1338 4364 amicos
1367 4309 1474 4365 sibi
1503 4310 1772 4375 devinxit,
1792 4311 1877 4366 cxi

2153 4315 2209 4368 ›τ“
2239 4314 2426 4384 ἔλεγεν
2443 4313 2641 4367 οὐδενί.
2668 4313 2778 4366 Καὶ
2801 4311 2920 4365 είτι
2957 4311 3102 4381 πρός
3134 4327 3301 4364 τινων
3331 4306 3390 4360 εὖ
3414 4306 3630 4370 ἔπασχεν,

407 4403 706 4457 mationem
737 4401 839 4456 viri
866 4400 999 4457 boni
1034 4411 1091 4456 et
1125 4402 1392 4472 sapientis
1421 4414 1776 4469 consecutus,
1820 4420 1884 4473 qu

2156 4413 2256 4481 ῇρε
2290 4410 2351 4462 τὸ
2378 4409 2682 4478 γινόμενον
2710 4409 2759 4462 εί
2791 4407 2846 4460 δέ
2878 4425 2930 4460 τι
2960 4407 3059 4460 καὶ
3091 4404 3498 4477 ἐπαχθέστερον
3520 4393 3633 4463 αὐτῷ

405 4509 516 4550 non
546 4502 817 4565 perpetuo
849 4495 1221 4549 conservavit.
1256 4493 1444 4549 Marcii
1472 4509 1709 4563 namque
1738 4495 1882 4550 defui

2156 4517 2330 4564 .VOtto,
2361 4501 2394 4572 ἢ
2426 4500 2537 4553 οὐδ’
2573 4497 2850 4567 ἐλογίζετο
2877 4498 2939 4552 τὸ
2968 4496 3260 4566 λυποῦν,ῆ
3290 4496 3385 4550 καὶ
3413 4488 3633 4562 φαυλίσας

405 4591 623 4646 duobus
667 4589 797 4645 ﬁliis
827 4587 1079 4658 iniquum
1123 4603 1184 4643 se
1233 4588 1486 4658 praebuit,
1541 4599 1736 4660 erepto
1790 4606 1882 4662 rcg

2159 4592 2511 4663 ιρελογίξετοσ
2555 4593 2616 4644 οὐ
2651 4591 2816 4660 μόνον
2841 4608 2902 4644 τε
2925 4592 3027 4644 οὐκ
3054 4590 3316 4661 ἠμύνατο
3372 4587 3462 4639 τὸν
3517 4579 3636 4634 λελυ-

403 4683 552 4755 quod
589 4697 714 4738 cum
748 4681 858 4736 illis
883 4690 1110 4737 senatus
1133 4681 1478 4751 populusque
1507 4682 1793 4738 delaturus
1819 4699 1878 4738 es

2158 4686 2340 4757 γκότα,
2374 4684 2511 4739 ἀλλὰ
2540 4684 2636 4737 καὶ
2667 4684 2984 4754 εὐηργέτει.
3012 4683 3250 4746 Τούτοις
3288 4680 3447 4735 αὐτόν
3475 4693 3528 4731 τε
3567 4670 3635 4724 τὸν

406 4777 499 4832 ille
543 4778 896 4834 senatoribus
949 4777 1346 4848 potentissimis
1397 4775 1502 4832 sibi
1558 4775 1871 4848 adiunctis,

2162 4779 2367 4848 ipxtov,
2396 4777 2492 4830 καὶ
2521 4776 2648 4840 τοὺς
2679 4776 2809 4848 περὶ
2834 4775 3000 4828 αὐτὸν
3018 4773 3388 4847 ἐχειρώσατο,
3414 4763 3639 4828 καὶδόξαν

405 4869 851 4928 adolescentibus
905 4871 1100 4942 procul
1145 4870 1214 4926 ad
1285 4870 1634 4928 venationem
1697 4869 1882 4941 ablcga

2165 4871 2289 4942 δρὸς
2316 4871 2586 4940 ἐκτήσατο
2609 4867 2776 4939 σοφοῦ
2797 4885 2856 4921 τε
2879 4869 2974 4921 καὶ
2995 4867 3235 4937 ἀγαθοῦο
3267 4866 3382 4921 ἀλλ’
3411 4863 3468 4918 οὐ
3506 4873 3639 4930 πρασ-

405 4962 547 5018 nihil
587 4971 790 5019 nonet
842 4963 981 5021 dixit
1008 4975 1066 5019 et
1105 4962 1257 5026 fecit,
1304 4963 1482 5019 donec
1531 4977 1760 5034 regnum
1810 4961 1882 5015 im

2164 4978 2280 5015 ,εινε
2307 4960 2470 5032 μέχρι
2494 4959 2686 5024 τέλους
2725 4958 2874 5031 αὐτῷ
2913 4961 2946 5030 ὴ
2977 4958 3278 5029 ὑπόληψις.
3303 4957 3410 5011 Τοῦ
3434 4949 3641 5022 Μαρκίου

407 5062 604 5108 trasset
629 5070 643 5107 :
687 5053 739 5107 id
768 5068 826 5108 se
853 5056 1060 5124 pueris,
1087 5055 1177 5110 ubi
1208 5055 1603 5120 adolevissent,
1633 5054 1884 5109 redditur

2160 5072 2204 5120 :p
2233 5054 2680 5122 τελευτήσαντος,
2720 5053 2907 5116 κακῶς
2925 5053 3053 5123 περὶ
3065 5053 3198 5114 τοὺς
3228 5049 3439 5104 ἐκείνου
3463 5039 3637 5107 διετέθη

402 5144 717 5215 professus,
738 5145 940 5200 Rerum
972 5157 1156 5202 autem
1205 5148 1413 5218 potitus
1446 5148 1728 5202 Romanos
1759 5148 1833 5203 ita
1877 5161 1879 5198 ι

2165 5166 2203 5200 ω
2220 5147 2380 5210 υἱεῖς,
2398 5146 2490 5200 καὶ
2512 5147 2610 5219 τὴν
2626 5145 2906 5216 βασιλείαν
2923 5146 3353 5216 ἐσφετερίσατο.
3372 5142 3480 5209 Τῆς
3497 5156 3548 5191 τε
3561 5135 3642 5204 γὰρ

405 5237 595 5303 ctavil,
631 5247 690 5292 ut
718 5238 900 5309 regios
927 5239 1311 5295 adolescentes
1338 5255 1621 5310 nunquam
1657 5238 1756 5308 ipsi
1791 5256 1882 5310 pra

2162 5238 2292 5309 υλῆς
2316 5238 2412 5292 καὶ
2441 5237 2536 5291 τοῦ
2561 5238 2737 5308 δήμου
2762 5239 2886 5300 τοὺς
2911 5236 3006 5291 τοῦ
3040 5237 3306 5309 Μαρκίου
3344 5234 3527 5294 παῖδας
3550 5243 3639 5298 χει-

406 5332 514 5386 turi
545 5343 754 5395 essent,
784 5347 1023 5403 quorum
1071 5333 1288 5388 animos
1345 5342 1403 5389 et
1473 5347 1704 5402 Corpora
1735 5348 1883 5387 assuc

2166 5333 2338 5385 τονετν
2375 5329 2705 5401 μελλόντων,
2741 5331 2952 5394 ἐκεῖνος
2980 5330 3092 5384 τῶν
3124 5329 3436 5410 βουλευτῶν
3467 5342 3521 5377 τε
3546 5321 3643 5379 τοὺς

403 5423 533 5480 dine
586 5424 816 5496 ignavia:
865 5441 966 5496 per
1013 5425 1372 5497 benignitatis
1422 5425 1660 5495 speciem
1716 5441 1876 5480 corru

2165 5426 2508 5489 νατωτάτους
2571 5422 2837 5495 μετῆλθε,
2867 5425 2965 5478 καὶ
2995 5422 3131 5489 τοὺς
3185 5421 3457 5495 ὀρφανοὺς
3491 5412 3642 5486 πόρρω

1607 5584 1816 5644 Varias
1847 5581 2162 5645 lectioms
2208 5591 2492 5646 etnotae.

474 5727 590 5798 (81)
623 5725 732 5781 Aul
761 5727 1010 5798 πολλὴν
1040 5727 1147 5782 τοῦ
1207 5730 1370 5780 θείου
1407 5729 1557 5780 κατὰ
1591 5726 1696 5781 τὸν
1735 5727 1947 5781 mimo

2172 5730 2284 5798 (82)
2312 5731 2556 5787 φαῦλον
2585 5731 2672 5786 δέ.
2711 5731 2791 5788 Ex
2840 5731 3030 5788 Dionis
3059 5731 3167 5790 lib.
3215 5747 3258 5798 ι,
3289 5730 3348 5788 in
3397 5720 3643 5794 Excerptis

404 5798 656 5867 Νοῦμαν
681 5797 1025 5866 ποιουμένῳ
1052 5799 1168 5863 τὴν
1197 5798 1564 5867 ἐπιμέλειαν.
1621 5799 1827 5854 Desunt
1874 5799 1881 5852 Ι

945 5814 1025 5862 mp
1052 5799 1168 5863 τὴν
1197 5798 1564 5867 ἐπιμέλειαν.
1621 5799 1827 5854 Desunt
1874 5799 1989 5854 lure
2102 5797 2422 5858 Valcsianis.

407 5869 575 5928 verba
604 5869 661 5925 in
689 5867 854 5924 codd.
884 5868 1019 5942 Reg.
1044 5877 1097 5925 et
1119 5869 1276 5944 μυιυ.
