3862 6544
157 413 259 476 565

1449 415 1860 477 ANNALIUM
1899 417 2050 482 LIB.
2091 418 2231 481 VII.

155 546 242 584 ποι
262 526 593 600 πέμψαςείς
631 529 831 602 θήραν,
859 521 948 596 ὀἷς
978 549 1038 587 τε
1072 529 1216 598 εἷπε,
1255 534 1349 589 καὶ⁵
1411 529 1495 596 οἷς
1557 535 1723 606 ἐπρα·

1831 535 1968 592 Cnm
1999 545 2182 592 autem
2226 551 2323 592 eos
2355 535 2522 591 etiam
2553 536 2636 592 sic.
2671 543 2991 599 metueret»
3013 549 3142 590 suas
3182 549 3317 605 opes
3357 535 3414 591 in

158 620 259 684 ξεν,
293 619 445 691 αύτῷ
470 621 570 692 τὴν
601 619 881 692 βασιλείαν
903 623 1249 694 ψηφίσασθαι
1284 626 1722 697 παρεσκεύασεν,

153 709 225 773 ὡς
245 711 605 784 άνδρωθείσιν
621 715 796 788 αὐτὴν
820 715 983 788 δῆθεν
1000 719 1115 782 τοῖς
1142 717 1336 772 παισὶν
1361 720 1723 777 ἀποδώσοντι.

167 804 474 876 ’Βγκρατὴς
503 805 560 861 δέ
595 807 872 873 καταστὰς
894 809 1004 862 τῶν
1031 809 1396 882 πραγμάτων,
1432 810 1576 865 οὕτω
1600 812 1726 875 τοὺς

163 893 464 966 Ῥωμαίους
495 897 728 963 διέθετο,
757 898 901 955 ὥστε
936 901 1210 973 μηδέποτε
1257 901 1539 975 ἐθελήσειν
1569 902 1728 956 ἁνθε·

151 985 328 1040 λέεῡαι
357 988 493 1052 τοὺς
530 989 733 1055 παῖδας
787 991 1023 1046 ἐκείνου·
1081 991 1182 1047 καὶ
1227 994 1300 1048 τά
1351 996 1617 1066 μειράκια
1667 994 1726 1049 δέ

151 1078 278 1150 πρὸς
298 1079 596 1151 ῥᾳστώνην
624 1081 850 1150 ἐθίζων,
876 1085 977 1150 τάς
1000 1103 1059 1140 τε
1087 1086 1269 1159 ψυχὰς
1297 1087 1502 1155 αὐτῶν,
1537 1089 1634 1142 καὶ
1658 1087 1728 1144 τά

152 1170 372 1242 σώματα
405 1173 508 1226 σὺν
539 1173 727 1246 χάριτι
748 1175 812 1246 δή
838 1193 948 1232 τινι
981 1176 1228 1250 ἐφθειρε.
1279 1179 1477 1244 Δεδιὼς
1523 1182 1582 1235 δέ
1628 1179 1726 1235 καὶ

147 1263 306 1331 οὕτως
342 1263 510 1338 ἔχων,
546 1267 704 1339 ίσχὺν
730 1268 914 1341 ἑαυτῷ
931 1271 989 1324 ἐν
1014 1272 1093 1342 τῷ
1112 1271 1376 1344 συνεδρίῳ
1407 1273 1726 1345 περιεποιή-

151 1376 295 1415 σατο.
323 1361 472 1426 Τοὺς
501 1363 616 1434 γὰρ
653 1363 850 1433 φιλίως
871 1362 1024 1435 αὐτῷ
1049 1363 1114 1417 ἐκ
1147 1362 1242 1417 τοῦ
1289 1363 1468 1436 δήμου
1514 1363 1726 1417 διακει-

149 1451 332 1522 μένους
347 1453 484 1525 περὶ
512 1454 825 1522 διακοσίους
853 1459 913 1519 ἐς
931 1457 1061 1520 τοὺς
1080 1454 1414 1527 εὐπατρίδας
1429 1454 1722 1528 ἐνέγραψε,

147 1550 233 1601 καὶ
263 1548 592 1619 ponium-dc“
622 1553 717 1607 καὶ
745 1553 892 1608 οὕτω
922 1553 1024 1625 τήν
1052 1570 1115 1608 τε
1143 1553 1440 1624 γερουσίαν
1479 1553 1572 1623 ὑφ’
1597 1553 1726 1608 ἐαυ-

146 1642 250 1708 τδν,
282 1642 384 1698 καὶ
413 1645 550 1710 τοὺς
579 1645 814 1712 πολλοὺς
851 1647 1174 1719 ἐποιήσατο,
1224 1647 1320 1702 καὶ
1371 1647 1470 1718 τὴν
1529 1647 1726 1719 στολὴν

147 1734 272 1805 πρὸς
295 1734 361 1790 τὺ
392 1737 991 1812 μεγαλοπρεπέστερον
1013 1739 1275 1812 ἧμειψεν.
1315 1739 1388 1795 Ἥ
1413 1740 1472 1797 δέ
1498 1735 1566 1813 ἦν
1592 1741 1724 1811 ίμά-

145 1842 251 1880 τιον
270 1827 363 1881 καὶ¹
399 1827 573 1899 χιτὼν
603 1830 961 1904 ὁλοπόρφυρα
991 1833 1085 1886 καὶ
1111 1831 1494 1904 χρυσόπαστα,
1521 1832 1726 1903 στέφα-

146 1917 226 1978 νός
253 1934 314 1972 τε
337 1917 518 1972 λίθων
545 1921 918 1991 χρυσοδέτων,
952 1922 1048 1976 καὶ
1071 1923 1378 1994 σκῆπτρον,
1420 1921 1613 1994 δίφρος
1663 1939 1724 1977 τε

145 2007 515 2077 ἐλεφάντινος,
551 2006 636 2077 οἷς
662 2014 758 2068 καὶ
789 2014 840 2067 οἱ
871 2013 1012 2085 μετά
1040 2014 1218 2070 ταῦτα
1249 2015 1304 2068 οἵ
1335 2032 1394 2070 τε
1420 2014 1593 2084 ἄλλοι,
1628 2015 1726 2070 atati.

147 2101 190 2154 οί
217 2101 314 2173 τὴν
342 2103 770 2176 αὐτοκράτορος
803 2106 1023 2178 ἔχοντες
1045 2108 1350 2179 ἠγεμονίαν
1391 2110 1722 2180 ἐχρήσαντο.

149 2193 246 2246 Καὶ
290 2195 592 2268 τεθρίππῳ
639 2199 701 2252 ἐν
743 2194 859 2262 τοῖς
921 2199 1214 2265 ἐπινικίοις
1248 2202 1590 2273 ἐπόμπευσε,
1629 2202 1726 2258 καὶ

151 2287 480 2361 ῥαϐδούχους
502 2291 591 2345 διὰ
620 2290 738 2362 βίου
784 2291 995 2347 δώδεκα
1036 2293 1188 2365 ἔσχε.
1260 2294 1486 2361 Πάντως
1535 2295 1593 2350 δὲ
1629 2295 1726 2351 καὶ

147 2378 270 2433 ἄλλα
307 2380 491 2437 πλείω
538 2384 972 2456 ἐκαινοτόμησεν
1036 2386 1201 2453 ἃν,εί
1251 2387 1327 2458 μή
1376 2405 1462 2452 τις
1527 2389 1725 2454 ’Δττος

148 2471 364 2538 Suedio;
388 2475 496 2540 τὰς
531 2476 710 2546 φυλὰς
731 2479 900 2533 αὐτὸν
936 2479 1271 2551 βουληθέντα
1301 2482 1725 2554 μετακοσμῆσαι

150 2565 475 2634 κεκώλυκεν,
495 2569 554 2634 ὃς
588 2571 879 2641 οἰωνιστής
903 2567 992 2644 ἦν,
1027 2568 1139 2637 οἷος
1172 2573 1270 2646 οὐχ
1292 2573 1480 2646 ἐτερος
1507 2574 1720 2645 γέγονε.

149 2657 334 2713 Τοῦτον
355 2661 678 2733 ἐνυϐρίσαι,
717 2663 807 2718 διὰ
825 2663 924 2736 τὴν
956 2665 1278 2720 ἐναντίωσιν
1303 2666 1603 2736 ὀργισθεὶς,
1627 2669 1724 2722 καὶ

149 2748 235 2818 τὴν
253 2751 458 2821 τέχνην
482 2754 837 2826 ἐξουθενῆσαι
866 2757 1256 2828 διεμελέτησεν
1313 2759 1341 2811 ὁ
1391 2757 1720 2830 Ταρκύνιος.

150 2839 328 2894 Λαϐὼν
347 2842 452 2898 οὖν
472 2845 533 2896 ἐν
552 2843 633 2916 τῷ
657 2845 846 2918 κόλπῳ
878 2847 1082 2919 ἀκόνην
1109 2866 1166 2903 τε
1199 2850 1294 2904 καὶ
1334 2848 1518 2923 ξυρὸν,
1553 2853 1610 2916 ἐς
1631 2854 1722 2908 τὸν

149 2931 306 3001 δῆμον
335 2934 646 3008 παρῆλθεν,
697 2936 840 3010 ἔχων
882 2941 942 2995 ἐν
995 2941 1073 3016 νῷ
1122 2943 1403 3014 τμηθῆναι
1452 2945 1532 3017 τῷ
1573 2945 1721 3016 ξυρῷ

148 3028 234 3098 τὴν
259 3029 494 3100 ἀκόνην,
528 3035 767 3104 πρᾶγμα
792 3033 904 3088 τῶν
941 3035 1242 3106 ἀδυνάτων,
1291 3037 1466 3094 είπών
1511 3058 1572 3095 τε
1620 3043 1722 3098 ὅσα

152 3118 418 3187 ἐϐούλετο,
448 3125 571 3178 ἐπεὶ
605 3127 804 3192 ’Δττος
860 3128 1157 3198 ἀντέλεγεν
1197 3130 1562 3201 ἐντονώτατα,
1614 3153 1722 3207 μη-

1829 629 2068 684 concilio
2098 628 2271 694 anxit,
2298 644 2360 685 cc
2402 644 2469 685 ex
2517 629 2676 699 plebe
2717 627 2923 684 amicis.
2957 627 3011 682 in
3051 627 3316 699 patricios
3359 638 3416 684 et

1830 727 2116 774 senatores
2159 719 2356 774 lectis:
2391 734 2503 788 quo
2530 726 2690 789 pacto
2713 724 2770 773 et
2813 724 3065 771 senatum
3095 723 3155 770 ct
3197 713 3413 784 plebem

1831 809 2070 882 subegit.
2102 811 2363 867 Habitum
2393 810 2558 866 etiam
2592 807 3124 880 magniﬁcentiorem
3159 807 3414 876 sumpsit,

1831 905 2075 963 tunicam
2122 914 2181 962 et
2227 915 2435 962 vestem
2487 917 2822 977 purpuream
2875 915 3012 957 auro
3071 899 3415 966 distinctam,

1829 1013 2094 1056 coronam
2137 1013 2358 1054 auream
2411 997 2642 1070 gemmis
2687 1005 2963 1062 ornatam,
3011 999 3317 1064 sceptrum,
3360 1001 3419 1048 et

1829 1093 2021 1150 sellam
2051 1093 2401 1149 eburneam:
2455 1091 2662 1162 quibus
2706 1089 2889 1161 326'
2914 1094 2984 1143 et
3030 1085 3209 1144 secuti
3237 1100 3414 1156 reges.

1827 1197 1886 1244 et
1917 1186 2276 1258 imperatores
2313 1199 2533 1256 quoque
2553 1185 2938 1240 Romanorum
2953 1187 3090 1238 sunt
3106 1180 3212 1236 usi.
3241 1178 3417 1236 Victis

1828 1281 2108 1346 hostibus,
2153 1278 2434 1352 quadrigis
2464 1276 2754 1350 magniﬁce
2800 1283 2887 1332 est
2929 1275 3208 1339 invectus,
3247 1281 3305 1328 et
3345 1271 3418 1327 li-

1827 1379 2010 1429 ctores
2033 1386 2132 1442 per
2161 1385 2378 1426 omnem
2409 1378 2625 1424 :etatem
2655 1383 2728 1423 xu
2753 1365 2966 1422 habuit;
2988 1364 3225 1421 Omnino
3246 1360 3414 1418 etiam

1827 1463 1934 1520 alia
1995 1463 2362 1522 innovaturus
2413 1459 2556 1524 fuit,
2609 1457 2716 1514 nisi
2781 1457 2834 1513 ei
2888 1455 3069 1512 tribus
3130 1461 3417 1509 mutaturo

1824 1555 2021 1614 Actius
2059 1553 2270 1611 Navius
2322 1567 2500 1624 augur
2549 1546 3044 1620 praestantissimus
3083 1542 3433 1602 obstitisset.

1826 1650 1892 1708 Ei
1927 1665 2054 1706 cum
2089 1647 2162 1704 ob
2194 1645 2610 1703 adversationes
2641 1643 2818 1700 iratus
2863 1641 3117 1708 illudere,
3149 1645 3207 1694 et
3237 1647 3416 1693 artem

1826 1741 2054 1800 eludere
2113 1739 2384 1805 studeret,
2437 1747 2619 1794 cotem
2669 1745 2727 1794 et
2785 1734 3115 1792 novaculam
3175 1731 3236 1787 in
3285 1729 3415 1786 sinu

1827 1843 2068 1907 gestans,
2095 1831 2164 1888 ad
2200 1831 2464 1904 populum
2499 1828 2728 1902 prodiit,
2762 1827 2817 1884 id
2853 1826 3040 1882 animo
3086 1824 3323 1896 agitans,
3356 1831 3418 1877 ut

1827 1943 1924 1985 cos
1955 1927 2222 1983 novacula
2250 1923 2681 1988 discinderetur,
2709 1919 2858 1993 quod
2900 1919 3020 1976 ﬁeri
3064 1927 3416 1987 nequaquam

1828 2029 2040 2092 posset.
2064 2019 2315 2091 Cumque
2349 2017 2581 2075 dixisset
2602 2031 2726 2087 qua:
2761 2013 3035 2078 voluerat,
3071 2009 3228 2066 Actio
3263 2021 3418 2064 acer-

1827 2117 1969 2173 rime
1997 2114 2345 2176 adversante,
2372 2128 2437 2168 ac
2473 2110 2698 2166 minime
2729 2107 2962 2164 cedente
2997 2117 3013 2159 :
3039 2099 3177 2171 Nisi,
3211 2099 3413 2172 inquit,

1829 2208 2148 2264 adversandi
2189 2206 2364 2262 studio
2398 2202 2718 2274 refragaris,
2772 2208 2823 2253 et
2869 2214 2996 2253 uera
3028 2194 3181 2259 dicis,
3236 2205 3414 2246 coram

1827 2302 1975 2358 omni
1994 2299 2188 2372 populo
2223 2299 2351 2354 mihi
2375 2294 2706 2366 respondeto,
2739 2307 2867 2346 num
2897 2289 2950 2344 id
2980 2287 3199 2357 quodin
3231 2281 3414 2372 animo
3451 2325 3466 2344 ,

1827 2370 2014 2460 habeo,
2035 2393 2201 2465 possit
2227 2389 2369 2460 ﬁeri.
2398 2388 2536 2443 Cum
2583 2385 2676 2441 ille
2713 2383 2769 2438 in
2802 2379 3036 2452 augurio
3071 2391 3186 2433 rem
3222 2370 3413 2429 statim

1826 2495 2113 2560 expertus,
2177 2483 2423 2556 profecto
2471 2480 2714 2536 futuram
2763 2474 3040 2531 dixisset:
3099 2468 3262 2540 Atqui
3315 2467 3414 2520 hoc

1829 2583 2008 2638 animo
2028 2579 2248 2651 agitavi,
2268 2574 2467 2647 inquit,
2491 2581 2539 2628 te
2568 2569 2829 2628 novacula
2857 2576 3024 2622 cotem
3047 2565 3410 2618 discissarum.

1829 2676 1969 2732 Tum
2011 2673 2162 2728 illum
2215 2668 2363 2724 baud
2415 2674 2742 2722 cunctanter
2778 2659 3067 2718 discidisse
3111 2665 3294 2711 cotem
3328 2651 3410 2708 fe-

1829 2778 1982 2826 runt.
2012 2767 2072 2823 Id
2105 2764 2410 2822 admiratus
2439 2757 2797 2830 Tarquinius,
2829 2764 2946 2809 tum
3002 2751 3141 2806 alios
3173 2748 3412 2802 honores

1827 2863 1987 2920 Actio
2013 2860 2230 2923 habuit,
2261 2867 2376 2912 tum
2406 2869 2616 2911 teneam
2655 2859 2890 2908 statuam
2923 2843 3106 2902 erexit
3143 2863 3156 2899 :
3197 2849 3254 2896 et
3303 2836 3413 2894 rci-

1829 2955 2066 3030 publicae
2093 2952 2286 3009 ordine
2314 2965 2423 3005 non
2453 2955 2686 3005 mutato.
2721 2941 2969 2998 consiliis
3003 2938 3122 3009 ejus
3165 2948 3298 2990 usus
3327 2939 3412 2988 est

1829 3026 1897 3103 ad
1949 3045 2156 3102 omnia.
2211 3043 2534 3099 Latinorum
2604 3035 2969 3092 defectionem
3045 3026 3420 3097 compescuit?

1831 3139 2088 3203 Sabinos,
2133 3136 2230 3208 qui
2277 3132 2582 3207 Tyrrhenis
2613 3126 2962 3201 adjutoribus
3008 3123 3062 3178 in
3098 3121 3409 3175 Romanum

151 3208 225 3304 δὲν
247 3212 567 3282 ὑφιέμενος·
593 3218 662 3271 El
689 3215 777 3287 μὴ
807 3219 1167 3288 φιλονείκως
1197 3221 1556 3293 ἀντιλέγεις,
1591 3225 1719 3297 ἔφη,

1826 3247 2018 3304 agrum
2053 3229 2474 3300 impressionem
2503 3225 2768 3288 fecerant,
2802 3215 3106 3290 superavit.
3139 3213 3315 3270 Unam
3377 3223 3410 3263 ο

153 3301 489 3376 ἁλλ’ἁληθῆ
519 3307 738 3377 λέγεις,
756 3309 853 3363 ἐπὶ
878 3308 1124 3372 πάντων
1152 3313 1379 3368 τούτων
1401 3314 1725 3384 ἀπόκριναι

1827 3300 2164 3382 vestalibus.
2195 3320 2402 3391 quibus
2445 3326 2713 3389 perpetua
2745 3308 3018 3368 servanda
3059 3314 3145 3362 est
3175 3300 3411 3374 virgini-

154 3399 355 3507 ﬂotzfl
408 3398 440 3452 ὃ
471 3399 625 3507 κατὰ
661 3400 816 3456 νοῦν
840 3402 959 3473 ἔχω
987 3403 1263 3473 ποιῆσαι,
1291 3406 1634 3476 γενήσεται.
1661 3409 1723 3461 '0

1829 3424 1932 3480 tas.
1984 3431 2016 3471 a
2063 3413 2300 3486 quodam
2355 3418 2681 3479 stupratam,
2733 3405 2788 3458 in
2836 3401 3198 3458 subterraneo
3241 3409 3411 3465 specu

155 3485 204 3540 δὲ
237 3489 436 3554 Ἀττος
475 3491 642 3546 αὐτοῦ
687 3511 790 3548 που
815 3495 1208 3568 οἰωνισάμενος
1247 3499 1584 3570 παραυτίκα,
1611 3501 1723 3555 Kal

1826 3507 2067 3577 oblongo
2084 3485 2379 3567 excavato,
2401 3501 2588 3572 ibique
2616 3497 2843 3562 lectulo,
2863 3495 3110 3558 lucerna,
3143 3499 3201 3548 et
3221 3505 3411 3545 mensa

436 3579 994 3691 fiufvuhﬁamlsﬁ,
1021 3589 1054 3644 ὃ
1077 3588 1296 3659 διανοῇ
1303 3590 1505 3655 ,ἐσται
1533 3594 1723 3646 ἐπιτε-

1826 3599 2052 3658 cibariis
2080 3602 2263 3669 plena,
2300 3593 2605 3657 collocatis,
2635 3590 2826 3647 multis
2859 3595 3162 3660 stupratam
3211 3600 3278 3640 co
3309 3583 3411 3638 de-

154 3673 262 3779 λές.
279 3674 522 3779 υύκοῦν,
544 3677 668 3748 ἐφη.
692 3680 794 3748 τὴν
809 3680 1016 3752 ἀκόνην
1033 3680 1239 3753 ταύτην
1260 3681 1463 3750 λαϐὼν,
1481 3682 1559 3756 τῷ
1577 3684 1723 3756 ξυρῷ

1826 3692 2178 3755 ducentibus,
2211 3689 2488 3745 viventem
2519 3683 2814 3741 obstruxit.
2844 3682 2911 3738 Et
2936 3680 3016 3736 sit:
3049 3678 3118 3735 ab
3146 3677 3238 3732 illo
3270 3682 3412 3730 tem-

345 3768 572 3871 διάτεμε
595 3785 611 3802 ο
643 3771 804 3826 τοῦτο
827 3773 937 3845 γάρ
961 3774 1215 3842 γενέσθαι
1251 3774 1624 3848 διανενόημαι.
1663 3775 1723 3832 '0

1826 3800 1960 3857 pore
1992 3784 2063 3840 de
2089 3781 2339 3840 inctnstis
2371 3777 2688 3838 Vestalibus
2717 3789 2906 3848 poenas
2934 3771 3099 3837 sumi,
3129 3777 3410 3840 receptum

156 3857 204 3908 δὲ
243 3859 402 3915 ἐλαϐἐ
422 3879 482 3917 τε
506 3863 676 3934 αὐτὴν
697 3865 859 3929 εὐθὺς
887 3868 982 3921 καὶ
1014 3867 1254 3935 διέκοψε.
1281 3867 1583 3939 Θαυμάσας
1607 3869 1665 3924 δὲ
1694 3873 1723 3926 ό

1826 3855 1932 3931 est.
1954 3872 2061 3942 Qui
2088 3887 2219 3928 vero
2242 3871 2364 3926 illas
2388 3867 2670 3928 violarint.
2704 3863 2851 3920 collo
2893 3861 3062 3917 furca:
3091 3858 3146 3912 in
3177 3856 3294 3910 foro
3324 3855 3415 3910 in-

159 3950 472 4021 Ταρκύνιος,
527 3955 694 4020 άλλας
736 3975 799 4011 τε
847 3959 1015 4029 τιμὰς
1061 3959 1259 4030 ἐκείνῳ
1305 3960 1571 4031 παρέσχε,
1626 3962 1723 4015 καὶ

1826 3976 1996 4030 serto,
2044 3963 2180 4020 nudi
2231 3961 2427 4034 ﬂagris
2469 3958 2775 4020 caeduntur,
2821 3954 2998 4010 denec
3047 3946 3408 4020 exspirarint.

159 4041 350 4112 χαλκῆς
371 4046 582 4110 εἰκόνος
603 4047 827 4118 ἠξίωσε,
868 4051 964 4104 καὶ
992 4049 1146 4104 οὐδὲν
1176 4049 1261 4104 ἔτι
1305 4051 1408 4121 τῆς
1441 4053 1723 4119 πολιτείας

159 4131 432 4210 ἠλλοίωσε,
466 4139 602 4210 πρὸς
629 4140 810 4195 πάντα
841 4159 902 4196 τε
934 4141 1016 4212 τῷ
1048 4143 1232 4215 ’Δττῳ
1263 4145 1558 4218 συμϐούλῳ
1595 4147 1722 4201 ἐκέ-

159 4242 338 4296 χρητο.
381 4231 786 4302 Μαχεσάμενος
827 4233 885 4291 δέ
936 4234 1192 4298 Λατίνοις
1247 4237 1723 4310 ἀποστατήσασιν,

159 4317 339 4375 επειτα
379 4325 475 4376 καὶ
521 4324 773 4389 Σαϐίνοις
819 4327 878 4391 ἐς
911 4327 1012 4396 τὴν
1083 4329 1364 4401 Ῥωμαῐδα
1417 4332 1722 4402 ἐμϐαλοῦσι

160 4419 630 4514 Ξυμμαχουμένοις
659 4418 764 4472 ὑπ’)
784 4420 1383 4492 Τυρσηνῶν,άπάντων
1421 4424 1718 4496 ἐκράτησε.

159 4501 267 4556 Τῶν
305 4505 361 4558 δὲ
422 4507 528 4576 τῆς
567 4507 783 4575 Ἑστίας
832 4513 1047 4583 ἱερειῶν
1097 4514 1164 4580 ἃς
1203 4516 1565 4588 παρθενεύειν
1629 4517 1720 4571 διὰ

161 4592 265 4702 ξίοξ)
285 4599 625 4702 νενόμισται,
652 4604 916 4675 φωράσας
947 4608 1069 4660 τινΞι
1097 4609 1514 4680 συμφθαρείσαν
1541 4610 1718 4680 ἀνδρὶ,

159 4689 394 4791 ὑπόγεών
435 4710 560 4791 τινα
607 4699 1031 4764 κατασκευάσας
1076 4700 1392 4773 ὑποδρομὴν
1431 4704 1721 4774 προμήκη.

161 4782 332 4854 κλίνην
355 4802 416 4839 τε
439 4785 554 4851 θεὶς
583 4791 643 4844 ἐν
700 4790 867 4862 αὐτῇ,
903 4794 1001 4846 καὶ
1030 4791 1245 4864 λύχνον,
1295 4796 1388 4848 καὶ
1435 4795 1722 4865 τράπεζαν

161 4874 329 4928 σιτίων
355 4878 672 4949 ὑπόπλεων,
703 4882 825 4935 ἐκεῖ
891 4882 992 4956 τὴν
1042 4884 1348 4956 φθαρεῖσαν
1387 4901 1720 4957 προπεμπο-

165 4964 317 5036 μένην
350 4969 602 5041 ἐκόμισε·
632 4975 730 5028 καὶ
753 4973 937 5040 ζῶσαν
962 4976 1301 5044 εἰσαγαγὼν,
1347 4974 1720 5046 ἐγκατῳκοδό-

165 5070 309 5123 μησε,
336 5061 432 5114 καὶ
453 5062 596 5116 οὕτω
624 5063 726 5128 τὰς
755 5065 856 5136 τὴν
896 5065 1199 5136 παρθενίαν
1249 5065 1326 5138 μὴ
1401 5067 1725 5137 τηρησάσας

1825 4055 2097 4112 Caeterum
2123 4051 2286 4106 Marci
2313 4049 2497 4116 liberi,
2522 4061 2649 4104 cum
2694 4058 2926 4117 regnum
2973 4040 3056 4096 eis
3098 4055 3209 4094 non
3240 4035 3407 4093 resti-

1827 4154 2030 4210 tueret,
2075 4142 2173 4200 sed
2207 4141 2452 4196 Tullium
2501 4135 2795 4210 quemdam
2845 4148 3006 4191 serva
3063 4129 3170 4186 sibi
3216 4135 3410 4183 natum

1823 4241 2083 4299 omnibus
2104 4237 2425 4302 anteferret,
2457 4234 2620 4305 idque
2642 4227 2856 4304 patricii
2878 4241 3098 4300 quoque
3125 4221 3411 4294 mgerrimo

1825 4341 2168 4408 paterentur,
2205 4329 2552 4402 quibusdam
2577 4326 2816 4382 illorum»
2849 4321 3057 4384 ascitis.
3089 4315 3318 4374 insidias
3355 4312 3410 4370 ei

1823 4407 2021 4498 parant
2054 4443 2069 4480 :
2100 4419 2420 4481 subornatis
2466 4418 2704 4480 duobus,
2754 4413 2851 4486 qui
2899 4407 3202 4482 agrestium
3256 4418 3412 4458 more

1825 4493 1990 4572 asciis
2017 4523 2074 4568 et
2115 4511 2350 4568 falcibus
2389 4508 2608 4572 armati,
2637 4522 2764 4562 eum
2812 4501 3266 4574 aggrederentur.
3301 4493 3409 4563 Qui

1821 4625 1948 4665 cum
1998 4605 2361 4676 Tarquinium
2397 4603 2452 4658 in
2499 4603 2621 4658 foro
2664 4615 2774 4655 non
2810 4593 3172 4656 invenissent,
3215 4589 3282 4645 ad
3319 4604 3408 4644 re-

1820 4701 1938 4773 gias
1978 4698 2126 4754 fores
2165 4704 2460 4760 venerunt,
2502 4695 2648 4749 inter
2692 4706 2812 4747 sese
2857 4688 3119 4750 rixantes,
3157 4690 3215 4739 et
3245 4696 3304 4736 se
3335 4679 3406 4735 ad

1822 4811 2008 4867 regem
2036 4793 2255 4849 admitti
2290 4791 2649 4862 postulantes.
2674 4787 2793 4855 Quo
2822 4784 3134 4851 impetrato,
3162 4792 3287 4835 cum
3318 4777 3406 4830 in-

1822 4887 1998 4943 vicem
2029 4887 2300 4950 dicerent,
2341 4899 2436 4937 rex
2484 4880 2539 4934 in
2591 4879 2826 4934 alterum
2873 4887 3095 4930 causam
3127 4869 3406 4925 dicentem

1823 4978 2107 5042 intentus,
2161 4976 2230 5030 ab
2295 4974 2469 5028 altero
2534 4969 2825 5025 occiditur.
2875 4963 3035 5034 327
3100 4959 3202 5016 Hic
3262 4957 3404 5013 Tar-

1821 5066 1998 5139 quinii
2050 5066 2155 5122 fuit
2201 5063 2420 5128 exitus,
2464 5076 2589 5114 cum
2646 5073 2822 5113 annos
2874 5071 2971 5110 vm
3028 5063 3086 5110 et
3159 5067 3262 5106 xxx
3320 5064 3407 5103 ra-

163 5147 255 5200 τῶν
283 5150 499 5223 ἱερειῶν
530 5155 591 5220 ἐξ
618 5155 832 5210 ἐκείνου
863 5158 1234 5229 τιμωρεῖσθαι
1257 5159 1636 5229 κεκράτηκεν.
1659 5157 1726 5212 Οί
1823 5164 2065 5230 smmi-

163 5239 209 5293 δὲ
225 5245 421 5311 ταύτας
454 5249 826 5322 αἰσχύνοντες,
859 5253 941 5314 είς
962 5251 1122 5318 ξύλον
1145 5253 1239 5307 τὸν
1271 5253 1476 5324 αύχένα
1532 5253 1753 5326 δίκρουν
1792 5252 2160 5323 ἐμϐάλλονται
2223 5253 2281 5305 ἐν
2304 5253 2371 5322 τῇ
2403 5249 2600 5320 ἀγορᾷ,
2636 5246 2730 5302 καὶ
2756 5244 2896 5317 μετὰ
2919 5243 3077 5298 τοῦτο
3103 5235 3300 5310 γυμνοὶ
3321 5235 3404 5288 αι’

165 5335 422 5445 κξξόμενοι
474 5343 870 5445 ἀποψύχουσινῖ
910 5346 1199 5401 Ἐπέθεντο
1239 5347 1424 5417 μέντοι
1470 5348 1549 5417 τῷ
1627 5346 1922 5420 Ταρκυνίῳ
1979 5348 2031 5401 οἱ
2087 5346 2183 5400 τοῦ
2214 5345 2469 5415 Μαρκίου
2519 5344 2728 5406 παῖδες,
2778 5339 2903 5393 ἐπεὶ
2958 5336 3033 5410 μὴ
3082 5337 3182 5404 τῆς
3225 5331 3404 5403 ἀρχῆς

167 5430 334 5498 αὐτοῖς
360 5436 702 5509 παρεχώρει,
734 5439 872 5494 ἀλλά
899 5456 1023 5494 τινα
1061 5439 1319 5495 Τούλλιον
1345 5441 1612 5512 τεχθέντα
1663 5443 1712 5496 oi
1747 5443 1808 5510 ἐξ
1864 5439 2266 5514 αἰχμαλωτίδος
2307 5439 2516 5510 προῆγε
2541 5437 2759 5492 πάντων
2793 5451 2805 5465 ’
2828 5433 2856 5486 ὂ
2880 5433 2959 5499 δὲ,
3007 5429 3242 5501 μάλιστα
3276 5425 3403 5488 τοὺς

168 5526 478 5601 εὐπατρίδας
529 5535 744 5602 ἐλύπει,
803 5531 881 5594 ὧν
923 5556 1080 5604 τινας
1144 5539 1718 5610 προσεταιρισάμενοι,
1761 5539 1909 5609 αὐτῷ
1972 5538 2401 5601 ἐπεϐούλευσαν,
2458 5536 2570 5592 δύω
2644 5533 2798 5598 τινὰς
2868 5527 3173 5600 χωριτικῶς
3220 5525 3404 5585 ἔπαλ.

173 5617 349 5720 pta—oo:
385 5622 602 5720 ἀξίναις
625 5625 732 5720 -καὶ
780 5626 1072 5720 δρεπάνοις
1103 5627 1526 5697 ὁπλισαμένους,
1575 5625 1726 5697 αὖτῷ
1764 5627 2055 5681 ἐπιθέσθαι
2121 5629 2662 5700 παρασκευάσαντες.
2732 5625 2794 5677 Oi
2820 5624 2946 5677 ἐπεὶ
2969 5619 3045 5692 μὴ
3074 5616 3401 5690 ἀγοράζοντι

168 5708 531 5788 τῷταρκυνίῳ
549 5717 826 5790 ἐνέτυχον,
847 5719 941 5772 ἐπὶ
975 5719 1075 5784 τὰς
1099 5719 1272 5788 θύρας
1298 5718 1406 5772 τῶν
1437 5719 1726 5787 βασιλείων
1764 5713 1921 5793 ἧκον,
1978 5720 2232 5791 ἀλλήλοις
2273 5721 2437 5790 δῆθεν
2476 5717 2908 5787 διαμαχόμενοι,
2941 5711 3032 5764 καί
3080 5711 3143 5762 oi‘
3191 5712 3247 5772 ἐς
3277 5707 3402 5778 δ’ὗιεν

171 5796 328 5860 ἐλθεῖν
346 5807 576 5876 ἐδέοντο,
648 5813 743 5865 καὶ
809 5813 1064 5885 τυχόντες
1129 5810 1354 5874 τούτους
1400 5812 1480 5875 είς
1532 5810 1720 5882 λόγους
1768 5811 2022 5884 ἀλλήλοις
2078 5813 2565 5882 ἀντικατέστησαν,
2626 5811 2717 5862 καὶ
2783 5804 3280 5878 δικαιολογουμένη)
3325 5805 3400 5875 τῷ
