3740 6550
458 363 562 430 571

1765 379 2011 445 JOANN
2025 385 2094 444 lS
2127 385 2446 447 ZONAR/E
3553 409 3632 476 512

454 484 662 542 affecit.
693 485 956 555 Quicum
993 491 1211 564 trepido
1236 494 1435 550 nuntio
1483 495 1754 552 excitatus
1791 514 1931 553 serm

2155 522 2266 568 τους
2292 506 2590 578 πηποίητο,
2627 507 2724 564 καὶ
2757 505 2886 573 τοῦς
2939 506 3243 581 Ῥωμαίους
3287 513 3413 587 πρὸς
3433 519 3486 574 τὸ
3508 523 3632 598 δημο.

457 577 859 636 intervenisset
882 622 897 646 ,
928 590 1097 654 atque
1131 585 1341 656 aliquid
1393 585 1622 642 dixisset
1649 627 1665 650 ,
1705 587 2042 659 Tarquinius

376 736 392 750 ο
454 683 642 724 senem
685 672 928 727 medium
969 675 1188 746 arripit,
1235 677 1554 750 elatumque
1581 695 1611 736 e
1639 682 1826 748 curia,
1860 682 1916 737 in
1953 685 2042 740 in-

458 762 718 818 feriorem
749 775 958 835 partem
992 783 1091 838 per
1111 769 1316 838 gradus
1334 769 1546 841 dejicit.
1576 772 1677 828 Ille
1701 773 1768 828 ad
1801 773 2040 846 Tarqui-

455 853 536 908 nii
564 856 852 912 audaciam
874 899 889 921 ,
926 873 1104 930 eoque
1131 862 1305 932 magis
1336 863 1484 933 quod
1515 865 1585 920 ab
1646 867 1912 924 omnibus
1943 869 2040 924 de-

455 949 688 1005 stitutus
723 960 891 1016 esset,
923 961 1318 1009 consternatus
1339 995 1355 1020 ,
1406 955 1546 1012 nihil
1588 959 1828 1029 amplius
1854 975 2035 1030 neque

454 1039 632 1104 dixit,
669 1057 846 1112 neque
874 1041 1029 1101 fecit.
1062 1044 1399 1118 Tarquinius
1423 1064 1558 1104 vero
1585 1052 1769 1106 statim
1803 1068 2033 1125 regnum

453 1147 484 1186 a
508 1133 761 1202 patribus
782 1135 1020 1208 accepit,
1039 1149 1097 1194 et
1120 1155 1220 1208 per
1240 1142 1510 1210 quosdam
1543 1142 1785 1200 Tullium
1805 1145 2034 1201 domum

452 1239 512 1278 se
559 1226 921 1297 recipientem
961 1233 1206 1288 sustulit.
1248 1233 1321 1289 At
1365 1235 1487 1307 ejus
1525 1234 1636 1292 filia
1682 1237 1942 1292 maritum
1975 1238 2033 1294 in

451 1317 608 1373 curia
639 1318 961 1377 deosculata
979 1364 994 1389 ,
1019 1340 1204 1396 regem
1229 1327 1524 1384 salutavit:
1549 1336 1716 1400 atque
1743 1329 1799 1385 in
1829 1330 2035 1402 regiam

452 1407 680 1475 abiens,
708 1426 809 1480 per
842 1414 1018 1483 patris
1041 1431 1246 1486 corpus
1269 1428 1596 1488 carpentum
1628 1419 1808 1491 egisse
1833 1420 2030 1477 fertur.

454 1499 547 1555 Sic
575 1501 792 1560 Tullius
823 1508 1226 1578 rempublicam
1260 1511 1703 1581 administravit,
1744 1513 1825 1570 sic
1866 1515 2034 1571 vitam

455 1594 634 1661 finiit,
673 1612 798 1652 cum
831 1615 1007 1656 annos
1036 1619 1161 1658 xuv
1190 1614 1495 1676 regnasset.

2147 599 2411 666 κρατικδν
2453 599 2616 670 ἐνῆγε
2646 600 2743 653 καὶ
2791 600 2853 653 to
2905 600 3209 674 ἐλεύθερον.
3267 606 3381 662 “Est
3407 609 3458 664 δὲ
3486 618 3634 684 μᾶλλον

2145 691 2239 746 ἐπὶ
2270 691 2482 758 τούτοις
2508 693 2778 767 ἦσχαλλον
2807 695 2862 748 ot
2886 695 3202 766 Ταρκύνιοι.
3231 697 3362 753 Ἀλλ’
3389 704 3414 755 δ
3438 704 3523 774 μὶν
3542 712 3623 767 νεώς

2142 800 2323 856 τερος,
2350 786 2461 840 κᾶν
2484 786 2861 858 ἐχαλέπαινεν,
2897 786 3084 858 ἔφερε,
3150 789 3228 860 τῷ
3273 791 3328 844 δὲ
3365 795 3519 868 χρόνῳ
3538 816 3636 870 προ.

2141 874 2331 945 ήκοντι
2353 877 2542 932 οὐκέτι
2569 877 2667 932 τοῦ
2710 877 2971 932 Τουλλίου
2998 879 3172 934 ἐδόκει
3217 881 3499 954 ἀνέχεσθαι.
3522 889 3636 948 Ἐπεὶ

2140 965 2198 1019 δι
2235 967 2313 1038 μὴ
2345 968 2780 1026 συνευδοκοῦσαν
2813 969 3038 1043 εὕρισκε
3086 971 3185 1044 τὴν
3218 977 3452 1044 γυναῖκα,
3476 984 3553 1036 καὶ
3575 987 3638 1042 τὸν

2140 1058 2443 1131 ὁμαίμονα,
2488 1062 2653 1128 αὐτὸς
2689 1064 2790 1136 μὶν
2834 1064 2936 1136 τὴν
2973 1068 3232 1134 γυναῖκα,
3273 1069 3358 1122 τὸν
3394 1070 3435 1124 δ’
3464 1073 3646 1146 ἀδιλφὸν’

2139 1151 2231 1208 διά
2275 1153 2376 1223 τῆς
2430 1156 2693 1223 γυναικὸς
2747 1157 2964 1212 ἐκείνου
3014 1160 3323 1230 φαρμάκοις
3366 1165 3537 1232 ἀνεῖλε,
3573 1176 3641 1225 καὶ

2141 1244 2439 1315 συναφθεὶς
2471 1249 2539 1319 τῇ
2565 1248 2807 1320 συνεύνῳ
2831 1248 2933 1304 τοῦ
2961 1250 3214 1321 ἀδελφοῦ,
3237 1251 3313 1318 τῷ
3339 1255 3547 1328 Τουλλίῳ
3571 1263 3642 1317 σὺν

2142 1336 2282 1410 αὐτῇ
2339 1337 2691 1397 ἐπεϐούλευε.
2746 1343 2858 1398 Καὶ
2888 1343 3119 1408 πολλοὺς
3157 1345 3264 1398 τῶν
3293 1363 3351 1399 τε
3402 1347 3642 1418 βουλευτῶν

2141 1430 2242 1485 καὶ
2263 1430 2372 1485 τῶν
2395 1433 2745 1505 εὐπατριδῶν
2768 1435 2950 1500 αίτίας
2986 1436 3212 1506 ἔχοντας
3248 1439 3384 1493 κατὰ
3415 1439 3496 1493 τοῦ
3519 1441 3644 1497 Τουλ-

2139 1521 2256 1576 λίου
2289 1521 2488 1589 πείσας
2519 1526 2860 1599 συνάρασθαί
2899 1528 2974 1594 oi,
3019 1528 3342 1594 ἐξαπιναίως
3385 1531 3488 1600 μετ’
3511 1536 3643 1589 αὐτῶν

2139 1615 2223 1679 είς
2247 1613 2308 1667 τὺ
2340 1616 2625 1687 συνέδριον
2665 1621 3075 1692 παραγέγονεν,
3119 1623 3381 1693 ἑπομένης
3424 1624 3549 1696 αὐτῷ
3579 1633 3643 1682 καὶ

452 1689 554 1759 τῆς
619 1693 880 1760 γυναικὸς
925 1696 1192 1762 Τουλλίας
1221 1715 1239 1734 ο
1293 1701 1389 1754 καὶ
1427 1699 1602 1754 πολλὰ
1649 1699 1749 1772 μὲν
1793 1698 1942 1768 εἷπε,
2006 1705 2108 1776 τῆς
2147 1705 2243 1760 τοῦ
2289 1707 2498 1779 πατρὸς
2552 1708 2713 1775 ἀξίας
2753 1689 2888 1774 τοὺς
2938 1689 3237 1783 παρόντας-
3263 1689 3642 1786 ἀναμιμνήσκων»

455 1780 630 1834 πολλά
688 1782 735 1836 δ’
783 1785 1082 1859 ἀπέσκωψε
1135 1790 1273 1862 πρὸς
1315 1791 1410 1846 τὸν
1446 1793 1726 1850 Τούλλιον.
1779 1794 1938 1849 Ἐπεὶ
1983 1797 2030 1852 δ’
2069 1800 2282 1864 ἁκεῖνος
2321 1799 2496 1855 ταῦτα
2559 1801 2749 1874 μαθὼν
2815 1780 3282 1878 ιπέστησπουδῇ.
3307 1780 3397 1862 καί
3421 1780 3469 1860 τι
3497 1780 3549 1881 δὴ
3573 1811 3640 1867 καὶ

452 1873 778 1944 ἐφθέγξατο,
807 1881 1158 1952 συνήρπασεν
1188 1884 1375 1951 αὑτὸν,
1406 1887 1500 1941 καὶ
1524 1887 1724 1958 ἐξάρας
1787 1883 1897 1944 ὦσε
1955 1893 2096 1948 κατά
2133 1895 2244 1948 τῶν
2286 1894 2392 1966 πρδ
2423 1894 2518 1950 τοῦ
2573 1896 2960 1970 βουλευτηρίου
3006 1873 3338 1969 ἀναϐαθμόν.
3393 1903 3488 1958 Καὶ
3512 1873 3549 1959 δ’
3575 1907 3644 1975 μὶν

452 1971 753 2064 τξιραχοεὶς
779 1975 920 2046 πρὸς
947 1975 1047 2047 τὴν
1087 1978 1184 2032 τοῦ
1215 1979 1526 2052 Ταρκυνίου
1564 1983 1796 2053 τόλμαν,
1831 1987 1928 2040 καὶ
1981 1988 2065 2044 ὅτι
2103 1989 2225 2046 ούδὲ
2268 2007 2354 2056 τις
2405 1992 2557 2062 αὐτῷ
2617 1994 3018 2064 ξπεκούρησεν,
3057 1992 3174 2049 οὔτ’
3217 1990 3365 2050 εἶπεν
3401 1996 3473 2052 ἔτι
3537 1971 3648 2056 ούδὲν

452 2060 850 2159 εποίησε.
884 2069 1196 2159 Ταρκύνιος
1236 2073 1294 2128 δὲ
1333 2076 1434 2145 τήν
1470 2093 1531 2131 τε
1595 2077 1879 2148 βασιλείαν
1930 2083 2094 2150 εὐθὺς
2133 2086 2286 2156 παρά
2339 2089 2440 2157 τῆς
2493 2060 2692 2158 βουλῆς
2732 2060 2920 2143 ἔλαβε.
2955 2088 3066 2141 Καὶ
3114 2088 3333 2159 πέμψας
3370 2091 3522 2156 τινὰς.
3581 2093 3645 2148 τδν

455 2151 712 2207 Τούλλιον
745 2156 1106 2229 κομιζόμενον
1143 2161 1326 2218 οἴκαδε
1353 2164 1704 2237 διεχρήσατο.
1748 2169 1813 2223 Ἦ
1885 2169 1945 2225 δὲ
2015 2151 2266 2244 θυγάτηρ
2337 2151 2558 2230 ἐκείνου
2601 2151 2695 2232 τδν
2743 2178 2915 2248 ἄνδρα
2946 2179 3006 2232 ὲν
3037 2177 3117 2245 τῷ
3146 2151 3646 2251 βουλευτηρίῳηκατα.

455 2245 730 2346 φιλήσασα
754 2286 771 2314 ,
837 2253 934 2306 καὶ
959 2337 986 2346 _
1019 2252 1249 2324 βασιλέα
1323 2260 1822 2332 προσαγορεύσασα
1845 2304 1862 2326 ,
1939 2265 2034 2319 καὶ
2066 2265 2310 2322 ἀπιοῦσα
2339 2270 2477 2340 πρὸς
2504 2271 2574 2325 τὰ
2633 2245 2904 2342 βασίλεια,
2933 2271 2996 2325 τὸ
3021 2245 3207 2342 ὄχημα
3235 2245 3481 2326 κατάντοῦ
3501 2277 3645 2346 νεκροῦ

452 2334 552 2390 τοῦ
602 2339 808 2410 πατρὸς
827 2342 904 2407 ὡς
929 2337 1080 2415 εῐχεν
1107 2345 1400 2418 ὶπήλασεν.
1435 2349 1594 2406 Οῦτω
1625 2353 1726 2424 μὲν
1751 2353 1846 2410 οῦν
1865 2357 1894 2409 ὁ
1924 2355 2183 2419 Τούλλιος
2219 2334 2396 2432 ἦρξε,⁷
2441 2362 2538 2415 καὶ
2569 2334 2744 2426 οὕτως
2804 2334 3086 2427 ἀπέθανε,⁷
3104 2334 3416 2433 βασιλεύσας
3438 2334 3646 2439 τίσσαρος

455 2431 744 2496 ἐνιαυτοὺς
777 2434 871 2488 ἐπὶ
911 2438 1350 2509 τεσσαράκοντα.

529 2521 598 2576 Χ.
626 2522 964 2594 Tarquinius
991 2544 1164 2601 regno
1197 2544 1480 2605 suscepto.
1513 2535 1735 2593 Romuli
1765 2554 1919 2594 more
1948 2555 2006 2594 ar

2224 2540 2282 2594 Ῑο,
2323 2535 2386 2594 '0
2413 2537 2719 2606 Ταρκύνιος
2765 2539 2823 2593 δὲ
2874 2540 2974 2608 τὴν
3017 2540 3297 2611 βασιλείαν
3343 2544 3643 2613 παρειληφὼς

456 2617 621 2672 litatis
647 2633 853 2690 corpus
882 2621 1272 2696 circumsepsit
1297 2643 1313 2682 :
1353 2628 1560 2698 quibus
1581 2641 1637 2684 et
1669 2641 1838 2687 noctu
1868 2642 1925 2688 et

2168 2634 2487 2706 ἱορυφόρους
2513 2634 2657 2688 κατά
2692 2635 2972 2706 Ῥωμύλον
3005 2637 3186 2707 ἑαυτῷ
3245 2639 3557 2710 περιέστησε,
3583 2643 3645 2693 καὶ

463 2711 649 2767 terdiu
675 2752 693 2778 ,
736 2713 889 2772 domi
924 2725 982 2772 et
1025 2717 1164 2776 foris
1205 2737 1340 2778 usus
1396 2733 1503 2780 est.
1554 2725 1690 2780 Nam
1729 2727 1879 2796 quod
1926 2728 1939 2782 i

2166 2727 2373 2796 νύκτωρ
2426 2725 2526 2779 καὶ
2593 2724 2714 2798 μεθ’
2777 2727 2992 2799 ἡμέραν
3039 2729 3226 2792 αὐτοῖς
3292 2732 3382 2782 καὶ
3441 2731 3643 2801 οἰκουρῶν

459 2823 592 2878 erga
616 2823 875 2866 socerum
894 2850 910 2878 ,
944 2828 1084 2868 uxor
1123 2829 1254 2886 erga
1281 2825 1494 2886 patrem
1528 2817 1602 2872 ita
1631 2833 1690 2874 se
1721 2819 2041 2891 gessissent,

461 2900 651 2955 timuit
681 2918 752 2958 ne
784 2917 815 2958 a
843 2905 1030 2976 seipse
1066 2906 1338 2965 adversus
1375 2925 1436 2966 se
1477 2912 1791 2982 exemplum
1824 2925 2047 2982 capere-

461 3001 574 3047 tur.
601 2993 723 3048 Jam
753 2996 883 3067 quia
911 3007 1062 3055 metu
1089 3015 1318 3073 regnum
1343 3003 1636 3058 tutandum
1655 3011 1811 3068 erat,
1845 3014 2044 3076 poten-

467 3083 715 3140 tissimos
751 3097 1043 3147 senatores
1072 3102 1130 3147 et
1161 3093 1311 3148 cives
1343 3097 1780 3166 comprehensos
1822 3095 2044 3152 occide-

463 3173 602 3230 bat:
646 3178 787 3234 alios
845 3182 1075 3251 palam,
1125 3185 1332 3256 quibus
1370 3188 1581 3259 aliquid
1643 3189 1863 3244 crimini
1912 3189 2046 3244 dare

460 3279 714 3340 poterat,
746 3273 885 3330 alios
923 3276 1066 3331 clam
1095 3292 1110 3332 :
1143 3280 1446 3336 nonnullos
1480 3281 1534 3335 in
1563 3281 1820 3337 exsilium
1856 3282 2043 3338 mitte-

462 3362 577 3418 bat.
594 3363 785 3435 Neque
802 3380 936 3421 vero
961 3365 1127 3423 Tullii
1150 3367 1431 3426 studiosos
1447 3369 1734 3438 duntaxat,
1761 3371 1859 3428 sed
1874 3373 2042 3428 etiam

462 3457 778 3527 tyrannidis
806 3472 922 3514 sua:
949 3458 1239 3531 adjutores
1267 3461 1533 3532 perdidit.
1561 3462 1642 3518 lta
1665 3464 1892 3536 optimis
1918 3465 2044 3536 qui-

461 3547 680 3618 busque
737 3551 1000 3607 senatorii
1056 3560 1113 3607 et
1157 3553 1439 3623 equestris
1490 3555 1705 3612 ordinis
1764 3556 2040 3624 sublatis,

462 3654 591 3694 eam
616 3654 677 3694 se
698 3639 850 3696 omni
877 3641 1081 3712 populo
1106 3641 1352 3698 invisum
1385 3660 1508 3700 esse
1547 3645 1820 3713 crederet,
1851 3648 2044 3704 statuit

463 3733 653 3788 nullos
689 3733 745 3788 in
777 3743 964 3804 patres
1005 3735 1229 3807 legere:
1260 3736 1358 3792 sed
1385 3746 1643 3794 senatum
1669 3740 1896 3811 penitus
1941 3742 2045 3798 tol-

463 3823 579 3880 lere
605 3840 918 3898 aggressus,
946 3843 1128 3900 neque
1162 3829 1336 3886 ullum
1370 3843 1686 3889 senatorem
1713 3834 2044 3891 substituit:

2152 2819 2248 2872 καὶ
2278 2814 2573 2890 ἀγοράζων
2611 2815 2901 2888 ἐκέχρητο.
2948 2817 3046 2883 Ἐξ
3078 2811 3154 2872 ὧν
3197 2818 3302 2890 γάρ
3334 2821 3477 2882 αὐτὸς
3503 2823 3565 2882 είς
3585 2822 3647 2873 τὸν

2152 2910 2444 2982 κηδεστὴν,
2489 2909 2586 2962 καὶ
2617 2910 2652 2981 ἠ
2692 2909 2830 2979 γυνὴ
2871 2909 3009 2980 πρὸς
3047 2910 3142 2965 τὸν
3187 2910 3394 2979 πατέρα
3429 2912 3648 2980 ἐποίησαν,

2151 3002 2248 3056 καὶ
2269 3003 2395 3066 τοὺς
2432 3001 2656 3065 λοιποὺς
2683 3001 2974 3055 ἐδεδίεσαν.
3007 3000 3168 3054 Ἐπεὶ
3199 3001 3256 3054 δὲ
3279 3001 3352 3064 ὡς
3372 3001 3650 3073 τυραννήσων

2153 3095 2628 3169 παρεσκευάσατο,
2673 3093 2799 3158 τοὺς
2828 3094 3244 3156 δυνατωτάτους
3279 3094 3383 3148 τῶν
3417 3094 3649 3164 βουλευτῶν

2153 3186 2249 3240 καὶ
2297 3185 2406 3240 τῶν
2452 3185 2626 3240 ἀλλων
2671 3181 3067 3255 συλλαμϐάνων
3129 3181 3394 3236 ἑκτίννυεν
3415 3222 3429 3246 ,
3476 3176 3542 3243 οἷς
3581 3181 3650 3250 μὲν

2153 3278 2335 3332 αἰτίαν
2363 3275 2511 3348 εἶχεν
2559 3277 2878 3346 ἐπενεγκεῖν
2904 3315 2921 3340 ,
2959 3273 3214 3347 φανερῶς
3249 3273 3489 3344 ἀναιρῶν,
3519 3271 3590 3334 οὓς
3613 3271 3650 3323 δὲ

2152 3372 2350 3442 λάθρα,
2385 3369 2562 3436 ἐνίους
2604 3370 2663 3425 δέ
2711 3386 2776 3438 γε
2806 3369 2903 3424 καὶ
2930 3367 3303 3440 ὑπερώριζεν.
3349 3366 3418 3420 Ού
3453 3364 3542 3437 γὰρ
3563 3362 3650 3426 τοὺς

2153 3464 2232 3536 τῷ
2257 3463 2501 3536 Τουλλίῳ
2545 3463 2979 3536 προσκειμένους
3026 3462 3249 3534 μόνους,
3291 3460 3418 3516 ἀλλά
3454 3459 3533 3511 καὶ
3563 3455 3649 3516 τοὺς

2155 3557 2291 3628 πρὸς
2315 3555 2415 3628 τὴν
2457 3554 2761 3627 μοναρχίαν
2788 3553 3204 3626 συναραμένους
3239 3551 3382 3622 αὐτῷ
3397 3545 3651 3621 προσαπὼλι

2153 3648 2272 3703 λυε.
2309 3648 2420 3702 Καὶ
2456 3645 2601 3701 οὕτω
2643 3647 2706 3700 τὸ
2749 3645 3042 3718 κράτιστον
3091 3645 3192 3714 τῆς
3240 3643 3442 3715 βουλῆς,
3480 3638 3652 3706 καὶτῆς

2155 3743 2390 3808 ἱππάδος
2451 3742 2719 3804 ἀνάλωσε,
2783 3739 3066 3811 μισεῖσθαὶ
3121 3756 3182 3792 τε
3229 3738 3332 3791 ὑπὸ
3372 3733 3544 3797 παντδς
3585 3729 3650 3784 τοῦ

2155 3839 2328 3910 δήμου
2375 3836 2651 3892 ἐπίστευε.
2690 3832 2786 3887 Διδ
2815 3833 2937 3887 οὐδὲ
2965 3831 3317 3897 ἁντικαθίστη
3359 3831 3414 3883 τὸ
3453 3826 3652 3897 παράπαν

465 3929 648 3987 neque
676 3933 802 3973 cum
835 3918 906 3975 iis
935 3920 1032 3991 qui
1064 3922 1385 3990 restabant,
1423 3923 1727 3995 quidquam
1760 3926 1910 3996 quod
1937 3946 1942 3979 :

2175 3907 2276 3984 ιντὶ
2299 3929 2410 3984 τῶν
2440 3927 2836 4000 ἀπολλυμένων
2863 3925 3038 3991 τινάς,
3092 3925 3230 3980 ἀλλά
3273 3923 3366 3977 καὶ
3401 3921 3489 3991 τὴν
3511 3933 3652 3987 γερος-

465 4013 628 4083 cujus
686 4014 952 4070 momenti
1018 4023 1210 4084 esset,
1262 4017 1716 4073 communicavit.
1781 4017 2048 4086 Quamvis

463 4104 615 4158 enim
649 4119 747 4162 eos
778 4116 1150 4174 convocaret,
1183 4124 1294 4163 non
1325 4117 1508 4165 tamen
1544 4109 1672 4165 ideo
1701 4109 1957 4177 faciebat,
1988 4119 2050 4166 ut

463 4195 702 4266 alicujus
749 4197 827 4252 rei
861 4201 1116 4268 gerenda:
1145 4200 1426 4272 adjutores
1455 4214 1644 4258 essent
1669 4217 1685 4258 :
1715 4202 1811 4258 sed
1841 4213 1904 4259 ut
1932 4203 2048 4260 visa

463 4304 659 4344 eorum
694 4291 992 4360 paucitate,
1013 4292 1083 4348 ab
1097 4294 1358 4350 omnibus
1375 4303 1872 4353 contemnerentur
1893 4314 1907 4351 :
1932 4296 2051 4366 ple-

466 4396 639 4451 raque
685 4397 819 4438 vero
860 4399 960 4454 per
990 4400 1050 4442 se
1105 4395 1202 4442 aut
1245 4385 1388 4444 filios
1419 4388 1869 4444 administrabat.
1925 4387 2052 4443 Fuit

467 4473 622 4528 aditu
672 4474 953 4544 all'atnque
991 4476 1269 4545 difllcilis,
1313 4479 1576 4550 superbia
1617 4489 1672 4535 et
1722 4477 2050 4535 crudelitate

466 4580 533 4619 ex
572 4581 730 4636 aequo
761 4583 889 4639 erga
928 4584 1122 4624 omnes
1155 4569 1318 4641 330
1355 4585 1528 4626 usus:
1563 4585 1628 4624 ac
1673 4585 1828 4624 more
1865 4579 2054 4641 tyran-

469 4657 597 4713 nieo
623 4667 731 4714 tam
762 4662 899 4732 ipse.
930 4676 1094 4733 quam
1127 4663 1288 4718 liberi
1317 4665 1436 4734 ejus
1466 4678 1592 4718 cum
1622 4662 1884 4718 omnibus
1919 4678 2051 4735 ege-

469 4759 621 4804 rnnt.
659 4750 1029 4817 Quamobrem
1055 4755 1391 4810 satellitibus
1419 4753 1586 4809 etiam
1628 4754 1874 4819 difﬁsus,
1914 4769 2049 4810 con-

469 4837 768 4915 ciliataqne
813 4846 918 4902 sibi
969 4846 1292 4904 Latinorum
1344 4846 1616 4910 custodia,
1658 4857 1716 4904 et
1755 4847 1808 4901 in
1851 4846 2053 4903 Roma-

474 4953 671 4994 norum
728 4939 953 4995 ordines
983 4941 1187 4996 inserta
1217 4980 1233 5005 ,
1281 4938 1335 4993 id
1367 4939 1674 5010 spectavit,
1729 4949 1792 4994 ut
1822 4939 2053 4995 Latinos

473 5031 736 5090 Romanis
788 5041 1074 5104 aequatos,
1125 5048 1226 5087 suo
1278 5031 1386 5088 sibi
1436 5031 1710 5088 beneﬁcio
1751 5033 2052 5088 obstrictos

473 5123 732 5189 haberet,
765 5135 821 5182 ot
852 5128 1130 5182 Romanos
1153 5126 1430 5196 adjunctis
1467 5128 1674 5181 exteris
1708 5125 1894 5181 minus
1940 5126 2053 5181 for-

2157 4024 2280 4078 σίαν
2303 4019 2610 4078 καταλῦσαι
2647 4017 2930 4082 παντελῶς
2956 4017 3338 4088 ἐπιχειρήσας,
3360 4012 3472 4066 οὒτε
3495 4011 3651 4063 avrata-

2153 4115 2289 4187 ἦγεν
2341 4114 2401 4178 ἐς
2453 4113 2624 4184 αὐτὴν
2654 4112 2868 4177 οὐδένα,
2905 4109 3030 4164 οὔτε
3081 4113 3194 4173 τοῖς
3242 4105 3390 4164 οὖσιν
3435 4103 3654 4159 ἑπεκοένου

2151 4227 2207 4264 τι
2235 4208 2396 4278 λόγου
2421 4206 2593 4274 ἀξιον.
2634 4203 2928 4259 Συνεκάλει
2979 4203 3080 4274 μὲν
3139 4202 3246 4272 γὰρ
3293 4200 3491 4265 αὐτοὺς,
3511 4197 3560 4250 ού
3580 4193 3654 4263 μὴν

2153 4303 2296 4358 ὥστε
2339 4319 2393 4355 τι
2435 4300 2544 4355 τῶν
2573 4297 2890 4366 ἀναγκαίων
2925 4294 3275 4360 συνδιοικεῖν,
3316 4291 3424 4347 ἀλλ’
3453 4290 3527 4344 ἵνα
3561 4285 3655 4355 δήλη

2153 4395 2336 4450 αὐτῶν
2363 4396 2396 4464 ἡ
2435 4390 2713 4465 βραχύτης
2755 4389 2959 4458 γίνοιτο
2993 4387 3191 4450 άπασι,
3227 4383 3502 4440 κάντεῦθεν
3537 4395 3656 4433 rats-

2155 4489 2456 4560 φρονοῖντο.
2485 4486 2568 4540 Τά
2595 4485 2653 4539 δὲ
2694 4482 2921 4540 πλείστα
2967 4482 3092 4535 καθ’
3144 4479 3354 4543 ἑαυτὸν,
3385 4478 3413 4548 ἢ
3445 4475 3525 4528 καὶ
3560 4469 3655 4542 μετὰ

2154 4581 2264 4635 τῶν
2290 4579 2452 4633 υἱέων
2487 4577 2746 4647 ἔπραττε.
2787 4572 3163 4643 Δυσπρόσιτός
3208 4589 3268 4624 τε
3299 4571 3387 4623 καὶ
3412 4563 3654 4634 δυσπροσήο

2139 4671 2318 4742 ⁸γορος
2353 4664 2422 4741 ἦν
2465 4666 2559 4720 καὶ
2598 4667 2667 4737 τῇ
2716 4663 2991 4736 ὑπεροψίᾳ
3022 4664 3119 4717 καὶ
3147 4665 3214 4734 τῇ
3250 4660 3478 4732 ὠμότητι
3509 4653 3657 4724 ὁμοίως

2154 4761 2353 4834 ὲΧί³ἧίὀ
2397 4759 2534 4831 πρὸς
2565 4760 2834 4824 ἅπαντας,
2862 4759 2958 4812 καὶ
2981 4754 3436 4830 τυραννικώτερον
3464 4749 3656 4846 αύτόςοτι

2157 4856 2252 4909 καὶ⁵
2280 4847 2552 4910 σι’παῖδες
2584 4848 2752 4905 αὐτοῦ
2787 4849 3192 4920 προσεφέροντο
3212 4845 3399 4900 ἅπασι.
3428 4841 3514 4895 Διά
3533 4841 3660 4936 ταῦτα

2155 4945 2213 4998 δὲ
2265 4943 2363 4998 καὶ
2422 4943 2548 5006 τοὺς
2603 4941 2938 5013 δορυφόρους
2963 4939 3242 5000 ὑπόπτους
3288 4936 3438 5007 ἔχων⁸
3492 4934 3547 4984 ὲκ
3583 4934 3659 4980 τὼν

2156 5036 2402 5092 Λατίνων
2439 5033 2910 5106 προσηταιρίσατο
2956 5030 3332 5104 δορυφορικὸν,
3384 5027 3472 5081 καὶ
3511 5024 3558 5086 ἐς
3593 5019 3659 5076 τὰς

2155 5129 2264 5182 τῶν
2305 5126 2600 5194 Ῥωμαίων
2629 5125 2810 5190 τάξεις
2837 5124 3100 5188 Λατίνους
3125 5122 3389 5195 ἐνέμιξεν,
3420 5120 3499 5172 ἵνα
3525 5115 3563 5169 oi
3590 5113 3659 5182 μὲν

473 5218 727 5273 midaret.
763 5220 1034 5285 Gabinos,
1068 5220 1236 5275 armis
1270 5217 1570 5275 infeliciter
1611 5220 1870 5285 adortus,
1923 5220 1950 5274 d

2182 5222 2376 5274 tarivot
2412 5221 2716 5291 ἰσομοιρίας
2777 5222 2888 5282 τοῖς
2961 5218 3255 5289 Ῥωμαίοις
3306 5215 3565 5282 τυχόντες,
3595 5203 3659 5258 ις-

474 5314 776 5380 supcravit.
810 5313 945 5367 Nam
989 5313 1212 5367 Sextum
1242 5311 1414 5367 filium
1466 5311 1808 5383 transfugere
1849 5313 2054 5368 Gabios

465 5403 670 5474 jussit:
704 5406 864 5476 cujus
890 5403 1017 5459 facti
1047 5405 1334 5474 utjustam
1362 5404 1572 5460 habere
1621 5421 1846 5460 causam
1897 5404 2052 5460 vide-

474 5506 658 5560 retur,
696 5506 908 5567 patrem
960 5503 1150 5566 aperte
1197 5504 1258 5550 ut
1298 5505 1592 5568 tyrannum
1620 5506 1676 5552 et
1701 5496 2052 5568 fmdifragum

473 5597 560 5643 est
587 5591 912 5650 insectatus,
941 5597 1109 5658 atque
1132 5603 1163 5642 a
1185 5595 1342 5658 patre
1373 5588 1620 5644 vicissim
1645 5590 1830 5660 flagris
1852 5605 2050 5646 caesus.

474 5681 687 5740 Deinde
713 5697 839 5737 cum
862 5696 929 5736 ex
955 5682 1266 5752 composito
1289 5682 1358 5738 ad
1379 5681 1625 5738 Gabinos
1650 5698 1774 5737 eum
1800 5683 2054 5753 pecuniis

475 5783 532 5829 et
573 5775 741 5830 sociis
781 5772 1192 5844 transfugisset,
1231 5775 1305 5831 illi
1342 5783 1402 5830 ut
1429 5773 1480 5830 ei
1513 5783 1829 5830 commento
1857 5773 2051 5830 crede-

481 5876 628 5937 rent,
653 5873 711 5939 et
733 5864 1400 5944 Tarquiniicrudclitate,
1425 5865 1699 5950 etmultis
1720 5865 1873 5925 Sexti
1899 5868 2068 5951 veris.

2157 5331 2308 5368 νοιαν
2355 5311 2502 5382 αὐτῷ
2552 5311 2803 5365 ἐντεῦθεν
2859 5311 3157 5380 ὁφείλωσι,
3211 5311 3304 5362 καὶ
3355 5309 3402 5360 οἱ
3456 5300 3658 5370 Ῥωμαῖοι

2156 5399 2317 5478 ἦττον
2359 5404 2666 5475 ἑκφοϐὡσιν
2701 5403 2887 5467 αὑτὸν,
2947 5402 3142 5474 μηκέτι
3200 5400 3340 5454 κατὰ
3383 5398 3506 5463 σφᾶς
3532 5391 3656 5478 δντείν

2155 5475 2293 5551 ἀλλά
2324 5499 2436 5560 τοῖς
2495 5494 2748 5556 Λατίνοις
2806 5491 3299 5554 συνοπλιτεύοντες.
3351 5485 3586 5541 Γαουῖνοις
3619 5475 3657 5528 δὲ

2162 5590 2343 5661 μάχην
2379 5587 2607 5658 συνῆψε,
2642 5587 2736 5640 καὶ
2767 5585 2955 5650 κακῶς
2986 5583 3084 5654 μὲν
3109 5581 3436 5653 ἠγωνίσατο,
3479 5573 3589 5640 δόλῳ
3617 5563 3656 5618 δὲ

2157 5683 2356 5745 αὐτοὺς
2390 5676 2742 5752 ἐχειρώσατο.
2774 5677 3157 5748 Λύτομολῆσαι
3199 5675 3308 5745 γὰρ
3337 5670 3503 5730 αὐτοῖς
3520 5661 3657 5761 ξέῆφ

2162 5773 2400 5829 ὑπέθετο
2440 5773 2518 5843 τῷ
2574 5771 2677 5842 υἱῷ
2705 5784 2721 5800 ⁶
2779 5770 2867 5825 ἵνα
2914 5768 2960 5824 δ’
3013 5767 3365 5839 εὐπρόσωπος
3420 5757 3546 5827 αύτῷ

2158 5865 2492 5941 αὐτομολίας
2517 5864 2792 5939 πρόφασις
2824 5863 3074 5936 γένηται,
3109 5861 3317 5924 ἐκεῖνος
3350 5857 3440 5928 μιν
3466 5854 3657 5922 φανερως
