3862 6568
141 394 238 458 513

1373 387 1785 454 ANNALIUM
1823 388 1970 450 LIB.
2007 386 2146 452 VII.

3281 386 3390 451 574

147 509 230 562 τον
253 503 462 574 πατέρα
491 495 574 564 ὡς
603 497 872 571 τύραννον
893 499 990 554 καὶ
1019 499 1406 572 παράσπονδον
1435 499 1708 572 ἐλοιδόρη-

1828 514 1870 555 ιι
1913 503 2132 571 patrem
2175 493 2488 552 maledictis
2523 493 2943 555 adducebantur
2975 511 2993 552 :
3029 509 3061 551 a
3091 510 3204 568 quo
3257 511 3386 553 cum

152 614 257 652 σεν.
305 594 364 649 '0
392 592 452 648 δέ
480 591 571 647 τδν
600 591 716 644 υίδν
737 592 761 644 ἐ
771 591 1093 663 μαστίγωσέ
1119 609 1180 647 τε
1213 594 1307 648 καὶ
1337 593 1708 666 άντημύνατο,

149 686 258 740 εἶτα
279 683 422 738 κατὰ
471 682 747 754 συνθήκας
799 684 938 754 πρδς
983 685 1278 750 Γαουΐνους
1310 684 1716 757 ἐψευδαυτομό-

148 780 289 848 λησε,
320 775 581 846 χρήματά
619 783 681 829 τε
715 776 810 829 καὶ
847 775 1101 848 εταίρους
1143 777 1522 851 παρειληφώς.
1559 777 1624 831 Ol
1655 775 1714 830 δέ

148 865 535 928 πιστεύσαντες
563 867 630 934 τῇ
670 865 846 936 σκηνῇ
886 864 978 921 διά
1015 883 1074 919 τε
1103 869 1203 938 τήν
1253 864 1352 920 τοῦ
1403 866 1715 938 Ταρκυνίου

145 955 414 1027 ὠμότητα,
441 955 543 1012 καὶ
577 956 660 1010 ὅτι
694 957 818 1012 τότε
849 957 1022 1012 πολλὰ
1047 959 1144 1013 καὶ
1167 958 1343 1031 ἀληθῆ
1371 957 1464 1012 τὸν
1503 961 1719 1032 πατέρα

147 1047 493 1119 ἐκακηγόρει,
515 1047 812 1103 κάντεῦθεν
832 1050 1324 1122 ἐκπεπολεμῶσθαι
1339 1051 1491 1124 αὐτῷ
1511 1052 1716 1118 ἐδόκει,

147 1138 385 1205 ἐδέξαντό
423 1157 488 1194 τε
513 1141 679 1194 αὑτὸν
710 1141 1092 1212 ἀσμενέστατα
1106 1161 1147 1208 ς,
1181 1142 1278 1197 καί
1305 1161 1458 1209 τινας
1492 1144 1720 1200 ἐπελεύ-

148 1248 252 1297 σιις
278 1232 427 1286 κατὰ
459 1233 561 1304 τῆς
611 1232 933 1303 Ῥωμαϊκῆς
966 1233 1154 1306 χώρας
1183 1235 1281 1290 σὺν
1323 1236 1476 1308 αύτῷ
1521 1237 1717 1309 ἐποιή-

146 1341 315 1387 σαντο,
349 1326 450 1380 καί⁸
484 1326 548 1379 ού
595 1326 830 1398 μετρίως
857 1327 996 1399 αὐτῇ
1023 1327 1384 1399 ἐλυμήναντο.
1413 1329 1513 1383 Διὰ
1539 1328 1718 1383 ταῦτα

142 1415 264 1486 γοῦν
287 1417 384 1470 καὶ
415 1417 504 1470 ὅτι
538 1417 632 1470 καὶ
669 1418 931 1489 χρήματα
963 1417 1070 1490 ἰδίᾳ
1099 1419 1161 1471 τέ
1194 1435 1305 1472 τισι
1339 1421 1591 1490 παρεῖχε,
1624 1418 1721 1473 καὶ

144 1511 195 1573 ἐς
220 1507 282 1561 τὸ
312 1507 500 1563 κοινὸν
548 1509 812 1580 ἀνήλισκε
854 1509 1120 1580 δαψιλῶς,
1163 1509 1336 1582 ᾑρέθη
1374 1512 1506 1582 παρ’
1541 1510 1721 1564 αὐτῶν

145 1601 460 1673 στρατηγὸς,
495 1602 594 1654 καὶ
619 1600 718 1674 τήν
748 1601 859 1655 τῶν
900 1602 1194 1655 πολιτικῶν
1221 1602 1282 1654 ἐν
1325 1603 1510 1666 αὐτοῖς
1541 1617 1724 1672 πραγ-

146 1693 319 1766 μάτων
386 1695 686 1765 ἐπετράπη
743 1695 1032 1767 διοίκησιν.
1087 1699 1215 1753 Ἐπὶ
1272 1697 1487 1762 τούτοις
1545 1698 1722 1770 λάθρα

144 1785 351 1855 πέμψας
385 1785 540 1849 τινὰ,
570 1785 639 1840 τὰ
673 1787 960 1858 συμϐάντα
1008 1806 1068 1843 τε
1118 1791 1382 1862 ἐγνώρισε
1412 1791 1490 1862 τῷ
1530 1790 1724 1863 πατρὶ,

1810 606 1939 649 eum
1991 590 2180 648 hostili
2223 588 2357 646 odio
2397 587 2669 645 dissidere
2721 585 3017 644 crederent
3041 626 3057 652 ,
3107 587 3386 643 hominem

1812 681 2207 755 benignissime
2249 688 2649 753 susceperunt.
2683 689 2742 737 et
2786 680 2997 752 aliquot
3042 693 3170 734 cum
3219 696 3290 735 eo
3331 680 3387 735 in

1815 777 2125 835 Romanum
2158 791 2348 847 agrum
2390 775 2788 846 impressiones
2828 787 3025 846 magna
3053 771 3209 829 clade
3236 772 3389 828 illata

1815 871 2090 928 fecerunt.
2127 869 2226 926 llis
2257 869 2428 941 igitur
2458 867 2528 924 de
2561 867 2746 923 causis
2767 906 2783 931 ,
2815 876 2874 923 et
2911 866 3059 936 quod
3101 865 3390 936 pecuniam

1818 944 2105 1035 aliquibus
2133 961 2394 1037 privatim
2425 961 2596 1017 dabat
2618 999 2634 1028 ,
2665 969 2722 1016 et
2753 959 2809 1015 in
2833 957 3116 1030 publicum
3153 955 3394 1012 liberali-

1816 1068 1906 1119 ter
1929 1057 2252 1118 conferebat
2273 1096 2288 1122 ,
2318 1056 2433 1116 dux
2459 1057 2528 1113 ab
2553 1056 2636 1113 eis
2659 1063 2883 1111 creatus
2910 1061 3019 1119 est,
3055 1051 3392 1107 urbanarum

1817 1153 1985 1211 etiam
2013 1167 2202 1208 rerum
2235 1149 2718 1207 administratione
2748 1147 3066 1206 commissa.
3095 1145 3348 1202 Postbaec
3375 1184 3390 1208 ,

1817 1262 1921 1320 per
1937 1243 2234 1318 quemdam
2264 1244 2406 1315 patri
2429 1253 2634 1301 statum
2659 1257 2844 1298 rerum
2899 1255 3124 1296 suarum
3151 1237 3389 1300 nuntiat,

1820 1339 1956 1410 quid
1997 1353 2059 1394 se
2092 1336 2277 1393 facere
2338 1337 2506 1402 velit,
2549 1335 2887 1393 sciscitatur.
2932 1331 3030 1388 Ille
3074 1345 3206 1388 vero
3254 1327 3394 1383 nihil

1820 1429 2121 1502 respondet
2153 1427 2352 1484 nuntio
2375 1469 2390 1493 ,
2427 1445 2498 1484 ne
2520 1427 2778 1498 cognitus
2804 1424 2890 1481 vel
2919 1425 3110 1479 volens
3141 1421 3226 1477 vel
3253 1419 3398 1475 invi-

1823 1529 1913 1577 tus
1933 1533 2195 1575 arcanum
2221 1516 2419 1589 prodat
2445 1535 2461 1574 :
2491 1516 2589 1572 sed
2615 1516 2670 1572 in
2695 1517 2915 1572 hortum
2939 1513 3140 1570 aedium
3168 1510 3396 1577 transit,

1822 1616 2089 1680 sequente
2120 1607 2248 1674 illo,
2280 1615 2336 1663 et
2360 1622 2574 1662 summa
2605 1619 2940 1677 papaverum
2973 1602 3154 1674 capita
3197 1600 3397 1656 baculo

1826 1700 2062 1766 decutit,
2088 1700 2277 1769 itaque
2303 1699 2564 1755 nuntium
2600 1697 2808 1754 dimitit
2839 1715 2855 1752 :
2886 1697 2982 1767 qui
3011 1711 3072 1750 re
3101 1709 3208 1749 non
3236 1691 3400 1748 intel-

1825 1793 1990 1859 lecta,
2029 1792 2162 1864 quid
2191 1801 2378 1848 actum
2427 1801 2596 1852 esset.
2636 1790 2804 1847 Sexto
2833 1788 3133 1845 renuntiat.
3179 1787 3231 1842 ls
3263 1799 3401 1840 vero

145 1843 230 1930 καὶ
428 1877 497 1931 τὸ
526 1843 724 1948 μέλλον
746 1843 978 1952 γνώμην
1011 1843 1215 1952 ᾔτησεν
1248 1843 1309 1946 ἐιξ
1345 1843 1543 1936 αὐτοῦ.
1575 1843 1723 1936 λοὶέ

1828 1843 1990 1859 ----_,
2034 1843 2162 1864 τη--
2193 1843 2378 1848 ηη---

1831 1885 2218 1940 animadverso
2247 1884 2421 1955 patris
2451 1883 2686 1939 consilio
2707 1921 2723 1948 ,
2754 1882 3095 1940 Gabinorum
3128 1879 3402 1951 primores

143 1964 252 2022 εῐπε
279 1969 382 2039 μὲν
404 1967 490 2041 τῷ
516 1969 826 2040 πεμφθέντι
851 1971 1023 2035 οὐδὲν,
1055 1973 1140 2026 ἴνα
1177 1975 1250 2045 μὴ
1281 1974 1410 2038 ἴσως
1440 1974 1724 2043 γνωσθεὶς,

144 2059 271 2114 ἐτῶν
303 2077 356 2115 τι
385 2061 421 2134 ἢ
478 2062 636 2118 ἄκων
678 2065 914 2132 ἐξείποι.
942 2067 1036 2130 Είς
1077 2067 1132 2121 δέ
1181 2067 1358 2138 κῆπον
1410 2065 1726 2136 εἰσαγαγὼν

144 2152 311 2218 αὑτὸν,
343 2156 405 2208 ἐν
441 2147 490 2224 ᾧ
526 2157 780 2227 μήκωνες
805 2153 970 2228 ἦσαν,
1003 2158 1102 2220 τὰς
1139 2157 1352 2222 κωδῦας
1385 2159 1525 2230 (87‘)
1548 2157 1727 2213 αὐτῶν

143 2245 230 2310 τὰς
257 2247 654 2319 ὑπερεχούσας
710 2251 892 2322 ῥάϐδῳ
952 2251 1283 2318 κατέκλασε,
1346 2252 1442 2308 καὶ
1491 2253 1570 2315 ei;
1623 2252 1727 2322 γῆν

143 2340 542 2414 κατεστόρησε,
570 2344 666 2396 καὶ
687 2341 833 2396 οὕτω
852 2344 946 2397 τὸν
972 2345 1372 2418 άγγελιαφόρον
1401 2343 1723 2416 ἀπέπεμψε.

143 2431 240 2485 Καὶ
265 2433 295 2486 ό
326 2434 444 2504 μὲν
476 2433 543 2488 τὸ
569 2435 818 2507 πραχθὲν
850 2436 927 2508 τῷ
955 2437 1134 2510 Σέξτῳ
1162 2438 1522 2510 ἀπήγγειλεν,
1561 2438 1727 2492 ἀσυν-

145 2523 265 2588 έτως
288 2523 448 2595 ἔχων
474 2526 574 2597 τῆς
602 2528 877 2600 πράξεως.
922 2528 982 2585 ’0
1018 2530 1075 2583 δέ
1103 2531 1196 2583 τὸν
1225 2531 1351 2586 νοῦν
1385 2530 1591 2600 συνῆκε
1631 2530 1730 2600 τῆς

145 2616 484 2684 ὑποθέσεως,
514 2621 611 2674 καὶ
653 2623 779 2685 τοὺς
825 2621 1288 2696 ἀξιολογωτέρους
1310 2623 1420 2677 τῶν
1454 2623 1730 2678 Γαουῖνων

144 2709 258 2772 τοὺς
309 2709 417 2780 μέν
456 2711 634 2784 λάθρα
669 2714 981 2786 φαρμάκοις
1009 2715 1303 2786 διέφθειρε,
1354 2716 1481 2779 τοὺς
1536 2715 1593 2768 δὲ
1639 2714 1750 2771 διά

144 2815 293 2853 τινων
321 2799 496 2872 δῆθεν
527 2801 765 2874 λῃστῶν,
805 2805 997 2870 ἄλλους
1029 2806 1087 2860 δὲ
1121 2807 1186 2860 ὲκ
1241 2807 1608 2879 δικαστηρίων
1663 2807 1729 2862 ά-

152 2890 422 2957 πέκτεινε,
459 2896 830 2966 συκοφαντίας
859 2897 982 2952 κατ’
1021 2897 1201 2952 αὐτῶν
1227 2899 1364 2971 πρὸς
1391 2898 1482 2952 τὸν
1517 2897 1730 2970 πατέρα

147 2981 437 3049 προδοσίας
491 2986 885 3058 πλαττόμενος.
941 2989 1168 3059 Ὅμοιον
1197 2988 1254 3042 δέ
1309 3005 1363 3042 τι
1410 2989 1588 3060 τούτῳ
1634 2989 1730 3043 καὶ

145 3073 174 3127 ὃ
203 3073 500 3146 Ἡρόδοτος
535 3078 647 3151 (88)
699 3081 925 3152 ἱστορεῖ.
978 3083 1310 3156 Περίανδρον
1358 3087 1466 3155 γὰρ
1499 3083 1592 3138 τὸν
1623 3084 1732 3136 Κυ-

1823 1978 2022 2052 partim
2057 1978 2196 2032 clam
2229 1992 2446 2034 veneno
2482 1975 2745 2041 sustulit,
2789 1975 2991 2045 partim
3023 1989 3124 2044 per
3167 1969 3402 2028 sicarios

1825 2073 2103 2130 interfecit
2149 2089 2166 2128 :
2207 2071 2346 2129 alios
2384 2072 2440 2128 in
2477 2070 2687 2144 judicio
2727 2069 3025 2125 calumniis
3061 2078 3357 2137 oppressos
3381 2101 3398 2124 ο

1824 2165 1985 2237 quasi
2029 2164 2223 2220 urbem
2263 2164 2408 2234 patri
2457 2178 2561 2220 suo
2606 2162 2844 2234 prodere
2889 2160 3135 2220 vellent.
3172 2155 3401 2212 amovit.

1827 2257 2017 2314 Simile
2065 2256 2334 2327 quiddam
2380 2254 2697 2310 Herodotus
2736 2253 2804 2308 de
2839 2251 3145 2309 Periandro
3185 2247 3402 2318 Cypseli

1825 2349 1972 2415 ﬁlio,
2005 2347 2261 2406 Corinthi
2297 2359 2530 2420 tyranno
2552 2387 2567 2412 ,
2592 2344 2829 2402 scribit:
2871 2342 2964 2414 qui
2999 2357 3125 2398 cum
3159 2356 3189 2396 a
3223 2339 3404 2394 Thra-

1833 2442 2018 2499 sibulo
2063 2440 2235 2497 Mileti
2284 2452 2519 2513 tyranno
2553 2437 2844 2495 consilium
2887 2433 3139 2490 ﬁrmandi
3183 2429 3403 2501 imperii

1827 2535 2112 2606 petiisset.
2154 2531 2565 2605 Thrasybulum
2596 2529 2796 2586 nuntio
2824 2542 2960 2584 voce
2991 2523 3132 2582 nihil
3165 2537 3400 2594 respon-

1827 2629 2014 2686 disse:
2049 2627 2145 2684 sed
2172 2642 2239 2684 eo
2266 2627 2320 2682 in
2355 2635 2593 2696 segetem
2619 2621 2860 2679 deducto
2881 2662 2896 2687 ,
2931 2619 3130 2676 culmis
3157 2616 3408 2672 eminen-

1830 2718 2067 2776 tioribus
2107 2716 2336 2773 resectis
2384 2723 2440 2770 et
2479 2713 2741 2785 abiectis,
2781 2709 3064 2767 hominem
3103 2704 3406 2762 dimisisse.

1828 2810 1933 2880 Qui
1959 2825 2216 2867 reversus
2237 2849 2252 2874 ,
2290 2808 2470 2879 deque
2501 2805 2650 2863 illius
2676 2802 2914 2861 consilio
2943 2810 3168 2873 rogatus
3187 2838 3202 2864 ,
3251 2794 3407 2851 dixe-

1830 2907 1944 2973 rit,
1979 2921 2038 2962 se
2065 2904 2135 2960 ad
2169 2903 2447 2959 hominem
2497 2897 2694 2957 emotze
2727 2897 2932 2954 mentis
2970 2909 3092 2950 esse
3134 2891 3362 2947 missum
3386 2927 3405 2956 ,

1831 3009 2013 3066 neque
2033 2993 2181 3049 enim
2211 2991 2278 3047 ad
2307 2992 2642 3061 interrogata
2666 2987 2965 3058 quidquam
2983 2983 3142 3055 331
3179 2994 3407 3050 respon-

1833 3085 2002 3152 disse,
2021 3099 2084 3140 ac
2102 3083 2235 3155 quid
2259 3083 2349 3138 ille
2377 3081 2616 3147 iecisset,
2635 3078 2876 3134 narrarit
2901 3094 2917 3134 :
2949 3085 3004 3133 at
3020 3072 3407 3138 Periandrum,

146 3163 311 3256 Ῠέλου
372 3165 651 3236 τύραννον
709 3167 975 3239 Κορίνθου
1035 3171 1326 3242 γενόμενον
1394 3172 1531 3242 φησὶ
1594 3171 1727 3243 πρὸς

1834 3179 2111 3236 intellecta
2145 3175 2476 3248 Thrasybuli
2503 3173 2736 3238 ratione,
2763 3185 2957 3226 omnes
2987 3164 3408 3223 Corinthiorum

149 3252 528 3325 Θρασύϐουλον
573 3259 668 3312 τὸν
710 3261 954 3335 Μιλήτου
1001 3263 1265 3335 τύραννον
1315 3264 1727 3336 διαπέμψασθαι

1835 3271 2116 3344 principes
2159 3268 2476 3324 sustulisse.
2527 3264 2610 3322 Ad
2644 3262 2902 3321 eumdem
2947 3259 3172 3316 modum
3207 3256 3409 3312 Sextus
3523 3271 3539 3286 -

151 3347 575 3417 πυνθανόμενον,
624 3350 772 3415 ὅπως
819 3353 970 3424 αύτῷ
1002 3355 1070 3410 τά
1115 3355 1218 3425 τῆς
1254 3355 1432 3428 ἀρχῆς
1467 3356 1730 3425 ἀσφαλῶς

151 3435 267 3502 ἕξει.
297 3439 409 3493 Τὸν
436 3441 493 3494 δέ
515 3441 988 3518 Θρασύϐουλοντῷ
1011 3448 1407 3518 ἀπαγγείλαντι
1427 3448 1597 3502 ταῦτα
1623 3466 1733 3520 μη·

151 3530 228 3584 δέν
247 3533 680 3607 ἀποκρίνασθαισ
695 3538 1055 3609 ἀπαγαγόντα
1076 3542 1121 3595 δ’
1139 3543 1218 3605 είς
1241 3541 1411 3614 λήϊον,
1427 3543 1536 3596 τῶν
1560 3545 1731 3598 ἀστα-

153 3622 284 3692 χύων
296 3627 434 3691 τοὺς
455 3627 821 3700 ὑπερέχοντας
844 3633 1132 3704 ἐκτέμνειν
1155 3650 1212 3686 τε
1241 3635 1334 3688 καὶ
1365 3636 1603 3707 ῥιπτεῖν,
1633 3636 1729 3688 καὶ

153 3714 311 3783 οὕτως
367 3721 704 3792 ἀποπέμψαι
749 3723 839 3777 τὸν
865 3725 1217 3796 ἐσταλμένον.
1258 3727 1362 3780 Τὸν
1405 3727 1463 3780 δὲ
1501 3726 1730 3781 ἐπανελ-

155 3807 322 3877 θόντα,
363 3813 472 3866 καὶ
511 3815 610 3886 τὴν
636 3814 729 3869 τοῦ
759 3817 1139 3888 Θρασυϐούλου
1177 3819 1487 3889 συμϐουλὴν
1514 3819 1730 3891 ἐρωτὼ-

159 3919 328 3972 μενον,
357 3907 564 3973 εἰπεῖν,
594 3910 674 3972 είς
705 3909 1039 3982 παραπλῆγα
1059 3911 1397 3983 πεμφθῆναι,
1419 3913 1728 3983 καὶδιηγεῖ-

1833 3364 2001 3420 etiam
2046 3375 2174 3416 cum
2215 3358 2448 3415 Gabinis
2486 3356 2645 3428 egit:
2683 3364 2742 3411 et
2782 3352 3104 3409 melioribus
3165 3345 3364 3404 occisis
3389 3383 3407 3410 ,

1832 3469 2025 3512 eorum
2061 3452 2326 3524 pecunias
2357 3450 2519 3521 vulgo
2561 3447 2872 3504 distribuit.
2922 3441 3131 3500 Deinde
3160 3441 3268 3496 illis
3313 3437 3412 3495 de-

1831 3548 1995 3610 letis,
2041 3545 2271 3615 reliquis
2317 3540 2598 3612 deceptis,
2644 3547 2702 3595 et
2764 3536 2950 3593 omnia
3009 3533 3407 3598 credentibus,

1835 3653 1961 3695 cum
2013 3634 2277 3692 Romanis
2326 3631 2560 3704 captivis
2599 3638 2657 3687 et
2698 3627 3025 3698 transfugis,
3067 3639 3206 3696 quos
3241 3638 3306 3680 ea
3340 3622 3412 3681 de

1837 3744 2001 3786 causa
2034 3727 2240 3783 multos
2268 3731 2542 3795 coegerat,
2574 3722 2768 3777 urbem
2800 3719 3118 3789 occupavit.
3151 3715 3412 3788 patrique

1838 3819 2089 3881 tradidit.
2115 3817 2223 3875 Sed
2251 3818 2317 3885 is,
2342 3833 2407 3873 ea
2435 3813 2548 3873 ﬁlio
2575 3827 2856 3882 concessa,
2888 3825 3014 3869 cum
3050 3809 3174 3866 aliis
3195 3807 3415 3882 papulis

1837 3911 2041 3968 bellum
2067 3909 2258 3981 gessit.

158 3996 267 4050 σθαι
290 4001 396 4052 ὅσα
422 4001 630 4066 ἐκεῖνος
652 4002 895 4075 ἐποίησε,
921 4007 995 4076 μή
1021 4022 1073 4058 τι
1095 4004 1228 4075 πρὸς
1245 4005 1274 4058 ὃ
1290 4007 1551 4078 ἠρωτήθη
1566 4004 1940 4075 φθεγξάμενος
1963 4018 1980 4037 ·
2003 4005 2095 4057 τὸν
2117 4003 2172 4056 δέ
2204 4019 2269 4071 γε
2292 4001 2625 4073 Περίανδρον
2650 3999 2960 4054 συνεικέναι
2998 3994 3090 4049 τὸν
3135 3991 3231 4046 τοῦ
3261 3990 3410 4060 Θρα-

157 4092 418 4147 συϐούλου
460 4095 743 4166 λογισμὸν,
773 4099 868 4151 καὶ
901 4100 1025 4163 τοὺς
1053 4100 1418 4171 ὑπερέχοντας
1470 4101 1578 4154 τῶν
1631 4098 1937 4169 Κορινθίων
1971 4097 2218 4159 ἅπαντας
2249 4094 2534 4151 ἀπολέσαι.
2562 4094 2673 4148 Καὶ
2700 4093 2730 4146 ὁ
2763 4091 2956 4156 Σέξτος
2981 4085 3074 4142 οὖν
3103 4083 3246 4139 οὕτω
3286 4082 3414 4143 τοὺς

156 4184 444 4252 ιάουινους
475 4188 733 4261 μετῆλθε,
779 4193 873 4247 καὶ
914 4195 1039 4257 τοὺς
1085 4195 1184 4266 μέν
1215 4194 1499 4266 κρείττους
1531 4195 1809 4260 ἀπώλλυε,
1838 4193 1916 4266 τῷ
1951 4191 2145 4264 πλήθει
2189 4189 2343 4244 δὲτὰ
2370 4189 2520 4259 σφῶν
2559 4188 2773 4258 διένεμε
2807 4187 3088 4258 χρήματα.
3122 4177 3236 4234 Καὶ
3273 4175 3414 4248 μετὰ

154 4277 303 4332 τοῦτο
358 4281 471 4334 τῶν
536 4281 635 4352 μὲν
679 4282 1088 4355 διαφθαρέντων
1139 4286 1260 4358 ήδη,
1291 4287 1480 4341 τῶνδὲ
1518 4287 1726 4341 λοιπῶν
1753 4285 2150 4357 ἠπατημένων,
2183 4285 2278 4339 καὶ
2314 4283 2494 4339 πάντα
2531 4282 2898 4336 πιστευὸντων
2922 4277 3092 4350 αὐτῷ,
3133 4275 3273 4346 μετὰ
3303 4269 3414 4324 τῶν

157 4371 522 4442 αίχμαλώτων
555 4375 867 4445 Ῥωμαίων,
898 4380 992 4432 καὶ
1017 4379 1127 4432 τῶν
1157 4381 1491 4450 αὐτομόλων,
1523 4381 1616 4447 οὓς
1647 4382 1876 4446 πολλοὺς
1900 4381 1990 4436 διὰ
2016 4380 2176 4437 τοῦτο
2210 4380 2557 4452 συνήθροισε,
2581 4379 2816 4449 κατέσχε
2846 4378 2946 4448 τὴν
2985 4377 3162 4442 πόλιν,
3201 4372 3294 4426 καὶ
3334 4367 3414 4440 τῷ

159 4467 320 4536 πατρὶ
358 4467 731 4535 παραδέδωκε.
767 4471 878 4523 Καὶ
907 4469 965 4534 ὃς
993 4471 1210 4543 ἐκείνης
1237 4473 1316 4544 τῷ
1339 4475 1440 4547 υίῷ
1468 4473 1886 4546 παρεχώρησεν,
1926 4474 2089 4538 αὐτὸς
2116 4474 2173 4528 δὲ
2198 4474 2330 4545 πρὸς
2359 4473 2495 4528 ἄλλα
2529 4471 2870 4542 ἐπολέμησεν
2904 4469 3056 4540 ἔθνη.

223 4557 503 4621 ιᾹ⁹.Τοὺς
551 4557 608 4611 δέ
661 4559 760 4626 τῆς
791 4559 1058 4631 Σιϐύλλης
1105 4564 1391 4634 χρησμοὺς
1439 4564 1727 4636 Ῥωμαῖοις

1905 4564 2003 4620 XI.
2041 4563 2314 4620 Caeterum
2367 4564 2589 4618 oracula
2621 4561 2885 4633 Sibyllina
2938 4560 3023 4614 vel
3076 4557 3281 4612 invitus
3310 4571 3414 4626 po-

160 4651 248 4702 καὶ
273 4651 430 4705 ἄκων
462 4653 924 4722 προσεποιήσατο.
959 4653 1101 4726 Γυνὴ
1141 4656 1248 4726 γάρ
1281 4674 1364 4719 τις
1419 4655 1736 4726 θεόμαντις,

159 4741 221 4810 ήν
241 4741 510 4796 Σιϐύλλαν
537 4741 843 4813 ὠνόμαζον,
868 4745 926 4806 ἐς
951 4743 1051 4814 τὴν
1089 4743 1313 4817 Ῥώμην
1347 4745 1600 4817 ἐλήλυθε,
1652 4745 1734 4816 .8:-

160 4833 284 4889 ϐλία
315 4835 444 4904 τρία
474 4835 506 4905 ἢ
541 4834 699 4889 ἐννέα
728 4835 993 4904 φέρουσα,
1020 4836 1115 4890 καὶ
1139 4839 1312 4892 ταῦτα
1341 4837 1610 4909 πρίασθαι
1657 4837 1738 4910 τῷ

162 4928 452 4998 Ταρκυνίῳ
491 4927 686 4992 ἐδίδου,
719 4927 818 4981 καὶ
850 4926 949 5000 τὴν
976 4929 1142 5001 τιμὴν
1181 4930 1292 4985 τῶν
1349 4928 1571 5002 βιϐλίων
1603 4928 1738 5000 ὠρί-

163 5033 311 5070 σατο.
359 5017 601 5071 Ἐκείνου
633 5017 691 5071 δέ
725 5018 800 5090 μὴ
832 5019 1272 5092 προσεσχηκότος
1303 5022 1464 5092 αὐτῇ,
1491 5020 1553 5074 τὸ
1601 5018 1660 5073 ἓν
1703 5018 1736 5090 ἢ

162 5106 229 5161 τά
254 5109 379 5180 τρία
401 5109 512 5162 τῶν
541 5107 764 5178 βιϐλίων
815 5111 1179 5166 κατέκαυσεν.
1232 5111 1323 5174 Ὠς
1351 5111 1397 5165 δ’
1429 5110 1588 5174 αὖθις
1633 5126 1738 5164 κα-

163 5193 462 5266 τωλιγώρει
509 5195 682 5266 αὐτῆς
728 5198 758 5250 ὁ
813 5198 1138 5270 Ταρκύνιος,
1161 5199 1309 5254 κακά
1367 5199 1478 5254 τῶν
1531 5198 1738 5253 λοιπῶν

165 5287 358 5355 ὁμοίως
404 5290 702 5362 διέφθειρε.
741 5291 1060 5362 Μελλούσης
1087 5291 1143 5344 δὲ
1174 5292 1270 5346 καὶ
1316 5290 1387 5345 τὰ
1441 5291 1524 5346 ἔτι
1577 5290 1739 5344 λοιπά

167 5382 540 5451 καταφλέξειν,
563 5385 883 5454 ἠνάγκασαν
912 5386 1074 5440 αὐτὸν
1102 5385 1152 5440 οἱ
1173 5384 1475 5451 οίωνισταὶ,
1505 5383 1575 5439 τά
1601 5384 1735 5452 γοῦν

170 5475 446 5547 σωζόμενα
491 5479 780 5551 πρίασθαι.
840 5479 951 5534 Καὶ
1003 5479 1256 5551 ὠνήσατο
1283 5479 1477 5542 ταῦτα,
1505 5479 1633 5533 ὅσου
1671 5479 1740 5533 τὰ

1842 4656 1972 4727 pulo
2024 4656 2273 4710 Romano
2309 4655 2672 4725 comparavit.
2725 4653 2920 4708 Mulier
2969 4652 3114 4705 enim
3163 4649 3413 4719 quaedam

1830 4747 2082 4812 fatidica,
2115 4763 2278 4817 quam
2308 4747 2568 4819 Sibyllam
2595 4745 2936 4808 nominabat,
2968 4744 3195 4797 Romam
3231 4757 3290 4796 ιιι
3317 4749 3417 4796 aut

1841 4854 1896 4894 ιχ
1948 4838 2124 4895 libros
2168 4839 2386 4902 allatus,
2417 4837 2721 4909 Tarquinio
2750 4845 2903 4892 certo
2961 4835 3141 4906 pretio
3169 4834 3414 4900 venales,

1837 4932 2149 5003 proposuit.
2175 4931 2272 4987 illo
2301 4945 2434 4987 vero
2482 4943 2602 4987 eam
2629 4929 2958 5001 negligente,
3010 4928 3095 4984 vel
3126 4944 3292 4983 unum
3325 4925 3414 4981 vel

1843 5037 1953 5083 tres
2006 5026 2180 5082 libros
2226 5026 2454 5081 exussit.
2516 5025 2587 5082 Ut
2639 5025 2839 5080 iterum
2876 5040 2905 5078 a
2963 5039 3092 5094 rege
3155 5022 3416 5092 despecta

1840 5126 1946 5182 est,
1988 5132 2056 5171 ex
2093 5116 2321 5188 reliquis
2356 5117 2583 5174 totidem
2615 5116 2880 5173 abolevit.
2933 5117 3073 5173 Cum
3101 5126 3286 5172 autem
3317 5130 3417 5170 eos

1828 5208 2007 5264 etiam
2037 5209 2132 5278 qui
2173 5208 2456 5264 restabant
2479 5221 2791 5265 crematura
2815 5218 2985 5275 esset,
3016 5225 3253 5281 augures
3277 5224 3405 5262 eum

1841 5299 2083 5370 reliquos
2133 5315 2318 5356 emere
2373 5309 2722 5371 coegerunt:
2791 5302 2961 5372 idque
3007 5301 3164 5365 tanti,
3220 5298 3412 5369 quanti

1843 5390 2133 5445 universos
2155 5406 2348 5460 parare
2376 5391 2664 5461 potuisset.
2725 5392 2832 5447 Eos
2864 5393 3038 5447 libros
3064 5391 3281 5445 duobus
3326 5403 3416 5443 se.

1845 5479 2135 5534 natoribus
2183 5481 2546 5538 asservandus
2611 5483 2837 5539 tradidit
2884 5500 2897 5538 :
2955 5481 3159 5552 quique
3204 5478 3410 5550 scripta

1325 5642 1522 5707 Varias
1550 5641 1858 5705 lectiones
1904 5649 1967 5704 et
2010 5651 2201 5708 notae.

247 5767 374 5844 (1537)
397 5769 826 5844 Kwéacﬂide
849 5761 1077 5828 llenric'.
1129 5767 1407 5831 Valesium
1437 5769 1506 5828 ad
1532 5769 2051 5839 llarpocrationcm,
2087 5787 2209 5844 pag.
2249 5772 2375 5839 501,
2398 5771 2494 5827 ubi
2520 5769 2588 5827 de
2616 5771 2718 5826 bac
2747 5781 2903 5825 voce.

249 5836 363 5910 (say
393 5836 721 5911 Ἡρόδοτος.
746 5843 868 5901 Lib.
905 5858 946 5914 ι,
978 5859 1034 5916 p.
1056 5844 1112 5901 9.
