3740 6574
481 375 590 441 5'19

475 488 656 552 missi,
704 495 820 542 tum
857 498 917 540 re
970 483 1174 541 infecta
1223 485 1624 544 discesserunt.
1652 487 1782 544 Post
1847 491 2055 545 reversi

477 581 810 644 retulerunt,
845 577 891 632 si
923 577 1066 632 bona
1098 591 1197 632 sua
1229 577 1356 648 ipsi,
1385 578 1582 633 amicis
1610 586 1668 634 et
1723 582 2056 637 necessariis

475 675 859 734 redderentur.
894 669 1041 726 unde
1078 670 1340 728 exsilium
1373 670 1694 731 tolerarent.
1724 687 1852 726 eum
1881 687 2053 743 regno

472 767 638 840 334
677 779 989 829 cessurum,
1026 772 1084 818 et
1105 763 1309 818 bellum
1335 763 1718 833 depositurum
1764 778 1906 820 esse.
1937 766 2056 832 Qua

476 861 745 931 petitione
791 871 915 911 cum
964 853 1119 908 multi
1145 851 1524 921 ﬂecterentur,
1553 862 1720 924 atque
1751 855 1868 925 ipse
1917 858 2054 911 adeo

473 952 802 1014 Collatinus,
841 947 995 1002 Bruti
1025 945 1234 1016 collega
1273 946 1516 1002 :Brntus
1551 962 1583 1002 e
1613 948 1766 1003 curia
1796 948 1852 1003 in
1870 949 2052 1004 forum

471 1043 736 1107 excurrit,
762 1041 1093 1095 Collatinum
1115 1039 1457 1108 proditorem
1489 1041 1750 1111 appellat,
1797 1043 1892 1112 qui
1923 1043 2054 1098 belli

470 1147 528 1193 et
586 1131 892 1206 tyrannidis
945 1132 1311 1188 instrumenta
1360 1132 1679 1203 largiretur.
1725 1134 1914 1204 Legati
1955 1151 2054 1206 per

465 1229 708 1300 speciem
776 1226 1091 1296 repetenda:
1142 1225 1391 1295 pecunia:
1457 1227 1645 1282 Romae
1700 1228 2048 1294 commorati,

465 1321 686 1378 nobiles
742 1320 954 1390 aliquot
1017 1318 1398 1374 adolescentes
1456 1334 1834 1390 corrumpere,
1886 1329 2053 1391 atque

465 1415 612 1469 inter
636 1411 796 1474 alios,
829 1411 998 1466 etiam
1029 1408 1182 1464 Bruti
1213 1409 1358 1465 filios
1394 1411 1538 1466 duos
1563 1413 1630 1466 ad
1678 1414 2050 1483 proditionem

467 1505 754 1576 impellere
799 1504 1157 1559 studuerunt.
1197 1509 1242 1556 A
1275 1503 1480 1572 quibus
1535 1504 1771 1574 benigne
1824 1515 2049 1578 accepta

465 1597 741 1664 oratione,
763 1599 944 1652 visum
971 1604 1057 1652 est
1084 1603 1245 1666 pacta
1273 1597 1638 1668 jurejurando
1659 1600 1876 1655 sancire
1905 1619 1920 1656 :
1953 1615 2051 1656 ea-

463 1708 575 1763 que
617 1691 686 1748 de
741 1705 908 1746 causa
939 1689 996 1744 in
1022 1689 1171 1745 sedes
1215 1703 1358 1760 pene
1393 1689 1642 1747 desertas
1673 1702 1731 1748 et
1784 1691 2050 1748 obscuras

465 1785 723 1854 ingressi,
754 1801 866 1840 non
915 1783 1428 1840 animadverterunt
1480 1785 1557 1842 ibi
1582 1802 1702 1842 esse
1733 1787 2048 1843 Vindicium

465 1893 711 1945 servum,
766 1876 862 1947 qui
892 1891 1006 1931 non
1041 1876 1110 1932 de
1140 1876 1434 1944 industria,
1492 1879 1589 1934 sed
1649 1881 1790 1935 forte
1825 1880 2048 1936 fortuna

466 1968 542 2024 ibi
569 1968 923 2033 delitescens,
953 1976 1232 2037 spectator
1269 1977 1545 2035 actorum,
1575 1977 1634 2024 et
1664 1969 1888 2025 auditor
1925 1987 2047 2026 ser-

462 2072 689 2116 monum
728 2060 834 2114 fuit
869 2076 883 2114 :
922 2075 1045 2129 qua:
1072 2059 1260 2114 omnia
1297 2059 1368 2116 ad
1400 2060 1610 2117 eadem
1659 2063 1952 2118 consulum
1985 2073 2046 2120 et

463 2153 834 2224 proditionem
891 2152 1052 2208 urbis
1109 2154 1456 2224 spectabant,
1501 2155 1704 2212 additis
1745 2158 1912 2213 etiam
1972 2159 2042 2213 ad

462 2245 824 2316 Tarquinium
882 2244 1107 2302 litteris.
1158 2243 1479 2317 Conjuratis
1522 2248 1808 2320 digressis,
1849 2265 2043 2308 servus

458 2338 644 2393 omnia
671 2336 872 2393 defert.
905 2337 990 2392 Illi
1016 2337 1333 2408 capiuntur,
1360 2339 1558 2396 littera:
1582 2341 1916 2399 afferuntur.
1945 2345 2044 2400 De-

459 2428 741 2484 ducuntur
766 2427 824 2484 in
867 2427 1051 2483 forum
1088 2445 1104 2483 :
1134 2437 1354 2486 astante
1406 2431 1688 2500 Vindicio,
1721 2434 1920 2491 littera:
1951 2452 2040 2492 re-

459 2521 724 2578 citantur.
773 2521 912 2577 Aliis
931 2531 1190 2577 mcestum
1212 2523 1493 2578 silentium
1527 2527 1870 2596 tenentibus,
1896 2529 2040 2585 Bru-

462 2622 552 2669 tus
593 2614 916 2669 nominatim
973 2624 1266 2686 utrumque
1317 2615 1490 2670 filium
1535 2617 1858 2675 allocutus:
1919 2619 2040 2677 Non

461 2703 741 2777 dcpcllitis,
761 2704 960 2776 inquit,
978 2707 1175 2760 crimen
1194 2706 1347 2762 .’lllis
1367 2709 1699 2778 tacentibus,
1723 2711 1790 2766 ad
1816 2713 2041 2769 lictores

461 2811 805 2853 conversus:
833 2797 989 2864 Quod
1023 2805 1211 2864 restat,
1241 2799 1344 2864 ait,
1373 2802 1532 2854 vestri
1589 2806 1822 2858 muneris
1849 2811 1948 2861 est.
1996 2804 2038 2860 li

459 2891 838 2946 adolescentes
865 2899 1114 2961 arreptos
1155 2891 1341 2964 ﬂagris
1386 2894 1710 2950 ceciderunt
1746 2913 1762 2954 :
1798 2913 2036 2966 quorum

460 2980 840 3036 misericordia
888 2994 1014 3034 cum
1058 2981 1152 3035 alii
1199 2991 1580 3050 moverentur,
1641 2993 1797 3054 pater
1855 3001 2038 3057 neque

459 3071 650 3127 oculos
675 3071 784 3126 alio
811 3072 1030 3139 avertit,
1075 3089 1258 3144 neque
1283 3076 1459 3131 ullutn
1510 3077 1912 3135 misericordia:
1962 3079 2039 3135 si-

458 3181 626 3237 gnum
654 3165 827 3234 dedit,
864 3168 1045 3237 quoad
1081 3165 1263 3223 securi
1313 3169 1562 3239 percussi
1603 3182 1754 3228 sunt.
1802 3171 1919 3229 Hoc
1949 3173 2033 3229 fa-

456 3268 608 3313 ctum
649 3272 828 3328 neque
855 3257 1078 3313 laudare
1133 3273 1316 3329 neque
1357 3260 1670 3330 vituperare
1715 3273 2034 3335 promptum

453 3359 561 3406 est.
592 3351 705 3404 Aut
727 3349 876 3405 enim
906 3349 1129 3406 virtutis
1165 3351 1402 3406 altitudo
1427 3353 1880 3423 perturbationes
1914 3372 2035 3413 om-

455 3456 554 3498 nes
584 3443 642 3498 in
667 3443 787 3512 ejus
831 3441 1016 3497 animo
1063 3444 1361 3514 oppressit,
1425 3454 1522 3502 aut
1561 3447 1892 3507 calamitatis
1916 3466 2034 3509 ma-

450 3535 686 3608 gnitudo
713 3536 765 3592 ei
825 3545 1110 3607 stuporem
1143 3539 1352 3594 attulit.
1406 3540 1680 3598 Neutrum
1727 3559 1861 3600 vero
1911 3545 2032 3602 exi-

449 3643 620 3700 guum
652 3635 757 3695 est,
788 3638 884 3685 aut
913 3623 1215 3686 humanum
1245 3646 1259 3685 :
1293 3631 1392 3688 sed
1425 3644 1522 3689 aut
1569 3634 1901 3706 divinitatis,
1932 3651 2031 3697 aut

453 3721 708 3778 belluina:
740 3722 1118 3779 immanitatis.
1159 3723 1258 3780 His
1299 3723 1628 3795 interfectis,
1661 3744 1692 3783 a
1722 3729 1895 3786 Bruto
1929 3745 2030 3802 po-

451 3815 716 3870 stulatum
742 3822 848 3881 est,
881 3823 944 3870 ut
989 3817 1055 3872 de
1095 3817 1314 3875 caeteris
1349 3833 1572 3891 quoque
1615 3824 2028 3892 pronuntiaret.

429 3908 530 3968 Ad
557 3923 679 3980 quae
707 3907 801 3964 ille
825 3925 842 3966 :
866 3907 1084 3975 Liberis,
1107 3910 1307 3982 inquit,
1336 3915 1464 3968 meis
1490 3913 1708 3971 idoneus
1739 3916 2028 3988 Ῑαίὶιιάεπῖ

447 4004 512 4059 de
545 4004 747 4058 ceteris
775 4017 894 4056 vero
923 4002 1119 4059 civibus
1139 4005 1260 4072 jam
1307 4006 1480 4064 liberis
1516 4010 1772 4083 sum-agis
1809 4013 2029 4084 ferenda

445 4095 713 4164 permitto.
749 4092 1054 4149 Sententiis
1099 4093 1250 4160 latis,
1281 4109 1477 4154 omnes
1505 4101 1690 4156 securi
1732 4112 1862 4158 sunt
1891 4119 2026 4176 per-

446 4185 616 4253 cussi,
645 4193 811 4256 atque
859 4185 1007 4240 inter
1043 4187 1182 4243 alios
1231 4191 1450 4262 cognati
1476 4191 1690 4264 aliquot
1717 4193 2021 4254 Collatini:

445 4277 519 4331 ob
552 4293 692 4347 quos
718 4293 846 4333 cum
893 4279 1249 4346 irasceretur,
1279 4284 1466 4355 populi
1494 4303 1525 4340 a
1559 4286 1729 4343 Bruto
1761 4290 2024 4350 concitati

445 4367 704 4423 nianibus
737 4384 877 4439 pene
905 4370 1220 4442 discerptus
1258 4383 1424 4430 esset.
1454 4375 1802 4447 Magistratus
1838 4387 2022 4436 tamen

441 4461 494 4514 ei
522 4467 606 4514 est
637 4459 957 4532 abrogatus,
990 4462 1047 4519 Ρ.
1084 4464 1300 4522 Valerio
1328 4482 1650 4525 successore
1691 4471 1822 4528 dato
1857 4491 1872 4530 :
1926 4475 2018 4532 cui

1773 382 2102 443 JOANNIS
2143 386 2468 446 ΖΟΝΑΒΕ

3563 427 3580 462 ε

2087 427 2102 443 ι
2143 427 2468 446 μιμιπιιιιιιιι
3563 427 3580 462 ε

2087 504 2130 559 Α
2160 496 2466 565 Ταρκυνιου
2498 494 2760 591 πρέσϐεις
2790 493 3126 591 είς-’Ῥώμην
3156 499 3303 578 ἧκον,
3331 519 3446 589 περὶ
3469 427 3639 591 “ei?

2157 564 2536 656 διαλεγόμενοι
2560 601 2576 618 ⁸
2608 584 2682 649 ὡς
2715 585 2760 638 δ’
2795 585 2950 638 οῦδὲν
2979 564 3158 661 ipse»,
3177 564 3641 681 ’ἕτεροι-’ἕθζυῖζὲ

2157 695 2391 749 στησαν,
2421 679 2755 748 ἀφίστασθαι
2784 678 2886 748 τῆς
2919 678 3222 755 βασιλείας,
3269 697 3356 748 xei
3401 678 3562 763 παύειν
3579 678 3642 773 τι,

2157 769 2394 870 πόλεμον
2428 769 2678 870 λέγοντες
2737 769 2831 823 τὸν
2883 771 3202 870 Ίῖαρκύνιον,
3255 784 3300 836 εί
3343 789 3405 843 τὰ
3447 769 3642 870 χρήμαῇ

2154 861 2360 968 δοθεῖεν
2389 863 2561 934 αὐτῷ,
2593 865 2689 917 καὶ
2716 866 2829 929 τοῖς
2859 865 3058 934 φίλοις,
3089 872 3180 924 καὶ
3208 878 3313 939 τοῖς
3344 845 3644 968 οἰκείοις-(ξιξ

2153 948 2233 1006 ὧν
2259 953 2648 1010 διαϐιώσονται
2694 955 3012 1025 φεύγοντες.
3063 959 3458 1036 Ἐπικλωμένων
3486 948 3647 1040 simi.

2154 1047 2284 1114 λῶν,
2313 1046 2409 1103 καὶ
2446 1048 2614 1102 αὐτοῦ
2657 1050 2988 1104 Κολλατίνου
3017 1051 3112 1104 τοῦ
3160 1055 3236 1125 τῷ
3265 1059 3462 1136 Βρούτῳ
3495 1080 3646 1148 ουνάρ.

2155 1156 2364 1209 χοντος,
2397 1143 2480 1206 είς
2509 1141 2719 1212 ἀγορὰν
2743 1145 2772 1196 ὁ
2801 1142 3041 1215 Βροῦτος
3091 1147 3153 1199 ἐκ
3191 1151 3281 1203 τοῦ
3339 1141 3645 1237 βουλευτηρίζη

2154 1232 2447 1304 ἐξέδραμε,
2483 1235 2755 1308 προδότην
2786 1237 2880 1292 τὸν
2918 1239 3242 1298 Κολλατῖνον
3271 1249 3540 1323 ἀποκαλῶν,
3565 1232 3649 1316 ,πο-

2154 1324 2322 1395 λέμου
2399 1327 2496 1382 καὶ
2561 1329 2877 1400 τυραννίδος
2924 1331 3177 1404 ἀφορμὰς
3235 1347 3564 1414 χαριζόμενον,
3604 1360 3649 1410 0!

2155 1415 2417 1513 πρέσϐεις
2443 1417 2502 1471 δὲ
2553 1418 2648 1471 ἐπὶ
2703 1421 2772 1492 τῇ
2822 1420 2932 1474 τῶν
2977 1424 3279 1493 χρημάτων
3330 1437 3563 1502 προφάσει
3601 1448 3646 1513 τῇ

2164 1505 2354 1582 Ῥώμῃ
2389 1510 2848 1583 ἐνδιατρίϐοντες,
2878 1513 3109 1584 ἴσχυσαν
3140 1515 3432 1592 διαφθεῖραι
3455 1526 3542 1580 τῶν
3565 1505 3647 1587 in:

2157 1603 2354 1675 σήμων
2390 1604 2562 1669 τινὰς,
2592 1605 2714 1675 μεθ’
2757 1597 2834 1660 ὧν
2866 1608 2961 1660 καὶ
2993 1605 3104 1660 δύω
3135 1609 3228 1662 τοῦ
3265 1611 3478 1683 Βρούτου
3506 1625 3644 1688 παῖδας

2151 1694 2384 1750 ἔπεισαν
2410 1697 2468 1749 ὲν
2498 1699 2565 1768 τῇ
2611 1698 2874 1770 προδοσίᾳ
2903 1699 3179 1768 γενέσθαι.
3235 1705 3319 1769 Ὠς
3346 1705 3432 1761 οὖν
3461 1715 3647 1769 συνέπιι.

2158 1804 2259 1842 σαν
2287 1789 2356 1844 τὰ
2387 1790 2673 1860 μειράκια,
2698 1790 2844 1856 εδοξε
2887 1793 2987 1846 καὶ
3040 1794 3203 1863 ὅρκον
3250 1799 3503 1869 προθεῖναι
3580 1812 3646 1862 καὶ

2078 1865 2126 1925 Β
2151 1881 2248 1936 ἐπὶ
2277 1883 2489 1947 τούτοις
2516 1885 2596 1948 είς
2625 1883 2806 1938 οἰκίαν
2838 1883 3230 1957 συνῆλθον.Ἷιν
3246 1865 3307 1943 δὲ.
3327 1892 3353 1944 ὁ
3377 1887 3506 1959 oliuo;
3523 1899 3648 1970 ὑπὲρ.

2148 1991 2290 2048 ημος
2320 1974 2416 2028 καὶ
2475 1973 2769 2046 σκοτώδης.
2807 1975 3041 2030 Ἐλαθεν
3071 1977 3167 2033 οὖν
3214 1980 3357 2037 ἔνδον
3399 1984 3464 2037 ὢν
3488 1987 3566 2041 οὐκ
3602 1994 3646 2045 ὲκ

2147 2065 2430 2136 προνοίας,
2495 2064 2634 2119 ἀλλὰ
2684 2067 2951 2137 τυχαίως,
3024 2070 3242 2139 οἰκέτης
3301 2073 3456 2145 ὄνομα
3495 2079 3646 2134 Οὐινδί-

2146 2175 2266 2222 κιος
2303 2157 2441 2229 (92),
2476 2157 2571 2212 καὶ
2597 2159 3013 2231 κατακρυφθεὶς
3071 2162 3214 2228 ἐκεῖ,
3272 2163 3452 2237 θεατὴς
3491 2185 3537 2222 τε
3569 2172 3643 2223 τῶν

2144 2250 2438 2323 δρωμένων
2463 2247 2552 2324 ἦν,
2584 2252 2683 2305 καὶ
2719 2251 2832 2306 τῶν
2885 2251 3324 2325 βεϐουλευμένων
3356 2259 3574 2329 ἐπήκοον
3599 2262 3642 2313 ἃ·

2143 2360 2252 2416 περ
2277 2340 2418 2418 ἦσαν
2444 2383 2460 2407 ,
2513 2345 2644 2409 τοὺς
2694 2345 2936 2409 ὑπάτους
2991 2345 3227 2413 ἀνελεῖν,
3277 2349 3366 2402 κα)⁵
3403 2350 3488 2421 τὴν
3529 2351 3641 2405 πόλιν

2143 2435 2459 2506 προδοῦναι,
2486 2436 2583 2490 καὶ
2614 2434 2789 2490 ταῦτα
2817 2436 2895 2508 τῷ
2920 2437 3215 2510 Ταρκυνίῳ
3265 2437 3350 2493 διὰ
3407 2439 3498 2494 τῶν
3550 2445 3644 2512 πρέ-

2134 2529 2322 2584 σϐεων
2359 2531 2784 2586 ἐπεστάλκασιν.
2824 2529 3199 2586 Ἀπελθόντων
3225 2533 3280 2586 δὲ
3305 2532 3392 2588 τοῦ
3416 2534 3643 2606 οἰκήματος

2142 2619 2252 2675 τῶν
2283 2623 2635 2693 συνωμοτῶν,
2691 2620 2929 2689 ἐξελθὼν
2957 2622 2986 2676 δ
3014 2623 3238 2696 οἰκέτης
3289 2626 3482 2679 ᾶπαντα
3527 2643 3642 2679 uate-

2145 2714 2379 2786 μήνυσε,
2406 2714 2502 2770 καὶ
2533 2715 2588 2770 οἵ
2607 2731 2669 2770 τε
2698 2713 2800 2788 τὴν
2816 2715 3117 2788 προδοσίαν
3145 2716 3512 2788 μελετήσαντες
3532 2727 3642 2771 swi-

2139 2807 2453 2880 λήιρθησαν,
2485 2809 2582 2864 καὶ
2613 2809 2682 2864 τά
2727 2809 3038 2882 γράμματα
3089 2809 3464 2882 έκομίσθησαν,
3491 2813 3564 2866 καὶ
3585 2813 3640 2874 tl;

2139 2903 2242 2975 τὴν
2268 2903 2479 2975 ἀγορὰν
2501 2903 2892 2974 προαχθέντων
2924 2901 3136 2971 αὐτῶν,
3175 2902 3270 2957 καὶ
3316 2904 3401 2956 τὸν
3449 2905 3640 2958 Οὐίνδικα

2141 2997 2584 3066 παρεστήσαντο,
2615 2996 2686 3052 τά
2714 3012 2776 3050 τε
2804 2996 3120 3071 γράμματα
3139 2995 3540 3068 ἀνεγνώσθησαν.
3565 2998 3641 3050 Καὶ

2139 3090 2189 3143 oi
2231 3089 2330 3160 μὲν
2357 3089 2508 3144 ἄλλοι
2534 3089 2595 3142 ιν
2649 3090 2930 3164 κατηφείᾳ
2966 3087 3139 3164 ἦσαν,
3201 3091 3295 3145 καὶ
3363 3088 3639 3161 σιωπῇ·ὁὸὲ

2140 3180 2378 3252 Βροῦτος
2409 3181 2672 3252 ὀνομαστὶ⁸
2701 3182 2811 3236 τῶν
2841 3185 3005 3238 υἱέων
3065 3184 3322 3254 ἑκάτερον
3376 3179 3638 3252 προσειπὼν,

2143 3272 2265 3326 Οὐκ
2317 3271 2739 3342 ἀπολογεῖσθε,
2778 3274 2905 3346 ἔφη,
2955 3274 3112 3344 πρὸς
3151 3273 3266 3344 τὴν
3312 3273 3638 3343 κατηγορίαν;

2136 3365 2246 3418 τῶν
2266 3365 2325 3419 δὲ
2361 3366 2718 3435 σιωπώντων,
2751 3369 3012 3441 στραφεὶς
3053 3368 3192 3441 πρὸς
3244 3367 3361 3431 τοὺς
3405 3366 3637 3435 ὑπηρέτας,

2149 3458 2486 3529 ’Υμέτεροη
2515 3457 2695 3526 εἶπεν,
2726 3459 2844 3530 ἤδη
2866 3464 2932 3515 τὸ
2946 3463 3168 3517 λοιπὸν
3190 3460 3378 3530 ἔργον.
3407 3460 3463 3512 Ol
3483 3459 3529 3512 δὲ
3551 3457 3639 3510 συλ-

2133 3551 2393 3616 λαϐόντες
2425 3553 2554 3616 τοὺς
2583 3554 2926 3618 νεανίσκους,
2980 3554 3204 3626 ῥάϐδοις
3227 3552 3544 3618 κατέξαινον·
3573 3550 3638 3603 καὶ

2131 3643 2243 3700 τῶν
2285 3644 2461 3700 ἄλλων
2489 3646 2885 3717 ἐπικλωμένων
2916 3650 3030 3712 τοῖς
3083 3646 3381 3718 πάσχουσιν
3408 3685 3422 3710 ,
3453 3646 3476 3698 ὁ
3503 3641 3637 3711 πατὴρ

2131 3735 2246 3792 οὔτ’
2276 3738 2545 3810 ἀλλαχόσε
2577 3739 2676 3802 τάς
2704 3738 2858 3810 ὄψεις
2890 3740 3210 3811 ἀπήγαγεν,
3236 3737 3355 3792 οὔτε
3389 3737 3483 3808 μὴν
3502 3735 3635 3786 οἴκτου

2085 3823 2094 3837 ¹
2123 3845 2184 3882 τι
2207 3829 2526 3897 ἐνεδείξατο,
2563 3833 2732 3904 μέχρι
2761 3832 2985 3886 πελέκει
3023 3835 3126 3899 τὰς
3162 3832 3393 3902 κεφαλὰς
3422 3828 3514 3882 τῶν
3548 3825 3636 3878 παί-

2129 3923 2236 3978 δων
2256 3923 2566 3994 ἀπέκοψαν.
2617 3911 2789 3980 Τοῦτο
2815 3927 2872 3980 δὲ
2903 3925 3016 3980 οὔτ’
3057 3929 3324 3992 ἐπαινεῖν,
3354 3925 3466 3980 οὕτε
3497 3921 3637 3992 ψέγειν

2127 4017 2248 4071 ἐστὶ
2268 4017 2473 4089 ῥᾴδιον.
2518 4017 2581 4071 Ἦ
2623 4018 2733 4091 γὰρ
2764 4021 2970 4092 ἀρετῆς
2999 4020 3135 4091 ὕψος
3160 4022 3238 4084 εἰς
3263 4018 3509 4073 ἀπάθειαν
3549 4015 3635 4078 ἐξέ-

2129 4131 2332 4184 στησεν
2355 4115 2520 4169 αὑτοῦ
2544 4117 2641 4187 τὴν
2660 4117 2859 4188 ψυχὴν,
2887 4118 2922 4188 ἢ
2957 4117 3170 4182 πάθους
3189 4115 3408 4188 μέγεθος
3425 4115 3495 4176 είς
3520 4107 3637 4164 ἀναλ-

2125 4208 2350 4281 γησίαν.
2413 4209 2713 4279 Οὐδέτερον
2749 4210 2807 4263 δὲ
2837 4211 3036 4282 μικρὸν
3071 4210 3181 4264 οὐδ’
3205 4210 3535 4280 ἀνθρώπινον,
3553 4203 3636 4258 ἀλλ’

2125 4301 2160 4372 ἢ
2195 4301 2359 4365 θεῖον,
2391 4300 2424 4370 ἢ
2463 4299 2747 4370 θηριῶδες.
2777 4299 2937 4355 Οὕτω
2966 4303 3024 4355 δὲ
3048 4301 3259 4356 τούτων
3291 4300 3552 4362 θανόντων,
3569 4296 3637 4348 καὶ

2125 4393 2256 4464 περὶ
2284 4392 2393 4446 τῶν
2426 4391 2601 4446 ἄλλων
2641 4393 2971 4463 συνωμοτῶν
2992 4394 3180 4466 ψῆφον
3211 4393 3488 4462 ἐνεγκείνό
3513 4387 3637 4458 Βροῦ-

2123 4503 2211 4549 τος
2233 4485 2502 4558 ἀπῄτητο.
2539 4484 2598 4539 Ὀ
2617 4486 2695 4551 δὲ,
2719 4485 2850 4552 Τοῖς
2889 4486 3008 4557 μὲν
3047 4489 3266 4552 υἱέσιν,
3296 4483 3465 4550 εἶπεν,
3502 4480 3637 4544 αὐτὸς

439 4569 472 4608 a
521 4553 675 4608 cultu
720 4563 777 4608 et
827 4553 1175 4613 observantia
1247 4558 1474 4629 populi,
1543 4559 1839 4620 Publicola:
1925 4582 2015 4623 co-

2138 4553 2415 4646 ὶποχρίῦνί
2435 4581 2551 4648 ειμι
2569 4553 2905 4649 δικαστήςξ
2943 4582 3079 4651 περι
3106 4581 3177 4635 δὲ
3196 4579 3312 4634 τῶν
3337 4577 3535 4640 ἄλλων,
3549 4567 3638 4636 τοῖς

440 4652 799 4715 gnomentum
905 4644 1032 4702 fuit.
1121 4647 1457 4719 Tarquinius
1543 4654 1827 4723 desperata
1917 4673 2020 4729 per

439 4735 600 4806 335
631 4737 999 4806 proditionem
1033 4742 1180 4811 regni
1206 4741 1641 4812 recuperatione,
1671 4746 1738 4801 ad
1778 4747 2013 4820 Tyrrhe-

437 4843 542 4883 nos
569 4845 627 4884 se
655 4830 908 4886 contulit.
937 4833 984 4886 A
1018 4832 1220 4903 quibus
1250 4848 1374 4888 cum
1405 4837 1616 4907 magnis
1653 4840 1828 4909 copiis
1852 4843 2015 4899 redu-

437 4929 678 4985 ceretur,
733 4923 990 4978 consules
1032 4923 1087 4978 in
1139 4923 1314 4979 aciem
1367 4925 1646 4985 Romanos
1677 4933 2011 4993 eduxerunt.

435 5011 516 5066 Ac
552 5027 748 5084 pugna
771 5014 1044 5086 principio
1065 5015 1249 5071 Aruns
1277 5016 1560 5090 Tarquinii
1587 5022 1754 5089 filius,
1790 5035 1847 5081 et
1876 5027 2013 5083 Bru-

436 5111 526 5158 tus
559 5105 753 5160 consul
785 5105 1088 5174 llomanus,
1137 5108 1275 5165 adeo
1300 5109 1517 5170 infestis
1548 5117 1750 5174 animis
1780 5119 1925 5176 inter
1949 5135 2010 5178 se

433 5207 860 5262 concurrerunt,
892 5207 953 5255 ut
986 5210 1204 5269 neuter,
1252 5203 1382 5260 dum
1415 5205 1630 5265 hostem
1668 5213 2005 5284 vulneraret,

430 5289 518 5343 sni
555 5293 880 5363 protegendi
913 5295 1161 5362 corporis
1197 5311 1429 5364 memor,
1459 5311 1692 5374 uterque
1729 5304 1842 5361 ictu
1873 5323 2006 5364 con-

432 5379 606 5434 trario
646 5382 1086 5453 transfigeretur.
1141 5383 1271 5440 Acri
1322 5399 1445 5444 orto
1474 5395 1685 5462 proelio,
1734 5411 1792 5452 et
1818 5399 2008 5456 multis

433 5470 696 5542 utrinque
731 5471 908 5535 cmsis,
945 5470 1152 5528 incerta
1202 5475 1436 5534 victoria
1464 5479 1587 5538 fuit.
1625 5482 1742 5540 Sub
1782 5497 2002 5554 noctem

2119 4671 2398 4735 πολίταις
2416 4662 2755 4740 ἐλευθέροις
2781 4667 2924 4726 οὖσι
2952 4672 3064 4743 τῆς
3102 4675 3314 4743 ψήφου
3343 4663 3635 4740 παραφωρᾱ

2117 4761 2316 4832 Ψήψου
2338 4762 2517 4816 τοίνυν
2533 4762 2802 4835 δοθείσης,
2831 4764 3031 4829 πάντες
3055 4758 3636 4836 ὲπελεκίσθησαν.Ἠσαν

2115 4853 2172 4906 δὲ
2223 4853 2432 4906 τούτων
2459 4853 2604 4916 τινὲς
2631 4854 2708 4925 τῷ
2737 4855 3054 4927 Κολλατίνῳ
3087 4859 3465 4929 προσήκοντες,
3489 4853 3545 4906 δι’
3566 4849 3636 4910 οὓς

2121 4943 2216 4996 καὶ
2239 4943 2526 5014 ὠργίζετο.
2565 4946 2731 5000 Ὅθεν
2761 4947 2791 4999 ὁ
2815 4947 3055 5020 Βροῦτος
3078 4949 3224 5004 οὕτω
3248 4949 3366 5004 κατ’
3394 4945 3538 5003 αὑτοῦ
3569 4942 3635 4996 τὸν

2116 5039 2292 5110 δῆμον
2322 5040 2658 5110 παρώξυνεν,
2717 5043 2794 5107 ὡς
2853 5045 3056 5117 μικροῦ
3101 5046 3217 5101 δεῖν
3246 5046 3340 5100 καὶ
3373 5035 3634 5112 αὐτοχειρίᾳ

2115 5131 2279 5185 αὑτὸν
2301 5132 2512 5188 ἀνελεῖν
2531 5150 2547 5167 ο
2573 5134 2715 5190 ἀλλά
2733 5135 2895 5192 τοῦτο
2933 5139 3034 5208 μὲν
3059 5140 3161 5192 οὐκ
3195 5139 3464 5211 ἐποίησαν,
3487 5134 3570 5204 τὴν
3597 5131 3632 5184 δ’

2115 5225 2294 5296 ἀρχὴν
2319 5225 2639 5296 ἠνάγκασαν
2664 5232 2830 5286 αὐτὸν
2887 5233 3167 5290 ἀπειπεῖν.
3199 5233 3411 5288 Ετλοντο
3454 5228 3504 5282 δὲ
3545 5222 3631 5280 ἀντ’

2796 5309 3030 5381 Πόπλιον
3080 5325 3395 5396 Οὐαλέριον,
3445 5321 3497 5384 ὃς
3549 5318 3630 5371 Ilo-

3018 5421 3171 5491 δηλοῖ
3253 5417 3299 5474 δ’
3374 5417 3406 5488 ἡ
3479 5411 3629 5481 κλῆσις

3023 5552 3038 5577 ,
3121 5511 3154 5582 ἥ
3271 5503 3628 5582 Δημοτικώτα·

2113 5318 2327 5374 ἑκείνου
2372 5321 2716 5395 συνάρχοντα

2112 5410 2372 5477 πλικόλας
2447 5418 2884 5491 προσωνομάσθη
2912 5461 2929 5486 ,

2109 5502 2562 5577 έξελληνιζομὲνη
2666 5511 2963 5580 Δημοκηδῆ

1617 5674 1818 5740 Varia:
1863 5679 2169 5748 lectiones
2214 5695 2274 5751 et
2311 5697 2496 5754 notis.

497 5825 610 5898 (92)
639 5828 992 5902 Οὐΐνδίκιος.
1018 5836 1095 5895 ita
1124 5856 1269 5902 unus
1292 5862 1323 5904 e
1350 5849 1480 5919 Reg.
1517 5848 1586 5906 At
1614 5853 1752 5910 alter
1783 5867 1836 5912 ct
1872 5858 2029 5917 Colb.

2071 5859 2376 5927 Ίουνδὶκιος
2411 5865 2726 5934 przeferunt.
