3862 6542
190 362 282 429 581

1393 368 1600 431 ANNA
1613 369 1809 434 LIUM
1848 371 2000 434 LIB.
2031 373 2167 436 VII.

3315 388 3425 458 582

176 489 278 526 τον.
341 469 648 542 Ταρκύνιος
722 471 804 539 δὲ,
856 473 1132 544 ἀπογνοὺς
1206 475 1308 548 τὴν
1397 481 1465 534 ὲκ
1545 483 1713 554 προδο

1845 498 2119 542 concusso
2146 487 2296 552 luco,
2328 489 2481 561 juxta
2505 507 2668 562 quem
2701 507 2882 554 castra
2920 511 3080 558 erant
3104 505 3303 575 posita,
3335 510 3424 566 iu-

174 566 284 627 σίας
313 563 410 634 τῆς
445 563 726 633 βασιλείας
759 566 1054 638 ἀνάληψιν,
1090 569 1321 642 προσῄει
1361 573 1476 636 τοῖς
1513 574 1734 645 Τυρσηο

173 659 290 719 νοίς.
317 657 378 707 Οἱ
407 657 462 709 δὲ
496 656 730 728 δυνάμει
759 658 960 732 βαρείᾳ
991 662 1234 731 κατῆγον
1277 663 1464 722 αὐτόν.
1517 666 1734 734 Ἀντεξ-

171 753 290 820 ῆγον
325 749 378 803 δὲ
410 751 505 803 καὶ
537 754 666 816 τοὺς
707 753 1016 824 Ῥωμαίους
1044 757 1095 810 oi
1127 757 1348 815 ὕπατοι.
1395 760 1732 834 Ἀρχομένης

167 842 217 894 δὲ
243 841 333 910 sic
373 840 584 912 μάχης.
624 845 846 916 ’Δρρων
869 849 896 900 ό
929 848 1235 916 Ταρκυνίου
1260 854 1412 920 παῖς,
1436 855 1532 908 καὶ
1564 855 1734 926 Βροῦ-

165 949 244 996 eo;
263 934 289 985 ὁ
323 933 616 1002 Ῥωμαίων
644 935 872 1004 ὕπατος,
897 937 1153 1011 ἀλλήλοις
1180 945 1576 1014 περιπεσόντες
1600 949 1734 1018 ἐμά·

165 1041 304 1094 χοντο
325 1039 339 1054 ο
375 1028 469 1078 καὶ
494 1027 894 1099 ἀφειδήσαντες
929 1030 1037 1084 ὑπὸ
1065 1031 1240 1104 θυμοῦ
1273 1036 1488 1091 ἑαυτῶν
1523 1057 1731 1094 συναπε-

163 1115 355 1171 ίθανον.
387 1117 657 1190 Μεγάλης
681 1119 738 1173 δὲ
765 1121 867 1192 τῆς
893 1123 1081 1194 μάχης
1114 1128 1445 1199 γενομένης,
1477 1131 1574 1186 καὶ
1594 1133 1729 1188 πολ-

160 1205 256 1256 λῶν
287 1206 641 1279 ἑκατέρωθεν
669 1210 967 1278 πεσόντων,
1001 1213 1225 1284 ἄκριτος
1264 1211 1334 1288 ἦν
1365 1218 1400 1289 η
1430 1219 1578 1292 νίκη.
1615 1221 1728 1275 Nu-

161 1296 270 1359 κτὸς
294 1296 339 1348 δ’
359 1298 709 1371 ἐπελθούσης
738 1302 961 1372 λέγεται
989 1307 1273 1379 σεισθῆναι
1299 1309 1363 1363 τὸ
1397 1311 1561 1376 ἄλσος
1593 1315 1726 1387 παρ’

156 1381 196 1456 ᾧ
223 1391 766 1460 ἐστρατοπεδεύοντο,
814 1398 909 1450 καὶ
963 1399 1151 1470 φωνὴν
1205 1402 1466 1456 ἐκπεσεῖν
1511 1381 1724 1462 ἐκεῖθεν

159 1481 409 1552 μεγάλην.
443 1484 792 1552 φράζουσαν,
832 1488 916 1543 ἑνὶ
953 1491 1174 1558 πλείους
1215 1495 1469 1552 τεθνάναι
1506 1499 1725 1572 τυρρη-

156 1574 249 1627 νῶν
281 1575 312 1646 ἢ
349 1576 670 1647 Ῥωμαίων.
722 1579 875 1651 ’Ἅμα
919 1581 978 1636 δὲ
1017 1587 1084 1656 τῇ
1120 1590 1273 1658 φωνῇ
1315 1588 1582 1659 Ῥωμαῖοι
1620 1593 1721 1660 μὲν

155 1665 281 1734 μέγα
324 1669 419 1720 καὶ
453 1667 767 1740 θαρσαλέον
817 1671 1118 1744 ἠλάλαξαν.
1176 1677 1347 1732 Πτοία
1394 1679 1441 1732 δ’
1488 1681 1719 1736 ἐνέπεσε

155 1758 460 1829 Τυρρηνοῖς,
507 1761 611 1814 καὶ
653 1763 1052 1836 θορυϐηθέντες
1097 1767 1194 1822 τοῦ
1229 1772 1599 1842 στρατοπέδου
1635 1773 1722 1841 ἐξ·

152 1850 347 1905 ίπεσον.
374 1846 539 1906 Εἵλον
567 1853 669 1908 δὀί
691 1854 957 1927 Ῥωμαῖοι
984 1857 1167 1925 τοῦτο,
1202 1835 1715 1935 καὶ-διηρπάκασιν.
1752 1835 1796 1892 Β

167 1942 570 2014 Ἆριθμηθέντες
601 1945 661 2000 δὲ
690 1948 742 2001 ol
772 1950 960 2019 νεκροὶ
996 1951 1110 2004 τῶν
1152 1953 1212 2007 ὲν
1236 1955 1302 2025 τῇ
1337 1954 1488 2028 μάχῃ
1521 1956 1718 2011 θανόν-

153 2049 264 2098 των,
305 2035 618 2106 εὑρέθησαν
655 2041 706 2093 οἱ
752 2041 854 2111 μὲν
881 2043 990 2096 τῶν
1019 2043 1321 2116 Τυρρηνῶν
1363 2047 1458 2100 ἐπὶ
1496 2049 1719 2120 μυρίοις

155 2122 294 2193 χίλιοι
355 2127 450 2180 καὶ
504 2131 842 2200 τριακόσιοι,
895 2134 945 2186 ol
1003 2134 1061 2188 δὲ
1111 2120 1376 2207 Ῥωμαῖοι
1433 2138 1568 2211 παρ’
1617 2140 1718 2196 ἕνα

155 2216 397 2273 τοσοῦτοι.
435 2219 844 2293 Ἐθριάμϐευσε
890 2223 949 2278 δὲ
1028 2226 1324 2299 Οὐαλέριος
1372 2226 1716 2297 Ποπλικόλας

159 2304 346 2379 πρῶτος
379 2312 697 2369 ὑπατεύων.
747 2321 802 2371 ὐ
842 2316 899 2371 δὲ
941 2319 1250 2389 Ταρκύνιος
1301 2321 1445 2391 μετὰ
1477 2322 1578 2396 τὴν
1615 2341 1716 2395 με·

156 2401 305 2470 γάλην
340 2404 547 2478 μάχην,
587 2409 650 2461 ὲν
750 2410 960 2466 καὶτὸν
983 2413 1096 2466 υἱὸν
1117 2412 1361 2467 ἀπέϐαλε
1389 2416 1714 2488 μαχεσάμε-

157 2511 234 2547 νον
263 2495 502 2567 Βρούτεμ,
539 2504 881 2571 καταφυγὼν
925 2505 1007 2569 εἰς
1051 2504 1113 2557 τὸ
1163 2504 1452 2573 Κλούσιον,
1501 2508 1712 2564 ἱκέτευε

156 2585 351 2658 Λάρτην
393 2591 694 2661 Πορσίναν,
737 2594 910 2663 ἄνδρα
946 2596 1214 2668 μεγίστην
1253 2597 1447 2668 ἔχοντα
1477 2598 1712 2671 δύναμιν

157 2676 246 2730 τῶν
281 2672 556 2737 Ἰταλικῶν
581 2683 873 2754 βασιλέων.
902 2688 1014 2742 Καὶ
1040 2687 1098 2752 ὂς
1128 2689 1275 2760 αὑτῷ
1297 2690 1588 2764 βοηθήσειν
1610 2694 1714 2748 ὐπ-

155 2768 340 2840 ίσχετο.
373 2775 482 2828 Καὶ
516 2777 746 2847 πρῶτον
782 2778 884 2848 μὶν
924 2781 1170 2852 ἔπεμψεν
1204 2784 1286 2847 είς
1327 2785 1571 2858 Ῥώμην,
1614 2806 1712 2843 κε-

154 2857 302 2915 λεύων
332 2864 592 2937 δέχεσθαι
635 2869 726 2924 τὸν
754 2872 1080 2943 Ταρκύνιον.
1127 2875 1213 2941 Ὡς
1246 2877 1303 2930 ει
1333 2879 1432 2950 οὐχ
1465 2881 1707 2953 ὑπήκου-

158 2967 257 3018 σαν,
288 2955 512 3024 ἀφίκετο
555 2963 702 3031 μετὰ
747 2963 976 3036 βαρείας
1009 2966 1316 3037 δυνάμεως.
1369 2972 1712 3040 Ποπλικόλας

157 3044 202 3098 δὲ
229 3048 505 3122 Οὐαλέριος
529 3056 621 3118 si;
645 3057 824 3130 ἀρχὴν
849 3060 906 3112 τὸ
927 3058 1180 3131 δεύτερον
1201 3061 1464 3132 αἱρεθεὶς,
1489 3069 1582 3121 καὶ
1606 3069 1712 3139 μά·-

157 3154 240 3207 χην
260 3145 516 3215 συνάψας,
544 3150 650 3203 καὶ
669 3153 1121 3222 τραυματισθεὶς,
1141 3155 1382 3228 φοράδην
1401 3159 1502 3230 τῆς
1525 3162 1708 3234 μάχης
1733 3172 1778 3236 C

159 3231 476 3311 ὶξεκομίσθη.
518 3241 920 3314 Ἐπικειμένου
952 3246 1009 3300 δὲ
1035 3247 1130 3302 τοῦ
1160 3251 1401 3323 Πορσίνα
1427 3257 1493 3325 τῇ

159 3325 288 3396 λιμὸς
331 3331 533 3401 ἥπτετο
585 3335 698 3389 τῶν
742 3337 1055 3408 Ῥωμαίων,
1093 3341 1196 3394 Ἕκ
1237 3361 1380 3407 τινος
1411 3344 1467 3398 δὲ
1497 3347 1706 3417 συμϐε-

160 3417 373 3490 ϐηκότος,
404 3424 436 3495 ἢ
469 3425 684 3495 μᾶλλον
713 3429 780 3482 ἐκ
809 3432 1063 3501 προνοίας
1095 3435 1412 3504 γενομένου,
1447 3437 1475 3489 ὁ
1508 3438 1705 3508 Πορσί-

159 3525 236 3574 νας
267 3514 350 3566 τὸν
376 3516 513 3588 πρὸς
555 3517 870 3589 Ῥωμαίους
911 3522 1175 3577 κατέλυσε
1219 3525 1478 3598 πόλεμον.
1537 3529 1702 3602 Ἀνὴρ

159 3601 246 3672 γάρ
270 3621 346 3669 τις
377 3609 628 3676 Μούκιος
654 3612 883 3684 Κόρδος,
914 3616 994 3678 είς
1021 3619 1203 3687 πᾶσαν
1243 3619 1446 3690 ἀρετὴν
1472 3601 1701 3690 ἀγαθδξο

159 3691 206 3746 iv
227 3694 274 3748 δὲ
297 3701 404 3762 τοῖς
434 3703 763 3773 πολεμικοῖς
797 3705 1042 3777 ἄριστος,
1073 3709 1338 3774 Σκαιόλας
1354 3712 1454 3783 τὴν
1477 3713 1702 3784 ἐπίκλη-

161 3800 244 3852 σιν,
285 3789 311 3842 ὃ
339 3791 490 3863 δηλοῖ
529 3795 628 3849 τὸν
663 3799 978 3870 μονόχειρα,
1021 3800 1055 3871 ἢ
1089 3801 1165 3872 μὴ
1214 3803 1555 3876 άρτιόχειρα,
1605 3807 1701 3861 τὸν

159 3876 390 3948 Πορσίναν
429 3888 650 3941 ἀνελεῖν
699 3889 1156 3961 βουλευσάμενος,
1198 3893 1479 3963 παρῆλθεν
1522 3897 1602 3959 είς
1637 3895 1700 3950 τὸ

157 3970 332 4028 ἐκείνου
363 3981 758 4052 στρατόπεδον,
795 3983 1106 4056 Τυρσηνίδα
1129 3983 1312 4058 φορῶν
1345 3986 1571 4058 ἐσθῆτα,
1604 3987 1700 4042 καὶ

156 4063 287 4138 ὁμοίᾳ
308 4075 651 4145 κεχρημένος
678 4079 856 4146 φωνῇ.
881 4077 992 4130 Καὶ
1019 4077 1210 4148 σαφῶς
1246 4078 1347 4149 μὲν
1374 4078 1465 4133 τὸν
1493 4079 1699 4151 Πορσίο

157 4172 234 4210 ναν
257 4163 349 4216 οὐκ
377 4165 564 4232 εἰδὼς,
593 4166 826 4238 ’ἔρεσθαι
865 4167 924 4223 δὲ
957 4167 1166 4236 δεδιὼς,
1209 4170 1305 4224 τὸν
1353 4171 1698 4242 γραμματέα

155 4248 293 4304 αὑτοῦ
326 4257 747 4330 συγκαθήμενον
786 4259 958 4332 αὐτῷ,
991 4260 1087 4316 καὶ
1125 4261 1326 4332 ὁμοίως
1365 4261 1561 4333 ἔχοντα
1591 4262 1694 4333 τῆς

157 4342 337 4414 στολῆς,
366 4351 721 4420 σπασάμενος
749 4351 813 4405 τὸ
843 4352 999 4422 ξίφος
1029 4354 1340 4420 ἀπέκτεινε,
1367 4355 1462 4408 καὶ
1498 4355 1697 4426 συλληο

1833 595 1971 650 gens
1994 597 2101 638 vox
2146 584 2294 639 edita
2345 598 2450 652 est,
2495 605 2617 659 qua:
2649 591 2863 649 diceret
2921 612 3034 652 uno
3094 601 3220 670 plus
3253 605 3422 660 Etru-

1839 685 2064 726 scorum
2095 675 2362 731 cecidisse
2398 678 2451 732 in
2482 681 2622 743 acie,
2656 683 2880 740 vincere
2916 687 3064 742 bello
3081 689 3415 750 Romanum.

1823 762 2062 836 .Uuaque
2095 783 2222 822 cum
2251 785 2315 824 ea
2358 787 2492 828 voce
2521 773 2750 830 Romani
2796 793 2993 850 magno
3022 792 3076 838 ct
3119 784 3419 844 confidenti

1833 856 2077 915 clamore.
2113 862 2354 928 sublato,
2388 875 2654 921 terrorem
2702 871 3055 930 incusserunt
3089 875 3416 946 Tyrrhenis,

1833 959 1891 1004 ut
1925 966 2024 1019 per
2051 955 2348 1010 tumultum
2398 969 2574 1013 castra
2609 959 2952 1028 desererent,
2997 982 3120 1036 qua:
3149 983 3180 1023 a
3216 970 3418 1026 Roma-

1831 1043 1920 1096 nis
1937 1051 2098 1113 capta
2127 1053 2183 1100 ct
2206 1047 2430 1118 direpta
2463 1060 2615 1106 sunt.
2644 1051 2960 1111 Numeratis
2995 1058 3414 1117 interfectorum

1831 1134 2238 1202 cadaveribus,
2299 1141 2716 1212 Tyrrhenorum
2789 1163 2842 1203 ιι
2907 1151 3074 1205 millia
3139 1168 3232 1209 ccc
3286 1167 3418 1210 sunt

1829 1236 2072 1298 reperta,
2112 1230 2484 1290 Romanorum
2529 1253 2640 1292 uno
2668 1238 2855 1295 minus
2881 1243 3127 1299 totidem.
3166 1247 3416 1306 Valerius

1828 1321 2112 1378 Publicola
2148 1325 2363 1394 primus
2398 1329 2453 1382 in
2497 1331 2788 1387 consulatu
2841 1335 3221 1406 triumphavit.
3273 1342 3411 1398 Tar-

1828 1412 2056 1482 quinius
2079 1423 2204 1485 post
2232 1433 2482 1488 magnam
2515 1420 2664 1475 illam
2717 1439 2978 1494 pugnam,
3017 1429 3071 1482 in
3100 1447 3208 1500 qua
3238 1431 3412 1489 filium

1827 1517 2050 1574 quoque
2094 1506 2380 1571 amiserat,
2429 1525 2461 1564 a
2513 1510 2686 1567 Bruto
2739 1514 3112 1585 interfectum,
3162 1523 3409 1580 Clusium

1825 1596 2056 1665 supplex
2083 1599 2330 1667 confugit
2355 1601 2424 1655 ad
2462 1601 2684 1659 Lartem
2729 1606 3059 1676 Porsenam,
3092 1612 3409 1671 Italicorum

1824 1699 2014 1755 regum
2048 1689 2496 1757 potentissimum
2522 1694 2673 1763 :qui,
2698 1697 2920 1764 auxiliis
2944 1701 3252 1770 promissis,
3280 1720 3406 1761 cum

1825 1775 2066 1846 primum
2107 1794 2211 1850 per
2258 1781 2464 1853 legatos
2509 1801 2541 1840 a
2587 1787 2873 1857 Romanis,
2934 1801 2996 1846 ut
3043 1793 3406 1865 Tarquinium

1822 1868 2158 1940 reciperent,
2183 1887 2295 1928 non
2319 1874 2690 1945 impetrasset,
2716 1895 2840 1936 cum
2861 1897 3059 1952 magno
3079 1887 3231 1941 venit
3248 1904 3409 1945 exer-

1817 1961 1960 2017 citu.
1991 1963 2245 2021 Valerius
2277 1966 2556 2024 Publicola
2583 1969 2766 2028 denuo
2790 1975 2984 2030 consul
3011 1987 3253 2044 creatus,
3279 1982 3405 2038 vqu

1818 2052 2048 2111 neribus
2084 2057 2350 2126 acceptis,
2379 2059 2574 2115 lectica
2605 2077 2673 2117 ex
2706 2079 2888 2134 pugna
2917 2066 3097 2124 elatus
3129 2079 3236 2146 est.
3268 2070 3406 2138 Por-

1816 2158 1950 2199 sena
1978 2144 2172 2200 urbem
2227 2159 2536 2217 premente,
2583 2149 2859 2210 Romanos
2894 2173 3128 2215 annona:
3166 2144 3403 2231 penuria

1814 2234 2051 2295 afﬂixit:
2081 2238 2178 2294 sed
2205 2254 2336 2296 casu
2361 2242 2624 2311 quodam,
2652 2260 2717 2300 ac
2739 2247 2926 2316 potius
2953 2249 3143 2306 divino
3163 2256 3398 2318 consilio

1815 2325 2024 2382 factum
2049 2338 2154 2397 est,
2183 2339 2246 2386 ut
2273 2331 2514 2388 Porsena
2543 2335 2748 2392 bellum
2772 2339 3078 2397 omitteret.
3107 2344 3244 2400 Nam
3272 2350 3401 2418 qui-

1813 2417 1942 2474 dam
1986 2418 2194 2477 Mutius
2239 2421 2474 2490 Cordus,
2528 2441 2655 2482 cmn
2685 2429 2836 2484 omni
2862 2431 3070 2489 virtute
3106 2417 3398 2506 praestans,

1817 2517 1936 2566 tum
1983 2511 2210 2568 militari
2261 2513 2592 2574 fortitudine
2630 2523 3142 2592 praestantissimus,
3193 2543 3402 2600 cogite-

1815 2611 2006 2660 mento
2031 2604 2294 2672 Scaevola,
2321 2606 2612 2680 Tyrrheno
2633 2611 2848 2679 habitu,
2884 2608 3196 2674 sermonem
3226 2622 3398 2680 etiam

1815 2691 2228 2765 Tyrrhenorum
2274 2694 2522 2764 imitans,
2564 2699 2810 2756 hostium
2857 2713 3038 2760 castra
3095 2707 3398 2780 ingressus,

1815 2798 1940 2840 cum
1970 2785 2269 2843 Porsenam
2305 2803 2417 2846 non
2446 2790 2583 2851 satis
2609 2802 2820 2859 nosset,
2861 2811 2964 2851 nec
2993 2813 3193 2868 rogare
3225 2801 3398 2858 aude-

1813 2885 1941 2944 ret,
2000 2879 2242 2936 scribam
2283 2895 2412 2937 cum
2471 2897 2598 2954 rege
2656 2885 2942 2943 sedentem
2993 2891 3112 2958 pari
3167 2905 3394 2961 ornatu,

1812 2968 2008 3026 stricto
2037 2985 2173 3028 ense
2205 2973 2508 3032 interfecit.
2551 2975 3019 3050 Comprehensus,
3055 2999 3182 3040 cum
3214 2987 3393 3042 inter-

1811 3069 2127 3129 rogaretur,
2183 3063 2378 3120 dextra
2423 3081 2656 3125 accenso
2696 3070 2766 3125 ad
2817 3074 3152 3131 sacriﬁcium
3208 3077 3394 3135 foculo

1813 3147 2040 3221 injecta,
2085 3151 2310 3210 interim
2345 3155 2476 3211 dum
2509 3174 2643 3214 caro
2690 3163 2893 3228 uritur,
2927 3164 3204 3237 intrepido
3232 3169 3391 3226 vultu

1810 3240 2110 3298 Porsenam
2162 3246 2384 3305 intuens
2415 3250 2590 3305 astitit
2627 3254 2796 3321 (unde
2825 3271 2856 3310 a
2903 3257 3057 3313 clade
3087 3275 3305 3329 manus,
3335 3263 3391 3318 id

1807 3333 1860 3389 ei
1913 3347 2342 3403 cognomentum
2389 3349 2475 3396 est
2501 3341 2790 3408 inditum),
2843 3345 3020 3403 donec
3077 3364 3204 3405 eum
3268 3368 3390 3424 rex,

1805 3441 1982 3498 prope
2039 3429 2308 3486 attonitus
2360 3432 2676 3500 miraculo,
2740 3437 2973 3493 dimisit.
3027 3440 3194 3512 336
3247 3443 3387 3500 Tum

1805 3533 1939 3574 vero
1990 3519 2206 3580 hostem
2236 3523 2344 3578 alio
2373 3525 2539 3582 modo
2574 3527 2787 3593 fefellit,
2823 3529 2914 3586 his
2945 3532 3133 3588 verbis
3177 3552 3191 3588 :
3241 3533 3391 3592 Victo

1805 3609 1885 3664 tui
1928 3621 2094 3680 metu,
2143 3615 2327 3668 virtuti
2385 3623 2492 3672 tum
2533 3617 2809 3683 succubui,
2849 3637 2913 3675 ac
2945 3621 3191 3692 beneﬁcio
3225 3643 3258 3679 a
3307 3644 3388 3684 me

1803 3704 1963 3774 feres,
2000 3709 2138 3774 quod
2176 3710 2334 3764 minis
2379 3711 2733 3782 nequioisscs;
2771 3729 2864 3771 ccc
2919 3715 3166 3782 Romani,
3201 3720 3386 3776 iisdem

1801 3797 2015 3866 praditi
2078 3800 2312 3866 animis,
2371 3801 2426 3856 in
2479 3803 2672 3858 castris
2729 3807 2833 3858 tuis
2889 3817 3204 3866 versantur:
3269 3828 3386 3864 meo

1801 3890 1973 3958 prima
2006 3907 2122 3945 sors
2167 3891 2294 3961 fuit.
2340 3893 2520 3965 Neque
2555 3893 2786 3966 fortuna:
2829 3914 3122 3961 succenseo.
3175 3903 3316 3972 quod
3349 3919 3384 3958 α

1802 3981 1946 4036 bono.
1975 3983 2090 4037 viro
2125 3983 2443 4050 aberrarim,
2487 3986 2727 4058 digniora
2777 3991 2868 4060 qui
2922 3990 3284 4055 Romanorum
3311 3997 3381 4048 sit

1801 4074 2024 4141 amicus,
2061 4092 2224 4147 quam
2254 4079 2441 4132 hostis.
2473 4077 2551 4133 Ex
2581 4095 2646 4135 eo
2693 4081 2932 4138 Porsena
2961 4087 3286 4154 propensior
3313 4087 3381 4142 ad

1799 4167 1955 4239 pacis
1993 4168 2339 4224 conditiones
2379 4170 2577 4225 evasit.
2631 4170 2912 4228 Publicola
2955 4188 3088 4229 vero
3123 4183 3233 4228 tttm
3264 4185 3381 4231 ter-

1801 4262 1936 4318 tium
1969 4262 2163 4317 consul
2221 4261 2580 4332 Tarquinium
2624 4263 2860 4320 subinde
2892 4264 2961 4318 ad
3001 4265 3090 4336 jus
3125 4265 3378 4322 vocavit:

1798 4363 1860 4409 ut
1903 4355 2023 4426 ejus
2053 4353 2404 4424 improbitate
2433 4355 2732 4419 declarata,
2768 4356 2856 4412 vel
2886 4358 3128 4414 Porsena
3164 4356 3379 4428 judice,

157 4431 282 4498 φθεὶς
313 4441 650 4514 ἀνεκρίνετο.
695 4445 1008 4516 Ἐσχαρίδος
1055 4445 1113 4499 δὲ
1151 4463 1296 4510 τινος
1329 4447 1408 4516 τῷ
1454 4446 1693 4518 Πορσίνᾳ

1822 4443 2102 4498 ustissimo
2131 4441 2326 4500 exsilio
2356 4445 2623 4500 multatus
2649 4445 3077 4502 existimaretur.
3113 4447 3218 4504 Sed
3251 4464 3377 4502 cum

158 4526 370 4592 μέλλοντι
424 4513 579 4591 θύειν
632 4537 754 4592 τότε
792 4513 1246 4610 κεκοσμημένης,
1291 4513 1546 4610 ὑποσχὼν
1724 4513 1767 4568 δ

155 4621 285 4686 χεῖρα
311 4631 607 4699 καιομένης
636 4630 736 4700 τῆς
759 4631 963 4702 σαρκὸς
985 4631 1254 4700 εἱστήκει.
1289 4634 1423 4702 πρὸς
1443 4633 1536 4686 τὸν
1561 4634 1694 4703 Πορ-

158 4710 282 4765 σίναν
303 4718 627 4775 άποσλέπων
659 4722 918 4794 ἀτρέπτῳ
947 4722 1243 4794 προσώπῳ.
1264 4722 1386 4777 ὅθεν
1415 4722 1565 4793 αὖτῷ
1588 4723 1691 4793 τῆς

157 4805 305 4873 χειρὸς
351 4811 656 4884 φθαρείσης
701 4815 920 4882 ἐγένετο
946 4815 981 4886 η
1012 4815 1324 4882 ἐπίκλησις,
1362 4815 1526 4886 μέχρι
1554 4816 1688 4870 θαυ-

1799 4534 2136 4606 Tarquinius
2162 4534 2556 4606 respondisset,
2597 4552 2657 4594 se
2706 4538 3004 4594 Porsenam
3041 4554 3152 4594 non
3181 4540 3382 4596 admit-

1799 4635 1916 4683 tere
1944 4625 2240 4694 arbitrum,
2291 4627 2340 4682 si
2366 4627 2495 4683 belli
2528 4628 2716 4684 socius
2743 4644 2866 4686 esse
2910 4629 3208 4692 desineret,
3242 4631 3382 4687 Por-

1797 4735 1930 4776 sena
1964 4734 2132 4776 causa
2162 4721 2283 4792 ejus
2311 4721 2643 4792 improbata,
2683 4721 2888 4778 bellum
2934 4722 3209 4794 deposuit.
3243 4725 3382 4782 Tar-

1797 4809 1978 4885 quinii
2026 4827 2160 4869 vero
2209 4820 2338 4884 post
2384 4813 2553 4870 etiam
2598 4814 2819 4870 auxiliis
2850 4814 3212 4872 finitimarum
3244 4833 3382 4889 gen-

157 4891 307 4963 μάσας
337 4904 542 4970 ἐκεῖνος
564 4908 780 4978 ἀφῆκεν
801 4907 988 4962 αὐτόν.
1026 4907 1086 4961 '0
1117 4907 1175 4961 δὲ
1203 4908 1470 4970 Σκαιόλας
1500 4907 1691 4978 ἕτερον

1816 4905 1952 4968 ium,
1983 4920 2214 4975 regnum
2246 4920 2392 4976 saepe
2447 4920 2778 4976 recuperare
2823 4907 3030 4974 conati,
3083 4923 3280 4966 omnes
3319 4912 3375 4968 in

156 4992 323 5059 τρόπον
349 5000 640 5071 ἐσοφίσατο
669 5001 764 5056 τὸν
793 5001 1008 5074 ἐχθρὸν,
1037 5004 1131 5055 καὶ
1155 4997 1279 5056 εἷπε
1305 5017 1319 5030 ·
1355 5002 1466 5056 Τὸν
1502 5003 1693 5071 φόϐον

1813 4997 1996 5052 »τπιὶίε
2023 4996 2448 5052 occubuerunt:
2493 5007 2692 5067 praeter
2714 5013 2928 5068 senem,
2958 5001 3056 5073 qui
3086 5001 3376 5075 Superbus

158 5095 269 5146 σου,
300 5089 578 5156 Πορσίνα.
598 5091 955 5160 νενικηκὼς,
983 5090 1240 5161 ἢττημαί
1272 5106 1390 5145 σου
1420 5090 1531 5160 τῆς
1559 5091 1692 5160 ἁρε-

1787 5088 2094 5144 dicebatur.
2142 5087 2248 5144 Sed
2276 5096 2332 5144 et
2360 5087 2450 5144 ille
2489 5089 2710 5147 tandem
2742 5091 2934 5150 Cumis
2964 5095 3112 5166 apud
3159 5094 3368 5167 Opicos

157 5169 260 5239 τῆς.
288 5182 378 5235 καὶ
411 5183 604 5255 χάριτι
639 5187 870 5257 μηνύω,
906 5183 946 5238 d
986 5183 1138 5252 πρὸς
1172 5181 1448 5252 ἀνάγκην
1475 5182 1588 5237 οὐκ
1613 5179 1691 5237 ἂν

161 5263 239 5290 ac;
298 5276 309 5290 .
570 5287 609 5290 _
766 5284 778 5290 -
955 5277 1019 5290 ._
1161 5281 1172 5290 .
1371 5278 1384 5290 .
1545 5279 1558 5290 .
1617 5278 1630 5290 .

1813 5183 1974 5238 periit.

158 5263 510 5343 δξηγόρευσα.
566 5284 902 5351 Τριακόσιοι
955 5277 1259 5350 Ῥωμαίων
1324 5278 1442 5346 τὴν
1489 5278 1689 5344 αὐτὴν
1727 5277 1858 5348 ἐμοὶ
1883 5278 2128 5390 mban
2183 5278 2670 5388 hance-ereti)
2691 5282 3078 5390 στρατοπέδῳ
3102 5297 3220 5390 σηυ
3238 5281 3369 5390 ςαξ-

160 5365 448 5439 τρίόουσιν,
479 5370 566 5430 ὧν
612 5374 728 5445 ἐγὼ
774 5373 1284 5443 προεπιχειρήσας
1334 5371 1538 5438 κλήρῳ
1601 5369 1830 5440 λαχὼν,
1899 5372 2013 5425 οὐκ
2088 5369 2346 5440 ἄχθομαι
2399 5369 2475 5439 τῇ
2521 5373 2698 5441 τύχῃ,
2737 5373 3074 5442 διαμαρτὼν
3148 5371 3370 5440 ἀνδρὸς

157 5453 346 5523 ἀῒαθοῦ
378 5466 472 5520 καὶ
504 5469 689 5536 φίλου
713 5468 954 5538 μᾶλλον
978 5466 1016 5533 ἣ
1044 5465 1338 5534 πολεμίου
1371 5462 1683 5533 Ῥωμαίοις
1721 5459 1876 5519 εἶναι
1933 5462 2374 5545 προσήκοντος.
2441 5463 2725 5520 Ἐντεῦθεν
2749 5467 2778 5518 ὸ
2805 5466 3077 5537 Πορσίνας
3105 5465 3244 5537 πρὸς
3267 5465 3369 5528 τὰς

163 5552 418 5624 συἃιιδέισεις
449 5563 667 5631 ἐγένετο
698 5561 1134 5632 προθυμότερος.
1179 5558 1242 5612 '0
1299 5557 1356 5610 δὲ
1418 5555 1758 5621 Ποπλικόλας

1798 5557 1858 5610 τὸ
1895 5557 2080 5628 τρίτον
2114 5555 2402 5610 ὐπατεύων
2435 5558 2580 5623 τότε,
2607 5557 2967 5630 προύκαλεῖτο
3001 5558 3246 5628 συνεχῶς
3275 5555 3369 5612 τὸν

162 5638 425 5713 Ταρκύνιον
475 5655 568 5708 ἐπὶ
612 5653 758 5724 δίκῃ,
813 5653 891 5716 ὡς
931 5649 1232 5720 ἐξελέγξων
1272 5648 1558 5715 κάκιστον,
1627 5649 1722 5702 καὶ
1761 5649 2161 5703 ἐκπεπτωκότα
2224 5651 2322 5720 τῆς
2354 5647 2922 5755 ἀρχῆςιὲνδικιῦτατα,
2962 5647 3058 5701 τοῦ
3097 5650 3367 5755 Πορσίνου

164 5730 452 5809 δικάζοντος.
484 5745 949 5818 ’Δποκριναμένου
991 5745 1048 5799 δὲ
1098 5744 1430 5817 Ταρκυνίου,
1483 5743 1558 5814 μὴ
1630 5743 1909 5813 αἱρεῖσθαι
1974 5744 2248 5814 Πορσίναν
2317 5745 2629 5816 διαιτητὴν,
2688 5745 2736 5797 εί
2776 5745 3066 5814 σύμμαχος
3091 5741 3168 5798 ὢν
3197 5762 3366 5815 μετα-

167 5821 403 5892 θάλλεται.
431 5839 748 5908 Καταγνοὺς
769 5841 798 5893 ὸ
826 5836 1116 5911 Πορσίνας,
1148 5835 1237 5893 τδν
1280 5836 1520 5909 πόλεμον
1577 5835 1934 5893 κατελύσατο.
1987 5838 2096 5892 Καὶ
2129 5836 2268 5908 μετὰ
2288 5838 2467 5894 ταῦτα
2496 5837 2554 5892 δὲ
2618 5836 2880 5901 πολλάκις
2945 5839 3046 5908 μὲν
3075 5838 3367 5912 ἐπεχείρη-
