3862 6584
179 416 269 481 585

1389 401 1796 466 ANNALIUM
1840 398 1984 462 LIB.
2033 400 2161 461 VII.

3294 407 3402 472 586

179 479 412 582 Κλαύδιον
447 515 958 589 προσγραψάμενος.
999 513 1168 567 Ὅθεν
1217 513 1518 584 ἐμφρόνως
1558 513 1710 580 πηλι-

1825 508 1973 571 abiit,
2007 507 2245 578 publicis
2293 505 2609 577 sumptibus
2643 509 2842 576 elatus,
2900 525 3086 565 annuo
3117 519 3400 566 matrona.-

174 620 430 688 τευὸμενος
458 613 755 684 ἀνέδραμεν
784 611 864 674 είς
893 609 953 663 τὸ
982 608 1200 679 πρῶτον
1231 607 1474 678 ἀξίωμα,
1505 607 1600 660 καὶ
1622 604 1711 674 γέ-

176 730 249 776 νος
278 710 405 782 μέγα
430 707 490 759 τὸ
515 703 796 758 Κλαυδίων
823 700 1116 756 κατέλιπεν
1143 699 1239 753 ἐπὶ
1261 700 1516 752 πλεῖστον
1545 697 1714 766 ἀνθῆ-

175 824 277 865 σαν,
325 801 414 854 καὶ
453 793 836 870 προεληλυθὼς
887 796 966 858 είς
1000 793 1162 865 δόξης
1206 795 1508 866 ἀκρότητα.
1553 795 1617 849 Ol
1655 793 1712 848 δὲ

174 897 378 960 Σιϐἰνοι,
403 893 495 946 καὶ
525 891 682 944 τοῦτο
709 888 806 942 τοῦ
834 888 1078 958 πολέμου
1110 889 1472 958 ποιησάμενοι
1501 887 1712 959 πρόφα-

175 1005 261 1049 σιν,
285 981 482 1055 στρατῷ
506 979 730 1051 μεγάλῳ
747 978 891 1034 κατά
912 979 1013 1050 τῆς
1039 976 1263 1049 Ῥώμης
1285 978 1568 1047 ἐπήλασαν
1587 991 1601 1006 °
1627 972 1710 1041 οἷς

172 1081 277 1143 τοὺς
308 1075 605 1145 Ῥωμαίους
661 1074 692 1127 ὁ
743 1071 1086 1134 Ποπλικόλας
1141 1071 1564 1140 ἀντεπαγαγὼν,
1615 1069 1741 1125 καὶῗ

174 1171 527 1245 στρατηγήσας
558 1166 632 1230 ὼς
670 1166 895 1237 ἄριστα,
938 1163 1140 1235 μικροῦ
1176 1163 1388 1227 πάντας
1431 1163 1708 1228 ἀπώλεσε,

172 1268 247 1320 καὶ
271 1263 354 1316 τὸν
376 1261 542 1332 δῆμον
570 1261 634 1312 ὲκ
655 1257 766 1311 τῶν
802 1256 1064 1329 λαφύρων
1086 1257 1182 1311 καὶ
1207 1256 1320 1310 τῶν
1347 1257 1714 1327 αἰχμαλώτων

166 1356 434 1426 ὼερέλησεν.
477 1349 730 1420 ’Δγαγὼν
773 1350 819 1403 δ’
866 1352 961 1406 ἐπὶ
1009 1352 1077 1421 τῇ
1113 1351 1238 1422 νίκῃ
1289 1349 1580 1422 θρίαμϐον,
1617 1351 1714 1404 καὶ

169 1451 261 1510 τοῖς
289 1444 397 1514 μετ’
427 1442 593 1496 αὐτὸν
622 1441 854 1505 ὑπάτοις
887 1441 1168 1513 παραδοὺς
1204 1441 1304 1512 τὴν
1335 1441 1512 1505 πόλιν,
1551 1440 1713 1504 εὐθὺς

169 1535 476 1604 ἐτελεύτησε.
504 1532 747 1603 δημοσίᾳ
778 1533 996 1601 ταφεὶς,
1029 1533 1128 1586 καὶ
1154 1531 1447 1606 θρηνηθεὶς
1473 1533 1560 1602 ἐφ’
1593 1532 1713 1586 ὅλον

167 1627 400 1682 ἐνιαυτόν.
454 1627 516 1678 Οί
565 1626 752 1695 μέντοι
805 1624 1027 1679 Σαϐῖνοι
1059 1625 1130 1679 δι’
1159 1623 1329 1695 ὀργὴν
1377 1618 1454 1678 ὧν
1485 1622 1714 1685 ἔπαθον.

166 1720 266 1775 οὐδὲ
313 1719 400 1772 τὸν
457 1717 705 1788 χειμῶνα
754 1717 1069 1789 ἠρέμησαν,
1121 1716 1259 1773 ἀλλά
1297 1716 1398 1789 τὴν
1436 1716 1714 1784 Ῥωμαῖδα

169 1815 324 1884 χώραν
364 1811 734 1881 κατέδραμον,
771 1811 870 1865 καὶ
911 1811 1006 1864 τὸν
1037 1810 1380 1882 Ποστούμιον
1423 1811 1714 1888 ἐκάκωσαν

169 1907 217 1964 τό
232 1905 464 1976 δεύτερον
488 1902 835 1961 ὑπατεύοντα
861 1921 875 1936 ·
908 1903 1004 1957 καὶ⁸
1032 1898 1180 1959 εἷλον
1211 1905 1280 1958 ἂν
1303 1905 1468 1960 αὐτὸν
1497 1923 1713 1960 πανσυ-

166 2001 225 2064 δι,
247 2001 289 2054 εί
319 2000 390 2071 μὴ
414 2001 688 2072 Μενήνιος
729 1998 1044 2071 Ἀγρίππας
1068 2000 1096 2052 ὁ
1126 1999 1412 2071 συνάρχων
1442 2001 1592 2071 αύτῷ
1617 2003 1716 2054 ὲπ-

169 2087 423 2158 εκούρησε.
467 2088 882 2158 ιιροσπεσόντες
923 2089 981 2142 δὲ
1022 2090 1228 2154 αὐτοῖς,
1271 2089 1504 2153 πολλοὺς
1529 2090 1713 2161 ἔφθει-

173 2198 270 2250 ραν,
297 2180 428 2233 ὥστε
461 2181 589 2244 τοὺς
620 2180 848 2245 λοιποὺς
867 2181 1243 2254 ἀναχωρῆσαι.
1273 2183 1431 2238 Μετὰ
1456 2183 1513 2237 δὲ
1542 2183 1718 2238 ταῦτα

170 2271 405 2342 Σπούριός
451 2289 510 2326 τε
557 2273 807 2336 Κάσσιος
855 2273 952 2328 καὶ
1014 2274 1341 2347 Ὀπιτώριος
1399 2277 1718 2346 Οὑεργίνιος

170 2363 497 2428 ὑπατεύοντες
521 2366 643 2429 τοῖς
668 2365 922 2430 Σαϐίνοις
947 2367 1290 2423 ἐσπείσαντο.
1319 2370 1477 2439 Κ-αμε
1488 2373 1632 2435 ρῖνον
1661 2369 1718 2425 δὲ

168 2455 218 2508 τὸ
243 2455 364 2510 ἄστυ
392 2456 637 2520 ἑλόντες,
659 2459 788 2521 τοὺς
821 2459 919 2528 μὲν
951 2458 1176 2521 πλείους
1205 2464 1560 2530 ἀπέκτειναν,
1589 2465 1718 2528 τοὺς

167 2548 212 2608 δὲ
241 2548 440 2612 λοιποὺς
483 2548 884 2620 ζωγρήσαντες
931 2551 1216 2617 ἀπέδοντο,
1271 2556 1365 2609 καὶ
1414 2557 1512 2625 τὴν
1563 2555 1721 2610 πόλιν

169 2639 503 2710 κατέσκαψαν.
532 2643 880 2712 Ποστούμιος
903 2641 961 2694 δὲ
991 2643 1253 2714 Κομίνιος
1275 2645 1371 2699 καὶ
1395 2646 1554 2710 Τῖτος
1577 2648 1722 2721 Λάρ-

170 2749 264 2793 κιος
300 2731 510 2797 δούλους
540 2731 704 2798 τινάς
736 2733 832 2786 ἐπὶ
861 2734 1170 2805 καταλήψει
1220 2734 1318 2788 τοῦ
1362 2738 1717 2792 Καπιτωλίου

169 2823 472 2892 συνωμοσίαν
523 2823 796 2895 θεμένους
853 2825 1234 2892 συλλαϐόντες,
1280 2825 1566 2901 έφθειραν.
1623 2831 1722 2884 Σε-

168 2912 317 2980 ρούϊος
346 2930 402 2965 τε
432 2913 766 2978 Σουλπίκιος
807 2915 905 2968 καὶ
954 2915 1185 2986 Μάρκος
1225 2915 1484 2980 Τούλλιος
1524 2916 1720 2984 ἑτέραν

169 3000 296 3068 αὖθις
340 3005 695 3077 συνωμοσίαν
750 3004 993 3072 δούλων,
1047 3007 1145 3061 καὶ
1194 3006 1376 3062 ἄλλων
1427 3007 1495 3079 δη
1553 3024 1721 3062 τινων

172 3096 442 3152 συστάντων
489 3098 688 3161 αὐτοῖς
739 3096 1176 3170 προκατέλαϐον,
1208 3097 1573 3166 ἀγγελθεϊσαν
1620 3098 1720 3152 αύ-

170 3191 258 3254 mei;
287 3192 411 3262 πρός
438 3207 610 3246 τινων
637 3190 746 3244 τῶν
783 3189 885 3261 τῆς
909 3189 1205 3260 ἐπιϐουλῆς
1236 3191 1596 3262 μετεχόντων,
1625 3190 1720 3254 οὓς

172 3285 244 3337 καὶ
274 3284 554 3355 συσχόντες
595 3283 927 3354 περισταδὸν
953 3282 1290 3353 κατέκοψαν,
1316 3285 1431 3350 τοῖς
1456 3283 1516 3338 δὲ
1547 3302 1719 3355 μηνυ-

171 3377 263 3437 ταῖς
287 3374 409 3432 ἄλλα
445 3393 504 3428 τε
543 3375 649 3428 καὶ
677 3374 930 3429 πολιτεία
964 3375 1146 3446 ἐδόθη.
1182 3371 1353 3440 Αὖθις
1381 3377 1438 3430 δὲ
1479 3377 1720 3446 πολέμου

173 3469 292 3538 παρά
313 3468 550 3523 Λατίνων
592 3469 738 3522 κατά
769 3467 992 3540 Ῥώμης
1031 3469 1422 3540 κεκινημένου,
1465 3468 1566 3524 οὐκ
1594 3469 1723 3540 ἢθε-

171 3557 243 3614 ὶον
259 3562 301 3612 al
329 3561 509 3616 nono}.
549 3559 630 3614 τὰ
665 3561 805 3615 ὅπλα
839 3561 1051 3625 λαϐεῖν,
1078 3562 1370 3632 ἀποκοπὴν
1396 3561 1506 3616 τῶν
1541 3561 1722 3633 χρεῶν

171 3651 410 3719 ἀξιοῦντες
437 3656 706 3726 γενέσθαι
737 3657 836 3712 καὶ
863 3655 954 3710 διὰ
984 3655 1146 3710 τοῦτο
1173 3657 1372 3726 καινήν
1397 3673 1521 3716 τινα
1547 3656 1724 3726 ἀρχὴν

173 3743 240 3796 ἐπ’
269 3747 602 3820 ἀμφοτέροις
629 3749 816 3812 αὐτοῖς
849 3747 978 3801 τότε
1015 3746 1234 3818 πρῶτον
1275 3747 1328 3799 ol
1349 3745 1571 3801 δυνατοὶ
1594 3763 1726 3800 κατ-

173 3843 446 3912 εστήσαντο·
482 3842 770 3913 δικτάτωρ
798 3843 828 3898 ό
850 3843 1054 3913 ταύτης
1083 3842 1392 3913 ἠξιωμένος
1409 3841 1723 3912 ὠνόμαστοο

172 3932 366 4001 ἠδύνατο
403 3937 461 3991 δὲ
507 3937 574 4002 ἐξ
613 3937 729 3990 ίσου
769 3935 954 3989 πάντα
990 3935 1105 3999 τοῖς
1135 3933 1440 4005 βασιλεῦσι.
1478 3933 1592 4006 Τὴν
1625 3931 1726 4004 μὲν

173 4023 260 4096 γὰρ
285 4026 370 4081 τοῦ
403 4027 680 4099 βασιλέως
711 4027 1035 4098 ἐπωνυμίαν
1074 4026 1164 4081 διὰ
1202 4030 1330 4091 τοὺς
1361 4027 1725 4098 Ταρκυνίους,

171 4115 405 4185 ἐμίσησαν
439 4135 454 4150 ⁸
477 4118 586 4190 τὴν
611 4118 660 4171 δ“
685 4119 750 4171 ἐκ
771 4116 877 4188 τῆς
905 4117 1208 4188 μοναρχίας
1234 4116 1505 4186 ὠφέλειαν
1541 4116 1726 4172 θέλονο

173 4219 262 4269 τις,
285 4207 356 4272 ὼς
382 4209 516 4264 πολὺ
543 4209 847 4280 ίσχυούσης
873 4210 932 4271 ές
961 4204 1062 4273 τὰς
1085 4207 1194 4262 τῶν
1217 4209 1475 4280 πολέμων
1501 4211 1596 4264 καὶ
1617 4211 1728 4265 τῶν

1745 1879 1786 1932 Β

1747 3253 1790 3313 ο

1816 617 1940 656 rum
1975 602 2148 656 luctu.
2176 599 2449 656 Caeterum
2476 599 2666 657 Sabini
2697 617 2764 657 ex
2799 600 2994 657 dolore
3023 612 3263 672 accepta:
3287 603 3402 658 cla-

1814 695 1922 758 dis,
1959 710 2027 750 ne
2063 693 2299 750 hiberno
2333 693 2556 764 quidem
2606 703 2855 764 tempore
2889 695 3245 764 quieverunt,
3301 697 3403 752 sed

1817 788 2133 845 incursione
2165 789 2218 844 in
2242 788 2554 846 Romanum
2581 803 2775 859 agrum
2799 788 2964 854 laeta,
2990 787 3400 853 Postbuminm,

1814 880 2018 938 iterum
2050 881 2358 946 consulem,
2403 881 2757 946 alilixerunt;
2793 897 3033 952 eumque
3065 896 3191 937 cum
3235 895 3400 936 exer-

1813 977 1925 1031 citu
1971 977 2274 1044 cepissent,
2320 975 2425 1030 nisi
2472 974 2762 1031 Menenius
2801 975 3041 1046 Agrippa
3086 976 3298 1046 collega
3343 978 3399 1031 ei

1813 1067 2022 1131 auxilio
2062 1067 2331 1124 venisset.
2377 1067 2516 1124 Tum
2546 1081 2682 1124 vero
2727 1077 2961 1136 uterque
2999 1066 3217 1132 consul,
3254 1067 3422 1122 facto

1812 1156 1867 1210 in
1897 1155 2090 1212 hostes
2120 1155 2350 1226 impetu,
2388 1157 2594 1214 multos
2615 1155 2842 1222 occidit,
2873 1157 3122 1227 reliquos
3143 1157 3417 1229 proﬂiga-r

1812 1251 1914 1305 vit.
1950 1248 2080 1305 Post
2108 1248 2230 1304 haec
2269 1247 2508 1319 Spurius
2545 1247 2771 1305 Cassius
2798 1259 2855 1306 et
2895 1249 3088 1320 Opitor
3124 1250 3403 1322 Virginius

1813 1342 2093 1409 consules,
2127 1357 2320 1412 pacem
2343 1356 2473 1400 cum
2527 1342 2749 1399 Sabinis
2784 1343 3078 1400 fecerunt:
3119 1351 3176 1400 et
3200 1343 3403 1400 Came-

1814 1437 1942 1493 rino
1967 1446 2152 1506 capto,
2182 1436 2479 1507 plerosque
2521 1438 2881 1492 occiderunt:
2925 1437 3148 1507 reliqui,
3197 1437 3404 1507 oppido

1814 1544 2033 1595 everso,
2079 1527 2411 1586 vaenierunt.
2478 1529 2836 1584 Postbumius
2885 1528 3172 1584 Coruinius
3223 1539 3281 1584 et
3334 1528 3403 1583 Τ.

1815 1622 2048 1693 Largius
2077 1622 2290 1693 aliquot
2315 1636 2533 1687 servos,
2565 1620 2660 1692 qui
2684 1621 2756 1676 de
2783 1621 3109 1692 occupando
3129 1620 3405 1690 Capitolio

1814 1717 2198 1786 coniurarant,
2250 1715 2581 1794 occiderunt
2615 1733 2632 1770 :
2675 1714 3143 1786 quemadmodum
3181 1714 3408 1770 Servius

1813 1809 1981 1881 338
2008 1809 2286 1880 Sulpicius
2328 1818 2386 1865 et
2434 1809 2505 1865 Μ.
2554 1809 2768 1864 Tullius
2799 1818 2944 1878 post,
2992 1809 3158 1863 aliam
3184 1823 3407 1879 quoque

1818 1902 2262 1974 coniurationem
2317 1917 2605 1959 servorum
2638 1911 3054 1972 oppresserunt,
3104 1916 3136 1956 a
3167 1900 3410 1956 consciis

1819 1995 2153 2066 quibusdam
2179 1995 2502 2059 indicatam,
2524 2004 2580 2050 et
2607 1996 2926 2066 coniuratos
2943 2009 3154 2050 corona
3173 1993 3412 2048 circum-

1819 2090 1982 2146 datos
2014 2089 2384 2146 trucidarunt.
2408 2088 2690 2145 Iudicibus
2721 2102 2848 2144 cum
2871 2087 2977 2144 alia
3004 2086 3255 2157 praemia,
3291 2098 3410 2141 tum

1819 2180 2016 2236 civitas
2044 2180 2192 2235 data.
2247 2183 2291 2233 A
2339 2179 2551 2236 Latinis
2597 2180 2796 2233 iterum
2848 2179 2998 2234 bello
3031 2187 3204 2243 moto,
3252 2177 3410 2247 plebs

1821 2287 1970 2327 arma
1998 2287 2204 2343 capere
2243 2271 2447 2337 noluit,
2496 2286 2671 2327 novas
2705 2270 2924 2326 tabulas
2953 2269 3225 2341 ﬂagitans.
3259 2270 3406 2335 Qua-

1823 2374 2054 2436 propter
2101 2364 2495 2435 locupletiores
2556 2377 2764 2419 novum
2827 2363 3184 2434 magistratus
3235 2375 3412 2433 genus

1821 2465 2104 2522 crearunt,
2135 2457 2255 2529 pari
2287 2458 2343 2512 in
2369 2471 2562 2513 omnes
2593 2456 2942 2520 auctoritate,
2974 2454 3223 2525 potentia
3253 2455 3406 2525 regis

1819 2549 2140 2621 praeditum,
2191 2564 2354 2619 quem
2399 2548 2725 2604 dictatorem
2768 2556 3059 2603 vocarunt.
3110 2547 3248 2603 Nam
3277 2561 3410 2602 eum

1821 2641 1969 2712 regis
2015 2650 2444 2712 cognomentum
2493 2647 2731 2712 propter
2771 2638 3108 2710 Tarquinios
3137 2639 3409 2703 odissent,

1823 2749 1889 2790 ac
1917 2733 2256 2790 monarcbize
2287 2734 2558 2790 utilitates
2589 2748 2786 2805 magna
2827 2717 2881 2789 vi
2917 2733 2985 2789 ad
3016 2733 3159 2790 bella
3182 2741 3238 2790 et
3261 2733 3413 2790 sedi-

1822 2825 2036 2882 tionum
2068 2826 2346 2882 tumultus
2389 2827 2639 2896 praedita:
2684 2834 3045 2896 expeterent:
3101 2825 3274 2881 verbo
3322 2839 3418 2882 re-

1816 2917 1988 2988 jecto,
2029 2933 2146 2974 rem
2197 2918 2372 2990 ipsam
2421 2919 2526 2974 sub
2572 2919 2682 2974 alio
2726 2919 2953 2975 nomine
2997 2927 3130 2975 sunt
3151 2917 3412 2988 amplexi.
3507 2947 3514 2953 -

1823 3005 1953 3062 Fuit
1979 3007 2168 3080 igitur,
2203 3016 2266 3063 ut
2293 3007 2430 3074 dixi,
2461 3007 2737 3065 dictatura
2763 3016 3036 3080 potestate
3059 3023 3234 3080 regno
3263 3023 3368 3080 par
3393 3023 3412 3066 :

1823 3109 2194 3172 praeterquam
2219 3101 2368 3171 quod
2393 3101 2444 3157 ei
2469 3117 2677 3172 equum
2713 3102 3093 3159 conscendere
3125 3116 3238 3158 non
3275 3102 3414 3159 liceo

1824 3193 1940 3261 bat,
1979 3194 2086 3251 nisi
2118 3195 2189 3250 ad
2235 3195 2442 3252 bellum
2489 3197 2659 3262 ituro,
2703 3211 2886 3268 neque
2925 3196 3068 3252 ullos
3115 3211 3184 3252 ex
3217 3194 3416 3252 aerario

1823 3284 2080 3359 sumptus
2100 3289 2282 3347 facere
2312 3292 2433 3346 sine
2467 3291 2712 3358 decreto,
2751 3293 2846 3349 sed
2877 3293 2969 3364 jus
2995 3292 3202 3356 dicere,
3235 3302 3291 3348 et
3317 3307 3416 3347 ca-

1823 3382 1936 3454 pite
1979 3384 2227 3453 plectere
2270 3385 2421 3440 domi
2465 3395 2524 3442 et
2571 3386 2801 3453 militize,
2852 3402 2962 3442 non
2995 3385 3244 3458 plebeios
3272 3385 3417 3440 dun-

1824 3485 1995 3542 taxat,
2030 3477 2126 3534 sed
2156 3487 2213 3532 et
2247 3478 2528 3548 equestris
2568 3489 2626 3534 et
2669 3480 2934 3536 senatorii
2991 3479 3206 3534 ordinis
3237 3478 3416 3541 licuit,

1825 3571 2048 3626 nemine
2067 3585 2196 3625 eum
2229 3571 2316 3626 vel
2345 3585 2628 3636 accusare,
2661 3573 2749 3628 vel
2781 3572 3131 3629 intercedere
3152 3571 3418 3640 audente,

1827 3676 1891 3718 ac
1921 3676 1989 3716 ne
2022 3663 2157 3732 ipsis
2189 3662 2415 3733 quidem
2471 3663 2709 3720 tribunis
2741 3664 2957 3736 plebis:
3004 3679 3183 3735 neque
3227 3663 3298 3719 ab
3350 3678 3424 3720 eo

1829 3755 2150 3826 provocatio
2199 3754 2326 3811 fuit.
2381 3755 2667 3813 Dictatura
2710 3766 2896 3813 tamen
2925 3757 3069 3814 ultra
3101 3771 3153 3811 vr
3198 3771 3421 3813 menses

1830 3863 1939 3903 non
1990 3847 2400 3905 extendebatur
2425 3891 2440 3916 ,
2481 3857 2544 3904 ut
2587 3865 2658 3906 ne
2692 3851 2820 3922 quis
2851 3851 2908 3906 in
2954 3857 3107 3906 tanta
3145 3856 3422 3920 potestate

1829 3951 1885 3996 et
1910 3942 2246 3998 auctoritate
2294 3943 2534 3999 maxima
2573 3942 2786 3999 diutius
2815 3943 3162 4007 immoratus,
3192 3957 3292 4014 per
3319 3955 3420 3997 su-

1831 4031 2080 4102 perbiam
2125 4031 2180 4086 in
2217 4031 2553 4089 monarcbiaa
2603 4033 2970 4103 cupiditatem
3022 4033 3420 4090 delaberetur:

1835 4123 1890 4180 id
1918 4123 2065 4195 quod
2101 4135 2228 4196 post
2254 4124 2401 4180 Iulio
2431 4123 2632 4181 Caesari
2660 4124 2890 4192 accidit,
2924 4123 3258 4182 dictaturam
3287 4139 3424 4182 con-

1833 4223 1920 4269 tra
1949 4229 2160 4270 morem
2182 4214 2459 4286 majorum
2494 4223 2818 4270 consecuto.
3357 4225 3360 4228 '

176 4299 384 4354 στάσεων
430 4302 817 4374 περιστάσεις,
851 4303 910 4354 ἐν
959 4302 1108 4374 ἄλλῳ
1137 4301 1345 4373 ταύτην
1408 4302 1635 4374 ὀνόματι
1674 4305 1906 4364 εἴλοντο.
1980 4303 2093 4360 Ἦν
2157 4307 2258 4377 μὲν
2285 4305 2400 4372 οὖν,
2439 4307 2518 4371 ὡς
2578 4308 2819 4379 εἴρηται,
2851 4310 2886 4380 ή
2913 4306 3251 4378 δικτατωρία
3280 4305 3425 4360 κατά
3458 4348 3461 4350 -

175 4408 228 4458 γε
264 4395 353 4467 τὴν
380 4399 642 4463 ἐξουσίαν
702 4400 770 4468 τῇ
829 4399 1082 4470 βασιλείᾳ
1124 4400 1442 4470 εσόρῥοπος.
1481 4400 1624 4472 πλὴν
1647 4404 1732 4456 ὅτι
1774 4403 1871 4473 μὴ,
1934 4405 2020 4473 ἐφ’
2086 4404 2257 4458 ἵππον
2292 4403 2562 4474 ἀναϐῆναι
2593 4405 2620 4456 ό
2650 4406 2925 4473 δικτάτωρ
2959 4403 3211 4476 ἠδύνατο,
3256 4404 3304 4456 εί
3347 4401 3425 4472 μὴ

174 4483 610 4556 ὲκστρατεύεσθαι
665 4486 917 4559 ἔμελλεν,
979 4486 1104 4541 οὔτε
1161 4489 1226 4540 ὲκ
1279 4489 1391 4541 τῶν
1443 4487 1724 4559 δημοσίων
1753 4493 2057 4563 χρημάτων
2117 4491 2400 4547 ἀναλῶσαι
2467 4510 2520 4546 τι
2558 4491 2688 4563 ἐξῆν
2720 4493 2893 4563 αὐτῷ,
2933 4493 2982 4545 εί
3016 4491 3091 4563 μὴ
3123 4492 3420 4561 ἐψηφίσθη.

173 4578 392 4644 Δικάζειν
413 4581 470 4634 δὲ
502 4582 603 4635 καὶ
629 4580 979 4635 ἀποκτείνειν
1015 4579 1112 4634 καὶ
1140 4578 1283 4633 οίκοι
1326 4581 1422 4633 καὶ
1458 4583 1518 4635 ἐν
1578 4583 1901 4652 στρατείαις
1963 4583 2222 4654 ἠδύνατο,
2254 4584 2349 4638 καὶ
2407 4585 2470 4636 ού
2538 4586 2667 4646 τοὺς
2705 4584 2800 4637 τοῦ
2833 4585 3008 4654 δήμου
3040 4583 3260 4654 μόνους,
3279 4581 3426 4636 ἀλλὰ

174 4674 252 4724 καὶ
293 4678 353 4728 ἐκ
391 4677 498 4729 τῶν
521 4676 779 4738 ’ίππέων,
804 4674 900 4727 καὶ
926 4672 985 4738 ἐξ
1021 4673 1194 4744 αὐτῆς
1233 4674 1334 4743 τῆς
1365 4673 1583 4744 βουλῆς.
1653 4676 1763 4729 Καὶ
1796 4675 1910 4729 οὔτ’
1941 4677 2240 4746 ἐγκαλέσαι
2300 4693 2385 4738 τις
2410 4673 2584 4744 αὐτῷ,
2610 4673 2732 4727 οὔτ’
2761 4676 3005 4727 ἐναντίον
3033 4689 3082 4726 τι
3115 4673 3425 4745 διαπράξα-

177 4764 281 4820 σθαι
315 4769 516 4838 ίσχυεν,
557 4769 683 4821 οὐδὲ
728 4770 778 4820 oi
807 4767 1105 4838 δήμαρχοι,
1145 4763 1269 4818 οὔτε
1299 4765 1426 4836 δίκη
1464 4767 1730 4837 ἐφέσιμος
1765 4769 1988 4837 ἐγένετο
2053 4768 2150 4822 ἀπ’
2183 4767 2374 4822 αὐτοῦ.
2433 4768 2547 4821 Ούκ
2588 4769 2684 4819 ἐπὶ
2711 4767 2878 4820 πλέον
2901 4766 2958 4819 δὲ
2994 4767 3101 4820 τῶν
3136 4766 3195 4832 ἒξ
3231 4767 3427 4837 μηνῶν

174 4855 203 4922 ﬁ
242 4856 328 4925 τῆς
372 4856 745 4927 δικτατωρίαις
789 4855 936 4926 ἀρχὴ
988 4853 1371 4924 παρετείνατο,
1404 4856 1491 4908 ἴνα
1529 4858 1602 4924 μή
1639 4875 1725 4919 τις
1762 4856 1946 4910 αὐτῶν
1978 4859 2038 4910 ιν
2092 4856 2332 4925 τοσούτῳ
2366 4856 2563 4926 κράτει
2613 4856 2711 4906 καὶ
2779 4853 3001 4923 ἐξουσία
3032 4855 3261 4925 ἀκράτῳ
3292 4870 3429 4924 χρο-

175 4951 322 5018 νὶσας,
378 4955 794 5026 ύπερφρονὴσῃ,
841 4955 935 5006 καὶ
969 4951 1106 5024 πρὸς
1162 4951 1341 5022 ἔρωτα
1398 4954 1701 5024 μοναρχίας
1757 4953 2058 5024 ὲκκυλισθῇ
2096 4968 2110 4983 ο
2155 4953 2296 5022 ὅπερ
2355 4953 2412 5014 ές
2467 4951 2696 5020 ὕστερον
2723 4951 2818 5004 καὶ
2866 4953 2895 5004 ὁ
2923 4951 3146 5024 Καίσαρ
3187 4951 3420 5017 Ἰούλιος

175 5043 366 5109 ἔπαθεν,
398 5050 524 5102 ἐπεὶ
551 5049 706 5120 παρὰ
729 5049 798 5101 τὰ
831 5047 1207 5116 νενομισμένα
1235 5048 1335 5116 τῆς
1369 5048 1738 5118 δικτατωρίας
1757 5049 1978 5118 ἠξίωτο.

233 5131 320 5188 1Δ’.
354 5136 486 5189 Τότε
521 5136 624 5206 μὲν
653 5131 747 5188 οὖν
776 5134 1098 5204 δικτάτορος
1125 5136 1423 5205 γενομένου
1457 5136 1721 5205 Λαρκίου,

1902 5136 2044 5192 XIV.
2087 5136 2246 5192 Tunc
2275 5135 2447 5208 igitur
2477 5135 2677 5208 Largio
2702 5135 2978 5193 dictatore
3003 5147 3214 5200 creato,
3249 5151 3425 5206 popu-

175 5224 304 5278 οὐδὲν
341 5231 367 5280 ό
393 5228 569 5299 δῆμος
604 5228 984 5298 ἐνεωτέρισεν,
1019 5225 1158 5280 ἀλλά
1186 5231 1281 5282 καὶ
1308 5230 1365 5281 ἐν
1395 5231 1510 5292 τοῖς
1539 5229 1730 5292 ὅπλοις

177 5315 395 5382 ἐγένοντο
418 5337 430 5350 δ
455 5321 570 5374 τῶν
590 5322 647 5374 δὲ
676 5321 932 5374 Λατίνων
962 5320 1193 5390 ἡσυχίαν
1216 5321 1460 5389 ἀγόντων
1479 5322 1574 5374 ἐπὶ
1601 5338 1730 5373 συνι-

179 5405 372 5476 θήκαις,
409 5414 459 5465 οί
504 5414 786 5467 δανεισταὶ
813 5415 944 5475 τοὺς
968 5412 1256 5480 ὀφειλέτας
1294 5413 1732 5484 μετεχειρίζοντο

183 5496 482 5576 βιαιότερον,
515 5507 614 5560 καὶ
642 5509 672 5558 ὁ
703 5506 878 5575 δῆμος
903 5501 1062 5567 αὖθις
1092 5505 1388 5569 ἐστασίαζε
1429 5506 1515 5559 διὰ
1549 5505 1729 5572 τοῦτο,

181 5590 299 5646 ὥστε
331 5599 418 5650 καὶ
463 5601 545 5661 εἰς
584 5600 646 5652 τδ
675 5599 962 5668 Συνέδρων
1012 5599 1364 5670 συνδραμεῖν,
1395 5600 1491 5653 καὶ
1534 5599 1735 5663 πάντες

181 5681 236 5734 ἂν
267 5686 365 5738 ὑπὸ
401 5689 512 5742 τῶν
560 5693 926 5745 εἰσπεσόντων
974 5694 1033 5746 ἐν
1065 5691 1216 5761 αὐτῷ
1242 5691 1639 5762 διεφθάρησαν,
1685 5695 1736 5746 εἰ

182 5776 250 5846 μή
275 5795 413 5844 τινες
442 5784 568 5847 τοὺς
590 5783 974 5848 Οὐολούσκους
1001 5783 1083 5847 εἰς
1117 5783 1220 5852 τὴν
1245 5781 1435 5853 χώραν
1469 5783 1735 5854 ἐμϐαλεῖν

183 5865 271 5940 ήδη
298 5875 683 5946 κατήγγειλαν.
720 5877 864 5950 Πρὸς
886 5877 951 5930 ’δὲ
979 5877 1081 5948 τὴν
1122 5875 1382 5946 τοιαύτην
1413 5876 1678 5945 ἀγγελίαν
1709 5881 1738 5932 ὀ

541 5975 810 6039 ΡΑτιιοι..
856 5979 973 6038 (3n.
1024 5973 1376 6039 CXXXIV.

1838 5233 1927 5285 lus
1973 5244 2241 5285 novarum
2295 5245 2484 5284 rerum
2536 5229 2725 5284 studio
2777 5230 3090 5300 repudiato,
3155 5231 3208 5284 in
3255 5229 3427 5283 armis

1842 5323 1967 5378 fuit.
2002 5323 2109 5379 Sed
2143 5323 2339 5378 Latino
2371 5323 2516 5378 bello
2545 5324 2897 5394 pactionibus
2923 5325 3120 5394 sopito,
3153 5338 3274 5378 cum
3303 5335 3427 5378 cte-

1841 5417 2048 5472 ditorcs
2079 5418 2301 5472 nomina
2330 5433 2427 5471 sua
2457 5417 2757 5472 violentius
2775 5426 3094 5477 tractarent.
3129 5423 3278 5470 tanta
3307 5415 3428 5484 plev

1843 5510 1929 5563 bis
1959 5520 2076 5564 orta
2101 5519 2184 5564 est
2218 5509 2547 5579 indignatio,
2585 5517 2645 5562 ut
2673 5511 2728 5564 in
2760 5510 2970 5564 curiam
2998 5501 3303 5562 concursus
3327 5509 3427 5560 ilc-

1844 5610 1964 5665 ret,
2011 5615 2072 5654 ac
2108 5604 2274 5654 in'co
2321 5602 2562 5655 tumultu
2608 5611 2793 5671 patres
2833 5599 3000 5654 occisi
3050 5609 3258 5660 essent,
3317 5598 3426 5652 nisi

1845 5689 2064 5754 quidam
2116 5691 2466 5745 nuntiassent
2535 5689 2762 5746 Volscos
2813 5689 3014 5744 infesto
3061 5689 3304 5742 exercitu
3355 5690 3426 5743 ad

1846 5785 2039 5838 urbem
2095 5786 2519 5855 oppugnandam
2578 5787 2789 5841 venire.
2845 5783 2927 5838 Ad
2984 5799 3108 5838 eum
3169 5786 3427 5841 nuntium

1867 5879 2021 5948 plebs
2050 5880 2286 5949 quievit,
2334 5895 2444 5936 non
2482 5881 2789 5936 reverentia
2819 5889 3064 5941 senatus.
3102 5880 3198 5936 sed
3228 5897 3426 5954 στερι-

2982 5977 3050 6041 10
