3862 6574
445 390 548 452 957

1754 389 2075 450 JOANNIS
2117 393 2436 452 leNAR/E
3565 401 3645 462 583

443 501 710 565 etatione,
763 509 823 556 ιιι
871 501 918 557 is
944 503 1129 558 statim
1161 503 1228 558 ab
1262 501 1513 557 bostibus
1541 503 1810 559 interiret.
1845 504 2024 571 Quare

2132 506 2301 574 δῆμος
2336 505 2640 574 ἠρέμησεν,
2675 505 2798 576 οὐχὶ
2831 507 3160 577 φεισάμενος
3189 507 3288 576 τῆς
3327 509 3527 580 βουλῆς,
3557 514 3640 570 ἀλλ

423 609 627 662 neque
673 594 877 649 mmuia
924 595 1330 659 custodierunt,
1365 610 1544 664 neque
1572 595 1694 664 epis
1721 596 2023 665 quidquam

445 689 772 749 attulerunt,
816 687 991 742 donec
1029 686 1298 742 Servilius
1344 686 1416 741 ob
1463 702 1538 742 ms
1572 688 1813 742 alienum
1855 702 2026 742 nexos

418 780 634 846 solvit,
690 787 747 835 et
783 794 852 834 ne
897 779 1117 835 debitor
1145 779 1435 850 quisquam
1484 779 1853 850 expeditionis
1890 789 2029 836 tem-

421 885 580 940 .pore
609 870 999 941 appellaretur,
1027 870 1220 934 edixit,
1249 885 1420 940 seque
1444 869 1753 926 levaturum
1779 887 1854 927 res
1888 871 2026 927 alie-

448 977 580 1016 num
630 962 908 1032 promisit.
949 960 1088 1016 Tum
1142 961 1312 1033 igitur
1354 961 1443 1018 bis
1470 961 1760 1032 promissis
1801 963 2025 1018 excitati

421 1053 610 1124 .339
655 1053 842 1108 hostes
879 1052 1152 1108 vicerunt.
1201 1052 1331 1118 Sed,
1371 1067 1497 1108 eum
1523 1053 1727 1109 deinde
1775 1068 1880 1109 nec
1917 1069 2028 1111 aere

448 1147 630 1200 alieno
661 1146 993 1212 levarentur,
1038 1159 1142 1200 nec
1179 1145 1287 1201 ulla
1317 1145 1577 1216 aequitate
1605 1154 1982 1202 tractarentur
2007 1187 2024 1214 ,

450 1253 640 1294 rursus
682 1238 752 1295 ab
795 1239 952 1293 iratis
991 1239 1415 1304 tumultuatum,
1460 1247 1517 1293 et
1547 1245 1741 1294 contra
1773 1247 2024 1294 senatum

446 1339 502 1383 et
523 1329 780 1384 consules
808 1339 955 1384 mota
973 1327 1195 1383 seditio.
1212 1328 1414 1384 Verum
1431 1328 1616 1383 denuo
1641 1337 1836 1384 exorto
1853 1329 2022 1396 bello,

431 1420 700 1476 «consules
718 1436 886 1476 novas
905 1421 1121 1476 tabulas
1139 1421 1506 1476 decreverunt
1525 1439 1542 1480 :
1575 1422 1670 1477 sed
1688 1423 1810 1476 aliis
1825 1423 2023 1478 adver-

428 1513 717 1576 santibus,
734 1512 803 1566 Μ.
821 1511 1091 1575 Valerius,
1109 1512 1407 1567 Publicolae
1430 1512 1669 1582 gentilis,
1689 1513 1856 1567 homo
1877 1512 2022 1582 apud

437 1604 664 1674 plebem
687 1604 1003 1674 gratiosus,
1047 1604 1288 1658 dictator
1315 1613 1402 1659 est
1451 1615 1692 1660 creatus.
1733 1605 1811 1660 Ac
1843 1614 2029 1660 tantus

436 1694 512 1747 ad
537 1709 665 1748 eum
700 1703 757 1748 et
790 1701 898 1748 tam
931 1694 1138 1757 alacer,
1183 1693 1462 1762 stipendio
1494 1696 1768 1764 promisso
1793 1710 2028 1750 concur-

446 1800 547 1839 sus
604 1789 802 1850 factus,
855 1795 916 1839 ut
967 1794 1026 1840 et
1082 1785 1319 1842 Sabinos
1372 1786 1640 1841 vinceret.
1687 1795 1745 1841 et
1802 1786 2030 1842 Volscos

443 1877 764 1947 sEqnosque
808 1878 1026 1932 illorum
1073 1877 1392 1932 fmderatos.
1433 1876 1516 1932 Ob
1565 1877 1621 1932 id
1644 1879 1695 1933 ei
1725 1891 1854 1932 cum
1884 1877 2026 1932 alios

437 1968 712 2031 honores,
762 1977 876 2022 tum
912 1968 1128 2022 Maximi
1174 1976 1600 2037 cognomentum
1630 1966 2022 2023 decreverunt.

432 2062 549 2128 «Qui
585 2079 710 2116 eum
744 2062 916 2117 multa
954 2063 1009 2117 in
1043 2071 1242 2117 senatu
1271 2062 1325 2116 in
1361 2062 1547 2132 populi
1581 2063 1813 2133 gratiam
1849 2061 2021 2117 disse-

421 2154 689 2215 :ruissct,
742 2168 920 2222 neque
969 2150 1276 2222 quidquam
1339 2151 1723 2219 impetrasset,
1769 2149 1948 2204 iratus
1991 2163 2024 2204 e

415 2245 598 2299 ~4curia
632 2259 691 2298 se
723 2241 1002 2313 proripuit
1033 2258 1050 2300 :
1098 2250 1153 2295 ct
1183 2255 1308 2295 cum
1345 2241 1489 2310 apud
1526 2240 1744 2309 plebem
1787 2240 1843 2292 in
1884 2254 2024 2293 eon-

413 2367 425 2379 ι
445 2338 604 2392 oione
634 2344 889 2390 senatum
925 2332 1176 2388 nonnibil
1203 2329 1638 2400 perstrinxisset,
1666 2329 1942 2385 dictatura
1965 2344 2024 2385 se

415 2429 738 2484 .abdieavit.
771 2428 935 2482 Plebs
965 2441 1099 2482 vero
1128 2424 1305 2495 magis
1351 2424 1419 2478 ad
1451 2424 1777 2478 seditionem
1811 2423 2023 2477 irritata

444 2531 550 2577 est.
564 2520 699 2575 Nam
717 2518 1021 2576 creditores
1043 2519 1100 2572 in
1117 2517 1302 2572 alieno
1316 2515 1618 2586 repetendo
1646 2515 2024 2584 summumjus

449 2619 730 2682 urgentes,
776 2623 968 2679 neque
1012 2607 1124 2662 ulla
1179 2607 1440 2677 aequitate
1489 2613 1681 2660 contra
1739 2604 2023 2660 debitores

450 2714 812 2766 tuentemme
837 2702 893 2756 id
914 2702 1062 2772 quod
1083 2701 1392 2757 debebatur
1407 2709 1733 2766 exegerunt,
1761 2707 1818 2754 et
1841 2701 1894 2753 in
1913 2699 2019 2754 alia

417 2843 431 2858 .,
451 2797 609 2866 plura
648 2793 1003 2850 incommoda
1058 2791 1397 2848 inciderunt.
1427 2791 1618 2862 ln0pia
1654 2790 1825 2856 enim,
1855 2800 2022 2860 atque

364 2927 379 2940 .
451 2885 580 2942 inde
607 2895 730 2941 orta
752 2884 1093 2955 desperatio,
1132 2884 1337 2938 malum
1365 2891 1452 2940 est
1478 2883 1778 2938 admodum
1812 2884 2022 2937 violen-

415 2989 568 3043 -.t_um
588 3019 604 3044 ,
631 2989 689 3035 et
714 2979 760 3034 si
791 2978 1204 3034 multitudinem
1236 2977 1343 3034 sibi
1370 2978 1630 3033 asciverit
1650 3017 1665 3041 ,
1703 2993 1840 3047 pene
1873 2976 2027 3030 inex-

428 3072 770 3144 qmgnabile.
817 3072 959 3128 Tum
995 3073 1164 3142 igitur
1201 3072 1541 3141 locupletum
1587 3085 1716 3140 erga
1755 3084 2027 3139 pauperes

454 3165 1150 3234 severitas,.plurimorum
1219 3165 1488 3218 malorum
1541 3163 1807 3218 Romanis
1860 3177 2026 3217 causa
2056 3211 2092 3234 μ

434 3259 580 3314 -ίαίι.
612 3257 850 3313 Utcnim
885 3256 1088 3311 milites
1117 3254 1567 3324 expeditionibus
1600 3253 2019 3323 premebantur,
2057 3248 2095 3263 “”

425 3353 595 3411 ὀι-ἰιι
636 3349 826 3406 multis
863 3349 1062 3418 sa'pius
1087 3347 1374 3401 evidenter
1408 3346 1624 3414 decepti
1661 3343 1880 3399 fuerant
1905 3383 1920 3407 ,
1969 3353 2023 3398 et

451 3444 732 3501 debitores
757 3459 787 3498 ιι
820 3440 1249 3498 imneratoribus
1265 3447 1331 3494 et
1375 3438 1740 3493 contumelias
1772 3449 1828 3492 et
1862 3436 2026 3506 ﬂagra

452 3537 905 3608 perpetiebantur
952 3551 965 3588 :
1027 3541 1174 3587 tanta
1215 3530 1506 3586 iracundia
1540 3537 1916 3590 exarserunt,
1968 3535 2027 3580 ut

437 3630 678 3698 inopum
737 3624 896 3680 multi
950 3623 1086 3677 urbe
1112 3620 1439 3676 excederent
1509 3627 1565 3674 et
1620 3628 1802 3673 castra
1869 3618 2027 3673 dese-

443 3727 676 3784 σεῖσαι,
730 3727 788 3774 et
831 3731 900 3771 ex
936 3730 1067 3785 agro
1099 3715 1348 3768 Romano
1382 3713 1623 3768 hostium
1656 3711 1834 3766 .iusmr
1873 3725 2025 3766 cont-

450 3820 668 3866 meatus
716 3817 988 3881 peterent.
1035 3806 1156 3874 Quo
1209 3806 1392 3872 facto,
1440 3820 1565 3860 cum
1618 3804 1776 3858 multi
1812 3807 1878 3858 ad
1929 3817 2026 3859 eos

451 3902 544 3973 qui
575 3900 944 3958 secessionem
984 3899 1232 3954 fecerant
1254 3938 1270 3965 ,
1305 3898 1655 3954 conﬂuerent
1686 3937 1704 3962 ,
1741 3906 2024 3952 senatores

448 3995 636 4058 veriti,
681 4009 751 4049 ne
811 4001 868 4048 et
906 3991 961 4047 bi
1006 3994 1178 4061 magis
1216 4001 1698 4060 exasperarentur,
1737 3998 1793 4044 et
1831 3987 2022 4042 civita-

451 4097 561 4143 tem
615 4084 947 4141 factionibus
998 4084 1317 4138 distractam
1377 4082 1610 4142 ﬁnitimi,
1664 4081 2022 4144 invaderent,

451 4195 549 4250 per
597 4189 851 4233 oratores
885 4177 1030 4247 plebi
1077 4174 1308 4245 polliciti
1339 4184 1473 4230 sunt
1513 4189 1572 4228 se
1595 4173 1837 4227 facturos
1867 4172 2028 4242 quid-

449 4272 584 4341 quid
640 4271 756 4340 ipsa
797 4270 982 4324 vellet.
1015 4269 1110 4323 .Ea
1164 4282 1298 4322 vero
1332 4269 1572 4321 maxime
1601 4267 1908 4332 fremente,
1971 4276 2028 4323 et

452 4361 632 4415 nullas
691 4359 938 4414 rationes
997 4357 1372 4421 admittente,
1449 4356 1736 4412 Menenius
1788 4357 2026 4428 Agrippa

454 4445 715 4508 unuse:
789 4450 1108 4505 oratoribus
1155 4450 1372 4519 ,petiit,
1429 4460 1490 4504 ut
1563 4449 1800 4505 fabulam
1863 4451 2026 4507 audi-

452 4555 618 4610 rent,
710 4553 768 4601 et
863 4543 1147 4599 audientia
1209 4543 1545 4612 impetrata,
1641 4543 1845 4600 dixit:

432 4651 509 4695 ια
557 4639 847 4711 aliquando
895 4646 1082 4692 contra
1136 4646 1372 4690 ventrem
1420 4645 1730 4691 ewterorum
1761 4640 2024 4694 membro-

434 4749 572 4786 .s'um
603 4731 890 4796 seditione,
938 4730 1134 4784 dixisse
1166 4727 1370 4792 oculos,
1406 4744 1595 4782 manus
1639 4736 1689 4782 et
1730 4729 1884 4798 pedes
1925 4747 2024 4786 sua

450 4838 612 4894 ψει-α
651 4823 708 4876 in
737 4820 909 4891 ofﬁcio
939 4835 1084 4886 esse;
1121 4818 1360 4889 linguam
1395 4826 1444 4871 et
1495 4817 1660 4883 labia,
1689 4833 1782 4888 per
1813 4835 1869 4872 se
1901 4820 2023 4872 aui-

452 4931 658 4968 mornm
694 4930 876 4968 sensus
930 4912 1282 4970 annuntiari:
1333 4926 1488 4965 aures
1543 4909 1706 4981 350
1733 4927 1828 4965 suo
1867 4911 2024 4965 mini-

449 5008 606 5062 sterio
645 5006 873 5060 aliorum
899 5021 1164 5059 sermones
1202 5005 1272 5058 ad
1299 5016 1518 5058 mentem
1551 5006 1856 5075 pervenire;
1905 5023 2023 5060 ma-

450 5117 572 5164 nus,
599 5114 695 5153 suo
727 5096 905 5152 labore
934 5098 1118 5168 parari
1158 5111 1238 5150 res
1261 5097 1585 5150 necessarias
1606 5113 1626 5162 ;
1651 5095 1825 5167 pedes,
1859 5106 2024 5151 totum

450 5208 639 5261 corpus
667 5206 772 5245 use
791 5190 1098 5250 sustentari,
1144 5203 1298 5259 seque
1325 5189 1430 5242 sive
1451 5190 1571 5253 iter,
1597 5190 1704 5243 sive
1741 5205 1868 5259 opus
1902 5187 2023 5257 ﬁat,

450 5288 555 5339 sire
592 5290 780 5346 stctur,
815 5281 1057 5350 [atigarL
1087 5278 1328 5332 Ventrem
1361 5294 1478 5333 uero
1505 5279 1675 5333 solum
1707 5281 1875 5335 omnis
1907 5296 2027 5334 mu-

410 5360 418 5365 ’
453 5374 591 5428 neris
617 5380 666 5427 et
707 5369 902 5424 laboris
936 5377 1200 5437 expertem
1221 5407 1236 5429 ,
1283 5367 1590 5422 ministeriis
1625 5370 1860 5423 omnium
1900 5378 2026 5423 εωιο

450 5481 612 5536 quant
645 5477 818 5535 τεθείη
857 5463 954 5524 uti,
981 5467 1030 5515 et
1065 5459 1344 5515 sudoribus
1374 5458 1593 5514 illarum
1614 5463 1782 5528 partis
1818 5461 1926 5530 frui
1949 5461 2026 5530 [a-

439 5554 759 5611 cuttatibus.
797 5549 1038 5606 Ventrem
1077 5552 1185 5606 Itan:
1215 5551 1292 5606 ita
1318 5567 1372 5604 se
1406 5551 1594 5606 habere
1629 5556 1946 5621 confessum,
1979 5552 2024 5605 si

451 5651 738 5712 uideretur,
770 5645 914 5701 nihil
955 5645 1054 5701 sibi
1084 5646 1268 5708 tribui,
1297 5644 1429 5699 nihil
1453 5645 1751 5699 ministrari
1778 5645 2022 5716 jussisse.

453 5741 690 5797 Membra
749 5741 1096 5795 communiter
1151 5740 1465 5805 decrevisse,
1503 5755 1568 5792 ne
1610 5741 1735 5809 quid
1784 5739 2024 5808 deinceps

447 5833 622 5887 mentri
660 5833 1117 5888 suppeditantur.
1170 5829 1271 5894 Qui
1301 5847 1418 5888 cum
1451 5829 1653 5885 nullum
1690 5832 1858 5888 cibum
1889 5830 2025 5883 acci—

2129 599 2205 659 ὼς
2251 594 2406 667 {api
2450 597 2560 648 τῶν
2608 597 2887 667 πολεμίων
2913 598 3038 651 ὅσον
3075 598 3227 651 ούπω
3255 599 3650 675 φθαρησομένης,

2129 690 2220 742 Διὸ
2241 688 2367 742 οὔτε
2389 688 2484 741 τοῦ
2516 687 2732 760 τείχους
2761 676 2950 742 ἔθεντο
2968 689 3239 762 φυλακὴν,
3261 690 3383 745 οὔτε
3411 694 3520 747 τινὰ
3541 711 3654 768 παρ-

2131 784 2281 852 εῖχον
2336 781 2616 853 βοήθειαν,
2675 781 2873 852 μέχρις
2929 783 2959 836 ό
3007 782 3314 853 Σερουΐλιος
3362 785 3481 848 τούς
3511 803 3564 841 τι
3605 792 3652 856 ἐξ

2131 871 2515 944 ὑπερημερίας
2561 871 2972 942 κρατουμένους
3012 870 3215 942 ἀφῆκε,
3247 872 3340 926 καὶ
3368 874 3535 930 ἄδειαν
3567 878 3656 930 τῶν

2131 966 2476 1036 είσπράξεων
2519 964 2759 1019 καθόσον
2799 963 3200 1034 στρατεύοιντο,
3241 965 3546 1035 ἐψηφίσατο,
3579 973 3657 1022 καὶ

2131 1055 2391 1125 κουφίσαι
2423 1057 2491 1110 τὰ
2519 1056 2658 1127 χρία
2686 1055 2978 1125 ὑπέσχετο.
3011 1056 3144 1108 Τότε
3180 1055 3284 1126 μὲν
3301 1051 3394 1109 οὖν
3410 1058 3492 1112 διὰ
3511 1059 3655 1113 ταῦτα

2129 1150 2246 1210 τοῖς
2281 1147 2564 1217 πολεμίοις
2597 1146 3299 1218 ἂπεξελθόντες,ὲνίκησαν.
3331 1148 3476 1218 Mirr:
3502 1150 3551 1202 δὲ
3570 1153 3658 1204 τῶν

2129 1237 2308 1308 χρεῶν
2342 1237 2756 1306 κουφισθέντες,
2804 1237 2939 1309 μήτ’
2971 1238 3137 1292 ἄλλου
3181 1238 3404 1308 μηδενὸς
3442 1242 3658 1310 τυχόντες

2130 1329 2434 1394 ἐπιεικοῦς,
2466 1330 2563 1384 καί⁵
2607 1331 2773 1385 πάλιν
2814 1329 3116 1405 ἐθορύϐουν
3147 1347 3208 1384 τε
3257 1330 3351 1384 καὶ
3376 1331 3654 1402 ὠργίζοντο,

2133 1422 2225 1474 καὶ
2280 1420 2424 1475 κατὰ
2480 1421 2582 1490 τῆς
2641 1419 2840 1493 βουλῆς
2898 1420 2995 1472 καὶ
3043 1421 3188 1475 κατά
3223 1419 3330 1474 τῶν
3377 1425 3656 1492 στρατηγῶν

2131 1512 2482 1576 ἐστασίαζον.
2522 1513 2774 1582 Πολέμου
2800 1511 2858 1565 δὲ
2891 1510 3051 1575 αὖθις
3088 1511 3486 1582 ἐπενεχθέντος,
3509 1514 3554 1566 oi
3579 1516 3658 1584 μὲν

2131 1606 2434 1676 στρατηγοὶ
2478 1605 2660 1676 χρεῶν
2707 1603 3000 1665 ἀποκοπὰς
3046 1603 3395 1673 ἐψηφίζοντο,
3431 1604 3654 1673 ἠναντιώο

2130 1697 2306 1767 θησαν
2328 1699 2373 1751 δ’
2395 1698 2572 1770 ἕτεροι
2592 1713 2608 1729 ·
2635 1697 2718 1750 διὸ
2738 1698 2829 1750 καὶ
2849 1697 3125 1766 δικτάτωρ
3155 1696 3362 1766 amor,
3379 1697 3657 1769 Οὐαλλέριος

2129 1789 2378 1860 Μάρκος,
2413 1791 2478 1842 ὲκ
2511 1789 2612 1859 τῆς
2641 1789 2736 1842 τοῦ
2772 1787 3088 1841 Ποπλικόλα
3119 1787 3440 1856 συγγενείας
3467 1789 3657 1858 γενόμε-

2130 1899 2244 1946 νος,
2280 1883 2375 1934 καὶ
2414 1880 2494 1949 τῷ
2526 1879 2724 1952 πλήθει
2762 1877 3126 1950 φιλούμενοςο
3161 1878 3316 1932 ἐνθεν
3342 1895 3420 1934 τοι
3452 1880 3658 1934 τοσοῦτοι

2132 1975 2230 2028 καὶ
2259 1972 2406 2026 οὕτω
2432 1971 2758 2042 προθύμως,
2795 1972 2920 2025 ἐπεὶ
2960 1972 3149 2035 aberit;
3182 1972 3276 2024 καὶ
3303 1966 3438 2025 ἆθλα
3462 1973 3658 2043 ὑπέσχε-

2129 2087 2212 2136 το,
2245 2068 2640 2138 συνελέγησαν,
2662 2066 2739 2130 ὡς
2759 2066 2855 2120 καὶ
2884 2065 2992 2118 τῶν
3024 2064 3275 2120 Σαϐίνων
3299 2065 3566 2136 κρατῆσαι,
3584 2066 3658 2120 καί

2130 2161 2240 2213 τῶν
2266 2159 2706 2230 συμμαχούντων
2732 2161 2918 2222 αὐτοῖς
2939 2157 3299 2212 ούολούσκων
3327 2158 3415 2210 καὶ
3435 2158 3657 2211 Αίκουῶν.

2144 2253 2270 2304 Ἐπὶ
2299 2250 2514 2312 τούτοις
2544 2250 2713 2312 ἄλλας
2738 2266 2796 2302 τε
2827 2249 2905 2318 τῷ
2932 2247 3254 2316 omnem»
3281 2248 3311 2299 ό
3340 2246 3502 2317 δῆμος
3527 2248 3658 2316 τιμὰς

2130 2342 2460 2412 ἐψηφίσατο,
2485 2344 2578 2395 καὶ
2609 2342 2858 2412 Μάξιμον
2889 2341 3272 2408 ἐπωνόμασεν,
3295 2339 3659 2409 ὲξελληνιζόμε-

2131 2451 2221 2488 νον
2269 2434 2329 2487 δὲ
2377 2435 2654 2502 Μέγιστον
2715 2431 2976 2503 σημαίνει
3016 2431 3077 2484 τὸ
3106 2431 3307 2501 ὄνομα.
3346 2431 3402 2483 '0
3432 2430 3484 2484 δὲ
3523 2431 3659 2484 θέλων

2129 2527 2208 2597 τῷ
2235 2528 2392 2598 δήμῳ
2426 2524 2785 2597 χαρίσασθαι,
2819 2524 2992 2576 πολλὰ
3019 2522 3274 2595 διελέχθη
3310 2525 3374 2594 τῇ
3413 2523 3658 2594 Γερουσίᾳ,

2131 2620 2247 2674 ἀλλ’
2277 2621 2380 2673 οὐκ
2421 2618 2547 2688 ἔσχε
2587 2617 2794 2688 ταύτην
2837 2617 3144 2686 πειθήνιον.
3182 2617 3274 2669 Διὸ
3307 2617 3401 2670 σὺν
3441 2617 3560 2687 ὀργῇ
3588 2617 3660 2668 ὲκ-

2133 2710 2381 2781 πηδήσας
2414 2707 2510 2762 τοῦ
2548 2707 2862 2776 Συνεδρίου,
2904 2707 3304 2778 δημηγορήσας
3347 2723 3405 2758 τε
3448 2707 3566 2777 πρὸς
3589 2706 3661 2760 τὸν

2131 2800 2304 2872 δῆμόν
2349 2818 2474 2855 τινα
2516 2800 2660 2853 κατὰ
2693 2800 2792 2868 τῆς
2822 2798 3054 2869 βουλῆς,
3082 2799 3188 2868 τὴν
3221 2796 3507 2868 ἠγεμονίαν
3533 2798 3655 2850 ἀπεί-

2132 2912 2295 2951 πατο.
2340 2893 2452 2947 Καὶ
2481 2893 2510 2946 ό
2534 2892 2703 2962 δῆμος
2737 2892 2817 2944 ἔτι
2855 2891 3060 2962 μᾶλλον
3086 2891 3172 2954 είς
3207 2894 3392 2944 στάσιν
3427 2890 3655 2958 ἠρέθιστο.

2133 2987 2196 3039 Οί
2232 2987 2340 3056 γὰρ
2370 2985 2650 3039 δανεισταὶ
2677 2985 2777 3055 τῆς
2809 2984 2939 3053 περὶ
2968 2984 3037 3038 τὰ
3079 2983 3394 3053 συμϐόλαια
3423 2981 3659 3052 ἀκριϐείας

2132 3076 2406 3147 ἐχόμενοι,
2435 3076 2530 3128 καὶ
2578 3074 2745 3144 μηδὲν
2785 3076 2901 3137 τοῖς
2939 3073 3210 3142 ὄφλουσιν
3256 3071 3555 3135 ἐκδιδόντες,
3587 3071 3658 3123 τοῦ

2133 3169 2395 3240 ἀκριϐοῦς
2423 3185 2482 3220 τε
2513 3168 2838 3237 διήμαρτον,
2877 3167 2974 3220 καὶ
3018 3166 3240 3220 πολλῶν
3275 3167 3466 3236 ἐτέρων
3490 3164 3660 3218 ἀπέτυ-

2137 3280 2260 3332 χον.
2286 3261 2353 3318 Ἦ
2383 3260 2493 3333 γὰρ
2535 3261 2718 3324 πενία,
2766 3261 2860 3313 καὶ
2881 3261 2915 3330 ἡ
2952 3260 3017 3312 ἐκ
3045 3259 3259 3330 ταύτης
3295 3259 3508 3312 ἀπόνοια
3529 3255 3660 3308 κακόν

2138 3355 2256 3406 ἑστι
2280 3351 2454 3422 βίαιον
2473 3367 2488 3381 ·
2522 3351 2570 3403 εί
2592 3350 2646 3403 δὲ
2677 3351 2772 3402 καὶ
2800 3349 2862 3404 τὸ
2886 3347 3093 3418 πλῆθος
3117 3347 3433 3418 προσλάϐοι,
3460 3345 3542 3397 καὶ
3560 3343 3660 3396 δυσ·

2139 3444 2487 3516 μαχώτατον.
2523 3443 2802 3498 Πλείστων
2849 3440 2980 3509 γοῦν
3025 3439 3223 3493 δεινῶν
3264 3443 3375 3504 τοῖς
3413 3435 3662 3506 Ῥωμαίοις

2135 3535 2286 3589 αἰτία
2314 3536 2347 3602 ὴ
2375 3534 2500 3587 τότε
2527 3534 2637 3586 τῶν
2659 3531 3054 3602 δυνατωτέρων
3086 3531 3229 3602 πρὸς
3251 3532 3376 3594 τοὺς
3394 3526 3661 3583 ὑποδεεστέ-

2139 3644 2267 3698 ρους
2303 3625 2561 3696 άκρίϐεια
2596 3626 2841 3694 γέγονεν.
2891 3625 2980 3688 ὀς
3010 3623 3118 3696 γὰρ
3147 3628 3273 3689 ταῖς
3309 3623 3590 3694 στρατείαις
3615 3636 3659 3672 τε

2133 3717 2196 3770 τὸ
2222 3717 2613 3788 στρατιωτικὸν
2642 3715 2917 3782 ἐπιέζετο,
2943 3718 3041 3771 καὶ
3070 3716 3245 3770 πολλὰ
3269 3715 3515 3778 πολλάκις
3540 3711 3658 3765 ἑλπί-

2137 3826 2237 3862 σαν
2276 3807 2465 3877 σαφῶς
2493 3807 2825 3876 ὲξηπάτητο,
2861 3807 2956 3859 καὶ
2991 3804 3143 3876 παρὰ
3194 3805 3303 3860 τῶν
3331 3801 3594 3859 δανειστῶν
3621 3800 3658 3851 οἱ

2135 3900 2413 3970 ὀφειλέται
2441 3900 2728 3970 ὑϐρίζοντο
2755 3899 2852 3952 καὶ⁵
2877 3899 3150 3969 ᾐκίζοντο,
3184 3899 3243 3963 ἐς
3266 3898 3506 3952 τοσοῦτον
3522 3892 3658 3965 ὀργῆς

2136 3994 2533 4064 ἰξεκαύοησαν,
2556 3993 2630 4057 ὡς
2663 3995 2758 4047 καὶ
2781 3995 2882 4063 τὴν
2912 3994 3068 4047 πόλιν
3092 3994 3204 4047 τῶν
3233 3993 3451 4064 ἀπόρων
3474 3987 3659 4059 συχνοὺς

2134 4084 2404 4148 ἐκλιπεῖν,
2454 4087 2548 4139 καὶ
2576 4088 2642 4139 ἐκ
2674 4087 2767 4139 τοῦ
2800 4086 3173 4156 στρατοπέδου
3209 4083 3566 4155 ἀναχωρῆσαι,
3586 4081 3688 4131 καί·

2136 4180 2201 4230 ἐκ
2227 4177 2326 4247 τῆς
2355 4175 2541 4249 χώρας
2565 4177 2641 4241 ὡς
2665 4178 2960 4248 πολεμίους
2982 4179 3080 4241 τάς
3106 4179 3314 4248 τροφὰς
3337 4173 3658 4245 ἐρανίζεσθαι.

2135 4271 2293 4324 Οὕτω
2328 4269 2386 4322 δὲ
2428 4269 2636 4325 τούτων
2684 4269 3139 4340 συνενεχθέντων,
3188 4273 3312 4324 ἐπεὶ
3343 4263 3659 4334 πολλοὶπρὸς

2133 4360 2260 4424 τοὺς
2289 4359 2638 4422 ἀποστάντας
2670 4360 2984 4431 συνέρρεον.
3013 4361 3294 4424 δείσαντες
3319 4361 3369 4412 oi
3393 4354 3658 4428 βουλευταὶ.

2137 4451 2213 4522 μὴ
2240 4451 2334 4504 ἐπὶ
2365 4451 2528 4505 πλέον
2549 4445 2696 4505 οὗτοί
2730 4468 2790 4504 τε
2825 4451 3279 4522 ἐκπολεμωθῶσι,
3302 4451 3393 4505 καὶ
3419 4452 3482 4520 τῇ
3509 4447 3660 4500 στάςει

1922 4544 2026 4600 Or-
2064 4571 2106 4624 ι)
2137 4541 2542 4596 συνεπίθωνται
2578 4543 2628 4596 ei
2670 4541 2968 4613 περίοικοι.
3011 4543 3508 4614 διεκηρυκεύσαντο
3549 4535 3659 4605 πρὸς

2132 4631 2357 4697 αὐτοὺς,
2393 4631 2664 4703 ὅσα-πρὸς
2696 4632 2896 4704 βουλῆς
2945 4629 3086 4703 ἦσαν
3137 4635 3322 4697 αὐτοῖς
3371 4633 3534 4686 ποιετν
3573 4629 3658 4680 ὑπ·

2135 4722 2503 4793 ισχνούμενοι.
2540 4722 2626 4787 ’ος
2653 4725 2710 4778 δὲ
2739 4724 2977 4794 μάλιστα
3000 4725 3366 4794 ἐθρασύνοντο
3393 4723 3482 4778 καὶ
3505 4718 3659 4774 οὐδένα

2131 4815 2291 4882 λόγον
2313 4815 2580 4884 ἐδέχοντο,
2606 4811 2689 4880 εἷς
2723 4818 2835 4870 τῶν
2864 4816 3153 4886 πρέσϐεων
3189 4817 3485 4887 ’Δγρίππας
3506 4811 3657 4876 Μενήο

2131 4923 2266 4970 νιος,
2299 4907 2472 4976 μύθου
2511 4907 2658 4970 τινὸς
2701 4910 2842 4977 σφᾶς
2879 4910 3116 4964 ἀκοῦσαι
3156 4910 3374 4980 ἠξίωσε,
3401 4909 3489 4962 καὶ
3513 4901 3659 4973 τυχὼν

2131 4994 2284 5053 είπεο
2314 4999 2650 5054 Στασιάσαι
2688 5000 2836 5070 πρὸς
2871 4999 2986 5070 τὴν
3013 5002 3274 5072 γαστέρα
3303 5000 3487 5054 πάντα
3507 4997 3570 5050 τὰ
3583 4991 3660 5062 μέ·

2130 5095 2212 5159 ,ιη
2238 5091 2344 5145 τοῦ
2372 5090 2669 5160 σώματος,
2699 5093 2799 5146 καί
2837 5091 3023 5161 satiras
3055 5093 3199 5158 τοὺς
3227 5090 3572 5162 ὀφθαλμοὺς,
3594 5084 3658 5149 ὡς

2135 5183 2303 5252 ἡμεῖς
2342 5183 2448 5250 τάς
2483 5201 2547 5238 ts
2567 5184 2774 5252 χεῖρας
2809 5185 3092 5253 ἐνεργοὺς
3118 5188 3206 5251 εἰς
3228 5185 3388 5256 ἔργα,
3427 5182 3517 5236 καί
3543 5176 3657 5239 τοὺς

2132 5278 2326 5343 πόδας
2352 5279 2506 5346 πρὸς
2529 5279 2783 5347 πορείαν
2818 5278 3122 5346 τιθέαμεν·
3163 5278 3277 5345 τὴν
3318 5275 3583 5347 γλῶσσαν
3603 5266 3658 5319 δέ

2134 5367 2231 5421 καί
2265 5368 2338 5422 τὰ
2364 5369 2563 5437 χειλη,
2585 5368 2678 5422 ὅτι
2719 5366 2797 5421 δι’
2827 5365 2997 5436 ἡμῶν
3043 5368 3114 5421 τὰ
3144 5366 3254 5434 τῆς
3289 5365 3519 5434 καρδίας
3535 5360 3657 5425 ,βου-

2132 5459 2402 5527 ,ιεῠματα
2441 5457 2949 5528 ἐξαγγέλλονταν
3005 5461 3076 5515 τὰ
3112 5455 3232 5515 ὦτα
3273 5457 3323 5512 δ’
3353 5451 3446 5520 αὖ,
3483 5453 3554 5517 ὡς
3596 5445 3655 5500 δι’

2133 5550 2305 5619 ἡμῶν
2329 5554 2384 5606 οἱ
2409 5551 2484 5605 δι’
2511 5550 2731 5618 ἐτέρων
2755 5551 2925 5622 λόγοι
2956 5549 3036 5616 τῷ
3063 5551 3166 5606 νοῒ
3186 5546 3652 5616 παραπέμπονται·

2134 5643 2239 5706 τὰς
2267 5639 2335 5693 δὲ
2367 5639 2590 5709 χεῖρας,
2633 5641 2722 5694 ὅτι
2763 5639 3065 5710 ἐργάτιδες
3115 5635 3294 5694 οὖσαι
3340 5633 3496 5705 ἡμεῖς
3526 5642 3656 5695 περι·

2133 5731 2458 5799 ποιούμεθα
2491 5732 2860 5800 πορισμούςο
2891 5732 3033 5800 τοὺς
3062 5731 3251 5796 πόδας
3287 5728 3339 5782 δ’
3375 5720 3549 5787 αὖθις.
3583 5718 3654 5769 ὅτι

2135 5823 2299 5878 ίίοταν
2323 5821 2492 5892 ἦμεῙς
2517 5821 2582 5877 τὸ
2603 5823 2774 5895 σῶμα
2792 5824 3098 5894 φέροντες,
3121 5823 3413 5890 κοπιῶμεν
3435 5816 3534 5871 κάν
3554 5807 3653 5868 ταῖς
