3862 6598
140 437 235 502 589
1371 434 1781 500 ANNALIUM
1819 435 1967 497 LIB.
2006 433 2140 497 VII.

3264 425 3376 493 590

141 555 392 626 πφείαις
403 553 515 609 κάν
527 551 658 620 ταῖς
677 551 1010 621 ἐργασίαις,
1045 553 1164 609 κάν
1206 552 1336 620 ταῖς
1378 552 1696 607 στάσεσιν.

1811 559 1969 618 paret,
1993 565 2160 620 neque
2193 562 2383 602 manus
2403 544 2474 600 ad
2506 560 2636 617 opus
2663 543 2823 615 fuisse
2851 542 3050 615 agiles,
3080 541 3141 597 ob
3178 544 3374 598 ventris

144 647 331 718 Ἠμῶν
359 644 1023 716 δ’ἐνεργούντωνοῦτω,
1055 645 1138 700 σὺ
1167 646 1326 716 μόνη
1350 643 1699 709 ἀσυντελὴς

139 737 281 798 οὖσα
301 739 397 794 καὶ
425 738 660 808 ἀεργὸς,
684 739 806 796 ὑπὸ
834 738 1082 794 πάντων
1104 736 1278 808 ἡμῶν
1299 738 1380 804 ὠς
1401 733 1700 791 δέσποινά

136 851 218 902 τις
229 830 510 901 ὑπηρετῡ,
529 832 628 888 καί
651 832 772 887 τῶν
786 832 855 887 ὲκ
872 829 1141 902 καμάτου
1158 829 1404 886 πάντων
1417 829 1584 900 ἡμῶν
1598 842 1700 882 πο-

131 924 348 996 ρισμῶν
362 924 700 992 ἀπολαύεις
720 923 900 993 αὐτή.
935 924 1008 979 'H
1027 923 1097 978 δὲ
1131 918 1366 994 γαστὴρ
1388 923 1700 984 συνέθετο,

137 1019 222 1073 καὶ
249 1016 398 1084 αὐτὴ
431 1017 590 1071 οὕτω
611 1016 778 1072 ταῦτ’
802 1017 990 1086 ἔχειν.
1021 1016 1136 1070 Kal
1159 1018 1211 1070 sl
1235 1014 1424 1081 δοκεῖ,
1444 1015 1697 1084 ἔφησεν,

136 1109 500 1181 ἀχορήτητόν
513 1126 595 1180 με
624 1109 872 1176 ἐάσατε,
891 1108 1088 1178 μηδέν
1101 1127 1204 1180 μοι
1226 1107 1700 1178 προσφέροντες.

142 1199 338 1264 Ἔδοξε
355 1199 568 1265 ταῦτα,
600 1199 698 1254 καί
724 1197 811 1268 μή
834 1215 891 1253 τι
921 1199 1029 1254 τοῦ
1055 1199 1276 1254 λοιποῦ
1315 1199 1702 1268 χορηγεῖσθαι

138 1290 201 1359 τῇ
223 1290 435 1361 γαστρί
463 1289 684 1358 κοινῶς
702 1289 1019 1360 ἐψηφίσθη
1050 1291 1177 1358 τοῖς
1193 1291 1433 1362 μέλεσι.
1462 1289 1702 1362 Τροφῆς

133 1384 192 1443 δὲ
215 1381 297 1454 μὴ
322 1382 832 1454 προσφερομένης
865 1381 1047 1452 αὐτῇ,
1081 1384 1209 1439 οὔθ’
1232 1385 1294 1438 at
1321 1383 1518 1454 χεῖρες
1548 1382 1702 1452 πρὸς

133 1476 293 1544 ἔργον
355 1470 526 1545 ἦσαν
575 1473 908 1543 εὐκίνητοι,
963 1474 1064 1529 διὰ
1107 1474 1225 1544 τὴν
1278 1473 1522 1530 ἔνδειαν
1589 1473 1702 1543 τῆς

133 1566 376 1638 γαστρὸς
427 1567 838 1637 ἀτονήσασαι,
893 1566 1023 1621 οὐθ’
1077 1568 1132 1620 oi
1182 1565 1367 1632 πόδες
1416 1565 1700 1635 ἔρρωντο,

133 1659 255 1714 οὔτε
294 1676 349 1712 τι
385 1658 601 1729 ἕτερον
636 1658 754 1713 τῶν
772 1656 979 1730 μελῶν
1004 1657 1120 1726 τὴν
1145 1658 1376 1712 οἰκείαν
1395 1657 1705 1728 ἐνέργειαν

134 1748 406 1819 παρεῖχεν
479 1751 903 1820 ἀπρόσκοπον,
953 1747 1094 1804 ἀλλ’
1141 1749 1418 1819 ἄπρακτα
1480 1748 1701 1813 πάντα,

132 1840 457 1910 δυσκίνητά
496 1858 583 1907 τε,
628 1840 668 1910 ἣ
717 1841 817 1896 καί
854 1841 1064 1895 τέλεον
1095 1835 1262 1912 ἦσαν
1293 1840 1567 1907 ἀκίνητα.
1594 1840 1703 1894 Kal

131 1934 248 1988 τότε
276 1934 595 2004 συνῆκαν,
635 1934 728 1989 ὅτι
758 1933 829 1988 τὰ
867 1933 942 2002 τῇ
977 1932 1188 2003 γαστρί
1221 1931 1701 2002 προσφερόμενα,

131 2023 194 2078 οὐ
231 2022 488 2100 μᾶλλον
526 2023 762 2093 ἐκείνῃ,
810 2023 951 2080 ἀλλ’
991 2023 1199 2087 αὐτοῖς
1242 2021 1702 2092 κεχορήγηνται,

1799 641 2031 696 inediam
2065 641 2292 710 defectus
2320 639 2518 693 viribus
2547 653 2566 692 :
2597 653 2763 697 neque
2791 637 2948 707 pedes
2987 636 3216 690 valuisse
3235 677 3250 700 ,
3290 651 3378 689 ne-

1798 750 1898 802 que
1936 733 2106 788 ullum
2137 733 2290 788 aliud
2328 731 2621 787 membrum
2653 747 2806 785 suum
2836 747 3024 784 munus
3049 732 3185 785 citra
3218 730 3373 801 offen-

1797 841 1914 878 sam
1941 825 2124 879 abiisse
2149 840 2167 878 :
2196 824 2288 879 sed
2326 825 2506 878 omnia
2532 823 2690 893 fuisse
2727 823 2942 891 ignava,
2981 839 3125 893 a'gra
3149 832 3242 877 aut
3285 838 3378 893 pe-

1801 917 1941 969 nitus
1976 917 2286 970 immobilia.
2318 915 2448 969 Tum
2494 931 2614 969 vero
2652 914 2972 968 intellectura
2999 931 3138 978 esse,
3174 931 3235 968 ea
3263 930 3382 985 quo:

1800 1009 1969 1061 ventri
1993 1009 2313 1078 prwbentur,
2338 1023 2442 1060 non
2461 1007 2630 1076 magis
2651 1008 2750 1076 ipsi
2772 1022 2932 1076 quam
2953 1007 3191 1060 omnibus
3221 1022 3384 1060 mem-

1799 1101 1902 1154 bris
1932 1099 2294 1170 suppeditari,
2342 1116 2406 1153 ac
2453 1115 2516 1153 ea
2555 1098 2769 1169 singula
2803 1100 3034 1169 fructum
3067 1099 3191 1153 inde
3225 1116 3382 1154 suum

1801 1191 2089 1261 percipere.
2117 1190 2197 1244 Ex
2216 1205 2285 1246 eo
2317 1204 2579 1245 sermone
2597 1189 2896 1246 multitudo
2916 1189 3210 1254 intellexit,
3233 1192 3386 1247 locu-

1803 1281 2011 1348 pletum
2070 1280 2363 1337 facultates
2430 1280 2600 1337 etiam
2649 1281 2988 1353 pauperibus
3033 1297 3158 1339 esse
3194 1283 3382 1340 utiles.

1801 1372 1958 1440 Quod
1996 1372 2042 1429 si
2074 1371 2156 1428 illi
2186 1389 2314 1430 suas
2338 1388 2473 1445 opes
2499 1389 2570 1430 ex
2609 1374 2818 1429 mutuis
2858 1375 3112 1445 pecuniis
3144 1384 3386 1448 augeant

1803 1464 1858 1518 id
1893 1472 2073 1520 tamen
2113 1465 2169 1519 in
2204 1465 2395 1536 populi
2421 1465 2818 1521 detrimentum
2851 1481 2960 1522 non
2993 1467 3213 1523 cedere.
3244 1467 3383 1523 Nam

1805 1560 1850 1616 si
1893 1560 2034 1616 nihil
2068 1560 2342 1617 baberent
2387 1561 2717 1632 locupletes,
2753 1578 2934 1634 neque
2969 1577 3240 1634 pauperes
3282 1578 3388 1619 ne-

1805 1655 2061 1710 cessariis
2107 1655 2454 1726 temporibus
2497 1655 2810 1718 habituros,
2857 1657 3004 1712 unde
3040 1666 3391 1721 mutuemur,

1805 1753 1972 1814 atque
2006 1753 2236 1818 urgente
2263 1743 2595 1801 necessitate
2629 1746 2931 1815 perituros.
2986 1744 3099 1800 llac
3137 1745 3392 1801 oratione

1809 1836 2068 1907 mitigati,
2107 1837 2332 1893 decreta
2367 1845 2623 1892 a‘senatu
2653 1837 2927 1894 levatione
2957 1837 3298 1904 debitorum,
3335 1849 3394 1894 et

1735 1909 1778 1966 Β
1809 1944 2078 1984 nexorum
2113 1930 2185 1985 ob
2207 1945 2282 1987 tes
2308 1930 2551 1986 alienum
2581 1931 2880 1998 solutione,
2908 1931 2963 1987 in
2989 1932 3224 2005 gratiam
3264 1948 3393 1988 cum

1809 2022 2065 2092 patribus
2093 2023 2400 2080 redierunt.

133 2117 218 2171 καί
242 2115 453 2172 αὐτῶν
495 2116 758 2172 ἕκαστον
793 2117 998 2186 ἐκείνῃ
1037 2115 1514 2185 προσαγομένων
1581 2114 2025 2182 παραπολαύει.
2093 2114 2322 2178 Τούτοις
2393 2117 2510 2179 τοῖς
2553 2114 2738 2184 λόγοις
2769 2114 2831 2170 τὸ
2897 2116 3104 2189 πλῆθος
3133 2119 3394 2190 συνῆκεν.

129 2210 195 2276 ὥς
241 2212 296 2266 al
355 2211 474 2266 τῶν
515 2211 768 2282 εὐπόρων
807 2209 987 2264 οὐσίαι
1019 2212 1117 2263 καὶ
1147 2212 1261 2275 τοῖς
1331 2207 1564 2280 πένησίν
1603 2210 1745 2264 εἰσιν
1783 2209 1865 2273 εἰς
1893 2209 2186 2280 ὠφέλειαν.
2260 2211 2373 2266 Καὶ
2403 2213 2452 2266 εί
2479 2213 2727 2268 κάκεῖνοι
2756 2212 3053 2284 ὼφελοῖντο
3095 2214 3161 2268 ὲκ
3198 2214 3396 2270 δανει-

129 2305 369 2376 σμάτων,
409 2307 508 2360 καὶ
550 2307 653 2370 τάς
686 2305 879 2371 οὐσίας
913 2303 1195 2371 αὔξουσιν,
1232 2305 1334 2359 οὐκ
1366 2305 1447 2370 είς
1498 2303 1708 2377 βλάϐην
1744 2304 1905 2360 τοῦτο
1967 2306 2080 2360 τῶν
2141 2306 2356 2362 πολλῶν
2392 2307 2686 2364 ἀποϐαίνει
2708 2325 2724 2375 ;
2746 2309 2823 2374 ὡς
2854 2309 2912 2364 εί
2939 2327 3002 2380 γε
3035 2309 3110 2382 μὴ
3140 2309 3320 2382 ἔχοιεν
3343 2313 3397 2368 οι

129 2401 511 2471 πλουτοῦντες,
571 2401 682 2457 οὐδ’
719 2405 771 2457 οἱ
837 2405 1075 2472 πένητες
1128 2401 1196 2456 ἂν
1261 2403 1322 2456 ὲν
1390 2404 1608 2473 καιροῖς
1671 2401 1998 2472 ἀναγκαίοις
2052 2402 2238 2468 ἕξουσι
2292 2404 2422 2468 τοὺς
2467 2404 2844 2470 δανείσοντας,
2909 2403 3008 2460 καὶ
3064 2407 3397 2461 ἀπολοῦνται

128 2501 295 2570 χρείας
349 2498 813 2572 κατεπειγούσης.
872 2499 1162 2554 Ἐντεῦθεν
1201 2498 1504 2572 ἡπιὼτεροι
1555 2499 1839 2571 γενόμενοι
1909 2500 2359 2572 κατηλλάγησαν,
2435 2502 2744 2574 κουφισμὸν
2815 2499 2925 2554 τῶν
2993 2499 3253 2570 όφειλῶν,
3298 2505 3399 2559 καὶ

128 2593 222 2647 τῶν
252 2594 663 2667 ὑπερημεριῶν
700 2596 899 2666 ἄφεσιν
937 2595 1038 2666 τῆς
1075 2595 1276 2666 βουλῆς
1309 2594 1704 2667 ψηφισαμένης
1744 2597 1953 2660 αὐτοῖς.

187 2687 282 2743 ιε’.
327 2686 670 2752 Φοδηθέντες
692 2687 750 2742 δὲ
785 2688 886 2760 μὴ,
934 2688 1334 2758 σκεδασθείσης
1388 2689 1578 2752 αὐτοῖς
1605 2689 1706 2757 τῆς

133 2781 470 2847 συστάσεως,
505 2779 542 2853 ἢ
593 2780 697 2845 τάς
724 2781 1006 2853 συνθήκας
1036 2781 1138 2835 οὐκ
1168 2781 1442 2844 ἐπιτελεῖς
1466 2781 1706 2848 ἕξουσιν,

131 2871 482 2946 ηκακωθῶσι
505 2871 874 2938 διαλυθέντες,
901 2875 998 2928 καὶ
1031 2873 1195 2939 ἄλλος
1219 2875 1344 2928 κατ’
1368 2874 1538 2944 ἀλλην
1568 2876 1707 2943 πρός

133 2982 280 3034 φασιν
317 2964 608 3031 κολάζοιτο
656 2965 1046 3037 συνεχόμενος,
1081 2966 1373 3022 συνέθεντο
1402 2969 1708 3042 ἐπαρήγειν

132 3057 402 3122 ἀλλήλοις,
435 3056 506 3111 ἄν
535 3056 620 3121 τίς
651 3073 704 3110 τι
729 3056 972 3112 ἀδικοῖτο
993 3074 1006 3089 ·
1045 3058 1144 3113 καὶ
1168 3059 1368 3131 ὅρκους
1413 3061 1505 3113 ἐπὶ
1529 3061 1707 3130 τούτῳ

136 3151 389 3224 ὑπέσχον,
417 3151 514 3206 καὶ
538 3152 856 3222 προστάτας
881 3151 1082 3206 αὐτίκα
1111 3152 1173 3218 ἐξ
1201 3153 1413 3206 ἑαυτῶν
1433 3153 1545 3208 δύω
1573 3171 1712 3224 προ-

135 3248 494 3318 εγειρξσαντο,
526 3240 648 3299 εἶτα
677 3246 773 3298 καὶ
801 3245 1048 3309 πλείους,
1101 3243 1170 3299 ἶν’
1199 3240 1312 3298 εἷεν
1341 3246 1528 3310 αὐτοῖς
1570 3247 1710 3302 κατά

138 3338 451 3410 συμμορίαν
500 3337 690 3409 βοηθοὶ
739 3336 854 3410 (94)
891 3354 952 3391 τε
1005 3337 1103 3391 καὶ
1125 3338 1378 3409 τιμωροέ.
1415 3339 1525 3393 Καὶ
1552 3339 1711 3392 τοῦτο

136 3430 224 3503 οὐχ
244 3430 402 3498 ἅπαξ
425 3432 720 3504 ἐποίησαν,
745 3431 861 3486 ἀλλ’
894 3430 1084 3484 ἔκτοτε
1110 3433 1170 3485 τὸ
1203 3433 1438 3502 πρᾶγμα
1465 3432 1712 3503 ἀρξάμε-

138 3539 236 3588 νον,
261 3523 416 3584 οὕτω
443 3523 885 3597 προέδαινε,καὶ
911 3523 1000 3576 ἐπ’
1031 3524 1279 3579 ἐνιαυτὸν
1307 3524 1435 3588 τοὺς
1465 3509 1710 3597 προστά-

138 3631 224 3680 τας
249 3617 330 3679 ὼς
363 3617 544 3691 ἀρχήν
571 3633 698 3672 τινα
725 3616 1152 3681 ἀπεδείκνυσαν,
1183 3619 1250 3688 τῇ
1285 3615 1385 3688 μὲν
1413 3616 1525 3670 τῶν
1546 3617 1711 3673 Λατί-

139 3723 234 3761 νων
281 3707 508 3781 γλώσσῃ
553 3700 926 3778 καλουμένους
973 3708 1299 3780 τριϐούνους
1350 3707 1528 3780 (οὕτω
1572 3709 1628 3763 δὲ
1657 3711 1708 3764 οἱ

141 3800 414 3873 Χιλίαρχοι
447 3801 794 3871 κέκληνται),
844 3798 1160 3872 δημάρχους
1214 3801 1273 3854 δὲ
1303 3818 1710 3874 προσαγορευο-

141 3897 328 3966 μένους
376 3898 444 3967 τῇ
509 3895 782 3966 Ἑλληνίδι
833 3899 1023 3968 φωνῇ’
1064 3896 1154 3951 ἵνα
1174 3896 1230 3950 δὲ
1263 3896 1644 3968 διαστέλληται
1674 3900 1708 3970 ἡ

140 3987 237 4044 τῶν
263 3987 570 4060 τριδούνων
625 3989 991 4061 προσηγορία,
1037 3991 1151 4054 τοῖς
1196 3989 1300 4062 μὲν
1319 3991 1381 4044 τὸ
1405 3990 1513 4044 τῶν
1543 4009 1712 4064 στρα-

140 4082 362 4147 τιωτῶν,
392 4084 510 4145 τοῖς
553 4081 611 4136 δὲ
639 4081 704 4135 τὸ
751 4080 848 4135 τοῦ
879 4081 1122 4152 πλήθους
1173 4082 1510 4154 προσέθεντο
1538 4084 1713 4156 πρόσο

145 4190 306 4246 ρημα.
329 4170 489 4231 Οὗτοι
523 4174 590 4246 δὴ
617 4174 713 4229 τοῦ
745 4173 986 4246 πλήθους
1020 4175 1070 4228 oi
1097 4173 1380 4247 τριϐοὖνοι
1426 4176 1460 4247 ἢ
1495 4176 1710 4248 δήμαρ-

139 4281 216 4334 χοι
242 4266 496 4335 μεγάλων
544 4265 734 4320 κακῶν
788 4267 954 4322 αἴτιοι
985 4267 1051 4337 τῇ
1092 4265 1278 4339 Ῥώμῃ
1308 4267 1592 4337 γεγόνασι.
1634 4268 1708 4321 Τὸ

142 4357 233 4424 μὲν
257 4358 366 4428 γάρ
384 4359 498 4412 τῶν
524 4359 806 4429 ἀρχόντων
837 4359 1013 4432 ὄνομα
1033 4360 1136 4413 οὐκ
1161 4358 1322 4431 ἔσχον
1342 4360 1528 4426 εὐθὺς,
1553 4360 1708 4430 ἰσχὺν

1887 2689 2004 2745 XV.
2044 2690 2318 2748 (lictorum
2345 2689 2532 2760 veriti,
2571 2707 2638 2747 ne
2667 2692 2764 2750 illo
2789 2699 2936 2751 ctetu
2966 2692 3269 2765 dissipato,
3309 2696 3400 2752 vel

1815 2783 1992 2852 pactis
2021 2799 2132 2838 non
2173 2793 2436 2850 staretur,
2486 2785 2576 2840 vel
2623 2786 2670 2841 si
2709 2785 2944 2858 digressi
2993 2795 3204 2851 essent,
3257 2789 3402 2846 alius

1814 2875 1926 2930 alio
1958 2875 2181 2932 nomine
2258 2875 2700 2948 comprehensus
2755 2877 3115 2948 plecteretur,
3175 2880 3402 2950 pepige-

1815 2975 1966 3033 runt,
2015 2967 2063 3023 si
2117 2967 2207 3023 cui
2251 2967 2408 3024 fieret
2462 2967 2702 3039 injuria,
2761 2979 2957 3026 mutuo
3014 2969 3224 3025 laturos
3273 2986 3400 3026 esse

1814 3075 1998 3132 Opem.
2066 3060 2256 3132 quue
2304 3068 2464 3131 pacto
2503 3061 2866 3133 jurejurando
2922 3061 3163 3129 ﬁrmato,
3211 3063 3399 3118 statim

1815 3153 1957 3210 duos
1989 3164 2256 3224 patronos
2297 3155 2383 3210 sui
2419 3155 2636 3210 ordinis
2663 3154 2956 3225 elegerunt
3003 3171 3020 3221 ;
3063 3155 3265 3212 deinde
3295 3172 3400 3213 au-

1815 3255 2018 3300 xerunt
2050 3261 2368 3311 numerum,
2396 3255 2458 3301 ut
2492 3247 2720 3318 singulae
2747 3248 2954 3304 classes
2972 3263 3104 3304 suos
3131 3261 3398 3318 patronos

1814 3335 2086 3392 haberent
2116 3351 2181 3392 ac
2214 3336 2482 3394 vindices.
2513 3338 2704 3408 Neque
2745 3338 2853 3393 hoc
2886 3339 3056 3394 semel
3107 3340 3397 3406 fecerunt;

1815 3427 1912 3484 sed
1945 3428 2015 3483 ab
2048 3444 2114 3484 eo
2146 3437 2418 3499 tempore,
2458 3429 2606 3486 iacto
2633 3430 2816 3496 initio,
2854 3445 2944 3486 res
2979 3431 3055 3486 ita
3079 3434 3355 3501 processit
3375 3473 3406 3497 ,_

1816 3527 1878 3574 ut
1909 3522 2206 3590 quotannis
2227 3536 2324 3578 eos
2343 3531 2607 3592 patronos
2631 3531 2890 3594 tanquam
2917 3525 3276 3596 magistratus
3300 3526 3401 3584 de-

1815 3613 2075 3684 ligerent,
2121 3614 2217 3685 qui
2249 3615 2459 3670 tribuni
2494 3615 2698 3685 plebis,
2732 3616 3076 3674 discriminis
3099 3634 3265 3676 causa
3293 3637 3399 3682 no-

1814 3707 2145 3764 minantur:
2207 3707 2358 3778 quod
2407 3709 2444 3764 ii
2477 3709 2646 3766 etiam
2695 3709 2751 3764 in
2801 3726 2864 3768 re
2913 3711 3139 3769 militari
3187 3713 3401 3772 tribuni

1812 3797 2098 3862 dicuntur,
2129 3800 2226 3870 qui
2256 3800 2553 3871 imperium
2579 3801 2635 3858 in
2668 3802 2825 3858 mille
2853 3803 3005 3860 viros
3036 3804 3312 3862 obtinent.
3349 3807 3396 3863 li

1815 3891 2022 3948 tribuni
2061 3892 2242 3962 plebis
2269 3894 2569 3965 magnasin
2600 3895 2894 3966 republica
2927 3897 3118 3953 turbas
3144 3900 3396 3962 concita-

1814 3989 1985 4036 runt:
2019 3983 2116 4052 qui
2163 3999 2290 4040 cum
2340 3984 2767 4055 magistratuum
2821 4001 3025 4042 nomen
3054 4003 3164 4044 non
3205 3991 3396 4046 statim

1814 4071 2106 4137 haberent,
2167 4073 2410 4143 potentia
2469 4083 2706 4129 caeteros
2767 4090 2964 4131 omnes
3031 4079 3392 4149 superabant.

1812 4162 1971 4234 34],
2001 4163 2253 4235 quemvis
2297 4165 2602 4234 supplicem
2634 4163 3042 4234 defendebant,
3081 4152 3336 4238 quemvis
3361 4187 3396 4226 a

1813 4272 1924 4327 quo
1957 4257 2235 4327 implorati
2258 4265 2445 4314 essent
2477 4260 2817 4326 asserebant,
2848 4277 2961 4316 non
2979 4271 3172 4318 contra
3208 4263 3399 4334 priva-

1815 4360 1902 4403 tos
1931 4347 2226 4415 duntaxat,
2273 4349 2372 4404 sed
2421 4351 2591 4408 etiam
2623 4353 2896 4410 adversus
2937 4355 3088 4426 ipsos
3109 4341 3414 4428 magistra?

139 4447 180 4499 δ’
207 4449 346 4522 ὑπὲρ
395 4451 608 4515 πάντας
636 4452 762 4516 τοὺς
793 4451 988 4516 ἀλλους
1033 4453 1362 4522 ἐκτήσαντο,
1411 4453 1616 4524 ἧμυνόν
1643 4470 1704 4505 τε

1811 4457 1925 4511 tus,
1946 4447 2314 4506 dictatoribus
2353 4458 2568 4506 tantum
2588 4453 2856 4522 exceptis.
2883 4451 3042 4520 Quod
3071 4453 3118 4508 si
3141 4453 3268 4524 quis
3297 4469 3398 4512 eos

139 4539 369 4615 δεομένῳ
398 4547 590 4608 παντὶ,
621 4547 717 4598 καὶ
747 4543 930 4599 πάντα
958 4543 1052 4598 τὸν
1081 4543 1527 4615 ὲπιδοησάμενον
1567 4547 1711 4614 σφᾶς

141 4631 464 4706 ἀφηροῦντο,
487 4634 590 4688 οὐκ
609 4637 674 4689 ἐκ
709 4635 886 4706 μόνων
922 4633 1172 4702 ἰδιωτῶν,
1198 4635 1336 4689 ἀλλά
1362 4635 1458 4690 καὶ
1489 4634 1586 4690 ἀπ’
1613 4635 1710 4689 αὑ-

139 4725 240 4780 τῶν
260 4727 372 4781 τῶν
402 4727 707 4798 ἀρχόντων,
734 4728 877 4799 πλὴν
907 4727 1017 4782 τῶν
1058 4727 1416 4798 δικτατόρων.
1452 4727 1517 4780 Εἰ
1543 4726 1600 4780 δέ
1625 4745 1708 4790 τις

143 4818 228 4871 καὶ
244 4818 486 4883 ἀπόντας
517 4819 716 4883 αὐτοὺς
745 4819 1148 4885 ἐπεκαλέσατο,
1179 4821 1433 4883 κάκεῖνος
1475 4819 1586 4874 ἀπὸ
1615 4819 1710 4873 τοῦ

143 4911 450 4982 συνέχοντος
479 4912 646 4964 αὐτὸν
697 4911 1102 4984 ἀπηλλάττετο,
1145 4911 1241 4965 καὶ
1267 4911 1302 4981 ἢ
1335 4913 1394 4974 ὲς
1420 4911 1482 4963 τὸ
1508 4910 1712 4980 πλῆθος

145 4999 226 5052 ὑπ’
255 5003 438 5056 αὐτῶν
470 5003 751 5074 εἰσήγετο,
787 5001 821 5072 ἢ
876 5003 970 5055 xa‘t
1005 5001 1300 5054 ἀπελύετο.
1344 4999 1508 5064 Ἀλλά
1535 4999 1632 5053 καὶ
1661 5000 1716 5052 εί

141 5093 194 5143 τί
216 5112 314 5147 που
377 5095 561 5161 ἔδοξεν
602 5096 791 5158 αὐτοῖς
837 5096 916 5166 μὴ
974 5095 1252 5162 γενέσθαι,
1303 5093 1563 5159 ἐκώλυον,
1607 5092 1712 5148 κᾶν

148 5182 347 5256 ἰδιώτης
372 5181 442 5258 ἦν
471 5188 499 5240 ὁ
527 5185 718 5252 ποιῶν,
744 5187 847 5240 κᾶν
877 5185 1084 5257 ἄρχων,
1116 5185 1221 5238 κᾶν
1247 5186 1276 5238 δ
1309 5185 1506 5256 δῆμος,
1539 5185 1645 5239 κᾶν
1676 5185 1710 5256 ἡ

147 5273 298 5346 βουλὴ
349 5279 618 5342 πράττειν
667 5277 861 5348 ἔμελλέ
890 5295 965 5340 τι,
1017 5277 1120 5330 κᾶν
1152 5276 1515 5346 ψηφίζεσθαι,
1547 5272 1627 5340 εἷς
1655 5276 1712 5331 δέ

145 5384 220 5430 τις
240 5371 538 5441 ηναντὶωτο
564 5370 867 5442 δήμαρχος,
893 5371 1179 5440 ἄπρακτος
1208 5370 1301 5422 καὶ
1323 5371 1357 5440 ἡ
1390 5371 1590 5441 πρᾶξις
1616 5371 1712 5424 καὶ

148 5461 370 5532 ἡψῆφος
404 5465 639 5532 ἐγίνετο.
674 5465 782 5518 Τοῦ
824 5466 1018 5537 χρόνου
1055 5463 1112 5518 δὲ
1143 5463 1452 5535 προϊόντος,
1482 5467 1579 5518 καὶ
1607 5465 1709 5536 τὴν

1807 4542 1896 4598 vel
1933 4542 2191 4600 absentes
2231 4545 2596 4614 appellasset,
2643 4547 2693 4601 is
2729 4560 2954 4617 quoque
2997 4547 3066 4602 ab
3099 4563 3188 4615 eo,
3218 4563 3250 4603 a
3281 4565 3398 4619 quo
3433 4595 3436 4599 .

1809 4635 2250 4705 comprehensus
2282 4636 2490 4702 fuerat,
2535 4638 2825 4706 liberatus,
2859 4639 2945 4694 vel
2980 4641 3035 4695 in
3064 4641 3396 4700 concionem

1811 4727 1881 4783 ab
1919 4727 2001 4783 eis
2046 4728 2457 4794 adducebatur,
2493 4729 2582 4784 vel
2620 4729 2789 4784 etiam
2831 4729 3244 4786 absolvebatur.
3310 4734 3396 4788 Ad

1813 4821 1950 4886 haec,
1996 4821 2042 4874 si
2072 4820 2220 4890 quod
2258 4822 2340 4876 eis
2379 4822 2663 4877 decretum
2701 4823 2821 4876 sive
2865 4836 2897 4880 a
2937 4821 3176 4891 privato,
3207 4824 3326 4880 sive
3365 4841 3400 4880 a

1812 4911 2136 4981 magistratu
2158 4951 2174 4976 ,
2225 4911 2342 4966 sive
2373 4925 2403 4964 a
2441 4911 2602 4981 plebe
2634 4911 2838 4966 factum
2859 4949 2876 4974 ,
2905 4909 3276 4981 displicebat,
3309 4913 3399 4966 in-

1815 4991 2192 5058 tercedebant.
2229 5003 2386 5070 Quod
2421 5003 2468 5058 si
2488 5012 2716 5058 senatus
2745 5002 2954 5073 aliquid
2987 5003 3074 5057 vel
3094 5018 3282 5075 agere,
3309 5004 3399 5058 vel

1815 5093 2124 5148 decernere
2159 5091 2522 5159 instituisset,
2555 5101 2723 5162 atque
2757 5108 2904 5148 unus
2931 5092 3192 5149 tribunus
3223 5093 3400 5164 plebis

1814 5186 2244 5248 intercessisset,
2303 5185 2524 5240 irritum
2568 5193 2692 5241 erat
2731 5185 2785 5239 id
2828 5185 3139 5250 decretum,
3178 5187 3398 5240 actione

1813 5279 2299 5348 supersedebatur.
2339 5277 2642 5348 Progressu
2679 5279 2943 5348 temporis
2976 5277 3066 5332 illa
3107 5281 3305 5339 etiam,
3336 5285 3400 5328 ut

1814 5379 1864 5424 el
1909 5377 2160 5424 senatum
2189 5377 2599 5436 convocarent,
2634 5369 2786 5425 dicto
2832 5385 2940 5424 non
2976 5370 3264 5423 audientes
3295 5383 3398 5436 pu-

1814 5462 2023 5529 nirent,
2065 5470 2122 5517 et
2162 5462 2450 5532 aruspices
2480 5462 2860 5522 consulerent.
2898 5471 2993 5516 aut
3027 5473 3284 5515 concessa
3314 5459 3400 5511 eis

1337 5624 1540 5687 Varia)
1584 5625 1891 5688 lectiones
1930 5630 1991 5687 et
2033 5623 2227 5688 notae.

216 5759 320 5829 (οι)
345 5762 456 5816 Ἵν’
505 5758 632 5817 εἶεν
659 5762 866 5829 αὐτοῖς
922 5765 1076 5819 κατὰ
1103 5762 1449 5833 συμμορίαν
1467 5760 1710 5828 βοηθοί.

150 5827 462 5903 υιεὶιιευιαι
493 5835 704 5889 classes
725 5827 858 5889 suos
894 5847 1160 5905 patronos
1187 5827 1490 5896 lfabércnt,
1527 5833 1714 5900 sequi-

153 5909 229 5952 ιυτ
251 5917 530 5958 numerum
574 5906 923 5960 tribunorum
965 5905 1032 5960 ad
1056 5906 1249 5961 decem
1280 5918 1403 5961 3550
1433 5914 1654 5960 auctum
1695 5923 1709 5957 ζ

1815 5760 2022 5885 classa?
2059 5769 2244 5815 autem
2298 5775 2329 5815 a
2375 5760 2571 5817 Servio
2627 5759 2806 5814 Tullio
2840 5755 3123 5811 institutae
3172 5751 3401 5815 fuerunt

1816 5847 1930 5884 sex.
2031 5871 2044 5884 .

1816 5847 1930 5884 SCX.
1964 5847 2044 5884 \V.
