3740 6602
475 459 588 524 599
1791 461 2119 524 JOANNIS
2148 463 2472 525 zonam;
3561 481 3638 548 ιιι

468 576 697 634 domum
758 576 946 643 rediit,
1001 583 1170 650 atque
1232 578 1352 649 ipse
1397 578 1563 634 etiam
1622 593 1682 636 se
1733 579 1945 651 magisu

2168 578 2356 650 ρέντος
2390 579 2474 643 είς
2502 577 2564 633 τδ
2597 577 2926 648 πολίτευμα,
2961 577 3058 632 καὶ
3080 577 3378 653 ἅπανταχοῦ
3395 592 3641 660 κικινάτους

468 667 774 726 abdicavit
2167 671 2320 726 ἔστιν
2348 671 2504 743 δρᾷν.
2537 665 2708 735 Οὗτος
2741 667 2834 725 οὖν
2865 670 3139 741 δικτάτωρ
3169 679 3548 748 προχειρισθεὶς,
3575 692 3642 741 καὶ

465 759 787 831 αὐθημερὸν
843 759 1278 832 ἐκστρατεύσας,
1326 760 1424 814 καὶ
1468 760 1626 831 τάχει
1654 761 1756 815 σὺν
1810 761 2089 833 ἀσφαλείᾳ
2121 762 2497 834 χρησάμενος,
2523 762 2622 818 καὶ
2688 765 2802 826 τοῖς
2827 762 3078 824 Αῖκουοῖς
3105 765 3410 835 προσϐαλὼν
3437 776 3552 839 μετὰ
3574 780 3643 832 τοῦ

465 855 790 918 Μινουκίου,
815 853 1104 918 πλείστους
1143 855 1243 924 μὲν
1271 853 1570 924 διέφθειρε,
1597 855 1728 919 τοὺς
1772 854 1818 908 δ’
1848 854 2046 918 ἄλλους
2085 855 2428 926 ἐζώγρησεν,
2465 855 2561 919 οὓς
2613 855 2720 908 ὐπὸ
2755 855 2922 923 ζυγὸν
2983 853 3257 922 διαγαγὼν
3284 857 3492 930 ἀφῆκεν,
3532 866 3582 921 Ἦ
3603 872 3644 924 δὲ

465 948 732 1019 πρᾶξιςή
783 947 883 1002 τοῦ
920 946 1090 1017 ζυγοῦ
1131 947 1314 1002 τοιάδε
1363 964 1452 1011 τις
1499 945 1601 1020 ἦν·
1658 947 1931 1020 σταυροὺς
1959 947 2052 1002 δύο
2086 949 2246 1019 ὄρθια
2289 949 2492 1020 δηλαδὴ
2553 948 2688 1012 ξύλα
2754 948 3003 1019 διέχοντα
3051 946 3309 1019 ἀλλήλων,
3368 956 3440 1016 εἰς
3469 957 3552 1026 τὴν
3569 960 3647 1030 γῆν

465 1045 875 1114 κατεπήγνυον,
914 1042 1010 1096 καὶ
1056 1041 1244 1105 αὐτοῖς
1283 1040 1572 1095 ἐπετίθουν
1613 1042 1908 1114 ἐγκάρσιω
1974 1042 2199 1112 ἕτερον,
2265 1044 2362 1096 καὶ
2421 1041 2512 1096 διά
2545 1041 2714 1113 μέσου
2761 1043 2972 1094 τούτων
3009 1040 3131 1105 τοὺς
3161 1043 3377 1107 ἁλόντας
3393 1046 3550 1116 διῆγον
3577 1069 3647 1119 γυ-

467 1137 656 1206 μνοὺς,
679 1134 707 1187 ὃ
729 1135 846 1198 τοῖς
880 1133 981 1202 μὲν
1001 1132 1172 1203 δρῶσι
1199 1131 1588 1204 λαμπρότητα,
1620 1134 1826 1205 πολλὴν
1847 1133 1894 1188 δ’
1959 1132 2188 1204 ἀτιμίαν
2205 1137 2318 1196 τοῖς
2372 1135 2674 1204 πάσχουσιν
2701 1132 2920 1204 ἔφερεν,
2982 1132 3125 1185 ὥστε
3181 1134 3326 1198 τινὰς
3346 1137 3430 1190 τοῦ
3463 1142 3650 1199 τοιοῦτον

461 1247 518 1283 τι
540 1227 736 1282 παθεῖν
783 1224 1176 1296 προαιρεῖσθαι
1206 1225 1414 1280 θανεῖν.
1439 1226 1550 1280 Καὶ
1583 1225 1742 1279 πόλιν
1773 1227 1830 1280 δὲ
1860 1225 2044 1280 αὐτῶν
2084 1223 2392 1297 Κορουῖνον
2425 1227 2773 1297 καλουμένην
2835 1224 2997 1292 ἑλὼν,
3031 1225 3318 1296 ἐπανῆλθε,
3346 1231 3432 1283 καὶ
3485 1233 3650 1290 τδνΜι.

461 1318 678 1373 νούκιον
701 1318 793 1372 διά
813 1317 915 1388 τὴν
945 1312 1123 1389 ἧτταν
1140 1317 1242 1388 τὴν
1272 1319 1616 1390 στρατηγίαν
1639 1318 1920 1388 ἀφείλετο,
1951 1318 2054 1372 καὶ
2085 1317 2253 1381 αὐτὸς
2281 1317 2520 1372 ἀπέθετο
2543 1317 2646 1390 τὴν
2675 1318 2876 1390 ἀρχήν.

531 1412 720 1469 XVIII.
788 1412 1000 1468 Deinde
1052 1412 1286 1468 Romani
1337 1412 1642 1469 domestico
1695 1413 1840 1467 bello
1896 1424 2008 1466 sunt

2206 1411 2315 1466 IH’.
2355 1412 2417 1464 Οί
2435 1410 2620 1482 μέντοι
2646 1411 2909 1482 Ῥωμαῖοι
2949 1411 3149 1464 οίκεῖον
3174 1411 3422 1482 ἐσχήκασι
3450 1416 3650 1488 πίλεμον,

459 1506 785 1567 conﬂictati.
845 1520 876 1562 a
921 1505 1098 1560 servis
1145 1515 1203 1560 et
1252 1505 1538 1561 exsulibus
1599 1505 1862 1571 conﬂato,

2174 1519 2197 1566 ς
2222 1501 2287 1555 ἐκ
2308 1501 2515 1556 δούλων
2539 1503 2773 1572 συνέστη
2808 1501 2908 1557 καὶ
2942 1501 3198 1570 φυγάδων
3218 1503 3395 1571 τινῶν,
3425 1506 3490 1572 οἳ,
3507 1513 3651 1576 νυκτὸς

459 1606 632 1655 noctu
667 1597 852 1652 subita
882 1597 1250 1666 impressione
1289 1597 1626 1666 Capitolium
1669 1611 1936 1666 occupari

2173 1592 2468 1657 πελθόντες
2498 1594 2858 1660 ἐξαπιναίως,
2878 1593 2974 1649 τοῦ
3004 1593 3350 1648 Καπιτωλίου
3379 1599 3650 1672 ἐκράτησαν.

459 1690 570 1746 Sed
604 1689 757 1761 plebs
787 1697 900 1744 tum
931 1703 1152 1759 quoque
1177 1703 1288 1743 non
1319 1687 1476 1758 prius
1508 1704 1661 1744 arma
1685 1688 1855 1759 cepit,
1877 1703 1936 1756 qr

2172 1686 2213 1738 Ο
2241 1684 2286 1738 δ’
2314 1684 2504 1755 ὅμιλος
2529 1687 2624 1740 καὶ
2647 1685 2768 1739 τότε
2801 1687 2863 1740 ού
2906 1687 3174 1757 πρότερον
3196 1687 3252 1739 ἐν
3277 1688 3454 1753 ὅπλοις
3468 1693 3649 1767 ἐγένετο,

461 1782 706 1854 patriciis
740 1781 944 1852 aliquid
975 1780 1328 1837 detraxisset.
1360 1784 1438 1837 Ac
1461 1781 1763 1837 seditiosos
1791 1796 1938 1850 oppri

2176 1776 2273 1848 πρίν
2299 1795 2352 1830 τι
2383 1778 2550 1832 πλέον
2580 1781 2731 1849 σχεῖν
2762 1777 2871 1831 τῶν
2897 1778 3261 1848 εὐπατριδῶν.
3296 1782 3653 1849 Ἐπελθὸντεςδέ

461 1885 695 1931 serunt:
730 1873 827 1930 sed
864 1875 1070 1929 multos
1113 1889 1342 1929 suorum
1382 1874 1712 1930 amiserunt.
1746 1873 1844 1929 llis
1876 1874 1938 1943 igi

2176 1882 2211 1924 ἐ
2233 1873 2350 1935 τοῖς
2377 1871 2760 1936 στασιάσασιν,
2785 1875 3102 1944 ἐκράτησαν
3134 1874 3232 1944 μέν
3267 1875 3454 1941 αὐτῶν,
3479 1879 3653 1944 πολλοὺς

462 1968 533 2022 de
562 1967 746 2023 causis
776 1965 1010 2021 Romani
1033 1975 1090 2021 et
1125 1966 1396 2036 prodigiis
1427 1967 1760 2034 quibusdam
1792 1932 1939 2035 impii

2179 1963 2202 2016 ὲ
2239 1932 2349 2018 τῶν
2410 1965 2696 2035 σφετέρων
2741 1932 3042 2020 ἀπέδαλον.
3075 1932 3177 2021 Διά
3234 1967 3402 2022 ταῦτα
3443 1932 3656 2026 τοίνυν

461 2059 682 2114 omissis
699 2057 904 2112 mutuis
924 2057 1428 2122 criminationibus,
1452 2057 1847 2128 rempublicam
1865 2071 1938 2126 aeq

2179 2056 2420 2126 Ρωμαῖοι
2444 2057 2540 2110 xui.
2567 2057 2658 2112 διά
2687 2076 2812 2112 τινα
2843 2061 3049 2130 σημεῖα
3076 2059 3487 2128 εὐλαϐηθέντες,
3509 2065 3594 2117 τῶν
3614 2083 3656 2118 τε

460 2150 718 2206 biliorem
759 2149 978 2206 eilicere
1033 2149 1429 2206 decreverunt.
1485 2151 1564 2206 Ae
1616 2161 1730 2206 tres
1773 2150 1926 2206 viros

2180 2148 2281 2219 πρὸς
2331 2148 2596 2220 ἀλλήλους
2625 2149 3026 2231 ἀπηλλάγησαν
3082 2151 3457 2223 ἐγκλημάτων,
3492 2157 3657 2226 καὶτὴν

459 2241 749 2306 Graeciam,
766 2241 833 2296 ad
863 2241 1084 2297 illorum
1106 2241 1257 2312 leges
1273 2250 1329 2298 et
1355 2242 1606 2298 instituta
1633 2256 1936 2314 cognoscen

2181 2239 2431 2294 πολιτείαν
2485 2241 2744 2313 ἰσοτέραν
2817 2243 3155 2314 ποιήσασθαι
3212 2244 3542 2314 ἐψηφίσαντο.
3578 2249 3658 2301 Καὶ

457 2333 787 2404 ablegarunt
829 2352 842 2386 :
884 2335 1092 2404 quibus
1141 2335 1344 2399 allatis,
1387 2335 1734 2390 tribunatum
1786 2342 1844 2391 et
1901 2350 1930 2389 a

2183 2337 2302 2405 ρεῖς
2336 2334 2541 2406 ἄνδρας
2584 2336 2668 2400 είς
2695 2335 2796 2408 τὴν
2844 2335 3074 2392 Ἐλλάδα
3103 2337 3199 2391 διὰ
3249 2338 3374 2402 τοὺς
3401 2340 3571 2410 νόμους
3593 2345 3659 2394 καὶ

459 2429 728 2499 quosdam
775 2430 1132 2500 magistratus
1179 2430 1541 2502 abrogarunt,
1576 2444 1883 2502 eorumque
1917 2432 1932 2485 l

2180 2427 2210 2480 ἀ
2232 2426 2362 2500 παρ’
2398 2429 2630 2492 ἐκείνοις
2667 2429 2763 2501 ἔθη
2807 2434 3136 2501 πεπόμφασι
3159 2445 3174 2459 ·
3226 2432 3325 2485 καὶ
3351 2432 3657 2501 κομισθέντων

453 2523 607 2578 viros
634 2539 729 2578 νιιι
764 2525 1044 2595 principes
1077 2523 1442 2594 delegerunt:
1494 2524 1699 2595 illoque
1744 2541 1890 2580 anno
1929 2572 1930 2577 η

2183 2519 2346 2584 ὐτῶν,
2370 2519 2470 2582 τάς
2509 2537 2571 2573 τε
2605 2520 2773 2586 ἄλλας
2800 2522 2977 2593 ἀρχάς
3011 2525 3114 2575 καὶ
3157 2523 3260 2586 τὰς
3287 2523 3395 2576 τῶν
3424 2523 3660 2594 δημάρχων

455 2613 614 2683 pium
642 2613 936 2670 Claudium
973 2623 1030 2670 et
1061 2614 1245 2669 Titum
1285 2614 1585 2670 Genutium
1628 2616 1932 2672 consulesc

2183 2611 2466 2672 ατέλυσαν,
2500 2612 2592 2665 καὶ
2631 2611 2834 2684 ἄνδρας
2878 2612 3024 2667 ὀκτὼ
3060 2614 3127 2667 ἐκ
3170 2613 3282 2668 τῶν
3330 2613 3540 2685 πρώτων
3569 2615 3660 2667 avo-

459 2718 682 2759 summo
713 2705 950 2776 imperio
980 2713 1268 2770 crearunt,
1297 2704 1426 2760 data
1465 2713 1736 2775 potestate
1766 2705 1936 2761 conde

2184 2700 2368 2758 ἰλοντο.
2408 2703 2518 2756 Καὶ
2576 2704 2819 2758 Ἀππιον
2850 2703 3148 2765 Κλαύδιον,
3175 2705 3335 2758 Τίτόν
3358 2721 3414 2757 τε
3440 2704 3661 2758 Γενούκιον

456 2798 631 2866 leges,
661 2811 789 2852 cum
836 2796 1164 2866 appendiee,
1211 2811 1281 2852 ne
1308 2797 1376 2851 ab
1403 2797 1486 2853 eis
1514 2797 1832 2867 provocatio
1867 2813 1933 2854 es:

2184 2795 2435 2861 πέδειξαν
2449 2794 2591 2850 κατὰ
2619 2796 2713 2850 τὸν
2741 2797 2990 2851 ἐνιαυτὸν
3016 2800 3234 2852 ἐκεῖνον
3271 2799 3575 2870 στρατηγοὺς
3595 2799 3661 2851 αὖ·

455 2890 516 2945 ld
567 2889 717 2961 quod
770 2888 924 2959 prius
973 2904 1084 2944 non
1142 2889 1246 2944 nisi
1293 2889 1664 2946 dictatoribus
1711 2905 1932 2947 concess

2187 2891 2500 2962 δκράτορας,
2535 2891 2628 2945 καὶ
2658 2892 2859 2962 νόμους
2903 2893 3096 2956 αὐτοῖς
3140 2893 3452 2963 συγγράψαι
3489 2893 3664 2963 ἐπέτρε-

451 2986 580 3042 fnit.
621 2987 687 3042 lli
725 3001 825 3057 per
853 2989 1004 3044 vices
1032 2987 1402 3059 imperarunt,
1435 2990 1640 3059 singuli
1679 2991 1736 3045 in
1764 2991 1884 3047 dies
1917 3006 1928 3046 ε

2185 3001 2271 3046 αν,
2302 2982 2437 3053 μηδέ
2476 2982 2610 3054 μίαν
2645 3000 2706 3036 τε
2745 2983 2905 3053 δίκην
2930 2986 3202 3056 ἐφέσιμον
3228 2986 3324 3040 ἀπ’
3361 2985 3524 3040 αὐτῶν
3547 2985 3662 3054 γενέ-

451 3081 613 3150 gulos
642 3081 997 3152 magistratus
1031 3080 1342 3152 insignibus
1367 3082 1570 3138 ornati.
1603 3083 1672 3138 Et
1703 3083 1854 3151 leges
1897 3100 1928 3140 τι

2189 3075 2262 3130 Ιαι
2293 3075 2796 3147 προσεψηφίσαντο,
2833 3077 2862 3130 ὅ
2910 3077 3114 3150 πρώην
3153 3079 3334 3134 οὐδενὶ
3380 3079 3478 3132 τῶν
3517 3076 3666 3149 ἀρχόν-

452 3173 792 3245 conscriptas
821 3175 876 3228 in
903 3173 1026 3229 foro
1049 3185 1462 3244 proposuerunt
1495 3194 1508 3229 :
1539 3191 1677 3246 quas
1700 3191 1825 3231 cum
1855 3192 1929 3231 on

2187 3186 2246 3222 ον
2301 3169 2442 3240 πλὴν
2496 3169 2606 3222 τῶν
2673 3169 3014 3240 δικτατόρων
3083 3171 3320 3226 ἐδέδοτο.
3378 3166 3571 3242 Ἦρξάν
3621 3186 3664 3222 τι

405 3290 409 3297 <
451 3264 556 3320 bus
604 3266 954 3335 probassent,
999 3267 1066 3322 ad
1130 3266 1398 3338 pepulum
1436 3267 1704 3332 tulerunt,
1763 3283 1882 3324 sant

2190 3257 2284 3315 itm.
2305 3262 2519 3333 ἡμέραν
2541 3263 2797 3329 ἕκαστος,
2821 3264 3055 3331 ἐναλλὰξ
3083 3265 3146 3316 τὸ
3165 3267 3381 3336 πρόσχη
3391 3281 3462 3334 μα
3477 3264 3563 3333 τῆς
3575 3265 3667 3331 ἡγε-

449 3371 558 3426 que
593 3358 647 3412 in
677 3373 710 3412 χ
745 3358 960 3414 tabulas
1002 3360 1334 3415 retulerunt.
1370 3359 1504 3427 Quae
1542 3361 1690 3416 enim
1721 3362 1884 3433 digna

2188 3355 2338 3420 ονίας
2398 3355 2814 3426 λαμϐάνοντες’
2867 3358 2964 3410 καὶ
3006 3358 3219 3428 νόμους
3269 3356 3665 3426 συγγράψαντες,

448 3449 629 3504 stadia
659 3449 822 3522 347
845 3451 1187 3519 iudicabant,
1221 3452 1278 3507 in
1309 3453 1526 3510 tabellis
1545 3456 1925 3511 asservabant.

2193 3464 2215 3509 ς
2244 3448 2346 3518 τὴν
2370 3449 2576 3517 ἀγορὰν
2608 3449 2900 3520 ἐξέθηκαν,
2925 3450 2999 3514 οἳ,
3033 3449 3168 3503 ἐπεὶ
3201 3452 3372 3503 πᾶσιν
3408 3450 3602 3521 ἤρεσαν,
3629 3449 3670 3509 ές

448 3543 529 3598 illi
561 3559 707 3598 anno
731 3554 946 3608 exacto,
977 3546 1297 3616 magistratu
1322 3546 1605 3603 abierunt.
1639 3548 1853 3617 Quibus
1881 3551 1925 3606 al

2190 3555 2227 3590 ιν
2264 3537 2439 3608 δῆμον
2467 3539 2810 3610 εἰσήχθησαν
2839 3579 2854 3605 ,
2899 3540 2996 3594 καὶ
3056 3540 3412 3612 κυρωθέντες
3436 3582 3449 3603 ,
3506 3540 3667 3592 σανίσιν

401 3656 406 3666 π
449 3651 575 3691 cum
598 3637 1018 3699 successissent,
1055 3637 1130 3692 ita
1168 3649 1478 3709 gesserunt,
1529 3640 1686 3710 quasi
1717 3651 1878 3696 everti

2198 3629 2525 3699 ε’ίράφησαν
2576 3631 2730 3684 δέκα·
2763 3634 2866 3685 ὅσα
2925 3631 3037 3702 γὰρ
3100 3633 3363 3702 φυλακῆς
3430 3630 3671 3701 ἐκρίθησαν

406 3749 408 3752 ν
448 3728 768 3799 reipublicae
791 3743 957 3784 causa
989 3729 1188 3784 delecti
1221 3741 1428 3787 essent.
1461 3729 1665 3787 Omnes
1683 3732 1831 3786 enim
1866 3748 1883 3787 ε

2191 3722 2283 3785 ira,
2313 3721 2374 3773 ἐν
2408 3721 2672 3782 σανιδίοις
2709 3723 3174 3795 ἐθησαυρίζοντο.
3223 3726 3452 3779 Ἐκεῖνοι
3479 3724 3564 3792 μὲν
3585 3719 3668 3784 οὐν,

449 3833 519 3874 ex
545 3833 706 3888 aequo
731 3818 1075 3886 imperabant
1121 3836 1136 3872 :
1180 3819 1478 3892 aseitisque
1523 3821 1794 3876 nobilium
1845 3823 1926 3878 adt

2194 3829 2231 3866 ιν
2271 3814 2523 3866 ἐνιαυτὸν
2545 3813 2867 3879 ἀνύσαντες,
2890 3817 3119 3886 ἀφῆκαν
3138 3815 3244 3889 τὴν
3273 3817 3469 3887 ἀρχήν.
3502 3816 3671 3882 “Erepsi

401 3923 404 3926 '
446 3919 701 3966 scentum
728 3909 1127 3977 audacissimis,
1145 3926 1243 3981 per
1271 3913 1380 3966 vim
1414 3914 1583 3967 multa
1614 3925 1867 3984 egerunt.

2233 3905 2390 3970 αὖθις
2455 3907 2771 3978 αἱρεθέντες
2824 3910 2981 3974 δέκα,
3023 3910 3230 3984 ὥσπερ
3294 3912 3388 3964 ἐπὶ
3430 3907 3670 3962 καταλύσει

447 4003 697 4070 tandem,
739 4002 843 4058 sub
889 4005 1020 4058 anni
1075 4003 1187 4059 fere
1241 4004 1428 4066 finem,
1467 4019 1642 4074 pauca
1686 4005 1924 4075 quzedani

2197 4016 2232 4063 ,ς
2292 3998 2569 4061 πολιτείας
2620 4003 3100 4073 χειροτονηθέντες
3157 4003 3483 4071 ἐξίοκειλαν.
3512 4002 3674 4060 Πάντες

445 4095 664 4151 duabus
718 4096 926 4150 tabulis
991 4106 1185 4167 suapte
1241 4098 1574 4153 auctoritate
1627 4099 1922 4168 ascrip‘sert

2196 4107 2240 4160 ιρ
2275 4089 2394 4159 ἅμα
2429 4091 2539 4144 ἀπὸ
2587 4091 2690 4160 τῆς
2746 4095 2865 4163 ίσης
2895 4090 3095 4164 ἦρχον,
3153 4098 3256 4147 καὶ
3305 4094 3600 4151 νεανίσκους
3628 4091 3673 4139 ἐκ

451 4203 561 4243 non
599 4189 666 4242 ad
724 4189 1102 4255 concordiam,
1143 4189 1238 4244 sed
1279 4190 1345 4244 ad
1391 4191 1624 4260 majores
1653 4190 1925 4244 dissentio

2198 4199 2240 4233 ιν
2300 4183 2647 4253 εὐπατριδῶν
2687 4184 3068 4253 θρασυτάτους
3099 4185 3493 4257 ἐκλεξάμενοι,
3544 4181 3675 4236 πολλὰ

448 4282 804 4352 pertinentia.
848 4283 1146 4337 Duodecim
1193 4284 1362 4354 igitur
1414 4283 1612 4336 tabulae
1647 4283 1725 4338 sic
1764 4281 1922 4336 eonle

2197 4274 2417 4328 ἀὐτῶν
2475 4278 2720 4342 ἐποίουν,
2772 4279 2869 4331 καὶ
2917 4277 3100 4348 βίαια.
3151 4281 3288 4349 ⁸0ψέ
3346 4281 3403 4334 δέ
3451 4293 3567 4330 ποτε
3613 4273 3674 4327 ἐπ’

445 4385 597 4431 sunt.
630 4375 938 4430 Decemviri
983 4386 1165 4431 autem
1213 4392 1323 4430 non
1367 4375 1485 4430 haec
1521 4384 1732 4429 tantum
1766 4392 1922 4447 egeri:

2202 4367 2315 4437 ἂὸῳ,
2340 4367 2436 4420 τοῦ
2460 4367 2616 4434 ἔτους
2663 4370 2822 4439 ὀλίγα
2850 4372 2995 4426 ἄττα
3031 4374 3094 4425 ἐν
3135 4372 3256 4426 δύω
3306 4373 3486 4427 σανίσι
3549 4384 3679 4440 τροις-

443 4467 539 4522 sed
572 4477 629 4522 et
672 4477 918 4537 tempore
959 4469 1312 4538 magistratus
1356 4481 1554 4521 eorum
1589 4467 1800 4537 elapso,
1844 4467 1920 4522 ad;

2204 4460 2404 4531 ραψαν,
2434 4464 2496 4528 ἐς
2527 4465 2710 4518 πάντα
2764 4464 2822 4517 δέ
2851 4466 3486 4537 αὐτογνωμονήσαντες,
3524 4463 3603 4531 ἀφ’
3622 4454 3678 4512 ὧν

443 4557 499 4611 in
534 4559 699 4612 rebus
739 4559 996 4628 gerendis
1039 4568 1170 4613 sunt
1209 4558 1435 4619 versati,
1483 4558 1768 4629 republica
1821 4560 1874 4614 vi

2200 4570 2228 4622 χ
2256 4551 2503 4622 ὁμόνοια,
2548 4555 2687 4608 ἀλλά
2714 4556 2807 4609 καὶ
2841 4555 3106 4628 διαφοραὶ
3147 4559 3378 4628 μείζους
3437 4554 3677 4626 Ῥωμαίοις

445 4662 660 4718 pressa,
692 4664 872 4719 neque
912 4657 1104 4703 senatu
1139 4663 1317 4719 neque
1357 4649 1562 4719 populo
1597 4659 1920 4716 convocato,

2201 4645 2457 4715 νήσεσθαι
2498 4645 2747 4718 ἔμελλον.
2775 4650 2839 4701 Δί
2885 4650 2986 4718 μὲν
3014 4649 3118 4704 οὖν
3171 4653 3474 4721 λεγόμεναι
3502 4647 3678 4702 Δώδεκα

444 4755 800 4796 successores
854 4741 961 4796 sibi
1006 4741 1295 4796 darentur.
1346 4741 1483 4796 Cum
1525 4753 1708 4798 autem
1753 4743 1919 4814 Athui

2202 4753 2299 4791 ιτοι
2333 4736 2508 4800 οὕτως
2560 4743 2682 4793 τότε
2715 4742 2986 4809 ἐγένοντο.
3015 4745 3084 4797 Οί
3129 4745 3191 4797 δὲ
3226 4743 3520 4814 νομοθέται
3568 4737 3679 4791 ἐκεῖ·

443 4830 632 4885 Sabini
705 4832 970 4888 Romanis
1027 4847 1180 4885 arma
1245 4831 1554 4896 inferrent,
1626 4850 1728 4904 per
1792 4834 1918 4889 idon

2200 4869 2206 4882 .
2237 4831 2298 4884 οὐ
2338 4831 2502 4901 μόνον
2522 4833 2678 4887 ταῦτ’
2722 4834 2994 4904 ἔπραξαν,
3023 4837 3175 4890 ἀλλὰ
3205 4839 3311 4891 καὶ
3348 4837 3442 4891 τοῦ
3471 4829 3677 4887 ἐνιαυτοῦ

441 4921 701 4977 homines
754 4923 1105 4988 eli'eceruut,
1155 4931 1216 4977 ut
1275 4924 1380 4978 sibi
1436 4925 1560 4980 belli
1616 4927 1918 4982 administr:

2202 4926 2424 4997 ςάρχῆς
2455 4927 2642 4990 αὐτοῖς
2698 4927 3026 4995 διελθόντος,
3083 4930 3176 4983 έτι
3225 4931 3349 4995 τοῖς
3398 4928 3679 5002 πράγμασιν

440 5017 819 5073 mandaretur.
876 5017 1068 5086 Itaque
1118 5030 1187 5070 ex
1251 5017 1581 5073 decemviris
1633 5017 1858 5073 Servius
1912 5031 1917 5061 ι

2203 5019 2433 5088 Ξμειναν,
2470 5019 2564 5093 βίᾳ
2592 5022 2691 5092 τὴν
2724 5024 2882 5076 πόλιν
2907 5025 3280 5096 κατέχοντες,
3315 5025 3414 5078 καὶ
3454 5021 3579 5092 μηδὲ
3605 5019 3680 5081 τὴν

440 5106 566 5176 pius
611 5115 668 5162 ct
720 5108 930 5176 Appius
968 5106 1233 5163 Claudius
1279 5123 1439 5164 suum
1480 5109 1778 5178 pristinum
1831 5109 1917 5164 Ioc

2205 5112 2320 5181 ιλήν
2358 5112 2392 5182 ἢ
2423 5113 2516 5166 τὸν
2555 5115 2728 5184 δῆμον
2758 5115 3146 5186 ἀθροίζοντες,
3186 5119 3282 5172 ἴνα
3339 5119 3417 5189 μὴ
3444 5112 3682 5171 συνελθόνο

439 5200 792 5255 retinuerunt
862 5215 876 5252 ε
943 5201 1124 5256 τετιθτί
1197 5210 1323 5256 octo
1387 5211 1578 5256 contra
1647 5202 1834 5256 hostes
1887 5219 1914 5257 s

2203 5223 2216 5267 ;
2252 5206 2539 5260 παύσωσιν
2563 5208 2782 5271 αὐτούς.
2822 5209 3078 5262 Δίκουῶν
3116 5211 3182 5263 δὲ
3221 5211 3324 5264 καὶ
3358 5209 3590 5264 Σαϐίνων

438 5289 695 5360 profecti.
751 5290 827 5344 Ita
883 5289 1110 5357 factum,
1160 5301 1223 5346 ut
1274 5307 1401 5346 cum
1458 5301 1512 5345 et
1561 5292 1616 5345 in
1671 5293 1806 5348 urbe
1852 5303 1908 5348 et

2204 5314 2288 5349 ιον
2342 5299 2652 5368 αἰρομένων
2701 5303 2844 5355 κατά
2885 5302 3215 5373 Ῥωμαίων,
3257 5305 3387 5358 τότε
3437 5303 3556 5364 τοὺς
3585 5299 3681 5350 im-

436 5382 634 5437 eastris
683 5381 1040 5439 turbarentur
1089 5386 1273 5440 omnia
1309 5424 1323 5449 ,
1388 5383 1574 5439 denuo
1635 5387 1836 5442 seditio
1897 5403 1913 5441 ι

2204 5388 2368 5453 Ξείους
2437 5390 2624 5454 αὐτοῖς
2685 5394 3242 5463 παρασκευάσαντες
3281 5435 3298 5459 ,
3359 5391 3681 5464 διεπράξαντο

436 5483 613 5528 retur.
660 5475 796 5530 Nam
846 5489 972 5531 cum
1021 5487 1287 5547 prmtores
1341 5476 1397 5530 in
1448 5476 1778 5533 Sabinorum
1820 5496 1913 5551 agr

2204 5480 2273 5532 ίσι
2312 5482 2439 5547 τοὺς
2481 5483 2755 5553 πολέμους
2789 5487 3211 5558 ἐπιτραπῆναι.
3290 5489 3404 5542 Ἐκ
3441 5486 3564 5556 γοῦν
3604 5479 3681 5549 τῆς

436 5566 854 5636 impressionem
889 5569 1168 5633 fecissent,
1206 5569 1268 5623 L.
1305 5569 1513 5624 Sicium
1561 5571 1636 5624 rei
1674 5572 1882 5626 bellica:

2201 5573 2413 5644 ιαρχίας
2428 5575 2610 5628 αὐτῶν
2632 5577 2886 5647 Σερούϊος
2914 5581 3011 5649 μὲν
3040 5582 3308 5646 Ὄππιος
3349 5583 3445 5636 καὶ
3483 5581 3678 5632 ’Ἄππιος

437 5657 787 5725 ritissimum,
820 5671 871 5716 et
908 5661 1202 5731 prmeipua:
1245 5660 1389 5730 apud
1421 5661 1638 5730 plelzem
1669 5663 1914 5716 auctorit:

2205 5666 2384 5732 αύδιος
2428 5670 2570 5722 κατὰ
2593 5668 2780 5740 χώραν
2807 5671 3032 5742 ἔμειναν
3052 5712 3070 5738 ,
3111 5676 3174 5728 oi
3204 5677 3266 5730 δὲ
3295 5676 3445 5730 ὀκτὼ
3473 5673 3556 5727 ἐπὶ
3582 5667 3679 5725 τοὺς

434 5749 640 5813 virum,
665 5766 790 5807 cum
815 5753 941 5808 aliis
964 5753 1032 5808 ad
1061 5751 1444 5820 occupandum
1469 5761 1709 5808 castrum
1729 5755 1911 5824 quoch

2201 5761 2415 5830 λεμίους
2443 5763 2841 5833 ἐστράτευσαν.
2877 5765 3069 5819 Πάντα
3110 5769 3223 5837 μὲν
3277 5769 3470 5824 ἀπλῶτ
3520 5758 3678 5819 καὶτὰ

434 5842 662 5898 missum
713 5861 814 5914 per
873 5845 1105 5900 eo'miles
1149 5846 1272 5916 ejus
1328 5857 1708 5916 peremerunt.
1766 5849 1907 5905 Ilum

2211 5852 2291 5923 τῷ
2310 5854 2466 5907 άστει
2485 5856 2581 5908 καὶ
2604 5856 2674 5909 τὰ
2699 5858 2760 5910 ἐν
2783 5861 2900 5922 τοῖς
2932 5862 3350 5933 στρατοπέδοις
3384 5860 3674 5930 τετάρακτο.

435 5933 491 5986 in
521 5936 717 5990 castris
766 5953 975 6006 sparso,
1024 5954 1148 5993 cum
1185 5955 1292 5994 uim
1334 5955 1461 5996 cum
1502 5940 1624 5997 aliis
1657 5942 1726 5998 ab
1758 5943 1912 6000 hostil

2200 5945 2406 6002 ιτεῦθεν
2436 5947 2632 6014 στάσις
2656 5946 2815 6017 αὖθις
2837 5951 3180 6025 συνηνέχθη.
3203 5954 3573 6026 Ἑμσαλόντες
3590 5949 3677 6016 γὰρ
