3740 6576
471 412 581 478 603

1773 424 2092 488 JOANNIS
2127 425 2318 489 ZONA
2328 425 2446 486 [LE
3580 440 3658 502 θθί

473 529 873 599 antiquissimis
893 536 1232 606 temporibus
1260 538 1327 594 ad
1355 542 1501 597 solos
1523 542 1785 611 patricios
1807 543 1947 614 perti

2182 560 2240 612 ’ῳ
2298 544 2398 613 μὲν
2426 541 2594 613 τιμὴν
2647 543 2828 607 αὐτοῖς
2876 541 3038 614 ἔφερε
3101 545 3195 598 καὶ
3235 543 3459 616 ἀξίωμα,
3505 552 3659 622 (μόνοις

474 621 589 688 bat)
618 636 744 678 cum
771 641 962 682 revera
991 628 1045 682 id
1070 642 1317 699 agerent,
1346 650 1414 688 ne
1442 634 1646 689 tribuni
1675 646 1729 690 et
1759 635 2055 691 multitudo

474 713 696 782 quidvis
726 725 932 774 temere
961 730 1207 790 agerent,
1259 724 1356 778 sed
1396 742 1490 795 per
1523 742 1745 781 causam
1778 727 2056 800 auSpicio-

475 817 600 856 rum
633 804 929 876 aliquando
978 808 1405 879 impedirentur.
1453 814 1680 871 Patricii
1714 829 1774 872 et
1829 828 2056 876 senatus

476 895 608 950 irati
651 899 1000 966 consulibus,
1050 911 1112 956 ut
1140 904 1329 973 populi
1367 904 1696 974 fautoribus,
1730 925 1831 966 nec
1862 910 2057 966 trium-

475 987 646 1056 phum
671 989 1062 1058 decreverunt,
1110 996 1364 1064 quamvis
1403 1009 1640 1069 uterque
1667 1000 1857 1057 hostes
1889 1001 2055 1059 vicis-

479 1088 585 1146 set,
610 1090 666 1135 et
694 1083 879 1137 neutri
907 1082 1053 1138 diem
1084 1086 1151 1140 de
1181 1103 1334 1144 more
1367 1090 1718 1162 assignarunt
1749 1111 1762 1148 :
1795 1095 1889 1149 sed
1912 1095 2057 1150 mul-

478 1170 660 1226 titudo
694 1182 753 1228 et
785 1174 1013 1229 biduum
1046 1177 1216 1235 ferias
1243 1181 1562 1247 celebravit.
1608 1195 1665 1240 et
1714 1187 2054 1258 triumphum

477 1258 590 1314 illis
634 1259 905 1318 decrevit.
961 1264 1037 1320 Ea
1077 1267 1355 1326 discordia
1403 1273 1531 1328 freti
1573 1275 1783 1343 hostes,
1817 1277 2056 1347 receptis

477 1353 643 1426 35,9
669 1358 869 1414 animis
897 1359 1176 1420 Romanos
1201 1366 1544 1423 invaserunt.
1579 1371 1738 1426 Anno
1766 1383 2054 1441 sequente,

477 1443 660 1504 Marco
687 1447 926 1506 Genutio
960 1463 1018 1508 et
1047 1453 1111 1510 C.
1141 1456 1334 1514 Curtio
1371 1462 1713 1529 consulibus,
1744 1466 2054 1520 contentio-

479 1553 579 1594 nes
608 1541 994 1615 retindegrata:
1059 1556 1210 1604 sunt.
1261 1551 1398 1606 Nam
1441 1553 1672 1625 plebeiis
1709 1559 2055 1613 consulatum

475 1636 867 1703 expetentibus
897 1679 911 1704 ,
940 1639 1089 1709 quod
1117 1643 1334 1712 patricii
1360 1645 1428 1699 ad
1460 1645 1674 1716 plebem
1707 1657 2058 1707 transeuntes

481 1725 822 1782 tribunatum
851 1744 1110 1799 gererent
1146 1753 1160 1791 :
1198 1736 1444 1804 patriciis
1474 1753 1608 1793 vero
1632 1740 1837 1795 acriter
1867 1741 2055 1798 defen-

480 1819 754 1885 dentibus,
809 1824 981 1880 multa
1009 1827 1279 1882 violenter
1302 1829 1534 1885 invicem
1556 1831 1779 1901 etjdicta
1817 1842 1875 1888 et
1912 1833 2052 1890 facta

477 1921 631 1967 sunt.
670 1913 749 1970 Ne
776 1915 906 1986 quid
937 1933 1067 1973 vero
1091 1919 1340 1977 deterius
1368 1935 1720 1994 sequeretur,
1753 1925 2058 1998 locupletes

482 2002 860 2072 magistratum
895 2005 1070 2076 ipsum
1100 2010 1242 2078 plebi
1278 2023 1694 2078 concesserunt,
1723 2015 1818 2070 sed
1848 2032 2053 2072 nomen

482 2109 594 2148 non
617 2099 1096 2154 communicarunt
1125 2120 1138 2156 :
1169 2102 1539 2176 dixeruntque
1569 2107 1823 2163 tribunos
1852 2110 2058 2164 milita-

484 2199 574 2239 res
623 2202 724 2255 pro
779 2191 1125 2257 consulibus,
1169 2209 1240 2249 ne
1293 2195 1625 2252 honoratum
1670 2199 1998 2254 vocabulum
2027 2216 2058 2256 a

483 2277 795 2343 promiscua
822 2281 978 2334 turba
1016 2281 1421 2352 inquinaretur.
1445 2287 1658 2342 Placuit
1686 2288 1852 2359 igitur
1874 2299 2061 2345 ternos

481 2370 550 2423 ab
589 2379 823 2441 utraque
861 2373 1098 2430 factione
1148 2378 1400 2432 tribunos
1436 2379 1623 2452 deligi,
1652 2382 1889 2436 duorum
1925 2399 2061 2437 eon-

373 2479 382 2487 ·
479 2461 665 2516 selum
696 2463 840 2520 loco.
878 2463 1068 2535 Neque
1109 2478 1290 2524 tamen
1333 2469 1529 2526 borum
1590 2488 1792 2528 nomen
1837 2473 2060 2544 penitus

482 2552 709 2619 defecit,
752 2571 877 2610 cum
927 2557 1064 2612 alias
1097 2560 1309 2615 tribuni
1335 2574 1686 2619 crearentur.
1728 2565 1911 2636 Atque
1946 2566 2063 2622 ham

483 2645 562 2698 ita
595 2660 717 2701 esse
759 2657 878 2703 acta
927 2651 1187 2706 traditum
1235 2665 1339 2708 est.
1378 2655 1688 2711 Dictatores
1733 2666 1919 2712 autem
1949 2673 2061 2712 non

482 2736 588 2788 soli
629 2739 886 2794 consules
928 2743 1200 2811 (quamvis
1236 2758 1430 2798 eorum
1471 2746 1794 2813 auctoritas,
1844 2747 2061 2801 illorum

491 2825 809 2895 magistratu
861 2831 1034 2884 multo
1082 2832 1264 2887 minor
1297 2834 1467 2904 esset)
1513 2835 1610 2890 sed
1661 2837 1862 2892 tribuni
1894 2838 2060 2893 etiam

489 2916 787 2985 aliquando
832 2920 1212 2992 designarunt.
1266 2923 1464 2980 Fertur
1511 2936 1693 2984 tamen
1740 2929 1926 2986 nullus
1963 2946 2064 2985 un-

488 3021 654 3073 quam
703 3009 960 3067 tribunus
1007 3014 1399 3085 triumphasse,
1432 3019 1684 3088 quamvis
1725 3021 1882 3076 multi
1917 3039 2061 3093 sarpe

491 3097 680 3155 hostes
722 3099 1002 3159 vicissent.
1050 3106 1128 3160 Ac
1171 3108 1377 3162 tribuni
1413 3119 1526 3164 tum
1563 3109 1669 3166 hoc
1697 3112 1862 3167 modo
1889 3115 2060 3170 creati

487 3200 643 3246 sunt.
685 3193 960 3252 Censores
985 3213 1119 3254 vero
1152 3215 1296 3254 anno
1331 3210 1616 3271 sequente,
1646 3203 1881 3260 Barbato
1907 3214 1964 3262 et
1988 3207 2060 3264 Μ.
2089 3235 2134 3292 ο

491 3281 736 3340 Macrino
783 3300 928 3342 coss.
984 3289 1257 3361 designati
1298 3301 1426 3346 sunt
1472 3293 1535 3348 L.
1575 3295 1858 3365 Papyrius,
1903 3307 1959 3353 et
1995 3299 2058 3354 L.

491 3375 874 3448 Sempronius.
904 3380 1108 3436 Eorum
1137 3386 1360 3440 creandi
1390 3402 1551 3442 causa
1585 3387 1713 3455 fuit,
1747 3392 1892 3461 quod
1929 3409 2063 3449 con-

487 3467 638 3524 sules
657 3472 727 3525 ob
758 3472 1170 3530 multitudinem
1216 3479 1402 3534 omnia
1433 3483 1652 3551 negotia
1693 3486 1922 3554 exsequi
1953 3502 2062 3542 non

488 3568 767 3630 poterant.
818 3565 955 3620 Nam
1003 3567 1130 3638 jura
1183 3571 1509 3630 censoribus
1565 3577 1831 3633 attributa
1880 3579 1950 3634 ad
2009 3580 2064 3635 id

492 3665 670 3722 usque
703 3663 920 3726 tempus
956 3665 1267 3715 tenuerant.
1317 3661 1395 3717 Ac
1441 3663 1713 3736 principio
1747 3667 1863 3722 bini
1910 3669 2064 3725 fuere

492 3758 756 3801 censores
813 3748 1073 3818 patricii,
1132 3752 1228 3821 qui
1286 3752 1444 3808 initio
1510 3765 1567 3809 et
1642 3766 1921 3826 postremo
1995 3760 2064 3816 ad

488 3837 930 3908 quinquennium
977 3841 1368 3913 imperarunt:
1415 3847 1707 3920 interjecto
1754 3866 1888 3907 vero
1927 3860 2066 3908 tem-

489 3945 668 4000 pore,
719 3949 936 3990 menses
985 3953 1115 3992 xvm
1172 3937 1420 4008 ipsisque
1489 3943 1808 3999 consulibus
1872 3961 2068 4016 quam-

474 4021 574 4077 .vis
639 4033 794 4092 parte
869 4024 1138 4083 duntaxat
1197 4030 1489 4097 potestatis
1547 4045 1738 4087 eorum
1802 4045 2062 4104 accepta,

488 4114 808 4180 superiores
861 4128 1177 4174 evaserunt.
1230 4120 1472 4178 Muneris
1522 4139 1717 4180 eorum
1763 4124 1902 4189 fuit,
1963 4143 2066 4196 pu-

492 4211 638 4266 blica
699 4209 987 4278 vectigalia
1024 4211 1246 4266 elocare
1271 4252 1286 4277 ,
1325 4213 1444 4268 vias
1492 4223 1547 4269 et
1587 4215 1805 4284 publica
1836 4215 2066 4271 aedificia

491 4313 711 4362 curare,
743 4299 1014 4368 cujusque
1067 4299 1360 4356 facultates
1405 4305 1740 4365 describere.
1775 4320 1958 4360 mores
1982 4306 2065 4361 ci-

489 4391 639 4445 vium
671 4391 965 4445 observare
997 4399 1054 4446 et
1081 4392 1371 4463 explorare
1405 4413 1420 4450 :
1457 4410 1523 4450 ac
1568 4395 1727 4450 laude
1758 4395 1974 4467 dignos,
2006 4397 2061 4452 in

492 4481 690 4545 tribus,
714 4481 770 4536 in
801 4481 1052 4538 ordinem
1071 4493 1412 4554 equestrem,
1443 4485 1500 4540 in
1532 4496 1787 4541 senatum
1826 4486 2060 4552 referre,

493 4587 597 4643 pro
662 4573 929 4644 cujusque
979 4575 1190 4630 meritis

496 4664 692 4720 eodem
750 4665 913 4721 modo
943 4683 1009 4722 ex
1048 4668 1174 4722 albo
1207 4667 1414 4722 delere.
1461 4666 1523 4722 ld
1559 4668 1704 4736 quod
1738 4670 1913 4739 majus
1949 4680 2070 4726 erat

497 4757 568 4811 iis
595 4757 874 4824 omnibus,
905 4774 1027 4828 qua:
1067 4759 1388 4814 consulibus
1435 4759 1913 4829 relinquebantur.
1956 4761 2068 4816 Da-

495 4849 627 4904 bant
675 4861 857 4907 autem
895 4851 954 4905 in
1005 4866 1338 4922 unoquoque
1377 4852 1802 4924 jusjurandum,
1861 4868 1921 4909 se
1966 4869 2070 4910 nec

492 4942 668 5011 gratia
732 4958 835 4998 nec
887 4943 1016 4999 odio
1072 4943 1374 5014 quidquam
1430 4954 1652 5000 acturos
1715 4961 1731 5000 :
1803 4944 1901 4999 sed
1948 4946 2070 5000 sin-

495 5049 627 5088 cero
683 5035 909 5102 animo,
974 5049 1040 5091 ea
1105 5050 1228 5105 qua:
1285 5050 1317 5090 e
1395 5035 1672 5106 republica
1723 5043 1948 5102 essent,
2014 5045 2072 5090 et

491 5127 944 5193 deliberaturos,
1005 5140 1065 5184 et
1148 5137 1393 5184 acturos.
1463 5128 1731 5198 Populum
1811 5125 1944 5181 item
2000 5126 2068 5181 ad

497 5220 766 5290 rogandas
831 5221 1022 5291 leges,
1071 5220 1236 5292 350
1295 5222 1513 5290 aliaque
1573 5218 1761 5273 munia
1807 5233 2072 5274 convoca-

496 5311 626 5364 liaut
683 5329 696 5365 :
752 5319 808 5365 et
878 5311 1144 5382 majorum
1202 5311 1619 5381 magistratuum
1687 5309 2067 5374 ornamentis,

493 5401 783 5457 lictoribus
829 5403 1093 5472 exceptis,
1145 5403 1464 5456 utebantur.
1499 5400 1578 5454 Ac
1625 5399 1732 5452 tale
1777 5414 2068 5454 censorum

494 5512 697 5552 munus
742 5498 864 5552 fuit.
911 5498 1016 5564 Qui
1049 5514 1199 5563 vero,
1249 5511 1378 5549 cum
1409 5509 1610 5548 census
1645 5498 1930 5564 agebatur,
1969 5503 2069 5548 sua

497 5591 724 5644 nomina
752 5601 808 5645 et
855 5590 1146 5645 facultates
1197 5588 1429 5659 professi
1472 5602 1583 5642 non
1631 5597 1825 5656 erant,
1875 5603 2068 5643 eorum

500 5682 792 5737 facultates
839 5700 870 5737 a
921 5681 1264 5747 censoribus,
1302 5681 1404 5750 ipsi
1435 5695 1464 5734 a
1511 5681 1834 5735 consulibus
1865 5681 2069 5734 vende-

503 5775 727 5828 bantur.
762 5775 829 5828 Et
859 5774 975 5829 lucc
1008 5772 1077 5828 ad
1113 5782 1327 5842 tempus
1368 5771 1590 5843 aliquod
1629 5774 1707 5828 sic
1759 5781 1879 5827 acta
1917 5780 2070 5826 sunt.

501 5865 632 5924 Post
685 5868 1045 5925 constitutum
1087 5874 1191 5932 est,
1248 5875 1307 5922 ut
1355 5867 1449 5938 qui
1495 5867 1663 5923 semel
1719 5867 1773 5922 in
1811 5873 2067 5922 senatum

2157 635 2266 705 γάρ
2320 635 2476 689 τοῦτο
2533 636 2599 688 ἐκ
2657 634 2803 688 πάνυ
2882 634 3118 704 ἀρχαίου
3190 639 3301 698 col;
3367 639 3662 713 εὐπατρίδαις

2159 727 2557 797 ἐπετέτραπτο)
2613 728 2763 798 ἔργῳ
2819 726 2880 780 δὲ
2939 727 3174 796 κώλυμα
3235 722 3438 799 ἧν,ἴνα
3488 735 3551 806 μή
3591 741 3662 811 ρει.

2157 818 2286 881 δίως
2327 819 2378 871 οἱ
2429 817 2702 890 δήμαρχοι
2747 818 2843 872 καὶ
2906 818 2967 872 τὺ
3024 818 3231 889 πλῆθος
3296 821 3394 875 ὅσα
3447 823 3664 893 βούλοιντο

2159 910 2491 979 πράττοιεν,
2561 907 2703 962 ἀλλά
2785 907 3061 978 προφάσει
3147 909 3248 978 τῆς
3329 912 3663 985 οἰωνοσκοπίας

2157 999 2308 1052 ἐστιν
2361 991 2424 1053 οὗ
2481 997 2880 1069 ἐμποδίζοιντο.
2937 997 3262 1070 Ἀθχόμενοι
3302 999 3358 1053 δὲ
3409 1005 3512 1064 τοῖς
3559 1007 3666 1062 ὐπάσ

2157 1108 2273 1154 τοις
2305 1091 2360 1144 οἵ
2409 1107 2468 1145 τε
2529 1091 2856 1161 εὐπατρίδαι
2905 1090 3000 1144 καὶ
3056 1091 3091 1162 ἡ
3156 1090 3339 1162 βουλὴ,
3377 1091 3448 1157 ὡς
3495 1097 3553 1150 τά
3596 1103 3665 1154 τοῦ

2159 1183 2406 1252 πλήθους
2483 1183 2824 1254 φρονοῦσιν,
2891 1185 2993 1238 οὐκ
3036 1183 3377 1254 ἐψηφίσαντο
3445 1190 3575 1256 σφίσι
3616 1195 3668 1247 τὰ

2159 1277 2427 1338 ἐπινίκια,
2458 1277 2697 1348 πόλεμον
2743 1278 3007 1348 ἐκατέρου
3046 1281 3403 1351 νικήσαντος,
3436 1279 3536 1335 οὐθ’
3565 1286 3668 1354 ήμέ-

2160 1385 2263 1439 ραν
2309 1370 2524 1437 ἑκάστῳ
2573 1370 2878 1441 ἀπένειμαν
2925 1369 3119 1442 ὥσπερ
3160 1371 3390 1436 είθιστο,
3435 1374 3503 1429 Τὸ
3529 1379 3668 1445 μέντοι

2160 1459 2367 1531 πλῆθος
2440 1462 2538 1517 ἐπὶ
2583 1463 2694 1517 δύω
2750 1481 2810 1516 τε
2870 1463 3088 1533 ἡμέρας
3149 1463 3390 1533 ἐώρτασε
3423 1505 3437 1529 ,
3480 1469 3667 1536 καὶτοῖς

2158 1551 2385 1615 ὑπάτοις
2443 1552 2510 1606 τὰ
2573 1555 2872 1624 νικητήρια
2942 1553 3302 1624 ἐψηφίσαντο.
3376 1555 3543 1621 Οὕτως
3598 1555 3666 1614 οὐν

2158 1642 2217 1704 ἐς
2282 1640 2547 1712 διαφοράς
2611 1642 2721 1696 τῶν
2809 1642 3101 1713 Ῥωμαίων
3164 1643 3456 1712 ἐλθόντων,
3505 1649 3546 1701 oi
3604 1653 3664 1705 ἐν.

2159 1730 2352 1796 αντίοι,
2385 1733 2590 1801 σφίσιν,
2649 1732 3140 1804 ἀναθαρσήσαντες
3165 1775 3192 1800 ,.
3242 1733 3468 1806 ἐπῄεσαν
3506 1739 3659 1802 αὐτοῖς.

2157 1825 2248 1896 Τῷ
2281 1825 2327 1879 δ’
2361 1824 2490 1896 ἑξῆς
2525 1824 2635 1879 ἐτει
2662 1826 2890 1896 Μάρκου
2920 1825 3214 1879 Γενουκίου
3243 1828 3334 1880 καὶ
3365 1827 3510 1880 Γαΐου
3535 1830 3663 1903 Κουρ.

2157 1915 2276 1971 τίου
2337 1917 2722 1972 ὑπατευόντων
2746 1956 2762 1982 ,
2805 1917 2894 1970 ἐπ’
2950 1914 3220 1987 ἀλλήλους
3291 1917 3572 1986 ἐτράποντο.
3619 1925 3666 1977 0t

2158 2023 2219 2059 τε
2249 2007 2358 2078 γὰρ
2387 2005 2481 2060 τοῦ
2507 2007 2748 2077 πλήθους
2779 2007 2876 2061 καὶ
2925 2005 3225 2060 ὑπατεύειν
3265 2006 3466 2074 ήθελον,
3489 2008 3663 2082 ἐπείπερ

2157 2100 2505 2171 ἐδημάρχουν
2556 2101 2606 2154 oi.
2659 2099 2984 2170 εὐπατρίδαι
3037 2099 3178 2169 πρὸς
3224 2099 3414 2160 αὐτοὺς
3465 2103 3662 2171 μεθιστὰ-

2163 2205 2337 2260 μενοι.
2393 2192 2505 2245 Καὶ
2551 2191 2610 2244 al
2637 2190 2960 2260 εὐπατρίδαι
2993 2189 3118 2243 λίαν
3156 2190 3258 2259 τῆς
3305 2190 3494 2245 ὑπάτου
3537 2195 3662 2264 ἀρχῆς

2162 2282 2517 2353 περιείχοντο,
2569 2282 2665 2337 καὶ
2713 2281 2887 2336 πολλά
2953 2279 3079 2335 κατ’
3143 2280 3380 2350 ἀλλήλων
3434 2286 3517 2336 καὶ
3555 2285 3660 2354 βίαια

2161 2374 2348 2443 ἔλεγόν
2373 2391 2433 2426 τε
2474 2375 2571 2429 καὶ
2610 2375 2904 2444 ἔπραττον.
2949 2373 3075 2428 Ἵνα
3111 2373 3168 2426 δὲ
3198 2372 3274 2443 μή
3309 2371 3436 2444 πρός
3459 2390 3503 2426 τι
3527 2377 3661 2444 χεῖρον

2161 2467 2479 2538 χωρήσωσι,
2515 2469 2610 2521 τοῦ
2659 2468 2760 2537 μὲν
2813 2466 2977 2538 ἔργου
3023 2466 3126 2535 τῆς
3176 2466 3464 2535 ἡγεμονίας
3511 2468 3552 2518 οί
3595 2467 3659 2518 δυ-

2161 2562 2313 2612 νατοὶ
2369 2559 2553 2623 αὐτοῖς
2609 2558 3014 2629 παρεχώρησαν
3047 2564 3064 2588 ⁵
3121 2556 3220 2611 τοῦ
3267 2557 3323 2610 δέ
3369 2557 3591 2626 ὀνόματος
3618 2558 3658 2610 οὐ

2167 2650 2505 2720 μετέδωκαν,
2538 2650 2656 2704 ἀλλ’
2684 2651 2801 2704 ἀνθ’
2827 2649 3051 2704 ὑπάτων
3083 2647 3394 2718 χιλιάρχους
3417 2649 3658 2719 ὠνόμασαν,

2167 2743 2254 2797 ἵνα
2288 2744 2363 2813 μή
2401 2742 2464 2795 τὸ
2488 2743 2590 2811 τῆς
2617 2742 2862 2813 κλήσεως
2890 2741 3117 2811 ἐντιμον
3142 2739 3224 2808 τῷ
3279 2740 3500 2809 σύρφακι
3535 2743 3660 2811 ὁμίλῳ

2164 2831 2687 2901 καταρῤυπαίνοιτο.
2738 2829 2851 2884 Καὶ
2905 2832 3057 2900 τρεῖς
3091 2829 3189 2897 ἀφ’
3219 2830 3479 2900 ἑκατέροιν
3504 2831 3659 2901 χιλιάρ-

2163 2940 2295 2994 χους
2321 2923 2442 2976 ἀντὶ
2477 2922 2587 2976 τῶν
2617 2921 2712 2976 δύο
2741 2922 2963 2977 ὑπάτων
3009 2924 3289 2995 αἱρεῖσθαι
3331 2923 3586 2988 συνέδοξεν.
3608 2925 3670 2976 Οὐ

2166 3014 2349 3085 μέντοι
2374 3014 2438 3068 τὸ
2471 3013 2580 3068 τῶν
2613 3015 2839 3069 ὑπάτων
2892 3014 3114 3079 ἐξέλιπε
3164 3015 3345 3069 τέλεον
3373 3015 3542 3084 ὄνομα,
3565 3014 3658 3068 ἀλλὰ

2165 3105 2293 3158 ποτὲ
2326 3105 2424 3174 μέν
2462 3105 2661 3159 ὕπατοι
2695 3105 3018 3160 καθίσταντο
3049 3107 3184 3160 ποτέ
3234 3107 3290 3160 δέ
3336 3123 3396 3174 γε
3433 3105 3658 3176 χιλίαρχοι.

2165 3197 2322 3252 Οὕτω
2355 3198 2455 3269 μὲν
2514 3198 2691 3252 ταῦτα
2752 3198 3122 3268 παραδέδοται
3168 3199 3421 3269 γίνεσθαι,
3455 3197 3658 3250 καίτοιού

2169 3288 2330 3358 μόνον
2348 3289 2457 3342 τῶν
2479 3289 2702 3344 ὑπάτων
2727 3290 3058 3360 δικτάτορας
3082 3291 3425 3356 άνειπόντων,
3446 3289 3660 3361 καὶταῦτα

2168 3377 2304 3432 πολὺ
2364 3379 2464 3448 τῆς
2517 3381 2692 3450 ἀρχῆς
2724 3380 2942 3450 ἐκείνης
2985 3380 3413 3451 ἐλαττουμένων,
3459 3380 3569 3434 ἀλλὰ
3595 3382 3660 3432 καὶ

2167 3467 2462 3539 χιλιάρχων
2505 3469 2666 3523 τοῦτο
2722 3472 3112 3541 πεποιηκότων
3160 3473 3346 3525 ἐνίοτε.
3393 3472 3584 3539 Λέγεται
3607 3470 3659 3532 δὲ,

2166 3560 2248 3613 ὅτι
2279 3561 2454 3626 οὐδεὶς
2479 3561 2588 3617 τῶν
2639 3563 2959 3635 χιλιάρχων,
3015 3564 3200 3618 καίτοι
3243 3563 3441 3617 πολλῶν
3466 3563 3660 3623 πολλάκις

2168 3653 2528 3722 νικησάντων,
2566 3655 2806 3708 ἐπινίκια
2831 3655 3097 3725 ἐπεμψεν.
3131 3657 3194 3710 Οἱ
3217 3656 3314 3726 μὲν
3341 3652 3425 3708 οὖν
3460 3655 3662 3725 χιλίαρχοι

2167 3743 2310 3796 οὕτω
2357 3744 2478 3796 τότε
2546 3745 2846 3815 ᾑρέθησαν.
2893 3747 2957 3799 Οἱ
2986 3747 3046 3800 δέ
3093 3748 3327 3818 τιμηταὶ
3367 3747 3438 3817 τῷ
3485 3745 3663 3818 ἐχομένῳ

2168 3835 2280 3888 ἐτει
2315 3837 2597 3906 Βαρϐάτου
2628 3838 2723 3890 καί
2753 3839 2984 3910 Μάρκου
3015 3841 3304 3911 Μακρίνου
3339 3839 3660 3900 ὑπατευόντων,

2168 3930 2600 4001 κατεδείχθησαν
2643 3933 2742 3986 καί⁹
2768 3931 3048 4003 ᾑρέθησαν
3087 3933 3321 3999 Λούκιος
3347 3951 3402 3987 τε
3434 3931 3660 4001 Παπείριος

2168 4023 2262 4074 καὶ
2299 4021 2527 4084 Λούκιος
2578 4023 2954 4091 Σεμπρώνιος.
3013 4025 3459 4097 Κεχειροτόνηντο
3506 4024 3571 4087 δὲ,
3606 4025 3660 4074 ὅτι

2166 4112 2218 4164 οί
2268 4112 2465 4166 ὕπατοι
2503 4113 2756 4169 ἀδύνατοι
2817 4116 2910 4171 ἐπὶ
2963 4118 3144 4173 πάντα
3195 4118 3283 4173 διὰ
3330 4120 3388 4172 τὸ
3417 4116 3583 4186 πλῆθος
3603 4115 3663 4178 ἐξ·

2168 4204 2361 4275 αρκεῖν
2411 4201 2575 4274 ἦσαν.
2629 4205 2712 4259 Τά
2757 4207 2869 4278 γὰρ
2895 4210 3010 4272 τοῖς
3038 4212 3300 4281 τιμηταῖς
3327 4206 3661 4278 ἀπονεμηθέντσ

2170 4295 2444 4365 προνόμια
2499 4296 2702 4378 ἐκεῖνοι
2735 4296 2897 4368 μέχρι
2927 4299 3050 4352 τότε
3079 4299 3318 4355 ἐποίουν;
3347 4297 3458 4352 Δὺω
3486 4312 3536 4349 τε
3561 4290 3661 4363 ἦσαν

2167 4388 2217 4441 οί
2242 4389 2474 4458 τιμηταὶ
2503 4389 2563 4456 ἐξ
2599 4389 2776 4460 ἀρχῆς
2827 4389 2925 4444 καὶ
2969 4391 3035 4444 ἐκ
3065 4392 3178 4445 τῶν
3208 4389 3536 4460 εὐπατριδῶν.
3561 4380 3661 4451 Ἤρ·

2168 4497 2264 4552 χον
2291 4481 2347 4535 δὲ
2372 4481 2441 4535 τά
2481 4482 2578 4552 μὲν
2620 4481 2813 4552 πρῶτα
2843 4483 3033 4537 καὶτὰ
3073 4484 3357 4536 τελευταία
3394 4482 3476 4536 ἐπὶ
3515 4494 3660 4531 πεντα-

1250 4589 1266 4628 :
1321 4575 1581 4645 improba:
1640 4576 1762 4630 vita:
1809 4575 2061 4634 homines
2090 4580 2140 4640 υ
2165 4571 2337 4628 ετίανο
2373 4574 2466 4627 Ἐν
2493 4573 2552 4627 δὲ
2587 4574 2665 4644 τῷ
2690 4591 2727 4644 μ

2180 4571 2337 4628 ιτίαν.
2373 4574 2466 4627 Ἐν
2493 4573 2552 4627 δὲ
2587 4574 2665 4644 τῷ
2690 4574 2840 4645 μέσῳ
2863 4575 3041 4647 χρόνῳ
3077 4575 3175 4628 ἐπὶ
3217 4577 3360 4647 τρεῖς
3403 4571 3657 4642 ἑξαμήνους.

2171 4665 2269 4719 καὶ
2308 4664 2559 4734 ἐγένοντο
2610 4665 2723 4719 τῶν
2773 4665 2998 4721 ὑπάτων
3051 4668 3291 4738 μείζους,
3343 4665 3503 4720 καίτοι
3543 4659 3661 4731 μέρος

2169 4758 2271 4828 τῆς
2296 4758 2522 4811 ἐκείνων
2549 4756 2809 4821 λαϐόντες
2861 4758 3060 4828 ἀρχῆς.
3109 4758 3268 4826 Ἐξῆν
3323 4756 3377 4810 δέ
3418 4754 3570 4814 αὐτοῖς
3592 4749 3660 4808 τάς

2169 4865 2232 4902 τε
2273 4847 2572 4920 προσόδους
2603 4848 2705 4912 τὰς
2739 4847 2924 4912 κοινὰς
2971 4849 3286 4920 ἐκμισθοῦν,
3322 4848 3409 4902 καὶ
3452 4845 3544 4899 τῶν
3565 4839 3659 4894 ὁδῶν

2171 4941 2270 4996 καὶ
2296 4941 2402 4994 τῶν
2428 4940 2706 5011 δημοσίων
2731 4940 3188 5012 οἰκοδομημάτων
3216 4938 3572 5010 ἐπιμελεῖσθαι,
3594 4931 3658 4986 καὶ

2171 5034 2271 5097 τὰς
2325 5033 2657 5102 ἀπογραφάς
2711 5034 2810 5104 τῆς
2845 5034 3079 5090 ἑκάστου
3138 5033 3389 5103 εὐπορίας
3439 5025 3655 5084 διατελείν,

2173 5127 2268 5179 καὶ
2306 5126 2400 5180 τὸν
2450 5125 2564 5198 βίον
2612 5125 2724 5179 τῶν
2755 5126 2995 5180 πολιτῶν
3025 5127 3342 5180 ἐπισκοπεῖν
3361 5141 3416 5178 τε
3462 5121 3541 5175 καὶ
3578 5114 3659 5178 ὲξε·

2171 5219 2379 5286 στάζειν,
2420 5219 2518 5273 καὶ
2551 5220 2680 5282 τοὺς
2725 5219 2826 5289 μὲν
2872 5217 3057 5282 ἀξίους
3090 5218 3313 5272 ἐπαίνου
3341 5217 3396 5278 ἐς
3421 5213 3506 5276 τὰς
3533 5205 3656 5278 φυλὰς

2174 5313 2268 5366 καὶ
2297 5312 2356 5375 ἐς
2393 5310 2491 5382 τήν
2537 5312 2751 5366 ίππάδα
2795 5311 2891 5364 καὶ
2941 5311 3041 5383 τήν
3090 5307 3370 5381 γερουσίαν
3405 5301 3656 5374 ἐγγράφειν,

2173 5396 2352 5461 καθὼς
2381 5399 2634 5462 ἐκάστοις
2677 5399 2982 5470 προσήκειν
3030 5398 3305 5470 ἐνομίζετο
3328 5413 3343 5430 ⁶
3385 5395 3495 5455 τοὺς
3533 5390 3566 5442 δ’
3587 5386 3654 5479 οὐκ

2171 5484 2233 5543 εὖ
2298 5489 2567 5560 βιοῦντας,
2612 5489 2988 5560 ἁπανταχόθεν
3019 5489 3236 5560 ὁμοίως,
3271 5485 3566 5552 ἀπαλείφειν.
3610 5477 3652 5526 Ὃ

2176 5585 2360 5654 μεῖζον
2383 5583 2601 5638 πάντων
2627 5577 2694 5654 ἦν
2721 5582 2829 5636 τῶν
2859 5583 2972 5644 τοῖς
3001 5581 3221 5644 ὑπάτοις
3247 5573 3648 5642 καταλειφθέντων.

2177 5675 2393 5738 Πίστεις
2416 5674 2460 5728 δ’
2490 5673 2748 5742 ἐνόρκους
2781 5674 2866 5743 ἐφ’
2903 5673 3121 5745 ἑκάστῳ
3163 5670 3454 5741 πεποίηντο,
3482 5658 3649 5760 ὡς

2177 5768 2311 5838 πρὸς
2337 5767 2516 5838 χάριν,
2548 5765 2670 5819 οὑτε
2723 5765 2858 5836 πρὸς
2904 5765 3104 5836 ἔχθραν
3148 5783 3198 5818 τι
3233 5761 3474 5822 ποιοῦσιν,
3500 5751 3587 5807 ἀλλ’
3610 5764 3650 5809 ες

2177 5859 2345 5930 ὀρθῆς
2396 5857 2621 5929 γνώμης
2677 5859 2742 5912 τὰ
2793 5859 3139 5930 συμφέροντα
3175 5858 3246 5928 τῷ
3278 5851 3422 5920 κοινῷ
3450 5848 3522 5901 καί
3560 5856 3644 5892 σκο-
