3862 6614
194 415 299 504 60's

1474 442 1881 504 ANNALIUM
1924 444 2073 505 LIB.
2100 444 2237 508 VII.

3377 448 3488 513 606

195 551 357 610 ποῦσι
382 550 485 608 καὶ
529 551 865 626 πράττουσι.
911 552 1023 609 Καὶ
1067 553 1160 608 τὸν
1188 552 1364 625 δῆμον
1397 554 1491 608 ἐπί
1517 570 1579 608 τε
1611 555 1771 625 νόμωι

1895 554 2075 611 lectus
2101 561 2273 619 esset,
2320 556 2420 626 per
2465 568 2689 610 omnem
2730 562 2955 613 aetatem
2984 555 3041 612 in
3082 562 3153 615 eo
3189 568 3486 619 maneret:

194 645 505 714 εἰσφοραῖς,
541 644 646 699 καί
669 647 784 709 τοῖς
809 644 996 710 ἄλλοις
1037 645 1417 718 συνήθροιζον,
1454 647 1551 699 καὶ
1580 644 1659 716 τῷ
1687 644 1771 699 τῶ

1898 644 2082 718 neque
2122 646 2406 703 deleretur
2441 664 2511 704 ex
2553 648 2701 716 albo,
2737 649 2845 706 nisi
2876 650 2948 706 ob
2983 650 3202 709 facinus
3248 652 3486 724 ignomi-

195 732 462 807 μειζόνων
502 737 705 808 ἀρχῶν
737 738 954 809 κόσμῳ,
995 737 1140 809 πλὴν
1183 736 1500 810 ῥαϐδούχων
1528 738 1792 809 ἐχρῶντο.

192 827 431 899 Τοιαύτη
466 829 503 900 ή
531 829 658 884 τῶν
688 830 937 902 τιμητῶν
968 832 1216 901 ὑπῆρχεν
1248 833 1416 902 ἀρχή.
1450 829 1574 885 Τῶν
1604 831 1794 898 μέντοι

192 920 264 994 μή
297 918 807 994 ἀπογραψαμένων
836 924 934 988 τὰς
964 922 1156 987 οὐσίας
1186 925 1246 978 εν
1288 925 1413 988 ταῖς
1440 924 1794 995 ἀπογραφαῖς

187 1013 281 1068 καὶ
321 1014 589 1081 ἑαυτοὺς,
648 1015 747 1078 τὰς
808 1015 913 1086 μὲν
961 1016 1153 1080 οὐσίας
1197 1016 1250 1070 οἰ
1302 1016 1557 1087 τιμηταὶ,
1592 1017 1793 1081 αὐτοὺς

186 1106 230 1162 δ’
254 1105 516 1171 ἐκείνους
545 1108 608 1162 οἰ
655 1107 859 1164 ὕπατοι
903 1110 1272 1182 ἐπίπρασκον.
1322 1109 1522 1181 Χρόνῳ
1567 1110 1667 1181 μὲν
1693 1105 1791 1165 οὖν

184 1219 287 1255 τινι
314 1199 479 1255 ταῦθ’
508 1200 702 1266 οὕτως
731 1200 1011 1274 ιπράχθη.
1041 1201 1317 1274 Ὕστερον
1341 1202 1400 1257 δὲ
1427 1202 1520 1258 τὸν
1549 1202 1699 1271 ἅπαξ
1720 1205 1787 1276 τῇ

187 1289 345 1363 βουλῇ
408 1291 881 1363 καταλεχθέντα,
953 1292 1044 1348 διὰ
1111 1291 1231 1365 βίου
1304 1292 1585 1365 βουλεύειν
1639 1294 1789 1360 εδοξε

188 1384 308 1455 μηδ’
352 1384 804 1455 ἀπαλείφεσθαι,
836 1387 887 1440 εἰ
918 1387 997 1459 μή
1026 1403 1117 1452 τις
1142 1387 1412 1460 ἀδικήσας
1435 1387 1534 1443 καὶ
1576 1388 1789 1459 κριθεὶς

180 1475 448 1548 ἠτίμωτο,
488 1477 524 1548 ἢ
562 1478 759 1543 κακῶς
784 1478 895 1545 ζῶν
915 1479 1183 1552 ἠλέγχθη.
1211 1481 1352 1544 Τοὺς
1378 1479 1489 1551 γὰρ
1510 1480 1788 1545 τοιούτους

183 1570 514 1642 ἁπήλειφον,
539 1574 648 1627 καὶ
684 1574 803 1630 ἀντ’
830 1575 1015 1628 αὐτῶν
1047 1576 1274 1647 ἑτέρους
1303 1575 1631 1647 ἐνέγραφον.
1662 1575 1786 1627 Τῶν

181 1660 234 1715 δὲ
262 1664 643 1734 προσκαίρως
663 1666 948 1737 ἀρχόντων
990 1668 1265 1738 πρεσϐεῖα
1302 1665 1404 1724 μὲν
1432 1665 1644 1720 ἐδέδοτο
1669 1668 1784 1731 τοῖς

182 1757 526 1829 δικτάτορσι,
569 1759 863 1831 δευτερεῖα
907 1759 967 1815 δέ
1010 1750 1241 1831 γε’τοῖς
1293 1762 1580 1832 τιμηταῖς,
1642 1761 1677 1830 ή
1726 1760 1784 1814 δὲ

1896 739 2060 795 nioso
2105 739 2320 811 judicio
2367 740 2772 800 condemnatus
2820 753 3005 807 esset.
3055 755 3156 800 aut
3209 744 3475 815 improba:

1895 832 2023 888 vitae
2048 847 2362 890 comnotus.
2407 832 2637 891 Talibus
2691 837 2841 893 enim
2876 837 2933 892 in
2962 837 3219 893 ordinem
3248 838 3480 902 coactis.

1891 925 2035 981 alios
2063 925 2120 981 in
2148 942 2345 981 eorum
2367 926 2551 983 locum
2581 927 3014 984 substituebant.
3048 928 3109 983 ln
3144 927 3483 999 magistrati-

1893 1017 1998 1075 bus
2029 1026 2344 1090 temporum
2380 1035 2547 1076 causa
2587 1020 2880 1087 institutis,
2915 1020 3230 1092 principem
3252 1021 3480 1077 obtine-

1892 1109 2026 1166 bant
2071 1110 2255 1167 locum
2302 1110 2626 1177 dictatores.
2676 1113 2994 1184 proximum
3032 1127 3320 1178 censores,
3362 1122 3479 1167 ter-

1894 1201 2031 1257 tium
2050 1203 2297 1274 magistri
2323 1204 2574 1275 equitum
2598 1222 2615 1259 :
2641 1205 2736 1276 qui
2753 1205 2913 1269 ordo,
2934 1204 3049 1261 sive
3076 1204 3134 1260 in
3153 1205 3478 1276 magisu'atu

1889 1303 2104 1362 essent,
2136 1295 2255 1352 sive
2282 1309 2351 1351 eo
2370 1297 2659 1365 abiissent,
2688 1298 3111 1354 observabatur.
3150 1297 3312 1366 Quod
3333 1297 3381 1353 si
3404 1297 3474 1353 ad

1889 1387 2158 1444 humilius
2203 1403 2405 1445 munus
2455 1389 2901 1456 descendissent,
2947 1390 3191 1460 priorem
3236 1389 3479 1461 dignita-

1887 1491 2001 1537 tem
2022 1481 2350 1538 inviolatam
2380 1483 2729 1540 obtinebant.
2767 1484 2923 1542 Unus
2953 1484 3179 1554 quidam
3216 1483 3480 1554 princeps

1886 1581 2115 1631 senatus
2168 1590 2268 1644 per
2322 1575 2379 1630 id
2425 1584 2669 1640 tempus,
2715 1575 2849 1631 dum
2902 1575 2950 1631 is
3007 1575 3189 1631 Itonos
3230 1574 3476 1630 durabat

1886 1664 2090 1735 (neque
2123 1665 2273 1722 enim
2326 1677 2636 1737 perpetuus
2679 1671 2819 1739 erat)
2877 1666 3135 1724 omnibus
3179 1664 3475 1738 dignitate,

1886 1773 2000 1814 non
2029 1759 2276 1829 potentia
2303 1761 2621 1831 praestabat.

180 1851 328 1923 τρίτη
384 1851 550 1919 τάξις
608 1855 725 1918 τοῖς
780 1853 1085 1927 ἱππάρχοις
1130 1855 1422 1926 νενέμητο.
1465 1854 1577 1908 Καὶ
1629 1852 1775 1907 οὕτω
1810 1853 1989 1907 ταῦτα
2036 1851 2323 1918 ιτέτακτο,
2404 1852 2509 1907 κᾶν
2560 1851 2623 1906 ὲν
2712 1853 2836 1915 ταῖς
2896 1852 3097 1924 ἀρχαῖς
3153 1847 3319 1924 ἦσαν,
3368 1850 3477 1906 κάν

184 1943 613 2015 ἀπηλλάγησαν.
684 1947 750 2001 Εἰ
808 1949 921 2019 γάρ
971 1966 1056 2013 τις
1081 1949 1177 2003 "is:
1227 1949 1477 2018 μείζονος
1529 1948 1707 2018 ἀρχῆς
1773 1948 1856 2010 είς
1893 1945 2296 2016 ύποδεεστέραν
2347 1944 2614 2016 κατέστη,
2665 1944 2729 2000 τὸ
2778 1946 2878 2015 τῆς
2926 1946 3212 2018 προτέρας
3256 1943 3478 2016 ἀξίωμα

183 2035 318 2108 εἶχεν
346 2038 651 2109 ἀκέραιον.
692 2036 789 2103 Εἷς
843 2039 904 2096 δέ
934 2048 1067 2105 ’τις,
1126 2041 1188 2095 ὃν
1239 2042 1519 2111 πρίγκιπα
1557 2040 1656 2109 μὲν
1676 2039 1776 2109 τῆς
1814 2038 2108 2110 γερουσίας
2181 2037 2471 2109 ὠνόμαζον
2524 2039 2762 2106 (λέγοιτο
2811 2039 2858 2094 δ’
2908 2039 2977 2093 ἂν
3007 2038 3132 2094 καθ’
3202 2037 3476 2109 Ἕλληνας

187 2126 501 2200 πρίκριτος)
531 2172 547 2195 ,
613 2131 953 2202 συμπάντων
1013 2132 1235 2203 προεῖχε
1307 2131 1401 2186 τὸν
1468 2131 1665 2202 χρόνον
1715 2127 1776 2182 ὃν
1814 2129 2175 2200 προεκρίνετο
2222 2130 2307 2200 (οὐ
2363 2130 2475 2201 γάρ
2523 2131 2614 2184 διὰ
2650 2130 2769 2202 βίον
2836 2147 2920 2195 τις
2969 2134 3053 2197 εἰς
3129 2130 3293 2187 τοῦτο
3339 2148 3481 2206 προ·

184 2221 525 2294 εχειρίζιτο),
585 2227 689 2279 καὶ
729 2226 1005 2300 προέφερε
1034 2225 1146 2280 τῶν
1177 2225 1359 2281 ἄλλων
1404 2224 1484 2296 τῷ
1528 2222 1802 2294 ἀξιώματι
1839 2222 1900 2277 οὐ
1929 2224 2037 2294 μὴν
2066 2225 2161 2278 καὶ
2190 2225 2422 2296 δυνάμει
2443 2225 2642 2298 ἐχρῆτό
2667 2244 2799 2283 τινι.

249 2317 332 2376 ις’.
356 2318 581 2391 Χρόνον
626 2321 727 2392 μὲν
756 2320 851 2375 οὖν
891 2338 1019 2375 τινα
1067 2321 1302 2393 εἰρήνην
1345 2320 1484 2390 πρὶς
1512 2318 1771 2391 ἀλλήλους

1955 2316 2076 2373 XX.
2114 2317 2195 2372 Ad
2229 2319 2379 2375 hunc
2428 2319 2654 2375 modum
2701 2336 2838 2391 pace
2875 2321 2945 2377 ad
2982 2331 3202 2394 tempus
3226 2322 3376 2382 domi
3407 2335 3474 2383 ἐι

186 2411 433 2481 καὶπρὸς
468 2414 615 2478 τοὺς
649 2414 973 2486 περιοίκους
1000 2415 1236 2485 ἤγαγον.
1265 2410 1401 2468 Εἶτα
1445 2412 1608 2484 λιμοῦ
1657 2404 1777 2465 ἑπι-

190 2504 586 2575 κρατήσαντος,
621 2503 763 2560 ὥστε
793 2506 950 2571 τινὰς
976 2508 1074 2560 καὶ
1129 2506 1212 2571 εἰς
1244 2506 1339 2560 τὸν
1371 2504 1618 2575 ποταμὸν
1645 2504 1777 2558 ἑαυ-

186 2598 301 2661 τοὺς
328 2597 629 2670 ὲμόαλεῖν,
682 2599 758 2672 μὴ
803 2599 1073 2672 φέροντας
1105 2601 1200 2655 τδν
1235 2600 1395 2670 λιμὸν
1424 2599 1775 2655 ἐστασίασαν.

191 2692 368 2765 Οίμὲν
395 2692 511 2767 γάρ
560 2695 698 2758 τούς
747 2692 1021 2765 εὐπόρους
1079 2693 1157 2757 ὡς
1209 2695 1339 2765 περὶ
1389 2693 1482 2746 τὸν
1512 2695 1657 2746 σῖτον
1684 2707 1778 2746 κα·

191 2785 556 2859 κουργοῖωτας
586 2789 652 2842 ἐν
683 2782 835 2859 αίτίᾳ
865 2785 1188 2857 πεποίηντο,
1220 2788 1269 2839 οἰ
1301 2786 1359 2840 δὲ
1386 2784 1509 2850 τούς
1534 2787 1777 2856 πένητας

195 2876 261 2941 ὡς
291 2878 383 2950 τὴν
412 2879 521 2951 γῆν
556 2880 644 2952 μή
676 2879 1106 2951 βουλευομένους
1130 2879 1491 2951 ἐργάζεσθαι.
1536 2876 1685 2933 ’ἰδὼν
1716 2879 1775 2932 δὲ

191 2971 334 3026 τοῦτο
382 2973 667 3045 Σπούριος
718 2972 993 3039 Μάλλιος,
1030 2972 1172 3045 ἀνὴρ
1228 2973 1434 3038 ἱππεὺς
1490 2972 1771 3040 πλούσιος,

194 3060 450 3131 τυραννίδι
477 3062 907 3134 ἐπικεχείρηκε,
938 3064 1033 3117 καὶ
1063 3066 1212 3118 σῖτον
1237 3066 1301 3119 ὲκ
1336 3065 1440 3137 τῆς
1462 3062 1773 3135 περιχώρου

196 3155 506 3225 πριάμενος,
546 3157 779 3221 πολλοῖς
809 3158 910 3229 μὲν
942 3158 1316 3225 ἐπευωνίζων,
1348 3158 1571 3222 πολλοῖς
1595 3159 1653 3213 δὲ
1679 3158 1777 3213 καὶ

198 3250 378 3317 προῖκα
412 3248 621 3316 ἐδίδου,
661 3251 773 3305 κάκ
833 3251 1026 3305 τούτου
1075 3252 1311 3322 συχνοὺς
1343 3251 1776 3323 προσῳκειωσά-

201 3358 364 3412 μενος,
395 3343 538 3397 ὅπλα
586 3360 649 3398 τε
684 3343 982 3416 ἐπορίσατο
1016 3346 1113 3398 καὶ
1155 3344 1452 3416 φρουροὺς,
1479 3346 1576 3399 καὶ
1606 3344 1769 3416 ἐκρά-

198 3451 345 3504 τησεν
367 3437 431 3491 ἂν
454 3438 560 3507 τῆς
600 3438 833 3503 πόλεως,
872 3440 921 3492 εἰ
962 3438 1036 3510 μὴ
1074 3438 1374 3504 Μινούκιος
1414 3439 1772 3509 Αὐγουρῖνος,

199 3525 320 3599 ἀνὴρ
351 3529 739 3601 εὐπατρίδης,
785 3531 881 3585 ὲπὶ
939 3532 1007 3601 τῇ
1058 3529 1332 3602 σιτοδοσίᾳ
1413 3530 1773 3602 τεταγμένος,

202 3622 284 3676 καὶ
332 3625 670 3695 αἰτιώμενος
729 3626 824 3679 ἐπὶ
875 3625 942 3696 τῇ
1005 3623 1266 3697 σιτοδείᾳ,
1324 3625 1638 3696 εἰσήγγειλε
1698 3627 1767 3698 τῇ

203 3714 344 3788 βουλῇ
368 3718 428 3772 τὸ
461 3717 873 3791 πραττόμενον.
920 3718 987 3773 Ἢ
1005 3719 1063 3773 δὲ
1102 3718 1387 3791 γερουσία,
1426 3720 1676 3789 μαθοῦσα
1708 3722 1771 3776 τὸ

207 3810 448 3878 μήνυμα,
509 3810 822 3883 δικτάτορα
878 3810 1198 3882 παραυτίκα
1252 3812 1312 3865 ὲν
1361 3810 1468 3883 τῷ·
1510 3812 1773 3886 συνεδρίῳ

205 3897 371 3953 ἀνεῖπε
425 3901 522 3956 τὸν
580 3902 842 3956 Κυϊντιον
896 3900 991 3955 τὸν
1031 3902 1269 3956 Λούκιον
1306 3901 1401 3957 τὸν
1451 3905 1768 3972 Κικινάτον,

204 3992 287 4045 καὶ
314 3993 482 4049 ταῦτα
512 3994 811 4065 παρήλικα
841 3994 971 4049 δντα
997 3993 1484 4065 (ὀγδοηκοντούτης
1517 3995 1624 4067 γὰρ
1654 3993 1767 4068 ἦν).

205 4082 361 4138 Κάκεῖ
387 4085 486 4158 τήν
515 4088 743 4158 ἡμέραν
775 4087 957 4141 πᾶσαν
1000 4086 1292 4142 ἀνάλωσαν
1336 4088 1769 4159 συγκαθήμενοι,

206 4172 269 4238 ὥς
288 4195 338 4232 τι
356 4178 419 4250 δὴ
446 4179 858 4251 βουλευόμενοι,
885 4180 971 4233 ἵνα
1007 4180 1083 4252 μὴ
1108 4181 1170 4234 τὸ
1192 4180 1419 4250 γεγονὸς
1442 4181 1768 4255 ἐκφοιτήσῃ.

206 4266 399 4336 Νυκτὸς
426 4272 484 4327 δὲ
514 4275 545 4328 ό
587 4273 867 4346 δικτάτωρ
892 4273 956 4327 τὸ
987 4272 1336 4328 Καπιτώλιον
1362 4276 1458 4327 καὶ
1496 4275 1568 4328 τὰ
1604 4274 1770 4331 λοιπά

205 4360 265 4413 τὰ
312 4363 709 4438 ἐπικαιρότατα
744 4366 834 4420 διὰ
878 4364 993 4420 τῶν
1043 4366 1257 4420 ἱππέων
1288 4364 1766 4436 προκαταλαϐὼν,

207 4452 354 4508 ἔωθεν
405 4459 496 4513 ἐπὶ
554 4459 651 4513 τὸν
698 4458 945 4514 Μάλλιον
990 4456 1208 4529 έπεμψε
1257 4458 1419 4512 Γάϊον
1458 4458 1770 4530 Σερουΐλιον

206 4546 287 4600 τὸν
305 4549 601 4625 ἵππαρχον,
622 4551 700 4616 ὡς
717 4551 788 4608 δι’
810 4550 939 4607 ἄλλο
953 4569 1008 4607 τι
1028 4552 1241 4606 ἐκεῖνον
1261 4550 1766 4623 μετακαλούμενος.

218 4632 335 4695 Ὀδὶ
363 4642 812 4716 ὐποτοπήσαντός
832 4662 886 4700 τι
908 4644 1004 4700 τοῦ
1035 4644 1303 4710 Μαλλίου,
1331 4645 1427 4700 καὶ
1452 4644 1769 4717 διαμέλλον-

208 4744 288 4797 τος
325 4733 521 4805 δείσας,
556 4740 633 4817 μὴ
673 4739 781 4793 ὐπδ
827 4738 925 4794 τοῦ
976 4738 1223 4809 πλήθους
1267 4738 1589 4813 ἑξαρπασθῇ
1642 4741 1766 4815 (ήδη

212 4820 307 4892 γάρ
337 4828 678 4905 συνέτρεχον)
717 4829 930 4884 ἔκτεινε
968 4829 1063 4884 τὸν
1106 4829 1301 4902 ἄνδρα,
1339 4831 1373 4901 ἢ
1410 4832 1767 4903 αὐτογνωμο-

211 4913 378 4984 νήσας.
405 4921 438 4994 ή
463 4922 626 4978 τοῦτο
667 4921 1099 4995 κεκελευσμένος
1135 4923 1274 4993 πρὸς
1300 4922 1397 4978 τοῦ
1425 4923 1764 4995 δικτάτορος.

1878 2410 2017 2466 foris
2049 2412 2374 2477 constituta,
2412 2419 2565 2468 tanta
2613 2412 2789 2469 fames
2828 2413 3021 2469 urbem
3072 2417 3372 2486 oppressit,
3410 2425 3471 2474 ut

1877 2502 2103 2575 quidam
2143 2503 2383 2561 inediam
2409 2520 2520 2561 non
2552 2508 2815 2571 terentes,
2854 2507 2909 2561 in
2938 2505 3143 2562 ﬂumen
3176 2524 3238 2564 se
3265 2511 3463 2580 praeci-

1878 2598 2141 2669 pitarent.
2192 2598 2350 2656 Unde
2392 2608 2518 2654 orta
2551 2598 2850 2666 seditione,
2892 2614 3170 2670 pauperes
3202 2601 3471 2659 divitibus

1877 2704 2112 2747 annonae
2159 2691 2633 2763 suppressionem,
2688 2692 2894 2748 divites
2935 2694 3278 2764 pauperibus
3322 2695 3471 2766 agri:

1876 2784 2111 2840 cultura:
2150 2785 2462 2857 neglectum
2491 2784 2711 2841 crimini
2758 2786 2986 2841 dabant.
3023 2786 3145 2852 Qua
3188 2786 3262 2842 de
3288 2802 3466 2843 causa

1877 2875 2114 2951 Spurius
2164 2876 2360 2934 Melius
2404 2893 2599 2949 eques,
2632 2878 2800 2933 homo
2839 2877 3013 2942 dives,
3067 2888 3384 2949 coemptum
3434 2896 3465 2934 a

1877 2968 2130 3025 ﬁnitimis
2168 2968 2535 3036 frumentum,
2587 2971 2714 3026 aliis
2760 2970 2993 3025 minoris
3037 2970 3311 3037 vendidit,
3343 2971 3467 3027 aliis

1876 3063 2118 3134 gratuito
2159 3062 2337 3118 dedit.
2374 3063 2563 3134 anue
2587 3078 2647 3118 re
2674 3063 2862 3119 multis
2880 3063 2984 3120 sil-i
3017 3064 3347 3128 conciliatis,
3367 3080 3467 3135 spe

1879 3157 2031 3228 regni
2051 3164 2343 3227 concepta,
2361 3172 2515 3211 arma
2529 3164 2586 3213 et
2603 3157 2873 3213 satellites
2891 3156 3261 3228 comparavit.
3283 3157 3465 3226 Atque

1878 3252 2017 3305 urbe
2075 3250 2284 3320 potitus
2309 3260 2478 3316 esset,
2548 3252 2654 3306 nisi
2688 3251 2953 3306 Minutius
3005 3250 3345 3321 Augurinus.
3377 3251 3467 3305 vir

1875 3341 2165 3412 patricius,
2204 3341 2283 3396 rei
2324 3340 2703 3396 frumentaria:
2736 3340 3052 3411 prznl‘ectus,
3092 3357 3220 3397 cum
3247 3343 3320 3396 Ob
3360 3356 3464 3394 an-

1874 3451 2037 3491 nona:
2066 3434 2353 3506 penuriam
2393 3444 2782 3498 accusaretur,
2823 3449 2940 3489 rem
2985 3433 3053 3488 ad
3084 3444 3339 3489 senatum
3367 3435 3467 3489 de-

1876 3528 2112 3583 tulisset.
2191 3526 2295 3595 Qui
2349 3527 2537 3582 statim
2602 3526 2667 3581 L.
2725 3525 3013 3594 Quintium
3062 3525 3456 3583 Cincinnatum

1876 3621 2202 3677 dictatorem
2238 3619 2498 3676 dixerunt
2535 3619 2717 3676 virum
2753 3631 2966 3677 exacta:
2993 3620 3212 3690 aetatis,
3254 3638 3462 3679 annum

1877 3725 2133 3788 agentem
2181 3732 2345 3782 Lux,
2368 3722 2537 3785 atque
2580 3714 2638 3770 in
2680 3715 2837 3772 curia
2873 3726 3049 3771 totum
3083 3716 3229 3773 diem
3254 3716 3447 3774 delibo

1875 3806 2118 3863 rantium
2151 3807 2337 3878 specie
2373 3806 2783 3873 consederunt,
2813 3823 2882 3862 ne
2908 3807 2965 3862 id
3004 3810 3286 3864 decretum
3315 3809 3464 3865 foras

1872 3900 2277 3957 eliminaretur.
2301 3900 2479 3955 Noctu
2513 3900 2754 3956 dictator
2777 3901 3120 3971 Capitolium
3152 3912 3210 3957 et
3235 3904 3338 3957 alia
3366 3910 3485 3974 op-‘

1874 4008 2113 4064 portuna
2140 3993 2260 4049 loca
2301 4009 2401 4064 per
2433 3995 2651 4065 equites
2685 4003 2945 4064 occupat.
2983 3994 3141 4050 Mane
3165 3993 3231 4050 C.
3264 3994 3455 4051 Servi-

1871 4085 2007 4141 lium
2052 4086 2375 4158 magistrum
2412 4089 2666 4158 equitum
2696 4087 2766 4142 ad
2799 4087 3021 4142 Melium
3054 4087 3246 4153 mittit,
3289 4088 3456 4158 quasi

1873 4196 1971 4252 per
2002 4179 2166 4235 aliam
2191 4184 2415 4237 causam
2459 4180 2882 4237 accersendum.
2919 4181 3078 4253 351
3122 4181 3195 4237 At
3228 4182 3320 4237 ille
3347 4182 3460 4238 Me-

1873 4273 2251 4345 liumaliquid
2286 4274 2664 4346 suspicantem
2710 4283 2768 4330 et
2800 4275 3286 4346 tergiversantem,
3315 4274 3461 4330 veri-

1873 4376 1963 4422 tus
1992 4381 2064 4422 ne
2091 4382 2367 4423 concursu
2405 4367 2592 4438 populi
2628 4367 2964 4437 eriperetur,
3015 4367 3301 4435 interﬁcit,
3333 4367 3455 4423 sive

1870 4467 2069 4528 suapte
2103 4458 2358 4524 consilio,
2392 4459 2510 4514 sive
2536 4457 2827 4514 dictatoris
2859 4458 3046 4529 jussu.
3075 4456 3158 4514 0b
3187 4458 3337 4530 quod
3370 4458 3455 4514 fa-

1869 4561 2020 4607 ctum
2056 4551 2433 4608 tumultuante
2475 4548 2857 4616 multitudine,
2900 4549 3158 4618 Quintius
3187 4550 3457 4606 concione

1870 4644 2080 4710 habita,
2123 4654 2179 4701 et
2203 4643 2488 4700 frumento
2531 4643 2867 4709 distributo,
2901 4651 3163 4699 accusato
3193 4642 3457 4698 multato-

1867 4753 1978 4811 que
2012 4738 2258 4804 nemine,
2296 4746 2509 4793 motum
2536 4751 2667 4793 eum
2700 4735 2938 4792 sedavit.
2977 4734 3190 4792 Deinde
3216 4732 3454 4791 annaui

1868 4832 2030 4889 bellis
2092 4830 2250 4903 petiti
2302 4846 2333 4885 a
2380 4830 2617 4886 diversis
2658 4829 2941 4901 gentibus,
2981 4837 3212 4885 caeteras
3262 4829 3457 4900 paucis

1868 4924 2066 4980 diebus
2093 4921 2365 4992 vicerunt,
2402 4920 2502 4979 sed
2535 4937 2663 4978 cum
2688 4920 2991 4995 Tyrrhenis
3019 4920 3183 4994 longo
3206 4931 3457 4992 tempore

212 5000 590 5084 Θορυδηθέντος
618 5013 666 5069 δ’
699 5015 795 5069 ἰπὶ
821 5012 1000 5088 τούτῳ
1029 5013 1128 5069 τοῦ
1160 5014 1426 5087 πλήθους,
1455 5018 1484 5070 ό
1508 5017 1763 5082 Κυῖντιος

1875 5017 2245 5072 decertarunt.
2272 5014 2496 5078 Milites,
2530 5029 2657 5069 cum
2688 5013 3050 5071 Postbumius
3068 5014 3231 5070 victis
3264 5013 3458 5085 Athuis

212 5092 595 5177 δημηγορήσας,
633 5107 728 5162 καὶ
771 5109 920 5162 σῖτον
968 5108 1124 5178 σφίσι
1156 5107 1486 5181 παρασχὼν,
1543 5109 1638 5164 καὶ
1687 5111 1761 5182 μή

213 5204 320 5277 τινα
336 5195 514 5271 ἓτερον
544 5202 578 5273 ἢ
611 5201 873 5267 κολάσας,
904 5202 938 5273 ἢ
966 5202 1450 5272 ἐπαιτιασάμενος,
1486 5203 1580 5258 τὸν
1605 5203 1765 5277 θόρυ-

215 5274 296 5367 θον
317 5278 529 5343 ἔπαυσε.
552 5288 818 5361 Πολέμων
841 5290 899 5344 δὲ
923 5294 1040 5355 τοῖς
1082 5290 1377 5363 Ῥωμαίοις
1405 5295 1469 5347 εκ
1487 5274 1762 5367 διαφόρων

186 5412 196 5420 .
220 5364 364 5459 ἐθνῶν
393 5377 862 5452 ἐπενηνεγμένων,
891 5384 1020 5448 τοὺς
1051 5385 1152 5456 μὲν
1183 5385 1244 5439 ἐν
1267 5386 1483 5455 ὀλίγαις
1521 5364 1762 5459 ἡμέραις

219 5457 468 5550 ἰνίκησαν,
485 5476 597 5538 τοῖς
622 5474 681 5529 δὲ
705 5475 1013 5547 Τυρσηνοῖς
1034 5476 1129 5531 ἐπὶ
1153 5477 1366 5547 μακρὸν
1385 5457 1758 5550 ἐπολέμησαν.

221 5548 521 5633 Ποστουμίου
548 5567 607 5622 δὲ
635 5570 993 5640 νενικηκότος
1022 5570 1152 5635 τοὺς
1202 5570 1493 5637 Δίκουούς,
1530 5548 1628 5626 καί
1665 5592 1759 5644 με·

223 5644 369 5721 γάλην
417 5658 565 5715 πόλιν
620 5660 837 5725 ἑλόντος
883 5660 1089 5727 αὐτῶν,
1138 5662 1223 5717 ὅτι
1269 5662 1397 5734 μήτ’
1450 5663 1669 5735 ἐκείνην
1712 5665 1763 5718 οἰ

225 5747 518 5833 ⁶Ϊ⁹⁰⁴τιῶται
549 5757 630 5821 εἰς
684 5758 968 5829 προνομὴν
1021 5757 1469 5831 ὲξεχωρήθησαν,
1531 5760 1674 5833 μήτε
1705 5777 1762 5814 τι

220 5828 304 5924 fil;
339 5834 469 5908 λείας
519 5848 852 5919 αἰτήσαντες
903 5828 1122 5916 ἔλαϐον,
1161 5828 1265 5907 τόν*
1303 5828 1362 5906 τε
1415 5828 1621 5924 ταμίαν
1666 5854 1761 5908 τὸν

219 5915 544 6012 διατιθέμενον
579 5941 749 6016 αὐτὴν
784 5944 1146 6017 περιστάντες
1185 5943 1507 6016 ἐφόνευσαν,
1543 5946 1637 6003 καὶ
1667 5946 1760 6002 τὸν

1872 5124 2124 5181 magnam
2151 5122 2345 5165 eorum
2379 5108 2574 5163 urbem
2601 5116 2969 5180 expugnatam
2990 5148 3006 5172 ,
3039 5124 3150 5163 non
3183 5108 3456 5179 diripien-

1871 5204 1998 5260 dam
2040 5202 2305 5269 dedisset,
2344 5214 2531 5271 neque
2570 5217 2638 5257 ex
2688 5200 2965 5256 manubiis
2994 5199 3296 5272 quidquam
3322 5214 3456 5254 con-

1868 5296 2156 5363 cessisset,
2249 5303 2585 5366 quzcstorem
2672 5294 2912 5367 primum
2939 5333 2956 5360 ,
3017 5293 3221 5349 deinde
3272 5292 3454 5361 ipsum

1867 5390 2031 5447 etiam
2050 5378 2453 5444 ‘Posthumium
2481 5430 2496 5455 ,
2524 5388 2902 5459 obiurgantem
2930 5427 2946 5451 ,
2976 5396 3030 5442 et
3059 5386 3223 5441 caedis
3258 5394 3454 5439 aucto-

1867 5499 1955 5538 res
1987 5482 2055 5536 ad
2087 5480 2417 5553 supplicium
2447 5481 2840 5552 postulantem,
2872 5479 3238 5535 occiderunt:
3268 5492 3451 5547 neque

1863 5590 2060 5630 recens
2115 5584 2337 5645 captum
2384 5573 2694 5638 duntaxat,
2744 5573 2841 5629 sed
2890 5588 3110 5626 onmem
3164 5570 3449 5640 publicum

1856 5683 2048 5738 agrum
2088 5666 2194 5723 sibi
2236 5666 2616 5723 vindicarunt.
2680 5667 2760 5723 Ac
2806 5666 3067 5721 diuturna
3115 5664 3311 5719 fuisset
3355 5662 3450 5723 illa

1858 5760 2087 5827 seditio,
2138 5760 2248 5817 nisi
2298 5761 2426 5818 belli
2471 5762 2541 5817 ab
2584 5758 2782 5831 Equis
2818 5756 3176 5830 redintegrati
3225 5766 3441 5813 terrore

1858 5854 2221 5925 quievisscnt.
2268 5854 2515 5911 Caudium
2561 5868 2720 5923 poena
2752 5852 2805 5905 in
2849 5849 3045 5922 paucis
3090 5863 3443 5923 consumpta,

1860 5949 2049 6007 hostes
2078 5948 2354 6007 vicerunt.
2387 5946 2757 6015 Quamobrem
2788 5952 3042 6016 potentes
3068 5953 3123 6004 et
3152 5949 3441 6005 manubias
