3740 6560
443 379 554 445 607

1761 381 2001 444 JOANN
2019 381 2087 441 IS
2126 379 2446 442 ZONARE
3589 384 3674 445 693

445 502 594 556 inter
619 515 717 556 eos
762 501 1230 558 distribuerunt:
1277 511 1334 558 et
1383 501 1579 574 pediti,
1634 501 1838 558 deinde
1869 501 2034 555 etiam

2147 497 2488 568 Ποστούμιον
2521 498 2869 569 ἐπιτιμῶντα
2906 495 3096 561 αὐτοῖς
3139 496 3234 550 ἐπὶ
3279 495 3466 564 τούτῳ,
3500 498 3580 549 καί
3603 499 3676 567 {q-

440 594 620 662 equiti
664 593 938 665 stipendia
990 596 1386 652 decreverunt.
1442 595 1578 650 Nam
1630 595 1698 650 ad
1760 594 1813 648 id
1859 607 2036 662 usque

443 695 666 755 tempus
701 685 822 741 sine
844 686 1128 751 mercede,
1155 702 1220 741 ac
1241 687 1362 740 suis
1389 685 1658 756 impensis
1683 685 1992 738 militarant
2018 701 2034 746 ;

443 793 515 833 ac
539 789 653 834 tum
711 779 936 834 demum
977 779 1253 849 stipendia
1286 795 1505 834 merere
1532 788 1842 847 cmperunt.
1889 778 2037 833 Bello

445 870 712 926 adversus
728 871 953 926 Veintcs
969 879 1116 933 orto,
1129 870 1260 924 dum
1285 871 1363 926 illi
1380 886 1482 925 suo
1502 870 1673 925 Marte
1699 870 2036 940 pugnabant,

419 978 480 1015 -a
525 961 791 1017 Romanis
847 978 990 1031 saepe
1044 961 1198 1021 victi.
1233 970 1289 1017 et
1321 963 1465 1017 intra
1516 962 1721 1018 rnmuia
1767 963 2036 1032 compulsi

417 1064 600 1108 sunt.
650 1055 755 1109 Sed
803 1055 1084 1108 sociorum
1131 1055 1346 1110 viribus
1402 1055 1573 1120 aucti,
1624 1057 1923 1125 eruptione
1970 1069 2038 1112 ex

453 1148 590 1202 urbe
643 1147 809 1210 facta,
855 1148 1142 1203 Romanos
1188 1149 1576 1218 proﬂigarunt.
1625 1149 1841 1205 Interea
1887 1150 2040 1204 lacus

448 1240 715 1304 Albanus,
747 1240 979 1294 tumulis
1005 1241 1254 1310 undique
1284 1253 1496 1310 septus,
1537 1258 1663 1297 cum
1694 1243 1909 1297 nullum
1944 1243 2041 1297 ha-

417 1337 605 1389 beret
653 1350 793 1404 aqua
852 1336 1087 1402 exitum,
1122 1337 1254 1392 dum
1309 1337 1428 1394 Veii
1488 1340 1915 1404 obsidebantur,
1965 1340 2041 1394 ita

413 1457 418 1460 -
449 1427 764 1492 inundavit,
801 1435 858 1481 ut
888 1444 1032 1499 aqua
1066 1430 1210 1484 ultra
1243 1440 1462 1485 montes
1495 1431 1738 1496 evoluta,
1774 1432 1846 1486 ad
1886 1447 2040 1487 mare

447 1519 792 1576 decurreret.
835 1522 957 1588 Quo
1011 1539 1136 1578 cum
1187 1524 1423 1578 Romani
1473 1524 1743 1579 divinitus
1771 1526 2038 1593 portendi

448 1613 658 1682 aliquid
691 1615 1007 1681 crederent,
1043 1618 1370 1686 Delphicum
1425 1619 1714 1674 oraculum
1742 1619 2043 1675 consulue-

449 1716 602 1761 runt.
651 1708 784 1762 Erat
812 1717 868 1763 et
902 1711 1046 1779 apud
1080 1711 1350 1766 Veientes
1385 1713 1710 1783 Tyrrhenus
1743 1723 1917 1780 vates,
1947 1713 2041 1783 qui

450 1813 580 1856 cum
610 1800 804 1872 Pythia
853 1803 1258 1860 consentiebat.
1322 1806 1497 1859 Ambo
1538 1805 1686 1860 enim
1720 1806 1912 1860 urbem
1943 1821 2042 1860 ex-

2143 593 2343 647 τοῧντα
2379 591 2505 654 τοὺς
2549 592 2898 663 αὐτόχειρας,
2956 591 3454 662 προσαπέκτειναν,
3500 594 3582 641 καὶ
3602 594 3677 660 τὴν

2145 687 2332 756 χώραν
2361 688 2421 742 οὐ
2455 688 2554 759 τὴν
2583 687 2940 756 αἰχμάλωτον
2983 685 3173 755 μόνον,
3228 681 3366 736 ἀλλὰ
3415 681 3503 734 καὶ
3533 685 3676 738 πᾶσαν

2145 783 2518 853 προσένειμαν
2549 784 2763 844 ἑαυτοῖς
2795 781 2897 851 τὴν
2931 782 2989 834 ἐν
3033 780 3117 848 τῷ
3162 777 3410 847 δημοσίῳ
3437 776 3546 829 τότε
3573 795 3678 846 τυγ-

2146 875 2442 942 χάνουσαν.
2493 875 2614 930 Κᾶν
2664 876 2758 930 ἐπὶ
2794 875 3049 928 πλεῖστον
3080 873 3114 940 ή
3161 869 3355 932 στάσις
3409 868 3677 939 διήρκεσεν,

2146 967 2197 1018 εἰ
2238 967 2312 1034 μὴ
2359 965 2599 1036 πόλεμος
2633 964 2789 1029 αὖθις
2841 964 3142 1034 Ῥωμαίοις
3173 960 3330 1030 παρὰ
3355 959 3454 1014 τῶν
3480 962 3680 1014 Δὶκουών

2105 1091 2108 1096 -
2147 1059 2502 1129 ὲπενήνεκτο.
2545 1059 2885 1128 Φοδηθέντες
2929 1057 3039 1128 γὰρ
3084 1054 3178 1108 διὰ
3220 1051 3379 1106 τοῦτο
3423 1053 3678 1124 ἡσύχασαν,

2147 1154 2246 1208 καὶ
2272 1154 2374 1224 τὴν
2408 1154 2686 1226 τιμωρίαν
2717 1171 2831 1207 των
2858 1152 3037 1221 φόνων
3078 1150 3164 1214 είς
3207 1147 3424 1216 ὀλίγους
3466 1148 3682 1203 ἐλθοῦσαν

2149 1245 2480 1314 ὑπέμειναν,
2525 1246 2623 1299 καὶ
2662 1244 2761 1297 ἐπὶ
2789 1243 2918 1304 τοὺς
2953 1239 3239 1302 ἐναντίους
3281 1236 3679 1307 στρατεύσαντες,

2153 1337 2300 1408 μάχῃ
2334 1337 2532 1398 αὐτοὺς
2569 1337 2917 1406 νενικήκασι.
2957 1331 3051 1388 Διὸ
3094 1332 3200 1404 τήν
3245 1348 3306 1384 τε
3355 1331 3495 1382 λείαν
3538 1333 3680 1394 αὐτοῖς

2149 1431 2200 1484 οἱ
2221 1429 2440 1484 δυνατοὶ
2471 1429 2739 1496 διέδοσαν,
2771 1428 2867 1482 καὶ
2899 1426 3096 1496 μισθὸν
3124 1427 3241 1486 τοῖς
3265 1425 3465 1487 πεζοῖς,
3491 1421 3590 1476 εἶτα
3611 1427 3682 1478 καὶ

2149 1526 2264 1588 τοῖς
2298 1523 2559 1576 ἱππεῦσιν
2603 1521 2969 1590 ἐψηφίσαντο.
3012 1517 3240 1589 ’Λμισθὶ
3280 1517 3388 1585 γὰρ
3418 1517 3564 1586 μέχρι
3588 1519 3679 1569 τότε

2151 1617 2247 1670 καὶ
2273 1615 2535 1670 οίκόσιτοι
2575 1613 2652 1685 (9.)
2689 1611 3108 1685 ἐστρατεύοντο,
3143 1610 3270 1663 τότε
3307 1608 3363 1661 δὲ
3405 1607 3594 1678 πρῶτον
3615 1626 3680 1676 μι-

2151 1709 2443 1780 σθοφορεῖν
2469 1707 2726 1778 ἧρξαντο.
2780 1705 3030 1775 Πολέμου
3070 1703 3130 1757 δὲ
3165 1703 3354 1764 αὐτοῖς
3381 1701 3504 1771 πρὸς
3531 1702 3676 1754 Οὖῖέν-

2149 1819 2248 1866 τας
2277 1801 2597 1866 συστάντος,
2627 1800 2733 1864 ἕως
2763 1800 2865 1870 μὲν
2912 1797 3056 1852 κατὰ
3083 1797 3232 1865 σφᾶς
3263 1792 3542 1863 ἐπολέμουν
3568 1795 3677 1846 ἐκεῖ.

450 1901 754 1962 pugnatum
788 1892 854 1946 iri
884 1894 1248 1954 aﬂirmabant.
1283 1893 1326 1948 si
1354 1909 1477 1963 quae
1506 1894 1843 1949 exundasset
1874 1909 2036 1964 aqua,

2147 1911 2245 1959 νοι,
2273 1893 2538 1956 πολλάκις
2577 1892 2780 1956 αὐτοὺς
2809 1895 2860 1946 οί
2923 1891 3196 1961 Ῥωμαῖοι
3249 1887 3518 1957 ἐνίκησαν,
3541 1889 3613 1940 καὶ
3635 1889 3676 1950 ἐς

453 1981 511 2036 in
539 1997 690 2037 mare
723 1999 832 2037 non
863 1983 1214 2046 decurreret,
1255 1985 1348 2039 sed
1403 1986 1531 2040 alibi
1568 1998 1992 2041 consumeretur
2025 2003 2040 2040 :

408 2082 514 2126 -et
557 2073 805 2141 quzedam
865 2089 1018 2128 sacra
1073 2073 1190 2128 ﬁeri
1246 2075 1554 2144 jusserunt.
1600 2074 1796 2130 Verum
1853 2077 2063 2146 Apollo

427 2179 560 2229 _nec
585 2167 786 2234 quibus
817 2167 944 2227 diis,
985 2181 1086 2221 nec
1126 2181 1238 2236 quo
1279 2168 1386 2221 ritu
1440 2167 1839 2222 immolandum
1872 2177 2043 2234 esset,

449 2257 773 2313 declaravit.
795 2258 1124 2330 Tyrrhenus
1151 2272 1335 2316 autem
1373 2276 1499 2316 cum
1533 2277 1595 2316 ea
1629 2263 1775 2318 scire
1817 2262 2040 2317 videre-

455 2361 571 2413 tur,
603 2351 836 2406 celabat.
869 2351 1060 2421 Itaque
1101 2351 1335 2408 Romani
1361 2353 1509 2410 circa
1535 2354 1760 2417 tumnia.
1795 2354 1885 2408 ubi
1914 2370 2044 2411 cum

451 2458 520 2497 eo
547 2443 790 2513 colloqui
845 2445 1114 2510 solebant,
1149 2443 1427 2516 dispositi,
1475 2447 1732 2502 simulata
1777 2447 2042 2509 amicitia,

450 2551 579 2590 cum
624 2536 750 2592 aliis
801 2538 858 2592 in
909 2539 1078 2594 rebus
1127 2539 1292 2610 352
1343 2557 1469 2596 cum
1517 2542 1660 2596 bono
1699 2543 1886 2597 animo
1922 2557 2046 2597 esse

455 2629 766 2700 jusserunt,
818 2639 934 2685 tum
979 2631 1204 2701 impune
1240 2631 1296 2686 in
1342 2640 1522 2687 castra
1568 2633 1722 2688 exire
1779 2633 2048 2704 permise-

455 2729 631 2774 runt:
663 2731 721 2776 et
765 2723 1258 2793 comprehensum,
1307 2726 1494 2780 omnia
1525 2741 1648 2795 quae
1676 2726 1822 2782 facto
1856 2735 2048 2781 essent

451 2829 615 2883 opus,
645 2813 800 2870 effari
842 2829 1165 2888 coegerunt.
1217 2833 1287 2874 ex
1351 2819 1500 2876 illius
1544 2821 1713 2891 igitur
1757 2821 2048 2890 prmceptis

453 2922 571 2962 rem
631 2906 882 2963 divinam
968 2909 1224 2966 fecerunt
1274 2931 1288 2967 :
1348 2912 1708 2982 perfossoque
1784 2895 2047 2980 tumulo,

451 3016 652 3070 aquam
677 3002 1081 3060 redundantem
1112 3005 1354 3062 occultis
1389 3007 1670 3061 meatibus
1702 3006 1757 3060 in
1789 3020 2046 3075 campum

452 3095 783 3163 emiserunt,
841 3100 897 3152 in
939 3115 1052 3169 quo
1083 3100 1268 3156 omnis
1317 3108 1647 3171 consumpta
1690 3109 1796 3166 est,
1845 3113 1949 3156 nec
1990 3099 2046 3154 in

453 3204 608 3244 mare
635 3191 940 3262 quidquam
968 3193 1210 3250 inﬂuxit.

2144 1987 2467 2053 πολιορκίαν
2515 1986 2887 2056 κατέστησαν.
2942 1981 3417 2056 Προσγενομένων
3460 1980 3510 2034 δὲ
3537 1981 3675 2043 αὖτοῖς

2145 2079 2474 2150 συμμάχων,
2503 2077 2803 2147 ἐπεξῆλθον
2826 2077 2944 2138 τοῖς
3000 2072 3332 2142 Ῥωμαίοις,
3369 2071 3458 2122 καὶ
3486 2071 3670 2138 ἐπεκρά-

2142 2189 2340 2242 τησαν.
2384 2171 2475 2226 Ἐν
2506 2169 2718 2234 τούτοις
2740 2169 2798 2223 δὲ
2825 2167 2922 2222 καὶ
2945 2167 3081 2236 arpi);
3106 2165 3186 2233 τῷ
3221 2163 3342 2235 ὄρει
3370 2161 3443 2232 τῷ
3485 2162 3674 2232 Ἀλϐανῷ

2143 2261 2282 2316 οὖσα
2332 2260 2500 2333 λίμνη
2555 2261 2662 2314 ὑπὸ
2709 2261 2821 2313 τῶν
2873 2256 3040 2328 πέριξ
3076 2255 3252 2323 αὐτῆς
3311 2253 3672 2324 περικλειομένη

2145 2354 2347 2424 λόφων,
2398 2354 2496 2408 καὶ
2546 2353 2621 2424 μὴ
2649 2353 2851 2424 ἔχουσα
2885 2350 3118 2422 ὲκροὴν,
3165 2348 3312 2402 κατὰ
3344 2346 3431 2399 τὸν
3476 2346 3562 2414 τῆς
3603 2365 3672 2398 πο·

2144 2447 2395 2518 λιορκίας
2427 2446 2540 2499 τῶν
2582 2446 2856 2500 οὐῖἑντων
2893 2443 3093 2509 καιρὸν
3137 2442 3198 2504 ἐς
3242 2438 3487 2494 τοσοῦτον
3513 2439 3672 2508 ἐπλημο

2150 2539 2420 2611 μύρησεν,
2480 2540 2556 2603 ὡς
2617 2536 3055 2608 ὑπερεκχείσθαι
3116 2534 3212 2588 καὶ
3260 2531 3367 2584 τῶν
3409 2530 3553 2599 ὁρῶν,
3602 2531 3669 2582 καὶ

2147 2636 2402 2688 κατιέναι
2431 2633 2583 2701 πρὸς»
2601 2632 2904 2687 θάλασσαν.
2935 2629 3247 2700 Κρίναντες
3277 2627 3322 2682 δ’
3371 2627 3418 2679 οί
3466 2624 3668 2692 Ῥωμαῖοι

2147 2727 2370 2790 παντως
2421 2744 2475 2779 τι
2513 2725 2605 2780 διὰ
2639 2725 2835 2778 τούτου
2867 2723 3014 2777 θείον
3048 2717 3430 2792 σημαίνεσθαι,
3475 2716 3670 2787 ἔπεμψαν

2147 2823 2232 2884 εὶς
2254 2821 2496 2888 Δελφοὺς
2527 2819 2657 2889 περὶ
2687 2819 2882 2872 τούτου
2910 2817 3277 2888 χρησόμενοι.
3307 2808 3410 2866 Ἦν
3438 2811 3489 2863 δέ
3518 2826 3582 2872 τις
3602 2807 3667 2859 καὶ

2149 2915 2300 2986 παρὰ
2326 2917 2440 2976 τοῖς
2486 2915 2770 2974 Οὺίὲνταις
2816 2911 3104 2983 Τυρσηνὺς
3131 2909 3271 2979 ἀνὴρ
3325 2903 3572 2976 μαντικός.
3605 2901 3667 2961 Ἐς

2148 3008 2350 3062 ταυτὸν
2380 3007 2474 3062 οὖν
2512 3007 2546 3078 ἦ
2577 3024 2639 3060 τε
2673 3005 2848 3060 Πυθία
2881 3005 2979 3059 καὶ
3011 3005 3047 3074 ὴ
3073 3001 3285 3056 ἐκείνου
3325 2999 3530 3068 μαντεία
3572 3011 3663 3046 συν-

2151 3100 2438 3170 έδραμον·
2507 3101 2602 3153 καὶ
2646 3099 2818 3170 ἄμφω
2871 3097 2983 3169 γὰρ
3054 3094 3364 3150 ἁλώσεσθαι
3423 3091 3510 3159 τὴν
3553 3085 3666 3138 πόλιν

2149 3190 2329 3257 εἷπον,
2367 3194 2498 3247 ὅταν
2527 3194 2586 3246 τὸ
2617 3191 2762 3260 ὕδωρ
2799 3190 2860 3245 τὸ
2889 3189 2996 3258 πλη
3007 3187 3310 3258 μμυρῆσαν
3349 3183 3418 3254 μὴ
3441 3183 3490 3244 ἐς
3513 3180 3662 3233 θάλασ-

457 3301 562 3337 σαν
609 3287 856 3356 ἐμπέσῃ,
909 3287 1026 3341 ἀλλ’
1075 3287 1389 3360 ἀναλωκείη
1438 3288 1692 3358 ἑτέρωθι.
1745 3288 1856 3343 Καί
1926 3306 2080 3351 τινας
2123 3287 2443 3358 ἱερουργίας
2489 3287 2581 3341 διὰ
2625 3283 2789 3340 τοῦτο
2830 3284 3092 3351 γενέσθαι
3130 3282 3436 3334 ἐκέλευσαν.
3491 3273 3600 3348 Ἀλλ’
3644 3275 3663 3322 ὁ

410 3409 416 3412 -
457 3377 560 3447 μὲν
589 3379 787 3442 Πύθιος
815 3381 941 3433 οὔτε
975 3383 1089 3436 τίσι
1155 3383 1321 3449 θεῶν,
1374 3383 1490 3437 οὗθ’
1536 3386 1685 3448 ὅπως
1755 3384 1924 3449 αὐτὰς
1991 3384 2284 3452 ποιήσουσι
2322 3381 2650 3452 διεσάφησεν
2683 3395 2699 3411 ⁶
2749 3382 2777 3433 ὁ
2819 3380 2877 3434 δὲ
2926 3373 3214 3447 Τυρσηνδς
3290 3376 3441 3444 ἐῴκει
3483 3367 3564 3438 μὲν
3605 3366 3660 3416 εἰ·

453 3470 624 3534 δέναι,
655 3472 811 3526 οὐδὲν
844 3473 901 3528 δὲ
927 3475 1142 3546 ἐδήλου.
1181 3479 1244 3530 0i
1278 3477 1409 3548 γοῦν
1433 3480 1562 3550 περὶ
1587 3477 1649 3532 τὸ
1680 3481 1882 3550 τεῖχος,
1951 3477 2074 3532 ὅθεν
2115 3479 2329 3541 ἐκεῖνος
2397 3475 2620 3548 ὡμίλει,
2672 3474 3002 3544 τεταγμένοι
3054 3473 3342 3542 Ῥωμαῖοι,
3380 3465 3539 3537 φιλίαν
3562 3459 3661 3528 πρὸς

455 3563 668 3617 ἐκεῖνον
696 3566 1114 3638 ὑποκριθέντες,
1167 3572 1238 3626 τά
1296 3588 1356 3626 τε
1411 3573 1546 3627 ἄλλα
1592 3574 1820 3645 Θαρρεῖν
1882 3573 2030 3644 αὐτῷ
2098 3573 2390 3637 ἐνεδίδουν,
2474 3572 2572 3624 καὶ
2605 3569 2778 3634 ἀδεῶς
2803 3569 3114 3636 ἐπέτρεπον
3135 3565 3426 3635 ὲκφοιτᾷνο
3455 3554 3660 3612 καῖῡῦτω

456 3658 816 3727 συλλαϐόντες
847 3665 1034 3732 αὑτὸν,
1063 3667 1245 3722 πάντα
1272 3667 1341 3720 τὰ
1372 3667 1686 3738 καθήκοντα
1755 3669 2080 3739 ἠνάγκασαν
2155 3667 2416 3734 ὲξειπεῑν,
2483 3666 2580 3721 καὶ
2625 3665 2769 3719 κατὰ
2811 3665 2912 3735 τὴν
2963 3661 3252 3733 ὑποθήκην
3301 3657 3492 3712 ἐκείνου
3519 3652 3659 3714 τὰςτι

456 3749 652 3815 θυσίας
703 3754 993 3824 ἐποίησαν,
1025 3759 1121 3810 καὶ
1163 3759 1254 3812 τὸν
1292 3757 1456 3828 λόφον
1483 3760 1796 3831 διέτρησαν,
1845 3761 1942 3813 καὶ
1983 3758 2045 3812 τὸ
2087 3755 2409 3821 πλεονάζον.
2451 3757 2598 3829 ὕδωρ
2665 3757 2748 3820 εἰς
2784 3755 2848 3809 τδ
2876 3753 3060 3808 πεδίον
3093 3752 3310 3826 κρυπτῇ
3338 3747 3537 3818 διώρυχι
3586 3758 3657 3810 με·

453 3847 836 3918 τωχέτευσαν,
871 3849 1004 3903 ὥσθ’
1035 3849 1184 3904 ἆπαν
1209 3851 1266 3906 ὲν
1312 3851 1460 3922 αὐτῷ
1507 3852 1924 3915 ἀναλίσκεσθαι,
1981 3851 2077 3905 καὶ
2125 3852 2198 3922 μή
2227 3869 2282 3904 τι
2313 3849 2647 3922 καταρῤέειν
2671 3850 2751 3912 είς
2781 3847 3087 3904 θάλασσαν.

528 3939 672 3996 XXI.
705 3941 820 3997 Hoc
852 3953 1115 4014 peracto,
1155 3943 1226 3999 Μ.
1268 3945 1470 4000 Furius
1505 3943 1770 4000 Camillus
1811 3943 2042 4000 dictator

2227 3943 2356 3998 ΚΝ.
2394 3940 2554 4010 ’Ἄρτι
2584 3938 2683 4010 μὲν
2707 3934 2802 3993 οὖν
2830 3937 2992 3991 τοῦτο
3040 3938 3287 4005 ἐγένετο,
3334 3933 3422 3988 καὶ
3448 3930 3656 3997 δικτάτωρ

457 4044 684 4088 creatus
707 4076 722 4101 ,
755 4050 879 4089 cmn
909 4035 1123 4106 impetu
1160 4038 1214 4090 in
1243 4037 1447 4091 mmnia
1481 4037 1624 4091 facto
1666 4037 1806 4091 nihil
1862 4034 2046 4105 profc-

408 4156 415 4162 -
457 4124 664 4188 cisset,
711 4140 740 4179 a
777 4125 1038 4197 longique
1075 4128 1422 4198 auspicatus,
1458 4128 1717 4185 cuniculo
1759 4129 1814 4182 in
1861 4143 2044 4184 arcem

458 4225 586 4272 acto
611 4259 624 4277 .
663 4229 718 4272 et
749 4219 1016 4275 militibus
1047 4236 1077 4274 a
1117 4221 1288 4276 Roma
1322 4223 1653 4279 voluntariis
1684 4235 1915 4287 auctus,
1949 4237 2045 4275 ur-

459 4306 588 4361 bem
617 4322 824 4362 corona
861 4309 1265 4368 circumdedit:
1291 4325 1346 4368 et
1370 4312 1585 4367 civibus
1615 4311 1670 4366 in
1707 4311 1906 4366 moenia
1930 4311 2048 4366 dis-

414 4433 422 4438 -
460 4401 680 4473 persis,
708 4403 803 4457 alii
827 4419 934 4475 per
963 4405 1284 4461 cuniculum
1309 4406 1450 4461 clam
1479 4404 1535 4458 in
1567 4404 1762 4459 urbem
1794 4413 2048 4474 penetra-

460 4507 616 4552 runt.
642 4494 780 4551 Cum
802 4498 996 4553 urbem
1020 4507 1238 4570 captam
1263 4497 1429 4568 diripi
1454 4496 1687 4561 videret,
1709 4497 2050 4567 illacrymas-

408 4616 416 4621 -
460 4605 545 4654 se,
576 4599 635 4644 et
680 4606 805 4644 cum
852 4592 1094 4662 suspirio
1113 4592 1316 4647 dixisse
1335 4591 1549 4645 fertur:
1603 4587 1649 4645 Ο
1689 4589 1796 4656 dii,
1839 4591 1885 4644 si
1929 4605 2048 4661 qua:

464 4682 724 4739 Romanis
765 4684 944 4739 divina
974 4685 1226 4740 incumbit
1265 4684 1422 4748 ultio,
1464 4697 1646 4735 eorum
1669 4683 1940 4736 contraria
1965 4683 2048 4753 fe-

464 4775 680 4840 licitati,
739 4793 926 4846 precor
957 4787 1015 4831 ut
1052 4779 1108 4832 in
1156 4792 1238 4830 me
1284 4774 1385 4828 illa
1447 4773 1672 4828 desinat.
1734 4775 1873 4830 Tum
1915 4790 2048 4830 vero

462 4863 662 4932 praeda:
707 4865 1019 4931 decimam,
1059 4864 1250 4921 invitis
1311 4862 1580 4920 militibus
1606 4905 1621 4927 ,
1661 4873 1790 4920 voto
1849 4879 2049 4920 conce~

462 4965 562 5029 pto
633 4958 870 5029 Apollini
925 4959 1152 5014 dicavit.
1220 4957 1492 5012 Praeterea
1555 4958 1725 5014 etiam
1774 4967 2046 5015 craterem

462 5065 735 5117 aureum,
800 5067 869 5106 ex
921 5049 1254 5105 mulieribus
1315 5052 1662 5107 ornamentis
1727 5051 2046 5108 conﬂatum.

464 5141 574 5198 I’ro
598 5160 708 5213 quo
741 5145 926 5199 statim
955 5143 1038 5198 eis
1067 5142 1244 5199 honos
1272 5142 1534 5199 decretus
1560 5154 1669 5210 est,
1709 5155 1770 5199 ut
1791 5145 2049 5201 curribus

463 5234 534 5292 ad
562 5236 833 5292 solemnia
859 5236 996 5290 festa
1017 5233 1375 5301 veherentur,
1395 5235 1463 5289 ad
1482 5251 1604 5305 qua:
1625 5235 1861 5306 pedibus
1892 5238 2047 5307 prius

2149 4033 2323 4105 ᾑρέθη
2353 4032 2577 4101 Μάρκος
2607 4031 2834 4101 Φούριος
2858 4030 3169 4100 Κάμιλλος,
3208 4030 3266 4093 ὃς
3303 4025 3583 4098 προσϐαλὼν
3612 4025 3656 4090 τῇ

2149 4126 2327 4192 πόλει,
2385 4126 2509 4178 ἐπεὶ
2541 4124 2693 4179 οὐδὲν
2733 4124 2924 4195 ἤνυεν,
2977 4123 3238 4191 ὑπόγειον
3284 4120 3508 4192 ὠρύξατο
3533 4116 3657 4171 δίοδον

2149 4217 2434 4291 πόρρωθεν
2458 4217 2791 4288 ἀρξάμενος,
2839 4218 2899 4280 ὲς
2946 4216 3046 4287 τὴν
3099 4215 3391 4285 ἀκρόπολιν
3427 4211 3651 4282 φέρουσαν.

2148 4309 2688 4382 Παρεσκευασμένου
2718 4309 2774 4363 δὲ
2804 4309 2906 4381 ἥδη
2941 4308 3038 4363 τοῦ
3069 4309 3366 4379 ὕπονόμου,
3390 4304 3498 4358 ἐπεὶ
3519 4298 3656 4353 πολλοὶ

2150 4401 2244 4455 καὶ
2265 4401 2376 4455 ἀπὸ
2399 4400 2500 4471 τῆς
2541 4399 2764 4470 Ῥώμης
2789 4397 2940 4470 αὐτῷ
2970 4396 3400 4472 προσεχώρησαν
3423 4389 3652 4450 ἐθελονταὶ,

2151 4493 2489 4566 παραλαϐὼν
2543 4492 2858 4558 κάκείνους,
2919 4490 3234 4563 προσέϐαλε
3289 4489 3352 4559 τῇ
3402 4484 3552 4548 πόλει,
3589 4479 3654 4530 καὶ

2150 4588 2493 4660 πανταχόθεν
2533 4587 2596 4640 τδ
2643 4588 2822 4658 τεῖχος
2849 4585 3158 4640 ἑκύκλωσε.
3185 4583 3305 4639 Τῶν
3327 4581 3369 4636 δ’
3405 4578 3533 4639 ἐντὸς
3561 4573 3652 4641 περὶ

2149 4683 2329 4737 πάντα
2366 4682 2459 4736 τὸν
2507 4679 2799 4751 περίϐολον
2838 4679 3286 4742 σκεδασθέντων,
3322 4673 3492 4728 ἔλαθον
3521 4670 3649 4736 ἕτεροι

2147 4774 2236 4828 διὰ
2260 4773 2370 4827 τῶν
2402 4773 2697 4842 ὑπονόμων
2728 4771 3020 4841 γεγονότες
3049 4771 3220 4835 ἐντός.
3265 4767 3498 4833 Ἀλούσης
3522 4758 3649 4820 δὲτῇ

2149 4864 2383 4932 πόλεως,
2440 4865 2536 4918 καὶ
2587 4864 2698 4917 τῶν
2757 4863 3056 4935 Ῥωμαίων
3103 4858 3491 4933 διαρπαζόντων
3520 4850 3573 4903 τὰ
3609 4847 3649 4897 ἐν

2147 4962 2310 5031 αὐτῇ,
2357 4959 2500 5031 ὀρῶν
2525 4958 2632 5011 ἀπὸ
2659 4959 2761 5028 τῆς
2795 4957 2974 5029 ἄκρας
3014 4958 3042 5012 ὁ
3076 4954 3348 5027 Κάμιλλος
3374 4949 3435 5003 τὰ
3471 4939 3647 5017 πραττό-

2153 5069 2312 5124 μενα»
2349 5053 2631 5118 ἐστέναξε,
2674 5054 2772 5108 καὶ
2807 5053 3104 5123 ἐδάκρυσε.
3139 5050 3268 5114 Καὶ,
3305 5043 3367 5100 Ὦ
3403 5041 3530 5134 Θεοί.
3553 5037 3644 5134 ἐφῇ,

2148 5146 2206 5201 ει
2239 5163 2330 5212 τις
2380 5144 2689 5215 Ῥωμαίοις
2727 5146 3033 5215 ὀφείλεται
3068 5147 3326 5214 νέμεσις,
3380 5131 3539 5203 τῆσδε
3568 5131 3645 5190 τῆς

2151 5237 2480 5306 εὐπραγίας
2507 5237 2930 5307 ἀντίστροφος,
2973 5237 3226 5307 εὔχομαι
3268 5233 3473 5292 ταύτην
3500 5224 3560 5295 (5)
3583 5218 3645 5278 εἷς

461 5329 547 5385 Ire
583 5329 764 5385 solitae
786 5337 966 5383 erant.
997 5326 1291 5383 Camillum
1328 5302 1513 5384 autem
1540 5302 1848 5400 indignatio
1880 5302 2042 5399 atque

2152 5302 2370 5384 ἑαυτὸκ
2409 5302 2927 5399 τελευτῆσαιίτην
2975 5302 3158 5400 δὲ
3189 5326 3330 5388 λείας
3361 5321 3556 5384 δεκάτην
3577 5309 3640 5372 E5-

460 5423 674 5480 invidia
713 5423 904 5495 populi
935 5422 1204 5492 suscepit,
1240 5432 1356 5478 tum
1389 5424 1459 5480 ob
1498 5423 1770 5481 decimam
1804 5424 2042 5496 Apollini

2149 5421 2312 5488 ελὼν,
2342 5423 2586 5477 ἀκόντων
2611 5422 2719 5477 τῶν
2746 5422 3122 5496 στρατιωτῶν,
3172 5419 3379 5476 ἀνέθετο
3404 5410 3470 5481 τῷ
3504 5401 3640 5459 Ἀπόλ-

1657 5590 1859 5653 Variae
1897 5589 2206 5654 lectiones
2238 5594 2299 5649 et
2329 5593 2522 5648 notze.

535 5735 612 5807 (‘2)
647 5734 970 5807 Οἱκόσιτοι.
1005 5728 1208 5790 Stlidas
1247 5751 1262 5787 :
1295 5735 1600 5800 Οίκόσιτος,
1633 5737 1660 5789 ό
1692 5735 1888 5791 ἑαυτὸν
1913 5737 2040 5789 τοὲ-

461 5825 548 5878 (pio
564 5830 600 5863 ι.
637 5806 926 5878 μισθωτός.

537 5879 611 5950 (5)
640 5877 912 5948 Εὒχομαι
946 5882 1192 5949 ταύτην.
1219 5877 1342 5934 Hinc
1365 5880 1709 5949 reposuimus
1739 5896 1803 5934 ex
1828 5879 2044 5936 duobus

2149 5737 2283 5807 Reg.
2307 5747 2364 5791 et
2389 5735 2656 5800 Colbert.,
2695 5750 2819 5790 cum
2843 5735 3010 5790 Wolf.
3037 5733 3304 5807 edidisset,
3324 5709 3631 5807 egxopatnta‘ti;

2149 5789 2445 5878 ἐονῆν
2475 5789 2656 5878 τοῦτο’
2684 5789 2814 5876 πρὶν
2844 5789 3228 5878 ποιησάμενος,
3269 5789 3464 5856 ἀνέθετο
3502 5789 3545 5842 δὲ
3567 5789 3632 5837 και

2152 5877 2400 5952 κρατῆρα
2430 5896 2530 5949 χρυ
2545 5877 2683 5945 τοῦν,
2708 5886 2817 5932 etc.
