3862 6600
161 416 256 478 (id)

1376 412 1782 472 ANNAUUM
1826 409 1968 469 LIB.
2011 410 2140 474 VII.

3322 414 3434 479 610

160 529 299 592 λωνι,
359 525 533 593 εὐχὴν
578 524 743 577 τοῦτο
782 524 912 594 πρὶν
943 524 1333 594 ποιησάμενος.
1395 525 1646 577 ’Λνέυετο
1687 523 1731 576 δὲ

1850 537 1960 575 nun
1993 520 2049 574 in
2082 520 2392 590 direptione
2423 521 2598 588 urbis,
2633 520 2728 577 sed
2755 529 3000 591 tempore
3028 520 3214 593 elapso
3246 537 3436 580 exem-

157 621 242 674 καὶ
272 617 533 686 κρατῆρα
567 617 826 686 χρυσοῦν,
860 618 924 669 ἐκ
949 615 1044 669 τ,ῦ
1071 617 1187 670 τῶν
1210 617 1488 683 γυναικῶν
1531 616 1740 684 κόσμου

156 709 546 778 πποιημὲνον,
583 709 703 762 ἀνθ’
725 703 788 762 οὗ
822 709 958 778 τιμὴ
989 708 1184 772 αὐταῖς
1216 710 1565 780 παραχρῆμα
1599 709 1742 777 ἐψή-

156 819 323 871 φιστο.
369 801 434 851 Ἢ
468 801 532 853 δὲ
595 796 686 870 ἦν,
743 799 806 854 τὸ
863 803 954 853 ἐπ’
1009 800 1300 872 ὀχημάτων
1348 801 1519 865 αὑτάς
1553 801 1610 863 ἐς
1641 802 1743 861 τὰς

154 893 487 962 πανηγύρεις
556 895 792 963 φοιτᾷν,
849 893 1145 964 αὐτοποδίᾳ
1204 893 1550 964 βαδιζούσαις
1607 895 1742 963 πρό-

152 1003 300 1058 τερον
359 988 418 1046 ἐς
475 984 680 1048 αὑτάς.
716 985 808 1054 Τῷ
853 984 910 1038 δὲ
946 985 1214 1056 Καμίλλῳ
1279 987 1657 1057 προσώχθισεν
1713 989 1742 1040 ὁ

153 1080 331 1150 δῆμος,
363 1076 461 1130 καὶ
505 1079 817 1149 ἐνεμέσησε
847 1080 908 1131 τὺ
946 1079 1067 1150 μὲν,
1124 1080 1207 1132 ὅτι
1246 1080 1346 1152 τὴν
1379 1081 1612 1151 δεκάτην
1632 1081 1741 1133 τῶν

154 1172 399 1242 λαφύρων
457 1171 568 1223 οῦκ
632 1173 690 1222 ἐν
747 1171 826 1240 τῷ
874 1170 1274 1244 διαρπάζεσθαι
1333 1171 1544 1238 ταῦτα,
1605 1171 1742 1225 ἀλλὰ

156 1265 335 1332 καιροῦ
391 1264 776 1334 παρελθόντος
819 1264 1058 1328 ἐξείλετο
1103 1264 1182 1336 τῷ
1233 1265 1354 1336 Θεῷ
1385 1283 1399 1297 ⁸
1443 1267 1506 1318 τὸ
1548 1268 1594 1320 δ’
1656 1267 1740 1318 ὃτι

154 1359 212 1412 τά
257 1374 311 1409 τε
364 1355 509 1410 ἄλλα
585 1357 835 1427 σοϐαρῶς
894 1357 1296 1427 ἐθριάμϐευσε,
1358 1360 1455 1413 καὶ
1526 1360 1742 1430 πρῶτος

164 1448 445 1516 Ῥωμαίων
493 1448 682 1518 λευκῷ
729 1449 1018 1520 τεθρίππῳ
1059 1451 1127 1502 τά
1174 1451 1431 1505 ἐπινίκια
1469 1451 1738 1520 ἔπεμψεν.

164 1542 221 1594 Ἥ
244 1541 296 1594 δὲ
325 1540 436 1594 τῶν
466 1541 766 1594 ἐπινικίων
806 1541 1026 1610 πομπὴ,
1068 1544 1136 1611 ἣν
1163 1543 1258 1596 καὶ
1299 1543 1573 1614 θρίαμϐον
1612 1544 1744 1596 ἐκάε-

153 1636 282 1697 λουν,
315 1633 502 1686 τοιάδε
535 1650 628 1696 τις
661 1633 893 1701 ἐγίνετο.
928 1633 1057 1686 Ὅτε
1102 1652 1154 1687 τι
1199 1634 1537 1705 κατωρθὼθη
1572 1637 1738 1704 μέγα,

157 1727 238 1779 καὶ
258 1725 554 1779 ἐπινικίων
579 1726 826 1792 ἐπάξιον,
858 1727 1220 1798 αὐτοκράτωρ
1244 1728 1444 1781 αὐτίκα
1479 1731 1507 1782 ὁ
1540 1746 1742 1799 στρατ-

155 1819 270 1883 ηγὸς
297 1818 401 1868 ὑπὸ
431 1816 548 1869 τῶν
585 1817 940 1888 στρατιωτῶν
988 1819 1304 1890 ὠνομάζετο
1331 1863 1346 1886 ,
1387 1820 1484 1875 καὶ
1525 1821 1742 1885 κλῶνας

1843 624 2029 684 ptam:
2071 624 2186 668 tum
2221 615 2368 685 quod
2405 616 2458 669 in
2490 615 2793 685 triumpho,
2822 629 3024 686 praeter
3059 626 3258 670 caetera
3287 618 3437 670 insoo

1842 703 2050 759 lentius
2073 715 2218 766 aeta,
2248 704 2517 759 candidus
2549 721 2724 774 equos
2763 705 2954 760 currui
2981 706 3278 775 junxissct.
3307 704 3456 770 Fuit.

1843 810 2027 856 autem
2081 797 2348 866 triumphi
2405 795 2717 866 hujusmodi
2757 797 2920 851 ratio.
2967 798 3047 852 lie
3087 798 3224 852 bene
3258 808 3436 868 gesta,

1841 893 2106 962 justaque
2168 901 2324 959 parta
2389 889 2659 952 victoria,
2711 891 2822 944 dux
2877 892 3062 945 statim
3100 908 3130 946 a
3165 891 3438 946 militibus

1842 985 2144 1052 imperator
2177 983 2502 1050 appellatus,
2531 981 2710 1037 fasces
2739 985 3018 1038 laureatos
3044 1001 3142 1053 per
3170 999 3432 1042 cursores

1843 1077 1896 1130 in
1945 1077 2135 1131 urbem
2179 1077 2452 1131 mittebat.
2496 1077 2724 1132 Domum
2785 1093 3079 1136 reversus.
3130 1088 3434 1138 convocato

1841 1181 2062 1234 senatu,
2086 1171 2310 1226 decerni
2339 1172 2440 1224 sibi
2473 1171 2814 1239 triumphum
2845 1172 3068 1240 petebat
3093 1190 3108 1225 :
3135 1187 3202 1242 ac
3231 1172 3434 1226 sutl'ra~

1843 1263 1950 1334 giis
1985 1279 2016 1317 a
2069 1275 2266 1318 seua-tu
2309 1263 2634 1332 pepuloque
2678 1265 3029 1334 impetratis,
3081 1262 3451 1333 imperatoris.

1843 1373 2154 1428 cognomen
2205 1369 2323 1413 tum
2370 1359 2421 1412 ei
2465 1357 2921 1412 conﬁrmabatur.
2967 1358 3124 1442 ond
3162 1357 3210 1410 si
3245 1354 3454 1414 adhuc,

1845 1451 2230 1522 magistratum
2278 1465 2476 1522 gerens
2515 1452 2794 1520 aliquem,
2851 1449 3092 1510 vicerat.
3147 1463 3216 1504 eo
3258 1446 3428 1502 etiam

1847 1544 1904 1599 in
1937 1545 2264 1600 celebritate
2291 1547 2571 1599 utebatur.
2604 1545 2700 1597 Sin
2736 1553 2953 1613 tempus
2983 1542 3229 1603 exierat,
3280 1541 3431 1596 aliud

1845 1651 2050 1690 nomen
2103 1635 2210 1690 sibi
2273 1635 2753 1690 accommodatum
2813 1631 3150 1688 assumebat.
3206 1628 3434 1683 Privato

1843 1729 1992 1783 enim
2065 1729 2408 1799 triumphare
2482 1741 2592 1780 non
2646 1725 2869 1781 licebat.
2924 1724 3268 1794 Triumphali
3331 1724 3432 1780 ha-

1846 1819 1963 1872 bitu
2045 1828 2328 1882 ornatus,
2416 1817 2648 1872 armillis
2705 1817 2982 1886 sumptis.
3069 1815 3260 1870 laurea
3344 1830 3433 1870 re-

155 1910 340 1978 δάςινης
372 1909 630 1979 περιέδει
682 1911 802 1974 ταῖς
860 1911 1102 1982 ῥάϐδοις,
1157 1915 1252 1966 καὶ
1302 1916 1419 1977 τοῖς
1457 1913 1731 1985 δρομοκή-

1844 1910 2104 1975 dimitus,
2135 1922 2191 1966 et
2222 1927 2436 1966 ramum
2467 1910 2663 1966 dextra
2688 1919 2916 1974 tenens,
2975 1907 3242 1977 populqu
3293 1921 3432 1960 con-

158 2000 262 2068 ρυξι
315 1999 393 2071 (4)
445 2003 566 2064 τοῖς
619 2001 718 2072 τὴν
752 2002 910 2073 νίκην
958 2004 1390 2073 καταγγέλλουσι
1426 2008 1492 2074 τῇ
1557 2007 1732 2074 πόλει,

158 2089 386 2161 κομίζειν
433 2091 641 2144 ἐδίδου.
708 2092 912 2146 Ἐλθὼν
963 2093 1018 2146 δέ
1051 2095 1233 2148 οἴκαδε
1281 2095 1382 2166 τὴν
1441 2099 1734 2167 γερουσίαν

161 2182 482 2253 συνήθροιζε,
521 2185 628 2238 καὶ
671 2186 792 2256 ᾔτει
852 2185 1202 2256 ψηφίσασθαί
1241 2190 1291 2241 οἱ
1343 2190 1412 2242 τὰ
1465 2190 1730 2247 ἐπινίκια.

163 2275 254 2328 Καὶ
303 2275 352 2344 εί
406 2275 576 2344 ἔτυχε
625 2275 809 2346 ψήφου
858 2279 1013 2347 παρά
1055 2295 1113 2332 τε
1142 2278 1242 2347 τῆς
1276 2279 1476 2350 βουλῆς
1511 2282 1731 2336 καὶτοῦ

160 2370 352 2437 δήμου,
414 2370 747 2424 ἐϐεϐαιοῐτο
805 2370 958 2443 αὐτῷ
1029 2373 1124 2426 καὶ
1179 2373 1212 2443 ὴ
1289 2375 1576 2444 ἐπωνυμία
1635 2376 1731 2429 τοῦ

162 2461 569 2533 αὐτοκράτορος.
612 2465 720 2516 Καὶ
773 2465 823 2517 εί
878 2465 976 2533 μὲν
1025 2465 1083 2518 ἐν
1133 2468 1198 2535 τῇ
1241 2468 1380 2537 ἀρχῇ
1429 2463 1497 2538 ἦν
1539 2467 1640 2534 ἔτι,
1673 2471 1734 2522 ὲν

163 2548 492 2624 ᾗτυγχάνων
525 2556 779 2626 ἐνίκησε,
827 2558 1000 2629 ταύτῃ
1029 2559 1124 2610 καὶ
1170 2561 1564 2631 πανηγυρίζων
1612 2563 1734 2615 ἐκέ-

164 2662 328 2715 χρητο.
355 2647 419 2699 Ei
464 2646 512 2700 δ’
541 2649 574 2700 δ
628 2650 820 2719 χρόνος
861 2651 1203 2721 παρελήλυθε
1241 2653 1340 2724 τῆς
1375 2654 1569 2725 ἀρχῆς,
1601 2654 1732 2709 ἄλλο

165 2754 210 2789 τι
257 2739 570 2810 πρόσφορον
609 2742 748 2812 αὐτῇ
780 2741 1054 2811 ἐλάμϐανε
1114 2745 1306 2814 ὄνομα.
1372 2746 1582 2820 ’ἰδιώτῃ
1621 2749 1734 2820 γάρ

166 2831 434 2899 νικητήρια
528 2831 754 2902 πέμψαι
845 2835 1136 2906 ἀπείρητο.
1226 2838 1733 2911 Ἑντκευασάμενος

168 2920 298 2993 δὲτῇ
351 2923 615 2994 ἐπινικίῳ
669 2929 864 2997 σκευῇ,
913 2929 1008 2981 καὶ
1060 2929 1484 3001 περιϐραχιόνια
1527 2931 1730 3001 λαϐὼν,

169 3014 403 3082 στέφανόν
432 3035 491 3070 τε
512 3019 729 3091 δάφνης
768 3020 1206 3091 ἀναδησάμενος,
1242 3025 1339 3078 καὶ
1375 3025 1570 3080 κλάδον
1598 3044 1742 3101 κρα-

170 3105 260 3158 τῶν
288 3110 340 3159 ἐν
373 3111 437 3180 τῇ
486 3110 670 3182 δεξιᾷ,
699 3111 793 3165 τὸν
837 3112 1012 3182 δῆμον
1057 3115 1344 3171 συνεκάλει
1369 3132 1384 3147 ο
1435 3120 1532 3172 καὶ
1574 3120 1734 3174 ἐπαι-

168 3200 304 3262 νέοις
373 3205 496 3266 τοὺς
573 3205 1154 3276 συστρατευσαμένους
1215 3209 1365 3280 αὐτῷ
1421 3211 1730 3285 καὶκοινῇ,

171 3292 249 3344 καὶ
289 3294 410 3378 ίδία
482 3296 684 3363 τινάς,
761 3299 1015 3369 ἐδωρεῖτο
1067 3299 1169 3371 μὲν
1212 3303 1366 3370 σφίσι
1424 3303 1725 3375 χρήματα,

172 3383 309 3454 ἐτίμα
349 3387 406 3440 δὲ
465 3389 573 3443 καὶ
639 3390 875 3461 κόσμῳ’,
913 3393 1368 3466 ’περιϐραχιόνιά
1443 3396 1504 3451 τί
1579 3415 1728 3465 τισι,

174 3481 250 3534 καὶ
279 3483 472 3554 δόρατα
524 3485 772 3557 ἀσίδηρα
825 3490 1077 3560 παρεῖχε,
1128 3492 1221 3544 καὶ
1249 3491 1548 3562 στεφάνους
1614 3497 1728 3559 τοῖς

179 3576 259 3645 μὲν
286 3577 541 3649 χρυσοῦς,
583 3581 698 3644 τοῖς
722 3581 778 3633 δὲ
805 3580 1085 3652 ἀργυροῦς
1131 3581 1328 3648 ἐδίδου,
1379 3581 1619 3654 τοῦνομά
1668 3603 1726 3638 τε

179 3670 376 3724 ἑκάστου
405 3676 631 3744 καὶτῆς
659 3675 943 3744 ἀριστείας
974 3675 1266 3746 φέροντας,
1299 3677 1361 3730 τὸ
1394 3678 1724 3748 ὲκτύπωμα.

176 3761 226 3815 li
247 3765 342 3836 γάρ
373 3766 595 3838 τείχους
620 3782 706 3829 τις
732 3765 946 3838 πρῶτος
975 3767 1172 3838 ἐπέϐη,
1197 3767 1292 3822 καὶ¹
1317 3768 1530 3838 τείχους
1552 3771 1582 3824 ὁ
1607 3771 1726 3825 στέυ

178 3871 317 3922 φανος
347 3854 478 3924 εἶδος
513 3860 752 3931 ἐφέρετο
771 3876 784 3890 ·
811 3859 846 3930 ἢ
877 3859 974 3914 καὶ
1015 3860 1440 3932 ἐξεπολιόρκησὲ
1495 3879 1571 3927 τι,
1631 3864 1730 3918 καὶ

176 3947 307 4001 τοῦτο
331 3951 554 4005 κάκεῖνο
579 3952 868 4006 είκόνιστο.
913 3951 1324 4022 Ἐναυκράτησέ
1349 3969 1454 4017 τις,
1484 3955 1677 4007 ναυσὶν
1701 3958 1730 4009 ὁ

181 4039 408 4107 στέφανος
437 4042 813 4111 ἐκεκόσμητο.
862 4041 1270 4112 Ἰπποκράτησέ
1297 4057 1402 4104 τις,
1425 4043 1648 4098 ἱππικόν
1674 4062 1728 4098 τι

178 4125 544 4191 ὲξετετύπωτο.
592 4132 654 4187 '0
679 4133 736 4186 δὲ
763 4133 992 4204 πολίτην
1023 4133 1145 4187 τινά
1175 4135 1243 4187 ἐκ
1277 4135 1480 4205 μάχης,
1534 4135 1569 4209 ἢ
1603 4137 1728 4191 ἐτέ-

182 4236 259 4287 ρου
287 4225 554 4293 κινδύνου,
593 4226 626 4297 ἢ
665 4228 727 4279 ἐκ
759 4225 1082 4297 πολιορκίας
1113 4228 1330 4291 σώσας,
1384 4227 1638 4297 μέγιστόν
1667 4246 1728 4282 τε

179 4306 271 4382 εἶχε
295 4313 377 4366 τὸν
415 4315 664 4380 ἔπαινον,
697 4317 794 4370 καὶ
828 4314 1102 4386 ἐλάμϐανε
1139 4317 1406 4392 στέφανον
1446 4317 1730 4388 γινόμενον

182 4404 232 4457 ἐκ
255 4407 421 4477 δρυὸς,
451 4411 513 4476 ὃς
553 4412 690 4464 πολὺ
730 4411 950 4464 πάντων
971 4410 1066 4464 καὶ
1089 4410 1198 4464 τῶν
1225 4410 1480 4482 ἀργυρῶν
1502 4413 1596 4464 καὶ
1621 4410 1731 4465 τῶν

179 4500 365 4566 κροτῶν
389 4503 462 4568 ὡς
493 4501 846 4574 ἐντιμότερος
880 4501 1276 4573 προτετίμητο.
1332 4503 1443 4556 Καὶ
1503 4495 1566 4556 οὗ
1607 4505 1728 4556 κατ’

1847 2002 2102 2056 vocabat.
2145 2001 2211 2056 Et
2250 2002 2524 2056 militibus
2564 1999 2825 2070 publice,
2891 1996 3222 2068 quibusdam
3262 1993 3428 2049 etiam

1843 2096 2072 2150 seorsim
2133 2094 2413 2157 laudatis,
2487 2092 2780 2164 pecuniam
2835 2091 3111 2152 donabat,
3169 2097 3226 2143 et
3267 2103 3431 2141 orna-

1842 2197 2028 2241 menta
2074 2203 2088 2240 :
2140 2186 2301 2256 353
2347 2195 2407 2240 ul.
2439 2175 2944 2251 armillas,bastas
2987 2181 3108 2236 sine
3135 2181 3321 2256 ferro,
3374 2190 3433 2232 et

1842 2293 2078 2333 coronas
2106 2279 2234 2333 aliis
2265 2292 2486 2339 aureas.
2529 2276 2654 2332 aliis
2717 2285 3029 2346 argenteas,
3083 2288 3343 2342 expresso
3375 2277 3429 2325 in

1843 2372 1911 2428 iis
1937 2370 2163 2426 nomine
2193 2379 2250 2426 et
2277 2370 2527 2426 facinore
2574 2369 2702 2424 viri.
2746 2369 2880 2423 Nam
2913 2367 3009 2437 qui
3043 2381 3262 2422 murum
3311 2364 3429 2433 pri-

1843 2476 1966 2515 mus
1993 2459 2430 2525 conscenderat,
2461 2469 2558 2515 aut
2612 2458 2900 2513 castellum
2947 2464 3328 2526 expugnarat,
3376 2453 3429 2506 ei

1842 2554 2074 2608 muralis
2097 2563 2152 2608 et
2183 2551 2549 2608 obsidionalis
2575 2551 2832 2606 dabatur.
2859 2549 2961 2615 Qui
2995 2549 3168 2602 classe
3196 2545 3424 2608 vicerat,

1839 2648 1962 2717 ejus
1995 2661 2200 2700 corona
2222 2645 2406 2715 specie
2447 2644 2670 2697 navium
2713 2649 2852 2697 erat.
2906 2640 3199 2707 Sicquetri
3243 2651 3427 2708 pugna

1842 2737 2072 2800 vicerat,
2089 2735 2296 2808 aliquid
2310 2744 2567 2804 equestre
2585 2733 2709 2788 eﬂin
2725 2734 2974 2804 gebatur.
2991 2733 3091 2799 Qui
3110 2749 3129 2784 \
3142 2747 3238 2787 ero
3252 2731 3426 2786 civem

1842 2826 2135 2898 inprzelio,
2156 2827 2470 2890 obsidione,
2504 2825 2680 2880 aliove
2713 2824 2962 2895 periculo
2985 2823 3267 2884 liberarat,
3298 2835 3424 2874 cum

1841 2936 2114 2978 summam
2137 2919 2358 2974 laudem
2375 2920 2798 2988 assequebatur,
2829 2928 2943 2972 tum
2974 2931 3240 2986 queruam
3265 2929 3426 2969 coro-

1840 3026 1968 3066 nam
1981 3009 2311 3082 accipiebat,
2325 3010 2484 3080 cujus
2502 3009 2679 3063 honos
2696 3008 2956 3062 munibus
2973 3006 3249 3078 argenteis
3261 3015 3316 3061 et
3333 3021 3431 3058 au-

1839 3105 1952 3161 reis
1969 3104 2384 3173 praelerebatur.
2408 3103 2532 3156 Haec
2547 3101 2691 3156 dona
2711 3117 2819 3156 non
2839 3100 3044 3156 viritim
3069 3109 3305 3166 tantum,
3328 3098 3428 3152 sed

1840 3208 1898 3254 et
1921 3195 2244 3253 cohortibus
2261 3205 2316 3250 et
2335 3195 2677 3250 exercitibus
2696 3193 2827 3248 totis
2850 3194 3256 3264 prtebebantur.
3291 3196 3427 3262 Spo-

1841 3290 2041 3344 liorum
2060 3303 2253 3357 magna
2272 3301 2398 3356 pars
2416 3285 2559 3340 inter
2575 3284 3248 3340 militesdistribuebatur.
3275 3281 3424 3339 Fue-

1833 3379 2163 3444 runtetiam,
2182 3379 2277 3450 qui
2297 3379 2666 3448 totisumptus
2683 3377 2750 3432 ad
2772 3377 2994 3446 specula
3013 3377 3234 3446 publica
3252 3377 3421 3448 largi-

1832 3483 2047 3529 rentur.
2063 3471 2219 3540 Quod
2235 3480 2548 3542 supererat,
2585 3471 2639 3526 in
2674 3471 2824 3533 fana,
2856 3471 2913 3524 in
2934 3469 3205 3540 porticus,
3240 3471 3420 3526 etalia

1829 3566 2053 3638 publica
2067 3581 2233 3636 opera
2252 3564 2632 3620 conferebant.
2653 3563 2748 3618 His
2761 3563 3136 3634 triumphator
3154 3565 3418 3635 peractis,

1830 3677 1896 3718 cu
1906 3675 2057 3716 rrum
2073 3657 2504 3723 conscendebat,
2528 3674 2706 3728 neque
2727 3657 2964 3724 bellicis,
2983 3674 3164 3729 neque
3179 3659 3248 3714 iis
3261 3658 3421 3713 simi-

1832 3757 1937 3811 lem
1961 3796 1974 3820 ,
2003 3769 2240 3824 quorum
2269 3753 2325 3808 in
2344 3752 2490 3808 ludis
2517 3767 2651 3807 usus
2679 3762 2785 3817 est,
2811 3752 2905 3808 sed
2933 3752 3108 3807 instar
3129 3753 3300 3808 turris
3323 3769 3420 3808 ro-

1831 3847 2017 3902 tunda:
2039 3846 2376 3901 conlectum.
2401 3844 2594 3913 Neque
2620 3845 2772 3900 solus
2794 3859 2858 3899 eo
2877 3844 3183 3900 vehebatur
3212 3887 3226 3900 .
3249 3845 3346 3900 sed
3371 3845 3419 3902 si

1829 3939 2052 4002 liberos,
2073 3949 2440 4009 autcognatos
2453 3937 2664 4010 aliquos
2682 3938 2938 3999 habebat,
2959 3939 3040 3994 vel
3060 3953 3187 3994 suas
3203 3941 3284 3994 vel
3303 3940 3424 3994 illo-

1831 4050 1956 4088 rum
1991 4032 2202 4103 puellas
2218 4042 2275 4088 et
2298 4033 2514 4102 puellos
2547 4033 2602 4086 in
2637 4048 2704 4087 eo
2733 4032 3064 4096 collocabat,
3089 4034 3421 4102 grandiores

1830 4121 2278 4193 equisjugalibus
2295 4131 2352 4188 et
2379 4121 2755 4176 anterioribus
2785 4121 3122 4191 imponebat.
3150 4122 3205 4177 Si
3231 4125 3422 4192 plures

1832 4228 1995 4271 erant
2016 4255 2032 4281 ,
2060 4215 2220 4284 equis
2254 4214 2642 4284 singularibus
2668 4215 2938 4269 victorem
2983 4215 3415 4271 comitabantur.

1833 4309 2171 4366 Creterorum
2219 4307 2420 4364 civium
2463 4307 2750 4377 equitabat
2799 4323 2997 4374 nemo,
3039 4309 3136 4364 sed
3185 4309 3432 4368 laureati.

1833 4417 2029 4458 onmcs
2061 4401 2462 4470 sequebantur.
2516 4399 2668 4456 Unus
2704 4401 2834 4457 item
2869 4401 3125 4472 publicus
3167 4403 3420 4468 minister

1834 4494 1888 4548 in
1925 4494 2046 4563 ipso
2077 4509 2243 4547 rurru
2277 4491 2606 4556 vehebatur,
2637 4508 2899 4548 coronam
2929 4509 3154 4550 auream
3180 4495 3419 4565 gemmis

182 4587 322 4660 ἄνδρα
363 4595 522 4664 μόνον
559 4594 969 4664 ἀριστεύσαντα
1002 4593 1177 4647 ταῦτα
1205 4593 1429 4660 ἐδίδοτο,
1455 4595 1594 4648 ἀλλὰ
1629 4597 1724 4649 καὶ

1837 4585 2220 4652 interpolatam
2239 4599 2408 4653 supra
2433 4586 2730 4655 caputejus
2751 4594 2964 4650 tenens,
2985 4597 3036 4644 et
3059 4594 3208 4641 retro
3223 4586 3426 4642 videre,

182 4675 348 4751 λόχοις,
370 4688 464 4742 καὶ
493 4686 887 4759 στρατοπέδοις
915 4685 1058 4749 ὅλοις
1102 4687 1418 4756 παρείχετο.
1471 4689 1580 4742 Καὶ
1619 4689 1728 4740 τῶν

183 4769 406 4845 λαφύρων
437 4779 613 4834 πολλὰ
645 4779 744 4850 μὲν
797 4781 909 4842 τοῖς
944 4779 1445 4849 στρατευσαμένοις
1494 4780 1734 4833 διανενέ-

188 4881 318 4934 unto.
345 4871 476 4944 Ἤδη
507 4871 564 4924 δέ
593 4887 738 4934 τινες
768 4872 865 4924 καὶ
899 4871 1064 4924 παντὶ
1121 4870 1200 4940 τῷ
1256 4869 1414 4940 δήμῳ
1461 4871 1734 4937 διέδοσαν,

186 4956 262 5008 καὶ
282 4958 551 5017 ἐδαπάνων
579 4963 660 5026 είς
688 4963 788 5034 τὴν
827 4962 1163 5034 πανήγυριν,
1198 4963 1294 5015 καὶ
1348 4962 1723 5033 ἐδημοσίευον.

187 5045 340 5103 [nisi
358 5069 409 5107 τι
445 5055 860 5127 περιελέλειπτο
881 5094 898 5120 ,
925 5055 1006 5118 εἰς
1035 5054 1220 5118 ναοὺς,
1244 5057 1324 5118 είς
1351 5054 1534 5119 στοάς,
1568 5055 1600 5125 ἢ
1630 5054 1726 5110 καί

186 5147 227 5182 τι
241 5134 406 5209 ἕτερον
426 5142 690 5213 δημόσιον
714 5143 877 5212 ἔργον
896 5142 1210 5214 ἀνήλισκον.
1234 5142 1399 5197 Ταῦθ’
1420 5146 1448 5197 ὀ
1468 5146 1725 5214 πομπεὺς

190 5227 406 5296 ποιήσας,
429 5237 507 5298 είς
533 5236 595 5288 τὸ
635 5236 792 5307 ἅρμα
823 5236 1098 5291 ἀνέϐαινε.
1133 5236 1206 5288 Τὸ
1242 5236 1298 5289 δὲ
1325 5237 1386 5307 δὴ
1426 5238 1580 5308 ᾶρμα
1603 5238 1719 5290 οὔτ’

188 5311 550 5396 ὰἰἰιινισϊτλρίῳ,
579 5327 706 5380 οὔτε
752 5328 1166 5398 πολεμιστηρίῳ
1198 5323 1264 5398 ἦν
1293 5329 1552 5398 ἐμφερὲς,
1602 5329 1715 5383 ἀλλ’

189 5403 436 5481 ὲἐπύργου
487 5421 817 5490 περιφεροῦς
858 5420 1060 5491 τρόπον
1128 5419 1466 5490 ἐξείργαστο.
1501 5420 1611 5474 Καὶ
1655 5422 1717 5474 οὐ

193 5497 319 5564 μόνος
337 5500 399 5576 ἦν
419 5510 474 5564 ὲν
508 5511 587 5583 τῷ
612 5513 821 5582 ἅρματι
848 5550 864 5578 ,
901 5512 1016 5566 ἀλλ’
1057 5511 1123 5567 ἄν
1155 5530 1238 5583 γε
1288 5513 1382 5566 καὶ
1427 5512 1626 5576 παῖδας
1679 5515 1712 5583 ἦ

1827 4679 2068 4748 jubcns:
2123 4690 2234 4744 quo
2276 4675 2578 4737 monebat,
2620 4684 2682 4730 ut
2722 4677 2950 4746 reliquae
3015 4678 3144 4733 vitae
3190 4694 3420 4734 cursum-

1833 4770 2188 4842 provideret,
2218 4752 2332 4822 'nec
2361 4781 2428 4822 eo
2466 4767 2676 4822 honore
2710 4769 2888 4824 elatus
2918 4769 3254 4838 superbiret.
3305 4774 3416 4841 Ap—

1837 4879 2003 4935 pensa
2048 4877 2270 4932 quoque
2301 4871 2421 4916 erat
2454 4861 2648 4914 currui
2688 4861 2813 4915 uola
2842 4870 2898 4916 et
2931 4861 3206 4933 ﬂagellum
3229 4906 3245 4928 ,
3291 4881 3418 4935 qua:

1833 4955 2164 5018 innuebaut,
2222 4967 2348 5008 eum
2374 4953 2425 5006 in
2471 4961 2650 5007 tantas
2687 4954 3027 5011 calamitates
3060 4971 3221 5026 posse
3276 4958 3418 5014 inei-

1833 5047 1962 5101 dere
1985 5087 1999 5109 ,
2035 5054 2095 5098 ut
2132 5054 2230 5099 aut
2257 5043 2442 5114 ﬂagris
2477 5043 2805 5108 caederetur,
2839 5053 2935 5100 aut
2965 5047 3162 5117 capitis
3186 5047 3421 5103 damna-

1831 5151 2008 5197 retur.
2036 5139 2171 5196 Nam
2203 5139 2297 5209 qui
2341 5139 2414 5193 ob
2446 5139 2668 5195 facinus
2703 5150 2957 5196 extremo
2999 5143 3272 5214 supplicio
3299 5143 3420 5198 alli-

1829 5234 2123 5290 ciebantur
2149 5273 2164 5298 ,
2228 5233 2387 5288 nolas
2411 5241 2631 5303 gestare
2675 5235 2928 5290 solebant
2961 5254 2974 5292 :
3010 5253 3080 5292 ne
3106 5237 3232 5306 quis
3266 5237 3412 5291 initer

1825 5328 2094 5391 eundum,
2123 5337 2382 5382 contactu
2409 5329 2629 5382 illorum
2670 5329 2890 5399 piaculo
2922 5345 2981 5385 se
3007 5331 3404 5400 obstringeret.

1829 5420 1921 5476 Sic
1955 5431 2141 5475 autem
2165 5421 2416 5475 exornati
2451 5422 2645 5477 urbem
2683 5423 3136 5494 ingrediebantur
3161 5464 3175 5487 ,
3217 5422 3416 5488 spoliis

1822 5522 1879 5569 et
1923 5512 2166 5569 victoriae
2210 5513 2516 5584 insignibus
2561 5517 3050 5577 antecedentibus,
3101 5517 3155 5568 in
3201 5511 3414 5582 quibus

1327 5669 1528 5734 Variae
1562 5670 1866 5734 lectiones
1914 5677 1973 5733 et
2016 5681 2206 5735 notae.

247 5777 744 5903 (ﬁaﬁfo‘pﬁmvf:
783 5789 1130 5903 ἔξρέιειιανίὶε,
1159 5813 1276 5870 qua
1317 5811 1455 5856 voce
1494 5813 1720 5856 rursum
1802 5798 1976 5854 utitur
2017 5800 2181 5866 intra,
2245 5801 2344 5858 lib.
2374 5818 2450 5868 ix,
2483 5811 2616 5858 sect.
2651 5801 2701 5857 8.
2724 5798 2857 5856 Vide
2880 5797 3101 5858 llenric.
3129 5799 3406 5857 Valesium

195 5844 744 5935 ad'llarpoerﬁatidnvfp:
783 5844 910 5921 277E.

613 6061 801 6077 ___.--,.
915 6058 982 6066 -.._
1008 6060 1018 6065 -
