3862 6542
120 393 210 456 €13

1352 389 1752 450 ANNALIUM
1796 387 1939 450 LIB.
1977 389 2107 452 V'll.

3163 471 3169 477 ,
3243 397 3347 462 611

119 520 283 574 μενος,
314 499 682 571 ἀνεχώρησεν.
735 502 800 554 Οί
855 501 910 555 δὲ
959 501 1294 575 στρατιῶται
1349 504 1673 573 διαρπάσειν

1800 502 1927 555 mila
1961 503 2103 556 ratio
2132 502 2451 559 haberetur.
2476 505 2724 578 Cumque
2760 509 2967 564 amicos
2994 523 3260 581 rogasset,
3288 524 3350 565 ut

117 595 571 668 προσδοκήσαντες
597 595 724 658 τοὺς
760 595 1074 667 Φαλερίους,
1109 595 1183 659 ὡς
1220 595 1522 666 μισοδήμου
1549 611 1681 648 κατ-

114 689 328 758 ηγόρουν
351 686 548 740 αὐτοῦ.
571 687 864 756 Φθονηθεὶς
886 687 932 740 δ’
954 687 1048 741 ἐπὶ
1088 688 1252 740 πλέον
1283 687 1668 756 κατηγορήθη,

113 782 178 841 ὡς
209 778 372 848 μηδὲν
393 776 457 829 τὸ
480 777 747 848 δημόσιον
771 781 837 832 ἐκ
865 779 975 832 τῶν
999 777 1360 849 Τυρρηνικῶν
1379 778 1679 848 ,ὠφελήσας

113 871 412 944 χρημάτων,
436 870 604 934 αὐτὸς
619 870 665 925 δ’
691 873 756 924 ὲκ
782 871 990 926 τούτων
1007 858 1498 943 σφετερισάμενος.
1522 869 1678 924 Οὕτω

114 968 160 1018 δὲ
186 963 482 1031 ὠργίζοντο
521 962 644 1016 κατ’
673 963 860 1029 αὐτοῦ,
892 962 966 1027 ώς
998 963 1121 1034 μηδ’
1151 960 1332 1018 οἶκτον
1363 961 1530 1016 αὐτοῦ
1563 977 1684 1014 τινα

114 1054 280 1106 λαϐεῖν
315 1053 411 1105 ἐπὶ
448 1056 521 1123 τῇ
586 1053 842 1124 συμϐἀσῃ
897 1054 1051 1124 αὐτῷ
1103 1056 1384 1125 συμφορᾷ.
1443 1056 1684 1124 Τέθνηκε

113 1145 206 1214 γὰρ
227 1141 392 1196 αὐτοῦ
413 1145 658 1214 νοσήσας
689 1145 718 1198 ό
741 1145 928 1214 ἔτερος
970 1146 1082 1198 τῶν
1113 1147 1268 1200 υἱῶν.
1311 1147 1577 1216 Δεόμενός
1623 1145 1683 1198 δὲ

112 1235 206 1288 τῶν
229 1234 420 1302 φίλων,
461 1235 545 1304 μὴ
597 1235 840 1305 περιδεῖν
895 1237 1060 1290 αὐτὸν
1112 1237 1314 1299 ἀδίκως
1349 1237 1681 1306 κατακρινύ-

114 1343 278 1393 μενον,
310 1325 551 1396 ἐπείπερ
575 1327 777 1380 ἐκεῖνοι
815 1328 953 1398 πρὸς
989 1329 1090 1397 μὲν
1138 1329 1239 1398 τὴν
1295 1327 1475 1398 ψῆφον
1534 1325 1684 1396 αὐτῷ

1777 592 1878 646 sibi
1917 608 2014 662 per
2046 593 2300 662 iniuriam
2324 595 2583 649 damnato
2609 612 2769 667 opem
2827 599 2989 671 355
3013 601 3240 664 ferrent,
3273 603 3348 655 illi

1776 699 1908 736 vero
1933 694 2122 740 contra
2157 685 2415 758 sullragia
2443 688 2718 758 judicnm,
2767 691 2965 745 auxilia
2994 692 3044 746 ei
3070 703 3349 764 negarent,
3450 706 3468 718 θ

1774 775 1869 829 sed
1898 775 1963 829 ad
1994 776 2219 830 multam
2258 778 2574 832 solvendam
2602 781 2798 849 stipem
2829 782 3256 851 promitterent:
3285 799 3353 839 ea

1774 867 2093 924 conditione
2130 869 2440 938 repudiata,
2473 887 2599 926 cum
2635 874 2947 929 exsulatum
2990 875 3200 940 abiret,
3226 892 3354 946 pre-

1775 966 1972 1022 catur,
2009 957 2057 1012 si
2106 958 2257 1013 nulla
2303 974 2399 1014 sua
2446 961 2604 1032 culpa
2630 1001 2645 1025 ,
2684 963 2780 1018 sed
2821 964 3022 1036 injuria
3055 973 3112 1020 et
3143 966 3354 1021 invidia

1776 1049 1964 1120 populi
1999 1049 2321 1119 pelleretur,
2355 1061 2416 1106 ut
2443 1053 2526 1107 sui
2557 1053 2708 1110 cives
2749 1071 2846 1110 sua
2898 1070 3064 1126 epera
3096 1057 3357 1112 celeriter

1774 1152 2038 1213 egerent.
2083 1157 2255 1214 seque
2293 1144 2694 1211 desiderarent,
2735 1148 2803 1202 ad
2855 1148 3089 1204 Rutulos
3118 1165 3176 1204 se
3219 1166 3358 1204 con-

1779 1237 1902 1290 tulit
1935 1252 1969 1300 :,
2002 1235 2321 1305 indictaque
2381 1251 2545 1292 causa
2570 1238 2864 1294 damnatus
2909 1251 2996 1296 est
3021 1257 3087 1295 xv
3114 1242 3361 1298 millibus

1779 1327 1906 1380 teris
1931 1367 1947 1388 ,
1986 1342 2108 1395 qtae
2137 1325 2432 1382 drachmas
2462 1343 2532 1383 un
2561 1333 2772 1400 argenti
2802 1331 3004 1387 valent.

116 1417 385 1488 βοηθήσειν
418 1417 756 1482 ἀπείπαντο,
792 1419 889 1489 τὴν
917 1419 974 1471 δὲ
1004 1419 1208 1489 ζημίαν
1239 1419 1459 1488 ὅφλοντι
1514 1417 1856 1471 συνεκτίσειν
1913 1417 2234 1487 ὑπέσχοντο,
2281 1420 2381 1472 οὐκ
2451 1420 2823 1492 ἀνασχόμενος
2877 1423 3018 1491 ἔγνω
3049 1428 3242 1495 φυγεῖν
3295 1429 3360 1482 ἐκ

114 1510 197 1577 τῆς
224 1507 452 1573 πόλεως,
495 1509 594 1563 καὶ
631 1509 792 1574 ἐξιὼν
823 1509 1047 1578 ηὔξατο,
1074 1513 1122 1564 εί
1153 1511 1226 1580 μὴ
1289 1511 1539 1574 δικαίως,
1597 1509 1754 1580 ὐδρει
1795 1509 1853 1562 δὲ
1924 1509 2100 1580 δήμου
2185 1510 2440 1563 ἐκπίπτει
2474 1549 2491 1576 ,

2565 1514 2661 1566 καὶ
2725 1514 2926 1585 φθόνῳ,
3006 1519 3142 1586 ταχὺ
3235 1519 3362 1581 τοὺς

114 1602 289 1664 αὐτοὺς
317 1601 550 1664 πολίτας
578 1601 744 1655 αὐτοῦ
779 1603 1062 1673 δεηθῆναι,
1099 1605 1194 1657 καὶ
1219 1603 1454 1673 ζητῆσαι
1493 1603 1677 1656 αὐτόν.
1727 1602 1972 1664 Ἐκεῖνος
2001 1603 2142 1672 μετά
2199 1601 2294 1656 οὖν
2357 1604 2496 1674 πρὶς
2535 1603 2886 1668 Ῥουτούλους
2924 1608 3184 1679 μετέστη,
3227 1612 3363 1680 ὲρή-

118 1707 211 1758 μην
239 1688 282 1740 δ’
317 1687 491 1752 ἑάλω,
523 1690 622 1741 καὶ
652 1688 833 1759 ψῆφος
871 1689 1074 1760 ἠνέχθη
1109 1689 1230 1742 κατ’
1269 1690 1435 1742 αὐτοῦ
1465 1689 1684 1759 τίμημα
1726 1689 1937 1758 μυρίων
1999 1690 2096 1744 καὶ
2126 1690 2584 1761 πεντακισχιλίων
2614 1693 2892 1763 ἀσσαρίων
2940 1694 3160 1766 ἔχουσα,
3225 1699 3252 1751 ὃ
3275 1698 3363 1766 γε·

117 1797 250 1832 νεται
271 1782 410 1850 πρὸς
436 1781 712 1852 ἀργυρίου
736 1783 896 1851 λόγον
924 1784 1166 1854 δραχμαὶ
1198 1784 1369 1853 χίλιαι
1418 1785 1797 1839 πεντακόσιαι.

175 1867 290 1921 ΚΓ.
321 1869 454 1921 οἱδ⁹
481 1869 802 1941 Εὐρωπαῖοι
833 1869 1094 1933 Γαλάται,
1125 1865 1202 1923 ών
1227 1871 1276 1923 el
1317 1872 1564 1924 Ἀσιάται
1605 1888 1691 1923 νο-

1863 1873 2059 1930 XXIII.
2091 1873 2361 1930 Cmternm
2398 1876 2652 1947 Europazi
2695 1878 2876 1944 Galli,
2917 1895 3152 1950 quorum
3182 1882 3364 1938 coloni

123 1960 349 2031 μίζονται
375 1960 631 2027 ἄποικοι,
671 1961 945 2015 Κελτικὸν
990 1961 1142 2023 ὅντες
1197 1963 1374 2031 γένος,
1439 1963 1690 2026 λιπόντες

121 2051 470 2121 τὴνὲαυτῶν,
499 2051 581 2117 ώς
633 2054 734 2106 οὐκ
783 2054 1036 2124 αὐτάρκη
1099 2055 1322 2124 τρέφειν
1373 2056 1594 2119 αὐτοὺς,
1639 2056 1690 2108 οῖ

123 2143 206 2211 μὲν
232 2144 321 2195 ἐπὶ
378 2143 452 2196 τά
503 2144 608 2215 ὅρη
643 2145 713 2198 τά
752 2143 974 2198 Ῥιπαῖα
1015 2146 1385 2216 ὡρμήκεσανο
1425 2149 1474 2200 el
1499 2148 1556 2200 δὲ
1583 2147 1693 2201 τῶν

124 2234 352 2286 Ἄλπεων
406 2232 728 2303 ἱδρυθέντες
759 2235 952 2302 ἔγγὺς,
1017 2237 1210 2307 χρόνον
1265 2239 1383 2290 ἐκεῖ
1433 2237 1694 2308 διήγαγον

128 2324 345 2378 πλείονα.
399 2326 550 2378 Τότε
601 2325 659 2378 δὲ
711 2327 856 2379 οἴνου
912 2327 1270 2396 κομισθέντος
1321 2329 1378 2395 ἐξ
1440 2328 1692 2394 Ἰταλίας,

127 2417 288 2470 τούτου
315 2418 682 2488 γευσάμενοι,
714 2421 809 2471 καὶ
848 2419 1399 2490 ὐπερθαυμάσαντες,
1429 2422 1693 2490 ἀράμενοι

129 2511 183 2563 τὰ
201 2511 331 2563 ὅπλα
373 2512 479 2562 καὶ
512 2511 706 2580 γενεὰς
765 2513 1098 2584 ἐπαγόμενοι
1162 2513 1263 2583 τὴν
1311 2514 1417 2583 γῆν
1477 2515 1694 2584 ἐκείνην

129 2603 350 2672 ἐζήτουν,
379 2605 416 2676 ἢ
462 2603 712 2658 τοιοῦτον
760 2605 972 2675 καρπὸν
1026 2603 1336 2659 ἀναδίδωσι.
1399 2605 1505 2659 Καὶ
1558 2607 1694 2676 πρὸς

133 2693 264 2746 πόλιν
289 2694 640 2766 Τυρρηνίδα,
699 2694 967 2748 Κλούσιον
1015 2695 1382 2766 καλουμένην,
1433 2698 1696 2769 στρατεύ·

132 2799 331 2848 σαντες,
388 2787 758 2857 ἐπολιόρκουν
785 2788 978 2858 αὐτήν.
1007 2789 1070 2840 Οί
1100 2787 1158 2840 δὲ
1205 2788 1507 2858 Κλουσηνοὶ
1542 2791 1686 2861 πρὸς

135 2877 238 2938 τοὺς
280 2878 595 2948 Ῥωμαίους
672 2879 1004 2948 κατέφυγον,
1087 2879 1364 2941 αἰτοῦντες
1421 2881 1694 2950 βοήθειαν.

137 2967 369 3034 Πρὲσὸεις
407 2969 457 3022 δ’
495 2971 557 3023 ὲκ
601 2969 822 3038 Ῥώμης
853 2971 991 3042 πρὶς
1038 2971 1278 3031 ἐκείνους
1310 2973 1695 3043 ἐπέμφθησαν,

136 3057 212 3122 οὓς
226 3061 271 3112 ei
305 3060 552 3115 Γαλάται
575 3062 666 3116 διὰ
697 3063 760 3115 τὸ
788 3062 899 3115 τῶν
944 3062 1230 3132 Ῥωμαίων
1255 3062 1428 3133 ὄνομα
1457 3063 1696 3134 ἐντίμως

137 3149 379 3217 ὲδίξαντο,
435 3157 539 3206 καὶ
573 3154 671 3207 τοῦ
710 3157 1061 3226 τειχομαχεῖν
1095 3159 1458 3226 παυσάμενοι,
1493 3157 1572 3220 είς
1610 3158 1698 3210 λό-

143 3260 248 3310 γους
283 3245 744 3318 συνεληλύθασιν.
776 3247 867 3299 Ἐν
899 3247 1112 3311 τούτοις
1165 3247 1222 3300 δὲ
1269 3248 1597 3318 λοχήσαντες
1647 3251 1698 3302 οἱ
1727 3228 1769 3287 C

140 3338 414 3410 κλουσηνοὶ
449 3340 591 3412 μετά
622 3341 732 3394 τῶν
755 3341 819 3394 ὲκ
861 3337 1082 3410 Ῥώμης
1112 3340 1413 3410 πρέσϐεων,
1449 3343 1704 3395 ἐπέθεντο

143 3431 235 3492 τοῖς
254 3431 552 3495 Γαλάταις.
587 3433 648 3485 '0
679 3432 737 3486 δὲ
765 3431 878 3485 τών
913 3432 1170 3485 Γαλατῶν
1221 3431 1475 3502 βασιλεὺς
1534 3433 1704 3502 Βρέν-

146 3537 246 3588 νος,
273 3523 557 3592 ὀργισθεὶς
575 3525 669 3577 ἐπὶ
695 3523 893 3595 τούτῳ,
918 3524 1026 3577 τῶν
1043 3524 1369 3594 Κλουσηνῶν
1397 3524 1701 3595 ἀμελήσας,

147 3614 300 3682 εὐθὺς,
325 3617 402 3677 ώς
435 3612 576 3687 εἶχε,
603 3616 662 3670 τὸ
691 3617 1008 3688 στράτευμα
1028 3617 1170 3671 κατά
1197 3618 1300 3686 τῆς
1341 3615 1562 3687 Ῥώμης
1593 3616 1706 3669 ὲκί-

146 3722 299 3774 νησεν,
320 3709 451 3761 ἐπεὶ
477 3709 553 3779 μὴ
578 3709 672 3761 ἐπὶ
698 3709 943 3779 τιμωρίᾳ
969 3709 1017 3762 el
1047 3709 1305 3779 πρέσϐεις
1329 3708 1480 3778 αὐτῷ
1535 3709 1704 3775 ἐξεδί-

144 3795 303 3849 δοντοο
338 3800 445 3852 καὶ
471 3799 712 3870 τοσούτῳ
760 3800 918 3870 τάχει
951 3800 1244 3870 ἐχρήσατο,
1279 3799 1408 3852 ὥστ’
1461 3801 1581 3853 ἐπεὶ
1595 3801 1706 3856 θεῖν

148 3888 316 3952 αὐτοὺς
344 3892 421 3960 τῇ
456 3889 634 3954 πόλει,
691 3889 769 3960 μὴ
828 3889 1224 3960 προμαθόντων
1269 3888 1558 3959 Ῥωμαίων
1609 3889 1706 3959 τὴν

149 3983 331 4050 ἔφοδον,
371 3985 454 4038 'I‘b
521 3984 708 4055 μέντοι
771 3983 1052 4052 δαιμόνιον
1113 3983 1474 4052 προαγγεῖλαι
1523 3983 1706 4047 αὐτοῖς

149 4079 229 4150 τὴν
254 4081 442 4149 ἔφοδον
487 4080 726 4145 λέγεται.
769 4075 995 4144 Μάρκος
1054 4072 1163 4143 γὰρ
1202 4075 1462 4138 Καίδικος
1511 4075 1706 4139 νυκτός

150 4179 226 4226 ποῖ
256 4173 511 4243 βαδίζων,
543 4167 730 4238 φωνῆς
773 4167 975 4238 ἡκουσε
1001 4165 1295 4238 λεγούσης,
1320 4167 1587 4222 Γαλάται
1614 4168 1708 4235 ἕρ-

154 4280 354 4332 κσνται.
396 4263 695 4335 Εἱρηκότος
743 4261 803 4314 δὲ
853 4259 1017 4313 τοῦτο
1046 4260 1278 4332 Μάρκου
1311 4259 1389 4331 τῷ
1420 4261 1578 4332 δήμῳ
1615 4261 1708 4314 καὶ

154 4361 208 4427 τῇ
224 4358 403 4429 βουλῇ,
427 4358 486 4408 ὲν
513 4353 704 4424 παιδιᾷ
735 4352 828 4404 τὸν
848 4350 1010 4419 λόγον
1038 4351 1339 4415 ἐποιοῦντο,
1373 4353 1468 4405 καὶ
1488 4353 1703 4419 γέλωτι,

155 4445 241 4510 ἓως
264 4444 588 4514 αὐτάγγελοι
621 4446 671 4497 οῖ
707 4442 943 4497 Γαλάται
971 4442 1123 4512 σφῶν
1157 4443 1388 4512 πλησίον
1435 4443 1704 4510 ἐγένοντο.

157 4541 271 4596 τότε
299 4542 354 4596 ιδ
384 4539 588 4611 σπουδῇ
619 4537 948 4603 ἐξελθόντες,
1003 4537 1102 4591 καὶ
1135 4537 1386 4599 ἀτάκτως
1432 4538 1706 4605 ἀγωνισὰο
1741 4563 1782 4618 D

162 4649 312 4701 μενοι,
352 4631 692 4701 αίσχρότατα
739 4628 996 4699 ἥττηντο.
1074 4628 1184 4681 Kal.
1213 4627 1400 4680 πολλοὶ
1432 4627 1528 4695 μὲν
1554 4630 1611 4680 ὲν
1640 4629 1705 4698 τῇ

163 4726 290 4797 μάχη
314 4725 658 4782 πεπτώκασι.
691 4720 880 4774 πολλώ⁸
915 4719 970 4772 δὲ
1002 4718 1297 4788 φεύγοντες
1317 4718 1580 4788 ἔθνησκον
1613 4734 1710 4769 xa-

162 4822 630 4893 ωλαμόανόμενοι,
666 4815 908 4869 πλεῖστοι
936 4813 993 4866 δὲ
1031 4812 1124 4864 καὶ
1179 4811 1259 4873 είς
1302 4809 1552 4878 ποταμὸν
1619 4809 1710 4860 τὸν

163 4914 355 4986 Τίϐεριν
397 4911 786 4982 συνωθήθησαν
825 4907 920 4960 καλ⁵
945 4904 1284 4974 ἐφθάρησαν.
1338 4903 1399 4955 οι
1437 4901 1492 4953 δὲ
1531 4899 1712 4952 λοιποὶ

167 5008 546 5069 σκεδασθέντες,
569 5005 620 5056 el
657 5001 758 5074 μὲν
824 4999 904 5061 είς
935 4997 1037 5066 τὴν
1097 4993 1328 5062 Ῥώμην
1378 4989 1554 5044 ἐλθεῖν
1586 4990 1714 5058 ἡδυε-

165 5098 400 5170 νήθησαν,
433 5099 484 5150 οῖ
511 5096 568 5149 δὲ
591 5090 846 5162 ἀλλαχοῦ.
883 5089 948 5142 Ol.
999 5086 1045 5139 δ’
1081 5087 1140 5139 ὲν
1161 5087 1228 5153 τῇ
1273 5081 1462 5152 Ῥώμῃ
1493 5081 1712 5148 γνόντες

167 5191 218 5245 τδ
246 5193 479 5260 γεγονὸς,
506 5190 564 5242 ιν
593 5181 878 5256 ἀμηχανία
906 5179 1177 5248 ἐγένοντο.
1214 5174 1322 5227 Kal.
1361 5172 1712 5242 ἀπογνόντες,

169 5287 271 5340 οὐτε
297 5286 400 5340 τῶν
419 5284 616 5355 τειχῶν
641 5278 889 5350 φυλακὴν
914 5273 1120 5338 ἔθεντο,
1175 5268 1300 5322 οὔτε
1359 5267 1458 5337 τῆς
1507 5265 1714 5327 πόλεως

169 5382 250 5444 τὰς
269 5379 432 5440 πύλας
456 5376 727 5434 ἔκλεισαν,
749 5367 864 5423 ἀλλ’
887 5368 936 5420 ei
969 5365 1068 5436 μὲν
1093 5361 1263 5432 αὐτὴν
1285 5359 1714 5427 ἐκλιμπάνοντες

171 5472 390 5541 ίφευγον,
420 5471 469 5523 οῖ
499 5469 557 5522 δὲ
602 5467 702 5518 σὺν
749 5459 963 5528 γυναιξὶ
1015 5455 1109 5509 καὶ
1159 5453 1369 5512 τέκνοις
1395 5448 1715 5541 ἀνέδραμον

172 5537 236 5628 είς
337 5559 700 5618 Καπιτώλιον.
733 5554 902 5609 Movet
931 5550 989 5604 δὲ
1013 5547 1346 5616 ὁγδοήκοντα
1373 5540 1586 5611 ἄνδρες,
1621 5537 1714 5602 οὓς

175 5658 319 5726 οῖμὶν
345 5657 504 5726 ἱερεῖς
547 5649 687 5705 εἶναί
734 5662 921 5715 φασιν,
951 5643 998 5693 el
1028 5639 1084 5692 δὲ
1118 5637 1242 5698 τοὺς
1277 5632 1545 5726 πρώτους-
1573 5629 1714 5726 79w-

179 5723 330 5816 μαίων
350 5723 469 5804 καθ’
500 5739 840 5817 ἠλικίανίκαὶ
868 5733 1099 5789 πλοῦτον
1128 5729 1222 5783 καὶ
1250 5728 1431 5795 γένος,
1467 5723 1714 5817 ἐνδύντες

181 5813 305 5906 ἱερᾶς
327 5839 360 5912 ἢ
388 5813 850 5893 πολυτελεστάτας
874 5823 1064 5888 στολὰς
1089 5823 1146 5874 ἐν
1167 5818 1338 5888 ἀγορᾷ
1359 5817 1451 5870 ἐπὶ
1478 5815 1584 5868 τῶν
1607 5813 1714 5866 ἐλε-

1791 1966 2157 2035 perhibentur
2189 1966 2449 2031 Asiatici,
2487 1977 2630 2023 terra
2654 1970 2758 2024 sub
2793 1985 3048 2040 agrorum
3077 1974 3362 2043 penuriam

1793 2055 1988 2112 relicta
2033 2057 2232 2127 partim
2276 2059 2342 2112 ad
2390 2058 2645 2129 Riphaeos
2677 2071 2893 2116 montes
2933 2073 3060 2118 sunt
3097 2065 3362 2135 profecti,

1793 2151 1990 2220 partim
2041 2166 2212 2222 prope
2255 2152 2421 2221 Alpes
2462 2153 2558 2208 diu
2606 2155 2999 2211 consederunt.
3048 2157 3185 2212 Tum
3231 2175 3366 2214 vero

1793 2243 1982 2296 ltalieo
2007 2245 2138 2297 vino
2163 2254 2384 2313 gustato
2407 2284 2424 2310 ,
2451 2245 2816 2301 admiratione
2845 2255 3009 2301 tanta:
3036 2251 3322 2306 suavitatis
3348 2293 3364 2314 ,

1793 2335 2029 2404 sumptis
2072 2337 2273 2399 armis,
2304 2351 2428 2390 eum
2475 2337 2744 2391 uxoribus
2788 2347 2844 2392 et
2890 2339 3113 2402 liberis,
3159 2351 3364 2398 terrain

1794 2427 1963 2490 illam,
1999 2443 2118 2498 qua:
2157 2429 2316 2482 talem
2359 2429 2630 2500 liquorem
2671 2432 2957 2500 gigneret,
3007 2444 3319 2503 qumrentes
3347 2478 3364 2501 ,

1794 2516 2041 2572 Clusium
2080 2519 2402 2590 Tyrrheni-te
2451 2521 2716 2590 oppidum
2755 2523 3109 2579 obsederunt.
3155 2527 3368 2590 Clusini

1795 2621 1920 2660 cum
1954 2623 1983 2660 a
2035 2607 2294 2662 Romanis
2339 2609 2619 2678 supplices
2667 2609 2866 2664 auxilia
2897 2619 3178 2679 peterent,
3225 2612 3368 2668 Galli

1795 2697 2073 2754 Romanos
2099 2700 2310 2769 legatos
2348 2701 2419 2754 ob
2449 2716 2649 2755 nomen
2683 2703 2868 2771 populi
2918 2703 3218 2759 honoriﬁce
3256 2721 3374 2760 sus-

1797 2800 2060 2860 ceperunt
2088 2807 2103 2844 :
2133 2800 2188 2846 et
2214 2791 2628 2861 oppugnatione
2672 2791 2873 2845 omissa
2893 2831 2907 2854 ,
2943 2792 3008 2845 ad
3035 2793 3369 2862 colloquium

1797 2890 2093 2938 venerunt.
2162 2884 2378 2938 Interea
2422 2881 2633 2936 Clusini
2681 2897 2807 2936 cum
2862 2883 3124 2938 Romanis
3179 2885 3374 2955 legatis

1797 2972 1980 3028 Gallos
2009 2990 2077 3029 ex
2102 2973 2320 3028 insidiis
2349 2973 2693 3029 invaserunt.
2724 2973 2881 3040 Quod
2914 2974 3166 3028 Brennus
3194 2974 3375 3028 Gallo-

1799 3079 1920 3117 rum
1960 3081 2051 3120 rex
2090 3064 2310 3135 indigne
2342 3063 2526 3118 ferens
2549 3104 2564 3128 ,
2598 3063 2836 3118 Clusinis
2869 3064 3170 3134 neglectis,
3215 3079 3377 3118 evcs-

1803 3158 1933 3227 tigio
1960 3159 2182 3211 Romam
2210 3174 2404 3213 versus
2431 3159 2589 3212 duxit
2613 3158 2941 3220 exercitum.
2966 3174 3088 3211 cum
3127 3159 3176 3213 ei
3207 3160 3372 3229 legati

1803 3249 1869 3302 ad
1919 3249 2251 3318 supplicium
2290 3263 2398 3301 non
2449 3247 2790 3304 dederentur
2815 3286 2829 3310 ,
2874 3257 3018 3301 tanta
3047 3247 3330 3300 celeritate
3354 3285 3372 3306 ,

1805 3351 1864 3394 nt
1904 3340 2104 3396 Urbem
2137 3340 2458 3401 invaderet,
2503 3337 2822 3408 priusquam
2861 3352 3052 3391 eorum
3091 3351 3374 3391 act-essunt

1802 3431 2032 3486 Romani
2073 3431 2498 3500 cognovissent,
2544 3443 2869 3498 quanquam
2921 3428 3188 3482 divinitus
3237 3444 3373 3497 prm-

1803 3526 2136 3578 nuntiatum.
2187 3524 2400 3578 Marcus
2447 3523 2594 3576 en'm
2647 3519 2897 3575 Caedicus
2951 3518 3162 3580 fertur,
3203 3529 3374 3572 noctu

1804 3616 1908 3669 iter
1939 3615 2179 3675 faciens,
2213 3629 2400 3668 vocem
2429 3611 2742 3677 audivisse,
2787 3627 2908 3682 quae
2949 3611 3189 3666 diceret:
3225 3611 3378 3666 Galli

1803 3711 2036 3766 veniunt.
2091 3708 2264 3774 Quam
2296 3721 2420 3761 cum
2463 3704 2678 3761 senatui
2724 3705 3035 3774 populoque
3064 3713 3376 3769 narrasset,

1805 3802 1970 3857 verba
1995 3801 2114 3871 eius
2133 3815 2258 3854 cum
2287 3796 2529 3852 ludibrio
2551 3806 2608 3852 et
2630 3795 2745 3851 risu
2774 3806 3002 3865 excepta
3025 3806 3176 3860 sunt,
3201 3797 3324 3850 dom
3346 3812 3378 3850 c

1805 3895 1944 3950 Galli
1968 3893 2072 3963 ipsi
2099 3893 2151 3946 in
2182 3891 2498 3961 propinquo
2523 3904 2682 3944 suum
2708 3889 3006 3942 adventum
3028 3889 3376 3941 nuntiarunt.

1806 3987 1962 4042 Tunc
2011 3985 2317 4040 estinanter
2353 3981 2583 4052 egressi,
2614 3991 2820 4036 temere
2850 3979 3144 4034 commisso
3169 3980 3377 4048 praelia.

1806 4088 1934 4134 sunt
1974 4077 2293 4147 turpissime
2347 4073 2624 4143 superati,
2671 4073 2828 4126 multi
2871 4073 2926 4126 in
2959 4085 3174 4141 pugna,
3218 4073 3380 4126 multi

1807 4173 1861 4226 in
1903 4173 2029 4242 luga
2061 4169 2487 4240 comprehensi:
2532 4166 2755 4236 plurimi
2789 4167 2844 4218 in
2881 4164 3128 4218 Tiberim
3163 4163 3378 4218 flumen

1807 4259 2136 4330 pramipitati
2185 4258 2495 4328 perierunt.
2551 4255 2768 4315 Reliqui
2812 4255 3105 4324 dissipati,
3174 4256 3376 4323 partim

1810 4352 2041 4406 Romam
2091 4355 2504 4419 pervenerunt,
2568 4345 2766 4417 partim
2811 4345 2940 4399 alio.
2996 4345 3098 4411 Qui
3130 4345 3185 4400 in
3237 4343 3381 4401 Urbe

1808 4452 2000 4506 erant,
2046 4440 2256 4496 cladem
2294 4455 2416 4494 eam
2465 4439 2855 4508 Deplorantes,
2898 4435 3088 4505 inepes
3125 4436 3378 4500 consilii,

1809 4547 1866 4591 et
1909 4533 2354 4605 desperabundi,
2394 4546 2494 4586 nec
2529 4532 2730 4585 moenia
2775 4531 3233 4591 enstodiverunt,
3278 4544 3382 4583 nec

1811 4639 2000 4699 portas
2029 4627 2381 4681 clauserunt:
2406 4621 2501 4676 sed
2527 4620 2620 4675 alii
2643 4620 2822 4690 fugam
2844 4627 3131 4689 ceperunt,
3147 4617 3379 4673 aliicum

1814 4720 2080 4775 uxoribus
2102 4727 2158 4772 et
2180 4715 2366 4772 liberis
2385 4713 2709 4784 Capitolium
2728 4719 3084 4780 occuparunt.
3109 4709 3220 4765 Soli
3243 4726 3382 4766 cxxx

1812 4815 1916 4869 viri
1942 4815 2102 4882 (quos
2133 4811 2225 4866 alii
2253 4809 2568 4863 sacerdotes
2598 4805 2768 4860 fuisse
2792 4813 3122 4863 memorant,
3147 4803 3239 4857 alii
3267 4803 3381 4858 Ro-

1813 4921 2101 4961 manorum
2121 4910 2281 4957 aetate
2301 4900 2497 4970 opibus
2517 4908 2568 4952 et
2586 4912 2783 4968 genere
2803 4895 2966 4966 356
2988 4895 3284 4966 principes)
3302 4896 3382 4951 si-

1812 5014 1878 5053 ve
1928 4993 2347 5068 pretiosissimis
2376 4989 2530 5046 stolis
2559 4987 2758 5068 induti,
2802 4987 2856 5068 in
2879 4986 3018 5068 lellis
3050 4987 3306 5068 eburneis
3327 4987 3381 5040 in

1812 5057 2072 5126 foro-cum
2092 5066 2372 5136 majestate
2391 5059 2783 5122 consederunt,
2813 5057 3188 5112 imminentem
3206 5057 3382 5111 fortu-

1814 5177 1938 5217 nam
1967 5163 2366 5229 exspectantes.
2402 5151 2671 5208 Postridie
2693 5149 2830 5205 Galli
2855 5148 2922 5204 ad
2950 5149 3180 5203 Romam
3211 5161 3382 5203 vene-

1812 5262 1944 5309 runt
1962 5270 1976 5306 :
1997 5249 2092 5307 sed
2115 5263 2239 5304 cum
2260 5256 2446 5316 portas
2465 5252 2700 5314 apertas,
2719 5251 2773 5296 et
2792 5241 2992 5298 mmnia
3013 5237 3282 5310 praesidiis
3297 5253 3382 5290 va-

1815 5361 1915 5401 cua
1944 5343 2218 5403 viderent,
2253 5337 2526 5400 restitere,
2574 5348 2675 5388 nec
2715 5331 2941 5402 ingrcssi
2967 5340 3115 5393 sunt,
3155 5327 3380 5384 subesse

1815 5434 2044 5492 insidias
2066 5428 2345 5501 suspicati.
2364 5425 2550 5482 Tertio
2565 5425 2674 5489 die,
2694 5431 2907 5493 sumpta
2936 5421 3154 5483 lldneia,
3175 5418 3378 5485 impetu

1813 5531 1958 5586 Iacto
1987 5526 2181 5581 urbem
2213 5528 2499 5592 ceperunt.
2526 5519 2890 5574 Barbarorum
2924 5529 3018 5568 rex
3049 5509 3380 5581 Capitolium

1817 5617 2072 5692 praesidio
2114 5614 2326 5686 sepsit;
2375 5611 2665 5680 forumque
2713 5601 3142 5677 paramhulans,
3186 5613 3381 5656 senum

1817 5715 2038 5769 illorum
2073 5703 2426 5775 tranquillum
2461 5710 2517 5756 et
2547 5699 2771 5753 tacitum
2807 5705 3128 5749 concessum
3164 5699 3249 5744 cst
3277 5705 3381 5742 mi-

1817 5816 1990 5861 ratus.
2025 5799 2212 5857 Ga‘los
2241 5797 2405 5853 etiam
2444 5803 2636 5862 stupor
2677 5787 2903 5851 invasit,
2947 5783 3017 5838 ob
3059 5782 3381 5838 inusitatum
