3862 6542
395 326 500 388 H“)

1709 314 1947 376 JOANS
1961 314 2029 373 l5
2070 314 2258 374 ZONA
2272 314 2391 373 RIE

3551 314 3661 376 (32:)

394 446 498 497 lius
548 439 701 505 visis,
741 438 1045 504 Camillus,
1109 449 1412 504 eorumque
1456 432 1679 488 casibus
1723 428 1981 497 cognitis,

2089 424 2409 488 δεδωκότες,
2448 427 2542 478 καὶ
2579 425 2789 498 ταύτης
2833 424 3327 498 ἀποχωρήσαντες)
3373 423 3495 478 καθ’
3544 425 3666 476 ὁδὸν

394 537 607 597 statim,
641 541 703 589 ut
745 540 886 594 erat,
924 530 1177 585 Sutrium
1230 534 1493 598 properat
1524 541 1535 577 :
1569 538 1631 577 ac
1667 521 1854 576 subito
1884 535 1979 589 ag-

393 641 638 693 gressus,
673 624 868 678 urbem
917 622 1065 677 nulla
1119 618 1386 673 munitam
1433 612 1707 674 custodia,
1764 610 1982 666 civibus

410 719 745 774 incolumem
772 714 970 770 eodem
1031 711 1120 767 die
1176 707 1440 765 restituit.
1479 705 1577 761 llis
1611 703 1781 759 rebus
1812 701 1980 772 gestis

398 803 805 876 triumphavit,
859 817 1111 873 magnam
1174 798 1407 869 gloriam
1462 794 1716 864 adeptus.
1760 790 1981 845 Marcus

396 919 531 956 vero
562 899 814 960 Manlius,
848 896 943 966 qui
980 893 1192 964 primus
1215 890 1403 946 Gallos
1427 886 1699 957 Capitolio
1741 884 1980 955 depulit,

399 998 545 1052 unde
580 989 875 1064 Capitolini
935 1001 1136 1041 nomen
1169 992 1254 1038 est
1300 981 1557 1051 adeptus,
1606 994 1719 1049 pra:
1767 976 1983 1032 caeteris

401 1089 630 1145 Camillo
668 1084 960 1146 invidens,
1016 1092 1248 1150 regnum
1301 1073 1624 1130 affectavit:
1676 1087 1854 1143 eaque
1911 1072 1980 1125 de

402 1196 563 1237 causa
592 1177 760 1248 plebe
791 1173 897 1228 sibi
934 1170 1220 1241 obsequiis
1251 1167 1526 1231 devineta,
1564 1166 1617 1220 in
1656 1164 1816 1235 cujus
1854 1180 1981 1235 gra-

401 1276 532 1329 tiam
586 1268 725 1325 nihil
761 1282 872 1321 non
904 1263 1165 1328 faciebat,
1228 1277 1260 1315 a
1307 1258 1549 1315 factione
1582 1273 1682 1313 sua
1715 1255 1782 1312 ad
1816 1254 1976 1326 Capi-

398 1366 591 1420 tolium
624 1358 1008 1427 occupandum
1068 1354 1251 1408 dEctus
1313 1360 1418 1406 est.
1483 1352 1665 1419 Quare
1716 1347 1985 1404 Camillus

396 1462 654 1526 quartum
714 1449 955 1503 dictator
1023 1453 1106 1499 est
1160 1442 1366 1496 dictus.
1428 1439 1632 1494 Senatu
1690 1447 1874 1492 autem
1931 1444 1986 1489 et

396 1540 814 1614 magistratibus
860 1535 1079 1591 caeteris
1145 1530 1443 1585 admodum
1503 1527 1899 1588 consternatis,
1932 1533 1987 1578 et

396 1639 529 1709 quid
589 1630 861 1703 agendum
892 1626 1059 1700 359
1121 1634 1266 1680 esset
1327 1620 1737 1685 dubitantibus,
1792 1632 1986 1672 servus

395 1729 618 1801 quidam
676 1722 993 1795 promisit,
1062 1734 1119 1774 se
1195 1715 1566 1788 Capitolinum
1639 1712 1718 1768 eis
1796 1710 1986 1765 viveno

2087 517 2167 571 ἔτι
2226 519 2341 571 δντι
2386 517 2464 588 τῷ
2523 517 2789 591 Καμίλλῳ
2818 519 2957 589 μετά
2997 518 3275 587 γυναικῶν
3323 519 3417 571 καὶ
3460 517 3668 570 τέκνων

2085 610 2366 682 ὑπήντων.
2404 608 2512 674 Οὓς
2541 609 2668 663 ίδὼν
2709 612 2738 663 ὁ
2770 610 3071 682 Κάμιλλος,
3122 611 3217 664 καὶ
3262 610 3333 663 τά
3395 608 3673 679 συμϐεϐη-

2084 701 2221 756 κότα
2254 700 2584 772 πυθόμενος,
2643 702 2845 756 αὐτίκα
2882 702 3015 774 πρὸς
3044 704 3104 757 rb
3144 701 3424 773 Σούτριον,
3478 698 3556 762 ὥς
3595 697 3673 752 εί-

2084 810 2200 864 χεν,
2245 793 2533 864 ἠπείγετο,
2559 795 2653 848 καὶ
2687 794 3119 866 ἀπροσδοκήτως
3143 793 3294 864 αύτῷ
3317 793 3669 865 προσϐαλὼν,

2083 882 2397 952 ἀφύλακτόν
2422 901 2479 937 τε
2512 882 2713 954 εὑρὼν,
2751 882 2962 946 ἀπαθὲς
2995 882 3185 935 κακῶν
3217 880 3535 952 αύθημερὸν
3556 881 3673 941 τοίς

2086 977 2339 1041 πολίταις
2381 976 2518 1031 αὐτὸ
2577 976 2908 1031 ἀνεσώσατο.
2982 973 3412 1047 Ἐθριάμϐευσεν
3442 972 3537 1026 οὖν
3578 974 3674 1025 ἐπὶ

2086 1069 2323 1131 τούτοις.
2375 1070 2527 1138 ἄγων
2583 1070 2651 1123 τὰ
2690 1068 2966 1132 ἐπινίκια,
3021 1069 3117 1120 καὶ
3172 1067 3265 1121 ἐπὶ
3312 1067 3455 1137 μέγα
3510 1065 3673 1135 δόξης

2085 1161 2274 1233 ᾔρετο.
2304 1162 2536 1230 Μάρκος
2566 1161 2622 1214 δὲ
2649 1164 2678 1215 ὁ
2704 1161 2945 1225 Μάλλιος
2973 1160 3189 1234 πρῶτος
3235 1160 3365 1222 τοὺς
3424 1159 3672 1218 Κελτοὺς

2085 1255 2164 1326 τῷ
2203 1253 2540 1326 Καπιτωλίῳ
2571 1253 2987 1322 προσϐαλόντας
3021 1255 3088 1306 ἐκ
3115 1253 3214 1323 τῆς
3236 1252 3415 1322 ἄκρας
3444 1248 3674 1319 ὠσάμε-

2086 1364 2195 1412 νος,
2235 1347 2358 1401 ὅθεν
2392 1347 2488 1401 καὶ
2510 1347 2897 1412 Καπιτωλῖνος
2922 1344 3390 1419 προσωνομάσθη,
3454 1343 3672 1413 φθονῶν

2086 1441 2165 1511 τῷ
2196 1440 2466 1511 Καμίλλῳ
2504 1440 2707 1511 μᾶλλον
2741 1440 2849 1494 τῶν
2880 1439 3077 1504 ἄλλων,
3102 1438 3379 1510 τυραννίδι
3414 1435 3670 1489 ἐπέθετο.

2089 1535 2197 1589 Καὶ
2223 1534 2312 1588 διὰ
2344 1534 2504 1588 τοῦτο
2537 1533 2803 1607 ᾠκειοῦτο
2822 1534 2911 1588 τὸν
2942 1533 3137 1604 ὅμιλον
3171 1528 3555 1603 δημαγωγῶν,
3579 1534 3672 1582 καὶ

2088 1626 2266 1681 πάντα
2318 1628 2576 1699 πράττων
2617 1632 2697 1693 είς
2733 1627 3035 1698 θεραπείαν
3098 1623 3290 1679 αὑτοῦ.
3343 1623 3672 1695 Παραλαεὸν

2087 1717 2180 1775 οὖν
2215 1720 2378 1775 αὑτὸν
2401 1721 2461 1776 τὸ
2484 1720 2689 1791 πλῆθος
2723 1722 3005 1792 ἀνήγαγεν
3048 1724 3129 1785 είς
3173 1720 3235 1774 τὸ
3289 1719 3667 1779 Καπιτώλιον,

399 1835 506 1876 tem
540 1818 892 1873 traditurum.
934 1809 1298 1881 Acceptisque
1334 1805 1581 1870 armatis,
1609 1815 1665 1860 et
1715 1804 1854 1857 clam
1887 1816 1983 1872 per

2092 1814 2187 1866 καὶ
2209 1813 2480 1884 κατέσχον
2505 1814 2661 1869 αύτό.
2705 1814 2796 1867 Διὸ
2840 1816 2934 1868 καὶ
2974 1814 3248 1885 δικτάτωρ
3296 1813 3356 1868 τὸ
3405 1814 3671 1883 τέταρτον

400 1909 632 1966 insidias
667 1905 770 1962 sub
798 1900 1071 1974 Capitolio
1101 1897 1384 1952 collocatis
1404 1938 1417 1962 ,
1454 1893 1748 1964 transfuga:
1794 1892 1979 1961 specie

401 2022 461 2060 sc
489 2003 557 2057 ad
616 2002 768 2056 illum
822 1995 1035 2052 confert
1072 2011 1086 2048 :
1139 1992 1367 2063 ejusque
1404 1990 1547 2044 fat-to
1579 1985 1912 2049 collaudato,
1950 2000 2001 2063 α.

398 2095 683 2153 conservis
711 2092 827 2147 suis
868 2087 1069 2145 auxilia
1093 2084 1409 2157 pollicetur.
1442 2081 1573 2149 Quae
1599 2096 1725 2136 cum
1750 2078 1978 2145 diceret,

399 2190 579 2243 virum
614 2183 780 2256 paulo
821 2180 1040 2251 longius
1077 2192 1107 2232 a
1145 2172 1662 2239 circumstantibus,
1703 2180 1764 2225 ut
1790 2168 1980 2225 arcani

399 2274 608 2346 aliquid
636 2272 909 2331 dict-urus,
939 2268 993 2321 in
1027 2280 1155 2321 eum
1187 2261 1444 2333 Capitolii
1470 2260 1675 2325 locum,
1698 2272 1809 2330 quo
1845 2256 1981 2312 insi-

401 2368 506 2423 diae
551 2363 830 2421 collocatae
871 2366 1054 2423 erant,
1102 2354 1456 2425 perductum,
1513 2349 1842 2421 praecipitat.
1903 2346 1982 2400 lla

403 2468 598 2529 captus
630 2456 683 2509 in
718 2449 1037 2524 praetorium
1079 2445 1416 2502 abducitur:
1455 2442 1550 2497 ubi
1580 2456 1705 2496 cum
1742 2454 1831 2495 res
1855 2453 1983 2494 suas

401 2560 582 2623 gestas
621 2547 1104 2601 commemoraret.
1160 2548 1217 2592 et
1277 2534 1551 2605 Capitolio
1595 2531 1879 2602 iudicibus
1916 2545 1983 2586 ac

398 2636 781 2699 circumstanti
813 2647 1032 2688 coronas
1071 2630 1161 2699 (ex
1208 2643 1276 2682 eo
1311 2628 1461 2681 enim
1498 2625 1622 2680 loco
1673 2623 1849 2678 videri
1887 2636 1984 2691 po-

404 2740 564 2804 terat)
596 2739 841 2792 ostenso,
880 2737 941 2779 ut
978 2731 1035 2779 et
1068 2735 1274 2787 arcem,
1309 2729 1363 2774 et
1396 2733 1493 2772 eos
1524 2717 1617 2787 qui
1661 2715 1793 2769 illuc
1844 2729 1983 2768 con-

404 2832 681 2900 fugerant,
717 2825 1121 2880 conscrvasset,
1175 2816 1227 2868 in
1279 2810 1597 2866 memoriam
1655 2817 1980 2863 revocaret:

398 2899 638 2991 judiees,
672 2910 1029 2968 miseratione
1075 2906 1323 2969 adducti,
1370 2919 1498 2958 cum
1535 2915 1716 2970 neque
1762 2899 1986 2953 absolu-

406 2989 543 3073 tum,
598 3020 774 3074 neque
822 3001 1141 3055 damnatum
1192 2995 1549 3066 ampliarunt.
1586 2992 1665 3046 Eu
1718 2989 1984 3046 Camillus

405 3095 884 3171 cognito,judices
912 3093 968 3147 in
998 3090 1167 3145 alium
1200 3090 1383 3143 locum
1410 3085 1675 3151 traduxit,
1713 3084 1858 3140 unde
1880 3082 1980 3139 Ca-

2085 1902 2258 1975 ᾐρέθη
2286 1907 2314 1959 ὁ
2346 1905 2647 1976 Κάμιλλος.
2677 1906 2802 1960 Τῶν
2841 1906 2899 1960 δὲ
2922 1906 3020 1977 τῆς
3050 1905 3351 1978 γερουσίας
3403 1906 3501 1959 καὶ
3562 1904 3671 1957 τιῖιν

2083 1998 2141 2049 ὲν
2162 1996 2306 2051 τέλει
2327 2000 2384 2061 ἐς
2413 2000 2560 2068 μέγα
2584 1998 2704 2064 δέος
2736 2000 3213 2068 ἐμπεπτωκότων,
3250 1998 3344 2051 καὶ
3398 1994 3673 2065 ἀπορούν-

2086 2106 2196 2142 των
2218 2088 2270 2141 τί
2300 2088 2366 2142 ἂν
2407 2089 2703 2160 πράξαιεν,
2738 2089 2928 2155 δοῦλός
2961 2106 3045 2154 τις
3072 2090 3263 2155 αὐτοῖς
3321 2087 3668 2160 προσελθὼν,

2084 2177 2262 2241 ζῶντα
2289 2176 2380 2230 τὸν
2408 2177 2788 2234 Καπιτωλῖνον
2815 2178 2970 2250 σφίσι
2996 2178 3348 2249 παραδώσειν
3365 2177 3668 2248 ὑπέσχετο.

2089 2268 2289 2324 Λαϐὼν
2314 2267 2407 2323 οὖν
2438 2269 2686 2337 ὁπλίτας,
2714 2271 2814 2325 καὶ
2842 2270 3017 2338 τάξας
3046 2271 3246 2334 αὐτοὺς
3280 2270 3508 2340 ἀφανῶς
3565 2274 3671 2321 ἑνε-

2082 2360 2296 2431 δρεύειν
2319 2362 2425 2415 ὑπὸ
2463 2362 2523 2415 τὸ
2554 2362 2924 2430 Καπιτώλιον,
2948 2363 3024 2426 ὡς
3049 2362 3349 2431 αὐτόμολος
3374 2362 3455 2430 τῷ
3485 2363 3670 2417 Καπεο

2084 2453 2294 2525 τωλίνῳ
2320 2457 2797 2527 προσκεχωρήκει,
2838 2454 3032 2527 ἐπῄνει
3059 2471 3118 2508 τε
3169 2455 3334 2508 αὑτὸν
3386 2454 3493 2524 τῆς
3549 2455 3667 2507 ἑπι-

2084 2547 2411 2617 χειρήσεως,
2448 2549 2545 2602 καὶ
2572 2546 2831 2618 βοήθειαν
2862 2548 3019 2620 παρά
3041 2547 3152 2600 τῶν
3179 2546 3492 2618 ὁμοδούλων
3517 2546 3668 2614 αὐτῷ

2087 2638 2484 2705 ἐπηγγέλλετο.
2520 2638 2632 2691 Καὶ
2656 2638 2833 2693 ταῦτά
2862 2639 2913 2693 οί
2956 2639 3365 2710 διαλεγόμενος,
3403 2639 3665 2709 ἀπήγαγε

2086 2730 2178 2782 τὸν
2211 2731 2384 2799 ἄνδρα
2412 2731 2603 2803 πόρῤω
2632 2732 2743 2784 τῶν
2764 2732 3228 2805 περιεστηκότων,
3255 2732 3329 2795 ώς
3354 2733 3417 2804 δή
3460 2750 3516 2784 τι
3557 2750 3666 2784 κοι-

2087 2821 2480 2891 νολογούμενος
2512 2822 2659 2894 αύτῴ
2697 2823 2995 2890 ἰδιαίτατα,
3020 2826 3113 2877 καὶ
3132 2824 3318 2894 ἠρέμα
3343 2826 3665 2877 κατ’ὲκεῖνο

2086 2914 2182 2966 τοῦ
2217 2915 2572 2968 Καπιτωλίου
2603 2915 2857 2986 προσῄει,
2900 2915 3026 2970 καθ’
3061 2916 3089 2969 ὅ
3146 2917 3181 2988 ή
3214 2916 3404 2986 ἐνέδρα
3429 2916 3669 2987 ἑλεὶόχι-

2090 3021 2208 3064 στο,
2237 3007 2497 3061 κάκεῖθεν
2527 3008 2692 3060 αὐτὸν
2725 3009 2878 3061 κάτω
2905 3007 3191 3075 ἀπώσατο,
3213 3008 3271 3073 ὃς
3313 3010 3409 3063 καὶ
3439 3009 3666 3079 ληφθεὶς

2088 3100 2497 3171 ἀποκεκόμιστο
2555 3101 2693 3174 πρὸς
2728 3103 2787 3155 τὸ
2819 3101 3199 3173 δικαστήριον.
3246 3101 3304 3155 '0
3357 3101 3415 3154 δὲ
3459 3102 3563 3164 τάς
3611 3118 3665 3153 τε

406 3168 659 3265 pitolium
692 3187 938 3259 conspici
989 3171 1099 3239 non
1140 3192 1377 3254 poterat.
1420 3180 1523 3237 Ubi
1558 3180 1981 3245 condemnatus,

2090 3192 2371 3263 ἀριστείας
2404 3194 2693 3263 κατέλεγε,
2729 3194 2822 3249 καὶ
2854 3193 2915 3247 τὸ
2947 3193 3303 3248 Καπιτώλιον
3331 3195 3446 3257 τοῖς
3495 3209 3559 3246 τε
3590 3193 3666 3245 διο

404 3299 452 3345 ει
491 3289 545 3340 in
573 3282 907 3353 Capitolium
938 3276 1263 3351 perductus,
1310 3274 1382 3330 de‘
1408 3289 1543 3344 rupe
1577 3272 1811 3344 Tarpeia
1842 3288 1982 3342 prae-

405 3379 688 3448 cipitatur,
744 3372 891 3429 unde
950 3371 1137 3426 Gallos
1183 3369 1302 3438 ipse
1364 3364 1704 3437 proﬂigarat.
1770 3363 1981 3419 Deinde

408 3470 575 3526 multa
602 3467 741 3521 lii-lla
774 3465 971 3535 partim
1004 3462 1107 3533 ipsi
1151 3459 1295 3524 urbi,
1333 3459 1531 3530 partim
1560 3457 1823 3529 subjectis
1848 3456 1985 3511 civi-

409 3566 614 3620 tatibus
646 3561 796 3614 illata
820 3599 835 3620 ,
872 3556 1103 3611 Romani
1133 3564 1189 3610 et
1228 3569 1327 3624 per
1349 3552 1663 3615 Camillum,
1695 3560 1753 3607 et
1776 3568 1842 3606 eo
1868 3552 1980 3623 jam

406 3656 561 3713 senio
610 3652 820 3714 cffwto,
874 3664 973 3720 per
1008 3649 1146 3703 alios
1197 3649 1382 3703 omnia
1436 3648 1880 3718 propulsarunt:
1926 3653 1984 3701 et

406 3764 625 3807 summo
655 3749 770 3802 otio
802 3745 871 3800 ab
895 3745 1100 3799 exteris
1131 3742 1387 3797 hostibus
1437 3743 1622 3810 potiti,
1657 3740 1803 3795 inter
1858 3754 1981 3795 sese

405 3847 712 3899 certarunt.
742 3836 878 3891 Nam
907 3849 1033 3891 cum
1066 3834 1134 3889 Μ.
1164 3833 1369 3889 Fabius
1408 3831 1695 3903 patricius,
1745 3830 1980 3886 duarum

408 3933 647 3987 filiarum
674 3936 853 4000 pater,
895 3938 1028 3982 natu
1056 3926 1320 3998 majorem
1360 3923 1575 3979 Licinio
1610 3923 1845 3990 Stoloni,
1881 3922 1983 3979 bo-

408 4025 540 4081 mini
578 4024 741 4093 longe
765 4019 1047 4077 inferioris
1079 4018 1444 4083 conditionis,
1472 4017 1750 4090 juniorem
1795 4016 1982 4087 Sulpi-

409 4119 484 4173 tio
522 4114 705 4180 Rufo,
771 4113 855 4168 sui
900 4110 1006 4166 loci
1068 4110 1222 4176 viro,
1278 4108 1663 4179 despondisset
1702 4127 1716 4163 :
1757 4108 1981 4163 interim

406 4210 538 4264 dum
573 4205 750 4260 Rufus
780 4214 895 4257 tum
928 4202 1186 4256 tribunus
1229 4201 1286 4255 in
1337 4199 1457 4255 foro
1484 4208 1736 4254 versatur
1759 4238 1773 4261 ,
1822 4213 1984 4253 soror

410 4315 635 4357 uxorem
663 4301 782 4370 ejus
810 4295 1025 4349 invisit.
1048 4295 1150 4349 illo
1185 4301 1522 4356 revertente,
1549 4308 1672 4347 cum
1702 4292 1866 4348 lictor
1889 4308 1983 4347 ve-

410 4395 508 4451 teri
548 4389 785 4462 quadam
826 4385 1232 4442 consuetudine
1263 4384 1410 4439 fores
1447 4384 1714 4455 pulsaret,
1745 4384 1812 4440 ad
1854 4400 1982 4440 eum

410 4485 703 4556 strepitum
733 4479 952 4547 mulier,
998 4480 1144 4534 illius
1183 4478 1261 4533 rei
1295 4479 1539 4534 insolens
1566 4518 1580 4542 ,
1623 4479 1977 4549 expavescit:

408 4591 584 4648 eaque
610 4575 675 4630 de
703 4585 867 4629 causa
905 4569 1017 4625 risu
1046 4579 1102 4624 et
1140 4585 1171 4624 a
1199 4583 1389 4624 sorore
1435 4578 1492 4625 et
1526 4584 1557 4623 a
1579 4569 1792 4626 caneris
1834 4580 1982 4638 orto,

412 4679 471 4724 ut
502 4666 715 4739 plebeia
764 4662 1119 4727 muliercula,
1177 4662 1484 4718 deridetur.
1517 4662 1691 4729 Quam
1742 4663 1833 4719 illa
1865 4680 1982 4719 rem

411 4764 601 4832 iniquo
633 4761 817 4814 animo
845 4757 1052 4823 ferens,
1094 4756 1357 4811 maritum
1392 4756 1460 4812 ad
1487 4757 1759 4828 petendos
1807 4759 1987 4815 bono-

410 4869 499 4909 res
537 4852 726 4907 incitat
753 4868 766 4904 :
795 4851 953 4921 cujus
1006 4849 1248 4919 impulsu
1275 4847 1489 4915 Stolon,
1540 4863 1600 4903 re
1632 4864 1759 4904 cum
1789 4849 1854 4904 L.
1881 4850 1985 4906 Se-

412 4944 525 5000 xtio
551 4943 637 4998 sui
673 4942 888 4998 ordinis
943 4939 1167 4995 homine
1204 4939 1610 4996 communicata
1637 4979 1653 5005 ,
1712 4956 1811 5011 per
1874 4943 1985 4996 vim

414 5033 755 5089 tribunatum
805 5039 1042 5102 uterque
1086 5029 1490 5101 expetiverunt,
1541 5032 1770 5086 confuso
1802 5033 1987 5102 reipu-

412 5125 568 5180 blicze
590 5123 803 5187 ordine,
836 5133 897 5177 ut
925 5137 1024 5193 per
1051 5133 1230 5175 annos
1258 5130 1496 5191 quatuor
1528 5122 1677 5177 nulla
1719 5131 1867 5177 esset
1891 5137 1988 5192 po-

410 5218 521 5286 puli
559 5213 895 5279 obedientia,
947 5213 1304 5283 patriciorum
1348 5214 1589 5269 comitiis
1634 5214 1982 5284 interruptis.

410 5311 692 5378 Auetaque
733 5306 895 5361 turba
944 5306 1036 5361 illa
1064 5316 1233 5371 esset,
1266 5307 1368 5360 nisi
1419 5307 1732 5360 nuntiatum
1769 5307 1986 5370 fuisset,

410 5402 597 5458 Gallos
654 5400 838 5455 denuo
898 5401 1129 5455 Romam
1195 5402 1504 5454 invasuros.
1561 5399 1774 5455 Omissa
1820 5400 1988 5470 igitur

409 5494 556 5547 omni
591 5494 738 5547 inter
766 5507 826 5547 se
848 5492 1224 5556 contentione,
1254 5490 1597 5561 Camilloque
1618 5491 1782 5563 360
1807 5491 1987 5562 quin-

410 5594 524 5638 tutn
556 5584 824 5638 dictatore
862 5582 1047 5647 dicto,
1098 5588 1291 5637 contra
1340 5581 1525 5635 hostes
1548 5590 1677 5634 sunt
1727 5582 1983 5652 profecti.

408 5677 833 5745 Sedantvquatn
888 5675 1136 5744 praelium
1188 5673 1648 5738 committeretur,
1708 5674 1987 5743 singulare

410 5776 687 5821 terlanten
722 5780 804 5821 est
850 5768 1069 5820 initum.
1106 5764 1261 5818 Titus
1296 5763 1439 5817 enim
1483 5765 1733 5832 Manlius,
1777 5769 1858 5819 vir
1894 5785 1988 5827 pa-

2091 3283 2318 3348 κάζουσι
2350 3287 2445 3339 καὶ
2474 3288 2588 3351 τοῖς
2616 3286 2984 3359 περιεστῶσιν
3042 3285 3279 3351 ἐδείκνυ,
3316 3284 3567 3340 ἄποπτον
3608 3284 3665 3338 ὃν

2092 3377 2322 3444 ἐκεῖθεν,
2359 3378 2455 3432 καὶ
2485 3380 2584 3449 τῆς
2617 3378 2900 3451 σωτηρίας
2946 3379 3118 3433 αὑτοῦ
3175 3395 3237 3434 τε
3292 3378 3388 3432 καὶ
3437 3377 3549 3431 τῶν
3610 3380 3663 3429 ὲ)

2091 3468 2239 3541 αύτῷ
2287 3471 2785 3541 προσπεφευγότων
2832 3470 3098 3525 πολιτῶν.
3128 3472 3565 3542 ἀνεμίμνησκεν,
3590 3470 3661 3530 ὡς

2091 3562 2344 3616 ἐντεῦθεν
2383 3564 2766 3618 κατακλᾶσθαι
2801 3565 2929 3629 τοὺς
2959 3563 3246 3631 δικαστὰς,
3297 3564 3391 3616 καὶ
3442 3564 3658 3633 ὑπερτί-

2093 3653 2281 3708 θεσθαι
2312 3655 2410 3725 τὴν
2438 3654 2642 3726 ψῆφον,
2682 3654 2812 3726 μήτ’
2843 3654 3133 3723 ἀφιέντας,
3185 3655 3324 3726 μήτε
3370 3652 3663 3706 καταδικα-

2093 3744 2308 3811 ζοντας.
2337 3746 2510 3801 Τοῦτο
2535 3746 2602 3819 δὴ
2628 3749 2826 3819 νοήσας
2851 3748 2880 3800 ὁ
2915 3746 3218 3817 Κάμιλλος,
3249 3746 3332 3808 είς
3373 3746 3531 3800 ἀλλον
3577 3748 3661 3798 τό-

2094 3854 2195 3892 πον
2216 3838 2278 3891 τὸ
2302 3839 2657 3911 δικαστήριον
2684 3839 3072 3909 συνεστήσατο,
3096 3838 3216 3891 ὅθεν
3242 3838 3343 3891 οὐκ
3374 3832 3442 3911 ἦν
3469 3838 3529 3890 τὺ
3551 3838 3663 3889 Κα-

2093 3925 2347 3981 πιτώλιον
2381 3926 2649 3983 ἄποπτον·
2676 3928 2772 3980 καὶ
2798 3925 3237 3996 καταψηφισθεὶς
3266 3928 3295 3979 ὁ
3343 3925 3658 3981 Καπιτωλῐο

2092 4036 2180 4084 νος
2215 4021 2355 4085 ἐκεῖ,
2386 4019 2644 4088 ,ἀπήχθη
2671 4036 2729 4072 τε
2763 4020 2843 4081 είς
2879 4019 2939 4071 τὸ
2972 4017 3348 4085 Καπιτώλιον,
3381 4017 3478 4070 καὶ
3524 4020 3660 4069 κατὰ

2093 4112 2191 4180 τῆς
2224 4112 2430 4180 πέτρας
2453 4110 2652 4176 ὠσθεὶς
2709 4109 2989 4174 ἀπώλετο,
3053 4109 3175 4163 καθ’
3208 4104 3277 4181 ἧς
3327 4109 3530 4172 ἐκεῖνος
3574 4110 3661 4159 vix:

2094 4202 2298 4257 Κελτὸν
2326 4202 2791 4273 κατεκρήμνισεν.
2833 4197 2968 4255 Εῐτα
2999 4200 3214 4255 πολλῶν
3244 4201 3498 4272 πολέμων
3527 4202 3661 4253 κατά

2093 4309 2152 4345 τε
2180 4292 2277 4361 τῆς
2308 4292 2534 4363 Ῥώμης
2564 4292 2759 4362 αὐτῆς,
2794 4293 2891 4346 καὶ
2942 4292 3053 4345 τῶν
3092 4291 3471 4361 ὑποκειμένων
3525 4291 3658 4360 αὐτῇ

2096 4379 2308 4434 πόλεων
2337 4381 2671 4452 κινηθέντων
2692 4381 3083 4447 ἐπεξελθόντες
3136 4384 3252 4444 τοῖς
3301 4379 3571 4442 ἑναντίοις
3613 4384 3659 4434 ot

2103 4472 2391 4543 Ῥωμαῖοι,
2417 4472 2504 4527 διά
2533 4490 2593 4526 τε
2614 4473 2709 4527 τοῦ
2738 4473 3022 4545 Καμίλλου
3068 4475 3165 4529 καὶ
3199 4473 3271 4528 δι’
3325 4474 3535 4547 ἐτέρων
3563 4475 3659 4545 ήδη

2090 4565 2303 4618 ἐκείνου
2339 4566 2854 4636 ύπεργηράσαντος,
2928 4568 3057 4631 τούς
3102 4584 3162 4619 τε
3221 4568 3490 4638 πολέμους
3540 4582 3661 4619 κατ-

2089 4658 2359 4724 έπαυσαν,
2387 4659 2481 4711 καί⁸
2510 4660 2738 4731 είρήνην
2785 4660 3009 4730 βαθεῖαν
3042 4660 3200 4731 ἔσχον
3254 4661 3391 4731 πρὸς
3426 4660 3549 4724 τοὺς
3573 4661 3657 4713 ἑκ·

2089 4752 2208 4817 τος,
2240 4753 2378 4823 πρὸς
2410 4753 2675 4823 ἀλλήλους
2716 4755 2775 4807 δὲ
2803 4755 3152 4821 ἐστασίαζον.
3184 4756 3415 4827 Μάρκος
3454 4753 3564 4825 γάρ
3583 4769 3656 4813 τις

2089 4845 2289 4909 Φάϐιος
2343 4848 2701 4918 εὐπατρίδης,
2739 4846 3060 4919 θυγατέρων
3102 4847 3195 4902 δύο
3219 4849 3508 4917 τυγχάνων
3563 4864 3657 4898 πα-

2090 4938 2220 5006 τὴρ,
2260 4935 2361 5005 τὴν
2388 4936 2488 5006 μὲν
2557 4936 2940 5008 πρεσϐυτέραν
2989 4935 3247 5006 Λικιννίῳ
3280 4936 3391 4989 τινὶ
3423 4934 3652 4987 Στόλωνι

2092 5026 2473 5097 κατηγγύησε,
2505 5026 2643 5079 πολὺ
2669 5025 2835 5079 αὐτοῦ
2861 5026 3294 5099 καταδεεστέρῳ·
3325 5025 3426 5097 τήν
3453 5027 3513 5080 δὲ
3540 5042 3658 5079 νεω-

2092 5116 2256 5186 τέραν
2294 5116 2605 5189 Σουλπικίῳ
2648 5117 2869 5189 Ῥούφῳ
2894 5118 3052 5188 ἀνδρὶ⁵
3077 5118 3329 5189 ὁμοτίμῳ
3371 5117 3652 5188 συνῴκισε.

2094 5207 2531 5280 Χιλιαρχοῦντος
2565 5206 2661 5263 οὖν
2694 5209 2791 5263 τοῦ
2825 5209 3089 5280 Ῥούφου,
3116 5212 3216 5265 καὶ
3244 5210 3399 5276 δντος
3437 5214 3498 5266 ἐν
3533 5212 3654 5279 ἀγο·

2094 5299 2185 5369 ρᾷ,
2215 5303 2352 5368 πρός
2374 5302 2475 5371 τὴν
2498 5301 2739 5369 γυναῖκα
2762 5301 2930 5356 αὑτοῦ
2957 5305 2991 5373 ή
3017 5302 3225 5373 ἀδελφή
3261 5303 3437 5374 αὐτῆς
3487 5321 3654 5377 παραυ

2092 5397 2338 5462 γέγονεν.
2391 5394 2758 5465 Ἀφικομένου
2780 5395 2827 5448 δ’
2848 5395 3090 5460 ἐκείνου,
3121 5396 3221 5467 τὴν
3246 5395 3418 5467 θύραν
3466 5399 3497 5452 ὁ
3534 5397 3651 5467 ραϐ-

2090 5490 2279 5560 δοῦχος
2304 5491 2448 5545 κατά
2484 5491 2545 5542 τὸ
2570 5489 2691 5554 ἔθος
2719 5491 2949 5561 ἀρχαῖον
2970 5488 3226 5560 ἔκρουσε.
3256 5489 3564 5561 Διεπτοήθη
3600 5487 3649 5542 δὲ

2093 5581 2228 5649 πρὸς
2253 5580 2347 5633 τὸν
2378 5581 2621 5648 πάταγον
2649 5582 2682 5650 ἠ
2708 5579 2847 5650 γυνὴ
2863 5577 3018 5632 οὕπω
3045 5578 3236 5632 τούτου
3261 5579 3645 5651 πεπειραμένη.

2096 5674 2204 5724 Καὶ
2240 5673 2412 5741 γέλως
2435 5674 2531 5726 ἐπὶ
2562 5674 2738 5741 τούτῳ
2773 5674 2867 5726 καὶ⁵
2894 5674 3044 5742 παρὰ
3073 5671 3173 5741 τῆς
3188 5671 3423 5741 ἀδελφῆς
3438 5674 3531 5725 καὶ
3553 5670 3647 5722 τών

2093 5764 2375 5834 παρόντων
2409 5765 2646 5833 ἐγένετο,
2686 5767 2777 5817 καὶ
2811 5764 2889 5832 ὡς
2933 5764 3134 5827 ἰδιῶτις
3167 5762 3446 5830 ἐσκώφθη.
3500 5764 3572 5827 Τῇ
3597 5761 3645 5812 δὲ
