  <div class='ocr_page' id='page_1' title='image "/cluster/home/n/w/nwhite01/storage/ocr_20150623/134/hvd.32044019208289/330.png"; bbox 0 0 3862 6598; ppageno 0'>
   <div class='ocr_carea' id='block_1_1' title="bbox 187 386 281 448">
    <p class='ocr_par' dir='ltr' id='par_1_1' title="bbox 187 386 281 448">
     <span class='ocr_line' id='line_1_1' title="bbox 187 386 281 448; baseline -0.011 -1"><span class='ocrx_word' id='word_1_1' title='bbox 187 386 281 448; x_wconf 67' lang='lat' dir='ltr'><strong>Gl!)</strong></span> 
     </span>
    </p>
   </div>
   <div class='ocr_carea' id='block_1_2' title="bbox 1373 382 2175 448">
    <p class='ocr_par' dir='ltr' id='par_1_2' title="bbox 1373 382 2175 448">
     <span class='ocr_line' id='line_1_2' title="bbox 1373 382 2175 448; baseline 0.002 -6"><span class='ocrx_word' id='word_1_2' title='bbox 1373 384 1780 446; x_wconf 71' lang='lat' dir='ltr'><strong>ANNALIUM</strong></span> <span class='ocrx_word' id='word_1_3' title='bbox 1819 386 1966 448; x_wconf 82' lang='lat' dir='ltr'><strong>LIB.</strong></span> <span class='ocrx_word' id='word_1_4' title='bbox 2010 383 2121 446; x_wconf 91' lang='lat' dir='ltr'><strong>VII</strong></span> <span class='ocrx_word' id='word_1_5' title='bbox 2132 382 2175 444; x_wconf 78' lang='grc' dir='ltr'><em>ί.</em></span> 
     </span>
    </p>
   </div>
   <div class='ocr_carea' id='block_1_3' title="bbox 1935 302 1954 333">
    <p class='ocr_par' dir='ltr' id='par_1_3' title="bbox 1935 302 1954 333">
     <span class='ocr_line' id='line_1_3' title="bbox 1935 302 1954 333; baseline 0 0"><span class='ocrx_word' id='word_1_6' title='bbox 1935 302 1954 333; x_wconf 92' lang='lat'>\</span> 
     </span>
    </p>
   </div>
   <div class='ocr_carea' id='block_1_4' title="bbox 3308 390 3417 454">
    <p class='ocr_par' dir='ltr' id='par_1_4' title="bbox 3308 390 3417 454">
     <span class='ocr_line' id='line_1_4' title="bbox 3308 390 3417 454; baseline 0.009 -1"><span class='ocrx_word' id='word_1_7' title='bbox 3308 390 3417 454; x_wconf 72' lang='grc'><strong>646</strong></span> 
     </span>
    </p>
   </div>
   <div class='ocr_carea' id='block_1_5' title="bbox 186 481 1737 566">
    <p class='ocr_par' dir='ltr' id='par_1_5' title="bbox 186 481 1733 562">
     <span class='ocr_line' id='line_1_5' title="bbox 186 481 1733 562; baseline 0.005 -21"><span class='ocrx_word' id='word_1_8' title='bbox 186 499 236 547; x_wconf 67' lang='grc' dir='ltr'><em>τὸ</em></span> <span class='ocrx_word' id='word_1_9' title='bbox 280 492 552 562; x_wconf 83' lang='grc' dir='ltr'><em>συνέδριον,</em></span> <span class='ocrx_word' id='word_1_10' title='bbox 596 491 692 543; x_wconf 72' lang='grc' dir='ltr'><em>καὶ</em></span> <span class='ocrx_word' id='word_1_11' title='bbox 753 481 930 553; x_wconf 57' lang='grc' dir='ltr'><em>εἶπεν,</em></span> <span class='ocrx_word' id='word_1_12' title='bbox 972 490 1047 555; x_wconf 83' lang='grc' dir='ltr'><em>ὼς</em></span> <span class='ocrx_word' id='word_1_13' title='bbox 1098 490 1329 560; x_wconf 76' lang='grc' dir='ltr'><em>Πὺρῤος</em></span> <span class='ocrx_word' id='word_1_14' title='bbox 1373 493 1733 559; x_wconf 75' lang='grc' dir='ltr'><em>όβασιλεὺς</em></span> 
     </span>
    </p>
   </div>
   <div class='ocr_carea' id='block_1_6' title="bbox 1841 481 3418 566">
    <p class='ocr_par' dir='ltr' id='par_1_6' title="bbox 1841 491 3418 566">
     <span class='ocr_line' id='line_1_6' title="bbox 1841 491 3418 566; baseline 0.003 -17"><span class='ocrx_word' id='word_1_15' title='bbox 1841 492 2031 549; x_wconf 82' lang='lat' dir='ltr'><strong>cienda</strong></span> <span class='ocrx_word' id='word_1_16' title='bbox 2058 492 2210 548; x_wconf 83' lang='lat' dir='ltr'><strong>vicit.</strong></span> <span class='ocrx_word' id='word_1_17' title='bbox 2250 491 2368 560; x_wconf 84' lang='lat' dir='ltr'><strong>Quo</strong></span> <span class='ocrx_word' id='word_1_18' title='bbox 2404 494 2613 564; x_wconf 77' lang='lat' dir='ltr'><strong>Appius</strong></span> <span class='ocrx_word' id='word_1_19' title='bbox 2635 508 2813 549; x_wconf 83' lang='lat' dir='ltr'><strong>caecus</strong></span> <span class='ocrx_word' id='word_1_20' title='bbox 2852 494 3092 566; x_wconf 75' lang='lat' dir='ltr'><strong>cognito,</strong></span> <span class='ocrx_word' id='word_1_21' title='bbox 3150 495 3204 551; x_wconf 89' lang='lat' dir='ltr'><strong>in</strong></span> <span class='ocrx_word' id='word_1_22' title='bbox 3254 512 3418 553; x_wconf 88' lang='lat' dir='ltr'><strong>sena-</strong></span> 
     </span>
    </p>
   </div>
   <div class='ocr_carea' id='block_1_7' title="bbox 187 581 1728 655">
    <p class='ocr_par' dir='ltr' id='par_1_7' title="bbox 187 581 1728 655">
     <span class='ocr_line' id='line_1_7' title="bbox 187 581 1728 655; baseline 0 -15"><span class='ocrx_word' id='word_1_23' title='bbox 187 584 553 652; x_wconf 54' lang='grc' dir='ltr'><em>ἀπολογεῖται,</em></span> <span class='ocrx_word' id='word_1_24' title='bbox 595 582 685 635; x_wconf 83' lang='grc' dir='ltr'><em>ὅτι</em></span> <span class='ocrx_word' id='word_1_25' title='bbox 734 586 848 652; x_wconf 84' lang='grc' dir='ltr'><strong>οὺχ</strong></span> <span class='ocrx_word' id='word_1_26' title='bbox 876 585 953 649; x_wconf 87' lang='grc' dir='ltr'><em>ὠς</em></span> <span class='ocrx_word' id='word_1_27' title='bbox 996 583 1363 653; x_wconf 70' lang='grc' dir='ltr'><strong>πολεμήσων</strong></span> <span class='ocrx_word' id='word_1_28' title='bbox 1388 586 1533 654; x_wconf 84' lang='grc' dir='ltr'><em>ὑμῖν</em></span> <span class='ocrx_word' id='word_1_29' title='bbox 1558 581 1728 655; x_wconf 83' lang='grc' dir='ltr'><em>ἧκεν,</em></span> 
     </span>
    </p>
   </div>
   <div class='ocr_carea' id='block_1_8' title="bbox 185 673 1732 744">
    <p class='ocr_par' dir='ltr' id='par_1_8' title="bbox 185 673 1732 744">
     <span class='ocr_line' id='line_1_8' title="bbox 185 673 1732 744; baseline -0.001 -12"><span class='ocrx_word' id='word_1_30' title='bbox 185 678 303 732; x_wconf 69' lang='grc' dir='ltr'><strong>ἀλλ’</strong></span> <span class='ocrx_word' id='word_1_31' title='bbox 325 676 400 740; x_wconf 87' lang='grc' dir='ltr'><em>ὡς</em></span> <span class='ocrx_word' id='word_1_32' title='bbox 420 673 816 739; x_wconf 77' lang='grc' dir='ltr'><em>καταλλὰξων</em></span> <span class='ocrx_word' id='word_1_33' title='bbox 854 677 1255 744; x_wconf 78' lang='grc' dir='ltr'><strong>Ταραντίνους</strong></span> <span class='ocrx_word' id='word_1_34' title='bbox 1283 677 1474 731; x_wconf 82' lang='grc' dir='ltr'><em>αὐτὸν</em></span> <span class='ocrx_word' id='word_1_35' title='bbox 1503 677 1732 732; x_wconf 64' lang='lat' dir='ltr'><strong>Ineter}-</strong></span> 
     </span>
    </p>
   </div>
   <div class='ocr_carea' id='block_1_9' title="bbox 186 767 1735 839">
    <p class='ocr_par' dir='ltr' id='par_1_9' title="bbox 186 767 1735 839">
     <span class='ocr_line' id='line_1_9' title="bbox 186 767 1735 839; baseline -0.001 -16"><span class='ocrx_word' id='word_1_36' title='bbox 186 783 373 833; x_wconf 75' lang='grc' dir='ltr'><em>ονταςο</em></span> <span class='ocrx_word' id='word_1_37' title='bbox 413 767 619 836; x_wconf 76' lang='grc' dir='ltr'><em>ἀμέλει</em></span> <span class='ocrx_word' id='word_1_38' title='bbox 655 768 753 821; x_wconf 79' lang='grc' dir='ltr'><em>καὶ</em></span> <span class='ocrx_word' id='word_1_39' title='bbox 793 768 936 834; x_wconf 87' lang='grc' dir='ltr'><em>τοὺς</em></span> <span class='ocrx_word' id='word_1_40' title='bbox 980 769 1243 835; x_wconf 72' lang='grc' dir='ltr'><em>ἁλόντας</em></span> <span class='ocrx_word' id='word_1_41' title='bbox 1276 769 1445 837; x_wconf 80' lang='grc' dir='ltr'><em>ὑμῶν</em></span> <span class='ocrx_word' id='word_1_42' title='bbox 1499 769 1735 839; x_wconf 73' lang='grc' dir='ltr'><em>λύτρων</em></span> 
     </span>
    </p>
   </div>
   <div class='ocr_carea' id='block_1_10' title="bbox 186 860 1735 934">
    <p class='ocr_par' dir='ltr' id='par_1_10' title="bbox 186 860 1735 934">
     <span class='ocr_line' id='line_1_10' title="bbox 186 860 1735 934; baseline -0.004 -14"><span class='ocrx_word' id='word_1_43' title='bbox 186 864 391 934; x_wconf 57' lang='grc' dir='ltr'><em>ἀφῆκεν</em></span> <span class='ocrx_word' id='word_1_44' title='bbox 417 861 551 930; x_wconf 78' lang='grc' dir='ltr'><em>ἄτερ</em></span> <span class='ocrx_word' id='word_1_45' title='bbox 581 875 598 893; x_wconf 78' lang='grc' dir='ltr'>ο</span> <span class='ocrx_word' id='word_1_46' title='bbox 637 860 734 916; x_wconf 82' lang='grc' dir='ltr'><em>καὶ</em></span> <span class='ocrx_word' id='word_1_47' title='bbox 774 860 1115 929; x_wconf 82' lang='grc' dir='ltr'><em>δυνάμενος</em></span> <span class='ocrx_word' id='word_1_48' title='bbox 1145 860 1455 929; x_wconf 80' lang='grc' dir='ltr'><strong>πορθῆσαι</strong></span> <span class='ocrx_word' id='word_1_49' title='bbox 1484 861 1599 929; x_wconf 80' lang='grc' dir='ltr'><em>τὴν</em></span> <span class='ocrx_word' id='word_1_50' title='bbox 1622 860 1735 932; x_wconf 85' lang='grc' dir='ltr'><strong>χὼ-</strong></span> 
     </span>
    </p>
   </div>
   <div class='ocr_carea' id='block_1_11' title="bbox 184 951 1736 1023">
    <p class='ocr_par' dir='ltr' id='par_1_11' title="bbox 184 951 1736 1023">
     <span class='ocr_line' id='line_1_11' title="bbox 184 951 1736 1023; baseline 0 -14"><span class='ocrx_word' id='word_1_51' title='bbox 184 973 296 1023; x_wconf 77' lang='grc' dir='ltr'><em>ραν,</em></span> <span class='ocrx_word' id='word_1_52' title='bbox 320 952 407 1005; x_wconf 80' lang='grc' dir='ltr'><em>καὶ</em></span> <span class='ocrx_word' id='word_1_53' title='bbox 437 951 512 1020; x_wconf 78' lang='grc' dir='ltr'><strong>τῇ</strong></span> <span class='ocrx_word' id='word_1_54' title='bbox 546 951 723 1007; x_wconf 71' lang='grc' dir='ltr'><em>πόλει</em></span> <span class='ocrx_word' id='word_1_55' title='bbox 749 952 1146 1021; x_wconf 70' lang='grc' dir='ltr'><em>προσϐαλεῖν,</em></span> <span class='ocrx_word' id='word_1_56' title='bbox 1175 951 1333 1017; x_wconf 79' lang='grc' dir='ltr'><em>ἀξιοῖ</em></span> <span class='ocrx_word' id='word_1_57' title='bbox 1363 951 1484 1019; x_wconf 78' lang='grc' dir='ltr'><em>τοῖς</em></span> <span class='ocrx_word' id='word_1_58' title='bbox 1533 952 1736 1022; x_wconf 69' lang='grc' dir='ltr'><em>φίλοις</em></span> 
     </span>
    </p>
   </div>
   <div class='ocr_carea' id='block_1_12' title="bbox 185 1042 1738 1115">
    <p class='ocr_par' dir='ltr' id='par_1_12' title="bbox 185 1042 1738 1115">
     <span class='ocr_line' id='line_1_12' title="bbox 185 1042 1738 1115; baseline -0.001 -15"><span class='ocrx_word' id='word_1_59' title='bbox 185 1045 396 1109; x_wconf 74' lang='grc' dir='ltr'><em>καὶτοῖς</em></span> <span class='ocrx_word' id='word_1_60' title='bbox 425 1043 764 1113; x_wconf 80' lang='grc' dir='ltr'><strong>συμμάχοις</strong></span> <span class='ocrx_word' id='word_1_61' title='bbox 794 1044 962 1114; x_wconf 85' lang='grc' dir='ltr'><em>ὑμῶν</em></span> <span class='ocrx_word' id='word_1_62' title='bbox 982 1043 1373 1115; x_wconf 71' lang='grc' dir='ltr'><em>ἐγγραφῆναι,</em></span> <span class='ocrx_word' id='word_1_63' title='bbox 1396 1042 1598 1098; x_wconf 74' lang='grc' dir='ltr'><em>πολλὰ</em></span> <span class='ocrx_word' id='word_1_64' title='bbox 1619 1044 1738 1114; x_wconf 82' lang='grc' dir='ltr'><em>μὲν</em></span> 
     </span>
    </p>
   </div>
   <div class='ocr_carea' id='block_1_13' title="bbox 182 1134 1735 1206">
    <p class='ocr_par' dir='ltr' id='par_1_13' title="bbox 182 1134 1735 1206">
     <span class='ocr_line' id='line_1_13' title="bbox 182 1134 1735 1206; baseline -0.001 -16"><span class='ocrx_word' id='word_1_65' title='bbox 182 1136 572 1206; x_wconf 64' lang='grc' dir='ltr'><em>ὠφελήσεσθαι</em></span> <span class='ocrx_word' id='word_1_66' title='bbox 602 1136 706 1205; x_wconf 71' lang='grc' dir='ltr'><strong>ἀφ’</strong></span> <span class='ocrx_word' id='word_1_67' title='bbox 737 1134 905 1206; x_wconf 80' lang='grc' dir='ltr'><em>ὑμῶν</em></span> <span class='ocrx_word' id='word_1_68' title='bbox 932 1135 1209 1200; x_wconf 75' lang='grc' dir='ltr'><em>ἐλπίζων,</em></span> <span class='ocrx_word' id='word_1_69' title='bbox 1237 1136 1426 1190; x_wconf 74' lang='grc' dir='ltr'><em>πλείω</em></span> <span class='ocrx_word' id='word_1_70' title='bbox 1452 1137 1504 1189; x_wconf 76' lang='grc' dir='ltr'><em>δ’</em></span> <span class='ocrx_word' id='word_1_71' title='bbox 1526 1135 1614 1190; x_wconf 81' lang='grc' dir='ltr'><strong>ἔτι</strong></span> <span class='ocrx_word' id='word_1_72' title='bbox 1636 1134 1735 1191; x_wconf 79' lang='grc' dir='ltr'><em>καὶ</em></span> 
     </span>
    </p>
   </div>
   <div class='ocr_carea' id='block_1_14' title="bbox 179 1227 1738 1300">
    <p class='ocr_par' dir='ltr' id='par_1_14' title="bbox 179 1227 1738 1300">
     <span class='ocr_line' id='line_1_14' title="bbox 179 1227 1738 1300; baseline -0.001 -17"><span class='ocrx_word' id='word_1_73' title='bbox 179 1229 325 1300; x_wconf 68' lang='grc' dir='ltr'><em>μείζω</em></span> <span class='ocrx_word' id='word_1_74' title='bbox 344 1227 763 1298; x_wconf 77' lang='grc' dir='ltr'><strong>εὐεργετήσειν</strong></span> <span class='ocrx_word' id='word_1_75' title='bbox 793 1228 974 1299; x_wconf 84' lang='grc' dir='ltr'><em>ὑμᾶς.</em></span> <span class='ocrx_word' id='word_1_76' title='bbox 1051 1228 1176 1283; x_wconf 77' lang='grc' dir='ltr'><strong>Ἐπὶ</strong></span> <span class='ocrx_word' id='word_1_77' title='bbox 1205 1228 1414 1292; x_wconf 81' lang='grc' dir='ltr'><strong>τούτοις</strong></span> <span class='ocrx_word' id='word_1_78' title='bbox 1439 1229 1490 1281; x_wconf 85' lang='lat' dir='ltr'><strong>ol</strong></span> <span class='ocrx_word' id='word_1_79' title='bbox 1519 1227 1738 1292; x_wconf 81' lang='grc' dir='ltr'><em>πλειους</em></span> 
     </span>
    </p>
   </div>
   <div class='ocr_carea' id='block_1_15' title="bbox 182 1320 1736 1393">
    <p class='ocr_par' dir='ltr' id='par_1_15' title="bbox 182 1320 1736 1393">
     <span class='ocr_line' id='line_1_15' title="bbox 182 1320 1736 1393; baseline 0.001 -19"><span class='ocrx_word' id='word_1_80' title='bbox 182 1321 272 1374; x_wconf 81' lang='grc' dir='ltr'><em>τῶν</em></span> <span class='ocrx_word' id='word_1_81' title='bbox 293 1320 592 1391; x_wconf 75' lang='grc' dir='ltr'><strong>βουλευτῶν</strong></span> <span class='ocrx_word' id='word_1_82' title='bbox 620 1321 922 1393; x_wconf 78' lang='grc' dir='ltr'><em>ἠρέσκοντο</em></span> <span class='ocrx_word' id='word_1_83' title='bbox 948 1320 1037 1375; x_wconf 80' lang='grc' dir='ltr'><em>διὰ</em></span> <span class='ocrx_word' id='word_1_84' title='bbox 1068 1323 1135 1376; x_wconf 80' lang='grc' dir='ltr'><em>τὰ</em></span> <span class='ocrx_word' id='word_1_85' title='bbox 1163 1321 1334 1393; x_wconf 84' lang='grc' dir='ltr'><em>δῶρα,</em></span> <span class='ocrx_word' id='word_1_86' title='bbox 1359 1320 1457 1374; x_wconf 69' lang='grc' dir='ltr'><em>καὶ</em></span> <span class='ocrx_word' id='word_1_87' title='bbox 1489 1321 1578 1375; x_wconf 71' lang='grc' dir='ltr'><strong>διὰ</strong></span> <span class='ocrx_word' id='word_1_88' title='bbox 1609 1322 1736 1385; x_wconf 82' lang='grc' dir='ltr'><em>τοὺς</em></span> 
     </span>
    </p>
   </div>
   <div class='ocr_carea' id='block_1_16' title="bbox 181 1411 1737 1486">
    <p class='ocr_par' dir='ltr' id='par_1_16' title="bbox 181 1411 1737 1486">
     <span class='ocr_line' id='line_1_16' title="bbox 181 1411 1737 1486; baseline 0.003 -22"><span class='ocrx_word' id='word_1_89' title='bbox 181 1411 552 1482; x_wconf 76' lang='grc' dir='ltr'><em>αἰχμαλώτους,</em></span> <span class='ocrx_word' id='word_1_90' title='bbox 586 1413 647 1466; x_wconf 84' lang='grc' dir='ltr'>οὐ</span> <span class='ocrx_word' id='word_1_91' title='bbox 670 1414 856 1483; x_wconf 82' lang='grc' dir='ltr'><em>μέντοι</em></span> <span class='ocrx_word' id='word_1_92' title='bbox 876 1414 970 1468; x_wconf 72' lang='grc' dir='ltr'><em>καὶ</em></span> <span class='ocrx_word' id='word_1_93' title='bbox 995 1414 1363 1486; x_wconf 81' lang='grc' dir='ltr'><em>ἀπεκρίναντο</em></span> <span class='ocrx_word' id='word_1_94' title='bbox 1388 1431 1403 1445; x_wconf 74' lang='grc' dir='ltr'><em>ο</em></span> <span class='ocrx_word' id='word_1_95' title='bbox 1433 1413 1549 1468; x_wconf 79' lang='grc' dir='ltr'><strong>ἀλλ’</strong></span> <span class='ocrx_word' id='word_1_96' title='bbox 1578 1415 1737 1468; x_wconf 75' lang='grc' dir='ltr'><em>ἐσκό-</em></span> 
     </span>
    </p>
   </div>
   <div class='ocr_carea' id='block_1_17' title="bbox 182 1504 1737 1579">
    <p class='ocr_par' dir='ltr' id='par_1_17' title="bbox 182 1504 1737 1579">
     <span class='ocr_line' id='line_1_17' title="bbox 182 1504 1737 1579; baseline 0.003 -22"><span class='ocrx_word' id='word_1_97' title='bbox 182 1522 293 1557; x_wconf 79' lang='grc' dir='ltr'><em>πουν</em></span> <span class='ocrx_word' id='word_1_98' title='bbox 310 1504 385 1557; x_wconf 77' lang='grc' dir='ltr'><em>ἔτι</em></span> <span class='ocrx_word' id='word_1_99' title='bbox 413 1504 637 1570; x_wconf 80' lang='grc' dir='ltr'><em>πλείους</em></span> <span class='ocrx_word' id='word_1_100' title='bbox 666 1505 883 1578; x_wconf 77' lang='grc' dir='ltr'><em>ἡμέρας</em></span> <span class='ocrx_word' id='word_1_101' title='bbox 912 1507 940 1560; x_wconf 84' lang='grc' dir='ltr'>ὅ</span> <span class='ocrx_word' id='word_1_102' title='bbox 965 1523 1016 1560; x_wconf 89' lang='grc' dir='ltr'><em>τι</em></span> <span class='ocrx_word' id='word_1_103' title='bbox 1044 1504 1152 1579; x_wconf 82' lang='grc' dir='ltr'><strong>χρὴ</strong></span> <span class='ocrx_word' id='word_1_104' title='bbox 1175 1507 1380 1578; x_wconf 80' lang='grc' dir='ltr'><em>πρᾶξαι</em></span> <span class='ocrx_word' id='word_1_105' title='bbox 1402 1523 1416 1539; x_wconf 87' lang='grc'><strong>·</strong></span> <span class='ocrx_word' id='word_1_106' title='bbox 1447 1507 1541 1561; x_wconf 76' lang='grc' dir='ltr'><em>καὶ</em></span> <span class='ocrx_word' id='word_1_107' title='bbox 1566 1506 1737 1561; x_wconf 78' lang='grc' dir='ltr'><em>πολλὰ</em></span> 
     </span>
    </p>
   </div>
   <div class='ocr_carea' id='block_1_18' title="bbox 183 1595 1735 1668">
    <p class='ocr_par' dir='ltr' id='par_1_18' title="bbox 183 1595 1735 1668">
     <span class='ocr_line' id='line_1_18' title="bbox 183 1595 1735 1668; baseline 0 -20"><span class='ocrx_word' id='word_1_108' title='bbox 183 1596 263 1665; x_wconf 81' lang='grc' dir='ltr'><strong>μὲν</strong></span> <span class='ocrx_word' id='word_1_109' title='bbox 284 1595 515 1663; x_wconf 70' lang='grc' dir='ltr'><em>ὲὶέγετο,</em></span> <span class='ocrx_word' id='word_1_110' title='bbox 547 1596 841 1668; x_wconf 78' lang='grc' dir='ltr'><strong>ἐπεκράτει</strong></span> <span class='ocrx_word' id='word_1_111' title='bbox 872 1597 920 1650; x_wconf 85' lang='grc' dir='ltr'><em>δ’</em></span> <span class='ocrx_word' id='word_1_112' title='bbox 947 1597 1098 1667; x_wconf 86' lang='grc' dir='ltr'><em>ὅμως</em></span> <span class='ocrx_word' id='word_1_113' title='bbox 1132 1596 1480 1652; x_wconf 81' lang='grc' dir='ltr'><em>σπείσασθαι.</em></span> <span class='ocrx_word' id='word_1_114' title='bbox 1525 1595 1735 1650; x_wconf 82' lang='grc' dir='ltr'><strong>Μαθὼν</strong></span> 
     </span>
    </p>
   </div>
   <div class='ocr_carea' id='block_1_19' title="bbox 180 1688 1735 1760">
    <p class='ocr_par' dir='ltr' id='par_1_19' title="bbox 180 1688 1735 1760">
     <span class='ocr_line' id='line_1_19' title="bbox 180 1688 1735 1760; baseline 0.001 -19"><span class='ocrx_word' id='word_1_115' title='bbox 180 1689 224 1741; x_wconf 72' lang='grc' dir='ltr'><em>δὲ</em></span> <span class='ocrx_word' id='word_1_116' title='bbox 248 1688 391 1740; x_wconf 81' lang='grc' dir='ltr'><em>τοῦτο</em></span> <span class='ocrx_word' id='word_1_117' title='bbox 427 1690 677 1752; x_wconf 75' lang='grc' dir='ltr'><em>’Ἄππιος</em></span> <span class='ocrx_word' id='word_1_118' title='bbox 701 1689 730 1741; x_wconf 84' lang='grc' dir='ltr'><strong>ὁ</strong></span> <span class='ocrx_word' id='word_1_119' title='bbox 751 1689 975 1759; x_wconf 78' lang='grc' dir='ltr'><em>τυφλὸς,</em></span> <span class='ocrx_word' id='word_1_120' title='bbox 1005 1689 1274 1760; x_wconf 75' lang='grc' dir='ltr'><strong>ἐκομίσθη</strong></span> <span class='ocrx_word' id='word_1_121' title='bbox 1298 1689 1389 1743; x_wconf 75' lang='grc' dir='ltr'><strong>ἐπὶ</strong></span> <span class='ocrx_word' id='word_1_122' title='bbox 1425 1689 1486 1742; x_wconf 81' lang='grc' dir='ltr'><em>τὸ</em></span> <span class='ocrx_word' id='word_1_123' title='bbox 1507 1688 1735 1759; x_wconf 80' lang='grc' dir='ltr'><em>βουλευ-</em></span> 
     </span>
    </p>
   </div>
   <div class='ocr_carea' id='block_1_20' title="bbox 180 1775 1734 1851">
    <p class='ocr_par' dir='ltr' id='par_1_20' title="bbox 180 1775 1734 1851">
     <span class='ocr_line' id='line_1_20' title="bbox 180 1775 1734 1851; baseline 0.002 -22"><span class='ocrx_word' id='word_1_124' title='bbox 180 1778 339 1848; x_wconf 70' lang='grc' dir='ltr'><em>τήριον</em></span> <span class='ocrx_word' id='word_1_125' title='bbox 366 1775 514 1849; x_wconf 83' lang='grc' dir='ltr'><strong>(ὑπὸ</strong></span> <span class='ocrx_word' id='word_1_126' title='bbox 548 1778 656 1851; x_wconf 80' lang='grc' dir='ltr'><em>γὰρ</em></span> <span class='ocrx_word' id='word_1_127' title='bbox 686 1777 779 1831; x_wconf 75' lang='grc' dir='ltr'><em>τοῦ</em></span> <span class='ocrx_word' id='word_1_128' title='bbox 808 1780 1016 1849; x_wconf 82' lang='grc' dir='ltr'><em>γήρους</em></span> <span class='ocrx_word' id='word_1_129' title='bbox 1063 1779 1155 1831; x_wconf 76' lang='grc' dir='ltr'><em>καὶ</em></span> <span class='ocrx_word' id='word_1_130' title='bbox 1183 1775 1277 1832; x_wconf 77' lang='grc' dir='ltr'><strong>τοῦ</strong></span> <span class='ocrx_word' id='word_1_131' title='bbox 1312 1778 1518 1842; x_wconf 74' lang='grc' dir='ltr'><em>πάθους</em></span> <span class='ocrx_word' id='word_1_132' title='bbox 1551 1781 1734 1832; x_wconf 79' lang='grc' dir='ltr'><em>οἰκου-</em></span> 
     </span>
    </p>
   </div>
   <div class='ocr_carea' id='block_1_21' title="bbox 1839 585 3422 654">
    <p class='ocr_par' dir='ltr' id='par_1_21' title="bbox 1839 585 3422 654">
     <span class='ocr_line' id='line_1_21' title="bbox 1839 585 3422 654; baseline 0.002 -14"><span class='ocrx_word' id='word_1_133' title='bbox 1839 594 1954 641; x_wconf 88' lang='lat' dir='ltr'><strong>tum</strong></span> <span class='ocrx_word' id='word_1_134' title='bbox 1989 585 2227 652; x_wconf 87' lang='lat' dir='ltr'><strong>delatus,</strong></span> <span class='ocrx_word' id='word_1_135' title='bbox 2275 587 2425 654; x_wconf 88' lang='lat' dir='ltr'><strong>(nam</strong></span> <span class='ocrx_word' id='word_1_136' title='bbox 2475 586 2546 640; x_wconf 91' lang='lat' dir='ltr'><strong>ob</strong></span> <span class='ocrx_word' id='word_1_137' title='bbox 2599 595 2815 642; x_wconf 86' lang='lat' dir='ltr'><strong>aetatem</strong></span> <span class='ocrx_word' id='word_1_138' title='bbox 2880 596 2937 642; x_wconf 93' lang='lat' dir='ltr'><strong>et</strong></span> <span class='ocrx_word' id='word_1_139' title='bbox 3008 587 3220 643; x_wconf 84' lang='lat' dir='ltr'><strong>cladem</strong></span> <span class='ocrx_word' id='word_1_140' title='bbox 3285 604 3422 643; x_wconf 85' lang='lat' dir='ltr'><strong>ocu-</strong></span> 
     </span>
    </p>
   </div>
   <div class='ocr_carea' id='block_1_22' title="bbox 1834 678 3419 750">
    <p class='ocr_par' dir='ltr' id='par_1_22' title="bbox 1834 678 3419 750">
     <span class='ocr_line' id='line_1_22' title="bbox 1834 678 3419 750; baseline 0 -15"><span class='ocrx_word' id='word_1_141' title='bbox 1834 681 2015 735; x_wconf 90' lang='lat' dir='ltr'><strong>lorum</strong></span> <span class='ocrx_word' id='word_1_142' title='bbox 2073 678 2219 733; x_wconf 89' lang='lat' dir='ltr'><strong>domi</strong></span> <span class='ocrx_word' id='word_1_143' title='bbox 2282 694 2341 733; x_wconf 85' lang='lat' dir='ltr'><strong>se</strong></span> <span class='ocrx_word' id='word_1_144' title='bbox 2391 678 2678 735; x_wconf 89' lang='lat' dir='ltr'><strong>continere</strong></span> <span class='ocrx_word' id='word_1_145' title='bbox 2724 679 2957 748; x_wconf 87' lang='lat' dir='ltr'><strong>solebat)</strong></span> <span class='ocrx_word' id='word_1_146' title='bbox 2998 681 3279 750; x_wconf 82' lang='lat' dir='ltr'><strong>negavite</strong></span> <span class='ocrx_word' id='word_1_147' title='bbox 3330 696 3419 735; x_wconf 89' lang='lat' dir='ltr'><strong>rc-</strong></span> 
     </span>
    </p>
   </div>
   <div class='ocr_carea' id='block_1_23' title="bbox 1834 770 3425 843">
    <p class='ocr_par' dir='ltr' id='par_1_23' title="bbox 1834 770 3425 843">
     <span class='ocr_line' id='line_1_23' title="bbox 1834 770 3425 843; baseline 0 -18"><span class='ocrx_word' id='word_1_148' title='bbox 1834 771 2058 843; x_wconf 85' lang='lat' dir='ltr'><strong>publica</strong></span> <span class='ocrx_word' id='word_1_149' title='bbox 2085 784 2213 825; x_wconf 87' lang='lat' dir='ltr'><strong>esse</strong></span> <span class='ocrx_word' id='word_1_150' title='bbox 2246 779 2304 825; x_wconf 93' lang='lat' dir='ltr'><strong>ut</strong></span> <span class='ocrx_word' id='word_1_151' title='bbox 2354 786 2460 841; x_wconf 79' lang='lat' dir='ltr'><strong>pax</strong></span> <span class='ocrx_word' id='word_1_152' title='bbox 2510 785 2633 825; x_wconf 87' lang='lat' dir='ltr'><strong>cum</strong></span> <span class='ocrx_word' id='word_1_153' title='bbox 2660 771 2871 843; x_wconf 85' lang='lat' dir='ltr'><strong>Pyrrho</strong></span> <span class='ocrx_word' id='word_1_154' title='bbox 2902 770 3078 834; x_wconf 84' lang='lat' dir='ltr'><strong>ﬁeret,</strong></span> <span class='ocrx_word' id='word_1_155' title='bbox 3125 779 3183 825; x_wconf 91' lang='lat' dir='ltr'><strong>et</strong></span> <span class='ocrx_word' id='word_1_156' title='bbox 3211 772 3425 826; x_wconf 77' lang='lat' dir='ltr'><strong>monuit</strong></span> 
     </span>
    </p>
   </div>
   <div class='ocr_carea' id='block_1_24' title="bbox 1835 862 3423 934">
    <p class='ocr_par' dir='ltr' id='par_1_24' title="bbox 1835 862 3423 934">
     <span class='ocr_line' id='line_1_24' title="bbox 1835 862 3423 934; baseline 0 -17"><span class='ocrx_word' id='word_1_157' title='bbox 1835 862 2070 934; x_wconf 87' lang='lat' dir='ltr'><strong>Cyneam</strong></span> <span class='ocrx_word' id='word_1_158' title='bbox 2116 862 2302 918; x_wconf 84' lang='lat' dir='ltr'><strong>statim</strong></span> <span class='ocrx_word' id='word_1_159' title='bbox 2346 862 2482 916; x_wconf 83' lang='lat' dir='ltr'><strong>urbe</strong></span> <span class='ocrx_word' id='word_1_160' title='bbox 2516 862 2831 932; x_wconf 84' lang='lat' dir='ltr'><strong>pellendum</strong></span> <span class='ocrx_word' id='word_1_161' title='bbox 2875 878 3146 933; x_wconf 86' lang='lat' dir='ltr'><strong>esse,per</strong></span> <span class='ocrx_word' id='word_1_162' title='bbox 3182 877 3423 932; x_wconf 90' lang='lat' dir='ltr'><strong>eumque</strong></span> 
     </span>
    </p>
   </div>
   <div class='ocr_carea' id='block_1_25' title="bbox 1837 953 3424 1026">
    <p class='ocr_par' dir='ltr' id='par_1_25' title="bbox 1837 953 3424 1026">
     <span class='ocr_line' id='line_1_25' title="bbox 1837 953 3424 1026; baseline -0.003 -15"><span class='ocrx_word' id='word_1_163' title='bbox 1837 954 2051 1026; x_wconf 81' lang='lat' dir='ltr'><strong>Pyrrho</strong></span> <span class='ocrx_word' id='word_1_164' title='bbox 2098 954 2524 1026; x_wconf 77' lang='lat' dir='ltr'><strong>signiﬁcandum</strong></span> <span class='ocrx_word' id='word_1_165' title='bbox 2569 965 2631 1009; x_wconf 88' lang='lat' dir='ltr'><strong>ut</strong></span> <span class='ocrx_word' id='word_1_166' title='bbox 2675 953 2899 1009; x_wconf 90' lang='lat' dir='ltr'><strong>domum</strong></span> <span class='ocrx_word' id='word_1_167' title='bbox 2961 969 3238 1021; x_wconf 78' lang='lat' dir='ltr'><strong>reversus,</strong></span> <span class='ocrx_word' id='word_1_168' title='bbox 3306 954 3424 1009; x_wconf 84' lang='lat' dir='ltr'><strong>sive</strong></span> 
     </span>
    </p>
   </div>
   <div class='ocr_carea' id='block_1_26' title="bbox 1837 1044 3422 1117">
    <p class='ocr_par' dir='ltr' id='par_1_26' title="bbox 1837 1044 3422 1117">
     <span class='ocr_line' id='line_1_26' title="bbox 1837 1044 3422 1117; baseline -0.013 0"><span class='ocrx_word' id='word_1_169' title='bbox 1837 1044 2000 1116; x_wconf 79' lang='lat'><strong>375</strong></span> <span class='ocrx_word' id='word_1_170' title='bbox 2027 1045 2096 1100; x_wconf 82' lang='lat' dir='ltr'><strong>de</strong></span> <span class='ocrx_word' id='word_1_171' title='bbox 2124 1060 2285 1116; x_wconf 84' lang='lat' dir='ltr'><strong>pace,</strong></span> <span class='ocrx_word' id='word_1_172' title='bbox 2316 1045 2433 1101; x_wconf 87' lang='lat' dir='ltr'><strong>sive</strong></span> <span class='ocrx_word' id='word_1_173' title='bbox 2459 1045 2592 1116; x_wconf 91' lang='lat' dir='ltr'><strong>quid</strong></span> <span class='ocrx_word' id='word_1_174' title='bbox 2627 1044 2793 1099; x_wconf 76' lang='lat' dir='ltr'><strong>aliud</strong></span> <span class='ocrx_word' id='word_1_175' title='bbox 2816 1044 3004 1110; x_wconf 81' lang='lat' dir='ltr'><strong>vellet,</strong></span> <span class='ocrx_word' id='word_1_176' title='bbox 3055 1046 3265 1117; x_wconf 78' lang='lat' dir='ltr'><strong>legatos</strong></span> <span class='ocrx_word' id='word_1_177' title='bbox 3292 1045 3422 1099; x_wconf 84' lang='lat' dir='ltr'><strong>mit-</strong></span> 
     </span>
    </p>
   </div>
   <div class='ocr_carea' id='block_1_27' title="bbox 1839 1135 3422 1206">
    <p class='ocr_par' dir='ltr' id='par_1_27' title="bbox 1839 1135 3422 1206">
     <span class='ocr_line' id='line_1_27' title="bbox 1839 1135 3422 1206; baseline -0.001 -16"><span class='ocrx_word' id='word_1_178' title='bbox 1839 1142 2000 1191; x_wconf 89' lang='lat' dir='ltr'><strong>teret.</strong></span> <span class='ocrx_word' id='word_1_179' title='bbox 2037 1135 2165 1191; x_wconf 52' lang='lat' dir='ltr'><strong>Haec</strong></span> <span class='ocrx_word' id='word_1_180' title='bbox 2202 1136 2379 1206; x_wconf 87' lang='lat' dir='ltr'><strong>Appio</strong></span> <span class='ocrx_word' id='word_1_181' title='bbox 2409 1138 2614 1200; x_wconf 87' lang='lat' dir='ltr'><strong>locuto,</strong></span> <span class='ocrx_word' id='word_1_182' title='bbox 2645 1144 2898 1201; x_wconf 81' lang='lat' dir='ltr'><strong>senatus,</strong></span> <span class='ocrx_word' id='word_1_183' title='bbox 2938 1135 3080 1190; x_wconf 89' lang='lat' dir='ltr'><strong>nihil</strong></span> <span class='ocrx_word' id='word_1_184' title='bbox 3109 1143 3422 1200; x_wconf 83' lang='lat' dir='ltr'><strong>cunctatus,</strong></span> 
     </span>
    </p>
   </div>
   <div class='ocr_carea' id='block_1_28' title="bbox 1839 1226 3422 1299">
    <p class='ocr_par' dir='ltr' id='par_1_28' title="bbox 1839 1226 3422 1299">
     <span class='ocr_line' id='line_1_28' title="bbox 1839 1226 3422 1299; baseline -0.001 -17"><span class='ocrx_word' id='word_1_185' title='bbox 1839 1227 2026 1282; x_wconf 85' lang='lat' dir='ltr'><strong>statim</strong></span> <span class='ocrx_word' id='word_1_186' title='bbox 2093 1227 2568 1282; x_wconf 77' lang='lat' dir='ltr'><strong>consentientibus</strong></span> <span class='ocrx_word' id='word_1_187' title='bbox 2621 1228 2823 1282; x_wconf 89' lang='lat' dir='ltr'><strong>animis</strong></span> <span class='ocrx_word' id='word_1_188' title='bbox 2879 1228 3127 1284; x_wconf 87' lang='lat' dir='ltr'><strong>decrevit</strong></span> <span class='ocrx_word' id='word_1_189' title='bbox 3181 1226 3422 1299; x_wconf 80' lang='lat' dir='ltr'><strong>Cyneam</strong></span> 
     </span>
    </p>
   </div>
   <div class='ocr_carea' id='block_1_29' title="bbox 1839 1318 3419 1392">
    <p class='ocr_par' dir='ltr' id='par_1_29' title="bbox 1839 1318 3419 1392">
     <span class='ocr_line' id='line_1_29' title="bbox 1839 1318 3419 1392; baseline -0.001 -18"><span class='ocrx_word' id='word_1_190' title='bbox 1839 1318 2035 1374; x_wconf 88' lang='lat' dir='ltr'><strong>eodem</strong></span> <span class='ocrx_word' id='word_1_191' title='bbox 2072 1318 2161 1373; x_wconf 92' lang='lat' dir='ltr'><strong>die</strong></span> <span class='ocrx_word' id='word_1_192' title='bbox 2207 1327 2362 1372; x_wconf 76' lang='lat' dir='ltr'><strong>extra</strong></span> <span class='ocrx_word' id='word_1_193' title='bbox 2431 1318 2570 1374; x_wconf 83' lang='lat' dir='ltr'><strong>lines</strong></span> <span class='ocrx_word' id='word_1_194' title='bbox 2610 1319 2974 1390; x_wconf 80' lang='lat' dir='ltr'><strong>ablegandum</strong></span> <span class='ocrx_word' id='word_1_195' title='bbox 3023 1338 3038 1374; x_wconf 90' lang='lat'><strong>:</strong></span> <span class='ocrx_word' id='word_1_196' title='bbox 3083 1329 3141 1375; x_wconf 85' lang='lat' dir='ltr'><strong>et</strong></span> <span class='ocrx_word' id='word_1_197' title='bbox 3188 1319 3419 1392; x_wconf 85' lang='lat' dir='ltr'><strong>Pyrrho,</strong></span> 
     </span>
    </p>
   </div>
   <div class='ocr_carea' id='block_1_30' title="bbox 1840 1410 3424 1477">
    <p class='ocr_par' dir='ltr' id='par_1_30' title="bbox 1840 1410 3424 1477">
     <span class='ocr_line' id='line_1_30' title="bbox 1840 1410 3424 1477; baseline 0.002 -12"><span class='ocrx_word' id='word_1_198' title='bbox 1840 1411 1971 1466; x_wconf 89' lang='lat' dir='ltr'><strong>dum</strong></span> <span class='ocrx_word' id='word_1_199' title='bbox 2022 1410 2076 1465; x_wconf 93' lang='lat' dir='ltr'><strong>in</strong></span> <span class='ocrx_word' id='word_1_200' title='bbox 2120 1410 2274 1465; x_wconf 82' lang='lat' dir='ltr'><strong>Italia</strong></span> <span class='ocrx_word' id='word_1_201' title='bbox 2330 1421 2661 1477; x_wconf 84' lang='lat' dir='ltr'><strong>versaretur,</strong></span> <span class='ocrx_word' id='word_1_202' title='bbox 2710 1412 2915 1467; x_wconf 90' lang='lat' dir='ltr'><strong>bellum</strong></span> <span class='ocrx_word' id='word_1_203' title='bbox 2964 1412 3424 1468; x_wconf 88' lang='lat' dir='ltr'><strong>irreconciliabile</strong></span> 
     </span>
    </p>
   </div>
   <div class='ocr_carea' id='block_1_31' title="bbox 1839 1502 3417 1575">
    <p class='ocr_par' dir='ltr' id='par_1_31' title="bbox 1839 1502 3417 1575">
     <span class='ocr_line' id='line_1_31' title="bbox 1839 1502 3417 1575; baseline 0.001 -17"><span class='ocrx_word' id='word_1_204' title='bbox 1839 1502 2197 1558; x_wconf 87' lang='lat' dir='ltr'><strong>indicendum</strong></span> <span class='ocrx_word' id='word_1_205' title='bbox 2229 1518 2372 1559; x_wconf 89' lang='lat' dir='ltr'><strong>esse.</strong></span> <span class='ocrx_word' id='word_1_206' title='bbox 2403 1503 2666 1575; x_wconf 88' lang='lat' dir='ltr'><strong>Captivos</strong></span> <span class='ocrx_word' id='word_1_207' title='bbox 2720 1520 2851 1559; x_wconf 90' lang='lat' dir='ltr'><strong>vero</strong></span> <span class='ocrx_word' id='word_1_208' title='bbox 2902 1505 3129 1559; x_wconf 85' lang='lat' dir='ltr'><strong>militari</strong></span> <span class='ocrx_word' id='word_1_209' title='bbox 3181 1507 3417 1575; x_wconf 88' lang='lat' dir='ltr'><strong>quadam</strong></span> 
     </span>
    </p>
   </div>
   <div class='ocr_carea' id='block_1_32' title="bbox 1842 1593 3419 1667">
    <p class='ocr_par' dir='ltr' id='par_1_32' title="bbox 1842 1593 3419 1667">
     <span class='ocr_line' id='line_1_32' title="bbox 1842 1593 3419 1667; baseline 0.001 -20"><span class='ocrx_word' id='word_1_210' title='bbox 1842 1593 2143 1663; x_wconf 82' lang='lat' dir='ltr'><strong>ignominia</strong></span> <span class='ocrx_word' id='word_1_211' title='bbox 2171 1602 2456 1659; x_wconf 89' lang='lat' dir='ltr'><strong>notarunt,</strong></span> <span class='ocrx_word' id='word_1_212' title='bbox 2495 1594 2561 1649; x_wconf 91' lang='lat' dir='ltr'><strong>iis</strong></span> <span class='ocrx_word' id='word_1_213' title='bbox 2590 1610 2769 1664; x_wconf 91' lang='lat' dir='ltr'><strong>neque</strong></span> <span class='ocrx_word' id='word_1_214' title='bbox 2797 1604 2989 1650; x_wconf 90' lang='lat' dir='ltr'><strong>contra</strong></span> <span class='ocrx_word' id='word_1_215' title='bbox 3014 1596 3283 1667; x_wconf 80' lang='lat' dir='ltr'><strong>Pyrrhum</strong></span> <span class='ocrx_word' id='word_1_216' title='bbox 3311 1599 3419 1659; x_wconf 84' lang='lat' dir='ltr'><strong>usi,</strong></span> 
     </span>
    </p>
   </div>
   <div class='ocr_carea' id='block_1_33' title="bbox 1840 1686 3421 1759">
    <p class='ocr_par' dir='ltr' id='par_1_33' title="bbox 1840 1686 3421 1759">
     <span class='ocr_line' id='line_1_33' title="bbox 1840 1686 3421 1759; baseline 0.001 -19"><span class='ocrx_word' id='word_1_217' title='bbox 1840 1700 2023 1755; x_wconf 79' lang='lat' dir='ltr'><strong>neque</strong></span> <span class='ocrx_word' id='word_1_218' title='bbox 2066 1699 2295 1754; x_wconf 87' lang='lat' dir='ltr'><strong>usquam</strong></span> <span class='ocrx_word' id='word_1_219' title='bbox 2349 1686 2482 1740; x_wconf 87' lang='lat' dir='ltr'><strong>alibi</strong></span> <span class='ocrx_word' id='word_1_220' title='bbox 2529 1686 2824 1752; x_wconf 86' lang='lat' dir='ltr'><strong>universis,</strong></span> <span class='ocrx_word' id='word_1_221' title='bbox 2860 1702 2931 1741; x_wconf 87' lang='lat' dir='ltr'><strong>ne</strong></span> <span class='ocrx_word' id='word_1_222' title='bbox 2964 1687 3099 1757; x_wconf 90' lang='lat' dir='ltr'><strong>quid</strong></span> <span class='ocrx_word' id='word_1_223' title='bbox 3139 1690 3421 1759; x_wconf 86' lang='lat' dir='ltr'><strong>conjuncti</strong></span> 
     </span>
    </p>
   </div>
   <div class='ocr_carea' id='block_1_34' title="bbox 1840 1778 3423 1851">
    <p class='ocr_par' dir='ltr' id='par_1_34' title="bbox 1840 1778 3423 1851">
     <span class='ocr_line' id='line_1_34' title="bbox 1840 1778 3423 1851; baseline 0.003 -19"><span class='ocrx_word' id='word_1_224' title='bbox 1840 1793 2111 1832; x_wconf 89' lang='lat' dir='ltr'><strong>novarum</strong></span> <span class='ocrx_word' id='word_1_225' title='bbox 2143 1793 2327 1832; x_wconf 92' lang='lat' dir='ltr'><strong>rerum</strong></span> <span class='ocrx_word' id='word_1_226' title='bbox 2358 1778 2706 1844; x_wconf 88' lang='lat' dir='ltr'><strong>molirentur,</strong></span> <span class='ocrx_word' id='word_1_227' title='bbox 2747 1779 2844 1834; x_wconf 92' lang='lat' dir='ltr'><strong>sed</strong></span> <span class='ocrx_word' id='word_1_228' title='bbox 2880 1780 3018 1835; x_wconf 88' lang='lat' dir='ltr'><strong>alios</strong></span> <span class='ocrx_word' id='word_1_229' title='bbox 3048 1778 3103 1834; x_wconf 90' lang='lat' dir='ltr'><strong>in</strong></span> <span class='ocrx_word' id='word_1_230' title='bbox 3135 1780 3242 1834; x_wconf 85' lang='lat' dir='ltr'><strong>alia</strong></span> <span class='ocrx_word' id='word_1_231' title='bbox 3280 1797 3423 1851; x_wconf 78' lang='lat' dir='ltr'><strong>prae-</strong></span> 
     </span>
    </p>
   </div>
   <div class='ocr_carea' id='block_1_35' title="bbox 184 1836 1737 1945">
    <p class='ocr_par' dir='ltr' id='par_1_35' title="bbox 184 1836 1733 1945">
     <span class='ocr_line' id='line_1_35' title="bbox 184 1836 1733 1945; baseline 0.003 -23"><span class='ocrx_word' id='word_1_232' title='bbox 184 1836 271 1939; x_wconf 55' lang='grc' dir='ltr'><em>ριξν</em></span> <span class='ocrx_word' id='word_1_233' title='bbox 293 1836 414 1940; x_wconf 48' lang='grc' dir='ltr'><em>ἧνλ,</em></span> <span class='ocrx_word' id='word_1_234' title='bbox 449 1836 713 1924; x_wconf 44' lang='lat' dir='ltr'><strong>atat-eine</strong></span> <span class='ocrx_word' id='word_1_235' title='bbox 740 1836 1149 1943; x_wconf 59' lang='grc' dir='ltr'><em>μὴσυμφερειν</em></span> <span class='ocrx_word' id='word_1_236' title='bbox 1172 1871 1271 1934; x_wconf 83' lang='grc' dir='ltr'><em>τὰς</em></span> <span class='ocrx_word' id='word_1_237' title='bbox 1298 1872 1436 1943; x_wconf 81' lang='grc' dir='ltr'><em>πρὸς</em></span> <span class='ocrx_word' id='word_1_238' title='bbox 1468 1836 1560 1926; x_wconf 65' lang='grc' dir='ltr'><strong>τδν</strong></span> <span class='ocrx_word' id='word_1_239' title='bbox 1587 1871 1733 1945; x_wconf 81' lang='grc' dir='ltr'><strong>Πύρ-</strong></span> 
     </span>
    </p>
   </div>
   <div class='ocr_carea' id='block_1_36' title="bbox 1841 1836 3424 1945">
    <p class='ocr_par' dir='ltr' id='par_1_36' title="bbox 1843 1870 3424 1945">
     <span class='ocr_line' id='line_1_36' title="bbox 1843 1870 3424 1945; baseline 0.003 -19"><span class='ocrx_word' id='word_1_240' title='bbox 1843 1870 1984 1926; x_wconf 87' lang='lat' dir='ltr'><strong>sidia</strong></span> <span class='ocrx_word' id='word_1_241' title='bbox 2041 1872 2332 1928; x_wconf 83' lang='lat' dir='ltr'><strong>miserunt.</strong></span> <span class='ocrx_word' id='word_1_242' title='bbox 2384 1873 2490 1929; x_wconf 90' lang='lat' dir='ltr'><strong>Per</strong></span> <span class='ocrx_word' id='word_1_243' title='bbox 2536 1874 2773 1931; x_wconf 85' lang='lat' dir='ltr'><strong>hiemem</strong></span> <span class='ocrx_word' id='word_1_244' title='bbox 2820 1874 3081 1945; x_wconf 90' lang='lat' dir='ltr'><strong>utrinque</strong></span> <span class='ocrx_word' id='word_1_245' title='bbox 3115 1891 3173 1930; x_wconf 88' lang='lat' dir='ltr'><strong>se</strong></span> <span class='ocrx_word' id='word_1_246' title='bbox 3218 1874 3424 1931; x_wconf 87' lang='lat' dir='ltr'><strong>instru-</strong></span> 
     </span>
    </p>
   </div>
   <div class='ocr_carea' id='block_1_37' title="bbox 183 1962 2060 2036">
    <p class='ocr_par' dir='ltr' id='par_1_37' title="bbox 183 1962 2060 2036">
     <span class='ocr_line' id='line_1_37' title="bbox 183 1962 2060 2036; baseline 0.004 -21"><span class='ocrx_word' id='word_1_247' title='bbox 183 1965 256 2034; x_wconf 82' lang='grc' dir='ltr'><em>ρον</em></span> <span class='ocrx_word' id='word_1_248' title='bbox 277 1962 579 2031; x_wconf 73' lang='grc' dir='ltr'><em>συμϐάσεις</em></span> <span class='ocrx_word' id='word_1_249' title='bbox 605 1967 673 2035; x_wconf 78' lang='grc' dir='ltr'><em>τῇ</em></span> <span class='ocrx_word' id='word_1_250' title='bbox 708 1964 976 2035; x_wconf 70' lang='grc' dir='ltr'><em>πολιτείᾳ.</em></span> <span class='ocrx_word' id='word_1_251' title='bbox 1009 1963 1292 2036; x_wconf 82' lang='grc' dir='ltr'><em>Παρῄνεσε</em></span> <span class='ocrx_word' id='word_1_252' title='bbox 1314 1964 1390 2030; x_wconf 84' lang='grc' dir='ltr'><em>δὲ,</em></span> <span class='ocrx_word' id='word_1_253' title='bbox 1417 1965 1511 2019; x_wconf 81' lang='grc' dir='ltr'><em>καὶ</em></span> <span class='ocrx_word' id='word_1_254' title='bbox 1534 1967 1734 2019; x_wconf 75' lang='grc' dir='ltr'><em>αὐτίκα</em></span> <span class='ocrx_word' id='word_1_255' title='bbox 1841 1974 2060 2022; x_wconf 80' lang='lat' dir='ltr'><strong>xerunt.</strong></span> 
     </span>
    </p>
   </div>
   <div class='ocr_carea' id='block_1_38' title="bbox 180 2060 3424 2135">
    <p class='ocr_par' dir='ltr' id='par_1_38' title="bbox 180 2060 3424 2135">
     <span class='ocr_line' id='line_1_38' title="bbox 180 2060 3424 2135; baseline 0.003 -25"><span class='ocrx_word' id='word_1_256' title='bbox 180 2060 251 2113; x_wconf 72' lang='grc' dir='ltr'><strong>τὸν</strong></span> <span class='ocrx_word' id='word_1_257' title='bbox 275 2061 504 2116; x_wconf 78' lang='grc' dir='ltr'><strong>Κιννὲαν</strong></span> <span class='ocrx_word' id='word_1_258' title='bbox 534 2062 786 2128; x_wconf 78' lang='grc' dir='ltr'><strong>ἐξελάσαι</strong></span> <span class='ocrx_word' id='word_1_259' title='bbox 818 2061 917 2131; x_wconf 84' lang='grc' dir='ltr'><em>τῆς</em></span> <span class='ocrx_word' id='word_1_260' title='bbox 946 2060 1174 2126; x_wconf 84' lang='grc' dir='ltr'><em>πόλεως,</em></span> <span class='ocrx_word' id='word_1_261' title='bbox 1209 2060 1304 2114; x_wconf 68' lang='grc' dir='ltr'><em>καὶ</em></span> <span class='ocrx_word' id='word_1_262' title='bbox 1331 2060 1401 2113; x_wconf 84' lang='grc' dir='ltr'><strong>δι’</strong></span> <span class='ocrx_word' id='word_1_263' title='bbox 1439 2060 1603 2113; x_wconf 79' lang='grc' dir='ltr'><em>αὑτοῦ</em></span> <span class='ocrx_word' id='word_1_264' title='bbox 1670 2060 1911 2132; x_wconf 85' lang='grc' dir='ltr'><em>δηλῶσαι</em></span> <span class='ocrx_word' id='word_1_265' title='bbox 1971 2061 2050 2131; x_wconf 83' lang='grc' dir='ltr'><em>τῷ</em></span> <span class='ocrx_word' id='word_1_266' title='bbox 2110 2062 2312 2135; x_wconf 74' lang='grc' dir='ltr'><em>Πύρρῳ</em></span> <span class='ocrx_word' id='word_1_267' title='bbox 2367 2061 2552 2116; x_wconf 69' lang='grc' dir='ltr'><em>οἶκαδε</em></span> <span class='ocrx_word' id='word_1_268' title='bbox 2580 2064 3270 2135; x_wconf 81' lang='grc' dir='ltr'><em>ἀναχωρήσαντα,ἐκεῖθεν</em></span> <span class='ocrx_word' id='word_1_269' title='bbox 3302 2069 3424 2120; x_wconf 83' lang='grc' dir='ltr'><strong>ἐπι·-</strong></span> 
     </span>
    </p>
   </div>
   <div class='ocr_carea' id='block_1_39' title="bbox 180 2144 3419 2230">
    <p class='ocr_par' dir='ltr' id='par_1_39' title="bbox 180 2144 3419 2230">
     <span class='ocr_line' id='line_1_39' title="bbox 180 2144 3419 2230; baseline 0.003 -22"><span class='ocrx_word' id='word_1_270' title='bbox 180 2144 760 2229; x_wconf 64' lang='grc' dir='ltr'><em>κξρυκεῦσασθαιπερὶ</em></span> <span class='ocrx_word' id='word_1_271' title='bbox 786 2159 1013 2230; x_wconf 77' lang='grc' dir='ltr'><strong>εἰρήνης</strong></span> <span class='ocrx_word' id='word_1_272' title='bbox 1044 2156 1430 2227; x_wconf 49' lang='lat' dir='ltr'><strong>adﬂigam!</strong></span> <span class='ocrx_word' id='word_1_273' title='bbox 1490 2155 1620 2226; x_wconf 66' lang='grc' dir='ltr'><em>περὶ</em></span> <span class='ocrx_word' id='word_1_274' title='bbox 1680 2156 1870 2226; x_wconf 80' lang='grc' dir='ltr'><em>ἑτέρου</em></span> <span class='ocrx_word' id='word_1_275' title='bbox 1944 2157 2072 2210; x_wconf 79' lang='grc' dir='ltr'><em>ὅτου</em></span> <span class='ocrx_word' id='word_1_276' title='bbox 2107 2157 2300 2215; x_wconf 74' lang='grc' dir='ltr'><em>δέοιτο.</em></span> <span class='ocrx_word' id='word_1_277' title='bbox 2368 2158 2555 2213; x_wconf 81' lang='grc' dir='ltr'><em>Ταῦτα</em></span> <span class='ocrx_word' id='word_1_278' title='bbox 2604 2160 2633 2212; x_wconf 85' lang='grc' dir='ltr'>ὁ</span> <span class='ocrx_word' id='word_1_279' title='bbox 2692 2161 2931 2224; x_wconf 72' lang='grc' dir='ltr'><em>’Ἄππιος</em></span> <span class='ocrx_word' id='word_1_280' title='bbox 2979 2162 3419 2219; x_wconf 72' lang='grc' dir='ltr'><em>συνεϐούλευσεν.</em></span> 
     </span>
    </p>
   </div>
   <div class='ocr_carea' id='block_1_40' title="bbox 190 2247 3422 2325">
    <p class='ocr_par' dir='ltr' id='par_1_40' title="bbox 190 2247 3422 2325">
     <span class='ocr_line' id='line_1_40' title="bbox 190 2247 3422 2325; baseline 0.002 -26"><span class='ocrx_word' id='word_1_281' title='bbox 190 2247 307 2302; x_wconf 82' lang='grc' dir='ltr'><strong>ἸΙδὲ</strong></span> <span class='ocrx_word' id='word_1_282' title='bbox 328 2251 596 2320; x_wconf 76' lang='grc' dir='ltr'><strong>γερουσία</strong></span> <span class='ocrx_word' id='word_1_283' title='bbox 623 2251 809 2305; x_wconf 79' lang='grc' dir='ltr'><em>οὐκέτι</em></span> <span class='ocrx_word' id='word_1_284' title='bbox 862 2250 1157 2322; x_wconf 84' lang='grc' dir='ltr'><strong>ἐμέλησεν,</strong></span> <span class='ocrx_word' id='word_1_285' title='bbox 1210 2249 1326 2303; x_wconf 81' lang='grc' dir='ltr'><strong>ἀλλ’</strong></span> <span class='ocrx_word' id='word_1_286' title='bbox 1383 2249 1545 2312; x_wconf 73' lang='grc' dir='ltr'>εὐθὺς</span> <span class='ocrx_word' id='word_1_287' title='bbox 1607 2248 1952 2321; x_wconf 74' lang='grc' dir='ltr'><strong>ὁμοθυμαδὸν</strong></span> <span class='ocrx_word' id='word_1_288' title='bbox 2020 2251 2356 2323; x_wconf 74' lang='grc' dir='ltr'><strong>ἐψηφίσαντο</strong></span> <span class='ocrx_word' id='word_1_289' title='bbox 2406 2253 2720 2325; x_wconf 80' lang='grc' dir='ltr'><em>αὐθημερὸν</em></span> <span class='ocrx_word' id='word_1_290' title='bbox 2740 2253 2832 2307; x_wconf 82' lang='grc' dir='ltr'><em>τὸν</em></span> <span class='ocrx_word' id='word_1_291' title='bbox 2879 2255 3115 2308; x_wconf 80' lang='grc' dir='ltr'><strong>Κιννὲαν</strong></span> <span class='ocrx_word' id='word_1_292' title='bbox 3177 2253 3283 2324; x_wconf 76' lang='grc' dir='ltr'><strong>ἔξω</strong></span> <span class='ocrx_word' id='word_1_293' title='bbox 3314 2258 3422 2311; x_wconf 82' lang='grc' dir='ltr'><strong>τῶν</strong></span> 
     </span>
    </p>
   </div>
   <div class='ocr_carea' id='block_1_41' title="bbox 181 2344 3422 2423">
    <p class='ocr_par' dir='ltr' id='par_1_41' title="bbox 181 2344 3422 2423">
     <span class='ocr_line' id='line_1_41' title="bbox 181 2344 3422 2423; baseline 0.002 -26"><span class='ocrx_word' id='word_1_294' title='bbox 181 2344 298 2415; x_wconf 82' lang='grc' dir='ltr'><em>ὅρων</em></span> <span class='ocrx_word' id='word_1_295' title='bbox 324 2346 630 2418; x_wconf 76' lang='grc' dir='ltr'><em>ἐκπέμψαι,</em></span> <span class='ocrx_word' id='word_1_296' title='bbox 674 2347 769 2401; x_wconf 72' lang='grc' dir='ltr'><em>καὶ</em></span> <span class='ocrx_word' id='word_1_297' title='bbox 794 2346 873 2419; x_wconf 80' lang='grc' dir='ltr'><em>τῷ</em></span> <span class='ocrx_word' id='word_1_298' title='bbox 895 2346 1099 2419; x_wconf 76' lang='grc' dir='ltr'><em>Πύρρῳ</em></span> <span class='ocrx_word' id='word_1_299' title='bbox 1132 2346 1369 2419; x_wconf 82' lang='grc' dir='ltr'><em>πόλεμον</em></span> <span class='ocrx_word' id='word_1_300' title='bbox 1395 2346 1733 2417; x_wconf 81' lang='grc' dir='ltr'><strong>ἀκήρυκτον,</strong></span> <span class='ocrx_word' id='word_1_301' title='bbox 1773 2347 1880 2411; x_wconf 72' lang='grc' dir='ltr'><em>ἕως</em></span> <span class='ocrx_word' id='word_1_302' title='bbox 1946 2349 2013 2403; x_wconf 84' lang='grc' dir='ltr'><em>ἂν</em></span> <span class='ocrx_word' id='word_1_303' title='bbox 2043 2349 2100 2401; x_wconf 79' lang='grc' dir='ltr'>ἐν</span> <span class='ocrx_word' id='word_1_304' title='bbox 2154 2352 2221 2420; x_wconf 78' lang='grc' dir='ltr'><em>τῇ</em></span> <span class='ocrx_word' id='word_1_305' title='bbox 2253 2348 2456 2420; x_wconf 79' lang='grc' dir='ltr'><strong>Ἰταλίᾳ</strong></span> <span class='ocrx_word' id='word_1_306' title='bbox 2481 2349 2667 2423; x_wconf 84' lang='grc' dir='ltr'><strong>διάγῃ,</strong></span> <span class='ocrx_word' id='word_1_307' title='bbox 2693 2350 3047 2420; x_wconf 86' lang='grc' dir='ltr'><em>ποιήσασθαι.</em></span> <span class='ocrx_word' id='word_1_308' title='bbox 3083 2350 3206 2415; x_wconf 83' lang='grc' dir='ltr'><strong>Τοῖς</strong></span> <span class='ocrx_word' id='word_1_309' title='bbox 3247 2351 3292 2404; x_wconf 81' lang='grc' dir='ltr'><em>δ’</em></span> <span class='ocrx_word' id='word_1_310' title='bbox 3340 2353 3422 2405; x_wconf 78' lang='lat' dir='ltr'><strong>cti-</strong></span> 
     </span>
    </p>
   </div>
   <div class='ocr_carea' id='block_1_42' title="bbox 182 2440 3419 2526">
    <p class='ocr_par' dir='ltr' id='par_1_42' title="bbox 182 2440 3419 2526">
     <span class='ocr_line' id='line_1_42' title="bbox 182 2440 3419 2526; baseline 0.002 -32"><span class='ocrx_word' id='word_1_311' title='bbox 182 2441 460 2511; x_wconf 83' lang='grc' dir='ltr'><strong>χμα).ὡτοις</strong></span> <span class='ocrx_word' id='word_1_312' title='bbox 490 2441 716 2513; x_wconf 76' lang='grc' dir='ltr'><strong>ἀτιμίαν</strong></span> <span class='ocrx_word' id='word_1_313' title='bbox 737 2444 859 2497; x_wconf 78' lang='grc' dir='ltr'><em>τινὰ</em></span> <span class='ocrx_word' id='word_1_314' title='bbox 905 2443 963 2495; x_wconf 83' lang='grc' dir='ltr'><strong>ὲν</strong></span> <span class='ocrx_word' id='word_1_315' title='bbox 992 2440 1114 2507; x_wconf 81' lang='grc' dir='ltr'><em>ταῖς</em></span> <span class='ocrx_word' id='word_1_316' title='bbox 1145 2443 1456 2513; x_wconf 75' lang='grc' dir='ltr'><strong>στρατείαις</strong></span> <span class='ocrx_word' id='word_1_317' title='bbox 1523 2443 1816 2513; x_wconf 76' lang='grc' dir='ltr'><em>ἐπέθεσαν,</em></span> <span class='ocrx_word' id='word_1_318' title='bbox 1857 2445 1951 2498; x_wconf 71' lang='grc' dir='ltr'><em>καὶ</em></span> <span class='ocrx_word' id='word_1_319' title='bbox 1999 2444 2123 2498; x_wconf 70' lang='grc' dir='ltr'><em>οὔτε</em></span> <span class='ocrx_word' id='word_1_320' title='bbox 2176 2446 2313 2515; x_wconf 80' lang='grc' dir='ltr'><em>πρὸς</em></span> <span class='ocrx_word' id='word_1_321' title='bbox 2366 2447 2456 2500; x_wconf 65' lang='grc' dir='ltr'><strong>τὸν</strong></span> <span class='ocrx_word' id='word_1_322' title='bbox 2507 2447 2726 2518; x_wconf 77' lang='grc' dir='ltr'><em>Πύρρον</em></span> <span class='ocrx_word' id='word_1_323' title='bbox 2751 2446 2935 2510; x_wconf 77' lang='grc' dir='ltr'><em>αὐτοῖς</em></span> <span class='ocrx_word' id='word_1_324' title='bbox 2983 2447 3065 2500; x_wconf 78' lang='grc' dir='ltr'><em>ἔτι</em></span> <span class='ocrx_word' id='word_1_325' title='bbox 3094 2448 3419 2526; x_wconf 55' lang='grc' dir='ltr'><em>ἐχρήσαντο,</em></span> 
     </span>
    </p>
   </div>
   <div class='ocr_carea' id='block_1_43' title="bbox 183 2529 3420 2610">
    <p class='ocr_par' dir='ltr' id='par_1_43' title="bbox 183 2529 3420 2610">
     <span class='ocr_line' id='line_1_43' title="bbox 183 2529 3420 2610; baseline 0.002 -26"><span class='ocrx_word' id='word_1_326' title='bbox 183 2529 277 2585; x_wconf 73' lang='grc' dir='ltr'><em>οὔτ’</em></span> <span class='ocrx_word' id='word_1_327' title='bbox 298 2532 490 2586; x_wconf 81' lang='grc' dir='ltr'>ἄλλοσέ</span> <span class='ocrx_word' id='word_1_328' title='bbox 524 2551 618 2588; x_wconf 84' lang='grc' dir='ltr'><em>ποι</em></span> <span class='ocrx_word' id='word_1_329' title='bbox 652 2534 891 2605; x_wconf 82' lang='grc' dir='ltr'><em>ἀθρόοις,</em></span> <span class='ocrx_word' id='word_1_330' title='bbox 928 2535 1014 2588; x_wconf 85' lang='grc' dir='ltr'><em>ἴνα</em></span> <span class='ocrx_word' id='word_1_331' title='bbox 1048 2537 1122 2606; x_wconf 84' lang='grc' dir='ltr'><em>μή</em></span> <span class='ocrx_word' id='word_1_332' title='bbox 1159 2552 1214 2587; x_wconf 90' lang='grc' dir='ltr'><strong>τι</strong></span> <span class='ocrx_word' id='word_1_333' title='bbox 1252 2534 1389 2605; x_wconf 74' lang='grc' dir='ltr'><strong>ὁμοῦ</strong></span> <span class='ocrx_word' id='word_1_334' title='bbox 1416 2534 1569 2597; x_wconf 78' lang='grc' dir='ltr'><em>ὅντες</em></span> <span class='ocrx_word' id='word_1_335' title='bbox 1594 2535 2016 2605; x_wconf 81' lang='grc' dir='ltr'><em>νεωτερίσωσιν,</em></span> <span class='ocrx_word' id='word_1_336' title='bbox 2082 2535 2195 2589; x_wconf 79' lang='grc' dir='ltr'><strong>ἀλλ’</strong></span> <span class='ocrx_word' id='word_1_337' title='bbox 2259 2535 2455 2600; x_wconf 84' lang='grc' dir='ltr'><em>ἄλλους</em></span> <span class='ocrx_word' id='word_1_338' title='bbox 2517 2538 2649 2610; x_wconf 80' lang='grc' dir='ltr'>ἄλλῃ</span> <span class='ocrx_word' id='word_1_339' title='bbox 2713 2538 3126 2609; x_wconf 74' lang='grc' dir='ltr'><em>φρουρήσοντας</em></span> <span class='ocrx_word' id='word_1_340' title='bbox 3148 2537 3420 2608; x_wconf 77' lang='grc' dir='ltr'><em>ἔπεμψαν.</em></span> 
     </span>
    </p>
   </div>
   <div class='ocr_carea' id='block_1_44' title="bbox 191 2615 1616 2698">
    <p class='ocr_par' dir='ltr' id='par_1_44' title="bbox 191 2615 1616 2698">
     <span class='ocr_line' id='line_1_44' title="bbox 191 2615 1616 2698; baseline 0.003 -24"><span class='ocrx_word' id='word_1_341' title='bbox 191 2622 262 2675; x_wconf 77' lang='grc' dir='ltr'><strong>Ἐν</strong></span> <span class='ocrx_word' id='word_1_342' title='bbox 286 2625 375 2695; x_wconf 68' lang='grc' dir='ltr'><strong>μὲν</strong></span> <span class='ocrx_word' id='word_1_343' title='bbox 410 2615 507 2679; x_wconf 71' lang='grc' dir='ltr'><strong>οὖν</strong></span> <span class='ocrx_word' id='word_1_344' title='bbox 529 2624 605 2695; x_wconf 79' lang='grc' dir='ltr'><em>τῷ</em></span> <span class='ocrx_word' id='word_1_345' title='bbox 637 2626 869 2698; x_wconf 84' lang='grc' dir='ltr'><em>χειμῶνι</em></span> <span class='ocrx_word' id='word_1_346' title='bbox 919 2625 1396 2697; x_wconf 78' lang='grc' dir='ltr'><em>παρεσκευάζοντο</em></span> <span class='ocrx_word' id='word_1_347' title='bbox 1427 2627 1616 2697; x_wconf 78' lang='grc' dir='ltr'><em>ἄμφω.</em></span> 
     </span>
    </p>
   </div>
   <div class='ocr_carea' id='block_1_45' title="bbox 238 2714 1737 2792">
    <p class='ocr_par' dir='ltr' id='par_1_45' title="bbox 238 2714 1733 2790">
     <span class='ocr_line' id='line_1_45' title="bbox 238 2714 1733 2790; baseline 0.003 -22"><span class='ocrx_word' id='word_1_348' title='bbox 238 2714 302 2768; x_wconf 66' lang='lat' dir='ltr'><strong>lt”.</strong></span> <span class='ocrx_word' id='word_1_349' title='bbox 332 2717 535 2788; x_wconf 76' lang='grc' dir='ltr'><em>Ἐαρος</em></span> <span class='ocrx_word' id='word_1_350' title='bbox 570 2717 614 2770; x_wconf 84' lang='grc' dir='ltr'><em>δ’</em></span> <span class='ocrx_word' id='word_1_351' title='bbox 642 2718 742 2789; x_wconf 69' lang='grc' dir='ltr'><strong>ήδη</strong></span> <span class='ocrx_word' id='word_1_352' title='bbox 772 2717 1157 2787; x_wconf 72' lang='grc' dir='ltr'><em>ἐφεστηκότος,</em></span> <span class='ocrx_word' id='word_1_353' title='bbox 1186 2719 1213 2771; x_wconf 88' lang='grc' dir='ltr'>ὁ</span> <span class='ocrx_word' id='word_1_354' title='bbox 1245 2717 1463 2790; x_wconf 77' lang='grc' dir='ltr'><em>Πύρρος</em></span> <span class='ocrx_word' id='word_1_355' title='bbox 1509 2720 1591 2782; x_wconf 78' lang='grc' dir='ltr'><strong>εἰς</strong></span> <span class='ocrx_word' id='word_1_356' title='bbox 1632 2719 1733 2789; x_wconf 81' lang='grc' dir='ltr'><em>τὴν</em></span> 
     </span>
    </p>
   </div>
   <div class='ocr_carea' id='block_1_46' title="bbox 1841 2714 3418 2792">
    <p class='ocr_par' dir='ltr' id='par_1_46' title="bbox 1910 2716 3418 2792">
     <span class='ocr_line' id='line_1_46' title="bbox 1910 2716 3418 2792; baseline 0.005 -21"><span class='ocrx_word' id='word_1_357' title='bbox 1910 2717 1973 2771; x_wconf 73' lang='grc' dir='ltr'><em>ν.</em></span> <span class='ocrx_word' id='word_1_358' title='bbox 1996 2716 2390 2772; x_wconf 83' lang='lat' dir='ltr'><strong>Vereinstante</strong></span> <span class='ocrx_word' id='word_1_359' title='bbox 2415 2716 2687 2789; x_wconf 84' lang='lat' dir='ltr'><strong>Pyrrhus,</strong></span> <span class='ocrx_word' id='word_1_360' title='bbox 2710 2717 3074 2790; x_wconf 86' lang='lat' dir='ltr'><strong>impressione</strong></span> <span class='ocrx_word' id='word_1_361' title='bbox 3092 2721 3146 2776; x_wconf 86' lang='lat' dir='ltr'><strong>in</strong></span> <span class='ocrx_word' id='word_1_362' title='bbox 3165 2721 3418 2792; x_wconf 81' lang='lat' dir='ltr'><strong>Apuliam</strong></span> 
     </span>
    </p>
   </div>
   <div class='ocr_carea' id='block_1_47' title="bbox 191 2806 1737 2882">
    <p class='ocr_par' dir='ltr' id='par_1_47' title="bbox 191 2809 1731 2882">
     <span class='ocr_line' id='line_1_47' title="bbox 191 2809 1731 2882; baseline 0.004 -21"><span class='ocrx_word' id='word_1_363' title='bbox 191 2809 461 2862; x_wconf 74' lang='grc' dir='ltr'><strong>Ἀπουλίαν</strong></span> <span class='ocrx_word' id='word_1_364' title='bbox 507 2809 784 2876; x_wconf 71' lang='grc' dir='ltr'><em>ἐνέϐαλλε,</em></span> <span class='ocrx_word' id='word_1_365' title='bbox 841 2811 941 2863; x_wconf 75' lang='grc' dir='ltr'><em>καὶ</em></span> <span class='ocrx_word' id='word_1_366' title='bbox 995 2809 1166 2863; x_wconf 80' lang='grc' dir='ltr'>πολλὰ</span> <span class='ocrx_word' id='word_1_367' title='bbox 1223 2811 1323 2879; x_wconf 84' lang='grc' dir='ltr'><strong>μὲν</strong></span> <span class='ocrx_word' id='word_1_368' title='bbox 1378 2809 1493 2882; x_wconf 74' lang='grc' dir='ltr'><em>βίᾳ,</em></span> <span class='ocrx_word' id='word_1_369' title='bbox 1561 2811 1731 2867; x_wconf 77' lang='grc' dir='ltr'><em>πολλὰ</em></span> 
     </span>
    </p>
   </div>
   <div class='ocr_carea' id='block_1_48' title="bbox 1841 2806 3411 2882">
    <p class='ocr_par' dir='ltr' id='par_1_48' title="bbox 1841 2806 3411 2880">
     <span class='ocr_line' id='line_1_48' title="bbox 1841 2806 3411 2880; baseline 0.006 -21"><span class='ocrx_word' id='word_1_370' title='bbox 1841 2806 2001 2871; x_wconf 79' lang='lat' dir='ltr'><strong>facta,</strong></span> <span class='ocrx_word' id='word_1_371' title='bbox 2028 2807 2195 2861; x_wconf 89' lang='lat' dir='ltr'><strong>multa</strong></span> <span class='ocrx_word' id='word_1_372' title='bbox 2231 2807 2306 2871; x_wconf 90' lang='lat' dir='ltr'><strong>vi,</strong></span> <span class='ocrx_word' id='word_1_373' title='bbox 2341 2807 2512 2862; x_wconf 87' lang='lat' dir='ltr'><strong>multa</strong></span> <span class='ocrx_word' id='word_1_374' title='bbox 2534 2806 2818 2864; x_wconf 83' lang='lat' dir='ltr'><strong>deditione</strong></span> <span class='ocrx_word' id='word_1_375' title='bbox 2856 2812 3149 2880; x_wconf 84' lang='lat' dir='ltr'><strong>occupavit</strong></span> <span class='ocrx_word' id='word_1_376' title='bbox 3180 2828 3195 2869; x_wconf 88' lang='lat'><strong>:</strong></span> <span class='ocrx_word' id='word_1_377' title='bbox 3230 2812 3411 2869; x_wconf 88' lang='lat' dir='ltr'><strong>donec</strong></span> 
     </span>
    </p>
   </div>
   <div class='ocr_carea' id='block_1_49' title="bbox 181 2893 1737 2972">
    <p class='ocr_par' dir='ltr' id='par_1_49' title="bbox 181 2893 1733 2972">
     <span class='ocr_line' id='line_1_49' title="bbox 181 2893 1733 2972; baseline 0.005 -24"><span class='ocrx_word' id='word_1_378' title='bbox 181 2897 227 2949; x_wconf 80' lang='grc' dir='ltr'><em>δὲ</em></span> <span class='ocrx_word' id='word_1_379' title='bbox 272 2898 533 2969; x_wconf 68' lang='grc' dir='ltr'><em>ὁμολογίᾳ</em></span> <span class='ocrx_word' id='word_1_380' title='bbox 589 2899 1056 2969; x_wconf 80' lang='grc' dir='ltr'><em>προσεποιήσατο,</em></span> <span class='ocrx_word' id='word_1_381' title='bbox 1111 2900 1304 2970; x_wconf 81' lang='grc' dir='ltr'><strong>μέχρις</strong></span> <span class='ocrx_word' id='word_1_382' title='bbox 1353 2893 1415 2954; x_wconf 78' lang='grc' dir='ltr'>οὗ</span> <span class='ocrx_word' id='word_1_383' title='bbox 1472 2900 1733 2972; x_wconf 83' lang='grc' dir='ltr'><em>Ῥωμαῖοι</em></span> 
     </span>
    </p>
   </div>
   <div class='ocr_carea' id='block_1_50' title="bbox 1841 2893 3421 2972">
    <p class='ocr_par' dir='ltr' id='par_1_50' title="bbox 1841 2898 3421 2970">
     <span class='ocr_line' id='line_1_50' title="bbox 1841 2898 3421 2970; baseline 0.005 -17"><span class='ocrx_word' id='word_1_384' title='bbox 1841 2899 2071 2953; x_wconf 78' lang='lat' dir='ltr'><strong>Romani</strong></span> <span class='ocrx_word' id='word_1_385' title='bbox 2107 2898 2175 2953; x_wconf 91' lang='lat' dir='ltr'><strong>ad</strong></span> <span class='ocrx_word' id='word_1_386' title='bbox 2210 2900 2476 2955; x_wconf 89' lang='lat' dir='ltr'><strong>Asculum</strong></span> <span class='ocrx_word' id='word_1_387' title='bbox 2527 2900 2790 2970; x_wconf 85' lang='lat' dir='ltr'><strong>Oppidum</strong></span> <span class='ocrx_word' id='word_1_388' title='bbox 2823 2902 3017 2956; x_wconf 86' lang='lat' dir='ltr'><strong>contra</strong></span> <span class='ocrx_word' id='word_1_389' title='bbox 3070 2918 3199 2958; x_wconf 92' lang='lat' dir='ltr'><strong>eum</strong></span> <span class='ocrx_word' id='word_1_390' title='bbox 3240 2914 3421 2961; x_wconf 88' lang='lat' dir='ltr'><strong>castra</strong></span> 
     </span>
    </p>
   </div>
   <div class='ocr_carea' id='block_1_51' title="bbox 184 2990 1737 3064">
    <p class='ocr_par' dir='ltr' id='par_1_51' title="bbox 184 2990 1734 3061">
     <span class='ocr_line' id='line_1_51' title="bbox 184 2990 1734 3061; baseline 0.004 -20"><span class='ocrx_word' id='word_1_391' title='bbox 184 2991 297 3057; x_wconf 66' lang='grc' dir='ltr'><em>πρὸς</em></span> <span class='ocrx_word' id='word_1_392' title='bbox 336 2990 619 3061; x_wconf 74' lang='grc' dir='ltr'><em>Ἀσκούλῳ</em></span> <span class='ocrx_word' id='word_1_393' title='bbox 673 2991 828 3044; x_wconf 78' lang='grc' dir='ltr'><em>πόλει</em></span> <span class='ocrx_word' id='word_1_394' title='bbox 873 2990 988 3044; x_wconf 79' lang='grc' dir='ltr'><em>ὄντι</em></span> <span class='ocrx_word' id='word_1_395' title='bbox 1031 2991 1183 3061; x_wconf 81' lang='grc' dir='ltr'><em>αὐτῷ</em></span> <span class='ocrx_word' id='word_1_396' title='bbox 1229 2990 1569 3056; x_wconf 76' lang='grc' dir='ltr'><strong>ἐπελθόντες,</strong></span> <span class='ocrx_word' id='word_1_397' title='bbox 1602 2994 1734 3047; x_wconf 81' lang='grc' dir='ltr'><em>ἀντ-</em></span> 
     </span>
    </p>
   </div>
   <div class='ocr_carea' id='block_1_52' title="bbox 1841 2990 3423 3064">
    <p class='ocr_par' dir='ltr' id='par_1_52' title="bbox 1841 2991 3423 3064">
     <span class='ocr_line' id='line_1_52' title="bbox 1841 2991 3423 3064; baseline 0.007 -22"><span class='ocrx_word' id='word_1_398' title='bbox 1841 2997 2164 3057; x_wconf 88' lang='lat' dir='ltr'><strong>posucrnnt,</strong></span> <span class='ocrx_word' id='word_1_399' title='bbox 2205 3006 2270 3045; x_wconf 89' lang='lat' dir='ltr'><strong>ac</strong></span> <span class='ocrx_word' id='word_1_400' title='bbox 2298 2991 2421 3046; x_wconf 89' lang='lat' dir='ltr'><strong>dies</strong></span> <span class='ocrx_word' id='word_1_401' title='bbox 2453 2992 2771 3061; x_wconf 85' lang='lat' dir='ltr'><strong>complures</strong></span> <span class='ocrx_word' id='word_1_402' title='bbox 2798 3003 2992 3049; x_wconf 92' lang='lat' dir='ltr'><strong>mutuo</strong></span> <span class='ocrx_word' id='word_1_403' title='bbox 3021 3004 3169 3050; x_wconf 90' lang='lat' dir='ltr'><strong>metu</strong></span> <span class='ocrx_word' id='word_1_404' title='bbox 3198 2996 3423 3064; x_wconf 89' lang='lat' dir='ltr'><strong>quieve-</strong></span> 
     </span>
    </p>
   </div>
   <div class='ocr_carea' id='block_1_53' title="bbox 182 3079 1737 3153">
    <p class='ocr_par' dir='ltr' id='par_1_53' title="bbox 182 3079 1735 3152">
     <span class='ocr_line' id='line_1_53' title="bbox 182 3079 1735 3152; baseline 0.004 -22"><span class='ocrx_word' id='word_1_405' title='bbox 182 3080 747 3151; x_wconf 78' lang='grc' dir='ltr'><em>εστρατοπεδεύσαντο.</em></span> <span class='ocrx_word' id='word_1_406' title='bbox 766 3080 891 3134; x_wconf 74' lang='grc' dir='ltr'><strong>Ἐπὶ</strong></span> <span class='ocrx_word' id='word_1_407' title='bbox 919 3079 1138 3144; x_wconf 82' lang='grc' dir='ltr'><em>πλειους</em></span> <span class='ocrx_word' id='word_1_408' title='bbox 1154 3079 1421 3152; x_wconf 74' lang='grc' dir='ltr'><em>δ’ἡμέρας</em></span> <span class='ocrx_word' id='word_1_409' title='bbox 1453 3080 1735 3152; x_wconf 78' lang='grc' dir='ltr'><em>διέτριψαν</em></span> 
     </span>
    </p>
   </div>
   <div class='ocr_carea' id='block_1_54' title="bbox 1841 3079 3417 3153">
    <p class='ocr_par' dir='ltr' id='par_1_54' title="bbox 1841 3080 3417 3153">
     <span class='ocr_line' id='line_1_54' title="bbox 1841 3080 3417 3153; baseline 0.007 -20"><span class='ocrx_word' id='word_1_410' title='bbox 1841 3091 1991 3136; x_wconf 90' lang='lat' dir='ltr'><strong>runt.</strong></span> <span class='ocrx_word' id='word_1_411' title='bbox 2028 3081 2163 3136; x_wconf 88' lang='lat' dir='ltr'><strong>Nam</strong></span> <span class='ocrx_word' id='word_1_412' title='bbox 2198 3083 2432 3138; x_wconf 79' lang='lat' dir='ltr'><strong>Romani</strong></span> <span class='ocrx_word' id='word_1_413' title='bbox 2484 3080 2741 3153; x_wconf 85' lang='lat' dir='ltr'><strong>Epirotas</strong></span> <span class='ocrx_word' id='word_1_414' title='bbox 2765 3093 2825 3139; x_wconf 93' lang='lat' dir='ltr'><strong>ut</strong></span> <span class='ocrx_word' id='word_1_415' title='bbox 2848 3084 3089 3142; x_wconf 81' lang='lat' dir='ltr'><strong>victores</strong></span> <span class='ocrx_word' id='word_1_416' title='bbox 3125 3087 3417 3153; x_wconf 87' lang='lat' dir='ltr'><strong>timebant,</strong></span> 
     </span>
    </p>
   </div>
   <div class='ocr_carea' id='block_1_55' title="bbox 180 3147 1737 3244">
    <p class='ocr_par' dir='ltr' id='par_1_55' title="bbox 180 3147 1734 3244">
     <span class='ocr_line' id='line_1_55' title="bbox 180 3147 1734 3244; baseline 0.001 -20"><span class='ocrx_word' id='word_1_417' title='bbox 180 3147 446 3236; x_wconf 70' lang='grc' dir='ltr'><em>ὀκνοῦντες</em></span> <span class='ocrx_word' id='word_1_418' title='bbox 476 3172 760 3243; x_wconf 82' lang='grc' dir='ltr'><em>ἀλλήλους.</em></span> <span class='ocrx_word' id='word_1_419' title='bbox 793 3172 858 3226; x_wconf 82' lang='grc' dir='ltr'>οι</span> <span class='ocrx_word' id='word_1_420' title='bbox 888 3172 989 3242; x_wconf 80' lang='grc' dir='ltr'><strong>μὲν</strong></span> <span class='ocrx_word' id='word_1_421' title='bbox 1015 3172 1125 3244; x_wconf 87' lang='grc' dir='ltr'><em>γὰρ</em></span> <span class='ocrx_word' id='word_1_422' title='bbox 1162 3147 1422 3242; x_wconf 75' lang='grc' dir='ltr'><em>Ῥωμαῖοι</em></span> <span class='ocrx_word' id='word_1_423' title='bbox 1450 3147 1584 3237; x_wconf 77' lang='grc' dir='ltr'><em>τοὺς</em></span> <span class='ocrx_word' id='word_1_424' title='bbox 1607 3147 1734 3242; x_wconf 69' lang='grc' dir='ltr'><em>προς</em></span> 
     </span>
    </p>
   </div>
   <div class='ocr_carea' id='block_1_56' title="bbox 1841 3147 3422 3244">
    <p class='ocr_par' dir='ltr' id='par_1_56' title="bbox 1841 3147 3422 3243">
     <span class='ocr_line' id='line_1_56' title="bbox 1841 3147 3422 3243; baseline 0.008 -22"><span class='ocrx_word' id='word_1_425' title='bbox 1841 3166 2078 3237; x_wconf 74' lang='lat' dir='ltr'><strong>Epirota:</strong></span> <span class='ocrx_word' id='word_1_426' title='bbox 2114 3168 2393 3228; x_wconf 79' lang='lat' dir='ltr'><strong>Romanos</strong></span> <span class='ocrx_word' id='word_1_427' title='bbox 2422 3180 2484 3227; x_wconf 92' lang='lat' dir='ltr'><strong>ut</strong></span> <span class='ocrx_word' id='word_1_428' title='bbox 2515 3147 2859 3243; x_wconf 76' lang='lat' dir='ltr'><strong>desperatos.</strong></span> <span class='ocrx_word' id='word_1_429' title='bbox 2891 3174 3106 3231; x_wconf 82' lang='lat' dir='ltr'><strong>Interea</strong></span> <span class='ocrx_word' id='word_1_430' title='bbox 3126 3190 3251 3232; x_wconf 89' lang='lat' dir='ltr'><strong>eum</strong></span> <span class='ocrx_word' id='word_1_431' title='bbox 3279 3147 3422 3233; x_wconf 53' lang='lat' dir='ltr'><strong>non;</strong></span> 
     </span>
    </p>
   </div>
   <div class='ocr_carea' id='block_1_57' title="bbox 183 3257 1737 3337">
    <p class='ocr_par' dir='ltr' id='par_1_57' title="bbox 183 3262 1736 3336">
     <span class='ocr_line' id='line_1_57' title="bbox 183 3262 1736 3336; baseline 0.002 -23"><span class='ocrx_word' id='word_1_432' title='bbox 183 3265 515 3332; x_wconf 72' lang='grc' dir='ltr'><em>νενικηκότας</em></span> <span class='ocrx_word' id='word_1_433' title='bbox 544 3264 646 3317; x_wconf 77' lang='grc' dir='ltr'><strong>οὐκ</strong></span> <span class='ocrx_word' id='word_1_434' title='bbox 683 3263 977 3336; x_wconf 78' lang='grc' dir='ltr'><em>ἐθάρρουν,</em></span> <span class='ocrx_word' id='word_1_435' title='bbox 998 3265 1047 3316; x_wconf 82' lang='grc' dir='ltr'>οἰ</span> <span class='ocrx_word' id='word_1_436' title='bbox 1078 3262 1134 3315; x_wconf 84' lang='grc' dir='ltr'><em>δὲ</em></span> <span class='ocrx_word' id='word_1_437' title='bbox 1163 3263 1239 3327; x_wconf 86' lang='grc' dir='ltr'><em>ὡς</em></span> <span class='ocrx_word' id='word_1_438' title='bbox 1268 3265 1736 3335; x_wconf 80' lang='grc' dir='ltr'><em>ἀπονενοημένους</em></span> 
     </span>
    </p>
   </div>
   <div class='ocr_carea' id='block_1_58' title="bbox 1841 3257 3423 3337">
    <p class='ocr_par' dir='ltr' id='par_1_58' title="bbox 1841 3257 3423 3337">
     <span class='ocr_line' id='line_1_58' title="bbox 1841 3257 3423 3337; baseline 0.008 -26"><span class='ocrx_word' id='word_1_439' title='bbox 1841 3257 1974 3337; x_wconf 88' lang='lat' dir='ltr'><strong>nulli</strong></span> <span class='ocrx_word' id='word_1_440' title='bbox 2007 3274 2227 3314; x_wconf 88' lang='lat' dir='ltr'><strong>rumore</strong></span> <span class='ocrx_word' id='word_1_441' title='bbox 2252 3275 2469 3330; x_wconf 88' lang='lat' dir='ltr'><strong>sparso,</strong></span> <span class='ocrx_word' id='word_1_442' title='bbox 2516 3262 2744 3318; x_wconf 90' lang='lat' dir='ltr'><strong>Decium</strong></span> <span class='ocrx_word' id='word_1_443' title='bbox 2799 3265 2866 3319; x_wconf 88' lang='lat' dir='ltr'><strong>ad</strong></span> <span class='ocrx_word' id='word_1_444' title='bbox 2906 3263 3288 3322; x_wconf 85' lang='lat' dir='ltr'><strong>devovendum</strong></span> <span class='ocrx_word' id='word_1_445' title='bbox 3338 3283 3423 3323; x_wconf 87' lang='lat' dir='ltr'><strong>se-</strong></span> 
     </span>
    </p>
   </div>
   <div class='ocr_carea' id='block_1_59' title="bbox 184 3349 1737 3428">
    <p class='ocr_par' dir='ltr' id='par_1_59' title="bbox 184 3355 1736 3428">
     <span class='ocr_line' id='line_1_59' title="bbox 184 3355 1736 3428; baseline 0.003 -21"><span class='ocrx_word' id='word_1_446' title='bbox 184 3355 432 3411; x_wconf 78' lang='grc' dir='ltr'><em>ὲδεδίεσαν</em></span> <span class='ocrx_word' id='word_1_447' title='bbox 464 3357 596 3421; x_wconf 75' lang='grc' dir='ltr'><em>τοὺς</em></span> <span class='ocrx_word' id='word_1_448' title='bbox 640 3355 977 3428; x_wconf 78' lang='grc' dir='ltr'><em>Ῥωμαίουςο</em></span> <span class='ocrx_word' id='word_1_449' title='bbox 1026 3356 1129 3409; x_wconf 80' lang='grc' dir='ltr'><strong>κάν</strong></span> <span class='ocrx_word' id='word_1_450' title='bbox 1174 3357 1350 3427; x_wconf 82' lang='grc' dir='ltr'><em>τούτῳ</em></span> <span class='ocrx_word' id='word_1_451' title='bbox 1389 3357 1736 3426; x_wconf 78' lang='grc' dir='ltr'><em>λογοποιοῦν-</em></span> 
     </span>
    </p>
   </div>
   <div class='ocr_carea' id='block_1_60' title="bbox 1841 3349 3419 3428">
    <p class='ocr_par' dir='ltr' id='par_1_60' title="bbox 1841 3349 3419 3427">
     <span class='ocr_line' id='line_1_60' title="bbox 1841 3349 3419 3427; baseline 0.008 -24"><span class='ocrx_word' id='word_1_452' title='bbox 1841 3349 2132 3420; x_wconf 88' lang='lat' dir='ltr'><strong>metipsum</strong></span> <span class='ocrx_word' id='word_1_453' title='bbox 2191 3354 2443 3420; x_wconf 75' lang='lat' dir='ltr'><strong>exemplo</strong></span> <span class='ocrx_word' id='word_1_454' title='bbox 2501 3356 2674 3424; x_wconf 87' lang='lat' dir='ltr'><strong>patris</strong></span> <span class='ocrx_word' id='word_1_455' title='bbox 2722 3364 2779 3411; x_wconf 93' lang='lat' dir='ltr'><strong>et</strong></span> <span class='ocrx_word' id='word_1_456' title='bbox 2831 3357 2919 3410; x_wconf 85' lang='lat' dir='ltr'><strong>avi</strong></span> <span class='ocrx_word' id='word_1_457' title='bbox 2975 3372 3223 3427; x_wconf 86' lang='lat' dir='ltr'><strong>paratum</strong></span> <span class='ocrx_word' id='word_1_458' title='bbox 3275 3375 3419 3422; x_wconf 85' lang='lat' dir='ltr'><strong>esse.</strong></span> 
     </span>
    </p>
   </div>
   <div class='ocr_carea' id='block_1_61' title="bbox 185 3440 1737 3514">
    <p class='ocr_par' dir='ltr' id='par_1_61' title="bbox 185 3447 1736 3513">
     <span class='ocr_line' id='line_1_61' title="bbox 185 3447 1736 3513; baseline 0.004 -15"><span class='ocrx_word' id='word_1_459' title='bbox 185 3463 274 3500; x_wconf 78' lang='grc' dir='ltr'><strong>των</strong></span> <span class='ocrx_word' id='word_1_460' title='bbox 304 3451 489 3513; x_wconf 86' lang='grc' dir='ltr'><em>τινῶν,</em></span> <span class='ocrx_word' id='word_1_461' title='bbox 526 3450 609 3502; x_wconf 85' lang='grc' dir='ltr'><em>ὅτι</em></span> <span class='ocrx_word' id='word_1_462' title='bbox 647 3451 676 3502; x_wconf 84' lang='grc' dir='ltr'><strong>ὁ</strong></span> <span class='ocrx_word' id='word_1_463' title='bbox 704 3449 893 3513; x_wconf 79' lang='grc' dir='ltr'><strong>Δέκιος</strong></span> <span class='ocrx_word' id='word_1_464' title='bbox 919 3447 1200 3503; x_wconf 66' lang='grc' dir='ltr'><em>ἐπιδοῦναι</em></span> <span class='ocrx_word' id='word_1_465' title='bbox 1239 3448 1432 3505; x_wconf 81' lang='grc' dir='ltr'><em>ἑαυτὸν</em></span> <span class='ocrx_word' id='word_1_466' title='bbox 1478 3450 1616 3503; x_wconf 76' lang='grc' dir='ltr'><em>κατὰ</em></span> <span class='ocrx_word' id='word_1_467' title='bbox 1644 3449 1736 3504; x_wconf 82' lang='grc' dir='ltr'><strong>τὸν</strong></span> 
     </span>
    </p>
   </div>
   <div class='ocr_carea' id='block_1_62' title="bbox 1841 3440 3423 3514">
    <p class='ocr_par' dir='ltr' id='par_1_62' title="bbox 1841 3440 3423 3514">
     <span class='ocr_line' id='line_1_62' title="bbox 1841 3440 3423 3514; baseline 0.009 -21"><span class='ocrx_word' id='word_1_468' title='bbox 1841 3440 2098 3513; x_wconf 87' lang='lat' dir='ltr'><strong>Epirotas</strong></span> <span class='ocrx_word' id='word_1_469' title='bbox 2126 3444 2644 3514; x_wconf 79' lang='lat' dir='ltr'><strong>perterrefacerent,</strong></span> <span class='ocrx_word' id='word_1_470' title='bbox 2676 3463 2744 3503; x_wconf 82' lang='lat' dir='ltr'><strong>ex</strong></span> <span class='ocrx_word' id='word_1_471' title='bbox 2786 3448 2936 3503; x_wconf 90' lang='lat' dir='ltr'><strong>illius</strong></span> <span class='ocrx_word' id='word_1_472' title='bbox 2963 3450 3109 3505; x_wconf 90' lang='lat' dir='ltr'><strong>enim</strong></span> <span class='ocrx_word' id='word_1_473' title='bbox 3135 3451 3288 3506; x_wconf 91' lang='lat' dir='ltr'><strong>ohitu</strong></span> <span class='ocrx_word' id='word_1_474' title='bbox 3313 3468 3423 3507; x_wconf 92' lang='lat' dir='ltr'><strong>om-</strong></span> 
     </span>
    </p>
   </div>
   <div class='ocr_carea' id='block_1_63' title="bbox 185 3537 1737 3614">
    <p class='ocr_par' dir='ltr' id='par_1_63' title="bbox 185 3540 1737 3614">
     <span class='ocr_line' id='line_1_63' title="bbox 185 3540 1737 3614; baseline 0.001 -19"><span class='ocrx_word' id='word_1_475' title='bbox 185 3542 399 3614; x_wconf 77' lang='grc' dir='ltr'><em>πατέρα,</em></span> <span class='ocrx_word' id='word_1_476' title='bbox 426 3544 523 3597; x_wconf 75' lang='grc' dir='ltr'><em>καὶ</em></span> <span class='ocrx_word' id='word_1_477' title='bbox 554 3542 648 3596; x_wconf 85' lang='grc' dir='ltr'><strong>τδν</strong></span> <span class='ocrx_word' id='word_1_478' title='bbox 679 3542 906 3597; x_wconf 81' lang='grc' dir='ltr'><em>πάππον</em></span> <span class='ocrx_word' id='word_1_479' title='bbox 939 3542 1051 3614; x_wconf 77' lang='grc' dir='ltr'><strong>(ιι)</strong></span> <span class='ocrx_word' id='word_1_480' title='bbox 1083 3540 1447 3612; x_wconf 82' lang='grc' dir='ltr'><em>ἑτοιμάζοιτο,</em></span> <span class='ocrx_word' id='word_1_481' title='bbox 1486 3542 1582 3596; x_wconf 78' lang='grc' dir='ltr'><em>καὶ</em></span> <span class='ocrx_word' id='word_1_482' title='bbox 1610 3542 1737 3606; x_wconf 79' lang='grc' dir='ltr'><em>τοὺς</em></span> 
     </span>
    </p>
   </div>
   <div class='ocr_carea' id='block_1_64' title="bbox 1841 3537 3415 3614">
    <p class='ocr_par' dir='ltr' id='par_1_64' title="bbox 1841 3537 3415 3608">
     <span class='ocr_line' id='line_1_64' title="bbox 1841 3537 3415 3608; baseline 0.007 -21"><span class='ocrx_word' id='word_1_483' title='bbox 1841 3548 1939 3588; x_wconf 89' lang='lat' dir='ltr'><strong>nes</strong></span> <span class='ocrx_word' id='word_1_484' title='bbox 1970 3537 2263 3605; x_wconf 87' lang='lat' dir='ltr'><strong>perituros,</strong></span> <span class='ocrx_word' id='word_1_485' title='bbox 2316 3538 2559 3608; x_wconf 85' lang='lat' dir='ltr'><strong>Pyrrhus</strong></span> <span class='ocrx_word' id='word_1_486' title='bbox 2589 3553 2719 3595; x_wconf 90' lang='lat' dir='ltr'><strong>suos</strong></span> <span class='ocrx_word' id='word_1_487' title='bbox 2745 3539 2950 3595; x_wconf 88' lang='lat' dir='ltr'><strong>milites</strong></span> <span class='ocrx_word' id='word_1_488' title='bbox 2998 3539 3248 3597; x_wconf 81' lang='lat' dir='ltr'><strong>hortatus</strong></span> <span class='ocrx_word' id='word_1_489' title='bbox 3277 3553 3363 3597; x_wconf 87' lang='lat' dir='ltr'><strong>est</strong></span> <span class='ocrx_word' id='word_1_490' title='bbox 3399 3558 3415 3598; x_wconf 87' lang='lat'><strong>:</strong></span> 
     </span>
    </p>
   </div>
   <div class='ocr_carea' id='block_1_65' title="bbox 185 3631 1738 3707">
    <p class='ocr_par' dir='ltr' id='par_1_65' title="bbox 185 3631 1738 3707">
     <span class='ocr_line' id='line_1_65' title="bbox 185 3631 1738 3707; baseline 0.001 -20"><span class='ocrx_word' id='word_1_491' title='bbox 185 3635 265 3688; x_wconf 81' lang='grc' dir='ltr'><em>τοῦ</em></span> <span class='ocrx_word' id='word_1_492' title='bbox 292 3635 508 3707; x_wconf 77' lang='grc' dir='ltr'><em>Πύρρου</em></span> <span class='ocrx_word' id='word_1_493' title='bbox 538 3634 730 3698; x_wconf 84' lang='grc' dir='ltr'>δεινῶς</span> <span class='ocrx_word' id='word_1_494' title='bbox 778 3633 1182 3704; x_wconf 75' lang='grc' dir='ltr'><em>ἐκφοϐούντων,</em></span> <span class='ocrx_word' id='word_1_495' title='bbox 1223 3633 1299 3697; x_wconf 83' lang='grc' dir='ltr'><em>ὡς</em></span> <span class='ocrx_word' id='word_1_496' title='bbox 1333 3635 1398 3687; x_wconf 82' lang='grc' dir='ltr'><em>ὲκ</em></span> <span class='ocrx_word' id='word_1_497' title='bbox 1431 3631 1523 3686; x_wconf 80' lang='grc' dir='ltr'><strong>τοῦ</strong></span> <span class='ocrx_word' id='word_1_498' title='bbox 1555 3632 1738 3688; x_wconf 86' lang='grc' dir='ltr'><strong>Θανείν</strong></span> 
     </span>
    </p>
   </div>
   <div class='ocr_carea' id='block_1_66' title="bbox 187 3724 1739 3798">
    <p class='ocr_par' dir='ltr' id='par_1_66' title="bbox 187 3724 1739 3798">
     <span class='ocr_line' id='line_1_66' title="bbox 187 3724 1739 3798; baseline 0.001 -21"><span class='ocrx_word' id='word_1_499' title='bbox 187 3728 373 3781; x_wconf 68' lang='grc' dir='ltr'><em>ἐκεῖνον</em></span> <span class='ocrx_word' id='word_1_500' title='bbox 406 3728 627 3792; x_wconf 83' lang='grc' dir='ltr'><em>πάντως</em></span> <span class='ocrx_word' id='word_1_501' title='bbox 655 3725 1089 3798; x_wconf 78' lang='grc' dir='ltr'><strong>ἀπολουμένους,</strong></span> <span class='ocrx_word' id='word_1_502' title='bbox 1122 3725 1399 3795; x_wconf 82' lang='grc' dir='ltr'><em>συνήγαγε</em></span> <span class='ocrx_word' id='word_1_503' title='bbox 1423 3724 1551 3788; x_wconf 81' lang='grc' dir='ltr'><em>τοὺς</em></span> <span class='ocrx_word' id='word_1_504' title='bbox 1581 3740 1739 3795; x_wconf 82' lang='grc' dir='ltr'><em>στρα·</em></span> 
     </span>
    </p>
   </div>
   <div class='ocr_carea' id='block_1_67' title="bbox 188 3814 1742 3891">
    <p class='ocr_par' dir='ltr' id='par_1_67' title="bbox 188 3814 1742 3891">
     <span class='ocr_line' id='line_1_67' title="bbox 188 3814 1742 3891; baseline -0.001 -22"><span class='ocrx_word' id='word_1_505' title='bbox 188 3817 366 3882; x_wconf 83' lang='grc' dir='ltr'><em>τιώτας</em></span> <span class='ocrx_word' id='word_1_506' title='bbox 406 3821 437 3874; x_wconf 83' lang='grc' dir='ltr'>ὁ</span> <span class='ocrx_word' id='word_1_507' title='bbox 484 3818 727 3891; x_wconf 72' lang='grc' dir='ltr'><em>Πύρρος,</em></span> <span class='ocrx_word' id='word_1_508' title='bbox 770 3818 865 3872; x_wconf 72' lang='grc' dir='ltr'><em>καὶ</em></span> <span class='ocrx_word' id='word_1_509' title='bbox 887 3815 1156 3888; x_wconf 80' lang='grc' dir='ltr'><strong>διειλέχθη</strong></span> <span class='ocrx_word' id='word_1_510' title='bbox 1190 3816 1321 3888; x_wconf 74' lang='grc' dir='ltr'><em>περὶ</em></span> <span class='ocrx_word' id='word_1_511' title='bbox 1347 3814 1559 3881; x_wconf 86' lang='grc' dir='ltr'><em>τούτου,</em></span> <span class='ocrx_word' id='word_1_512' title='bbox 1601 3831 1742 3886; x_wconf 69' lang='grc' dir='ltr'><em>συμο</em></span> 
     </span>
    </p>
   </div>
   <div class='ocr_carea' id='block_1_68' title="bbox 188 3907 1741 3979">
    <p class='ocr_par' dir='ltr' id='par_1_68' title="bbox 188 3907 1741 3979">
     <span class='ocr_line' id='line_1_68' title="bbox 188 3907 1741 3979; baseline 0.002 -18"><span class='ocrx_word' id='word_1_513' title='bbox 188 3907 461 3975; x_wconf 77' lang='grc' dir='ltr'><em>δουλεύων,</em></span> <span class='ocrx_word' id='word_1_514' title='bbox 552 3908 701 3977; x_wconf 84' lang='grc' dir='ltr'><strong>Μήτ’</strong></span> <span class='ocrx_word' id='word_1_515' title='bbox 762 3909 1034 3979; x_wconf 82' lang='grc' dir='ltr'><strong>ἀθυμεῖν,</strong></span> <span class='ocrx_word' id='word_1_516' title='bbox 1088 3907 1227 3979; x_wconf 82' lang='grc' dir='ltr'><em>μήτ’</em></span> <span class='ocrx_word' id='word_1_517' title='bbox 1298 3908 1741 3979; x_wconf 74' lang='grc' dir='ltr'><em>ἐκπλήττεσθαι</em></span> 
     </span>
    </p>
   </div>
   <div class='ocr_carea' id='block_1_69' title="bbox 192 3999 1743 4071">
    <p class='ocr_par' dir='ltr' id='par_1_69' title="bbox 192 3999 1743 4071">
     <span class='ocr_line' id='line_1_69' title="bbox 192 3999 1743 4071; baseline 0.002 -21"><span class='ocrx_word' id='word_1_518' title='bbox 192 4004 454 4065; x_wconf 79' lang='grc' dir='ltr'><em>τοιούτοις</em></span> <span class='ocrx_word' id='word_1_519' title='bbox 485 4004 692 4071; x_wconf 74' lang='grc' dir='ltr'><em>λόγοις</em></span> <span class='ocrx_word' id='word_1_520' title='bbox 714 4018 728 4032; x_wconf 91' lang='grc'><strong>·</strong></span> <span class='ocrx_word' id='word_1_521' title='bbox 763 4002 918 4071; x_wconf 82' lang='grc' dir='ltr'><em>μήτε</em></span> <span class='ocrx_word' id='word_1_522' title='bbox 949 4001 1061 4071; x_wconf 79' lang='grc' dir='ltr'><strong>γὰρ</strong></span> <span class='ocrx_word' id='word_1_523' title='bbox 1088 3999 1197 4054; x_wconf 84' lang='grc' dir='ltr'><em>ἕνα</em></span> <span class='ocrx_word' id='word_1_524' title='bbox 1218 3999 1532 4068; x_wconf 81' lang='grc' dir='ltr'><em>ἄνθρωπον</em></span> <span class='ocrx_word' id='word_1_525' title='bbox 1558 4001 1743 4054; x_wconf 74' lang='grc' dir='ltr'><em>δύνα-</em></span> 
     </span>
    </p>
   </div>
   <div class='ocr_carea' id='block_1_70' title="bbox 192 4090 1743 4162">
    <p class='ocr_par' dir='ltr' id='par_1_70' title="bbox 192 4090 1743 4162">
     <span class='ocr_line' id='line_1_70' title="bbox 192 4090 1743 4162; baseline 0.002 -20"><span class='ocrx_word' id='word_1_526' title='bbox 192 4094 313 4144; x_wconf 84' lang='grc' dir='ltr'><em>σθαι</em></span> <span class='ocrx_word' id='word_1_527' title='bbox 337 4092 686 4161; x_wconf 80' lang='grc' dir='ltr'><em>θνήσκοντα</em></span> <span class='ocrx_word' id='word_1_528' title='bbox 720 4095 995 4159; x_wconf 70' lang='grc' dir='ltr'><em>πολλοὺς</em></span> <span class='ocrx_word' id='word_1_529' title='bbox 1034 4092 1577 4162; x_wconf 78' lang='grc' dir='ltr'><em>καταγωνίσασθαι,</em></span> <span class='ocrx_word' id='word_1_530' title='bbox 1604 4090 1743 4161; x_wconf 83' lang='grc' dir='ltr'><em>μήτ’</em></span> 
     </span>
    </p>
   </div>
   <div class='ocr_carea' id='block_1_71' title="bbox 1839 3626 3420 3701">
    <p class='ocr_par' dir='ltr' id='par_1_71' title="bbox 1839 3626 3420 3701">
     <span class='ocr_line' id='line_1_71' title="bbox 1839 3626 3420 3701; baseline 0.004 -20"><span class='ocrx_word' id='word_1_531' title='bbox 1839 3626 1918 3681; x_wconf 86' lang='lat' dir='ltr'><strong>Ne</strong></span> <span class='ocrx_word' id='word_1_532' title='bbox 1951 3630 2313 3698; x_wconf 71' lang='lat' dir='ltr'><strong>desperarent,</strong></span> <span class='ocrx_word' id='word_1_533' title='bbox 2346 3638 2437 3682; x_wconf 84' lang='lat' dir='ltr'><strong>aut</strong></span> <span class='ocrx_word' id='word_1_534' title='bbox 2470 3629 2881 3698; x_wconf 82' lang='lat' dir='ltr'><strong>percellerenlur</strong></span> <span class='ocrx_word' id='word_1_535' title='bbox 2907 3631 3420 3701; x_wconf 76' lang='lat' dir='ltr'><strong>Itujusmodiverbis.</strong></span> 
     </span>
    </p>
   </div>
   <div class='ocr_carea' id='block_1_72' title="bbox 1846 3716 3424 3788">
    <p class='ocr_par' dir='ltr' id='par_1_72' title="bbox 1846 3716 3424 3788">
     <span class='ocr_line' id='line_1_72' title="bbox 1846 3716 3424 3788; baseline 0.005 -18"><span class='ocrx_word' id='word_1_536' title='bbox 1846 3716 2033 3788; x_wconf 82' lang='lat' dir='ltr'><strong>Neque</strong></span> <span class='ocrx_word' id='word_1_537' title='bbox 2085 3721 2224 3772; x_wconf 84' lang='lat' dir='ltr'><strong>enim</strong></span> <span class='ocrx_word' id='word_1_538' title='bbox 2279 3721 2447 3774; x_wconf 77' lang='lat' dir='ltr'><strong>unius</strong></span> <span class='ocrx_word' id='word_1_539' title='bbox 2502 3722 2731 3776; x_wconf 72' lang='lat' dir='ltr'><strong>hominis</strong></span> <span class='ocrx_word' id='word_1_540' title='bbox 2776 3721 2919 3775; x_wconf 72' lang='lat' dir='ltr'><strong>abitu</strong></span> <span class='ocrx_word' id='word_1_541' title='bbox 2950 3722 3142 3777; x_wconf 67' lang='lat' dir='ltr'><strong>multo:</strong></span> <span class='ocrx_word' id='word_1_542' title='bbox 3172 3723 3424 3779; x_wconf 84' lang='lat' dir='ltr'><strong>debellari</strong></span> 
     </span>
    </p>
   </div>
   <div class='ocr_carea' id='block_1_73' title="bbox 1842 3812 3423 3885">
    <p class='ocr_par' dir='ltr' id='par_1_73' title="bbox 1842 3812 3423 3885">
     <span class='ocr_line' id='line_1_73' title="bbox 1842 3812 3423 3885; baseline 0.004 -22"><span class='ocrx_word' id='word_1_543' title='bbox 1842 3825 1991 3879; x_wconf 80' lang='lat' dir='ltr'><strong>posse</strong></span> <span class='ocrx_word' id='word_1_544' title='bbox 2029 3826 2047 3863; x_wconf 89' lang='lat'><strong><em>:</em></strong></span> <span class='ocrx_word' id='word_1_545' title='bbox 2104 3827 2268 3881; x_wconf 80' lang='lat' dir='ltr'><strong>neque</strong></span> <span class='ocrx_word' id='word_1_546' title='bbox 2316 3812 2751 3877; x_wconf 73' lang='lat' dir='ltr'><strong>inmutationem,</strong></span> <span class='ocrx_word' id='word_1_547' title='bbox 2789 3823 2880 3867; x_wconf 85' lang='lat' dir='ltr'><strong>aut</strong></span> <span class='ocrx_word' id='word_1_548' title='bbox 2907 3816 3206 3885; x_wconf 72' lang='lat' dir='ltr'><strong>prazstigias</strong></span> <span class='ocrx_word' id='word_1_549' title='bbox 3258 3816 3423 3882; x_wconf 80' lang='lat' dir='ltr'><strong>ullas,</strong></span> 
     </span>
    </p>
   </div>
   <div class='ocr_carea' id='block_1_74' title="bbox 1841 3902 3420 3973">
    <p class='ocr_par' dir='ltr' id='par_1_74' title="bbox 1841 3902 3420 3973">
     <span class='ocr_line' id='line_1_74' title="bbox 1841 3902 3420 3973; baseline 0.003 -18"><span class='ocrx_word' id='word_1_550' title='bbox 1841 3902 1958 3972; x_wconf 76' lang='lat' dir='ltr'><strong>plus</strong></span> <span class='ocrx_word' id='word_1_551' title='bbox 1988 3919 2145 3973; x_wconf 82' lang='lat' dir='ltr'><strong>quant</strong></span> <span class='ocrx_word' id='word_1_552' title='bbox 2173 3905 2311 3958; x_wconf 77' lang='lat' dir='ltr'><strong>viros</strong></span> <span class='ocrx_word' id='word_1_553' title='bbox 2338 3914 2386 3958; x_wconf 84' lang='lat' dir='ltr'><strong>et</strong></span> <span class='ocrx_word' id='word_1_554' title='bbox 2429 3920 2582 3958; x_wconf 89' lang='lat' dir='ltr'><strong>arma</strong></span> <span class='ocrx_word' id='word_1_555' title='bbox 2613 3905 2809 3961; x_wconf 83' lang='lat' dir='ltr'><strong>valere.</strong></span> <span class='ocrx_word' id='word_1_556' title='bbox 2837 3906 2969 3972; x_wconf 65' lang='lat' dir='ltr'><strong>Quae</strong></span> <span class='ocrx_word' id='word_1_557' title='bbox 2996 3921 3123 3961; x_wconf 88' lang='lat' dir='ltr'><strong>eum</strong></span> <span class='ocrx_word' id='word_1_558' title='bbox 3168 3907 3420 3970; x_wconf 76' lang='lat' dir='ltr'><strong>dixisset,</strong></span> 
     </span>
    </p>
   </div>
   <div class='ocr_carea' id='block_1_75' title="bbox 1842 3996 3405 4066">
    <p class='ocr_par' dir='ltr' id='par_1_75' title="bbox 1842 3996 3405 4066">
     <span class='ocr_line' id='line_1_75' title="bbox 1842 3996 3405 4066; baseline 0.003 -19"><span class='ocrx_word' id='word_1_559' title='bbox 1842 4000 1899 4048; x_wconf 91' lang='lat' dir='ltr'><strong>et</strong></span> <span class='ocrx_word' id='word_1_560' title='bbox 1918 3996 2222 4048; x_wconf 87' lang='lat' dir='ltr'><strong>orationem</strong></span> <span class='ocrx_word' id='word_1_561' title='bbox 2244 4009 2399 4049; x_wconf 90' lang='lat' dir='ltr'><strong>suam</strong></span> <span class='ocrx_word' id='word_1_562' title='bbox 2431 3996 2738 4053; x_wconf 75' lang='lat' dir='ltr'><strong>rationibus</strong></span> <span class='ocrx_word' id='word_1_563' title='bbox 2767 3998 3152 4066; x_wconf 86' lang='lat' dir='ltr'><strong>approbasset,</strong></span> <span class='ocrx_word' id='word_1_564' title='bbox 3184 4000 3405 4053; x_wconf 80' lang='lat' dir='ltr'><strong>exerci-</strong></span> 
     </span>
    </p>
   </div>
   <div class='ocr_carea' id='block_1_76' title="bbox 1847 4084 3421 4160">
    <p class='ocr_par' dir='ltr' id='par_1_76' title="bbox 1847 4084 3421 4160">
     <span class='ocr_line' id='line_1_76' title="bbox 1847 4084 3421 4160; baseline 0.006 -23"><span class='ocrx_word' id='word_1_565' title='bbox 1847 4094 1961 4137; x_wconf 91' lang='lat' dir='ltr'><strong>tum</strong></span> <span class='ocrx_word' id='word_1_566' title='bbox 1993 4084 2384 4140; x_wconf 82' lang='lat' dir='ltr'><strong>confirmavit:</strong></span> <span class='ocrx_word' id='word_1_567' title='bbox 2421 4086 2789 4158; x_wconf 82' lang='lat' dir='ltr'><strong>indagatoque</strong></span> <span class='ocrx_word' id='word_1_568' title='bbox 2837 4088 3051 4154; x_wconf 88' lang='lat' dir='ltr'><strong>habitu,</strong></span> <span class='ocrx_word' id='word_1_569' title='bbox 3105 4106 3214 4160; x_wconf 91' lang='lat' dir='ltr'><strong>quo</strong></span> <span class='ocrx_word' id='word_1_570' title='bbox 3268 4092 3421 4147; x_wconf 89' lang='lat' dir='ltr'><strong>Decii</strong></span> 
     </span>
    </p>
   </div>
   <div class='ocr_carea' id='block_1_77' title="bbox 194 4177 1737 4261">
    <p class='ocr_par' dir='ltr' id='par_1_77' title="bbox 194 4181 1737 4255">
     <span class='ocr_line' id='line_1_77' title="bbox 194 4181 1737 4255; baseline 0.002 -22"><span class='ocrx_word' id='word_1_571' title='bbox 194 4181 410 4250; x_wconf 75' lang='grc' dir='ltr'><em>ἐπῳδὴν</em></span> <span class='ocrx_word' id='word_1_572' title='bbox 447 4185 485 4253; x_wconf 77' lang='grc' dir='ltr'>ἢ</span> <span class='ocrx_word' id='word_1_573' title='bbox 525 4185 894 4255; x_wconf 75' lang='grc' dir='ltr'><em>μαγγανείαν</em></span> <span class='ocrx_word' id='word_1_574' title='bbox 936 4187 1071 4239; x_wconf 83' lang='grc' dir='ltr'><em>τινὰ</em></span> <span class='ocrx_word' id='word_1_575' title='bbox 1109 4185 1353 4252; x_wconf 79' lang='grc' dir='ltr'><em>κρείττω</em></span> <span class='ocrx_word' id='word_1_576' title='bbox 1395 4181 1517 4236; x_wconf 86' lang='grc' dir='ltr'><em>τῶν</em></span> <span class='ocrx_word' id='word_1_577' title='bbox 1539 4184 1737 4237; x_wconf 73' lang='grc' dir='ltr'><em>ὅπλων</em></span> 
     </span>
    </p>
   </div>
   <div class='ocr_carea' id='block_1_78' title="bbox 1841 4177 3425 4261">
    <p class='ocr_par' dir='ltr' id='par_1_78' title="bbox 1844 4177 3425 4261">
     <span class='ocr_line' id='line_1_78' title="bbox 1844 4177 3425 4261; baseline 0.006 -30"><span class='ocrx_word' id='word_1_578' title='bbox 1844 4192 1903 4261; x_wconf 83' lang='lat' dir='ltr'><strong>se</strong></span> <span class='ocrx_word' id='word_1_579' title='bbox 1931 4177 2299 4242; x_wconf 87' lang='lat' dir='ltr'><strong>devovissent,</strong></span> <span class='ocrx_word' id='word_1_580' title='bbox 2332 4180 2565 4244; x_wconf 89' lang='lat' dir='ltr'><strong>monuit,</strong></span> <span class='ocrx_word' id='word_1_581' title='bbox 2617 4180 2661 4235; x_wconf 92' lang='lat' dir='ltr'><strong>si</strong></span> <span class='ocrx_word' id='word_1_582' title='bbox 2689 4195 2856 4250; x_wconf 81' lang='lat' dir='ltr'><strong>quem</strong></span> <span class='ocrx_word' id='word_1_583' title='bbox 2906 4182 2981 4236; x_wconf 90' lang='lat' dir='ltr'><strong>ita</strong></span> <span class='ocrx_word' id='word_1_584' title='bbox 3012 4192 3271 4237; x_wconf 87' lang='lat' dir='ltr'><strong>ornatum</strong></span> <span class='ocrx_word' id='word_1_585' title='bbox 3303 4200 3425 4239; x_wconf 32' lang='lat' dir='ltr'><strong>ceri</strong></span> 
     </span>
    </p>
   </div>
   <div class='ocr_carea' id='block_1_79' title="bbox 194 4270 1737 4348">
    <p class='ocr_par' dir='ltr' id='par_1_79' title="bbox 194 4273 1737 4348">
     <span class='ocr_line' id='line_1_79' title="bbox 194 4273 1737 4348; baseline -0.001 -17"><span class='ocrx_word' id='word_1_586' title='bbox 194 4275 278 4331; x_wconf 77' lang='lat' dir='ltr'><strong>ml</strong></span> <span class='ocrx_word' id='word_1_587' title='bbox 299 4275 411 4331; x_wconf 84' lang='grc' dir='ltr'><strong>τῶν</strong></span> <span class='ocrx_word' id='word_1_588' title='bbox 443 4278 512 4335; x_wconf 68' lang='grc' dir='ltr'><em>ἀν</em></span> <span class='ocrx_word' id='word_1_589' title='bbox 524 4277 682 4348; x_wconf 83' lang='grc' dir='ltr'><em>δρῶν</em></span> <span class='ocrx_word' id='word_1_590' title='bbox 716 4278 1015 4348; x_wconf 76' lang='grc' dir='ltr'><em>γενέσθαι.</em></span> <span class='ocrx_word' id='word_1_591' title='bbox 1052 4275 1218 4329; x_wconf 77' lang='grc' dir='ltr'><em>Ταῦτ’</em></span> <span class='ocrx_word' id='word_1_592' title='bbox 1250 4273 1442 4341; x_wconf 78' lang='grc' dir='ltr'><em>εἰπὼν,</em></span> <span class='ocrx_word' id='word_1_593' title='bbox 1471 4277 1566 4328; x_wconf 78' lang='grc' dir='ltr'><em>καὶ</em></span> <span class='ocrx_word' id='word_1_594' title='bbox 1594 4275 1737 4345; x_wconf 87' lang='grc' dir='ltr'><em>λογι-</em></span> 
     </span>
    </p>
   </div>
   <div class='ocr_carea' id='block_1_80' title="bbox 1841 4270 3428 4348">
    <p class='ocr_par' dir='ltr' id='par_1_80' title="bbox 1846 4270 3428 4337">
     <span class='ocr_line' id='line_1_80' title="bbox 1846 4270 3428 4337; baseline 0.004 -13"><span class='ocrx_word' id='word_1_595' title='bbox 1846 4279 2064 4333; x_wconf 89' lang='lat' dir='ltr'><strong>nerent,</strong></span> <span class='ocrx_word' id='word_1_596' title='bbox 2116 4284 2186 4324; x_wconf 92' lang='lat' dir='ltr'><strong>ne</strong></span> <span class='ocrx_word' id='word_1_597' title='bbox 2235 4285 2361 4324; x_wconf 91' lang='lat' dir='ltr'><strong>eum</strong></span> <span class='ocrx_word' id='word_1_598' title='bbox 2417 4270 2757 4337; x_wconf 90' lang='lat' dir='ltr'><strong>occiderent,</strong></span> <span class='ocrx_word' id='word_1_599' title='bbox 2821 4273 2914 4326; x_wconf 91' lang='lat' dir='ltr'><strong>sed</strong></span> <span class='ocrx_word' id='word_1_600' title='bbox 2951 4272 3226 4329; x_wconf 87' lang='lat' dir='ltr'><strong>viventem</strong></span> <span class='ocrx_word' id='word_1_601' title='bbox 3277 4290 3428 4330; x_wconf 91' lang='lat' dir='ltr'><strong>com-</strong></span> 
     </span>
    </p>
   </div>
   <div class='ocr_carea' id='block_1_81' title="bbox 196 4359 1737 4443">
    <p class='ocr_par' dir='ltr' id='par_1_81' title="bbox 196 4366 1737 4443">
     <span class='ocr_line' id='line_1_81' title="bbox 196 4366 1737 4443; baseline 0 -22"><span class='ocrx_word' id='word_1_602' title='bbox 196 4371 330 4437; x_wconf 78' lang='grc' dir='ltr'><em>σμοῖς</em></span> <span class='ocrx_word' id='word_1_603' title='bbox 352 4369 720 4443; x_wconf 83' lang='grc' dir='ltr'><em>ὲπικρατὺνας</em></span> <span class='ocrx_word' id='word_1_604' title='bbox 748 4370 873 4433; x_wconf 77' lang='grc' dir='ltr'><em>τοὺς</em></span> <span class='ocrx_word' id='word_1_605' title='bbox 903 4368 1098 4436; x_wconf 77' lang='grc' dir='ltr'><em>λόγους</em></span> <span class='ocrx_word' id='word_1_606' title='bbox 1127 4369 1155 4422; x_wconf 84' lang='grc' dir='ltr'>ὁ</span> <span class='ocrx_word' id='word_1_607' title='bbox 1181 4366 1419 4440; x_wconf 74' lang='grc' dir='ltr'><em>Πύρρος,</em></span> <span class='ocrx_word' id='word_1_608' title='bbox 1445 4367 1507 4420; x_wconf 86' lang='grc' dir='ltr'><em>τὸ</em></span> <span class='ocrx_word' id='word_1_609' title='bbox 1536 4368 1737 4421; x_wconf 75' lang='grc' dir='ltr'>οἰκεῖον</span> 
     </span>
    </p>
   </div>
   <div class='ocr_carea' id='block_1_82' title="bbox 1841 4359 3427 4443">
    <p class='ocr_par' dir='ltr' id='par_1_82' title="bbox 1849 4359 3427 4433">
     <span class='ocr_line' id='line_1_82' title="bbox 1849 4359 3427 4433; baseline 0.004 -19"><span class='ocrx_word' id='word_1_610' title='bbox 1849 4359 2280 4428; x_wconf 87' lang='lat' dir='ltr'><strong>prehenderent.</strong></span> <span class='ocrx_word' id='word_1_611' title='bbox 2310 4361 2479 4416; x_wconf 88' lang='lat' dir='ltr'><strong>Decio</strong></span> <span class='ocrx_word' id='word_1_612' title='bbox 2541 4376 2676 4417; x_wconf 91' lang='lat' dir='ltr'><strong>vero</strong></span> <span class='ocrx_word' id='word_1_613' title='bbox 2709 4362 2957 4417; x_wconf 87' lang='lat' dir='ltr'><strong>nuntiari</strong></span> <span class='ocrx_word' id='word_1_614' title='bbox 2989 4364 3175 4433; x_wconf 89' lang='lat' dir='ltr'><strong>jussit,</strong></span> <span class='ocrx_word' id='word_1_615' title='bbox 3213 4364 3427 4420; x_wconf 80' lang='lat' dir='ltr'><strong>facinus</strong></span> 
     </span>
    </p>
   </div>
   <div class='ocr_carea' id='block_1_83' title="bbox 196 4452 1737 4545">
    <p class='ocr_par' dir='ltr' id='par_1_83' title="bbox 196 4459 1737 4535">
     <span class='ocr_line' id='line_1_83' title="bbox 196 4459 1737 4535; baseline 0 -23"><span class='ocrx_word' id='word_1_616' title='bbox 196 4461 437 4533; x_wconf 76' lang='grc' dir='ltr'><em>ὲθὰρσυνε</em></span> <span class='ocrx_word' id='word_1_617' title='bbox 488 4463 844 4535; x_wconf 79' lang='grc' dir='ltr'><em>στράτευμαο</em></span> <span class='ocrx_word' id='word_1_618' title='bbox 898 4462 995 4514; x_wconf 82' lang='grc' dir='ltr'><em>καὶ</em></span> <span class='ocrx_word' id='word_1_619' title='bbox 1043 4459 1609 4531; x_wconf 83' lang='grc' dir='ltr'><em>πολυπραγμονήσας,</em></span> <span class='ocrx_word' id='word_1_620' title='bbox 1645 4459 1737 4531; x_wconf 78' lang='grc' dir='ltr'><em>τὴν</em></span> 
     </span>
    </p>
   </div>
   <div class='ocr_carea' id='block_1_84' title="bbox 1841 4452 3418 4545">
    <p class='ocr_par' dir='ltr' id='par_1_84' title="bbox 1849 4452 3418 4527">
     <span class='ocr_line' id='line_1_84' title="bbox 1849 4452 3418 4527; baseline 0.002 -20"><span class='ocrx_word' id='word_1_621' title='bbox 1849 4453 1984 4509; x_wconf 90' lang='lat' dir='ltr'><strong>illud</strong></span> <span class='ocrx_word' id='word_1_622' title='bbox 2016 4452 2068 4509; x_wconf 89' lang='lat' dir='ltr'><strong>ei</strong></span> <span class='ocrx_word' id='word_1_623' title='bbox 2103 4468 2215 4509; x_wconf 91' lang='lat' dir='ltr'><strong>non</strong></span> <span class='ocrx_word' id='word_1_624' title='bbox 2264 4469 2645 4509; x_wconf 85' lang='lat' dir='ltr'><strong>successurum</strong></span> <span class='ocrx_word' id='word_1_625' title='bbox 2679 4473 2693 4509; x_wconf 93' lang='lat'><strong>:</strong></span> <span class='ocrx_word' id='word_1_626' title='bbox 2731 4456 2855 4511; x_wconf 85' lang='lat' dir='ltr'><strong>etsi</strong></span> <span class='ocrx_word' id='word_1_627' title='bbox 2905 4456 3066 4512; x_wconf 89' lang='lat' dir='ltr'><strong>vivus</strong></span> <span class='ocrx_word' id='word_1_628' title='bbox 3104 4467 3418 4527; x_wconf 84' lang='lat' dir='ltr'><strong>caperetur,</strong></span> 
     </span>
    </p>
   </div>
   <div class='ocr_carea' id='block_1_85' title="bbox 198 4546 1737 4629">
    <p class='ocr_par' dir='ltr' id='par_1_85' title="bbox 198 4548 1737 4629">
     <span class='ocr_line' id='line_1_85' title="bbox 198 4548 1737 4629; baseline 0.001 -26"><span class='ocrx_word' id='word_1_629' title='bbox 198 4552 367 4625; x_wconf 82' lang='grc' dir='ltr'><em>στολὴν</em></span> <span class='ocrx_word' id='word_1_630' title='bbox 480 4555 783 4625; x_wconf 70' lang='grc' dir='ltr'><em>ἐχρήσαντο</em></span> <span class='ocrx_word' id='word_1_631' title='bbox 814 4552 863 4606; x_wconf 80' lang='grc' dir='ltr'>οἱ</span> <span class='ocrx_word' id='word_1_632' title='bbox 892 4552 1074 4606; x_wconf 78' lang='grc' dir='ltr'><em>Δέκιοι</em></span> <span class='ocrx_word' id='word_1_633' title='bbox 1118 4550 1447 4614; x_wconf 76' lang='grc' dir='ltr'><strong>ἐπιδιδόντες</strong></span> <span class='ocrx_word' id='word_1_634' title='bbox 1491 4551 1737 4617; x_wconf 79' lang='grc' dir='ltr'><em>ἑαυτοὺς,</em></span> 
     </span>
    </p>
   </div>
   <div class='ocr_carea' id='block_1_86' title="bbox 1841 4546 3426 4629">
    <p class='ocr_par' dir='ltr' id='par_1_86' title="bbox 1852 4546 3426 4618">
     <span class='ocr_line' id='line_1_86' title="bbox 1852 4546 3426 4618; baseline 0.004 -18"><span class='ocrx_word' id='word_1_635' title='bbox 1852 4546 1992 4601; x_wconf 87' lang='lat' dir='ltr'><strong>male</strong></span> <span class='ocrx_word' id='word_1_636' title='bbox 2030 4546 2333 4617; x_wconf 89' lang='lat' dir='ltr'><strong>periturum</strong></span> <span class='ocrx_word' id='word_1_637' title='bbox 2360 4562 2482 4602; x_wconf 91' lang='lat' dir='ltr'><strong>esse</strong></span> <span class='ocrx_word' id='word_1_638' title='bbox 2510 4548 2749 4602; x_wconf 83' lang='lat' dir='ltr'><strong>minatus</strong></span> <span class='ocrx_word' id='word_1_639' title='bbox 2777 4558 2883 4604; x_wconf 92' lang='lat' dir='ltr'><strong>est.</strong></span> <span class='ocrx_word' id='word_1_640' title='bbox 2909 4548 2989 4602; x_wconf 85' lang='lat' dir='ltr'><strong>Ad</strong></span> <span class='ocrx_word' id='word_1_641' title='bbox 3021 4564 3143 4618; x_wconf 72' lang='lat' dir='ltr'><strong>quas</strong></span> <span class='ocrx_word' id='word_1_642' title='bbox 3166 4552 3426 4607; x_wconf 88' lang='lat' dir='ltr'><strong>consules</strong></span> 
     </span>
    </p>
   </div>
   <div class='ocr_carea' id='block_1_87' title="bbox 200 4638 1737 4716">
    <p class='ocr_par' dir='ltr' id='par_1_87' title="bbox 200 4643 1737 4716">
     <span class='ocr_line' id='line_1_87' title="bbox 200 4643 1737 4716; baseline -0.001 -20"><span class='ocrx_word' id='word_1_643' title='bbox 200 4646 511 4716; x_wconf 81' lang='grc' dir='ltr'><em>παρήγγειλε</em></span> <span class='ocrx_word' id='word_1_644' title='bbox 541 4648 653 4710; x_wconf 83' lang='grc' dir='ltr'><em>τοῖς</em></span> <span class='ocrx_word' id='word_1_645' title='bbox 681 4646 924 4713; x_wconf 76' lang='grc' dir='ltr'><em>οἰκείοις,</em></span> <span class='ocrx_word' id='word_1_646' title='bbox 950 4646 1017 4700; x_wconf 76' lang='grc' dir='ltr'><strong>ἄν</strong></span> <span class='ocrx_word' id='word_1_647' title='bbox 1050 4662 1173 4699; x_wconf 91' lang='grc' dir='ltr'><em>τινα</em></span> <span class='ocrx_word' id='word_1_648' title='bbox 1199 4643 1373 4705; x_wconf 82' lang='grc' dir='ltr'><em>οὓτως</em></span> <span class='ocrx_word' id='word_1_649' title='bbox 1404 4644 1737 4713; x_wconf 80' lang='grc' dir='ltr'><em>ἐσκευασμέ-</em></span> 
     </span>
    </p>
   </div>
   <div class='ocr_carea' id='block_1_88' title="bbox 1841 4638 3421 4716">
    <p class='ocr_par' dir='ltr' id='par_1_88' title="bbox 1851 4638 3421 4710">
     <span class='ocr_line' id='line_1_88' title="bbox 1851 4638 3421 4710; baseline 0.002 -18"><span class='ocrx_word' id='word_1_650' title='bbox 1851 4638 2274 4707; x_wconf 86' lang='lat' dir='ltr'><strong>responderunt,</strong></span> <span class='ocrx_word' id='word_1_651' title='bbox 2313 4641 2463 4694; x_wconf 87' lang='lat' dir='ltr'><strong>nulla</strong></span> <span class='ocrx_word' id='word_1_652' title='bbox 2490 4656 2550 4695; x_wconf 86' lang='lat' dir='ltr'><strong>re</strong></span> <span class='ocrx_word' id='word_1_653' title='bbox 2582 4640 2675 4695; x_wconf 90' lang='lat' dir='ltr'><strong>tali</strong></span> <span class='ocrx_word' id='word_1_654' title='bbox 2695 4640 2799 4695; x_wconf 88' lang='lat' dir='ltr'><strong>sibi</strong></span> <span class='ocrx_word' id='word_1_655' title='bbox 2832 4655 2974 4710; x_wconf 89' lang='lat' dir='ltr'><strong>opus</strong></span> <span class='ocrx_word' id='word_1_656' title='bbox 3002 4656 3146 4696; x_wconf 88' lang='lat' dir='ltr'><strong>esse.</strong></span> <span class='ocrx_word' id='word_1_657' title='bbox 3175 4642 3245 4697; x_wconf 91' lang='lat' dir='ltr'><strong>Se</strong></span> <span class='ocrx_word' id='word_1_658' title='bbox 3272 4646 3421 4698; x_wconf 88' lang='lat' dir='ltr'><strong>enim</strong></span> 
     </span>
    </p>
   </div>
   <div class='ocr_carea' id='block_1_89' title="bbox 201 4731 1737 4809">
    <p class='ocr_par' dir='ltr' id='par_1_89' title="bbox 201 4733 1737 4809">
     <span class='ocr_line' id='line_1_89' title="bbox 201 4733 1737 4809; baseline -0.001 -21"><span class='ocrx_word' id='word_1_659' title='bbox 201 4753 273 4788; x_wconf 81' lang='grc' dir='ltr'><strong>νον</strong></span> <span class='ocrx_word' id='word_1_660' title='bbox 295 4738 461 4806; x_wconf 74' lang='grc' dir='ltr'><em>ἴδωσι,</em></span> <span class='ocrx_word' id='word_1_661' title='bbox 498 4738 575 4809; x_wconf 83' lang='grc' dir='ltr'><em>μὴ</em></span> <span class='ocrx_word' id='word_1_662' title='bbox 613 4740 823 4793; x_wconf 82' lang='grc' dir='ltr'><em>κτεῖναι</em></span> <span class='ocrx_word' id='word_1_663' title='bbox 856 4737 1039 4804; x_wconf 76' lang='grc' dir='ltr'><em>αὑτὸν,</em></span> <span class='ocrx_word' id='word_1_664' title='bbox 1075 4736 1211 4791; x_wconf 81' lang='grc' dir='ltr'><strong>ἀλλὰ</strong></span> <span class='ocrx_word' id='word_1_665' title='bbox 1248 4735 1386 4801; x_wconf 78' lang='grc' dir='ltr'><strong>ζωὸν</strong></span> <span class='ocrx_word' id='word_1_666' title='bbox 1415 4733 1700 4789; x_wconf 78' lang='grc' dir='ltr'><em>συλλαϐεῖν</em></span> <span class='ocrx_word' id='word_1_667' title='bbox 1725 4748 1737 4766; x_wconf 89' lang='grc'><strong>·</strong></span> 
     </span>
    </p>
   </div>
   <div class='ocr_carea' id='block_1_90' title="bbox 1841 4731 3427 4809">
    <p class='ocr_par' dir='ltr' id='par_1_90' title="bbox 1850 4731 3427 4802">
     <span class='ocr_line' id='line_1_90' title="bbox 1850 4731 3427 4802; baseline 0.003 -17"><span class='ocrx_word' id='word_1_668' title='bbox 1850 4731 2055 4802; x_wconf 89' lang='lat' dir='ltr'><strong>alioqui</strong></span> <span class='ocrx_word' id='word_1_669' title='bbox 2089 4735 2320 4787; x_wconf 89' lang='lat' dir='ltr'><strong>omnino</strong></span> <span class='ocrx_word' id='word_1_670' title='bbox 2383 4734 2699 4802; x_wconf 76' lang='lat' dir='ltr'><strong>superiores</strong></span> <span class='ocrx_word' id='word_1_671' title='bbox 2747 4733 2843 4787; x_wconf 89' lang='lat' dir='ltr'><strong>illo</strong></span> <span class='ocrx_word' id='word_1_672' title='bbox 2889 4734 3127 4789; x_wconf 77' lang='lat' dir='ltr'><strong>futuros.</strong></span> <span class='ocrx_word' id='word_1_673' title='bbox 3183 4735 3253 4788; x_wconf 89' lang='lat' dir='ltr'><strong>Et</strong></span> <span class='ocrx_word' id='word_1_674' title='bbox 3301 4750 3427 4791; x_wconf 86' lang='lat' dir='ltr'><strong>cum</strong></span> 
     </span>
    </p>
   </div>
   <div class='ocr_carea' id='block_1_91' title="bbox 1850 4822 3431 4894">
    <p class='ocr_par' dir='ltr' id='par_1_91' title="bbox 1850 4822 3431 4894">
     <span class='ocr_line' id='line_1_91' title="bbox 1850 4822 3431 4894; baseline 0.003 -18"><span class='ocrx_word' id='word_1_675' title='bbox 1850 4823 2183 4894; x_wconf 79' lang='lat' dir='ltr'><strong>profundum</strong></span> <span class='ocrx_word' id='word_1_676' title='bbox 2216 4824 2421 4877; x_wconf 85' lang='lat' dir='ltr'><strong>ﬂumen</strong></span> <span class='ocrx_word' id='word_1_677' title='bbox 2469 4834 2647 4877; x_wconf 88' lang='lat' dir='ltr'><strong>castra</strong></span> <span class='ocrx_word' id='word_1_678' title='bbox 2682 4822 2921 4878; x_wconf 91' lang='lat' dir='ltr'><strong>medium</strong></span> <span class='ocrx_word' id='word_1_679' title='bbox 2968 4822 3275 4889; x_wconf 86' lang='lat' dir='ltr'><strong>dirimeret,</strong></span> <span class='ocrx_word' id='word_1_680' title='bbox 3322 4825 3431 4880; x_wconf 86' lang='lat' dir='ltr'><strong>sci-</strong></span> 
     </span>
    </p>
   </div>
   <div class='ocr_carea' id='block_1_92' title="bbox 1848 4912 3427 4986">
    <p class='ocr_par' dir='ltr' id='par_1_92' title="bbox 1848 4912 3427 4986">
     <span class='ocr_line' id='line_1_92' title="bbox 1848 4912 3427 4986; baseline 0 -15"><span class='ocrx_word' id='word_1_681' title='bbox 1848 4914 2027 4971; x_wconf 81' lang='lat' dir='ltr'><strong>scitati</strong></span> <span class='ocrx_word' id='word_1_682' title='bbox 2046 4922 2194 4977; x_wconf 90' lang='lat' dir='ltr'><strong>sunt,</strong></span> <span class='ocrx_word' id='word_1_683' title='bbox 2231 4924 2412 4968; x_wconf 89' lang='lat' dir='ltr'><strong>utrum</strong></span> <span class='ocrx_word' id='word_1_684' title='bbox 2432 4912 2548 4982; x_wconf 90' lang='lat' dir='ltr'><strong>ipse</strong></span> <span class='ocrx_word' id='word_1_685' title='bbox 2578 4912 2803 4983; x_wconf 89' lang='lat' dir='ltr'><strong>impune</strong></span> <span class='ocrx_word' id='word_1_686' title='bbox 2833 4913 3093 4979; x_wconf 89' lang='lat' dir='ltr'><strong>transire,</strong></span> <span class='ocrx_word' id='word_1_687' title='bbox 3131 4930 3189 4971; x_wconf 92' lang='lat' dir='ltr'><strong>se</strong></span> <span class='ocrx_word' id='word_1_688' title='bbox 3211 4915 3427 4986; x_wconf 79' lang='lat' dir='ltr'><strong>digres-</strong></span> 
     </span>
    </p>
   </div>
   <div class='ocr_carea' id='block_1_93' title="bbox 1850 5004 3424 5075">
    <p class='ocr_par' dir='ltr' id='par_1_93' title="bbox 1850 5004 3424 5075">
     <span class='ocr_line' id='line_1_93' title="bbox 1850 5004 3424 5075; baseline 0.001 -15"><span class='ocrx_word' id='word_1_689' title='bbox 1850 5005 1947 5072; x_wconf 90' lang='lat' dir='ltr'><strong>sis,</strong></span> <span class='ocrx_word' id='word_1_690' title='bbox 1980 5021 2052 5060; x_wconf 89' lang='lat' dir='ltr'><strong>an</strong></span> <span class='ocrx_word' id='word_1_691' title='bbox 2114 5004 2222 5060; x_wconf 91' lang='lat' dir='ltr'><strong>sibi</strong></span> <span class='ocrx_word' id='word_1_692' title='bbox 2260 5004 2581 5061; x_wconf 84' lang='lat' dir='ltr'><strong>transeundi</strong></span> <span class='ocrx_word' id='word_1_693' title='bbox 2634 5014 2967 5075; x_wconf 84' lang='lat' dir='ltr'><strong>potestatem</strong></span> <span class='ocrx_word' id='word_1_694' title='bbox 3020 5005 3152 5061; x_wconf 87' lang='lat' dir='ltr'><strong>dare</strong></span> <span class='ocrx_word' id='word_1_695' title='bbox 3188 5009 3374 5064; x_wconf 86' lang='lat' dir='ltr'><strong>mallet</strong></span> <span class='ocrx_word' id='word_1_696' title='bbox 3411 5026 3424 5061; x_wconf 89' lang='lat'><strong>:</strong></span> 
     </span>
    </p>
   </div>
   <div class='ocr_carea' id='block_1_94' title="bbox 1852 5094 3410 5169">
    <p class='ocr_par' dir='ltr' id='par_1_94' title="bbox 1852 5094 3410 5169">
     <span class='ocr_line' id='line_1_94' title="bbox 1852 5094 3410 5169; baseline 0.003 -19"><span class='ocrx_word' id='word_1_697' title='bbox 1852 5105 1910 5150; x_wconf 91' lang='lat' dir='ltr'><strong>ut</strong></span> <span class='ocrx_word' id='word_1_698' title='bbox 1939 5095 2136 5166; x_wconf 72' lang='lat' dir='ltr'><strong>aequali</strong></span> <span class='ocrx_word' id='word_1_699' title='bbox 2169 5110 2371 5165; x_wconf 79' lang='lat' dir='ltr'><strong>pugna,</strong></span> <span class='ocrx_word' id='word_1_700' title='bbox 2402 5094 2643 5164; x_wconf 88' lang='lat' dir='ltr'><strong>utrisque</strong></span> <span class='ocrx_word' id='word_1_701' title='bbox 2681 5097 2855 5165; x_wconf 89' lang='lat' dir='ltr'><strong>copiis</strong></span> <span class='ocrx_word' id='word_1_702' title='bbox 2887 5096 3122 5166; x_wconf 79' lang='lat' dir='ltr'><strong>integris</strong></span> <span class='ocrx_word' id='word_1_703' title='bbox 3143 5114 3410 5169; x_wconf 76' lang='lat' dir='ltr'><strong>congres-</strong></span> 
     </span>
    </p>
   </div>
   <div class='ocr_carea' id='block_1_95' title="bbox 210 5186 1737 5266">
    <p class='ocr_par' dir='ltr' id='par_1_95' title="bbox 210 5192 1737 5266">
     <span class='ocr_line' id='line_1_95' title="bbox 210 5192 1737 5266; baseline -0.001 -20"><span class='ocrx_word' id='word_1_704' title='bbox 210 5198 297 5264; x_wconf 74' lang='grc' dir='ltr'><em>γὰρ</em></span> <span class='ocrx_word' id='word_1_705' title='bbox 321 5197 476 5250; x_wconf 80' lang='grc' dir='ltr'><em>αὑτοῦ</em></span> <span class='ocrx_word' id='word_1_706' title='bbox 504 5198 596 5251; x_wconf 77' lang='grc' dir='ltr'><em>καὶ</em></span> <span class='ocrx_word' id='word_1_707' title='bbox 630 5196 805 5260; x_wconf 75' lang='grc' dir='ltr'><em>ἄλλως</em></span> <span class='ocrx_word' id='word_1_708' title='bbox 827 5194 1147 5266; x_wconf 85' lang='grc' dir='ltr'><em>κρατήσειν.</em></span> <span class='ocrx_word' id='word_1_709' title='bbox 1174 5193 1429 5263; x_wconf 83' lang='grc' dir='ltr'><em>Ποταμοῦ</em></span> <span class='ocrx_word' id='word_1_710' title='bbox 1459 5192 1513 5246; x_wconf 84' lang='grc' dir='ltr'><em>δὲ</em></span> <span class='ocrx_word' id='word_1_711' title='bbox 1534 5192 1623 5246; x_wconf 78' lang='grc' dir='ltr'><em>διὰ</em></span> <span class='ocrx_word' id='word_1_712' title='bbox 1650 5193 1737 5261; x_wconf 81' lang='grc' dir='ltr'><strong>μέ-</strong></span> 
     </span>
    </p>
   </div>
   <div class='ocr_carea' id='block_1_96' title="bbox 1841 5186 3423 5266">
    <p class='ocr_par' dir='ltr' id='par_1_96' title="bbox 1850 5186 3423 5261">
     <span class='ocr_line' id='line_1_96' title="bbox 1850 5186 3423 5261; baseline 0.003 -19"><span class='ocrx_word' id='word_1_713' title='bbox 1850 5187 1948 5253; x_wconf 81' lang='lat' dir='ltr'><strong>sis,</strong></span> <span class='ocrx_word' id='word_1_714' title='bbox 1980 5187 2050 5241; x_wconf 90' lang='lat' dir='ltr'><strong>de</strong></span> <span class='ocrx_word' id='word_1_715' title='bbox 2099 5186 2426 5245; x_wconf 82' lang='lat' dir='ltr'><strong>fortitudine</strong></span> <span class='ocrx_word' id='word_1_716' title='bbox 2481 5194 2693 5241; x_wconf 92' lang='lat' dir='ltr'><strong>certum</strong></span> <span class='ocrx_word' id='word_1_717' title='bbox 2746 5187 2865 5242; x_wconf 86' lang='lat' dir='ltr'><strong>lieri</strong></span> <span class='ocrx_word' id='word_1_718' title='bbox 2895 5189 3160 5260; x_wconf 84' lang='lat' dir='ltr'><strong>judicium</strong></span> <span class='ocrx_word' id='word_1_719' title='bbox 3215 5202 3423 5261; x_wconf 87' lang='lat' dir='ltr'><strong>posset.</strong></span> 
     </span>
    </p>
   </div>
   <div class='ocr_carea' id='block_1_97' title="bbox 213 5278 1737 5360">
    <p class='ocr_par' dir='ltr' id='par_1_97' title="bbox 213 5285 1737 5360">
     <span class='ocr_line' id='line_1_97' title="bbox 213 5285 1737 5360; baseline 0 -24"><span class='ocrx_word' id='word_1_720' title='bbox 213 5299 288 5338; x_wconf 81' lang='grc' dir='ltr'><strong>σου</strong></span> <span class='ocrx_word' id='word_1_721' title='bbox 307 5288 407 5341; x_wconf 81' lang='grc' dir='ltr'><em>τῶν</em></span> <span class='ocrx_word' id='word_1_722' title='bbox 436 5288 818 5360; x_wconf 78' lang='grc' dir='ltr'><em>στρατοπέδων</em></span> <span class='ocrx_word' id='word_1_723' title='bbox 844 5288 944 5340; x_wconf 81' lang='grc' dir='ltr'><strong>οὐκ</strong></span> <span class='ocrx_word' id='word_1_724' title='bbox 969 5285 1287 5339; x_wconf 72' lang='grc' dir='ltr'><em>εὐδιασάτου</em></span> <span class='ocrx_word' id='word_1_725' title='bbox 1316 5287 1552 5355; x_wconf 80' lang='grc' dir='ltr'><em>ῥέοντος,</em></span> <span class='ocrx_word' id='word_1_726' title='bbox 1585 5285 1737 5355; x_wconf 74' lang='grc' dir='ltr'><em>ἤρον-</em></span> 
     </span>
    </p>
   </div>
   <div class='ocr_carea' id='block_1_98' title="bbox 1841 5278 3425 5360">
    <p class='ocr_par' dir='ltr' id='par_1_98' title="bbox 1846 5278 3425 5351">
     <span class='ocr_line' id='line_1_98' title="bbox 1846 5278 3425 5351; baseline 0.002 -18"><span class='ocrx_word' id='word_1_727' title='bbox 1846 5279 2002 5333; x_wconf 83' lang='lat' dir='ltr'><strong>llam:</strong></span> <span class='ocrx_word' id='word_1_728' title='bbox 2033 5278 2314 5349; x_wconf 89' lang='lat' dir='ltr'><strong>optionem</strong></span> <span class='ocrx_word' id='word_1_729' title='bbox 2346 5278 2577 5333; x_wconf 81' lang='lat' dir='ltr'><strong>Romani</strong></span> <span class='ocrx_word' id='word_1_730' title='bbox 2601 5280 2814 5351; x_wconf 84' lang='lat' dir='ltr'><strong>Pyrrho</strong></span> <span class='ocrx_word' id='word_1_731' title='bbox 2851 5282 3082 5339; x_wconf 90' lang='lat' dir='ltr'><strong>terroris</strong></span> <span class='ocrx_word' id='word_1_732' title='bbox 3118 5282 3425 5337; x_wconf 88' lang='lat' dir='ltr'><strong>incutiendi</strong></span> 
     </span>
    </p>
   </div>
   <div class='ocr_carea' id='block_1_99' title="bbox 211 5370 1737 5452">
    <p class='ocr_par' dir='ltr' id='par_1_99' title="bbox 211 5375 1737 5452">
     <span class='ocr_line' id='line_1_99' title="bbox 211 5375 1737 5452; baseline 0 -24"><span class='ocrx_word' id='word_1_733' title='bbox 211 5392 279 5440; x_wconf 81' lang='grc' dir='ltr'><strong>το,</strong></span> <span class='ocrx_word' id='word_1_734' title='bbox 297 5380 511 5452; x_wconf 83' lang='grc' dir='ltr'><em>πότερον</em></span> <span class='ocrx_word' id='word_1_735' title='bbox 542 5382 708 5444; x_wconf 76' lang='grc' dir='ltr'><em>αὐτὸς</em></span> <span class='ocrx_word' id='word_1_736' title='bbox 743 5378 1117 5451; x_wconf 73' lang='grc' dir='ltr'><em>περαιωθῆναι</em></span> <span class='ocrx_word' id='word_1_737' title='bbox 1155 5375 1405 5448; x_wconf 80' lang='grc' dir='ltr'><em>βούλεται</em></span> <span class='ocrx_word' id='word_1_738' title='bbox 1432 5376 1627 5439; x_wconf 83' lang='grc' dir='ltr'><em>ἀδεῶς,</em></span> <span class='ocrx_word' id='word_1_739' title='bbox 1649 5377 1737 5429; x_wconf 77' lang='grc' dir='ltr'><strong>αὺ-</strong></span> 
     </span>
    </p>
   </div>
   <div class='ocr_carea' id='block_1_100' title="bbox 1841 5370 3423 5452">
    <p class='ocr_par' dir='ltr' id='par_1_100' title="bbox 1852 5370 3423 5444">
     <span class='ocr_line' id='line_1_100' title="bbox 1852 5370 3423 5444; baseline 0.003 -20"><span class='ocrx_word' id='word_1_740' title='bbox 1852 5384 2017 5425; x_wconf 85' lang='lat' dir='ltr'><strong>causa</strong></span> <span class='ocrx_word' id='word_1_741' title='bbox 2064 5370 2347 5427; x_wconf 89' lang='lat' dir='ltr'><strong>dedissent</strong></span> <span class='ocrx_word' id='word_1_742' title='bbox 2387 5387 2403 5425; x_wconf 89' lang='lat'><strong>:</strong></span> <span class='ocrx_word' id='word_1_743' title='bbox 2441 5371 2557 5438; x_wconf 87' lang='lat' dir='ltr'><strong>ille,</strong></span> <span class='ocrx_word' id='word_1_744' title='bbox 2602 5372 2833 5427; x_wconf 88' lang='lat' dir='ltr'><strong>multum</strong></span> <span class='ocrx_word' id='word_1_745' title='bbox 2871 5374 3182 5444; x_wconf 83' lang='lat' dir='ltr'><strong>elephantis</strong></span> <span class='ocrx_word' id='word_1_746' title='bbox 3226 5375 3423 5443; x_wconf 80' lang='lat' dir='ltr'><strong>fretus,</strong></span> 
     </span>
    </p>
   </div>
   <div class='ocr_carea' id='block_1_101' title="bbox 212 5460 1737 5544">
    <p class='ocr_par' dir='ltr' id='par_1_101' title="bbox 212 5468 1737 5544">
     <span class='ocr_line' id='line_1_101' title="bbox 212 5468 1737 5544; baseline 0 -23"><span class='ocrx_word' id='word_1_747' title='bbox 212 5470 302 5522; x_wconf 80' lang='grc' dir='ltr'><em>τῶν</em></span> <span class='ocrx_word' id='word_1_748' title='bbox 329 5473 818 5544; x_wconf 74' lang='grc' dir='ltr'><em>ἀναχωρησάντων,</em></span> <span class='ocrx_word' id='word_1_749' title='bbox 872 5471 906 5539; x_wconf 86' lang='grc' dir='ltr'>ἢ</span> <span class='ocrx_word' id='word_1_750' title='bbox 964 5471 1191 5533; x_wconf 74' lang='grc' dir='ltr'><strong>ἐκεινοις</strong></span> <span class='ocrx_word' id='word_1_751' title='bbox 1247 5468 1541 5537; x_wconf 73' lang='grc' dir='ltr'><strong>ἐπιτρέψαι</strong></span> <span class='ocrx_word' id='word_1_752' title='bbox 1587 5468 1737 5522; x_wconf 79' lang='grc' dir='ltr'><em>τοῦτο</em></span> 
     </span>
    </p>
   </div>
   <div class='ocr_carea' id='block_1_102' title="bbox 1841 5460 3412 5544">
    <p class='ocr_par' dir='ltr' id='par_1_102' title="bbox 1849 5460 3412 5535">
     <span class='ocr_line' id='line_1_102' title="bbox 1849 5460 3412 5535; baseline 0.001 -16"><span class='ocrx_word' id='word_1_753' title='bbox 1849 5478 1949 5519; x_wconf 88' lang='lat' dir='ltr'><strong>eos</strong></span> <span class='ocrx_word' id='word_1_754' title='bbox 1977 5462 2181 5519; x_wconf 82' lang='lat' dir='ltr'><strong>ﬂumen</strong></span> <span class='ocrx_word' id='word_1_755' title='bbox 2223 5464 2458 5519; x_wconf 88' lang='lat' dir='ltr'><strong>transire</strong></span> <span class='ocrx_word' id='word_1_756' title='bbox 2488 5479 2680 5535; x_wconf 89' lang='lat' dir='ltr'><strong>passus</strong></span> <span class='ocrx_word' id='word_1_757' title='bbox 2705 5476 2810 5521; x_wconf 86' lang='lat' dir='ltr'><strong>est.</strong></span> <span class='ocrx_word' id='word_1_758' title='bbox 2845 5460 3077 5523; x_wconf 82' lang='lat' dir='ltr'><strong>Romani</strong></span> <span class='ocrx_word' id='word_1_759' title='bbox 3101 5482 3234 5523; x_wconf 85' lang='lat' dir='ltr'><strong>vero</strong></span> <span class='ocrx_word' id='word_1_760' title='bbox 3287 5481 3412 5521; x_wconf 89' lang='lat' dir='ltr'><strong>cum</strong></span> 
     </span>
    </p>
   </div>
   <div class='ocr_carea' id='block_1_103' title="bbox 218 5554 1737 5632">
    <p class='ocr_par' dir='ltr' id='par_1_103' title="bbox 218 5554 1737 5632">
     <span class='ocr_line' id='line_1_103' title="bbox 218 5554 1737 5632; baseline 0.002 -23"><span class='ocrx_word' id='word_1_761' title='bbox 218 5554 432 5632; x_wconf 47' lang='lat' dir='ltr'><strong>imirent,</strong></span> <span class='ocrx_word' id='word_1_762' title='bbox 462 5566 527 5620; x_wconf 80' lang='grc' dir='ltr'><strong>ἵν’</strong></span> <span class='ocrx_word' id='word_1_763' title='bbox 562 5565 622 5630; x_wconf 78' lang='grc' dir='ltr'>ἐξ</span> <span class='ocrx_word' id='word_1_764' title='bbox 652 5561 949 5616; x_wconf 80' lang='grc' dir='ltr'><em>ἀντιπάλου</em></span> <span class='ocrx_word' id='word_1_765' title='bbox 989 5561 1167 5632; x_wconf 73' lang='grc' dir='ltr'><strong>μάχης</strong></span> <span class='ocrx_word' id='word_1_766' title='bbox 1198 5559 1473 5630; x_wconf 74' lang='grc' dir='ltr'><em>ἀκεραίων</em></span> <span class='ocrx_word' id='word_1_767' title='bbox 1511 5559 1620 5611; x_wconf 79' lang='grc' dir='ltr'><em>τῶν</em></span> <span class='ocrx_word' id='word_1_768' title='bbox 1651 5560 1737 5612; x_wconf 86' lang='grc' dir='ltr'><em>δυ-</em></span> 
     </span>
    </p>
   </div>
   <div class='ocr_carea' id='block_1_104' title="bbox 1841 5554 3425 5632">
    <p class='ocr_par' dir='ltr' id='par_1_104' title="bbox 1850 5557 3425 5630">
     <span class='ocr_line' id='line_1_104' title="bbox 1850 5557 3425 5630; baseline 0.001 -16"><span class='ocrx_word' id='word_1_769' title='bbox 1850 5559 1957 5615; x_wconf 87' lang='lat' dir='ltr'><strong>alia</strong></span> <span class='ocrx_word' id='word_1_770' title='bbox 1987 5565 2381 5630; x_wconf 68' lang='lat' dir='ltr'><strong>praepararant,</strong></span> <span class='ocrx_word' id='word_1_771' title='bbox 2415 5566 2526 5615; x_wconf 91' lang='lat' dir='ltr'><strong>tum</strong></span> <span class='ocrx_word' id='word_1_772' title='bbox 2553 5557 2813 5615; x_wconf 87' lang='lat' dir='ltr'><strong>adversus</strong></span> <span class='ocrx_word' id='word_1_773' title='bbox 2835 5559 3159 5630; x_wconf 89' lang='lat' dir='ltr'><strong>elephantos</strong></span> <span class='ocrx_word' id='word_1_774' title='bbox 3191 5559 3425 5616; x_wconf 79' lang='lat' dir='ltr'><strong>ferratas</strong></span> 
     </span>
    </p>
   </div>
   <div class='ocr_carea' id='block_1_105' title="bbox 202 4827 1741 4902">
    <p class='ocr_par' dir='ltr' id='par_1_105' title="bbox 202 4827 1741 4902">
     <span class='ocr_line' id='line_1_105' title="bbox 202 4827 1741 4902; baseline 0.001 -23"><span class='ocrx_word' id='word_1_775' title='bbox 202 4828 267 4897; x_wconf 81' lang='grc' dir='ltr'><em>τῷ</em></span> <span class='ocrx_word' id='word_1_776' title='bbox 292 4830 343 4884; x_wconf 81' lang='grc' dir='ltr'><em>δὲ</em></span> <span class='ocrx_word' id='word_1_777' title='bbox 367 4830 538 4902; x_wconf 78' lang='grc' dir='ltr'><em>Δεκίῳ</em></span> <span class='ocrx_word' id='word_1_778' title='bbox 566 4830 790 4902; x_wconf 71' lang='grc' dir='ltr'><em>πέμψας</em></span> <span class='ocrx_word' id='word_1_779' title='bbox 823 4830 951 4901; x_wconf 77' lang='grc' dir='ltr'><strong>ἔφη,</strong></span> <span class='ocrx_word' id='word_1_780' title='bbox 993 4827 1119 4883; x_wconf 73' lang='grc' dir='ltr'><em>οὔτε</em></span> <span class='ocrx_word' id='word_1_781' title='bbox 1167 4827 1547 4899; x_wconf 81' lang='grc' dir='ltr'><em>προχωρήσειν</em></span> <span class='ocrx_word' id='word_1_782' title='bbox 1591 4827 1741 4896; x_wconf 80' lang='grc' dir='ltr'><em>αὐτῷ</em></span> 
     </span>
    </p>
   </div>
   <div class='ocr_carea' id='block_1_106' title="bbox 202 4919 1741 4996">
    <p class='ocr_par' dir='ltr' id='par_1_106' title="bbox 202 4919 1741 4996">
     <span class='ocr_line' id='line_1_106' title="bbox 202 4919 1741 4996; baseline 0.002 -26"><span class='ocrx_word' id='word_1_783' title='bbox 202 4921 336 4975; x_wconf 77' lang='grc' dir='ltr'><em>τοῦτο</em></span> <span class='ocrx_word' id='word_1_784' title='bbox 384 4924 587 4996; x_wconf 78' lang='grc' dir='ltr'><em>πρᾶξαι</em></span> <span class='ocrx_word' id='word_1_785' title='bbox 638 4924 945 4994; x_wconf 81' lang='grc' dir='ltr'><em>Θελήσαντι,</em></span> <span class='ocrx_word' id='word_1_786' title='bbox 1014 4925 1106 4976; x_wconf 69' lang='grc' dir='ltr'><em>καὶ</em></span> <span class='ocrx_word' id='word_1_787' title='bbox 1151 4919 1507 4992; x_wconf 78' lang='grc' dir='ltr'><em>ζωγρηθέντα</em></span> <span class='ocrx_word' id='word_1_788' title='bbox 1555 4920 1741 4984; x_wconf 86' lang='grc' dir='ltr'><em>κακῶς</em></span> 
     </span>
    </p>
   </div>
   <div class='ocr_carea' id='block_1_107' title="bbox 206 5010 1741 5085">
    <p class='ocr_par' dir='ltr' id='par_1_107' title="bbox 206 5010 1741 5085">
     <span class='ocr_line' id='line_1_107' title="bbox 206 5010 1741 5085; baseline 0 -23"><span class='ocrx_word' id='word_1_789' title='bbox 206 5010 493 5068; x_wconf 77' lang='grc' dir='ltr'><em>ἀπολεῖσθαι</em></span> <span class='ocrx_word' id='word_1_790' title='bbox 525 5014 810 5085; x_wconf 68' lang='grc' dir='ltr'><em>ἠπείλησε.</em></span> <span class='ocrx_word' id='word_1_791' title='bbox 846 5012 988 5085; x_wconf 83' lang='grc' dir='ltr'><em>Πρὸς</em></span> <span class='ocrx_word' id='word_1_792' title='bbox 1016 5013 1159 5081; x_wconf 75' lang='grc' dir='ltr'><em>ἅπερ</em></span> <span class='ocrx_word' id='word_1_793' title='bbox 1192 5012 1241 5064; x_wconf 86' lang='grc' dir='ltr'><strong>οἱ</strong></span> <span class='ocrx_word' id='word_1_794' title='bbox 1277 5010 1475 5065; x_wconf 77' lang='grc' dir='ltr'><em>ὕπατοι</em></span> <span class='ocrx_word' id='word_1_795' title='bbox 1504 5010 1741 5081; x_wconf 72' lang='grc' dir='ltr'><em>ἀπεκρίιο</em></span> 
     </span>
    </p>
   </div>
   <div class='ocr_carea' id='block_1_108' title="bbox 209 5103 1746 5177">
    <p class='ocr_par' dir='ltr' id='par_1_108' title="bbox 209 5103 1746 5177">
     <span class='ocr_line' id='line_1_108' title="bbox 209 5103 1746 5177; baseline 0.003 -25"><span class='ocrx_word' id='word_1_796' title='bbox 209 5119 361 5167; x_wconf 78' lang='grc' dir='ltr'><em>ναντο.</em></span> <span class='ocrx_word' id='word_1_797' title='bbox 392 5106 615 5177; x_wconf 75' lang='grc' dir='ltr'><em>μηδενὸς</em></span> <span class='ocrx_word' id='word_1_798' title='bbox 639 5105 885 5159; x_wconf 76' lang='grc' dir='ltr'><em>τοιούτου</em></span> <span class='ocrx_word' id='word_1_799' title='bbox 914 5106 1054 5173; x_wconf 71' lang='grc' dir='ltr'><em>σφᾶς</em></span> <span class='ocrx_word' id='word_1_800' title='bbox 1074 5104 1238 5175; x_wconf 74' lang='grc' dir='ltr'><em>ἔργου</em></span> <span class='ocrx_word' id='word_1_801' title='bbox 1258 5103 1467 5157; x_wconf 79' lang='grc' dir='ltr'><em>δεῖσθαι</em></span> <span class='ocrx_word' id='word_1_802' title='bbox 1487 5119 1500 5133; x_wconf 73' lang='grc' dir='ltr'><strong><em>ο</em></strong></span> <span class='ocrx_word' id='word_1_803' title='bbox 1529 5103 1746 5165; x_wconf 79' lang='grc' dir='ltr'><em>πάντως</em></span> 
     </span>
    </p>
   </div>
   <div class='ocr_carea' id='block_1_109' title="bbox 1378 5698 2231 5764">
    <p class='ocr_par' dir='ltr' id='par_1_109' title="bbox 1378 5698 2231 5764">
     <span class='ocr_line' id='line_1_109' title="bbox 1378 5698 2231 5764; baseline 0.002 -4"><span class='ocrx_word' id='word_1_804' title='bbox 1378 5698 1570 5761; x_wconf 68' lang='lat' dir='ltr'><strong>Varia:</strong></span> <span class='ocrx_word' id='word_1_805' title='bbox 1601 5699 1906 5764; x_wconf 88' lang='lat' dir='ltr'><strong>lectiones</strong></span> <span class='ocrx_word' id='word_1_806' title='bbox 1949 5710 2011 5763; x_wconf 91' lang='lat' dir='ltr'><strong>et</strong></span> <span class='ocrx_word' id='word_1_807' title='bbox 2042 5707 2231 5763; x_wconf 73' lang='lat' dir='ltr'><strong>notae.</strong></span> 
     </span>
    </p>
   </div>
   <div class='ocr_carea' id='block_1_110' title="bbox 279 5803 1697 5901">
    <p class='ocr_par' dir='ltr' id='par_1_110' title="bbox 279 5803 1697 5901">
     <span class='ocr_line' id='line_1_110' title="bbox 279 5803 1697 5901; baseline -0.018 -11"><span class='ocrx_word' id='word_1_808' title='bbox 279 5831 377 5901; x_wconf 80' lang='lat' dir='ltr'><strong>(ll)</strong></span> <span class='ocrx_word' id='word_1_809' title='bbox 412 5832 676 5886; x_wconf 76' lang='grc' dir='ltr'><em>Πάππον.</em></span> <span class='ocrx_word' id='word_1_810' title='bbox 709 5830 785 5885; x_wconf 91' lang='lat' dir='ltr'><strong>lta</strong></span> <span class='ocrx_word' id='word_1_811' title='bbox 819 5844 948 5885; x_wconf 85' lang='lat' dir='ltr'><strong>mss.</strong></span> <span class='ocrx_word' id='word_1_812' title='bbox 976 5826 1137 5882; x_wconf 86' lang='lat' dir='ltr'><strong>codd.</strong></span> <span class='ocrx_word' id='word_1_813' title='bbox 1692 5803 1697 5806; x_wconf 71' lang='grc'><strong>’</strong></span> 
     </span>
    </p>
   </div>
  </div>
