3740 6548
444 374 549 439 ΕΠ

1710 365 1955 426 JOANN

2134 363 2400 425 ἿΝΛΠΕ
2462 428 2477 435 ,
3542 374 3626 439 Elii

446 489 657 550 hastas,
691 491 1057 540 antennarum
1085 482 1251 553 376
1284 482 1453 535 instar
1481 477 1737 535 curribus
1776 477 1961 530 insert:

2137 476 2355 545 νάμεων
2387 476 2466 539 είς
2498 475 2683 546 χεῖρας
2709 471 3004 529 ἐΜουσιῖν.
3036 473 3065 525 δ
3097 472 3195 544 τῆς
3215 474 3444 549 ἀνδρείας
3461 480 3631 558 nam):

443 590 501 636 et
533 578 782 649 undique
822 577 1131 632 eminentes
1162 583 1445 646 pararunt,
1500 578 1560 627 ut
1584 586 1707 625 cum
1757 569 1865 623 alia
1916 578 2029 621 tum

446 676 628 745 ignem
680 671 809 727 inde
868 669 1227 743 ejaeulantes,
1264 667 1474 721 belluas
1505 664 1860 734 repellerent.
1891 661 2029 716 Cum

445 768 512 822 ad
548 780 741 821 manus
776 773 998 818 ventum
1030 769 1195 823 esset,
1222 758 1450 813 Romani
1494 757 1716 812 Grrecos
1748 768 1874 809 sero
1901 752 2031 822 qui-

445 861 594 924 dem,
637 857 730 913 sed
761 856 980 910 tandem
1031 851 1385 923 pepulerunt,
1432 848 1609 903 donec
1638 846 1882 921 Pyrrhus
1917 844 2032 899 ele-

447 948 668 1021 phantis
694 949 748 1001 in
777 944 1062 1008 auxilium,
1095 956 1203 994 non
1230 954 1335 1009 qua
1361 938 1544 993 falcati
1562 952 1760 992 currus
1788 933 2031 997 stabant,

446 1042 540 1097 sed
570 1042 623 1095 in
656 1039 882 1093 alteram
936 1043 1148 1105 partem
1178 1031 1451 1095 adductis,
1488 1030 1790 1100 equitatum
1829 1028 2033 1081 Roma-

447 1151 573 1189 num
602 1143 817 1187 terrore
846 1130 1151 1185 belluarum
1198 1135 1323 1181 ante
1359 1138 1715 1195 congressum
1770 1119 2030 1191 proﬂiga-

446 1226 548 1288 vit,
594 1225 692 1278 sed
728 1220 1007 1293 peditibus
1054 1234 1249 1289 parum
1304 1213 1759 1272 incommodavit.
1815 1214 2032 1266 interea

445 1318 668 1390 quidam
728 1314 911 1384 Apuli,
961 1313 1313 1380 Epirotarum
1367 1320 1545 1363 castra
1581 1305 1839 1380 aggressi.
1870 1318 2031 1358 causa

444 1407 695 1463 victoria:
741 1403 1008 1460 Romanis
1044 1404 1402 1457 exstiterunt.
1449 1398 1584 1457 Nam
1613 1413 1737 1452 cum
1790 1393 2034 1466 Pyrrhus

445 1497 656 1567 aliquot
679 1510 745 1550 ex
781 1494 848 1548 iis
875 1492 966 1573 qui
1011 1491 1349 1561 pugnabant,
1380 1498 1573 1544 contra
1614 1503 1709 1542 cos
1767 1485 2029 1547 misisset,

447 1588 644 1657 reliqui
697 1602 890 1640 omnes
960 1586 1187 1645 turlati,
1254 1591 1308 1637 et
1370 1581 1607 1634 tentoria
1679 1587 1835 1648 (apta
1890 1591 2032 1637 esse,

446 1689 502 1735 et
564 1679 689 1734 illos
734 1677 926 1747 fugere
1003 1677 1235 1746 Opinati,
1315 1675 1674 1736 inclinarunt,
1730 1668 2033 1738 eorunique

2131 570 2345 635 γένοιτο
2390 567 2646 637 ἀκριϐής.
2690 566 2753 619 οἶ
2795 564 2894 639 μὲν
2931 560 3025 619 οὖν
3068 566 3319 638 Ῥωμαῖοι
3360 572 3478 642 πρὸς
3506 583 3636 635 κατά·

2133 661 2330 731 πληξιν
2381 661 2473 713 τὸν
2530 659 2691 728 λόγον
2743 658 3032 728 ἐποίησαν.
3070 658 3126 711 Ὀ
3158 659 3212 713 δὲ
3261 662 3455 734 Πύρρος
3494 670 3633 736 αὐτοῖς

2132 754 2314 821 ἀφῆκε
2354 752 2605 819 διαϐῆναι
2639 751 2731 804 τὸν
2760 750 3028 822 ποταμὸν,
3054 752 3194 819 μέγα
3223 755 3422 823 φρονῶν
3450 758 3530 813 ἐπὶ
3551 769 3636 828 τοῖς

2132 845 2410 913 ἐλέφασιν.
2460 846 2521 898 Oi
2555 844 2611 898 δὲ
2652 844 2917 914 Ῥωμαῖοι
2972 844 3039 897 τά
3073 860 3128 896 τε
3178 845 3307 900 ἄλλα
3354 857 3635 919 παρεσκευά.

2133 953 2314 999 σαντο,
2344 937 2437 989 καὶ
2473 935 2610 1008 πρὸς
2642 936 2767 999 τοὺς
2799 934 3099 1002 ἐλέφαντας
3122 937 3338 1007 κεραίας
3368 940 3440 1007 ἐφ’
3459 942 3639 1010 ἁμαξῶν

2134 1028 2575 1098 σεσιδηρωμένας
2605 1027 2698 1081 καὶ
2728 1027 3068 1096 πανταχόθεν
3108 1029 3432 1098 προεχούσας
3458 1034 3632 1103 ήτοίμι.

2135 1135 2252 1182 σαν,
2322 1118 2410 1171 ἵνα
2464 1117 2773 1182 τοξεύοντες
2824 1117 2919 1170 ἀπ’
2959 1116 3137 1169 αὐτῶν
3170 1117 3299 1173 ἄλλα
3344 1136 3398 1171 τε
3437 1124 3638 1197 καὶπῦρ,

2132 1210 2381 1279 ἐμποδὼν
2432 1210 2586 1278 σφίσι
2631 1210 2911 1280 γίνωνται.
2962 1209 3355 1280 Προτμίξαντε;
3409 1212 3460 1266 δὲ
3502 1218 3638 1289 χρόνῳ

2135 1305 2233 1373 μὲν
2264 1304 2314 1355 οἱ
2356 1301 2614 1371 Ῥωμαῖοι
2647 1302 2773 1363 τοὺς
2803 1302 3096 1371 Ἕλληνας,
3128 1300 3357 1355 ἐώσαντο
3385 1302 3425 1358 δ’
3451 1301 3545 1370 οὖν,
3572 1312 3640 1378 μέ-

2132 1412 2255 1468 Χρίς
2286 1398 2313 1449 ὁ
2357 1395 2572 1467 Πύρῤος
2608 1396 2723 1459 τοῖς
2763 1395 3019 1462 ἐλέφασιν
3059 1394 3120 1449 ού
3153 1398 3289 1447 κατὰ
3332 1398 3421 1459 τὰς
3456 1400 3638 1470 ἁμάξας1

2133 1487 2251 1539 ἀλλ’
2302 1488 2394 1540 ἐπὶ
2439 1486 2647 1555 θάτερα
2688 1485 3109 1557 προσεοηθήσας
3162 1486 3338 1548 αὐτοῖς
3383 1489 3469 1559 τὴν
3516 1491 3640 1544 ἵππον

2137 1578 2289 1649 σφῶν
2331 1578 2427 1630 καὶ
2464 1583 2590 1649 πρὶν
2636 1577 2938 1648 προσμίξαι
2986 1577 3137 1649 φόϐῳ
3168 1578 3272 1630 τῶν
3304 1578 3485 1648 θηρίων
3528 1584 3637 1652 ἐτρί-

2134 1670 2295 1739 ψατο,
2319 1670 2397 1742 τῷ
2431 1672 2615 1741 μέντοι
2654 1668 2806 1740 πεζῷ
2839 1670 2998 1753 οὐδὲν.
3030 1670 3177 1740 μέγα
3209 1670 3523 1742 ἐλυμήνατο·
3566 1678 3639 1729 κᾶν

447 1772 606 1831 multi
649 1771 774 1825 caesi
835 1778 962 1824 Sunt
998 1785 1014 1826 :
1048 1767 1288 1840 Pyrrhus
1335 1767 1472 1836 ipse,
1524 1772 1578 1818 et
1625 1779 1690 1818 ex
1744 1760 1961 1832 praecipi

2136 1764 2314 1836 τούτῳ
2349 1764 2456 1817 τῶν
2490 1763 2771 1819 ’Δπούλων
2806 1762 2951 1824 τινὲς
2987 1764 3079 1816 ἐπὶ
3112 1762 3175 1816 τὸ
3205 1763 3312 1816 τῶν
3355 1765 3640 1837 ἰίπειρωτῶν

445 1862 759 1933 complures
785 1857 1080 1925 vulnerati;
1111 1874 1176 1912 ac
1212 1869 1338 1928 post
1371 1872 1494 1911 cum
1544 1855 1617 1910 ob
1664 1861 1961 1908 commeant

2137 1824 2465 1928 ὡρμηκότες
2502 1853 2889 1924 στρατόπεδον,
2922 1853 3020 1923 τῆς
3052 1852 3208 1922 νίκης
3235 1851 3390 1905 αἴτιοι
3414 1824 3511 1915 tot;
3542 1852 3639 1908 Ῥω-

449 1965 564 2006 tum
628 1952 1156 2005 medicamentorum
1217 1947 1459 2017 inopiam
1515 1947 1754 2017 graviter
1812 1942 2023 1998 atllicti.

445 2044 814 2111 Quamobrem
849 2042 1150 2096 Tarentum
1171 2040 1452 2103 discessit,
1487 2048 1782 2108 antequam
1813 2038 1866 2092 id
1913 2038 2025 2091 Ro-

447 2138 595 2193 mani
634 2136 961 2190 sensissent.
1003 2132 1294 2194 Consules,
1323 2132 1428 2186 etsi
1477 2130 1680 2184 ﬂumen
1745 2127 2026 2199 pugnandi

445 2243 613 2286 causa
667 2227 1034 2291 transierunt,
1102 2234 1289 2280 tamen
1337 2239 1462 2277 cum
1502 2224 1791 2277 audissent
1842 2223 2030 2277 hostes

444 2335 637 2379 omnes
659 2320 954 2390 dissipatos
977 2333 1122 2382 esse,
1149 2317 1206 2373 in
1232 2318 1399 2374 urlies
1422 2316 1636 2386 Apuliae
1663 2316 2028 2387 hyhernatum

449 2412 674 2478 reversi,
704 2420 928 2483 pr0pter
979 2409 1297 2463 vulneratos
1334 2407 1558 2473 milites,
1619 2407 1741 2459 illos
1771 2405 2025 2476 persequi

446 2522 554 2561 non
585 2511 909 2576 potuerunt.
941 2501 1185 2571 Pyrrhus
1232 2513 1365 2553 vero
1400 2513 1527 2553 cum
1573 2497 1679 2551 alia
1742 2497 2023 2562 instruxit,

451 2608 564 2650 tum
602 2593 805 2649 milites
832 2601 889 2646 et
927 2592 1189 2660 pecunias
1223 2589 1387 2642 domo
1418 2588 1615 2642 advehi
1675 2589 1843 2657 jussit
1878 2606 1890 2641 :
1930 2588 2026 2643 sed

445 2699 574 2741 cum
606 2683 918 2738 Fabricium
943 2687 997 2737 et
1027 2680 1271 2748 Pappum
1305 2680 1557 2732 consules
1616 2678 1794 2733 lectos
1847 2680 1900 2732 in
1936 2693 2027 2733 ca-

448 2785 563 2832 stra
607 2773 925 2845 pervenisse
964 2770 1333 2842 cognovisset,
1386 2772 1441 2824 in
1480 2785 1544 2825 ea
1594 2772 1867 2825 sententia
1917 2784 2026 2825 non

452 2867 781 2938 permansit.
809 2865 994 2920 Nicias
1020 2879 1159 2917 vero
1196 2862 1444 2932 quidam,
1479 2864 1574 2932 qui
1627 2861 1771 2917 ﬁdus
1802 2863 1879 2917 illi
1904 2877 2029 2918 esse

449 2960 807 3025 credebatur,
868 2958 935 3013 ad
998 2956 1316 3012 Fabricium
1376 2970 1436 3010 se
1497 2955 1842 3020 contulit,se
1896 2955 2031 3025 Pyr-

452 3060 613 3114 rhum
647 3057 778 3112 dolo
823 3054 1246 3110 interfecturum
1284 3050 1571 3122 pollicens.
1621 3049 1778 3119 Quod
1812 3049 2027 3105 facinus

2142 1946 2325 2019 μαίοις
2363 1946 2629 2013 ἐγένοντο.
2676 1943 2841 2009 Τινὰς
2870 1945 2976 2013 γὰρ
3005 1942 3113 1995 τιῖιν
3148 1943 3454 2013 μαχομένων
3480 1943 3549 1996 ἐπ’
3570 1947 3640 1997 εὕρ

2136 2040 2264 2102 τοὺς
2309 2037 2402 2091 τοῦ
2440 2038 2659 2109 Ηύρῤου
2694 2037 3032 2108 πέμψαντος,
3065 2036 3268 2100 πάντες
3312 2037 3357 2089 οἱ
3382 2036 3534 2095 λοιποὶ
3559 2040 3642 2092 ἐτα-

2139 2129 2444 2203 ράχθησαν,
2478 2130 2574 2183 καὶ
2619 2129 2717 2193 τὰς
2748 2144 2808 2182 τε
2838 2128 3046 2199 σκηνὰς
3075 2126 3391 2191 ἑαλωκέναι,
3431 2128 3510 2180 καὶ
3537 2130 3622 2181 ire!

2138 2240 2263 2283 νους
2295 2220 2518 2292 φεύγειν
2565 2220 3042 2290 ὑποτοπήσαντες,
3086 2219 3353 2284 ἐνέδοσαν,
3384 2219 3468 2271 καὶ
3506 2222 3641 2289 συχνὰ

2139 2313 2318 2367 αὐτῶν
2345 2314 2541 2365 ἔπεσον
2562 2327 2576 2343 ⁶
2616 2312 2643 2365 ὅ
2672 2328 2729 2365 τε
2764 2312 2999 2384 Πύρρος,
3036 2311 3134 2364 καὶ
3161 2310 3308 2363 ἄλλοι
3345 2310 3443 2364 τῶν
3473 2314 3517 2363 ἐν
3540 2314 3640 2366 τέλει

2139 2407 2331 2460 πολλοὶ
2371 2404 2709 2477 ἐτρώθησαν,
2742 2405 2839 2458 καὶ⁵
2873 2403 3013 2475 μετὰ
3042 2403 3220 2456 ταῦτα
3268 2401 3353 2455 διά
3379 2419 3431 2456 τε
3470 2406 3548 2473 τὴν
3571 2403 3641 2470 τῆς

2133 2496 2342 2569 τροφῆς
2376 2497 2466 2550 καὶ
2487 2496 2587 2568 τὴν
2608 2496 2716 2551 τῶν
2735 2495 3058 2564 ἐπιτηδείων
3083 2495 3222 2562 πρὸς
3243 2495 3422 2549 ἄκεσιν
3444 2496 3638 2566 ἀπορίαν,

2139 2590 2347 2661 σρόδρα
2404 2587 2782 2659 ἐκακώθησαν.
2821 2588 2984 2641 Ὅθεν
3042 2587 3261 2659 ἀπῆρεν
3311 2589 3387 2651 εἰς
3427 2587 3639 2657 Τάραντα,

2136 2684 2267 2755 πρὶν
2302 2684 2428 2745 τοὺς
2469 2682 2777 2752 Ῥωμαίους
2804 2682 3114 2736 αἰσθέσθαι.
3143 2681 3208 2734 Οἱ
3233 2681 3278 2735 δ’
3308 2680 3486 2733 ὕπατοι
3509 2681 3638 2751 M65-

2138 2791 2239 2829 σαν
2299 2776 2398 2845 μὲν
2452 2774 2546 2828 τὸν
2606 2774 2852 2844 ποταμὸν
2900 2774 2996 2827 ἐπὶ
3063 2773 3249 2845 μάχῃ.
3293 2772 3449 2838 Ὧςδὲ
3489 2774 3639 2835 πάντας

2133 2866 2458 2919 ὲσκεδάσθαι
2509 2865 2794 2932 ἐπύθοντο,
2830 2866 2911 2927 είς
2954 2864 3056 2929 τὰς
3098 2865 3310 2926 οἰκείας
3356 2863 3639 2935 ἀνεχώρησαν

2134 2957 2356 3020 πόλεις’
2394 2955 2681 3022 ἐπιδιῶξαι
2720 2957 2830 3026 γὰρ
2870 2954 2957 3010 διά
3010 2956 3141 3019 τοὺς
3179 2956 3489 3026 σφετέρουςο
3516 2938 3639 3026 τραν-

2135 3051 2334 3121 ματίας
2358 3049 2457 3103 οὐκ
2490 3048 2854 3121 ἠδυνήθησαν.
2882 3044 3014 3103 Εἶτα
3048 3051 3101 3101 οἱ
3140 3050 3241 3120 μὲν
3268 3051 3348 3115 είς
3377 3049 3465 3121 τήν
3498 3049 3642 3102 ’Δπονο

450 3153 669 3223 indigne
706 3151 891 3205 ferens
925 3147 1212 3203 Fabricius
1251 3145 1481 3215 (virtute
1512 3144 1660 3199 enim
1705 3153 1760 3198 et
1790 3143 1961 3198 Vil'ibtl

2134 3143 2254 3197 λίαν
2281 3141 2580 3214 ὶχείμασαν
2598 3158 2614 3175 ’
2647 3145 2674 3195 ό
2704 3142 2762 3195 δὲ
2791 3141 3004 3213 Πύρρος
3075 3139 3247 3195 τᾶλλα
3275 3157 3333 3195 τε
3361 3141 3640 3213 ήτοιμιίξετο,

447 3260 555 3300 non
603 3243 733 3299 dolo
765 3241 1114 3312 superandos
1164 3240 1373 3299 hostes,
1427 3237 1892 3307 quemadmodum
1923 3235 2028 3291 Ca-

446 3336 651 3401 millus,
686 3334 971 3401 censebat)
1004 3331 1235 3385 insidias
1267 3330 1478 3401 Pyrrho
1501 3330 1785 3383 indicavit.
1824 3328 1942 3395 Qua
1970 3345 2029 3384 re

446 3427 599 3482 illum
632 3426 706 3480 ita
736 3423 1127 3493 obstupefecit.
1166 3431 1227 3476 ut
1248 3422 1435 3475 denuo
1474 3421 1739 3476 Romanis
1769 3422 2020 3490 captivos

443 3519 613 3591 gratis
664 3519 1009 3580 restitueret,
1059 3524 1116 3569 et
1149 3530 1245 3584 per
1306 3514 1516 3583 legatos
1549 3527 1736 3583 pacem
1794 3521 2027 3582 peteret.

447 3610 517 3665 Ut
547 3620 732 3665 autem
765 3607 996 3664 Romani
1042 3606 1110 3661 de
1149 3620 1282 3676 pace
1310 3604 1449 3659 nihil
1480 3604 1911 3676 respondebant,
1932 3604 2028 3659 sed

440 3719 568 3758 eum
604 3711 716 3757 tum
752 3714 994 3771 quoque,
1031 3714 1156 3753 cum
1192 3697 1340 3751 Italia
1371 3699 1725 3760 excessisset,
1772 3697 1842 3752 de
1893 3712 2029 3768 pace

441 3794 911 3866 agerejubebant,
943 3802 999 3848 et
1044 3791 1211 3845 urbes
1243 3790 1294 3844 ei
1326 3788 1623 3844 l'tnderatas
1679 3789 2029 3845 infestabant

439 3894 495 3939 et
522 3885 913 3957 expugnabant
936 3900 951 3938 :
976 3883 1145 3939 animi
1170 3880 1400 3937 dubium
1433 3896 1498 3936 ea
1530 3896 1621 3936 res
1643 3882 1845 3948 erexit,
1881 3881 2030 3952 quod

440 3993 471 4032 a
506 3978 868 4049 Syracusanis
894 3977 1224 4047 quibusdam
1260 3978 1407 4050 (nam
1441 3994 1508 4033 ex
1536 3993 1646 4051 quo
1686 3978 2022 4050 Agathocles

440 4069 779 4134 decesserat,
804 4069 1177 4124 seditionibus
1207 4070 1583 4140 agitabantur)
1614 4069 2028 4136 accersebatur,

436 4172 494 4217 et
524 4163 720 4219 urbem
745 4174 803 4218 et
831 4162 1165 4232 semetipsos
1194 4162 1343 4217 illius
1378 4160 1507 4216 ﬁdei
1553 4160 2028 4230 permittentibus.

435 4256 711 4325 Coneepta
738 4254 888 4309 enim
940 4268 1036 4323 spe
1066 4255 1237 4307 totius
1291 4252 1495 4308 Siciliae
1528 4252 1833 4322 potiundae,
1869 4252 2037 4325 Milo-5

440 4362 569 4403 nem
632 4346 704 4402 ad
750 4345 1076 4409 Tarentum,
1122 4345 1285 4415 377
1332 4354 1641 4414 caeteraque
1697 4346 1922 4402 tutanda
1970 4347 2029 4402 in

439 4438 589 4492 Italia
612 4437 836 4506 reliquit
875 4453 891 4490 :
935 4436 1074 4505 ipse,
1105 4446 1164 4490 ut
1192 4435 1345 4490 brevi
1372 4451 1718 4501 reversurus,
1746 4437 2023 4494 discessit.

2132 3236 2226 3287 καὶ
2254 3231 2470 3286 οἴκοθεν
2498 3234 2839 3303 στρατιώτας
2875 3232 2969 3287 καὶ
2996 3232 3262 3305 χρήματα
3289 3232 3638 3304 μετεπέμψατο·
3708 3238 3709 3241 ‘

2133 3325 2325 3398 μαθὼν
2369 3326 2427 3380 δὲ
2472 3325 2565 3379 τὸν
2612 3324 2909 3397 Φαϐρίκιον
2948 3326 3043 3380 καὶ
3084 3326 3180 3380 τὸν
3212 3325 3431 3380 Πάππον
3455 3326 3637 3386 {attito-.1;

2131 3416 2468 3488 ᾑρημένους,
2501 3415 2598 3471 καὶ
2628 3418 2710 3481 είς
2732 3415 2793 3471 τδ
2821 3415 3194 3491 στρατόπεδον
3229 3417 3551 3486 ἀφιγμένους,
3571 3418 3639 3471 οὐκ

2131 3512 2226 3563 ἔπι
2258 3510 2357 3577 τῆς
2389 3509 2563 3579 αὐτῆς
2598 3509 2874 3580 μεμένηκε
2909 3508 3162 3579 γνώμης.
3202 3510 3338 3579 Ἤδη
3372 3509 3423 3562 δὲ
3455 3510 3542 3561 τῶν
3571 3512 3639 3581 ῥη-

2133 3603 2339 3657 θέντων
2370 3603 2592 3661 ὑπάτων
2649 3605 2709 3657 ὲν
2748 3603 2827 3674 τῷ
2861 3605 3239 3677 στρατεύματι
3284 3604 3459 3671 ὄντων,
3495 3606 3640 3666 Νικίας

2132 3714 2214 3760 τις
2260 3697 2368 3751 τῶν
2415 3697 2619 3777 Πύρρῳ
2662 3697 2871 3755 πιστῶν
2912 3697 3243 3765 δοκούντων,
3275 3695 3398 3772 ἦλθε
3432 3698 3543 3770 πρὸς
3575 3698 3640 3749 τὸν

2132 3786 2451 3871 Φαϐρίκιον,
2483 3790 2580 3843 καὶ
2610 3790 2879 3861 ὑπέσχετο
2910 3789 3059 3864 αὐτῷ
3096 3793 3189 3845 τὸν
3236 3793 3441 3863 Πύρρον
3479 3790 3642 3855 δαὶοφεο

2134 3882 2339 3951 νήσειν.
2370 3883 2715 3953 Δυσχεράνα;
2733 3880 2829 3937 οὖν
2850 3883 2945 3937 ἐπὶ
2965 3883 3145 3956 τούτῳ
3166 3886 3367 3949 ἐκεῖνος
3384 3884 3549 3954 (ἀρετῇ
3565 3881 3641 3950 γὰρ

2135 3974 2229 4026 καὶ
2255 3977 2376 4039 ταῖς
2401 3974 2696 4046 δυνάμεσιν
2722 3973 2911 4044 ἠξίουν
2929 3977 3036 4030 τῶν
3062 3977 3341 4049 πολεμίων
3364 3977 3572 4048 κρατεῖν,
3592 3973 3641 4032 ὡς

2132 4068 2160 4119 ὁ
2178 4067 2502 4139 Κάμιλλος),
2528 4068 2872 4141 κατεμήνυσε
2901 4069 2978 4140 τῷ
3009 4069 3215 4142 Πύρρῳ
3237 4071 3296 4122 τὸ
3320 4066 3641 4136 ἐπιϐούλευμα.

2137 4160 2249 4214 Καὶ
2281 4157 2455 4222 οὕτως
2494 4158 2656 4212 αὑτὸν
2702 4160 2767 4211 ὲκ
2806 4158 2997 4213 τούτου
3028 4158 3386 4229 κατέπληξεν,
3420 4157 3538 4211 ὥστε
3577 4155 3644 4207 καὶ

2143 4251 2260 4314 τοὺς
2297 4251 2607 4313 ἑαλωκότας
2640 4251 2752 4305 τῶν
2797 4250 3091 4324 Ῥωμαίων
3122 4254 3328 4322 προῖκα
3353 4246 3494 4312 αὖθις
3529 4246 3643 4314 ἁφεῖ⁸

2136 4360 2245 4410 ναι,
2282 4344 2376 4397 καὶ
2410 4343 2668 4414 πρέσϐεις
2714 4345 2878 4400 πάλιν
2911 4344 3053 4415 ὑπὲρ
3092 4344 3320 4416 εἰρήνης
3368 4340 3641 4396 exonerant.

2145 4441 2300 4494 Ἐπεὶ
2352 4441 2410 4494 δὲ
2472 4442 2523 4494 oi
2583 4442 2844 4512 Ῥωμαῖοι
2908 4444 3036 4512 περὶ
3087 4444 3188 4510 τῆς
3266 4442 3476 4514 εἰρήνης
3530 4434 3641 4490 οὐδὲν

438 4530 507 4584 Et
537 4545 568 4583 a
596 4527 959 4600 Syracusanis
988 4535 1279 4595 exceptus,
1314 4542 1528 4582 summa
1559 4543 1744 4582 rerum
1765 4529 1869 4601 ipsi
1898 4546 1961 4600 pe

2134 4531 2528 4605 ἀπεκρίναντο,
2562 4508 2709 4587 ἀλλὰ*
2760 4534 2856 4591 καὶ
2893 4508 3012 4593 τότε
3071 4508 3285 4607 ἀπᾶραι
3318 4508 3448 4605 ’τῆξ
3471 4528 3643 4587 Ἰταλίας

442 4621 631 4685 missa,
669 4633 863 4674 rursus
901 4618 1056 4672 brevi
1087 4619 1266 4688 spatio
1303 4620 1565 4689 temporis
1597 4631 1781 4676 tantus
1822 4623 2022 4689 evasit,

440 4723 502 4771 ut
535 4711 1025 4783 Carthaginienses
1074 4711 1224 4766 illius
1255 4721 1407 4765 metu
1477 4727 1544 4767 ex
1601 4713 1752 4768 Italia
1789 4715 2023 4770 militem

438 4805 836 4859 conducerent.
870 4802 978 4859 Sed
1013 4804 1273 4859 celeriter
1299 4820 1363 4859 ea
1396 4804 1617 4861 fortuna
1659 4816 1870 4861 mutata
1933 4818 2023 4863 est

440 4899 503 4962 in
557 4898 897 4952 contrarium
935 4915 951 4953 :
1010 4898 1156 4968 quod
1194 4899 1400 4954 multos
1438 4915 1505 4955 ex
1552 4901 1889 4972 primoribus
1918 4901 2024 4957 sibi

437 4992 725 5057 suspectos
758 4988 956 5057 partim
993 4989 1251 5058 pellebat,
1271 4990 1471 5060 partim
1505 4993 1765 5047 necabat.
1792 4991 2027 5051 Cartha-

435 5079 718 5160 ginienses
737 5082 907 5149 enim,
923 5098 1047 5136 cum
1079 5097 1205 5137 eum
1229 5098 1330 5139 nec
1347 5084 1572 5154 privatis
1599 5085 1809 5140 viribus
1830 5088 2032 5152 valere,

438 5188 617 5241 neque
640 5174 988 5243 popularium
1018 5175 1227 5230 habere
1254 5175 1440 5231 studia
1470 5185 1783 5239 cernerent,
1817 5177 2021 5232 bellum

436 5272 664 5329 sternue
720 5265 1200 5334 administrarunt,
1242 5282 1483 5336 eumque
1546 5267 2019 5338 Syracusanorum

434 5358 723 5415 exsulibus
759 5359 1152 5430 suscipiendis,
1180 5360 1320 5415 male
1352 5369 1686 5415 tractarunt.
1717 5360 1876 5417 Unde
1910 5377 2022 5417 non

437 5449 740 5521 Syracusas
771 5451 1064 5516 duntaxat,
1089 5452 1186 5507 sed
1216 5460 1385 5507 totam
1418 5450 1662 5506 Siciliam
1691 5452 1961 5508 deseruit.

2128 4625 2399 4692 ἐκέλευον,
2425 4628 2521 4681 καὶ
2544 4625 2717 4691 οὕτως
2744 4626 2928 4690 αὐτοῖς
2953 4625 3465 4698 διακηρυκεύεσθαι,
3482 4618 3639 4679 καὶτὰς

2131 4719 2483 4791 συμμαχίδας
2526 4719 2675 4789 αύτῷ
2707 4720 2891 4782 πόλεις
2938 4720 3273 4792 κατέτρεχον
3300 4736 3358 4774 τε
3391 4719 3477 4774 καὶ
3497 4712 3666 4787 ᾕρουνιί,

2132 4813 2192 4866 ὲν
2232 4813 2516 4883 ἀμηχανίᾳ
2557 4813 2799 4880 ἐγένετο,
2830 4812 2963 4883 πρὶν
3006 4811 3071 4880 δὴ
3119 4811 3486 4882 Συρακουσίων
3535 4802 3659 4883 τινὲς
3704 4874 3705 4877 η

2133 4882 2458 4973 (ἐτύγχανον
2487 4882 2567 4968 δὲ,
2602 4901 2661 4973 ἐξ
2689 4896 2750 4957 οὗ
2789 4902 3128 4974 Ἀγαθοκλῆς
3169 4901 3499 4972 ἐτελεύτησε,
3547 4882 3659 4949 στα-’

2133 4995 2433 5063 σιάζοντες)
2465 4994 2868 5048 ἐπεκαλέσαντο
2898 4994 3084 5063 αὐτὸν,
3120 4992 3490 5065 παραδιδόντες
3514 4987 3553 5038 οἱ
3576 4981 3643 5036 καὶ

2131 5087 2360 5150 ἑαυτοὺς
2382 5086 2479 5143 καὶ
2509 5086 2610 5158 τήν
2636 5086 2812 5140 πόλιν.
2848 5085 3228 5149 ’Δναπνεύσας
3260 5084 3368 5155 γὰρ
3391 5083 3474 5135 ἐπὶ
3492 5077 3639 5143 τούτῳ,

2134 5179 2231 5232 καὶ
2272 5178 2646 5249 προσελπίσας
2682 5179 2864 5239 πᾶσαν
2892 5179 2990 5250 τήν
3033 5176 3289 5232 Σικελίαν
3327 5167 3641 5240 καταστρέψα-

2134 5270 2284 5337 σθαι,
2311 5270 2403 5323 τὸν
2439 5271 2540 5341 μὲν
2568 5269 2796 5326 Μίλωνα
2822 5272 2880 5324 ἐν
2918 5268 3123 5339 Ἰταλίᾳ
3159 5268 3462 5332 κατέλιπεν,
3498 5267 3543 5316 ὲν
3572 5276 3641 5326 φυ-

2129 5360 2271 5432 λακῇ
2302 5359 2395 5415 τόν
2427 5377 2488 5414 τε
2517 5360 2773 5430 Τάραντα
2804 5360 2898 5414 καὶ
2926 5360 2996 5413 τὰ
3019 5359 3155 5421 ἀλλα
3178 5359 3541 5432 ποιησόμενον·
3566 5349 3638 5402 αὺο

2127 5454 2219 5517 τὸς
2265 5452 2319 5506 δὲ
2364 5451 2440 5515 ὡς
2479 5452 2567 5506 διὰ
2611 5450 2860 5527 βραχέως
2895 5451 3183 5524 ἐπανήξων
3216 5451 3525 5506 ἀπέπλευσε.
3560 5438 3638 5493 Καὶ

433 5546 544 5603 τῶν
574 5547 963 5616 Συρακουσίων
1023 5546 1337 5611 δεξαμένων
1367 5548 1557 5613 αὑτὸν,
1624 5549 1719 5600 καὶ
1778 5549 1961 5603 πάντα
2028 5550 2177 5621 αὑτῷ
2230 5547 2609 5619 ἀναθεμένων,
2678 5549 2856 5618 μέγας
2914 5549 2970 5600 ὲν
3020 5547 3214 5619 βραχεῖ
3256 5546 3403 5606 αὖθις
3445 5542 3632 5609 ἐγένετο.

438 5641 585 5704 ὥστε
633 5644 760 5705 τοὺς
839 5642 1250 5713 Καρχηδονίους

1339 5642 1677 5713 φοϐηθέντας
1728 5644 2094 5716 μισθοφόρους
2131 5649 2197 5700 ὲκ
2256 5648 2357 5716 τῆς
2426 5643 2658 5707 Ἰταλίας
2712 5642 3063 5716 προσλαϐεῖν.
3130 5641 3290 5695 Ἀλλὰ
3352 5642 3476 5710 ταχὺ
3531 5633 3631 5705 πρὸς

436 5736 752 5795 τούναντίον
806 5736 957 5807 αὐτῷ
1013 5736 1276 5807 περιέστη
1334 5735 1402 5789 τὰ
1446 5737 1774 5807 πράγματα,
1820 5739 1897 5804 τῷ
1957 5757 2017 5791 τε
2059 5739 2287 5805 πολλοὺς
2332 5741 2441 5793 τῶν
2491 5740 2551 5794 ἐν
2596 5740 2742 5794 τέλει
2785 5743 2912 5803 τοὺς
2966 5739 3064 5804 μὲν
3131 5736 3398 5807 ἐξελάσαι,
3464 5723 3629 5790 τοῖισςδὲ

445 5828 760 5910 διαφθεῖραι
791 5828 1269 5907 ὑποπτευομένους
1300 5830 1470 5912 αὐτῷ.
1507 5834 1569 5886 υἱ
1600 5834 1713 5913 γὰρ
1769 5832 2132 5913 Καρχηδόνιοι
2200 5836 2396 5903 ἰδόντες
2467 5834 2628 5895 αὐτὸν
2694 5835 2832 5912 μήτε
2862 5837 2982 5905 ταῖς
3012 5833 3240 5897 οἰκείαις
3280 5829 3540 5905 δυνάμεσιν
3564 5818 3629 5899 ἐρ*
