3862 6592
158 480 252 543 Ml

1341 470 1755 535 ANNALIUM
1799 469 1948 531 LIB.
1988 469 2157 533 VIII.

3245 471 3354 535 650

160 588 391 662 ρωμένον,
432 585 564 658 μήτε
600 586 724 650 τοὺς
762 585 1097 658 ἐπιχωρίους
1120 584 1192 640 δι’
1221 585 1436 650 εὐνοίας
1473 585 1686 657 ἔχοντα,
1725 583 1820 637 τοῦ
1888 583 2129 654 πολέμου
2198 582 2499 656 προθύμως
2541 580 2925 646 ἀντελάϐοντο,
2975 584 3068 635 καὶ
3107 586 3230 648 τοὺς
3273 586 3368 639 ἐκ·

155 683 419 740 πίπτοντας
444 677 550 730 τῶν
595 676 983 748 Συρακουσίων
1022 675 1327 747 δεχόμενοι,
1368 676 1515 730 δεινά
1555 675 1717 728 αὐτὸν
1756 673 2106 744 εἰργάσαντο,
2171 672 2310 725 ὥστε
2345 674 2420 744 μὴ
2459 672 2557 738 τὰς
2598 674 2951 746 Συρακούσας
3012 675 3193 743 μόνον,
3229 677 3368 736 ἀλλὰ

157 772 234 826 καί
261 770 349 840 τὴν
379 768 617 821 Σικελίαν
647 768 915 822 ἐκλιπεῖν.

213 864 293 932 ς’.
329 863 386 916 Oi
418 861 676 933 ⁹Ρωμαῖοι
716 860 772 913 δὲ
799 860 898 930 τὴν
924 860 1197 914 ἀπουσίαν
1230 858 1397 912 αὐτοῦ
1438 858 1679 925 πυθόμε-
1712 910 1713 913 η

1855 850 1945 906 Vl.
1979 849 2209 904 Romani
2252 865 2383 904 vero
2422 864 2519 920 per
2558 846 2680 921 ejus
2726 849 3031 907 absentiam
3075 852 3369 907 conﬁrma-

155 973 241 1016 νοι,
263 952 647 1022 ἀνεθάρσησαν,
674 951 768 1004 καὶ
809 951 944 1023 πρὸς
972 950 1190 1021 ἄμυναν
1218 951 1328 1004 τῶν
1357 948 1691 1003 ἐπικαλεσα-

159 1049 308 1116 μένων
341 1043 501 1095 αύτδν
533 1043 854 1113 ἐτράπησαν
877 1061 890 1074 ·
926 1044 1021 1097 καὶ
1058 1044 1186 1107 τοὺς
1214 1042 1583 1114 Ταραντίνους
1615 1040 1696 1103 είς

154 1138 287 1192 ἄλλον
315 1137 500 1204 καιρὸν
524 1134 914 1204 ὑπερθέμενοι,
943 1134 1227 1190 εἰσέϐαλον
1258 1137 1339 1200 είς
1365 1136 1426 1189 τὸ
1458 1137 1696 1204 Σάμνιον

155 1231 272 1299 μετὰ
320 1228 540 1281 ὑπάτων
581 1227 674 1280 τοῦ
720 1228 1005 1299 Ῥουφίνου
1047 1231 1144 1284 καὶ
1172 1229 1268 1283 τοῦ
1310 1229 1556 1294 Ἰουνίου,
1603 1228 1698 1282 καὶ

155 1321 234 1391 τήν
259 1336 314 1371 τε
339 1317 522 1390 χώραν
553 1318 845 1390 ἐπόρθουν,
882 1320 976 1374 καὶ
1011 1321 1167 1392 τείχη
1199 1321 1322 1373 τινὰ
1343 1318 1697 1390 ἐκλειφθέντα

154 1407 341 1464 ἔλαϐον.
360 1409 422 1461 Οί
452 1408 563 1481 γὰρ
585 1409 855 1478 Σαμνῖται
889 1411 967 1472 είς
996 1413 1064 1466 τά
1096 1411 1197 1482 ὅρη
1226 1411 1294 1465 τὰ
1317 1413 1562 1482 Κρανιτά
1582 1412 1697 1485 (15)

154 1502 410 1570 λεγόμενα,
438 1502 520 1554 ὅτι
552 1504 779 1571 κρανίαν
809 1503 1010 1577 πολλὴν
1044 1504 1251 1577 ἔχουσι,
1282 1505 1350 1560 τά
1375 1522 1433 1558 τε
1465 1505 1699 1574 φίλτατα

156 1594 232 1647 καὶ
280 1593 345 1646 τά
392 1595 702 1663 τιμιώτατα
743 1597 1103 1668 ἀνεκόμισαν.
1159 1599 1700 1669 Καταφρονήσαντες

154 1680 230 1736 οὖν
274 1684 320 1735 οἱ
352 1683 640 1754 Ῥωμαῖοι,
701 1688 783 1749 είς
834 1691 903 1741 τὰ
956 1688 1226 1759 εἰρημένα
1273 1689 1374 1759 ὅρη
1429 1688 1699 1757 ἀναϐῆναι

156 1774 451 1846 ἐτόλμησαν.
496 1776 719 1830 Λασίων
777 1777 872 1833 οὖν
926 1780 1128 1846 αὐτῶν,
1168 1779 1265 1833 καὶ
1308 1779 1700 1852 δυσπροϐάτων

158 1865 320 1925 ὄντων,
347 1864 536 1918 πολλοὶ
567 1867 665 1937 μὲν
695 1868 989 1937 ἀπέθανον,
1015 1869 1204 1923 πολλοὶ
1230 1869 1287 1922 δὲ
1311 1870 1405 1923 καὶ
1433 1869 1699 1924 ἑάλωσαν.

153 1956 205 2010 Ol
225 1957 266 2009 δ’
294 1956 488 2012 ὕπατοι
528 1961 719 2014 οὐκέτι
749 1964 902 2034 κοινῇ
946 1962 1038 2016 τὸν
1069 1963 1309 2034 πόλεμον
1351 1966 1699 2034 ἐποιήσαντο,

157 2048 375 2119 ἀλλήλοις
413 2051 737 2121 αἰτιώμενοι
789 2053 878 2107 διά
911 2055 972 2108 τὸ
1007 2055 1288 2127 ἀτύχημα,
1320 2055 1434 2109 ἀλλ’
1488 2052 1703 2119 Ἰούνιος

159 2139 241 2211 μίν
277 2140 428 2212 ἐδῄου
477 2142 650 2214 μέρος
702 2162 756 2199 τι
802 2145 905 2217 τῆς
939 2148 1286 2219 Σαμνίτιδος,
1331 2148 1608 2217 Ῥουφῖνος
1645 2148 1703 2201 δέ

159 2234 340 2286 Δευκαν
370 2235 419 2295 ῖς
462 2235 564 2288 καὶ
598 2236 881 2306 Βρεττίοις
912 2236 1244 2307 ἐλυμήνατο,
1276 2238 1374 2292 καὶ
1418 2239 1511 2292 ἐπὶ
1553 2240 1596 2293 Κ
1608 2238 1698 2308 μό-

158 2339 279 2376 τωνα
314 2322 584 2396 ὥρμησεν
630 2328 944 2383 ἀποστάντα
987 2328 1295 2400 Ῥωμαίων,
1340 2330 1700 2401 μεταπεμψα-

163 2415 312 2481 μένων
360 2416 527 2469 αύτὸν
582 2417 691 2469 τῶν
740 2418 1087 2488 ἐπιτηδείων,
1138 2420 1462 2489 φθασάντων
1502 2421 1559 2474 δὲ
1593 2421 1703 2477 τῶν

161 2505 332 2558 λοιπῶν
352 2506 737 2576 ἐπαγαγέσθαι
766 2510 920 2581 παρὰ
940 2510 1033 2563 τοῦ
1066 2512 1312 2574 Μίλωνος
1338 2514 1600 2584 φρουρὰν,
1636 2509 1704 2584 ἧς

161 2586 272 2664 ἦρχε
306 2595 648 2668 Νικόμαχος.
690 2598 988 2670 ’Δγνοήσας
1015 2596 1109 2654 οὖν
1142 2601 1321 2670 τοῦτο,
1356 2604 1451 2656 καὶ
1488 2603 1704 2674 ἀμελῶς

161 2689 251 2749 τοίς
292 2688 494 2758 τείχεσι
545 2690 792 2760 προσιὼν
853 2693 928 2755 ὡς
976 2694 1111 2764 πρὸς
1165 2694 1377 2763 φίλους,
1417 2695 1704 2763 ἔπταισεν,

161 2774 386 2849 ἐξαίφνης
414 2782 919 2852 ἐπεκδραμούντων
947 2783 1127 2855 αὐτῷ’
1171 2778 1293 2839 είτά
1323 2803 1376 2839 τι
1414 2786 1705 2858 ἐπινοήσας

164 2872 514 2942 στρατήγημα,
550 2873 649 2944 τὴν
682 2875 839 2929 πόλιν
884 2870 1019 2930 εἷλε.
1051 2877 1173 2931 Δύω
1209 2878 1316 2950 γάρ
1346 2881 1541 2951 ἄνδρας
1577 2880 1709 2950 ψευ-

160 2962 498 3033 δαυτομόλους
532 2967 913 3036 αἰχμαλώτους
958 2970 1016 3031 ἐς
1050 2969 1142 3022 τὸν
1173 2972 1433 3041 Κρότωνα
1464 2971 1705 3043 ἐπεμψεο

159 3054 234 3106 τον
269 3056 363 3125 μὲν
399 3059 457 3110 εὖ
476 3058 574 3120 θὺς
604 3057 835 3128 λέγοντα
872 3060 977 3127 ὅτι,
1009 3061 1347 3131 ἀπεγνωκὼς
1376 3063 1476 3135 τὴν
1507 3064 1709 3119 ἅλωσιν

162 3145 334 3211 αὐτῶν,
386 3149 442 3210 ἐς
502 3149 604 3217 τὴν
634 3150 869 3218 Λοκρίδα
903 3151 1297 3223 προδιδομένην
1339 3154 1489 3223 αὐτῷ
1529 3155 1709 3226 μέλλει

165 3239 389 3310 ἀπαίρειν
412 3255 427 3269 ο
468 3241 566 3293 τὸν
588 3241 634 3294 δ’
662 3242 850 3312 ἕτερον
887 3243 1025 3313 μετά
1053 3246 1232 3310 τοῦτο,
1268 3247 1342 3310 ὡς
1370 3249 1427 3299 ἐν
1457 3248 1561 3319 ὸδῴ
1593 3251 1710 3301 ἐστι

166 3330 643 3402 διαϐεϐαιούμενον.
670 3334 782 3387 Καὶ
811 3336 920 3404 γὰρ
953 3335 1040 3389 ἴνα
1071 3336 1255 3390 πίστιν
1276 3337 1375 3410 ἔχη
1406 3338 1581 3409 λόγος,
1610 3341 1713 3393 ἀν-

170 3425 504 3487 εσηυάσατο,
554 3425 649 3478 καὶ
698 3429 1082 3496 προσεποιεῖτο
1111 3430 1450 3499 ἐπείγεσθαι.
1495 3429 1552 3484 Ὀ
1583 3432 1713 3499 γοῦν

1802 943 1874 998 tis
1912 940 2133 1006 animis,
2170 942 2235 995 ad
2272 942 2537 997 ultionem
2577 956 2792 1008 eorum,
2825 957 2855 997 a
2897 943 3099 1013 quibus
3132 946 3374 999 accersi-

1804 1042 1892 1090 tus
1956 1032 2159 1095 fuerat.
2224 1034 2500 1097 conversi,
2550 1033 2983 1089 Tarentinorum
3029 1036 3277 1091 vindicta
3320 1038 3375 1092 in

1800 1125 1949 1182 aliud
1992 1137 2211 1193 tempus
2235 1124 2423 1195 dilata,
2458 1126 2643 1181 Ruﬁni
2670 1135 2727 1182 et
2751 1126 2902 1182 Junii
2933 1128 3225 1184 consulum
3269 1130 3375 1183 du-

1764 1228 1767 1231 ‘
1800 1227 1890 1273 ctu
1917 1227 1975 1273 et
1996 1219 2258 1287 auspiciis
2286 1217 2567 1274 Samnium
2596 1220 2916 1276 invaserunt
2946 1237 2963 1275 :
2996 1222 3251 1294 agrisque
3280 1238 3376 1279 va-

1800 1313 1981 1378 statis,
2017 1313 2240 1368 castella
2267 1312 2521 1383 'qumdam
2550 1314 2617 1368 ab
2647 1314 2843 1369 incolis
2880 1315 3096 1369 deserta
3136 1329 3377 1385 occupa-

1801 1417 1953 1462 runt.
1991 1405 2267 1462 Samnites
2317 1405 2465 1461 enim
2517 1406 2573 1460 in
2616 1415 2834 1462 montes
2860 1405 3136 1473 Cranitas,
3192 1408 3288 1479 qui
3348 1424 3380 1464 a

1802 1511 2095 1552 ceruorum
2118 1496 2431 1567 frequentia
2463 1496 2543 1553 sic
2595 1497 2880 1562 dicuntur,
2908 1497 3239 1553 charissima
3298 1499 3385 1569 pi-

1801 1605 1996 1661 gnora,
2031 1599 2088 1645 et
2137 1588 2534 1659 pretiosissima
2578 1605 2810 1659 qumque
2853 1591 3230 1646 contulerunt.
3275 1592 3387 1645 Ro.

1803 1680 1983 1735 manis
2011 1679 2177 1751 igitur
2215 1693 2311 1749 per
2339 1688 2716 1749 contemptum
2746 1694 2842 1735 eos
2869 1690 3086 1737 montes
3111 1696 3386 1737 conscen-

1803 1769 1934 1825 dere
1966 1771 2137 1836 ausis,
2162 1785 2385 1840 aspcros
2428 1762 2594 1841 atque
2629 1769 2855 1834 arduos,
2900 1772 3055 1827 multi
3108 1774 3387 1829 occubue-

1805 1871 1957 1928 runt,
1998 1862 2154 1917 multi
2186 1862 2331 1932 capti
2363 1871 2515 1917 sunt.
2544 1863 2677 1934 Ejus
2706 1862 2881 1918 cladis
2904 1863 3124 1935 culpam
3180 1879 3387 1920 consu-

1804 1957 1886 2012 les
1907 1956 2046 2011 alter
2070 1955 2124 2010 in
2152 1955 2391 2012 alterum
2418 1954 2791 2021 conferentes,
2818 1956 2886 2012 de
2929 1960 3210 2014 communi
3261 1975 3388 2015 seu.

1806 2047 1980 2104 temia
2011 2047 2218 2102 bellum
2255 2061 2444 2119 gerere
2469 2047 2822 2103 destiterunt.
2847 2050 2925 2104 Ac
2949 2049 3149 2105 Junius
3171 2058 3387 2120 partem

1809 2138 2133 2195 Samniticze
2190 2137 2417 2199 ditionis
2450 2140 2681 2194 vastavit
2715 2157 2729 2193 :
2764 2141 3001 2198 Ruﬁnus
3046 2142 3301 2198 Lucanos
3331 2152 3391 2200 et

1807 2229 2055 2285 Bruttios
2087 2228 2277 2286 afﬂixit
2311 2247 2325 2283 :
2384 2238 2438 2285 et
2471 2229 2539 2285 ad
2585 2229 2884 2286 Crotonem
2951 2234 3388 2303 recuperandam

1804 2322 2086 2395 protectus
2107 2331 2210 2387 est,
2245 2336 2366 2391 qua:
2399 2320 2680 2377 defecerat
2713 2336 2743 2375 a
2770 2322 3057 2389 Romanis,
3082 2325 3391 2380 accersitus

1806 2428 1836 2467 a
1865 2413 2229 2468 faiuiliaribus
2250 2412 2386 2468 suis.
2420 2410 2532 2467 Sed
2557 2412 2741 2468 caeteri
2767 2422 2895 2468 ante
2913 2413 3212 2469 adventum
3244 2417 3389 2486 ejus.

1807 2505 2140 2576 praesidium,
2173 2507 2262 2560 cui
2293 2505 2658 2560 Nicomachus
2693 2516 2944 2574 prieerat,
2978 2523 3007 2561 a
3044 2492 3243 2564 Milone
3296 2524 3390 2565 ae-

1806 2595 2169 2652 cersiverant.
2204 2595 2374 2666 Cujus
2400 2595 2481 2649 rei
2524 2594 2767 2665 ignarus.
2804 2610 2951 2655 cum.
2986 2605 3045 2650 ut
3080 2596 3147 2650 ad
3179 2598 3390 2653 amico-

1809 2703 1929 2741 rum
1980 2689 2179 2741 trmnia
2225 2686 2587 2758 negligentius
2632 2686 2986 2751 accessisset,
3045 2688 3226 2744 subita
3284 2691 3392 2746 ho-

1808 2780 1973 2835 stium
2001 2780 2295 2851 eruptione
2334 2780 2546 2835 cladem
2578 2781 2789 2852 accepit
2822 2800 2834 2835 :
2873 2781 3073 2840 deinde
3111 2795 3228 2840 arte
3256 2803 3396 2856 qua-

1809 2874 1933 2926 dam
1985 2876 2117 2927 urbe
2143 2873 2348 2942 potitus
2396 2880 2499 2927 est.
2533 2872 2679 2928 Duos
2713 2874 2861 2928 enim
2911 2877 3177 2947 captivos,
3215 2868 3393 2936 trans~

1810 2964 2059 3037 fugarum
2123 2965 2283 3020 titulo
2353 2964 2647 3021 Crotonem
2701 2966 2892 3023 misit:
2953 2985 3186 3038 quorum
3257 2971 3397 3025 alter

1811 3059 2047 3123 diceret,
2080 3074 2229 3123 eum,
2265 3058 2549 3128 desperata
2577 3058 2733 3114 urbis
2760 3061 3185 3130 expugnatione,
3209 3062 3398 3118 Locri-

1813 3153 1959 3219 dem,
2009 3169 2120 3224 quo
2150 3169 2180 3207 a
2232 3153 2613 3223 proditoribus
2660 3163 2916 3221 vocetur,
2968 3156 3392 3213 discessurum:

1813 3246 1953 3300 alter
2000 3245 2199 3300 deinde
2235 3245 2553 3310 allirmaret,
2590 3263 2716 3302 cum
2774 3249 2886 3319 jam
2936 3248 2991 3302 in
3020 3250 3218 3306 itinere
3248 3266 3393 3309 esse.

1816 3337 1945 3404 Quae
1974 3337 2153 3392 oratio
2190 3344 2250 3391 ut
2282 3346 2431 3393 esset
2467 3339 2832 3408 probabilior,
2860 3340 3096 3394 sarcinis
3145 3341 3397 3397 collectis

1816 3445 1877 3484 sc
1910 3445 2204 3499 properare
2238 3429 2535 3484 simulavit.
2586 3430 2644 3487 Id
2680 3430 3047 3488 Nicomachus
3072 3448 3259 3488 verum
3276 3448 3397 3489 esse

170 3514 452 3589 Νικόμαχος
512 3518 814 3581 πιστεύσας
857 3519 1068 3585 τούτοις
1114 3521 1232 3590 (καὶ
1272 3522 1321 3572 ot
1374 3522 1713 3575 κατάσκοποι

1817 3498 1972 3574 ratus
1999 3498 2146 3591 (nam
2188 3519 2561 3591 speculatores
2588 3520 2756 3592 378
2785 3520 2929 3576 idem
2965 3523 3395 3596 renuntiabant)
3440 3498 3463 3515 χ

171 3607 260 3677 γὰρ
283 3611 345 3661 τά
372 3611 521 3663 αὐτά
551 3609 927 3679 ἀνήγγελλον),
957 3611 1050 3664 τὸν
1100 3612 1364 3682 Κρότωνα
1412 3611 1608 3679 λιπὼν,
1655 3614 1713 3677 ἐς

170 3701 274 3764 τοὺς
298 3702 548 3773 Λοκροὺς
579 3702 746 3774 ἀπῄει
777 3703 980 3773 σπουδῇ
1023 3703 1091 3756 δι’
1111 3704 1526 3774 ἐπιτομωτέρας
1568 3702 1713 3758 ὁδοῦ.

174 3792 264 3846 xu
308 3798 363 3850 ἐν
410 3798 488 3867 τῇ
532 3795 758 3866 Λοκρίδι
797 3797 1094 3866 γενομένου
1127 3794 1316 3860 αὐτοῦ,
1367 3797 1395 3849 ὁ
1437 3797 1717 3867 Ῥουφίνος

172 3886 451 3958 ὑπέστρεψε
486 3889 625 3959 πρὸς
659 3888 750 3942 τὸν
780 3889 1067 3960 Κρότωνα,
1109 3891 1201 3943 καὶ
1234 3889 1412 3943 λαθὼν
1451 3889 1538 3944 διά
1570 3907 1629 3943 τε
1658 3888 1718 3944 τὸ

173 3978 582 4049 ἀπροσδόκητον,
619 3980 716 4032 καί¹
748 3978 819 4032 δι’
849 3980 1078 4050 ὀμίχλην
1106 3979 1227 4034 τότε
1262 3979 1568 4052 συμϐᾶσαν,
1603 3975 1719 4034 εἷλε

172 4067 255 4137 τὴν
284 4071 458 4125 πόλιν.
512 4070 717 4125 Μαθὼν
770 4071 830 4125 δέ
872 4072 1034 4125 τοῦτο
1075 4071 1410 4144 Νικόμαχος,
1439 4074 1603 4145 ἀπῄει
1639 4075 1721 4138 είς

177 4158 441 4230 Τάραντα·
474 4166 571 4216 καὶ
597 4165 656 4216 ἐν
694 4164 761 4234 τῇ
806 4162 914 4234 ὀδῷ
949 4162 1031 4233 τῷ
1069 4162 1335 4234 Ῥουφίνῳ
1383 4164 1719 4236 περιπεσὼν,

175 4252 377 4319 πολλοὺς
425 4254 695 4318 ἀπέϐαλε,
743 4255 838 4309 καὶ
891 4256 941 4308 at
997 4257 1198 4327 Λοκροὶ
1247 4259 1361 4321 τοῖς
1426 4257 1722 4329 Ῥωμαίοις

177 4348 604 4419 προσεχώρησαν.
647 4346 740 4417 Τῷ
759 4346 937 4417 δ’ἐξῆς
971 4346 1082 4400 ἔτει
1126 4347 1390 4417 Ῥωμαῖοι
1425 4350 1721 4421 ἐστράτευ-

179 4451 263 4491 σαν
285 4441 363 4503 είς
391 4440 455 4492 τὸ
482 4439 738 4508 Σάμνιον,
767 4438 861 4492 καὶ
881 4441 940 4502 ἐς
964 4438 1286 4504 Λευκανίδα,
1327 4440 1421 4493 καὶ
1448 4440 1724 4512 Βρεττίοις

178 4526 529 4599 ἐπολέμησαν.
554 4527 636 4580 ιὌ
677 4526 736 4580 δὲ
785 4525 1000 4598 Πύρρος
1031 4525 1134 4595 τῆς
1166 4526 1414 4588 Σικελίας
1453 4526 1722 4592 ἐκπεσὼν,

179 4619 260 4669 καὶ
278 4617 587 4672 ἐπανελθὼν
621 4615 748 4689 ήδη,
776 4616 966 4680 δεινῶς
998 4617 1200 4682 αὐτοὺς
1229 4616 1437 4684 ἐλύπει,
1479 4622 1573 4672 καὶ
1602 4621 1723 4683 τοὺς

182 4707 271 4775 μιν
291 4710 533 4781 Λοκροὺς
563 4708 865 4779 ἐκομίσατο
891 4712 1015 4780 (τὴν
1041 4711 1151 4780 γὰρ
1187 4709 1434 4781 φρουρὰν
1454 4711 1565 4764 τῶν
1599 4711 1723 4766 Ῥωέ

182 4800 344 4867 μαίων
396 4800 817 4864 ἀποκτείναντες
861 4800 1227 4872 μετέστησαν)
1262 4801 1355 4855 ἐπὶ
1395 4801 1453 4856 δέ
1502 4801 1564 4855 τὸ
1603 4801 1728 4873 Ῥή-

180 4906 287 4958 γιον
336 4892 678 4965 στρατεύσας
715 4891 1091 4963 ἀπεκρούσθη,
1140 4892 1237 4946 καὶ
1283 4894 1446 4956 αὐτὸς
1488 4890 1723 4963 ἐτρώθη,

182 4987 265 5037 καὶ
296 4988 577 5050 πλείστους
603 4984 866 5039 ἀπέϐαλε.
893 4985 1185 5049 Μεταστάς
1211 4986 1270 5038 δὲ
1300 4987 1378 5050 εἰς
1401 4987 1503 5054 τὴν
1526 4985 1728 5055 Λοκρί-

181 5076 255 5139 δα,
290 5082 383 5131 καὶ
418 5080 529 5135 τῶν
568 5080 721 5150 αὐτῷ
753 5080 971 5133 ἐναντία
1015 5079 1403 5150 φρονησάντων
1431 5078 1729 5142 δικαιώσας

182 5169 338 5234 τινας,
375 5171 529 5241 παρά
571 5171 683 5224 τῶν
712 5169 920 5225 λοιπῶν
947 5172 1094 5223 σῖτον
1124 5172 1219 5224 καὶ
1249 5172 1350 5241 χρὴ
1360 5187 1507 5241 ματα
1546 5169 1732 5234 ἔλαϐε,

184 5264 269 5314 καὶ
293 5266 371 5326 εἰς
406 5263 669 5339 τάραντα
713 5263 1078 5333 ἀνεκομίσθη.
1110 5264 1312 5326 Κακῶς
1344 5265 1400 5317 δὲ
1434 5264 1734 5335 πάσχοντες

184 5351 281 5403 ἀπὸ
336 5354 620 5426 Ῥωμαίων
679 5355 730 5407 οι
786 5354 1074 5425 Σαμνῖται,
1137 5354 1501 5426 ἐξαναστῆναι
1566 5354 1731 5411 αὐτὸν

185 5444 447 5516 ἐποίησιν.
493 5444 696 5499 Ἐλθὼν
724 5446 784 5500 δέ
810 5448 892 5508 είς
918 5446 1242 5516 ἐπικουρίαν
1261 5447 1461 5512 αὐτῶν,
1491 5447 1726 5519 ἐτράπη.

187 5536 478 5607 τρωθέντος
510 5542 621 5611 γὰρ
650 5538 833 5592 πώλου
872 5538 1189 5608 ἐλέφαντος,
1228 5540 1325 5591 καὶ
1357 5539 1731 5608 ἀποσεισαμὲο

1817 3611 2053 3668 Crotone
2086 3614 2321 3678 deserta,
2349 3628 2447 3682 per
2474 3611 2615 3666 viam
2644 3612 2953 3669 breviorem
2985 3614 3241 3670 celeriter
3287 3615 3399 3672 Lo-

1817 3722 1941 3762 cros
1963 3703 2267 3760 contendit.
2291 3705 2412 3772 Quo
2435 3720 2560 3760 cum
2582 3705 2951 3775 pervenisset,
3001 3707 3231 3763 Rutilius
3261 3723 3398 3764 cono

1821 3812 1978 3852 verso
2003 3796 2069 3852 ad
2091 3795 2385 3852 Crotonem
2408 3797 2626 3852 itinere.
2654 3796 3123 3853 animadvertente
3148 3800 3391 3864 nemine,

1819 3890 1964 3961 quod
1993 3898 2049 3944 et
2091 3897 2293 3960 praeter
2328 3888 2795 3958 exspectationem
2850 3889 3064 3952 aderat,
3095 3899 3153 3944 et
3203 3890 3401 3947 nebula

1820 3991 2171 4052 conspectum
2208 3979 2506 4050 eripuerat,
2554 3979 2746 4035 urbem
2778 3981 2945 4049 cepit.
2994 3980 3112 4046 Quo
3144 3981 3401 4035 Nicoma-

1823 4073 1961 4127 chus
1990 4071 2233 4141 cognito,
2271 4068 2567 4123 Tarentum
2595 4068 2897 4134 rediturus,
2930 4085 3054 4124 cum
3091 4072 3146 4126 in
3200 4071 3403 4127 itinere

1826 4165 1879 4219 in
1910 4162 2171 4219 Ruﬁnum
2221 4160 2528 4224 incidisset,
2572 4162 2780 4217 multos
2838 4161 3071 4216 amisit:
3121 4161 3284 4217 Locri
3333 4163 3404 4218 ad

1825 4256 2102 4311 Romanos
2128 4267 2187 4309 se
2218 4251 2594 4309 contulerunt.
2620 4251 2903 4323 Sequente
2933 4268 3081 4308 anno
3114 4253 3398 4321 Romanis,

1825 4345 2176 4417 expeditione
2200 4354 2393 4400 contra
2425 4343 2710 4400 Samnium
2759 4354 2816 4400 et
2854 4344 3165 4402 Leucadem
3210 4360 3403 4402 susce-

1827 4449 1941 4510 pta.
1974 4439 2228 4509 belloque
2255 4438 2502 4494 Bruttios
2541 4437 2773 4502 adortis,
2798 4437 3042 4511 Pyrrhus
3072 4438 3256 4496 Sicilia
3304 4454 3400 4495 ex-

1829 4532 2039 4602 pulsus,
2065 4531 2208 4585 etin
2273 4529 2485 4584 Italiam
2547 4544 2828 4595 reversus,
2872 4531 3239 4600 permolestus
3279 4531 3408 4589 fuit.

1829 4620 2054 4686 Locros,
2082 4620 2177 4693 qui
2210 4621 2460 4677 Romano
2484 4620 2741 4691 praesidio
2774 4636 2916 4676 caeso
2948 4621 3288 4688 defecerant,
3322 4640 3412 4679 re-

1830 4714 2019 4784 cepit:
2052 4713 2149 4768 sed
2181 4728 2211 4768 ο
2239 4712 2435 4784 Rhegii
2463 4714 2871 4785 oppugnatione
2899 4711 3175 4781 repulsus,
3211 4724 3265 4770 et
3293 4715 3411 4786 ipse
3439 4724 3447 4733 ‘

1833 4806 2152 4860 vulneratus
2180 4814 2282 4870 est,
2336 4815 2393 4860 et
2426 4805 2629 4859 multos
2676 4803 2886 4858 milites
2918 4804 3124 4859 amisit.
3171 4807 3304 4860 Inde
3356 4792 3411 4862 in

1833 4896 2116 4958 Locridem
2143 4895 2442 4966 protectus.
2476 4904 2532 4950 et
2564 4894 2894 4964 quibusdam
2923 4896 3171 4953 adversae
3218 4900 3414 4955 factio-

1824 4991 1912 5046 nis
1962 4989 2229 5051 multatis,
2283 4987 2673 5056 frumentoque
2730 4997 2788 5041 et
2840 4990 3072 5059 pecunia
3104 5006 3134 5045 a
3190 4995 3412 5049 caeteris

1827 5080 2088 5151 acceptis,
2124 5079 2424 5134 Tarentum
2456 5077 2641 5134 rediit.
2674 5079 2720 5134 A
2750 5079 3109 5148 Samnitibus,
3143 5097 3281 5151 quos
3307 5083 3413 5137 Ro-

1832 5173 1977 5227 mani
2010 5172 2250 5242 graviter
2276 5169 2563 5240 urgebant,
2593 5169 2649 5225 in
2690 5172 2958 5226 auxilium
2997 5184 3281 5238 evocatus,
3350 5175 3408 5228 in

1834 5262 2016 5334 fugam
2046 5276 2241 5316 versus
2278 5271 2384 5317 est.
2416 5261 2552 5318 Nam
2589 5277 2715 5317 cum
2752 5262 2937 5333 pullus
2981 5262 3257 5334 elephanti
3290 5264 3405 5319 νοις

1836 5364 2082 5420 neratus,
2113 5354 2423 5410 sessoribus
2447 5357 2715 5417 excussis,
2752 5364 2980 5410 matrem
3004 5356 3205 5427 passitn
3257 5372 3408 5425 quae-

1837 5456 2006 5513 reret,
2064 5462 2238 5517 eaque
2298 5446 2617 5517 perturbata
2663 5446 2832 5502 etiam
2883 5448 3070 5502 caeteri
3126 5446 3406 5517 elephanti

1837 5541 2095 5598 concitati
2123 5551 2331 5604 essent.
2358 5544 2477 5595 s’ue
2500 5541 2819 5596 discrimine
2852 5540 3111 5611 permista
3134 5548 3261 5593 sunt
3293 5555 3410 5593 om-

1320 5657 1517 5718 Variae
1556 5658 1864 5727 lectiones
1921 5669 1981 5722 ct
2018 5667 2208 5721 nota).

256 5760 663 5832 (15)](ραγιτά.
733 5759 844 5814 llos
871 5760 991 5832 esse
1052 5767 1487 5832 montes__pr_ope
1546 5758 1741 5825 Tibur,

196 5828 355 5896 putat
397 5828 655 5893 Ortelius,
712 5845 854 5900 quos
926 5831 1218 5897 Dionysius
1276 5828 1747 5894 Halicarnasseus,

193 5901 284 5953 lib.
321 5916 340 5953 t
362 5902 632 5964 corniclos,
658 5917 753 5957 seu
779 5901 1076 5953 corniculos
1110 5906 1287 5964 vocat,
1341 5900 1407 5952 dc
1440 5900 1639 5967 quibus
1668 5912 1752 5955 sat

428 5997 693 6056 ΡΑτιιοῐ..
733 5999 849 6091 Gn.
882 5993 1227 6087 CXXXIV:

1851 5762 2023 5816 multa
2048 5760 2212 5814 habet
2234 5757 2546 5817 Cluverius.
2584 5759 2678 5813 lib.
2714 5772 2749 5811 ll
2794 5755 2969 5829 Italia:
3000 5759 3252 5826 antiqme,
3284 5770 3408 5829 pag.

1850 5833 1974 5893 σω,
2006 5831 2196 5900 (ιιιίοιίε
2241 5830 2470 5885 (Inutilis
2495 5829 2722 5884 Zonaras
2753 5828 2922 5884 siluit.
3024 5902 3031 5905 _

3010 5988 3084 6051 21
