3740 6594
457 406 565 467 655

451 608 680 661 tentiam
713 615 770 661 et
802 608 1006 664 muenia
1029 606 1324 665 fortissima
1348 609 1451 665 sibi
1470 620 1748 679 pararant,
1778 620 1834 666 et
1871 627 2033 683 repu-

452 699 598 753 blica
636 700 799 755 bonis
849 709 1044 755 ornata
1090 701 1306 771 legibus
1357 701 1676 757 utebantur.
1717 701 1929 769 Quibus
1965 705 2032 758 de

453 791 635 844 causis
668 790 966 860 aliquando
1008 791 1154 845 bello
1188 782 1464 860 suscepto,
1514 792 1777 847 Romanis
1825 792 2031 864 longis-

454 884 597 938 simo
660 892 905 952 tempore
949 883 1290 937 restiterunt.
1337 882 1442 938 Sed
1489 883 1727 947 subacti,
1772 895 1936 955 atque
1979 887 2032 939 in

453 974 681 1028 delicias
729 972 961 1041 delapsi,
996 972 1315 1042 reipublicae
1363 974 1900 1031 administrationem
1928 1018 1943 1044 ,
1978 985 2035 1030 et

388 1068 404 1135 ”,
454 1067 599 1119 bella
646 1065 761 1119 fere
817 1063 1079 1135 gerenda,
1132 1066 1308 1121 servis
1359 1068 2034 1138 commiseruntzeosque

385 1154 397 1205 .“
455 1157 673 1210 tandem
698 1170 767 1211 eo
792 1165 1116 1221 erexerunt,
1147 1165 1207 1211 ut
1235 1158 1433 1228 opibus
1455 1158 1614 1229 381
1647 1167 1812 1230 atque
1838 1161 2036 1217 animis

384 1244 391 1273 ί
450 1245 601 1310 elati,
630 1243 731 1314 ipsi
752 1258 871 1298 sese
902 1244 955 1297 in
984 1245 1298 1301 libertatem
1330 1255 1664 1312 assererem,
1698 1256 1754 1302 et
1779 1248 2032 1303 dominas

451 1351 580 1390 suas
627 1350 828 1391 uxores
873 1335 1177 1404 ducerent,
1236 1346 1293 1392 et
1349 1339 1590 1393 dominis
1639 1342 2032 1405 succederent,

450 1435 615 1497 atque
637 1426 693 1479 in
716 1437 970 1481 senatum
995 1426 1339 1498 legerentur,
1357 1436 1413 1481 et
1432 1427 1784 1499 magistratus
1805 1428 2032 1491 inirent,

449 1525 505 1570 et
528 1516 631 1587 ipsi
673 1531 894 1571 omnem
926 1517 1309 1572 auctoritatem
1340 1518 1695 1581 obtinerent,
1729 1529 2034 1589 cretei-aque

451 1607 661 1660 ontnia.
702 1605 935 1677 lnjurias
961 1621 990 1660 a
1033 1605 1274 1663 dominis
1301 1607 1406 1662 sibi
1460 1606 1652 1668 factas,
1689 1609 1893 1678 majore
1924 1623 2035 1678 pe-

452 1701 684 1756 tulantia
724 1701 778 1756 in
815 1700 938 1755 illos
971 1710 1342 1771 regesserunt.
1392 1700 1619 1756 Veteres
1666 1700 1834 1770 igitur
1863 1701 2034 1764 cives,

452 1809 577 1848 cum
606 1809 702 1847 eos
747 1809 928 1863 neque
962 1793 1126 1858 ferre,
1185 1807 1364 1862 neque
1415 1793 1533 1848 suis
1584 1792 1799 1847 viribus
1844 1794 2031 1848 ulcisci

1720 411 2046 474 JOANNIS
2086 410 2413 473 ΖΟΝΑΒᾹΞ

453 517 546 584 qui
581 529 708 570 eum
753 516 1165 588 Tyrrhenorum
1196 517 1564 589 antiquissimi
1597 514 1802 586 essent,
1828 530 1885 576 et

2134 518 2471 589 ἀπέπεμψαν
2529 518 2709 573 οτκαδε
2762 518 2975 591 ἀπαθῆ.
3040 522 3158 581 Ἐπὶ
3202 529 3253 584 δὲ
3304 535 3498 598 Κυίντου
3529 514 3607 608 σξιῖ

3530 450 3606 537 6⁵6

2135 612 2255 664 ϐίου
2312 610 2426 682 (20)
2484 612 2580 665 καὶ
2629 612 2880 681 Αἰμιλίου
2939 612 3157 673 ὑπάτων
3200 624 3325 693 πρὸς
3366 631 3608 697 Οὐλσινίουε

2135 701 2503 803 ἐστράτευσαν
2532 699 2618 803 ἐπί
2670 701 2957 803 ἐλευθερίᾳ
3000 702 3195 764 αὐτῶν.
3237 685 3614 803 innovavit};

2132 787 2274 861 ἦσαν
2308 791 2511 857 αὐτῶν,
2564 793 2614 845 οί
2667 793 3017 862 ἀρχαιότατοι
3066 796 3169 851 τῶν
3196 801 3464 876 Τυρσηνῶν
3489 787 3600 885 ὄντες

2138 882 2292 951 ἰσχύν
2327 899 2388 934 τε
2428 882 2921 951 περιεποιήσαντο,
2974 883 3068 936 καὶ
3093 887 3262 957 τεῖχος
3287 867 3618 961 uertendas;

2134 970 2502 1043 ὀχυρώτατον,
2561 972 2808 1045 πολιτείᾳ
2860 972 2944 1025 τέ’
2978 975 3338 1053 εὐνομουμένῃ
3370 987 3619 1061 ἐκέχρηντο,

2134 1067 2226 1118 καὶ
2255 1066 2323 1119 δι’
2354 1065 2496 1119 αὐτὰ
2543 1065 2912 1135 πολεμοῦντές
2957 1083 3088 1119 ποτε
3129 1072 3238 1133 τοῖς
3287 1074 3533 1145 Ῥωμαίοις
3556 1088 3622 1141 ἐπὶ

2137 1156 2392 1210 πλεῖστον
2430 1157 2713 1228 ἀντέσχον.
2759 1158 2848 1220 Ὠς
2885 1156 2931 1209 δ’
2966 1158 3344 1231 ἐχειρώθησαν,
3382 1170 3511 1224 αὐτοὶ
3553 1180 3622 1246 μὲν

2135 1250 2436 1318 ἐξώκειλαν
2490 1253 2573 1314 εἰς
2639 1248 2954 1321 ἁϐρότητα,
3008 1250 3108 1321 τὴν
3158 1251 3213 1305 δέ
3276 1254 3508 1331 διοίκησιν
3553 1269 3624 1337 τῆς

2135 1341 2345 1404 πόλεως
2382 1343 2497 1405 τοῖς
2522 1340 2765 1404 οἰκέταις
2793 1339 3124 1411 ἐπέτρεψαν,
3160 1343 3250 1395 καὶ
3283 1345 3373 1409 τὰς
3406 1357 3628 1422 στρατείας

2134 1433 2203 1486 δι’
2258 1432 2485 1485 ἐκείνων
2539 1433 2616 1495 ὼς
2656 1432 2718 1485 τὸ
2751 1432 2887 1486 πολὺ
2938 1432 3254 1487 ἐποιοῦντο·
3303 1438 3390 1491 καὶ
3428 1442 3550 1507 τέλος
3588 1452 3627 1513 ἐς

2134 1527 2297 1579 τοῦτο
2319 1527 2639 1597 προήγαγον
2669 1527 2831 1595 σφᾶς,
2860 1526 2936 1589 ώς
2958 1526 3053 1579 καί
3086 1526 3308 1596 δύναμιν
3332 1533 3442 1595 τοὺς
3466 1537 3628 1604 οἰκέτις

2136 1619 2232 1671 καί⁵
2258 1618 2519 1689 φρόνημα
2550 1617 2720 1688 ἔχειν,
2763 1618 2861 1670 καὶ⁵
2892 1615 3208 1687 ἐλευθερίας
3237 1619 3444 1686 ἑαυτοὺς
3470 1624 3626 1692 ἀξιοῦν,

2138 1710 2429 1782 Προϊόντος
2481 1708 2541 1762 δέ
2597 1710 2692 1763 τοῦ
2741 1710 2942 1778 χρόνου
3012 1708 3107 1762 καὶ
3152 1710 3333 1783 ἔτυχον
3381 1716 3550 1788 ταύτης
3584 1722 3631 1773 δι’

2139 1803 2373 1868 ἑαυτῶν,
2424 1802 2522 1857 καὶ
2564 1802 2661 1864 τὰς
2719 1801 2871 1872 σφῶν
2924 1801 3213 1866 δεσποίνας
3258 1803 3525 1873 ἠγάγοντο,
3565 1815 3629 1864 καὶ

452 1894 696 1958 possent,
730 1888 869 1941 clam
907 1886 1115 1957 legatos
1156 1887 1383 1940 Romam
1422 1885 1716 1949 miserunt,
1764 1886 1857 1956 qui
1908 1902 1929 1956 ι

2150 1895 2268 1956 τοὺς
2299 1894 2568 1958 δεσπότας
2616 1893 2938 1963 διεδέχοντο,
2992 1893 3088 1946 καὶ
3126 1894 3205 1956 εἰς
3252 1898 3343 1966 τὴν
3382 1896 3544 1969 βουλήν
3568 1906 3627 1955 ὲν.

451 1980 611 2035 cibus
639 1979 1263 2049 secretoimpetrarunt.
1292 1988 1353 2032 ut
1375 1986 1620 2041 senatus,
1643 1994 1710 2032 ne
1742 1994 1831 2033 res
1856 1980 2033 2048 palam

454 2073 633 2135 ﬁeret,
677 2072 731 2125 in
768 2071 996 2142 privatis
1025 2070 1238 2126 aedibus
1287 2070 1630 2125 conveniret.
1668 2071 1745 2125 Ac
1797 2070 1873 2124 illi
1912 2071 2037 2140 qui-

454 2164 601 2229 dem,
655 2173 716 2217 ut
762 2163 984 2218 nemine
1030 2162 1314 2224 audiente,
1375 2160 1778 2217 deliberabant.
1820 2162 2037 2218 Samnis

453 2268 638 2312 autem
684 2256 931 2326 quidam,
977 2255 1178 2310 aedium
1227 2256 1436 2310 domini
1474 2255 1696 2324 hospes,
1737 2263 2033 2326 aegrotans,

442 2366 552 2421 per
593 2349 858 2404 incuriam
886 2348 959 2401 ibi
987 2348 1234 2410 relictus,
1265 2347 1483 2419 cognito
1534 2347 2034 2414 senatusconsulto,

454 2442 670 2496 monuit
701 2457 799 2496 eos
829 2442 923 2510 qui
975 2441 1402 2494 accusabantur.
1441 2440 1516 2493 Illi
1568 2439 1734 2509 igitur
1770 2441 2035 2509 quaastio-

457 2534 623 2589 uibus
648 2533 853 2588 habitis
883 2532 951 2587 de
980 2532 1199 2603 legatis,
1235 2546 1360 2586 cum
1406 2530 1539 2600 quid
1590 2542 1845 2601 ageretur
1876 2533 2035 2587 intel-

455 2627 739 2690 Icaissent,
769 2632 825 2678 et
862 2624 985 2677 illos
1015 2632 1073 2678 et
1102 2622 1374 2692 primores
1413 2623 1657 2677 civitatis
1687 2623 2033 2680 occiderunt.

453 2719 803 2786 Quapropter
836 2715 1034 2769 Fabius
1088 2730 1117 2769 a
1151 2714 1419 2769 Romanis
1469 2724 1662 2769 contra
1687 2729 1785 2771 eos
1811 2716 2030 2780 missus,

455 2823 650 2863 omnes
684 2807 777 2877 qui
824 2809 878 2861 in
905 2807 1080 2861 aciem
1116 2806 1538 2870 descenderant,
1592 2806 1918 2878 proﬂigavit,
1979 2810 2033 2862 in

459 2903 584 2971 fuga
611 2902 815 2956 multos
862 2900 1090 2965 occidit,
1119 2899 1359 2969 reliquos
1389 2899 1443 2953 in
1477 2900 1671 2953 urbem
1721 2900 2034 2969 compulsos

455 2992 819 3063 oppugnavit.
841 2991 944 3046 Ubi
978 3006 1102 3046 eum
1133 3006 1203 3047 ex
1227 2991 1457 3045 vulnere
1490 2990 1865 3056 accubuisset,
1885 2991 2031 3045 servi

456 3089 735 3154 resumpta
760 3083 962 3137 ﬁducia
988 3090 1296 3153 eruperunt
1322 3099 1337 3136 :
1370 3083 1464 3138 sed
1492 3083 1645 3149 victi,
1694 3091 1860 3152 atque
1883 3084 2033 3138 obsi-

454 3177 622 3231 dione
684 3176 750 3228 ad
817 3175 1014 3229 famem
1071 3174 1321 3240 redacti,
1382 3173 1721 3229 deditionem
1757 3175 2031 3231 fecerunt.

437 3270 654 3323 .Gonsul
675 3284 772 3324 eos
788 3267 883 3337 qui
904 3268 1021 3322 suis
1043 3267 1284 3323 dominis
1312 3268 1666 3337 magistratus
1687 3268 2031 3338 eripuerant,

439 3361 798 3416 excruciatos
843 3359 1082 3423 necavit,
1118 3358 1311 3413 urbem
1338 3358 1544 3412 evertit
1576 3376 1589 3412 :
1629 3359 1937 3430 indigenas,
1974 3368 2032 3416 et

458 3469 650 3509 servos
703 3454 797 3524 qui
860 3453 915 3507 in
974 3451 1327 3508 dominorum
1359 3451 1466 3507 ﬁde
1497 3462 1848 3519 manserant,
1899 3454 2031 3509 alibi

454 3547 766 3601 collocavit.

2138 1986 2465 2057 ἐγράφοντο.
2505 1988 2603 2039 καὶ
2651 1986 2750 2048 τὰς
2802 1985 2981 2056 ἀρχάς
3032 1985 3355 2054 ἐλάμϐανον,
3404 1991 3484 2043 καὶ
3522 1995 3631 2047 αὐτοὶ

2135 2077 2199 2130 τὸ
2236 2077 2463 2149 σύμπαν
2500 2075 2669 2149 κῦρος
2716 2071 2891 2147 εἶχον,
2944 2076 3044 2130 καὶ
3090 2078 3160 2132 τά
3199 2095 3257 2131 τε
3302 2079 3427 2134 ἀλλα
3471 2084 3631 2147 καὶτὰς

2139 2169 2326 2240 ὕϐρεις
2358 2170 2455 2233 τὰς
2503 2169 2610 2222 ὑπὸ
2657 2170 2768 2223 τῶν
2839 2168 3123 2222 δεσποτῶν
3186 2170 3362 2233 αὐτοῖς
3412 2176 3631 2244 γινομένας

2139 2261 2481 2331 ἰταμώτερον
2533 2262 2613 2324 είς
2659 2261 2856 2323 αὐτοὺς
2907 2258 3156 2325 ἐκείνους
3206 2262 3631 2319 ἀνταπεδείκνυντο.

2137 2351 2266 2406 Οὖτ⁶
2321 2350 2414 2405 οῦν
2471 2354 2661 2423 φέρειν
2723 2353 2865 2420 σφᾶς
2922 2353 2972 2405 οί
3030 2352 3250 2422 ἀρχαῖοι
3303 2354 3508 2418 πολῖται,
3547 2355 3632 2408 οὔτε

2137 2444 2260 2498 καθ’
2305 2446 2535 2507 ἑαυτοὺς
2594 2444 2947 2515 δεδυνημένοι
2996 2443 3334 2514 ἀμύνασθαι,
3369 2444 3519 2514 λάθρα
3545 2448 3634 2515 τρέ-

2139 2536 2289 2598 σϐεις
2324 2536 2407 2599 εἰς
2434 2536 2536 2606 τὴν
2584 2536 2804 2606 Ῥώμην
2834 2535 3188 2599 ἀπέστειλαν,
3215 2536 3265 2589 οἳ
3299 2539 3386 2587 καὶ
3417 2536 3473 2587 δι’
3513 2539 3634 2607 ἀποῤ-
3694 2604 3695 2607 η

2138 2631 2318 2701 ρήτων
2367 2628 2562 2686 νυκτὸς
2610 2627 2707 2697 τὴν
2761 2627 3061 2697 γερουσίαν
3091 2629 3171 2690 εἰς
3222 2626 3472 2696 ἰδιωτικὴν
3511 2627 3635 2679 οἰκίλν

2136 2719 2335 2779 ἐλθεῖν.
2374 2720 2524 2781 ὅπως
2563 2716 2730 2788 μηδὲν
2783 2717 3118 2788 ἐξαγγελθῇ,
3168 2716 3533 2785 παρεκάλεσαν,
3574 2718 3637 2769 καί

2137 2809 2349 2881 ἔτυχον,
2378 2811 2490 2864 Καὶ
2523 2810 2574 2861 οἰ
2621 2810 2722 2880 μέν
2766 2809 2843 2873 ώς
2889 2809 3112 2872 οὐδενὸς
3157 2806 3494 2872 ἐπακούοντος
3528 2808 3635 2860 ἐϐου-

2137 2903 2356 2955 λεύοντο
2375 2918 2388 2932 ·
2418 2901 2691 2972 Σαμνίτης
2719 2900 2774 2953 δέ
2806 2918 2915 2966 τις,
2951 2901 3108 2971 παρά
3139 2900 3217 2970 τῷ
3241 2900 3402 2970 κυρίῳ
3415 2900 3498 2968 τῆς
3514 2898 3638 2959 οἰκίας

2135 2992 2555 3062 ἐπιξενούμενος
2587 2992 2682 3043 καὶ
2713 2991 2908 3056 νοσῶν,
2941 2990 3108 3045 ἔλαθε
3135 2992 3273 3044 κατά
3294 2989 3458 3061 χώραν
3483 2989 3638 3058 μείνας,

2140 3090 2231 3139 καί⁵
2285 3084 2489 3156 ἐμαθεν
2536 3084 2573 3138 ἃ.
2622 3084 2980 3154 ἐψηφίσαντο,
3015 3085 3114 3137 καὶ
3167 3084 3398 3153 ἐμήνυσε
3440 3084 3530 3144 τοῖς
3572 3083 3640 3149 τὴν

2140 3180 2320 3233 αἰτίαν
2364 3178 2571 3247 έχουσι.
2628 3178 2887 3230 Κάκεῖνοι
2921 3178 3051 3238 τοὺς
3088 3176 3349 3249 πρέσϐεις
3390 3173 3643 3229 ἐπανιόντας

2142 3268 2434 3338 κατέσχον,
2483 3267 2573 3320 καὶ
2612 3267 2944 3321 ἐϐασάνισαν
2972 3283 2987 3296 ·
3025 3267 3124 3320 καὶ
3166 3266 3421 3336 μαθόντες
3453 3265 3509 3317 τὰ
3541 3261 3642 3332 δρώο

2144 3378 2303 3431 μενα,
2341 3359 2541 3423 αὐτούς
2575 3377 2636 3413 τε
2675 3359 3033 3424 ἀπέκτειναν,
3091 3360 3188 3412 καὶ
3233 3359 3337 3411 τῶν
3385 3355 3533 3410 ἄλλων
3555 3354 3642 3413 τοῦς

2141 3451 2412 3522 πρώτους.
2456 3451 2538 3503 Δι’
2593 3450 2687 3504 οῦν
2740 3450 2894 3504 ταῦθ’
2938 3452 2991 3503 οἰ
3063 3452 3325 3521 Ῥωμαῖοι
3370 3452 3452 3502 τον
3499 3444 3643 3498 Φάϐιον

2140 3546 2228 3597 ἐπ’
2255 3545 2455 3608 αὐτοὺς
2482 3547 2729 3598 ἔστειλαν
2755 3560 2768 3575 '
2805 3546 2898 3599 καὶ
2948 3546 3008 3608 ὃς
3035 3546 3167 3606 τούς
3215 3560 3271 3597 τε
3302 3542 3643 3609 ἀπαντήσαντις

452 3640 602 3712 αὐτῷ
631 3641 690 3705 ἐξ
722 3640 948 3695 ἐκείνων
974 3639 1266 3709 ἐτρέψατο,
1292 3639 1388 3692 καὶ
1424 3638 1656 3702 πολλοὺς
1719 3640 1776 3691 ἐν
1816 3641 1884 3709 τῇ
1952 3641 2098 3711 φυγῇ
2141 3639 2396 3711 φθείρας,
2451 3642 2773 3696 κατέκλεισε
2822 3641 2951 3708 τοὺς
3007 3640 3238 3702 λοιποὺς
3284 3642 3360 3703 είς
3404 3636 3457 3689 τὸ
3500 3635 3644 3700 τεῖχος,

440 3730 551 3783 «καὶ
582 3728 891 3800 προσ-ϐαλε
919 3731 986 3799 τῇ
1023 3728 1198 3783 πόλει.
1234 3730 1399 3782 Καὶὸ
1458 3729 1556 3798 μέν
1617 3726 1852 3781 ἐνταῦθα
1871 3729 2104 3799 τρωθεὶς
2142 3730 2407 3784 ἀπέθανε.
2476 3731 2864 3804 Θαρσήσαντες
2918 3733 2961 3787 δ’
3011 3732 3112 3785 ἐπὶ
3158 3730 3332 3800 τούτῳ
3385 3725 3646 3796 ἐπεξῆλθον,

454 3824 552 3875 καὶ
602 3820 930 3892 ἡττηθέντες
990 3817 1146 3884 αἱθις
1195 3818 1576 3889 ἀνεχώρησαν,
1631 3820 1729 3874 καὶ
1784 3818 2239 3890 ἐπολιορκοῦντοο
2311 3824 2407 3875 καὶ
2474 3823 2556 3887 είς

448 3915 664 3969 έδωκαν
713 3913 963 3974 ἑαυτούς.
1033 3911 1092 3964 ὐ
1125 3910 1181 3963 δέ

453 4011 551 4063 καὶ
611 4009 708 4078 τὴν
771 4006 929 4060 πόλιν
987 4006 1303 4075 κατέσκαψε

451 4122 551 4169 τας
585 4105 858 4175 ἐγένοντο,
891 4105 946 4155 ἐν
969 4101 1140 4173 ἑτέρῳ
1174 4099 1449 4172 κατῴκισε
1465 4100 1636 4169 τόπῳ.

2634 3822 2882 3893 ἀνάγκην
2946 3822 3118 3892 λιμοῦ
3173 3821 3506 3892 ἐμπεσόντες,
3547 3830 3649 3883 παρ·

1258 3910 1465 3974 ὕπατος
1495 3911 1620 3972 τοὺς
1673 3910 1773 3980 μὲν
1836 3908 2203 3979 ἀφελομένους
2240 3913 2338 3975 τὰς
2394 3912 2501 3965 τῶν
2557 3913 2763 3983 κυρίων
2816 3912 3020 3984 τιμὰς,
3074 3914 3423 3981 αἰκισάμενο;
3478 3908 3645 3963 ἔκτεινε.

1351 4020 1366 4036 ·
1408 4004 1535 4067 τοὺς
1587 4001 1643 4055 δὲ
1701 4000 2033 4071 αὐθιγενεῖς,
2077 4007 2171 4056 καὶ
2209 4004 2263 4057 εί
2315 4022 2464 4070 τινες
2507 4006 2616 4059 τῶν
2655 4006 2883 4061 οἰκετῶν
2945 4008 3187 4077 χρηστοὶ
3216 4005 3343 4073 περὶ
3370 4001 3481 4064 τοὺς
3512 3994 3652 4051 δεσπὼ

514 4217 665 4274 'Vlll.
707 4215 790 4269 Ab
821 4228 887 4269 eo
920 4225 1164 4282 tempore
1194 4209 1427 4266 Romani
1479 4208 1844 4264 transmarina
1888 4210 1991 4266 bell

2211 4213 2292 4268 ll'.
2340 4213 2624 4268 Ἐντεῦθεν
2667 4214 2903 4284 ἤρξαντο
2951 4215 3002 4266 el
3075 4214 3341 4284 Ῥωμαῖοι
3392 4207 3650 4264 διαποντίων

457 4324 650 4382 gerere
680 4315 810 4361 sunt
836 4304 1101 4376 aggressi.
1126 4303 1280 4372 prius
1304 4303 1498 4358 classis
1520 4302 1853 4357 instruendae
1875 4303 2034 4371 plane

456 4404 646 4458 rudes.
675 4400 810 4454 Cum
842 4408 1045 4451 'autem
1078 4396 1133 4450 in
1187 4395 1324 4451 mari
1358 4395 1563 4450 versari
1609 4396 1941 4465 coepissent,
1980 4392 2033 4448 in

460 4494 701 4557 insulas,
722 4491 972 4559 aliasque
995 4488 1347 4544 continentes
1382 4489 1737 4560 traiecerunt.
1771 4488 1875 4543 ted
1908 4503 2034 4544 cum

455 4581 1011 4653 Carthaginiensibus
1059 4579 1295 4649 primum
1326 4588 1456 4633 sunt
1499 4581 1803 4649 congressi,
1860 4579 2035 4634 nihilo

460 4691 641 4746 neque
689 4673 888 4744 Opibus
919 4685 1098 4741 neque
1141 4671 1256 4740 agri
1291 4673 1532 4727 bonitate
1564 4672 1938 4738 inferioribus,
1980 4683 2037 4729 et

463 4775 518 4827 in
556 4787 613 4827 re
643 4772 865 4825 nautica
897 4767 1374 4823 exercitatissimis
1402 4784 1415 4822 :
1439 4768 1532 4836 qui
1562 4777 1825 4838 pra:_terea
1851 4769 2039 4838 pedes-

466 4867 645 4919 tribus
707 4866 1169 4933 equestrihusque
1222 4862 1418 4931 copiis,
1470 4870 1526 4916 et
1558 4861 1870 4931 elephantis
1916 4863 2037 4932 pol-

361 4980 364 4983 ‘
458 4960 665 5024 lebaut,
700 4965 755 5011 et
786 4956 990 5027 Libyae,
1024 4954 1312 5021 Sardiniw,
1346 4969 1409 5009 ac
1434 4971 1643 5025 magna:
1671 4955 1811 5025 parti
1835 4955 2039 5011 Sicilia:

463 5051 848 5122 imperabant:
888 5047 1034 5102 unde
1085 5047 1141 5100 in
1193 5061 1345 5116 spem
1405 5046 1571 5101 Italiae
1614 5053 1845 5115 quoque
1879 5046 2037 5100 subi-

461 5143 653 5214 gendae
675 5140 1052 5211 erigebantur.
1091 5139 1224 5193 Nam
1259 5147 1459 5209 praeter
1494 5138 1599 5191 alia
1637 5137 1908 5206 superbia:
1951 5138 2036 5191 in-

460 5238 786 5299 citamenta,
840 5231 1134 5287 immodica
1182 5244 1402 5300 quoque
1428 5228 1657 5283 libertas
1693 5228 1909 5284 animos
1956 5229 2039 5285 eis

465 5327 722 5383 faciebat.
757 5324 961 5380 Eorum
985 5323 1136 5379 enim
1164 5337 1284 5387 res,
1311 5321 1478 5375 annui
1514 5320 1866 5391 magistratus
1885 5361 1901 5387 ,
1927 5326 2037 5377 neu

463 5420 745 5477 diuturna:
772 5416 1063 5491 potestatis
1084 5412 1472 5469 auctoritatem
1496 5412 1756 5479 habebat,
1786 5424 1843 5468 et
1878 5415 2036 5483 quasi

466 5513 774 5570 rationibus
804 5511 921 5568 suis
943 5508 1319 5574 consulerent,
1339 5507 1407 5562 ad
1433 5506 1486 5562 ιι]
1518 5520 1734 5562 summa
1753 5506 2039 5562 alacritate

2136 4305 2366 4372 ἀγώνων
2394 4322 2409 4338 ·
2462 4307 2728 4360 ναυτικῶν
2781 4306 2891 4376 γὰρ
2941 4306 3002 4358 οῦ
3053 4324 3107 4359 τι
3164 4306 3306 4358 πάνυ
3366 4301 3650 4370 translva-

2135 4394 2544 4467 Θαλαττουργοὶ
2592 4397 2648 4450 δὲ
2693 4400 2999 4467 γενόμενοι,
3052 4398 3154 4450 καὶ
3205 4398 3300 4450 ἐπὶ
3346 4395 3439 4457 τὰς
3487 4393 3649 4459 νήσους.

2135 4489 2236 4551 τάς
2265 4504 2323 4540 τε
2351 4487 2517 4552 ἄλλας
2556 4489 2818 4559 ἠπείρους
2852 4487 3305 4557 ἐπεραιώθησαν.
3338 4480 3652 4554 Καρχηδονίοῑς

2136 4578 2196 4632 δὲ
2227 4583 2464 4650 πρώτοις
2490 4579 2860 4650 ἐπολέμησαν,
2887 4580 3043 4632 οὐδὲν
3074 4579 3264 4632 αὐτῶν
3305 4576 3446 4630 οὖσιν
3490 4564 3653 4643 ἥττοσιν

2137 4673 2260 4727 οῦτε
2325 4672 2560 4743 πλούτῳ,
2609 4672 2733 4725 οὔτε
2770 4674 2939 4743 ἀρετῇ
2993 4671 3212 4742 χώρας,
3259 4671 3353 4722 καὶ
3389 4667 3653 4739 ἠσκημένιις

2136 4767 2209 4821 τὰ
2259 4767 2488 4821 ναυτικὰ
2537 4766 2617 4828 εἰς
2664 4765 2973 4835 ἀκρίϐειαν,
3009 4763 3130 4816 ’καὶ
3187 4759 3656 4833 παρεσκευασμένοις

2141 4859 2395 4919 ἱππικαῖς
2447 4872 2507 4907 τε
2553 4856 2816 4925 δυνάμεσι
2869 4857 2963 4908 καὶ
3027 4855 3231 4919 πεζαῖς
3259 4894 3275 4919 ,
3336 4853 3423 4904 καὶ
3466 4849 3655 4915 ἐλέφασιν

2139 4950 2233 5003 καὶ
2259 4951 2489 5021 ἄρχουσι
2511 4947 2743 5011 Λιϐύων,
2768 4947 2868 5019 τήν
2916 4964 2976 4999 τε
3006 4944 3205 5018 Σαρδὼ
3238 4947 3332 4998 καὶ
3358 4944 3450 5013 τῆς
3472 4938 3659 4996 Σικελίας

2134 5043 2210 5093 τὰ
2241 5041 2413 5093 πλείω
2443 5040 2769 5109 κατέχουσιν
2798 5054 2814 5071 ο
2865 5037 2989 5091 ὅθεν
3042 5042 3148 5092 καὶ
3189 5039 3294 5107 τὴν
3346 5032 3553 5088 Ἰταλίαν
3575 5044 3657 5099 χει·

2138 5132 2423 5205 ρώσασθαι
2452 5133 2520 5186 δι’
2559 5132 2790 5186 ἐλπίδων
2834 5131 3164 5201 πεποίηντο.
3220 5130 3303 5182 Τά
3352 5146 3408 5181 τε
3441 5127 3537 5194 γὰρ
3564 5120 3660 5174 tim

2141 5227 2280 5295 σφᾶς
2334 5226 2839 5297 φρονηματιςεσθαι
2893 5225 3141 5291 ἔπειθον,
3190 5224 3290 5278 καὶ
3318 5222 3394 5292 τῷ
3439 5214 3660 5279 αὐτονόμῳ

2138 5320 2260 5374 λίαν
2323 5320 2622 5392 ἐτύγχανον
2691 5321 3073 5393 ἐπαιρόμενοι.
3146 5318 3258 5374 Τὸν
3330 5318 3439 5386 γὰρ
3493 5307 3663 5383 βασιλέα

2137 5413 2352 5476 ἑαυτοῖς
2384 5413 2579 5483 κλῆσιν
2611 5414 2835 5485 ἐτησίου
2865 5413 3063 5484 ἀρχῆς,
3110 5412 3234 5469 ἀλλ’
3281 5412 3382 5466 οὐκ
3405 5407 3492 5462 ἐπὶ

2140 5507 2428 5577 δυναστείᾳ
2458 5506 2881 5577 προύϐάλλοντο.
2912 5508 3021 5563 Καὶ
3051 5507 3134 5571 ὡς
3173 5505 3361 5569 αὐτοῖς
3381 5496 3664 5566 πονούμενοι.

1633 5666 1835 5726 Variae
1869 5660 2176 5726 lectiones
2222 5669 2286 5726 et
2321 5672 2510 5726 notm.

536 5838 652 5906 120)
688 5838 943 5894 Κύϊντον
993 5834 1233 5891 Φάϐιον.
1288 5833 1559 5904 Excerpta
1630 5832 1819 5888 Dionis
1885 5831 2193 5897 Valesiana,
2223 5848 2275 5903 p.
2307 5826 2431 5890 59'0.
