3862 6576
154 396 238 465 ιδ]
1355 372 1728 449 ΑΝΝΑωιΓι

1833 386 1947 445 .lB.
1989 383 2157 445 νιιῐ.

3279 378 3381 442 062

152 506 360 562 ωπέὁου
394 502 691 573 προελθεῖν,
738 501 872 571 παρ’
890 500 1015 554 ὅσον
1040 494 1108 570 ἦν
1142 499 1200 551 ἐν
1226 498 1499 569 Μεσήνῃό
1521 495 1699 551 Κλαύμ

1837 496 2107 552 licronem
2148 496 2215 549 de
2241 495 2394 563 pacis
2424 491 2832 548 conditionibus
2860 490 3096 559 legatum
3120 489 3380 545 misisset.

152 601 265 661 6mg.
293 597 351 650 ὐ
379 595 458 658 δὲ,
492 590 781 666 βιάσασθαι
813 591 916 663 τὴν
944 590 1173 661 πρόοδον
1202 590 1278 662 μὴ
1313 589 1546 658 τολμῶν,
1576 589 1712 660 πρὸς

1833 589 1949 643 iam
1973 604 2098 643 cum
2144 587 2371 657 quidam
2405 586 2667 650 venisset,
2723 600 2847 639 cum
2876 597 2986 653 quo
3010 583 3079 638 de
3111 598 3243 653 pace
3273 592 3384 636 tra-

154 691 239 752 τὶς
280 685 628 757 Συρακούσας
680 686 775 739 καὶ
822 684 915 739 τὸν
962 685 1189 754 Ἱέρωνα
1236 684 1553 753 ἐτράπετο,
1594 696 1711 751 ’φυ-

1813 690 2012 748 ctaret,
2051 681 2199 737 Inter
2225 679 2655 751 colloqaeudum
2689 677 2949 748 paulatim
3010 674 3259 740 recessit,
3285 675 3385 730 du-

154 777 303 847 λακὴν
336 780 393 830 ἐν
436 778 503 846 τῇ
538 776 769 847 Μεσήνῃ
796 772 1140 828 καταλιπών.
1176 773 1288 825 Kal.
1314 771 1621 844 προσέὄαλέ
1651 788 1711 825 τε

1834 792 1917 832 nec
1943 776 1996 830 in
2026 785 2139 831 tuta
2176 775 2445 844 pervenit.
2476 774 2544 829 Et
2577 772 2704 843 quia
2732 771 2863 827 urbs
2896 769 3055 825 facile
3105 770 3225 837 capi
3277 784 3387 822 non

153 871 297 931 αὐτὸς
316 866 392 938 τῷ
431 868 607 928 ἄστει,
642 864 887 921 κάκεῖνοί
922 883 1053 918 ποτε
1088 862 1398 935 ἐπεξῄεσαν
1423 881 1436 895 ·
1482 864 1577 918 καὶ
1601 865 1631 917 ὁ
1654 864 1714 915 τὲ

1833 878 2054 937 )οιρτοι,
2082 880 2137 924 et
2167 867 2385 922 obsidio
2438 882 2563 923 cum
2589 867 2661 920 ob
2708 863 2995 934 penuriam
3026 869 3386 923 cenuneatus,

157 960 240 1030 μὲν
261 955 541 1025 ἐκράτουν,
587 954 678 1007 ὁτὲ
708 955 753 1009 δ’
785 954 1121 1026 ἐκρατοῦντο
1144 954 1422 1023 ἑκάτεροι.
1456 952 1565 1007 Καί
1584 968 1712 1006 ποτε

157 1055 205 1103 ὲν
231 1049 401 1120 χωρίῳ
435 1048 607 1118 στενῷ
633 1050 661 1100 6
702 1046 910 1110 ὕπατος
936 1047 1205 1115 γεγονὼς,
1243 1045 1386 1102 ἐάλω
1423 1045 1512 1111 ἂν,
1547 1044 1594 1097 εἰ
1640 1041 1717 1114 μὴ

155 1143 245 1214 πρὸ
270 1138 356 1193 τοῦ
385 1139 781 1211 περισχεθῆναι
806 1138 1020 1209 ἔπεμψε
1061 1139 1201 1210 πρὸς
1228 1138 1320 1192 τὸν
1356 1137 1606 1209 Ἱέρωνα,
1635 1137 1717 1200 εἰς

157 1233 429 1305 συμϐάσεις
461 1233 528 1303 δή
563 1250 718 1297 τινας
768 1232 936 1286 αὑτὸν
985 1232 1490 1303 προσκαλούμενος.
1535 1229 1716 1295 Οὕτω,

154 1327 246 1396 γάρ
286 1324 537 1388 ἐλθόντος
578 1326 744 1389 τινὸς,
781 1327 919 1397 πρὸς
965 1325 1025 1379 ὃν
1062 1324 1258 1396 ἔμελλε
1319 1323 1716 1396 συμὸἡσεσθαι,

154 1417 398 1486 διελέγετό
448 1435 510 1471 τε
536 1417 710 1490 αύτῷ,
735 1421 834 1474 καὶ
866 1417 1141 1489 ύπαπῄει,
1173 1420 1369 1490 μέχρις
1391 1410 1454 1471 οὗ
1487 1417 1624 1488 πρὸς
1657 1417 1721 1470 τὸ

156 1508 367 1577 ἀσφαλὲς
396 1508 754 1582 ἀπεχώρησε.
795 1511 910 1581 Τῆς
947 1510 1006 1564 δέ
1039 1510 1250 1573 πόλεως
1284 1508 1484 1581 ῥαδίως
1512 1508 1719 1564 ἁλῶναι

158 1601 221 1671 μὴ
261 1601 592 1674 δυναμένης,
650 1604 745 1657 καὶ
804 1603 903 1673 τῆς
983 1602 1316 1672 προσεδρίας
1375 1602 1586 1673 ἀπόρου
1634 1602 1722 1656 διά

157 1694 327 1746 σπάνιν
355 1693 529 1766 οὔσης
566 1695 781 1759 σιτίων,
824 1695 922 1748 καὶ
962 1694 1051 1749 διὰ
1092 1695 1250 1750 νόσον
1294 1693 1396 1763 τῆς
1439 1693 1719 1765 στρατιᾶς,

1819 969 1937 1016 tum
1973 968 2200 1031 propter
2223 960 2371 1015 luem
2410 959 2463 1014 in
2490 958 2737 1014 exercitu
2773 966 3129 1027 grassantem.
3162 955 3394 1010 faculta—

1821 1062 1928 1110 tem
1965 1070 2073 1107 non
2108 1052 2367 1112 habebat.
2422 1051 2653 1107 recessit
2721 1050 3047 1121 Syracusani
3081 1059 3265 1103 autem
3300 1065 3390 1102 se-

1819 1157 2058 1217 quentes
2088 1186 2103 1209 ,
2135 1157 2262 1200 cum
2297 1143 2565 1213 dispersis
2620 1142 3079 1211 colloquebantur
3121 1158 3133 1193 :
3178 1157 3240 1193 ac
3292 1156 3391 1208 pa-

1819 1254 1940 1295 cem
1967 1239 2247 1302 fecissent,
2279 1238 2324 1293 si
2352 1238 2522 1317 etiam
2552 1236 2754 1292 llicrou
2778 1235 3089 1291 consentire
3109 1232 3390 1287 voluisset.

1819 1332 2023 1389 Consul
2052 1330 2307 1402 prmsidio
2326 1329 2586 1385 Messana:
2613 1329 2824 1395 relicto,
2855 1328 3124 1396 Rhegium
3163 1325 3391 1395 trajecit.

1824 1425 2057 1480 [tertiani
2089 1421 2358 1477 Hctrnriae
2411 1421 2580 1475 rebus
2640 1418 2981 1490 compositis,
3034 1430 3200 1488 atque
3243 1417 3394 1470 ltalia

1821 1519 1983 1588 plane
2013 1514 2779 1586 pacata,Carthaginiensium
2812 1522 2993 1567 autem
3025 1510 3236 1565 viribus
3279 1526 3401 1564 cre-

1822 1609 2109 1665 scentibus
2130 1649 2146 1675 ,
2176 1615 2474 1678 utrumque
2507 1607 2789 1661 consulem
2834 1606 2887 1658 in
2920 1603 3163 1659 Siciliain
3188 1603 3267 1657 ire
3285 1603 3401 1674 jus-

1824 1711 2038 1759 serunt.
2075 1702 2247 1773 lgitur
2278 1700 2531 1757 Valerius
2568 1698 2836 1753 Maximus
2863 1696 3402 1753 ctOctaeiliusCras-

155 1786 433 1857 ἀπανέστη.
494 1788 608 1843 Kal.
654 1789 705 1842 οἰ
764 1787 1129 1857 Συρακούσιοι
1199 1788 1461 1851 εἵποντο,
1515 1787 1611 1840 καὶ
1664 1788 1721 1850 ἐς

1833 1810 1941 1861 sus,
1977 1804 2085 1851 tam
2121 1794 2350 1850 seorsim
2376 1809 2540 1863 quam
2571 1808 2678 1846 una
2735 1790 2968 1845 insulam
3026 1797 3399 1862 peragrantes.

156 1879 319 1946 λόγους
354 1880 471 1943 τοίς
512 1881 972 1951 σκεδαννυμένοις
1019 1880 1212 1952 ᾔεσαν.
1262 1879 1373 1933 Kal.
1398 1879 1726 1934 ἐσπείσαντο

159 1968 230 2031 Ξιν,
276 1969 323 2021 εἰ
376 1971 473 2022 καὶ
525 1972 555 2023 6
623 1967 807 2040 Ἱέρων
871 1969 1149 2040 συμϐῆναι
1198 1969 1487 2039 ἠθέλησεν.
1556 1967 1616 2022 '0
1663 1969 1721 2024 δέ

158 2060 364 2126 ὖπατος,
396 2062 657 2133 φρουρὰν
704 2065 763 2114 ἐν
811 2063 880 2133 τῇ
928 2062 1159 2134 Μεσήνῃ
1217 2060 1555 2125 καταλιπὼν,
1592 2061 1726 2115 ἁπέ-

158 2155 362 2206 πλευσεν
391 2156 481 2219 εἰς
525 2154 588 2208 1:6
650 2151 890 2225 Ῥήγιον.
949 2155 1013 2208 Ol
1078 2152 1341 2224 Ῥωμαῖοι
1393 2154 1473 2221 δὲ,
1504 2153 1629 2206 ἐπεὶ
1655 2151 1727 2207 τὰ

156 2245 461 2317 Τυρσηνικὰ
519 2246 916 2318 καθειστήκει,
990 2246 1084 2301 καὶ
1141 2246 1213 2300 τά
1277 2249 1337 2301 ἐν
1392 2248 1458 2319 τῇ
1530 2245 1729 2317 Ἰταλίᾳ

158 2338 377 2409 ἀκριϐῶς
429 2340 732 2410 είρήνουν,
800 2340 870 2393 τά
920 2338 978 2394 δὲ
1036 2338 1145 2392 τῶν
1196 2337 1590 2410 Καρχηδονίων
1635 2336 1727 2389 ἐπὶ

160 2426 301 2482 πλέον
336 2431 655 2494 συνίστατο,
682 2430 853 2500 ἄμφω
892 2429 1020 2495 τοὺς
1048 2429 1290 2492 ὑπάτους
1335 2433 1393 2493 ἐς
1427 2428 1528 2500 τὴν
1574 2429 1733 2482 Σικε-

156 2520 259 2574 λίαν
284 2522 696 2594 ἐκστρατεῦσαι
722 2522 1042 2577 ἐκέλευσαν.
1067 2524 1139 2577 Πε
1151 2522 1481 2594 ραιωθέντες
1500 2515 1595 2576 οὖν
1619 2522 1648 2576 ὃ
1670 2539 1730 2575 τε

158 2612 380 2682 Μάξιμος
434 2612 737 2684 υύαλέριος
790 2616 888 2669 καὶ
955 2616 985 2668 6
1051 2614 1393 2677 ὐκτακίλιος
1453 2615 1731 2685 Κράσσος,

158 2705 239 2758 καὶ
268 2704 353 2758 διά
383 2707 493 2777 τῆς
532 2707 698 2778 νήσου
734 2707 873 2778 ὁμοῦ
917 2726 977 2762 τε
1018 2709 1407 2780 πορευόμενοι,
1451 2710 1553 2762 καὶ
1583 2707 1733 2780 διχῆ,

161 2797 365 2862 πολλοὺς
392 2798 670 2872 ὁμολογίᾳ
710 2801 1152 2873 παρεστήσαντο.
1216 2801 1305 2864 Ὠς
1358 2799 1419 2854 δὲ
1464 2800 1532 2854 τά
1561 2799 1734 2853 πλείω

159 2889 437 2960 ᾠκείωντο,
476 2892 617 2964 πρὸς
651 2895 751 2957 τὰς
827 2893 1183 2966 Συρακούσας
1230 2893 1526 2967 ὥρμησαν.
1565 2891 1678 2946 Καὶ
1705 2891 1734 2943 6

169 2982 333 3053 Ἱέρων
364 2986 654 3057 φοϐηθεὶς,
684 2987 1156 3057 διεκηρυκεύσατο
1203 2988 1359 3056 σφίσι
1412 2987 1514 3051 τὰς
1546 2985 1733 3051 πόλεις

161 3089 211 3127 τε
232 3074 291 3140 ἃς
322 3076 636 3151 ἀφῄρηντο,
678 3079 970 3143 ἀποδιδοὺς
1006 3080 1100 3137 καὶ
1128 3081 1389 3151 χρήματα
1432 3079 1732 3149 ὑπισχνούο

1828 1888 2033 1943 multos
2073 1888 2126 1942 in
2163 1886 2500 1942 deditionem
2525 1894 2859 1955 acceperunt
2894 1901 2906 1937 :
2936 1900 3000 1937 ac
3029 1882 3165 1937 locis
3201 1881 3401 1953 pleris-

1823 1994 1933 2051 que
1986 1979 2288 2051 adjunctis,
2337 1978 2640 2051 Syracusas
2691 1975 3122 2031 contenderunt.
3158 1973 3402 2049 Quorum

1825 2068 2178 2125 successibus
2207 2066 2371 2140 385
2410 2067 2611 2123 Hieron
2643 2069 2889 2130 territus,
2913 2065 3147 2121 redditis
3174 2052 3406 2118 urbibus

1827 2176 1966 2230 quas
1989 2161 2071 2216 eis
2088 2160 2387 2226 ademerat,
2409 2160 2789 2233 promissaque
2818 2157 3070 2230 pecunia.
3097 2166 3154 2212 et
3176 2157 3407 2228 captivis
3496 2140 3507 2148 ’

1828 2251 2094 2313 dimissis,
2156 2266 2346 2321 pacem
2414 2251 2592 2321 petiit,
2642 2258 2808 2321 atque
2866 2248 3405 2319 impetravit:un

1830 2345 2108 2405 consules,
2139 2344 2260 2414 ejus
2299 2342 2496 2413 opibus
2531 2341 2828 2412 adjunetis,
2858 2338 3348 2409 Carthaginienses
3375 2355 3404 2393 υ

1831 2452 1890 2492 se
1922 2434 2136 2491 facilius
2165 2435 2427 2489 debellari
2449 2450 2608 2504 posse
2636 2434 2920 2488 rebantur.
2951 2432 3132 2487 Paetis
3153 2429 3404 2494 firmatis,

1833 2528 1899 2583 ad
1928 2528 2064 2583 alias
2107 2528 2294 2594 urbes,
2351 2528 2407 2582 in
2441 2528 2645 2598 quibus
2687 2527 2892 2582 Punica
2943 2524 3195 2597 przesidia
3225 2533 3404 2587 erant,

1835 2621 2108 2686 conversi,
2148 2636 2289 2692 aque
2316 2620 2531 2675 caeteris
2573 2619 2800 2688 repulsi,
2837 2617 3119 2687 Segestani
3171 2616 3316 2669 ultro
3349 2631 3408 2670 se

1831 2712 2122 2768 dedentem
2160 2720 2512 2782 acceperunt.
2548 2711 2710 2767 Cives
2735 2710 2886 2766 enim
2914 2708 2986 2764 ob
3043 2706 3411 2764 necessitudi-

1832 2820 1956 2859 nem
1989 2805 2091 2859 sibi
2128 2820 2252 2860 cum
2286 2802 2551 2859 Romanis
2584 2803 3016 2859 intercedentem
3052 2802 3204 2872 (nam
3243 2816 3406 2856 suum

1831 2913 2052 2968 quoque
2095 2907 2276 2951 ortum
2337 2897 2402 2951 ad
2439 2896 2671 2952 lineam
2725 2906 3010 2952 auctorem
3071 2894 3411 2961 referebant)

1830 2987 2384 3059 Carthaginiensibus
2430 2988 2610 3052 cmsis,
2662 2988 2882 3041 illorum
2916 2985 3041 3040 ﬁdei
3075 3001 3133 3041 se
3177 2985 3409 3040 commi-

1832 3088 2048 3134 serunt.

167 3180 326 3233 μενος,
357 3168 460 3219 καὶ
493 3169 620 3233 τοὺς
652 3168 1036 3239 αἰχμαλώτους
1058 3170 1384 3242 ἐλευθερῶν,
1416 3171 1509 3225 καὶ
1532 3171 1721 3242 ἔτυχεν
1760 3170 1856 3224 ἐπὶ
1910 3169 2124 3234 τούτοις
2149 3172 2413 3227 σπονδῶν.
2475 3172 2540 3225 Οἱ
2567 3170 2675 3243 γὰρ
2708 3171 2904 3226 ὕπατοι
2932 3175 3062 3242 ῥᾷον
3092 3172 3213 3242 μετ’
3242 3166 3408 3223 αὑτοῦ

165 3261 630 3334 καταστρέψασθαι
656 3264 784 3329 τοὺς
813 3265 1224 3336 Καρχηδονίους
1260 3266 1547 3337 ἐνόμισαν.
1617 3264 1936 3334 Συμύάντες
1998 3265 2046 3320 δ’
2108 3266 2279 3337 αὐτῷ,
2330 3267 2463 3337 πρὸς
2493 3268 2588 3331 τὰς
2614 3267 2807 3329 λοιπὰς
2833 3266 3018 3330 πόλεις
3051 3266 3157 3320 ὑπὸ
3188 3266 3413 3335 καρχη-

164 3355 330 3410 δονίων
353 3357 780 3428 φρουρουμένας
804 3358 1125 3430 ἐτράποντο.
1154 3361 1267 3414 Καὶ
1290 3361 1399 3415 τῶν
1424 3362 1527 3431 μὲν
1579 3360 1758 3414 ἄλλων
1796 3361 2283 3433 ἀπεκρούσοησαν,
2327 3362 2600 3432 Ἔγεσταν
2663 3363 2709 3415 δ’
2756 3363 3013 3417 ἑκουσίαν
3052 3362 3264 3417 ἔλαϐον.
3314 3361 3414 3414 Διά

167 3452 255 3522 γάρ
286 3452 386 3525 τὴν
421 3455 559 3524 πρὸς
594 3454 906 3526 Ῥωμαίους
937 3455 1219 3509 οίκείωσιν
1246 3457 1295 3509 οἰ
1323 3456 1382 3509 ἐν
1409 3455 1576 3526 αὐτῇ,
1642 3454 1754 3509 ἀπὸ
1791 3452 1885 3509 τοῦ
1961 3456 2178 3509 Αἰνείου
2216 3457 2470 3525 λέγοντες
2501 3456 2807 3526 γεγονέναι,
2852 3453 3285 3526 προσεχώρησαν
3312 3458 3416 3513 αύ-

167 3547 258 3609 τοῖς
285 3548 415 3610 τοὺς
438 3547 848 3618 Καρχηδονίους
879 3546 1267 3617 φονεύσαντες.

227 3638 276 3693 ι’.
298 3640 408 3693 Καὶ
433 3640 484 3692 οἰ
509 3640 611 3708 μὲν
643 3638 840 3693 ὕπατοι
862 3640 955 3694 διὰ
978 3640 1070 3695 τὸν
1100 3639 1349 3710 χειμῶνα
1378 3641 1464 3704 εἰς
1495 3640 1558 3693 τδ
1597 3638 1725 3711 Ῥή-

1903 3641 1971 3697 X.
2026 3640 2359 3696 Consulibus
2413 3638 2484 3693 ob
2534 3637 2832 3693 hibernum
2882 3646 3100 3708 tempus
3149 3637 3423 3708 Rhegium

172 3748 273 3797 τιον
293 3732 541 3801 ἀπῆραν.
576 3731 937 3802 Καρχηδόνιοι
995 3732 1055 3786 δέ
1082 3734 1162 3797 εἰς
1221 3732 1410 3801 Σαρδὼ
1444 3732 1516 3789 ,τὸ
1543 3732 1729 3786 πλεῖον

172 3823 417 3892 ἐκόμισαν
444 3822 542 3876 τοῦ
582 3823 843 3893 στρατοῦ,
885 3824 953 3877 ἶν’
990 3824 1207 3878 ἐκεῖθεν
1257 3827 1325 3895 τῇ
1372 3822 1561 3899 Ῥώμῃ
1614 3825 1735 3880 ἐπί-

173 3912 381 3979 θωνται,
414 3913 513 3967 ml.
544 3914 576 3984 ἢ
624 3915 813 3967 τέλεον
856 3913 1002 3968 οὕτω
1027 3916 1123 3985 τῆς
1158 3916 1408 3980 Σικελίας
1452 3918 1733 3988 ἐκστήσω-

174 4020 263 4067 σιν,
305 4007 339 4077 ἦ
403 4006 900 4078 διαπεραιωθέντας
961 4007 1383 4085 ἀσθενεστέρους
1410 4010 1730 4081 ποιήσωσιν.

173 4097 298 4152 ’Δλλ’
329 4099 452 4153 οὔτε
482 4100 701 4165 τούτου,
766 4098 891 4153 οὔτε
939 4100 1049 4170 μὴν
1098 4102 1312 4156 ἐκείνου
1351 4103 1639 4173 ἐπέτυχον.
1667 4104 1730 4157 Οἱ

173 4191 267 4261 γάρ
305 4193 571 4263 Ῥωμαῖοι
606 4194 706 4265 τήν
735 4210 793 4248 τε
820 4193 1031 4247 οἰκείαν
1055 4193 1380 4262 ἐφύλαττον,
1445 4196 1539 4249 καὶ
1586 4195 1733 4261 ἀξιό-

177 4302 332 4355 μαχον
360 4287 439 4348 εἰς
471 4286 729 4341 Σικελίαν
752 4286 987 4357 δύναμιν
1025 4286 1282 4365 ἔπεμψαν
1317 4287 1458 4358 μετὰ
1498 4289 1734 4342 Ποστου-

177 4379 285 4444 μξου
330 4379 598 4445 Ἀλϐίνου,
629 4380 727 4434 καὶ
761 4380 901 4450 μετά
925 4379 1182 4449 Αἰμιλίου
1219 4380 1481 4434 Κοΐντου.
1523 4378 1734 4433 Ἐλθόν-

170 4471 320 4531 τεςδὲ
353 4472 433 4533 εἰς
464 4470 721 4524 Σικελίαν
767 4473 816 4524 οἰ
851 4470 1071 4533 ὕπατοι,
1128 4470 1215 4524 ἐπ’
1237 4471 1584 4542 Ἀκράγαντα
1620 4470 1731 4539 ὥρ-

180 4579 361 4632 μησαν,
380 4562 663 4618 κάνταῦθα
681 4562 936 4617 ’Δννίόαν
947 4562 1040 4616 τὸν
1060 4562 1336 4626 Γίσκωνος
1353 4562 1729 4633 ἐπολιόρκουν.

178 4653 232 4705 Oi
279 4656 331 4706 ἐν
376 4654 685 4725 Καρχηδόνι
734 4655 1070 4724 πυθόμενοι,
1124 4654 1375 4707 Ἄννωνα
1441 4652 1590 4721 αὐτῷ
1636 4654 1733 4706 σὺν

180 4745 326 4815 πολλῇ
372 4746 520 4818 χειρὶ
571 4742 1005 4817 συμμαχήσοντα
1075 4744 1352 4815 ἔπεμψαν.
1419 4746 1481 4799 ’0
1545 4745 1605 4800 δὲ
1675 4745 1734 4807 ἐς

188 4838 497 4907 ἰίράκλειαν
527 4839 722 4904 ἐλθὼν,
767 4839 829 4892 ού
861 4841 1053 4910 πόρρω
1109 4838 1279 4893 οὖσαν
1340 4838 1731 4910 Ἀκράγαντος,

178 4929 436 5001 ἐπολέμει.
483 4932 593 4985 Kal.
631 4930 807 5001 μάχαι
834 4929 1052 4995 πλείους
1088 4930 1185 4984 καὶ
1254 4930 1491 5001 μεγάλαι
1518 4930 1565 4983 δ’
1615 4928 1731 4997 ἐγί-

1841 3734 2098 3797 reversis,
2141 3731 2629 3803 Carthaginienses
2660 3732 2923 3804 majorem
2958 3733 3245 3803 copiarum
3292 3748 3416 3802 par-

1844 3838 1950 3883 tem
1983 3829 2038 3882 in
2070 3826 2380 3882 Sardiniam
2416 3826 2842 3890 transtulerunt,
2880 3835 2942 3880 ut
2970 3824 3097 3881 inde
3142 3826 3421 3880 Romanos

1839 3920 2270 3992 aggrederentur
2298 3940 2310 3974 :
2345 3928 2515 3989 atque
2536 3927 2631 3973 aut
2660 3918 2883 3987 penitus
2908 3916 3093 3971 Sicilia
3126 3917 3421 3986 pellerent,

1840 4023 1936 4072 aut
1981 4013 2027 4068 si
2075 4013 2445 4084 trajecissent,
2498 4012 2645 4066 vires
2694 4026 2888 4065 eorum
2939 4018 3252 4080 carperent.
3309 4010 3425 4066 Sed"

1843 4116 2105 4162 neutrum
2132 4105 2214 4159 eis
2258 4103 2550 4166 successit,
2587 4101 2851 4157 Romanis
2878 4111 2934 4157 et
2962 4117 3062 4156 sua
3109 4103 3412 4161 tuentibus.

1840 4207 1895 4254 et
1927 4196 2170 4253 Siciliam
2210 4212 2334 4252 cum
2363 4195 2530 4266 justis
2568 4194 2767 4264 copiis.
2801 4194 3109 4249 Posthumii
3146 4194 3332 4249 Albini
3361 4204 3419 4249 et

1839 4291 1904 4358 Q.
1940 4289 2149 4345 Aitnilii
2210 4288 2377 4344 ductu
2425 4296 2590 4358 atque
2635 4287 2917 4358 auspiciis,
2968 4286 3413 4343 defendentibus.

1841 4383 1946 4450 Qui
1979 4398 2103 4436 cum
2139 4382 2193 4435 in
2228 4379 2463 4435 insulam
2503 4379 2806 4441 venissent,
2841 4378 3198 4435 Hannibalem
3224 4380 3417 4436 Gisco-

1848 4477 1934 4530 nis
1971 4474 2143 4529 lilium
2186 4472 2468 4543 Agrigenti
2516 4471 2876 4527 obsederunt.
2925 4471 3044 4538 Quo
3089 4472 3421 4543 Carthagine

1839 4567 2052 4631 audito,
2088 4565 2296 4651 \llanno
2331 4579 2457 4619 eum
2509 4580 2700 4634 magna
2741 4579 2906 4618 manu
2941 4564 3147 4618 auxilio
3194 4563 3414 4629 missus,

1844 4659 2141 4721 lleraclcae,
2198 4674 2322 4728 qua:
2370 4674 2565 4728 parum
2617 4657 2918 4727 Agrigento
2963 4657 3153 4722 distat,
3209 4656 3425 4712 bellum

1840 4752 2011 4820 gessit
2046 4771 2059 4805 :
2089 4766 2154 4805 ac
2187 4750 2359 4804 multa
2389 4765 2693 4820 magnaque
2724 4749 2907 4819 prteIia
2938 4758 3068 4803 sunt
3097 4750 3417 4813 commissa,

1842 4841 2084 4912 primum
2111 4840 2377 4895 Hannone
2398 4841 2676 4904 consules,
2705 4838 2906 4894 deinde
2932 4840 3257 4896 consulibus
3280 4841 3419 4896 lian-

1843 4950 2043 4989 nonem
2084 4934 2531 5006 provocantibus.
2569 4934 2704 4988 Nam
2749 4932 2878 4988 dum
2931 4931 3162 4989 Romani
3196 4935 3422 5005 cupiam

180 5026 447 5080 vowo'xa‘v.
484 5025 553 5079 τά
621 5025 721 5095 μὲν
772 5025 966 5096 πρῶτα
1011 5026 1040 5079 ό
1070 5027 1279 5079 ’Ἄννων
1316 5025 1446 5088 τοὺς
1491 5022 1728 5083 ὑπάτους

1839 5029 2180 5085 cibariorum
2224 5027 2523 5090 habebant.
2557 5042 2790 5081 numero
2825 5025 3059 5082 militum
3097 5026 3414 5089 inferiores,

181 5116 520 5184 προύκαλεῖτο
576 5120 659 5181 εἰς
700 5118 960 5187 πόλεμον,
992 5113 1096 5171 εἷθ’
1136 5116 1363 5188 ὕστερον
1414 5118 1626 5170 ἐκεῖνον
1680 5114 1731 5167 οἱ

192 5206 430 5279 Ῥωμαῖοι
466 5210 898 5281 προύκὴληνοτο.
933 5211 1095 5275 Ἕως
1116 5210 1216 5281 μὲν
1240 5209 1349 5282 γάρ
1376 5210 1609 5280 ἄφθονον
1655 5205 1735 5261 εἷ-

184 5314 265 5365 χον
289 5301 336 5352 ul.
376 5301 641 5371 Ῥωμαῖοι
664 5301 894 5373 τροφὴν,
926 5302 1028 5355 οὐκ
1077 5303 1328 5373 ἐτόλμων
1363 5300 1733 5373 μαχέσασθαι,

186 5389 254 5453 τῷ
282 5392 465 5463 πλήθει
506 5393 980 5464 ἐλαττονούμενοι,
1009 5394 1155 5465 λιμῷ
1175 5395 1232 5449 δέ
1249 5397 1350 5465 τὴν
1380 5396 1536 5449 πόλιν
1577 5395 1738 5465 αἰρήο

191 5496 287 5535 σειν
315 5485 555 5556 ἡλπιζον.
601 5487 756 5541 Ἐπεὶ
784 5487 842 5541 δὲ
876 5487 1029 5542 σίτου
1073 5488 1385 5553 ἐσπάνιζον,
1442 5488 1597 5540 αὐτοὶ
1635 5489 1735 5555 μὲν

192 5573 645 5633 ἁποκινδυνεύσειν
670 5579 1099 5651 πρωθυμοῦντα
1129 5580 1190 5635 '0
1221 5581 1279 5633 δὲ
1313 5580 1525 5635 Ἀννων
1547 5578 1735 5646 ὤκνει,

192 5660 510 5734 ὑποπτεύσας
557 5670 647 5724 διὰ
708 5671 805 5743 τὴν
854 5670 1167 5742 προθυμίαν
1216 5672 1727 5743 ἐνεδρευθήσεσθαι.

193 5756 271 5807 Διὸ
297 5759 346 5811 οἰ
374 5778 431 5814 τε
462 5762 613 5816 ἄλλοι
640 5764 710 5816 τά
736 5765 846 5818 τῶν
876 5764 1169 5836 Ῥωμαίων
1196 5764 1522 5833 θεραπεύειν
1550 5764 1736 5834 ἠξίουν

198 5845 261 5910 ὡς
289 5851 456 5925 ἀκμὴν
512 5857 900 5928 νενικηκότων,
948 5860 1042 5912 καὶ
1095 5860 1123 5911 6
1164 5857 1344 5929 Ἱέρων
1399 5857 1736 5929 ἀπροθύμως

1840 5139 2076 5195 pugnam
2127 5121 2533 5189 detrectabant,
2568 5135 2627 5175 se
2660 5120 2801 5175 fame
2846 5118 3041 5175 urbem
3074 5127 3416 5191 expugnatu-

1844 5226 1934 5265 ros
1964 5219 2252 5281 sperantes
2299 5227 2314 5263 :
2355 5225 2478 5264 cum
2509 5225 2639 5264 vero
2693 5209 2973 5266 frumento
3020 5200 3419 5273 deficerent,ad

1837 5300 2234 5357 decertandum
2285 5302 2494 5356 alacres
2550 5300 2679 5356 facti
2712 5308 2860 5358 sunt.
2889 5300 3079 5356 "anno
3134 5316 3262 5356 vero
3308 5315 3411 5369 pn-

1840 5391 2042 5462 gnandi
2076 5391 2293 5462 copiam
2326 5393 2411 5447 eis
2437 5392 2618 5449 facere
2646 5394 2845 5455 noluit,
2880 5394 3090 5448 veritus
3115 5408 3182 5447 ne
3216 5390 3413 5445 alacri—

1842 5494 1953 5540 tate
1997 5484 2087 5538 illa
2120 5485 2173 5537 in
2206 5484 2447 5540 insidias
2470 5485 2848 5557 peiliceretur.
2881 5484 3036 5542 Unde
3072 5484 3271 5540 factum
3305 5491 3411 5540 est.

1842 5587 1900 5632 ut
1930 5588 1982 5634 et
2027 5579 2119 5633 alii
2156 5578 2419 5633 Romanis
2449 5589 2708 5652 tanquam
2737 5578 3039 5634 victoribus
3078 5577 3367 5631 studerent
3396 5592 3410 5628 :

1804 5680 1893 5739 ‘ct
1930 5670 2133 5726 Hieron
2168 5679 2297 5726 ante
2325 5673 2568 5743 segniter
2611 5671 2863 5727 auxiliari
2895 5669 3109 5731 solitus,
3148 5675 3260 5721 tum
3295 5668 3413 5722 [τυ-

1842 5774 2088 5816 mentum
2141 5762 2516 5825 submitteret,
2559 5763 2705 5817 unde
2737 5760 2964 5815 Romani
3009 5758 3223 5823 animos
3259 5775 3414 5814 recc-

1842 5866 2067 5928 perunt.
2105 5855 2297 5911 llanno
2346 5870 2567 5926 quoque
2598 5868 2832 5925 pugnam
2865 5851 3212 5909 committere
3257 5849 3417 5908 iusti.
