3862 6548
501 372 605 433 667

1794 376 2121 440 JOANNIS
2160 376 2479 437 ZONAR.’B
3190 410 3193 417 ε
3635 379 3728 441 668

498 483 945 554 prehendissem,
974 489 1156 547 onmis
1191 491 1499 564 conjuratio
1542 490 1802 561 dissipata
1837 498 1940 546 est.
1981 491 2074 546 Se-

2179 490 2290 547 θὼν
2322 490 2379 544 δὲ
2409 488 2571 543 τοῦτο
2600 488 2790 561 Ἕριος
2818 488 3084 554 ηοτίλιος,
3110 491 3139 543 6
3159 489 3262 559 τῆς
3288 488 3541 559 βοηθείας
3566 491 3731 562 ἄρχων

498 580 689 647 quenti
722 589 910 636 aestate
954 582 1185 639 Romani
1212 592 1268 639 et
1308 581 1787 654 Carthaginienses
1822 581 1987 637 sinml
2016 590 2074 637 et

499 669 555 724 in
591 670 777 727 Sicilia
808 683 857 728 et
890 675 947 729 in
989 675 1239 732 Sardinia
1271 676 1475 732 bellum
1514 685 1822 746 gesserunt.
1862 675 2073 732 Deinde

500 777 627 816 cum
667 766 891 821 Attilius
945 768 1175 823 Latinus
1217 768 1269 822 in
1316 767 1558 823 Siciliam
1593 771 1856 832 venisset,
1904 778 2073 839 atque

498 853 874 913 Mutistratnm
909 860 1102 914 urbem
1134 877 1164 915 a
1196 860 1357 915 Floro
1409 862 1687 915 obsessam
1720 860 2020 917 invenisset
2054 878 2072 919 :

499 943 675 1012 copiis
727 945 874 1000 illius
923 963 1075 1013 usus,
1120 965 1244 1004 cum
1290 951 1488 1006 mmnia
1515 962 1878 1021 oppugnaret,
1911 953 2069 1021 oppi-

498 1032 626 1087 dani
681 1037 955 1107 principio
1003 1054 1128 1094 cum
1180 1041 1725 1110 Carthaginiensibus
1750 1042 1800 1097 ei
1854 1042 2074 1097 fortiter

499 1123 836 1180 restiterunt.
874 1125 978 1181 Sed
1006 1130 1269 1186 uxoribus
1310 1141 1365 1186 et
1407 1133 1598 1188 liberis
1624 1132 2071 1193 lamentantibus.

496 1211 696 1267 omissa
736 1214 1079 1285 defensione,
1105 1220 1659 1292 Carthaginiensibus
1681 1232 1843 1278 noctu
1866 1223 2074 1293 digres-

494 1303 589 1365 sis.
627 1306 805 1375 primo
832 1309 1079 1366 diluculo
1113 1324 1298 1383 portas
1324 1316 1468 1370 ultro
1485 1325 1841 1386 aperuerunt.
1869 1316 2072 1371 Verum

495 1392 729 1453 Romani
763 1398 1016 1471 ingressi,
1052 1406 1259 1460 nemini
1290 1416 1656 1475 pepercerunt
1685 1424 1699 1464 :
1729 1408 1905 1462 donec
1932 1406 2072 1462 Atti-

494 1482 601 1541 lius
650 1495 996 1558 pronuntiari
1048 1498 1231 1567 jussit,
1266 1499 1503 1567 prredam
1552 1509 1608 1555 et
1658 1501 1913 1556 homines
1952 1501 2073 1571 ejus

494 1577 613 1635 fore
640 1585 734 1651 qui
765 1587 1021 1656 cepisset.
1059 1590 1197 1646 Tum
1231 1591 1453 1647 demum
1500 1594 1725 1664 reliquis
1749 1594 1945 1664 captis.
1979 1609 2074 1649 ur—

495 1667 621 1726 bem
648 1674 917 1747 direptam
943 1680 1330 1739 incenderunt.

2182 581 2629 652 προσεποιήσατο
2664 583 3001 652 συμφρονεῖν
3056 580 3265 646 αὐτοῖς,
3318 582 3407 637 ἵνα
3467 581 3731 653 ἀκριϐὠση

2179 677 2292 728 πᾶν
2323 675 2385 729 τὸ
2415 674 2738 746 δεδογμένον
2765 675 2973 739 αὐτοῖς.
3006 675 3102 730 καὶ
3142 674 3267 728 ἐπεὶ
3312 673 3388 746 μὴ
3446 667 3559 738 οἷός
3597 690 3652 726 τε
3676 671 3734 747 ἦν

2180 766 2572 837 καταμηνῦσαι
2617 766 2677 820 τὸ
2713 762 2990 836 βούλευμα
3029 767 3252 834 (πάντες
3281 767 3390 834 γάρ
3423 766 3561 836 περὶ
3591 766 3734 819 αὐτὸν

2178 853 2320 929 ἦσαν
2352 858 2404 911 οί
2443 857 2732 929 Σαμνῖται)
2762 857 2982 911 ἔπεισεν
3005 857 3207 919 αὐτοὺς
3237 857 3433 929 βουλῆς
3478 858 3735 927 ἀγομένης

2177 949 2259 1011 είς
2284 947 2383 1018 τὴν
2410 948 2619 1017 ἀγορὰν
2649 947 3036 1017 ἀθροισθῆναι,
3078 948 3173 1002 καὶ
3198 947 3536 1016 καταϐοῆσαι
3567 948 3736 1013 αὑτοῦ,

2177 1036 2254 1102 ὡς
2288 1038 2416 1108 περὶ
2444 1038 2537 1093 τὸν
2562 1041 2713 1092 σῖτον
2738 1039 3154 1109 ἀδικουμένους,
3204 1040 3374 1109 ὅνπερ
3420 1037 3735 1107 ἐλάμϐανον.

2179 1135 2303 1189 Τῶν
2347 1135 2404 1190 δὲ
2433 1137 2592 1190 τοῦτο
2630 1138 3004 1207 ποιησάντων,
3055 1131 3497 1206 μεταπεμιιςθεὶς,
3551 1130 3626 1191 ὡς
3666 1131 3738 1182 αἶ-

2175 1240 2291 1288 τιος
2321 1224 2417 1279 τοῦ
2453 1225 2711 1295 θορύϐου,
2741 1226 3003 1296 ἐξέφηνεν
3048 1226 3232 1289 αὐτοῖς
3273 1222 3374 1294 τὴν
3428 1221 3738 1291 imamMl"-

2178 1317 2287 1371 Καὶ
2312 1317 2434 1371 τότε
2469 1317 2571 1386 μὶν
2605 1319 2990 1391 ἡσυχάσαντας
3026 1316 3387 1387 ἀπέπεμψαν.
3425 1314 3643 1377 Νυκτὸς
3689 1314 3737 1366 δὲ

2178 1412 2476 1465 συνέλαϐον
2507 1413 2733 1467 ἕκαστοι
2755 1415 2864 1469 τῶν
2892 1414 3127 1483 ἐχόντων
3150 1413 3377 1475 δούλους
3400 1410 3557 1471 τινάς
3582 1408 3639 1475 ἐξ
3657 1410 3739 1462 αύ-

2175 1499 2308 1565 τῶν,
2333 1502 2428 1555 καὶ
2460 1502 2637 1566 οὕτως
2669 1503 2702 1573 ἡ
2736 1504 2886 1557 πᾶσα
2927 1502 3149 1573 διελύθη
3216 1499 3556 1572 συνωμοσία.
3594 1497 3677 1567 Τῷ
3698 1500 3737 1552 δ’

2175 1595 2552 1666 ἔ’τἐῑγινομένιρ
2579 1596 2732 1667 θέρει
2764 1595 2823 1649 ιν
2846 1614 2907 1650 τε
2931 1599 2996 1667 τῇ
3031 1594 3257 1665 Σικελία
3298 1594 3395 1648 καὶ
3439 1594 3507 1663 τῇ
3562 1590 3737 1660 Σαρδοῖ

2176 1682 2297 1756 in
2324 1688 2674 1759 ἐπολέμησαν
2694 1690 2745 1742 el
2785 1687 3053 1759 Ῥωμαῖοί
3075 1705 3135 1741 τε
3168 1689 3264 1740 καὶ
3289 1687 3339 1740 ei
3362 1684 3733 1757 Καρχηδόνιοι.

495 1764 607 1820 Καὶ
638 1769 780 1838 μετὰ
802 1771 948 1826 τοῦτ’
990 1774 1257 1840 ’Ᾱττίλιος
1296 1778 1529 1843 Λατῖνος
1587 1780 1645 1843 ἒς
1689 1794 1789 1848 την
1829 1779 2080 1833 Σικελίαν
2118 1780 2315 1844 ἐλθὼν,
2391 1784 2487 1837 καὶ
2530 1783 2948 1854 Μουτίστρατον
3026 1781 3186 1836 πόλιν
3239 1781 3347 1836 ὑπὸ
3407 1779 3505 1833 τοῦ
3536 1779 3734 1846 Φλώρου

494 1863 970 1942 πολιορκουμένην
987 1873 1187 1943 εὑρὼν,
1218 1877 1284 1944 τῇ
1312 1879 1636 1948 παρασκευῇ
1661 1878 1874 1931 ἐκείνου
1932 1879 2227 1949 ἐχρήσατο.
2260 1880 2373 1933 Καὶ
2430 1881 2741 1951 προσϐολὰς
2773 1881 2907 1952 περὶ
2943 1880 3005 1934 τὸ
3094 1882 3274 1951 τεῖχος
3328 1876 3500 1931 αὐτοῦ
3570 1893 3735 1929 ποιον-

497 1958 686 2027 μὲνου,
723 1963 940 2034 πρῶτον
972 1966 1075 2035 μὲν
1136 1968 1186 2021 oi
1235 1967 1523 2039 ἐπιχώριοι
1583 1969 1722 2039 μετὰ
1749 1968 1857 2024 τῶν
1906 1969 2291 2041 Καρχηδονίων
2356 1968 2632 2043 ¹Ιιμύνοντο
2697 1970 2996 2041 κραταιῶς.
3028 1970 3149 2025 Τῶν
3203 1970 3261 2022 δὲ
3311 1967 3592 2033 γυναικῶν
3649 1969 3733 2020 καὶ

493 2049 607 2103 τῶν
635 2053 843 2108 παίδων
874 2058 932 2119 ἐς
965 2056 1177 2128 δάκρυα
1219 2058 1315 2112 καὶ
1377 2060 1435 2123 ές
1495 2058 1748 2128 οίμωγάς
1820 2060 2233 2133 προαχθέντων,
2303 2062 2406 2117 οὐκ
2476 2062 2761 2133 ἀντέσχον.
2814 2060 3255 2129 Ὑπεξελθόντων
3294 2061 3353 2113 δὲ
3401 2058 3601 2121 νυκτὸς
3640 2059 3734 2113 τῶν

495 2139 907 2213 Καρχηδονίων,
956 2146 1074 2217 ἄμα
1097 2151 1164 2219 τῇ
1198 2148 1272 2219 ἕῳ
1317 2147 1416 2214 τὰς
1466 2149 1643 2214 πύλας
1706 2150 1986 2205 ἐθελονταὶ
2055 2151 2106 2204 οἱ
2144 2150 2435 2225 ἐπιχώριοι
2493 2152 2861 2208 ἀνεπέτασαν.
2889 2151 3241 2215 Εἰσελθόντες
3266 2150 3325 2204 δὲ
3367 2151 3421 2204 oi
3462 2150 3732 2217 Ῥωμαῖον

495 2240 709 2302 πάντας
738 2239 1016 2309 ἐφόνευονο
1068 2243 1174 2309 ἕως
1211 2242 1481 2317 ἐκήρυξεν
1534 2248 1565 2300 6
1632 2247 1922 2314 Ἀκίλιος,
1969 2248 2071 2318 τὴν
2108 2246 2307 2315 λοιπήν
2369 2263 2432 2301 τε
2494 2246 2647 2302 λείαν
2679 2246 2936 2310 καὶτοὺς
2974 2245 3299 2315 ἀνθρώπους
3342 2244 3439 2299 τοῦ
3498 2243 3734 2309 λαϐόντος

494 2328 659 2388 εἶναι.
698 2335 928 2389 Ἕκτοτε
959 2335 1067 2409 γὰρ
1095 2338 1223 2401 τοὺς
1256 2337 1479 2403 λοιπούς
1515 2355 1576 2393 τι
1607 2339 1957 2413 ὶζώγρησαν,
1979 2341 2075 2395 καὶ
2109 2341 2212 2413 τὴν
2247 2339 2407 2395 πόλιν
2436 2341 2948 2413 πρώιαρπάσαντις
2972 2342 3352 2413 κατέπρησαν.
3712 2366 3719 2371 ·

563 2426 680 2483 Xll.
714 2430 846 2487 inde
884 2431 1232 2488 Camarinam
1285 2433 1751 2507 incircumspecte
1808 2438 2072 2509 aggressi,

2250 2434 2351 2490 IB’.
2396 2437 2647 2491 Ἐκεῖθεν
2689 2437 2736 2492 δ’
2799 2438 2896 2493 ἐπὶ
2951 2439 3278 2509 Καμερίναν
3329 2437 3732 2508 ἀπερισκέπτως

493 2534 659 2594 atque
693 2523 748 2578 in
784 2524 902 2579 loca
941 2523 1160 2579 insidiis
1184 2536 1453 2596 occupata
1480 2528 1715 2599 delapsi,
1749 2544 1944 2584 omnes
1977 2544 2073 2599 pe-

494 2619 721 2684 rissent,
754 2618 856 2674 nisi
894 2618 964 2672 ll.
995 2618 1381 2689 Calphurnius,
1411 2621 1666 2678 tribunus
1694 2621 1956 2687 militum,
1980 2639 2073 2679 ca—

496 2707 802 2764 lamitatem
852 2724 972 2763 eam
1037 2719 1156 2766 arte
1214 2713 1565 2768 correxisset.
1619 2714 1756 2769 Nam
1823 2730 1950 2770 eum
2006 2730 2074 2769 ex

496 2800 755 2854 omnibus
778 2816 949 2855 unum
978 2802 1250 2857 tumulum
1282 2803 1356 2859 ob
1380 2804 1743 2875 praecipitium
1767 2822 1878 2862 non
1906 2822 2074 2862 oceu-

496 2899 684 2960 patnm
705 2891 954 2959 vidisset,
982 2908 1077 2953 ccc
1126 2894 1297 2965 389
1322 2911 1352 2949 a
1385 2896 1612 2951 consule
1644 2898 1847 2953 milites
1871 2898 2072 2968 petiit:

497 2995 638 3050 quos
683 2997 808 3037 cum
841 2999 1076 3053 propere
1125 2986 1219 3040 illo
1259 2986 1604 3052 adduxisset,
1635 2997 1697 3043 ut
1727 2990 1980 3045 hostibus
2015 2990 2073 3046 in

497 3089 556 3128 se
586 3075 890 3139 conversis,
915 3077 1104 3132 caeteri
1140 3077 1471 3148 effugerent,
1508 3095 1617 3134 non
1655 3079 1920 3151 deceptus
1963 3091 2070 3137 est.

496 3163 634 3220 Nam
670 3166 860 3223 hostes
909 3182 1104 3223 eorum
1155 3171 1362 3240 impetu
1397 3172 1655 3241 perculsi,
1690 3174 1917 3229 consule
1948 3190 2077 3230 cum

498 3261 616 3315 suis
674 3270 738 3315 ut
772 3260 885 3331 jam
930 3261 1108 3332 captis
1179 3262 1411 3326 relictis,
1450 3272 1641 3318 contra
1672 3263 2074 3333 Calpburnium

498 3364 903 3409 concurrerunt
951 3362 1055 3410 :et
1104 3355 1279 3410 atroci
1324 3370 1508 3425 pugna
1549 3356 1867 3421 commissa,
1916 3358 2075 3413 multi

496 3445 664 3500 etiam
688 3461 755 3501 ex
779 3446 908 3511 illis,
933 3446 1029 3501 sed
1055 3446 1133 3507 illi
1176 3462 1274 3503 ccc
1312 3462 1510 3502 omnes
1541 3448 1847 3517 perierunt,
1879 3463 2080 3519 praeter

501 3552 669 3590 unum
701 3537 1101 3607 Calphurnium
1130 3557 1144 3592 :
1191 3538 1288 3610 qui
1331 3555 1456 3594 cum
1492 3555 1603 3608 pra:
1632 3540 1959 3597 vulneribus
1989 3542 2076 3595 in-

498 3639 614 3683 star
652 3631 855 3685 mortui
908 3630 1056 3684 inter
1080 3631 1348 3686 cadavera
1392 3632 1680 3703 iacuisset,
1732 3633 1926 3689 vivens
1981 3650 2073 3690 re-

2175 2529 2461 2599 γενόμενοι
2498 2536 2560 2592 ἐς
2588 2530 2768 2600 χωρία
2810 2530 3282 2602 προλελοχισμένα
3320 2531 3604 2585 ἐνέπεσον·
3652 2531 3730 2584 καὶ

2176 2621 2410 2675 πανσυδὶ
2437 2622 2506 2676 ἀν
2537 2622 2886 2694 ἐφθάρησαν,
2923 2624 2972 2677 εί
2997 2624 3073 2694 μὴ
3101 2624 3332 2694 Μάρκος
3374 2624 3730 2694 Καλπούρνιος

2178 2711 2481 2784 χιλιαρχῶν
2512 2714 2679 2785 σοφία
2712 2714 2948 2784 μετῆλθε
2977 2715 3038 2769 τὸ
3076 2715 3424 2787 δυστύχημα.
3467 2715 3612 2771 Ἰδὼν
3638 2716 3727 2785 γάρ

2175 2822 2300 2860 τινα
2320 2805 2435 2858 τῶν
2461 2806 2625 2878 πέριξ
2654 2806 2836 2875 λόφων
2880 2807 3045 2879 μόνον
3092 2807 3199 2863 ὑπὸ
3251 2807 3348 2862 τοῦ
3397 2807 3726 2880 κρημνὼδως

2179 2897 2259 2970 μὴ
2299 2898 2872 2969 προκατειλημμένον,
2924 2899 3151 2963 ὁπλίτας
3207 2901 3559 2970 τριακοσίους
3594 2901 3726 2970 παρὰ

2175 2987 2273 3041 τοῦ
2314 2987 2527 3041 ὑπάτου
2571 2990 2834 3059 ⁴ᾐτήσατο,
2886 2989 2984 3045 καὶ
3037 2990 3136 3043 σὺν
3191 2989 3380 3053 αὐτοῖς
3428 2992 3516 3043 ἐπ’
3541 2990 3724 3043 ἐκεῖνον

2177 3077 2460 3150 ὥρμησεν,
2516 3077 2585 3132 ἵν’
2614 3079 2664 3131 οἱ
2691 3079 2920 3149 πόλεμοι
2975 3077 3115 3149 πρὸς
3169 3080 3373 3142 αὐτοὺς
3405 3078 3723 3150 τράπωνται,

2178 3172 2480 3227 κάντεῦθεν
2510 3173 2562 3225 ul
2613 3171 2796 3225 λοιποὶ
2844 3170 3157 3239 διαφύγωσι
3180 3188 3195 3203 ο
3222 3171 3317 3226 καὶ
3345 3172 3503 3242 ἔσχεν
3549 3173 3722 3235 οὕτως.

2191 3263 2279 3325 Ὡς
2302 3262 2412 3332 γὲρ
2436 3264 2539 3332 τὴν
2571 3260 2754 3332 ὁρμὴν
2783 3261 2969 3315 αὐτῶν
3001 3257 3142 3315 εἶδον
3170 3263 3220 3316 oi
3263 3264 3513 3325 ἐναντίοι,
3542 3264 3723 3318 ἐκκλα-

2178 3354 2389 3423 γέντες,
2420 3354 2515 3406 τὸν
2568 3354 2669 3423 μὲν
2712 3353 2920 3406 ὕπατον
2973 3354 3069 3407 καὶ
3100 3356 3228 3418 τοὺς
3291 3354 3422 3423 περὶ
3456 3354 3630 3417 αὐτὸν,
3658 3353 3724 3417 ὡς

2177 3447 2280 3518 ήδη
2313 3446 2650 3511 ἑαλωκότας,
2699 3445 3014 3512 κατέλιπον,
3050 3446 3144 3498 ἐπὶ
3171 3444 3228 3499 δὲ
3254 3445 3349 3498 τὸν
3377 3446 3723 3516 Καλπούρνιον

2180 3537 2542 3608 συνέδραμον.
2568 3536 2682 3590 Καὶ
2744 3538 2923 3607 μάχης
2954 3536 3185 3607 ἰσχυρᾶς
3224 3536 3534 3604 γεγονυίας,
3564 3537 3724 3589 πολλοὶ

2185 3630 2284 3699 μὲν
2314 3628 2609 3694 κάκείνων,
2643 3629 2845 3692 πάντες
2872 3628 2916 3682 δ’
2946 3630 2995 3682 oi
3045 3628 3352 3698 τριακόσιοι
3384 3629 3575 3683 ἔπεσον
3594 3646 3609 3662 ·
3640 3628 3723 3694 p6-

501 3730 708 3790 pertus.
754 3723 929 3778 evasit
974 3723 1285 3780 incolumis.
1328 3724 1544 3780 Interea
1581 3741 1716 3781 vero
1779 3726 1914 3782 dum
1983 3742 2074 3783 ccc

2180 3734 2271 3783 νος
2297 3720 2353 3774 δι
2375 3721 2785 3793 περιεσίσωστο
2828 3722 2858 3775 6
2898 3719 3302 3792 Καλπούρνιος,
3340 3722 3566 3791 τρωθεὶς
3594 3720 3686 3792 μὲν
3707 3738 3720 3752 ·

500 3821 762 3880 pugnant,
793 3813 960 3868 etiam
1010 3814 1202 3869 consul
1250 3813 1497 3879 Attilius,
1544 3818 1750 3871 evitato
1800 3818 2071 3888 periculo,

2179 3810 2358 3866 λαθὼν
2404 3789 2465 3866 δ’-
2494 3814 2554 3867 ἑν
2589 3814 2707 3876 τοῖς
2759 3816 2978 3882 νεκροῖς
3030 3789 3288 3883 κείμενος
3313 3789 3421 3867 ὑπὸ
3442 3814 3549 3867 τῶν
3569 3789 3724 3884 τραυο

500 3902 788 3959 Camarina
819 3915 874 3960 et
918 3905 1043 3961 aliis
1086 3906 1317 3961 urbibus
1350 3908 1548 3976 partim
1570 3909 1645 3973 vi,
1680 3909 1879 3978 partim
1917 3909 2075 3965 dedi-

502 4008 651 4050 tione
708 3996 972 4061 subactis,
1021 3998 1089 4054 ad
1138 3999 1396 4070 Liparum
1437 3998 1808 4069 proﬁciscitur
1855 4020 1869 4055 :
1908 4018 2073 4072 qualn

500 4102 624 4141 cum
669 4086 943 4145 Hamilcar
989 4091 1131 4145 clam
1176 4102 1343 4147 noctu
1369 4102 1715 4161 occupasset,
1745 4093 1929 4148 subita
1950 4110 2078 4148 eru-

502 4181 690 4250 ptione
734 4184 900 4245 facta,
932 4185 1135 4239 multos
1164 4186 1397 4239 caecidit.
1432 4184 1599 4240 Caius
1631 4201 1763 4240 vero
1810 4186 2079 4255 Sulpitius

503 4287 614 4325 non
640 4274 804 4326 modo
835 4274 1100 4331 Sardiuize
1152 4280 1413 4345 pleraque
1447 4277 1567 4331 loca
1618 4276 1904 4331 infestavit
1934 4294 1949 4332 :
1978 4278 2076 4333 sed

500 4365 850 4418 successibus
890 4366 1086 4431 elatus,
1132 4367 1298 4420 etiam
1331 4378 1523 4421 contra
1569 4368 1795 4438 Libyam
1851 4370 1958 4425 iter
1988 4373 2075 4427 in-

504 4455 702 4509 tendit.
768 4455 845 4509 Ac
877 4454 1360 4527 Carthaginienses
1414 4474 1539 4513 cum
1592 4458 1863 4516 Annibale
1898 4463 2078 4518 solve~

506 4555 653 4606 runt.
684 4548 872 4616 patrias
902 4557 1208 4604 metuentes
1235 4567 1247 4603 :
1275 4549 1369 4605 sed
1395 4560 1560 4606 vento
1585 4551 1816 4607 adverso
1847 4556 2075 4624 repulsi,

502 4640 665 4695 ambo
694 4650 1059 4698 recesserunt.
1086 4670 1092 4675 -
1116 4642 1328 4699 Deinde
1372 4644 1597 4700 Attilius
1629 4646 1954 4700 Annibalem
1981 4663 2078 4716 per

503 4732 838 4789 subornatos
862 4734 1190 4806 transfugas,
1229 4744 1485 4806 tanquam
1526 4737 1710 4792 denuo
1750 4738 1803 4792 in
1834 4738 2074 4797 Africam

504 4826 876 4896 navigaturus.
915 4827 1151 4899 decepit.
1187 4828 1324 4884 Cum
1353 4829 1523 4900 igitur
1549 4831 1807 4887 celeriter
1838 4847 1870 4886 e
1904 4840 2069 4902 portu

502 4917 774 4983 solvisset,
802 4919 1070 4990 Sulpilius
1094 4932 1286 4975 contra
1307 4937 1434 4976 eum
1466 4924 1740 4987 invectus,
1778 4924 2073 4995 plerasque

501 5024 671 5066 naves
711 5011 852 5081 ejus.
903 5028 1015 5082 pra:
1051 5014 1282 5083 caligine
1325 5013 1420 5068 diu
1474 5014 1790 5085 ignorantes
1821 5017 1951 5087 quid
1995 5016 2074 5072 rei

2181 3906 2387 3976 μάτων,
2410 3907 2489 3973 ὡς
2532 3909 2830 3982 τεθνηκὼς,
2865 3909 2998 3964 ἔνθα
3060 3909 3201 3974 ζωὸς
3247 3908 3496 3977 εὑρεθεὶς
3545 3907 3721 3973 ἐσώθη.

2189 4000 2283 4053 Ἐν
2385 4001 2431 4055 δ’
2452 4002 2502 4055 οἱ
2555 4002 2861 4072 τριακόσιοι
2900 4001 3191 4071 ὶμὰχοντο,
3222 4003 3252 4054 6
3288 4000 3494 4065 ὕπατος
3528 3998 3720 4071 ἀπεχώ-

2181 4108 2335 4161 ρησε.
2382 4093 2674 4162 Διαφυγὼν
2719 4094 2766 4147 δ’
2794 4092 2991 4157 οὕτως,
3024 4093 3123 4163 τήν
3169 4108 3230 4145 τε
3276 4094 3593 4163 Καμαρῐναν
3642 4090 3721 4144 καί

2177 4183 2344 4246 ἄλλας
2393 4184 2579 4246 πόλεις
2625 4185 2726 4248 τὰς
2762 4184 2863 4254 μὲν
2929 4183 3041 4255 βίᾳ,
3102 4183 3201 4247 τὰς
3249 4182 3309 4236 δὲ
3347 4182 3444 4239 καὶ
3492 4180 3722 4252 ὁμολογία

2184 4275 2584 4345 παρεστήσατο.
2633 4274 2915 4329 Ἐντεῦθεν
2958 4275 3052 4328 ἐπὶ
3079 4274 3177 4345 τὴν
3208 4274 3467 4346 Λιπάραν
3494 4273 3721 4345 ὥρμησεν

2177 4368 2207 4420 6
2254 4367 2536 4431 ’Δττίλιος.
2582 4368 2796 4430 Νυκτὸς
2842 4367 2904 4420 δὲ
2945 4368 3126 4422 λαθὼν
3168 4368 3542 4438 προκατέσχεν
3578 4365 3721 4433 αἰτὴν

2176 4460 2205 4512 6
2273 4459 2539 4529 Ἀμίλκας
2572 4476 2587 4493 ⁸
2640 4460 2740 4515 καὶ
2797 4459 3108 4523 ιπεξελθὼν
3161 4459 3476 4527 αἰφνιδίως,
3523 4457 3719 4518 πολλοὺς

2177 4552 2475 4623 διέφθειρε.
2515 4552 2677 4614 Γάῖος
2727 4552 2786 4606 δὲ
2830 4552 3156 4615 Σουλπίκιος
3186 4552 3286 4621 τῆς
3325 4569 3385 4605 τε
3426 4550 3644 4624 Σαρδοῦς
3664 4549 3717 4601 τὰ

2179 4645 2409 4700 πλεῖστα
2457 4644 2788 4715 κατέδραμε,
2838 4644 2936 4697 καὶ
2990 4644 3413 4715 ὑπερφρονήσας
3451 4646 3516 4697 ὲκ
3538 4641 3719 4702 τούτου,

2179 4735 2441 4807 ὥρμησεν
2481 4735 2576 4789 ἐπὶ
2621 4735 2722 4806 τὴν
2776 4734 3004 4805 Διϐύην.
3039 4736 3150 4789 Καί
3196 4734 3427 4806 ἀπῆραν
3460 4733 3555 4805 μὶν
3582 4734 3664 4787 καὶ
3681 4730 3722 4783 oi

2181 4829 2544 4900 Καρχηδόνιοι
2587 4830 2686 4882 σὺν
2713 4826 2792 4899 τῷ
2836 4827 3079 4899 Ἀννίϐᾳ,
3104 4827 3235 4899 περὶ
3274 4830 3389 4891 τοῖς
3428 4828 3565 4881 οίκοι
3602 4823 3725 4879 δεδό-

2177 4938 2292 4986 τες.
2338 4921 2827 4984 ’Δντιπνεύσαντος
2854 4920 2913 4973 δὲ
2967 4919 3284 4990 πνεύματος
3340 4919 3554 4989 σφίσιν,
3585 4918 3726 4988 ἄμφω

2179 5013 2564 5085 ὑπεχώρησαν.
2616 5015 2731 5067 Καὶ
2797 5012 2937 5083 μετά
2973 5013 3147 5067 ταῦτα
3199 5011 3404 5082 ἔσφηλε
3457 5012 3545 5065 διά
3586 5025 3725 5064 τινων

500 5114 671 5163 esset.
713 5118 779 5158 ac
827 5105 1098 5169 turbatas,
1141 5105 1405 5161 demersit
1449 5125 1463 5162 :
1511 5108 1739 5178 reliquae
1769 5110 1834 5162 ad
1867 5119 2069 5163 terram

2179 5106 2624 5176 ψευδαυτομύλων
2666 5106 2759 5159 τὸν
2800 5105 3049 5160 Ἀννίϐαν
3076 5108 3106 5158 6
3144 5104 3433 5169 Ἀττίλιος,
3464 5105 3538 5167 ὡς
3564 5104 3617 5165 ἐς
3641 5101 3725 5167 τὴν

501 5196 883 5268 profugerunt,
903 5205 1067 5266 atque
1092 5198 1283 5252 inanes
1303 5206 1476 5267 captae
1499 5207 1649 5253 sunt.
1679 5200 1812 5254 Nam
1836 5200 2071 5254 Annibal

503 5305 626 5346 cum
664 5300 881 5360 portum
933 5304 1043 5344 non
1102 5299 1280 5344 tutum
1316 5306 1436 5345 esse
1466 5290 1699 5352 videret,
1738 5291 1806 5345 iis
1846 5291 2073 5353 relictis,

502 5383 558 5438 in
605 5381 796 5438 urbem
848 5380 1041 5437 Sulcos
1074 5397 1135 5437 se
1170 5382 1402 5437 contulit
1445 5400 1458 5436 :
1493 5381 1678 5459 ibique
1716 5391 1835 5436 orta
1883 5391 2076 5435 contra

502 5488 625 5529 cum
667 5473 936 5529 seditione
964 5472 1520 5544 Carthaginiensium,
1554 5487 1679 5525 cum
1705 5473 1857 5525 solus
1885 5472 1950 5524 ad
1981 5486 2079 5525 eos

505 5567 820 5636 prodiisset,
856 5566 1043 5636 periit.
1072 5566 1152 5621 Ex
1178 5579 1247 5621 eo
1275 5575 1522 5635 tempore
1556 5565 1787 5620 Romani
1824 5564 2078 5619 securius

506 5676 668 5731 agros
710 5660 1055 5731 populantes,
1103 5659 1170 5714 ab
1206 5657 1471 5713 Hannone
1518 5656 1647 5711 victi
1676 5665 1822 5711 sunt.
1861 5656 1987 5711 l‘lmc
2010 5671 2079 5711 eo

506 5768 652 5806 anno
702 5763 849 5823 gesta
894 5760 1025 5808 sunt
1061 5770 1075 5807 :
1114 5760 1170 5807 et
1218 5750 1567 5806 continenter
1604 5749 1814 5820 lapides
1845 5748 1914 5803 de
1936 5749 2078 5803 coelo

512 5841 673 5899 simul
709 5844 915 5916 plures,
955 5843 1237 5916 grandinis
1281 5842 1699 5912 instarhlloma:
1733 5840 2078 5897 deciderunt.

2181 5198 2390 5269 Λιϐύην
2458 5196 2617 5257 αὖθις
2668 5198 3061 5269 πλευσόμενος.
3091 5196 3303 5269 Σπουδῇ
3352 5213 3413 5250 τε
3462 5192 3554 5251 οῦν
3597 5190 3724 5260 αὐτῷ

2183 5290 2533 5363 ὲξαναχθέντι
2597 5290 2935 5353 ἐπιπλεύσας
2992 5291 3022 5344 6
3089 5290 3439 5355 Σουλπίκιος,
3500 5290 3598 5351 τὰς
3640 5284 3739 5355 μὲν·

2182 5381 2407 5444 πλείους
2440 5379 2552 5435 τῶν
2598 5381 2735 5436 νεῶν
2761 5380 3064 5449 ἀγνοούσας
3096 5380 3203 5435 ὑπὸ
3231 5380 3465 5453 ὁμίχλης
3492 5380 3581 5434 ἐπὶ
3608 5376 3719 5430 πολὺ

2180 5476 2244 5527 τδ
2275 5476 2585 5545 γινόμενον,
2634 5475 2731 5528 καὶ
2780 5474 3193 5545 ταραττομένοις
3246 5473 3530 5529 κατέδυσε·
3556 5471 3643 5533 τὰς
3671 5468 3716 5518 δὲ

2181 5562 2374 5624 inuria;
2417 5560 2838 5631 καταφυγοῦσας
2881 5563 2939 5625 ἐς
2982 5565 3086 5632 τὴν
3122 5563 3230 5631 γῆν
3274 5565 3438 5625 κενὰς
3486 5555 3636 5614 εἶλεν.
3670 5555 3716 5604 '0

2183 5653 2292 5725 γὰρ
2332 5652 2600 5717 ’Ᾱννίσαςι
2651 5654 2753 5706 οὐκ
2783 5653 3003 5723 ἀσφαλῆ
3031 5654 3124 5707 τὸν
3177 5654 3370 5725 λιμένα
3399 5654 3553 5725 δρῶν,
3582 5663 3714 5702 καταο

2182 5744 2355 5799 λιπὼν
2398 5745 2567 5808 αὐτὰς
2605 5745 2959 5817 ἀνεχώρησεν
3001 5747 3082 5809 είς
3120 5746 3275 5800 πολιν
3314 5738 3693 5833 Σουλκούς..”ίςῖγ

2185 5838 2252 5892 θα
2294 5837 2708 5895 στασιασάντων
2740 5836 2876 5908 πρὸς
2911 5837 3075 5891 αὐτὸν
3115 5836 3521 5909 Καρχηδονίων,
3549 5827 3702 5901 προῆλ-
