3862 6542
115 398 206 460 673

1350 406 1756 470 ANNALIUM
1786 410 1934 474 LIB.
1970 411 2135 473 VIII.

3250 422 3359 486 671

116 510 199 559 καὶ
239 505 402 561 πλέον
431 508 520 562 ὅτι
554 507 678 573 τοὺς
717 510 1133 583 Καρχηδονίους
1168 514 1263 568 ἐπὶ
1301 515 1402 585 τὴν
1445 516 1665 589 Ῥώμην

1773 520 1945 586 anxit,
1978 522 2127 591 quod
2162 521 2648 594 Carthaginienses
2672 525 2738 580 ad
2775 525 2949 597 ipsam
2978 528 3169 585 urbem
3205 534 3357 586 navi—

114 597 264 667 αύτὴν
303 599 653 669 προσεδόκων
695 603 1183 659 ἁποπλευαεῖσθαι.
1211 606 1309 659 Διὰ
1335 606 1514 660 ταῦτα
1562 610 1664 678 τήν

110 708 160 743 τε
197 689 426 742 Ἰταλίαν
467 694 528 745 ἐν
560 694 778 765 φυλακῇ
813 696 1165 768 ἐποιήσαντο,
1201 699 1297 751 καὶ
1324 700 1419 753 ἐπὶ
1448 702 1577 759 τοὺς
1610 703 1668 753 ἐν

112 782 312 856 Σικελίᾳ
334 786 400 854 τῇ
458 801 521 837 τε
547 786 722 858 Λιϐύῃ
757 787 917 852 ὄντας
961 789 1269 859 Ῥωμαίους
1306 792 1510 863 σπουδῇ
1543 792 1671 852 τοὺς

111 873 332 934 animo;
383 874 666 945 ἔπεμψαν,
698 879 927 948 Μάρκον
983 881 1234 950 Αἰμίλιον
1269 883 1364 936 καὶ
1411 882 1671 935 Φούλϐιον

109 963 397 1018 Πλαίτινον.
438 965 508 1018 Ol
538 969 595 1032 ἐς
630 967 881 1023 Σικελίαν
908 970 1267 1038 πλεύσαντες,
1302 974 1398 1028 καὶ
1428 975 1672 1044 φρουρή-

109 1070 277 1113 sane;
314 1055 386 1108 τὰ
416 1057 560 1122 ἐκεῖ,
597 1060 736 1131 πρὸς
760 1062 970 1133 Λιϐύην
1004 1063 1368 1136 ὡρμήκεσαν.
1404 1068 1514 1120 Καὶ
1550 1086 1668 1138 χει-

108 1145 229 1217 μῶνι
289 1144 642 1216 ληφθέντες,
718 1156 1137 1225 κατηνέχθησαν
1191 1159 1248 1221 ἐς
1328 1157 1669 1230 Κόρσουραν.

111 1236 478 1308 Πορθήσαντες
511 1241 569 1293 δὲ
592 1246 693 1315 τὴν
718 1245 905 1314 νῆσον,
951 1247 1045 1300 καὶ
1069 1252 1285 1321 φρουρᾷ
1312 1250 1668 1320 παραδόντες,

106 1329 278 1382 ἔπλεον
324 1327 515 1394 αὖθις.
551 1334 671 1387 Κάν
718 1336 898 1409 τούτῳ
945 1342 1141 1410 ισχυρὰ
1191 1340 1475 1413 ναυμαχία
1535 1344 1670 1415 πρὸς

109 1421 504 1493 Καρχηδονίους
581 1427 817 1496 ἐγίνετο.
896 1430 1263 1500 Ἠγωνίζοντο
1300 1435 1410 1503 γὰρ
1466 1437 1516 1488 oi.
1573 1435 1671 1506 μὲν

109 1521 369 1586 παντελῶς
417 1523 551 1586 τοὺς
587 1524 897 1594 Ῥωμαίους
922 1530 986 1581 ἐκ
1025 1530 1124 1597 τῆς
1144 1530 1352 1593 οἰκείας
1388 1531 1664 1586 ἐκϐαλεῖν*

118 1615 365 1684 Ῥωμαῖοι
415 1615 476 1668 δὲ
516 1616 643 1679 τοὺς
703 1619 1245 1691 ἐγκαταλειφθέντας
1294 1623 1445 1692 σφῶν
1509 1626 1567 1676 ἐν
1601 1627 1668 1697 τῇ

109 1707 325 1778 πολεμίᾳ.
348 1707 773 1764 ἀνασώσασθαι.
833 1712 1207 1783 ’Δγχωμάλως
1234 1714 1291 1768 δὲ
1321 1716 1665 1786 μαχομένων,

107 1801 148 1851 ol
174 1799 229 1852 ἐν
270 1801 339 1866 τῇ
409 1800 632 1854 Ἀσπίδι
689 1801 842 1866 ὄντες
884 1802 1148 1874 Ῥωμαῖοι
1181 1809 1323 1861 κατὰ
1354 1810 1523 1861 νώτου
1557 1811 1696 1872 τοῖς

108 1891 484 1962 Καρχηδονίοις
537 1894 803 1964 ἐξαίφνης
853 1869 1222 1950 ἐπέπλευσαν·
1282 1900 1377 1951 καὶ
1431 1869 1669 1969 ἀμφιεόξ
1708 1869 1748 1921 Β

106 1982 212 2041 ius;
247 1979 449 2044 αὐτοὺς
468 1982 894 2049 καταλαϐόντες,
915 1985 1198 2057 ἐνίκησαν.
1234 1988 1343 2040 Καὶ
1366 1988 1672 2057 μετὰτοῦτο

107 2069 279 2139 καὶτῷ
317 2072 479 2141 πεζῴ
523 2072 786 2143 Ῥωμαῖοι
833 2076 1166 2145 ἐκράτησαν,
1216 2077 1313 2130 καὶ
1343 2073 1487 2131 εἷλον
1538 2080 1669 2134 πολ-

112 2162 234 2223 λοὺς.
268 2160 357 2225 οὓς
392 2162 491 2216 διὰ
545 2164 640 2216 τὸν
676 2165 967 2235 Ῥηγουλον
1030 2168 1125 2220 καὶ⁵
1162 2169 1289 2233 τοὺς
1347 2171 1466 2241 μετ’
1502 2170 1668 2225 αὑτοῦ

108 2253 309 2317 ἁλόντας
338 2255 785 2327 περιεσώσαντο.
829 2258 1115 2330 Ἀρπαγὰς
1153 2260 1210 2314 δέ
1252 2280 1403 2328 τινας
1439 2264 1669 2333 ποιησά-

114 2362 264 2411 μενοι,
303 2347 362 2408 ἐς
418 2347 673 2400 Σικελίαν
714 2349 929 2406 ἔπλεον.
955 2351 1198 2421 Χειμῶνι
1232 2350 1289 2405 δὲ
1341 2354 1664 2423 περιπεσόν-

112 2452 202 2499 τες,
240 2438 334 2488 καὶ
367 2438 605 2503 πολλοὺς
638 2441 1023 2507 ἀποϐαλόντες,
1051 2445 1190 2497 οίκοι
1221 2446 1338 2507 ταῖς
1366 2445 1524 2498 ναυσί¹
1550 2448 1671 2509 ταῖς

114 2528 520 2595 περισωθείσαις
559 2531 931 2588 ἀπέπλευσαν.
970 2535 1031 2587 Ol
1068 2534 1123 2586 δὲ
1171 2536 1532 2607 Καρχηδόνιοι
1576 2540 1671 2590 καὶ

113 2619 194 2686 τὴν
223 2621 551 2691 Κόρσουραν
597 2624 811 2690 ἔλαϐον,
868 2627 963 2678 καὶ
1003 2628 1059 2689 ἐς
1095 2628 1347 2680 Σικελίαν
1395 2628 1669 2699 ἐπεραιώ-

114 2710 279 2779 οησαν.
306 2714 424 2766 Καὶ
451 2717 500 2766 εί
534 2714 608 2784 μὴ
640 2716 729 2767 τὸν
757 2717 1089 2771 Κολλατῖνον
1108 2720 1202 2772 καὶ
1231 2719 1425 2772 Γναῖον
1453 2721 1669 2791 Κορνή-

115 2802 211 2853 λιον
266 2804 480 2872 ἔμαθον
533 2806 714 2878 πολλῷ
753 2810 1158 2878 προσπλέοντας
1191 2812 1450 2882 ναυτικῷ,
1492 2815 1668 2865 πᾶσαν

120 2896 173 2946 ἂν
217 2898 383 2966 αὐτὴν
441 2898 830 2969 ἐχειρώσαντο.
858 2902 920 2953 Οἱ
956 2903 1065 2971 γὰρ
1101 2901 1361 2971 Ῥωμαῖοι
1418 2905 1669 2957 ναυτικόν

120 3000 168 3036 τε
212 2988 438 3054 ἄριστον
504 2990 717 3058 ταχέως
779 2991 1109 3062 ἐξήρτυσαν,
1178 2995 1273 3048 καὶ
1334 2997 1669 3065 καταλόγους

121 3078 410 3144 βελτίστους
471 3084 897 3152 ἐπεποιήκεσαν.
928 3087 1038 3141 Καὶ
1072 3086 1244 3151 οὕτως
1290 3088 1666 3161 ἐρρώσθησαν,

121 3167 240 3222 ὣστε
266 3173 443 3243 τρίτῳ
475 3177 703 3276 μηνὶθές
738 3176 839 3247 τὴν
873 3179 1125 3233 Σικελίαν
1160 3182 1496 3236 ἐπανελθεῖν.
1537 3185 1669 3236 Πεν-
1698 3218 1740 3276 c

123 3264 451 3317 τακοσιοστὺν
516 3265 561 3319 δ’
609 3261 677 3337 ἦν
710 3266 850 3334 ἔτος,
881 3270 974 3340 ἀφ’
1002 3265 1175 3342 οὗπερ
1204 3275 1235 3341 ἡ
1275 3274 1463 3344 Ῥώμη
1515 3276 1668 3327 συνέ-

121 3368 221 3422 στη.
272 3356 386 3409 Kal
446 3358 549 3430 τὴν
613 3360 712 3427 μὲν
775 3361 926 3415 κάτω
1001 3363 1096 3416 τοῦ
1163 3366 1451 3436 Πανόρμου
1514 3367 1667 3420 πόλιν

120 3443 169 3494 οὐ
220 3448 476 3515 χαλεπῶς
533 3443 722 3517 εἷλον,
770 3454 837 3523 τῇ
896 3452 951 3505 δὲ
1012 3455 1159 3526 ἄκρᾳ
1214 3457 1667 3527 προσεδρεύοντες

122 3537 568 3609 ἐκακοπάθησαν,
624 3544 823 3613 μέχρις
879 3538 941 3596 οὗ
1006 3546 1137 3609 τοὺς
1198 3548 1256 3600 ἐν
1325 3549 1464 3619 αύτῇ
1538 3551 1667 3603 ἐπέ-

120 3624 252 3679 λιπεν
319 3632 356 3699 ἡ
425 3632 631 3704 τροφή.
695 3633 831 3686 Τότε
898 3636 1009 3706 γὰρ
1059 3638 1497 3709 προσεχώρησαν
1554 3643 1666 3704 τοῖς

123 3718 342 3783 ὑπάτοις.
393 3723 456 3775 Οἱ
517 3722 573 3775 δὲ
615 3723 974 3796 Καρχηδόνιοι
1019 3728 1118 3791 τὰς
1164 3729 1297 3794 ναῦς
1358 3732 1537 3785 αὐτῶν
1592 3734 1669 3787 οἴ-

123 3810 229 3862 καδε
280 3812 556 3878 πλεούσας
611 3819 976 3888 τηρήσαντες,
1022 3817 1164 3876 εἷλον
1200 3826 1402 3895 συχνὰς
1447 3828 1666 3899 χρημά-

122 3920 207 3958 των
233 3912 454 3977 μεστάς.
504 3908 636 3967 Εἶτα
675 3915 982 3985 Σερουΐλιός
1013 3934 1072 3970 τε
1103 3920 1356 3972 Καιπίων
1386 3921 1480 3974 καὶ¹
1510 3921 1667 3985 Γαῖος

123 3996 447 4071 Σεμπρώνιος
472 4002 692 4072 ὕπατοι,
722 4006 818 4059 τοῦ
848 4007 949 4078 μὲν
978 4009 1268 4065 Λιλυϐαίου
1301 4015 1667 4081 πειράσαντες

124 4088 575 4163 ἀπεκρούσθησαν,
627 4095 687 4158 ἐς
745 4095 802 4148 δὲ
832 4096 932 4167 τὴν
964 4099 1171 4169 Λιϐύην
1225 4101 1663 4172 ἐπεραιώθησαν,

128 4180 204 4233 καὶ
247 4182 344 4254 τὴν
418 4185 688 4255 παραλίαν
743 4188 1036 4259 ἐπόρθουν.
1111 4190 1202 4255 Ὠς
1258 4192 1303 4245 δ’
1350 4195 1668 4264 ἐκομίζοντο

128 4270 301 4335 οἶκαδε.
332 4278 561 4348 χειμῶνι
595 4279 848 4351 ἐνέτυχον
902 4285 998 4337 καὶ
1028 4282 1362 4355 ἐϐλάϐησαν.
1395 4287 1485 4339 Διὸ
1518 4287 1670 4358 νομί-

131 4378 208 4426 σας
232 4367 259 4418 ὁ
285 4367 454 4440 δῆμος
484 4370 543 4437 ἐξ
570 4371 828 4441 ἀπειρίας
874 4372 980 4426 τῶν
1010 4375 1281 4429 ναυτικῶν
1310 4375 1665 4445 βλάπτεσθαι,

129 4455 208 4525 τῆς
257 4461 353 4526 μέν
418 4461 583 4532 ἄλλης
634 4462 912 4534 θαλάσσης
959 4465 1258 4536 ἀπέχεσθαι
1311 4468 1664 4539 ἐψηφίσαντο,

1779 623 1907 682 gatu
1920 629 2010 667 ros
2030 614 2465 668 arbitrabantur.
2495 615 2590 670 llis
2613 617 2680 672 de
2707 621 2891 673 causis
2911 630 2967 674 et
2988 620 3198 676 Italiam
3218 639 3357 692 pras-

1775 703 1932 759 sidiis
1968 708 2320 766 munierunt.
2347 715 2403 761 et
2446 711 2701 765 consules
2733 710 2799 765 Μ.
2834 710 3116 766 ᾹΞιιιίΙίιιιιι
3144 724 3199 767 et
3226 716 3356 771 Ful-

1776 793 1922 846 vium
1942 794 2229 849 Plaatinum
2263 796 2329 851 ad
2352 797 2649 862 Romanos;
2676 803 2767 870 qui
2804 802 2858 857 in
2882 803 3069 857 Sicilia
3100 815 3153 859 et
3182 806 3354 878 Libia

1775 898 1952 949 erant,
1988 888 2243 943 celeriter
2291 891 2578 947 miserunt.
2632 892 2891 960 Quicum
2935 895 3124 952 Sicilia
3169 902 3356 969 praesi-

1774 977 1882 1033 diis
1941 978 2188 1048 lirntata,
2242 982 2297 1037 in
2326 984 2566 1039 Africam
2613 986 2970 1057 navigarent,
3030 998 3354 1061 tempestate

1774 1070 1840 1124 ad
1892 1072 2182 1127 Corsuram
2232 1074 2420 1141 delati,
2457 1086 2661 1132 vastata
2701 1078 2878 1133 insula
2910 1118 2925 1144 ,
2982 1090 3037 1134 et
3084 1082 3355 1151 praesidiis

1777 1160 2012 1221 munita.
2043 1173 2424 1230 perrexerunt.
2452 1165 2664 1219 Actum
2703 1184 2829 1223 acre
2860 1169 3106 1239 praelium
3137 1173 3192 1226 in
3216 1174 3353 1227 mari

1775 1254 2125 1308 commissum
2182 1264 2266 1310 est
2307 1271 2431 1310 cum
2481 1257 3053 1329 Carthaginiensibus.
3098 1262 3163 1318 Hi
3203 1264 3351 1318 enim

1777 1344 2196 1408 annitebantur,
2251 1355 2312 1400 ut
2369 1347 2643 1403 Romanos
2673 1365 2704 1404 e
2734 1366 2831 1407 sua
2877 1351 3085 1409 ditione
3130 1356 3352 1425 pcni:us

1775 1434 2045 1504 ejicerent
2072 1453 2085 1490 :
2115 1435 2346 1511 Romani
2396 1453 2526 1492 vero
2549 1481 2565 1505 ,
2609 1450 2669 1493 ut
2705 1456 2836 1496 suos
2875 1458 2943 1496 ex
2979 1443 3166 1499 bostili
3204 1454 3353 1503 terra

1775 1537 2189 1596 recuperarent.
2218 1528 2463 1599 Ancipiti
2498 1547 2693 1602 pugnae
2723 1544 2946 1601 eventu,
2983 1537 3215 1593 Romani
3252 1539 3351 1609 qui

1774 1615 1976 1687 Aspide
2006 1628 2184 1684 erant,
2219 1637 2248 1675 a
2277 1629 2428 1690 tergo
2454 1620 2940 1694 Carthaginienses
2961 1642 3028 1680 ex
3054 1626 3352 1696 improviso

1774 1711 1975 1772 adorti.
2026 1712 2286 1782 utrinque
2345 1713 2756 1769 circumventos
2805 1716 3076 1771 vicerunt.
3143 1719 3350 1775 Deinde

1777 1800 2030 1866 Romani,
2080 1804 2247 1858 etiam
2275 1803 2518 1874 pedestri
2561 1806 2749 1874 praelia
2789 1807 3045 1867 victores.
3079 1819 3349 1878 ceperunt

1779 1896 1979 1948 multos
2010 1938 2024 1961 ,
2076 1910 2215 1964 quos
2269 1906 2494 1967 propter
2556 1897 2825 1966 Regulum
2886 1906 2942 1953 et
2994 1901 3351 1969 coneapﬁvos

1777 1987 1896 2056 ejus
1933 1997 2373 2042 conservarunt:
2426 1989 2731 2058 abaetaque
2781 1992 2985 2059 praeda,
3020 1991 3072 2045 in
3106 1989 3350 2047 Siciliam

1778 2079 2084 2134 redierunt.
2114 2077 2219 2133 Sed
2258 2087 2581 2150 tempestate
2603 2066 2927 2144 conﬂictati,
2972 2082 3159 2137 multis
3183 2084 3349 2136 amis-

1777 2166 1874 2232 sis,
1927 2184 2051 2222 cum
2094 2168 2325 2238 reliquis
2358 2171 2588 2225 navibus
2613 2170 2835 2226 domum
2871 2172 3174 2228 redierunt.
3218 2172 3352 2229 Car-

1780 2260 2155 2331 thaginienses
2193 2270 2377 2316 autem
2411 2271 2467 2315 et
2496 2260 2792 2317 Corsuram
2826 2273 3173 2332 receperunt,
3206 2273 3262 2319 et
3294 2266 3350 2320 in

1778 2350 2021 2405 Siciliam
2110 2353 2470 2423 traiecerunt.
2552 2355 2629 2407 Ac
2685 2353 2794 2407 nisi
2876 2353 3205 2409 Collatinum
3291 2366 3347 2409 et
3450 2378 3455 2381 -

1774 2441 2004 2497 Cneium
2040 2441 2359 2498 Cornelium
2406 2459 2533 2498 cum
2591 2460 2782 2515 magna
2828 2444 3003 2499 classe
3044 2444 3345 2500 adventare

1776 2532 2182 2604 cognovissent,
2210 2550 2330 2589 eam
2358 2543 2526 2589 totam
2553 2535 2920 2605 subegissem.
2946 2536 3176 2590 Romani
3201 2538 3347 2590 enim

1775 2623 2037 2692 Optimam
2057 2623 2283 2678 classem
2299 2623 2588 2677 celerrime
2606 2632 3015 2693 compararunt,
3032 2624 3350 2680 etdelectus

1776 2715 2204 2769 fortissimorum
2237 2716 2483 2769 virorum
2517 2716 2830 2769 habuerunt
2862 2731 2877 2770 :
2910 2718 3094 2785 itaque
3145 2717 3347 2773 ﬁrmati

1777 2813 1925 2868 sunt,
1947 2815 2006 2859 ut
2033 2809 2195 2861 tertio
2219 2822 2405 2861 mense
2432 2806 2485 2860 in
2508 2805 2752 2862 Sicillam
2777 2806 3039 2862 redirent.
3063 2807 3118 2862 ιιι
3140 2809 3343 2863 factum

1776 2913 1923 2952 anno
1945 2900 2014 2952 ab
2058 2898 2200 2953 Urbe
2241 2897 2463 2952 condita
2485 2898 2948 2968 quingentesimo.
2978 2900 3056 2953 Ac
3090 2899 3347 2956 Panormi

1778 2990 1970 3044 urbem
2020 2990 2337 3047 inferiorem
2368 2991 2527 3045 facile
2548 3000 2819 3060 ceperunt
2860 3008 2875 3049 :
2932 2991 3026 3046 sed
3075 2991 3131 3045 in
3201 2997 3350 3049 arcis

1776 3082 2066 3137 obsidione
2119 3081 2541 3136 ditlicultatihus
2590 3080 2890 3137 conﬂictati
2938 3092 3066 3138 sunt
3107 3101 3123 3141 :
3171 3084 3349 3141 donec

1776 3172 2103 3243 praesidiarii
2136 3182 2443 3227 commeatu
2462 3173 2734 3237 destituti,
2765 3174 3087 3229 consulibus
3105 3174 3347 3230 deditio-

1773 3280 1898 3319 nem
1928 3264 2088 3335 393
2120 3267 2386 3320 fecerunt.
2414 3262 2893 3335 Carthaginienses
2920 3274 3127 3327 autetn,
3160 3267 3351 3321 obser-

1774 3357 1913 3411 vatis
1942 3358 2176 3412 navibns
2203 3373 2393 3411 eorum
2433 3357 2658 3413 domum
2694 3358 2960 3413 redituris
2979 3397 2995 3423 ,
3026 3359 3226 3414 multas
3251 3377 3344 3431 pe-

1774 3449 1952 3504 cunia:
1979 3450 2168 3519 plenas
2205 3460 2493 3520 ceperunt.
2534 3450 2739 3505 Deinde
2775 3449 3042 3506 Servilius
3075 3450 3259 3522 Cmpio
3292 3464 3347 3505 et

1772 3540 1837 3596 C.
1887 3540 2249 3611 Sempronius
2303 3556 2447 3596 coss.
2494 3540 2733 3612 Lilybam
2778 3541 2982 3597 frustra
3017 3553 3244 3606 tentato,
3292 3543 3346 3598 in

1771 3633 2009 3688 Africam
2051 3633 2371 3697 transvecti,
2417 3648 2567 3687 oram
2599 3633 2930 3688 maritimam
2962 3633 3294 3690 infestarunt
3326 3652 3343 3690 :

1774 3725 1831 3778 iu
1884 3726 2064 3779 reditu
2123 3724 2531 3779 incommodum
2571 3741 2636 3779 ex
2685 3734 3011 3796 tempestate
3052 3738 3342 3796 ceperunt.

1772 3814 1962 3883 Itaque
2012 3814 2249 3884 populus
2273 3815 2597 3870 existimans
2629 3815 2963 3870 detrimenta
3016 3817 3105 3870 illa
3149 3833 3215 3871 ex
3263 3818 3344 3870 rei

1773 3906 1983 3960 navalis
2023 3906 2300 3975 imperitia
2346 3906 2489 3977 capi.
2523 3908 2736 3977 reliquo
2776 3908 2913 3962 mari
2944 3907 3251 3970 abstinere,
3288 3919 3345 3962 et

1772 3999 1981 4054 Italiam
2013 3999 2278 4054 duntaxat
2307 4000 2498 4069 paucis
2519 4001 2661 4054 tueri
2689 4001 2923 4054 navibus
2953 4001 3341 4057 decreverunt.

1772 4091 1931 4146 Anno
1979 4092 2253 4162 sequenti,
2286 4091 2348 4147 P.
2382 4090 2551 4147 Caius
2582 4101 2637 4145 et
2681 4092 2938 4147 Aurelius
2986 4091 3251 4146 Servilius
3285 4093 3341 4147 in

1774 4183 2016 4239 Siciliam
2052 4184 2302 4254 profecti,
2332 4199 2456 4239 cum
2489 4182 2593 4237 alia
2619 4184 2761 4248 loca,
2791 4192 2905 4238 tum
2936 4181 3213 4238 Himeram
3247 4198 3342 4237 ce-

1772 4287 1995 4348 perunt,
2029 4276 2125 4332 sed
2155 4292 2379 4331 vacuam
2424 4276 2657 4337 civibus,
2683 4290 2820 4345 quos
2862 4267 3344 4345 Carthaginienses

1775 4379 1938 4425 noctu
1971 4378 2340 4440 asportarant.
2376 4369 2500 4424 Post
2534 4370 2649 4423 hazc
2683 4368 2966 4433 Aurelius,
2995 4367 3225 4422 navibus
3270 4367 3339 4420 ab

1773 4458 2010 4514 llierone
2040 4460 2299 4528 acceptis,
2321 4467 2376 4513 et
2402 4458 2663 4514 Romanis
2689 4459 2946 4513 omnibus
2967 4457 3060 4527 qui
3085 4457 3141 4510 in
3167 4457 3345 4511 insula

128 4548 262 4600 ναυσὶ
300 4550 343 4602 δ’
365 4550 579 4622 ὀλίγαις
609 4551 708 4622 τὴν
747 4553 974 4606 Ἰταλίαν
1010 4559 1268 4626 φρουρεῖν
1320 4558 1665 4627 παρεσκεύα-

1774 4564 1932 4608 erant
1963 4552 2281 4621 assumptis,
2310 4551 2566 4620 Liparam
2605 4551 2822 4621 trajecit
2854 4568 2868 4603 :
2901 4551 3088 4620 ibique
3113 4550 3176 4616 Q.
3210 4550 3346 4604 Cas.

130 4632 222 4695 ζον.
271 4639 361 4711 Τῷ
410 4641 456 4694 δ’
493 4642 868 4715 ἐπιγενομένῳ
900 4644 1008 4697 ἔτει
1061 4646 1331 4710 Πούπλιος
1361 4647 1523 4712 Γάϊος
1577 4649 1672 4701 καὶ

130 4727 367 4801 Αὐρήλιος
417 4733 724 4804 Σερουΐλιος
765 4736 823 4797 ἐς
870 4736 972 4806 τὴν
1030 4737 1276 4790 Σικελίαν
1329 4734 1514 4810 ἦλθον,
1576 4739 1671 4792 καὶ

130 4818 242 4876 ἄλλα
262 4825 319 4877 τὲ
348 4841 474 4879 τινα
507 4824 973 4897 κατεστρέψαντο,
1005 4830 1102 4880 καὶ
1143 4828 1365 4897 Ἱμέραν
1394 4846 1407 4860 ·
1440 4830 1499 4883 ού
1537 4832 1669 4900 μέν·

129 4927 194 4965 τοι
214 4916 326 4969 τινα
366 4916 628 4988 συνέσχον
658 4919 767 4971 τῶν
802 4920 860 4971 ἐν
890 4919 1028 4989 αὐτῇ
1056 4934 1071 4948 ⁸
1106 4919 1303 4983 νυκτὸς
1330 4922 1438 4994 γὰρ
1470 4922 1671 4983 αὐτοὺς

130 5004 169 5055 οἱ
189 5006 534 5079 Καρχηδόνιοι
562 5009 912 5079 ἐξεκόμισαν.
946 5009 1102 5064 Μετὰ
1131 5011 1188 5063 δέ
1220 5011 1377 5064 τοῦτο
1401 5012 1671 5084 Αὐρήλιος

130 5095 236 5160 ναῦς
261 5115 317 5151 τε
349 5103 501 5170 παρὰ
542 5100 788 5170 Ἱέρωνος
821 5099 1081 5171 εἰληφὼς.
1118 5103 1210 5155 καὶ
1241 5103 1357 5156 ὅσοι
1388 5104 1496 5157 τῶν
1531 5105 1668 5157 Ῥω·

135 5189 278 5253 μαίων
319 5185 456 5262 ἦσαν
497 5191 618 5245 ἐκεῖ
648 5191 1122 5262 συμπαραλαϐὼν,
1155 5192 1416 5247 ἔπλευσεν
1465 5195 1546 5259 είς
1572 5195 1670 5248 Δι-

135 5278 301 5348 πάραν,
357 5283 452 5337 καὶ
506 5284 565 5336 ἐν
618 5285 757 5355 αὐτῇ
810 5284 1091 5355 χιλίαρχον
1150 5286 1384 5339 Κυῖντον
1430 5286 1669 5340 Κάσσιον

134 5372 437 5437 καταλιπὼν,
502 5375 939 5446 προσεδρεύοντα
997 5376 1179 5447 μάχης
1238 5377 1392 5443 ἄνευ,
1454 5377 1669 5448 ἀπῆρεν

134 5461 304 5518 οἴκαδε.
333 5467 562 5529 Κύῖντος
588 5467 644 5518 δὲ
678 5467 753 5537 μὴ
781 5468 1074 5538 φροντίσας
1092 5468 1190 5538 τῆς
1221 5468 1465 5538 ἐντολῆςο
1499 5485 1668 5541 προσ·

138 5549 258 5619 ἔμιξε
296 5558 358 5626 τῇ
389 5556 567 5623 πόλει,
624 5560 718 5610 καὶ
766 5559 1321 5622 πολλοὺςὰπιϐαλεν.
1367 5559 1425 5613 ’0
1485 5562 1669 5628 μέντοι

138 5642 368 5715 Αὐρήλιος
400 5649 540 5717 μετὰ
581 5650 755 5703 ταῦτα
787 5651 1029 5713 ἐκείνους
1066 5648 1222 5713 ἐλὼν,
1275 5650 1482 5714 πάντας
1530 5652 1668 5705 ἀπέ-

138 5747 306 5804 κτεινε,
333 5742 427 5795 καλ⁵
457 5743 549 5795 τὸν
597 5743 835 5798 Κάσσιον
876 5746 973 5813 τῆς
1029 5744 1204 5814 ἀρχῆς
1250 5742 1476 5799 ἔπαυσε.
1516 5745 1671 5817 Καρ-

140 5824 338 5884 ϊτεόνιοι
377 5832 433 5884 is
486 5832 554 5885 τὰ
610 5832 837 5898 δόξαντα
889 5836 1002 5897 τοῖς
1048 5835 1343 5900 Ῥωμαίοις
1398 5835 1528 5904 περὶ
1576 5837 1668 5890 τοῦ

1770 4644 1855 4699 sio
1878 4642 2101 4696 tribuno
2131 4642 2367 4696 militum
2400 4641 2615 4703 relicto,
2647 4641 2740 4711 qui
2765 4656 2884 4696 eam
2902 4642 3022 4696 sine
3045 4656 3223 4711 pugna
3242 4642 3347 4696 ob-

1770 4734 1978 4789 sideret
2001 4735 2221 4788 domum
2256 4731 2455 4787 rediit:
2484 4731 2578 4787 sed
2601 4731 2836 4798 Quintus
2865 4731 3123 4785 mandato
3148 4746 3348 4787 consu-

1770 4826 1840 4883 lis
1877 4827 2157 4897 ncglecto,
2191 4824 2386 4880 urbem
2413 4839 2723 4895 aggressus,
2765 4824 2963 4877 multos
2991 4821 3192 4880 amisit.
3227 4823 3346 4889 Qua

1770 4919 1970 4975 deinde
1992 4918 2252 4973 Aurelius
2278 4925 2613 4986 expugnata,
2645 4928 2839 4969 omnes
2868 4915 3093 4978 occidit,
3128 4923 3185 4968 et
3215 4916 3348 4970 (las-

1769 5010 1851 5066 sio
1870 5009 2246 5080 magistratum
2268 5007 2603 5077 abrogravit.
2621 5006 3105 5078 Carthaginienses
3121 5006 3350 5063 decreto

1770 5102 2145 5159 Romanorum
2177 5100 2246 5155 de
2284 5113 2342 5153 re
2375 5098 2557 5154 navali
2589 5098 2832 5170 cognito,
2862 5098 3094 5154 classem
3120 5114 3220 5170 spe
3264 5110 3349 5154 tn-

1769 5191 1880 5247 tius
1914 5190 2113 5247 Sicilia:
2142 5189 2393 5262 potiundi
2442 5190 2727 5245 miserunt.
2757 5188 2834 5247 Ac
2855 5191 2985 5245 dum
3013 5190 3176 5246 ambo
3198 5205 3344 5249 coss.

1769 5284 2020 5343 Caecilius
2060 5282 2312 5339 Metellus
2356 5292 2413 5338 et
2454 5281 2515 5338 C.
2569 5281 2771 5337 Furius
2819 5282 3068 5341 aderant.
3114 5283 3344 5351 quieve-

1772 5384 1919 5432 runt.
1971 5373 2079 5431 Sed
2124 5388 2248 5430 cum
2285 5372 2485 5429 Furius
2528 5373 2756 5428 Romam
2812 5370 3090 5437 rediisset,
3126 5371 3344 5426 Metello

1770 5478 2106 5539 contempto,
2159 5467 2227 5523 ad
2269 5467 2604 5523 Panormum
2657 5476 3031 5523 accesserunt.
3068 5464 3342 5526 Metellus,

1772 5562 1985 5632 cognita
2036 5560 2449 5640 exploratorum
2490 5559 2805 5629 praesentia,
2852 5555 3113 5610 omnibus
3158 5553 3253 5622 qui
3285 5554 3341 5608 in

1773 5655 1909 5709 urbe
1975 5660 2136 5708 erant
2184 5651 2539 5715 convocatis,
2588 5666 2689 5720 pro
2734 5648 2999 5704 concinne
3044 5645 3239 5711 edixit,
3286 5656 3346 5699 ut

1771 5761 1890 5804 sese
1944 5746 2175 5800 invicem
2217 5743 2660 5814 prehensarent:
2714 5748 2770 5792 et
2814 5738 3067 5808 quemvis
3103 5736 3347 5805 rogando

1772 5840 1895 5908 quis
1951 5847 2115 5903 esset,
2166 5836 2410 5909 quidque
2466 5841 2673 5905 ageret,
2712 5833 2900 5886 hostes
2952 5828 3342 5900 deprehendit.
