3862 6560
506 450 617 511 675

1812 440 2072 507 JOANNl

2176 440 2499 505 ΖοΝΑιιΑι
3624 418 3734 508 '676

505 558 1059 633 Carthaginiensibus
1084 567 1269 614 autem
1295 557 1360 614 ad
1394 571 1632 629 pugnam
1660 570 1718 612 se
1734 557 2072 627 parantibus1

2188 553 2450 610 ναυτικοῦ
2510 551 2797 627 μαθόντες,
2837 551 3092 625 ἔπεμψαν
3141 553 3222 617 είς
3276 551 3547 622 Σικελίαν,
3579 558 3741 613 πᾶσαν

509 668 608 724 per
649 649 767 707 dies
793 650 1105 720 complures
1128 660 1275 705 metu
1309 649 1594 710 simulato,
1624 646 1830 712 effecit,
1861 656 1922 703 ut
1947 646 2077 703 elati

509 743 709 797 animis
767 742 1034 796 audacius
1086 740 1287 795 mmnia
1333 747 1735 811 oppugnarent.
1799 738 2079 811 Signoque

507 834 658 896 dato,
709 834 970 888 Romanis
1020 834 1204 887 subito
1252 834 1426 902 portis
1480 832 1739 888 omnibus
1789 847 2079 903 erumpere

505 925 690 996 jussis,
723 926 879 978 facile
901 924 1033 978 vicit
1056 925 1108 977 in
1136 924 1424 995 angustias
1447 924 1703 979 redactos
1736 942 1750 979 :
1781 925 1925 980 unde
1954 941 2078 979 cum

508 1016 741 1071 evadere
791 1032 901 1069 non
945 1024 1188 1084 possent,
1238 1017 1292 1070 in
1323 1025 1473 1070 tanta
1509 1026 1565 1073 et
1602 1017 1849 1072 virorum
1881 1029 1938 1073 et
1967 1019 2080 1075 ele-

516 1108 845 1175 phantorum
874 1107 1264 1177 mqltitudine,
1299 1107 1684 1164 turbabantur.
1730 1109 1836 1165 Sed
1870 1110 2078 1167 interea

505 1197 696 1251 classis
733 1198 937 1252 Punica
966 1199 1282 1270 appellens,
1311 1200 1464 1255 exitii
1496 1217 1662 1256 causa
1694 1201 1748 1256 in
1776 1203 1967 1273 primis
1999 1204 2079 1260 eis

506 1295 625 1349 fuit.
638 1295 771 1350 Nam
787 1295 915 1350 dum
937 1313 1105 1351 naves
1122 1299 1491 1353 conscendere
1507 1301 1867 1366 contendunt,
1880 1301 2077 1371 partim

502 1385 557 1439 in
592 1387 724 1441 mari
761 1385 1073 1456 perierunt,
1104 1388 1303 1457 partim
1340 1388 1410 1443 ab
1444 1389 1755 1459 elephantis
1777 1400 1833 1446 et
1864 1407 1985 1447 sese
2018 1401 2078 1448 et

501 1477 758 1533 homines
786 1478 1112 1550 urgentibus
1150 1480 1493 1545 conculcati,
1527 1481 1722 1551 partim
1757 1499 1787 1536 a
1818 1482 2078 1540 Romanis

500 1570 670 1624 occisi
717 1579 866 1624 sunt.
917 1568 1072 1641 Capti
1106 1571 1274 1625 etiam
1320 1572 1474 1626 multi
1505 1582 1559 1627 et
1592 1573 1695 1627 viri
1731 1584 1787 1629 et
1817 1574 2079 1645 elephan-

502 1668 585 1714 tes
618 1677 634 1715 :
678 1661 924 1731 quicum
968 1663 1260 1731 magistros
1303 1678 1435 1718 suos
1473 1679 1580 1718 non
1614 1664 1778 1737 394
1810 1665 2078 1723 habentes

501 1764 988 1822 exasperarentur,
1036 1753 1285 1810 Metellus
1317 1756 1580 1824 captivis.
1633 1756 1729 1827 qui
1769 1772 1866 1812 eos
1892 1758 2073 1829 cepis-

502 1854 648 1909 sent,
674 1847 904 1900 salutem
921 1855 977 1900 et
998 1846 1379 1916 impunitatem
1398 1848 1673 1917 praeconio
1691 1851 1932 1920 promitti
1952 1852 2073 1922 jus-

2182 643 2446 712 ύποτάξαι
2476 648 2599 701 τότε
2632 644 2969 712 ἐλπίζοντες.
3003 645 3114 700 Καὶ
3140 644 3247 708 ἕως
3304 645 3404 716 μὲν
3444 645 3612 717 ἄμφω
3648 666 3739 703 πα-

2185 741 2356 811 ρῆσαν
2385 740 2434 793 oi
2466 738 2665 794 ὕπατοι
2692 736 2975 802 Καικίλιος
3003 738 3285 802 Μέτελλος
3310 738 3406 793 καὶ
3436 739 3600 802 Γάϊος
3625 742 3740 795 Φού-

2184 849 2320 903 ριος,
2357 832 2619 903 ἠρέμουν.
2660 831 2751 895 Ὠς
2793 830 2851 884 δὲ
2896 832 3031 905 πρὸς
3079 830 3180 900 τὴν
3218 827 3436 901 Ῥώμην
3473 829 3679 901 ἀπῆρεν
3715 832 3740 887 ὅ

2178 925 2425 996 Φούριος,
2468 924 2887 996 κατεφρόνησαν
2930 922 3025 977 τού
3070 924 3366 986 Μετέλλου.
3400 926 3498 979 καὶ
3540 926 3668 996 πρὸς
3692 926 3742 980 τὸ

2182 1018 2468 1088 Πανορμον
2492 1011 2679 1089 ἦλθον.
2723 1014 2779 1070 Ὀ
2804 1016 2860 1070 δὲ
2881 1014 3152 1081 Μέτελλος
3179 1018 3563 1080 κατασκόπους
3590 1016 3743 1070 ἐλθεῖν

2183 1108 2370 1181 μαθὼν
2416 1112 2480 1162 ἐκ
2512 1108 2618 1162 τών
2664 1107 2962 1179 πολεμίων,
2996 1108 3218 1181 ἤθροισε
3249 1109 3375 1171 τοὺς
3411 1109 3468 1162 ἐν
3498 1110 3564 1180 τῇ
3607 1108 3743 1162 πόλει

2180 1206 2415 1270 πάντας,
2444 1200 2541 1257 καὶ
2593 1202 2898 1274 διαλεχθεὶς
2943 1200 3152 1266 αὐτοῖς,
3193 1202 3446 1273 ἀλλήλων
3501 1200 3743 1255 λαϐέσθαι

2181 1296 2365 1366 σφίσιν
2420 1294 2697 1349 ἐκέλευσε.
2762 1294 2870 1347 Καὶ
2935 1290 3108 1357 οὕτως
3156 1292 3391 1346 ἕκαστον
3451 1289 3744 1362 ἀνακρίνων

2177 1387 2325 1450 ὅστις
2350 1404 2409 1440 τε
2434 1387 2517 1458 εἰη
2547 1387 2641 1440 καὶ
2659 1386 2689 1439 ὃ
2715 1403 2767 1440 τι
2799 1384 3048 1459 πράττοι,
3071 1383 3431 1454 κατεφώρασε
3457 1384 3584 1445 τοὺς
3608 1381 3744 1435 πολε-

2181 1477 2356 1550 μίους.
2387 1477 2751 1549 Καρχηδόνιοι
2784 1477 2841 1532 δὲ
2868 1473 3269 1549 παρετάξαντο,
3287 1475 3363 1537 ώς
3398 1473 3736 1545 μαχούμενοι,

2178 1571 2274 1624 καὶ
2317 1570 2590 1633 Μέτελλος
2627 1568 2855 1624 δεδιέναι
2900 1570 3302 1640 προσεποιεῖτο.
3335 1565 3547 1619 Τούτου
3596 1564 3740 1619 δ’ἐπὶ

2179 1663 2401 1726 πλείους
2428 1664 2644 1733 ἡμέρας
2676 1660 2989 1731 γινομένου,
3039 1660 3088 1713 οἰ
3124 1657 3491 1730 Καρχηδόνιοι
3537 1657 3741 1727 ἐφρονη-

2182 1754 2549 1826 ματίσθησαν,
2576 1754 2672 1806 καὶ
2702 1752 3072 1825 προσέϐαλλον
3104 1750 3463 1823 Θρασύτερον.
3494 1748 3601 1800 Καὶ
3636 1748 3737 1800 τότε

2177 1848 2207 1900 ό
2234 1846 2501 1911 Μέτελλος
2529 1848 2757 1917 σημεῖον
2785 1847 2897 1909 τοῖς
2937 1844 3227 1913 Ῥωμαίοις
3255 1837 3359 1914 ἦρε
3379 1859 3394 1873 ·
3428 1842 3541 1895 κὰκ
3571 1837 3736 1891 τούτου

503 1937 596 1992 sit.
621 1936 713 1992 Sic
733 1937 808 1992 illi
834 1938 1293 1994 taansuetissimis
1319 1947 1375 1993 et
1400 1941 1548 1995 notis
1573 1943 1769 2011 captis,
1788 1943 1954 1996 etiam
1972 1959 2072 1998 ca:-

2180 1934 2512 2005 ἐξαπιναίως
2547 1939 2744 1991 ἐκεῖνοι
2775 1938 2916 1989 κατὰ
2944 1936 3123 1998 πάσας
3163 1935 3259 1995 τὰς
3287 1931 3467 1994 πύλας
3501 1928 3738 1999 ἐπεκδραο

504 2040 651 2083 tcros
679 2039 1057 2085 attraxerunt:
1095 2029 1188 2099 qui
1221 2045 1348 2094 cxx,
1380 2046 1613 2087 numero
1640 2031 1719 2087 sic
1747 2049 1844 2103 per
1877 2032 2072 2089 fretum

2179 2032 2396 2103 μόντες,
2459 2028 2656 2101 ῥαδίως
2701 2026 3038 2099 ἐκράτησαν,
3074 2023 3174 2078 καὶ
3222 2025 3281 2087 ἐς
3333 2021 3523 2076 στενὸν
3569 2019 3737 2081 αὐτοὺς

500 2121 729 2175 Romam
761 2131 889 2176 sunt
916 2122 1174 2177 traditoti.
1200 2122 1354 2177 Dolis
1376 2123 1545 2179 multa
1567 2125 1711 2179 inter
1742 2141 1863 2180 sese
1887 2125 2072 2182 devin-

2176 2124 2563 2188 κατέκλεισαν,
2619 2118 2761 2175 ὥστε
2823 2118 3017 2191 μηκέτ’
3057 2117 3414 2188 ἀναχωρῆσαι
3468 2113 3539 2168 δι’
3594 2110 3735 2166 αὐτοῦ

501 2223 717 2274 xerunt.
746 2223 802 2267 ct
837 2213 998 2283 lignis
1020 2213 1243 2268 insertis
1277 2214 1350 2268 ita
1381 2213 1777 2277 distinxerunt,
1811 2225 1873 2271 ut
1902 2233 2072 2287 neque

2176 2218 2495 2288 δυνηθῆναι.
2537 2215 3042 2285 Στενοχωρούμενοι
3074 2212 3182 2283 γὰρ
3203 2208 3298 2264 ᾶτε
3328 2210 3426 2262 καὶ
3454 2207 3605 2261 αὐτοὶ
3631 2203 3737 2258 πολι

499 2312 915 2372 separarentur,
949 2319 1132 2374 neque
1156 2303 1372 2357 coirent
1398 2321 1412 2358 :
1441 2319 1619 2373 eaque
1671 2304 1922 2361 trabibus
1951 2322 2072 2363 eon-

2176 2309 2261 2363 λοὶ
2294 2309 2466 2370 ὄντες.
2520 2307 2615 2361 καὶ
2663 2304 2892 2368 πολλοὺς
2938 2300 3239 2373 ἐλέφαντας
3270 2301 3489 2371 ἔχοντες
3542 2296 3735 2366 ἐταράτ-

497 2400 690 2459 strata,
744 2393 1039 2447 sarmentis
1092 2401 1150 2448 et
1200 2402 1349 2448 terra
1401 2393 1636 2464 ingesta,
1680 2394 2072 2467 circumsepse-

2176 2415 2351 2453 τοντο.
2382 2398 2499 2451 Κάν
2521 2394 2699 2467 τούτῳ
2724 2393 2784 2447 τδ
2813 2396 3068 2448 ναυτικὸν
3094 2393 3156 2447 τὸ
3185 2390 3427 2446 Λιϐυκὸν
3448 2384 3734 2460 προσπελά-

496 2492 648 2548 runt,
698 2493 759 2539 ut
809 2493 1090 2539 structura
1146 2483 1236 2539 illa
1285 2484 1486 2540 stabuli
1543 2487 1718 2541 instar
1777 2497 1971 2542 esset:
2017 2489 2072 2543 in

2181 2509 2282 2545 σαν
2316 2491 2495 2552 αὐτοῖς
2528 2491 2749 2558 ἐγένετο
2781 2486 2986 2559 φθορᾶς
3027 2483 3367 2541 αἰτιώτατον.
3409 2481 3626 2545 ’ἰδόντες
3644 2484 3733 2551 γὰρ

495 2589 730 2644 eamque
776 2575 1146 2640 introductos,
1191 2579 1311 2631 sine
1344 2590 1509 2631 sensu
1557 2574 1923 2646 navigationis
1966 2589 2072 2634 tra-

2180 2583 2278 2646 τὰς
2309 2584 2463 2650 ναῦς,
2497 2582 2766 2653 ὥρμησαν
2794 2581 2873 2643 εἰς
2907 2579 3099 2647 αὑτὰς,
3126 2579 3218 2632 καὶ
3240 2575 3526 2647 ἐμϐαίνειν
3547 2572 3733 2640 ἐξεϐιά·

491 2666 767 2737 jeeerunt.
813 2667 925 2720 llac
981 2666 1212 2720 victoria
1256 2667 1433 2737 potito
1485 2666 1738 2731 Metello,
1800 2670 2072 2726 Asdrubal

2182 2674 2358 2739 ζοντο,
2402 2674 2496 2726 καὶ
2526 2675 2575 2726 οἱ
2611 2672 2712 2742 μὲν
2757 2674 2837 2734 εἰς
2868 2673 2968 2740 τὴν
2997 2669 3273 2723 θάλασταν
3324 2667 3631 2729 ἐνέπιπτον,
3656 2664 3731 2717 καὶ

497 2755 611 2810 dux
635 2766 749 2811 tum
777 2755 1000 2825 quidem
1032 2758 1243 2811 evasit:
1278 2756 1374 2812 sed
1408 2768 1587 2826 posta
1618 2757 2072 2831 Carthaginensi-

2182 2765 2519 2837 ἐφθείροντο,
2565 2767 2615 2818 οἰ
2656 2763 2712 2817 δὲ
2765 2763 2868 2816 ὑπὸ
2905 2762 3013 2816 τῶν
3041 2758 3348 2828 ἐλεφάντων
3378 2754 3731 2829 ἐμπελαζομέ-

497 2848 603 2903 bus
636 2858 949 2914 revocatus,
974 2856 1139 2919 atque
1167 2849 1222 2904 in
1253 2864 1477 2906 crucem
1502 2860 1660 2908 actus
1685 2863 1791 2909 est.

2183 2876 2289 2913 νων
2335 2854 2589 2927 ἀλλήλοις
2631 2872 2691 2908 τι
2725 2854 2819 2908 καὶ
2850 2854 2961 2916 τοῖς
2993 2849 3303 2922 ἀνθρώποις
3333 2844 3673 2901 ἀπώλλυντο·
3694 2844 3731 2896 oi

490 2944 554 2998 δὲ
593 2945 697 3000 ὑπὸ
737 2945 844 2999 τῶν
907 2945 1197 3015 Ῥωμαίων
1247 2946 1572 3014 ἐκτείνοντο,
1636 2949 1825 3007 πολλοὶ
1874 2951 1933 3007 δὲ
1979 2954 2076 3009 καὶ
2123 2954 2327 3021 ζῶντες
2379 2950 2645 3016 ἑάλωσαν,
2707 2948 2900 3020 ἄνδρες
2946 2964 3007 3000 τε
3043 2946 3141 3000 καὶ
3171 2943 3487 3013 ἐλέφαντες.
3536 2937 3731 3008 Ἐπειδή

497 3038 607 3107 γὰρ
664 3036 796 3091 ἄνευ
862 3037 973 3092 τῶν
1004 3037 1250 3108 συνήθων
1278 3039 1463 3107 σφίσιν
1504 3040 1714 3112 ἀνδρῶν
1746 3042 1898 3106 ὄντες
1934 3045 2301 3118 ἠγριαίνοντο,
2347 3045 2615 3117 κήρυγμα
2666 3042 2780 3105 τοῖς
2815 3037 3187 3112 αἰχμαλώτοις
3217 3041 3246 3093 ὁ
3271 3035 3539 3099 Μέτελλος
3574 3034 3731 3103 ἔπαθ’

499 3150 656 3199 σατο,
717 3134 994 3205 σωτηρίαν
1023 3134 1116 3187 καὶ
1137 3132 1326 3187 ἄδειαν
1358 3136 1470 3199 τοῖς
1505 3135 1863 3193 συλλαϐοῦσιν
1883 3140 2083 3206 αὐτοὺς
2127 3140 2339 3196 διδοῦνο
2382 3142 2478 3196 καὶ
2502 3138 2677 3202 οὕτως
2702 3133 3099 3209 προσελθόντες
3164 3134 3279 3196 τοῖς
3320 3130 3473 3200 σφῶν
3518 3127 3731 3199 πραοτά-

495 3242 633 3290 τοις,
686 3224 930 3287 ἐκείνους
987 3239 1048 3276 τε
1107 3221 1196 3277 διὰ
1233 3224 1353 3297 τὴν.
1382 3225 1673 3297 συνήθειαν
1735 3229 2103 3301 ἐχειρώσαντο
2131 3234 2225 3286 καὶ
2249 3231 2378 3297 τοὺς
2405 3228 2598 3293 ἄλλους
2628 3225 3180 3300 προσεπεσπωταντο,
3216 3222 3311 3286 οὓς
3360 3220 3460 3275 καὶ
3531 3218 3612 3283 εἰς
3647 3216 3731 3286 τὴν

505 3316 726 3387 Ῥώμην
771 3317 1058 3388 ἐκόμισαν,
1089 3317 1283 3371 ἑκατὸν
1346 3316 1504 3382 δντας
1553 3318 1647 3373 καὶ
1676 3320 1900 3388 εἴκοσιν,
1926 3323 2099 3388 οὕτως
2137 3325 2336 3389 αὐτοὺς
2367 3323 2461 3377 τὸν
2510 3319 2757 3393 πορθμὸν
2791 3317 3223 3390 περαιώσαντες.
3291 3314 3494 3377 Πίθους
3526 3307 3728 3366 πολλοὺς

496 3409 859 3479 συνδήσαντες
889 3407 1165 3479 ἀλλήλοις,
1201 3410 1294 3463 καὶ
1325 3408 1503 3476 ξύλοις
1527 3409 1871 3479 διαλαϐόντες
1895 3417 2061 3485 σφᾶς,
2096 3418 2236 3472 ὥστε
2278 3416 2411 3490 μήτ’
2432 3413 2787 3490 ἁπαρτᾶσθαι
2816 3413 2978 3481 σφᾶς,
3013 3412 3153 3484 μήτε
3182 3406 3538 3478 συμπίπτειν,
3563 3404 3727 3465 δοκοὺς

494 3498 583 3552 ἐπ’
641 3499 821 3553 αὐτῶν
857 3499 1162 3562 ἐπέτειναν,
1206 3496 1303 3552 καὶ
1336 3497 1470 3570 ὕλην
1496 3500 1591 3553 καὶ
1617 3501 1722 3570 γῆν
1746 3504 2116 3577 ἐπεφόρησαν,
2149 3504 2459 3576 φράξαντες
2486 3519 2547 3557 τε
2578 3501 2738 3574 πέριξ
2764 3500 2824 3556 τὸ
2842 3501 3064 3574 χωρίον,
3094 3498 3171 3564 ὡς
3198 3496 3337 3569 αὐλῇ
3363 3514 3472 3551 τινι
3494 3496 3725 3549 ἐοικέναιν

494 3592 577 3655 εἰς
602 3590 759 3645 τοῦυο
791 3591 987 3652 αὐτοὺς
1027 3590 1382 3661 ἐπεϐίϐασαν,
1429 3592 1526 3646 καὶ
1590 3591 1782 3665 διεπόρ
1816 3594 2082 3667 θμευσαν,
2137 3599 2245 3653 οὐδ’
2301 3597 2728 3668 αἰσθανομένους
2779 3595 2864 3649 ὅτι
2931 3592 3173 3647 πλέοιεν.
3210 3590 3271 3644 ’0
3332 3589 3433 3660 μὲν
3469 3582 3559 3643 οὖν
3626 3583 3723 3641 Μέ-

492 3684 678 3748 τελλος
745 3684 918 3749 οὕτως
967 3688 1258 3759 ἐνίκησεν·
1302 3695 1331 3744 ὁ
1381 3688 1427 3744 δ’
1470 3687 1803 3759 Ἀσδρούϐας
1857 3689 1887 3742 ό
1923 3688 2033 3744 τῶν
2095 3689 2485 3762 Καρχηδονίων
2549 3687 2855 3761 στρατηγὸς
2920 3686 3114 3749 σωθεὶς
3161 3678 3309 3747 τότε,
3378 3679 3604 3750 ὓστερον
3640 3677 3723 3733 ὑπὸ

492 3779 604 3833 τῶν
673 3776 1060 3849 Καρχηδονίων
1122 3779 1330 3852 ἐκλήθη
1366 3820 1385 3849 ,
1445 3781 1542 3834 καὶ
1603 3779 2067 3854 ἀνεσκολοπίσθη.

562 3868 681 3927 XV.
707 3867 1189 3941 Carthaginienses
1213 3886 1336 3925 cum
1368 3870 1493 3927 aliis
1523 3868 1591 3926 de
1612 3869 1816 3934 causis,
1837 3877 1954 3925 tum
1992 3868 2063 3925 ob

2236 3866 2339 3925 IE’.
2371 3870 2434 3922 0i
2466 3866 2829 3940 Καρχηδόνιοι
2853 3864 2910 3921 δὲ
2939 3866 3438 3939 διεκηρυκεύσαντο
3464 3869 3573 3930 τοῖς
3606 3866 3722 3919 Ῥω-

493 3964 834 4034 captivorum
876 3961 1289 4017 multitudinem
1316 3999 1333 4025 ,
1368 3961 1599 4017 Romam
1642 3961 1854 4033 legatos
1898 3961 2068 4036 mise-

493 4065 647 4115 runt.
681 4052 941 4124 adjuncto
978 4052 1215 4123 Regulo,
1266 4068 1430 4122 quem
1466 4060 1693 4123 propter
1723 4052 1984 4108 virtutem
2014 4057 2071 4107 et

493 4147 884 4203 auctoritatem
905 4145 1043 4199 nihil
1067 4160 1175 4199 non
1196 4144 1615 4215 impetraturum
1634 4143 2067 4210 arbitrabantur,

492 4237 854 4312 jurejurando
903 4237 1257 4302 obstrictum,
1312 4244 1375 4290 ut
1416 4235 1648 4290 rediret.
1696 4231 1746 4289 ιε
1774 4243 1832 4291 et
1858 4234 1983 4291 aliis
2014 4237 2069 4293 in

496 4329 666 4383 rebus
707 4345 765 4383 se
790 4342 890 4398 pro
920 4325 1379 4395 Carthaginiense
1401 4327 1593 4394 gessit,
1630 4339 1812 4394 neque
1848 4338 2071 4380 uxorem

493 4421 562 4477 ad
590 4420 924 4489 colloquium
948 4416 1175 4472 admisit
1201 4433 1216 4470 :
1239 4431 1417 4486 neque
1454 4424 1670 4480 urbem,
1697 4417 1950 4487 quamvis
1975 4431 2072 4471 vo-

494 4528 738 4577 caretur,
795 4513 1080 4583 ingressus
1133 4517 1240 4564 est.
1290 4508 1397 4564 Sed
1438 4516 1630 4563 senatu
1677 4519 1831 4563 extra
1876 4508 2068 4563 urbem

493 4615 689 4662 coacto
726 4605 825 4667 (ita
860 4603 1007 4659 enim
1043 4601 1376 4671 respondere
1407 4600 1600 4672 legatis
1630 4600 1868 4655 hostium
1900 4600 2071 4656 moris

495 4699 635 4766 erat)
671 4698 726 4752 in
770 4696 1067 4753 concilium
1097 4693 1477 4757 introductus,
1506 4694 1684 4748 dixit:
1724 4690 1865 4757 Nos,
1893 4692 1959 4750 P.
1993 4692 2058 4748 C.

496 4791 956 4861 Carthaginienses
974 4790 1043 4842 ad
1062 4804 1149 4842 vos
1180 4788 1433 4841 miserunt
1464 4790 1612 4853 (nam
1638 4800 1731 4855 ego
1756 4799 1957 4855 quoque
1976 4783 2073 4854 ju-

498 4900 556 4937 re
579 4881 701 4937 belli
718 4899 895 4938 seruus
924 4897 1105 4936 eorum
1136 4880 1308 4950 factus
1335 4883 1477 4947 sum)
1514 4887 1748 4950 petentes
1769 4879 1825 4931 in
1858 4877 2066 4946 primis,

495 4984 558 5030 ut
595 4990 702 5045 pax
728 4977 792 5031 iis
811 4973 1216 5038 conditionibus,
1250 4988 1381 5043 quas
1412 4972 1664 5041 utrinque
1709 4968 2067 5039 probaueritis,

494 5068 638 5136 ﬂat:
666 5068 750 5121 sin
778 5068 829 5120 id
875 5065 1074 5129 nolitis,
1122 5077 1180 5117 ut
1214 5062 1403 5118 saltem
1446 5063 1640 5132 captivi
1682 5069 2068 5132 permutentur.

499 5160 629 5216 Haec
667 5159 907 5222 locutus,
946 5171 1070 5212 cum
1097 5156 1292 5226 legatis
1320 5154 1572 5219 secessit,
1607 5161 1671 5208 ut
1699 5153 1932 5208 Romani
1964 5152 2067 5208 soli

2176 3961 2356 4033 μαίοις
2390 3959 2479 4015 διά
2499 3977 2558 4013 τε
2581 3960 2770 4028 τᾶλλα,
2799 3961 2891 4015 καὶ
2916 3959 2977 4014 τὸ
2999 3959 3203 4032 πλῆθος
3228 3958 3341 4012 τῶν
3366 3955 3720 4029 αἰχμαλώτων.

2173 4052 2269 4106 καὶ
2304 4052 2417 4115 τοῖς
2451 4049 2718 4123 πρέσϐεσι
2769 4049 2866 4105 καὶ
2912 4050 3074 4104 αὐτὸν
3118 4050 3210 4104 τδν
3266 4048 3559 4121 Ῥηγοῦλον
3612 4065 3717 4101 συν·

2173 4143 2446 4214 ἔπεμψαν,
2472 4142 2581 4199 πᾶν
2616 4141 2684 4197 δι’
2708 4140 2876 4198 αὐτοῦ
2900 4142 3179 4215 οἰηθέντες
3205 4140 3622 4215 κατωρθωκέναι
3647 4136 3719 4192 διὰ

2170 4232 2270 4304 τὴν
2297 4232 2499 4304 ἀρετὴν
2522 4234 2617 4289 καὶ
2643 4232 2704 4289 τὸ
2735 4232 2951 4299 ἀξίωμα
2982 4232 3076 4287 τοῦ
3114 4233 3328 4305 ἀνδρός.
3363 4233 3645 4307 Ὥρκωσάν
3668 4248 3718 4283 τε

2171 4324 2357 4392 αὑτὸν,
2400 4320 2437 4398 ἦ
2485 4326 2594 4398 μὴν
2646 4327 2955 4399 ἐπανήξειν.
3001 4328 3108 4381 Καὶ
3142 4326 3200 4392 ὃς
3225 4325 3295 4381 τά
3321 4345 3381 4382 τε
3406 4324 3536 4383 ἄλλα
3559 4327 3624 4389 tit;
3652 4319 3717 4387 εἰς

2172 4416 2283 4470 τῶν
2323 4416 2709 4489 Καρχηδονίων
2760 4417 3018 4490 ἔπραττε,
3053 4420 3145 4474 καὶ
3194 4418 3317 4473 οὔτε
3365 4422 3466 4491 τὴν
3513 4421 3716 4489 γυναῖκα

2173 4510 2255 4574 εἰς
2306 4509 2497 4580 λόγους
2530 4509 2768 4578 ἐδέξατο,
2820 4508 2945 4564 οὔτε
2993 4510 3093 4583 τὴν
3148 4512 3302 4565 πόλιν
3366 4510 3601 4583 εἰσῆλθε,
3641 4512 3715 4565 καὶ

2173 4603 2347 4659 ταῦτα
2376 4602 2734 4675 καλούμενος,
2764 4603 2880 4658 ἀλλ’
2913 4605 3018 4670 ἔξω
3043 4605 3137 4659 τοῦ
3172 4606 3388 4677 τείχους
3418 4608 3519 4679 τῆς
3547 4605 3715 4679 βουλῆς

2173 4695 2558 4766 ἀθροισθείσης
2585 4695 2681 4768 (ὡς
2704 4696 2824 4761 ἔθος
2853 4690 2921 4768 ἦν
2942 4697 3304 4769 χρηματίζειν
3331 4699 3442 4753 τῶν
3469 4698 3713 4771 πολεμίων

2173 4791 2285 4853 τοῖς
2318 4787 2634 4861 πρέσϐεσιν)
2662 4788 2944 4859 εἰσαχθεὶς
2993 4793 3072 4853 είς
3103 4789 3162 4843 τὸ
3217 4790 3517 4864 συνέδριον,
3551 4788 3711 4845 εἶπε-ι’

2184 4879 2390 4950 Ἦμᾶς,
2410 4866 2461 4935 θῶ
2492 4880 2763 4950 πατέρες,
2789 4883 2938 4950 πρὸς
2968 4881 3123 4952 ὑμᾶς
3146 4882 3540 4954 Καρχηδόνιοι
3568 4884 3715 4951 easn-

2174 4976 2304 5041 ψαν
2353 4968 2590 5040 (ἐκεῖνοι
2643 4969 2756 5041 γάρ
2802 4989 2880 5041 με
2933 4973 3287 5038 sardinam,
3339 4975 3470 5029 ἐπεὶ
3527 4974 3711 5037 δοῦλος

2175 5062 2376 5117 αὐτῶν
2420 5063 2583 5134 νόμῳ
2624 5064 2893 5133 πολέμου
2945 5066 3281 5137 γεγένημαι)
3345 5070 3441 5123 καὶ
3504 5066 3708 5132 ἀξιοῦσι

2169 5154 2438 5227 μάλιστα
2463 5155 2580 5225 μὲν
2604 5155 2699 5210 καί
2716 5156 2831 5215 κτὸν
2858 5158 3132 5227 πόλεμον
3153 5160 3459 5215 λύσασθαι
3479 5161 3571 5215 ἐπὶ
3592 5175 3709 5213 συν-

496 5253 891 5310 dtdiberarent.
916 5248 1054 5306 Cum
1084 5259 1271 5305 autem
1312 5264 1342 5303 a
1383 5263 1526 5304 coss.
1561 5248 1830 5302 interesse
1860 5246 2069 5302 delibe-

2176 5246 2391 5315 θήκαις
2442 5248 2573 5314 ταῖς
2625 5248 2949 5316 δοκούσαις
3000 5250 3244 5320 ἀμφοῖν,
3293 5255 3347 5305 εὶ
3397 5252 3467 5305 δὲ
3511 5250 3590 5321 μὴ
3616 5246 3708 5301 τῶν

498 5348 700 5404 rationi
740 5346 1051 5417 iuberetur,
1099 5358 1211 5398 non
1240 5342 1441 5412 paruit,
1478 5341 1797 5413 priusquam
1847 5338 1902 5393 id
1944 5336 2077 5393 Car-

501 5440 883 5511 thaginienses
906 5434 1403 5509 permisisseanAc
1430 5433 1630 5489 tacitus
1650 5432 1919 5493 assidens,
1948 5446 2070 5485 eum

494 5535 826 5590 sententiam
851 5540 1155 5604 rogaretur,
1178 5532 1255 5586 ait
1281 5548 1296 5583 :
1325 5529 1468 5599 Ego,
1492 5525 1556 5580 P.
1589 5524 1647 5581 C.
1677 5527 1722 5581 si
1772 5523 1855 5580 vel
1883 5522 2071 5577 millies

495 5638 682 5699 captus
710 5628 880 5697 fuero,
901 5634 1128 5680 uestrum
1156 5639 1292 5676 unus
1322 5636 1460 5676 sum.
1498 5617 1643 5671 Nam
1678 5626 1849 5670 meum
1884 5632 2073 5686 corpus

496 5737 653 5792 penes
675 5719 1133 5790 Carthaginienses
1151 5725 1248 5778 est,
1268 5712 1473 5766 animus
1496 5726 1615 5764 vero
1634 5725 1777 5764 meus
1792 5708 2070 5763 vobiscum.

496 5809 720 5865 Acillud
749 5808 956 5879 quidem
980 5805 1271 5860 alienatum
1289 5816 1320 5852 a
1344 5797 1513 5852 vobis:
1531 5796 1633 5862 hic,
1660 5811 1758 5864 quo
1786 5796 1954 5848 minus
1970 5795 2073 5849 Ro—

501 5915 780 5955 manorum
812 5899 905 5963 sit,
925 5895 1121 5965 efﬁcere
1153 5906 1303 5946 nemo
1324 5897 1491 5960 potest
1518 5905 1535 5942 :
1556 5902 1619 5942 ac
1642 5896 1696 5941 ut
1719 5884 1975 5955 captivus,
2001 5890 2070 5940 ad

2174 5338 2567 5407 αἰχμαλώτων
2602 5338 2977 5413 ποιήσασθαι
3011 5343 3311 5410 (atlantis.
3338 5342 3520 5395 Ταῦτα
3548 5338 3705 5399 εἰπὼν»

2176 5431 2412 5500 μετέστη
2463 5431 2602 5500 μετᾶ
2654 5431 2765 5483 τῶν
2820 5431 3124 5502 πρέσϐεων,
3155 5433 3228 5496 ὡς
3256 5431 3323 5488 ἂν
3359 5433 3481 5488 καθ’
3516 5431 3706 5491 ἑαυτοὺς

2173 5524 2220 5578 οἱ
2283 5523 2544 5586 Ῥωμαῖοι
2606 5523 3024 5594 βουλεύσωνται.
3087 5525 3431 5583 Κελευόντων
3477 5528 3530 5582 δὲ
3574 5524 3708 5578 αὐτὸν

2172 5619 2282 5671 τῶν
2313 5606 2975 5688 ύπάτωνσυμμετασχεῖν
3007 5616 3156 5684 σφίσι
3185 5617 3286 5687 τῆς
3313 5617 3630 5687 διαγνώμης,
3656 5611 3704 5664 οὐ

2178 5706 2308 5776 πρὶν
2334 5705 2585 5776 ἐπείσθη,
2614 5705 2719 5772 πρὸ
2753 5703 2846 5758 τοῦ
2882 5706 3253 5775 ἐπιτραπῆναι
3285 5707 3438 5777 παρὰ
3460 5705 3563 5759 τῶν
3585 5704 3706 5768 Καρ-

2178 5792 2459 5868 χηδονίων.
2501 5797 2559 5852 '0
2590 5797 2647 5852 δὲ
2679 5796 2818 5859 τέως
2855 5797 2954 5868 μὲν
2990 5798 3219 5852 ἐσιώπα.
3260 5798 3412 5853 Ἐπεὶ
3441 5798 3487 5852 δ’
3517 5799 3561 5850 οι
3603 5794 3705 5863 pou-

2176 5888 2366 5944 λευταὶ
2395 5890 2572 5945 εἰπεῖν
2598 5890 2762 5945 αὑτὸν
2792 5889 3021 5965 γνώμην
3052 5890 3330 5961 ἐκέλευον,
3380 5886 3525 5945 εἶπεν
3545 5907 3557 5920 ·
3595 5880 3705 5949 Εὶμί
