3862 6550
108 426 191 490 ὒῖῚ
1333 422 1739 486 ANNALIUM
1776 425 1925 486 LIB.
1971 424 2136 487 VIII.

3210 431 3314 491 078

104 546 199 608 per
229 527 308 599 εἷς
331 532 398 596 ἐξ
433 531 621 601 ὑμῶν,
662 523 708 584 ὦ
739 529 1017 598 πατέρες,
1047 528 1162 582 κᾶν
1185 530 1467 598 μυριάκις
1495 529 1640 584 ἀλῶ.

1750 529 2211 602 Carthaginienses
2227 531 2482 600 pertineo.
2511 530 2644 587 Cum
2675 540 2854 586 autem
2891 531 3042 588 nulla
3071 535 3323 606 improbi.

113 627 286 696 Τὸ,μὲν
313 628 420 695 τὰρ
448 623 624 693 σῶμά
648 641 768 693 μου
801 621 1248 692 Καρχηδονίων,
1287 622 1326 690 ή
1368 621 1435 674 δὲ
1480 621 1645 691 ψυχή

102 735 197 787 μου
216 715 454 785 ὑμετέρα
487 715 685 768 ἐστίν.
725 714 950 767 Ἐκεῖνο
971 714 1090 782 μὲν
1119 712 1226 782 γὰρ
1261 713 1426 782 ὑμῶν
1460 714 1647 781 ἠλλο-

105 814 324 878 τρίωται,
350 810 579 874 ταύτην
619 808 687 862 δὲ
725 806 926 869 οὐδεὶς
952 807 1201 861 δύναται
1224 807 1312 877 μὴ
1340 809 1474 875 οὐχὶ
1511 810 1648 861 Ῥω-

102 903 255 970 μαίων
294 896 441 951 εἶναι
491 896 745 963 ποιῆσαι
775 915 788 929 ο
841 896 939 950 καὶ
1000 897 1077 961 ὼς
1108 895 1226 964 μὲν
1274 895 1650 964 αἰχμάλωτος

105 989 500 1058 Καρχηδονίοις
532 989 844 1056 προσήκω.
885 988 1046 1042 Ἐπεὶ
1097 988 1152 1040 δ’
1173 989 1285 1042 οὐκ
1313 989 1382 1040 ἐκ
1413 987 1647 1052 κακίας,

104 1083 302 1136 sua
345 1083 688 1149 προθυμίας
737 1081 1154 1148 ἑδυστὺχησα,
1205 1079 1301 1133 καὶ
1367 1079 1650 1148 Ῥωμαῖός

105 1182 212 1245 ειμι,
240 1174 334 1226 καὶ
381 1172 589 1242 φρονῶ
645 1173 718 1227 τὰ
775 1171 1052 1241 ὑμέτερα,
1101 1172 1199 1225 καὶ
1248 1171 1375 1225 οὐδ’
1398 1171 1468 1236 ἐξ
1511 1171 1650 1236 ἐνὸς

104 1267 291 1332 τρόπον
314 1263 668 1317 λυσιτελεῖν
695 1263 837 1331 ὑμῖν
860 1264 967 1330 τὰς
994 1261 1384 1332 καταλλαγὰς
1413 1261 1645 1331 νομίζω.

107 1357 259 1409 Ταῦτα
289 1355 318 1408 ό
362 1355 665 1424 Ῥηγοῦλος
696 1353 889 1420 εἰπὼν,
937 1355 1033 1409 καὶ
1074 1357 1173 1420 τὰς
1220 1357 1399 1420 αἱτῖας
1448 1356 1650 1425 προσέ-

107 1448 233 1515 θηκε.
257 1446 322 1499 δι’
347 1446 414 1508 ἃς
448 1447 550 1510 τὰς
580 1448 884 1518 συμϐάσεις
917 1449 1254 1519 ἀπηγόρευε.
1293 1450 1402 1501 Καὶ
1430 1448 1647 1514 ἐπήγα-

107 1557 180 1606 γεν
215 1537 302 1602 ὡς,
361 1535 508 1592 Οἶδα
560 1538 682 1607 μὲν
736 1540 825 1594 ὅτι
879 1556 983 1608 μοι
1041 1534 1350 1607 προῦπτος
1403 1539 1649 1608 ὄλεθρος

108 1631 390 1697 πρόκειται.
434 1631 761 1685 Ἀδύνατον
796 1633 900 1700 γὰρ
930 1633 1141 1687 λαϐεῖν
1172 1632 1390 1698 αὐτοὺς
1429 1633 1466 1686 ἅ
1501 1649 1648 1687 συν-

108 1723 422 1786 εϐούλευσα,
465 1723 635 1778 ἀλλὰ
678 1725 776 1777 καὶ
800 1725 990 1789 οὕτως
1018 1725 1131 1793 τῆς
1149 1725 1413 1792 ἐμαυτοῦ
1456 1740 1646 1793 σωτη-

103 1814 210 1877 ρίας
251 1813 312 1864 τὸ
367 1813 545 1881 κοινῆ
602 1815 918 1882 συμφέρον
946 1817 1280 1883 προτίθημι.
1327 1818 1398 1868 Εἰ
1442 1815 1510 1868 δέ
1557 1833 1646 1898 τις

1752 630 1882 687 tate,
1915 623 2008 675 sed
2037 623 2113 675 rei
2155 623 2279 676 bene
2313 621 2554 693 gerenda:
2576 622 2751 676 studio
2784 622 2986 678 cladem
3013 628 3322 694 acceperim,

1749 713 2021 766 Romanus
2049 730 2167 766 sum
2197 728 2215 766 :
2258 715 2502 783 vobisque
2531 713 2827 767 consultum
2863 715 3035 784 cupio,
3069 713 3117 768 e’t
3140 715 3328 784 paci/i-

1749 806 2007 858 cationem
2053 805 2199 859 nullo
2248 808 2398 859 modo
2434 823 2461 860 e
2491 823 2546 860 re
2582 817 2754 860 vestra
2777 823 2886 860 esse
2913 807 3065 860 duco.
3105 807 3202 860 His
3243 809 3329 860 di-

1751 897 1876 962 ctis,
1917 913 2138 969 sumque
2172 901 2462 954 sententia:
2499 900 2806 954 rationibus
2836 899 3110 963 adductis,
3142 900 3328 970 subje-

1751 991 1859 1044 cit:
1886 989 2032 1044 Scire
2051 1007 2127 1056 se,
2149 993 2290 1044 haud
2311 991 2523 1051 dubium
2548 993 2766 1045 exilium
2784 994 2884 1046 sibi
2902 995 3103 1046 instare
3119 1009 3137 1043 :
3161 1009 3326 1062 neque

1750 1083 1886 1134 enim
1923 1081 2446 1152 Carthaginiensibus
2476 1083 2613 1138 clam
2647 1101 2754 1137 esse
2787 1102 2958 1154 posse,
2993 1085 3116 1156 quid
3141 1101 3325 1138 suasc-
3361 1087 3367 1093 ’

1747 1172 1838 1224 rit.
1875 1172 2035 1242 395
2055 1172 2155 1225 Sed
2182 1176 2257 1227 sic
2281 1191 2485 1244 quoque
2516 1175 2816 1244 reipublicw
2837 1177 3166 1229 commodum
3213 1178 3326 1246 pri-

1749 1273 1872 1314 vata
1926 1261 2302 1316 incolumitate
2326 1266 2424 1318 sibi
2462 1282 2568 1318 esse
2598 1267 2886 1335 antiquius.
2937 1266 3087 1330 Quod
3125 1268 3168 1318 si
3209 1268 3325 1336 quis

1750 1354 1968 1417 dixerit,
2004 1351 2111 1407 Cur
2139 1371 2240 1407 non
2273 1357 2535 1426 aufugiat,
2565 1365 2658 1410 aut
2694 1357 2876 1410 Roma:
2902 1359 3164 1412 maneat."
3193 1361 3240 1412 ei
3269 1376 3325 1412 se

1751 1460 2142 1514 responsurum,
2209 1464 2264 1500 se
2303 1447 2664 1517 jurejurando
2717 1449 2940 1502 reditum
2979 1452 3324 1520 promisisse:

1750 1533 1804 1586 id
1836 1551 1890 1588 se
1923 1538 2151 1591 hostibus
2189 1539 2350 1592 etiam
2389 1557 2508 1592 cum
2558 1539 2621 1592 ob
2671 1540 2781 1594 alia
2827 1553 3161 1596 servaturum
3192 1560 3322 1609 esse,

1751 1632 1863 1678 tum
1904 1629 2042 1696 quod
2069 1641 2279 1682 servata
2307 1629 2431 1696 ﬁde,
2469 1629 2611 1684 solus
2641 1647 2935 1684 (erumnam
2965 1650 3219 1702 passurus
3245 1651 3326 1688 es-

1749 1725 1865 1780 set;
1895 1717 2118 1783 violata,
2152 1728 2261 1772 tota
2297 1721 2478 1773 civitas
2502 1722 2726 1791 perjurii
2765 1724 2983 1776 crimine
3031 1725 3324 1796 obstringe-

1753 1819 1915 1861 retur.
1965 1809 2166 1863 Senatu
2204 1824 2385 1865 autem
2419 1813 2612 1868 salutis
2659 1815 2804 1868 illius
2849 1832 3036 1884 causa,
3086 1827 3198 1872 tum
3253 1819 3321 1871 ad

108 1905 272 1971 φησιν
309 1904 368 1958 Τί
394 1901 512 1959 οὗν
552 1908 666 1959 οὐκ
697 1905 1137 1974 ἐκδιδράσκεις,
1173 1907 1211 1974 ἢ
1256 1907 1513 1961 ἐνταῦθα
1543 1925 1642 1961 κα·

1751 1915 1938 1967 pacem
1991 1902 2318 1966 faciendam,
2362 1913 2475 1958 tum
2526 1905 2591 1958 ad
2643 1910 3042 1975 permutandos
3079 1913 3326 1982 captivos

109 1998 380 2065 rapit-etc;
436 2000 796 2064 ἀκούσεται,
826 2001 918 2055 ὅτι
947 2000 1227 2070 ὀμώμοκο
1257 2001 1464 2067 αὐτοῖς
1499 2003 1645 2055 ἑπα-

109 2088 299 2152 γήξειν,
330 2091 426 2144 καὶ
455 2092 572 2146 οὐκ
620 2090 696 2144 ἂν
715 2092 1057 2159 παραϐαίην
1088 2091 1226 2156 τοὺς
1252 2091 1490 2158 ὅρκους,
1520 2093 1647 2146 οὐδ’

109 2186 144 2234 τι
182 2181 313 2248 πρὸς
359 2184 696 2252 πολεμίους
728 2185 1034 2252 γεγόνασι,
1071 2183 1172 2236 καὶ
1206 2184 1282 2236 δι’
1315 2184 1498 2251 ἄλλα,
1533 2184 1647 2254 μά·

111 2276 254 2327 λιστα
272 2273 336 2326 δὲ
362 2275 451 2328 ὅτι
492 2276 562 2330 τὸ
598 2275 803 2330 δεινὸν
825 2276 1288 2345 ἐμπεδορκήσας
1321 2277 1439 2346 μὲν
1458 2278 1648 2346 μόνος

113 2365 346 2433 πείσομαι
369 2382 382 2394 ·
426 2366 506 2421 ἂν
534 2366 592 2419 δ’
620 2366 983 2435 ἐπιορκήσω,
1011 2367 1180 2425 πᾶσα
1229 2371 1266 2438 ἠ
1299 2373 1476 2436 πόλις
1503 2371 1650 2425 ἀνα-

115 2457 502 2523 πλησθήσεται.
551 2458 622 2512 Ἦ
660 2461 921 2529 γερουσία
965 2460 1022 2513 δὲ
1060 2461 1158 2530 τῆς
1206 2461 1418 2515 ἐκείνου
1468 2480 1646 2534 σωτη-

115 2550 210 2614 pia;
236 2547 430 2613 ἕνεκεν,
472 2551 567 2602 καὶ
597 2549 697 2621 τὴν
726 2551 949 2620 εἰρήνην
979 2552 1334 2622 ποιήσασθαι,
1382 2553 1476 2606 καὶ
1521 2557 1648 2618 τοὺς

115 2638 444 2708 αἰχμαλώτους
497 2641 810 2696 ἀντιδοῦναι
872 2643 1280 2713 προτεθὺμητο.
1335 2645 1501 2709 Γνοὺς
1554 2647 1648 2702 οὑν

115 2729 240 2782 τοῦτο
282 2730 456 2794 αὐτὸς,
509 2732 602 2784 ἵνα
654 2732 732 2803 μὴ
762 2732 823 2786 τὸ
851 2734 1129 2804 συμφέρον
1174 2735 1243 2787 δι’
1275 2735 1439 2788 αὑτὸν
1480 2752 1648 2788 κατα-

117 2820 362 2888 πρόωνται,
409 2824 692 2878 ἐπλάσατο
740 2825 1056 2879 πεπωκέναι
1085 2826 1379 2896 φάρμακον
1412 2827 1650 2899 δηλητή-

119 2928 223 2978 ριον,
251 2914 334 2965 καὶ
361 2913 586 2982 μέλλειν
622 2915 843 2979 πάντως
885 2916 954 2968 δι’
987 2917 1154 2970 αὑτοῦ
1193 2919 1510 2974 ἀπολέσθαι.
1539 2922 1649 2975 Καὶ

118 3003 269 3075 niui;
319 3006 592 3076 σύμϐασις
644 3009 890 3076 γέγονεν,
925 3008 1049 3062 οὔτε
1077 3010 1184 3064 τῶν
1217 3012 1577 3082 αἰχμαλώτων
1613 3016 1647 3080 ἡ

121 3095 303 3165 ἀμοιϐή.
347 3098 631 3162 Ἀπιόντος
656 3100 699 3152 δ’
730 3100 897 3154 αὑτοῦ
927 3103 1023 3155 σὺν
1053 3107 1168 3167 τοῖς
1210 3107 1527 3175 πρέσϐεσιν,
1557 3111 1650 3161 ἀν-

121 3188 358 3242 τελάϐοντο
400 3192 551 3245 ἄλλοι
612 3209 670 3245 τε
723 3198 816 3247 καὶ
867 3196 916 3248 οἱ
948 3197 1140 3260 παῖδες
1173 3199 1268 3250 καὶ
1302 3199 1336 3269 ἡ
1386 3199 1546 3270 γυνή.
1581 3201 1644 3253 Ol

122 3277 154 3328 δ’
179 3278 344 3334 ὕπατοι
377 3284 503 3353 μήτ’
540 3284 803 3339 ἐθέλοντα
837 3291 1169 3356 καταμεῖναι
1195 3289 1357 3342 αὑτὸν
1385 3291 1643 3346 ἐκδώσειν

123 3368 307 3435 ἔφασαν,
346 3375 470 3443 μήτ’
496 3375 742 3428 ἀπιόντα
775 3379 1088 3446 κατασχεῖν.
1127 3380 1235 3431 Καὶ
1272 3380 1415 3435 οὕτω
1452 3397 1647 3452 προτι-

125 3461 264 3526 pica;
291 3464 360 3532 μὴ
396 3465 718 3536 παραϐῆναι
745 3468 872 3530 τοὺς
901 3469 1126 3538 ὅρκους,
1162 3471 1519 3543 ἀνεκομίσθη·
1553 3474 1648 3526 καὶ

125 3553 343 3620 αἰκισθεὶς
376 3558 466 3610 ὑπ’
496 3558 706 3623 αὑτῶν,
737 3559 814 3620 ὡς
862 3560 896 3631 ἡ
948 3560 1106 3632 φήμη
1170 3561 1339 3630 λέγει,
1381 3563 1644 3618 ἀπέθανε.

126 3640 185 3694 Τὰ
209 3646 298 3715 γὰρ
341 3647 590 3722 βλέφαρα
643 3649 812 3703 αὑτοῦ
856 3651 1274 3722 περιτεμόντες,
1316 3653 1414 3706 καὶ
1451 3656 1647 3725 χρόνον

127 3735 220 3787 τινὰ
261 3739 314 3790 ἐν
359 3742 542 3794 σκότει
598 3741 1014 3812 καθείρξαντες,
1051 3740 1173 3800 εἶτα
1211 3747 1291 3810 εις
1345 3748 1540 3811 σκεῦός
1596 3767 1648 3804 τι

130 3826 398 3899 σύμπηκτον
430 3833 636 3905 κέντρα
665 3836 1006 3906 πανταχόθεν
1041 3835 1164 3907 ἔχον
1190 3837 1522 3908 ἐμϐαλόντες
1552 3842 1649 3894 αὑ-

130 3916 209 3984 τὸν,
237 3922 320 3974 καὶ
348 3926 652 3995 τρέψαντες
681 3928 818 3998 πρὸς
863 3930 955 3982 τὸν
984 3930 1158 3999 ἥλιον,
1193 3931 1370 3996 οὕτως
1403 3935 1507 3988 ὑπὸ
1544 3952 1646 3989 κα-

130 4014 372 4079 κοπαθείας
398 4019 490 4072 καὶ
513 4020 828 4088 ἀγρυπνίας
857 4021 935 4090 μὴ
961 4021 1262 4092 δυνάμνὸν
1289 4041 1362 4096 πη
1393 4027 1648 4097 κλιθῆναι

130 4101 194 4156 διὰ
217 4108 533 4182 τὰκέντρα,
587 4113 921 4184 διέφθειραν.
958 4117 1021 4170 Ἀ
1083 4117 1376 4188 πυθόμενοι
1415 4122 1467 4173 οἱ
1511 4121 1648 4178 Ῥω-

133 4201 245 4262 μαῖοι
270 4201 393 4271 ('29.),
415 4209 544 4269 τοὺς
571 4205 824 4272 πρώτους
850 4208 961 4262 τῶν
985 4211 1114 4280 παρ’
1142 4212 1327 4276 αὐτοῖς
1359 4214 1648 4285 αἰχμαλώ-

130 4310 212 4346 των
250 4301 542 4370 παρέδοσαν
594 4304 708 4365 τοῖς
741 4302 954 4357 ἐκείνου
997 4306 1158 4358 παισὶ
1196 4308 1290 4359 καὶ
1335 4307 1650 4362 ἁνταικίσα-

133 4387 242 4451 σθαι,
285 4393 372 4446 καὶ
415 4395 861 4450 ἀνταποκτεῖναι.
915 4397 1054 4458 Τοὺς
1085 4397 1132 4450 δ’
1161 4398 1400 4462 ὑπάτους
1447 4402 1504 4463 ἐς
1547 4401 1648 4471 τὴν

132 4477 293 4548 Λιϐύην
335 4485 774 4553 στρατεύσασθαι
834 4487 1188 4556 ἐψηφίσαντο,
1237 4489 1327 4541 τόν
1375 4507 1434 4542 τε
1488 4492 1649 4544 Γάϊον

1750 1999 1942 2059 parato
1985 2009 2000 2048 :
2043 2008 2110 2046 ne
2157 2009 2185 2047 a
2230 1997 2438 2050 ratione
2468 1997 2717 2053 utilitatis
2756 2015 2853 2054 sua
2881 2018 3042 2056 causa
3090 2003 3324 2059 decede-

1749 2091 1890 2142 rcnt.
1925 2099 2195 2137 venenum
2218 2085 2318 2139 silli
2339 2087 2525 2162 datum
2553 2105 2677 2144 esse
2710 2089 2965 2156 finxit,ex
2996 2109 3105 2163 quo
3136 2094 3317 2149 omni-

1745 2187 1818 2224 no
1859 2176 2137 2242 periturus
2180 2189 2343 2230 esset.
2391 2179 2466 2233 Ita
2511 2197 2685 2251 neque
2739 2199 2875 2252 pace
2935 2202 3114 2254 neque
3149 2191 3323 2256 capti-

1752 2282 1943 2317 vorum
1981 2269 2386 2335 permutatione
2439 2272 2575 2324 facta
2603 2313 2616 2336 ,
2657 2288 2781 2327 eum
2811 2290 2935 2328 cum
2976 2292 3098 2329 cum
3129 2277 3321 2348 legatis

1749 2354 2067 2422 abeuntem,
2113 2368 2313 2426 praeter
2353 2360 2490 2414 alios
2525 2379 2660 2414 uxor
2691 2373 2746 2417 et
2774 2365 2934 2419 liberi
2971 2369 3269 2423 retinerent
3302 2389 3319 2428 :

1748 2449 2004 2501 consules
2036 2465 2210 2518 neque
2251 2466 2474 2507 manere
2509 2455 2778 2509 volentem
2807 2456 3110 2519 dedituros,
3142 2477 3320 2530 neque

1749 2541 2024 2594 abiturum
2084 2543 2410 2598 detenturos
2458 2561 2578 2600 esse
2633 2547 2904 2613 dicerent,
2954 2551 3318 2621 jurisjurand

1748 2627 2012 2698 religione
2041 2631 2269 2698 privatis
2292 2633 2582 2687 aﬂ’ertibus
2603 2637 2932 2704 anteposita,
2957 2637 3228 2692 discessit.
3254 2639 3322 2692 Iit

1746 2717 2346 2790 aCarthaginiensibus
2379 2740 2479 2793 per
2499 2728 2829 2790 cruciatum,
2859 2739 2919 2781 ut
2941 2728 3118 2790 aiunt,
3148 2729 3320 2783 inter-

1748 2807 1924 2863 fectus
1966 2819 2069 2864 est.
2114 2811 2250 2865 Nam
2281 2814 2559 2882 palpebris
2587 2817 2856 2885 praecisis,
2902 2835 3027 2871 eum
3069 2821 3324 2890 aliquan-

1749 2900 1842 2955 diu
1877 2903 1928 2955 iu
1956 2905 2198 2959 tenebris
2225 2908 2642 2964 concluscrunt.
2693 2909 2896 2966 Deinde
2939 2915 2990 2966 in
3025 2931 3116 2968 vas
3147 2922 3324 2984 quod-

1748 2992 1872 3046 dam
1920 2994 2181 3050 refertum
2232 2999 2470 3054 stimulis
2513 3004 2862 3073 conjectum,
2920 3016 2976 3061 et
3031 3007 3099 3060 ad
3148 3011 3320 3064 solem

1748 3099 2098 3153 conversum,
2132 3089 2416 3147 doloribus
2438 3104 2492 3148 et
2523 3095 2743 3165 vigiliis,
2775 3113 2898 3150 cum
2932 3115 3202 3170 nusquam
3235 3103 3324 3154 in-

1749 3176 1956 3232 clinare
1990 3196 2048 3234 se
2075 3193 2282 3250 posset,
2320 3199 2697 3254 peremerunt.
2727 3190 2938 3255 Quibus
2966 3191 3196 3246 Romani
3226 3211 3324 3247 au-

1747 3268 1895 3330 ditis,
1923 3272 2202 3342 principes
2248 3278 2587 3345 captivorum
2636 3281 2754 3351 ejus
2778 3282 2964 3337 liberis
2995 3284 3233 3338 vicissim
3266 3294 3324 3340 et

1747 3365 2145 3422 excruciaudos
2180 3379 2234 3422 et
2259 3371 2538 3426 necandos
2574 3373 2962 3431 tradiderunt:
2997 3388 3051 3430 ct
3078 3393 3220 3432 coss.
3255 3379 3319 3434 C.

1747 3455 1959 3520 Attilio,
1995 3460 2188 3530 Reguli
2220 3461 2396 3529 lratri,
2429 3473 2486 3518 et
2520 3463 2585 3518 L.
2617 3464 2839 3528 Manlio,
2877 3467 3076 3521 bellum
3107 3468 3320 3522 Africa-

1751 3565 1880 3603 num
1933 3550 2322 3610 decreverunt.
2371 3557 2634 3622 Quicum
2682 3559 2735 3613 in
2789 3559 2974 3614 Sicilia
3023 3561 3320 3632 Lilybaeum

1748 3653 2171 3712 oppugnarent,
2207 3658 2261 3701 et
2289 3647 2448 3703 fossa:
2481 3660 2692 3720 partem
2724 3652 2790 3706 ad
2825 3655 3111 3710 machinas
3143 3658 3320 3711 addu-

1748 3735 1953 3789 cendas
2014 3739 2236 3807 explere
2288 3742 2528 3812 aggressi
2575 3753 2782 3809 essent,
2836 3746 3319 3818 Carthaginienses

1748 3828 2217 3886 subterfodientcs
2264 3842 2464 3886 terram
2517 3837 2909 3891 subtraxerunt
2953 3855 2967 3893 :
3020 3841 3114 3894 sed
3192 3858 3317 3894 cunt

1749 3935 2042 3990 operarum
2078 3923 2433 3980 multitudine
2481 3927 2853 3992 vincerentur,
2885 3931 3056 3986 alium
3099 3947 3317 3988 murum

1751 4015 1902 4070 intus
1946 4017 2194 4070 lunatum
2247 4027 2590 4074 struxerunt.
2642 4023 2904 4078 Romanis
2945 4037 3131 4081 autem
3164 4032 3323 4082 cuui-

1750 4107 1906 4162 culos
1953 4107 2144 4162 subter
2173 4125 2366 4163 muros
2404 4113 2725 4180 agentibus,
2763 4125 2821 4168 ut
2859 4115 2927 4169 iis
2967 4117 3020 4169 in
3059 4134 3321 4174 cavernas

1751 4197 2164 4261 desidentibus,
2215 4200 2536 4256 irruerent:
2598 4202 3079 4275 Carthaginienses
3126 4223 3322 4266 contra

1750 4289 2050 4358 fodientes,
2079 4293 2285 4348 multos
2315 4294 2369 4347 id
2406 4295 2722 4364 ignorantes
2772 4309 3026 4370 exceptos
3074 4304 3314 4358 trucida-

1751 4394 1901 4446 runt,
1953 4385 2155 4442 multos
2188 4385 2297 4456 igni
2349 4388 2644 4442 sarmentis
2675 4389 2876 4460 injecto
2922 4393 2974 4446 in
3009 4394 3171 4448 fossis
3200 4412 3320 4452 cre-

1750 4489 1989 4532 mat-unt.
2017 4477 2124 4533 Sed
2149 4494 2272 4533 cum
2303 4480 2526 4549 quidam
2564 4497 2592 4535 e
2632 4483 2802 4537 sociis
2828 4499 3038 4539 moram
3071 4489 3318 4544 obsidio-

141 4569 357 4629 Ἀττίλιον
383 4580 472 4632 τὸν
501 4580 601 4633 τοῦ
642 4581 946 4650 Ῥηγθὺλου
969 4582 1216 4650 ἀδελφὸν,
1250 4583 1344 4635 καὶ
1370 4584 1462 4636 τὸν
1494 4587 1645 4639 Μάλ-

1752 4570 1871 4632 nis,
1919 4579 1975 4623 et
2008 4571 2280 4641 stipendia
2327 4587 2438 4626 non
2472 4574 2683 4645 integra
2727 4589 3011 4633 numerata
3053 4596 3191 4650 aegre
3241 4585 3322 4639 te-

133 4660 217 4716 λιον
251 4669 332 4722 τὸν
370 4673 620 4727 Λούκιον.
653 4674 719 4728 Οἳ
753 4676 811 4738 ἐς
841 4675 938 4744 τὴν
981 4675 1228 4727 Σικελίαν
1271 4675 1516 4739 ἐλθόντες
1566 4678 1645 4748 τῷ

136 4753 358 4832 Λιλυϐαίῳ
406 4764 768 4833 προσέϐαλον,
814 4766 908 4818 καί
960 4782 1012 4818 τι
1072 4765 1237 4836 μέρος
1282 4767 1384 4836 τῆς
1431 4769 1642 4840 τάφρου

137 4853 367 4918 συγχῶσαι
402 4858 478 4920 εἰς
515 4861 614 4929 τὴν
671 4858 780 4910 τῶν
831 4859 1242 4929 μηχανημάτων
1278 4864 1646 4934 προσαγωγὴν

137 4941 463 5020 ἐπεχείρησαν.
525 4952 638 5006 Καὶ
692 4953 742 5004 οἱ
801 4952 1156 5022 Καρχηδόνιοι
1221 4954 1642 5024 ὑπορύσσοντες,

136 5036 206 5086 τὸν
223 5040 332 5106 χοῦν
361 5044 628 5111 ὑφεῖλκον.
671 5044 827 5097 Ἐπεὶ
855 5043 900 5097 δ’
921 5043 1251 5114 ἠλαττοῦντο
1294 5048 1357 5116 τῇ
1392 5045 1644 5116 πολυχει-

143 5129 224 5197 ρίᾳ,
239 5137 393 5205 τεῖχος
417 5139 605 5210 ἕτερον
638 5139 788 5192 ἔνδον
817 5138 1098 5207 μηνοειδὲς
1126 5137 1503 5209 ᾠκοδόμησαν.
1534 5141 1644 5193 Καὶ

141 5218 177 5266 οἱ
201 5222 280 5288 μὲν
304 5226 597 5300 ὑπονόμους
624 5229 730 5283 ὑπὸ
759 5227 848 5281 τὸν
883 5228 1081 5282 κύκλον
1128 5229 1466 5298 εἰργάζοντο,
1495 5230 1644 5293 ὅπως

143 5313 252 5365 κατὰ
296 5319 352 5370 τὸ
402 5321 646 5375 διάκενον
698 5321 878 5374 αὐτῶν
912 5319 1196 5390 ἱζήσαντος
1257 5319 1350 5373 τοῦ
1410 5321 1642 5391 τείχους,

143 5403 430 5469 εἰσπέσωσιν.
458 5416 518 5467 Οἱ
561 5413 919 5483 Καρχηδόνιοι
949 5412 1004 5465 δὲ
1038 5411 1488 5482 ἀντορύσσοντες,
1517 5413 1644 5465 πολο

143 5490 237 5560 λοῦς
297 5503 383 5571 μὲν
441 5507 769 5576 ἀγνοοῦντας
836 5506 896 5558 τὸ
958 5505 1240 5575 γινόμενον
1302 5503 1644 5574 ἐκδεχόμενοι

147 5582 354 5661 ἔκτεινον,
383 5598 595 5662 πολλοὺς
627 5599 684 5652 δὲ
717 5596 949 5668 καὶπῦρ
995 5599 1054 5651 ὲν
1106 5597 1405 5666 φρυγάνοις
1454 5595 1536 5658 εἰς
1578 5593 1648 5646 τά

1755 4673 1960 4725 rentes,
1990 4664 2058 4718 de
2083 4665 2284 4734 oppido
2306 4667 2592 4735 prodendo
2620 4683 2745 4721 cum
2773 4670 3033 4726 Romanis
3055 4687 3284 4742 agerent
3302 4694 3322 4733 ;

1753 4756 1994 4810 Amilcar
2019 4772 2083 4810 eo
2115 4757 2346 4812 consilio
2379 4758 2786 4821 animadverso.
2818 4762 2915 4815 sed
2949 4763 3317 4833 dissimulato,

1753 4866 1823 4906 ne
1879 4851 1958 4904 illi
2007 4851 2185 4919 palam
2238 4851 2562 4916 deficerent,
2620 4853 2854 4922 pecunia
2909 4857 3324 4927 magistratibus

1752 4942 1899 5006 data,
1948 4943 2288 4996 multitudini
2325 4945 2620 5013 promissa,
2669 4945 2750 5002 sic
2791 4963 2888 5002 eos
2923 4952 3322 5019 reconciliavit,

1756 5047 1811 5090 ut
1858 5036 2228 5104 proditionem
2277 5053 2385 5091 non
2438 5037 2706 5103 inticiati,
2753 5050 3063 5110 postremos
3117 5044 3324 5114 legatos

1752 5127 2048 5182 redeuntes
2085 5143 2194 5182 non
2243 5128 2552 5198 reciperent
2587 5147 2601 5186 ;
2631 5131 2725 5201 qui
2759 5133 2826 5186 ad
2867 5135 3122 5190 consules
3162 5133 3326 5207 393

1753 5221 2006 5290 profugi,
2051 5237 2184 5292 agro
2270 5222 2326 5274 in
2384 5221 2568 5276 Sicilia
2627 5231 2683 5277 et
2733 5225 2858 5280 aliis
2917 5226 3086 5281 rebus
3135 5227 3322 5282 donati

1751 5323 1901 5369 sunt.
1936 5313 2418 5384 Carthaginienses
2451 5314 2544 5384 qui
2581 5317 2727 5371 domi
2754 5327 2936 5383 erant,
2972 5319 3059 5373 his
3099 5319 3319 5383 auditis,

1751 5405 2024 5462 Ardebam
2089 5421 2213 5460 eum
2256 5405 2509 5475 plurimis
2554 5409 2824 5473 navibus,
2865 5410 3199 5462 frumentum
3266 5421 3323 5462 et

1754 5500 2014 5569 pecunias
2078 5497 2374 5570 Lilybaeum
2441 5501 2844 5557 advehentibus
2917 5501 3208 5557 miserunt.
3272 5501 3322 5556 Is

1755 5600 2082 5661 tempestate
2133 5592 2424 5647 observata
2474 5595 2704 5664 appulit.
2771 5593 2924 5660 Quod
2979 5591 3176 5647 deinde
3229 5591 3324 5648 alii

1265 5732 1465 5794 Variae
1498 5732 1801 5794 lectiones
1848 5743 1910 5794 et
1949 5739 2138 5794 nolte.

199 5851 292 5926 (ἦ)
326 5860 691 5932 ’Λπυοόμενοι
737 5867 790 5918 οι
825 5859 1108 5931 Ῥωμαῖοι.
1135 5856 1268 5930 Vide
1288 5857 1554 5928 Excerpta
1579 5873 1646 5913 cx

1757 5856 1928 5915 odoro
1961 5855 2168 5923 Siculo,
2201 5871 2255 5926 p.
2297 5856 2420 5921 274,
2452 5856 2577 5910 270.
