3862 6588
181 398 260 467 σει
1131 377 1152 383 ’
1342 384 1706 448 ANNALIUl

1858 383 1925 445 Β.
1959 382 2127 447 VIII.
3277 381 3383 445 682

178 529 270 572 τες,
297 507 359 562 τά
379 523 431 560 τε
460 507 612 559 πλιῖα
638 508 816 561 πάντα
850 500 946 555 καὶ
976 496 1150 553 πολλὰ
1191 496 1298 552 τῶν
1328 495 1699 568 οἰκοδομημά-

1862 493 2052 549 :riculo
2085 500 2205 546 arte
2235 499 2292 546 et
2337 492 2564 546 fortuna
2608 498 2923 546 evaserunt.
2955 489 3091 545 Nam
3121 492 3387 548 festinan-

175 617 264 656 των
293 572 654 668 κατέπρησαν.
694 596 816 649 Τῶν
864 593 911 646 δ’
941 591 1257 662 ἐπιχωρίων
1304 590 1366 644 τὸ
1395 589 1572 659 στόμα
1601 588 1698 644 τοῦ

1858 604 1888 643 r
1952 588 2008 642 in
2068 595 2293 641 catenas
2344 583 2572 650 invecti,
2624 598 2752 639 cum
2796 598 2893 638 eas
2943 592 3118 638 rostra
3159 585 3382 640 navium

175 694 362 763 λιμένος
385 688 732 743 διαλαϐόντων
771 686 1050 753 άλύτεσιν,
1111 686 1171 738 ἐν
1202 684 1525 755 περιστάσει
1575 681 1698 749 ἐγέ-

1859 681 2018 752 mjam
2070 679 2431 748 attingerent,
2484 677 2539 732 in
2590 692 2806 748 puppes
2863 677 3250 732 transierunt:
3312 679 3384 734 ita

174 799 316 848 νοντη,
349 779 500 851 σοφίᾳ
528 779 584 833 δὲ
606 779 698 832 καὶ
729 779 871 850 τύχῃ
893 776 1296 848 περιεγένοντο.
1356 775 1566 843 Σπουδῇ
1591 774 1699 841 γὰρ

1864 789 1980 829 ὀι-ω
2022 774 2214 829 levata:
2276 781 2498 828 catenas
2523 781 2878 842 superarunt.
2916 769 3164 841 Cumque
3196 785 3389 826 rursus

172 879 267 936 ταῖς
288 873 492 927 ἁλύσεσι
516 872 942 942 προσπεσόντες,
967 871 1090 923 ἐπεὶ
1117 867 1503 940 προσάψασθαι
1521 866 1697 921 αὐτῶν

1891 880 2084 935 proras
2108 865 2534 926 transiluissent,
2572 879 2786 934 puppes
2809 864 3000 919 levatae
3027 864 3387 919 transierunt.

172 965 357 1038 ἔμελλον
387 962 676 1034 οίέμϐολοι
725 962 836 1016 τῶν
862 962 1031 1033 νηῶν,
1073 961 1434 1032 μετέστησαν,
1487 961 1546 1024 ἐς
1601 962 1697 1022 τὰς

1860 967 1933 1012 ast
1967 958 2084 1013 haec
2126 957 2193 1012 ad
2234 958 2566 1012 Panormum
2599 957 3090 1027 Carthaginienses
3109 957 3385 1014 vicerunt.

171 1060 390 1131 πρύμνας
415 1057 462 1109 oi
492 1055 588 1108 τοῦ
606 1055 974 1126 πληρώματος
993 1068 1010 1084 ⁸
1040 1055 1133 1107 καὶ
1162 1051 1335 1116 οὕτως
1369 1053 1426 1106 αί
1451 1053 1696 1123 πρῶραι,

1861 1050 2108 1105 onsulum
2160 1048 2300 1102 alter
2350 1039 2604 1103 Caecilius
2647 1048 2898 1102 Metellus
2953 1048 3022 1103 ad
3083 1047 3386 1120 Lilybaeum

171 1147 525 1216 κουφισθεῖσαι,
560 1148 848 1218 ὑπερῆραν
873 1147 971 1208 τὰς
1001 1145 1241 1207 ἁλύσεις.
1264 1144 1431 1208 Αὖθις
1460 1145 1506 1198 δ’
1527 1146 1584 1207 ἐς
1607 1145 1696 1208 τὰς

1869 1142 1932 1207 ἰι,
1972 1141 2112 1196 alter
2156 1140 2453 1196 Numerius
2501 1140 2701 1196 Fabius
2751 1141 3063 1211 Drepanum
3119 1141 3338 1196 obsedit
3375 1180 3390 1206 ,

169 1237 357 1310 πρώρας
387 1238 564 1292 αὐτῶν
602 1237 1125 1309 μεταπηδησάντων.
1188 1236 1246 1289 ai
1315 1236 1565 1307 πρύμναι
1593 1237 1694 1290 τῶν

1895 1232 2086 1287 insula:
2109 1230 2494 1294 Columbarizn,
2527 1247 2557 1286 a
2589 1232 3144 1304 Carthaginiensibus
3184 1249 3392 1304 praeoc-

170 1332 356 1399 σκαφῶν
383 1332 846 1402 μετεωρίσθησαν,
875 1332 969 1384 καί⁹
1000 1330 1373 1400 διεξέδραμον.
1419 1332 1530 1384 Καὶ
1567 1331 1695 1400 μετὰ

1866 1331 2038 1392 Ipatae,
2078 1329 2246 1378 noctu
2290 1322 2475 1378 missis
2523 1323 2792 1379 militibus
2823 1333 2909 1379 est
2948 1323 3266 1392 insidiatus,
3299 1325 3391 1394 qui

167 1422 293 1474 τοῦτο
321 1421 442 1490 περὶ
472 1421 531 1473 τὸ
573 1421 858 1491 Πάνορμον
892 1422 1051 1476 ναυσί
1082 1421 1486 1492 Καρχηδονίους
1518 1423 1692 1493 ἐνίκη-

1868 1416 1990 1470 :ciso
2034 1414 2288 1486 praesidio
2319 1416 2551 1470 insulam
2595 1426 2958 1486 occuparunt.
3004 1416 3142 1472 Cum
3179 1428 3393 1484 autem,

169 1529 264 1565 σαν.
290 1511 346 1564 Ol
377 1510 418 1564 δ’
448 1509 667 1573 ὕπατοι,
722 1511 996 1575 Μέτελλος
1031 1497 1442 1580 μὲνΚαικίλιος
1487 1514 1616 1584 περὶ
1643 1515 1694 1567 τὲ

1869 1507 2083 1563 milcare
2115 1522 2278 1562 mane
2313 1517 2506 1562 contra
2546 1508 2671 1562 illos
2713 1509 2982 1578 profecto,
3033 1509 3240 1565 Fabius
3286 1510 3394 1565 illis

167 1603 416 1658 Λιλύϐαιον
464 1599 554 1674 ἦν,
611 1604 919 1675 Νουμέριος
979 1603 1036 1658 δὲ
1089 1603 1287 1667 Φάϐιος
1337 1604 1416 1675 τῷ
1443 1606 1692 1677 Δρεπάνη

1870 1617 1968 1656 νοω
1997 1600 2144 1658 ferre
2191 1617 2303 1656 non
2349 1610 2556 1670 posset,
2592 1601 2906 1671 Drepanum
2939 1601 3160 1667 invasit,
3199 1611 3260 1657 ut
3298 1613 3395 1659 aut

169 1695 482 1765 προσήδρευε,
521 1695 618 1747 καὶ
668 1695 1036 1749 ἐπεϐούλευσε
1087 1698 1155 1766 τῇ
1184 1695 1360 1764 νησίδι
1385 1699 1454 1768 τῇ
1491 1697 1694 1752 Πελιάᾶ

1870 1689 2004 1744 ’ὴεω
2033 1704 2132 1760 per
2169 1689 2329 1745 ducis
2365 1689 2672 1745 absentiam
2717 1699 2961 1760 caperet.
3001 1700 3099 1746 aut
3133 1692 3284 1747 illum
3325 1695 3395 1748 ab

168 1787 457 1859 καλουμένη,
519 1789 1002 1860 προκατειλημένῃ
1071 1789 1224 1859 παρὰ
1292 1789 1693 1861 Καρχηδονίων

1870 1778 1987 1833 sula
2031 1778 2401 1834 abstraheret.
2448 1777 2658 1832 Horum
2717 1778 2953 1832 alterum
3003 1777 3055 1832 ei
3107 1779 3395 1834 successit.

169 1852 466 1950 «paruit-ra;
495 1852 722 1948 πέμψας
743 1852 1052 1944 mea}!
1098 1852 1226 1944 τοὺς
1256 1852 1528 1952 φρουρούς
1558 1852 1694 1936 κτείέ

1877 1871 2051 1926 nilcar
2079 1870 2226 1928 enim
2266 1871 2514 1936 territus,
2560 1871 2616 1926 in
2659 1871 3024 1926 munitionem
3064 1886 3124 1926 se
3165 1874 3402 1941 recepit;

169 1986 344 2035 ναντες,
375 1969 472 2040 τὴν
494 1969 663 2040 νῆσον
695 1966 860 2025 εἷλον.
903 1972 968 2025 Ὃ
998 1970 1187 2040 μαθὼν
1225 1973 1511 2043 Ἀμίλκας,
1540 1973 1694 2028 Emesa

1865 1964 2015 2019 abius
2045 1963 2458 2020 Columbariam
2502 1965 2688 2020 tenuit
2729 1980 2744 2019 :
2803 1973 2861 2021 et
2903 1965 3188 2034 angustias
3243 1964 3390 2035 paluv

167 2067 254 2126 τοῖς
279 2063 648 2135 διαϐεϐηκόσιν
671 2063 897 2118 ἐπέθετο
923 2080 938 2094 '
999 2059 1081 2129 οἷς
1134 2065 1236 2119 οὐκ
1260 2065 1402 2136 ἔχων
1451 2067 1659 2137 ἀμῦναι
1683 2090 1692 2121 ι

1870 2071 2018 2125 asque
2096 2057 2414 2129 interiectas
2469 2057 2765 2127 aggeribus
2833 2057 3140 2112 continenti
3191 2059 3395 2129 juuxit.

166 2153 346 2217 Φάϐιος,
369 2152 442 2224 τῷ
465 2154 732 2226 Δρεπάνῳ
761 2155 1112 2226 προσέμιξεν,
1148 2155 1225 2220 ὼς
1265 2157 1298 2228 ἦ
1331 2155 1429 2228 τὴν
1461 2159 1616 2213 πόλιν
1643 2159 1691 2213 δι

1872 2167 1891 2205 ι
1921 2151 2134 2208 facilior
2161 2152 2303 2207 facta
2335 2152 2698 2222 oppugnatio,
2730 2167 2855 2208 cum
2903 2152 2980 2207 ibi
3022 2168 3220 2208 murus
3247 2164 3397 2208 esset

168 2244 364 2314 ἐρημίαν
392 2245 714 2318 αίρήσων,ἢ
741 2245 838 2316 τῆς
861 2248 1023 2317 νήσου
1052 2245 1142 2299 τόν
1172 2246 1441 2317 Ἀμίλκαν
1460 2249 1689 2315 ἀπάξων

1876 2241 2104 2298 ﬁrmior.
2131 2241 2618 2315 Carthaginienses
2658 2252 2844 2298 autem
2869 2244 2952 2300 eis
2996 2243 3188 2300 crebra
3227 2244 3397 2300 detri-

169 2336 254 2389 Καὶ
281 2335 470 2406 ἠνύσθη
493 2336 555 2388 τὸ
583 2337 647 2390 ’ἐν
669 2353 682 2368 ·
715 2336 975 2407 φοϐηθεὶς
1005 2336 1114 2407 γὰρ
1146 2338 1174 2391 ὁ
1202 2336 1487 2408 ’Δμίλκας.
1505 2339 1694 2410 άνεχώι

1873 2344 1998 2390 enta
2030 2335 2367 2404 inferebant,
2413 2352 2566 2393 nunc
2597 2337 2654 2392 in
2697 2336 2965 2401 Siciliam,
3003 2338 3248 2393 nuncin
3291 2339 3398 2392 Ita-

174 2445 305 2498 ρησεν
332 2428 406 2489 είς
432 2427 490 2480 τὸ
511 2429 714 2500 τεῖχος.
757 2430 868 2482 Καὶ
895 2431 923 2482 ὸ
951 2429 1148 2492 Φάϐιος
1171 2429 1268 2502 τὴν
1297 2431 1532 2486 Πελιάδα
1579 2448 1699 2484 κατ⁴

1868 2442 1944 2482 im
1999 2429 2343 2500 trajiciendo.
2389 2429 2653 2500 Captivos
2699 2429 2908 2486 viritim
2961 2439 3393 2500 permutarunt:

171 2519 290 2590 έσχε,
327 2520 413 2571 καὶ
461 2519 519 2572 τὸ
550 2519 761 2589 μεταξὺ
791 2519 996 2591 ταύτης
1022 2518 1240 2591 καὶτῆς
1267 2521 1497 2592 ἠπείρου
1530 2522 1696 2576 στενὸι

1871 2527 2067 2586 cteros,
2119 2520 2248 2590 quia
2305 2529 2519 2577 tantum
2573 2536 2868 2578 numerum
2920 2537 3034 2577 non
3091 2521 3396 2588 habebant,

171 2611 245 2663 καὶ
277 2610 564 2681 τεναγῶδες
623 2609 891 2681 τυγχάνον
946 2610 1240 2683 συγχώσας
1283 2612 1584 2683 ἠπείρωτε,
1621 2616 1696 2666 κα

1876 2611 2574 2683 arthaginiensespecunia
2615 2613 2991 2670 redemerunt.
3025 2613 3105 2668 Ab
3153 2628 3221 2668 eo
3263 2622 3401 2669 tem-

173 2704 276 2774 ρᾷον
300 2703 694 2776 προσεπολέμει
723 2704 812 2758 τοῦ
845 2704 1059 2777 τείχους
1091 2707 1209 2760 ἐκεῖ
1237 2706 1346 2778 (τε)
1370 2706 1524 2770 ὄντος
1551 2707 1698 2761 ἀσθε-

1872 2718 1950 2759 πσ
1981 2704 2183 2759 diversi
2224 2703 2480 2760 consules
2525 2705 2769 2771 fuerunt,
2814 2705 2913 2760 sed
2963 2704 3106 2759 nihil
3163 2705 3397 2761 historia

171 2796 409 2865 νεστὲρου.
465 2797 669 2858 Καίοί
723 2797 1088 2869 Καρχηδόνιοι
1141 2798 1311 2867 συχνὰ
1365 2796 1696 2869 παρελύπουι

1877 2812 2040 2867 gnum
2067 2804 2380 2865 gesserunt.
2413 2796 2549 2852 Nam
2595 2796 2729 2852 illud
2775 2797 3015 2852 maximo
3060 2796 3396 2854 detrimento

172 2884 354 2950 αὐτοὺς,
385 2887 461 2949 είς
492 2885 753 2941 Σικελίαν
792 2904 853 2940 τε
905 2887 1313 2959 περιπλέοντες,
1368 2888 1465 2942 καὶ
1510 2889 1590 2944 είς
1615 2887 1697 2959 τὴ·

1873 2887 2079 2943 omanis
2135 2887 2261 2952 fuit,
2310 2888 2458 2959 quod
2505 2888 2676 2944 duces
2735 2889 3032 2959 quotannis
3090 2889 3398 2956 mutabant,

181 2977 372 3032 Ἰταλίαν
400 2978 818 3050 περαιούμενοι.
845 2980 983 3044 Τοὺς
1003 2979 1047 3034 δ’
1067 2979 1445 3051 αίχμαλώτους
1469 2981 1706 3052 ἀλλήλων

1875 2994 2023 3049 isque
2060 2979 2157 3050 qui
2208 2979 2567 3048 imperatoria
2616 2981 2808 3034 munia
2855 2980 3040 3035 adhuc
3089 2981 3400 3046 discebant,

174 3067 311 3140 ἄνδρα
337 3071 443 3124 ἀντ’
475 3072 677 3140 ἀνδρὸς
702 3071 1004 3141 ἠλλάξαντο
1025 3086 1040 3103 ο
1075 3075 1203 3136 τοὺς
1241 3073 1297 3128 δὲ
1324 3073 1569 3140 λοιποὺς,
1593 3075 1699 3130 ἔπε’

1874 3073 2150 3129 ινοσοὺαηι
2184 3086 2199 3125 :
2227 3072 2385 3143 quasi
2418 3086 2528 3126 non
2566 3072 2644 3127 rei
2671 3072 2948 3142 gerendae,
2979 3072 3076 3128 sed
3107 3073 3399 3128 exercendi

177 3163 235 3232 μὴ
255 3157 380 3234 ἦσαν
401 3164 738 3236 ἰσοπληθεῖς,
760 3164 1029 3234 ἀργυρίου
1057 3163 1108 3218 οἱ
1142 3164 1504 3236 Καρχηδόνιοι
1529 3167 1702 3238 ἐκομί-

1879 3181 1984 3222 ιιιεα
2018 3164 2318 3235 ablegatos.
2352 3163 2496 3220 Galli
2525 3163 3073 3232 Carthaginiensibus
3102 3165 3272 3221 sociis
3317 3165 3404 3218 in-

176 3267 323 3308 σαντο.
348 3253 569 3309 Ἔκτοτε
597 3255 656 3308 δὲ
685 3255 932 3324 διάφοροι
967 3255 1068 3327 μὲν
1099 3256 1438 3323 ὑπάτευσαν,
1470 3257 1625 3312 οὐδὲν
1659 3259 1701 3313 δί

1877 3256 1983 3318 nsi.
2017 3254 2166 3326 quod
2210 3255 2280 3310 ab
2320 3255 2404 3310 eis
2449 3256 2590 3310 male
2633 3253 3036 3324 acciperentur,
3081 3255 3398 3326 praesidium

177 3343 378 3415 ἱστορίας
425 3347 676 3420 ἔπραξαν
703 3347 852 3415 ἄξιον
872 3365 887 3380 ο
945 3347 1201 3418 μέγιστον
1227 3350 1338 3421 γὰρ
1369 3351 1419 3404 oi
1458 3352 1702 3422 Ῥωμαῖο

1874 3347 2096 3402 reddam
2133 3363 2248 3402 sua:
2281 3346 2407 3402 lidei
2439 3347 2812 3413 commissum,
2864 3346 3127 3434 Romanis
3164 3348 3399 3416 pecunia

176 3435 478 3506 ἐσφάλλοντο,
531 3441 622 3495 ὃτι
654 3443 777 3494 κατ’
836 3441 1084 3495 ὲνιαυτδν
1125 3441 1338 3506 ἄλλους,
1371 3437 1468 3497 εἷθ’
1499 3444 1701 3515 ἑτέρους

1873 3439 1987 3510 98
2016 3435 2380 3508 prodiderunt
2410 3455 2424 3492 :
2459 3438 2528 3492 ab
2552 3439 2745 3507 eisque
2777 3453 2887 3494 una
2921 3453 3045 3492 cum
3085 3438 3208 3494 aliis
3243 3439 3338 3510 qui
3367 3455 3398 3494 a

175 3527 400 3598 ἄρχοντας
429 3533 683 3603 ἔπεμπον
704 3549 720 3564 ο
758 3531 886 3602 άρτι
919 3532 977 3586 δὲ
1005 3533 1106 3602 τὴν
1136 3533 1474 3602 στρατηγίαν
1510 3534 1700 3605 μανθά·

1876 3531 2084 3585 ιοὶοιειο
2131 3527 2671 3600 Carthaginiensium
2713 3529 3060 3596 defecerant,
3121 3530 3401 3601 stipendio

177 3632 348 3686 νοντας,
373 3622 467 3692 τῆς
493 3621 674 3694 ἀρχῆς
703 3621 929 3688 ἔπαυον,
960 3620 1153 3694 ὥσπερ
1187 3624 1264 3687 είς
1295 3625 1532 3695 ἄσκησιν
1556 3627 1696 3694 σφᾶς

1877 3621 2079 3677 inducti
2115 3628 2268 3685 sunt,
2305 3635 2429 3675 cum
2470 3621 2628 3690 prius
2659 3622 3010 3691 peregrinum
3055 3621 3203 3678 alere
3253 3622 3402 3677 mili-

176 3708 264 3772 ἀλλ’
292 3715 381 3768 οὐκ
406 3716 484 3778 είς
518 3716 723 3787 χρῆσιν
769 3715 1108 3788 αἱρούμενοι.
1135 3717 1199 3770 Ol
1225 3717 1462 3772 Γαλάται
1493 3718 1577 3785 δὲ,
1606 3720 1701 3779 τοῖς

1880 3729 1933 3769 m
1964 3712 2196 3768 Romani
2222 3727 2332 3766 non
2363 3715 2802 3768 consuevissent.
2837 3713 2934 3768 His
2964 3713 3115 3778 freti,
3145 3723 3200 3769 et
3229 3714 3401 3770 classe

180 3802 526 3879 Καρχηδονίοις
576 3811 999 3881 συμμαχοῦντες
1029 3811 1126 3864 καὶ
1179 3809 1470 3881 μισοῦντες
1499 3811 1705 3878 αὐτοὺς,

1877 3806 2165 3862 τίνσιοτυῐιι
2197 3805 2485 3861 hominum
2526 3806 2768 3862 Africam
2815 3805 3216 3870 inicstantium,
3250 3823 3402 3863 mare

177 3892 241 3946 ὅτι
261 3898 425 3962 κακῶς
461 3899 905 3970 μετεχειρίζοντο
951 3901 1114 3970 σφᾶς,
1150 3900 1413 3972 φρουρίου
1444 3902 1588 3964 τινὸς
1617 3919 1702 3971 φυι

1887 3900 2034 3956 utius
2062 3898 2338 3970 negligere
2381 3897 2652 3965 nolentes,
2689 3898 2872 3954 denuo
2905 3915 3074 3956 naves
3119 3916 3405 3971 compara-

178 3987 315 4058 λακὴν
356 3993 814 4062 ἑμπιστευθέντες
884 3997 997 4057 τοῖς
1057 3994 1353 4064 Ῥωμαίοις
1406 3993 1540 4048 αὐτὸ
1586 4011 1722 4066 προ·
1831 4001 1979 4048 runt.

177 4072 342 4145 ήκαγτο
378 4083 468 4136 ἐπὶ
497 4085 770 4155 χρήμασι.
826 4085 1213 4150 Μεταστάντας
1262 4085 1322 4139 δὲ
1375 4085 1485 4140 ἀπὸ
1534 4087 1643 4140 τῶν
1671 4083 2056 4156 Καρχηδονίων
2116 4081 2388 4149 Γαλάτας,
2438 4083 2531 4136 καί
2553 4082 2748 4146 ἄλλους
2775 4082 2884 4136 τῶν
2916 4084 3064 4152 σφῶν
3097 4085 3406 4157 συμμάχων

177 4170 295 4234 τινὰς
312 4174 357 4225 oi
403 4174 664 4246 Ῥωμαῖοι
686 4178 780 4231 ἐπὶ
801 4177 1106 4258 μισθοφορᾷ
1123 4179 1540 4250 προσελάϐοντο,
1562 4179 1728 4251 μήπω
1769 4179 2035 4249 πρότερον
2067 4177 2357 4248 τρέφοντες
2388 4175 2620 4242 ξενικόν.
2661 4174 2880 4239 Τούτοις
2911 4175 3003 4230 οὖν
3031 4178 3404 4249 ἐπαιρόμενοι,

178 4263 252 4316 καὶ
275 4266 414 4323 ὅτιοί
443 4273 541 4336 τὰς
606 4275 738 4336 ναῦς
803 4273 1017 4344 ἔχοντες
1050 4273 1257 4328 ἰδιῶται
1292 4274 1390 4346 τὴν
1418 4274 1628 4347 Διϐύην
1657 4274 1994 4346 ἐπόρθησαν,
2054 4271 2240 4327 οὐκέτι
2299 4271 2522 4342 ἀμελεῖν
2569 4271 2670 4343 τῆς
2699 4271 2976 4346 θαλάσσης
3020 4275 3232 4346 ἤθελον,
3271 4274 3407 4330 ἀλλὰ

181 4358 254 4407 καὶ
276 4358 418 4425 αὖθις
450 4366 710 4418 ναυτικὸν
739 4366 1162 4434 συνεστήσαντο.

234 4452 316 4507 ΙΖ’.
348 4457 450 4510 Καὶ
495 4457 796 4524 Λουτάτιος
845 4459 1093 4524 Κατύλος
1119 4459 1352 4526 ,ὕπατος
1403 4462 1598 4535 ᾑρέθη,
1634 4464 1727 4518 καὶ

1904 4461 2073 4519 XVII.
2108 4461 2362 4518 Luctatio
2393 4461 2590 4518 Catulo
2619 4463 2831 4518 consuli
2856 4463 3161 4535 designato,
3198 4464 3405 4535 collega

178 4544 320 4616 τούτῳ
377 4550 798 4624 συνεξεπέμφθη
858 4553 1091 4618 Κύῖντος
1137 4554 1434 4626 Οὐαλέριος
1477 4555 1703 4616 Φλάκκοε

1880 4555 2114 4626 ljuuctus
2141 4562 2228 4610 est
2265 4553 2333 4621 ρ.
2363 4554 2616 4611 Valerius
2666 4555 2897 4626 Flaccus
2938 4556 3134 4611 aedilis.
3189 4557 3294 4623 Qui
3351 4558 3405 4612 in

179 4636 484 4710 ἀπυνομῶν.
517 4642 608 4706 οἶ,
641 4644 698 4706 ἐς
727 4643 977 4698 Σικελίαν
1009 4644 1278 4710 ἐλθόντες,
1324 4647 1416 4699 xui.
1443 4646 1586 4698 κατὰ
1615 4646 1704 4716 γῆι

1920 4645 2065 4702 iliam
2104 4645 2360 4717 profecti,
2392 4655 2450 4701 et
2484 4657 2632 4700 terra
2678 4646 2928 4716 marique
2969 4648 3280 4716 Drepanum
3313 4664 3445 4718 εις-ε

179 4728 254 4780 καὶ
276 4729 540 4787 θάλασσαν
600 4734 679 4804 τῷ
713 4736 977 4806 Δρεπάνῳ
1029 4737 1391 4807 προσέϐαλον,
1426 4737 1519 4790 καί
1545 4755 1596 4790 τι
1625 4737 1704 4791 τοί

1882 4737 2016 4802 εεεί,
2049 4745 2263 4806 partem
2294 4737 2439 4791 muri
2485 4736 2808 4808 deiecerunt
2841 4753 2856 4789 :
2895 4737 3271 4809 oppidumque
3318 4754 3407 4795 ce-

183 4821 360 4890 τείχους
388 4827 760 4897 κατήρειψαν·
812 4829 906 4879 καὶ
933 4821 1075 4880 εἷλον
1116 4827 1182 4882 ἂν
1211 4827 1366 4892 αὐτὸ,
1415 4828 1463 4880 εί
1500 4827 1598 4898 μὴ,
1628 4827 1708 4881 soi

1920 4835 2074 4892 sent,
2138 4826 2245 4882 nisi
2303 4827 2532 4882 consule
2601 4827 2925 4893 vulnerato,
2985 4828 3191 4885 milites
3260 4831 3445 4886 circa.

180 4910 354 4969 ὑπάτου
376 4918 698 4989 τρωθέντος,
733 4919 863 4988 περὶ
909 4920 1116 4972 ἐκεῖνον
1145 4920 1193 4972 oi
1229 4918 1560 4990 στρατιῶται
1615 4918 1705 4972 άπι

1887 4930 1978 4969 um
2023 4914 2277 4984 occupati
2326 4913 2585 4969 fuissent.
2637 4914 2854 4970 Interea
2909 4917 3130 4987 cognito
3161 4916 3405 4974 hostium

181 5007 545 5079 ησχολήθησαν,
574 5013 692 5066 Κάν
723 5011 899 5083 τούτῳ
938 5011 1201 5082 μαθόντες
1251 5011 1377 5074 τοὺς
1429 5011 1706 5081 πολεμίους

1882 5005 2086 5069 lventu,
2132 5005 2440 5060 llannonne
2474 5019 2726 5072 magnam
2778 5005 3000 5062 turbam
3035 5008 3200 5065 domo
3229 5010 3407 5065 addu-

180 5095 358 5151 οίκοθεν
388 5083 547 5172 ἥκειν
567 5102 809 5173 ναυτικῷ
845 5103 1062 5174 πλήθει,
1099 5105 1368 5168 Ἄννωνος
1389 5103 1705 5175 ναυαρχοῦν·

1883 5106 2016 5163 :nte,
2047 5106 2241 5153 contra
2275 5097 2399 5152 illos
2433 5111 2494 5166 se
2539 5107 2955 5154 converterunt.
2984 5100 3116 5155 Acie
3149 5103 3408 5172 utrinque

181 5203 270 5254 τος.
298 5194 423 5265 πρὸς
446 5195 690 5258 ἐκείνους
721 5195 1042 5268 ἐτράποντο.
1072 5195 1181 5249 Καὶ
1207 5195 1706 5268 άντιπαραταξαμέ·

1872 5199 2116 5254 Istructa,
2145 5197 2356 5245 astrum
2386 5187 2686 5259 quoddam,
2716 5188 2854 5245 facis
2880 5190 3074 5257 instar,
3105 5208 3270 5262 supra
3303 5194 3397 5248 Ro-

182 5295 268 5333 νων
312 5286 504 5352 αὐτῶν,
563 5287 763 5357 ἄστρον
819 5303 873 5340 τι
921 5286 1303 5357 λαμπαδῶδες,
1340 5285 1579 5358 ὕπερθεν
1615 5286 1707 5339 τῶι

1887 5295 2023 5335 auos
2055 5281 2122 5335 ad
2161 5280 2352 5335 larvam
2387 5289 2669 5346 exortum,
2704 5297 2898 5338 versus
2925 5282 3407 5354 Carthaginienses

189 5368 445 5444 Ῥωμαίων
462 5379 628 5447 φανὲν
650 5381 707 5446 ἐξ
733 5380 1049 5451 ἀριστερᾶς,
1071 5380 1152 5442 είς
1167 5378 1292 5442 τοὺς
1316 5376 1714 5457 Καρχηδονίους

1880 5391 2060 5430 :umen
2113 5375 2334 5431 direxit.
2394 5377 2580 5447 Pugna
2645 5386 2804 5432 atrox
2857 5379 3150 5434 commissa
3207 5387 3292 5432 est
3340 5379 3405 5432 ab

183 5461 323 5530 ἀρθὲν
359 5471 792 5542 ἐγκατέσκηψεν.
838 5471 1087 5538 Ἐγένετο
1141 5470 1186 5523 δ’
1214 5470 1248 5540 ἡ
1300 5468 1579 5538 ναυμαχία
1626 5468 1708 5521 καλ

1881 5471 2100 5540 trisque,
2136 5481 2250 5525 tum
2288 5472 2360 5526 ob
2411 5472 2543 5539 alia,
2603 5482 2718 5528 tum
2748 5473 2895 5541 quod
2929 5472 3406 5542 Carthaginienses

183 5553 252 5608 ἐπ’
280 5559 470 5632 ἀμφοῖν
501 5564 764 5637 καρτερά,
793 5562 858 5616 δι’
889 5562 1025 5618 ἄλλα
1045 5579 1103 5615 τε
1125 5563 1220 5617 καί
1251 5561 1339 5614 ἵνα
1366 5560 1416 5614 oi
1445 5560 1544 5632 μὲν
1571 5562 1708 5630 Καρ-

1922 5577 2108 5619 manos
2134 5563 2202 5618 ad
2238 5571 2544 5619 extremam
2583 5564 2857 5621 bellorum
2907 5564 3182 5620 navalium
3217 5563 3405 5634 despe.
3440 5633 3447 5642 Α

1219 5737 1224 5741 ς
1334 5697 1867 5762 νονὶωιεοιὶοῐιεε
1913 5709 1972 5764 et
2005 5710 2193 5764 notae.

245 5824 345 5897 (23)
392 5827 497 5882 Τοῦ
530 5827 771 5896 τείχους
806 5825 949 5893 ἐκεῖ,
980 5837 1088 5884 etc.
1129 5825 1376 5888 Mutilum
1413 5826 1593 5882 locum
1632 5824 1770 5895 puta]

1359 5841 1376 5881 ι
1413 5826 1593 5882 locum
1632 5824 1856 5895 putabat
1899 5824 2129 5883 Wolﬁus
2162 5845 2175 5880 :
2212 5827 2291 5883 sic
2321 5837 2504 5883 tamen
2535 5841 2725 5882 omnes
2756 5841 2884 5881 mss.

165 5906 177 5923 ’
373 5911 376 5915 ’
490 5922 763 5984 Parnm“
798 5923 913 5984 Gn.
950 5923 1295 5986 CXXXIV.

3014 5920 3093 5979 ‘22
