3862 6546
420 350 524 414 (137
1689 349 2016 412 JOANNIS
2054 347 2402 411 ZONARi-E'
3572 356 3662 420 €88

419 460 962 529 Carthaginiensibus
985 459 1124 516 clam
1141 460 1208 515 ad
1241 459 1596 515 rebellionem
1623 459 1832 514 incitati
1861 477 1944 514 sui

2140 461 2419 533 ρροντίσας
2471 460 2781 533 ἐπολέμησε
2827 462 2936 526 τοῖς
2993 459 3278 532 Κυρνίοις,
3327 461 3434 526 ἕως
3493 464 3665 523 αὐτοὺς

419 555 754 611 Defecerunt
778 561 836 610 et
863 554 1017 610 Corsi
1055 570 1069 608 :
1107 569 1210 610 nec
1237 554 1466 624 Ligures
1505 553 1863 623 quieverunt.
1901 552 1944 607 S

2141 553 2468 625 χειρώσατο.
2503 556 2566 610 Οί
2589 555 2653 608 ’δὲ
2694 555 2962 626 Ῥωμαῖοι
2985 553 3047 608 τὸ
3077 553 3520 625 παρασπόνδημα
3545 559 3665 613 ἀπο-

417 647 613 720 quenti
645 661 793 702 an-no
847 646 1083 702 Romani
1139 646 1314 716 copiis
1369 645 1634 701 trifariam
1681 646 1913 708 divisis.-

2142 649 2409 718 προσποιοῦ
2418 664 2571 718 μενοι
2594 647 2691 701 Επε
2701 648 2848 718 μψαν
2867 649 3048 710 αὐτοῖς
3070 646 3379 710 ἐκδιδόντες
3398 646 3478 701 τοι
3510 649 3667 704 Κλαύ-

420 739 612 795 bostes
639 739 804 794 simul
852 739 996 794 bello
1041 737 1308 802 infestati,
1357 737 1560 792 auxilia
1590 737 1824 793 invicem
1862 737 1944 792 fer

2143 753 2241 791 ιον.
2283 738 2371 801 Ὠς
2403 739 2451 792 δ’
2481 740 2583 793 οὐκ
2641 739 2860 810 ἐδέχθη,
2903 739 3184 808 ἐξήλασαν
3237 737 3423 792 αὐτόν.
3463 740 3578 794 Ἐπὶ
3620 742 3668 795 δέ

421 849 532 889 non
571 843 816 904 possent,
843 831 1224 887 Posthumium
1253 830 1513 885 Albinum
1547 831 1600 884 in
1643 830 1946 901 Ligusticut

2146 831 2525 901 ἰαρχηδονίους
2553 833 2844 903 μέλλοντες
2893 832 3270 904 στρατεύσειν.
3307 832 3383 895 ὡς
3411 835 3520 896 τοῖς
3543 834 3671 901 σφῶν

421 923 520 996 Sp.
574 924 873 981 Carvilium
925 933 1114 978 contra
1179 919 1410 998 Corsos,
1464 920 1518 974 in
1577 921 1885 975 Sardiniam
1943 923 1946 976 ζ

2147 925 2380 993 μπόροις
2415 924 2874 995 λυμαινομένους,
2912 925 3073 978 τοῦτο
3131 925 3235 996 μὲν
3283 924 3385 978 οὐκ
3411 925 3670 996 ἐποίησαν,

420 1018 742 1074 Cornelium
788 1016 1001 1071 :edilem
1053 1017 1346 1071 miserunt.
1385 1015 1654 1070 Consules
1686 1016 1817 1070 licet
1863 1015 1945 1070 bal

2152 1015 2375 1085 ρήματα
2419 1016 2466 1070 δ’
2491 1018 2959 1088 ἐπιπραξάμενοι,
2993 1016 3374 1070 ἀνενεώσαντο
3401 1016 3495 1079 τὰς
3525 1033 3671 1070 σπον-

422 1108 563 1166 citra
593 1109 860 1174 laborem,
889 1109 1028 1162 citra
1075 1123 1284 1162 moram
1335 1117 1516 1162 tamen
1558 1108 1816 1164 mandata
1859 1124 1947 1164 exs

2147 1109 2232 1171 (ις’
2267 1109 2493 1179 ἔμελλον
2550 1109 2607 1164 δὲ
2667 1111 2792 1179 μηδ’
2848 1109 2925 1174 ὣς
2958 1112 3015 1174 ἐς
3064 1110 3289 1181 μακρὰν
3343 1109 3400 1162 ai
3433 1109 3670 1177 συνθῆκαι

421 1202 534 1257 cuti
569 1210 717 1256 sunt.
756 1201 959 1255 Sardos
989 1200 1126 1254 nihil
1167 1200 1444 1255 modicum
1488 1200 1690 1255 animis
1723 1201 1946 1272 agitantt

2146 1204 2324 1255 ιένειν.
2380 1202 2460 1256 Τά
2514 1202 2613 1273 μὲν
2646 1198 2742 1258 οὖν
2793 1203 2903 1256 τῶν
2928 1202 3325 1272 Καρχηδονίων
3349 1201 3671 1271 ἀνεδέδλητο·

422 1294 696 1350 Carvilius
734 1296 941 1364 ingenti
971 1294 1164 1364 praalt'o
1195 1295 1436 1361 subegit.
1467 1295 1762 1350 Cornelius
1783 1297 1931 1350 enim

2150 1295 2210 1348 πὶ
2231 1293 2289 1348 δὲ
2306 1293 2432 1358 τοὺς
2457 1294 2781 1366 Σαρδονίους
2809 1294 2895 1366 μὴ
2910 1294 3278 1364 πειθομένους
3298 1292 3480 1352 αὐτοῖς
3500 1293 3672 1363 ἐστρά-

427 1389 584 1443 multi
616 1389 819 1443 milites
855 1388 1050 1443 morbo
1079 1388 1383 1457 perierunt.
1430 1387 1697 1442 Romanis
1729 1388 1952 1459 digressi

2155 1403 2320 1440 ευσαν
2375 1388 2472 1440 καὶ
2511 1387 2798 1458 ἐνίκησαν.
2833 1387 2992 1442 Μιτά
3023 1387 3082 1440 δέ
3117 1384 3297 1440 ταῦτα
3324 1385 3542 1438 ἔπεισαν
3565 1387 3673 1447 τοὺς

424 1482 583 1538 Sardi
631 1490 688 1536 et
743 1481 974 1551 Ligures
1046 1481 1116 1534 de
1191 1481 1406 1551 integro
1476 1480 1818 1536 defecerunt.
1879 1482 1949 1537 Co

2148 1480 2448 1550 ἓαρδονίους
2476 1479 2528 1533 oi
2579 1480 2940 1551 Καρχηδόνιοι
2995 1477 3185 1548 κρύφα
3235 1479 3353 1539 τοῖς
3415 1475 3673 1546 Ῥωμαέους

425 1584 508 1630 tra
598 1574 833 1644 Ligures
911 1573 1113 1628 missus
1193 1583 1277 1628 est
1354 1573 1399 1638 ρ
1477 1573 1679 1629 Fabius
1733 1574 1950 1629 Maximi

2153 1574 2517 1644 παναστῆναι,
2539 1573 2635 1628 καὶ
2663 1573 2878 1637 τούτοις
2894 1574 2947 1625 oi.
2969 1573 3200 1645 Κύρνιοι
3219 1572 3673 1641 προσαπέστησιν,

424 1666 480 1720 in
537 1664 850 1720 Sardiniam
906 1664 1244 1734 Pomponius
1308 1663 1541 1719 Manius.
1607 1664 1949 1737 Carthaginie

2148 1667 2222 1719 ιαὶ
2249 1668 2299 1719 οῑ
2339 1667 2542 1734 Λίγυες
2579 1667 2679 1737 οὐχ
2734 1666 3043 1736 ἡσύχασαν.
3096 1665 3191 1737 Τῷ
3239 1665 3284 1718 δ’
3338 1664 3673 1732 ἐπιγενομένῳ

423 1773 554 1823 ses,
639 1765 700 1811 ut
811 1771 1005 1810 eorum
1109 1754 1379 1809 bellorum
1472 1768 1748 1822 auctores,
1838 1758 1948 1814 host

2150 1775 2240 1812 ,τει
2267 1757 2434 1828 τριχῆ
2463 1758 2563 1821 τας
2594 1756 2856 1828 δυνάμεις
2887 1757 3190 1826 διελόμενοι
3227 1756 3283 1809 οι
3324 1755 3592 1824 Ῥωμαῖοι,
3620 1750 3675 1805 ἶν’

419 1849 673 1921 iudicati,
751 1848 890 1918 jussi
973 1862 1268 1902 numerare
1336 1848 1648 1918 pecuniam,
1719 1859 1774 1905 et
1846 1867 1944 1905 omi

2146 1852 2242 1923 ὶμα
2272 1851 2672 1922 πολεμούμενοι
2695 1852 2904 1916 πάντες
2933 1851 3009 1922 μὴ
3036 1850 3402 1920 συμϐοηθεῖεν
3428 1847 3671 1918 ἀλλήλοις,

423 1940 531 1995 bus
585 1939 782 1996 cedere
841 1937 1060 2003 insulis,
1119 1947 1178 1990 ut
1218 1952 1340 2006 quae
1399 1937 1774 1994 Roinauorum
1813 1955 1948 1995 esse:

2147 1945 2463 2016 ]οστούμιον
2487 1945 2588 2015 μὲν
2612 1945 2849 2000 Ἀλϐῖνον
2878 1945 2961 2008 είς
2990 1944 3090 2014 τὴν
3137 1943 3497 2011 Λιγυστικὴν,
3524 1941 3672 1993 Σπού-

425 2033 496 2088 Ει
524 2039 586 2086 ut
617 2030 974 2103 sententiam
1013 2044 1168 2084 suam
1222 2044 1392 2098 magis
1420 2028 1782 2097 declararent,
1811 2033 1950 2088 hasta

2144 2053 2245 2089 nov
2295 2036 2354 2090 δὲ
2403 2038 2733 2106 Καρουΐλιον
2783 2039 2876 2091 ἐπὶ
2929 2037 3057 2100 τοὺς
3086 2039 3390 2108 Κυρνίους,
3437 2035 3669 2106 ἐςδὲτὴν

429 2123 537 2178 illis
559 2130 623 2176 et
671 2122 976 2178 caduceum
1031 2123 1318 2184 miserunt,
1359 2124 1582 2192 optione
1641 2124 1788 2191 data,
1836 2138 1954 2182 utru

2142 2129 2314 2198 Σαρδὼ
2330 2129 2422 2182 τὸν
2442 2130 2749 2201 ἀστυνόμον
2781 2130 3056 2184 Πούπλιον
3089 2129 3403 2200 Κορνήλιον
3429 2127 3667 2196 ἔπεμψαν.

423 2215 668 2270 mallent.
793 2213 897 2268 Sed
989 2203 1470 2284 Carthaginienses
1572 2217 1710 2270 nihil
1811 2219 1939 2273 lcrri

2142 2221 2234 2274 (αὶ
2269 2223 2317 2274 oi
2361 2222 2460 2290 μὲν
2485 2220 2684 2275 ὕπατοι
2717 2223 2818 2276 οὐκ
2849 2221 3225 2292 ἀπόνως-μὲν,
3278 2221 3341 2274 οὗ
3381 2220 3600 2290 βραδέως
3622 2218 3667 2271 δὲ

432 2318 548 2362 tum
613 2304 681 2360 ad
759 2307 866 2360 alia
945 2307 1351 2376 responderunt
1418 2309 1690 2378 asperius,
1779 2319 1893 2364 tum

2141 2313 2192 2365 ςά
2221 2314 2638 2386 προσταχθέντα
2656 2315 2810 2385 σφίσι
2836 2312 3217 2384 κατέπραξαν.
3249 2314 3392 2377 Τοὺς
3418 2312 3470 2364 δὲ
3496 2309 3666 2380 Σαρδο-

439 2405 700 2452 neutrum
730 2395 868 2450 velle
905 2395 1188 2460 dixerunt,
1239 2396 1335 2450 sed
1381 2396 1514 2452 illud
1564 2398 1819 2453 alacriter
1863 2414 1964 2455 aco

2145 2401 2269 2461 νίους
2290 2404 2364 2473 μή
2387 2419 2441 2455 τι.
2469 2403 2695 2473 μέτριον
2717 2403 3052 2474 φρονοῦντας
3079 2402 3284 2472 ἰσχυρᾷ
3303 2401 3450 2473 μάχῃ
3471 2399 3670 2469 Reposi-

431 2499 648 2558 pturos,
682 2487 831 2556 quod
868 2485 1032 2556 legati
1084 2485 1458 2555 reliquissent.
1501 2486 1600 2543 liic
1630 2489 1838 2544 mutuis
1874 2490 1956 2544 odi

2145 2511 2236 2558 ,ιος
2255 2493 2666 2564 κατεστρέψατο
2684 2508 2704 2528 ·
2725 2499 2754 2547 ὁ
2783 2496 2896 2566 γὰρ
2929 2496 3234 2564 Κορνήλιος
3281 2494 3376 2548 καὶ
3405 2495 3508 2545 τῶν
3536 2509 3670 2563 στρα-

427 2578 736 2650 conceptis,
775 2578 958 2631 neutri
988 2577 1192 2631 bellum
1227 2578 1504 2647 auspicari
1531 2587 1662 2633 sunt
1698 2581 1844 2636 ausi.
1876 2581 1952 2636 Co

2142 2586 2335 2640 ςιωτῶν
2390 2587 2578 2640 πολλοὶ
2625 2587 2732 2642 ὑπὸ
2785 2588 2943 2640 νόσου
2973 2587 3322 2660 ἐφθάρησαν.
3404 2587 3546 2639 Ἐπεὶ
3567 2586 3667 2638 δὀί

427 2679 510 2724 tra
537 2666 743 2742 Sardos
774 2674 959 2721 autem
994 2666 1178 2720 denuo
1210 2667 1633 2732 tumultuantes,
1679 2669 1842 2728 ambo
1872 2684 1952 2725 co:

2143 2680 2397 2749 Ῥωμαῖοι
2419 2681 2482 2733 ἐκ
2497 2679 2599 2749 τῆς
2620 2681 2802 2751 χώρας
2823 2680 3004 2734 αὐτῶν
3023 2681 3447 2750 ἀπηλλάγησαν,
3465 2679 3668 2748 ἀπέστη.

425 2763 500 2818 Μ.
524 2762 808 2818 Malleolus
843 2771 899 2816 et
933 2760 1009 2814 Μ.
1053 2759 1312 2815 Αἰιιιίιίιιε
1351 2761 1529 2827 missi,
1574 2764 1830 2832 magnam
1879 2779 1950 2833 νο

2142 2790 2220 2826 παν
2251 2772 2410 2836 αὖθις
2462 2774 2512 2826 oi
2545 2773 2826 2844 Σαρδόνιοι
2856 2773 2952 2828 καὶ
2984 2776 3033 2827 οί
3081 2774 3312 2843 Λίγυες.
3339 2775 3553 2836 Κύϊντος
3588 2773 3667 2841 μὲν

426 2857 551 2912 dam
579 2863 848 2926 ceperunt
875 2871 890 2908 :
921 2869 1043 2925 quae
1070 2859 1152 2908 eis
1185 2871 1215 2908 a
1239 2854 1445 2920 Corsis,
1483 2871 1610 2910 eum
1663 2871 1731 2912 eo
1773 2857 1951 2927 appuli

2140 2861 2212 2918 ιῦν
2236 2862 2438 2926 Φάϐιος
2472 2863 2726 2933 Μάξιμος
2763 2865 3020 2934 ἐπέμφθη
3048 2866 3192 2936 πρὸς
3212 2867 3438 2935 Λίγυας,
3469 2867 3521 2929 ἐς
3542 2864 3593 2918 δέ
3615 2879 3665 2932 γε

427 2956 573 3014 sent,
603 2955 692 3002 est
716 2957 926 3016 erepta.
967 2945 1083 3011 Qua
1115 2945 1181 3000 de
1217 2961 1379 3000 causa
1412 2956 1538 3016 post
1566 2947 1799 3002 Romani
1831 2957 1952 3006 utro

2143 2957 2218 3026 γὴν
2243 2956 2434 3032 Σαρδὼ
2466 2958 2793 3028 Πομπώνιος
2819 2959 3049 3022 Μάνιος.
3083 2959 3229 3023 Tati;
3256 2977 3320 3029 γε
3352 2960 3456 3031 μὴν
3484 2962 3668 3030 Καρχηο

427 3057 536 3113 que
570 3042 910 3095 invaserunt.
941 3038 1012 3092 Μ.
1039 3038 1397 3107 Pomponius,
1430 3042 1524 3108 qui
1552 3037 1756 3095 Sardos
1787 3039 1952 3095 infcst

2140 3051 2353 3114 iaviouc,
2382 3049 2458 3113 ὼς
2487 3051 2696 3114 αίτίους
2719 3051 2902 3114 αὐτοῖς
2925 3052 3036 3105 τῶν
3057 3052 3319 3122 πολέμων
3349 3053 3520 3120 ὄντας,
3536 3053 3665 3105 πολε-

427 3135 539 3201 bat,
576 3149 701 3190 cum
755 3147 948 3190 eorum
1001 3131 1273 3202 plurimos
1321 3131 1376 3184 in
1429 3133 1688 3188 saltuosis
1736 3135 1952 3204 specnbi

2140 3139 2279 3204 ιίους
2303 3141 2545 3211 ἔκριναν,
2579 3142 2674 3195 καὶ
2703 3143 3190 3216 πέμψαντεςπρδς
3217 3143 3665 3215 αὐτοὺς,χρήματά

427 3228 646 3284 abditos
691 3227 965 3298 indagare
1009 3242 1120 3281 non
1174 3235 1382 3294 posset,
1430 3241 1656 3295 sagaces
1718 3243 1882 3283 canes
1947 3251 1952 3279 ι

2140 3251 2176 3286 πε
2205 3233 2473 3305 ἀπῄτουν,
2515 3236 2608 3288 καὶ
2635 3235 2871 3290 ἀπασῶν
2894 3237 3114 3291 ἐκπλεῖν
3137 3239 3250 3291 τῶν
3271 3240 3445 3308 νήσων
3474 3239 3665 3290 ἐπέτατ-

429 3322 582 3376 ltalia
615 3319 908 3376 accersivit
941 3335 955 3374 :
990 3334 1089 3389 per
1119 3333 1328 3387 eosque
1377 3318 1695 3374 tramitibus
1725 3318 1954 3375 hominu

2138 3345 2235 3393 τον,
2271 3329 2348 3394 ὡς
2379 3330 2566 3393 αὐτοῖς
2618 3331 3019 3402 διαφερουσῶν.
3077 3332 3460 3401 Ἐκφαίνοντες
3507 3332 3557 3386 δέ
3588 3331 3663 3383 καὶ

427 3425 486 3468 et
538 3412 813 3483 pecudum
867 3409 1230 3480 investigatis,
1307 3409 1511 3464 multos
1578 3411 1706 3467 inde
1754 3418 1952 3468 extraxi

2138 3424 2221 3491 ςὴν
2242 3423 2514 3492 σφετέραν
2543 3422 2806 3490 διάνοιαν,
2839 3425 2970 3496 δόρυ
3001 3425 3194 3488 αὑτοῖς
3221 3425 3547 3489 ἐπέστειλαν,
3587 3423 3663 3474 καὶ

427 3505 592 3562 Caius
613 3521 742 3562 vero
778 3504 1029 3574 Papirius
1056 3501 1260 3558 Cursor
1298 3503 1525 3570 planitie
1555 3504 1766 3574 pulsos,
1801 3521 1926 3561 cum

2140 3514 2410 3583 ιηρύκιον,
2451 3513 2510 3568 ἒν
2537 3514 2757 3568 ἑλέσθαι
2787 3502 3106 3580 κελεῦοντες
3133 3520 3324 3571 ὁποῖον
3345 3518 3409 3570 ἂν
3433 3515 3665 3583 ἐθελήσω-

429 3609 644 3653 montes
673 3596 964 3668 adegisset,
1015 3610 1116 3667 per
1171 3592 1400 3650 insidias
1433 3596 1639 3652 multos
1680 3601 1864 3653 amisit
1901 3619 1914 3655 :

2137 3622 2229 3659 τιν.
2250 3607 2312 3659 Οί
2335 3605 2414 3672 δὲ,
2440 3606 2606 3676 μηδὲν
2630 3607 2882 3677 ὑποπτήξ
2894 3625 3065 3674 ιντες,
3092 3609 3160 3663 τά
3190 3628 3248 3662 τε
3271 3609 3404 3664 ἄλλα
3435 3605 3662 3678 τραχύτε-

432 3706 545 3760 pm:
585 3689 675 3745 siti
729 3689 916 3759 plures
967 3688 1265 3744 antisisset.
1311 3687 1366 3742 ni
1414 3703 1540 3744 sero
1594 3689 1814 3746 tandem
1873 3709 1957 3763 aqu

2136 3715 2218 3766 ρον
2252 3699 2645 3767 ἀπεκρίναντο,
2685 3700 2780 3752 καὶ
2802 3701 2910 3753 τῶν
2930 3700 3299 3770 πεμφθέντων
3331 3701 3503 3770 σφίσιν
3521 3698 3661 3765 αἱρεῖ-

433 3782 678 3845 inventa,
731 3778 920 3836 Corsis
969 3787 1029 3834 ut
1073 3778 1412 3835 deditionem
1463 3779 1729 3846 facerent,
1788 3772 1952 3853 persu

2134 3792 2250 3845 σθαι
2277 3791 2375 3861 μέν
2402 3786 2558 3844 εἶπον
2591 3792 2896 3863 οὐδέτερον,
2949 3793 3211 3862 δέχεσθαι
3232 3793 3278 3847 δ’
3310 3794 3528 3862 ἑτοίμως
3553 3786 3659 3842 ὁπό-

431 3875 616 3929 δὶεεειο
2123 3901 2285 3956 τερον
2311 3883 2751 3953 καταλείψουσιν.
2803 3885 3089 3940 Ἐντεῦθεν
3127 3886 3234 3956 μὲν
3286 3885 3500 3956 ἐμίσουν
3527 3881 3662 3949 ἀλλή-

368 3961 579 4031 ’-λουςν
608 3963 818 4021 ὤκνουν
847 3967 904 4022 δὲ
950 3967 1191 4037 πολέμου
1239 3965 1637 4039 κατάρξασθαι.
1664 3970 2010 4043 Κινηθέντων
2045 3979 2091 4034 δ’
2157 3974 2315 4042 αὖθις
2340 3978 2450 4032 τῶν
2472 3979 2796 4049 Σαρδονίων,
2833 3980 2921 4034 ἐπ’
2955 3981 3156 4044 αὐτοὺς
3189 3983 3238 4035 οί
3275 3981 3464 4035 ὕπατοι
3524 3978 3662 4048 ἄμφω

399 4077 412 4084 '
431 4059 822 4132 ἐσξράτευσαν,
851 4060 1078 4132 Μάρκος
1109 4059 1165 4112 δὲ
1200 4059 1478 4124 Μαλέολος
1534 4061 1628 4116 καὶ
1658 4063 1886 4132 Μάρκος
1913 4070 2201 4141 Δίμίλιος·
2265 4072 2363 4126 καὶ
2393 4071 2564 4126 πολλά
2621 4073 2721 4143 μὲν
2750 4073 2971 4146 λάφυρα
2997 4073 3219 4131 ἔλαϐον.
3290 4076 3335 4128 Π
3345 4074 3444 4144 1ρὰ
3497 4071 3546 4125 δὲ
3573 4067 3660 4120 τῶν

433 4153 686 4223 Κυρνίων
712 4155 1066 4225 προσχόντες,
1092 4153 1277 4215 αὐτοῖς
1306 4151 1449 4208 αὖτά
1480 4154 1860 4226 ἀφῃρέθησαν.
1918 4161 2011 4215 Διὸ
2047 4164 2188 4234 μετά
2245 4162 2422 4218 ταῦτα
2447 4165 2534 4218 ἐπ’
2565 4166 2917 4236 ἀμφοτέρους
2979 4159 3048 4220 οῖ’
3073 4169 3342 4239 Ῥωμαῖοι
3381 4165 3656 4236 ἑτράποντου

437 4247 548 4300 Καὶ
582 4248 806 4317 Μάρκο;
864 4245 962 4315 μὲν
999 4245 1327 4314 Πομπώνιος
1357 4244 1630 4314 Σαρδόνας
1677 4247 1794 4317 (25)
1862 4249 2046 4322 ἔφερε,
2089 4254 2184 4308 καὶ
2214 4255 2414 4326 ,μαθὼν
2466 4257 2593 4322 τοὺς
2640 4257 2896 4320 πλείονας
2925 4258 3108 4312 αὐτῶν
3133 4263 3192 4323 ἐς
3229 4261 3460 4330 σπήλαια
3513 4254 3659 4321 ὑλώδη

437 4343 532 4395 καὶ
585 4339 950 4409 δυσεξεύρετοι
983 4337 1345 4404 καταδύντας,
1398 4337 1491 4409 μὴ.
1529 4339 1828 4408 δυνάμενός
1889 4361 1950 4396 τε
2014 4347 2216 4412 αὐτοὺς
2283 4351 2485 4422 εὑρεῖν,
2546 4352 2714 4416 κύνας
2773 4356 2838 4407 ἐκ
2895 4353 3281 4425 τῆς-Ἰταλίας
3315 4347 3659 4422 μετεπέμψατο

439 4431 686 4503 εῠρινας,
713 4429 810 4483 καὶ⁹
839 4427 908 4482 δι’
943 4429 1167 4483 ἐκείνων
1195 4431 1288 4483 τὶν
1332 4429 1516 4483 στίὸον
1563 4431 1796 4488 καὶτῶν
1843 4436 2149 4508 ἀνθρώπων
2198 4445 2294 4497 καὶ
2355 4445 2466 4500 τῶν
2527 4446 2890 4516 βοσκημάτων
2916 4447 3112 4518 εὑρὼν,
3151 4447 3324 4501 πολλὰ
3374 4442 3656 4511 ἀπετέμετο-

439 4521 601 4584 Γὰῖος
632 4520 688 4573 δὲ
719 4518 1020 4592 Παπείριος
1054 4520 1120 4572 ἐκ
1161 4520 1260 4591 μὲν
1294 4519 1403 4575 τῶν
1461 4521 1663 4576 πεδίων
1713 4525 1840 4590 τοὺς
1891 4530 2163 4599 Κυρνίους
2218 4535 2502 4604 ἀπήλασεο
2571 4537 2890 4609 βιαζόμενος
2938 4539 2996 4593 δὲ
3063 4539 3204 4609 πρὸς
3234 4540 3300 4592 τὰ
3319 4538 3436 4608 ὅρη,
3468 4534 3658 4603 συχνοὺς

439 4620 499 4687 ἐξ
532 4617 754 4686 ἐνέδρας
777 4614 1040 4682 ἀπέϐαλε,
1077 4616 1299 4679 πλείους
1330 4631 1392 4669 τε
1446 4615 1513 4670 ἂν
1566 4616 1760 4682 ὕδατος
1807 4623 2016 4697 ἀπορίᾳ
2054 4627 2356 4697 ἀπώλεσεν,
2406 4634 2455 4686 εί
2493 4634 2568 4703 μή
2640 4651 2745 4688 που
2809 4633 2956 4705 ὕδωρ
2997 4633 3096 4703 ὀψέ
3132 4651 3264 4688 ποτε
3315 4623 3567 4700 ἀνεφάνη,
3585 4625 3657 4678 καὶ

439 4715 624 4781 ἔπεισε
657 4712 776 4776 τοὺς
805 4710 1076 4785 Κυρνίους
1098 4710 1455 4783 ὁμολογῆσαι.
3425 4708 3434 4711 ”

493 4804 653 4862 .Χ1Χ.
677 4804 791 4860 Sub
817 4806 923 4860 hoc
943 4813 1161 4875 tempus
1181 4803 1425 4860 Amilcar
1449 4805 1562 4861 dux
1582 4805 2005 4880 Carthaginian.

2181 4815 2283 4870 18’.
2322 4817 2479 4872 Κατά
2508 4816 2698 4871 τοῦτον
2723 4818 2813 4870 τὸν
2851 4819 3044 4888 χρόνον
3098 4823 3194 4874 καὶ
3220 4818 3480 4888 Ἀμίλκας
3509 4815 3535 4867 ὁ
3561 4813 3651 4864 τῶν

437 4896 606 4960 sium,
627 4895 695 4967 ab
722 4894 978 4964 Hispanis
1005 4895 1188 4950 victus
1217 4895 1501 4950 occubuit.
1523 4895 1659 4950 Nam
1685 4912 1811 4952 cum
1846 4902 1962 4956 acie

2130 4909 2513 4981 Καρχηδονίων
2541 4912 2846 4984 στρατηγὸς
2881 4912 3018 4982 πρὸς
3059 4912 3169 4983 Ὶσή
3180 4931 3289 4985 ρων
3310 4909 3538 4981 νικηθεὶς
3557 4904 3655 4956 ἐθα-

440 4993 632 5038 contra
659 4997 756 5037 eos
797 4984 1190 5050 instruxisset,
1222 4985 1298 5040 illi
1334 5001 1537 5040 currus
1575 4985 1792 5043 facibus
1821 5000 1876 5044 ct
1903 4991 1965 5060 pi

2128 5017 2233 5057 νεν.
2270 5003 2880 5074 ’Δντιπαραταξαμένου
2907 5007 3018 5076 γὰρ
3039 4984 3246 5075 σφίσιν,
3280 5003 3486 5075 ἀμάξας
3513 4996 3653 5067 δᾴδων

440 5075 634 5145 plenos
666 5083 793 5129 ante
847 5074 1011 5146 402
1059 5078 1248 5146 copias
1299 5075 1844 5147 Carthaginiensium
1899 5097 1964 5152 pr

2129 5092 2218 5145 ml
2248 5092 2449 5162 πίσσης
2485 5098 2686 5163 μεστὰς
2719 5096 2825 5165 πρὸ
2857 5095 2952 5148 τοῦ
2987 5074 3236 5168 στρατοῦ
3271 5074 3377 5150 τῶν
3415 5087 3654 5160 Καρχηδο-

443 5167 717 5222 duxerunt
749 5183 772 5220 ι
807 5181 1044 5236 cumque
1077 5184 1250 5238 prope
1281 5179 1510 5224 ventum
1540 5180 1718 5234 esset,
1744 5173 1812 5228 iis
1835 5173 1968 5230 inec:

2125 5183 2254 5237 νίων
2292 5187 2630 5255 προήγαγον,
2667 5191 2758 5241 καὶ
2807 5167 3212 5259 πλησιάσαντες
3246 5187 3451 5259 ἀνῆψαν
3492 5181 3650 5239 αὐτᾶς.

443 5261 542 5327 sis,
573 5262 822 5332 iumenta
843 5261 1073 5317 incitata
1105 5263 1160 5316 in
1195 5263 1406 5318 rabiem
1447 5275 1718 5334 egerunt:
1759 5282 1937 5337 eaque

2126 5275 2222 5327 καὶ
2249 5275 2317 5327 τά
2367 5275 2597 5330 ἕλκοντα
2649 5279 2820 5343 αὑτὰς
2848 5279 3123 5348 ὑποζύγια
3179 5263 3651 5346 ἐπισπέρχοντεςοῗ·

442 5353 792 5409 adversarios
821 5353 1072 5408 turbatos
1092 5393 1107 5417 ,
1135 5352 1408 5417 divulsos,
1441 5365 1498 5409 et
1534 5358 1591 5410 in
1623 5358 1805 5428 fugam
1833 5374 1967 5413 versu

2132 5383 2394 5436 στρησαν.
2420 5370 2545 5422 Κὰκ
2569 5371 2758 5424 τούτου
2784 5372 3267 5443 συνταραχθέντων
3285 5369 3387 5423 τῶν
3411 5358 3647 5419 ἐναντίων.

432 5449 737 5510 assectati,
769 5455 835 5511 et.
866 5445 1065 5500 ducem
1092 5455 1148 5500 et
1178 5447 1445 5515 plurimos
1485 5448 1624 5503 alios
1671 5450 1952 5505 ceciilcrut

2129 5457 2572 5516 διασπασθέντων
2597 5481 2656 5516 τε
2687 5463 2783 5518 καὶ
2815 5466 3199 5536 τραπομένων,
3229 5463 3466 5533 ἑπόμενοι
3499 5450 3648 5536 xiixii-

439 5537 703 5594 Amilcari
749 5549 874 5609 post
913 5539 1229 5594 diuturnam
1260 5537 1580 5595 felicitatem
1614 5544 1680 5596 ad
1717 5543 1866 5596 hunc
1900 5557 1964 5596 m4

2130 5540 2221 5602 νον
2255 5552 2349 5602 καὶ
2373 5551 2566 5616 ἀλλους
2591 5534 2874 5620 πλείστους
2902 5534 3222 5628 ἐφόνευσαν.
3245 5556 3350 5611 Καὶ
3391 5553 3416 5606 ὁ
3440 5548 3546 5622 μὲν»
3574 5534 3645 5594 ἐπὶ

1649 5683 1856 5745 Varias
1897 5685 2206 5750 lectiones
2252 5699 2311 5753 et
2349 5703 2538 5758 note).

503 5796 631 5868 425.)
674 5797 1012 5868 Σαρόῶγας.
1049 5799 1181 5866 Mss.
1200 5813 1394 5857 omnes
1423 5799 1690 5875 Σιρδόνας
1721 5801 1950 5863 habent.
