3862 6572
203 503 302 566 689

1419 488 1820 560 ANNALIUM
1862 497 2004 559 LIB.
2041 500 2204 562 vm.

3340 497 3442 560 690

203 609 442 660 πλεῖστον
469 604 729 676 ἀνθήσας,
766 604 944 668 οὕτως
971 602 1315 674 ἐτελεύτησε.
1352 603 1763 675 Τελευτήσαντα

1867 603 1996 658 dum
2063 602 2382 669 interfecto,
2438 619 2608 675 gener
2665 604 2935 660 A‘sdrub'al
3002 607 3318 666 successit:
3378 627 3442 666 ac

201 700 252 752 δὲ
279 697 439 750 αὐτὸν
475 696 808 766 ’Δσδρούϐας
841 698 870 750 ό
897 697 1154 768 Γαμϐρδς
1196 695 1486 761 διεδέξατο,
1537 697 1633 750 καὶ
1662 697 1760 765 τῆς

210 789 440 859 Ἰϐηᾴας
494 789 665 842 πολλὰ
719 791 1156 861 προσεκτήσατο,
1220 789 1377 843 πόλιν
1410 807 1469 841 τε
1503 790 1562 842 ἐν
1618 790 1758 860 αύτῇ

201 880 512 950 Καρχηδόνα
537 880 833 952 ὁμώνυμον
859 884 924 952 τῇ
957 879 1177 951 πατρίδι
1209 880 1411 935 ἔκτισε.
1457 882 1578 934 Τῶν
1605 883 1662 936 δέ
1693 899 1759 951 γε

201 970 420 1022 Βοουῖων
442 970 668 1023 καὶτῶν
686 970 862 1024 ἄλλων
888 971 1146 1025 Γαλατῶν
1169 971 1340 1024 πολλὰ
1364 972 1462 1042 μὲν
1479 971 1576 1025 καὶ
1601 972 1757 1038 ἄλλα,

201 1061 474 1124 πλείστους
497 1062 554 1115 δὲ
583 1062 678 1115 καὶ
709 1062 1088 1133 αἰχμαλώτους
1115 1063 1463 1129 πωλούντων,
1485 1064 1762 1127 δείσαντες

195 1157 238 1207 ti
277 1155 539 1223 Ῥωμαῖοι
571 1156 781 1223 μήποτε
808 1156 930 1208 κατ’
961 1155 1142 1210 αὐτῶν
1173 1158 1286 1219 τοῖς
1337 1159 1584 1228 χρήμασι
1626 1157 1761 1228 χρή-

196 1262 404 1307 cernat,
426 1247 662 1299 ἀπεῖπον
682 1246 886 1318 μηδένα
911 1247 1070 1317 ’ἀνδρὶ
1097 1247 1312 1318 Γαλάτῃ
1340 1249 1465 1319 μήτ’
1495 1249 1760 1318 ἀργύριον

197 1339 322 1408 μήτε
377 1339 602 1406 χρυσίον
659 1339 887 1394 διδόναι.
959 1339 1246 1393 Ἐντεῦθεν
1294 1342 1344 1392 oi
1397 1341 1759 1410 Καρχηδόνιοι

197 1429 444 1499 μαθόντες
475 1431 605 1493 τοὺς
629 1430 871 1494 ὑπάτους
895 1432 1123 1502 Μάρκον
1143 1431 1390 1504 Αἰμίλιον
1411 1433 1505 1487 καὶ
1528 1433 1760 1504 Μάρκον

202 1522 407 1574 Ἰούνιον
430 1523 514 1584 εἰς
541 1523 638 1592 τὴν
669 1523 1006 1594 Λιγυστικὴν
1035 1524 1376 1594 ἀπάραντας,
1412 1526 1760 1595 παρεσκευά-

191 1614 333 1677 ζοντο
362 1615 444 1678 είς
479 1615 583 1686 τὴν
623 1614 844 1685 Ῥώμην
875 1615 1090 1671 ἐλάσαι.
1117 1617 1358 1670 Γνόντων
1379 1616 1434 1668 δὲ
1459 1615 1620 1670 τοῦτο
1648 1619 1759 1669 τῶν

190 1705 420 1770 ὑπάτων,
451 1706 553 1760 καὶ
579 1709 666 1760 ἐπ’
693 1709 892 1772 αὐτοὺς
920 1709 1115 1780 ἀθρόον
1149 1709 1509 1780 ὡρμηκότων,
1534 1709 1762 1775 ἐξεπλά-

188 1813 373 1866 γησαν,
409 1798 512 1850 καὶ
543 1799 868 1868 ἀπήντησαν
894 1800 1081 1864 αὐτοῖς
1102 1801 1178 1862 ὡς
1200 1800 1388 1869 φίλιοι.
1414 1801 1672 1856 Κάκείνοι
1702 1804 1760 1856 δὲ

187 1889 563 1961 ὁπεκρίθησαν
606 1892 690 1945 ὅτι
748 1893 852 1946 οὐκ
907 1892 995 1946 ἐπ’
1035 1893 1277 1956 ἐκείνους
1318 1893 1586 1965 ἀπῄεσαν,
1622 1895 1756 1948 ἀλλά

185 1982 266 2036 διὰ
287 1983 385 2051 τῆς
428 1981 615 2054 χώρας
651 1984 922 2048 curavi;
959 1987 1088 2051 τοὺς
1119 1986 1351 2054 Λίγυας.
1408 1987 1672 2056 Ῥωμαῖοι
1703 1988 1760 2042 δὲ

188 2073 271 2124 τόν
303 2089 359 2125 τε
415 2073 607 2128 Ἰόνιον
642 2076 1080 2147 ἐπεραιώθησαν,
1129 2081 1224 2131 καὶ
1255 2079 1354 2147 τῆς
1400 2079 1628 2148 ἠπείρου
1658 2080 1760 2149 τῆς

188 2165 476 2235 ἑλληνικῆς
552 2166 799 2236 ἥψαντο*
867 2170 1140 2241 πρόφασις
1183 2171 1229 2224 δ’
1261 2173 1446 2234 αὐτοῖς
1495 2171 1586 2225 τοῦ
1623 2173 1758 2226 πλοῦ

188 2257 398 2322 ἐγένετο
431 2258 549 2329 ἥδε.
586 2261 740 2314 Ἴσσα
775 2261 937 2327 νῆσός
970 2263 1139 2327 ἐστιν,
1169 2265 1228 2323 ἐν
1262 2263 1339 2334 τῷ
1378 2263 1552 2334 Ἰονίῳ
1573 2265 1759 2335 κόλπῳ

191 2349 440 2420 κειμένη.
473 2353 539 2405 Οί
571 2353 706 2422 γοῦν
738 2355 942 2426 ταύτης
970 2357 1214 2411 κάτοικοι
1242 2358 1463 2412 ἰσσαῖοι
1489 2357 1760 2430 καλούμε-

190 2458 282 2506 νοι,
323 2443 610 2498 ἐθελονταὶ
658 2447 776 2510 τοῖς
826 2445 1123 2518 Ῥωμαίοις
1144 2448 1598 2520 παραδεδώκασιν
1626 2452 1757 2504 ἑαυ-

189 2537 324 2600 τοὺς,
352 2536 444 2605 τῷ
466 2539 617 2608 σφῶν
643 2537 936 2605 κρατοῦντι
960 2541 1254 2612 ἀχθόμενοι
1282 2541 1517 2612 Ἀχρῶνι
1547 2544 1623 2614 τῷ
1651 2542 1761 2596 τῶν

191 2629 492 2699 Σαρδιαίων
533 2629 782 2699 βασιλεῖ,
821 2631 1016 2701 γένους
1063 2632 1385 2703 Ἰλλυρικοῦ.
1438 2634 1582 2704 Πρὸς
1619 2634 1679 2688 ὃν
1707 2636 1758 2688 oi

189 2721 380 2776 ὓπατοι
436 2721 694 2794 πρέσϐεις
744 2722 1021 2794 ἔπεμψαν.
1074 2724 1320 2778 Ἐκείνου
1350 2725 1408 2780 δὲ
1440 2725 1758 2792 τεθνεῶτος,

189 2813 274 2866 ἐπὶ
320 2815 433 2885 υίῷ
471 2815 699 2887 διαδόχῳ
741 2816 897 2870 παιδὶ
939 2815 1020 2870 ἔτι
1071 2818 1105 2886 ή
1138 2817 1348 2870 ἐκείνου
1380 2819 1543 2889 γυνὴ,
1577 2818 1672 2873 τοῦ
1703 2819 1760 2874 δὲ

191 2906 370 2970 παιδὸς
398 2909 660 2978 μητρυιὰ,
690 2908 791 2978 τὴν
819 2906 928 2961 τῶν
961 2907 1263 2978 Σαρδιαίων
1282 2907 1394 2979 (26)
1432 2910 1638 2962 διεῖπεν
1660 2911 1760 2981 ἀρ⁴

191 2997 321 3066 χήν·
345 2997 381 3068 ἢ
417 2999 531 3060 τοῖς
580 2999 878 3070 πρέσϐεσιν
921 2998 1078 3053 οὐδὲν
1131 2999 1355 3070 μέτριον
1390 3002 1756 3072 ἐχρημάτισε.

196 3088 756 3160 [Ιαρρησιασαμένους
789 3089 846 3143 δὲ
881 3089 1007 3152 τοὺς
1043 3089 1144 3159 μὲν
1179 3090 1360 3162 ἔδησε,
1400 3093 1527 3154 τοὺς
1564 3090 1623 3144 δὲ
1650 3093 1759 3146 ἁπ-

1862 697 2051 751 multis
2065 697 2344 768 Hispania:
2373 699 2605 754 urbibus
2637 699 2904 760 subactis.
2931 699 3317 772 carthaginem
3348 720 3444 773 pa-

1864 788 1980 843 trie
2009 791 2390 861 cognominem
2424 792 2697 846 condidit.
2723 791 2874 847 Boiis
2907 793 3232 863 caeterisque
3275 793 3444 850 Gallis

1861 896 1927 936 ex
1958 883 2276 940 venditione
2301 892 2413 938 tum
2446 884 2677 939 aliarum
2702 899 2912 950 rerum,
2938 893 3051 940 tum
3076 885 3440 956 plurimorum

1860 974 2231 1042 captivorum,
2259 991 2508 1046 magnam
2542 977 2835 1046 pecuniam
2867 975 3223 1042 facientibus,
3273 977 3439 1034 veriti

1859 1065 2116 1132 Romani,
2151 1080 2220 1120 ne
2255 1066 2323 1121 iis
2356 1067 2556 1137 opibus
2582 1077 2778 1122 contra
2809 1083 2867 1122 se
2899 1075 3213 1131 uterentur,
3250 1068 3441 1124 edixe-

1795 1213 1809 1228 ,
1860 1165 2124 1224 runt,‘ne
2155 1157 2282 1227 quis
2318 1159 2528 1214 homini
2576 1159 2733 1216 Gallo
2761 1160 2846 1214 vel
2880 1176 3075 1215 aurum
3107 1162 3194 1216 vel
3241 1177 3441 1232 argen-

1863 1258 1978 1304 tum
2019 1249 2203 1306 daret.
2249 1250 2455 1306 Deinde
2493 1252 2981 1324 Carthaginienses
3025 1253 3094 1308 M.
3149 1253 3355 1309 Emilii
3384 1265 3440 1311 et

1860 1339 1930 1394 M.
1963 1339 2113 1396 Junil
2155 1341 2209 1395 in
2262 1342 2602 1413 Ligusticum
2633 1345 2986 1415 expeditione
3013 1347 3253 1416 cognita,
3284 1362 3340 1402 se
3369 1347 3438 1402 ad
3509 1415 3511 1420 η

1859 1435 2089 1489 Romam
2111 1436 2472 1491 invadendam
2499 1447 2848 1507 paraverunt.
2867 1439 2985 1506 Quo
3001 1441 3252 1497 consules
3274 1443 3437 1496 intel-

1857 1525 2020 1591 lecto,
2058 1542 2127 1582 ex
2169 1527 2468 1598 improviso
2497 1543 2594 1584 eos
2625 1529 2804 1583 adorti
2843 1539 3206 1596 terruerunt,
3243 1539 3304 1584 ut
3338 1547 3438 1601 per

1859 1616 2118 1671 amicitiae
2153 1617 2396 1688 speciem
2430 1619 2513 1673 eis
2547 1619 2764 1673 obviam
2791 1621 3210 1686 egrederentur.
3255 1621 3440 1675 Simu-
3475 1688 3481 1693 ε

1858 1706 2046 1761 larunt
2076 1708 2154 1762 illi
2190 1724 2410 1779 quoque
2441 1725 2500 1764 se
2525 1726 2634 1764 non
2683 1720 2874 1765 contra
2921 1710 3046 1764 illos
3080 1725 3202 1765 esse
3253 1711 3436 1780 prore;

1859 1811 2014 1864 ctos,
2047 1803 2143 1857 sed
2183 1818 2283 1872 per
2331 1818 2522 1857 eorum
2572 1819 2762 1872 agrum
2809 1803 2862 1856 in
2905 1790 3185 1873 Liguriam
3236 1803 3433 1858 ituros.

1860 1894 2092 1948 Romani
2121 1894 2245 1948 sinu
2287 1895 2443 1950 Ionio
2480 1895 2808 1950 transmisso
2829 1938 2843 1961 ,
2897 1896 2962 1949 ad
2994 1895 3219 1951 Graecia:
3252 1897 3435 1951 conti-

1865 1995 2084 2040 nentem
2124 1985 2228 2040 hac
2271 1985 2339 2040 de
2392 2002 2556 2040 causa
2595 1987 2951 2056 appulerunt.
3003 1987 3112 2040 Issa
3163 1986 3341 2042 insula
3383 1989 3438 2044 in

1865 2078 2019 2132 Ionio
2058 2079 2184 2133 sinu
2219 2079 2326 2131 sita
2363 2087 2449 2133 est
2481 2095 2496 2130 :
2543 2079 2700 2148 cujus
2750 2079 2942 2132 incolae
2985 2079 3130 2132 Issaei
3177 2080 3441 2135 Romanis

1865 2173 2010 2225 ultro
2043 2186 2101 2226 se
2129 2170 2481 2232 dediderunt,
2516 2185 2617 2224 suo
2638 2170 2863 2224 domino
2891 2170 3093 2238 Agmni
3138 2170 3440 2226 Sardiano-

1865 2279 1983 2317 rum
2020 2263 2155 2332 regi.
2189 2261 2372 2333 gentis
2398 2261 2634 2331 Illyrica:
2693 2259 2839 2315 irati.
2882 2259 2962 2314 Ad
3009 2277 3135 2315 eum
3181 2263 3446 2319 consules

1861 2354 2071 2424 legatos
2101 2354 2392 2409 miserunt.
2416 2352 2523 2409 Sed
2567 2355 2660 2408 illo
2687 2364 2906 2407 mortuo
2931 2393 2946 2408 .
2976 2353 3088 2409 tilio
3116 2354 3297 2410 adhuc
3331 2358 3438 2410 im-

1863 2447 1993 2517 pubi
2040 2445 2260 2501 haarede
2300 2445 2534 2509 relicto,
2595 2462 2734 2500 uxor
2775 2447 2896 2516 ejus
2943 2449 3098 2516 pueri
3155 2465 3388 2504 noverca
3422 2491 3445 2515 ν

1862 2538 2256 2594 Sardianorum
2288 2537 2585 2607 imperium
2632 2536 3067 2602 administravit,
3119 2553 3221 2592 nec
3265 2539 3445 2593 ulluur

1859 2643 2076 2700 aequum
2115 2629 2312 2700 legatis
2344 2643 2670 2699 responsum
2703 2628 2878 2683 dedit.
2906 2627 3008 2694 Qui
3049 2645 3171 2683 cum
3207 2630 3438 2686 liberius

1860 2720 2032 2775 locuti
2057 2715 2266 2781 essent.
2295 2719 2434 2775 alios
2462 2717 2687 2783 occidit,
2708 2717 2844 2772 alios
2867 2716 3062 2772 vinxit.
3091 2717 3227 2773 Cum
3252 2730 3446 2774 autem

1861 2809 2096 2863 Romani
2119 2807 2326 2863 bellum
2339 2807 2391 2862 ei
2410 2806 2810 2872 decrevissent,
2841 2805 3054 2872 territa,
3074 2822 3132 2862 se
3143 2817 3197 2862 et
3216 2808 3268 2860 in
3288 2808 3422 2863 colu

1862 2904 2204 2976 meslegatos
2234 2903 2574 2958 reddituram
2603 2899 2919 2972 pollicetur.
2955 2909 3013 2956 et
3041 2908 3292 2955 mortuos
3318 2899 3443 2953 ala.

1862 2997 2114 3054 trouibus
2136 3011 2256 3052 esse
2283 3011 2452 3053 caesos
2473 2997 2571 3051 ait.
2596 2994 2861 3050 Romanis
2890 3009 3022 3049 vero
3049 2993 3282 3048 caedium
3309 3007 3442 3045 auc-

1863 3100 2008 3147 tores
2051 3090 2436 3162 poscentibus,
2472 3103 2652 3159 neque
2687 3103 2746 3142 se
2773 3101 3106 3157 quemquam
3125 3083 3446 3140 dedituram

195 3181 419 3234 ἑκτεινε.
467 3179 588 3234 Τῶν
637 3179 695 3233 δὲ
739 3180 1029 3252 Ῥωμαίων
1080 3181 1320 3251 πόλεμον
1362 3182 1760 3254 ψηφισαμένων

1867 3199 1986 3240 esse
2005 3183 2166 3248 dixit,
2193 3192 2249 3238 et
2275 3183 2445 3238 Issam
2466 3180 2777 3237 exercitum
2804 3179 2980 3235 misit.
3007 3177 3217 3233 Deinde
3247 3192 3445 3231 rursus

196 3271 342 3340 αὐτῇ,
373 3271 707 3342 κατέπτηξε,
748 3273 844 3326 καὶ
871 3271 999 3336 τούς
1031 3289 1092 3327 τε
1132 3275 1473 3346 σωζομένους
1499 3275 1606 3329 τῶν
1633 3275 1763 3346 πρέ-

1867 3276 2083 3338 territa,
2113 3274 2450 3330 Demetrium
2480 3273 2549 3328 ad
2576 3272 2833 3328 consules
2863 3271 3033 3330 misit.
3060 3279 3318 3338 tanquam
3347 3283 3444 3338 per

197 3361 362 3414 σϐεων
395 3361 698 3418 ἀποδώσειν
733 3363 1023 3434 ὑπέσχετο,
1058 3367 1154 3420 καὶ
1187 3366 1312 3428 τοὺς
1355 3365 1618 3428 θανόντας
1646 3363 1760 3417 ἕλε-

1867 3370 2047 3424 omnia
2096 3384 2308 3424 morem
2356 3367 2440 3422 eis
2475 3375 2720 3436 gestura.
2764 3366 2833 3419 Et
2864 3379 2968 3434 pax
3011 3362 3151 3417 facta
3197 3375 3280 3416 est
3314 3376 3447 3415 cum

199 3469 284 3520 γεν
313 3455 423 3508 ὑπὸ
443 3455 656 3527 λῃστῶν
682 3457 1068 3527 πεφονεῦσθαι.
1105 3458 1226 3512 Τῶν
1245 3458 1301 3512 δὲ
1337 3457 1622 3529 Ῥωμαίων
1636 3458 1762 3522 τοὺς

199 3545 518 3616 αὐτόχειρας
541 3547 1006 3620 ἐξαιτησαμίνων,
1039 3548 1165 3604 οὕτε
1191 3550 1316 3604 τινὰ
1347 3550 1606 3604 ἐκδώσειν
1632 3551 1758 3622 ἔφη,

201 3638 287 3691 καὶ
304 3640 400 3693 ἐπὶ
425 3639 524 3710 τὴν
555 3641 742 3696 Ἴσσαν
790 3642 998 3696 ἔστειλε
1030 3643 1366 3713 στράτευμα.
1421 3641 1554 3703 Εῐτα
1605 3642 1762 3706 αὖθις

203 3727 441 3794 δείσασα,
489 3734 804 3804 Δημήτριον
830 3751 954 3788 τινα
985 3734 1128 3805 πρὸς
1176 3734 1305 3796 τοὺς
1333 3734 1572 3797 ὑπάτους
1600 3732 1768 3804 έπεμ-

206 3819 312 3888 ᾧεν,
365 3823 440 3886 ὡς
490 3824 683 3896 ἑτοίμη
740 3825 878 3896 πρὸς
917 3826 1026 3880 πᾶν
1053 3825 1364 3879 ὑπακοῦσαι
1409 3825 1611 3882 αὐτῶν.
1657 3826 1767 3879 Καὶ

204 3913 425 3968 σπονδαὶ
460 3918 600 3986 πρὸς
628 3918 724 3971 τὸν
762 3917 1084 3988 πεμφθέντα
1112 3919 1380 3987 ἐγένοντο,
1424 3918 1525 3987 τὴν
1551 3919 1767 3988 Κέρκυ-

207 4021 299 4071 ραν
333 4006 516 4070 αὐτοῖς
539 4009 976 4082 παρασχόμενον.
1022 4009 1146 4064 Τῶν
1186 4011 1244 4064 δὲ
1274 4010 1411 4082 πρὸς
1464 4011 1562 4080 τὴν
1607 4014 1769 4081 νῆσον

207 4103 642 4172 περαιωθέντων,
669 4103 1040 4174 ἀνεθάρσησεν
1065 4099 1240 4167 αὖθις,
1270 4098 1359 4158 οἷα
1391 4104 1530 4174 γυνὴ
1562 4103 1770 4174 κούφην

205 4191 410 4260 ἔχουσα,
429 4194 680 4264 γνώμην,
706 4195 802 4250 καὶ
836 4193 1225 4266 εὐμετάϐολον,
1254 4194 1350 4250 καὶ
1387 4195 1524 4267 πρὸς
1546 4196 1770 4250 Ἐπίδα-

210 4299 332 4348 μνον
361 4285 453 4337 καὶ
500 4285 869 4340 Ἀπολλωνίαν
917 4285 1197 4356 ἐξέπεμψε
1229 4289 1513 4357 στρατιάν.
1552 4289 1673 4340 Τῶν
1714 4286 1772 4340 δὲ

216 4374 496 4444 Ῥωμαίων
528 4376 629 4440 τὰς
661 4378 846 4442 πόλεις
877 4395 936 4430 τε
961 4377 1308 4449 ῥυσαμένων,
1340 4379 1438 4433 καὶ
1487 4379 1647 4432 πλοῖα
1673 4379 1768 4434 αύ-

211 4468 305 4536 τῆς
335 4469 716 4541 κατασχόντων
765 4470 907 4540 μετά
959 4470 1261 4542 χρημάτων
1307 4473 1372 4525 ἐκ
1393 4471 1772 4542 Πελοπονήσου

217 4560 602 4627 προσπλέοντα,
630 4563 724 4616 καὶ
753 4561 822 4615 τά
871 4562 1046 4632 χωρία
1093 4561 1524 4632 πορθησαμένων
1576 4562 1646 4616 τὰ
1679 4564 1777 4614 πά-

1862 3459 2068 3528 legatm
2123 3456 2359 3528 Corcyra
2393 3455 2462 3510 ab
2500 3471 2568 3510 eo
2615 3460 2857 3523 accepla.
2891 3452 2998 3507 Sed
3039 3467 3164 3508 cum
3210 3450 3441 3505 Romani

1863 3549 1932 3603 ad
2005 3549 2239 3603 insulam
2293 3546 2642 3618 traiecissent
2674 3583 2688 3609 ,
2749 3550 3032 3611 resumpta
3084 3540 3284 3595 ﬁducia
3315 3580 3330 3604 ,
3382 3549 3443 3594 ut

1867 3642 2067 3697 mulier
2125 3641 2234 3699 levi
2305 3651 2363 3696 et
2445 3638 2700 3694 mutabili
2770 3635 3002 3707 praedita
3060 3633 3328 3704 ingenio,
3375 3631 3447 3684 ad

1867 3736 2234 3809 Epidamnum
2293 3742 2348 3793 et
2389 3732 2740 3801 Apolloniam
2799 3729 2952 3784 misit
2993 3729 3289 3783 exercitus.
3343 3726 3446 3781 Ve»

1868 3842 1990 3883 rum
2027 3827 2157 3895 quia
2204 3824 2439 3881 Romani
2476 3824 2545 3878 iis
2587 3823 2820 3878 urbibus
2856 3821 3142 3881 liberatis.
3187 3820 3446 3886 illiusque

1871 3917 2107 3973 navibus
2147 3931 2274 3970 cum
2307 3916 2540 3986 pecunia
2571 3929 2638 3968 ex
2667 3913 3010 3982 Peloponeso
3032 3910 3198 3982 403
3219 3909 3445 3962 venien-
3531 3977 3533 3979 ι

1871 4011 2054 4074 tibus,
2086 4009 2293 4077 captis,
2337 4021 2492 4061 oram
2526 4004 2864 4060 maritimam
2899 4005 3223 4058 vastabant:
3254 4003 3446 4056 Deme.

1872 4105 2012 4162 trius
2045 4112 2232 4159 autem
2263 4102 2335 4158 ob
2357 4100 2698 4156 muliercula!
2723 4099 3041 4154 vecordiam
3067 4100 3135 4151 ad
3169 4098 3448 4150 Romanos

1871 4210 1931 4251 se
1969 4193 2314 4255 contulerat,
2361 4191 2551 4246 multis
2585 4188 2882 4257 transfugis
2913 4202 3104 4244 secum
3136 4186 3396 4244 adductis
3424 4200 3441 4239 :

1873 4285 2090 4353 abjecto
2123 4284 2330 4347 animo,
2362 4281 2594 4351 imperio
2622 4279 2913 4343 abstinuit,
2947 4278 3094 4348 quod
3125 4277 3446 4332 Demetrius

1877 4376 2080 4430 tutorio
2119 4374 2343 4429 nomine
2381 4373 2644 4443 suscepit.
2693 4370 2805 4426 Hae
2844 4371 2913 4426 de
2941 4384 3103 4424 causa
3153 4369 3384 4424 Romani
3416 4384 3446 4422 a

1875 4467 2183 4523 Corinthiis
2205 4465 2412 4521 laudati
2466 4475 2630 4528 sunt,
2664 4468 2738 4518 ’et
2786 4464 2854 4518 ad
2909 4461 3231 4516 Isthmiaeos
3286 4461 3448 4516 ludos

1877 4558 2125 4623 admissi,
2149 4558 2203 4612 in
2233 4558 2435 4627 quibus
2461 4557 2687 4611 Plautus
2713 4553 2946 4609 stadium
2972 4553 3126 4611 vicit,
3160 4552 3296 4605 Inita
3319 4566 3444 4604 cum

216 4651 364 4718 ραλα,
394 4655 488 4706 καὶ
515 4652 612 4706 τοῦ
636 4654 953 4724 Δημητρίου
984 4653 1074 4708 διὰ
1092 4656 1192 4725 τὴν
1222 4653 1529 4724 ἐμπληξίαν
1553 4654 1764 4724 ἐκείνης

1874 4650 2307 4706 Atheniensibus
2334 4663 2555 4718 quoque
2591 4647 2858 4710 amicitia,
2897 4644 3124 4700 civitate
3147 4643 3359 4707 donati,
3392 4651 3449 4696 et

214 4745 340 4809 πρὸς
379 4745 689 4815 Ῥωμαίους
723 4742 1146 4816 μεθεστηκότος,
1180 4746 1275 4799 καὶ
1298 4744 1493 4809 ἄλλους
1529 4746 1770 4816 αὐτομο-

214 4834 366 4902 λῆσαι
417 4836 767 4902 πεπεικότος,
821 4836 1156 4908 κατέπτηξε,
1197 4837 1299 4890 καὶ
1345 4838 1616 4908 ἀπέσχετο
1672 4838 1773 4908 τῆς

216 4927 395 4996 ἀρχῆς,
423 4930 518 4983 καὶ
554 4929 653 4996 τὴν
683 4929 782 5000 μὲν
821 4931 850 4983 ὁ
881 4929 1215 5000 Δημήτριος,
1246 4929 1324 4993 ὡς
1353 4930 1431 5001 τῷ
1459 4930 1612 4984 παιδὶ
1649 4931 1770 4983 ἐπι-

217 5021 516 5084 τροπεύσων
544 5022 779 5093 εἰλήφει.
809 5023 872 5075 Ol
901 5021 958 5074 δὲ
997 5021 1258 5091 Ῥωμαῖοι
1285 5021 1373 5077 διὰ
1397 5021 1572 5077 ταῦτα
1619 5023 1773 5095 παρά

223 5110 509 5180 Κορινθίων
533 5112 904 5185 ἐπῃνέθησαν,
932 5113 1028 5166 καὶ
1066 5112 1161 5167 τοῦ
1188 5113 1466 5184 Ἰσθμικοῦ
1513 5115 1774 5184 μετέσχον

220 5201 429 5266 ἀγῶνος.
467 5204 582 5259 Καὶ
637 5203 850 5258 στάδιον
886 5205 944 5257 ὲν
997 5202 1146 5272 αὐτῷ
1178 5203 1207 5256 ὁ
1236 5201 1479 5265 Πλαύτος
1526 5203 1770 5273 ἐνίκησε.

226 5293 317 5346 Καὶ
360 5297 493 5366 πρὸς
545 5295 863 5365 Ἀθηναίους
893 5296 951 5349 δὲ
1003 5295 1185 5364 φιλίαν
1216 5295 1641 5365 ἐπεποιήκεσαν,
1675 5295 1770 5346 καὶ.

222 5385 306 5454 τῆς
333 5386 606 5450 πολιτείας
657 5388 833 5456 σφῶν,
888 5387 996 5442 τῶν
1027 5403 1088 5440 τε
1117 5387 1434 5458 μυστηρίων
1485 5386 1767 5456 μετέσχον.

224 5475 281 5528 Τὸ
307 5480 347 5529 δ’
374 5479 672 5548 Ἰλλυρικὸν
731 5480 902 5548 ὄνομα
933 5479 1105 5532 πάλαι
1153 5478 1253 5548 μὲν
1280 5479 1338 5530 ὲν
1362 5477 1543 5540 ἄλλοις
1576 5476 1770 5530 ἐπεκέ-

223 5573 390 5641 κλητο,
417 5571 645 5642 ὕστερον
685 5572 742 5626 δὲ
770 5573 826 5635 ἐς
848 5571 946 5643 τὴν
976 5571 1090 5626 ἀνω
1119 5568 1494 5641 μεταϐέϐηκεν
1519 5568 1782 5638 ἦπειρον,’

1873 4743 1940 4798 ad
1980 4743 2137 4796 initia
2174 4750 2306 4796 sunt
2350 4739 2598 4794 admissi.
2655 4736 2852 4808 Illyrici
2901 4749 3103 4792 nomen
3139 4733 3269 4788 olim
3324 4733 3450 4788 aliis

1873 4836 2021 4891 locis
2051 4833 2404 4889 attributum.
2440 4840 2566 4900 post
2597 4831 2650 4886 in
2686 4828 3032 4898 superiorem
3065 4826 3446 4881 continentem

1875 4943 2040 4998 supra
2073 4925 2442 4981 Macedoniam
2470 4933 2526 4979 et
2555 4922 2850 4976 Thraciam
2879 4951 2896 4984 ,-
2931 4919 3078 4974 intra
3114 4918 3360 4973 utentum
3395 4929 3448 4975 et

1877 5019 2182 5088 Rhodopen
2211 5016 2464 5071 transiit:
2496 5015 2710 5083 sitaque
2739 5021 2824 5068 est
2853 5011 3033 5084 Illyria
3058 5012 3113 5066 in
3145 5010 3448 5066 medioho-

1878 5128 2000 5166 rum
2035 5109 2304 5165 montium
2327 5120 2384 5162 et
2409 5107 2650 5176 Alpium,
2673 5115 2732 5160 et
2761 5106 2902 5162 intra
2930 5104 3172 5160 l‘lasmum
3200 5103 3454 5167 ﬂuvium,

1874 5211 1932 5258 et
1964 5202 2199 5265 Istrum,
2244 5213 2416 5267 usque
2457 5197 2526 5250 ad
2578 5197 2814 5251 Pontum
2870 5195 3191 5248 Euxinum:
3241 5191 3450 5246 alicubi

1873 5295 2038 5349 etiam
2084 5293 2226 5346 ultra
2252 5291 2448 5345 Istrum
2481 5297 2766 5358 evagatur.
2809 5289 2948 5342 Cum
2988 5285 3286 5356 aliquando
3333 5285 3442 5338 Ro-

1878 5386 2057 5440 manis
2085 5374 2372 5438 oraculum
2407 5391 2556 5437 esset
2590 5382 2886 5445 redditum,
2918 5379 3137 5433 Graecos
3181 5385 3234 5430 et
3263 5374 3449 5430 Gallos

1877 5472 2068 5528 urbem
2087 5480 2476 5540 occupaturos.
2503 5469 2643 5524 duos
2681 5467 2867 5522 Gallos
2889 5476 2946 5521 et
2990 5463 3202 5518 totitem
3226 5459 3446 5516 Graecos

1880 5566 2166 5634 utriusque
2189 5578 2352 5617 sexus
2377 5562 2432 5616 iu
2458 5561 2637 5616 medio
2655 5559 2775 5617 foro
2800 5559 2954 5612 vivos
2984 5554 3312 5612 dcioderunt
3337 5571 3351 5609 :
3388 5563 3451 5612 υι

1389 5720 1598 5781 νηπίω
1627 5719 1937 5782 lectiones
1980 5725 2042 5780 et
2084 5725 2272 5779 notae.

282 5876 387 5939 (26)
424 5878 769 5945 Σαρδιαίων.
823 5877 897 5932 Ita
929 5891 1060 5930 mss.
1094 5877 1228 5945 Reg.
1261 5883 1316 5945 et
1351 5872 1506 5945 Colb.
1537 5878 1598 5945 at
1625 5870 1770 5925 Hen-

225 5945 312 6001 τίς.
338 5942 577 6004 Valesius
609 5947 676 6003 ad
713 5948 906 6004 Dionis
939 5942 1222 6017 Excerpta,
1274 5943 1559 6015 Ἀρδιαίων
1587 5942 1786 6012 legent--

1879 5869 2007 5923 dum
2035 5869 2309 5927 observat,
2369 5883 2432 5919 ex
2493 5865 2780 5925 Strabone,
2815 5863 2910 5917 lib.
2963 5877 3060 5925 vn,
3116 5860 3452 5931 Appianoiu

1881 5941 2115 6009 lll-yrico,
2143 5948 2197 5994 ct
2233 5938 2543 6003 Stephano-
2723 5965 2730 5973 -
2869 5981 2872 5983 λ
3007 5959 3010 5962 ~
3419 5941 3438 5948 "
