3862 6550
201 431 308 494 697

1419 455 1830 521 ANNA’LIUM
1870 464 2020 526 LIB.
2061 467 2231 528 VIII.

3369 480 3473 541 698

201 551 485 662 ἀπῄεσαν.
512 558 818 632 Γενομένης
840 563 898 617 δέ
934 565 1256 642 ἐκκλησίας,
1286 571 1335 625 οί
1369 572 1469 641 μὲν
1500 575 1610 629 τῶν
1639 577 1790 650 Καρ-

1913 583 2093 638 sedulo
2143 584 2345 639 moenia
2376 593 2681 657 oppugnat,
2732 587 2891 644 multi
2940 604 3008 646 ex
3051 591 3171 662 ejus
3202 593 3473 651 militibus

201 646 480 715 χηδσνίων
510 654 737 724 είρήνην
765 655 922 725 ἄγειν
984 659 1122 730 πρὸς
1151 663 1276 726 τοὺς
1313 661 1616 735 Ῥωμαίους
1661 646 1788 723 συνι

199 742 531 810 εϐούλευον,
569 749 619 801 οί
650 748 730 816 δέ,
757 751 837 820 τῷ
862 753 1078 825 Ἀννίϐᾳ
1103 757 1488 829 προσκείμενοι
1511 762 1647 834 (51),
1671 765 1798 828 τοὺς

203 835 316 905 μιν
347 840 690 906 Ζακυνθίους
711 843 942 910 ἀδικεῖν,
966 847 1093 910 τοὺς
1117 847 1173 902 δὲ
1208 849 1510 919 Ῥωμαίους
1539 857 1606 908 τὰ
1630 855 1797 926 μηδὲν

201 928 371 996 σφίσι
395 934 748 1002 προσήκοντα
788 936 1270 1010 πολυπραγμονεῖν
1311 943 1519 1011 ἔλεγον.
1561 949 1672 1000 Καὶ
1705 948 1798 1002 τέ-

196 1020 296 1078 λος
332 1024 736 1096 ἐπεκράτησαν
765 1031 815 1082 oi
849 1031 1155 1102 πολεμῆσαι
1201 1039 1342 1105 σφᾶς
1382 1038 1795 1107 ἀναπείθοντες.

209 1111 308 1166 Ἐν
336 1117 528 1188 τούτῳ
557 1118 613 1171 δέ
641 1120 672 1172 ό
713 1119 963 1186 Ἀννίϐας
988 1127 1192 1197 σπουδῇ
1234 1129 1334 1192 τὰς
1359 1131 1670 1200 προσϐολὰς
1699 1137 1798 1205 τῆς

192 1210 574 1278 τειχομαχίας
621 1213 882 1268 ἐποιεῖτο.
936 1217 1157 1272 Πολλῶν
1215 1219 1271 1273 δὲ
1325 1224 1656 1291 πιπτόντων,
1703 1227 1798 1279 καὶ

195 1299 490 1356 πλειόνων
527 1309 986 1379 τιτρωσκομένων
1025 1312 1089 1366 ἐκ
1113 1313 1220 1366 τῶν
1257 1314 1352 1368 τοῦ
1402 1316 1675 1380 Ἀννίϐου,
1705 1318 1798 1372 καί

193 1408 344 1446 ποτε
384 1395 503 1448 τῶν
536 1399 926 1469 Καρχηδονίων
957 1406 1404 1463 κατασεισάντων
1431 1426 1485 1464 τι
1521 1409 1614 1462 τοῦ
1644 1427 1801 1482 περι-

193 1482 378 1537 ϐόλου
435 1487 535 1541 καὶ
587 1491 729 1542 κατᾶ
757 1490 820 1544 τὺ
857 1493 1045 1563 ῥῆγμα
1080 1495 1351 1549 είσελθεῖν
1387 1497 1795 1569 τολμησάντων,

197 1575 597 1647 ἐπεξέδραμον
645 1583 694 1633 oi
735 1583 1024 1638 Ζακύνθιοι
1074 1589 1168 1640 καὶ
1215 1589 1568 1661 ἀπεσόϐησαν
1620 1593 1796 1661 σφᾶς’

191 1665 332 1718 ὃθεν
400 1670 560 1724 αὐτοὶ
607 1672 707 1741 μέν
744 1675 1194 1748 ἐπερρώσθησαν,
1242 1680 1292 1732 oi
1334 1681 1697 1752 Καρχηδόνιοι
1743 1684 1801 1739 δὲ

193 1756 474 1813 ἐνέδοσαν
522 1761 930 1834 ἀθυμήσαντες.
963 1767 1080 1821 Ούκ
1111 1769 1430 1842 ἀπέστησαν
1454 1773 1510 1825 δὲ
1542 1773 1675 1844 πρὶν
1700 1775 1800 1845 τὴν

195 1849 377 1902 πόλιν
411 1850 580 1916 ἐλεῖν,
618 1855 798 1909 καίτοι
835 1858 926 1912 ἐπ’
954 1860 1138 1927 δγδοον
1173 1863 1316 1931 μῆνα
1351 1863 1450 1934 τῆς
1481 1864 1802 1936 πολιορκίας

193 1945 660 2017 παραταθείσης,
701 1949 757 2002 ἐν
788 1945 872 2014 οἷς
913 1951 1050 2005 ἄλλα
1081 1971 1143 2006 τε
1174 1955 1348 2008 πολλά
1377 1957 1679 2028 συνηνέχθη
1707 1959 1800 2012 καὶ

193 2032 419 2101 ἄτοπα,
455 2038 552 2090 καὶ
591 2041 621 2093 ό
669 2030 919 2106 Ἀννίϐας
948 2043 1136 2108 δεινῶς
1174 2047 1410 2119 ἐτρώθη.
1443 2048 1598 2102 Ἥλω
1621 2049 1679 2104 δέ
1711 2049 1803 2105 οὕ-

193 2145 322 2191 τως
345 2143 362 2158 °
407 2130 711 2204 μηχάνημα
746 2134 824 2206 τῷ
852 2136 1024 2208 τείχει
1056 2142 1425 2212 προσήγαγον,
1458 2143 1593 2197 πολύ
1623 2161 1679 2198 τε
1712 2145 1804 2198 αὐ·

194 2219 302 2273 τοῦ
346 2223 678 2294 ὑπεραῖρον,
712 2228 808 2282 καὶ
835 2229 1063 2294 ὁπλίτας
1091 2232 1220 2296 τοὺς
1247 2234 1344 2303 μὲν
1369 2236 1632 2305 ἐμφανεῖς
1653 2223 1799 2307 ἔχον,

194 2312 340 2376 τοὺς
377 2313 438 2366 δέ
474 2313 860 2381 λανθάνοντας.
893 2321 1016 2374 Τῶν
1047 2318 1141 2376 οὖν
1171 2324 1490 2378 Ζακυνθίων
1518 2329 1632 2390 τοῖς
1659 2328 1802 2399 ὁρω-

199 2407 409 2474 μένοις
445 2407 524 2472 ώς
559 2411 745 2480 μόνοις
781 2413 900 2468 οὖσι
935 2421 1264 2488 μαχομένων
1295 2421 1794 2494 ἐρρωμενέστερον,

194 2497 245 2551 et
278 2502 678 2573 κεκρυμμένοι
707 2505 765 2558 τὸ
796 2511 974 2578 τεῖχος
1014 2511 1387 2582 ὑπορύξαντες
1421 2515 1798 2570 είσεϐιάσαντο

194 2592 300 2644 καὶ
343 2591 508 2648 ἔνδον
542 2597 813 2665 ἐγένοντο.
843 2599 933 2671 Τῷ
961 2600 1093 2669 γοῦν
1119 2604 1409 2677 παραδόξῳ
1435 2608 1484 2660 oi
1511 2607 1800 2662 Ζακύνθιοι

199 2683 605 2754 ἐκπλαγέντες
644 2691 729 2754 είς
769 2692 871 2762 τὴν
904 2693 1205 2765 ἀκρόπολιν
1231 2697 1559 2771 ἀνέδραμον,
1594 2700 1690 2755 καὶ
1723 2700 1804 2764 είς

197 2775 420 2843 λόγους
449 2774 639 2851 ἦλθον,
673 2784 730 2837 εί
771 2805 892 2852 πως
926 2789 1164 2844 ἐπιεικεῖ
1192 2808 1299 2846 τινι
1337 2793 1599 2866 ὁμολογίᾳ
1648 2811 1807 2866 περι-

199 2870 474 2929 σωθεῖεν.
519 2875 605 2939 Ὠς
633 2877 680 2931 δ’
710 2879 865 2935 οὐδὲν
891 2883 919 2937 δ
961 2882 1210 2948 Ἀννίϐας
1243 2885 1537 2958 προΐσχετο
1565 2886 1810 2958 μέτριον,

1897 675 2122 742 cadunt,
2176 677 2430 748 pluribus
2475 681 2782 739 vulneratis
2824 701 2838 736 :
2889 693 2946 739 et
2995 699 3120 740 cum
3170 686 3471 755 aliquando

1896 768 2383 840 Carthaginienses
2414 773 2560 829 muri
2618 783 2836 845 partem
2883 775 3235 848 dejecissent,
3279 787 3336 833 ct
3378 793 3476 848 per

1897 863 2088 917 ruinas
2129 874 2420 933 penetrare
2463 875 2826 934 conarentur,
2870 884 2901 922 a
2982 868 3303 939 Saguntinis
3355 886 3481 924 eru-

1898 955 2083 1024 ptione
2111 953 2272 1019 facta,
2299 956 2503 1026 repulsi
2538 969 2827 1014 cesserunt
2861 978 2874 1015 :
2903 960 3192 1016 imminuta
3225 962 3474 1024 audacia.

1899 1044 2301 1114 Oppidanorum
2333 1062 2466 1102 vero
2497 1049 2665 1104 animi
2707 1051 2854 1105 aucti
2887 1059 3038 1106 sunt.
3065 1051 3256 1122 Neque
3289 1061 3473 1107 tamen

1898 1137 1967 1192 ab
1995 1137 2286 1193 obsidione
2315 1139 2667 1208 destiterunt,
2695 1142 2750 1197 in
2796 1158 3044 1198 mensem
3090 1154 3343 1198 octavum
3379 1159 3472 1198 us-

1898 1246 2006 1300 que
2059 1241 2350 1302 prorogata
2397 1249 2412 1286 :
2472 1248 2583 1301 quo
2637 1235 2900 1303 temporis
2950 1236 3131 1304 epatio
3186 1251 3310 1290 cum
3369 1235 3475 1290 alia

1900 1323 2090 1385 multa,
2122 1340 2292 1393 eaque
2325 1325 2670 1379 incommoda
2701 1336 3030 1393 evenerunt,
3085 1339 3199 1382 tum
3242 1328 3478 1383 Annibal
3560 1323 3562 1326 ’

1900 1415 2139 1486 graviter
2172 1415 2496 1472 vulneratus
2531 1426 2636 1474 est.
2667 1419 2809 1476 Urbs
2845 1431 3028 1475 autem
3072 1420 3150 1478 sic
3177 1431 3334 1492 capta
3370 1431 3473 1478 est.

1900 1506 2207 1561 Machinam
2241 1507 2610 1573 adduxerunt,
2651 1525 2774 1579 quae
2809 1511 3010 1564 mmnia
3042 1514 3273 1566 multum
3298 1499 3479 1582 supel-

1901 1609 2069 1663 rarct,
2112 1599 2341 1654 armatis
2385 1600 2584 1669 partim
2623 1601 2961 1670 conspicuis,
3013 1603 3211 1671 partim
3245 1603 3477 1657 occultis

1902 1689 2184 1745 refertam.
2219 1691 2358 1744 Dum
2396 1698 2580 1744 autem
2612 1689 2904 1762 Saguntini
2959 1707 3084 1746 cum
3116 1693 3184 1746 iis
3215 1693 3476 1748 duntaxat

1901 1799 2043 1854 quos
2073 1783 2355 1847 videbant,
2385 1783 2569 1838 acrius
2603 1792 2867 1855 pugnant,
2904 1786 3054 1840 solos
3087 1801 3184 1840 eos
3209 1801 3330 1840 esse
3361 1787 3478 1856 cpi.-

1904 1877 2043 1944 nati,
2069 1877 2270 1931 occulti
2319 1877 2557 1933 sull‘osso
2603 1893 2786 1942 muro,
2819 1878 2870 1932 vi
2906 1878 2962 1932 in
2995 1878 3186 1933 urbem
3220 1889 3479 1949 penetra-

1905 1979 2054 2025 runt.
2094 1969 2384 2040 Saguntini
2436 1986 2495 2026 re
2527 1971 2808 2041 inopinata
2854 1955 3157 2042 perterriti,
3207 1973 3261 2026 in
3295 1987 3479 2027 arcem

1902 2072 2267 2119 accurrerunt
2315 2083 2329 2119 :
2384 2063 2687 2136 habitoque
2741 2065 3042 2135 colloquio,
3099 2066 3480 2121 tolerabilibus

1903 2156 2316 2212 conditionibus
2347 2157 2577 2211 salutem
2613 2158 2910 2226 impetrare
2951 2158 3306 2216 studuerunt.
3364 2160 3478 2212 An-

1903 2247 2081 2302 nibale
2114 2263 2241 2302 vero
2277 2247 2416 2301 nihil
2467 2247 2734 2302 moderati
2794 2249 3129 2317 postulante,
3161 2265 3337 2318 neque
3372 2249 3481 2303 Ro-

1905 2339 2088 2394 manis
2137 2338 2438 2409 quidquam
2471 2337 2588 2407 opis
2637 2338 2959 2396 ferentibus.
2993 2337 3384 2408 emagitarunt,
3419 2347 3482 2393 ut

1911 2430 2316 2502 oppugnatione
2372 2430 2709 2494 intermissa,
2764 2430 2932 2485 rebus
2984 2430 3100 2484 suis
3150 2429 3481 2485 consulendi

1908 2521 2145 2592 spatium
2186 2519 2432 2577 daretur.
2469 2519 2687 2574 Interea
2719 2520 3136 2590 pretiosissimis
3169 2519 3482 2589 quibusque

1906 2615 2071 2669 rebus
2107 2614 2216 2684 igni
2262 2613 2589 2682 absumptis,
2627 2613 2881 2668 homines
2949 2613 3196 2668 imbelles
3228 2611 3334 2666 sibi
3371 2612 3478 2678 ipsi

1910 2722 2107 2761 manus
2137 2704 2482 2760 attulerunt:
2510 2703 2603 2774 qui
2637 2715 2795 2759 erant
2828 2713 2994 2760 :etate
3021 2705 3254 2773 integra,
3297 2703 3484 2758 subito

1911 2797 1966 2852 in
1994 2797 2185 2853 hostes
2228 2798 2436 2868 impetu
2468 2794 2636 2862 facto,
2683 2806 2908 2852 strenue
2958 2795 3294 2852 dimicantes
3323 2809 3490 2850 occu-

1911 2889 2171 2944 buerunt.

199 2966 343 3021 οὖτε
386 2986 477 3033 τις
507 2973 692 3037 αὐτοῖς
718 2973 960 3046 ὠφέλεια
991 2977 1130 3049 πρὸς
1154 2979 1264 3034 τῶν
1329 2979 1622 3051 Ῥωμαίων
1687 2982 1928 3050 ἐγίνετο,
1995 2982 2353 3052 ἐπισχεθῆναι
2401 2985 2501 3048 τὰς
2545 2981 2851 3054 προσϐολὰς
2893 2980 3248 3052 ἐξῃτήσαντο,
3318 2979 3393 3043 ὥς
3436 2999 3490 3037 τι

203 3063 354 3131 περὶ
407 3063 521 3116 τῶν
575 3063 721 3119 κατά
781 3069 924 3136 σφᾶς
982 3067 1418 3140 βουλευσόμενοι.
1493 3073 1612 3125 Κάν
1659 3070 1838 3141 τούτῳ
1913 3071 1981 3124 τὰ
2048 3071 2355 3142 τιμιώτατα
2410 3073 2863 3141 συμφορήσαντες
2919 3069 3029 3122 τῶν
3083 3070 3382 3141 χρημάτων
3434 3071 3491 3135 ἐς

206 3160 336 3230 πῦρ
390 3158 666 3217 ἐνέϐαλον.
709 3161 821 3216 Καὶ
887 3163 936 3217 οί
983 3162 1083 3234 μὲν
1117 3164 1399 3237 ἀπόμαχοι
1438 3165 1836 3239 διεχειρίσαντο
1871 3165 2098 3231 ἑαυτούς
2122 3182 2137 3197 ο

2185 3170 2235 3221 oi
2290 3167 2336 3223 δ’
2386 3167 2444 3221 ἐν
2492 3165 2680 3239 ἡλικίᾳ
2720 3165 2908 3236 ἀθρόοι
2951 3167 3088 3235 πρὸς
3160 3164 3289 3229 τοὺς
3332 3167 3491 3220 ἐναν’

207 3254 376 3314 visu;
405 3252 745 3324 ὡρμήκεσαν
770 3256 868 3311 καὶ
899 3256 1198 3330 προθύμως
1227 3258 1622 3332 ἀγωνιζόμενοι
1665 3259 2076 3332 κατεκόπησαν.

283 3347 429 3401 KB’.
461 3345 571 3400 Καὶ
595 3346 667 3401 δι’
707 3351 908 3413 αὐτοὺς
928 3350 978 3402 οί
1022 3349 1282 3421 Ῥωμαῖοι
1319 3353 1414 3406 καὶ
1438 3356 1488 3405 οί
1522 3353 1806 3424 Καρχηδό-

1979 3349 2146 3406 XXII.
2182 3349 2306 3405 Haec
2359 3350 2620 3406 Romanis
2647 3357 2702 3403 et
2777 3348 3324 3418 Carthaginiensibus
3360 3349 3491 3405 belli

209 3456 327 3493 νιοι
361 3438 742 3511 ἐπολέμησαν.
791 3441 851 3494 Ὀ
890 3440 999 3511 γὰρ
1042 3443 1317 3511 Ἀννίϐας,
1360 3444 1455 3498 καὶ
1484 3445 1810 3515 συμμάχους

214 3531 472 3601 συχνοὺς
504 3530 850 3600 προσλαϐὼν,
878 3534 958 3596 είς
986 3533 1086 3600 τὴν
1115 3533 1353 3587 Ἰταλίαν
1385 3536 1664 3605 ἠπείγετο.
1697 3537 1812 3588 Πυ-

217 3624 461 3693 θόμενοι
489 3621 546 3676 δέ
571 3622 728 3676 ταῦθ’
755 3625 805 3676 οί
841 3623 1109 3695 Ῥωμαῖοι
1150 3626 1412 3697 συνῆλθον
1453 3629 1532 3690 είς
1573 3627 1634 3681 τδ
1687 3644 1815 3681 συν-

219 3715 438 3786 έδριον,
479 3717 575 3769 καὶ
612 3716 808 3788 ἐλέχθη
853 3717 952 3789 μὲν
988 3717 1184 3773 πολλά.
1220 3721 1455 3786 Λούκιος
1492 3722 1549 3775 δέ
1602 3724 1816 3794 Κορνή-

216 3811 338 3874 λιος
379 3807 680 3871 Δέντουλος
705 3809 1092 3880 ἐδημηγόρησε
1129 3812 1224 3864 καὶ
1255 3809 1373 3865 ιῐπε
1440 3813 1516 3884 μὴ
1573 3813 1810 3882 μέλλειν,

220 3902 374 3956 ἀλλὰ
398 3901 640 3971 πόλεμον
671 3903 810 3955 κατά
843 3899 952 3956 τῶν
1001 3904 1394 3973 Καρχηδονίων
1445 3905 1813 3976 ψηφίσασθαι,

224 3991 322 4042 καὶ
356 3987 484 4057 διχῆ
511 3987 705 4042 διελεῖν
727 3990 820 4042 καὶ
849 3990 978 4054 τοὺς
1012 3991 1256 4054 ὑπάτους
1301 3994 1394 4047 καὶ
1423 3994 1523 4047 ’τὰ
1553 3997 1819 4068 στρατεύ-

225 4093 412 4147 ματαο
435 4081 532 4131 καὶ
559 4078 684 4141 τοὺς
712 4078 812 4147 μὲν
843 4080 922 4142 είς
950 4080 1048 4150 τὴν
1082 4079 1341 4152 Ἰϐηρίαν,
1360 4083 1489 4146 τοὺς
1506 4083 1563 4136 δὲ
1611 4085 1691 4147 είς
1720 4085 1820 4155 τὴν

227 4171 450 4243 Λιϐύην
483 4172 716 4243 πέμψαι,
747 4172 823 4248 ῖν²γ
849 4173 954 4227 ὑπὸ
978 4174 1068 4228 τὸν
1101 4175 1264 4228 αὑτὸν
1285 4175 1476 4245 χρόνον
1506 4177 1541 4248 ἦ
1578 4194 1636 4230 τε
1665 4175 1818 4247 χώρα

229 4256 426 4319 αὐτῶν
441 4264 708 4336 πορθῆται
730 4247 826 4318 καί
851 4267 901 4319 οί
928 4269 1211 4337 σύμμαχοι
1260 4247 1702 4339 κακουργῶνται,
1726 4270 1821 4322 καὶ

245 4357 396 4428 μήτε
411 4358 479 4426 τῇ
514 4356 721 4428 Ἰϐηρίᾳ
736 4355 1000 4428 βοηθῆσαι
1015 4357 1280 4412 δύνωνται
1299 4359 1426 4430 μήτ’
1442 4361 1652 4414 ἐκεῖθεν
1667 4361 1823 4415 αὐτοὶ

229 4447 672 4519 ἐπικουρηθῶσι.
693 4449 834 4519 Πρὸς
860 4450 1034 4504 ταῦτα
1061 4451 1292 4515 Κύῖντος
1329 4452 1528 4514 Φάϐιος
1569 4453 1823 4521 Μάξιμος

230 4539 516 4602 ἁντέθετο,
535 4540 608 4610 μὴ
625 4539 800 4602 οὕτως
829 4541 893 4593 ἐκ
909 4541 1216 4612 παντρςτρό
1226 4557 1323 4593 που
1345 4540 1436 4594 τὸν
1461 4542 1697 4612 πόλεμον
1714 4542 1824 4596 δεῖν

231 4632 607 4701 ψηφίσασθαι,
631 4633 767 4686 ἀλλά
783 4634 1051 4705 πρεσϐεία
1071 4634 1380 4704 χρήσασθαι
1401 4636 1688 4706 πρότερον.
1707 4637 1824 4691 Κᾶν

1910 3459 2071 3499 causa
2107 3442 2226 3496 fuit.
2253 3442 2387 3496 Nam
2412 3456 2536 3496 cum
2598 3441 2926 3494 Annibalem
2962 3442 3149 3494 multis
3200 3441 3368 3497 sociis
3397 3457 3491 3498 asc

1914 3538 2040 3594 citis
2068 3535 2123 3590 in
2147 3535 2361 3589 Italiam
2394 3548 2696 3604 prOperare
2740 3532 2972 3587 Romani
3007 3533 3373 3598 audivissent,
3404 3534 3488 3588 in-

1858 3694 1865 3702 _
1913 3628 2064 3684 dicto
2126 3627 2362 3683 concilio
2417 3627 2590 3680 multa
2647 3624 2812 3679 verba
2868 3623 3010 3678 facta
3075 3633 3223 3678 sunt.
3287 3623 3489 3679 Verum

1915 3720 1978 3774 L.
2011 3719 2302 3776 Cornelius
2336 3716 2601 3772 Lentulus
2630 3732 2729 3785 pro
2754 3717 3021 3770 concione
3045 3715 3204 3777 dixit,
3235 3730 3344 3768 non
3369 3730 3492 3769 esse

1913 3811 2308 3875 cunctandum,
2361 3809 2458 3864 sed
2515 3809 2722 3863 bellum
2753 3817 2945 3862 contra
3000 3807 3496 3877 Carthaginienses

1914 3901 2350 3968 decernendum,
2383 3910 2438 3954 et
2467 3910 2574 3954 tam
2595 3899 2849 3954 consules
2868 3916 3027 3968 quam
3057 3897 3329 3953 exercitus
3369 3896 3500 3951 bifa-

1915 3997 2053 4052 riam
2114 3993 2464 4058 dividendos,
2501 4003 2560 4047 et
2615 3993 2847 4046 alterum
2897 3993 2951 4046 in
2985 3991 3323 4061 Hispaniam,
3359 3991 3498 4044 alte-

1917 4101 2042 4140 rum
2090 4085 2145 4138 in
2177 4083 2402 4156 Lybiam
2433 4080 2763 4136 mittendum
2793 4100 2806 4135 :
2853 4091 2911 4134 ut
2938 4080 3131 4134 eodem
3164 4089 3410 4150 tempore
3441 4089 3498 4134 et

1896 4160 2047 4244 'ager
2071 4188 2264 4228 eorum
2292 4180 2631 4236 vastaretur,
2667 4180 2724 4225 et
2749 4170 2884 4226 socii
2913 4178 3243 4225 vexarentur
3275 4186 3288 4223 :
3321 4186 3498 4240 neque

1922 4266 2196 4336 Hispaniae
2218 4278 2378 4334 opem
2404 4261 2572 4326 ferre,
2593 4275 2774 4331 neque
2797 4260 2924 4315 inde
2949 4261 3154 4314 auxilia
3175 4271 3498 4331 ex3pectare

1924 4359 2111 4413 hostes
2132 4365 2380 4428 possent.
2417 4337 2498 4409 Ad
2529 4353 2646 4409 haec
2699 4352 2763 4419 Q.
2821 4352 3022 4407 Fabius
3085 4351 3357 4406 Maximus
3411 4368 3504 4405 re-

1923 4450 2167 4521 spondit,
2205 4463 2314 4502 non
2365 4446 2503 4502 adeo
2537 4444 2948 4516 praecipitanter
2994 4444 3198 4498 bellum
3255 4454 3377 4498 esse
3404 4443 3504 4497 de-

1925 4541 2287 4606 cernendum,
2323 4540 2417 4595 sed
2461 4539 2672 4608 legatos
2716 4537 2869 4607 prius
2904 4536 3225 4591 mittendos.
3264 4536 3418 4601 Quod
3455 4537 3501 4591 si

1932 4635 2166 4691 crimina
2203 4633 2511 4703 purgarint,
2544 4631 2944 4701 quiescendum
2995 4646 3007 4682 :
3043 4633 3127 4685 sin
3181 4631 3504 4702 injuriarum

242 4727 348 4794 μὲν
382 4725 647 4778 πείσωσιν
696 4726 778 4779 ὅτι
811 4702 964 4781 οὐδὲν
1012 4702 1314 4795 ἀδικοῦσιν,
1357 4702 1590 4800 ἡσυχίαν
1628 4729 1814 4798 ἄγειν·

1928 4702 2352 4790 convincantur,
2400 4722 2569 4794 m8
2617 4729 2734 4775 tum
2788 4721 3010 4775 demum
3053 4720 3195 4775 bello
3237 4720 3507 4789 petendos

241 4818 308 4870 ἂν
338 4816 387 4871 δ’
422 4817 735 4881 ἀδικοῦντες
768 4819 961 4884 ἁλῶσι,
984 4821 1108 4874 τότε
1139 4821 1449 4891 πολεμῆσαι
1482 4822 1687 4884 αὐτοῖς,
1734 4823 1822 4876 ῖνα

245 4911 346 4963 καὶ
367 4908 468 4980 τὴν
495 4909 674 4963 αἰτίαν
706 4911 802 4965 τοῦ
835 4913 1076 4982 πολέμου
1112 4915 1172 4976 ἐς
1210 4913 1405 4976 αὐτοὺς
1449 4913 1824 4983 ἀπωσώμεθα.

247 5003 311 5054 ΑΞ
347 5000 448 5072 μὶν
473 4997 568 5054 οὖν
591 5003 795 5072 ἀμφοῖν
822 5002 970 5069 δόξαι
1006 5003 1256 5069 τοιαῦται
1294 5000 1462 5076 ἦσαν,
1503 5005 1579 5068 ὡς
1625 5007 1685 5058 ἐν
1736 5022 1828 5060 κε-

249 5092 470 5164 φαλαίῳ
497 5096 692 5150 εἰπεῖν.
721 5097 800 5166 Τῇ
828 5096 886 5149 δέ
915 5095 1078 5167 βουλῇ
1132 5097 1656 5168 παρασκευάζεσθαι
1729 5099 1829 5170 μὲν

251 5182 401 5250 ἔδοξε
437 5186 573 5257 πρὸς
603 5189 702 5256 τὴν
731 5187 936 5258 μάχην,
964 5189 1229 5258 πρέσϐεις
1264 5190 1322 5244 δέ
1361 5193 1443 5255 είς
1465 5191 1564 5263 τὴν
1603 5193 1831 5265 Καρχη-

256 5278 385 5331 δόνα
417 5279 648 5344 στεῖλαι,
684 5281 778 5334 καὶ
805 5278 900 5334 τοῦ
938 5280 1182 5334 Ἀννίϐου
1211 5284 1611 5355 κατηγορῆσαι.
1642 5286 1754 5339 Καὶ
1784 5287 1834 5340 εί

264 5369 364 5435 μὶν
395 5370 472 5442 μὴ
496 5371 772 5424 ἐπαινοῖεν
798 5372 867 5424 τά
889 5373 1231 5444 πραχθέντα,
1263 5375 1510 5430 δικάσαιο
1544 5379 1593 5430 εί
1655 5377 1700 5430 δ’
1751 5379 1831 5442 είς

1932 4834 2076 4881 esse,
2120 4827 2182 4872 ut
2212 4817 2378 4872 etiam
2405 4831 2568 4870 causa
2601 4815 2727 4870 belli
2763 4815 2817 4868 in
2856 4815 2977 4868 illos
3007 4813 3392 4868 transferatur.
3430 4814 3507 4868 Ac

1935 4912 2224 4980 utriusque
2267 4909 2543 4964 sententia
2590 4906 2904 4962 summatim
2955 4907 3071 4961 haec
3095 4906 3199 4960 fuit
3236 4923 3252 4962 :
3289 4908 3504 4960 senatui

1935 5011 2121 5057 autem
2158 5000 2382 5071 placuit,
2433 5012 2492 5053 se
2516 5007 2574 5053 et
2629 4997 2696 5052 ad
2740 4996 2942 5052 bellum
2978 5012 3194 5067 parare,
3228 5004 3283 5051 et
3313 4997 3509 5066 legatis

1935 5093 2323 5162 Carthaginem
2355 5089 2539 5145 missis
2601 5088 2937 5142 Annibalem
2971 5103 3258 5143 accusare.
3285 5086 3439 5153 Quod
3464 5087 3507 5140 si

1937 5188 2029 5243 illa
2067 5186 2466 5255 improbarent,
2500 5183 2628 5253 jure
2656 5181 2932 5252 agendum
2962 5198 2976 5234 :
3029 5182 3114 5234 sin
3162 5180 3238 5234 illi
3271 5181 3512 5248 imputa-

1941 5290 2089 5347 rent,
2119 5295 2246 5336 eum
2279 5275 2687 5347 deposcendum
2725 5296 2738 5330 :
2772 5275 2819 5330 si
2854 5288 2966 5329 non
2992 5273 3280 5335 dederent,
3308 5271 3511 5325 bellum

1936 5379 2020 5432 eis
2048 5371 2426 5430 indicendum.
2453 5369 2675 5440 Legatis
2709 5368 2998 5440 digressis,
3030 5363 3512 5428 Carthaginienses

261 5459 467 5513 ἐκεῖνον
496 5461 636 5514 αὐτὰ
663 5463 1006 5534 ἀναφέροιεν,
1041 5465 1435 5535 ἐξαιτήσασθαι
1485 5466 1649 5520 αὐτόν
1672 5482 1687 5501 ο
1726 5467 1814 5520 xii

1940 5468 2075 5537 quid
2111 5466 2382 5536 agemlum
2432 5471 2577 5517 esset
2606 5460 3008 5515 deliberabant.
3043 5455 3312 5512 Asdrubal
3380 5469 3512 5507 vero

269 5548 342 5618 μὴ
371 5552 588 5615 ἐκδῶσι,
625 5553 716 5607 τὸν
765 5554 1006 5625 πόλεμον
1054 5557 1382 5625 ἐπαγγεῖλαι
1449 5559 1652 5622 αὐτοῖς.
1712 5560 1814 5612 Teir

1942 5576 2087 5616 unus
2133 5575 2200 5613 ex
2235 5558 2302 5612 iis
2333 5570 2476 5626 quos
2535 5552 2772 5607 Annibal
2803 5553 3152 5613 subornarat,
3184 5555 3376 5601 auctor
3405 5545 3512 5599 fuit

266 5640 392 5708 γοῦν
420 5628 704 5713 πρέσϐεων
733 5646 1095 5712 ἀπελθόντων,
1120 5648 1169 5700 oi
1199 5647 1560 5719 Καρχηδόνιοι
1590 5649 1653 5702 τὸ
1682 5667 1840 5721 ποιη-

1951 5650 2159 5708 veteris
2185 5645 2458 5704 libertatis
2478 5643 2869 5715 recuperanda:
2893 5661 2909 5700 :
2938 5651 2995 5698 et
3024 5639 3326 5705 servitutis,
3350 5652 3515 5709 quam

1407 5767 1608 5830 Variae
1658 5769 1969 5832 lectiones
2009 5777 2070 5830 et
2108 5775 2294 5830 notae.

346 5889 454 5960 (3|)
485 5893 939 5963 manciparat.
985 5893 1064 5952 Ita
1106 5892 1450 5965 reposuimus
1482 5910 1548 5951 cx
1577 5910 1734 5962 mss.,
1774 5896 1814 5950 u‘

1913 5893 2123 5950 Nullius
2162 5892 2509 5965 προκείμενοι
2533 5885 2805 5945 ediderat.
