3740 6542
465 403 576 470 699

460 538 566 591 pax
602 517 900 586 attulisset,
937 527 1052 575 tum
1085 518 1360 590 pecuniis,
1409 526 1524 574 tum
1555 515 1750 587 cepiis,
1790 524 1904 569 tum
1952 527 2043 568 so-

462 611 561 667 riis
606 612 944 682 comparatis
989 611 1385 682 repudiandae;
1434 610 1779 680 subiecitque
1815 625 1828 661 :
1870 604 1928 662 Si
1963 605 2044 660 vel

457 703 559 759 soli
580 703 834 758 Annibali
873 720 970 758 suo
1003 705 1270 758 arbitrati.
1311 719 1423 756 rem
1451 717 1631 773 gerere
1659 700 2040 772 permisissent,

461 798 640 850 onmia
676 799 773 852 rite
806 796 1240 850 administratum
1266 797 1351 857 iri,
1384 803 1432 849 et
1472 796 1612 864 ipsos
1659 794 1802 847 omni
1847 791 2042 846 laboris

462 888 702 944 molestia
738 890 1017 942 carituros.
1062 888 1159 942 Illo
1195 887 1312 942 haec
1339 887 1552 951 loculo,
1580 901 1810 957 magnus
1844 883 2040 939 Hanno

461 991 674 1044 contra,
707 996 815 1034 non
852 989 1082 1045 temere,
1116 995 1294 1050 neque
1325 980 1397 1034 ob
1432 995 1599 1050 parva
1627 991 1684 1034 et
1712 977 1889 1034 aliena
1933 979 2044 1032 eri-

463 1075 614 1129 mina
658 1072 861 1128 bellum
917 1073 973 1127 in
1025 1072 1422 1143 rempublicam
1470 1071 1864 1127 retrahendum
1917 1085 2041 1126 esse

461 1164 700 1229 censuit,
737 1178 862 1218 cum
905 1163 1011 1218 alia
1037 1177 1291 1234 purgare,
1323 1163 1430 1218 alia
1484 1163 1538 1218 in
1559 1173 1818 1220 auctores
1859 1171 2040 1218 trans-

457 1257 603 1313 ferre
665 1256 850 1313 liceat.
884 1255 986 1324 Qui
1025 1271 1150 1311 cum
1181 1254 1401 1312 dicendi
1443 1254 1608 1311 ﬁnem
1644 1255 1883 1320 fecisset,
1908 1253 2043 1310 Car-

457 1347 888 1418 thaginiensium
914 1349 1185 1414 seniores,
1239 1349 1516 1420 primique
1564 1347 1697 1404 belli
1742 1360 2037 1412 memores,

457 1436 494 1494 il
520 1436 536 1492 i
567 1445 694 1493 sunt
725 1439 936 1494 assensi
973 1455 985 1491 :
1025 1439 1210 1494 caeteri
1251 1439 1651 1503 adolescentes,
1686 1439 1837 1510 iique
1867 1437 2042 1509 potis-

459 1529 660 1583 simum
690 1531 782 1600 qui
844 1530 1132 1586 Annibalis
1168 1545 1390 1585 causam
1423 1531 1679 1601 agebant,
1709 1532 1914 1586 acriter
1939 1530 2038 1585 ad-

458 1621 664 1676 versati
702 1631 853 1677 sunt.
892 1622 962 1678 Ut
997 1631 1184 1678 autem
1226 1623 1366 1677 nihil
1412 1623 1550 1677 certi
1589 1623 1839 1692 responsi
1872 1621 2041 1676 dede-

456 1723 610 1778 runt,
658 1713 979 1785 legatosque
1026 1717 1408 1786 neglexerunt,
1445 1714 1516 1769 Μ.
1567 1715 1768 1771 Fabius
1813 1716 1937 1770 sinu
1972 1731 2040 1769 ex

457 1811 581 1875 tcga
633 1805 778 1861 facto
827 1808 994 1871 :Ilic,
1037 1808 1240 1878 inquit,
1296 1809 1436 1863 vobis
1495 1808 1688 1863 bellum
1744 1815 1793 1862 et
1853 1823 2037 1878 pacem

456 1907 648 1967 porto:
685 1909 862 1954 utrum
887 1901 1079 1970 placet,
1103 1903 1317 1955 sumite.
1353 1901 1487 1956 Cum
1522 1901 1939 1972 respondissent
1978 1916 2035 1956 sc

454 1999 715 2045 neutrum
747 1993 968 2061 quidem
1015 2008 1257 2059 sumere,
1287 1994 1380 2048 sed
1415 2003 1602 2048 utrum
1642 1992 1888 2047 dedisset
1919 1991 2035 2046 ala-

455 2081 624 2138 criter
671 2093 1017 2154 accepturos.
1046 2085 1248 2141 bellum
1286 2087 1368 2142 eis
1413 2087 1598 2141 statim
1655 2086 1875 2142 indixit.
1922 2086 2036 2141 IIoc

455 2175 624 2243 igitur
651 2176 837 2242 modo,
869 2189 924 2232 et
949 2178 1036 2233 his
1067 2178 1136 2233 de
1167 2179 1350 2235 causis
1389 2179 1533 2236 inter
1551 2179 2036 2252 Carthaginienses

455 2274 511 2321 et
544 2267 823 2325 Romanos
855 2271 1092 2326 alterum
1135 2272 1343 2327 bellum
1373 2282 1462 2330 est
1510 2273 1836 2338 conﬂatum,
1884 2272 2036 2328 futu-

457 2372 624 2428 raque
663 2358 932 2417 divinitus
979 2361 1307 2418 denuntiata
1345 2373 1495 2418 sunt.
1539 2366 1676 2420 Nam
1714 2367 1904 2423 Romae.
1936 2369 2037 2425 bos

456 2448 696 2506 humana
741 2468 876 2510 voce
909 2455 1131 2511 locutus
1163 2466 1278 2524 est;
1322 2465 1379 2512 et
1411 2457 1555 2514 alius
1584 2457 1732 2516 ludis
1769 2459 2037 2516 Romanis

452 2557 522 2600 ex
551 2543 765 2600 aedibus
808 2562 865 2603 se
901 2547 956 2603 in
1006 2548 1253 2604 Tiberim
1286 2550 1674 2622 praecipitavit,
1720 2569 1786 2609 ac
1836 2555 2034 2624 periit;

453 2636 684 2692 fulmina
725 2642 897 2695 multa
930 2652 1058 2698 sunt
1101 2644 1316 2710 delata;
1350 2645 1574 2715 sanguis
1620 2655 1736 2701 tum
1778 2661 1808 2701 e
1843 2646 2038 2703 statuis

459 2731 728 2793 manavit,
762 2742 877 2787 tum
919 2749 950 2789 e
987 2736 1180 2792 militis
1211 2737 1500 2809 cujusdam
1535 2738 1769 2810 clypeo;
1806 2739 2038 2795 alterius

458 2836 650 2877 ensem
675 2823 841 2895 lupus
872 2841 938 2881 ex
964 2827 1098 2898 ipsis
1129 2830 1328 2885 castris
1359 2831 1564 2902 rapuit.
1590 2831 1853 2887 Annibali
1903 2847 2034 2888 vero

456 2915 648 2970 multa:
704 2917 909 2987 ignotae
973 2918 1162 2977 bestia:
1207 2922 1429 2977 Iberum
1483 2924 1813 2992 transeunti,
1864 2926 2038 2981 veluti

458 3009 604 3062 viam
637 3021 1053 3080 monstrarunt;
1101 3023 1156 3070 et
1193 3015 1470 3071 somnium
1522 3017 1838 3090 bujusmodi
1872 3033 2040 3089 appa-

456 3100 590 3153 ruit.
629 3099 940 3170 Aliquando
972 3105 1079 3161 sibi
1109 3109 1265 3164 visus
1292 3117 1380 3164 est
1409 3124 1440 3164 a
1467 3108 1574 3164 diis
1604 3108 1659 3164 in
1681 3109 1919 3165 concilio
1945 3124 2038 3166 se-

1740 397 2068 464 JOANNI‘S
2107 365 2435 463 20mm;

2069 512 2266 571 Ατίον
2293 513 2583 568 ἐσκόπουν.
2629 511 2737 570 Καί
2790 529 2874 576 τις
2915 515 3260 586 Ἀσδρούϐας,
3305 514 3380 585 εἷς
3421 522 3512 580 τῶν
3563 534 3639 590 ὑπὸ

2143 603 2239 659 τοῦ
2280 605 2526 660 Ἀννίϐου
2582 610 3261 679 προπαρεσκευασμένων,
3315 616 3639 682 συνεϐούλευες

2147 697 2299 767 σφίσι
2322 699 2517 770 χρῆναι
2541 699 2641 770 τήν
2679 716 2739 753 τε
2769 698 3006 770 ἀρχαίαν
3033 699 3336 772 ἐλευθερίαν
3359 705 3640 782 ἀνακτήσασ.

2144 791 2256 859 θαι,
2289 792 2386 846 καὶ
2419 793 2518 863 τὴν
2550 794 2613 846 ἐκ
2645 793 2744 860 τῆς
2785 792 3014 863 εἰρήνης
3036 792 3277 848 δουλείαν
3307 797 3642 872 ἀποτρίψασθαι

2143 884 2239 938 καὶ
2269 885 2540 956 χρήμασι,
2587 885 2682 939 καὶ
2711 884 2999 957 δυνάμεσι,
3036 886 3131 940 καὶ
3169 892 3458 959 συμμάχοις
3483 912 3639 966 συγκε.

2143 978 2526 1048 κροτημένοις,
2549 977 2846 1046 ἐπαγαγὼν
2878 979 2984 1040 ὅτι,
3020 976 3148 1032 Κᾶν
3165 977 3244 1046 τῷ
3281 981 3496 1052 Ἀννίϐᾳ
3516 992 3644 1060 μόνῳ

2143 1067 2260 1122 ὅσα
2285 1067 2571 1134 βούλεται
2600 1068 2819 1138 πρᾶξαι
2849 1068 3226 1138 ἐπιτρέψητε,
3257 1072 3350 1126 καί
3379 1073 3443 1130 τὸ
3467 1083 3645 1152 προστῇ.

2142 1177 2328 1214 κοντα
2354 1161 2550 1229 ἔσται,
2600 1162 2695 1217 καί
2723 1161 2907 1216 οὐδὲν
2934 1161 3104 1216 αὐτοὶ
3131 1163 3433 1229 πονήσετε.
3461 1169 3644 1228 Τοιαῦτα

2140 1249 2196 1303 δὲ
2220 1249 2388 1305 αὐτοῦ
2418 1251 2694 1317 είπόντος,
2739 1253 2950 1306 ’Δννων
2994 1252 3023 1307 ὁ
3085 1252 3257 1322 μέγας
3302 1255 3644 1330 ἐναντιούμενος

2140 1347 2252 1410 τοῖς
2277 1344 2372 1398 τοῦ
2407 1344 2729 1418 Ἆσδρούϐου
2746 1344 2950 1414 λόγοις,
2977 1344 3205 1414 γνώμην
3233 1349 3512 1416 εἰσήνεγκε,
3539 1354 3642 1423 μήτε

2144 1436 2366 1510 “nam
2409 1437 2548 1508 μήτε
2584 1437 2800 1508 μικρῶν
2833 1437 2930 1491 καὶ
2996 1435 3294 1506 ἀλλοτρίων
3348 1439 3643 1510 ἐγκλημάτων

2139 1529 2306 1584 ἓνεκα
2337 1531 2431 1595 τὸν
2463 1529 2701 1601 πόλεμον
2734 1531 2818 1600 ἐφ’
2862 1531 3091 1593 ἑαυτοὺς
3147 1531 3538 1598 ἐπισπάσασθαι,
3568 1554 3644 1591 παι

2144 1624 2238 1694 ρδν
2264 1623 2331 1676 τὰ
2361 1623 2462 1694 μὲν
2488 1623 2673 1690 λῦσαι,
2720 1623 2790 1676 τὰ
2819 1622 2874 1677 δὲ
2938 1625 2995 1686 ἐς
3065 1623 3192 1686 τοὺς
3238 1623 3514 1693 δράσαντας
3545 1629 3644 1684 αὐτὰ

2139 1717 2357 1789 τρέψαι.
2394 1719 2503 1771 Καὶ
2527 1719 2555 1771 ό
2589 1716 2691 1788 μὲν
2716 1717 2891 1773 ταῦτα
2925 1717 3096 1770 είπὼν
3139 1716 3427 1773 ἐπαύσατο.
3478 1721 3574 1775 Τῶν
3605 1724 3643 1777 δι

2142 1811 2532 1884 Καρχηδονίων
2565 1812 2614 1864 οἱ
2647 1811 2748 1883 μὲν
2771 1810 3135 1881 πρεσϐύτεροι
3165 1811 3259 1864 καὶ
3290 1810 3378 1864 τοῦ
3429 1812 3539 1882 πρὶν
3577 1834 3644 1885 με.

2144 1906 2410 1977 μνημένοι
2439 1904 2566 1958 πολέ
2577 1921 2702 1975 μου,
2742 1903 2893 1973 αὐτῷ
2924 1902 3268 1957 συνετίθεντο
3286 1920 3299 1934 °
3347 1908 3392 1957 οί
3417 1903 3457 1957 δ’
3484 1906 3534 1958 ἐν
3557 1907 3642 1977 ἡλι-

2140 1999 2258 2072 κίᾳ,
2289 2000 2380 2052 καὶ
2431 1997 2650 2067 μάλισθ’
2700 1996 2815 2050 ὅσοι
2853 1996 2921 2050 τὰ
2971 1995 3068 2049 τοῦ
3137 1995 3372 2048 Ἀννίϐου
3411 1995 3641 2067 ἔπραττον,

2142 2091 2379 2164 ἰσχυρῶς
2411 2090 2722 2157 ἀντέλεγον.
2741 2089 2826 2152 Ὡς
2859 2087 2903 2141 δ’
2932 2088 3090 2142 οὐδὲν
3121 2088 3290 2156 σαφὲς
3319 2090 3641 2158 ἀπεκρίναντο,

2138 2186 2234 2239 καὶ
2263 2186 2320 2237 ἐν
2349 2183 2612 2254 ὀλιγωρίᾳ
2641 2183 2769 2244 τοὶδς
2808 2179 3074 2252 πρέσϐεις
3124 2176 3290 2250 εἰχον,
3345 2183 3372 2234 ό
3415 2181 3596 2250 Μάρκος
3623 2187 3644 2236 ὁ

2137 2278 2362 2344 Φάϐιος,
2386 2277 2484 2340 τὰς
2512 2277 2705 2347 χεῖρας
2742 2274 2848 2327 ὑπὸ
2885 2273 2947 2326 τὸ
2975 2271 3192 2343 ἱμάτιον
3251 2271 3530 2337 ὑποϐαλὼν,
3577 2277 3644 2328 καὶ

2139 2372 2409 2434 ὑπτιάσας
2441 2368 2634 2432 αὑτὰς,
2667 2366 2768 2436 ἔφη
2791 2381 2804 2396 ⁸
2849 2363 2997 2436 Ἐγὼ
3023 2363 3144 2434 μὲν
3193 2363 3437 2429 ἐνταῦθ’,
3457 2358 3498 2417 ὦ
3535 2368 3642 2432 Imp-

2138 2467 2430 2538 χηδόνιοι,
2455 2463 2554 2518 καί
2582 2464 2691 2517 τὸν
2719 2463 2990 2531 πόλεμον
3013 2459 3116 2513 καί
3139 2460 3253 2526 τὴν
3266 2456 3492 2527 εἰρήνην
3511 2459 3640 2527 φέρου

2137 2557 2307 2628 ὑμεῖς
2338 2555 2390 2608 δ’
2423 2556 2714 2622 ὁπότερον
2737 2551 2937 2608 αὐτῶν
2977 2549 3292 2615 ,ϐούλεσθε
3339 2548 3546 2604 ἕλεσθε.
3581 2549 3643 2602 ’Δο

2141 2648 2512 2718 ποκριθέντων
2535 2645 2591 2698 δὲ
2624 2643 2924 2716 μηδέτερον
2973 2640 3076 2712 μὲν
3131 2639 3419 2710 αἱρεῖσθαι,
3445 2637 3643 2709 δέχεσθαι

2138 2741 2182 2795 δ’
2219 2741 2454 2810 ἑτοίμως
2477 2738 2742 2810 ὁπότερον
2773 2735 3204 2805 καταλείψουσιν
3222 2749 3237 2763 ο
3265 2731 3556 2802 ἐπήγγειλεν
3572 2733 3643 2784 αὑ-

2138 2833 2249 2896 τοῖς
2281 2831 2482 2886 αὐτίκα
2520 2828 2613 2884 τὸν
2655 2827 2915 2900 πόλεμον.
2955 2826 3118 2882 Οὕτω
3161 2825 3264 2897 μέν
3309 2824 3398 2879 καὶ
3425 2824 3501 2878 διὰ
3517 2823 3645 2879 ταῦτα

2138 2926 2193 2979 οἴ
2231 2941 2292 2978 τε
2333 2923 2601 2994 Ῥωμαῖοι
2622 2921 2719 2976 καὶ
2751 2921 2804 2975 οι
2839 2919 3212 2992 Καρχηδόνιοι
3240 2916 3300 2972 τὸ
3325 2917 3542 2986 δεύτερον
3559 2919 3645 2969 ἐπο-

2138 3017 2407 3086 λὲμησαν,
2445 3015 2628 3070 καὶτὸ
2674 3013 2954 3080 δαιμόνιον
3000 3011 3074 3065 τὰ
3097 3009 3430 3083 γενησόμενα
3465 3008 3647 3079 προεσή-

2143 3127 2335 3181 μηνεν.
2373 3109 2462 3161 Ἐν
2489 3109 2596 3178 γὰρ
2627 3109 2693 3178 τῇ
2720 3105 2913 3180 Ῥώμῃ
2935 3103 3292 3178 ἀνθρωπίνως
3313 3102 3515 3174 ἐλάλησε
3537 3099 3644 3170 βοῦς,

456 3189 718 3250 dentibus
746 3199 956 3254 accersi
995 3207 1052 3254 et
1081 3201 1490 3271 quamprimum
1540 3201 1595 3256 in
1640 3201 1852 3257 Italiam
1882 3218 2036 3259 exer-

2144 3206 2239 3261 καὶ
2259 3202 2449 3275 ἔτερος
2472 3203 2529 3255 ἐν
2557 3202 2624 3272 τῇ
2648 3198 2757 3256 τῶν
2800 3197 3098 3269 Ῥωμαίων
3124 3195 3424 3267 πανηγύρει
3447 3194 3496 3260 ἐξ
3516 3191 3645 3254 cinia;

457 3287 628 3340 citum
660 3288 864 3346 ducere
889 3291 1073 3362 juberi
1111 3311 1124 3347 :
1151 3295 1221 3349 ab
1252 3294 1442 3367 eisque
1476 3295 1674 3351 ducem
1706 3295 1924 3352 itineris
1947 3312 2041 3352 ac-

457 3376 693 3446 cepisse,
721 3397 884 3450 quem
909 3399 1022 3438 non
1051 3395 1369 3456 respectans
1395 3398 1741 3458 sequeretur.
1778 3389 1885 3444 Sed
1913 3405 2038 3444 cum

459 3477 516 3523 se
546 3469 716 3544 409
747 3479 1137 3545 convertisset,
1193 3495 1444 3551 magnam
1481 3481 1744 3552 ingruere
1799 3490 2040 3553 tempes-

457 3568 553 3616 int:
574 3581 626 3618 m
667 3567 892 3635 vidisse,
934 3569 1344 3644 draconemque
1373 3573 1532 3644 sequi
1564 3574 1802 3646 ingentis
1831 3575 2042 3645 magni-

458 3656 690 3712 tudinis.
724 3659 857 3726 Quae
908 3678 1036 3718 cum
1069 3665 1386 3732 miraretur,
1447 3668 1735 3724 ductorem
1791 3683 2037 3739 rogasse,

457 3748 718 3817 quidnam
757 3769 822 3809 ea
857 3755 964 3810 sibi
995 3757 1238 3812 vellent?
1269 3761 1364 3829 qui
1398 3761 1752 3831 responderit
1797 3778 1812 3816 :
1848 3760 1930 3816 Ea
1957 3761 2040 3818 illi

458 3839 528 3890 ad
559 3844 856 3900 vastitatem
891 3844 1071 3903 Italia:
1095 3850 1402 3920 adjumento
1428 3851 1610 3921 futura
1636 3869 1768 3909 esse.

2138 3298 2221 3362 είς
2245 3295 2339 3350 τὸν
2386 3293 2610 3365 Τίϐεριν
2650 3290 2844 3345 ἑαυτὸν
2873 3290 3092 3363 ἔρριψε,
3124 3291 3218 3344 καὶ
3244 3287 3465 3359 ἐφθάρη,
3493 3302 3645 3356 κεραυ-

2141 3387 2223 3443 νοί
2248 3404 2306 3442 τε
2337 3385 2524 3441 πολλοὶ
2557 3384 2840 3455 ἐφέροντο,
2870 3382 2968 3435 καὶ
3003 3375 3148 3451 αἷμα
3191 3379 3250 3434 τὸ
3284 3380 3377 3450 μὲν
3427 3377 3481 3442 ἐξ
3526 3375 3648 3443 ἀγαλ-

2141 3481 2332 3555 μάτων
2359 3478 2538 3548 ὥφθη,
2581 3476 2641 3530 τὸ
2683 3475 2738 3528 δέ
2772 3473 2834 3540 ἐξ
2875 3472 3106 3536 ἀσπίδος
3147 3471 3466 3543 στρατιώτου
3503 3465 3648 3538 ἐρρύη,

2139 3577 2329 3646 ἐτέρου
2359 3591 2418 3626 τε
2447 3572 2602 3641 ξίφος
2624 3571 2681 3638 ἐξ
2713 3568 2879 3624 αὑτοῦ
2911 3567 3006 3621 τοῦ
3039 3565 3398 3637 στρατοπέδου
3420 3561 3555 3622 λύκος
3575 3558 3646 3627 ἦρ·

2077 3675 2082 3680 ’
2137 3687 2305 3724 πασε.
2333 3666 2424 3737 Τῷ
2456 3664 2500 3718 δ’
2540 3663 2760 3732 Ἀννίϐᾳ
2788 3661 2953 3732 θηρία
2989 3659 3166 3712 πολλὰ
3199 3657 3293 3712 καὶ
3342 3656 3560 3723 ἄγνωστα
3583 3652 3648 3702 τὸν

2143 3762 2340 3830 Ἴϐηρα
2368 3753 2702 3809 διαϐαίνοντι
2761 3747 3250 3822 προκαθηγήσατο,
3299 3746 3388 3800 καὶ⁸
3413 3743 3517 3812 ὄψις
3551 3737 3648 3794 diel-

2141 3871 2237 3928 ρου
2265 3829 2462 3922 ἐφάνη.
2497 3844 2686 3910 Ἔδοξε
2720 3843 2830 3913 γάρ
2865 3859 2995 3898 ποτε
3021 3841 3151 3904 τοὺς
3186 3840 3338 3900 θεους
3369 3840 3420 3890 ἐν
3446 3829 3647 3928 ἐκκλησία

460 3935 810 4004 καθημένους
847 3943 1315 4012 μεταπέμψασθαί
1340 3961 1397 3999 τε
1427 3945 1594 4000 αὐτὸν
1663 3947 1760 4000 καὶ
1810 3927 2151 4018 στρατεῦσαι
2206 3949 2288 4002 ὅτι
2345 3941 2574 4012 τάχιστα
2623 3938 2704 4000 εἰς
2763 3934 2863 4007 τὴν
2917 3932 3157 3988 Ἰταλίαν
3233 3927 3526 4004 προστάξαι.
3585 3927 3649 3975 καί

459 4029 649 4087 λαϐεῖν
674 4038 806 4106 παρ’
837 4040 1019 4094 αὐτῶν
1047 4041 1146 4112 τῆς
1178 4041 1300 4096 όδοῦ
1350 4043 1616 4114 ἡγεμόνα,
1675 4043 1772 4097 καὶ
1831 4047 2253 4121 ἀμεταστρεπτὶ
2315 4043 2406 4097 ὑπ’
2439 4036 2606 4092 αὑτοῦ
2664 4031 3028 4102 κελευσθῆναι
3088 4028 3345 4082 ἕπεσθαι·
3385 4026 3648 4121 “at???”

454 4125 623 4195 φῆναι
653 4128 709 4181 δὲ
759 4131 856 4184 καὶ
885 4131 1013 4186 ίδείν
1075 4129 1321 4203 χειμῶνα
1357 4134 1537 4204 μέγαν
1577 4135 1910 4207 χωροῦντα,
1947 4144 2039 4196 καὶ

2075 4114 2350 4214 δράκοντα
2408 4131 2560 4202 αὐτῷ
2624 4124 3104 4183 ἐπακολουθοῦντα
3139 4114 3648 4214 ἀμήχανονααὶθανῗ

460 4221 632 4286 μᾶσαι
671 4223 897 4296 ἔρεσθαι
926 4245 984 4280 τε
1015 4228 1107 4282 τὸν
1129 4229 1370 4297 ἀγωγὸν,
1419 4229 1472 4282 τί
1533 4229 1707 4284 ταῦτα
1771 4228 1919 4288 εῐενο
1983 4238 2079 4292 καὶ
2110 4207 2208 4293 ’τὸν
2261 4235 2470 4290 εἰπεῖν’
2523 4225 2600 4285 Ἦ
2673 4225 2928 4287 Ἀννίϐα,
2973 4221 3164 4275 ταῦτα
3220 4207 3650 4288 συμπορθτίσθντά

454 4324 557 4366 σοι
587 4311 701 4380 τὴν
745 4315 1011 4372 Ἰταλίαν
1038 4317 1296 4387 ἔρχεται.

525 4408 718 4464 XXIII.
786 4410 911 4467 [Iace
965 4413 1168 4470 bonam
1219 4430 1376 4486 spem
1426 4416 1711 4486 Annibali,
1768 4421 2036 4480 Romanis

455 4521 718 4578 magnum
777 4506 1034 4564 timorem
1091 4511 1421 4568 attulerunt.
1456 4513 1562 4582 Qui
1587 4517 1760 4588 copiis
1811 4527 1869 4574 et
1896 4534 2038 4575 coss.

457 4600 715 4657 bifariam
759 4599 1096 4668 distributis,
1128 4603 1518 4675 Sempronium
1571 4607 1820 4680 Longum
1859 4610 1915 4666 in
1947 4611 2035 4667 Si-

458 4693 644 4748 eiIiam
677 4693 968 4761 miserunt,
1000 4694 1057 4750 in
1080 4695 1392 4766 Hispaniam
1420 4698 1483 4754 P.
1505 4698 1839 4771 Scipionem.
1868 4702 2040 4759 Anni“

461 4787 551 4843 bal
610 4802 744 4844 vero
802 4788 1190 4858 impressionis
1241 4790 1294 4844 in
1326 4789 1538 4846 Italiam
1580 4794 1762 4864 primo
1817 4810 2040 4866 quoque

462 4890 712 4951 tempore
755 4881 1021 4938 facienda:
1077 4881 1350 4956 cupidus.
1384 4885 1491 4940 iter
1562 4887 1938 4944 acceleravit:
1977 4903 2042 4945 ac

460 4971 717 5038 Galli-im,
740 4989 862 5044 quae
901 4974 1046 5030 intra
1109 4975 1432 5046 Pyrenaeum
1462 4983 1520 5032 et
1556 4977 1883 5033 Rhodanum
1931 4987 2038 5047 est,

463 5066 608 5120 citra
632 5065 1044 5122 dimicationem
1083 5068 1341 5124 transiit:
1367 5083 1552 5140 neque
1587 5069 1886 5140 quisquam
1913 5084 2040 5126 cum

457 5171 530 5214 eo
563 5172 891 5229 congressus
916 5165 1025 5225 est,
1049 5160 1370 5230 priusquam
1397 5158 1466 5215 ad
1499 5159 1826 5216 Rhodanum
1858 5162 2042 5219 venis—

460 5261 569 5308 set.
600 5249 681 5308 Ibi
706 5267 768 5308 se
803 5251 880 5306 illi
904 5253 1150 5309 ostendit
1177 5252 1366 5324 Scipio
1397 5272 1411 5308 :
1443 5263 1502 5309 et
1535 5269 1856 5325 quanquam
1918 5256 2042 5327 ejus

455 5345 631 5417 copize
651 5345 899 5402 nondum
917 5345 1294 5412 advenissent,
1316 5354 1494 5402 tamen
1517 5361 1641 5402 cum
1661 5348 2037 5420 popularibus,

459 5453 765 5509 eorumque
790 5437 1064 5506 finitimis,
1114 5453 1284 5493 naves
1334 5453 1456 5508 qua:
1487 5438 1542 5492 in
1576 5439 1802 5496 ﬂumine
1856 5447 2037 5504 erant,

461 5531 816 5597 communiit,
899 5532 1232 5601 alveumque
1290 5530 1572 5588 eustodiit.
1621 5531 1880 5598 Annibal,
1934 5531 2038 5586 etsi

467 5625 736 5695 temporis
763 5623 976 5695 aliquid
1030 5621 1372 5678 instruendis
1415 5623 1647 5688 ratibus,
1712 5623 1936 5695 scaphis
1984 5629 2042 5676 et

461 5713 725 5770 lintribus
768 5713 1112 5782 consumpsit
1159 5751 1174 5776 ,
1212 5720 1393 5767 tamen
1423 5713 1608 5769 omnia
1639 5713 1706 5770 ad
1751 5714 2039 5786 trajectum

466 5806 801 5873 necessaria,
863 5804 1219 5861 multitudine
1267 5819 1562 5875 operarum
1622 5807 1776 5876 prius
1806 5806 2038 5877 paravit,

443 5913 625 5968 quam
663 5897 908 5968 Scipioni
940 5912 1049 5953 sum
1083 5894 1328 5968 legiones
1361 5897 1731 5954 advenissent.
1766 5897 2041 5957 Fratrem-

2217 4419 2348 4473 Kl".
2379 4414 2567 4469 Ταῦτα
2604 4410 2684 4483 τῷ
2735 4410 2834 4481 μὲν
2903 4404 3129 4475 ’Δννίϐᾳ
3196 4399 3431 4474 χρηστὴν
3487 4393 3648 4448 ἐλπίδι.

2149 4513 2266 4575 τοῖς
2301 4509 2359 4562 δέ
2398 4504 2696 4576 Ῥωμαίοις
2721 4499 2902 4570 δεινὴν
2944 4497 3188 4552 ἐνεποίει
3232 4492 3524 4563 ἐκφόϐησιν.
3554 4483 3648 4554 dixi;

2070 4607 2114 4662 ι)
2143 4605 2200 4660 δὲ
2225 4605 2324 4667 τὰς
2351 4600 2615 4670 δυνάμεις
2671 4595 2724 4649 ol
2763 4593 3037 4662 Ῥωμαῖοι
3089 4589 3376 4652 διελόντες,
3433 4583 3517 4638 καὶ
3560 4579 3649 4639 τοὺς

2146 4695 2392 4758 ὑπάτους
2423 4686 2782 4761 Σεμπρώνιον
2815 4684 2918 4756 μὲν
2941 4685 3154 4752 Λόγγον
3187 4681 3246 4745 ἐς
3277 4676 3502 4733 Σικελίαν
3528 4673 3649 4738 ἐπεμ-

2143 4789 2274 4860 eu,
2317 4787 2376 4846 ἐς
2399 4785 2458 4840 δέ
2486 4781 2584 4853 τὴν
2631 4779 2874 4851 Ἰϐηρίαν
2905 4774 3190 4830 Σκιπίωνα
3225 4770 3494 4862 Πούπλιον.
3514 4765 3579 4862 ςο
3602 4761 3648 4862 ,δὲ

2156 4857 2429 4944 Ἇννίϐας,
2477 4878 2558 4939 εἱς
2595 4873 2697 4945 τὴν
2745 4870 2976 4926 Ἰταλίαν
3023 4868 3099 4931 ὡς
3154 4866 3379 4936 τάχιστα
3427 4857 3646 4924 ἐπιθυμῶν

2143 4971 2439 5034 εἰσϐαλεῖν,
2472 4966 2677 5036 σπουδῇ
2705 4964 2929 5035 ἐχώρει,
2961 4960 3060 5016 καὶ
3101 4960 3285 5014 πᾶσαν
3312 4956 3406 5025 τὴν
3440 4949 3646 5006 Γαλατίαν

2143 5065 2245 5135 τὴν
2269 5059 2474 5133 μεταξὺ
2503 5057 2600 5112 τοῦ
2638 5053 2948 5127 Πυρηναίου
2998 5051 3094 5106 καὶ
3121 5049 3218 5105 τοῦ
3268 5041 3501 5102 Ῥοδανοῦ
3528 5038 3646 5135 οὖσαν

2146 5130 2354 5228 ἀραία
2391 5151 2598 5224 διῆλθε,
2637 5150 2737 5204 καὶ
2777 5147 2942 5219 μέχρι
2971 5145 3078 5216 μὲν
3110 5142 3206 5197 τοῦ
3241 5137 3470 5228 ποταμῴ
3504 5130 3646 5228 frita-

2145 5219 2239 5303 νοῦ
2265 5219 2442 5308 δὺδεὶς
2468 5219 2559 5307 ἐίς
2598 5241 2790 5312 χεῖρας
2815 5233 2951 5310 ἧκεν
3005 5231 3177 5305 αὐτῷ.
3251 5230 3393 5284 Ἐκεῖ
3423 5225 3464 5279 δ’
3494 5224 3519 5277 ὁ
3560 5219 3645 5312 Xst-

2149 5338 2293 5393 πίων
2321 5310 2829 5404 ἐπεφάνη,-καίπερ
2865 5327 2943 5398 μὴ
2969 5324 3258 5395 παρούσης
3305 5317 3444 5412 αὐτώ
3479 5315 3559 5412 τῆς
3579 5310 3645 5412 διί-

2146 5431 2386 5502 νάμεως,
2411 5403 2565 5498 ὅμως
2593 5424 2738 5494 μετά
2757 5415 2868 5474 τῶν
2897 5416 3212 5488 ἐπιχωρίων
3258 5413 3348 5468 καὶ
3375 5411 3480 5502 τῶν
3510 5403 3644 5502 αὐτοῖς

2149 5493 2464 5595 προσοίκων
2493 5519 2562 5572 τά
2583 5493 2641 5572 τε
2668 5515 2826 5571 πλοῖα
2851 5513 2919 5567 τὰ
2949 5513 3006 5565 ἐν
3025 5509 3102 5580 τῷ
3123 5505 3351 5578 ποταμῷ
3369 5493 3640 5598 spumeis:

2148 5582 2231 5688 ρε,
2263 5616 2357 5669 καὶ
2384 5612 2445 5666 τὸ
2479 5609 2661 5683 ῥεῦμα
2682 5603 2852 5660 αὐτοῦ
2905 5603 2996 5658 διὰ
3027 5597 3276 5671 φυλακῆς
3295 5595 3576 5688 imitante,
3599 5582 3639 5629 '0

2145 5675 2240 5762 οὖν
2283 5675 2535 5768 ’Δννίϐας
2560 5675 2749 5776 ἐτριψε
2786 5698 2886 5765 μέν
2915 5713 3040 5750 τινα
3092 5695 3305 5763 χρόνον,
3341 5687 3428 5741 καὶ
3459 5675 3637 5776 σχεδίας,

2148 5799 2246 5854 καὶ
2270 5798 2478 5866 nam,
2513 5767 2651 5846 ἀλλὰ
2679 5767 2739 5845 τε
2798 5789 2894 5844 καὶ
2958 5783 3226 5857 μονόξυλα
3266 5767 3636 5866 “manui-{ww

2152 5891 2330 5962 ’Έφθη
2363 5861 2410 5944 δζ
2440 5861 2534 5944 οὖν
2577 5887 2684 5942 ὑπὸ
2713 5880 3067 5954 πολυχειρίας
3107 5878 3174 5932 τὰ
3226 5873 3356 5941 πρὸς
3402 5861 3638 5931 περαίωσιν
