3896 6538
200 435 272 497 το
279 432 314 496 ι’

1431 437 1856 500 ANNALIUM
1897 436 2047 497 LIB.
2091 433 2260 497 VIII.

3363 425 3470 492 7c?

198 547 485 617 ἀναγκαία
521 546 722 611 πάντα,
759 544 895 618 πρὶν
948 546 1025 617 τῷ
1065 545 1331 602 Σκιπίωνι
1363 548 1425 602 τδ
1453 551 1655 604 οίκεϊον
1694 550 1800 620 ἀφ-

1914 564 2006 619 ιιιθ
2033 547 2316 619 Magonem
2345 559 2470 601 cum
2491 543 2773 616 equitibus
2797 541 3132 600 etvelitibus
3164 540 3468 595 nonnullis.

204 641 428 697 ικέσθαι
457 638 804 710 στράτευμα,
830 639 1398 711 προετοιμασάμενος,
1418 641 1511 695 καὶ
1533 641 1626 695 τὸν
1649 639 1799 695 ἀδελ-

203 733 596 805 φὸγΜάγωνα
627 731 724 784 σὺν
748 733 865 795 τοῖς
902 731 1137 786 ἱππεῦσι
1196 735 1292 786 καὶ
1339 733 1520 804 ψιλοῖς
1557 749 1722 800 τισιν,

207 822 576 876 σκεδάννυται
602 823 633 875 ὀ
665 819 910 891 ποταμὸς
937 823 1031 876 ἐπὶ
1059 821 1193 876 πολὺ
1214 823 1308 876 καὶ
1343 823 1530 894 νήσοις
1554 823 1801 893 διαλαμ-

206 914 462 978 6άνεται,
489 913 896 984 διαϐησόμενον
916 914 1183 984 ἐπεμψεν.
1216 914 1403 978 Aine;-
1436 916 1495 969 δὲ
1532 916 1675 969 κατά
1705 915 1799 970 τὸν

208 1006 431 1076 ἀμφανῆ
461 1006 637 1070 πόρον
664 1006 862 1077 ἐχώρει
888 1007 1074 1076 δῆθεν,
1107 1005 1177 1060 ἵν’
1209 1007 1260 1060 οί
1297 1007 1538 1061 Γαλάται
1585 1010 1801 1078 ἀπιιιτη⁵

212 1100 384 1164 θεῖεν,
419 1099 560 1168 πρὸς
605 1098 772 1152 αὐτὸν
804 1099 1272 1169 ἀπιταττὸμενοι,
1301 1099 1397 1152 καὶ
1432 1099 1800 1170 ἀμελέστερον

214 1195 275 1245 ἑν
296 1192 477 1254 ἀλλοις
505 1190 604 1244 τοῦ
627 1191 878 1261 ποταμοῦ
897 1192 998 1262 τὴν
1028 1191 1282 1264 φυλακὴν
1313 1191 1532 1245 θῶνται.
1584 1192 1653 1244 Ὃ
1703 1190 1800 1245 καὶ

217 1287 431 1353 γέγονε.
457 1283 574 1337 Καὶ
601 1285 631 1338 ὁ
683 1285 893 1353 Μάγων
935 1283 1092 1354 ’διὲδη
1145 1283 1240 1338 τὸν
1293 1283 1543 1353 ποταμόν
1590 1297 1605 1313 °
1641 1285 1670 1337 δ
1739 1281 1798 1336 δὲ

228 1375 483 1439 Ἀννίϐας
514 1375 612 1428 καὶ
634 1377 684 1428 οί
714 1377 844 1447 περὶ
871 1375 1037 1429 αὐτὸν
1073 1373 1218 1430 κατά
1250 1375 1344 1429 τδν
1371 1375 1540 1445 πόρον
1573 1376 1800 1445 ὲπεραιυ

219 1463 412 1518 οῦντοο
441 1464 538 1517 καὶ
566 1464 852 1534 γενόμενοι
878 1464 1020 1518 κατὰ
1045 1464 1105 1518 τδ
1140 1465 1325 1536 μέσον,
1375 1462 1671 1534 ἠλάλαξαν,
1707 1461 1802 1516 καὶ

223 1559 271 1610 σί
295 1557 625 1624 σαλπιγκταὶ
637 1554 694 1609 δὲ
709 1556 1040 1626 συνήχησαψ
1068 1557 1165 1609 καὶ
1185 1559 1214 1610 ὁ
1229 1556 1440 1624 Μάγων
1463 1555 1605 1608 κατὰ
1628 1554 1800 1609 νώτου

221 1651 338 1712 τοῖς
369 1646 736 1719 ἀνθεστηκόσι
765 1650 1106 1721 προσέπεσε,
1143 1649 1237 1701 καὶ
1265 1647 1440 1711 οὕτως
1473 1648 1528 1700 οί
1547 1664 1606 1700 τε
1651 1647 1801 1702 ἄλλοι

225 1740 323 1794 καὶ
348 1740 397 1792 οί
415 1740 712 1810 ἐλέφαντες
772 1741 1074 1805 ἀκινδύνως
1141 1739 1588 1812 ἐπεραιώθησαν.
1639 1741 1801 1809 Ἀρτι

223 1832 284 1886 δὲ
314 1832 731 1904 περαιωθέντων
773 1833 974 1898 αὐτῶν,
1029 1835 1124 1887 καὶ
1165 1833 1244 1905 τῷ
1299 1832 1568 1887 Σκιπίωνι
1622 1832 1800 1886 οίκεία

1902 657 2009 712 qua
2045 640 2224 696 amnis
2276 640 2380 695 late
2411 638 2708 710 spargitur,
2769 645 2826 692 et
2860 635 3056 690 insulis
3089 633 3469 704 distinguitur,

1900 731 2158 801 trajicere
2181 729 2364 804 jussit.
2413 730 2534 802 lpse
2567 731 2632 785 ad
2665 730 2896 784 evidens
2912 727 3114 782 vadum
3147 725 3468 781 contendit:

1899 825 2160 880 nimirum
2193 834 2253 879 ut
2282 823 2444 889 Galli,
2467 823 2595 878 dum
2621 822 2722 893 ipsi
2746 822 3100 885 obsisterent,
3125 819 3472 882 fallerentur,

1900 925 1954 974 et
1989 917 2044 971 in
2068 916 2191 971 aliis
2216 915 2352 987 ripis
2369 915 2609 970 ﬂuminis
2641 913 3009 985 negligentius
3045 908 3335 965 custodias
3371 908 3476 961 ha-

1901 1009 2114 1064 berent.
2146 1009 2335 1078 Itaque
2361 1006 2610 1079 contigit.
2651 1005 2787 1059 Cum
2818 1003 3008 1074 Magon
3049 999 3256 1054 ﬂumen
3295 1009 3478 1053 trans-

1902 1100 2160 1162 misisset.
2177 1099 2411 1155 Aunibal
2439 1097 2634 1170 suique
2658 1097 2857 1152 vadum
2883 1093 3134 1158 ingressi,
3156 1091 3248 1146 ubi
3272 1091 3338 1145 ad
3358 1105 3476 1144 me-

1901 1193 2056 1248 dium
2084 1204 2386 1263 pervenere
2417 1232 2431 1256 ,
2463 1190 2755 1244 clamorem
2783 1186 3126 1242 sustulerunt
3157 1192 3214 1238 et
3244 1180 3478 1237 classico

1902 1284 2227 1342 cecinerunt
2255 1299 2268 1336 :
2295 1291 2351 1337 et
2376 1281 2602 1352 Magone
2633 1278 2974 1334 adversarios
3015 1292 3044 1330 a
3074 1283 3224 1346 tergo
3259 1273 3475 1336 adorto,

1901 1383 1960 1430 et
1991 1372 2172 1430 caeteri
2198 1381 2255 1428 et
2277 1371 2598 1442 elephantes
2633 1369 2771 1424 citra
2790 1366 3095 1438 periculum
3118 1363 3475 1418 transierunt.

1902 1467 2005 1525 Vix
2038 1465 2392 1530 transierant,
2428 1478 2553 1517 cum
2585 1460 2860 1532 Scipionis
2907 1459 3078 1529 capias
3109 1458 3476 1510 advenerunt.

1901 1558 2038 1615 Cum
2067 1558 2236 1630 igitur
2261 1556 2525 1626 utrinque
2554 1554 2898 1625 speculatum
2932 1550 3149 1620 equites
3179 1548 3477 1612 misissent,

1903 1650 1949 1705 is
1981 1649 2254 1719 equestris
2289 1646 2463 1718 praelii
2497 1647 2601 1701 fuit
2625 1644 2829 1707 exitus,
2855 1641 2948 1713 qui
2986 1640 3118 1695 belli
3148 1638 3338 1693 totius.
3369 1638 3478 1690 Ro-

1902 1743 2049 1797 mani
2079 1742 2226 1796 enim
2254 1740 2526 1811 principio
2556 1736 2865 1801 inferiores,
2902 1732 3092 1788 multis
3120 1729 3357 1792 amissis,
3397 1729 3482 1780 vi-

1904 1845 2119 1892 cerunt.
2150 1835 2282 1889 Inde
2296 1833 2530 1888 Annibal
2555 1833 2608 1886 in
2631 1830 2840 1886 Italiam
2868 1837 3190 1897 properans.
3211 1835 3334 1876 cum
3369 1819 3484 1872 vias

228 1900 450 1994 ἀφίκετο
477 1926 732 1997 δύναμις.
781 1928 1108 1997 Πέμψαντες
1175 1900 1270 1981 οῦν
1333 1929 1414 1990 είς
1479 1925 1800 1997 προσκοπήν

1914 1926 2418 1998 compendiosiorcs
2469 1932 2753 1992 suspectas
2811 1921 3086 1974 haberet:
3121 1916 3229 1970 illis
3276 1911 3505 1974 vitatis;

229 2019 428 2080 ἱππέας
457 2017 790 2089 ἀμφότεροι,
831 2019 1058 2089 τοιούτῳ
1111 2018 1256 2070 τέλει
1315 2019 1415 2088 τῆς
1464 2016 1809 2086 ἱππομαχίας

227 2110 543 2177 ἐχρήσαντο,
567 2108 756 2162 ὁποῖον
783 2110 812 2161 ὁ
841 2110 1064 2180 σύμπας
1084 2108 1288 2179 ἔσχηκε
1325 2109 1582 2178 πόλεμος.
1604 2109 1669 2162 Οί
1701 2108 1808 2180 γὰρ

235 2199 497 2270 Ῥωμαῖοι
533 2202 634 2254 καί
667 2202 890 2256 ἔλαττον
919 2203 1020 2273 τὴν
1059 2201 1286 2272 πρώτην
1312 2201 1693 2272 ἔνεγκάμενοι,
1716 2207 1810 2256 καὶ

233 2291 454 2362 συχνοὺς
483 2292 855 2358 ἀποϐαλόντες
911 2295 1174 2363 ἐνίκησαν
1195 2307 1210 2322 ·
1244 2292 1498 2348 ἐντεῦθεν
1533 2293 1806 2358 Ἀννίϐας,

234 2382 443 2437 ἀπιέναι
477 2386 614 2455 πρὸς
656 2385 891 2440 Ἰταλίαν
922 2386 1201 2453 σπεύδων,
1233 2386 1560 2440 ὑποπτεύων
1608 2385 1665 2441 δὲ
1712 2385 1811 2451 τὰς

236 2478 644 2550 ὲπιτομωτέρας
665 2479 776 2534 τῶν
797 2481 958 2545 ὁδῶν,
1011 2482 1232 2544 ἐκείνας
1291 2481 1389 2549 μὲν
1450 2482 1811 2554 παρεξῆλθεν,

237 2569 424 2640 ἑτέραν
451 2571 824 2643 δὲπορευθεὶς
869 2572 1112 2644 ἰσχυρῶς
1157 2573 1432 2645 ἑπόνησε·
1486 2576 1556 2629 τά
1597 2591 1657 2630 τε
1704 2575 1814 2647 γὰρ

238 2658 332 2730 δρη
360 2661 542 2715 ἐκεῖνα
571 2664 973 2735 ἀποτομώτατά
1007 2669 1146 2731 ἐστι,
1211 2667 1307 2720 καὶ
1359 2666 1392 2737 ή
1446 2665 1580 2737 χιὼν
1639 2665 1815 2739 πολλή

241 2754 516 2824 γενομένη,
539 2755 756 2818 καὶτὰς
782 2756 1072 2828 φάραγγας
1098 2758 1192 2811 ὑπ’
1209 2758 1428 2829 ἀνέμων
1447 2759 1813 2831 πληρώσασα,

243 2845 333 2896 ιιιὶ
357 2846 385 2898 ὁ
420 2845 759 2917 κρύσταλλος
789 2849 1125 2921 ίσχυρότατα
1159 2853 1382 2920 παγεὶς,
1411 2852 1605 2917 δεινῶς
1667 2861 1810 2923 σφᾶς

244 2935 646 3011 ἐταλαιπώρησε
667 2957 684 2971 ο
717 2941 816 2995 καὶ
858 2941 1046 2996 πολλοὶ
1092 2941 1202 2997 τῶν
1241 2944 1408 2999 αὑτοῦ
1461 2947 1814 3017 στρατιωτῶν

245 3029 340 3082 ὑπό
363 3046 421 3083 τε
448 3030 546 3086 τοῦ
571 3033 868 3103 χειμῶνος,
919 3035 1014 3089 καὶ
1061 3037 1168 3090 ὑπὸ
1201 3038 1467 3103 σιτοδείας
1505 3038 1815 3108 ἀπώλοντο,

249 3119 497 3176 πολλοίᾶ
559 3124 656 3179 καὶ
699 3125 882 3179 οῐκαδε
927 3126 1309 3200 ἀνεχώρησαν.
1347 3129 1500 3200 Ἔχει
1549 3129 1606 3185 δὲ
1657 3130 1815 3200 λόγος

1911 2030 2075 2090 atque
2127 2017 2250 2072 aliis
2275 2015 2584 2070 tramitibus
2639 2011 2904 2082 quaesitis,
2957 2021 3180 2078 magnas
3211 2016 3484 2057 mrumnas

1905 2110 2188 2166 toleravit.
2239 2109 2374 2163 Nam
2422 2115 2479 2162 et
2511 2115 2726 2163 montes
2755 2101 3050 2156 admodum
3086 2095 3372 2168 praerupti,
3429 2099 3486 2146 et

1910 2203 2085 2258 valles
2117 2201 2245 2255 ﬂatu
2284 2207 2571 2253 ventorum
2607 2194 2893 2264 profundis
2920 2192 3142 2246 nivibus
3161 2189 3408 2256 expletas,
3430 2195 3488 2239 et

1913 2293 2115 2366 glacies
2161 2290 2492 2346 densissima
2531 2286 2697 2359 410
2723 2284 2964 2356 graviter
3020 2279 3322 2336 exercitum
3349 2275 3489 2330 allii-

1912 2393 2114 2440 xerunt
2149 2401 2163 2438 :
2197 2382 2466 2450 multique
2521 2379 2726 2434 milites
2783 2375 2871 2431 vel
2927 2373 3128 2437 hicne,
3162 2371 3248 2426 vel
3304 2367 3488 2422 inedia

1913 2477 2241 2545 perierunt:
2271 2474 2428 2528 multi
2463 2472 2628 2526 etiam
2663 2470 2885 2525 domum
2943 2463 3248 2520 redierunt.
3288 2461 3489 2516 Fertur

1911 2578 1968 2624 et
1994 2569 2111 2639 ipse
2162 2565 2399 2622 Annibal
2439 2563 2640 2620 reverti
2700 2559 2963 2624 voluisse,
3015 2555 3122 2611 nisi
3177 2551 3490 2608 confectum

1917 2663 2023 2717 iter
2062 2660 2280 2731 longius
2303 2666 2361 2714 et
2385 2655 2664 2712 dilﬁcilius
2685 2653 2878 2708 fuisset
2913 2667 2981 2705 eo
3031 2646 3179 2719 quod
3226 2643 3488 2699 restabat.

1916 2755 2103 2824 anue
2128 2752 2196 2808 de
2231 2765 2398 2807 causa
2436 2747 2632 2819 emptis
2659 2761 2769 2800 non
2801 2742 3012 2799 destitit
3047 2757 3063 2796 :
3089 2755 3153 2795 ac
3180 2737 3366 2793 subito
3393 2748 3490 2788 ex-

1915 2857 1998 2902 tra
2021 2846 2184 2916 Alpes
2213 2851 2561 2914 conspectus,
2617 2835 3042 2894 admirationem
3091 2830 3257 2888 simul
3294 2836 3352 2884 ct
3381 2835 3494 2880 ter-

1915 2952 2099 2994 rorem
2149 2935 2412 2992 Romanis
2455 2933 2668 3004 injecit.
2716 2932 2970 2998 interque
3026 2918 3493 2996 progrediendum

1915 3031 2077 3087 obvia
2097 3044 2328 3100 quaeque
2345 3027 2583 3098 subegit.
2608 3025 2793 3096 Scipio
2814 3023 3041 3078 fratrem
3065 3019 3126 3075 C.
3155 3017 3495 3088 Scipionem,

1917 3123 2157 3194 legatum
2190 3136 2373 3185 suum,
2407 3120 2462 3174 in
2491 3117 2805 3188 Hispaniam
2837 3115 3008 3172 misit.
3043 3121 3104 3166 ut
3129 3117 3225 3166 aut
3249 3125 3371 3164 eam
3401 3123 3497 3163 oc-

245 3212 318 3265 δτι
345 3214 434 3268 καὶ
465 3213 631 3277 αὐτὸς
653 3216 987 3288 ἀνέστρεψεν
1019 3218 1107 3284 ἂν,
1133 3221 1184 3273 εἰ
1223 3219 1300 3291 μὴ
1330 3218 1533 3275 πλείων
1556 3223 1651 3277 καὶ
1676 3223 1810 3276 ἀπο-

1915 3221 2164 3286 cuparet,
2193 3222 2289 3268 aut
2335 3211 2657 3268 Annibalem
2688 3224 2758 3264 eo
2789 3209 3099 3263 retraheret
3137 3223 3150 3260 :
3185 3204 3303 3274 ipse
3358 3217 3494 3257 con-

250 3305 446 3377 ρωτὲρα
473 3309 508 3377 ἡ
539 3309 980 3382 προδιηνυσμένη
1007 3309 1129 3373 ὁδὸς
1165 3312 1267 3382 τῆς
1293 3311 1622 3385 λειπομένης
1651 3313 1815 3384 ἐτύγ-

249 3418 386 3469 χανε.
425 3402 527 3456 Διά
556 3402 657 3474 μὲν
695 3403 936 3474 δήτοῦτο
964 3405 1064 3459 οὐκ
1104 3406 1458 3477 ἀπετράπετο
1482 3422 1498 3437 ο
1549 3407 1815 3477 ἐξαπίνης

247 3493 295 3546 δὲ
328 3492 488 3558 ικτδς
518 3493 631 3546 τῶν
660 3493 919 3549 Ἀλπεων
973 3497 1255 3566 ἐκφανεὶς,
1307 3497 1495 3569 θαῦμα
1547 3499 1644 3552 καὶ
1693 3499 1814 3563 δέος

246 3588 346 3649 τοῖς
377 3586 677 3658 Ῥωμαίοις
713 3587 958 3641 ἐνέϐαλε.
997 3589 1108 3643 Καὶ
1140 3591 1166 3642 ὁ
1193 3590 1292 3659 μὲν
1323 3589 1632 3662 προεχώρει
1658 3590 1726 3644 τὰ
1755 3593 1813 3643 ὲν

247 3679 363 3732 ποσί
399 3680 892 3750 προσποιούμενος.
929 3682 1178 3736 Σκιπίων
1223 3683 1283 3737 ’δὲ
1319 3683 1413 3737 τδν
1443 3683 1544 3754 μὲν
1584 3684 1814 3754 ἀδελφὺν

247 3771 280 3823 Γ
282 3771 394 3827 ἀῑυν
444 3773 727 3827 Σκιπίωνα
783 3773 1311 3846 ὑποστρατηγοῦντα
1386 3775 1537 3846 αὐτῷ
1593 3779 1673 3836 είς
1715 3776 1815 3846 τὴν

251 3863 487 3935 Ἰϐηρίαν
512 3864 783 3936 επεμψεν,
817 3868 894 3932 ώς
934 3868 1389 3939 καταληψόμενον
1450 3870 1620 3940 αὐτὴν
1655 3869 1687 3940 ἢ
1722 3870 1816 3924 τὸν

256 3958 498 4010 ’Δννίδαν
529 3959 890 4025 ἐπανάξοντα.
945 3960 1119 4024 Αὐτὸς
1165 3961 1212 4015 δ’
1269 3961 1362 4014 ἐπὶ
1408 3960 1502 4016 τὸν
1565 3959 1817 4015 Ἀννίδαν

247 4051 418 4121 ήλασε,
455 4053 550 4104 καὶ
583 4051 794 4122 ἡμέρας
827 4052 925 4123 μέν
949 4070 1102 4116 τινας
1133 4052 1389 4124 ἐπέσχον,
1424 4053 1618 4106 ἔπειτα
1649 4051 1816 4122 ἄμφω

246 4141 367 4212 πρὸς
393 4142 494 4212 τήν
519 4143 698 4214 μάχην
723 4143 1014 4216 ὥρμησαν.
1035 4145 1170 4214 Πρὶν
1192 4145 1249 4198 δὲ
1271 4145 1336 4216 δὴ
1363 4143 1528 4215 ἔργου
1563 4143 1816 4214 ἔχεσθαι,

249 4236 577 4305 συγκαλέσας
603 4237 632 4290 δ
673 4237 925 4301 Ἀννίϐας
967 4234 1098 4302 τοὺς
1125 4235 1490 4307 στρατιώτας,
1523 4237 1818 4306 παρήγαγε

245 4333 356 4395 τοῦς
383 4332 796 4402 αἰχμαλώτους,
839 4330 934 4394 οὒς
974 4329 1120 4385 κατὰ
1155 4329 1254 4401 τὴν
1290 4329 1406 4384 ὁδὸν
1457 4329 1694 4400 εἰλήφει,
1727 4331 1820 4384 καὶ

246 4425 395 4495 ήρετο
425 4425 626 4488 αὐτοὺς
659 4425 791 4478 πότε
803 4441 894 4496 ρον
915 4423 1166 4476 δεδέσθαι
1191 4423 1285 4476 καὶ
1313 4420 1589 4476 δουλεύειν
1630 4421 1818 4486 κακῶς

246 4515 533 4587 βούλοιντο,
571 4516 1027 4587 ἢ”μονομαχῆσαι
1063 4513 1344 4584 ἀλλήλοις,
1375 4513 1508 4567 ὥστ’
1540 4513 1814 4586 ἀφεθῆναι

248 4610 439 4680 προῖκα
474 4610 604 4671 τοὺς
639 4608 996 4679 νικήσαντας.
1036 4606 1149 4660 Καὶ
1199 4603 1276 4665 ώς
1313 4604 1374 4658 τὸ
1433 4603 1690 4676 δεύτερον
1741 4603 1820 4658 εῖ-

1913 3315 1997 3360 tra
2023 3304 2350 3360 Annibalem
2373 3312 2454 3358 est
2488 3301 2791 3373 profectus.
2827 3298 2906 3354 Ae
2953 3297 3074 3352 dies
3124 3294 3349 3366 quidem
3392 3291 3495 3345 ali-

1913 3409 2050 3470 quot
2106 3399 2457 3469 quieverunt,
2519 3394 2720 3450 deiude
2773 3402 2956 3446 autem
3005 3389 3168 3444 ambo
3216 3396 3497 3457 pugnzese

1914 3499 2200 3563 pararunt.
2263 3489 2370 3546 Sed
2425 3489 2745 3559 priusquam
2821 3485 2888 3538 ad
2938 3495 3133 3536 manus
3187 3478 3494 3534 veniretur.

1915 3583 2175 3646 Annibal,
2213 3581 2494 3636 militibus
2545 3577 2882 3640 convocatis,
2940 3577 2996 3628 in
3049 3572 3249 3626 itinere
3305 3573 3500 3635 captos

1919 3677 2178 3751 produxit
2212 3677 2265 3731 in
2289 3674 2555 3739 medium,
2616 3685 2816 3741 rogans
2851 3677 3040 3722 utrum
3098 3659 3264 3718 vincti
3297 3658 3495 3713 duram

1915 3748 2129 3839 perpeti
2157 3765 2482 3822 servitutem
2520 3761 2770 3825 mallent,
2804 3774 2872 3813 an
2906 3757 3054 3812 inter
3092 3767 3212 3808 sese
3247 3748 3495 3819 singula-

1915 3861 1961 3915 ri
1994 3859 2298 3915 certamiue
2354 3854 2639 3927 congredi,
2675 3861 2737 3907 ut
2775 3851 3015 3904 victores
3075 3843 3247 3916 gratis
3301 3853 3495 3894 manu-

1919 3951 2324 4008 mitterentur?
2364 3949 2434 4006 Ut
2464 3946 2742 4018 posterius
2774 3942 3160 4015 praetulerunt,
3212 3948 3308 3990 eos
3351 3940 3496 3986 inter

1920 4061 2042 4101 sese
2107 4043 2425 4099 commisit:
2460 4047 2799 4111 peractoquc
2879 4032 3200 4094 certamine,
3257 4024 3496 4080 militum

1920 4152 2151 4193 suorum
2192 4136 2407 4190 animos
2441 4147 2540 4203 pro
2597 4130 2866 4186 concione
2928 4121 3300 4180 conﬁrmavit,
3332 4124 3498 4183 atque

1921 4230 1990 4285 ad
2019 4229 2224 4283 bellum
2268 4227 2438 4282 acuit.
2493 4223 2642 4279 ldem
2671 4229 2728 4277 et
2779 4219 2966 4288 Scipio
2997 4232 3066 4272 ex
3116 4214 3287 4268 altera
3341 4214 3500 4278 parte

1915 4322 2074 4377 fecit.
2110 4319 2319 4375 Deinde
2351 4318 2426 4373 ita
2458 4314 2737 4386 congressi
2795 4320 2946 4376 sunt,
2996 4306 3157 4378 quasi
3186 4318 3312 4359 cum
3370 4297 3501 4355 totis

1924 4411 2270 4468 exercitibus
2301 4407 2612 4466 conﬂicturi
2644 4413 2850 4461 essent.
2877 4401 2984 4458 Sed
3025 4399 3212 4468 Scipio
3256 4390 3501 4463 equestri

1925 4507 2118 4579 pralio
2174 4505 2232 4559 in
2266 4503 2460 4574 primis
2519 4509 2748 4565 tentato,
2779 4497 2970 4552 multis
3007 4491 3224 4548 amissis
3249 4491 3506 4541 victuset

1928 4577 2274 4660 vulneratus,
2303 4605 2468 4664 atque
2498 4591 2638 4646 adeo
2661 4585 3037 4659 perimendus,
3073 4581 3178 4636 nisi
3214 4595 3247 4634 ιι
3272 4577 3384 4630 tilio
3415 4589 3508 4630 se-

242 4672 407 4768 λοντο,
443 4672 996 4764 συνέϐαλεν-αὐτοὺς,
1031 4698 1128 4753 καὶ
1181 4697 1582 4769 μαχεσαμένων
1600 4672 1810 4769 ’ἐδημη-

1927 4688 2265 4762 ptemdccim
2291 4699 2469 4740 annos
2491 4690 2619 4737 nato
2653 4689 2950 4750 protectus,
2971 4684 3121 4730 esset
3153 4689 3169 4725 :
3202 4672 3404 4723 timens
3435 4681 3515 4720 ne

243 4796 432 4865 γὸρησε
459 4835 475 4856 .
523 4794 650 4856 τοὺς
692 4794 927 4855 οἰκείους
971 4759 1311 4861 στρατιώτας
1367 4759 1810 4859 ἐπιρωννὺςμκαπ

1926 4759 2142 4855 pedites
2164 4780 2329 4835 etiam
2355 4775 2803 4838 succumberent,
2841 4769 3025 4827 statim
3056 4762 3303 4830 receptui
3353 4759 3500 4816 cecip

243 4885 575 4958 παραθήγων
614 4884 695 4947 είς
751 4883 1013 4950 πόλεμον.
1046 4878 1219 4934 Τοῦτο
1274 4879 1320 4932 δ’
1350 4877 1616 4949 ἑτέρωθεν
1671 4879 1810 4932 καὶί

1929 4877 2033 4940 nit,
2068 4889 2133 4930 ac
2181 4879 2346 4927 noctu
2381 4869 2628 4925 recessit.

125 5029 128 5032 .
241 4950 483 5031 Σκιπίων
509 4977 786 5046 ἐποίησεν.
819 4971 952 5028 Εἶτα
986 4971 1250 5044 συνῆλθον
1284 4971 1384 5042 μὲν
1433 4972 1509 5035 ώς
1539 4969 1681 5033 ὅλοις
1707 4972 1819 5034 τοῖς
1859 4964 2248 5041 στρατοπέδοις
2328 4959 2684 5031 μαχούμενοι.
2736 4953 2798 5011 Ὀ
2856 4953 3098 5009 Σκιπίων
3133 4950 3216 5018 δὲ,
3251 4961 3490 5046 προσυμ;

242 5072 395 5138 μίξας
422 5069 503 5140 τῷ
531 5035 740 5141 ἱππικῷ
767 5068 864 5123 καὶ
877 5035 1134 5139 ἡττηθεὶς
1160 5035 1394 5137 συχνούς
1418 5081 1478 5117 τε
1507 5062 1805 5120 ἀποϐαλὼν
1842 5035 1940 5118 καί
1994 5061 2159 5124 αὐτὸς
2198 5057 2455 5130 τρωθεὶς,
2487 5050 2780 5108 ἀποθανών
2809 5047 2856 5104 τ’
2898 5049 2988 5113 ἂν,
3019 5047 3068 5099 εί
3097 5045 3174 5117 μή
3210 5057 3313 5105 περ
3352 5035 3513 5141 αύτῷ-

241 5130 487 5218 iiut-tutu»;
514 5162 543 5214 δ
573 5130 946 5230 υίὸςξκαίπερ
981 5130 1057 5212 ῶν
1097 5130 1625 5227 ἑπτακαιδεκαέτης,
1685 5158 1970 5229 ἐπήμυνε,
2034 5152 2321 5208 κατέδεισε
2372 5147 2448 5220 μὴ
2513 5143 2610 5199 καὶ
2668 5142 2746 5215 τῷ
2777 5140 2927 5212 πεζῷ
2950 5139 3152 5210 σφαλῇ,
3184 5135 3277 5190 καὶ
3301 5130 3510 5186 αὐτίκα.

243 5275 295 5311 τε
324 5254 651 5320 ἐπανήγαγε
675 5253 771 5306 καί⁵
809 5252 910 5322 τῆς
953 5250 1150 5314 νυκτὸς
1186 5249 1571 5320 ὑπεχώρησεν.

302 5350 430 5404 KA'.
483 5343 734 5406 ’Δννίδας
771 5341 829 5396 δὲ
891 5339 1013 5412 μεθ’
1064 5339 1284 5411 ἡμέραν
1332 5337 1432 5408 τὴν
1466 5336 1824 5411 ἀποχώρησιν

245 5439 400 5496 αῦτοῦ
441 5436 656 5509 μαθὼν.
687 5434 824 5504 πρὸς
852 5435 947 5488 τὸν
991 5433 1276 5502 Ἢριδανδν
1325 5426 1484 5503 ἦλθε,
1530 5431 1624 5484 καὶ
1685 5431 1823 5500 μήτε

1996 5333 2182 5389 XXIV.
2206 5328 2464 5392 Annibal,
2489 5327 2610 5396 ejus
2664 5324 2912 5380 discessu
2937 5335 3097 5376 mane
3152 5315 3393 5386 cognito,
3430 5310 3508 5366 ad

1923 5425 2224 5482 Eridanum
2255 5421 2408 5476 venit
2436 5437 2449 5474 :
2482 5419 2574 5474 ubi
2607 5435 2731 5474 cum
2757 5432 2826 5471 ne
2861 5429 3024 5470 unam
3050 5409 3270 5481 quidem
3322 5413 3506 5458 ratein

249 5529 456 5602 σχεδίας
484 5529 517 5600 ἢ
555 5528 715 5580 πλοῖα
750 5524 928 5594 εὑρὼν
969 5525 1374 5594 (ὲνεπέπρηστο
1405 5523 1516 5593 γὰρ
1551 5523 1703 5590 παρὰ
1729 5520 1824 5575 τοῦ

251 5619 586 5691 Σκιπίωνος),
612 5619 706 5674 τὸν
741 5619 842 5690 μὲν
865 5617 1090 5687 ἀδελφὸν
1126 5615 1372 5684 Μάγωνα
1403 5613 1503 5667 σὺν
1556 5615 1670 5677 τοῖς
1730 5614 1824 5667 ίπο

256 5715 401 5770 πεῦσι
429 5712 792 5784 διανήξασθαι
843 5709 940 5766 καὶ
972 5707 1260 5772 ἐπιδιῶξαι
1314 5705 1441 5769 τοὺς
1510 5705 1819 5776 Ῥωμαίους

257 5808 527 5863 ίιιὲλευσεν
546 5822 562 5838 ο
602 5806 768 5868 αὐτὸς
794 5805 874 5872 δὲ,
901 5804 1014 5858 ἀνω
1047 5801 1184 5874 πρὸς
1213 5801 1314 5863 τὰς
1348 5798 1531 5872 πηγὰς
1559 5799 1818 5872 χωρήσας

262 5895 337 5950 τοῦ
365 5896 635 5968 ποταμοῦ,
691 5895 820 5960 τοῦς
878 5892 1176 5963 ἐλέφαντας
1230 5889 1375 5945 κατὰ
1413 5889 1504 5944 τὸν
1551 5887 1816 5961 έπίρρουν

1923 5517 2227 5572 invenisset
2273 5515 2568 5583 (cremarat
2597 5510 2743 5565 enim
2777 5506 2959 5562 omnia
3013 5499 3228 5568 navigia
3261 5491 3499 5564 Scipio),

1921 5611 2151 5667 fratrem
2206 5609 2488 5679 Magonem
2542 5621 2667 5661 cum
2721 5602 3003 5673 equitibus
3069 5605 3286 5649 tranare
3308 5587 3507 5662 jussit,

1921 5703 2310 5770 Romanosque
2363 5696 2622 5770 persequi
2665 5711 2680 5750 :
2731 5695 2846 5764 ipse
2897 5699 3112 5744 sursum
3171 5682 3259 5738 ad-
3313 5679 3504 5735 fontes

1923 5793 2102 5848 amnis
2129 5790 2432 5861 profectus,
2466 5787 2808 5857 elephantes,
2853 5794 2961 5850 qua
2984 5779 3187 5834 ﬂumen
3233 5774 3493 5829 concita-

1926 5885 2037 5940 tius
2065 5883 2267 5951 l'ertur,
2301 5879 2539 5938 traducit
2576 5895 2589 5933 :
2626 5885 2682 5931 et
2727 5889 2868 5944 aqua
2893 5871 2950 5927 in
3011 5867 3318 5928 belluarum
3344 5861 3502 5920 mole
