3748 6538
479 407 508 462 ’ί
518 408 588 460 03

1749 400 2072 462 JOANNIS
2113 401 2437 466 ZUNAR/E
3552 422 3635 489 τοι

481 511 768 566 resistente
805 520 861 566 et
891 527 1103 583 sparsa,
1127 509 1343 572 facilius
1369 515 1628 585 infrafeos
1655 517 1898 572 transiit.
1934 515 2045 571 Sci-

2156 517 2414 588 διαϐῆναι
2451 518 2777 590 προσέταξε.
2806 518 2914 574 Καὶ
2931 518 3074 574 οὕτω
3109 520 3201 576 τοῦ
3229 521 3404 591 ὕδατος
3431 534 3535 604 περὶ
3559 545 3641 606 τοῖς

479 605 570 674 pio
594 603 662 659 ab
701 604 956 659 hostibus
1007 606 1404 676 deprehensus.
1461 625 1521 665 se
1548 611 1671 666 loco
1713 626 1825 664 non
1856 608 2047 662 movit.

477 692 556 748 Ac
583 709 820 765 pugnam
862 693 1098 759 iniisset,
1153 695 1257 750 nisi
1289 697 1494 752 Gallica
1540 699 1744 752 auxilia
1788 706 1952 752 noctu
1981 697 2048 752 ad

479 785 669 840 hostes
724 784 1165 855 transfugissent.
1232 787 1305 841 Ea
1363 803 1420 842 rc
1453 789 1726 854 turbatus,
1768 798 1825 845 et
1859 789 2050 844 dolore.

475 879 724 933 vulneris
753 887 1000 940 vexatus,
1035 879 1137 932 sub
1185 890 1400 948 noctein
1433 893 1614 936 castra
1647 883 1699 937 in
1753 882 2047 938 editiorem

474 971 656 1026 locum
714 969 1014 1027 transtulit.
1076 972 1392 1042 vallumque
1457 973 1806 1039 communiit,
1860 988 2051 1044 perse-

476 1072 677 1133 quente
724 1062 964 1116 nemine.
994 1063 1206 1118 Deinde
1243 1065 1732 1136 Carthaginienses
1754 1075 2048 1130 venerunt,

473 1167 528 1211 et
551 1155 774 1209 ﬂumine
807 1155 1098 1226 interjecto
1123 1156 1282 1228 41],
1315 1159 1688 1214 castrametati
1722 1170 1869 1214 sunt.
1908 1160 2046 1214 Dum

472 1245 659 1315 Scipio
693 1254 806 1298 tum
863 1261 930 1300 ex
963 1245 1156 1302 dolore
1207 1249 1474 1314 vulneris,
1509 1259 1622 1305 tum
1665 1250 1737 1304 ob
1765 1261 2046 1320 acceptam

469 1339 681 1394 cladem
743 1353 863 1393 sese
900 1341 1213 1402 continens.
1267 1347 1454 1410 plures
1492 1343 1681 1413 copias
1737 1350 2047 1413 exspectat,

471 1430 710 1485 Annibal
735 1431 923 1485 multis
952 1429 1152 1486 frustra
1185 1433 1428 1500 tentatis;
1477 1442 1535 1488 ut
1558 1448 1684 1489 eum
1714 1435 1781 1488 ad
1810 1451 2048 1506 pugnam

469 1524 721 1588 eliceret,
749 1539 878 1578 cum
905 1524 1131 1594 penuria
1157 1535 1496 1582 commeatus
1521 1527 1822 1590 laboraret,
1849 1529 2048 1583 castel-

471 1619 583 1673 lum
613 1620 889 1690 quoddam
923 1631 1007 1676 est
1030 1620 1277 1687 adortus,
1304 1621 1359 1676 in
1383 1638 1493 1692 quo
1533 1623 1765 1679 Romani
1814 1625 2047 1682 multum

470 1710 734 1767 frumenti
783 1713 1085 1781 repositum
1137 1713 1548 1770 habebant:et
1601 1714 1731 1784 quia
1792 1715 1844 1770 vi
1908 1715 2047 1770 nihil

472 1802 815 1870 proficiebat,
852 1806 1212 1860 castellanum
1246 1807 1480 1876 pecunia
1520 1809 1844 1877 corrumpit,
1903 1816 1963 1862 ut
1992 1806 2047 1862 id

471 1895 573 1949 sibi
600 1896 796 1965 prodat
832 1914 846 1952 :
881 1913 994 1966 quo
1021 1909 1317 1968 occupato,
1360 1899 1523 1954 etiam
1582 1901 1796 1954 caeteris
1850 1899 2047 1969 partim

483 1987 558 2053 vi,
610 1989 807 2058 partim
867 2005 1003 2044 auro
1028 2006 1086 2045 se
1143 1991 1445 2061 potiturum
1505 1993 1766 2061 speravit.
1838 1992 2048 2048 Interea

475 2079 717 2150 Longus,
757 2081 1000 2138 Siciliam
1033 2083 1211 2152 legato
1233 2083 1461 2147 credita,
1497 2084 1798 2138 accersitus
1824 2083 1888 2137 ad
1928 2082 2049 2138 Sci-

473 2175 691 2238 pionem
738 2175 936 2228 venit:
979 2190 1078 2229 nec
1128 2175 1301 2228 multo
1354 2184 1476 2245 post
1524 2191 1590 2236 ex
1637 2175 1960 2242 ambitione,
1992 2184 2050 2230 et

469 2264 616 2332 quod
654 2267 988 2335 prmdatores
1037 2267 1305 2337 quosdam
1339 2278 1651 2338 superarat.
1696 2269 1827 2323 dum
1864 2268 1918 2323 in
1948 2285 2050 2339 pu-

469 2373 630 2424 gnam
694 2361 825 2420 ruit.
885 2360 940 2414 in
988 2360 1220 2415 insidias
1265 2361 1526 2431 delapsus
1559 2363 1830 2434 impingit,
1868 2376 1922 2418 et
1981 2364 2049 2418 ab

470 2449 736 2506 Annibale
794 2469 919 2508 cum
969 2453 1252 2523 equitibus
1304 2463 1359 2510 et
1409 2454 1719 2524 elephantis
1779 2457 1830 2509 in
1865 2455 2048 2526 fugam

467 2546 812 2598 convertitur
849 2563 862 2598 :
895 2546 949 2600 in
1005 2562 1116 2616 qua
1154 2546 1309 2600 multi
1363 2548 1514 2612 cmi,
1539 2548 1700 2602 multi
1757 2557 1962 2603 temere
1993 2550 2049 2604 in

467 2631 696 2688 ﬂuvium
745 2639 1069 2706 prrcipitati
1121 2639 1429 2709 perierunt,
1464 2641 1623 2710 pauci
1675 2656 1798 2696 cum
1862 2641 2050 2710 Longo

465 2741 718 2781 evasere.
742 2726 980 2782 Annibal
1032 2745 1166 2784 vero
1193 2745 1257 2785 ea
1311 2731 1541 2786 victoria
1564 2747 1672 2787 non
1706 2742 1791 2788 est
1814 2733 2048 2800 laetatus,

465 2818 612 2888 quod
639 2829 694 2873 et
717 2819 920 2875 milites
941 2821 1144 2877 multos
1176 2831 1233 2878 et
1255 2822 1581 2892 elephantos
1605 2839 1801 2880 omnes
1848 2836 2051 2896 praeter
2102 2875 2112 2887 .

467 2927 661 2974 unum,
722 2911 924 2982 frigore
980 2921 1038 2968 et
1074 2914 1396 2970 vulneribus
1424 2915 1711 2972 confectos
1765 2917 2046 2972 amiserat.

468 2999 650 3056 Factis
677 2999 844 3070 igitur
870 3001 990 3058 sine
1025 3001 1234 3063 fmdere
1277 3005 1537 3060 induciis.
1568 3006 1787 3077 utrique
1839 3007 1908 3063 ad
1961 3023 2051 3062 so-

465 3093 586 3146 cios
610 3108 670 3148 se
699 3093 1076 3157 contulerunt,
1116 3104 1174 3151 et
1205 3095 1258 3149 in
1283 3111 1477 3150 eorum
1505 3097 1738 3152 urbibus
1790 3097 2052 3154 hiberna-

2153 606 2337 672 ὄγκοις
2370 608 2480 662 τῶν
2508 608 2661 674 ζώων
2692 608 3143 680 ἐμποδιζομένου,
3167 615 3259 668 καὶ
3288 617 3642 692 σκεδαννυμίναυ

2156 699 2286 768 ῥᾷον
2321 699 2474 753 κάτω
2514 699 2668 769 σφῶν
2695 702 3090 774 διεπεραιώθη.
3126 705 3483 777 Καταληφθεὶς
3511 715 3585 771 οὖν
3623 722 3643 773 ὁ

2151 789 2394 844 Σκιπίων
2423 793 2568 846 κατὰ
2599 793 2786 863 χώραν
2815 794 3022 865 ἔμεινε.
3071 798 3182 850 Καὶ
3206 798 3476 869 ἐμαχέσατ’
3505 806 3574 872 ἂν,
3610 815 3645 866 ει

2154 884 2228 953 μὴ
2266 885 2462 948 νυκτὸς
2490 885 2541 938 oi
2574 883 2837 951 Γαλάται,
2867 888 2918 940 oi
2952 888 3072 958 μετ’
3117 889 3281 943 αὑτοῦ
3319 893 3644 968 ηὐτομόλησαν.

2163 975 2221 1029 ’0
2255 976 2300 1030 δ’
2326 977 2422 1031 οὖν
2452 978 2718 1043 Σκιπίων,
2751 980 2845 1034 ἐπὶ
2892 979 3067 1051 τούτῳ
3111 983 3408 1053 ταραχθεὶς,
3448 989 3528 1044 καὶ
3569 993 3644 1050 ὑπὸ

2151 1066 2245 1121 τοῦ
2295 1069 2614 1140 τραύματος
2680 1070 3132 1142 ταλαιπωρήσας,
3179 1074 3280 1128 ὑπὸ
3315 1077 3472 1135 νύκτα
3529 1079 3644 1151 αὖθις

2151 1157 2438 1229 ἐξανέστη,
2463 1160 2556 1214 καὶ
2585 1161 2679 1214 ἐπὶ
2698 1160 2976 1232 μετεώρου
3001 1162 3366 1234 τὸτάφρευμα
3391 1168 3642 1240 ἐποιήσατο.

2151 1249 2346 1317 Δίωξις
2362 1251 2419 1304 δὲ
2438 1251 2608 1304 αὐτοῦ
2638 1251 2738 1305 οὐκ
2760 1252 2998 1320 ἐγένετο.
3023 1254 3175 1308 Μετὰ
3205 1254 3261 1308 δέ
3281 1255 3429 1310 τοῦτο
3447 1261 3646 1327 ἀφίκοντο

2151 1338 2247 1392 καὶ
2275 1341 2324 1394 oi
2357 1337 2746 1411 Καρὶηδόνιοι,
2771 1343 2867 1396 καὶ
2893 1340 2986 1395 τὸν
3016 1344 3262 1412 ποταμὸν
3285 1345 3368 1396 διὰ
3381 1346 3523 1414 μέσου
3534 1367 3646 1422 ποιηο

2154 1430 2402 1502 σάμενοι,
2437 1433 3023 1504 ἐστρατοπεδεύσαντο.
3067 1435 3125 1488 '0
3177 1436 3274 1504 μὲν
3331 1434 3417 1490 οὖν
3463 1441 3647 1498 Σκιπίων

2151 1524 2242 1578 διά
2275 1541 2332 1578 τε
2365 1525 2428 1580 τὸ
2454 1526 2682 1599 τραῦμα
2715 1528 2806 1581 καὶ
2853 1527 2944 1581 διὰ
2991 1528 3061 1580 τὰ
3107 1529 3472 1599 συμϐεϐηκότα
3513 1533 3644 1606 ἀνεῖχε

2151 1616 2246 1670 καὶ
2271 1616 2500 1689 δύναμιν
2524 1622 2938 1690 μετεπέμπετο·
2985 1619 3232 1681 ’Λννίϐας
3269 1619 3343 1685 δέ,
3376 1622 3522 1676 πολλὰ
3561 1643 3647 1678 πει.

2151 1708 2324 1780 ράσας
2354 1711 2732 1782 παρακινῆσαι
2763 1711 2899 1778 πρὸς
2936 1711 3135 1780 μάχην
3169 1709 3349 1776 αὐτὸν,
3401 1715 3508 1766 ἐπεὶ
3553 1716 3642 1771 οὔτε

2154 1799 2300 1853 τοῦτ’
2328 1801 2594 1879 ἠδυνήθη,
2625 1803 2719 1856 καὶ
2744 1803 2953 1873 τροφῆς
2981 1802 3266 1866 ἐσπάνισε,
3293 1805 3510 1874 φρουρίῳ
3527 1823 3648 1877 προσ-

2151 1893 2365 1958 έϐαλεν,
2396 1896 2454 1948 ἐν
2482 1887 2526 1962 ᾧ
2549 1897 2696 1958 σῖτος
2749 1895 2916 1958 πολὺς
2941 1895 3052 1948 τῶν
3082 1895 3364 1965 Ῥωμαίων
3390 1897 3554 1954 ἐκειτο.
3571 1902 3646 1953 Καὶ

2153 1985 2320 2056 μηδὲν
2381 1985 2676 2056 περαίνων,
2731 1986 2826 2040 τὸν
2871 1987 3224 2058 φρούραρχον
3277 1988 3522 2060 διέφθειρε
3553 1995 3648 2062 χρή-

2153 2094 2308 2145 μασι,
2345 2078 2566 2132 κάκεῖνό
2595 2096 2653 2131 τε
2685 2079 2946 2150 προδοθέν
2975 2080 3158 2142 ἔλαϐε,
3196 2080 3290 2133 καὶ⁵
3310 2081 3375 2134 τὰ
3401 2082 3516 2136 άλλα
3541 2088 3647 2153 σχεῖν

2147 2168 2217 2221 τά
2263 2169 2359 2238 μὲν
2393 2169 2598 2234 ὅπλοις,
2642 2170 2708 2222 τά
2735 2171 2789 2223 δέ
2821 2171 3032 2241 χρυσίῳ
3080 2171 3364 2240 ἐπήλπισε.
3395 2173 3498 2226 Κάν
3523 2174 3647 2246 τούτῳ

2148 2259 2178 2311 6
2205 2260 2440 2328 Λόγγος,
2464 2261 2562 2331 τὴν
2585 2261 2834 2316 Σικελίαν
2862 2262 2942 2333 τῷ
2971 2262 3368 2334 ὑποστρατήγῳ
3398 2265 3644 2333 πιστεύσας,

2151 2349 2289 2418 πρὸς
2325 2349 2416 2402 τὸν
2466 2349 2747 2405 Σκιπίωνα
2800 2351 3147 2422 κεκλημένος
3205 2354 3440 2422 ἀφίκετο·
3491 2355 3644 2409 καὶού

2150 2442 2333 2513 πολλῷ
2365 2441 2594 2514 ὕστερον
2623 2444 2726 2497 ύπδ
2765 2445 3108 2516 φιλοτιμίας,
3145 2446 3241 2499 καὶ
3265 2446 3343 2498 ὅτι
3371 2445 3505 2508 τινάς
3524 2465 3646 2500 κατα-

2148 2535 2447 2606 τρέχοντας
2470 2535 2571 2606 τὴν
2595 2535 2786 2608 χώραν
2815 2537 3150 2607 ἐκράτησεν,
3173 2539 3253 2601 είς
3281 2538 3552 2610 παράταξιν
3570 2540 3645 2610 ὧρ·

2152 2642 2315 2695 μησε,
2370 2625 2464 2679 καὶ
2518 2627 2728 2698 ἐσφάλη
2801 2626 3050 2697 ἐνέδραις
3104 2627 3426 2700 περιπεσώνο
3469 2630 3544 2683 καὶ
3579 2629 3644 2684 τοῦ

2162 2716 2380 2771 Ἀννίϐα
2443 2717 2824 2784 ἐπεξελθόντος
2875 2719 3014 2788 μετὰ
3069 2720 3179 2772 τῶν
3237 2719 3408 2785 πεζῶν
3447 2720 3528 2774 καὶ
3571 2720 3645 2777 τῶν

2150 2807 2481 2876 ἐλεφάντων,
2509 2810 2559 2862 oi
2595 2811 2714 2878 μετ’
2740 2809 2904 2863 αὑτοῦ
2934 2809 3260 2882 ἐτράπησαν
3284 2813 3357 2875 είς
3383 2812 3552 2884 φυγὴν,
3580 2818 3644 2868 καὶ

2152 2898 2342 2952 πολλοὶ
2365 2899 2743 2970 διεφθάρησαν
2772 2901 2942 2972 φόνῳ,
2966 2901 3159 2954 πολλοὶ
3192 2903 3247 2956 δέ
3278 2905 3368 2958 καὶ
3394 2907 3464 2967 είς
3485 2905 3556 2957 τὸν
3581 2922 3645 2958 που

2149 2991 2327 3062 ταμὸν
2349 2991 2774 3062 ἀπερισκέπτως
2803 2993 3140 3063 ἐμπεσόντες
3163 2993 3466 3064 ἐπνίγησαν,
3489 2995 3548 3059 ὡς
3569 2997 3645 3048 dii.
3683 3033 3686 3038 -

2153 3099 2282 3152 γους
2322 3082 2462 3151 μετὰ
2491 3081 2586 3136 τοῦ
2623 3083 2838 3152 Λόγγου
2884 3085 3280 3157 περισωθῆναι.
3305 3086 3522 3155 Νικήσας
3552 3087 3644 3156 μίν-

467 3193 612 3240 runt.
642 3187 719 3240 Ac
751 3186 1012 3242 Romanis
1039 3198 1382 3242 commeatus
1421 3188 1637 3243 abunde
1685 3191 2037 3259 suppetebat.

2155 3191 2236 3229 τοι
2266 3177 2294 3228 6
2326 3175 2596 3241 ’Λννίϐας,
2622 3175 2722 3228 οὑκ
2752 3175 2993 3246 ἔχαιρεν,
3026 3179 3113 3230 ὅτι
3137 3177 3456 3248 στρατιώτας
3484 3196 3532 3231 τε
3558 3180 3645 3232 πολ-

462 3275 696 3332 Annibal
725 3286 906 3332 autem
941 3294 1066 3334 cum
1091 3295 1155 3338 ea
1185 3295 1306 3350 quae
1327 3280 1460 3335 socii
1491 3280 1722 3345 dabant,
1755 3282 1892 3337 satis
1933 3299 2043 3338 non

2153 3267 2276 3331 λοὺς
2304 3269 2546 3332 καὶτοὺς
2587 3267 2887 3337 ἐλέφαντας
2919 3269 3060 3338 πλὴν
3113 3271 3229 3332 ἐνὸς
3252 3270 3352 3323 ὑπὸ
3385 3269 3468 3323 τοῦ
3491 3271 3644 3339 χειμὼν

463 3378 670 3432 essent,
709 3367 1084 3423 Romanorum
1135 3383 1303 3439 pagos
1329 3377 1386 3422 et
1453 3370 1654 3439 oppida
1713 3371 2044 3440 invadenda,

462 3458 600 3514 alias
629 3460 906 3524 vincebat,
935 3460 1072 3515 alias
1095 3460 1466 3530 repellebatur
1500 3479 1516 3517 :
1547 3462 1848 3531 aliquando
1879 3479 2050 3534 eque-

463 3552 565 3608 stri
616 3553 917 3608 certamine
957 3568 988 3607 a
1041 3553 1228 3623 Longo
1289 3553 1490 3620 victus,
1556 3555 1757 3610 vulnus
1812 3557 2046 3626 accepit.

467 3645 626 3703 Unde
651 3646 875 3716 quidam
898 3662 964 3702 ex
995 3647 1260 3702 Romanis
1290 3656 1508 3718 sumpta
1538 3646 1756 3711 ﬁducia,
1797 3664 1895 3718 per
1929 3665 2048 3706 sese

463 3747 660 3792 contra
699 3754 825 3793 eum
863 3739 1064 3798 mmnia
1115 3749 1898 3808 oppugnantem,eruperunt.
1936 3739 2047 3795 Sed

463 3839 518 3884 et
570 3829 646 3882 illi
679 3830 803 3884 caesi
831 3840 981 3892 sunt,
1007 3837 1062 3884 et
1095 3829 1356 3898 oppidum
1382 3827 1525 3884 facta
1583 3830 1865 3884 deditione
1892 3846 2048 3885 ever-

462 3934 587 3975 sum
614 3934 630 3973 :
655 3929 712 3974 et
745 3937 810 3974 ex
842 3919 1076 3989 captivis
1103 3919 1334 3974 Romani
1374 3932 1567 3974 omnes
1611 3919 1911 3985 interfecti,
1944 3935 2049 3974 ca:-

463 4008 568 4062 teri
589 4008 822 4063 dimissi.
850 4009 1108 4064 Eamdem
1142 4009 1410 4065 rationem
1449 4011 1503 4064 in
1527 4010 1787 4064 omnibus
1815 4011 2047 4079 captivis

461 4098 796 4163 observavit,
834 4111 895 4155 ut
920 4115 1018 4169 per
1051 4115 1148 4156 eos
1170 4101 1337 4156 urbes
1365 4101 1470 4157 sibi
1523 4101 1867 4156 conciliaret.
1897 4101 2045 4168 Quin

461 4207 530 4245 ex
560 4192 786 4260 reliquis
817 4193 984 4247 etiam
997 4191 1188 4255 Gallis,
1213 4191 1508 4263 Liguribus
1521 4201 1578 4246 et
1600 4192 2043 4259 Etruscisimnlti,

464 4283 729 4338 Romanis
763 4283 817 4336 in
857 4282 972 4336 suis
998 4282 1218 4353 oppidis
1241 4284 1440 4354 partim
1464 4284 1684 4351 occisis,
1728 4285 1927 4354 partim
1953 4287 2047 4342 de-

463 4373 624 4439 ditis,
650 4373 998 4428 defecerunt.
1050 4374 1285 4428 Annibal
1326 4375 1380 4429 in
1430 4375 1708 4432 Etruriam
1756 4377 1956 4443 iturus,
2013 4395 2045 4435 a

467 4465 658 4534 Longo
689 4479 886 4534 magna
921 4471 1247 4533 tempestate
1276 4463 1567 4520 lacessitus
1588 4475 1671 4520 est
1705 4483 1718 4519 :
1755 4477 1812 4522 et
1853 4468 2044 4522 multis

2151 3377 2239 3423 νος
2288 3359 2385 3414 καὶ
2452 3359 2562 3414 τῶν
2618 3361 2957 3432 τραυμάτων
3014 3362 3315 3419 ἀπέϐαλεν.
3363 3363 3551 3433 ’Λνοχὴν
3581 3360 3644 3414 οὖν

2150 3451 2419 3505 ἄσπονδον
2449 3454 2836 3524 ποιησάμενοι,
2887 3453 3023 3524 πρὸς
3072 3454 3172 3522 τὴν
3205 3454 3496 3524 συμμαχίδα
3537 3453 3643 3520 quin

2150 3542 2402 3615 ἑκάτεροι
2427 3542 2740 3615 ἐχώρησαν,
2768 3547 2870 3598 κάν
2901 3549 3020 3609 ταῖς
3066 3546 3288 3599 πόλεσιν
3344 3545 3498 3598 αὐτῶν
3542 3543 3644 3613 ἐχεί-

2154 3634 2349 3704 μαζον.
2377 3635 2487 3688 Καὶ
2516 3637 2628 3699 τοῖς
2676 3635 2776 3704 μὲν
2817 3636 3120 3706 Ῥωμαίοις
3165 3636 3366 3703 ἄφθονα
3407 3637 3563 3706 ἐφοίτα
3597 3633 3642 3685 τὰ

2148 3728 2453 3797 ἐπιτήδεια·
2474 3727 2531 3781 '0
2553 3727 2599 3782 δ’
2628 3729 2900 3795 Ἀννίϐας,
2929 3730 3029 3783 οὐκ
3053 3729 3388 3802 ἀρκούμενος
3421 3729 3516 3790 τοῖς
3538 3726 3642 3795 παρὰ

2147 3816 2257 3869 τῶν
2285 3818 2591 3888 συμμάχων
2618 3817 2945 3890 διδομένοις,
2979 3822 3100 3883 ταῖς
3126 3837 3185 3872 τε
3225 3819 3428 3891 κώμαις
3462 3819 3537 3872 καί
3559 3820 3642 3875 ταῖς

2149 3909 2340 3962 πόλεσι
2377 3909 2485 3962 τῶν
2527 3909 2818 3980 Ῥωμαίων
2847 3914 3232 3982 προσπίπτων,
3255 3913 3322 3966 τά
3339 3913 3430 3982 μὲν
3452 3913 3636 3982 ἐκράτει,

2147 3999 2214 4053 τὰ
2239 4000 2283 4054 δ’
2333 4001 2694 4070 ἀπεκρούετο,
2749 4003 2844 4056 καί
2905 4021 3039 4057 ποτε
3086 4005 3170 4076 τῷ
3217 4005 3418 4075 ίππικῷ
3450 4003 3536 4057 ὑπὸ
3576 4001 3640 4054 τοῦ

2148 4094 2358 4161 Λόγγου
2391 4095 2634 4164 νικηθεὶς
2668 4094 2908 4167 ἐτρώθη.
2944 4096 3332 4168 Θαρσήσαντες
3373 4092 3456 4150 οὖν
3484 4099 3535 4149 ἐκ
3558 4091 3642 4146 τού-

2146 4201 2238 4237 του
2269 4183 2415 4248 τινές
2446 4185 2556 4238 τῶν
2603 4182 2913 4254 Ῥωμαίων,
2937 4185 3031 4239 καὶ
3080 4187 3202 4241 καθ’
3267 4188 3475 4248 ἑαυτούς
3520 4200 3641 4249 προσ-

2147 4275 2394 4330 ϐάλλοντι
2451 4274 2635 4338 αὐτοῖς
2667 4274 2963 4343 ἐπεξῆλθον
2993 4315 3008 4340 ,
3042 4278 3325 4341 κάκείνους
3381 4295 3433 4328 τε
3462 4274 3641 4343 ἔφθειρε,

2147 4367 2243 4422 καὶ
2270 4365 2364 4420 τοῦ
2397 4367 2600 4439 χωρίου
2633 4365 2897 4438 ὁμολογίᾳ
2939 4367 3236 4441 ἐκράτησε.
3266 4369 3370 4422 Καὶ
3419 4367 3527 4421 αὐτὸ
3574 4364 3641 4432 μὲν

2148 4457 2460 4528 κατέσκαψε
2483 4473 2497 4489 ⁶
2530 4457 2639 4513 τῶν
2671 4459 2716 4512 δ’
2745 4459 3107 4529 αἰχμαλώτων
3134 4459 3260 4523 τοὺς
3285 4459 3379 4530 μέν
3410 4455 3640 4526 Ῥωμαίους

467 4557 733 4626 utrinque
785 4554 964 4620 casis,
1007 4555 1062 4610 in
1089 4555 1366 4625 Liguriam
1412 4556 1712 4627 profectus,
1749 4559 1844 4613 diu
1876 4559 1951 4613 ibi
1983 4575 2041 4616 se

2153 4553 2464 4619 ἀπέκτεινε,
2490 4553 2618 4617 τοὺς
2647 4553 2692 4607 δ’
2725 4553 2917 4618 ἄλλους
2940 4555 3142 4623 ἀφῆκε·
3167 4554 3319 4606 τοῦτο
3346 4553 3396 4605 δὲ
3419 4550 3491 4620 ἐφ’
3515 4550 3638 4602 ἅπασι

461 4649 758 4714 cuntinuit,
785 4664 914 4704 suos
947 4663 1168 4719 quoque
1218 4659 1505 4716 suspectos
1546 4649 1776 4714 habens,
1829 4651 2038 4709 nemini

2153 4648 2260 4710 τοῖς
2291 4646 2700 4718 ζωγρουμένοις
2735 4645 2930 4709 ἐποίει,
2962 4645 3062 4708 τὰς
3090 4645 3275 4709 πόλεις
3315 4643 3378 4697 δι’
3420 4638 3566 4695 αὐτῶν
3585 4640 3638 4689 οἱ⁴

465 4757 670 4796 ictnerc
704 4741 973 4796 credens:
997 4740 1092 4795 sed
1116 4749 1170 4795 ct
1216 4752 1366 4798 veste
1399 4753 1606 4800 mutata
1659 4755 1714 4800 et
1751 4760 1909 4800 coma
1939 4762 2040 4816 ap-

2153 4739 2490 4810 κειούμενος.
2535 4738 2757 4806 ’Δμέλει
2785 4740 2879 4792 καὶ
2906 4737 3016 4790 τῶν
3049 4737 3253 4790 λοιπῶν
3296 4734 3520 4790 Γαλατῶν
3551 4729 3639 4782 πολ·

465 4832 709 4902 posititia
745 4842 925 4896 utens,
948 4843 1003 4886 et
1028 4831 1164 4886 alias
1192 4833 1300 4888 alia
1339 4835 1518 4906 lingua
1568 4836 1801 4906 loquens
1835 4837 2045 4907 (plures

2153 4831 2228 4885 λοὶ
2260 4831 2354 4885 καὶ
2380 4829 2601 4900 Λιγύων
2632 4831 2727 4884 καλ⁸
2755 4830 3055 4902 Τυρσηνῶν
3087 4833 3212 4894 τοὺς
3255 4829 3526 4896 Ῥωμαίους
3555 4821 3640 4882 τοὺς

463 4923 611 4976 enim
647 4933 829 4987 norat.
865 4923 1148 4995 ipsamque
1188 4925 1460 4995 Latinam)
1490 4936 1546 4982 et
1591 4937 1756 4982 noctu
1789 4936 1845 4982 et
1879 4927 2045 4983 inter-

2153 4924 2277 4994 παρ’
2308 4922 2495 4986 αὐτοῖς
2519 4921 2679 4986 ὄντας
2697 4926 2745 4976 oi
2778 4923 2875 4993 μὲν
2898 4923 3258 4991 φονεύσαντες
3303 4926 3348 4976 oi
3375 4921 3424 4975 δὲ
3457 4919 3640 4975 ἐκδόντες

464 5017 558 5068 diu
589 5014 828 5084 plurima
852 5022 910 5069 et
940 5015 1159 5071 videbat
1184 5015 1346 5088 412
1371 5030 1428 5072 et
1455 5017 1714 5072 audiebat
1747 5035 1760 5071 :
1792 5018 2041 5087 quaedam

2153 5015 2509 5087 μετέστησανο
2539 5016 2596 5078 ἐς
2625 5015 2680 5068 δὲ
2709 5015 2806 5086 τὴν
2855 5016 3166 5087 Τυρσηνίδα
3220 5015 3296 5088 τῷ
3352 5012 3539 5083 ’Δννίϐᾳ
3573 5023 3639 5059 πο·

462 5119 630 5161 ettam
658 5106 1007 5175 loquebatur,
1034 5123 1266 5178 persona
1297 5123 1395 5162 sua
1421 5107 1786 5163 dissimulata.

2153 5105 2420 5175 οευομένῳ
2442 5105 2470 5158 6
2498 5104 2704 5173 Λόγγος
2736 5104 2982 5172 ἐπέθετο,
3018 5106 3284 5176 χειμῶνος
3315 5102 3491 5159 πο).λοῦ
3531 5113 3640 5166 γενῦ-

468 5199 655 5266 μένου.
681 5197 967 5252 Πεσόντων
994 5198 1052 5252 δέ
1081 5199 1415 5271 ἀμφοτέροις
1446 5198 1676 5263 πολλῶν,
1707 5201 1735 5252 6
1777 5199 2048 5268 Ἀννίϐας,
2090 5201 2148 5264 ἐς
2189 5197 2290 5268 τὴν
2363 5197 2702 5268 Λιγυστικὴν
2726 5195 2919 5262 ἐλθὼν,
2974 5198 3325 5271 ἐνδιέτριψεν·
3385 5188 3638 5247 ὑποπτεύων

463 5289 520 5342 δὲ
545 5291 640 5342 καὶ
668 5288 794 5352 τοὺς
839 5288 1157 5360 σφετέρους,
1213 5289 1390 5343 οὐδενὶ
1460 5288 1656 5359 ῥᾳδίως
1716 5289 2024 5356 ἐπίστευεν,
2065 5289 2202 5345 ἀλλὰ
2248 5288 2347 5360 τὴν
2402 5289 2606 5360 ἐσθῆτά
2667 5307 2726 5342 τε
2762 5290 3114 5362 μεταϐάλλων
3149 5294 3244 5344 καὶ
3275 5293 3458 5361 κόμαις
3481 5282 3639 5354 χρώμε-

469 5399 556 5444 νος
586 5383 914 5453 περιθέτοις,
946 5383 1046 5454 τήν
1071 5400 1128 5436 τε
1159 5382 1397 5447 διάλεξιν
1429 5382 1619 5438 ἄλλοτε
1670 5382 1839 5454 ἄλλην
1863 5383 2186 5454 ποιούμενος
2249 5385 2387 5455 (ᾔδει
2446 5383 2557 5453 γὰρ
2627 5382 2871 5447 πλείους,
2903 5385 2996 5437 καὶ
3025 5385 3122 5456 τὴν
3152 5386 3260 5440 τῶν
3299 5377 3534 5450 Λατίνων)
3575 5383 3638 5432 καὶ

467 5482 683 5549 νύκτωρ
707 5480 802 5532 καὶ
855 5479 976 5548 μεθ’
1006 5477 1222 5549 ἡμέραν
1252 5477 1422 5531 πολλά
1455 5477 1748 5532 ἐπεσκόπει
1797 5479 1965 5550 ἦκουέ
1993 5495 2051 5532 τε
2084 5478 2313 5533 πλεῖστα
2350 5479 2425 5542 ώς
2489 5481 2590 5534 ούκ
2632 5479 2905 5544 Ἀννίϐας,
2951 5481 3046 5534 καί
3100 5499 3220 5534 τινα
3269 5481 3341 5544 ώς
3392 5477 3548 5547 ἕτερός
3580 5487 3636 5532 τις

467 5567 789 5639 ἐφθέγγετο.

541 5659 707 5716 XXV.
741 5661 877 5714 Dum
904 5659 1024 5714 haec
1055 5659 1109 5713 in
1149 5659 1303 5714 Italia
1340 5670 1627 5731 geruntur,
1663 5661 1805 5718 alter
1860 5659 2045 5730 Scipio

472 5751 640 5806 Caius
673 5750 726 5805 in
759 5751 1036 5821 Hispaniis
1069 5753 1282 5822 appulit
1327 5769 1343 5810 ς
1389 5761 1444 5808 et
1485 5769 1635 5807 oram
1670 5755 1788 5821 ejus
1836 5753 2047 5808 mariti—

482 5857 623 5900 mam
659 5857 876 5899 omnem
912 5859 1084 5914 usque
1109 5843 1174 5900 ad
1206 5844 1444 5914 Iberum,
1473 5846 1830 5920 multaetiam
1884 5861 2045 5917 snpe-

2229 5658 2360 5716 KE'.
2402 5659 2489 5712 'Ev
2522 5659 2619 5730 μὲν
2645 5653 2738 5712 οὖν
2769 5662 2832 5728 τῇ
2882 5658 3084 5730 Ἰταλίᾳ
3130 5658 3299 5713 ταῦτα
3352 5658 3545 5726 ἐγίνετο.
3597 5649 3635 5701 ’0

2153 5751 2197 5806 δ’
2225 5752 2408 5822 ἕτερος
2441 5751 2680 5804 Σκιπίων
2715 5753 2742 5803 6
2800 5751 2960 5814 Γαῖος
3005 5755 3086 5814 εἰς
3131 5751 3226 5821 τὴν
3272 5749 3483 5820 Ἰϐηρίαν
3520 5743 3634 5814 περέ-

2157 5845 2375 5912 πλευσε,
2407 5845 2497 5898 καὶ
2529 5845 2593 5898 τὰ
2627 5842 3047 5914 παραθαλάσσια
3072 5844 3237 5914 αὐτῆς
3261 5839 3504 5916 μέχριτού
3530 5838 3626 5908 Ἱῦνι,
