3896 6576
152 396 248 461 7θ5

1377 394 1787 457 ANNALiUM
1832 397 1988 458 LIB.
2029 397 2200 460 VllI.

151 527 232 581 ρος
265 505 441 561 πάντα
479 504 575 559 καὶ
605 502 716 558 τῶν
771 503 887 558 ἀνω
915 501 1086 574 συχνὰ
1137 501 1223 557 τάι
1267 503 1366 576 μὲν
1403 505 1514 577 βίᾳ,
1547 505 1617 560 τὰ
1666 505 1708 557 δ’

1829 505 1973 560 riora
2015 507 2153 571 loca,
2207 507 2406 578 partim
2435 509 2509 576 vi,
2558 511 2760 581 partim
2818 513 3118 580 deditione.
3173 521 3388 579 Banno-

148 600 326 654 ἑκόντα
365 596 726 668 προσείληφε,
753 597 958 650 καὶτὸν
1001 589 1260 650 Βαννῶνα
1288 596 1404 666 (52)
1458 598 1604 668 μάχῃ
1630 615 1709 651 νι-

147 694 304 761 κήσας
355 686 698 758 ἐζώγρησεν.
765 687 832 742 '0
885 688 944 741 δὲ
995 687 1092 741 τοῦ
1145 688 1392 742 Ἀννίϐου
1447 689 1705 760 ὁμαίμων

155 780 501 850 Ἀσδρούδας,
548 779 739 850 μαθὼν
769 779 966 842 ταῦτα,
999 779 1156 846 διέση
1211 779 1303 833 τὸν
1349 781 1568 851 Ἴϐηρα,
1612 781 1707 834 καὶ

144 875 238 927 τῶν
266 873 654 944 μεταστάντων
683 871 839 936 τινὰς
867 871 1206 942 ἐπηγάγετο·
1233 873 1330 928 τοῦ
1365 872 1421 926 δὲ
1465 872 1705 926 Σκιπίω-

146 983 222 1028 νος
285 964 615 1026 ἐπελθόντος
676 963 850 1035 αὐτῷ,
915 965 1299 1036 ἀνεχώρησεν.
1329 967 1390 1019 Oi
1457 966 1502 1018 δ’
1550 967 1608 1018 ἐν
1636 968 1703 1038 τῇ

150 1055 320 1126 Ῥώμη
343 1055 440 1108 τὸν
470 1054 770 1125 Φλαμίνιον
803 1057 897 1109 καὶ
922 1055 1015 1110 τὸν
1060 1055 1220 1110 Γάϊον
1264 1055 1421 1120 αὖθις
1461 1055 1705 1120 ὑπάτους

146 1151 347 1205 εἴλοντο.
384 1149 642 1214 Ἀννίϐας
670 1150 715 1204 δ’
749 1151 876 1221 ἄρτι
901 1151 994 1204 τοῦ
1030 1149 1191 1221 ἔαρος
1248 1152 1592 1217 ἐπιστάντος,
1623 1151 1701 1215 ὡς

145 1245 269 1312 ἔγνω
296 1243 388 1296 τὸν
440 1242 743 1313 Φλαμίνιον
787 1243 925 1314 μετά
991 1243 1088 1296 τοῦ
1125 1243 1436 1316 Σερουϊλίου
1471 1245 1704 1314 Γεμίνου

143 1339 269 1409 χειρὶ
295 1336 468 1407 πολλῇ
508 1335 596 1389 ἐπ’
626 1337 793 1390 αὐτόν
826 1337 994 1401 ἰόντα,
1031 1341 1170 1407 πρδς
1214 1336 1496 1409 ἐξαπάτην
1526 1336 1705 1390 αὐτῶν

143 1429 356 1498 ἐτράπη,
391 1428 492 1480 καλ¹
527 1428 900 1497 πλαττόμενος
930 1429 1302 1500 ὲνδιατρίψειν
1327 1429 1446 1482 ἐκεῖ
1475 1429 1571 1482 καὶ
1601 1428 1706 1499 μά-

141 1535 228 1589 χην
260 1517 550 1586 συνάψειν,
581 1519 704 1572 ἐπεὶ
740 1521 1067 1589 νομίσαντες
1126 1521 1290 1574 αὑτὸν
1319 1522 1366 1575 οἱ
1438 1519 1703 1590 Ῥωμαῖοι

141 1614 263 1666 κατὰ
288 1613 479 1685 χώραν
512 1613 723 1684 μένειν,
753 1613 973 1684 ἀμελῶς
1014 1613 1126 1667 τῶν
1181 1614 1318 1669 ὁδῶν
1370 1613 1552 1684 ἔσχον,
1608 1613 1703 1667 ἐπὶ

139 1705 218 1758 τοῦ
254 1707 632 1774 στρατοπέδου
664 1706 792 1767 τοὺς
830 1706 1034 1770 ίππέας
1078 1705 1395 1760 κατέλιπεν.
1435 1705 1606 1770 Αὐτὸς
1655 1703 1702 1758 δ’

141 1797 228 1849 ὑπὸ
270 1797 439 1850 νύκτα
502 1799 644 1867 ἄρας
679 1800 749 1852 τά
811 1817 871 1850 τε
931 1799 1233 1871 στενόπορα
1299 1797 1418 1868 μεθ’
1471 1796 1704 1868 ἡσυχίας

140 1887 297 1960 διῆλθε
329 1891 426 1942 καὶ
457 1892 603 1961 πρός
644 1890 881 1962 Ἀρίτιον
917 1891 1204 1961 ἠπείγετο.
1261 1892 1372 1944 Καὶ
1400 1892 1450 1945 οἱ
1488 1891 1699 1957 ἱππεῖς,

139 1982 242 2033 ἐπεὶ
268 1981 402 2036 πολὺ
431 1983 733 2053 προῆλθεν,
787 1981 1039 2054 ἀπῄεσαν
1078 1982 1230 2054 αὐτῷ
1270 1983 1620 2054 ἐφεπόμενοιο
1653 1985 1704 2037 οί

141 2075 178 2127 δ’
201 2071 428 2141 ὕπατοι,
458 2076 683 2146 γνόντες
732 2077 1100 2147 ἠπατημένοι,
1132 2076 1361 2146 Γεμῖνος
1393 2075 1492 2147 μὲν
1536 2075 1703 2130 αὑτοῦ

142 2167 404 2238 ὑπέμεινε,
440 2172 581 2234 τούς
613 2171 662 2223 τ’
685 2173 1066 2242 ἀφεστηκότας
1092 2169 1362 2227 κακώσων
1402 2175 1498 2228 καὶ
1529 2172 1705 2228 κωλύ-

141 2276 228 2313 σων
258 2262 636 2335 ἐπικουρῆσαι
665 2264 1065 2334 Καρχηδονίοις
1087 2279 1102 2293 ο
1140 2265 1435 2336 Φλαμίνιος
1461 2265 1516 2318 δὲ
1545 2265 1708 2336 μόνος

142 2353 362 2418 ἐδίωκεν,
405 2355 488 2407 ἵν’
528 2356 696 2411 αὐτοῦ
747 2357 911 2428 μόνου
967 2359 1030 2411 τὸ
1070 2357 1232 2429 ἔργον
1279 2359 1380 2430 τῆς
1421 2359 1598 2430 νίκης,
1631 2359 1703 2423 ὡς

142 2445 276 2515 ᾤετο,
311 2447 570 2516 γένηται,
630 2449 725 2503 καὶ
753 2451 815 2504 τὸ
847 2450 1085 2517 ’Δρίτιον
1133 2453 1569 2524 προκατέλαὸεν.
1645 2452 1705 2506 ὐ

143 2539 233 2609 γὰρ
259 2538 544 2605 Ἀννίϐας,
581 2530 1001 2613 συντομωτέραν
1039 2544 1408 2614 τραπόμενος,
1464 2543 1706 2609 δυσόδοις

141 2631 359 2701 ἐνέτυχε,
389 2621 495 2686 κὰι
526 2633 858 2706 ἀνθρώπους
903 2636 1158 2707 συχνοὺς,
1203 2638 1297 2690 καὶ.
1350 2637 1519 2690 πολλὰ
1569 2638 1706 2690 ύπο-

145 2721 305 2790 ζύγια,
332 2725 434 2777 καί
469 2728 563 2779 τὸν
582 2725 771 2797 ἕτερον
788 2727 898 2780 τῶν
931 2727 1232 2798 ὀφθαλμῶν
1255 2727 1551 2784 ἀπέϐαλεν.
1577 2729 1708 2798 Ὀψὲ

143 2814 181 2868 δ’
211 2816 298 2871 οὖν
336 2819 485 2889 πρὸς
517 2820 579 2872 τὸ
608 2820 847 2890 Ἀρίτιον
875 2821 1070 2887 ἐλθὼν,
1104 2823 1200 2876 καὶ
1231 2821 1412 2894 εὑρὼν
1449 2825 1564 2876 ἐκεῖ
1615 2824 1708 2877 τὸν

145 2910 441 2979 Φλαμίνιον,
485 2914 899 2985 κατεφρόνησεν
919 2913 1110 2980 αὐτοῦ,
1147 2915 1242 2969 καὶ
1283 2914 1433 2986 μάχῃ
1489 2915 1588 2985 μὲν
1643 2914 1705 2969 ού

146 3003 385 3057 συνέΰαλε
418 3004 504 3074 (τὸ
545 3003 656 3074 γὰρ
686 3006 888 3078 χωρίον
930 3006 1324 3077 ἀνεπιτήδειόν
1378 3008 1429 3061 οἱ
1488 3007 1706 3076 ἐδόκει),

122 3083 322 3166 ’πεῖραν
342 3097 403 3151 δὲ
429 3097 601 3152 αὑτοῦ
636 3099 984 3168 ποιούμενος,
1027 3099 1211 3172 ἔκειρε
1245 3099 1346 3172 τὴν
1366 3101 1570 3174 χώραν·
1605 3103 1708 3155 κάν

1732 1855 1780 1914 Β

1813 613 1938 652 nem
1969 613 2188 669 quoque
2219 603 2410 671 prazlio
2440 602 2647 658 victum
2681 608 2847 676 cepit.
2879 607 3090 674 Quibus
3111 611 3388 673 Asdrubal

1813 689 1985 746 frater
2051 693 2340 749 Annibalis
2363 696 2622 767 cognitis,
2661 699 2815 754 Ibero
2857 717 3140 773 superato,
3166 713 3223 762 et
3263 709 3388 776 (Illi!

1808 781 2040 839 busdam
2076 801 2140 840 ex
2189 787 2256 842 iis
2305 789 2398 858 qui
2457 790 2779 846 defecerant
2832 796 3090 865 receptis,
3141 798 3386 868 Scipioni

1807 885 1998 930 contra
2017 893 2075 932 se
2109 879 2264 934 eunti
2287 881 2473 935 cessit.
2507 883 2740 938 Romani
2773 883 3104 942 Flaminium
3123 889 3384 945 etCaium

1807 969 1994 1023 denuo
2018 971 2274 1026 consules
2297 984 2576 1028 crearunt.
2603 975 2838 1032 Annibal
2864 979 2954 1034 ubi
2987 979 3209 1038 ineunte
3234 1000 3387 1046 vere,

1807 1061 2136 1116 Flaminium
2196 1073 2253 1118 et
2304 1063 2596 1122 Servilium
2653 1067 2944 1126 Geminum
3006 1088 3132 1128 cum
3191 1090 3386 1144 magna

1808 1167 1972 1206 manu
1996 1153 2294 1209 adventare
2325 1159 2602 1227 cognovit,
2638 1160 2705 1214 ad
2753 1177 2848 1216 eos
2878 1161 3234 1235 decipiendos
3257 1182 3390 1222 com

1808 1254 2022 1305 versus,
2081 1259 2252 1314 seque
2301 1244 2374 1300 ibi
2437 1259 2776 1304 moraturum
2838 1260 2892 1306 et
2921 1267 3116 1323 pugna:
3171 1258 3384 1326 copiam

1807 1331 1917 1387 illis
1963 1332 2237 1390 facturum
2299 1339 2636 1404 simulando,
2672 1341 2802 1396 dum
2838 1344 3073 1400 Romani
3108 1363 3298 1402 verum
3329 1349 3384 1403 id

1809 1438 1934 1480 esse
1967 1426 2096 1490 rati,
2132 1427 2248 1482 vias
2297 1430 2645 1500 negligenter
2697 1435 3040 1501 custodiunt,
3100 1439 3385 1508 equitibus

1808 1517 1864 1572 in
1919 1519 2118 1575 castris
2158 1521 2384 1587 relictis,
2444 1532 2728 1595 noctuque
2756 1528 2993 1584 sarcinis
3039 1529 3303 1596 collectis,
3327 1540 3384 1586 et

1807 1611 2077 1680 angustiis
2102 1628 2202 1682 per
2229 1614 2403 1669 otium
2432 1618 2730 1685 superatis.
2762 1619 3011 1675 Arelium
3053 1621 3337 1676 contendit
3366 1641 3380 1676 :

1809 1701 2088 1771 equitibus
2109 1703 2298 1773 etiam,
2319 1721 2444 1761 cum
2463 1708 2622 1779 longe
2642 1711 3026 1780 processisset,
3050 1713 3388 1770 consecutis.

1807 1793 2077 1853 Consules
2128 1806 2190 1854 ut
2221 1815 2278 1854 se
2319 1801 2582 1872 deceptos
2627 1819 2748 1858 esse
2777 1814 3092 1869 senserunt,
3123 1805 3388 1862 Geminus

1807 1887 1883 1942 ibi
1913 1890 2204 1954 mansit,ut
2254 1907 2351 1948 eos
2390 1894 2484 1964 qui
2521 1894 2841 1951 defecerant
2879 1907 3121 1963 vexaret,
3164 1908 3220 1954 ct
3257 1899 3392 1956 Car-

1808 1981 2245 2053 thaginiensibus
2281 2000 2440 2056 opem
2495 1987 2640 2043 ferre
2686 1989 3030 2060 prohiberet.
3089 1991 3391 2047 Flaminius

1805 2066 1938 2129 ve'ro
1969 2076 2121 2132 solus
2147 2077 2418 2134 abeuntes
2459 2093 2811 2150 persecutus,
2839 2092 2896 2136 ut
2919 2083 3149 2137 victoria
3176 2083 3390 2139 scilicet

1806 2167 1891 2221 sui
1930 2170 2095 2225 unius
2123 2183 2291 2234 esset,
2328 2171 2574 2228 Aretium
2603 2183 2730 2230 ante
2761 2177 3076 2246 occupavit.
3107 2176 3242 2230 Nam
3276 2175 3386 2232 An-

1805 2259 1959 2314 nibal
2012 2261 2145 2316 dum
2198 2263 2520 2332 compendia
2575 2267 2792 2334 quaerit,
2855 2267 2912 2320 in
2968 2266 3392 2326 tnviaincidit;

1808 2351 2121 2422 multosque
2168 2355 2449 2423 mortales,
2511 2355 2682 2411 multa
2760 2357 3032 2428 jumenta,
3074 2367 3129 2412 et
3154 2357 3390 2413 alterum

1807 2445 2031 2499 oculum
2063 2444 2271 2500 amisit.
2306 2446 2442 2501 Sero
2474 2446 2694 2503 tandem
2726 2449 2794 2503 ad
2827 2449 3077 2503 Aretium
3133 2464 3391 2519 progres-

1808 2553 1922 2605 sus,
1955 2539 2284 2594 Flaminium
2309 2540 2422 2596 illic
2456 2540 2742 2596 inventum
2787 2542 3120 2612 contempsit
3153 2557 3255 2597 :ae
3287 2558 3394 2613 pu-

1809 2646 1912 2701 gna
1944 2631 2168 2702 quidem
2199 2631 2469 2686 abstinuit
2498 2631 2674 2702 (locus
2702 2632 2849 2687 enim
2890 2634 3277 2688 incommodus
3305 2634 3392 2686 vi-

1809 2725 2088 2793 debatur),
2116 2725 2212 2780 sed
2243 2725 2787 2798 hominisingenium
2820 2726 3164 2798 periclitans,
3195 2742 3387 2798 agrum

1809 2821 2069 2877 vastavit.
2099 2820 2236 2876 Cum
2273 2837 2406 2875 vero
2438 2821 2672 2875 Romani
2702 2821 3103 2886 excurrissent,
3135 2819 3396 2876 simulato

1813 2924 1961 2970 metu
1995 2913 2215 2968 reduxit
2244 2913 2548 2969 exercitum
2583 2930 2595 2966 :
2631 2922 2686 2968 et
2717 2925 2884 2968 noctu
2938 2912 3136 2968 castris
3176 2926 3399 2982 promo-

1812 3007 1905 3070 tis,
1943 3007 2177 3077 locoque
2205 3022 2398 3077 pugnae
2431 3005 2632 3059 idoneo
2663 3015 2843 3074 capto,
2881 3004 3130 3075 peditum
3183 3011 3395 3074 partem

1812 3101 2104 3156 maximam
2139 3099 2192 3154 in
2241 3099 2522 3154 montibus
2553 3097 2604 3152 in
2644 3097 2860 3152 insidiis
2895 3096 3202 3161 collocavit,
3234 3093 3396 3166 equi-

147 3189 297 3260 τούτῳ
324 3190 795 3262 ἐπεκδραμόντων
830 3192 939 3245 τῶν
987 3191 1297 3262 Ῥωμαίων,
1329 3193 1703 3263 ἐπανήγαγεν,

1815 3201 1986 3248 tatum
2035 3205 2256 3247 omnem
2309 3200 2463 3246 extra
2520 3191 2804 3260 angustias
2864 3187 3004 3244 clam
3032 3189 3088 3243 in
3131 3187 3397 3243 subsidiis

151 3280 220 3333 ἵνα
246 3282 537 3352 φοϐεῖσθαι
567 3284 718 3355 δόξῃ.
749 3284 861 3354 Τῆς
890 3284 948 3338 δὲ
969 3283 1165 3350 νυκτὸς
1196 3284 1516 3352 ἐξαναστὰς,
1581 3286 1706 3338 ὲπι-

149 3375 332 3445 natm
352 3395 412 3430 τι
436 3377 794 3451 χωρίονγπρδς
815 3380 913 3448 τὴν
935 3379 1118 3451 μάχην
1138 3379 1337 3450 εὑρὼν,
1365 3379 1572 3451 ἔμεινε.
1597 3379 1708 3433 Καὶ

148 3464 226 3518 τοῦ
254 3467 354 3536 μὲν
385 3469 556 3532 πεζοῦ
583 3469 644 3522 τὸ
685 3469 872 3524 πλεῖον
912 3472 1056 3524 κατά
1094 3471 1161 3525 τὰ
1185 3471 1287 3542 ὅρη
1329 3471 1493 3543 λοχᾷν
1525 3472 1706 3540 ἔταξε,

149 3558 199 3607 τὸ
219 3558 260 3610 δ’
294 3560 532 3615 ἱππικὸν
565 3561 789 3632 σύμπαν
819 3562 924 3628 ἔξω
962 3562 1071 3617 τῶν
1099 3565 1301 3618 στενῶν
1329 3563 1552 3634 ἀφανῶς
1604 3567 1705 3634 έφ-

151 3647 670 3718 εἶρεύεινέκέλευσε,
705 3647 798 3704 καὶ
847 3651 1010 3716 αὐτὸς
1039 3653 1132 3706 ἐπὶ
1175 3651 1268 3706 τοῦ
1313 3652 1554 3723 γηλόφου
1589 3650 1708 3723 μετ’

152 3739 324 3807 ὀλίγων
355 3741 924 3810 ἐστρατοπεδεύσατο.
969 3742 1030 3797 '0
1047 3744 1104 3797 δὲ
1135 3743 1432 3815 Φλαμίνιος
1469 3746 1527 3798 ὲν
1579 3759 1710 3814 φρο-

155 3833 338 3902 νήματι
369 3833 465 3900 ῶν,
497 3835 592 3889 καὶ
615 3836 707 3888 ὲπὶ
729 3835 1006 3907 μετεώρου
1028 3837 1126 3890 σὺν
1149 3835 1349 3906 ὀλίγοις
1374 3835 1537 3891 αὑτὸν
1560 3833 1704 3900 ίδὼν,

153 3927 236 3995 τήν
257 3944 315 3980 τε
362 3927 558 3998 λοιπὴν
584 3928 847 3998 στρατιὰν
877 3929 1070 4000 πόρρω
1104 3945 1198 3982 ποι
1235 3929 1589 3997 πεπομφέναι
1619 3943 1710 3982 νο-

159 4018 321 4086 μίσας,
363 4019 563 4090 ῥᾳδίως
595 4020 984 4091 μεμονωμένον
1034 4021 1288 4092 αἱρήσειν
1344 4023 1566 4093 ῆλπισε,
1615 4025 1710 4080 καλ⁸

156 4111 201 4172 ἐς
225 4110 278 4164 τὸ
301 4113 488 4164 στενὸν
515 4112 940 4181 ἀπερισκέπτως
970 4113 1211 4184 εἰσῆλθε,
1252 4114 1530 4168 κάνταῦθα
1590 4115 1710 4188 (ὀψὲ

157 4201 248 4272 γὰρ
273 4200 364 4276 ἦν)
387 4204 670 4276 ηὐλίσατο,
708 4206 802 4258 καὶ
839 4205 947 4259 ὑπὸ
981 4205 1154 4276 μέσας
1181 4206 1387 4273 νύκτας
1411 4208 1516 4262 ὑπὸ
1545 4227 1712 4264 κατα⁸

160 4292 457 4364 φρονήσεως
497 4292 696 4357 αὐτοὺς
725 4293 1076 4362 ἀφυλάκτους
1102 4295 1468 4362 καθεύδοντας
1497 4315 1710 4354 πανταο

159 4381 294 4450 χόθεν
323 4383 462 4454 ὁμοῦ
495 4386 792 4456 περιέσχον
845 4386 897 4438 οἱ
936 4386 1302 4458 Καρχηδόνιοι
1359 4390 1456 4444 καὶ
1497 4391 1714 4464 πόρρω-

161 4472 238 4526 θεν
260 4476 530 4540 ἀκοντίοις
563 4477 661 4531 καὶ
683 4478 1000 4548 σφενδόναις
1049 4479 1146 4534 καὶ
1201 4481 1525 4552 τοξεύμασι,
1586 4485 1713 4549 τοὺς

166 4569 250 4637 μὶν
269 4571 664 4641 εὐναζομένους
686 4573 792 4640 ἔτι,
821 4574 947 4637 τοὺς
969 4573 1026 4626 δὲ
1055 4573 1126 4626 τὰ
1162 4575 1304 4628 ὅπλα
1333 4575 1712 4647 λαμϐάνοντας
1737 4559 1792 4618 Ῑ)

161 4659 400 4726 ἔκτεινον,
421 4664 579 4717 αὐτοὶ
603 4665 678 4736 μή
705 4682 756 4718 τι
787 4664 960 4733 δεινὸν
1004 4667 1454 4737 ἀντιπάσχοντες·
1511 4669 1562 4721 ei
1601 4669 1712 4738 γὰρ

177 4753 440 4828 Ῥωμαῖοι,
478 4757 707 4828 μηδενὸς
735 4758 918 4822 αὐτοῖς
951 4759 1427 4831 συμπλεκομένου,
1488 4761 1713 4825 σκότους

161 4861 212 4898 τε
247 4851 332 4901 καὶ
358 4851 592 4922 ὁμίχλης
618 4848 811 4916 οὔσης,
864 4853 963 4905 οὐκ
998 4847 1144 4922 εἶχον
1171 4854 1238 4923 τῇ
1291 4854 1535 4924 σφετέρᾳ
1579 4854 1714 4926 χρή·

167 4939 339 4994 σασθαι
375 4944 568 5014 ἀρετῇ.
624 4942 892 5006 Τοσοῦτος
935 4943 980 4997 δ’
1032 4944 1250 5012 ἐγένετο
1321 4944 1570 5016 θόρνδος,
1620 4945 1715 4998 καὶ

111 5072 123 5084 .
167 5034 366 5106 τοιαύτη
409 5036 734 5107 ταραχώδης
767 5035 1028 5106 ἔκπληξις
1054 5037 1318 5108 κατέσχεν
1360 5037 1578 5101 αὐτοὺς,
1639 5036 1714 5099 ὡς

173 5126 406 5194 μηδὲτῶν
431 5128 678 5198 σεισμῶν
726 5129 837 5181 τῶν
886 5130 1008 5182 τότε
1050 5131 1360 5200 γενομένων
1405 5129 1712 5194 αἰσθέσθαι,

170 5217 348 5288 καίπερ
379 5219 549 5272 πολλά
585 5223 684 5290 μὲν
713 5219 1124 5291 οἰκοδομήματα
1171 5222 1510 5292 κατερράγη,
1545 5220 1717 5274 πολλὰ

170 5304 218 5359 δὲ
237 5311 327 5360 καὶ·
350 5311 458 5365 τῶν
497 5311 642 5382 ὀρῶν
674 5313 740 5366 τὰ
780 5312 881 5381 μὲν
909 5312 1116 5382 διέσχε,
1149 5314 1218 5365 τὰ
1251 5311 1308 5365 δὲ
1337 5313 1436 5366 καὶ
1489 5314 1722 5366 συνέπε-

174 5411 269 5458 σεν,
292 5401 362 5463 ὡς
394 5403 488 5455 καὶ
517 5404 619 5465 τὰς
645 5405 940 5472 φάραγγας
983 5404 1287 5474 ἐμφράξαι,
1340 5404 1436 5458 καὶ
1482 5403 1721 5474 ποταμοὶ

175 5487 222 5540 δὶ
241 5492 330 5562 τῆς
357 5495 592 5566 ἀρχαίας
620 5495 799 5563 ἐξόδου
831 5496 1287 5575 ἀποκλεισθέντες
1327 5495 1494 5567 ἄλλην
1558 5495 1722 5567 ἐτρά-

176 5592 332 5636 ποντο.
365 5585 608 5638 Τοοῦτοι
666 5585 880 5655 σεισμοὶ
947 5583 1048 5657 μὲν
1087 5586 1188 5656 τὴν
1224 5585 1530 5658 Τυρσηνίδα
1586 5602 1719 5639 κατ-

1813 3301 1935 3341 esse
1977 3283 2164 3356 jussit,
2188 3282 2306 3355 ipse
2363 3283 2420 3337 in
2457 3281 2668 3336 tumulo
2708 3297 2834 3336 cum
2869 3279 3062 3350 paucis
3100 3288 3278 3335 castra
3295 3280 3397 3334 lia-

1813 3377 1954 3434 buit.
1975 3376 2045 3432 At
2082 3375 2384 3431 Flaminius
2408 3375 2514 3431 sibi
2549 3375 2744 3442 ﬁdens,
2772 3390 2898 3430 cum
2947 3389 3073 3430 eum
3101 3389 3226 3429 cum
3261 3390 3397 3444 pau-

1814 3471 1893 3526 cis
1919 3470 1975 3524 in
2022 3469 2160 3525 colle
2187 3467 2436 3533 vidisset,
2480 3476 2537 3523 et
2568 3467 2731 3538 longe
2783 3467 3069 3538 ablegasse
3117 3466 3395 3536 reliquum

1815 3560 2125 3617 exercitum
2155 3567 2397 3630 putaret,
2425 3573 2521 3628 spe
2549 3559 2670 3629 ejus
2693 3557 2769 3614 ita
2805 3555 3059 3612 destituti
3093 3555 3255 3610 facile
3301 3573 3394 3610 ca-

1813 3653 2002 3726 piendi
2048 3661 2338 3722 concepta,
2400 3659 2606 3706 temere
2665 3648 2947 3720 angustias
3031 3656 3117 3703 est
3184 3648 3399 3719 ingres-

1815 3765 1934 3817 sus,
1990 3748 2179 3818 ibique
2219 3747 2431 3816 (serum
2487 3744 2636 3800 enim
2692 3743 2803 3799 diei
2846 3741 2984 3812 erat)
3019 3740 3251 3812 quievit.
3281 3742 3397 3796 Sub

1815 3854 2037 3900 noctem
2078 3841 2312 3896 mediam
2376 3837 2862 3909 Carthaginienses
2903 3850 3000 3890 eos
3049 3835 3169 3890 sine
3225 3850 3397 3889 excu-

1813 3937 1924 3993 biis
1994 3935 2156 4007 (adeo
2219 3933 2325 3988 sibi
2386 3929 2762 4003 pmlidebant)
2827 3927 3168 3983 dormientes
3198 3965 3215 3990 ,
3270 3941 3398 3980 cum

1814 4029 1977 4104 513
2005 4027 2198 4085 eodem
2231 4034 2476 4095 tempore
2525 4022 2594 4078 ab
2627 4019 2780 4077 omni
2821 4029 2977 4090 parte
3010 4017 3402 4075 circumdede-

1816 4133 1948 4177 runt
1978 4140 1991 4174 :
2029 4129 2194 4189 atque
2219 4117 2440 4174 eminus
2469 4113 2690 4188 jaculis,
2749 4110 2957 4174 fundis.
2994 4109 3227 4180 sagittis,
3257 4108 3399 4164 alios

1815 4213 2084 4271 cubantes
2109 4211 2312 4275 adhuc,
2343 4208 2482 4264 alios
2509 4221 2662 4263 arma
2699 4205 3016 4272 induentes,
3046 4203 3272 4274 impune
3303 4216 3400 4258 oc-

1817 4291 2093 4364 ciderunt.
2137 4301 2370 4358 Romani
2409 4303 2556 4357 enim
2594 4299 2651 4356 in
2688 4297 2934 4355 tenebris
2969 4304 3026 4352 et
3074 4295 3278 4350 nebula
3303 4309 3405 4349 ne-

1817 4398 1968 4454 mine
1999 4397 2251 4454 cominus
2293 4407 2612 4464 congresso,
2663 4391 2868 4446 virtute
2915 4403 3012 4442 sua
3053 4386 3133 4440 uti
3160 4401 3270 4440 non
3303 4399 3404 4456 po-

1817 4499 2066 4547 tuerunt.
2114 4488 2326 4543 Tantus
2374 4495 2561 4541 autem
2615 4483 2884 4538 tumultus
2936 4480 3062 4545 fuit,
3103 4487 3250 4534 tanta
3279 4493 3405 4548 per-

1819 4581 2085 4641 turbatio.
2123 4587 2312 4634 tantus
2341 4585 2524 4632 terror
2545 4591 2641 4630 eos
2671 4573 2894 4638 invasit,
2933 4581 2991 4625 ut
3059 4577 3403 4626 terrzemotus

1818 4672 1914 4744 qui
1939 4680 2055 4726 tum
2080 4668 2304 4732 ﬁebant,
2333 4683 2440 4723 non
2478 4666 2770 4729 sentirent,
2801 4664 3050 4735 quamvis
3075 4662 3244 4716 multa
3269 4659 3404 4715 aedi-

1819 4762 1942 4817 ﬁcia
1972 4768 2320 4824 corruerent,
2357 4759 2515 4814 multi
2552 4767 2768 4814 montes
2802 4757 3000 4828 partim
3035 4755 3404 4820 ﬁnderentur,

1820 4853 2019 4924 partim
2073 4851 2302 4921 collapsi
2355 4849 2524 4906 valles
2569 4850 3008 4920 complanarent,
3062 4857 3118 4902 et
3176 4846 3402 4900 ﬂumina

1821 4943 2107 4998 veteribus
2157 4942 2328 4996 alveis
2376 4941 2642 5003 exclusa.
2694 4940 2804 4993 alio
2853 4946 3224 4992 verterentur.
3273 4935 3405 5002 Qum

1821 5029 1944 5090 cum
1968 5034 2022 5087 in
2053 5033 2274 5088 Etruria
2300 5031 2515 5097 tierent,
2544 5047 2574 5085 a
2600 5029 2972 5101 pugnantibus
3001 5044 3108 5082 non
3133 5036 3260 5082 sunt
3287 5028 3406 5080 ani-

1823 5125 2128 5180 madversa.
2163 5125 2378 5179 Cecidit
2405 5125 2519 5194 ipse
2559 5122 2880 5185 Flaminius,
2911 5131 2966 5176 et
3001 5121 3235 5174 maxima
3267 5118 3408 5172 mul-

1826 5217 2041 5274 titudo:
2084 5217 2398 5286 complures
2421 5215 2584 5270 etiam
2615 5213 2825 5268 tumulo
2842 5212 3076 5283 quodam
3111 5220 3405 5278 occupato,

1821 5310 1916 5364 ubi
1947 5308 2166 5373 diluxit,
2201 5308 2326 5380 l'uga
2353 5309 2582 5363 salutem
2607 5307 2916 5379 quasituri,
2963 5305 3130 5375 capti,
3161 5318 3312 5356 arma
3346 5307 3403 5353 et

1819 5401 2171 5471 semetipsos,
2212 5400 2538 5470 impunitate
2579 5400 2870 5471 promissa,
2904 5397 3256 5453 dediderunt.
3295 5390 3403 5447 Sed

1815 5495 2054 5551 Annibal
2085 5493 2446 5566 jurisjurandi
2487 5510 2679 5564 parum
2734 5507 2962 5550 memor.
3001 5501 3192 5544 omnes
3222 5484 3398 5552 capti-

1816 5602 1918 5642 vos
1946 5586 2040 5657 qui
2084 5585 2139 5639 in
2193 5583 2388 5639 castris
2412 5593 2592 5651 erant,
2631 5599 2694 5640 ex
2737 5581 2974 5638 subditis
3003 5587 3056 5634 et
3082 5577 3247 5631 sociis
3295 5575 3407 5630 lto-

1335 5743 1531 5805 Variae
1568 5742 1875 5807 lectiones
1919 5749 1980 5807 et
2013 5723 2210 5808 nites.

232 5864 328 5942 (32)
360 5869 666 5931 Βαννώνα.
732 5869 811 5928 Ita
865 5871 1019 5943 Regii
1066 5879 1120 5927 et
1181 5868 1424 5926 Colbert.
1479 5867 1708 5928 Wolfius

1812 5871 2017 5928 ιανῶνα
2047 5870 2314 5928 ediderat.

3282 411 3389 476 706
3461 423 3466 428 '
