3896 6546
535 353 643 420 701
1805 349 2126 412 JOANNIS
2164 348 2483 411 zonam
3663 354 3750 420 τω

530 480 820 524 manorum
843 461 1092 520 dimisit:
1120 463 1397 518 Romanos
1419 459 1566 532 ipsos
1593 459 1645 515 in
1670 459 1906 518 vinculis
1927 475 2105 520 asser-

2214 477 2361 532 σχον,
2389 460 2451 513 ού
2487 460 2671 532 μέντοι
2696 461 2852 518 καίοι
2888 461 3188 534 μαχόμενοι
3208 461 3272 516 ἑν
3300 460 3482 534 ἐννοίᾳ
3501 464 3755 538 σφῶνίγά.

531 560 698 615 vavit.
746 556 842 612 His
883 557 1043 620 actis,
1076 554 1274 610 itinere
1321 554 1548 607 Romam
1583 553 1813 614 intento,
1844 552 2105 610 Narniam

2209 569 2386 607 νοντο.
2417 553 2592 617 Αὐτός
2631 570 2689 606 τε
2724 547 2826 609 οὖν
2851 556 2879 609 ό
2915 553 3232 624 Φλαμίνιος,
3273 553 3372 610 καὶ
3433 554 3578 611 ἄλλοι
3629 577 3755 632 παμ.

2215 646 2445 717 πληθεῖς
2474 646 2693 701 ἔπεσον·
2732 649 2920 718 συχνοὶ
2949 647 3006 702 δι
3032 647 3125 700 ἐπί
3150 664 3280 701 τινα
3302 647 3468 717 λόφον
3491 649 3753 721 ἀνίδησαν·

2209 738 2336 792 ἐπεὶ
2370 737 2416 792 δ’
2439 739 2626 810 ἡμέρα
2652 740 2892 808 ἐγένετο,
2918 741 3001 803 είς
3041 740 3223 810 φυγὴν
3252 738 3547 810 ὥρμησαν,
3563 744 3649 796 καὶ
3672 761 3754 799 κα-

2207 831 2600 903 ταληφθέντες,
2621 831 2690 886 τά
2717 849 2777 885 τε
2806 832 2950 888 δπλα
2972 831 3067 886 καὶ
3095 833 3330 896 ἑαυτοὺς
3356 831 3445 886 ἐπ’
3471 833 3617 906 ἀδείᾳ
3636 853 3759 907 παρ-

2209 920 2420 976 έδοσαν.
2452 920 2521 974 Ὀ
2550 937 2615 989 γε
2645 920 2752 991 μὴν
2796 919 3043 983 ’Δννίϐας
3091 919 3122 990 β
3131 919 3276 990 ραχῦ
3333 918 3444 973 τῶν
3470 918 3761 992 όμωμοσμίο

2212 1029 2320 1066 νων
2346 1013 2656 1084 ἐφρόντισε,
2699 1014 2923 1068 πάντων
2965 1011 3023 1066 δὲ
3053 1012 3161 1066 τῶν
3214 1012 3278 1065 ἐν
3319 1011 3402 1081 τῷ
3443 1015 3757 1086 στρατοπίδῳ

2213 1104 2474 1170 ἀλόντων,
2502 1105 2565 1158 τὸ
2590 1103 2689 1176 μὲν
2745 1104 3014 1176 ὑπήκοον,
3067 1103 3128 1158 τό
3152 1119 3216 1156 τε
3289 1103 3632 1174 συμμαχικὸν
3673 1106 3759 1160 τῶν

2219 1193 2508 1263 Ῥωμαίων
2537 1194 2778 1264 ἀφῆκεν,
2812 1193 3014 1258 αὐτοὺς
3046 1192 3105 1246 δὶ
3148 1193 3403 1256 ἐκείνους
3451 1192 3614 1264 δήσας
3654 1195 3762 1262 ἐφύ-

2210 1282 2402 1338 λασσε.
2424 1283 2646 1353 Πράξας
2666 1283 2724 1337 δλ
2745 1283 2943 1348 ταῦτα,
2974 1285 3069 1338 ἐπὶ
3095 1283 3198 1354 τὴν
3244 1280 3477 1354 Ῥώμην
3515 1283 3757 1353 ἠπείγετο,

2211 1377 2307 1430 καὶ
2339 1377 2504 1448 μέχρι
2539 1376 2638 1448 μὲν
2664 1361 2911 1448 Ναρνιᾶς
2936 1378 3037 1447 τήν
3071 1393 3131 1432 τε
3153 1377 3264 1447 γῆν
3295 1376 3532 1447 τέμνων,
3564 1379 3754 1442 καὶτὰς

2209 1469 2401 1532 πόλεις
2456 1469 2874 1541 προσαγόμενος
2938 1469 3079 1540 πλὴν
3143 1469 3469 1536 Σπολιτίου,
3536 1471 3754 1543 προῆλθε,

2209 1561 2371 1616 Γάῖόν
2409 1579 2468 1615 τε
2490 1561 2735 1615 ἐνταῦθα
2774 1563 3070 1632 Κεντήνιον
3098 1561 3416 1632 στρατηγὸν
3448 1562 3755 1632 ἐνεδρεύοντα

2209 1654 2488 1726 περισχὼν
2519 1654 2791 1710 εκτεινεν.
2834 1653 2922 1718 Ὠς
2955 1655 3014 1707 δέ
3041 1654 3120 1726 τῷ
3156 1653 3438 1726 Σπολιτίῳ
3471 1653 3752 1726 προσϐαλὼν

2209 1747 2562 1819 ἀπεκρούσθη
2595 1788 2610 1813 ,
2644 1747 2738 1801 καὶ
2795 1748 2894 1818 τὴν
2928 1747 3023 1801 τοῦ
3072 1748 3320 1818 Ναείρου
3371 1748 3611 1819 γέφυραν
3645 1748 3754 1802 καθ·

529 665 708 721 usque
737 663 898 721 agros
946 646 1235 711 vastando,
1287 654 1340 700 et
1386 644 1549 699 urbes
1605 642 1930 712 subigendo,
1969 641 2110 713 Spo-

529 743 641 798 leto
675 751 926 811 excepto,
961 752 1304 810 progressus,
1353 735 1415 792 C.
1453 734 1782 791 Centenium
1815 745 2106 806 prmtorem

530 835 992 894 circumventum,
1017 828 1231 884 evitatis
1251 826 1624 898 cjnsjinsidiis,
1644 826 1868 882 occidit.
1898 826 1942 881 A
1970 825 2109 897 Spo-

531 927 644 982 leto
688 925 961 995 repulsus,
1009 937 1134 978 cum
1193 929 1416 992 pontem
1450 920 1612 974 Naris
1638 919 1912 990 dejectum
1941 919 2110 975 vidis-

531 1028 637 1083 set,
672 1018 924 1087 idemque
958 1015 1173 1072 caateris
1203 1013 1546 1078 ﬂuminibus,
1589 1028 1713 1083 quae
1748 1013 1983 1068 transire
2015 1028 2112 1068 ne-

527 1125 680 1164 cesse
730 1107 991 1175 habebat,
1019 1122 1143 1162 esse
1182 1107 1387 1162 factum
1428 1105 1719 1162 audisset:
1761 1105 1967 1162 omisso
1999 1105 2108 1160 Ro-

529 1219 690 1258 mano
723 1203 940 1267 itinere,
994 1200 1052 1256 in
1091 1199 1449 1280 Campaniam
1499 1215 1558 1255 se
1601 1199 1899 1263 convertit,
1949 1198 2112 1270 cujus

527 1295 702 1350 solum
739 1293 1161 1360 fertilissimum,
1193 1301 1250 1349 et
1290 1292 1487 1348 urbem
1535 1290 1777 1362 Capuam
1815 1291 2108 1346 maximam

526 1401 648 1440 esse
687 1384 969 1441 audiebat.
996 1384 1143 1451 Quas
1171 1383 1216 1439 si
1242 1392 1589 1454 occupasset,
1641 1398 1698 1438 se
1729 1391 1925 1438 caetera
1954 1381 2108 1438 brevi

527 1487 775 1547 tempore
805 1477 1150 1548 adjecturum
1182 1475 1432 1546 putabat.
1462 1475 1697 1530 Romani
1731 1475 1888 1531 clade
1921 1475 2107 1530 audita

528 1568 708 1622 moesti
737 1578 901 1638 atque
935 1566 1108 1630 anxii,
1153 1573 1207 1620 et
1251 1565 1578 1636 semetipsos
1626 1575 1682 1620 et
1713 1579 1884 1620 caesos
1916 1565 2110 1635 lugen-

528 1670 632 1726 tes,
682 1670 874 1728 pontes
923 1657 1162 1722 Tiberis,
1198 1668 1402 1728 prater
1437 1671 1630 1720 unum,
1677 1654 2020 1726 dejecerunt,
2052 1664 2109 1710 et

527 1752 729 1806 moenia
762 1750 950 1806 multis
982 1751 1035 1804 in
1062 1750 1200 1805 locis
1223 1751 1446 1804 ruinosa
1480 1749 1736 1803 celeriter
1769 1747 2104 1811 refecerunt.

525 1855 580 1899 et
608 1845 930 1899 dictatorem
961 1845 1014 1898 in
1050 1843 1314 1898 concione
1336 1841 1628 1896 dixerunt:
1655 1857 1717 1896 ac
1741 1841 1880 1897 bene
1912 1857 2101 1896 secum

2215 1841 2504 1912 ῃρημένην
2535 1836 2667 1908 εἶδε,
2695 1841 2791 1895 καὶ
2823 1841 2956 1912 περὶ
2979 1841 3106 1905 τοὺς
3126 1840 3332 1904 ἄλλους
3377 1841 3660 1911 ποταμοὺς,
3680 1841 3754 1904 οὓς

525 1939 610 2006 agi
649 1937 1048 1998 existimantes,
1087 1935 1131 1989 si
1164 1934 1265 2004 ipsi
1293 1941 1580 1988 manerent
1603 1931 1928 1997 incolumes,
1954 1932 2104 1986 nulla

2208 1931 2508 1998 ἀναγκαῖον
2535 1931 2787 1998 διελθεῖν,
2814 1933 2974 1988 τοῦτο
3001 1931 3231 2002 γεγονὸς
3273 1931 3524 1998 ἐπύθετο,
3558 1932 3646 2002 τῆς
3673 1935 3751 2002 μὲν

525 2031 692 2084 sociis
720 2029 921 2083 auxilia
975 2027 1266 2082 miserunt.
1315 2025 1421 2082 Sed
1467 2025 1755 2081 Annibalis
1788 2023 1844 2080 in
1873 2023 2105 2095 Campa-

2208 2024 2299 2077 ἐπὶ
2327 2024 2424 2096 τὴν
2467 2025 2692 2097 Ῥώμην
2723 2026 2903 2097 ὁρμῆς
2951 2025 3221 2096 ἐπέσχεν·
3274 2026 3335 2086 ἐς
3395 2025 3450 2078 δὲ
3488 2025 3582 2096 τὴν
3621 2025 3750 2096 Καμ-

523 2113 670 2176 niam
710 2119 1051 2191 profectione
1089 2117 1297 2184 audita,
1333 2119 1498 2173 etiam
1547 2117 1714 2173 sociis
1760 2132 1922 2188 opem
1954 2115 2101 2173 ferre

2209 2117 2409 2173 πανίαν
2433 2118 2727 2189 ἐτράπετο,
2761 2119 2864 2189 τήν
2889 2135 2949 2172 τε
2981 2118 3170 2190 χώραν
3195 2119 3434 2190 ἀρίστην
3459 2120 3548 2172 καὶ
3568 2117 3652 2189 τὴν
3671 2120 3748 2170 πόα

523 2211 916 2266 decreverunt.
987 2209 1247 2265 Annibali
1295 2209 1621 2265 dietatorem
1660 2209 1890 2264 Fabium
1933 2219 1991 2265 et
2030 2208 2102 2264 Μ.

2208 2210 2291 2266 λιν
2316 2209 2416 2282 τὴν
2449 2211 2684 2282 Καπύην
2719 2211 2989 2282 μεγίστην
3018 2209 3186 2266 οὖσαν
3221 2210 3466 2275 ἀκούων,
3517 2209 3745 2278 ἐνόμιζεν,

521 2303 817 2359 minutium
870 2303 1192 2374 magistrum
1241 2302 1490 2372 equitum
1537 2308 1958 2373 opposuerunt:
2009 2299 2103 2373 qui

2208 2303 2254 2355 εί
2298 2303 2436 2372 σφᾶς
2465 2301 2898 2374 προκαταλάϐοι,
2946 2302 3042 2356 κοιλ⁵
3075 2300 3250 2356 τᾶλλα
3271 2300 3341 2354 δι’
3396 2299 3572 2367 ὀλίγου
3607 2313 3722 2370 προσ

521 2412 646 2452 cum
698 2411 765 2450 eo
812 2396 1116 2462 venissent,
1167 2411 1294 2452 cum
1334 2395 1428 2450 illo
1479 2410 1588 2449 non
1639 2395 1920 2466 congressi
1953 2403 2104 2462 sunt,

2208 2394 2544 2465 κτήσασθαι.
2579 2395 2643 2449 Οἱ
2663 2393 2710 2448 δ’
2739 2397 2798 2449 ἐν
2822 2397 2890 2467 τῇ
2925 2393 3124 2466 Ῥώμῃ
3149 2393 3456 2464 πυθόμενοι
3508 2393 3624 2462 περὶ
3668 2389 3744 2458 τῆς

522 2489 616 2543 sed
652 2488 822 2559 tergis
855 2487 1212 2553 inhaerentes,
1259 2487 1630 2543 observarunt
1659 2488 1881 2558 quando
1910 2503 1969 2544 se
2000 2503 2102 2557 pu-

2208 2487 2627 2559 ἥττηςηλγησαν
2641 2487 2736 2542 καὶ
2761 2486 2851 2541 διὰ
2875 2487 3118 2551 ἐκείνους
3139 2485 3243 2541 καὶ
3269 2485 3339 2540 δι’
3367 2484 3582 2547 ἑαυτοὺς
3596 2483 3745 2552 ὀδυρέ-

521 2597 640 2651 gnze
689 2581 915 2635 otl‘erret
959 2581 1201 2636 occasio.
1260 2579 1466 2636 Fabius
1496 2578 1644 2633 enim
1673 2593 1799 2633 cum
1832 2578 2105 2635 militibus

2209 2594 2364 2648 μενοι
2383 2578 2480 2630 καὶ
2496 2580 2554 2631 ἐν
2574 2577 2764 2650 ἀπόρῳ
2784 2573 2924 2651 ἦσαν
2942 2579 3042 2642 τάς
3063 2595 3122 2632 τε
3139 2577 3393 2650 γεφύρας
3409 2575 3500 2631 τοῦ
3515 2573 3743 2645 Τιϐέριδις

523 2671 755 2742 trepidis
782 2681 838 2726 et
867 2672 1026 2727 victis
1063 2681 1257 2727 contra
1303 2671 1472 2745 4.ιά
1507 2674 1714 2745 plures,
1757 2679 1816 2726 et
1842 2673 2104 2734 victores.

2208 2669 2348 2739 πλὴν
2368 2669 2498 2740 μιᾶς
2521 2669 2795 2737 καθεῖλον,
2814 2668 2910 2723 καὶ
2923 2671 2992 2724 τὸ.
3007 2669 3160 2742 τείχη
3187 2669 3430 2742 ⁴ιιιολλαχῆ
3449 2683 3667 2737 πεπονηκ
3680 2675 3737 2717 ita

521 2759 710 2816 llartis
761 2761 936 2815 aleam
978 2760 1222 2830 experiri
1282 2761 1502 2819 noluit:
1543 2762 1820 2832 simulque
1852 2759 2104 2830 putabat,

2209 2761 2414 2833 σπουδῇ
2447 2761 2848 2826 ἐπεσκεύαζον.
2882 2763 3197 2836 Δικτάτορά
3238 2781 3301 2818 τε
3331 2759 3739 2834 προχειρίσασθαι

521 2868 634 2921 quo
661 2851 833 2922 magis
866 2867 1058 2922 agrum
1083 2859 1409 2918 vastassent,
1457 2867 1526 2909 eo
1566 2852 1732 2909 citius
1763 2861 2105 2908 commeatus

2208 2849 2589 2921 βουληθέντες,
2609 2853 2766 2907 αὐτοὶ
2793 2855 2852 2908 ἐν
2871 2855 3141 2929 ἐκκλησίᾳ
3162 2856 3334 2910 αὑτὸν
3353 2857 3581 2910 ἀνεῖπον.
3611 2853 3733 2918 ’Δγαο

522 2944 755 3015 penuria
787 2942 1154 2998 laboraturos.
1193 2941 1289 2998 llis
1317 2943 1630 3000 rationibus
1681 2945 1972 3010 adductus,
2009 2959 2105 3001 ne-

2208 2941 2420 3006 πῶντες
2448 2943 2505 2997 δὲ
2540 2945 2589 2998 εί
2613 2944 2768 2999 αὐτοὶ
2801 2947 2954 3017 μόνοι
2987 2947 3246 3015 σωθεῖεν,
3276 2949 3378 3002 ούκ
3401 2945 3631 3001 ἔστειλαν
3646 2945 3733 3004 τοῖς

522 3051 631 3105 que
662 3033 824 3089 alteri
856 3035 1069 3105 regioni
1107 3033 1225 3098 ulli,
1257 3048 1435 3104 neque
1474 3033 1789 3105 Campaniae
1825 3050 1984 3107 opem
2018 3043 2105 3091 tu-

2209 3034 2526 3105 συμμάχοις
2554 3035 2836 3108 βοήθειαν.
2867 3038 3175 3111 Πυθόμενοι
3217 3040 3276 3096 δὲ
3322 3041 3414 3094 τὸν
3450 3036 3668 3095 ’Δννίσαν
3691 3036 3732 3098 ις

521 3127 626 3182 lit:
678 3135 736 3182 et
775 3141 970 3182 omnes
1014 3126 1202 3182 hostes
1249 3127 1300 3181 in
1338 3125 1639 3199 Campania
1685 3127 2000 3191 conclusos,
2047 3136 2104 3184 et

2209 3127 2548 3198 Καμπανίαν
2578 3130 2912 3202 ὁρμηθῆναι,
2955 3133 3018 3186 τό
3057 3149 3118 3186 τε
3157 3133 3261 3187 καὶ
3308 3134 3422 3196 τοῖς
3475 3129 3732 3201 συμμάχοις

523 3218 768 3289 undique
817 3219 1139 3289 ignorantes
1178 3217 1556 3274 circumdatos
1602 3219 1933 3275 observavit.
1964 3219 2102 3276 Nam

2208 3218 2574 3292 ἐπικουρῆσαι
2604 3221 2874 3292 ἔγνωσαν·
2905 3224 2984 3296 τῷ
3017 3224 3065 3279 δ’
3109 3225 3338 3295 ’Δννίὸᾳ
3370 3223 3458 3278 τὸν
3489 3221 3730 3285 δικτάτορα

507 3309 626 3380 .ipsi
681 3310 905 3380 quidem
954 3319 1009 3364 et
1049 3324 1116 3364 ex
1169 3309 1304 3363 mari
1348 3319 1404 3365 et
1452 3324 1521 3367 ex
1573 3311 1736 3367 sociis
1785 3311 2104 3366 civitatibus

2208 3310 2300 3364 τὸν
2325 3309 2546 3377 Φάϐιον,
2585 3314 2680 3367 καὶ
2723 3313 2814 3368 τὸν
2850 3315 3134 3388 ἵππαρχον
3167 3316 3266 3371 τὸν
3299 3316 3518 3383 Μάρκον
3544 3313 3622 3364 τὸν
3645 3308 3728 3362 Mt-

519 3410 862 3455 rommeatus
883 3400 1102 3454 abunde
1131 3400 1458 3470 suppetebat
1485 3419 1498 3454 :
1535 3401 1643 3457 illis
1667 3417 1799 3458 vero
1818 3402 1955 3457 nihil
1977 3417 2100 3458 esse

2208 3400 2426 3456 νούκιον
2459 3405 2948 3477 ἀντικατέστησαν.
2979 3408 3043 3461 Οἳ
3080 3407 3168 3462 ἐπ’
3202 3410 3410 3462 ἐκεῖνον
3435 3403 3666 3463 ἐλθόντες.
3687 3399 3728 3459 ἐς

521 3492 626 3547 nisi
678 3508 746 3548 ex
796 3507 1052 3564 agrorum
1099 3493 1406 3547 vastatione
1460 3503 1640 3550 norat.
1697 3492 1794 3548 His
1823 3493 1892 3549 de
1922 3494 2105 3549 causis

2208 3492 2304 3562 μὲν
2326 3495 2519 3566 χεῖρας
2551 3496 2701 3568 αύτῷ
2725 3499 2826 3552 οὐκ
2846 3497 3038 3570 ⁴ᾔεσαν⁶
3077 3499 3458 3570 παρεπόμενοι
3483 3495 3535 3550 δέ
3563 3489 3723 3559 ἐπετή·

521 3599 730 3638 moram
761 3600 919 3655 aaquo
967 3583 1180 3639 terebat
1209 3585 1418 3653 animo,
1452 3595 1510 3640 et
1537 3600 1568 3641 a
1593 3586 1807 3642 civibus
1833 3601 1944 3643 non
1983 3586 2105 3642 sine

2208 3599 2358 3654 90W.
2407 3588 2566 3641 εἵπου
2593 3590 2785 3662 καιρὸς
2819 3590 3000 3662 μάχης
3033 3593 3369 3663 παραπέσοι·
3400 3579 3728 3642 ἀποκινδυνεῦ-

520 3675 764 3742 querelis
795 3674 1098 3731 Cunctator
1129 3674 1439 3730 dicebatur.

2208 3693 2293 3729 σαι
2323 3682 2436 3748 γάρ
2460 3681 2492 3732 ὁ
2521 3679 2722 3743 Φάσιος
2755 3683 3125 3753 κατεπτηχόσι
3157 3680 3520 3756 στρατιώταις
3551 3673 3632 3728 καὶ
3652 3671 3725 3741 ἦτ’

521 3766 804 3853 τημένοις,
837 3766 974 3837 πρὸς
999 3767 1222 3831 πλείους
1252 3770 1347 3822 καὶ
1375 3769 1737 3840 νενικηκότας
1771 3770 1875 3824 οὐκ
1907 3767 2094 3842 ἤθελε,
2130 3769 2225 3822 καὶ
2286 3769 2406 3842 ἅμα
2464 3771 2577 3843 ὅσῳ
2604 3773 2807 3844 μᾶλλον
2845 3773 2943 3848 τὴν
2962 3774 3146 3848 χώραν
3172 3777 3502 3838 κακώσειαν,
3536 3765 3725 3831 τοσούτῳ

522 3856 723 3911 Θᾶσσον
753 3860 1033 3931 ἀπορῆσαι
1059 3861 1266 3932 τροφῆς
1320 3860 1522 3926 αὐτοὺς
1585 3861 1806 3934 ἦλπισε.
1859 3861 2136 3928 Τοιούτοις
2177 3861 2464 3934 χρώμενος
2508 3865 2816 3936 λογισμοῖς,
2889 3866 3003 3921 ούτ’
3067 3869 3208 3942 ἀλλῃ
3267 3868 3420 3941 χώρᾳ
3475 3865 3722 3936 ἐπήμυνεν.

518 3953 646 4009 οὔτε
679 3953 747 4026 τῇ
787 3954 1114 4027 Καμπανίᾳ·
1147 3953 1504 4010 κατέκλεισεν
1535 3951 1630 4011 οὖν
1658 3956 1748 4011 διὰ
1775 3955 1952 4012 ταῦτα
1988 3956 2100 4012 πᾶν
2135 3957 2197 4011 τὸ
2255 3958 2521 4029 πολέμιον
2562 3961 2645 4024 είς
2669 3959 2769 4031 τὴν
2797 3962 3156 4034 Καμπανίαν.
3227 3961 3508 4037 Περισχὼν
3533 3959 3626 4029 γὰρ
3649 3957 3723 4010 αὑ-

518 4049 644 4112 τοὺς
675 4048 1052 4121 ἁπανταχόθεν
1081 4049 1184 4102 οὐκ
1210 4048 1420 4116 είδότας
1445 4050 1505 4104 ἐν
1535 4051 1756 4122 φυλακῇ
1780 4051 2097 4122 ἐποιήσατο.
2139 4050 2317 4116 Δύτδς
2388 4053 2489 4124 μὲν
2527 4052 2637 4126 γὰρ
2693 4057 2804 4109 κάκ
2839 4055 2941 4126 τῆς
2972 4054 3277 4130 θαλάσσης,
3301 4056 3395 4111 καὶ
3425 4057 3484 4109 ἐκ
3503 4051 3592 4120 τῆς
3621 4059 3724 4112 σνμ.

518 4141 752 4214 μαχίδος
779 4143 888 4196 τῶν
924 4142 1252 4213 ἐπιτηδείων
1286 4143 1533 4214 εὐπορεῖο
1598 4144 1833 4210 ἐκείνοις
1874 4144 1933 4198 δέ
2000 4145 2140 4214 μόνα
2174 4145 2246 4200 τὰ
2311 4146 2377 4200 ἐκ
2406 4146 2504 4218 τῆς
2538 4146 2644 4217 γῆς
2673 4146 2742 4220 ἢν
2772 4147 3010 4220 ἔκειρον,
3040 4150 3359 4221 ὑπάρχοντα
3388 4148 3514 4220 ᾔδει.
3539 4143 3631 4198 Καὶ
3657 4140 3722 4192 διαι

512 4235 682 4286 τοῦτο
712 4236 893 4304 ἀνεῖχε
925 4237 1020 4288 καὶ
1058 4235 1160 4304 τῆς
1198 4234 1508 4305 μελλήσεως
1537 4235 1638 4288 οὐκ
1666 4235 1978 4307 ἐφρόντισε.
2010 4236 2103 4290 Διὸ
2134 4236 2232 4292 καὶ
2297 4237 2451 4310 παρά
2504 4238 2615 4293 τῶν
2643 4239 2881 4294 πολιτῶν
2910 4241 3101 4296 αἰτίαν
3137 4236 3283 4313 εἶχεν
3341 4240 3415 4305 ώς
3481 4238 3566 4293 καὶ
3611 4231 3720 4291 Μιλ-

515 4327 689 4396 λητὴς
717 4326 1202 4394 ὲπωνομασῦἦναι.

595 4416 786 4476 XXVI.
829 4416 1067 4472 Annibal
1106 4426 1312 4486 autem,
1345 4419 1586 4475 instante
1639 4421 1840 4488 hieme,
1881 4437 2008 4477 cum
2036 4421 2105 4478 ob

2289 4420 2435 4490 κςο.
2472 4421 2531 4477 ’0
2564 4420 2610 4476 δ’
2655 4418 2906 4486 Ἀννίϐας
2939 4422 3064 4477 ἐπεὶ
3093 4422 3231 4494 πρὸς
3257 4421 3493 4494 χειμῶνα
3531 4417 3716 4487 ιγίνετο.

514 4517 869 4567 commeatus
906 4508 1192 4580 penuriam
1246 4526 1316 4568 eo
1357 4511 1481 4568 loco
1515 4513 1811 4569 hibernare
1838 4529 1949 4570 non
1984 4530 2105 4586 pos-

2213 4513 2309 4566 xat
2336 4512 2462 4568 οὔτε
2486 4513 2627 4570 κατὰ
2655 4514 2844 4587 χώραν
2878 4515 3145 4587 χειμάσαι
3201 4517 3394 4570 σπάνει
3442 4512 3542 4567 τῶν
3587 4509 3716 4572 sva?-

515 4613 627 4668 σοι,
659 4613 714 4659 et
743 4602 928 4658 varias
960 4601 1206 4658 rationes
1252 4603 1566 4676 Campaniae
1609 4605 1848 4662 exeundi
1899 4607 2104 4664 frustra

2209 4606 2380 4661 καίων
2407 4605 2661 4678 ἠδύνατο,
2691 4607 2790 4662 καὶ
2820 4607 3067 4679 πολλαχῆ
3123 4609 3392 4681 πειράσας
3423 4603 3600 4671 ἐξιέναι
3640 4599 3712 4666 τῆς

524 4699 809 4759 tentasset,
838 4691 1156 4765 bujusmodi
1184 4694 1482 4750 consilium
1509 4696 1678 4766 cepit.
1701 4694 1961 4768 Captivos
1987 4713 2105 4753 om-

2208 4697 2543 4768 Καμπανίας
2599 4697 2902 4764 κεκώλυτο,
2947 4698 3196 4754 τοιοῦτόν
3257 4717 3308 4753 τι
3363 4693 3708 4770 ἐμηχανήσατο.

521 4797 627 4838 nes
652 4791 1010 4846 convocatos,
1061 4799 1130 4840 ne
1164 4785 1289 4856 quis
1333 4800 1526 4842 eorum
1550 4786 1842 4860 effugeret,
1879 4796 1935 4844 et
1968 4789 2102 4860 quid

2208 4788 2348 4853 Τοὺς
2377 4787 2763 4861 αίχμαλώτους
2795 4789 3031 4859 πάντας,
3065 4791 3154 4846 ίνα
3195 4793 3381 4865 μήτις
3419 4784 3580 4843 αὐτῶν
3620 4779 3708 4834 διαο

521 4883 780 4945 agerctur
822 4874 1087 4931 Romanis
1133 4876 1486 4948 signiﬁcaret,
1533 4878 1776 4935 occidit:
1816 4887 1872 4936 et
1910 4880 2103 4946 boum,

2208 4877 2373 4950 φύγῃ.
2409 4881 2506 4934 καὶ
2541 4879 2604 4933 τὸ
2646 4879 2934 4951 γινόμενον
2997 4882 3244 4956 γνωρίσῃ
3293 4884 3406 4946 τοῖς
3451 4871 3706 4946 Ῥωμαίοις,

523 4981 665 5036 quos
706 4967 762 5020 in
810 4967 1008 5022 castris
1056 4968 1317 5036 habebat,
1363 4970 1629 5037 cornibus
1656 4970 1805 5028 faces
1833 4971 2099 5045 alligavit,

2208 4971 2511 5042 κατέσφαξε
2545 4988 2559 5004 ·
2596 4975 2691 5029 καὶ
2718 4975 2817 5039 τάς
2841 4975 2900 5028 ἐν
2922 4973 2999 5046 τῷ
3023 4976 3368 5048 πρατοπᾶδῳ
3404 4970 3521 5044 βοῦς
3567 4959 3706 5033 ἀθροί·

519 5065 804 5126 noctuque
834 5055 900 5111 ad
933 5057 1262 5117 Samniticos
1316 5071 1534 5118 montes
1558 5064 1859 5134 profectus,
1892 5063 2104 5123 facibus

2208 5081 2326 5132 σας.
2355 5064 2519 5136 δᾷδας
2547 5068 2662 5132 τοῖς
2694 5067 2875 5124 αὐτῶν
2904 5069 3208 5141 προσέδησε
3239 5069 3447 5140 κέρασι,
3474 5059 3556 5115 καὶ
3601 5051 3703 5122 πρὸς

525 5148 770 5204 incensis
814 5147 982 5204 boves
1013 5149 1383 5218 extimulavit,
1429 5154 1522 5224 qui
1551 5154 1661 5224 igni
1684 5165 1740 5210 et
1781 5155 2104 5212 verberibus

2208 5158 2271 5211 τὰ
2296 5159 2440 5212 κατά
2465 5161 2591 5223 τοὺς
2621 5161 2898 5232 Σαμνίτας
2947 5163 3049 5235 ὅρη
3105 5165 3211 5218 ὑπὸ
3271 5161 3434 5216 νύκτα
3479 5148 3701 5226 χωρήσας.

524 5236 583 5292 in
615 5234 825 5290 rabiem
863 5235 994 5303 acti,
1039 5237 1228 5292 multis
1261 5237 1314 5292 in
1347 5239 1484 5296 locis
1527 5239 1663 5295 silva
1695 5241 1942 5308 incensa,
1971 5241 2104 5300 faci-

2208 5249 2303 5313 τάς
2336 5265 2398 5303 τε
2435 5249 2600 5321 δᾷδας
2628 5253 2802 5324 ἀνῆψε
2832 5255 2931 5309 καὶ
2959 5234 3057 5320 τὰς
3101 5257 3228 5328 βοῦς
3281 5247 3600 5321 ἐπετάραξεν.
3635 5238 3702 5291 οἱ⁸

524 5328 634 5384 lem
661 5327 716 5383 ei
750 5327 1038 5383 transitum
1069 5329 1447 5399 przebuerunt.
1480 5333 1615 5388 Nam
1656 5333 1885 5390 Romani
1918 5335 2014 5407 qui
2046 5335 2102 5390 in

525 5419 724 5474 castris
771 5429 826 5476 et
868 5419 1105 5475 collibus
1158 5429 1337 5489 erant,
1389 5423 1620 5480 insidias
1669 5427 1854 5494 veriti,
1898 5443 1957 5483 se
1990 5443 2100 5484 non

525 5521 965 5566 commoverunt.
997 5512 1090 5568 Sic
1119 5513 1357 5569 Annibal
1403 5516 1470 5572 ad
1518 5515 1792 5575 Samnites
1828 5521 2099 5591 pervenit.

525 5602 602 5660 Ea
630 5619 688 5657 re
721 5603 919 5659 Fabius
961 5620 1119 5662 mane
1162 5609 1402 5679 cognita,
1449 5610 1715 5668 abeuntes
1737 5628 2098 5684 persequens,

529 5692 598 5748 iis
629 5696 724 5764 qui
755 5695 823 5750 ad
856 5696 1046 5753 hostes
1094 5699 1442 5769 repellendos
1486 5701 1542 5755 in
1576 5702 1662 5756 via
1711 5702 1889 5760 relicti
1916 5713 2098 5768 erant,

531 5781 751 5855 iugatis,
780 5803 1084 5858 eorumque
1131 5789 1298 5846 sociis
1333 5794 1647 5862 superatis:
1687 5776 1796 5850 non
1849 5795 2095 5866 procula

2205 5340 2528 5413 πρηθεῖσαι
2555 5343 2601 5398 δ’
2633 5346 2840 5400 ικειναι
2868 5347 2959 5401 διά
3011 5349 3074 5402 τδ
3099 5349 3210 5422 πῦρ
3258 5348 3352 5402 και
3403 5343 3492 5412 τὴν
3535 5335 3696 5422 ἔλασιν.

2206 5432 2455 5506 πολλαχῆ
2485 5435 2586 5506 τὴν
2616 5435 2751 5508 ὓλην
2789 5438 3124 5510 ἐνέπρησαν,
3171 5421 3279 5496 κάκ
3323 5433 3502 5491 τούτου
3549 5421 3696 5510 ρἑδξέν

2205 5505 2482 5596 παρέσχον
2511 5505 2788 5597 αὐτῷτὴν
2817 5505 3143 5600 summa).
3173 5530 3236 5583 Oi
3265 5526 3369 5596 γάρ
3394 5523 3448 5576 ἐν
3477 5514 3544 5586 τῷ
3569 5505 3694 5566 πεδίῳ

2220 5616 2484 5687 Ῥωμαῖοι
2515 5619 2609 5671 καὶ
2638 5620 2690 5672 oi
2722 5619 2780 5672 ἐν
2817 5623 2929 5684 τοῖς
2970 5621 3286 5695 μετεώροις,
3326 5614 3524 5684 ἐνέδρας
3569 5613 3694 5695 “ff?

2204 5709 2412 5773 Θέντες,
2465 5710 2567 5764 ούκ
2619 5687 2985 5783 ἐκινήθησανξ
3041 5687 3166 5769 Καὶ.
3197 5713 3362 5774 οὕτως
3417 5706 3444 5758 ὁ
3502 5687 3689 5783 ww???

2180 5771 2420 5872 διῆλθε,
2454 5804 2546 5856 και
2570 5803 2626 5868 ις
2648 5803 2748 5875 τὴν
2763 5771 3071 5895 ’Σαμνίτιδα
3103 5771 3380 5878 ἐκομίσθη.
3419 5796 3471 5850 'o
3498 5787 3575 5844 οὖν
3613 5776 3687 5832 θέο
