3896 6544
185 367 282 435 709

1365 367 1772 444 ANNAIJUM
1814 383 1966 448 LIB.
2005 388 2178 451 VIII.

3294 419 3402 485 7ιο

181 488 305 553 ὄιος,
342 483 464 557 μεθ’
500 485 722 558 ἡμέραν
754 471 815 540 τδ
859 475 1162 562 ’γενόμενον
1194 492 1382 563 γνοὺς,
1423 496 1697 593 κατεδίωξε

1799 507 1819 562 L
1850 499 2034 560 Poenis
2064 515 2242 562 castra
2271 511 2477 580 posuit,
2509 513 2607 571 sed
2640 531 2819 590 pugna
2851 521 3172 591 detrectata.
3205 545 3301 589 eos
3335 553 3426 593 va-

177 579 261 632 καὶ
294 577 416 642 τούς
438 595 500 632 τε
533 578 1068 651 καταλελειμμένους
1118 586 1176 638 ἐν
1223 587 1290 658 τῇ
1322 585 1429 659 6δῷ
1464 589 1554 644 ἵνα
1595 591 1733 662 σφᾶς

176 668 372 741 εἰρξασι
403 670 766 741 τρεψάμενος,
806 672 900 726 καὶ
942 675 1071 739 τοὺς
1126 675 1503 750 βοηθήσαντας
1553 681 1737 747 αὐτοῖς

174 764 464 834 κρατήσας,
514 765 1060 836 ἐστρατοπεδεύσατο
1107 769 1209 839 μὲν
1261 772 1322 824 ού
1390 773 1581 846 πόρρω
1628 774 1735 828 τῶν

173 853 454 924 πολεμίων,
486 856 551 908 ού
579 858 762 925 μέντοι
795 860 890 912 καὶ
939 859 997 924 ἐς
1029 863 1222 934 χεῖρας
1252 863 1486 929 ἐκείνοις
1541 861 1730 937 ἦλθεν,

168 944 270 999 ἀλλ’
323 945 770 1002 άποσκίδνασθαί
825 967 882 1003 τε
953 951 1154 1014 αὐτοὺς
1215 955 1310 1008 καὶ
1368 957 1731 1029 προνομεύειν

165 1033 406 1093 ἐκώλυεν.
441 1037 613 1092 Ὥστε
656 1038 750 1094 τὸν
790 1041 1062 1108 ⁹Ἀννίϐαν,
1095 1043 1470 1115 ἀπορήσαντα,
1520 1048 1580 1100 τὸ
1629 1049 1726 1118 μὲν

163 1127 364 1198 πρῶτον
394 1130 493 1184 ἐπὶ
517 1130 624 1203 τὴν
661 1130 885 1204 Ῥώμην
915 1133 1182 1206 ὁρμῆσαι·
1242 1138 1318 1201 ὡς
1361 1139 1408 1193 δ’
1457 1141 1557 1195 οὐκ
1596 1141 1732 1212 ἐμά-

159 1221 380 1291 χετο,δι’
406 1224 652 1294 ἡσυχίας
685 1225 743 1280 δέ
778 1230 1187 1300 παρηκολούθει
1217 1231 1246 1284 6
1289 1232 1516 1300 Φάϐιος,
1571 1233 1730 1300 αὖθις

159 1313 488 1385 ὑπέστρεψεν
549 1318 632 1382 είς
687 1318 750 1373 τὸ
797 1320 1056 1392 Σάμνιον.
1099 1325 1210 1379 Καὶ
1251 1327 1280 1379 6
1325 1324 1528 1391 Φάϐιος
1576 1327 1726 1398 αὐτῷ

155 1407 476 1477 ἐφεπόμενος
488 1408 562 1462 δι’
579 1409 882 1480 ἀσφαλείας
904 1416 1245 1487 προσήδρευε
1269 1418 1726 1490 προμηθούμενος

156 1497 274 1567 μήτε
317 1499 428 1552 τῶν
457 1501 686 1556 οίκείων
711 1504 1009 1560 ἀποϐαλεῖν
1036 1525 1211 1575 τινας,
1230 1511 1324 1562 καὶ
1353 1510 1516 1575 αὐτὸς
1551 1511 1648 1582 μὲν
1667 1513 1724 1565 ἐν

152 1586 365 1657 εὐπορίᾳ
407 1587 526 1641 τῶν
549 1590 869 1660 ἀναγκαίων
893 1597 1202 1667 τυγχάνων,
1263 1599 1456 1672 ἐκείνῳ
1501 1601 1557 1654 δέ
1612 1602 1723 1658 τῶν

150 1677 311 1731 ὅπλων
349 1680 513 1744 ἐκτὸς
541 1682 696 1738 οὐδὲν
719 1689 1010 1757 προσεῖναι
1057 1689 1225 1762 ὁρῶν,
1257 1693 1352 1746 καὶ
1412 1693 1535 1764 μηδ’
1575 1695 1723 1749 οἴκο-

151 1767 230 1821 θεν
256 1773 603 1841 προσιοῦσαν
656 1778 1006 1850 ἐπικουρίαν.
1068 1786 1131 1838 Oi
1191 1786 1303 1857 γὰρ
1357 1788 1717 1858 Καρχηδόνιοι

1845 594 1958 664 gari
1991 606 2046 651 et
2074 600 2286 668 prmdas
2315 619 2473 673 agere
2504 609 2810 678 prohibuit.
2843 614 3038 688 Itaque
3088 619 3323 680 Annibal
3353 630 3424 685 ob

1844 685 2178 745 cibariorum
2221 695 2518 764 penuriam
2575 703 2814 771 primum
2873 706 3100 766 Romam
3164 713 3426 776 invadere

1843 781 2052 836 statuit.
2079 781 2148 839 Ut
2175 795 2358 842 autem
2389 789 2593 848 Fabius
2625 809 2822 866 pugna:
2853 801 3010 870 copia
3034 814 3251 874 negata,
3295 825 3422 865 eum

1841 869 2181 939 pedetentim
2209 881 2608 950 assectabatur,
2665 887 2718 942 in
2766 869 3052 948 Samnium
3089 869 3295 954 rediit:
3339 903 3425 957 di-

1840 970 2050 1018 ctatore
2079 981 2359 1039 nunquam
2392 973 2461 1028 ab
2491 991 2558 1030 eo
2589 977 2945 1052 discedente,
2976 997 3142 1059 atque
3172 991 3226 1047 in
3260 994 3313 1050 id
3339 995 3421 1050 iu-

1843 1059 2014 1121 lento,
2042 1073 2110 1113 ne
2140 1076 2280 1130 quos
2314 1079 2540 1122 suorum
2568 1070 2869 1139 amitteret,
2927 1086 3096 1150 utque
3125 1083 3241 1154 ipse
3272 1103 3419 1142 com-

1837 1156 2018 1202 meatu
2069 1150 2414 1212 abundaret:
2471 1159 2563 1216 ille
2603 1174 2788 1220 autem
2842 1178 3044 1238 prmter
3095 1150 3244 1232 arma
3280 1181 3418 1237 nihil

1837 1236 2088 1306 haberet,
2120 1260 2298 1316 neque
2337 1247 2503 1306 domo
2551 1258 2752 1314 auxilia
2789 1236 3086 1336 acciperet.
3116 1268 3248 1325 Nam
3280 1271 3418 1328 Car-

1835 1329 2207 1403 thaginienses
2249 1355 2376 1397 eum
2430 1343 2779 1418 deridebant,
2815 1329 3157 1416 scribentem
3184 1379 3242 1420 se
3273 1365 3415 1424 bene

1834 1435 1948 1476 rem
1981 1439 2193 1494 gerere,
2220 1438 2275 1484 et
2305 1437 2588 1504 prosperis
2627 1443 2704 1496 uti
2735 1450 3110 1519 successibus,
3143 1463 3198 1508 et
3229 1465 3411 1515 tamen

1830 1512 2118 1579 pecuniam
2147 1526 2202 1570 et
2231 1520 2434 1577 milites
2462 1524 2795 1598 ﬂagitantem
2823 1552 2842 1590 :
2884 1554 3063 1609 neque
3092 1545 3240 1600 enim
3270 1550 3415 1617 peti-

1831 1601 2006 1660 tiones
2037 1622 2159 1661 cum
2189 1616 2538 1673 successibus
2592 1629 2926 1684 consentire.
2980 1633 3229 1693 Victores
3261 1642 3409 1699 enim

1829 1692 2045 1758 decere,
2085 1702 2426 1758 exercitibus
2455 1725 2594 1778 quos
2627 1711 2867 1774 habeant
2898 1732 3208 1790 contentos,
3242 1745 3411 1798 pecu-

1827 1785 1972 1842 niam
2010 1789 2230 1846 domum
2263 1797 2503 1866 mittere,
2538 1802 2700 1876 415
2757 1825 2868 1866 non
2921 1818 3291 1876 emcndicare.
3331 1824 3409 1880 Ac

148 1863 231 1916 καὶ
257 1864 313 1916 ἐν
340 1866 546 1935 γέλωτι
577 1869 742 1925 αὐτὸν
774 1873 1078 1944 ἐποιοῦντο,
1126 1879 1412 1951 γράφοντα
1458 1877 1515 1935 εὖ
1547 1885 1697 1954 πράτε

1823 1878 1952 1934 dum
1981 1883 2184 1940 Fabius
2212 1891 2356 1958 apud
2389 1863 2697 1953 exercitum
2729 1901 2851 1965 fuit.
2879 1906 3017 1960 nihil
3045 1909 3260 1967 adversi
3295 1910 3408 1969 Ro-

146 1972 246 2010 τειν
270 1959 366 2011 καὶ
417 1961 601 2017 πολλὰ
633 1966 956 2037 κατορθοῦν,
1006 1970 1103 2024 καὶ
1191 1971 1534 2045 στρατιώτας
1581 1975 1713 2046 παρ’

146 2052 305 2106 αὐτῶν
339 2054 633 2124 αἰτοῦντα,
663 2061 757 2112 καὶ
784 2062 1069 2132 χρήματα,
1097 2064 1351 2131 λέγοντες
1381 2068 1456 2139 μὴ
1489 2085 1716 2140 συμφω-

148 2144 245 2198 νεῖν
270 2145 371 2210 τὰς
398 2149 660 2220 αἰτήσεις
692 2154 815 2216 ταῖς
847 2155 1247 2225 κατορθώσεσι.
1288 2157 1428 2223 Τοὺς
1479 2159 1589 2232 γὰρ
1633 2179 1711 2215 νι-

144 2237 335 2302 κῶντας
362 2242 644 2313 προσήκει
681 2245 774 2298 καὶ
796 2245 874 2316 τῷ
923 2247 1156 2318 παρόντι
1197 2249 1488 2321 ἀρκεῖσθαι
1544 2270 1713 2324 στρα-

144 2329 375 2401 τεύματι,
421 2337 527 2390 καὶ
583 2337 846 2410 χρήματα
904 2341 1144 2395 στέλλειν
1199 2341 1406 2409 οἴκαδε,
1471 2345 1587 2399 ἀλλ’
1646 2347 1707 2400 ού

145 2429 460 2493 προσαιτεῖν.
507 2427 656 2494 Ἐως
689 2430 788 2502 μὲν
808 2429 905 2486 οὖν
927 2432 1182 2504 ἐνεδήμει
1209 2436 1236 2488 6
1273 2435 1493 2502 Φάϐιος,
1535 2438 1706 2493 δεινὸν

144 2513 281 2567 οὐδὲν
299 2518 412 2581 τοῖς
454 2519 760 2591 Ῥωμαίοις
790 2523 1029 2589 ἐγένετοσ
1054 2524 1130 2589 ὼς
1153 2525 1198 2579 δ’
1230 2527 1438 2591 ἐκεῖνος
1482 2529 1565 2592 είς
1605 2530 1704 2598 τὴν

152 2604 347 2678 Ῥώμην
373 2611 567 2680 ἀπῆρε
599 2613 742 2667 κατά
765 2631 815 2668 τι
845 2613 1130 2686 δημόσιον,
1162 2615 1454 2673 ἔπταισαν.
1515 2621 1573 2674 '0
1594 2621 1701 2692 γάρ

153 2696 356 2769 Ῥοῦφος
388 2705 417 2757 6
447 2704 754 2776 ἰππαρχος,
784 2707 1050 2778 φρόνημα
1108 2710 1267 2764 κενὸν
1319 2711 1424 2766 ὑπὸ
1447 2715 1699 2787 νεότητος

143 2789 260 2862 ἔχων
280 2795 372 2848 καὶ
427 2795 548 2850 τῶν
603 2798 921 2869 πολεμικῶν
975 2801 1315 2873 σφαλμάτων
1363 2806 1696 2878 ἀπερίοπτος

145 2881 206 2935 ὢν
229 2885 314 2939 καὶ
340 2889 404 2959 τῇ
442 2889 711 2962 μελλήσει
747 2892 843 2946 τοῦ
865 2891 1073 2947 Φαϐίου
1099 2895 1420 2969 ἀχθόμενος,
1441 2901 1565 2954 ἐπεὶ
1599 2903 1700 2975 τὴν

144 2982 449 3047 προστασίαν
486 2985 590 3054 τῆς
622 2986 886 3056 στρατιᾶς
936 2986 1095 3056 μόνος
1126 2988 1273 3062 ἔσχε,
1323 2993 1430 3047 τῶν
1468 2995 1568 3064 μέν
1609 2998 1698 3050 ὲν-

147 3072 288 3126 τολῶν
312 3075 402 3129 τοῦ
432 3077 760 3150 δικτάτορος
783 3080 1142 3158 ὠλιγώρησεν
1163 3102 1176 3116 ·
1217 3089 1467 3160 ὁρμήσας
1518 3089 1566 3143 δ’
1615 3093 1696 3155 εἰς

146 3167 442 3237 παράταξιν.
482 3172 547 3225 τὸ
582 3175 684 3242 μὲν
723 3178 942 3247 πρῶτον
967 3182 1128 3253 νικᾷν
1167 3180 1368 3248 ἔδοξεν,
1425 3177 1545 3236 εἶτα
1595 3185 1688 3256 ητ-

145 3257 278 3328 τήθη.
306 3261 420 3315 Κᾶν
452 3267 696 3320 πανσυδὶ
717 3266 1009 3343 διεφθάρη,
1047 3272 1096 3325 εί
1120 3273 1195 3344 μή
1223 3290 1369 3338 τινες
1401 3275 1688 3346 Σαμνιτῶν

145 3352 260 3405 κατὰ
285 3354 447 3427 τύχην
487 3361 603 3422 τοῖς
647 3361 941 3433 Ῥωμαίοις
983 3365 1266 3440 ἐπίκουροι
1296 3369 1687 3442 ἀφικνούμενοι

145 3442 271 3508 δόξαν
313 3453 419 3514 τοῖς
477 3454 876 3524 Καρχηδονίοις
924 3459 1202 3531 παρέσχον
1254 3462 1538 3534 προσιέναι
1593 3467 1684 3520 τὸν

142 3533 325 3594 Φάϐιον.
363 3542 880 3614 Ἀναχωρησάντων
909 3543 1002 3602 οὖν
1030 3549 1118 3603 διὰ
1146 3549 1326 3620 τοῦτο,
1351 3557 1688 3625 κεκρατηκέο

141 3643 209 3680 ναι
230 3631 465 3703 ἐνόμισε,
495 3635 589 3688 καὶ
619 3639 676 3700 ἐς
704 3638 802 3709 τὴν
838 3637 1056 3710 Ῥώμην
1088 3641 1148 3694 τὸ
1174 3641 1334 3712 ἔργον
1362 3643 1684 3714 μεγαλύνων

142 3717 215 3770 καὶ
242 3720 319 3773 τὸν
347 3723 656 3796 δικτάτορα
677 3728 1119 3798 προσδιαϐάλλων
1153 3732 1486 3799 ἐπέστειλεν,
1517 3735 1683 3807 ὀκνη-

144 3812 214 3880 ρδν
235 3819 316 3870 καὶ
341 3819 638 3891 Μελλητὴν
667 3822 830 3876 αὐτὸν
852 3822 1053 3886 καλῶν,
1084 3825 1178 3878 καὶ
1208 3826 1274 3878 τὰ
1295 3826 1405 3880 τῶν
1426 3829 1682 3883 ἐναντίων

143 3909 428 3974 φρονοῦντα.
463 3913 526 3966 Οί
556 3911 604 3966 δ’
633 3915 691 3967 ἐν
712 3918 778 3987 τῇ
812 3915 1000 3988 Ῥώμῃ
1025 3918 1372 3988 νενικηκέναι
1401 3920 1493 3975 τὸν
1528 3923 1683 3977 Ῥοῦ-

144 4014 217 4064 φον
244 4001 406 4068 ὅντως
441 4005 721 4076 ἐνόμισαν,
758 4009 851 4063 καὶ
881 4003 968 4062 οἷα
998 4011 1148 4082 παρὰ
1177 4012 1333 4079 δόξαν
1369 4013 1681 4089 θαρσήσαν-

144 4105 228 4155 τες,
258 4097 342 4148 καὶ
380 4097 622 4169 ἐπῄνουν
651 4100 946 4176 αὐτὸνοκαὶ
970 4102 1194 4174 ἐτίμων.
1228 4107 1340 4160 Καὶ
1368 4106 1461 4161 τὸν
1481 4111 1680 4167 Φάϐιον

145 4181 384 4257 ἑνύποψίᾳ
419 4191 639 4258 σχόντες
669 4189 755 4242 διὰ
790 4189 985 4258 ταῦτα,
1018 4195 1111 4248 καὶ
1143 4195 1224 4248 ὅτι
1248 4198 1316 4251 τά
1349 4200 1408 4252 ἐν
1439 4200 1682 4272 Καμπα-

143 4272 209 4343 νίᾳ
229 4280 388 4350 χωρία
412 4280 580 4335 αὑτοῦ
611 4283 712 4335 οὐκ
734 4282 998 4356 ἐδῄωσαν,
1025 4288 1228 4358 μικροῦ
1252 4292 1345 4344 καὶ
1368 4291 1468 4364 τῆς
1495 4294 1677 4367 ἀρχῆς

142 4361 190 4416 ἂν
215 4372 533 4443 παρέλυσαν.
579 4375 722 4429 Ἀλλ’
750 4376 958 4431 ἐκεῖνον
994 4379 1093 4450 μὲν
1117 4382 1390 4454 χρήσιμον
1421 4361 1678 4457 tepidi}.

142 4472 211 4520 τες
237 4460 386 4534 εἶναι,
420 4468 522 4522 οὐκ
567 4467 836 4538 ἔπαυσαν,
865 4472 942 4542 τῷ
986 4472 1033 4526 δ’
1069 4475 1330 4547 ίππάρχῳ
1376 4477 1474 4550 τὴν
1504 4481 1676 4553 αὐτὴν

144 4551 349 4616 ἐξουσίαν
379 4563 774 4632 προσένειμαν,
806 4563 937 4618 ὥστ’
963 4565 1131 4638 ἄμφω
1180 4570 1289 4622 ἀπὸ
1312 4569 1410 4642 τῆς
1434 4572 1555 4642 ῐσης
1577 4551 1678 4644 ἄρ-
1712 4602 1752 4657 ο

144 4662 248 4713 χειν.
285 4653 564 4718 Δοξάντων
606 4655 662 4708 δὲ
701 4657 933 4726 τούτων,
962 4660 991 4714 6
1025 4661 1122 4732 μέν
1151 4660 1351 4726 Φάϐιος
1397 4663 1522 4718 οὔτε
1562 4667 1675 4731 τοίς

143 4739 365 4817 πολίταις,
404 4748 528 4804 οὒτε
557 4747 637 4820 τῷ
670 4750 887 4824 Ῥούφῳ
917 4753 1076 4827 ἔσχεν
1104 4755 1294 4828 ὀργήν.
1337 4755 1397 4810 '0
1428 4755 1485 4811 δὲ
1522 4756 1674 4811 Ῥοῦς

145 4847 239 4903 φοί,
259 4841 372 4898 οὑδέ
396 4845 528 4912 πρὶν
558 4843 736 4918 ὀρθῶς
770 4847 1009 4919 φρονῶν,
1035 4847 1158 4903 τότε
1199 4847 1437 4920 μάλιστα
1465 4849 1673 4920 ἐπεφύ-

145 4941 264 5010 σηῖο.
282 4937 373 4992 καὶ
399 4939 656 5011 κατέχειν
687 4940 882 4996 ἐαυτὸν
906 4943 1008 4998 οὐκ
1035 4941 1290 5015 ὴδύνατο,
1317 4943 1434 4998 ἀλλ’
1457 4942 1673 5017 ἡμέραν

143 5001 259 5089 ἠξίου
305 5031 433 5103 παρ’
475 5001 693 5105 ἡμέραν
744 5035 904 5106 ἥκαὶ
956 5001 1176 5102 πλείους
1216 5001 1416 5110 ἑφεξῆς
1444 5001 1704 5125 ἐξαλλάξω

145 5114 269 5183 μόνος
296 5122 503 5195 ἄρχειν.
537 5127 734 5190 Δείσας
763 5127 810 5182 δ’
839 5129 867 5182 6
893 5128 1090 5194 Φάϐιος
1118 5131 1194 5202 μή
1227 5148 1282 5185 τι
1313 5130 1484 5187 κακδν
1513 5129 1672 5205 ἐξερ-

145 5203 357 5280 γάσηται,
397 5216 447 5269 εί
480 5215 663 5286 πάσης
690 5215 791 5286 τῆς
814 5217 1101 5289 δυνάμεως
1123 5221 1338 5290 γένοιτο
1366 5203 1668 5296 ἐγκρατῆ-ς.

143 5296 248 5366 πρὸς
285 5304 564 5378 οὐδέτερον
613 5309 762 5381 αὐτῷ
808 5312 1120 5384 συνῄνεσεν,
1154 5313 1271 5367 ἀλλ’
1304 5314 1561 5385 ἐνείματο
1609 5318 1669 5370 τὸ

146 5392 483 5461 στρατόπεδον,
513 5396 656 5452 ὥστε
692 5403 805 5465 τοῖς
840 5400 1071 5466 ὑπάτοις
1115 5404 1313 5476 ἐπίσης
1363 5404 1498 5460 ίδίαν
1527 5406 1670 5460 ἐκά-

143 5487 262 5547 τιρον
289 5488 438 5560 ίσχὺν
468 5490 648 5563 ἔχειν·
691 5494 786 5546 καὶ
822 5495 1169 5567 παραχρῆμα
1199 5497 1228 5550 ὁ
1287 5497 1518 5567 Ῥοῦφος
1558 5499 1666 5552 ἀπ’

150 5577 654 5663 ξηρατοπεδεύσατο,
710 5587 796 5641 ῐνα
841 5583 1150 5663 διάδηλοςῇ
1183 5587 1266 5641 ὅτι
1307 5588 1431 5643 καθ’
1473 5589 1667 5646 έαυτδν

143 5654 282 5736 ἀρχιι,
315 5673 426 5728 ἀλλ’
449 5678 548 5749 οὐχ
571 5679 677 5734 ύπδ
711 5680 788 5753 τῷ
814 5654 1217 5751 δικτάτορα-’Ὅ
1255 5677 1351 5738 οὖν
1389 5682 1663 5750 ’Δννίϐας,

145 5752 264 5813 τοῦτο
287 5767 622 5839 αισθόμενος,
677 5775 737 5838 ές
769 5774 949 5848 μάχην
991 5773 1156 5829 αὐτὸν
1202 5774 1538 5848 ὑπηγάγετο,
1589 5777 1666 5844 ὡς

144 5843 209 5900 ἐπὶ
233 5861 512 5931 καταλήψει
539 5864 632 5919 τοῦ
656 5843 1204 5936 χωρίουνπροσελθών
1224 5883 1239 5900 ο
1271 5843 1365 5923 καὶ
1387 5843 1664 5939 περιστοι-

1821 1975 1995 2031 manis
2021 1979 2238 2036 accidit.
2267 1982 2344 2038 Eo
2373 1995 2558 2044 autem
2594 1991 2826 2051 Romam
2864 1998 2935 2053 ob
2989 2004 3206 2072 pttblira
3238 1992 3411 2080 nego--~

1818 2065 1889 2118 tia
1946 2069 2212 2138 profecto,
2275 2075 2646 2150 impegerunt.
2703 2085 2881 2143 Rufus
2933 2065 3082 2148 enim
3141 2065 3403 2170 magisvter

1814 2155 2060 2224 equitum
2095 2160 2327 2232 juvenili
2361 2169 2592 2226 audacia
2620 2177 2924 2244 exsultans,
2958 2181 3199 2256 bellique
3232 2155 3398 2246 casus

1813 2259 1924 2299 non
1977 2250 2342 2320 prospiciens,
2385 2267 2440 2312 et
2497 2259 2650 2316 Fabii
2699 2270 3106 2328 cunctationem
3138 2293 3280 2348 aegre
3313 2281 3401 2335 fe-

1812 2349 1959 2400 rens,
1994 2353 2119 2392 cum
2143 2343 2294 2399 solus
2324 2346 2617 2418 imperium
2650 2353 2882 2426 adeptus
2910 2371 3078 2430 esset,
3109 2367 3397 2425 mandato-

1810 2441 1930 2482 rum
1967 2431 2258 2492 dictatoris
2283 2438 2589 2510 imtnemor,
2633 2449 2752 2503 acie
2785 2466 2910 2506 cum
2949 2455 3108 2511 hoste
3140 2475 3401 2532 congres-

1807 2533 1900 2574 sus
1953 2525 2228 2598 principio
2260 2531 2400 2588 bene
2435 2540 2719 2610 pugnavit,
2767 2544 2863 2598 sed
2923 2549 3139 2605 tandem
3195 2525 3399 2610 su'ccuo

1807 2611 1930 2669 buit
1955 2631 1974 2669 :
2016 2634 2079 2672 ac
2114 2620 2496 2684 internecione
2522 2629 2738 2688 deletus
2770 2648 2939 2704 esset,
2967 2643 3071 2698 nisi
3102 2644 3242 2700 torte
3277 2648 3394 2702 for-

1803 2712 1936 2760 tuna
1962 2707 2270 2768 Samnitum
2289 2718 2490 2774 auxilia
2513 2720 2581 2776 ad
2600 2723 2877 2783 Romanos
2902 2733 3216 2790 accedentia
3258 2735 3392 2793 Car-

1803 2797 2245 2871 thaginiensibus
2293 2810 2564 2869 adventus
2614 2816 2766 2872 Fabii
2819 2822 3137 2892 opinionem
3168 2829 3388 2885 attulis-

1801 2904 1947 2946 sent.
1983 2893 2086 2961 Qui
2119 2912 2244 2953 cum
2278 2900 2383 2957 bac
2411 2903 2479 2960 de
2512 2921 2679 2963 causa
2711 2913 3092 2981 recessissent,
3127 2933 3186 2974 se
3215 2921 3388 2977 victo-

1800 2995 1916 3035 rem
1963 2998 2090 3041 esse
2117 2987 2440 3060 arbitratus,
2470 2995 2699 3054 Romam
2739 3001 2953 3059 litteras
2987 3007 3156 3074 m'sit,
3186 3012 3389 3080 quibus

1802 3084 1860 3130 et
1887 3091 2002 3133 rem
2037 3091 2250 3151 gestam
2283 3090 2667 3159 exaggerabat,
2716 3103 2775 3150 et
2821 3094 3171 3166 dictatorem,
3203 3113 3259 3158 ut
3293 3119 3384 3162 se-

1798 3183 1957 3238 gnem
1989 3181 2044 3228 et
2077 3186 2456 3234 cunctatorem
2488 3191 2545 3238 et
2583 3185 2822 3243 hostium
2863 3195 3166 3252 studiosum
3187 3200 3382 3256 crimi-

1793 3262 2045 3320 nabatur.
2080 3267 2312 3324 Romani
2345 3287 2474 3328 vere
2509 3276 2704 3332 vicisse
2742 3279 2941 3338 Rufum
2972 3286 3211 3356 opinati,
3245 3307 3387 3360 prai-

1793 3361 1881 3409 ter
1913 3362 2382 3428 exspectationem
2414 3370 2655 3438 receptis
2702 3372 2920 3440 animis,
2953 3393 3020 3434 eo
3067 3382 3379 3442 collaudato

1789 3455 1847 3500 et
1872 3447 2163 3515 honorato,
2192 3453 2422 3509 Fabium
2448 3469 2502 3512 et
2523 3459 2596 3514 ob
2621 3462 2954 3520 calumniam
2982 3485 3124 3536 eam,
3147 3483 3203 3528 et
3229 3480 3378 3547 quod

1788 3537 1979 3595 hostes
2007 3542 2124 3613 ejus
2155 3546 2359 3614 praedia
2391 3548 2446 3603 in
2476 3549 2772 3623 Campania
2809 3574 2914 3613 non
2969 3562 3369 3637 incendissent,

1785 3643 2104 3700 suspectum
2137 3636 2422 3726 habentes,
2457 3657 2649 3711 parum
2682 3647 2858 3702 abfuit
2889 3653 3022 3720 quin
3057 3636 3374 3728 magistratu

1784 3721 2090 3792 privarent.
2121 3725 2226 3784 Sed
2273 3717 2556 3788 cumcum
2599 3741 2720 3794 usui
2767 3745 3088 3813 reipublicae
3119 3767 3240 3807 esse
3272 3771 3376 3824 pu-

1785 3820 1984 3877 tarent,
2005 3817 2058 3870 id
2073 3819 2294 3888 quidem
2314 3837 2420 3878 non
2440 3826 2712 3896 fecerunt,
2732 3834 2824 3887 δρα
2845 3838 3106 3904 magistro
3121 3845 3372 3913 equitum

1783 3906 2031 3961 eamdem
2064 3918 2388 3978 potestatem
2416 3915 2711 3987 dederunt,
2771 3937 2786 3977 :
2833 3937 2890 3980 ut
2919 3930 3084 3986 ambo
3121 3949 3187 3987 ex
3214 3951 3372 4006 aequo

1783 3997 2137 4069 imperarent.
2170 4002 2266 4059 His
2289 4005 2526 4064 decretis
2547 4053 2560 4074 ,
2587 4011 2787 4071 Fabius
2817 4033 2995 4090 neque
3029 4023 3244 4079 civibus
3272 4043 3371 4083 nc-

1781 4109 1889 4164 que
1910 4095 2132 4168 collegae
2156 4103 2493 4158 succensuit.
2523 4105 2699 4162 Rufus
2727 4126 2858 4167 vero
2883 4115 2994 4185 jam
3021 4128 3150 4196 ante
3169 4136 3366 4190 parum

1782 4184 2050 4254 prudens,
2091 4198 2203 4245 tum
2242 4194 2413 4264 magis
2443 4196 2608 4251 etiam
2639 4184 2896 4270 inﬂatus,
2920 4190 3228 4279 temperare
3258 4214 3366 4270 sibi

1782 4292 1890 4332 non
1925 4281 2124 4348 potuit,
2153 4283 2286 4353 quin
2321 4287 2626 4356 postularet
2660 4301 2719 4347 ut
2764 4295 2960 4353 diebus
2989 4301 3237 4371 alternis,
3267 4317 3366 4362 aut

1780 4371 1945 4426 etiam
1994 4373 2249 4444 pluribus
2291 4379 2490 4436 diebus
2532 4399 2632 4452 per
2657 4385 2808 4443 vices
2849 4391 2998 4446 solus
3042 4393 3360 4465 imperaret.

1781 4458 1983 4516 Fabius
2021 4477 2206 4519 autem
2238 4468 2469 4536 veritus,
2537 4487 2606 4526 ne
2639 4476 2807 4531 totius
2838 4481 3114 4538 exercitus
3137 4496 3365 4558 accepto

1782 4549 2014 4621 imperio
2045 4571 2160 4610 rem
2191 4558 2330 4614 male
2363 4575 2580 4631 gereret
2608 4606 2624 4631 ,
2657 4577 2916 4626 neutrum
2943 4577 3237 4642 concessit,
3263 4580 3360 4636 sed

1779 4643 1966 4700 divisit
1995 4650 2323 4717 exercitum,
2355 4663 2414 4708 ut
2461 4671 2613 4712 more
2640 4674 2783 4716 coss.
2833 4672 3066 4736 uterque
3106 4685 3173 4724 ex
3201 4688 3362 4743 aequo

1777 4734 2020 4803 privatas
2066 4739 2210 4796 vires
2256 4741 2508 4801 haberet.
2547 4747 2724 4806 Rufus
2768 4752 2938 4823 igitur
2963 4734 3146 4814 statim
3180 4734 3360 4823 castra

1777 4829 2086 4897 transtulit,
2115 4842 2178 4888 ut
2207 4848 2520 4907 appareret.
2573 4857 2636 4898 se
2665 4855 2858 4916 suapte
2891 4855 3224 4913 auctoritate
3253 4859 3360 4914 im-

1775 4933 1990 4989 perare,
2024 4938 2137 4979 non
2185 4928 2415 4986 subesse
2466 4931 2748 4992 dictatori.
2806 4939 2928 5007 Quo
2966 4943 3204 5004 Annibal
3234 4952 3361 5008 ani-

1772 5015 2084 5086 madverso,
2105 5035 2232 5075 eum
2253 5022 2320 5077 ad
2347 5040 2586 5096 pugnam
2610 5029 2805 5089 elicuit
2837 5050 2934 5106 per
2965 5040 3203 5110 speciem
3236 5047 3358 5114 ejus

1771 5105 1876 5161 loci
1909 5110 2215 5180 occupandi
2247 5129 2262 5166 :
2317 5121 2374 5170 et
2421 5117 2666 5188 undique
2717 5138 2818 5192 per
2844 5105 3094 5186 insidias
3123 5105 3360 5191 circdm-

1771 5206 2019 5267 ventum,
2079 5201 2135 5257 in
2191 5204 2488 5264 discrimen
2543 5211 2774 5272 adduxit
2831 5219 3006 5277 totius
3065 5225 3353 5281 amittendi

1770 5291 2067 5359 exercitus,
2099 5294 2207 5350 nisi
2247 5296 2451 5355 Fabius
2483 5301 2702 5360 hostem
2733 5322 2763 5361 a
2792 5317 2945 5381 tergo
2970 5311 3202 5371 adortus
3251 5317 3352 5373 Oli-

1770 5383 2025 5441 stitisset.
2061 5385 2174 5442 Hac
2220 5389 2374 5462 plaga
2426 5404 2675 5468 accepta,
2730 5399 2906 5458 Rufus
2958 5407 3189 5462 mutavit
3235 5408 3352 5462 ani-

1770 5491 1920 5531 mum
1954 5495 1968 5534 :
1998 5493 2054 5534 et
2088 5481 2336 5552 reliquiis
2358 5489 2637 5548 exercitus
2667 5495 2855 5550 statim
2891 5496 2959 5552 ad
2992 5497 3222 5555 Fabium
3251 5503 3352 5556 ad.

1768 5567 1973 5638 ductis,
2015 5571 2309 5644 imperium
2345 5593 2476 5647 una,
2514 5599 2626 5638 non
2655 5589 2989 5658 exspectatis
3015 5593 3203 5662 populi
3229 5596 3350 5650 suf-

1766 5661 1976 5734 fragiis,
2006 5666 2147 5720 ultro
2176 5667 2226 5722 ei
2259 5670 2509 5741 tradidit,
2561 5674 2729 5749 416
2765 5679 2912 5750 quod
2959 5661 3111 5738 solus
3139 5701 3204 5740 ex
3231 5703 3350 5743 ma-

1766 5756 1954 5830 gistris
1974 5759 2220 5828 equitum
2247 5776 2566 5835 acceperat:
2603 5785 2715 5840 quo
2742 5772 2967 5827 nomine
2995 5775 3064 5828 ab
3087 5777 3347 5838 omnibus

1766 5859 1851 5905 est
1882 5850 2154 5908 laudatus.
2186 5853 2356 5923 ldque
2389 5853 2589 5917 Fabius
2617 5860 2803 5916 statim
2830 5861 2968 5920 citra
2995 5865 3162 5920 ullam
3183 5867 3346 5926 dubi-
