3748 6528
465 351 569 418 711

1718 341 2045 408 JOANNIS
2083 339 2408 402 zemas
2435 294 2466 323 ”

2163 339 2408 402 mana
2435 294 2466 323 ²
3563 355 3643 421 τη

464 465 731 522 tationem
786 459 1106 516 universum
1147 455 1382 530 recepit,
1432 454 1772 527 approbante
1819 468 1944 524 popl

2165 450 2448 522 (ισάμενος
2482 446 2543 514 ἐξ
2575 447 2825 520 ἐνέδρας,
2857 446 2939 511 είς
2969 445 3216 502 κίνδυνον
3246 451 3561 526 κατέστησεν,
3591 466 3645 530 ὡς

465 554 672 610 Deinde
708 553 914 608 milites
943 549 1265 606 cautissime
1297 547 1474 612 duxit,
1495 557 1552 602 et
1584 547 1904 616 magistratu
1923 545 2046 600 abi-

2147 542 2494 612 πανστρατιᾷ
2523 539 2752 606 ἐξελεῖν,
2785 540 2835 592 εί
2864 539 2942 610 μὴ
2973 541 3002 593 6
3028 539 3220 606 Φάϐιος
3249 544 3382 598 κατά
3402 546 3549 604 νώτου
3574 556 3649 608 αὑ.

465 658 644 711 turus,
677 648 954 710 consules,
992 643 1196 698 tradito
1223 641 1493 703 exercitu,
1549 639 1938 694 candidissime

2168 632 2224 703 ςῷ
2254 631 2578 703 προσπεσὼν
2604 631 2871 686 ἐκώλυσε.
2902 627 3096 686 Παθὼν
3118 631 3209 686 οὖν
3233 635 3383 690 τοῦτο
3403 640 3428 691 6
3453 639 3648 712 Ῥοῦφος,

461 742 719 797 omnibus
752 740 917 794 rebus
946 737 1163 792 monuit
1192 753 1205 789 :
1251 733 1344 804 qui
1374 731 1717 788 conﬁdenter
1755 730 1918 796 nihil,
1948 728 2046 784 sed

461 848 527 888 ex
561 831 735 887 Fabiii
766 827 1014 886 consiliis
1055 826 1241 882 omnia
1283 823 1763 886 administrarunt,
1791 823 2046 892 quamvis

463 923 730 979 Geminus
787 937 903 975 rem
958 918 1100 974 bene
1153 923 1417 986 gesserat.
1475 913 1610 969 Nam
1661 928 1785 967 cum
1816 913 2046 967 classem

463 1010 997 1084 Carthaginiensium
1034 1009 1261 1062 tendere
1285 1007 1338 1060 in
1357 1004 1591 1070 italiam,
1615 1003 1711 1059 sed
1742 1003 1813 1058 ob
1842 1003 2050 1058 Roma-

465 1102 661 1162 norum
699 1101 1124 1158 instructionem
1158 1113 1270 1154 non
1307 1098 1584 1168 appellere
1618 1096 1869 1160 vidisset,
1901 1094 2050 1149 inter

466 1197 828 1268 navigandum
882 1193 1162 1250 Corsicam
1210 1204 1266 1249 et
1313 1191 1627 1248 Sardiniam
1670 1188 1958 1244 ﬁrmavit:
1997 1197 2054 1244 et

462 1304 729 1343 exseensu
780 1287 834 1341 in
865 1286 1049 1341 Africa
1099 1285 1264 1350 facto,
1302 1300 1370 1340 ex
1401 1300 1497 1339 ora
1538 1283 1812 1338 maritima
1845 1282 2054 1352 praedas

463 1380 590 1449 egit.
638 1377 769 1444 Quae
813 1395 936 1433 cum
980 1378 1219 1448 egisset,
1251 1395 1363 1432 non
1402 1386 1582 1432 tamen
1613 1377 1788 1430 elatus
1823 1374 1963 1441 fuit,
1995 1381 2055 1428 ut

466 1478 673 1525 temere
722 1470 1053 1524 Annibalem
1108 1470 1531 1540 aggrederetur:
1573 1467 1668 1523 sed
1715 1466 1865 1522 Fabii
1902 1482 2058 1521 man-

465 1561 610 1617 datis
641 1565 844 1632 paruit.
898 1562 1057 1618 Unde
1104 1564 1270 1618 urbes
1318 1577 1431 1617 non
1466 1569 1577 1615 tam
1614 1560 1775 1615 facile
1808 1569 1869 1614 ut
1904 1560 2058 1630 prius

2151 725 2507 796 μετεϐάλετο,
2533 725 2629 778 καὶ
2662 723 2725 778 τὸ
2764 725 3084 796 στράτευμά
3115 741 3175 778 τε
3219 725 3278 778 τὸ
3312 728 3588 799 περίλοιπον
3611 740 3652 802 ἐς

2149 819 2238 872 τὸν
2278 819 2479 872 Φάϐιον
2507 817 2672 881 εὐθὺς
2697 819 2895 888 ῆγαγε,
2925 818 3024 869 καὶ
3050 817 3148 886 τὴν
3187 818 3356 890 ἀρχὴν
3400 827 3655 894 παραδέδω-

2149 926 2270 975 κεν,
2312 908 2423 962 οὐδ’
2455 907 2709 977 ἀνέμεινε
2754 909 2846 961 τὸν
2882 907 3056 977 δῆμον
3099 908 3537 980 ἀναψηςρίσασθαι,
3571 920 3652 974 ἀλλ’

2149 999 2441 1070 ἐθελοντὴς
2468 1001 2567 1070 τὴν
2603 999 2923 1072 ἠγεμονίαν,
2956 1000 3023 1072 ῆν
3054 1000 3184 1072 παρ’
3204 1003 3362 1055 αὑτοῦ
3392 1005 3532 1074 μόνος
3559 1011 3659 1064 ίππ.

2153 1093 2339 1164 ἀρχων
2371 1093 2487 1164 (55)
2540 1093 2734 1147 ἐλαϐεν
2785 1093 3000 1162 ἀφῆκε·
3055 1093 3151 1146 καλ⁵
3204 1095 3362 1149 αὐτὸν
3415 1098 3498 1152 ἐπὶ
3527 1101 3660 1174 τούτῳ

2154 1185 2358 1248 πάντες
2377 1185 2543 1257 ἐπῄνε
2552 1201 2672 1239 σαν.
2697 1184 2808 1238 Καὶ
2827 1185 2854 1237 6
2874 1183 3071 1246 Φάϐιος
3087 1183 3308 1251 αὐτίκα,
3338 1187 3489 1256 μηδὲν
3505 1190 3661 1245 ἐνδοιά.

2155 1294 2278 1340 σας,
2313 1278 2496 1332 πᾶσαν
2547 1278 2788 1342 ἐδέξατο,
2837 1279 2933 1333 καὶ
2969 1279 2998 1332 6
3027 1277 3200 1348 δῆμος
3235 1277 3362 1331 αὐτὸ
3400 1279 3659 1348 ἀπεδέξατο.

2154 1369 2268 1423 Καὶ
2300 1369 2439 1440 μετὰ
2469 1368 2642 1422 ταῦτα
2669 1369 2835 1432 αὐτός
2865 1385 2925 1421 τε
2954 1367 3340 1438 ἀσφαλέστατα
3365 1370 3574 1440 προέστη
3592 1375 3660 1426 τιῦ

2156 1461 2572 1532 στρατεύματος
2592 1476 2607 1492 °
2635 1462 2731 1514 καὶ
2761 1459 2973 1532 μέλλων
2997 1459 3470 1529 ἀπαλλαγήσεσθαι
3492 1462 3572 1529 τῆς
3591 1465 3662 1534 ἁρ-

2155 1553 2282 1624 χῆς,
2320 1554 2446 1618 τοὺς
2476 1553 2718 1618 ὑπάτους
2762 1553 3176 1624 μετεπέμψατο,
3201 1552 3298 1605 καὶ
3323 1552 3381 1604 τὸ
3409 1553 3661 1624 στράτευμα

466 1657 530 1708 ad
556 1654 1038 1725 Carthaginienses
1061 1655 1405 1714 defecerunt.
1432 1662 1761 1719 metuentes,
1789 1667 1859 1706 ne
1882 1650 1946 1706 At

2181 1643 2313 1712 ιφίσι
2367 1643 2678 1716 παρέδωκε,
2724 1643 2821 1698 καὶ
2866 1642 3031 1698 πάνθ’
3073 1642 3175 1695 ὅσα
3207 1641 3498 1712 πραχθῆναι
3535 1645 3661 1714 ἐχρῆν

467 1742 591 1798 balc
621 1744 775 1799 Italia
805 1745 985 1814 pulso,
1035 1760 1066 1798 a
1097 1743 1364 1798 Romanis
1397 1742 1648 1796 finitimis
1677 1741 1821 1795 male
1851 1749 2054 1796 tracta-

466 1845 680 1891 rentur.
739 1839 816 1892 Ac
877 1837 1130 1907 plerique
1186 1836 1372 1890 futura
1439 1834 1889 1900 considerabant,
1953 1833 2050 1889 sed

473 1931 632 1999 pauci
663 1929 728 1983 ad
762 1929 1135 1984 Romanorum
1166 1927 1487 1984 societatem
1517 1925 1793 1988 redibant,
1828 1923 2052 1995 quidam

2159 1735 2471 1808 παρῄνεσεν
2524 1734 2910 1804 ἀφθονώτατα·
2967 1735 3216 1788 κάκεῖνοι
3267 1732 3492 1804 θρασέως
3531 1736 3659 1803 οὐδὲν,

2159 1829 2296 1884 ἀλλά
2335 1829 2477 1915 κατά
2503 1830 2605 1900 τὴν
2643 1830 2927 1901 ὑποθήκην
2955 1827 3049 1883 τοῦ
3074 1829 3276 1883 Φαϐίου
3307 1828 3504 1884 ᾶπαντα
3535 1830 3662 1902 lup:-

2159 1923 2279 1990 ξαν,
2314 1923 2518 1996 καίπερ
2550 1923 2580 1975 ὁ
2613 1923 2842 1993 Γεμῖνος
2889 1922 2986 1976 καὶ
3020 1921 3472 1994 προκατωρθώκιι
3515 1939 3574 1977 τι.
3611 1926 3662 1977 T‘o

468 2022 638 2076 etiam
668 2021 895 2075 dunaria
927 2023 1217 2075 miserunt.
1267 2019 1347 2074 Ex
1374 2017 1562 2072 multis
1589 2027 1774 2072 autem
1803 2016 1948 2072 llicrt

2181 2015 2268 2087 τὰρ
2299 2016 2556 2070 ναυτικὸν
2595 2016 2706 2070 τῶν
2745 2015 3139 2086 Καρχηδονίων
3185 2014 3307 2067 ἰδὼν
3345 2014 3564 2086 ὁρμῆσαν
3592 2019 3661 2086 μὲν

467 2113 818 2178 muneribus,
844 2113 1181 2167 frumentum
1201 2111 1466 2166 duntaxat
1485 2122 1541 2166 et
1566 2109 1811 2165 victoriae
1844 2110 1947 2180 sigr

2181 2110 2254 2162 ιπὶ
2285 2107 2386 2180 τὴν
2425 2106 2684 2183 Ἰταλίαν,
2708 2107 2796 2162 διὰ
2827 2107 2884 2160 δέ
2913 2107 3016 2178 τὴν
3046 2107 3508 2176 άντιπαρασκευὴν
3528 2108 3661 2160 αὐτῶν

468 2216 843 2273 acceperunt:
904 2219 1220 2274 quanquam
1260 2203 1398 2258 adeo
1446 2202 1700 2273 pecunia:
1754 2202 1947 2272 inopes

2181 2201 2240 2272 ιὴ
2272 2199 2584 2273 προσμίξαν
2615 2199 2775 2271 αὐτῇ,
2809 2187 3202 2263 ἐπεκπλεύσας
3236 2200 3304 2254 τά
3334 2216 3392 2251 τε
3435 2198 3529 2251 τῶν
3551 2199 3661 2268 Κυρ-

463 2307 784 2365 argenteum
821 2313 1111 2351 nummum
1140 2295 1298 2368 prius
1323 2295 1728 2367 impermistum
1751 2302 1806 2351 et
1829 2310 1937 2367 pur

2181 2292 2309 2356 νίων,
2341 2291 2440 2345 καὶ
2487 2291 2558 2345 τὰ
2587 2292 2696 2345 τῶν
2739 2289 3045 2363 Σαρδονίων
3089 2291 3152 2343 ἐν
3191 2289 3270 2361 τῷ
3302 2290 3543 2360 παράπλῳ
3576 2291 3661 2343 ἐδε-

463 2403 566 2440 aere
591 2387 825 2443 admisto
857 2388 1252 2444 adulterarent.

2181 2383 2461 2437 ἲαιῶσατο.
2493 2382 2601 2436 Καὶ
2631 2384 2686 2445 ἐς
2707 2380 2807 2454 τὴν
2837 2381 3047 2452 Λιϐύην
3090 2379 3571 2453 ἐκϐἀς,ἐλεηλάτησε
3595 2380 3661 2450 τὴν

465 2480 738 2550 παραλίαν
779 2483 969 2553 αὐτῆς.
1001 2482 1192 2536 Ταῦτα
1229 2481 1324 2553 μὲν
1343 2479 1600 2552 ἔπραξεν,
1635 2481 1697 2534 οὐ
1745 2479 1930 2551 μέντοι
1959 2478 2030 2532 δι’
2059 2475 2200 2532 αὺτά
2229 2475 2544 2548 ἐπεφύσητο
2564 2475 2706 2529 ὥστε
2733 2474 2868 2546 πρὸς
2891 2474 2984 2528 τὸν
3020 2472 3269 2528 Ἀννίϐαν
3290 2473 3661 2538 διακινδυνεῦσαι,

464 2575 600 2629 άλλά
646 2581 766 2641 ταῖς
842 2579 1086 2642 ἐντολαῖς
1133 2579 1229 2633 τοῦ
1260 2579 1462 2633 Φαϐίου
1499 2579 1798 2649 ἐνέμεινεν.
1827 2579 1992 2632 Ὅθεν
2017 2594 2122 2649 περ
2155 2576 2248 2631 καὶ
2279 2575 2336 2629 ai
2370 2574 2552 2640 πόλεις
2581 2573 2762 2628 οὐκέθ’
2785 2575 2987 2644 ὁμοίως
3021 2575 3137 2636 τοῖς
3170 2571 3529 2644 Καρχηδονίοις
3547 2587 3664 2640 προσ·

464 2655 722 2748 εςτίθεντο.
765 2670 1091 2740 Ἐςροϐοὖντο
1139 2670 1249 2742 γὰρ
1297 2670 1372 2743 μὴ
1397 2673 1427 2726 6
1466 2671 1713 2736 ’Δννίϐας
1736 2671 1838 2743 τῆς
1866 2670 2098 2734 Ἰταλίας
2133 2669 2365 2740 ἐκπέσῃ,
2397 2669 2494 2720 καὶ
2520 2666 2688 2721 κακόν
2730 2683 2784 2720 τι
2822 2665 2978 2720 αὐτοὶ
3005 2667 3114 2721 ὑπὸ
3149 2666 3423 2748 Ῥωμαίων
3439 2665 3520 2720 ἅτε
3544 2682 3663 2736 apes.

465 2746 626 2818 οίκων
665 2764 900 2820 πάθωσι.
943 2769 1054 2820 Καὶ
1107 2768 1156 2820 οί
1230 2766 1329 2838 μὲν
1379 2767 1595 2832 πλείους
1637 2767 1698 2820 τὸ
1739 2765 2155 2837 ἀποϐησόμενον
2209 2764 2500 2828 ἐσκόπουν,
2557 2760 2729 2827 ὀλίγοι
2786 2759 2844 2813 δέ
2907 2759 3043 2830 πρὸς
3089 2759 3222 2824 τοὺς
3268 2746 3542 2829 Ῥωμαίους
3558 2756 3664 2816 αὖθις

469 2857 830 2928 μετέστησαν,
900 2862 997 2914 καὶ
1059 2861 1389 2932 ἀναθήματά
1429 2877 1574 2925 τινες
1612 2861 1795 2926 αὐτοῖς
1837 2860 2115 2932 ἔπεμψαν.
2163 2859 2272 2912 Καὶ
2331 2856 2426 2911 τοῦ
2466 2857 2710 2928 Ἱέρωνος
2752 2855 2926 2909 πολλὰ
2985 2853 3358 2925 πεπομφότος,
3433 2856 3553 2906 σῖτον
3599 2852 3664 2905 καί

467 2953 622 3025 νίκης
676 2954 901 3026 ἀγαλμα
927 2956 977 3008 οἱ
1021 2955 1284 3026 Ῥωμαῖοι
1322 2957 1461 3027 μόνα
1518 2954 1742 3022 ἔλαϐον,
1775 2957 1981 3026 καίπερ
2011 2955 2070 3008 ἐν
2099 2949 2418 3024 ἀχρηματίᾳ
2449 2949 2624 3017 ὄντες,
2658 2950 2802 3003 ὥστε
2827 2947 2891 3003 ab
2915 2946 3198 3020 ἀργυροῦν
3231 2946 3477 3018 νόμισμα,
3518 2945 3663 3016 ἀμιγὲς

467 3051 560 3100 καὶ
635 3047 872 3120 καθαρὸν
946 3051 1232 3120 γινόμενον
1280 3049 1569 3122 πρότερον,
1613 3049 1804 3122 χαλκῷ
1831 3045 2158 3120 προσμίξαι.

1675 3203 1879 3267 Varias
1909 3202 2218 3267 lectiones
2263 3209 2324 3266 et
2353 3209 2540 3268 notm.

527 3293 654 3394 (55)
689 3324 888 3392 Μόνος
924 3327 1266 3399 ἱππάρχων.
1287 3328 1560 3401 Exeerpta
1585 3329 1777 3390 Dionis
1820 3330 2004 3389 Valesi

924 3327 1266 3399 ἱππάρχων.
1287 3328 1560 3401 Exeerpta
1585 3329 1777 3390 Dionis
1820 3330 2135 3397 Valesiana,
2167 3346 2224 3403 p.
2258 3329 2385 3386 597.

1644 3673 2041 3759 LIBER
2099 3669 2553 3762 NONUS.

546 3863 592 3920 Ι.
633 3862 758 3919 llaec
790 3871 904 3919 tum
937 3863 992 3918 in
1020 3863 1174 3921 Italia
1206 3873 1327 3922 acta
1352 3874 1503 3934 sunt,
1532 3879 1597 3921 ac
1627 3865 1818 3921 Romae
1847 3863 2026 3921 servili

2241 3865 2324 3920 A'.
2352 3862 2541 3919 Ταῦτα
2569 3863 2630 3917 ἐν
2660 3865 2727 3934 τῇ
2773 3862 2973 3935 Ἰταλίᾳ
2995 3862 3117 3918 τότε
3157 3863 3419 3936 ἐπράχθη.
3449 3861 3541 3916 Καί
3567 3878 3664 3922 τινες

476 3955 787 4026 conjuratio
819 3965 1034 4012 mature
1073 3972 1359 4028 Oppressa.
1395 3957 1728 4029 Explorator
1755 3956 1979 4028 quidam
2004 3955 2061 4011 in

475 4048 612 4102 urbe
666 4048 1083 4118 deprehensus,
1141 4051 1443 4120 amputatis
1491 4052 1747 4107 manibus
1801 4050 2062 4106 dimissus

469 4148 572 4199 est,
631 4148 690 4193 ut
743 4141 860 4210 ipse
893 4140 1446 4212 Carthaginiensibus
1477 4159 1590 4198 suae
1635 4143 1807 4198 cladis
1835 4143 2066 4198 nuntius

472 4240 638 4286 esset.
692 4231 752 4285 ln
784 4233 1042 4301 Hispania
1095 4232 1283 4303 Scipio
1329 4236 1510 4290 navali
1561 4236 1788 4305 praelio,
1817 4236 1887 4290 ad
1917 4235 2061 4291 lberi

472 4324 613 4377 ostia
640 4323 793 4377 vicit.
825 4323 960 4377 Nam
989 4340 1113 4378 cum
1141 4342 1322 4396 pugna
1347 4326 1619 4397 principio
1654 4342 1857 4398 anceps
1889 4336 2057 4395 esset,

473 4405 621 4468 velis'
642 4416 869 4467 navium
906 4413 1148 4481 refectis,
1184 4431 1318 4471 suos
1349 4417 1416 4472 ad
1445 4417 1758 4488 promptius
1784 4417 2060 4474 dimican-

479 4505 610 4559 dum
663 4504 943 4561 cohortari
984 4508 1202 4564 voluit:
1237 4525 1340 4565 nec
1368 4526 1527 4582 agros
1567 4512 1832 4570 duntaxat
1883 4521 2066 4568 vasta-

478 4597 581 4660 vit.
632 4597 730 4653 sed
766 4599 936 4654 etiam
971 4601 1142 4656 multa
1173 4601 1294 4657 loca
1329 4603 1538 4658 munita
1574 4603 1830 4675 subegit:
1869 4611 1928 4659 et
1965 4619 2064 4674 per

477 4688 703 4744 fratrem
761 4690 822 4744 P.
876 4691 1191 4762 Scipionem
1241 4694 1404 4748 urbes
1452 4692 1774 4764 Hispanit-as
1816 4695 2064 4750 Romano

480 4781 714 4850 imperio
761 4783 982 4854 adjecit.
1035 4785 1243 4839 Abelus
1289 4785 1436 4839 enim
1497 4785 1722 4856 quidam
1764 4785 2061 4856 Hispanus,

477 4888 600 4929 cum
625 4871 1173 4945 Carthaginiensibus
1198 4878 1339 4934 fidus
1360 4894 1482 4934 esse
1505 4877 1847 4943 crederetur,
1873 4892 2064 4932 revera

479 4965 747 5020 Romanis
777 4965 987 5028 favens.
1023 4971 1296 5038 persuasit
1322 4971 1371 5026 ei
1403 4969 1497 5040 qui
1525 4969 1753 5024 obsides
1787 4968 2062 5038 Hispano-

481 5074 605 5112 rum
641 5058 1011 5125 custodiebat,
1047 5070 1105 5116 ut
1138 5077 1232 5131 eos
1257 5063 1482 5118 domum
1511 5062 1667 5117 abire
1697 5061 1925 5128 sineret,
1954 5076 2063 5130 quo

481 5147 701 5202 facilius
733 5149 988 5205 civitates
1030 5150 1098 5205 ad
1143 5151 1586 5209 benevolentiam
1631 5153 2060 5208 adducerentur.

480 5237 630 5303 Quos
663 5253 810 5306 cum,
862 5251 920 5296 ut
966 5241 1114 5298 illius
1151 5241 1366 5300 c6nsilii
1420 5245 1584 5316 417
1615 5253 1832 5310 auctor,
1866 5243 2062 5316 legatis
2095 5221 2140 5277 θ

481 5329 634 5399 prius
666 5330 732 5384 ad
761 5332 1073 5402 Scipionem
1096 5335 1299 5402 missis,
1321 5343 1377 5391 et
1407 5335 1824 5390 communicatis
1846 5335 1914 5392 iis
1937 5351 2061 5406 quas

479 5421 720 5485 volebat,
753 5433 918 5478 noctu
949 5425 1274 5491 abduCeret,
1307 5437 1504 5498 captus
1549 5435 1635 5483 est
1660 5427 1908 5484 scilicet:
1950 5428 2062 5483 Ro-

483 5514 632 5566 mani
668 5514 736 5568 iis
763 5515 986 5570 domum
1037 5518 1298 5585 remissis,
1336 5521 1544 5589 patrias
1593 5535 1783 5575 eorum
1815 5521 1869 5574 in
1903 5518 2063 5574 dedi-

485 5605 692 5659 tionem
723 5619 1074 5678 acceperunt.
1109 5609 1238 5676 Qua:
1261 5627 1385 5667 cum
1417 5610 1654 5668 feliciter
1676 5613 2060 5678 succederent,

485 5693 542 5747 in
573 5708 694 5747 eam
723 5696 932 5752 cladem
977 5699 1313 5768 inciderunt,
1366 5716 1476 5772 qua
1511 5716 1613 5758 nec
1636 5711 1764 5758 ante
1805 5718 1909 5758 nec
1940 5711 2066 5774 post

483 5784 793 5854 graviorem
841 5799 1179 5848 senserunt:
1225 5807 1399 5864 eaque
1431 5794 1696 5865 prodigiis
1737 5795 2062 5866 praesignifiv

2165 3957 2346 4013 δοῦλοι
2377 3959 2722 4028 συνωμοσίαν
2755 3959 2849 4010 ἐπὶ
2877 3960 2942 4027 τῇ
2984 3956 3177 4028 Ῥώμῃ
3216 3955 3550 4026 πεποιηκότες
3567 3969 3661 4023 προ-

2163 4050 2609 4121 κατελήφθησαν.
2652 4049 3016 4114 Κατάσκοπός
3064 4051 3127 4102 τέ
3169 4066 3255 4112 τις
3305 4047 3456 4110 ἁλοὺς
3489 4047 3538 4100 ἐν
3567 4046 3663 4113 αὐτῇ

2163 4145 2263 4209 τὰς
2302 4146 2496 4216 χεῖρας
2525 4143 2812 4212 ἀπεκόπη,
2844 4143 2938 4196 καὶ
2973 4131 3202 4213 ἀεβείθη,
3244 4142 3329 4195 ἴνα
3369 4142 3473 4202 τοῖς
3499 4141 3664 4212 Καρχη-

2163 4235 2359 4300 δονίοις
2390 4235 2620 4306 γένηται
2645 4233 2740 4286 τοῦ
2790 4233 2998 4298 πάθους
3049 4233 3405 4302 αὐτάγγελος.
3453 4231 3529 4283 Ἐν
3561 4229 3604 4281 δέ
3621 4229 3663 4296 τῇ

2176 4326 2410 4398 Ἰϐηρίᾳ,
2458 4325 2738 4397 ναυμαχίᾳ
2787 4325 2924 4394 πρὸς
2977 4326 3044 4396 τῇ
3097 4323 3195 4379 τοῦ
3230 4323 3440 4394 Ἴϐηρος
3475 4319 3664 4388 ὲκϐολῇὸ

2163 4419 2404 4472 Σκιπίων
2461 4418 2738 4487 ἐνίκησεν.
2793 4415 3088 4479 ’ἰσοπαλῶς
3135 4415 3246 4487 γάρ
3296 4411 3661 4483 ἀγωνιζομένων,

2163 4513 2233 4567 τά
2295 4511 2441 4566 ίστία
2497 4511 2609 4564 τῶν
2667 4509 2808 4564 νεῶν
2841 4507 3169 4578 ὑπετέμετο,
3222 4509 3366 4571 ὅπως
3409 4503 3665 4573 ἀπογνόντες

2164 4605 2572 4677 προθυμότερον
2600 4600 3002 4669 ἀγωνίσωνται,
3037 4601 3134 4654 καὶ
3156 4601 3258 4670 τήν
3275 4616 3332 4652 τε
3359 4597 3524 4668 χώραν
3547 4595 3666 4661 ἐπόρ-

2165 4696 2320 4768 θησε,
2375 4694 2470 4750 καὶ
2514 4695 2670 4764 τείχη
2722 4693 2893 4762 συχνὰ
2947 4690 3317 4762 ἐχειρώσατο,
3353 4690 3440 4746 καὶ
3487 4686 3558 4741 διὰ
3600 4683 3664 4737 τοῦ

2166 4785 2400 4857 ἀδελφοῦ
2455 4784 2728 4838 Πουπλίου
2782 4781 3090 4846 Σκιπίωνος
3145 4781 3330 4845 πόλεις
3369 4780 3467 4834 τῶν
3499 4777 3664 4846 Ἰϐήρων

2167 4879 2610 4948 προσεκτήσατο.
2658 4874 2887 4937 Ἀϐελος
2948 4874 3058 4946 γάρ
3108 4891 3194 4938 τις
3235 4874 3388 4945 Ἴϐηρ
3427 4870 3573 4925 δοκῶν
3599 4864 3664 4934 μὲν

2162 4968 2272 5029 τοῖς
2300 4965 2698 5036 Καρχηδονίοις
2734 4963 2944 5031 πιστὸς,
2979 4963 3050 5017 τὰ
3086 4964 3197 5018 τῶν
3240 4964 3504 5034 Ῥωμαίων
3537 4958 3581 5011 δὲ
3604 4956 3664 5007 θε-

2165 5055 2446 5128 ραπεύων,
2471 5057 2730 5110 ἀνέπεισε
2778 5059 2872 5110 τὸν
2920 5058 3268 5130 φρουροῦντα
3291 5057 3412 5120 τοὺς
3442 5054 3533 5108 τῶν
3569 5049 3662 5114 Ἰϐή-

2173 5166 2280 5221 ρων
2306 5148 2573 5220 6μήρους,
2605 5149 2789 5202 οἴκαδε
2833 5150 3034 5214 αὐτοὺς
3081 5149 3420 5220 ἀποπέμψαι,
3451 5144 3510 5200 ἶν’
3533 5146 3577 5206 ἐς
3601 5137 3662 5192 εὖ·

2169 5259 2322 5296 νοιαν
2373 5243 2516 5313 τάχα
2571 5243 2666 5295 ὑπ’
2708 5241 2890 5295 αὐτῶν
2941 5244 2998 5295 ai
3032 5241 3217 5306 πόλεις
3273 5237 3558 5310 ὑπαχθῶσι·
3600 5230 3661 5283 καὶ

2171 5331 2505 5406 παραλαϐὼν
2540 5334 2681 5408 σφᾶς
2724 5332 2822 5386 ἆτε
2867 5332 2963 5386 καὶ
3005 5333 3104 5404 τῆς
3147 5331 3389 5394 ἐπινοίας
3433 5322 3661 5394 slsum-ti};

2168 5422 2432 5493 γεγονὼς,
2461 5423 2600 5494 πρὸς
2615 5423 2743 5486 τοὺς
2774 5423 3086 5487 Σκιπίωνας
3105 5422 3165 5476 τὺ
3198 5422 3453 5493 πρότερον
3481 5413 3656 5485 πέμψας.

2169 5519 2264 5567 καὶ
2305 5514 2840 5586 κοινολογησάμενος
2895 5516 3025 5587 περὶ
3051 5509 3126 5569 ὧν
3180 5515 3355 5585 ἠξίου,
3387 5507 3493 5565 εἶτα
3523 5501 3657 5562 νυκτὸς

2169 5608 2561 5679 ὑπεκκομίζων
2595 5609 2816 5676 αὐτοὺς,
2843 5610 2988 5664 ἑάλω
3034 5609 3192 5682 δῆθεν
3216 5627 3231 5641 ·
3262 5610 3350 5663 καὶ
3382 5604 3532 5666 οὕτως
3553 5593 3655 5651 his"

2171 5718 2278 5756 νων
2330 5718 2391 5754 τε
2445 5702 2738 5774 ἐγκρατεῖς
2788 5703 3040 5772 ἐγένοντο
3089 5704 3136 5757 οί
3171 5701 3440 5772 Ῥωμαῖοι,
3472 5694 3549 5749 καὶ
3589 5686 3654 5744 τὰς

2175 5793 2438 5865 πατρίδας
2494 5795 2677 5850 αὐτῶν
2731 5795 3210 5866 ἀνακομισθέντων
3245 5791 3418 5848 οἴκαδε
3454 5776 3653 5843 κατεκτή·
