3896 6546
156 471 254 532 713

1370 468 1774 530 ANNALIUM
1817 470 1963 528 LIB.
2019 470 2119 528 lX.

3282 472 3387 534 7M

157 603 331 640 σαντο.
367 586 460 638 Ἑν
501 585 593 654 μὲν
625 581 717 638 οὖν
751 585 960 647 τούτοις
986 586 1266 655 εὐτύχουν,
1302 586 1559 656 συμφορᾷ
1576 584 1618 636 δ’
1647 581 1711 636 αὖ

1834 595 1938 638 rata
1973 594 2076 648 est,
2132 592 2188 639 et
2222 581 2505 654 Sibyllinis
2554 584 2790 639 oraculis
2837 593 2918 639 tot
2967 597 3093 641 ante.
3140 587 3395 644 :rtatibus

156 677 374 746 :sptéta
387 694 478 728 σον
506 671 565 744 ἧς
597 675 720 728 οὔτε
766 675 1003 746 πρόσθεν
1030 675 1148 728 οὔθ’
1187 675 1411 744 ὕστερον
1439 674 1715 743 δεινοτέρᾳ

152 769 266 822 οὐδὲ
300 769 423 837 μιᾷ.
470 769 826 838 Προηγήσατο
861 767 916 819 δὲ
956 767 1158 837 ταύτης
1199 768 1292 819 καί
1341 783 1464 818 τινα
1515 767 1718 836 τέρατα

154 861 238 913 καὶ
270 860 337 912 τὰ
371 859 476 928 τῆς
505 858 764 927 Σιϐύλλης
806 858 985 926 λόγια,
1009 859 1130 925 ἣτις
1153 857 1258 928 πρὸ
1289 856 1556 909 τοσούτων
1581 857 1718 908 ἐτῶν

156 950 242 1015 τὴν
291 947 580 1014 συμφορὰν
631 949 817 1010 αὐτοῖς
857 947 1252 1017 ἐμαντεύσατο.
1291 945 1618 1014 Θαυμαστὸν
1659 944 1716 996 δέ

154 1043 237 1093 καὶ
266 1040 325 1092 τὸ
361 1039 460 1092 τοῦ
494 1041 722 1110 Μάρκου
751 1041 1150 1108 προμάντευμα
1170 1057 1181 1068 ·
1209 1038 1589 1111 χρησμολόγος
1612 1038 1719 1106 γάρ

152 1151 225 1195 τις
277 1133 373 1185 καὶ
426 1127 581 1196 οὗτος
629 1134 922 1204 γενόμενος
974 1133 1031 1185 ἐν
1070 1132 1146 1204 τῷ
1209 1129 1513 1202 Διομηδείῳ
1551 1130 1721 1199 πεδίῳ

155 1222 394 1276 πταίσειν
425 1224 625 1288 αὐτοὺς
676 1224 772 1276 ἅτε
827 1226 921 1277 καὶ
973 1223 1169 1294 Τρῶας
1197 1223 1259 1276 τὸ
1301 1224 1530 1292 ἀρχαῖον
1559 1221 1720 1283 ὄντας

154 1317 423 1384 ἐφοίῖασε,
485 1316 658 1370 Τοῦτο
703 1315 750 1370 δ’
788 1319 844 1369 ἐν
881 1316 1142 1386 Ἀπουλίᾳ
1178 1317 1244 1385 τῇ
1297 1314 1542 1367 Δαυνίων
1579 1312 1720 1378 ἐστὶ,

154 1411 236 1462 καὶ
263 1411 321 1461 τὸ
354 1409 532 1479 ὄνομα
560 1411 666 1463 άπὸ
703 1411 803 1480 τῆς
838 1410 932 1462 τοῦ
986 1408 1285 1480 Διομήδους
1323 1407 1718 1477 κατοικήσεως,

156 1504 214 1571 ἣν
246 1505 362 1555 ἐκεῖ
393 1503 705 1572 ἀλητεύσας
729 1504 1044 1573 ἐποιήσατο,
1089 1501 1341 1572 ἔσχηκεν.
1388 1501 1476 1554 Ἐν
1509 1499 1618 1570 γὰρ
1645 1498 1723 1568 τῷ

153 1593 305 1663 πεδίῳ
335 1592 535 1663 ἐκείνῳ
565 1594 658 1646 καὶ
680 1594 736 1646 αι
756 1593 988 1656 Κάνναι,
1012 1591 1139 1645 ἔνθα
1167 1592 1289 1645 τότε
1325 1589 1719 1660 ἐδυστύχησαν,

154 1688 292 1756 παρά
314 1705 371 1740 τε
398 1687 480 1758 τῷ
533 1688 704 1758 Ἰονίῳ
737 1687 947 1757 κόλπῳ,
989 1689 1090 1741 καὶ
1138 1687 1267 1758 περὶ
1289 1686 1387 1750 τὰς
1423 1684 1518 1738 τοῦ
1548 1685 1722 1753 Αὐφι-

151 1777 252 1830 δίου
275 1778 513 1840 ἐκϐολάς
551 1781 714 1832 εἰσιν.
759 1777 821 1830 Ἦ
853 1777 910 1830 δέ
957 1777 1192 1831 Σιϐύλλα
1226 1774 1594 1844 φυλάττεσθαι
1627 1776 1725 1845 μὶν

155 1871 205 1920 τὸ
268 1869 472 1940 χωρίον
545 1868 876 1940 παρῄνεσεν,
931 1870 992 1922 οὐ
1033 1870 1218 1938 μέντοι
1286 1868 1381 1922 καὶ
1436 1867 1620 1921 πλεῖόν
1673 1883 1726 1919 τι

1820 675 2102 743 pnedicta.
2138 675 2406 731 Mirabilis
2442 676 2549 731 fuit
2595 685 2652 730 et
2710 677 2874 732 Marci
2928 679 3069 733 vatis
3099 677 3392 741 divinatio,

1818 767 1912 834 qui
1945 782 2060 828 eos.
2093 768 2296 837 quippe
2328 783 2356 820 a
2387 768 2562 836 prima
2597 769 2767 838 inrpe
2802 770 3086 838 Trojanos,
3120 773 3171 824 in
3204 786 3398 842 campo

1823 857 2132 912 Diomedzeo
2178 860 2388 914 cladem
2441 870 2765 931 accepturos
2793 863 3066 932 praadixit.
3097 863 3149 917 ls
3183 878 3313 917 vero
3345 866 3396 916 in

1820 948 2014 1018 Apulia
2047 949 2382 1004 Dauniorun'i
2418 959 2522 1018 est,
2557 967 2756 1006 nomen
2789 953 2859 1006 ab
2895 953 3237 1010 habitatione
3275 954 3402 1008 Dio-

1823 1041 1997 1095 medis
2044 1045 2291 1103 sortitus.
2346 1058 2470 1098 cum
2526 1045 2636 1099 illic
2687 1045 2989 1100 oberraret.
3049 1045 3108 1100 In
3148 1061 3216 1102 eo
3251 1048 3399 1102 enim

1823 1148 2021 1202 campo
2051 1133 2254 1187 Canna:
2287 1142 2434 1200 sunt,
2472 1134 2564 1188 ubi
2603 1135 2727 1189 czcsi
2756 1135 3002 1202 fuerunt,
3034 1136 3188 1207 juxta
3217 1137 3398 1192 sinum

1827 1222 2064 1286 lenium,
2105 1230 2161 1275 et
2192 1221 2372 1276 Aufidi
2413 1223 2575 1276 ostia.
2641 1222 2847 1295 Sibylla
2887 1233 3071 1280 autem
3102 1226 3402 1280 monuitut

1822 1330 1947 1368 eum
1984 1313 2164 1368 locum
2195 1323 2473 1381 caverent,
2518 1333 2696 1386 neque
2731 1327 2907 1372 tamen
2939 1318 3239 1388 quidquam
3272 1334 3404 1374 cau-

1827 1408 1976 1462 tione
2028 1407 2115 1463 vel
2157 1407 2574 1478 diligentissima
2644 1411 2994 1480 profecturos
3045 1413 3266 1484 adjecit.
3325 1416 3402 1468 Ac

1826 1500 1952 1554 talia
1985 1501 2210 1555 fuerunt
2240 1500 2461 1554 oracula
2494 1518 2506 1553 :
2554 1517 2640 1554 res
2666 1512 2849 1556 autem
2886 1504 2959 1557 ita
2985 1515 3136 1574 gesta
3161 1514 3266 1560 est.
3304 1506 3405 1559 [υς

1825 1588 2083 1658 gionibus
2135 1599 2408 1660 prmerant
2451 1591 2652 1646 Paulus
2698 1591 2956 1648 Ailmilius
3001 1606 3056 1649 et
3111 1595 3404 1650 Terentius

1831 1683 2020 1746 Varro,
2053 1683 2156 1736 viri
2192 1681 2559 1737 dissimilibus
2587 1683 2842 1754 ingeniis.
2895 1686 3029 1740 Nam
3063 1687 3202 1740 alter
3234 1687 3404 1756 patri-
3485 1675 3488 1678 ’

1827 1777 1946 1830 eius
1971 1783 2113 1838 erat,
2144 1774 2393 1830 doctrina
2419 1785 2668 1841 ornatus,
2694 1788 2946 1848 tutasque
2978 1781 3219 1834 rationes
3239 1782 3408 1835 auda-

1829 1869 1926 1920 cia:
1975 1866 2352 1936 prmponebat.
2407 1865 2701 1922 Terentius
2759 1884 2890 1923 vero
2958 1869 3102 1923 inter
3163 1869 3408 1940 plebeios

154 1963 476 2032 γενήσεσθαι
523 1963 651 2033 ἔφη,
678 1962 789 2016 οὐδ’
817 1965 866 2016 εί
889 1962 979 2016 δια
1010 1964 1192 2032 πάσης
1233 1961 1368 2016 αὐτὸ
1400 1963 1724 2030 ποιήσαιντο

1834 1960 2118 2025 educatus,
2140 1967 2196 2013 ct
2223 1959 2554 2028 importuna:
2577 1960 2818 2016 audaciae
2841 1972 3114 2025 assuetus,
3143 1973 3255 2018 tum
3283 1965 3408 2019 aliis

155 2055 415 2125 φυλακῆς.
440 2055 683 2108 Τοιαῦτα
710 2055 808 2124 μὲν
835 2052 927 2107 οῦν
947 2049 1088 2124 ἦσαν
1110 2055 1178 2106 τὰ
1199 2052 1723 2123 χρησμοδοτήματα,

154 2149 212 2200 τὰ
262 2149 318 2202 δὲ
381 2151 503 2213 τοῖς
563 2148 856 2218 Ῥωμαίοις
913 2146 1202 2217 συμϐάντα
1249 2144 1421 2205 οὕτως
1486 2143 1722 2214 ἐγένετο.

156 2237 345 2312 Ἦρχον
379 2241 488 2310 μὲν
545 2241 758 2304 Παῦλος
791 2239 1043 2310 Αἰμίλιος
1083 2238 1179 2292 καὶ
1217 2238 1510 2307 Τερέντιος
1540 2240 1724 2311 Οὐάρ-

158 2335 270 2398 ρων,
301 2333 506 2404 ἄνδρες
527 2333 628 2402 οὐχ
650 2331 1020 2402 δμοιότροποι.
1061 2329 1119 2384 Ὀ
1146 2329 1245 2401 μέν
1261 2330 1369 2399 γὰρ
1392 2329 1728 2403 εὐπατρίδης

158 2422 316 2496 ἦνκαὶ
342 2425 574 2497 παιδεία
608 2425 921 2494 κεκόσμητο
957 2424 1051 2477 καὶ
1088 2422 1149 2475 τὸ
1184 2421 1427 2492 ἀσφαλὲς
1453 2421 1728 2491 προετίμα

159 2518 238 2570 τοῦ
259 2517 574 2590 προπετοῦς
603 2535 617 2548 ο
654 2518 938 2589 Τερέντιος
957 2515 1012 2568 δὲ
1041 2517 1098 2568 ἐν
1121 2513 1196 2586 τῷ
1219 2513 1391 2586 ὁμίλῳ
1429 2511 1728 2582 ἐτέθραπτο

161 2612 238 2662 καὶ
267 2613 319 2664 ἐν
350 2611 668 2680 βαναυσικῇ
702 2608 1002 2682 θρασύτητι
1041 2608 1274 2679 ἠσκητο,
1315 2603 1412 2658 καὶ
1443 2604 1613 2658 τᾶλλα
1668 2621 1728 2657 τε

162 2703 444 2774 ἐξεφρόνει,
491 2704 587 2756 καὶ
615 2703 714 2773 τὴν
739 2700 1038 2772 ἡγεμονίαν
1067 2699 1228 2769 μόνος
1260 2697 1404 2768 ἔχειν
1433 2697 1623 2766 ἠγεῖτο
1643 2696 1731 2748 διὰ

166 2797 247 2866 τὴν
275 2795 364 2848 τοῦ
407 2795 784 2867 συνάρχοντος
825 2792 1153 2846 ἐπιείκειαν.
1184 2786 1388 2843 ’Πλθον
1427 2784 1522 2841 οὖν
1562 2787 1731 2858 ἄμφω

170 2889 234 2948 είς
264 2888 319 2939 τι
363 2886 742 2960 στρατόπεδον
785 2883 1170 2954 εὐκαιρότατα.
1221 2880 1360 2934 υῦτε
1409 2879 1518 2949 γὰρ
1552 2879 1731 2950 τροφὴ

171 2977 237 3028 ἑτι
279 2971 341 3046 ἦν
381 2977 460 3048 τῷ
487 3008 504 3016 —
532 2974 774 3048 Ἀννίϐᾳ,
807 2979 901 3028 καὶ
941 2974 1008 3026 τά
1041 2973 1150 3026 τῶν
1185 2971 1412 3043 Ἰϐήρων
1449 2971 1731 3041 κεκίνητο,

169 3071 224 3120 τά
249 3087 300 3122 τε
327 3070 434 3124 τῶν
467 3069 784 3139 συμμάχων
832 3065 997 3121 αὐτοῦ
1037 3063 1385 3136 ὴλλοτμοῦτο
1411 3076 1422 3088 ·
1472 3061 1567 3114 καὶ
1597 3061 1650 3113 εῐ
1668 3077 1732 3128 γε

173 3162 250 3213 καὶ
274 3163 330 3215 τ),
371 3161 721 3234 βραχύτατον
750 3161 1149 3230 ἐπεσχήκεσαν,
1179 3157 1394 3219 ἀπόνως
1416 3155 1732 3226 ἐκράτησαν

174 3253 242 3306 ἂν.
273 3254 380 3306 Νῦν
401 3255 458 3308 δέ
501 3271 566 3322 γε
615 3252 708 3306 τοῦ
756 3250 1048 3323 Τερεντίου
1082 3249 1143 3302 τὸ
1181 3247 1515 3320 ἀπερίοπτον
1535 3247 1631 3300 καὶ
1674 3246 1731 3297 τὸ

176 3345 250 3396 τοῦ
277 3347 485 3400 Παύλου
512 3310 771 3408 ’ἐπιεικὲς
802 3310 1040 3415 ἥττησεν
1082 3310 1307 3404 αὐτούςί
1353 3340 1414 3392 Ὀ
1454 3339 1563 3410 γὰρ
1608 3339 1728 3391 ’Δν-
1755 3310 1801 3374 c

179 3435 304 3498 ν.ϐας
364 3436 701 3507 ἐπεχείρησε
742 3435 843 3504 μὲν
878 3438 971 3487 καὶ
1009 3431 1360 3504 παραχρῆμα
1384 3429 1520 3500 πρὸς
1547 3428 1728 3498 μάχην

180 3526 341 3590 αὐτοῦς
380 3526 802 3596 ὑπαγαγέσθαι,
844 3526 940 3579 καὶ
967 3525 1066 3578 σὺν
1103 3524 1308 3592 ὀλίγοις
1334 3519 1730 3590 προσπελάσας

182 3619 329 3672 αὐτῶν
378 3621 457 3690 τῷ
513 3620 771 3692 ἐρύματι,
825 3619 950 3672 ἐπεὶ
999 3617 1242 3688 ἐκδρομὴ
1294 3615 1538 3683 ἐγένετο,
1590 3613 1731 3666 ἐκὼν

183 3713 538 3788 ὑπεχώρησεν,
572 3716 716 3778 ὅπως
758 3715 989 3768 δεδιέναι
1017 3711 1317 3782 νομισθεὶς,
1362 3710 1731 3762 ἐπ;σπάσαιτο

187 3807 353 3873 μᾶλλον
379 3811 586 3872 αὐτοὺς
644 3810 724 3870 εἰς
777 3806 1105 3879 παράταξιν.
1139 3804 1245 3856 Τοῦ
1286 3803 1345 3854 δέ
1377 3800 1589 3854 Παύλου
1619 3803 1732 3862 τοῖς

186 3897 371 3964 οἰκείοις
400 3901 777 3973 στρατιώταις
819 3897 1135 3966 ἐπισχόντος
1177 3894 1275 3965 τὴν
1304 3891 1508 3956 δίωξιν,
1538 3893 1566 3943 ό
1613 3891 1733 3941 Ἀνο

190 3989 310 4053 νίδις
367 3992 817 4064 προσεποιήσατο
862 3987 1174 4060 φοϐεῖσθαι·
1235 3987 1329 4040 καὶ
1395 3985 1494 4054 τῆς
1541 3983 1733 4039 νυκτὸ;

193 4083 676 4153 ανασκευασὰμενος
710 4080 784 4145 ώς
813 4078 1014 4143 ἀπιὼν,
1043 4075 1212 4146 σκεύη
1245 4093 1305 4128 τε
1339 4073 1508 4145 συχνὰ
1525 4071 1738 4126 κατέλι-

200 4181 277 4216 τεν
309 4169 362 4220 ἐν
387 4169 465 4239 τῷ
524 4172 912 4242 χαρακώματι,
944 4172 1038 4224 καὶ
1068 4169 1134 4222 τὰ
1177 4167 1339 4221 λοιπὰ
1371 4165 1736 4236 ἀμελέστερον

197 4258 483 4326 κομίζεσθαι
513 4261 840 4328 ἐνετείλατο,
878 4260 967 4316 ἵνα
988 4260 1095 4313 τῶν
1135 4258 1424 4329 Ῥωμαίων
1447 4255 1534 4326 ἐφ’
1555 4256 1736 4326 ἁρπα-

200 4349 277 4416 γὴν
311 4351 491 4406 αὐτῶν
543 4350 908 4421 τραπομένων
965 4350 1225 4422 ἐπίθηται
1269 4347 1443 4418 σφίσι.
1493 4347 1604 4400 Καὶ
1657 4347 1737 4409 εἰς

201 4438 329 4507 ἱργον
354 4445 416 4497 ἂν
443 4443 514 4497 τὸ
565 4441 840 4512 βούλευμα
871 4442 1100 4512 ἢγαγεν,
1140 4445 1187 4494 εἰ
1239 4441 1315 4512 μὴ
1341 4443 1369 4494 ὁ
1397 4439 1608 4501 Παῦλος
1641 4437 1737 4491 καὶ

200 4529 392 4599 ἄκοντας
443 4538 786 4604 κατεσχήκει
838 4538 965 4596 τοῦς
1023 4531 1362 4605 στρατιώτας
1398 4530 1610 4583 καὶτὸν
1639 4529 1739 4582 Τε-

1830 2055 1894 2107 de
1921 2051 2086 2106 rebus
2113 2067 2402 2121 perperam
2436 2053 2733 2118 sentiebat,
2769 2064 2881 2108 tum
2909 2071 2968 2109 se
2994 2058 3170 2110 solum
3202 2057 3408 2112 habcre

1831 2147 2121 2215 imperium
2170 2144 2241 2198 ob
2287 2145 2510 2214 collega:
2568 2146 3004 2201 moderationem
3055 2150 3406 2218 opinabatur.

1827 2237 2004 2292 Ambo
2031 2247 2220 2292 autem
2252 2254 2515 2308 perquam
2565 2239 2616 2292 in
2655 2247 2902 2309 tempore
2947 2241 3000 2294 in
3033 2253 3211 2295 castra
3240 2258 3406 2296 vene-

1831 2337 1980 2383 runt.
2031 2329 2222 2399 Neque
2273 2330 2423 2384 enim
2477 2339 2844 2386 commeatum
2887 2332 3126 2387 habebat
3149 2333 3410 2394 Annibal.

1827 2432 1886 2478 et
1921 2438 2008 2477 res
2035 2420 2342 2492 Hispanicae
2371 2422 2604 2478 turbam
2632 2433 2814 2487 erant,
2840 2433 2897 2479 et
2919 2423 3052 2481 socii
3085 2426 3153 2480 ab
3177 2441 3246 2480 eo
3274 2427 3410 2481 alie-

1832 2513 2128 2568 rabantur.
2157 2513 2314 2579 Quod
2347 2513 2390 2567 si
2425 2515 2787 2583 perpusillum
2817 2518 3010 2569 morati
3047 2529 3252 2580 essent,
3272 2518 3408 2572 citra

1832 2607 2074 2662 laborem
2100 2607 2384 2661 vicissent.
2408 2605 2566 2661 Nunc
2593 2605 2837 2662 Terentii
2867 2607 3148 2662 temeritas
3177 2618 3227 2664 et
3257 2609 3410 2664 Pauli

1833 2699 2141 2754 moderatio
2185 2713 2364 2754 causae
2397 2697 2569 2753 cladis
2595 2699 2946 2754 exstiterunt.
2990 2699 3127 2755 Nam
3174 2699 3411 2757 Annibal

1830 2793 2014 2847 statim
2046 2807 2143 2846 cos
2172 2790 2239 2844 ad
2277 2805 2518 2861 pugnam
2549 2789 2752 2846 elicere
2775 2791 3026 2857 studens,
3059 2808 3185 2848 cum
3225 2795 3413 2863 paucis

1832 2885 2197 2941 munitionem
2225 2900 2518 2956 aggressus
2564 2895 2648 2939 cst
2689 2900 2703 2938 :
2760 2884 3016 2956 factaque
3061 2889 3412 2951 euut-sione,

1832 2989 2030 3050 sponte
2058 2980 2310 3042 recessit,
2349 2986 2407 3030 ut
2446 2979 2641 3031 timore
2690 2978 2950 3032 simulato
2982 2978 3198 3034 facilius
3235 2995 3332 3034 cos
3357 2981 3411 3034 in

1834 3072 2078 3141 praelium
2124 3071 2448 3126 attraheret.
2499 3068 2746 3139 Cumque
2795 3069 3001 3124 Paulus
3047 3086 3179 3126 suos
3211 3071 3416 3126 milites

1833 3167 1902 3220 ab
1935 3166 2094 3220 hoste
2118 3162 2501 3234 persequendo
2532 3172 2868 3225 revocasset,
2906 3163 3102 3217 timore
3131 3161 3414 3221 simulato.

1834 3258 1980 3313 vasis
2030 3266 2196 3311 noctu
2245 3255 2512 3312 collectis.
2551 3263 2806 3323 tanquam
2855 3255 3128 3319 abiturus,
3160 3257 3330 3309 multa
3357 3257 3412 3310 in

1834 3348 1977 3402 vallo
2009 3347 2252 3417 reliquit,
2285 3355 2595 3414 caatcraque
2643 3346 3010 3415 negligentius
3061 3349 3266 3414 portari
3292 3349 3414 3416 jus-

1834 3441 1928 3506 sit,
1953 3448 2014 3495 ut
2037 3439 2316 3493 Romanos
2340 3437 2394 3491 in
2427 3437 2676 3506 rapinam
2705 3437 2948 3492 intentos
2981 3438 3412 3508 aggrederetur:

1833 3549 1898 3588 ac
1924 3531 1978 3586 id
2012 3533 2238 3585 omnino
2267 3527 2582 3588 accidisset.
2619 3528 2724 3583 nisi
2761 3526 2962 3582 Paulus
2982 3527 3182 3582 milites
3213 3537 3269 3582 et
3313 3527 3416 3584 Tc—

1836 3623 2075 3680 rentium
2099 3621 2185 3676 vel
2215 3620 2418 3675 invitos
2441 3618 2805 3674 cohibuisset.
2831 3618 3090 3687 Annibal,
3112 3619 3277 3674 etiam
3311 3619 3416 3674 hoc

1835 3715 2066 3770 consilio
2091 3712 2411 3777 frustratus,
2445 3720 2608 3766 noctu
2635 3711 2703 3765 ad
2740 3711 2958 3765 Cannas
2988 3710 3181 3765 venit:
3224 3712 3418 3782 cogni-

1838 3818 2003 3878 toque
2037 3807 2142 3861 loci
2190 3806 2320 3870 situ,
2355 3813 2413 3859 et
2459 3803 2526 3858 ad
2558 3802 2830 3874 parandas
2853 3802 3021 3874 418
3065 3802 3316 3869 insidias,
3361 3814 3418 3858 et

1836 3901 1902 3954 ad
1940 3899 2187 3969 praelium
2214 3894 2674 3952 committendum
2725 3894 2949 3957 idoneo,
2987 3903 3165 3949 castra
3198 3895 3273 3948 ibi
3313 3909 3414 3964 po-

1837 3992 1970 4056 suit,
2006 4005 2069 4046 ac
2114 4004 2332 4044 omnem
2379 4003 2506 4042 eum
2556 4002 2750 4057 agrum
2785 3985 3186 4040 subarenosum
3230 3995 3416 4040 aratro

1840 4081 2128 4154 proscidit,
2158 4090 2215 4134 ut
2257 4080 2308 4133 in
2342 4093 2518 4150 pugna
2543 4077 2724 4147 pulvis
2752 4078 3079 4132 tolleretur:
3122 4074 3177 4129 id
3205 4075 3416 4129 maelii.

1841 4184 2022 4238 natus,
2057 4182 2118 4226 ut
2146 4179 2368 4224 ventum
2409 4167 2502 4237 qui
2535 4166 2612 4221 ibi
2643 4165 2746 4220 sub
2787 4164 3074 4219 meridiem
3113 4162 3247 4217 ﬂare
3283 4177 3418 4216 con-

1841 4265 2022 4320 suevit
2068 4279 2098 4316 a
2141 4274 2295 4333 tergo
2342 4260 2592 4314 baberet.
2663 4257 2822 4314 Coss.
2879 4272 3005 4312 cum
3051 4271 3209 4310 mane
3240 4263 3422 4311 castra

1841 4354 1976 4409 viris
2020 4366 2193 4407 vacua
2239 4349 2544 4416 vidissent,
2603 4349 2843 4419 primum
2898 4361 2957 4402 se
3011 4356 3418 4417 represserunt,

1842 4446 2071 4502 insidias
2097 4443 2280 4500 veriti.
2308 4443 2583 4498 Postridie
2611 4443 2678 4497 ad
2710 4441 2928 4496 Cannas
2952 4449 3243 4507 venerunt,
3267 4440 3422 4510 juxta

1841 4539 2048 4594 ﬂumen
2075 4551 2307 4608 uterque
2332 4536 2563 4592 seorsim
2612 4542 3056 4590 castrametatus.
3086 4531 3168 4588 Ob
3202 4547 3420 4586 morum

205 4622 397 4690 ρέντιον.
438 4629 503 4683 Ὀ
541 4627 636 4680 οὖν
691 4627 966 4693 Ἀννίϐας,
1021 4627 1117 4678 καὶ
1162 4624 1356 4678 τούτου
1391 4621 1730 4694 διαμαρτὼν,

1841 4632 1992 4686 enim
2044 4630 2416 4685 diversitatem
2469 4629 2611 4682 alter
2659 4627 2888 4681 alterius
2956 4624 3421 4680 consuetudinem

203 4719 356 4780 νυκτὸς
415 4718 558 4789 πρὸς
609 4717 706 4780 τάς
767 4719 985 4780 Κάννας
1041 4717 1289 4786 ἀφίκετο.
1341 4717 1642 4783 Καὶ-γνοὺς
1676 4716 1738 4768 τὸ

202 4807 361 4874 χωρίον
384 4815 477 4864 καὶ
505 4811 642 4879 πρὸς
666 4809 910 4880 ἐνέδρας,
954 4809 1048 4862 καὶ
1106 4809 1244 4878 πρὸς
1282 4806 1591 4876 παράταξιν
1619 4808 1738 4858 tm-

205 4896 392 4967 τῂδιιον,
454 4903 998 4974 ἐστρατοπεδεύσατο
1053 4903 1151 4957 καὶ
1205 4902 1484 4972 προήροσε
1549 4899 1739 4952 ,πάντα

205 4985 273 5040 τὸν
325 4994 480 5052 τόπον
533 4996 868 5067 ὑπόψαμμον
915 4996 1066 5063 ὂντα,
1113 4997 1199 5049 ’ίνα
1251 4994 1531 5066 κονιορτὸς
1570 4995 1628 5047 ἐν
1669 4995 1737 5066 τῇ

210 5082 328 5157 μάχῃ
354 5089 514 5162 ἀρθῇ.
546 5089 650 5140 Τὸν
689 5089 798 5160 γὰρ
830 5089 1034 5160 ἄνεμον
1055 5089 1113 5152 ὃς
1137 5092 1196 5142 ἐν
1230 5089 1380 5162 θέρει
1406 5091 1588 5143 ἐκεῖσε
1612 5089 1741 5158 περὶ

210 5175 283 5246 τὴν
303 5181 643 5254 μεσημϐρίαν
691 5181 874 5236 είώθει
919 5183 1191 5249 γίνεσθαι,
1223 5184 1365 5236 κατὰ.
1395 5181 1567 5234 νώτου
1595 5179 1742 5252 ἔχειν

212 5269 574 5346 ἐμηχανήσατο.
631 5275 696 5328 Οἱ
753 5274 810 5328 δὲ
871 5273 1073 5328 ῦπατοι
1119 5275 1287 5326 ἕωθεν
1335 5273 1493 5328 κενὸν
1528 5275 1741 5345 ἀνδρῶν

214 5361 374 5430 ἰδόντες
404 5368 566 5422 αὐτοῦ
613 5371 675 5422 τὸ
714 5369 1043 5440 χαράκωμα,
1082 5367 1298 5436 πρῶτον
1336 5367 1436 5437 μὲν
1483 5369 1740 5436 ἐπέσχον,

215 5455 544 5527 ινεδρεύεσθαι
569 5461 815 5526 δόξαντες
841 5478 856 5492 ο
898 5456 1022 5514 εἶτα
1066 5461 1186 5530 μεθ’
1219 5461 1428 5531 ἡμέρας
1469 5461 1604 5531 πρὸς
1643 5461 1740 5522 τὰς

219 5542 390 5616 Κάννας
435 5547 720 5625 ἀφίκοντο,
755 5555 848 5606 καὶ
879 5553 1030 5624 παρὰ
1070 5553 1150 5624 τῷ
1199 5552 1430 5623 ποταμῷ
1481 5554 1742 5623 ἑκάτερος

220 5634 300 5705 ἰδίᾳ
341 5645 607 5713 ηὐλίσατο.
675 5647 792 5699 Οὐκ
829 5645 982 5708 ὅντες
1020 5645 1129 5713 γὰρ
1163 5644 1420 5716 όμοήθεις
1465 5645 1565 5714 τὴν
1606 5644 1743 5714 πρὸς

220 5725 440 5800 ἀλλήλους
495 5739 786 5794 συνουσίαν
843 5737 1138 5804 ὲξέκλινον.
1178 5739 1287 5791 Καὶ
1330 5740 1358 5790 ὁ
1404 5737 1502 5806 μέν
1533 5736 1742 5798 Παῦλος

219 5815 467 5894 ἡσύχασεν,
487 5833 516 5884 ὁ
543 5833 601 5884 δέ
621 5849 686 5900 γε
736 5833 1024 5901 Τερέντιος
1069 5832 1228 5902 ἧθελε
1264 5829 1564 5902 συμϐαλεῖν
1585 5844 1597 5857 ’
1632 5832 1740 5899 ἀμ·

223 5903 468 5987 δλυῖέρονς
493 5923 548 5978 δέ
574 5928 700 5988 τοὺς
729 5925 1065 5995 στρατιώτας
1099 5923 1264 5992 ὁρῶν,
1294 5923 1643 5978 ἀνεκόπτετνλ
1685 5923 1744 5976 '0

381 6014 640 6077 Ρλτιιοι..
688 6020 732 6076 (Ξ
747 6037 806 6078 n.
856 6019 1180 6080 CXXXIV.

1841 4719 2178 4776 declinabat.
2212 4718 2381 4773 Paulo
2425 4717 2772 4786 quiescente,
2807 4714 3098 4769 Terentius
3123 4711 3422 4783 conﬂigere

1841 4811 2056 4866 voluit:
2100 4825 2203 4864 nec
2235 4817 2418 4862 tamen
2470 4804 2618 4871 fecit,
2654 4819 2782 4859 cum
2829 4803 3034 4858 milites
3069 4819 3261 4874 parum
3300 4819 3423 4858 esse

1843 4905 2055 4959 alacres
2087 4901 2334 4956 vidisset.
2374 4899 2442 4953 At
2469 4897 2707 4952 Annibal
2735 4896 2823 4952 vel
2845 4895 3050 4950 invitos
3081 4895 3146 4950 ad
3181 4911 3422 4967 pugnam

1843 4996 2092 5060 eliciens,
2121 4993 2415 5064 aquatione
2469 4989 2819 5061 prohibebat,
2849 5002 2952 5043 nec
2978 4989 3148 5058 palari
3181 4990 3422 5054 sinebat,

1844 5099 1902 5147 et
1931 5091 2199 5145 cadavera
2242 5097 2509 5140 caesorum
2557 5097 2724 5152 supra
2773 5082 2831 5136 in
2885 5079 3246 5152 proﬂuentem
3296 5088 3422 5134 ante

1845 5180 2050 5235 vallum
2095 5192 2290 5233 eorum
2327 5172 2671 5247 projiciebat,
2707 5182 2824 5228 uta
2855 5182 2984 5242 potu
3033 5171 3418 5227 abhorrerent.

1845 5274 1944 5329 His
1987 5271 2154 5327 rebus
2185 5268 2415 5325 Romani
2465 5266 2750 5329 concitati,
2783 5265 2960 5321 aciem
3017 5265 3417 5319 instruxerunt.

1843 5366 1964 5434 Quo
2002 5363 2239 5420 Annibal
2262 5363 2618 5433 praecognita,
2676 5359 2889 5415 insidiis
2920 5358 3023 5413 sub
3059 5359 3282 5412 tumulis
3307 5356 3423 5410 col-

1844 5459 2063 5523 locatis,
2112 5468 2168 5510 et
2222 5453 2438 5524 reliquo
2489 5451 2738 5506 exercitu
2784 5450 3077 5512 ordinato,
3127 5446 3423 5502 nonnullos

1847 5553 2160 5622 transfugas
2211 5547 2553 5612 subornavit,
2614 5562 2753 5616 quos
2803 5547 2958 5616 signo
3007 5543 3136 5597 dato
3193 5541 3419 5611 clypeis,

1848 5645 2021 5700 hastis
2055 5651 2111 5698 et
2137 5641 2364 5696 ensibus
2395 5639 2740 5709 gravioribus
2766 5633 3014 5706 abjectis.
3044 5633 3191 5687 solos
3230 5632 3424 5702 pugio-

1845 5753 1946 5792 nes
1993 5735 2234 5789 retinere
2267 5731 2452 5803 jussit,
2488 5739 2549 5785 ut
2593 5729 2662 5783 ab
2693 5726 3025 5782 adversariis
3057 5741 3156 5794 pro
3197 5725 3422 5780 inermi-

1847 5828 1950 5881 bus
1985 5825 2219 5893 accepti,
2266 5837 2363 5877 eos
2405 5838 2470 5878 ex
2504 5820 2800 5890 improviso
2829 5818 3278 5889 aggrederentur.
3315 5818 3423 5874 Ro-

1851 5920 2020 5988 mani,
2055 5933 2178 5973 cum
2207 5915 2493 5972 Annibalis
2519 5913 2823 5969 exercitum
2859 5928 3014 5965 mane
3051 5911 3103 5965 in
3134 5913 3422 5982 procinctu

2999 6005 3075 6064 ‘23
