3896 6598
413 470 523 533 719
1681 467 1951 530 JOANN]

2157 465 2363 527 “RBE
3412 468 3419 476 ’
3585 469 3695 534 ἰἓθ

413 584 537 648 bus,
573 582 742 639 italiae
766 582 1132 654 principatum
1160 583 1243 639 eis
1276 582 1548 654 promisit,
1582 591 1641 637 ιιι
1669 597 1763 651 spe
1791 581 1951 637 erecti

2162 580 2310 632 σθαι.
2336 576 2684 631 Πεισθέντων
2712 578 2767 631 δὲ
2806 577 2918 632 τῶν
2948 578 3007 632 ἐν
3031 581 3096 650 τῇ
3141 579 3368 651 Καπύῃ,
3402 579 3695 635 ἐκϐάλλων

410 692 467 730 se
489 692 589 747 pro
620 678 930 747 semetipsis
954 676 1204 731 laborare
1236 676 1474 730 alacrius
1500 685 1831 744 pugnarem.
1860 675 1948 728 Po:

2162 690 2196 725 α
2224 671 2456 727 ἕκαστον
2503 672 2567 723 ἐκ
2635 670 2730 722 τοῦ
2767 670 3073 741 συνεδρίου,
3127 673 3319 741 ἠρώτα
3358 672 3424 726 τὸ
3456 673 3700 744 πλῆθος,

408 768 608 839 Capuae
663 770 1032 827 defeetionem
1083 771 1248 825 etiam
1322 769 1532 840 reliqua
1579 767 1877 837 Campania
1939 766 1946 818 i

2163 782 2284 817 τινα
2312 764 2484 817 αὑτοῦ
2515 763 2863 833 ἁνθαιρείται
2884 781 2897 793 ·
2931 767 3022 817 καὶ
3064 763 3208 818 οὕτω
3242 766 3318 836 μὴ
3340 764 3701 835 δυνηθέντων

408 872 560 917 motu
591 863 733 919 fuit:
765 865 923 934 cujus
954 863 1318 918 defectionem
1344 861 1607 916 Romanis
1634 876 1776 930 ξρετε
1812 858 1946 913 feret

2160 855 2278 908 miiv
2296 856 2522 925 ἑτέρους
2554 854 2622 908 δι’
2661 856 2846 923 ὀλίγου
2887 855 3238 921 ἀνθελέσθαι,
3290 857 3506 921 πάντας
3541 857 3698 911 ἐκεί-

411 956 579 1018 tibus,
627 955 864 1010 Annibal
933 954 1244 1009 Nucerinos
1307 952 1663 1024 oppugnavit.
1724 950 1826 1018 Qui
1869 966 1949 1005 CUI

2167 965 2225 1009 υς
2252 947 2326 1011 ὡς
2349 948 2685 1014 ἀναγκαίους
2703 947 2911 1018 ἀφῆκε,
2930 949 3026 1000 καὶ
3055 949 3497 1016 καταλλαγέντες
3520 950 3705 1019 ἀλλή-

408 1047 816 1107 obsiderentur,
852 1046 1107 1101 inutilem
1155 1053 1374 1100 mtatem
1408 1044 1476 1099 ob
1528 1043 1869 1098 cibariorum
1901 1059 1946 1112 pl

2168 1057 2234 1105 ις,
2286 1040 2616 1093 ἐσπείσαντο
2657 1039 2735 1108 τῷ
2778 1041 3015 1112 Ἀννίϐᾳ.
3068 1041 3175 1093 Καὶ
3219 1041 3278 1105 ὃς
3331 1042 3420 1095 διὰ
3472 1043 3706 1113 ταχέων

409 1139 624 1191 muriam
654 1138 986 1207 expulerunt
1018 1154 1031 1191 :
1067 1154 1206 1207 quos
1237 1135 1474 1191 Annibal
1502 1151 1613 1190 non
1647 1134 1877 1204 recepit,
1900 1150 1947 1188 Ili

2165 1134 2412 1196 αναστὰς
2435 1134 2500 1186 ἐκ
2512 1134 2609 1203 τῆς
2635 1133 2968 1197 Νεαπόλεως
2996 1129 3164 1205 ἦλθεν
3187 1135 3265 1197 είς
3285 1132 3386 1204 τὴν
3413 1134 3667 1204 Καπύην
3688 1152 3703 1165 ·

408 1247 514 1298 que
552 1232 660 1287 alio
691 1248 854 1302 quam
888 1234 941 1286 in
990 1233 1181 1286 urbem
1222 1229 1489 1286 redeundi
1525 1238 1850 1299 potestatein
1899 1227 1946 1281 di

2175 1231 2195 1280 l.
2238 1227 2547 1298 διαλεχθεὶς
2587 1228 2772 1288 αὐτοῖς
2817 1228 2954 1283 ἄλλα
2984 1245 3042 1281 τε
3083 1227 3256 1281 πολλὰ
3286 1223 3442 1281 εἶπεν
3464 1230 3712 1295 ἐπαγω-

406 1327 508 1380 dit.
539 1325 907 1392 Quamobrem
936 1325 1120 1379 caeteri
1166 1339 1389 1394 quoque
1420 1338 1546 1378 cum
1576 1338 1684 1377 una
1728 1331 1883 1377 veste
1935 1339 1944 1377 ι

2176 1361 2190 1386 ,
2229 1322 2325 1376 καὶ
2368 1322 2470 1393 τὴν
2523 1322 2825 1393 ἡγεμονίαν
2873 1324 3027 1389 σφίσι
3072 1321 3175 1391 τῆς
3215 1320 3453 1384 Ἰταλίας
3491 1321 3711 1374 δώσειν

404 1418 541 1472 urbe
583 1432 911 1472 excessurus
961 1426 1311 1486 pepigerunt.
1351 1415 1423 1468 At
1467 1414 1557 1468 ille
1588 1413 1724 1469 urbe
1757 1413 1936 1484 petitu

2177 1415 2388 1485 ἐσχετο,
2411 1415 2477 1469 ἵν’
2505 1418 2562 1469 ἐν
2579 1416 2763 1469 ἐλπίσι
2790 1416 3093 1484 γενόμενοι,
3119 1415 3194 1478 ὼς
3221 1414 3317 1469 καὶ
3342 1415 3566 1473 ἑαυτοῖς
3600 1431 3714 1467 πο-

410 1522 698 1565 senatores
740 1510 794 1564 in
857 1508 1068 1563 balneis
1111 1508 1356 1562 inclusos
1386 1505 1719 1561 suﬂocavit:
1754 1506 1947 1576 reliqm

2174 1524 2385 1573 σαντες,
2417 1508 2832 1578 προθυμότερον
2876 1506 3274 1575 ἀγωνίσωνται.
3313 1504 3712 1573 Μεταστάσης

405 1622 528 1659 cum
559 1604 843 1659 discedere
866 1618 977 1671 quo
1006 1601 1203 1655 vellent
1233 1601 1513 1671 jussisset,
1550 1599 1757 1653 multos
1791 1598 1847 1652 in
1906 1600 1943 1652 it

2174 1599 2272 1669 τῆς
2300 1601 2558 1671 Καπύης,
2588 1602 2684 1654 καὶ
2709 1603 2741 1671 ή
2765 1601 2901 1670 άλλη
2929 1600 3238 1671 Καμπανία
3264 1598 3544 1669 κεκίνητα
3581 1596 3712 1652 Καὶ

404 1710 539 1748 nere
565 1691 892 1747 interfecit:
939 1690 1034 1744 sed
1078 1700 1259 1743 tamen
1307 1703 1501 1742 eorum
1549 1688 1707 1742 multi
1734 1688 1789 1741 in
1832 1686 1942 1742 silv:

2176 1691 2468 1762 Ῥωμαῖοι,
2487 1694 2584 1763 τὴν
2610 1695 2913 1747 ἀπόστασιν
2938 1694 3108 1762 αὐτῆς
3130 1692 3413 1762 μαθόντες,
3431 1690 3708 1762 ἤχθοντο.

403 1780 618 1852 profugi
637 1790 952 1836 evaserunt.
981 1780 1056 1834 Ea
1089 1779 1421 1834 crudelitate
1440 1779 1625 1834 caeteri
1653 1778 1856 1845 territi,
1883 1795 1941 1832 nc

2198 1801 2260 1852 γε
2295 1783 2405 1855 μὴν
2455 1785 2706 1849 Ἀννίϐας
2764 1786 2858 1839 ἐπὶ
2915 1784 3289 1856 Νουκερίνους
3332 1784 3445 1854 (35)
3480 1784 3708 1854 ἐστρά-

402 1873 641 1942 amplius
665 1872 786 1943 ejus
821 1870 944 1926 fidei
977 1885 1035 1925 se
1079 1871 1473 1940 permiserunt,
1504 1870 1601 1925 sed
1657 1871 1940 1926 resistebat

2171 1894 2290 1930 δσεν
2315 1894 2327 1906 ·
2358 1880 2410 1930 οἱ
2473 1878 2528 1931 δὲ
2592 1878 3053 1949 πολιορκούμενοι
3085 1881 3186 1949 τὴν
3222 1883 3504 1950 ἄχρηστον
3536 1879 3709 1947 σφῶν

402 1965 534 2019 dum
578 1974 855 2034 poterant.
916 1964 1223 2034 Nolanique
1274 1966 1342 2019 de
1395 1965 1650 2020 facienda
1706 1965 1934 2020 deditior

2173 1968 2312 2019 ικίαν
2363 1968 2568 2039 ἀπορίᾳ
2601 1943 2819 2038 τροφῷν
2860 1943 3166 2033 ἐξεώσαντο
3190 1985 3204 1998 ·
3234 1943 3328 2032 οῦς
3354 1943 3395 2021 ’ὁ
3431 1943 3711 2033 Ἀννίϐας

402 2058 802 2122 consultantes,
857 2054 949 2109 illo
998 2055 1243 2110 facinore
1264 2046 1420 2119 'viso,
1478 2056 1801 2111 Marcellum
1846 2056 1940 2110 clal

2181 2062 2520 2131 προσήκατο,
2556 2061 2693 2114 ἀλλὰ
2717 2066 2813 2115 καὶ
2844 2064 2925 2125 είς
2956 2063 3058 2133 τὴν
3085 2063 3242 2116 πόλιν
3266 2061 3493 2116 ἀπιοῦσι
3523 2064 3708 2133 μόνον

401 2148 836 2212 accersiveruut,
896 2146 1168 2201 Annibale
1226 2145 1295 2201 ab
1364 2147 1521 2203 urbis
1578 2147 1939 2217 oppugnatior

2169 2156 2400 2225 φάλειαν
2446 2158 2640 2211 ἔδωκε.
2672 2158 2767 2211 Διὸ
2797 2159 2889 2211 καὶ
2921 2159 2970 2211 οί
3020 2156 3203 2211 λοιποὶ
3243 2158 3364 2228 μεθ’
3396 2159 3520 2222 ἐνὸς
3552 2159 3707 2227 ἱμα-

402 2241 645 2310 repulso.
707 2239 837 2294 lnde
881 2239 1182 2309 digressus,
1210 2237 1520 2294 Acerranos
1572 2238 1717 2294 fame
1752 2241 1938 2295 domui

2167 2268 2208 2303 ll)
2251 2249 2572 2321 ἐκχωρῆσαι
2611 2250 2708 2303 τοῦ
2757 2250 2947 2313 ἄστεος
2994 2251 3375 2323 ὡμολόγησαν.
3441 2251 3611 2303 Ἐπεὶ
3652 2249 3705 2304 δ’

402 2334 593 2386 iisdem
626 2331 829 2402 quibus
862 2330 1169 2385 Nucerinos
1199 2331 1636 2397 conditionibus,
1678 2332 1940 2402 eodemqu

2167 2344 2370 2412 κρατὴς
2426 2344 2609 2395 αὐτῶν
2657 2344 2899 2413 ἐγένετο,
2955 2344 3082 2407 τοὺς
3130 2344 3228 2414 μὲν
3268 2343 3576 2413 βουλευτὰς
3637 2346 3705 2407 ἐς

403 2424 657 2479 tractavit
691 2422 874 2478 modo.
900 2423 1109 2478 Deinde
1133 2424 1399 2480 Basilinas
1432 2434 1517 2480 est
1542 2440 1856 2495 aggressus,
1874 2441 1941 2494 qu

2168 2436 2355 2489 λανεῑα
2427 2435 2805 2499 κατακλείσας
2856 2436 3177 2502 ἀπέπνιξεν
3245 2439 3356 2500 τοῖς
3399 2438 3446 2490 δ’
3498 2436 3706 2499 ἄλλοις

400 2515 633 2570 Romani
689 2529 996 2585 eorumque
1056 2516 1191 2570 socii
1249 2516 1472 2571 circiter
1518 2531 1554 2569 ιι
1599 2517 1935 2588 confugeran

2166 2529 2354 2583 rs).05iv
2402 2527 2574 2582 εἰπὼν
2608 2530 2715 2601 ὅπη
2750 2529 3054 2600 βούλοιντο,
3095 2528 3331 2593 πολλοὺς
3365 2530 3424 2582 ἐν
3455 2531 3523 2599 τῇ
3578 2530 3704 2600 ὀδῷ

400 2609 497 2679 qui
527 2608 742 2663 civibus
765 2608 1137 2678 proditionem
1176 2610 1532 2665 molientibus
1563 2612 1783 2677 occisis,
1814 2612 1938 2667 Ann

2168 2621 2361 2675 κείνων
2391 2621 2673 2690 ἐφόνευσε.
2695 2622 2887 2692 Συχνοὶ
2908 2620 2953 2675 δ’
2983 2621 3078 2675 οῦν
3102 2620 3285 2674 αὐτῶν
3306 2621 3398 2673 καὶ
3419 2622 3706 2690 περιεγέ-

400 2702 635 2772 baleque
664 2716 808 2773 saepe
830 2701 1137 2773 profligato,
1171 2700 1371 2756 famem
1406 2717 1625 2774 quoque
1648 2703 1866 2760 fortiter
1899 2714 1938 2760 ι(

2165 2730 2244 2765 no
2276 2715 2355 2775 είς
2412 2713 2547 2777 ῦλας
2594 2714 3149 2784 προκαταφυγόντες.
3180 2712 3275 2766 Ἐκ
3308 2711 3506 2766 τούτου
3547 2712 3618 2765 δὲ
3644 2714 3703 2765 οἱ

402 2793 670 2849 .lerarunt.
699 2792 837 2847 Cum
867 2804 1051 2848 autem
1078 2805 1419 2849 commeatus
1449 2794 1770 2861 defecisset,
1792 2812 1940 2865 quen

2154 2805 2265 2857 ιποὶ
2294 2805 2627 2873 φοϐηθέντες
2649 2807 2712 2859 οὐ
2730 2806 3044 2860 συνέϐαινον
3069 2806 3151 2859 ἔτι
3180 2805 3351 2874 αὐτῷ,
3381 2805 3498 2859 ἀλλ’
3534 2807 3692 2859 άντ-

404 2890 528 2940 dam
591 2887 645 2940 in
676 2896 800 2941 utre
855 2884 925 2939 ad
960 2885 1293 2940 dictatorem
1347 2887 1616 2941 miserunt
1650 2887 1784 2957 :qui
1822 2897 1942 2941 noct

2165 2914 2249 2965 χον
2293 2897 2403 2960 ἓως
2456 2897 2744 2967 ἠδύναντο.
2795 2900 2906 2953 Καὶ
2932 2901 2983 2951 οἱ
3013 2899 3263 2952 Νωλανοὶ
3289 2897 3703 2967 βουλευόμενοι

402 2978 550 3031 dolia
584 2976 757 3030 larina
785 2975 943 3046 plena
967 2979 1024 3029 in
1061 2973 1267 3029 ﬂumen
1288 2978 1559 3047 conjecta,
1614 2993 1713 3032 eos
1741 2977 1796 3032 in
1835 2990 1940 3032 teni

2166 2993 2492 3058 ιοσχωρῆσαι
2548 2987 2740 3059 αὐτῷ,
2803 2989 2930 3041 ἐπεὶ
2986 2989 3046 3043 τὸ
3109 2990 3190 3052 είς
3246 2988 3492 3049 ἐκείνους
3537 2982 3704 3040 εἶδον

406 3069 521 3123 bris
545 3068 841 3123 observare
861 3066 1046 3139 jussit.
1088 3066 1203 3122 Hoc
1230 3068 1392 3123 modo
1422 3068 1563 3123 clam
1594 3084 1693 3125 eos
1729 3070 1797 3124 ad
1845 3081 1944 3125 teut

2165 3083 2360 3153 παχθὲν,
2400 3084 2753 3153 ἐπηγάγοντο
2813 3082 2992 3154 λάθρα
3046 3083 3139 3136 τὸν
3185 3082 3533 3153 Μάρκελλον,
3587 3082 3703 3134 καὶ

401 3179 506 3233 pus
529 3163 666 3217 aluit
698 3179 713 3216 :
746 3161 841 3216 sed
875 3164 1094 3216 tandem
1122 3176 1232 3215 uno
1263 3160 1413 3216 dolio
1447 3177 1511 3216 ex
1537 3162 1794 3219 allisione
1846 3179 1939 3218 cor

2162 3193 2185 3227 ν
2242 3173 2492 3227 Ἀννίϐαν
2549 3173 2938 3245 προσϐαλόντα
2990 3176 3129 3245 μετὰ
3175 3173 3352 3226 ταῦτα
3398 3175 3465 3243 τῇ
3522 3173 3700 3226 πόλει

401 3255 598 3318 fracto,
675 3252 1160 3323 Carthaginienses
1222 3268 1283 3309 re
1332 3254 1710 3311 animadversa
1770 3257 1939 3311 cateni

2161 3266 2396 3319 ιώσαντο.
2438 3266 2870 3336 Ἀποκρουσθεὶς
2921 3267 2978 3321 δὲ
3020 3268 3120 3338 τῆς
3179 3264 3395 3337 Νώλης,
3437 3267 3699 3337 Ἀκερά-

400 3344 629 3400 ﬂuvium
660 3346 1000 3399 munierunt.
1031 3344 1100 3400 Ut
1138 3357 1321 3399 autem
1368 3344 1513 3400 fame
1546 3356 1603 3401 et
1658 3346 1938 3402 vulneribt

2162 3376 2216 3423 υς
2250 3359 2362 3428 (36)
2395 3352 2509 3413 εἷλε
2542 3358 2689 3430 λιμῷ
2726 3360 2821 3414 ἐπὶ
2854 3363 2978 3425 ταῖς
3035 3363 3229 3425 αὐταῖς
3261 3363 3373 3424 τοῖς
3403 3359 3700 3431 Νουκερί·

402 3436 560 3490 multi
613 3435 918 3505 perierunt,
984 3434 1159 3489 altera
1233 3434 1387 3490 urbis
1445 3445 1603 3506 parte
1654 3436 1873 3493 deserta
1927 3456 1940 3492 ι

2160 3469 2204 3515 ις
2231 3452 2558 3522 συνθήκαις,
2581 3454 2677 3506 καὶ
2712 3453 2782 3506 τά
2818 3453 2960 3507 αὐτὰ
2993 3453 3295 3523 εἰργάσατο
3324 3452 3418 3505 καὶ
3447 3450 3698 3513 αὐτούς.

400 3539 566 3599 ponte
606 3528 916 3598 interrupto
943 3568 957 3594 ,
992 3527 1048 3581 in
1072 3527 1245 3582 altera
1273 3528 1619 3585 obsidionem
1656 3531 1933 3587 tolerarun

2161 3561 2226 3598 τα
2251 3546 2346 3598 καὶ
2386 3545 2479 3597 ἐπὶ
2505 3545 2794 3608 Βασιλίνας
2826 3546 3210 3617 ἐστράτευσεν,
3245 3538 3364 3611 ἐνῷ
3405 3543 3696 3612 Ῥωμαῖοί

400 3623 594 3677 Postea
637 3634 825 3676 semen
862 3635 1116 3690 raporum
1144 3620 1199 3675 in
1249 3621 1544 3691 quemdam
1585 3623 1767 3679 locum
1825 3634 1938 3680 extr

2187 3638 2285 3690 καὶ
2334 3636 2648 3707 συμμάχων
2707 3636 2845 3689 ὡσεὶ
2898 3637 3063 3707 χίλιοι
3117 3638 3560 3705 συγκατέφυγον.
3621 3634 3697 3688 Οἳ

399 3729 624 3769 murum
673 3713 1017 3785 abjecerunt,
1079 3723 1139 3768 ut
1185 3712 1376 3769 hostes
1405 3729 1502 3769 eos
1540 3715 1633 3770 diu
1696 3716 1937 3772 habiturc

2158 3728 2216 3790 ὺς
2250 3728 2348 3797 μὲν
2373 3728 2705 3800 ἐπιχωρίους
2738 3728 3031 3800 προδοῦναι
3073 3730 3217 3798 σφᾶς
3265 3726 3696 3798 μελετήσαντας

400 3805 691 3879 crederent
722 3805 864 3860 unde
904 3806 1155 3861 viverent
1215 3806 1333 3873 Qua
1369 3808 1563 3862 eadem
1603 3807 1864 3878 opinione
1890 3810 1938 3864 dt

2154 3816 2446 3885 ιὲκτειναν,
2481 3820 2578 3873 καί⁵
2603 3818 2696 3872 τὸν
2743 3818 2997 3874 Ἀννίϐαν
3051 3818 3320 3881 πολλάκις
3349 3816 3692 3882 ἀπώσαντο,

398 3905 591 3968 ceptus
608 3897 867 3962 Annibal,
897 3912 1205 3968 eorumque
1234 3897 1620 3954 fortitudinem
1644 3899 1936 3956 admiratur

2159 3906 2181 3958 ὶ
2234 3908 2372 3978 πρὸς
2432 3908 2594 3978 λιμὸν
2660 3909 2927 3977 γενναίως
2972 3908 3443 3981 διεκαρτέρησαν·
3496 3906 3696 3960 ἐπιλιο

400 4002 498 4044 eos
530 3988 600 4043 ad
655 3987 963 4058 pactionem
1016 3997 1346 4058 provocatos
1398 3989 1633 4058 pecunia
1676 3990 1927 4046 vendidit

2154 3997 2298 4069 νύσης
2341 3999 2400 4053 δὲ
2447 4001 2546 4071 τῆς
2589 3993 2799 4071 τροφῆς
2841 4002 3063 4064 αὐτοὺς,
3099 4000 3188 4055 ἐπ’
3216 3999 3392 4053 ἀσκοῦ
3428 4014 3555 4053 τινα
3586 3997 3692 4050 διὰ

396 4096 536 4150 quos
564 4080 797 4135 Romani
826 4095 937 4134 non
972 4080 1136 4135 modo
1186 4079 1385 4150 cupide
1432 4079 1811 4151 redemerunt,
1878 4098 1934 4140 se

2154 4090 2182 4143 ῦ
2220 4092 2471 4162 ποταμοῦ
2522 4091 2663 4162 πρὸς
2692 4094 2783 4146 τὸν
2845 4093 3143 4162 δικτάτορα
3189 4091 3469 4164 ἔπεμψαν.
3515 4089 3577 4142 ὀ
3622 4087 3691 4142 δί

394 4173 559 4227 etiam
593 4173 955 4228 honorarunt.

2156 4184 2286 4248 θους
2315 4184 2566 4257 ἀλεύρων
2630 4186 2865 4258 πλήρεις
2893 4188 3092 4249 νυκτὸς
3139 4186 3427 4241 ἐνέϐαλλεν
3468 4181 3553 4246 είς
3579 4182 3689 4234 τὸν

397 4271 670 4339 ποτπμὶν,
713 4268 1094 4338 ἐντειλάμενος
1142 4267 1328 4331 αὐτοῖς
1391 4272 1736 4339 παρατηρεῖν
1785 4272 1844 4324 ἐν
1893 4271 1974 4344 τῷ
2015 4278 2199 4331 σκότει
2259 4280 2317 4332 τὸ
2366 4281 2584 4351 ῥεῦμαο
2650 4285 2747 4336 καὶ
2798 4281 2992 4352 χρόνον
3033 4281 3134 4351 μὲν
3182 4295 3308 4330 τινα
3373 4274 3687 4328 ἐλάνθανεν

395 4362 571 4425 οὕτως
602 4367 811 4433 τροφὰς
847 4362 1031 4423 αὐτοῖς
1059 4360 1335 4430 χορηγῶν.
1366 4361 1601 4416 Ἔπειτα
1629 4363 1790 4418 πίθου
1828 4367 1974 4432 τινὸς
2016 4374 2427 4442 προσραγέντος
2491 4391 2606 4441 ποι,
2676 4379 2772 4429 καὶ
2809 4373 3210 4446 συντριϐέντος,
3238 4371 3410 4438 ἔγνων
3434 4371 3486 4420 (ιι
3520 4372 3687 4440 Καρ-

395 4458 634 4531 χηδόνιοι
679 4457 741 4509 τὸ
795 4456 1103 4525 γινόμενον,
1168 4456 1259 4509 καὶ
1316 4457 1543 4510 ἁλύσεσι
1593 4461 1688 4513 τὸν
1730 4464 1981 4534 ποταμὸν
2017 4465 2382 4536 διειλήφασιν.
2467 4470 2555 4535 Ὦς
2601 4471 2658 4525 δὲ
2707 4471 2786 4542 τῷ
2842 4470 2989 4543 λιμῷ
3042 4470 3136 4524 καὶ
3212 4470 3327 4531 τοῖς
3384 4465 3683 4536 τραύμασι

398 4554 587 4623 συχνοὶ
644 4550 1043 4620 διεφθάρησαν,
1079 4552 1139 4603 τὸ
1172 4550 1360 4620 ἕτερον
1406 4550 1574 4620 μέρος
1622 4554 1718 4623 τῆς
1765 4556 1974 4621 πόλεως
2014 4557 2286 4625 ἐξέλιπον,
2325 4564 2427 4616 κάν
2457 4563 2536 4634 τῷ
2578 4562 2752 4634 λοιπῷ
2777 4563 3194 4634 διεκαρτέρουν.
3250 4560 3352 4631 τὴν
3418 4558 3684 4630 γέφυραν

394 4647 777 4715 διακόψαντες.
806 4644 942 4699 Εἶτα
977 4644 1202 4714 σπέρμα
1237 4645 1555 4714 γογγυλίδος
1587 4648 1697 4700 ἀπὸ
1724 4649 1821 4703 τοῦ
1886 4652 2107 4721 τείχους
2174 4654 2256 4719 είς
2325 4672 2380 4708 τι
2441 4657 2645 4728 χωρίον
2673 4656 2873 4722 ἔξωθεν
2898 4654 3064 4710 αὑτοῦ
3092 4653 3414 4708 κατέϐαλον.
3451 4653 3681 4723 Ἐποίηο

398 4759 501 4797 σαν
522 4742 580 4795 δὲ
641 4740 802 4794 τοῦτο
866 4741 956 4795 ἴνα
1003 4740 1396 4811 καταπλήξωσι
1454 4743 1583 4805 τοὺς
1651 4744 1945 4815 πολεμίους
1972 4746 2051 4811 ὼς
2090 4750 2187 4802 καὶ
2248 4750 2343 4804 ἐπὶ
2393 4752 2532 4805 πολὺ
2587 4751 3057 4821 αὐταρκέσοντας.
3099 4748 3264 4800 Ὅθεν
3304 4747 3332 4800 ὸ
3390 4745 3619 4799 Ἀννίϐα
3656 4783 3678 4813 ,

394 4837 629 4907 ἄφθονον
677 4836 874 4898 αὐτοὺς
924 4835 1069 4905 ἔχειν
1100 4835 1199 4907 τὴν
1247 4833 1457 4906 τροφὴν
1486 4835 1716 4907 οίηθεὶς,
1748 4839 1844 4891 καὶ
1913 4841 2010 4893 ἐπὶ
2049 4843 2116 4912 τῇ
2182 4844 2453 4915 καρτερίᾳ
2482 4844 2896 4915 θαυμάσας,είς
2915 4842 3211 4912 ὁμολογίαν
3233 4837 3673 4911 προεκαλέσατο.

392 4934 490 4986 καὶ
543 4928 1128 5003 χρημάτωνιάπὶδοτο
1170 4930 1334 4998 σφᾶς.
1379 4926 1677 4983 Ἐλύσαντο
1711 4928 1824 5000 γὰρ
1875 4932 2077 4998 αὐτοὺς
2105 4934 2156 4988 οί
2221 4935 2328 5002 ἔξω
2391 4935 2652 5006 Ῥωμαῖοι
2701 4937 2979 5007 ἀσμένως,
3030 4933 3166 4988 ἀλλὰ
3217 4934 3326 5005 μὴν
3392 4929 3490 4984 καὶ
3555 4933 3672 4984 ἐσί-

396 5043 510 5100 μησ
514 5043 599 5081 αν.

465 5117 560 5173 ιιι.
594 5117 730 5171 Dum
765 5113 883 5167 haec
942 5120 1230 5183 geruntur,
1282 5113 1447 5186 legati
1486 5113 1711 5187 Delphis
1763 5117 1974 5172 reversi

2151 5115 2228 5173 Γ.
2264 5116 2352 5169 Ἐν
2374 5110 2417 5185 ᾧ
2443 5116 2502 5171 δὲ
2526 5115 2698 5170 ταῦτα
2718 5117 2955 5186 ἐγένετο,
2985 5116 3079 5171 καὶ⁵
3108 5114 3413 5188 ὲκξΔελφῶν
3435 5115 3485 5167 oi
3519 5132 3659 5185 πεμο

391 5208 672 5274 nuntiant,
716 5206 912 5277 jubere
950 5204 1199 5277 Pythiam
1258 5216 1339 5270 ut,
1383 5207 1670 5278 repudiata
1731 5208 1929 5279 ignavi:

2128 5206 2306 5271 θέντες
2332 5208 2796 5278 ἀνεκομίσθησαν,
2825 5209 3076 5277 λέγοντες
3101 5207 3199 5280 τὴν
3223 5206 3429 5260 Πυθίαν
3457 5207 3666 5277 χρῆσαι

391 5302 558 5378 422
610 5300 753 5356 bello
797 5302 910 5354 sint
957 5299 1175 5355 intenti.
1204 5300 1281 5354 Ex
1312 5314 1382 5355 eo
1436 5300 1743 5356 confirmati
1808 5309 1929 5370 atqu

2126 5298 2263 5362 ὒτοῖς
2322 5298 2638 5352 παύσασθαι
2673 5300 2772 5369 τῆς
2811 5298 3107 5370 ῥᾳθυμίας,
3152 5298 3242 5352 καὶ
3298 5298 3374 5368 τῷ
3433 5299 3664 5368 πολέμῳ

394 5394 630 5452 assecuti
661 5391 1008 5456 Annibalem,
1061 5392 1214 5462 juxta
1257 5408 1384 5448 eum
1416 5402 1596 5446 castra
1641 5403 1932 5460 posuerunl

2125 5391 2387 5463 ροσέχειν.
2428 5390 2710 5446 Ἐντεῦθεν
2734 5390 3185 5465 suspensum,
3229 5393 3324 5444 καὶ
3356 5391 3663 5446 κατέλαϐον

396 5497 457 5544 ut
506 5486 640 5557 quid
692 5492 881 5556 ageret
921 5484 1302 5540 observarent.
1356 5485 1437 5539 Ac
1467 5483 1665 5539 Junius
1712 5482 1934 5538 dictator

2119 5485 2174 5536 δν
2228 5483 2499 5549 Ἀννίϐαν,
2553 5484 2651 5537 καί
2686 5484 2736 5536 oi
2768 5482 3469 5554 παρεστρατοπεδεύσαντο,
3511 5485 3657 5548 ὅπως

394 5596 517 5651 qua:
582 5577 1062 5648 Carthaginienses
1112 5576 1297 5631 facere
1366 5575 1730 5645 jubebantur,
1777 5573 1932 5630 eadei

2118 5578 2152 5631 α
2209 5576 2563 5648 πραττόμενα
2640 5576 2772 5648 παρ’
2813 5576 2980 5630 αὐτοῦ
3037 5577 3423 5648 παρατηρῶν.
3473 5578 3585 5631 Καὶ
3627 5577 3656 5630 ὃ

1599 5709 1809 5772 Variis
1839 5709 2150 5776 lectiones
2184 5720 2246 5774 et
2276 5721 2468 5774 notae.

394 5930 428 5987 Ρ
608 5843 1037 5971 Ιὲἓῖκερίνους.
1083 5840 1370 5914 ,Excerpta
1413 5836 1601 5893 Dionis
1648 5835 1960 5908 Valesiana,
2071 5832 2709 5977 εὴςριξΔτὲεὸςράνους.
2766 5832 2903 5891 Vide
2932 5832 3205 5907 Excerpta
3254 5833 3448 5892 Dioni;
3499 5833 3650 5891 vate.

436 5954 450 5969 ο
584 5956 599 5985 τ
735 5952 750 5969 ·
2230 5949 2244 5976 ,
2319 5945 2332 5961 .
2472 5942 2487 5960 ο

436 5954 450 5969 ο
474 5942 599 5985 υυο,
629 5942 750 5971 νυι.
2071 5942 2244 5976 διευς,
2277 5942 2332 5977 ιιι
2362 5942 2487 5960 ννιο
