3896 6560
248 330 344 394 72f

1475 339 1891 401 ANNALlUM
1926 343 2075 405 LIB.
2121 345 2227 408 IX.

3382 353 3490 415 79"!

245 460 304 510 γε
349 443 561 509 Ἰούνιος
593 447 912 522 ὁδικτάτωρ
941 452 1009 507 τὰ
1041 455 1155 518 τοῖς
1181 456 1573 528 Καρχηδονίοις
1605 473 1780 529 παραγ

1883 498 1889 512 ι
1917 477 2047 518 suos
2074 473 2128 520 et
2165 465 2282 535 ipse
2303 464 2598 522 observare
2628 474 2793 538 atque
2821 468 3002 525 facere
3033 469 3274 539 iubebat.
3302 473 3492 543 Itaque

242 536 559 606 γελλόμενα,
605 543 847 607 καὶτοὺς
889 541 1199 615 Ῥωμαίους
1247 552 1423 603 ποιεῖν
1450 551 1650 621 ὁμοίως
1683 555 1806 606 ἐκέ-

242 628 377 691 λευε,
401 630 494 682 καὶ
535 633 657 684 σῖτα
690 632 786 687 καὶ
813 634 980 688 ὕπνον
1002 638 1060 691 ἐν
1080 638 1160 709 τῷ
1176 640 1325 711 αὐτῷ
1353 643 1531 715 καιρῷ
1552 645 1799 716 ᾑροῦντο,

240 720 324 772 καὶ
352 721 448 782 τὰς
493 722 745 791 φυλακὰς
790 726 994 795 ὁμοίως
1058 732 1423 800 ἐπεσκόπουν,
1488 736 1587 789 καὶ
1633 739 1801 793 τᾶλλα

238 811 420 880 ἐπίσης
453 811 750 884 ἔπραττον.
788 819 1139 889 Καταμαθὼν
1202 818 1298 877 οὖν
1343 826 1504 881 τοῦτο
1552 829 1800 893 Ἀννίϐας

235 903 501 970 χειμέριον
531 907 773 978 ἐτήρησε
790 910 983 977 νύκτα,
1012 915 1104 968 καί
1131 918 1243 980 τοῖς
1262 918 1361 985 μὲν
1387 920 1496 972 τῶν
1531 938 1800 991 στρατιω-

231 993 327 1047 τῶν
357 997 445 1047 ἐπ’
466 997 649 1061 ἔξοδον
671 1001 766 1070 ἀφ’
785 1004 1025 1074 ἑσπέρας
1056 1008 1268 1062 ἀνεῖπε.
1318 1011 1425 1065 Τοῦ
1470 1012 1528 1066 δὲ
1578 1015 1798 1071 Ἰουνίου

230 1088 284 1138 τὸ
307 1088 436 1141 αὐτὸ
462 1094 820 1162 ποιήσαντος,
851 1099 916 1151 ἐκ
945 1099 1198 1173 διαδοχῆς
1212 1103 1402 1159 ἄλλοτε
1431 1106 1622 1173 ἄλλους
1647 1112 1797 1181 αὐτῷ

229 1182 587 1249 προσϐάλλειν
613 1188 920 1253 ἐκέλευσεν,
965 1192 1031 1245 ἵν’
1067 1195 1128 1247 ὲν
1173 1202 1386 1267 συνεχεῖ
1424 1200 1571 1270 πόνῳ
1613 1204 1677 1257 ἐκ
1697 1204 1796 1272 τῆς

226 1274 522 1341 ἀγρυπνίας
552 1279 647 1332 καὶ
682 1281 776 1334 τοῦ
807 1285 1078 1352 χειμῶνος
1109 1290 1303 1358 εἴησαν
1325 1308 1339 1323 ·
1370 1291 1531 1352 αὐτὸς
1564 1293 1621 1347 δὲ
1658 1297 1798 1365 μετὰ

225 1360 322 1456 τῶν
347 1362 571 1456 λοιπῶν
609 1369 934 1428 ἀνεπαύετο.
974 1375 1131 1430 Ἐπεὶ
1165 1378 1211 1430 δ’
1254 1379 1436 1451 ἡμέραι
1463 1360 1795 1456 ἐπιλάμψειν

224 1453 421 1522 ἔμελλε,
458 1456 523 1512 τὸ
563 1463 881 1535 στράτευμά
924 1483 983 1520 τε
1045 1468 1208 1537 δῆθεν
1250 1453 1642 1542 ἀνεκαλέσατο,
1687 1453 1794 1532 *καὶ

222 1547 318 1597 τῶν
360 1547 651 1619 Ῥωμαίων
695 1555 765 1609 τὰ
788 1556 927 1611 ὅπλα
958 1558 1338 1630 ἀποθεμένων,
1369 1564 1464 1618 καὶ⁵
1492 1568 1630 1637 πρὸς
1659 1569 1791 1625 ἀνά-

218 1638 418 1704 παυλαν
474 1648 881 1717 τραπομένων.
935 1651 1172 1721 ἐπῆλθεν
1225 1656 1408 1719 αὐτοῖς
1470 1659 1646 1726 ἄφνω,
1698 1665 1793 1717 καὶ

222 1732 434 1821 συχνοὺς
464 1736 782 1802 ἀπέκτεινε,
807 1743 899 1795 καὶ
933 1744 993 1796 τὸ
1025 1744 1317 1818 τάφρευμα
1346 1750 1631 1821 ἐκλειφθὲν
1653 1748 1787 1808 εἷλε.

222 1820 294 1874 Τὰ
315 1822 359 1874 δ’
411 1826 470 1878 ἐν
497 1831 567 1898 τῇ
609 1830 831 1903 Σικελίᾳ
856 1835 948 1887 καὶ
963 1839 1030 1907 τῇ
1067 1838 1259 1909 Σαρδοῖ
1292 1841 1542 1910 ἐκινεῖτο,
1573 1845 1635 1898 ού
1662 1846 1792 1916 μέν·

217 1928 291 2010 τἰι
316 1916 409 1968 καὶ
436 1919 780 1992 ἐπιστροφῆς
802 1943 944 1990 τινος
975 1931 1125 1997 παρὰ
1143 1930 1252 1983 τῶν
1266 1931 1550 2005 Ῥωμαίων
1580 1938 1788 2010 ἔτυχον.

220 2004 443 2099 insto:
463 2012 523 2064 δὲ
550 2013 581 2066 ὃ
612 2030 669 2067 τε
697 2016 943 2087 Γράκχος
972 2021 998 2072 6
1028 2020 1299 2093 ἵππαρχος
1333 2004 1426 2079 καὶ
1458 2004 1793 2099 Ποστούμιος

218 2091 447 2162 Ἀλϐῖνος
482 2102 788 2174 ⁴ᾑρέθησαν.
812 2108 922 2162 Καὶ
959 2111 988 2162 6
1020 2112 1118 2181 μὲν
1152 2091 1391 2181 ’Ᾰλϐῑνος
1428 2121 1566 2187 μετὰ
1595 2091 1792 2187 παντὸς

214 2186 299 2282 τοῦ
328 2192 564 2258 στρατοῦ
591 2195 698 2249 ὑπὸ
718 2197 827 2251 τῶν
848 2199 1080 2256 Βοουῒων
1111 2205 1345 2277 ἐφθάρη,
1375 2186 1441 2264 διδ
1468 2211 1628 2282 ὅρους
1654 2186 1792 2269 ὐλῶ

214 2275 324 2342 δους
369 2286 744 2356 πορευόμενος
773 2292 866 2344 καὶ
914 2294 1268 2367 ἐνεδρευθεὶς,
1317 2294 1377 2353 οὗ
1427 2304 1524 2374 τὴν
1551 2308 1790 2379 κεφαλὴν

215 2369 575 2442 ἀποτεμόντες
619 2380 671 2434 οῖ
718 2380 1010 2454 βάρϐαροι,
1075 2392 1171 2442 καὶ
1224 2369 1638 2464 ἐκκαθάραντες*
1693 2369 1788 2454 καὶ

216 2468 739 2565 περιχρυσὼσαντες,
791 2478 927 2548 πρὸς
969 2479 1034 2533 τὰ
1061 2482 1183 2550 ἱερὰ
1213 2485 1394 2539 αὐτῶν
1424 2488 1546 2542 ἀντὶ
1586 2493 1787 2565 φιάλης

216 2553 516 2656 ἐκέχρηντο.
580 2562 845 2633 Γεγόνασι
874 2567 929 2621 δὲ
960 2570 1078 2624 τότε
1120 2574 1345 2645 τέρατι’
1394 2577 1522 2648 βοῦς
1557 2553 1617 2634 τε

217 2644 367 2745 ἱππον
396 2650 584 2720 ἔτεκε,
634 2658 727 2712 καὶ
758 2660 815 2712 ἐν
855 2659 1100 2736 θαλάσσῃ
1132 2644 1406 2738 ἐξέλαμψε
1448 2672 1580 2745 πῦρ.
1632 2644 1696 2729 Οί
1727 2644 1786 2732 δ”

216 2736 394 2795 ὖπατοι
435 2745 692 2817 Γράκχος
757 2751 850 2804 καὶ
903 2754 1123 2821 Φάϐιος,
1156 2763 1778 2838 στρατοπεδευσάμενοι,

215 2830 293 2882 τόν
310 2851 366 2886 τε
431 2838 688 2893 Ἀννίϐαν
740 2843 799 2917 ἐν
847 2846 1048 2919 Καπύῃ
1102 2849 1230 2903 ὅντα
1278 2830 1616 2926 ἐπετήρουν..
1660 2861 1687 2912 ὅ
1727 2830 1778 2915 τι

218 2926 451 2994 πράσσει.
481 2931 601 2983 Καὶ
626 2933 994 3005 διεπέμποντο
1024 2941 1380 3014 ἑκασταχόσε,
1418 2950 1531 3009 τοῖς
1556 2967 1613 3002 τε
1643 2969 1778 3021 συμ-

220 3016 392 3084 μαχοις
431 3022 744 3092 ἐπήμυνον,
789 3029 884 3081 καὶ
928 3032 1051 3095 τοὺς
1102 3034 1481 3107 ἀφεστηκότας
1538 3016 1774 3098 οἰκειού-

1906 566 1961 610 et
1994 555 2179 611 cibum
2215 568 2273 613 et
2327 574 2579 612 somnum
2628 560 2823 615 eodem
2883 571 3129 632 tempore
3172 566 3487 633 capiebam.

1904 647 2167 702 excubias
2183 649 2373 703 eodem
2412 651 2574 705 modo
2602 652 2873 718 visebant,
2902 662 3208 723 emteraque
3239 674 3304 710 ex
3331 673 3481 725 a‘quc

1905 739 2199 796 faciebant.
2233 742 2353 808 Quo
2384 743 2618 798 Annibal
2645 747 2884 814 cegnito,
2925 756 3295 818 tempestuosa
3325 760 3484 806 nocte

1902 841 2144 901 captata,
2175 835 2319 903 parti
2352 835 2589 890 militum
2620 852 2648 890 a
2680 854 2907 908 vespera
2952 840 3351 909 profectionem
3387 844 3479 896 de-

1900 926 2140 981 nuntiat.
2175 926 2340 983 Junio
2370 927 2423 981 id
2448 929 2680 996 imitato,
2707 946 2803 999 per
2828 932 2977 986 vices
3007 932 3143 987 alios
3164 942 3329 1002 atque
3347 934 3484 988 alios

1901 1019 2164 1088 impetum
2207 1021 2259 1074 in
2294 1022 2570 1078 Romanos
2599 1023 2779 1078 facere
2807 1025 2993 1094 jussit.
3022 1035 3081 1079 ut
3119 1027 3474 1080 continenter

1900 1112 2099 1181 vigiliis
2116 1122 2509 1182 ettempestate
2527 1116 2917 1187 fatigarentur:
2951 1118 3065 1187 ipse
3089 1133 3213 1173 cum
3247 1119 3487 1187 reliquis

1896 1206 2127 1276 quievit.
2148 1205 2619 1269 Cumluceseeret,
2639 1210 2879 1264 exercitu
2900 1220 3173 1273 revocato,
3203 1211 3480 1267 Romanos

1900 1300 1994 1367 qui
2029 1299 2200 1355 armis
2236 1301 2433 1369 positis
2459 1300 2526 1356 ad
2557 1301 2795 1370 quietem
2816 1318 2872 1356 se
2899 1302 3275 1367 conferebant,
3296 1302 3480 1358 subito

1895 1405 2201 1460 aggressus.
2239 1393 2438 1449 multos
2458 1393 2680 1457 occidit.
2713 1404 2770 1449 et
2808 1395 3012 1449 vallum
3044 1395 3113 1449 ab
3146 1395 3229 1451 eis
3290 1396 3480 1450 deser-

1898 1492 2011 1537 tum
2046 1486 2211 1553 cepit.
2253 1485 2506 1540 Sardinia
2537 1496 2594 1540 et
2619 1485 2800 1541 Sicilia
2825 1488 3076 1557 quamvis
3103 1489 3156 1542 in
3187 1498 3337 1542 motu
3388 1503 3477 1541 es-

1893 1585 2037 1638 sent,
2068 1591 2097 1630 a
2125 1577 2388 1633 Romanis
2418 1595 2524 1633 non
2559 1581 2913 1634 curabantur.
2947 1581 3103 1636 Coss.
3132 1580 3300 1635 creati
3326 1589 3474 1640 Sunt.

1893 1665 2173 1723 Gracchus
2223 1671 2482 1741 magister
2523 1672 2774 1740 equitum
2835 1681 2890 1727 et
2925 1673 3282 1727 Posthumins
3325 1672 3479 1728 Albi-

1821 1797 1867 1855 Β
1894 1773 2037 1813 nus:
2063 1774 2296 1827 quorum
2335 1760 2424 1814 hic
2448 1777 2571 1815 cmn
2605 1763 2753 1815 omni
2786 1763 3028 1815 exercitu
3062 1778 3090 1815 a
3129 1762 3275 1816 Boiis
3302 1778 3476 1818 caesus

1898 1858 2003 1911 est.
2054 1848 2108 1903 in
2158 1851 2389 1905 transitu
2445 1853 2632 1907 silvosi
2665 1854 2867 1907 montis
2932 1854 3145 1909 insidiis
3187 1868 3472 1925 exceptus.

1896 1943 2056 2011 cujus
2113 1944 2293 2012 capite
2346 1945 2564 1999 barbari
2595 1954 2877 2006 excavato,
2927 1963 3172 2017 auroque
3224 1948 3472 2009 inducto,

1896 2048 1994 2100 pro
2025 2032 2207 2102 phiala
2239 2035 2291 2089 in
2328 2036 2498 2090 sacris
2523 2037 2603 2091 usi
2628 2038 3051 2107 sunt.Prodigia
3082 2048 3196 2092 tum
3224 2040 3483 2096 fuerunt-

1893 2124 2027 2179 Nam
2062 2125 2163 2180 bos
2208 2142 2409 2197 equum
2459 2129 2693 2198 peperit,
2734 2137 2790 2184 et
2831 2130 3046 2186 ﬂantum
3080 2146 3111 2185 ο
3154 2132 3289 2186 mari
3336 2134 3473 2188 emi-
3547 2188 3550 2190 γ

1893 2217 2026 2272 cuit.
2058 2217 2214 2274 Coss.
2258 2219 2541 2276 Gracchus
2570 2230 2626 2276 et
2679 2221 2902 2284 Fabius.
2936 2223 3069 2293 quid
3106 2223 3339 2280 Annibal
3370 2224 3473 2280 Ca—

1894 2321 2015 2375 pua:
2048 2314 2256 2376 ageret.
2288 2308 2666 2375 observantes,
2725 2310 2976 2382 quolibet
3028 2315 3234 2383 legatos
3288 2316 3475 2370 mitte-

1892 2399 2044 2463 bant,
2097 2401 2261 2457 sociis
2317 2417 2475 2472 Opem
2530 2403 2803 2469 ferebant,
2859 2421 2956 2461 eos
3010 2407 3103 2476 qui
3158 2409 3471 2463 defecerant

1891 2495 2256 2551 reconciliare
2324 2498 2692 2566 conabantur,
2767 2509 2823 2554 et
2873 2500 3252 2556 resistentium
3308 2518 3468 2572 agros

1888 2584 2314 2655 populabantur.
2345 2587 2579 2643 Annibal
2608 2606 2739 2645 vero
2766 2590 2897 2644 dum
2932 2600 3240 2647 commeatu
3290 2608 3469 2662 eoque

1885 2679 2053 2733 armis
2118 2692 2276 2748 parto
2313 2696 2423 2736 non
2485 2683 2820 2746 abundabat,
2858 2684 3105 2739 modeste
3153 2700 3277 2739 cum
3314 2700 3470 2740 exer-

1884 2771 1995 2824 citu
2044 2770 2282 2826 vivebat.
2316 2772 2385 2827 Ut
2420 2788 2585 2839 vero,
2612 2773 2798 2843 Capua
2842 2782 3132 2843 occupata,
3164 2774 3217 2829 in
3270 2791 3465 2847 magna

1882 2875 2064 2913 rerum
2095 2861 2372 2917 afﬂuentia
2404 2864 2565 2918 otiosi
2593 2864 2962 2920 hibernarunt
2987 2885 2998 2920 :
3025 2876 3080 2921 ct
3102 2867 3245 2922 vires
3271 2883 3466 2936 corpo—

1883 2965 2004 3004 rum
2076 2952 2309 3013 desidia,
2354 2964 2411 3009 et
2467 2954 2636 3009 robur
2693 2956 3004 3011 animorum
3066 2956 3282 3011 deliciis
3333 2968 3465 3012 sunt

1824 3090 1829 3093 Α
1881 3043 2170 3100 imminuta
2200 3062 2215 3104 :
2248 3056 2566 3117 mutatoque
2594 3047 2742 3102 victu
2780 3049 2979 3118 patrio,
3008 3048 3062 3101 in
3098 3050 3302 3119 praeliis
3338 3051 3458 3103 vin—

219 3104 326 3158 σθαι
354 3109 685 3181 ἐπειρῶντο,
726 3119 795 3169 τά
829 3134 886 3170 τε
922 3119 1031 3173 τῶν
1062 3121 1480 3194 ἀνθισταμένων
1516 3133 1773 3189 ἐκάκουν.

1883 3137 1928 3191 ci
1964 3136 2297 3197 didicerunt.
2329 3140 2478 3195 Bello
2504 3141 2616 3210 jam
2656 3140 2918 3207 instante,
2947 3143 3002 3197 in
3041 3150 3254 3195 montes
3283 3151 3463 3197 trans—

227 3194 340 3297 '0-6:
372 3201 651 3297 Ἀννίϐας,
678 3207 783 3272 ἕως
811 3211 912 3280 μὲν
942 3213 1038 3282 τῆς
1066 3215 1277 3285 τροφῆς
1298 3218 1492 3285 ἐνδεῶς
1521 3225 1773 3297 ηὐπόρει,

219 3287 298 3341 καὶ
314 3289 758 3366 διακινδυνεύων,
791 3304 1088 3375 σωφρόνως
1116 3308 1255 3377 μετὰ
1281 3309 1375 3362 τοῦ
1402 3287 1635 3382 στρατοῦ
1662 3287 1779 3390 διῆζ

218 3396 329 3443 γεν·
355 3385 427 3450 ὡς
451 3388 517 3440 δὲ
550 3388 649 3461 τὴν
684 3393 917 3465 Καπύην
948 3395 1160 3462 ἔλαϐον,
1215 3402 1309 3453 καὶ
1344 3403 1558 3468 πολλοῖς
1588 3385 1778 3481 ἐπιτη-

218 3469 358 3536 δείοις
392 3477 447 3529 ἐν
489 3479 748 3554 ῥᾳστώνῃ
794 3485 1177 3556 διεχείμασαν,
1224 3492 1324 3561 τήν
1362 3510 1420 3545 τε
1466 3496 1620 3567 ἰσχὺν
1668 3500 1777 3555 τῶν

221 3567 464 3663 εωμάτων
527 3571 604 3642 μὴ
663 3575 1026 3647 πονούμενοι,
1092 3583 1185 3634 καὶ
1262 3584 1360 3655 τὴν
1426 3591 1620 3659 ῥώμην
1678 3594 1776 3663 τῆς

220 3656 418 3730 γνώμης
457 3662 570 3716 ὑπὸ
614 3667 714 3736 τῆς
760 3666 1031 3735 εὐθυμίας
1066 3673 1487 3747 ἠλαττώθησαν,
1535 3685 1630 3736 καί
1676 3687 1776 3757 τὴν

220 3746 423 3820 πάτριον
454 3754 798 3824 ἀμείψαντες
858 3761 1092 3829 δίαιταν,
1147 3770 1456 3838 μετέμαθον
1509 3746 1774 3845 ἡττᾶσθαι

222 3840 520 3943 μαχόμενοι.
569 3848 723 3901 Ἐπεὶ
748 3850 804 3904 δὲ
829 3854 856 3903 ὁ
888 3854 1127 3925 πόλεμος
1154 3859 1253 3929 ἤδη
1282 3840 1558 3929 ἐπέκειτο,
1590 3869 1646 3934 ἐς
1673 3871 1774 3943 ὅρη

222 3934 454 4034 μετέστη,
482 3938 580 3990 καὶ
608 3940 885 4012 ἐγύμναζε
919 3946 978 3998 τὸ
1011 3950 1352 4022 στράτευμα.
1383 3957 1444 4010 Οἱ
1474 3957 1519 4010 δ’
1552 3962 1649 4034 οὐχ
1672 3934 1775 4019 olei

219 4034 268 4126 τε
297 4023 356 4126 δι’
394 4029 582 4097 ὀλίγου
614 4032 892 4105 ῥωσθῆναι
925 4039 1208 4106 γεγόνασι.
1246 4043 1509 4115 Βοηθείας
1539 4051 1595 4104 δὲ
1617 4023 1775 4126 ἀὐτῷ

221 4112 404 4171 οἴκοθεν
440 4122 613 4192 ἄλλης
656 4143 715 4178 τε
750 4128 844 4181 καὶ
876 4129 1194 4200 ἐλεφάντων
1223 4112 1506 4212 ἐλθούσης,
1536 4112 1771 4217 ἀνεθάρί

223 4217 333 4271 σηοε
365 4223 379 4237 θ
410 4212 509 4263 καὶ
539 4215 634 4264 ἐπὶ
670 4214 768 4285 τὴν
798 4217 1015 4282 Νῶλαν,
1043 4221 1118 4285 ὡς
1141 4224 1386 4296 αἱρήσων
1408 4230 1599 4303 αὐτὴν,
1625 4234 1657 4304 ἢ
1682 4212 1772 4291 τόν

223 4301 637 4403 γεέῐάρκελλον
690 4310 788 4380 τὴν
849 4311 1144 4382 Σαμνίτιδα
1194 4301 1772 4403 πορθοῦντα,ήταύτης

222 4388 438 4495 ἀπόζων,
472 4397 757 4470 ὥρμησεν.
819 4403 904 4467 Ὦς
945 4404 991 4458 δ’
1027 4408 1181 4462 οὐδὲν
1216 4388 1638 4493 ἐπέραινεξτῆς

1880 3229 1965 3293 iit,
2025 3240 2082 3285 et
2107 3233 2308 3287 milites
2337 3235 2582 3288 exltrcuit
2621 3250 2633 3286 :
2666 3233 2761 3289 sed
2811 3250 2938 3289 cum
2979 3235 3180 3305 exiguo
3213 3244 3461 3303 tempore

1881 3321 2084 3376 firmari
2118 3338 2229 3377 non
2255 3334 2499 3392 possent,
2531 3324 2842 3393 elephantis
2900 3324 3132 3395 aliisque
3194 3324 3462 3380 militibus

1878 3411 2041 3466 domo
2071 3414 2334 3477 advectis,
2371 3416 2614 3470 animum
2662 3415 2889 3486 recepit.
2936 3417 3241 3488 Nolamque
3283 3433 3460 3488 oppu-

1877 3505 2080 3573 gnavit,
2135 3516 2189 3561 ut
2247 3508 2334 3562 vel
2390 3507 2582 3562 urbem
2633 3515 2878 3578 caperet,
2936 3508 3021 3563 vel
3086 3508 3396 3564 Marcellum
3428 3526 3460 3564 a

1880 3595 2088 3651 Samnii
2128 3600 2432 3655 vastatione
2466 3609 2772 3655 revocaret.
2801 3599 2939 3656 Cum
2974 3601 3113 3661 nihil
3143 3602 3455 3672 proﬁceret,

1877 3690 2015 3743 urbe
2056 3691 2266 3753 relicta,
2298 3707 2456 3762 agros
2480 3693 2734 3754 vastavit,
2802 3695 2982 3749 donec
3008 3695 3160 3765 justo
3189 3696 3378 3764 praelio
3404 3696 3457 3749 vi

1876 3795 2196 3851 superatus,
2272 3801 2340 3839 ex
2391 3784 2762 3856 Hispanorum
2811 3793 2868 3842 et
2936 3787 3196 3843 Afrorum
3263 3787 3460 3845 crebra

1876 3873 1942 3928 ad
1986 3873 2261 3929 Romanos
2318 3877 2630 3932 defectione
2660 3879 2827 3948 (quod
2856 3879 2906 3933 ei
2957 3881 3112 3951 prius
3143 3881 3459 3937 nuntiatum

1874 3965 2037 4037 423
2067 3981 2228 4036 quam
2256 3968 2556 4036 acciderat)
2585 3986 2841 4041 magnum
2891 3972 3135 4027 dolorem
3178 3974 3363 4043 cepit:
3400 3984 3460 4031 et

1875 4058 1983 4113 sibi
2031 4058 2132 4128 ipsi
2165 4076 2228 4116 ac
2261 4060 2529 4117 militibus
2562 4062 2790 4128 diffisus,
2842 4063 2992 4118 omni
3028 4065 3119 4118 illa
3173 4064 3457 4134 provincia

1876 4151 2087 4217 relicta,
2117 4153 2358 4223 Capuam
2411 4154 2595 4218 rediit,
2634 4164 2800 4225 atque
2828 4156 2955 4212 inde
3000 4158 3164 4212 etiam
3192 4170 3314 4228 post
3346 4159 3465 4213 dis-a

1873 4241 2060 4296 cessit.
2096 4242 2165 4296 At
2198 4241 2589 4312 Scipionibus,-
2621 4244 2779 4299 Ibero
2825 4260 2985 4300 amne
3025 4246 3137 4316 jam
3174 4258 3453 4316 superato,

1874 4348 2034 4404 agros
2063 4335 2411 4390 vastantibus
2440 4344 2495 4391 et
2523 4337 2689 4392 urbes
2747 4338 3118 4408 capientibus,
3158 4339 3324 4395 etiam
3353 4340 3453 4394 Αετ

1873 4424 2127 4490 drubale,
2159 4427 2252 4498 qui
2305 4428 2372 4482 ad
2418 4446 2482 4484 ea
2516 4430 2859 4501 prohibenda
2895 4432 3218 4487 festinanter
3263 4447 3457 4487 accur~

226 4483 403 4553 πόλεως
448 4494 661 4565 ἀπέστη
696 4512 709 4526 ·
759 4495 858 4566 τὴν
892 4497 946 4550 δὲ
978 4498 1162 4571 χώραν
1208 4504 1412 4574 ἔκειρε,
1465 4483 1769 4584 μέχριςπιῦ

1883 4526 2045 4582 rcrat,
2079 4521 2195 4573 acie
2230 4519 2396 4586 victo,
2455 4519 2943 4592 Carthaginienses
2967 4524 3268 4595 majoribus
3302 4524 3455 4576 ειυχῖ-

377 4584 517 4638 κατὰ
544 4585 605 4638 τὸ
646 4585 867 4660 ἰσχυρδν
911 4593 1143 4662 ἡττήθη,
1177 4595 1265 4663 ἐφ’
1397 4577 1488 4653 καλι
1537 4577 1765 4674 ἤλγησε.

225 4666 386 4725 Πολλοὶ
421 4674 521 4744 μὲν
551 4677 661 4748 γὰρ
695 4679 932 4752 Ἴϐηρες,
974 4685 1157 4739 πολλοὶ
1187 4688 1243 4742 δὲ
1281 4692 1374 4745 καὶ
1409 4693 1520 4746 τῶν
1550 4666 1768 4753 λιϐύων

225 4760 552 4827 ἐγκατέλιπον
594 4773 780 4836 αὐτὸν,
809 4781 904 4829 καὶ
938 4779 1073 4850 πρὸς
1105 4782 1231 4845 τοὺς
1268 4785 1577 4855 Ῥωμαίους
1602 4791 1767 4860 ηὐτο-

228 4853 464 4949 μόλησαν,
523 4863 552 4917 ὂ
585 4864 741 4920 οὔπω
775 4871 907 4938 πρὶν
962 4872 1157 4928 ἔπαθε.
1219 4853 1538 4949 Καταγνοὺς
1600 4853 1648 4937 δ”
1701 4888 1768 4940 ἐκ

225 4947 386 5004 τούτου
426 4956 519 5007 καὶ
562 4957 757 5012 ἑαυτοῦ
793 4962 1017 5016 καὶτῶν
1049 4971 1421 5038 στρατιωτῶν,
1451 4976 1633 5028 πᾶσαν
1666 4977 1766 5048 τὴν

226 5043 310 5106 γῆν
336 5043 548 5119 ἐκείνην
585 5050 825 5119 ἐξέλιπε,
857 5058 952 5108 καὶ
981 5058 1062 5121 είς
1084 5059 1181 5129 τὴν
1216 5062 1453 5135 Καπύην
1486 5043 1768 5141 ἀνεχὼρῇ-

228 5143 336 5183 οεν⁸
383 5135 499 5194 εἶτα
531 5142 791 5197 κάκεῖθεν
841 5149 1098 5219 μετέστη.
1133 5154 1195 5206 Οἱ
1226 5155 1284 5208 δὲ
1328 5135 1630 5226 Σκιπίωνες

225 5236 272 5324 τε
296 5225 474 5303 Ἴϐηρα
512 5237 760 5307 ποταμὸν
801 5238 1080 5311 διέϐησαν,
1118 5247 1211 5299 καὶ
1249 5248 1347 5320 τὴν
1389 5250 1572 5322 χώραν
1601 5254 1768 5324 ἐπόρ-

227 5311 347 5418 ίΞουν,
385 5328 478 5380 καὶ
516 5329 702 5392 πόλεις
738 5333 1104 5403 προσήγοντο.
1152 5343 1249 5393 καὶ
1282 5343 1373 5395 τὸν
1432 5347 1767 5418 Ἀσδρούϐαν

227 5404 297 5506 id
330 5417 491 5472 ταῦτα
548 5422 756 5495 σπουδῇ
823 5426 1117 5483 ἐπελθόντα
1176 5434 1323 5505 μάχῃ
1369 5404 1647 5506 ἐνίκησαν.
1701 5444 1766 5496 Ol

230 5498 554 5601 Κξιςξχηδόνιοι
598 5513 677 5579 δὲ,
709 5516 882 5570 ταῦτα
949 5498 1392 5591 μαθόντες,“καὶ
1442 5498 1767 5601 νομίσαντες

230 5589 438 5682 πλείονος
490 5606 583 5657 τὸν
626 5589 963 5679 Ἀσδρούϐαν
1000 5611 1031 5682 ἢ
1091 5615 1183 5668 τὸν
1247 5589 1520 5674 Ἀννίϐαν.
1554 5589 1765 5679 δεῖσθαι

234 5678 473 5783 Ξοηθείας,
501 5696 598 5747 καὶ
630 5678 964 5767 φοϐηθέντες
992 5678 1066 5771 μὴ
1102 5707 1197 5758 καὶ
1229 5709 1283 5772 ἐς
1326 5712 1426 5779 τὴν
1463 5713 1675 5783 Λιϐύην

231 5767 497 5851 Σκιπίωνες
529 5787 786 5859 διαϐῆναι
822 5790 1237 5870 ἐπιχειρήσωσι,
1286 5801 1361 5875 τῷ
1403 5804 1505 5875 μὲν
1547 5767 1764 5879 ’Δύνίϐᾳ

1871 4608 1960 4663 liis
1988 4609 2304 4675 Asdrubali,
2332 4630 2497 4683 quam
2520 4615 2797 4679 Annibali,
2831 4630 2970 4686 opus
2996 4632 3118 4671 esse
3142 4617 3269 4677 rati.
3298 4627 3354 4670 et
3386 4632 3454 4670 ne

1872 4699 2159 4769 Scipiones
2211 4704 2263 4759 in
2315 4704 2555 4759 Africam
2595 4706 2913 4773 trajicerent
2953 4705 3112 4760 veriti
3138 4747 3154 4770 ,
3196 4706 3453 4760 Annibali

1873 4794 2055 4860 parvis
2106 4796 2509 4864 supplementis
2559 4796 2761 4854 missis.
2816 4795 3110 4851 maximam
3165 4797 3451 4864 copiarum

1870 4895 2081 4954 partem
2114 4903 2238 4941 cum
2272 4887 2499 4960 Magone
2528 4905 2690 4959 quam
2724 4890 3015 4945 celerrime
3043 4890 3099 4944 in
3134 4890 3452 4960 Hi~paniam

1870 4977 2232 5049 ablegarunt:
2267 4980 2526 5050 jubentes
2580 4990 2657 5041 ut,
2726 4981 2893 5036 rebus
2940 4981 3054 5037 illic
3105 4983 3448 5046 constitutis,

1872 5068 1989 5139 ipse
2018 5069 2074 5123 in
2103 5070 2372 5140 prasidiis
2395 5081 2563 5135 esset,
2622 5070 2895 5127 Asdrubal
2927 5082 3110 5127 autem
3145 5088 3269 5128 cum
3296 5089 3454 5128 exer-

1870 5161 1983 5216 citu
2019 5163 2076 5219 in
2112 5163 2321 5218 Italiam
2366 5164 2834 5236 proficisceretur.
2885 5165 3004 5232 Quo
3034 5167 3276 5237 cognito,
3330 5164 3452 5220 Sci-

1868 5255 2064 5325 piones
2097 5271 2272 5325 pugna
2304 5257 2709 5318 abstinuerunt,
2758 5274 2828 5312 ne
2851 5257 2993 5313 forte
3020 5259 3197 5315 victor
3236 5258 3445 5312 Asdru-

1871 5348 1957 5402 bal
1994 5347 2048 5402 in
2076 5348 2286 5402 Italiam
2317 5359 2656 5418 pr0peraret.
2688 5348 2828 5405 Cum
2862 5360 3048 5405 autem
3078 5350 3211 5405 socii
3250 5350 3453 5404 Roma-

1869 5454 2067 5495 norum
2089 5440 2686 5513 aCartbaginiensibus
2708 5452 3056 5503 vexarentur,
3075 5440 3303 5495 Publius
3323 5455 3449 5494 cum

1869 5532 2126 5588 hostibus
2152 5548 2507 5605 congressus,
2545 5536 2717 5591 vicit:
2756 5535 2937 5591 Cueus
2969 5549 3000 5589 e
3033 5549 3214 5603 pugna
3238 5533 3452 5588 abeun-

1871 5634 1973 5691 tes,
2008 5637 2269 5697 exceptos
2299 5628 2523 5684 occidit.
2553 5629 2635 5685 Ob
2666 5646 2787 5686 eam
2823 5628 3059 5689 cladem,
3110 5636 3164 5681 et
3199 5628 3455 5696 frequen-

1871 5726 1980 5775 tem
2030 5721 2249 5775 urbium
2280 5722 2675 5789 defectionem,
2721 5723 2886 5778 etiam
2934 5720 3082 5774 Afris
3128 5720 3335 5790 aliquot
3384 5723 3451 5776 ad

1869 5810 2148 5868 Romanos
2204 5815 2640 5880 transeuntibus,
2700 5809 2974 5868 Asdrubal
3043 5810 3303 5883 opinione
3354 5830 3455 5871 sua
