3896 6542
409 305 520 373 727

1675 313 2005 374 JOANNIS
2040 312 2364 373 ZONAR/E

3550 309 3664 372 128

409 443 513 492 tes,
529 435 585 484 et
605 426 834 483 classica
847 428 1192 483 cecinerunt.
1213 426 1428 494 Quibus
1447 428 1614 484 rebus
1630 427 1986 499 Syracusanis

2095 430 2295 502 χωρίον
2321 429 2623 500 ὑπερϐῆναι
2668 430 2729 482 sb
2760 430 2958 501 τεῖχος.
3007 429 3128 484 litin
3167 428 3364 484 τούτου
3407 426 3575 482 πύλαι
3605 431 3667 481 τέ

406 527 517 593 jam
537 521 666 576 vino
686 521 968 592 gravibus,
989 521 1175 577 subito
1202 521 1504 584 exterritis,
1527 523 1657 576 urbs
1690 534 1848 591 capta
1875 535 1980 589 est,

414 624 614 684 praeter
663 613 994 669 Acradinam
1047 624 1104 670 et
1159 615 1416 670 Insulam.
1473 614 1758 669 Marcellus
1801 625 1986 685 partes

410 719 600 776 captas
657 705 882 775 diripit,
931 707 1173 776 reliquas
1226 716 1618 776 oppugnatzet
1668 722 1984 777 quanquam

413 813 539 851 eum
570 798 762 851 labore
799 807 856 852 et
889 796 1064 860 tarde,
1101 806 1279 850 tamen
1307 796 1473 866 capit.
1507 795 1720 862 Quibus
1754 797 1984 850 Romani

414 889 594 959 potiti.
627 898 824 958 praeter
852 889 990 943 alios
1018 889 1242 952 multos,
1271 888 1438 942 etiam
1469 888 1856 942 Archimedem
1888 903 1984 942 oc-

412 981 688 1037 ciderunt.
735 982 869 1036 Nam
899 996 1023 1036 cum
1055 981 1284 1048 figuram
1319 981 1613 1050 quamdam
1646 981 1984 1046 deliuearet,

411 1082 469 1127 et
495 1071 682 1126 hostes
713 1070 907 1126 adesse
939 1070 1196 1126 audiret:
1232 1070 1439 1142 Caput,
1497 1071 1711 1142 inquit,
1765 1082 1986 1141 petant,

414 1166 610 1218 lineam
644 1179 746 1218 non
771 1172 990 1233 petant;
1014 1180 1078 1219 ac
1109 1164 1338 1219 militem
1362 1164 1474 1234 jam
1501 1173 1768 1220 astantem
1795 1179 1986 1236 parum

412 1257 660 1322 curavit,
689 1256 759 1312 ab
784 1272 982 1326 eoque,
1011 1256 1157 1327 quod
1185 1272 1214 1310 a
1257 1257 1404 1312 linea
1429 1255 1712 1312 discedere
1732 1257 1988 1328 iussisset

413 1350 576 1412 irato,
594 1363 770 1404 caesus
797 1358 901 1404 est.
922 1348 1227 1413 Marcellus,
1245 1348 1532 1419 Syracusis
1559 1347 1906 1418 expugnatis,
1932 1355 1990 1401 et

414 1456 605 1512 magna
653 1439 818 1511 426
863 1439 1062 1496 Siciliae
1119 1451 1270 1510 parte
1331 1451 1647 1511 recuperata
1671 1483 1688 1506 ,
1741 1455 1989 1510 magnam

415 1532 630 1588 laudem
658 1539 946 1588 assecutus
966 1541 1070 1595 est,
1089 1540 1144 1585 et
1175 1547 1288 1586 cos.
1312 1530 1652 1601 designatus.
1678 1530 1813 1585 Nam
1849 1529 1992 1583 Tor-

415 1628 645 1688 quatqu
703 1621 782 1676 iiii
825 1621 1074 1690 quidem,
1105 1621 1202 1675 filii
1230 1622 1314 1676 sui
1347 1620 1784 1681 interfectorem,
1812 1619 1993 1690 elege-

417 1721 544 1767 rant
566 1729 583 1767 :
607 1713 701 1768 sed
723 1729 849 1770 cum
877 1714 968 1770 ille
992 1715 1517 1784 recusasset(neque
1541 1715 1687 1768 enim
1719 1729 1776 1768 se
1803 1713 1990 1784 populi

2089 541 2232 587 τινες
2279 523 2372 576 ὑπ’
2412 522 2594 576 αὐτῶν
2625 521 3002 592 ἀνεῴχθησαν,
3033 521 3128 574 καὶ
3170 519 3524 574 εἰσελθόντων
3568 522 3670 573 καλ

2089 614 2325 685 ἐτέρων,
2381 614 2497 684 ἅμα
2565 615 2767 678 πάντες
2811 613 2919 668 ἀπὸ
2975 612 3227 681 σημείου,
3286 613 3380 666 καὶ
3443 612 3495 664 oi
3559 611 3674 664 ἐαω

2090 709 2185 760 καὶ
2215 707 2264 758 ot
2296 707 2425 770 ἐξω,
2457 705 2792 776 συνεϐόησαν
2821 705 2915 759 καὶ
2944 706 3054 768 τοῖς
3084 704 3276 774 δόρασι
3301 703 3399 765 τὰς
3427 703 3674 764 ἀσπίδας

2091 797 2481 867 συνέκρουσαν,
2543 797 2636 849 καὶ
2697 797 2747 851 οἱ
2793 794 3127 863 σαλπιγκταὶ
3204 794 3673 864 προσεπήχησαν,

2090 893 2232 943 ὥστε
2267 889 2473 961 ἀθρόαν
2507 890 2608 961 τὴν
2655 889 2922 958 ἔκπληξιν
2967 890 3081 950 τοῖς
3115 885 3508 958 Συρακουσίοις
3542 884 3678 954 μηδ’

2089 982 2266 1046 ἄλλως
2294 981 2354 1036 εὖ
2391 982 2607 1053 ἔχουσιν
2644 983 2749 1036 ὑπὸ
2782 980 2956 1052 μέθης
2989 979 3288 1050 συμϐῆναι,
3315 976 3410 1031 καὶ
3439 976 3542 1047 τὴν
3575 975 3682 1028 πό-

2089 1077 2172 1130 λιν
2195 1077 2420 1141 ἁλῶναι,
2462 1075 2600 1147 πλὴν
2629 1079 2729 1148 τῆς
2753 1075 3077 1146 ’Δχραδινῆς
3103 1074 3196 1128 καὶ
3228 1076 3325 1141 τῆς
3349 1072 3535 1141 Νήσου
3571 1087 3682 1123 κα-

2089 1170 2379 1240 λουμένης.
2409 1167 2470 1223 '0
2507 1167 2600 1222 οὖν
2640 1167 2959 1239 Μάρκελλος
3001 1167 3068 1220 τά
3101 1183 3160 1220 τε
3200 1165 3482 1220 ἑαλωκότα
3513 1164 3682 1233 διήρ-

2093 1279 2234 1316 πασε
2273 1261 2504 1325 καὶτοῖς
2552 1260 2627 1332 μὴ
2665 1259 2854 1314 ἁλοῦσι
2883 1258 3212 1332 προσέϐαλε,
3247 1258 3341 1310 καὶ
3374 1257 3474 1311 σὺν
3524 1256 3689 1324 πόνῳ

2095 1356 2194 1424 μὲν
2215 1356 2310 1422 καὶ
2335 1353 2535 1425 χρόνῳ,
2568 1354 2720 1422 ὅμως
2746 1354 2792 1407 δ’
2823 1353 2916 1407 οὖν
2939 1354 3036 1408 καὶ
3065 1351 3177 1406 τῶν
3209 1351 3413 1404 λοιπῶν
3441 1349 3548 1418 τῆς
3576 1349 3690 1401 Συο

2095 1443 2370 1516 ρακούσης
2410 1444 2736 1515 ἐκράτησεν.
2781 1444 3102 1515 Ἐγκρατεϊς
3128 1443 3184 1496 δὲ
3212 1441 3416 1496 τούτων
3449 1442 3502 1493 οἱ
3538 1441 3691 1492 Ῥω-

2095 1537 2245 1605 μαῖοι
2277 1535 2565 1604 γενόμενοι
2595 1534 2792 1598 ἄλλους
2821 1551 2881 1589 τε
2919 1534 3171 1598 πολλοὺς,
3214 1533 3310 1587 καὶ
3347 1533 3438 1585 τὸν
3487 1532 3544 1583 ’Δ
3558 1548 3692 1601 ρχι·

2096 1627 2273 1697 μήδην
2309 1627 2666 1680 ἀπέκτειναν.
2707 1626 3046 1697 Διάγραμμα
3075 1626 3186 1694 γάρ
3226 1643 3280 1678 τι
3327 1623 3698 1693 διαγράφων,

2094 1719 2190 1770 καὶ
2216 1718 2458 1782 ἀκούσας
2490 1718 2615 1778 τοὺς
2661 1719 2956 1788 πολεμίους
3000 1717 3347 1787 ἐφίστασθαι,
3385 1716 3554 1782 Παρὰ
3583 1731 3688 1768 κει

420 1817 624 1869 mores,
644 1820 824 1876 neque
841 1807 1105 1877 pepulum
1121 1807 1294 1876 ipsius
1314 1807 1604 1876 imperium
1635 1806 1745 1875 pati
1786 1805 1986 1876 posse),

2099 1806 2324 1877 φαλὰν,
2364 1808 2491 1877 ἐφη,
2534 1810 2632 1863 καὶ
2665 1808 2752 1880 μὴ
2801 1810 2958 1880 παρὰ
2982 1810 3281 1878 γραμμάν.
3323 1808 3696 1869 Ἐπιστάντος

416 1893 734 1950 Marcellum
758 1907 816 1953 et
843 1898 1112 1953 Valerium
1141 1899 1426 1953 Lavinium
1458 1913 1602 1953 coss.
1632 1907 1914 1952 crearunt.

2099 1898 2156 1952 δὲ
2188 1899 2338 1970 αὐτῷ
2371 1901 2658 1971 πολεμίου,
2698 1901 2872 1974 βραχύ
2895 1918 2956 1954 τε
2994 1900 3303 1970 ἐφρόντισε,
3338 1901 3434 1954 καὶ
3476 1897 3692 1960 εἰπὼν,

429 1987 750 2060 ludo-met,
783 1989 1063 2062 ἄνθρωπε,
1096 1991 1204 2044 ἀπὸ
1237 1993 1337 2060 τῆς
1371 1992 1660 2062 γραμμῆς,
1693 1990 1984 2061 παρώξυνέ
2020 2007 2079 2044 τε
2109 1991 2296 2056 αὐτὸν,
2325 1991 2422 2044 καὶ
2489 1993 2798 2062 κατεκόπη.
2847 1993 2905 2046 '0
2940 1992 3039 2062 μὲν
3063 1986 3156 2045 οὖν
3213 1989 3536 2059 Μάρκελλος
3574 1989 3686 2051 τὰς

419 2083 770 2152 Συρακούσας
792 2083 948 2150 ἐλὼν,
983 2086 1076 2140 καὶ
1109 2087 1207 2156 τῆς
1237 2085 1404 2156 ἄλλης
1441 2086 1690 2149 Σικελίας
1715 2084 1785 2138 τά
1842 2085 2015 2140 πλεεω
2054 2087 2565 2158 προσαγαγόμενος,
2612 2087 2708 2140 καὶ
2747 2090 3005 2160 ἐπῃνεῖτο
3047 2086 3322 2157 μεγάλως,
3371 2085 3468 2140 καὶ
3531 2084 3690 2138 ὓπα-

421 2194 508 2239 τος
568 2177 940 2235 ἀποδέδεικτο.
1023 2180 1394 2250 Προεϐάλοντο
1449 2182 1548 2250 μὲν
1605 2181 1716 2252 γὰρ
1763 2179 1856 2233 τὸν
1899 2180 2298 2249 Ἱόυρκουάτον,
2377 2182 2436 2245 ὃς
2491 2197 2622 2235 ποτε
2671 2182 2765 2236 τὸν
2854 2183 2972 2237 υἱὸν
3024 2181 3382 2235 ἀπέκτεινενο
3443 2180 3576 2234 ἐπεὶ
3628 2181 3692 2234 δὲ

415 2274 626 2338 ικεῖνος
655 2272 990 2343 άπηνῄνατο,
1023 2274 1193 2326 εἰπὼν
1225 2274 1302 2337 ὡς
1349 2273 1478 2327 (ὥτ’
1516 2275 1612 2326 ἐὰν
1643 2271 1755 2341 ἐγὼ
1792 2273 1862 2326 τὰ
1926 2272 2166 2344 ὑμέτερα
2230 2275 2632 2345 ἁμαρτήματα,
2677 2273 2790 2327 οὔτ’
2832 2275 2900 2329 ἂν
2969 2276 3128 2345 ὑμεῖς
3165 2273 3266 2343 τὴν
3325 2273 3468 2343 ἐμὴν
3517 2275 3701 2346 ἀκρε-

415 2364 569 2418 ϐειαν
613 2365 915 2434 ἐνέγκοιτε,
949 2367 1040 2420 τὸν
1070 2366 1390 2436 Μάρκελλον
1431 2367 1526 2420 καὶ
1575 2367 1861 2420 Λαουΐνιον
1895 2365 1988 2419 τὸν
2028 2364 2328 2437 Οὐαλέριον
2360 2368 2802 2438 ἐχειροτόνησαν.

486 2461 578 2516 Vl.
642 2459 898 2515 Marcello
923 2476 990 2516 ex
1022 2459 1209 2516 Sicilia
1254 2460 1504 2530 digresso
1531 2500 1548 2523 ,
1589 2459 1778 2530 copias
1822 2475 1986 2529 eque-

2174 2462 2265 2528 εἶ’.
2317 2459 2674 2524 ’Δπελθόντος
2716 2461 2773 2513 δὲ
2808 2460 2903 2514 τοῦ
2945 2460 3266 2530 Μαρκέλλου
3309 2461 3372 2513 ἐκ
3409 2461 3699 2524 Σικελίας.

415 2562 560 2607 stres
587 2553 639 2606 in
673 2567 794 2608 eam
818 2552 971 2607 misit
999 2552 1256 2614 Annibal,
1280 2552 1481 2607 misere
1504 2550 1986 2622 etCartbaginien-

2099 2551 2335 2624 δύναμιν
2369 2553 2582 2606 ἱππέων
2613 2554 2669 2616 ἐς
2699 2551 2868 2623 αὐτὴν
2899 2555 2927 2606 ό
2964 2553 3216 2616 Ἀννίϐας
3250 2552 3565 2619 ἀπέστειλε,
3597 2568 3704 2607 και

415 2657 505 2696 ses
528 2660 544 2693 :
571 2651 627 2697 et
680 2641 884 2712 praeliis
926 2642 1138 2711 aliquot
1167 2641 1440 2706 vietores,
1467 2642 1732 2708 civitates
1775 2655 1986 2710 quoque

2103 2645 2302 2716 ἐτέραν
2331 2647 2381 2699 οἱ
2427 2645 2791 2715 Καρχηδόνιοι
2837 2645 3116 2714 ἔπεμψαν,
3161 2644 3258 2697 καὶ⁵
3306 2643 3509 2714 μάχαις
3539 2644 3706 2696 τισὶν

417 2736 784 2803 subegerunt,
818 2750 881 2790 ac
917 2733 976 2788 ni
1007 2735 1299 2789 Cornelius
1348 2734 1627 2788 Dolabella
1665 2743 1868 2803 prator
1901 2747 1986 2786 su-

2104 2738 2366 2807 ἐνίκησαν
2393 2739 2488 2792 κα)⁸
2519 2738 2703 2802 πόλεις
2745 2737 3220 2808 προσεποιήσαντο
3246 2752 3263 2768 ·
3311 2737 3409 2788 καὶ
3435 2737 3490 2790 ετ
3512 2752 3577 2804 γε
3615 2737 3700 2806 μὴ

417 2825 774 2895 pervenisset,
801 2835 968 2880 totam
999 2825 1237 2879 Siciliam
1262 2824 1628 2894 subegissem.
1650 2822 1788 2878 Tum
1811 2823 1986 2892 Capua

2105 2832 2403 2903 Κορνήλιος
2440 2830 2769 2894 Δολοϐέλλας
2800 2829 3107 2900 στρατηγὸς
3133 2826 3459 2896 ἐπελήλυθε,
3499 2811 3702 2882 πᾶσαν

416 2933 636 2988 quoque
691 2933 721 2972 a
776 2918 1042 2972 Romanis
1101 2928 1257 2988 capta
1313 2927 1778 2987 estzquanquatu
1821 2917 1986 2972 Anni-

2099 2922 2201 2994 τὴν
2226 2923 2481 2976 Σικελίαν
2511 2921 2880 2993 ἐχειρώσαντο
2913 2922 2999 2976 ἄν.
3032 2922 3141 2974 Καὶ
3166 2923 3198 2992 ή
3244 2920 3445 2989 Καπύη
3473 2919 3532 2972 δὲ
3562 2922 3700 2973 τότε

417 3011 538 3066 bale
573 3027 668 3080 per
697 3011 915 3066 Latium
947 3013 1176 3065 Romam
1208 3020 1399 3073 eunte,
1433 3019 1494 3063 ut
1521 3025 1619 3064 eos
1649 3011 1718 3064 ab
1751 3011 1870 3078 ejus
1900 3026 1986 3063 ur-

2099 3015 2244 3068 ἐάλω
2277 3014 2429 3086 παρὰ
2476 3015 2787 3084 Ῥωμαίων,
2835 3013 3014 3067 καίτοι
3051 3012 3147 3066 τοῦ
3207 3011 3449 3065 ’Δννεϐον
3481 3012 3542 3074 ἐς
3587 3010 3698 3080 τὴν

417 3104 502 3158 bis
530 3104 818 3160 obsidione
846 3105 1158 3176 repelleret,
1202 3112 1258 3158 et
1291 3118 1464 3174 usque
1494 3102 1560 3156 ad
1594 3102 1838 3157 Tiberim
1867 3116 1986 3172 pro-

2109 3105 2334 3176 Ῥώμην
2380 3108 2728 3178 ὁρμήσαντος
2766 3105 2833 3158 ἵν’
2864 3105 2973 3158 ἀπὸ
3003 3104 3103 3173 τῆς
3138 3103 3375 3172 Καπύης
3412 3102 3543 3164 τοὺς
3582 3118 3694 3154 πο-

411 3211 639 3268 gresso,
672 3204 730 3251 et
758 3195 1140 3251 suburbanum
1194 3209 1384 3266 agrum
1433 3204 1705 3250 vastante.
1760 3193 1991 3249 Romani

414 3299 624 3352 autem,
663 3288 918 3359 quamvis
963 3287 1179 3351 territl,
1213 3297 1396 3342 tamen
1439 3287 1673 3342 alterum
1709 3286 1991 3340 consulem

417 3396 638 3435 manere
653 3381 870 3450 Capua,
885 3381 1117 3435 alterum
1140 3380 1340 3435 Urbem
1366 3379 1664 3435 defendere
1685 3379 1988 3450 jusserunt.

413 3469 490 3527 Ac
505 3469 766 3530 Claudius
783 3471 988 3543 Capuae-
1005 3473 1207 3527 mansi-t
1230 3472 1452 3543 (vulnus
1474 3471 1624 3526 enim
1646 3471 1956 3540 acceperat)
1969 3511 1984 3534 ,

416 3563 641 3619 Flaccus
667 3565 894 3620 Romam
935 3565 1274 3636 properavit.
1301 3565 1573 3621 Caeterum
1596 3565 1869 3619 Annibale
1897 3579 1992 3618 ex-

413 3654 702 3709 cursiones
745 3656 980 3711 subinde
1023 3657 1079 3711 in
1134 3657 1312 3712 oculis
1361 3656 1566 3712 civium
1617 3655 1887 3718 faciente,
1935 3662 1992 3708 et

414 3743 586 3798 multa
626 3744 871 3800 crudelia
906 3746 1150 3802 facinora
1174 3748 1396 3812 edente,
1424 3747 1533 3802 alio
1575 3755 1826 3817 tempore
1856 3747 1992 3802 satis

413 3835 729 3892 habuerunt
769 3837 941 3907 ipsam
989 3840 1184 3894 urbem
1237 3841 1401 3894 tueri.
1454 3840 1562 3896 Sed
1613 3855 1739 3895 cum
1793 3839 1987 3895 eodem

417 3938 665 4000 tempore
686 3940 743 3986 et
769 3933 821 3986 in
846 3933 1048 3989 muenia
1075 3948 1123 3988 et
1161 3933 1214 3987 in
1244 3943 1424 3988 castra
1450 3934 1715 4002 impetum
1741 3932 1990 3987 facturus

407 4033 578 4088 esset,
605 4024 724 4079 alea
750 4025 910 4092 iacta,
939 4038 995 4079 ut
1023 4027 1202 4090 aiunt,
1229 4037 1616 4082 excurreruut.
1639 4025 1776 4080 Cum
1801 4035 1986 4080 autem

403 4116 514 4186 jam
545 4117 765 4172 eminus
797 4118 1167 4183 dimicarent,
1201 4120 1470 4174 serenitas
1511 4119 1566 4173 in
1598 4129 1984 4190 tempestatem

411 4209 687 4278 ingentem
718 4224 842 4264 cum
868 4211 1090 4266 turbine
1119 4213 1377 4276 maximo,
1405 4212 1723 4277 tonitribus,
1764 4212 1988 4283 grandi-

411 4310 480 4348 ue
513 4303 569 4347 et
604 4293 914 4363 fulguribus
945 4304 1030 4349 est
1061 4310 1323 4349 conversa
1351 4312 1363 4347 :
1402 4304 1460 4349 ut
1495 4296 1658 4349 ambo
1687 4297 1985 4362 exercitus,

411 4386 561 4438 velut
585 4401 650 4439 ex
694 4386 1029 4454 composito,
1055 4387 1255 4456 cupide
1283 4403 1350 4442 eo
1373 4387 1690 4458 refugerent
1725 4389 1867 4443 unde
1896 4405 1989 4442 ve-

2095 3200 2449 3272 λιορκοῦντας
2493 3200 2668 3267 αὐτὴν
2723 3198 2931 3269 ἀπάξῃ.
2989 3199 3086 3250 καὶ
3134 3195 3223 3250 διὰ
3275 3195 3382 3249 τῶν
3427 3195 3694 3249 Λατίνων

2095 3293 2390 3355 ἐλάσαντος
2428 3292 2522 3344 καὶ
2568 3291 2707 3361 πρὸς
2742 3294 2835 3344 τὸν
2869 3289 3098 3360 Τίϐεριν
3130 3289 3374 3348 ἐλθόντος
3407 3289 3504 3342 καὶ
3539 3305 3689 3358 πορ-

2097 3383 2316 3447 θοῦντος
2355 3383 2426 3436 τὰ
2466 3382 2576 3454 πρὸ
2608 3381 2704 3436 τοῦ
2735 3381 2954 3445 ἄστεος.
3006 3383 3067 3434 0i
3121 3379 3230 3449 γὰρ
3280 3381 3339 3432 ἐν
3374 3381 3440 3448 τῇ
3487 3377 3686 3449 Ῥώμῃ

2093 3473 2444 3544 ἐφοϐήθησαν
2492 3472 2615 3542 μὲν,
2669 3471 3009 3542 ἐψηφίσαντο
3068 3470 3126 3524 δὲ
3187 3470 3278 3522 τὸν
3327 3467 3514 3538 ἕτερον
3569 3469 3689 3520 τῶν

2094 3566 2318 3621 ὑπάτων
2351 3569 2408 3620 ἐν
2437 3565 2639 3636 Καπύη
2675 3567 2880 3634 μεῖναι,
2915 3563 3007 3617 τὸν
3039 3564 3084 3617 δ’
3111 3563 3298 3632 ἕτερον
3323 3561 3506 3624 αὐτοῖς
3534 3562 3684 3614 ἐπα-

2096 3659 2283 3729 μῦναι.
2316 3659 2427 3716 Καὶ
2459 3657 2728 3721 Κλαύδιος
2761 3657 2861 3726 μὲν
2900 3657 2960 3710 ἐν
3007 3658 3072 3727 τῇ
3111 3654 3315 3724 Καπύῃ
3345 3654 3682 3723 κατέμεινεν

2094 3752 2383 3822 (ἐτέτρωτο
2405 3749 2560 3823 γὰρ),
2592 3749 2837 3813 Φλάκκος
2862 3749 2917 3802 δὲ
2943 3749 3078 3820 πρὸς
3105 3750 3204 3816 τὴν
3260 3747 3475 3817 Ῥώμην
3516 3747 3678 3816 ἠπεί-

2091 3842 2218 3914 χθη.
2278 3843 2386 3896 Τοῦ
2422 3843 2466 3896 δ’
2520 3842 2765 3895 Ἀννίϐου
2813 3843 2912 3906 τάς
2947 3859 3004 3895 τε
3061 3841 3410 3911 καταδρομὰς
3455 3842 3512 3892 ἐν
3562 3844 3680 3904 τοῖς

2091 3935 2394 4006 ὀφθαλμοῖς
2436 3935 2616 3990 αὐτῶν
2658 3935 2746 3990 ἀεὶ
2779 3935 3110 4005 ποιουμένου
3159 3934 3255 3988 καὶ
3305 3934 3472 3986 πολλὰ
3520 3933 3678 3986 δεινὰ

2090 4029 2345 4098 δρῶντος,
2369 4027 2462 4080 τὸν
2486 4027 2585 4095 μὲν
2608 4025 2770 4080 ἄλλον
2796 4026 2986 4098 χρόνον
3009 4025 3238 4095 ἠγάπων
3265 4026 3315 4078 εἰ
3337 4026 3403 4077 τά
3429 4042 3490 4088 γε
3521 4025 3678 4088 ἐντὸς

2091 4121 2198 4172 τῶν
2231 4119 2429 4189 τειχῶν
2467 4118 2888 4188 περισώσαιντο.
2959 4119 3114 4171 Ἐπεὶ
3159 4118 3216 4172 δέ
3264 4118 3358 4170 καὶ
3401 4119 3466 4186 τῇ
3515 4117 3678 4174 πόλει

2091 4214 2189 4268 καὶ
2246 4215 2360 4277 τοῖς
2417 4213 2806 4283 στρατοπέδοις
2855 4213 2971 4283 ἅμα
3030 4211 3364 4283 προσϐαλεῖν
3417 4210 3673 4279 ἔμελλεν,

2092 4305 2484 4378 ἁνεῤῥίψαντο,
2510 4307 2572 4358 τὸ
2600 4307 2696 4358 τοῦ
2727 4306 2910 4374 λόγου,
2941 4304 3130 4366 κύϐον,
3163 4307 3252 4358 καὶ
3275 4303 3672 4373 ἐπεξέδραμον.

2092 4400 2202 4453 Καὶ
2231 4398 2740 4470 ἀκροϐολιζομένων
2773 4399 2872 4469 ἤδη
2903 4397 3112 4468 χειμὼν
3158 4397 3217 4463 ἐξ
3253 4395 3471 4466 αἰθρίας
3515 4397 3672 4463 ἐξαε-

410 4484 627 4532 nerant.
672 4475 775 4532 Vix
804 4493 956 4531 arma
986 4489 1307 4548 posuerant,
1332 4495 1457 4535 cum
1493 4481 1764 4537 serenitas
1803 4481 1984 4538 rediit.

2095 4509 2208 4556 σιος
2245 4491 2538 4560 ἐπεγένετο
2572 4491 2712 4560 μετὰ
2743 4491 3056 4561 πνεύματος
3087 4490 3390 4561 ἀμηχάνου,
3426 4489 3674 4560 βροντῶν

410 4567 648 4624 Annibal
669 4569 919 4638 quamvis
940 4571 1052 4636 illa,
1076 4571 1249 4641 ipsius
1274 4571 1564 4626 conﬂictus
1587 4583 1854 4642 tempore,
1877 4589 1985 4628 non

411 4661 530 4717 sine
560 4663 787 4718 numine
815 4663 1082 4720 accidisse
1117 4664 1367 4731 rebatur,
1396 4673 1578 4720 tamen
1605 4669 1675 4721 ab
1698 4666 1988 4722 obsidione

409 4771 518 4811 non
551 4757 795 4815 destitit:
825 4759 916 4814 sed
949 4775 1074 4814 cum
1105 4758 1285 4815 denuo
1309 4760 1603 4831 confligere
1633 4761 1984 4826 instituisset,

407 4849 710 4919 eademque
752 4852 1100 4918 acciderent,
1136 4855 1462 4924 pertimuit:
1494 4856 1659 4910 etiam
1691 4871 1758 4910 eo
1797 4855 1986 4912 obstu-

409 4940 690 5008 pefactus,
736 4943 884 5012 quod
916 4945 1151 5001 Romani
1193 4946 1249 5001 in
1299 4956 1450 5002 tanto
1491 4947 1809 5003 discrimine
1848 4963 1984 5004 con-

409 5032 612 5099 stituti,
652 5049 829 5103 neque
863 5036 1104 5106 Capuam
1135 5041 1548 5110 relinquerent,
1587 5051 1645 5096 et
1692 5052 1982 5112 praetorem

408 5139 537 5179 cum
563 5125 908 5182 militibusin
939 5132 1253 5200 Hispaniam
1279 5133 1500 5188 missuri
1523 5144 1743 5189 essent:
1767 5139 1981 5203 etquod

409 5216 640 5285 pecunia
675 5229 933 5290 egentes,
985 5234 1178 5289 praeter
1225 5225 1368 5288 alia,
1421 5226 1554 5280 illud
1603 5227 1770 5282 etiam
1805 5229 1982 5282 solum

409 5311 620 5381 publici
641 5315 780 5385 agri,
813 5315 866 5368 iu
901 5329 1010 5382 quo
1041 5326 1222 5371 castra
1256 5318 1529 5383 habebat,
1571 5321 1982 5387 vendidissent;

406 5404 808 5476 desperataque
829 5409 1232 5478 expugnatione
1260 5411 1506 5476 recessit,
1539 5413 1774 5468 subinde
1801 5414 1984 5468 excla-

412 5515 586 5565 mans,
605 5500 650 5556 0
665 5501 905 5558 Cantus!
928 5503 1128 5558 Canna:
1148 5506 1246 5560 !ac
1271 5523 1337 5562 ne
1357 5507 1554 5578 Capuae
1573 5510 1796 5580 quidem
1822 5526 1981 5579 opem

407 5592 643 5661 amplius
671 5593 814 5650 ferre
858 5597 1053 5652 voluit.
1080 5598 1322 5668 Capuani
1357 5617 1525 5666 vero,
1558 5618 1868 5672 quanquam
1913 5602 1982 5657 ad

410 5699 658 5741 summas
698 5690 980 5762 angustias
1012 5689 1175 5762 427
1213 5692 1443 5754 redacti,
1466 5703 1646 5750 tamen
1687 5697 1980 5766 desperata

407 5778 566 5833 venia
591 5781 937 5850 restiterunt,
958 5783 1166 5840 auxilio
1195 5784 1484 5843 Annibalis
1514 5803 1610 5858 per
1639 5790 1854 5846 litteras
1879 5790 1981 5844 im-

2089 4600 2148 4638 τε
2180 4583 2272 4638 καὶ
2303 4583 2547 4654 χαλάζης
2578 4583 2672 4636 καὶ
2697 4582 3021 4653 ἀστραπῶν,
3044 4582 3119 4643 ὡς
3157 4582 3326 4650 ἄμφω
3364 4579 3673 4650 ἀγαπητῶς

2088 4676 2165 4740 ὡς
2196 4679 2258 4728 ἐκ
2291 4677 2636 4747 συνθήματος
2667 4677 2965 4746 ἀναφυγεῖν
2989 4675 3112 4728 ὅθεν
3133 4673 3422 4744 ὥρμησαν,
3450 4675 3580 4742 ἄρτι
3609 4691 3673 4728 τε

2087 4769 2157 4822 τὰ
2189 4768 2328 4822 ὅπλα
2372 4769 2742 4832 κατετίθεντο,
2789 4767 2882 4819 καὶ
2903 4765 3108 4837 ἀἰθρία
3153 4766 3392 4833 ἐγένετο.
3439 4765 3499 4819 Ὀ
3533 4765 3673 4833 γοῦν

2101 4862 2374 4926 Ἀννίϐας,
2427 4861 2603 4914 καίτοι
2644 4862 2742 4912 οὐκ
2782 4859 2934 4912 ἀθεεὶ
2976 4859 3337 4928 λογισάμενος
3377 4857 3532 4926 παρὰ
3575 4857 3670 4909 τὸν

2086 4956 2186 5024 τῆς
2213 4954 2435 5007 συνόδου
2467 4952 2657 5022 καιρὸν
2693 4951 3078 5020 συνενεχθῆναι
3099 4950 3167 5003 τά
3191 4951 3479 5018 γεγονότα,
3510 4949 3666 5020 ὅμως

2087 5047 2188 5100 οὐκ
2224 5046 2435 5114 ἀπέστη
2479 5044 2576 5112 τῆς
2622 5043 2965 5114 πολιορκίας,
2998 5042 3134 5096 ἀλλὰ
3181 5042 3277 5094 καὶ
3319 5039 3475 5103 αὖθις
3525 5043 3669 5110 μετὰ

2087 5136 2246 5190 τοῦτο
2287 5135 2582 5205 συμϐαλεῖν
2625 5137 3007 5206 ἐπεχείρησεν.
3066 5134 3158 5197 Ὣς
3203 5133 3261 5186 δὲ
3303 5131 3397 5184 καὶ
3437 5133 3564 5184 τότε
3597 5131 3667 5184 τὲ

2086 5227 2226 5284 αὐτὰ
2260 5227 2482 5295 συνέϐη.
2513 5228 2794 5281 κατέδεισε
2825 5243 2838 5258 ·
2881 5227 2976 5280 καὶ
3007 5223 3450 5296 προσεκπλαγεὶς
3477 5224 3563 5276 ὅτι
3605 5225 3665 5280 ἐν

2085 5321 2387 5392 τηλικούτῳ
2415 5321 2645 5391 κινδύνῳ
2671 5321 2844 5384 ὄντες,
2877 5319 2999 5373 οὕτε
3032 5323 3126 5388 τῆς
3159 5317 3391 5388 Καπύης
3415 5318 3662 5384 ἀπέστη-

2089 5433 2210 5480 σαν,
2242 5418 2338 5470 καὶ
2367 5419 2424 5480 ἐς
2455 5417 2555 5485 τὴν
2601 5416 2711 5484 ’16η
2723 5415 2845 5485 ρεαν
2874 5416 2969 5468 καὶ
2996 5412 3336 5482 στρατιώτας
3360 5413 3452 5464 καὶ
3491 5426 3660 5480 στρα-

2085 5509 2254 5578 τηγὸν
2281 5507 2521 5577 πέμψειν
2547 5507 2796 5578 ἔμελλον,
2823 5509 2914 5562 καὶ
2942 5490 3024 5560 ὅτι
3049 5505 3348 5578 χρημάτων
3367 5505 3658 5574 δεηθέντες

2087 5600 2379 5670 ἐπώλησαν
2419 5600 2553 5655 ἄλλα
2587 5617 2644 5652 τε
2685 5599 2778 5652 καὶ
2825 5598 2883 5652 τὸ
2921 5598 3120 5668 χωρίον
3163 5598 3219 5650 ἐν
3247 5589 3291 5664 ᾧ
3321 5598 3654 5667 ἐστρατοπε-

2084 5691 2290 5755 δεύετο,
2311 5691 2568 5761 δημόσιον
2591 5692 2672 5758 ὃν,
2705 5692 2798 5744 καὶ
2829 5691 3103 5758 ἀπογνοὺς
3127 5690 3426 5759 ἀπανέστη,
3453 5688 3651 5742 πολλά·

2088 5804 2173 5854 κις
2204 5788 2531 5859 ἀναϐοήσας,
2557 5781 2880 5850 ὯΚάνναι,
2901 5786 3144 5852 Κάνναι,
3168 5784 3258 5837 καὶ
3294 5784 3414 5838 οὐδὲ
3443 5787 3504 5860 τῇ
3535 5783 3653 5836 Κα-
