3896 6540
203 330 303 392 72f)

1415 325 1828 389 ANNALIUM
1873 325 2026 386 LIB.
2070 326 2174 385 IX.

3326 317 3435 376 730

197 445 301 515 πίῃ
319 441 395 496 ἐτ’
416 439 775 511 ἐπικουρῆσαι
791 437 1078 510 ἠθέλησεν.
1101 439 1164 494 Οί
1179 436 1260 503 δὲ,
1289 439 1492 510 καίπερ
1513 440 1576 492 ὲν
1593 436 1753 492 ἀσθε-

1859 433 2229 505 plorato.;Sed
2261 431 2530 488 tabellarii
2567 445 2595 483 a
2627 430 2822 484 Flacco
2851 426 3239 498 comprehensi
3273 429 3438 496 (nam

195 534 458 595 νεστάτοις
489 533 659 596 ὅντες.
691 534 842 602 ὅμως
866 531 1197 600 ἀπογνόντες
1231 532 1308 596 ὡς
1337 533 1397 586 ού
1427 531 1747 602 τευξόμενοι

198 625 519 695 συγγνώμης
547 624 700 696 παρὰ
736 625 1053 695 Ῥωμαίων,
1081 627 1353 696 ἀντεῖχον,
1389 626 1487 680 καὶ
1519 625 1597 696 τῷ
1631 626 1750 678 ’Λν-

195 719 307 788 νίϐα
338 718 656 773 ἐπέστειλαν
694 717 984 788 βοηθήσειν
1015 717 1198 782 αὐτοῖς
1223 717 1524 785 ἀξιοῦντες.
1547 717 1751 788 Συλλη-

195 809 405 879 φθέντες
419 808 478 864 δὲ
496 811 545 863 oi
564 810 672 864 τῶν
691 810 993 866 ἐπιστολῶν
1009 811 1272 881 κομισταὶ
1292 811 1444 882 παρὰ
1459 809 1556 865 τοῦ
1574 810 1751 866 Φλάκ-

194 919 281 956 κου
299 901 346 974 (ὀ
361 903 471 972 γὰρ
488 899 754 965 Κλαύδιος
772 901 912 972 ἔφθη
927 901 1206 973 τεθνηκὼς
1221 905 1286 957 ὲκ
1301 903 1395 957 τοῦ
1411 903 1748 976 τραύματος)

192 991 280 1054 τὰς
307 993 498 1063 χεῖρας
527 990 942 1062 ἀπετμήθησαν.
972 990 1079 1054 Οὓς
1131 992 1336 1056 ἰδόντες
1370 994 1420 1046 οί
1455 993 1751 1063 Καμπανοὶ

193 1082 364 1144 δεινῶς
392 1082 845 1153 κατεπλάγησαν,
877 1084 971 1137 καὶ
995 1085 1081 1138 δτι
1115 1085 1416 1156 πράξουσιν
1441 1085 1753 1140 ἐϐουλεύον-

192 1191 264 1230 το.
293 1173 612 1246 Λεχθέντων
627 1173 687 1228 δὲ
709 1174 944 1242 πολλῶν,
960 1175 1182 1240 Ἰούϐιός
1201 1193 1288 1241 τις
1312 1177 1534 1249 Ούῖριος
1555 1179 1614 1232 ἐν
1639 1180 1753 1242 τοῖς

191 1265 410 1338 πρώτοις
437 1266 628 1322 αὐτῶν
655 1265 734 1322 ὢν
761 1267 856 1321 καὶ
883 1267 984 1339 τῆς
1011 1269 1373 1333 ἀποστάσεως
1405 1269 1751 1334 αἰτιώτατος,

188 1359 294 1414 Μία
314 1357 461 1428 ἡμῖν
487 1358 683 1424 ἐστιν,
709 1360 835 1429 ἔφη,
870 1361 1186 1430 καταφυγὴ
1214 1363 1314 1416 καί
1353 1363 1687 1432 ἐλευθερία,
1721 1365 1755 1417 ό

190 1450 448 1516 θάνατος.
485 1451 602 1504 Καί
620 1470 720 1520 μοι
745 1453 1204 1520 ἀκολουθήσατε
1227 1456 1435 1510 οἴκαδε
1454 1471 1468 1489 ο
1502 1456 1620 1525 ἔχω
1644 1455 1756 1526 γάρ

193 1557 237 1593 τι
263 1540 579 1610 φάρμακον
594 1545 1195 1614 παρεσκευασμένον.
1231 1548 1340 1600 Καὶ
1369 1549 1397 1600 ὁ
1425 1547 1546 1617 μὲν,
1579 1564 1760 1614 παρα-

189 1631 351 1685 λαϐὼν
381 1633 509 1696 τοὺς
541 1635 696 1704 αύτῷ
718 1637 1068 1701 πεισθέντας,
1093 1637 1358 1702 ἑκουσίως
1386 1639 1626 1694 ἀπέθανε
1659 1644 1756 1697 σὺν

190 1724 379 1790 αὐτοῖς,
431 1725 532 1777 καὶ
581 1728 633 1778 cl
691 1727 870 1781 λοιποὶ
925 1727 1023 1790 τὰς
1085 1729 1262 1792 πύλας
1305 1733 1420 1793 τοῖς
1461 1730 1757 1801 Ῥωμαίοις

190 1815 435 1884 ἀνέῳξαν.
479 1814 540 1870 ’0
578 1815 635 1868 δὲ
665 1817 915 1880 Φλάκκος
952 1819 1023 1873 τά
1061 1836 1120 1872 τε
1149 1820 1292 1874 ὅπλα
1328 1821 1508 1875 αὐτῶν
1544 1825 1638 1875 καὶ
1687 1824 1756 1877 τὰ

189 1908 430 1979 Χρήματα
463 1911 652 1963 πάντα
691 1910 966 1978 ἀφείλετο,
998 1913 1230 1967 καὶτῶν
1264 1915 1477 1985 ἀνδρῶν
1508 1916 1620 1969 τῶν
1664 1933 1756 1970 κο-

190 2002 418 2070 ρυφαίων
452 2005 585 2066 τοὺς
616 2003 715 2074 μὲν
739 2006 1055 2070 ἀπέκτεινε,
1085 2007 1210 2068 τοὺς
1229 2007 1285 2062 δὲ
1318 2010 1376 2071 ἐς
1401 2007 1504 2080 τὴν
1529 2007 1756 2080 Ῥώμην

187 2093 405 2163 επεμψε.
435 2095 641 2151 Μόνων
669 2096 714 2150 δ’
744 2096 1020 2168 ἀπέσχετο
1047 2099 1157 2152 τῶν
1178 2101 1242 2153 ὲκ
1266 2099 1360 2154 τοῦ
1390 2101 1580 2170 ὁμίλου
1599 2119 1756 2173 περι-

187 2185 526 2255 λειφθέντων,
568 2189 666 2242 tari.
697 2188 776 2259 τῷ
805 2191 900 2244 καὶ
939 2189 1181 2260 ἄρχοντα
1226 2192 1424 2258 αὐτοὺς
1468 2193 1756 2263 Ῥωμαίων

189 2276 502 2347 λαμϐάνειν,
532 2280 630 2334 καὶ
684 2282 826 2352 μήτε
880 2282 1076 2354 βουλὴν
1121 2283 1288 2354 ἔχειν,
1345 2287 1484 2355 μήτε
1539 2287 1756 2340 σύνοδον

192 2371 464 2427 ποιεῖσθαι.
500 2372 772 2442 ’Υστερον
802 2374 860 2428 δὲ
896 2373 994 2429 καὶ
1019 2375 1155 2430 ἄλλα
1179 2377 1302 2429 τινὰ
1337 2378 1752 2448 προσεπῶφλον,

192 2463 560 2534 κατηγορῆσαι
591 2465 686 2519 τοῦ
707 2467 958 2522 Φλάκκου
988 2469 1382 2539 τολμήσαντες.
1430 2471 1754 2542 Ἐπεχείρη-

193 2571 278 2608 σαν
317 2557 373 2610 δὲ
416 2559 518 2612 καὶ
549 2559 602 2612 oi
628 2561 928 2629 Καμπανοὶ
951 2561 1044 2616 τοῦ
1063 2563 1314 2617 Φλάκκου
1351 2567 1751 2634 κατηγορῆσαι,

193 2650 273 2702 καὶ
296 2651 384 2704 τοῦ
410 2653 746 2723 Μαρκέλλου
771 2656 821 2708 oi
848 2655 1209 2725 Συρακούσιοι
1239 2657 1604 2721 ὑπατεύοντος
1627 2658 1753 2729 ἤδη,

193 2745 274 2797 καὶ
302 2745 710 2815 ἀπελογήσατο.
741 2749 814 2801 Οὐ
841 2749 951 2818 γὰρ
974 2749 1207 2820 ἠθέλησε
1232 2750 1440 2822 πρᾶξαί
1468 2768 1520 2803 τι
1557 2751 1667 2804 τῶν
1688 2754 1752 2822 τῇ

193 2833 315 2905 ἀρχῇ
345 2841 771 2908 προσηκόντων,
804 2842 936 2911 πρὶν
973 2841 1443 2913 ἀπολογήσασθαι.
1484 2845 1546 2896 Οἱ
1575 2845 1754 2914 Συραο

194 2925 379 2981 κούσιοι
410 2927 497 2995 δὲ,
519 2931 894 2996 καταστάντες
922 2935 1003 2996 είς
1032 2933 1245 3002 λόγους,
1265 2938 1756 3007 οἰκονομικώτερον

193 3020 248 3087 τῇ
297 3019 534 3088 διαλέξει
591 3024 919 3094 ἐχρήσαντο,
973 3025 1074 3078 οὐκ
1129 3029 1212 3089 εἰς
1269 3029 1605 3099 κατηγορίαν
1661 3027 1754 3081 τοῦ

195 3108 525 3178 Μαρκέλλου,
572 3113 689 3166 ἀλλ’
721 3117 802 3176 εἰς
845 3116 1084 3170 ἱκετείαν
1114 3120 1417 3187 τραπέντες

197 3198 360 3268 λογίαν
407 3203 510 3258 τοῦ
560 3206 636 3275 μὴ
687 3206 906 3271 ἑκόντες
959 3203 1262 3278 ἀποστῆναι
1312 3210 1598 3278 Ῥωμαίων
1658 3213 1754 3264 καὶ

200 3296 510 3367 συγγνώμης
559 3299 744 3368 τυχεῖν
793 3298 1090 3364 ἀξιοῦντες.
1133 3302 1242 3354 Καὶ
1279 3301 1450 3354 ταῦτα
1478 3302 1752 3368 λέγοντες,

198 3386 266 3448 εις
298 3388 390 3457 τὴν
431 3390 547 3460 γῆν
586 3392 846 3455 πεσόντες
883 3392 1246 3462 ὠλοφύροντο.
1299 3393 1410 3447 Καὶ
1439 3393 1754 3464 διαγνῶμης

200 3481 495 3552 γενομένης,
561 3481 707 3548 ἔδοξε
765 3483 858 3538 τὸν
911 3485 1232 3555 Μάρκελλον
1293 3485 1393 3554 μὲν
1436 3485 1601 3555 μηδὲν
1641 3485 1754 3538 ἀδι-

203 3570 316 3631 κεῖν,
338 3571 464 3635 τοὺς
503 3573 692 3641 μέντοι
732 3574 1141 3644 Συρακουσίους
1176 3574 1586 3646 φιλανθρωπίας
1609 3575 1753 3635 τινος

201 3658 360 3725 ἀξίους
391 3659 560 3727 εἶναι,
591 3665 694 3718 οὐκ
739 3665 798 3730 ἐξ
828 3658 902 3718 ὦν
929 3666 1216 3738 ἐποίησαν,
1252 3666 1366 3719 ἀλλ’
1397 3666 1458 3732 ἐξ
1493 3661 1568 3720 ὧν
1603 3663 1755 3722 εῐπόν

201 3766 252 3803 τε
288 3756 372 3808 καὶ
397 3757 716 3812 ἱκέτευσαν.
740 3757 848 3809 Τοῦ
877 3757 933 3810 δὲ
959 3758 1287 3828 Μαρκέλλου
1327 3759 1755 3830 παραιτησαμέ-

203 3859 278 3894 νου
314 3846 370 3897 τὸ
405 3847 675 3900 ἀπελθεῖν
709 3850 788 3909 είς
818 3848 1091 3913 Σικελίαν,
1128 3849 1219 3901 τὸν
1251 3850 1537 3902 Λαουΐνιον
1581 3851 1754 3920 επεμ-

202 3935 310 4002 ψαν.
333 3941 439 3994 Καὶ
472 3943 526 3994 oi
568 3943 672 4010 μὲν
714 3943 1074 4011 Συρακούσιοι
1105 3942 1249 3996 οὕτω
1281 3944 1613 4015 συγγνώμης
1637 3944 1758 3997 ἐτυ-

204 4044 296 4095 χον.
317 4034 374 4085 Οί
401 4033 462 4086 δὲ
489 4034 788 4104 Καμπανοὶ⁹
812 4035 905 4088 ὑπ’
935 4034 1300 4100 ἀπαιδευσίας
1322 4035 1658 4106 θρασύτερον
1688 4039 1751 4105 τῇ

205 4123 486 4195 κατηγορίᾳ
547 4125 917 4194 χρησάμενοι,
965 4125 1062 4179 καὶ
1121 4127 1561 4198 ὲπετιμήθησαν,
1622 4127 1756 4198 μηδὲ

207 4216 447 4284 παρόντος
497 4215 596 4268 τοῦ
625 4217 900 4280 Φλάκκου,
933 4217 1070 4272 ἀλλά
1102 4235 1244 4282 τινος
1269 4218 1380 4271 τῶν
1414 4220 1758 4290 ύπεστρατη-

207 4303 428 4371 γηκότων
478 4305 634 4376 αύτῷ
673 4306 1186 4378 ἀπολογησαμένου.
1239 4307 1504 4378 ’Δλούσης
1553 4308 1611 4360 δὲ
1656 4309 1755 4375 τῆς

206 4394 432 4469 Καπύης,
472 4401 571 4454 καὶ
605 4400 776 4453 τᾶλλα
811 4400 880 4454 τὰ
912 4401 1075 4471 πέριξ
1105 4401 1421 4471 πολίσματα
1466 4404 1579 4464 τοῖς
1621 4401 1746 4454 Ῥω-

1847 529 2110 585 Claudius
2130 545 2197 584 ex
2230 527 2458 582 vulnere
2478 526 2589 597 jam
2612 522 2970 594 decesserat),
2997 521 3248 576 manibus
3281 531 3436 576 trun-

1849 621 1960 676 cati
1995 630 2165 676 sunt:
2200 634 2312 690 quo
2345 617 2589 688 Capuani
2639 616 2758 672 viso
2809 614 3090 685 perculsi,
3124 613 3192 668 de
3226 629 3382 668 sum"
3406 629 3435 666 a

1850 728 2034 768 rerum
2058 712 2461 767 deliberabant.
2488 710 2674 765 Multis
2705 708 2893 764 verbis
2917 706 3092 768 lactis,
3115 705 3310 760 Juvius
3337 704 3439 756 Vi-

1851 808 1998 873 rius,
2037 807 2123 861 vir
2156 806 2446 878 princeps,
2487 802 2812 860 deiet-tionis
2844 801 3157 871 praecipuus
3192 807 3389 853 auctor
3417 814 3432 852 :

1856 898 2050 963 Unum,
2077 899 2276 968 inquit.
2307 897 2455 952 nobis
2486 896 2792 966 confugium
2817 902 2866 947 et
2895 892 3113 946 libertas
3148 899 3436 953 est,mors.

1868 993 1964 1048 Vos
1983 1009 2064 1046 me
2076 992 2290 1046 domum
2310 990 2612 1060 sequimini,
2633 1003 2892 1042 venenum
2913 987 3050 1039 enim
3071 991 3438 1055 prwparatum

1852 1084 2036 1140 habeo.
2069 1083 2160 1138 Sic
2188 1081 2442 1137 abductis
2472 1081 2541 1135 iis
2573 1093 2784 1142 secum,
2818 1077 3021 1148 quibus
3049 1091 3113 1130 ea
3160 1074 3433 1129 sententia

1853 1176 2109 1254 placebat
2131 1217 2146 1242 ,
2174 1191 2282 1231 una
2314 1190 2441 1230 cum
2485 1173 2596 1230 illis
2634 1174 2780 1227 ultro
2806 1170 2992 1241 periit,
3027 1169 3212 1225 caeteri
3243 1177 3437 1238 portas

1854 1269 2122 1325 Romanis
2151 1275 2532 1338 aperuerunt:
2563 1263 2767 1334 quibus
2794 1262 3019 1317 Flaccus
3063 1275 3217 1315 arma
3247 1257 3436 1314 omnia

1855 1369 1909 1418 et
1928 1361 2219 1432 pecuniam
2247 1373 2467 1414 omnem
2486 1356 2691 1412 ademit
2717 1373 2730 1410 :
2762 1363 2818 1410 et
2843 1353 3156 1424 principum
3187 1352 3437 1406 virorum

1856 1453 1999 1508 alios
2034 1450 2279 1514 occidit,
2327 1449 2466 1504 alios
2497 1449 2728 1502 Romam
2783 1446 2966 1504 misit.
3015 1444 3116 1498 soli
3152 1442 3329 1497 turbae
3367 1457 3432 1495 ex

1856 1547 2091 1618 plebeiis
2115 1544 2342 1614 reliquae
2369 1542 2439 1597 iis
2465 1539 2880 1596 conditionibus
2908 1537 3175 1607 pepercit,
3214 1546 3272 1590 ut
3300 1551 3438 1604 prae-

1859 1639 1964 1695 tori
1987 1641 2236 1694 Rutnano
2266 1644 2547 1708 parerent,
2583 1644 2643 1687 ut
2674 1632 2888 1686 nullum
2915 1639 3191 1692 senatum,
3217 1627 3437 1681 nullum

1860 1733 2155 1788 concilium
2189 1731 2478 1785 haberent.
2511 1728 2641 1782 Post
2673 1725 2841 1779 etiam
2881 1723 3004 1777 alia:
3035 1721 3220 1775 multa:
3256 1718 3435 1781 impoo

1865 1827 2006 1888 sine,
2035 1841 2160 1880 cum
2197 1823 2456 1878 Flaccum
2484 1835 2744 1876 accusare
2771 1818 2887 1872 ausi
2919 1823 3131 1877 essent,
3171 1811 3442 1880 Campani

1862 1937 2082 1992 quoque
2094 1918 2347 1973 eumdem
2364 1929 2624 1971 accusare
2638 1913 3017 1972 instituerunt,
3032 1916 3087 1962 et
3103 1903 3431 1978 Syracusani

1861 2013 2177 2071 Marcellum
2205 2011 2315 2079 jam
2349 2008 2653 2064 consulem.
2689 2006 2741 2059 ls
2768 2020 2826 2058 se
2855 2001 3140 2064 defendit,
3178 2015 3281 2054 nee
3310 2007 3438 2053 ante

1861 2121 1982 2162 eam
2018 2102 2396 2159 defensionem
2435 2098 2736 2169 quidquam
2769 2110 2870 2165 pro
2904 2092 3236 2148 auctoritate
3266 2091 3440 2160 impe-

1863 2200 1928 2255 rii
1958 2213 2150 2268 gerere
2175 2195 2368 2250 voluit.
2404 2193 2609 2249 Verum
2645 2186 2999 2261 Syracusani,
3027 2183 3246 2240 dicendi
3283 2190 3446 2252 pute-

1862 2303 2006 2349 slate
2033 2293 2178 2353 data,
2208 2302 2428 2344 causam
2458 2300 2613 2341 suam
2642 2281 2938 2336 artiﬁciose
2957 2285 3191 2349 egerunt
3217 2293 3232 2341 ;
3265 2274 3440 2330 omis-

1862 2400 2031 2455 saque
2061 2381 2300 2437 Marcelli
2330 2377 2704 2437 accusatione,
2730 2373 2798 2427 ad
2837 2387 3030 2442 preces
3060 2367 3339 2429 conversi,
3377 2379 3444 2419 se

1861 2493 1972 2532 non
2005 2476 2154 2530 ultro
2185 2472 2454 2527 defecisse
2485 2475 2820 2531 asserentes,
2849 2464 3064 2518 veniam
3096 2459 3440 2531 petiverunt.

1860 2570 1992 2636 Qua:
2018 2583 2140 2622 cum
2169 2571 2541 2636 perorassent,
2568 2560 2622 2614 in
2656 2569 2858 2614 terram
2884 2554 3124 2626 prolapsi
3149 2562 3205 2608 et
3235 2553 3444 2606 lamen-

1865 2663 1959 2717 tati
1988 2668 2136 2714 sunt.
2164 2654 2455 2725 Sull‘ragiis
2478 2652 2624 2715 latis,
2650 2649 2938 2705 Marcellus
2969 2645 3201 2701 crimine
3224 2643 3442 2698 solutus

1861 2761 1980 2808 est:
2007 2762 2062 2806 et
2091 2750 2400 2808 decretum,
2428 2744 2806 2815 Syracusanos
2836 2737 3167 2795 clementius
3198 2742 3444 2789 tractan-

1862 2843 1962 2898 dos
2002 2856 2126 2896 esse
2148 2880 2164 2904 ,
2203 2853 2314 2892 non
2358 2835 2429 2890 ob
2460 2834 2600 2888 facta
2635 2847 2849 2894 eorum,
2881 2829 2973 2884 sed
3011 2834 3238 2897 propter
3272 2823 3442 2878 verba

1859 2945 1911 2990 et
1936 2930 2381 3002 supplicationes.
2413 2926 2669 2980 Marcello
2705 2923 2890 2978 redire
2920 2922 2973 2975 in
3007 2919 3249 2974 Siciliam
3278 2931 3441 2970 recu-

1861 3037 2018 3081 sante
2045 3067 2058 3090 ,
2095 3023 2384 3078 Lavinium
2422 3021 2713 3074 miserunt.
2771 3016 2906 3069 Cum
2953 3008 3282 3082 Syracusani
3338 3007 3445 3060 hoc

1473 3121 1565 3171 καὶ
1617 3121 1755 3172 ἀπος
1779 3122 1823 3185 C
1860 3119 2020 3174 modo
2042 3118 2259 3171 veniam
2290 3115 2706 3183 impetrassent,
2727 3106 2989 3176 Campani
3011 3120 3077 3157 ex
3107 3100 3324 3156 inscitia
3359 3099 3444 3151 iu-

1861 3213 2136 3268 snlentius
2168 3209 2222 3262 in
2257 3205 2544 3260 consulem
2589 3200 2826 3259 invecti,
2861 3197 3029 3252 etiam
3062 3189 3338 3263 oltjurgati
3386 3199 3444 3242 et

1860 3305 2082 3375 gravius
2101 3299 2314 3354 multati
2345 3306 2495 3359 sunt,
2525 3295 2752 3349 absente
2781 3291 2999 3347 Flacco,
3023 3296 3081 3340 et
3111 3283 3348 3353 quodam
3375 3295 3444 3334 ex

1860 3398 1982 3466 ejus
2027 3393 2224 3459 legatis
2271 3403 2493 3444 causam
2540 3385 2784 3440 dicente.
2817 3381 2988 3450 Capta
3015 3379 3200 3446 Capua
3226 3417 3240 3435 .
3271 3375 3439 3430 etiam

1864 3489 2109 3543 ﬁnitima:
2163 3485 2420 3538 civitates
2471 3477 2737 3535 Romanis
2790 3480 3186 3535 accesserunt,
3243 3477 3449 3538 przeter

1861 3581 2162 3635 Atellanos.
2186 3575 2250 3629 lli
2277 3575 2450 3639 enim,
2477 3573 2614 3626 urbe
2647 3570 2891 3630 deserta,
2929 3580 3054 3622 cum
3086 3562 3358 3618 uxoribus
3385 3569 3442 3613 et

1861 3673 2056 3729 liberis
2099 3668 2425 3724 Annibalem
2475 3665 2756 3718 adierunt.
2797 3660 2978 3715 Etiam
3013 3657 3241 3726 reliquae
3270 3652 3444 3707 Italiae

1861 3774 2068 3834 partes,
2102 3757 2646 3830 Carthaginiensium
2672 3753 2955 3818 studiosae,
2990 3749 3281 3805 mutabant
3324 3744 3446 3800 ani-

1862 3872 1981 3910 mos
2001 3895 2014 3918 ,
2041 3863 2096 3909 et
2127 3871 2155 3908 a
2185 3851 2514 3907 consulibus
2546 3847 2749 3919 passim
2783 3842 3265 3900 circumeuntibus
3301 3836 3445 3892 reci-

1860 3949 2180 4018 piebantur.
2219 3942 2506 3998 Tarentini
2560 3951 2743 3994 autem
2791 3936 3034 3990 nondum
3085 3943 3272 3999 aperte
3317 3945 3442 3984 cum

1863 4039 2128 4095 Romanis
2185 4037 2499 4099 faciebant,
2555 4033 2653 4088 sed
2711 4031 2850 4086 clam
2893 4023 3447 4095 Carthaginiensibus

1861 4131 2030 4203 428
2078 4129 2505 4185 succensebant.
2537 4125 2772 4181 Romani
2808 4124 3036 4194 petitam
3070 4119 3138 4172 ab
3173 4114 3447 4171 Annibale

1863 4224 2208 4293 captivorum
2249 4220 2714 4292 permutationem
2757 4234 2868 4272 non
2907 4216 3316 4284 impetrarunt,
3373 4206 3447 4262 ub

1866 4314 2279 4376 Cartltalnnem,
2321 4321 2382 4366 ut
2426 4312 2664 4374 hostem,
2716 4308 2860 4362 intra
2892 4305 3094 4360 magnis
3147 4317 3258 4355 non
3293 4313 3447 4352 rece-

1866 4418 2041 4478 ptum.
2080 4405 2448 4473 Quamobrem
2491 4405 2537 4459 is
2571 4404 2766 4464 iratus,
2787 4399 3062 4468 colloquio
3095 4395 3406 4448 detrectato
3430 4428 3446 4450 ,

210 4491 366 4556 μαίοις
424 4495 971 4564 προσκεχωρήκασι,
1021 4494 1161 4564 πλὴν
1205 4493 1534 4548 Ἀτελανῶν.
1596 4486 1753 4546 Οὗτοι

1865 4501 2046 4555 statim
2086 4498 2334 4553 recessit.
2374 4498 2488 4552 Hoc
2520 4508 2766 4564 tempore
2798 4491 3058 4546 Lavinius
3079 4487 3289 4542 .lEtolos
3317 4481 3451 4537 Phi-

212 4583 321 4654 γὰρ,
347 4587 662 4650 ἐκλιπόντες
687 4588 786 4658 τὴν
808 4587 963 4642 πόλιν
985 4589 1188 4652 αὐτῶν,
1218 4587 1488 4656 πανδημεὶ
1513 4587 1648 4654 πρὸς
1668 4586 1753 4638 τὸν

1864 4589 1998 4659 lippi
2029 4588 2210 4642 socios
2230 4587 2334 4641 sibi
2367 4585 2712 4648 conciliavit,
2751 4592 2807 4638 et
2828 4582 3143 4649 Philippum
3179 4589 3352 4642 usque
3381 4572 3449 4626 ad

219 4673 440 4732 Ἀννίϐαν
467 4679 780 4752 ἐχώρησαν.
802 4681 911 4733 Καὶ
939 4682 972 4752 ἡ
1001 4681 1140 4749 ἄλλη
1167 4681 1225 4734 δὲ
1259 4681 1459 4734 Ἰταλία
1489 4681 1521 4750 ἡ
1549 4681 1617 4733 τὰ
1650 4679 1753 4732 τῶν

1867 4680 2166 4750 Corcyram
2204 4693 2554 4747 progressum
2619 4677 2696 4731 ita
2749 4673 2972 4733 terruit,
3001 4679 3061 4724 ut
3091 4667 3344 4736 trepidus
3393 4663 3450 4716 in

210 4765 570 4842 Καρχηδονίων
626 4771 901 4842 φρονοῦσα
940 4772 1240 4842 ἠλλοιοῦτο.
1293 4773 1404 4825 Καὶ
1456 4771 1753 4839 περιιόντες

1870 4771 2244 4826 Macedoniam
2283 4785 2340 4822 se
2392 4769 2681 4837 reciperet.

211 4859 250 4909 οἱ
273 4860 454 4918 ὕπατοι
507 4863 938 4936 προσεποιοῦντο
978 4865 1168 4935 αὑτήν.
1205 4865 1526 4934 Ταραντῖνοι
1588 4863 1644 4914 δὲ
1683 4863 1934 4932 φανερῶς
1966 4863 2065 4930 μὲν
2130 4861 2346 4914 οὐδέπω
2402 4859 2471 4911 τὰ
2490 4859 2598 4910 τῶν
2630 4856 2920 4927 Ῥωμαίων
2944 4853 3208 4927 ᾑροῦντοο
3265 4850 3447 4920 λάθρα

213 4949 259 5002 δὲ
296 4957 398 5018 rei;
443 4959 845 5029 Καρχηδονίοις
882 4959 1130 5030 ἦχθοντο.
1182 4960 1245 5012 Οἱ
1275 4958 1320 5011 δ’
1347 4961 1404 5012 ὲν
1448 4959 1514 5026 τῇ
1559 4956 1748 5029 Ῥώμῃ
1786 4955 2286 5025 διεκηρυκεύσαντο
2343 4953 2421 5022 τῷ
2483 4950 2704 5020 Ἀννίϐᾳ
2733 4951 3091 5004 ἀνταπόδοσιν
3117 4947 3226 4999 τῶν
3252 4948 3452 5013 αἰχμα-

215 5041 374 5105 λὼτων
427 5053 786 5125 ποιήσασθαι,
844 5054 906 5105 ού
969 5052 1380 5122 κατηλλὰξαντο
1429 5053 1487 5106 δὲ
1536 5051 1758 5115 αὐτοὺς,
1836 5050 1962 5102 ἐπεὶ
2023 5049 2126 5102 οὐκ
2183 5048 2434 5112 ἐδέξαντο
2497 5047 2588 5099 τὸν
2638 5046 2986 5117 Καρθάλωνα
3046 5043 3140 5096 τοῦ
3235 5040 3450 5107 τείχους

216 5145 362 5254 Ξῖῗδςν
415 5154 488 5254 ξδῖ
538 5155 824 5226 πολέμιον·
870 5155 997 5208 Οὐδ’
1049 5156 1107 5218 ἐς
1154 5154 1346 5224 λόγους
1406 5155 1514 5225 γὰρ
1571 5155 1756 5217 αὐτοῖς
1791 5153 1969 5207 ὲλθεϊν
2050 5151 2339 5221 ἠθέλησεν,
2388 5147 2549 5210 εὐθὺς
2595 5144 2653 5197 δὲ
2704 5141 3049 5212 ὠργισμένος
3119 5133 3441 5204 ἀνέστρεψε.

668 5250 677 5254 Δ
784 5252 792 5254 _
884 5248 892 5254 Α
1022 5251 1032 5254 Δ
1272 5253 1277 5254 7
1424 5253 1430 5254 γ
1560 5252 1567 5254 Δ
1623 5251 1632 5254 -
1994 5248 2019 5254 -
2226 5249 2246 5254 “
2285 5245 2337 5254 ’⁵
2843 5238 2856 5254 ο
3079 5234 3163 5254 καὶ
3229 5231 3319 5254 ,ιη
3357 5229 3420 5254 ,λι

217 5240 327 5346 Τότε
369 5247 548 5346 μέντοι
595 5250 690 5303 καὶ
771 5252 800 5302 ὁ
868 5248 1154 5314 Λαουΐνιος
1203 5253 1331 5316 τοὺς
1407 5251 1682 5311 Αἰτωλοὺς
1729 5248 2156 5319 συμμαχοῦντας
2216 5245 2472 5314 Φιλίππῳ
2523 5238 3010 5310 προσηταιρίσατο,
3075 5234 3168 5287 καὶ
3228 5231 3320 5284 τὸν
3357 5229 3448 5279 Φίο

218 5333 386 5394 λιππον
428 5343 589 5413 μέχρι
627 5342 920 5414 Κερκύρας
949 5345 1386 5416 προχωρήσαντα
1436 5341 1594 5409 αὖθις
1637 5344 1988 5414 ἐξεφόϐησεν,
2019 5341 2158 5395 ὥστε
2189 5340 2284 5395 καὶ
2311 5345 2364 5403 ἐς
2395 5341 2495 5410 τὴν
2527 5333 2869 5392 Μακεδονίαν
2907 5335 3058 5401 τάχει
3101 5324 3442 5379 ἐπανελθεῖν.

272 5454 336 5508 7.'.
366 5459 424 5509 Οἱ
461 5459 515 5512 δὲ
560 5460 616 5510 ὲν
646 5461 714 5529 τῇ
755 5457 943 5530 Ῥώμη
998 5459 1158 5511 Γάϊον
1211 5459 1478 5512 Κλαύδιον
1513 5459 1746 5529 Νέρωνα

1929 5455 2041 5511 Vll.
2077 5454 2142 5510 (Ξ.
2190 5453 2452 5510 Claudius
2484 5453 2628 5508 Nero
2662 5465 2786 5505 cum
2835 5446 3104 5503 militibus
3149 5443 3202 5496 in
3245 5441 3442 5508 llispa-

216 5540 280 5603 εις
298 5545 386 5613 τὴν
420 5547 652 5618 Ἰϐηρίαν
683 5547 826 5616 μετὰ
851 5549 958 5601 τῶν
983 5548 1330 5617 στρατιωτῶν
1353 5548 1629 5618 ἔπεμψαν,
1657 5549 1753 5602 καὶ

1859 5552 2006 5602 niam
2048 5546 2247 5601 missus
2286 5553 2391 5605 est.
2431 5554 2487 5600 ct
2538 5545 2712 5600 classe
2763 5556 2935 5610 usque
2977 5538 3044 5592 ad
3085 5536 3296 5589 Iberum
3344 5548 3442 5587 ve-

142 5655 150 5664 -
217 5629 672 5742 περιεκομίσθη
723 5640 802 5710 τῷ
845 5639 1088 5709 ναυτικῷ
1145 5639 1306 5710 μέχρι
1359 5640 1455 5720 τοῦ
1507 5639 1752 5710 Ἴϐηρος.

1859 5649 2024 5693 ctus:
2065 5638 2156 5692 ubi
2193 5638 2407 5694 caeteris
2453 5637 2616 5690 etiam
2671 5633 2980 5705 legionibus
3037 5626 3292 5682 inventis.
3333 5625 3441 5680 As-

245 5724 367 5826 IEVGAa.
394 5736 481 5784 καί
508 5732 579 5786 τὰ
605 5731 768 5786 λοιπὰ
804 5735 1196 5804 στρατεύματα
1242 5733 1516 5802 εὑρηκὼς,
1554 5732 1753 5802 ἐπῆλθε

1860 5729 2166 5796 drubalem,
2202 5731 2518 5802 priusquam
2549 5745 2672 5784 cum
2705 5727 2909 5800 alcsse
2953 5729 3156 5780 nosset,
3205 5735 3439 5788 Oppresv

222 5814 285 5886 τῷ
328 5821 634 5899 Ἀσδρούϐα,
688 5827 819 5897 πρὶν
867 5825 1179 5898 γνωσθῆναι
1231 5826 1312 5880 ὅτι
1349 5825 1584 5896 πάρεστι
1646 5823 1753 5878 Καὶ

1864 5839 1984 5880 sum
2016 5823 2372 5880 circumvenit
2405 5842 2418 5877 :
2464 5822 2557 5878 sed
2609 5822 2872 5890 deceptus
2902 5826 3003 5873 est.
3054 5814 3254 5873 Videtis
3289 5812 3439 5869 enim
