  <div class='ocr_page' id='page_1' title='image "/cluster/home/n/w/nwhite01/storage/ocr_20150623/134/hvd.32044019208289/377.png"; bbox 0 0 3896 6600; ppageno 0'>
   <div class='ocr_carea' id='block_1_1' title="bbox 431 359 542 423">
    <p class='ocr_par' dir='ltr' id='par_1_1' title="bbox 431 359 542 423">
     <span class='ocr_line' id='line_1_1' title="bbox 431 359 542 423; baseline 0.018 -3"><span class='ocrx_word' id='word_1_1' title='bbox 431 359 542 423; x_wconf 84' lang='lat'><strong>735</strong></span> 
     </span>
    </p>
   </div>
   <div class='ocr_carea' id='block_1_2' title="bbox 1735 363 2417 426">
    <p class='ocr_par' dir='ltr' id='par_1_2' title="bbox 1735 363 2417 426">
     <span class='ocr_line' id='line_1_2' title="bbox 1735 363 2417 426; baseline 0.001 -2"><span class='ocrx_word' id='word_1_2' title='bbox 1735 363 2060 424; x_wconf 73' lang='lat' dir='ltr'><strong>JOANNIS</strong></span> <span class='ocrx_word' id='word_1_3' title='bbox 2095 365 2417 426; x_wconf 61' lang='lat' dir='ltr'><strong>ZONABZE</strong></span> 
     </span>
    </p>
   </div>
   <div class='ocr_carea' id='block_1_3' title="bbox 3656 355 3754 417">
    <p class='ocr_par' dir='ltr' id='par_1_3' title="bbox 3656 355 3754 417">
     <span class='ocr_line' id='line_1_3' title="bbox 3656 355 3754 417; baseline -0.02 -1"><span class='ocrx_word' id='word_1_4' title='bbox 3656 355 3754 417; x_wconf 61' lang='lat'><strong>736</strong></span> 
     </span>
    </p>
   </div>
   <div class='ocr_carea' id='block_1_4' title="bbox 433 465 2029 549">
    <p class='ocr_par' dir='ltr' id='par_1_4' title="bbox 433 472 2009 544">
     <span class='ocr_line' id='line_1_4' title="bbox 433 472 2009 544; baseline -0.001 -14"><span class='ocrx_word' id='word_1_5' title='bbox 433 473 734 538; x_wconf 89' lang='lat' dir='ltr'><strong>midabilis,</strong></span> <span class='ocrx_word' id='word_1_6' title='bbox 776 472 1121 528; x_wconf 77' lang='lat' dir='ltr'><strong>cedentibus.</strong></span> <span class='ocrx_word' id='word_1_7' title='bbox 1162 489 1426 544; x_wconf 84' lang='lat' dir='ltr'><strong>perquam</strong></span> <span class='ocrx_word' id='word_1_8' title='bbox 1465 476 1758 529; x_wconf 86' lang='lat' dir='ltr'><strong>humanus.</strong></span> <span class='ocrx_word' id='word_1_9' title='bbox 1810 475 2009 530; x_wconf 78' lang='lat' dir='ltr'><strong>Verum</strong></span> 
     </span>
    </p>
   </div>
   <div class='ocr_carea' id='block_1_5' title="bbox 2138 465 3758 549">
    <p class='ocr_par' dir='ltr' id='par_1_5' title="bbox 2138 465 3758 549">
     <span class='ocr_line' id='line_1_5' title="bbox 2138 465 3758 549; baseline -0.006 -19"><span class='ocrx_word' id='word_1_10' title='bbox 2138 479 2208 531; x_wconf 73' lang='grc' dir='ltr'><strong>ιιὶ</strong></span> <span class='ocrx_word' id='word_1_11' title='bbox 2234 479 2400 548; x_wconf 70' lang='grc' dir='ltr'>μηδὲν</span> <span class='ocrx_word' id='word_1_12' title='bbox 2432 477 2816 549; x_wconf 70' lang='grc' dir='ltr'><strong>προσδοκῶντα</strong></span> <span class='ocrx_word' id='word_1_13' title='bbox 2847 475 2994 529; x_wconf 80' lang='grc' dir='ltr'><strong>κατά</strong></span> <span class='ocrx_word' id='word_1_14' title='bbox 3041 472 3157 542; x_wconf 83' lang='grc' dir='ltr'>τὴν</span> <span class='ocrx_word' id='word_1_15' title='bbox 3195 466 3453 537; x_wconf 83' lang='grc' dir='ltr'>πορείαν</span> <span class='ocrx_word' id='word_1_16' title='bbox 3483 465 3758 538; x_wconf 79' lang='grc' dir='ltr'>πολέμιον,</span> 
     </span>
    </p>
   </div>
   <div class='ocr_carea' id='block_1_6' title="bbox 432 565 2011 638">
    <p class='ocr_par' dir='ltr' id='par_1_6' title="bbox 432 565 2011 638">
     <span class='ocr_line' id='line_1_6' title="bbox 432 565 2011 638; baseline 0 -16"><span class='ocrx_word' id='word_1_17' title='bbox 432 565 506 622; x_wconf 90' lang='lat' dir='ltr'><strong>ob</strong></span> <span class='ocrx_word' id='word_1_18' title='bbox 542 565 675 619; x_wconf 92' lang='lat' dir='ltr'><strong>illud</strong></span> <span class='ocrx_word' id='word_1_19' title='bbox 709 566 943 619; x_wconf 80' lang='lat' dir='ltr'><strong>maxime</strong></span> <span class='ocrx_word' id='word_1_20' title='bbox 999 566 1069 620; x_wconf 90' lang='lat' dir='ltr'><strong>ab</strong></span> <span class='ocrx_word' id='word_1_21' title='bbox 1119 568 1377 620; x_wconf 89' lang='lat' dir='ltr'><strong>omnibus</strong></span> <span class='ocrx_word' id='word_1_22' title='bbox 1419 567 1830 631; x_wconf 89' lang='lat' dir='ltr'><strong>Itonorabatttr,</strong></span> <span class='ocrx_word' id='word_1_23' title='bbox 1863 569 2011 638; x_wconf 83' lang='lat' dir='ltr'><strong>quod</strong></span> 
     </span>
    </p>
   </div>
   <div class='ocr_carea' id='block_1_7' title="bbox 433 657 2013 728">
    <p class='ocr_par' dir='ltr' id='par_1_7' title="bbox 433 657 2013 728">
     <span class='ocr_line' id='line_1_7' title="bbox 433 657 2013 728; baseline -0.001 -17"><span class='ocrx_word' id='word_1_24' title='bbox 433 657 604 711; x_wconf 86' lang='lat' dir='ltr'><strong>veluti</strong></span> <span class='ocrx_word' id='word_1_25' title='bbox 639 657 865 711; x_wconf 83' lang='lat' dir='ltr'><strong>numine</strong></span> <span class='ocrx_word' id='word_1_26' title='bbox 884 657 1096 712; x_wconf 86' lang='lat' dir='ltr'><strong>aIIIatus</strong></span> <span class='ocrx_word' id='word_1_27' title='bbox 1119 658 1478 727; x_wconf 70' lang='lat' dir='ltr'><strong>pra-dixisset,</strong></span> <span class='ocrx_word' id='word_1_28' title='bbox 1507 674 1564 713; x_wconf 89' lang='lat' dir='ltr'><strong>se</strong></span> <span class='ocrx_word' id='word_1_29' title='bbox 1591 660 1643 712; x_wconf 92' lang='lat' dir='ltr'><strong>in</strong></span> <span class='ocrx_word' id='word_1_30' title='bbox 1669 659 1852 713; x_wconf 86' lang='lat' dir='ltr'><strong>hostili</strong></span> <span class='ocrx_word' id='word_1_31' title='bbox 1882 673 2013 728; x_wconf 78' lang='lat' dir='ltr'><strong>agro</strong></span> 
     </span>
    </p>
   </div>
   <div class='ocr_carea' id='block_1_8' title="bbox 437 750 2014 820">
    <p class='ocr_par' dir='ltr' id='par_1_8' title="bbox 437 750 2014 820">
     <span class='ocr_line' id='line_1_8' title="bbox 437 750 2014 820; baseline 0.003 -17"><span class='ocrx_word' id='word_1_32' title='bbox 437 758 950 804; x_wconf 87' lang='lat' dir='ltr'><strong>castrametaturum</strong></span> <span class='ocrx_word' id='word_1_33' title='bbox 985 751 1143 820; x_wconf 60' lang='lat'><strong>431</strong></span> <span class='ocrx_word' id='word_1_34' title='bbox 1175 767 1314 805; x_wconf 78' lang='lat' dir='ltr'><strong>esse.</strong></span> <span class='ocrx_word' id='word_1_35' title='bbox 1341 751 1419 805; x_wconf 71' lang='lat' dir='ltr'><strong>Ab</strong></span> <span class='ocrx_word' id='word_1_36' title='bbox 1440 750 1692 820; x_wconf 85' lang='lat' dir='ltr'><strong>Hispanis</strong></span> <span class='ocrx_word' id='word_1_37' title='bbox 1714 765 1894 807; x_wconf 86' lang='lat' dir='ltr'><strong>autem</strong></span> <span class='ocrx_word' id='word_1_38' title='bbox 1922 770 2014 809; x_wconf 78' lang='lat' dir='ltr'><strong>rex</strong></span> 
     </span>
    </p>
   </div>
   <div class='ocr_carea' id='block_1_9' title="bbox 437 841 2012 914">
    <p class='ocr_par' dir='ltr' id='par_1_9' title="bbox 437 841 2012 914">
     <span class='ocr_line' id='line_1_9' title="bbox 437 841 2012 914; baseline 0.003 -20"><span class='ocrx_word' id='word_1_39' title='bbox 437 854 668 910; x_wconf 86' lang='lat' dir='ltr'><strong>magnus</strong></span> <span class='ocrx_word' id='word_1_40' title='bbox 683 841 1074 910; x_wconf 78' lang='lat' dir='ltr'><strong>appellabatur.</strong></span> <span class='ocrx_word' id='word_1_41' title='bbox 1092 841 1712 913; x_wconf 81' lang='lat' dir='ltr'><strong>Asdrubale,desperata</strong></span> <span class='ocrx_word' id='word_1_42' title='bbox 1731 844 2012 914; x_wconf 78' lang='lat' dir='ltr'><strong>Hispania,</strong></span> 
     </span>
    </p>
   </div>
   <div class='ocr_carea' id='block_1_10' title="bbox 437 929 2017 995">
    <p class='ocr_par' dir='ltr' id='par_1_10' title="bbox 437 929 2017 995">
     <span class='ocr_line' id='line_1_10' title="bbox 437 929 2017 995; baseline 0.006 -13"><span class='ocrx_word' id='word_1_43' title='bbox 437 929 494 983; x_wconf 91' lang='lat' dir='ltr'><strong>in</strong></span> <span class='ocrx_word' id='word_1_44' title='bbox 522 931 730 984; x_wconf 88' lang='lat' dir='ltr'><strong>Italiam</strong></span> <span class='ocrx_word' id='word_1_45' title='bbox 756 931 997 995; x_wconf 89' lang='lat' dir='ltr'><strong>abituro,</strong></span> <span class='ocrx_word' id='word_1_46' title='bbox 1027 940 1084 985; x_wconf 89' lang='lat' dir='ltr'><strong>et</strong></span> <span class='ocrx_word' id='word_1_47' title='bbox 1115 931 1295 986; x_wconf 89' lang='lat' dir='ltr'><strong>hieme</strong></span> <span class='ocrx_word' id='word_1_48' title='bbox 1338 933 1587 988; x_wconf 79' lang='lat' dir='ltr'><strong>collectis</strong></span> <span class='ocrx_word' id='word_1_49' title='bbox 1643 935 1792 990; x_wconf 86' lang='lat' dir='ltr'><strong>vasis</strong></span> <span class='ocrx_word' id='word_1_50' title='bbox 1837 935 2017 990; x_wconf 83' lang='lat' dir='ltr'><strong>disce—</strong></span> 
     </span>
    </p>
   </div>
   <div class='ocr_carea' id='block_1_11' title="bbox 438 1021 2016 1095">
    <p class='ocr_par' dir='ltr' id='par_1_11' title="bbox 438 1021 2016 1095">
     <span class='ocr_line' id='line_1_11' title="bbox 438 1021 2016 1095; baseline 0.004 -21"><span class='ocrx_word' id='word_1_51' title='bbox 438 1021 624 1085; x_wconf 88' lang='lat' dir='ltr'><strong>dente,</strong></span> <span class='ocrx_word' id='word_1_52' title='bbox 649 1021 770 1091; x_wconf 86' lang='lat' dir='ltr'><strong>ejus</strong></span> <span class='ocrx_word' id='word_1_53' title='bbox 820 1022 1064 1093; x_wconf 64' lang='lat' dir='ltr'><strong>collegae,</strong></span> <span class='ocrx_word' id='word_1_54' title='bbox 1114 1023 1238 1078; x_wconf 90' lang='lat' dir='ltr'><strong>loco</strong></span> <span class='ocrx_word' id='word_1_55' title='bbox 1274 1040 1385 1079; x_wconf 91' lang='lat' dir='ltr'><strong>non</strong></span> <span class='ocrx_word' id='word_1_56' title='bbox 1445 1035 1674 1092; x_wconf 89' lang='lat' dir='ltr'><strong>mutato,</strong></span> <span class='ocrx_word' id='word_1_57' title='bbox 1737 1028 2016 1095; x_wconf 77' lang='lat' dir='ltr'><strong>negotium</strong></span> 
     </span>
    </p>
   </div>
   <div class='ocr_carea' id='block_1_12' title="bbox 441 1113 2019 1188">
    <p class='ocr_par' dir='ltr' id='par_1_12' title="bbox 441 1113 2019 1188">
     <span class='ocr_line' id='line_1_12' title="bbox 441 1113 2019 1188; baseline 0.003 -20"><span class='ocrx_word' id='word_1_58' title='bbox 441 1113 682 1183; x_wconf 83' lang='lat' dir='ltr'><strong>Scipioni</strong></span> <span class='ocrx_word' id='word_1_59' title='bbox 718 1113 1078 1179; x_wconf 74' lang='lat' dir='ltr'><strong>lacessebant,</strong></span> <span class='ocrx_word' id='word_1_60' title='bbox 1110 1126 1170 1169; x_wconf 94' lang='lat' dir='ltr'><strong>ut</strong></span> <span class='ocrx_word' id='word_1_61' title='bbox 1199 1132 1379 1187; x_wconf 80' lang='lat' dir='ltr'><strong>neque</strong></span> <span class='ocrx_word' id='word_1_62' title='bbox 1423 1117 1784 1173; x_wconf 81' lang='lat' dir='ltr'><strong>Asdrubalem</strong></span> <span class='ocrx_word' id='word_1_63' title='bbox 1833 1133 2019 1188; x_wconf 90' lang='lat' dir='ltr'><strong>persc—</strong></span> 
     </span>
    </p>
   </div>
   <div class='ocr_carea' id='block_1_13' title="bbox 437 1206 2017 1279">
    <p class='ocr_par' dir='ltr' id='par_1_13' title="bbox 437 1206 2017 1279">
     <span class='ocr_line' id='line_1_13' title="bbox 437 1206 2017 1279; baseline 0.005 -20"><span class='ocrx_word' id='word_1_64' title='bbox 437 1215 726 1275; x_wconf 88' lang='lat' dir='ltr'><strong>queretur,</strong></span> <span class='ocrx_word' id='word_1_65' title='bbox 784 1221 964 1276; x_wconf 89' lang='lat' dir='ltr'><strong>neque</strong></span> <span class='ocrx_word' id='word_1_66' title='bbox 1015 1207 1070 1262; x_wconf 92' lang='lat' dir='ltr'><strong>in</strong></span> <span class='ocrx_word' id='word_1_67' title='bbox 1119 1206 1328 1262; x_wconf 88' lang='lat' dir='ltr'><strong>Italiam</strong></span> <span class='ocrx_word' id='word_1_68' title='bbox 1390 1209 1693 1279; x_wconf 83' lang='lat' dir='ltr'><strong>profectus,</strong></span> <span class='ocrx_word' id='word_1_69' title='bbox 1742 1210 2017 1268; x_wconf 79' lang='lat' dir='ltr'><strong>Romanos</strong></span> 
     </span>
    </p>
   </div>
   <div class='ocr_carea' id='block_1_14' title="bbox 441 1296 2015 1374">
    <p class='ocr_par' dir='ltr' id='par_1_14' title="bbox 441 1296 2015 1374">
     <span class='ocr_line' id='line_1_14' title="bbox 441 1296 2015 1374; baseline 0.006 -25"><span class='ocrx_word' id='word_1_70' title='bbox 441 1296 566 1350; x_wconf 86' lang='lat' dir='ltr'><strong>belli</strong></span> <span class='ocrx_word' id='word_1_71' title='bbox 638 1308 791 1366; x_wconf 88' lang='lat' dir='ltr'><strong>parte</strong></span> <span class='ocrx_word' id='word_1_72' title='bbox 876 1297 1104 1366; x_wconf 84' lang='lat' dir='ltr'><strong>levaret,</strong></span> <span class='ocrx_word' id='word_1_73' title='bbox 1171 1317 1350 1372; x_wconf 79' lang='lat' dir='ltr'><strong>neque</strong></span> <span class='ocrx_word' id='word_1_74' title='bbox 1437 1302 1824 1374; x_wconf 73' lang='lat' dir='ltr'><strong>Carthaginem</strong></span> <span class='ocrx_word' id='word_1_75' title='bbox 1899 1311 2015 1358; x_wconf 87' lang='lat' dir='ltr'><strong>tra-</strong></span> 
     </span>
    </p>
   </div>
   <div class='ocr_carea' id='block_1_15' title="bbox 434 1386 2020 1459">
    <p class='ocr_par' dir='ltr' id='par_1_15' title="bbox 434 1386 2020 1459">
     <span class='ocr_line' id='line_1_15' title="bbox 434 1386 2020 1459; baseline 0.006 -20"><span class='ocrx_word' id='word_1_76' title='bbox 434 1386 652 1456; x_wconf 86' lang='lat' dir='ltr'><strong>jiceret.</strong></span> <span class='ocrx_word' id='word_1_77' title='bbox 705 1388 890 1459; x_wconf 89' lang='lat' dir='ltr'><strong>Scipio</strong></span> <span class='ocrx_word' id='word_1_78' title='bbox 962 1390 1322 1448; x_wconf 83' lang='lat' dir='ltr'><strong>Asdrubalem</strong></span> <span class='ocrx_word' id='word_1_79' title='bbox 1395 1393 1686 1448; x_wconf 89' lang='lat' dir='ltr'><strong>abeuntem</strong></span> <span class='ocrx_word' id='word_1_80' title='bbox 1761 1409 1869 1448; x_wconf 90' lang='lat' dir='ltr'><strong>non</strong></span> <span class='ocrx_word' id='word_1_81' title='bbox 1936 1403 2020 1450; x_wconf 89' lang='lat' dir='ltr'><strong>est</strong></span> 
     </span>
    </p>
   </div>
   <div class='ocr_carea' id='block_1_16' title="bbox 439 1482 2017 1556">
    <p class='ocr_par' dir='ltr' id='par_1_16' title="bbox 439 1482 2017 1556">
     <span class='ocr_line' id='line_1_16' title="bbox 439 1482 2017 1556; baseline 0.006 -25"><span class='ocrx_word' id='word_1_82' title='bbox 439 1491 786 1547; x_wconf 89' lang='lat' dir='ltr'><strong>persecutus,</strong></span> <span class='ocrx_word' id='word_1_83' title='bbox 828 1482 922 1536; x_wconf 89' lang='lat' dir='ltr'><strong>sed</strong></span> <span class='ocrx_word' id='word_1_84' title='bbox 979 1498 1077 1553; x_wconf 88' lang='lat' dir='ltr'><strong>per</strong></span> <span class='ocrx_word' id='word_1_85' title='bbox 1111 1499 1368 1540; x_wconf 84' lang='lat' dir='ltr'><strong>cursores</strong></span> <span class='ocrx_word' id='word_1_86' title='bbox 1434 1485 1554 1556; x_wconf 88' lang='lat' dir='ltr'><strong>ejus</strong></span> <span class='ocrx_word' id='word_1_87' title='bbox 1612 1485 1857 1541; x_wconf 87' lang='lat' dir='ltr'><strong>adventu</strong></span> <span class='ocrx_word' id='word_1_88' title='bbox 1909 1487 2017 1541; x_wconf 77' lang='lat' dir='ltr'><strong>IIo-</strong></span> 
     </span>
    </p>
   </div>
   <div class='ocr_carea' id='block_1_17' title="bbox 440 1573 2021 1650">
    <p class='ocr_par' dir='ltr' id='par_1_17' title="bbox 440 1573 2021 1650">
     <span class='ocr_line' id='line_1_17' title="bbox 440 1573 2021 1650; baseline 0.006 -27"><span class='ocrx_word' id='word_1_89' title='bbox 440 1585 583 1624; x_wconf 89' lang='lat' dir='ltr'><strong>mam</strong></span> <span class='ocrx_word' id='word_1_90' title='bbox 632 1573 906 1640; x_wconf 91' lang='lat' dir='ltr'><strong>nuntiato,</strong></span> <span class='ocrx_word' id='word_1_91' title='bbox 952 1591 1016 1630; x_wconf 89' lang='lat' dir='ltr'><strong>ea</strong></span> <span class='ocrx_word' id='word_1_92' title='bbox 1074 1592 1196 1646; x_wconf 72' lang='lat' dir='ltr'><strong>qua:</strong></span> <span class='ocrx_word' id='word_1_93' title='bbox 1254 1586 1469 1648; x_wconf 83' lang='lat' dir='ltr'><strong>tempus</strong></span> <span class='ocrx_word' id='word_1_94' title='bbox 1543 1579 1852 1650; x_wconf 85' lang='lat' dir='ltr'><strong>postulabat</strong></span> <span class='ocrx_word' id='word_1_95' title='bbox 1923 1578 2021 1633; x_wconf 90' lang='lat' dir='ltr'><strong>ad-</strong></span> 
     </span>
    </p>
   </div>
   <div class='ocr_carea' id='block_1_18' title="bbox 439 1663 2020 1741">
    <p class='ocr_par' dir='ltr' id='par_1_18' title="bbox 439 1663 2020 1741">
     <span class='ocr_line' id='line_1_18' title="bbox 439 1663 2020 1741; baseline 0.007 -27"><span class='ocrx_word' id='word_1_96' title='bbox 439 1663 795 1719; x_wconf 78' lang='lat' dir='ltr'><strong>ministravit.</strong></span> <span class='ocrx_word' id='word_1_97' title='bbox 831 1667 898 1721; x_wconf 89' lang='lat' dir='ltr'><strong>Et</strong></span> <span class='ocrx_word' id='word_1_98' title='bbox 925 1667 1054 1736; x_wconf 88' lang='lat' dir='ltr'><strong>quia</strong></span> <span class='ocrx_word' id='word_1_99' title='bbox 1089 1668 1331 1735; x_wconf 78' lang='lat' dir='ltr'><strong>videbat,</strong></span> <span class='ocrx_word' id='word_1_100' title='bbox 1381 1671 1566 1726; x_wconf 83' lang='lat' dir='ltr'><strong>hostes</strong></span> <span class='ocrx_word' id='word_1_101' title='bbox 1623 1671 1678 1726; x_wconf 93' lang='lat' dir='ltr'><strong>in</strong></span> <span class='ocrx_word' id='word_1_102' title='bbox 1737 1672 2020 1741; x_wconf 86' lang='lat' dir='ltr'><strong>provincia</strong></span> 
     </span>
    </p>
   </div>
   <div class='ocr_carea' id='block_1_19' title="bbox 438 1752 2020 1828">
    <p class='ocr_par' dir='ltr' id='par_1_19' title="bbox 438 1752 2020 1828">
     <span class='ocr_line' id='line_1_19' title="bbox 438 1752 2020 1828; baseline 0.006 -24"><span class='ocrx_word' id='word_1_103' title='bbox 438 1752 610 1806; x_wconf 85' lang='lat' dir='ltr'><strong>variis</strong></span> <span class='ocrx_word' id='word_1_104' title='bbox 650 1752 790 1808; x_wconf 89' lang='lat' dir='ltr'><strong>locis</strong></span> <span class='ocrx_word' id='word_1_105' title='bbox 825 1754 1105 1825; x_wconf 87' lang='lat' dir='ltr'><strong>dispersos</strong></span> <span class='ocrx_word' id='word_1_106' title='bbox 1136 1771 1294 1824; x_wconf 86' lang='lat' dir='ltr'><strong>esse,</strong></span> <span class='ocrx_word' id='word_1_107' title='bbox 1352 1760 1562 1814; x_wconf 90' lang='lat' dir='ltr'><strong>veritus</strong></span> <span class='ocrx_word' id='word_1_108' title='bbox 1602 1776 1671 1815; x_wconf 88' lang='lat' dir='ltr'><strong>ne</strong></span> <span class='ocrx_word' id='word_1_109' title='bbox 1717 1761 1784 1814; x_wconf 87' lang='lat' dir='ltr'><strong>ab</strong></span> <span class='ocrx_word' id='word_1_110' title='bbox 1834 1760 2020 1828; x_wconf 85' lang='lat' dir='ltr'><strong>aliquo</strong></span> 
     </span>
    </p>
   </div>
   <div class='ocr_carea' id='block_1_20' title="bbox 2116 559 3759 640">
    <p class='ocr_par' dir='ltr' id='par_1_20' title="bbox 2116 559 3759 640">
     <span class='ocr_line' id='line_1_20' title="bbox 2116 559 3759 640; baseline -0.007 -16"><span class='ocrx_word' id='word_1_111' title='bbox 2116 573 2539 640; x_wconf 85' lang='grc' dir='ltr'>προῡπήντησεν</span> <span class='ocrx_word' id='word_1_112' title='bbox 2582 569 2747 638; x_wconf 73' lang='grc' dir='ltr'>αὐτῷ,</span> <span class='ocrx_word' id='word_1_113' title='bbox 2801 568 2893 621; x_wconf 72' lang='grc' dir='ltr'>καὶ</span> <span class='ocrx_word' id='word_1_114' title='bbox 2936 569 3004 621; x_wconf 88' lang='grc' dir='ltr'><strong>ἐν</strong></span> <span class='ocrx_word' id='word_1_115' title='bbox 3053 563 3146 634; x_wconf 81' lang='grc' dir='ltr'><strong>τῷ</strong></span> <span class='ocrx_word' id='word_1_116' title='bbox 3178 559 3567 631; x_wconf 79' lang='grc' dir='ltr'>στρατοπέδῳ</span> <span class='ocrx_word' id='word_1_117' title='bbox 3604 562 3759 613; x_wconf 68' lang='grc' dir='ltr'>αὐτού</span> 
     </span>
    </p>
   </div>
   <div class='ocr_carea' id='block_1_21' title="bbox 2116 652 3764 733">
    <p class='ocr_par' dir='ltr' id='par_1_21' title="bbox 2116 652 3764 733">
     <span class='ocr_line' id='line_1_21' title="bbox 2116 652 3764 733; baseline -0.008 -18"><span class='ocrx_word' id='word_1_118' title='bbox 2116 666 2396 733; x_wconf 74' lang='grc' dir='ltr'><strong>κρατήσας</strong></span> <span class='ocrx_word' id='word_1_119' title='bbox 2446 661 2788 730; x_wconf 83' lang='grc' dir='ltr'>ἐνηυλίσατο.</span> <span class='ocrx_word' id='word_1_120' title='bbox 2817 660 2909 712; x_wconf 67' lang='grc' dir='ltr'>καὶ</span> <span class='ocrx_word' id='word_1_121' title='bbox 2942 657 3213 716; x_wconf 76' lang='grc' dir='ltr'>πολλοὺς</span> <span class='ocrx_word' id='word_1_122' title='bbox 3267 653 3393 704; x_wconf 83' lang='grc' dir='ltr'>τῶν</span> <span class='ocrx_word' id='word_1_123' title='bbox 3445 652 3572 702; x_wconf 80' lang='grc' dir='ltr'>ἐκεῖ</span> <span class='ocrx_word' id='word_1_124' title='bbox 3605 669 3764 719; x_wconf 66' lang='grc' dir='ltr'>προσ.</span> 
     </span>
    </p>
   </div>
   <div class='ocr_carea' id='block_1_22' title="bbox 2115 744 3760 826">
    <p class='ocr_par' dir='ltr' id='par_1_22' title="bbox 2115 744 3760 826">
     <span class='ocr_line' id='line_1_22' title="bbox 2115 744 3760 826; baseline -0.008 -18"><span class='ocrx_word' id='word_1_125' title='bbox 2115 751 2431 826; x_wconf 82' lang='grc' dir='ltr'>εποιήσατο.</span> <span class='ocrx_word' id='word_1_126' title='bbox 2463 751 2570 807; x_wconf 84' lang='grc' dir='ltr'>Ἦν</span> <span class='ocrx_word' id='word_1_127' title='bbox 2599 755 2696 822; x_wconf 86' lang='grc' dir='ltr'>μὲν</span> <span class='ocrx_word' id='word_1_128' title='bbox 2732 754 2840 821; x_wconf 86' lang='grc' dir='ltr'><strong>γάρ</strong></span> <span class='ocrx_word' id='word_1_129' title='bbox 2867 754 2923 806; x_wconf 84' lang='grc' dir='ltr'><strong>ἐν</strong></span> <span class='ocrx_word' id='word_1_130' title='bbox 2947 753 3087 812; x_wconf 81' lang='grc' dir='ltr'>ταῖς</span> <span class='ocrx_word' id='word_1_131' title='bbox 3134 745 3542 817; x_wconf 78' lang='grc' dir='ltr'><strong>στρατηγίαις</strong></span> <span class='ocrx_word' id='word_1_132' title='bbox 3573 744 3760 808; x_wconf 72' lang='grc' dir='ltr'>δεινος,</span> 
     </span>
    </p>
   </div>
   <div class='ocr_carea' id='block_1_23' title="bbox 2116 837 3764 915">
    <p class='ocr_par' dir='ltr' id='par_1_23' title="bbox 2116 837 3764 915">
     <span class='ocr_line' id='line_1_23' title="bbox 2116 837 3764 915; baseline -0.006 -16"><span class='ocrx_word' id='word_1_133' title='bbox 2116 848 2174 900; x_wconf 79' lang='grc' dir='ltr'>ἐν</span> <span class='ocrx_word' id='word_1_134' title='bbox 2206 846 2263 899; x_wconf 84' lang='grc' dir='ltr'>δὲ</span> <span class='ocrx_word' id='word_1_135' title='bbox 2305 847 2423 907; x_wconf 77' lang='grc' dir='ltr'>ταῖς</span> <span class='ocrx_word' id='word_1_136' title='bbox 2452 844 2692 915; x_wconf 73' lang='grc' dir='ltr'><strong>ὁμιλίαις</strong></span> <span class='ocrx_word' id='word_1_137' title='bbox 2722 843 2998 913; x_wconf 77' lang='grc' dir='ltr'>ἐπιεικὴς,</span> <span class='ocrx_word' id='word_1_138' title='bbox 3057 845 3166 893; x_wconf 72' lang='grc' dir='ltr'><strong>καὶ</strong></span> <span class='ocrx_word' id='word_1_139' title='bbox 3210 841 3277 902; x_wconf 77' lang='grc' dir='ltr'><strong>ἐς</strong></span> <span class='ocrx_word' id='word_1_140' title='bbox 3326 838 3437 906; x_wconf 82' lang='grc' dir='ltr'>μὲν</span> <span class='ocrx_word' id='word_1_141' title='bbox 3469 837 3604 898; x_wconf 72' lang='grc' dir='ltr'>τοὺς</span> <span class='ocrx_word' id='word_1_142' title='bbox 3647 837 3764 889; x_wconf 86' lang='grc' dir='ltr'>ἀνθ-</span> 
     </span>
    </p>
   </div>
   <div class='ocr_carea' id='block_1_24' title="bbox 2119 929 3764 1007">
    <p class='ocr_par' dir='ltr' id='par_1_24' title="bbox 2119 929 3764 1007">
     <span class='ocr_line' id='line_1_24' title="bbox 2119 929 3764 1007; baseline -0.006 -15"><span class='ocrx_word' id='word_1_143' title='bbox 2119 939 2442 1007; x_wconf 80' lang='grc' dir='ltr'>ισταμένους</span> <span class='ocrx_word' id='word_1_144' title='bbox 2471 937 2721 1006; x_wconf 71' lang='grc' dir='ltr'>φοϐερὸς,</span> <span class='ocrx_word' id='word_1_145' title='bbox 2764 939 2819 1000; x_wconf 81' lang='grc' dir='ltr'><strong>ἐς</strong></span> <span class='ocrx_word' id='word_1_146' title='bbox 2844 937 2902 989; x_wconf 75' lang='grc' dir='ltr'>δὲ</span> <span class='ocrx_word' id='word_1_147' title='bbox 2931 937 3075 998; x_wconf 78' lang='grc' dir='ltr'>τοὺς</span> <span class='ocrx_word' id='word_1_148' title='bbox 3101 932 3472 992; x_wconf 82' lang='grc' dir='ltr'>ὑπείκοντας</span> <span class='ocrx_word' id='word_1_149' title='bbox 3500 930 3596 982; x_wconf 74' lang='grc' dir='ltr'><strong>και</strong></span> <span class='ocrx_word' id='word_1_150' title='bbox 3627 929 3764 997; x_wconf 81' lang='grc' dir='ltr'>μάλα</span> 
     </span>
    </p>
   </div>
   <div class='ocr_carea' id='block_1_25' title="bbox 2118 1021 3766 1100">
    <p class='ocr_par' dir='ltr' id='par_1_25' title="bbox 2118 1021 3766 1100">
     <span class='ocr_line' id='line_1_25' title="bbox 2118 1021 3766 1100; baseline -0.008 -16"><span class='ocrx_word' id='word_1_151' title='bbox 2118 1030 2517 1100; x_wconf 81' lang='grc' dir='ltr'>φιλάνθρωπος.</span> <span class='ocrx_word' id='word_1_152' title='bbox 2574 1029 2826 1083; x_wconf 75' lang='grc' dir='ltr'><strong>Μάλιστα</strong></span> <span class='ocrx_word' id='word_1_153' title='bbox 2883 1028 2930 1081; x_wconf 81' lang='grc' dir='ltr'>δ’</span> <span class='ocrx_word' id='word_1_154' title='bbox 2963 1029 3064 1080; x_wconf 79' lang='grc' dir='ltr'>ὅτι</span> <span class='ocrx_word' id='word_1_155' title='bbox 3135 1025 3247 1077; x_wconf 69' lang='grc' dir='ltr'>καὶ</span> <span class='ocrx_word' id='word_1_156' title='bbox 3316 1021 3581 1083; x_wconf 75' lang='grc' dir='ltr'>ἐθείασε,</span> <span class='ocrx_word' id='word_1_157' title='bbox 3641 1038 3766 1091; x_wconf 68' lang='grc' dir='ltr'>πρε-</span> 
     </span>
    </p>
   </div>
   <div class='ocr_carea' id='block_1_26' title="bbox 2119 1109 3759 1190">
    <p class='ocr_par' dir='ltr' id='par_1_26' title="bbox 2119 1109 3759 1190">
     <span class='ocr_line' id='line_1_26' title="bbox 2119 1109 3759 1190; baseline -0.007 -16"><span class='ocrx_word' id='word_1_158' title='bbox 2119 1119 2287 1175; x_wconf 85' lang='grc' dir='ltr'>ειπὼν</span> <span class='ocrx_word' id='word_1_159' title='bbox 2321 1121 2398 1183; x_wconf 84' lang='grc' dir='ltr'>ὡς</span> <span class='ocrx_word' id='word_1_160' title='bbox 2445 1121 2503 1173; x_wconf 76' lang='grc' dir='ltr'><strong>ἐν</strong></span> <span class='ocrx_word' id='word_1_161' title='bbox 2554 1121 2621 1190; x_wconf 76' lang='grc' dir='ltr'>τῇ</span> <span class='ocrx_word' id='word_1_162' title='bbox 2658 1118 2766 1172; x_wconf 85' lang='grc' dir='ltr'>τῶν</span> <span class='ocrx_word' id='word_1_163' title='bbox 2816 1117 3121 1186; x_wconf 83' lang='grc' dir='ltr'>πολεμίων</span> <span class='ocrx_word' id='word_1_164' title='bbox 3181 1109 3759 1182; x_wconf 81' lang='grc' dir='ltr'>στρατοπεδεύσοιτο.</span> 
     </span>
    </p>
   </div>
   <div class='ocr_carea' id='block_1_27' title="bbox 2119 1203 3764 1281">
    <p class='ocr_par' dir='ltr' id='par_1_27' title="bbox 2119 1203 3764 1281">
     <span class='ocr_line' id='line_1_27' title="bbox 2119 1203 3764 1281; baseline -0.007 -16"><span class='ocrx_word' id='word_1_165' title='bbox 2119 1213 2322 1274; x_wconf 82' lang='grc' dir='ltr'>πάντες</span> <span class='ocrx_word' id='word_1_166' title='bbox 2350 1211 2554 1281; x_wconf 85' lang='grc' dir='ltr'>ἐτίμων</span> <span class='ocrx_word' id='word_1_167' title='bbox 2587 1211 2772 1265; x_wconf 79' lang='grc' dir='ltr'>αὐτόν.</span> <span class='ocrx_word' id='word_1_168' title='bbox 2806 1213 2870 1266; x_wconf 83' lang='lat' dir='ltr'><strong>Oi</strong></span> <span class='ocrx_word' id='word_1_169' title='bbox 2899 1211 2944 1264; x_wconf 88' lang='grc' dir='ltr'>δ’</span> <span class='ocrx_word' id='word_1_170' title='bbox 2978 1208 3236 1280; x_wconf 86' lang='grc' dir='ltr'>Ἴϐηρες</span> <span class='ocrx_word' id='word_1_171' title='bbox 3275 1206 3381 1258; x_wconf 71' lang='grc' dir='ltr'>καὶ</span> <span class='ocrx_word' id='word_1_172' title='bbox 3408 1203 3646 1272; x_wconf 75' lang='grc' dir='ltr'>βασιλέα</span> <span class='ocrx_word' id='word_1_173' title='bbox 3675 1205 3764 1272; x_wconf 82' lang='grc' dir='ltr'><strong>μέ-</strong></span> 
     </span>
    </p>
   </div>
   <div class='ocr_carea' id='block_1_28' title="bbox 2118 1298 3761 1374">
    <p class='ocr_par' dir='ltr' id='par_1_28' title="bbox 2118 1298 3761 1374">
     <span class='ocr_line' id='line_1_28' title="bbox 2118 1298 3761 1374; baseline -0.007 -14"><span class='ocrx_word' id='word_1_174' title='bbox 2118 1323 2220 1374; x_wconf 91' lang='grc' dir='ltr'><strong>γαν</strong></span> <span class='ocrx_word' id='word_1_175' title='bbox 2242 1304 2546 1373; x_wconf 81' lang='grc' dir='ltr'>ὠνόμαζον.</span> <span class='ocrx_word' id='word_1_176' title='bbox 2590 1305 2648 1357; x_wconf 87' lang='grc' dir='ltr'>ὐ</span> <span class='ocrx_word' id='word_1_177' title='bbox 2671 1303 2715 1358; x_wconf 89' lang='grc' dir='ltr'>δ’</span> <span class='ocrx_word' id='word_1_178' title='bbox 2737 1302 3084 1374; x_wconf 79' lang='grc' dir='ltr'>Ἀσδρούϐας</span> <span class='ocrx_word' id='word_1_179' title='bbox 3119 1298 3475 1361; x_wconf 80' lang='grc' dir='ltr'>ἀπελπίσας</span> <span class='ocrx_word' id='word_1_180' title='bbox 3504 1299 3606 1367; x_wconf 73' lang='grc' dir='ltr'><strong>τήν</strong></span> <span class='ocrx_word' id='word_1_181' title='bbox 3633 1298 3761 1368; x_wconf 80' lang='grc' dir='ltr'>Ἰϐη-</span> 
     </span>
    </p>
   </div>
   <div class='ocr_carea' id='block_1_29' title="bbox 2123 1390 3759 1469">
    <p class='ocr_par' dir='ltr' id='par_1_29' title="bbox 2123 1390 3759 1469">
     <span class='ocr_line' id='line_1_29' title="bbox 2123 1390 3759 1469; baseline -0.006 -19"><span class='ocrx_word' id='word_1_182' title='bbox 2123 1399 2246 1469; x_wconf 85' lang='grc' dir='ltr'>ρίαν</span> <span class='ocrx_word' id='word_1_183' title='bbox 2277 1398 2486 1466; x_wconf 80' lang='grc' dir='ltr'>ἀπᾶραι</span> <span class='ocrx_word' id='word_1_184' title='bbox 2519 1397 2653 1467; x_wconf 73' lang='grc' dir='ltr'>πρὸς</span> <span class='ocrx_word' id='word_1_185' title='bbox 2682 1397 2780 1468; x_wconf 81' lang='grc' dir='ltr'>τὴν</span> <span class='ocrx_word' id='word_1_186' title='bbox 2811 1394 3058 1449; x_wconf 82' lang='grc' dir='ltr'>Ἰταλίαν</span> <span class='ocrx_word' id='word_1_187' title='bbox 3095 1392 3414 1445; x_wconf 84' lang='grc' dir='ltr'>ἐϐούλετο.</span> <span class='ocrx_word' id='word_1_188' title='bbox 3455 1390 3572 1443; x_wconf 78' lang='grc' dir='ltr'><strong>Καὶ</strong></span> <span class='ocrx_word' id='word_1_189' title='bbox 3607 1390 3661 1439; x_wconf 84' lang='grc' dir='ltr'><strong>ἐν</strong></span> <span class='ocrx_word' id='word_1_190' title='bbox 3689 1390 3759 1460; x_wconf 83' lang='grc' dir='ltr'><strong>τῷ</strong></span> 
     </span>
    </p>
   </div>
   <div class='ocr_carea' id='block_1_30' title="bbox 2120 1482 3755 1561">
    <p class='ocr_par' dir='ltr' id='par_1_30' title="bbox 2120 1482 3755 1561">
     <span class='ocr_line' id='line_1_30' title="bbox 2120 1482 3755 1561; baseline -0.006 -19"><span class='ocrx_word' id='word_1_191' title='bbox 2120 1491 2349 1561; x_wconf 84' lang='grc' dir='ltr'>χειμῶνι</span> <span class='ocrx_word' id='word_1_192' title='bbox 2390 1489 2869 1558; x_wconf 66' lang='grc' dir='ltr'>συσκευασάμενος</span> <span class='ocrx_word' id='word_1_193' title='bbox 2920 1490 2947 1541; x_wconf 86' lang='grc' dir='ltr'>ὀ</span> <span class='ocrx_word' id='word_1_194' title='bbox 3000 1488 3116 1557; x_wconf 80' lang='grc' dir='ltr'>μὲν</span> <span class='ocrx_word' id='word_1_195' title='bbox 3156 1484 3440 1553; x_wconf 76' lang='grc' dir='ltr'>ὥρμητο,</span> <span class='ocrx_word' id='word_1_196' title='bbox 3471 1482 3524 1535; x_wconf 85' lang='grc' dir='ltr'><strong>οί</strong></span> <span class='ocrx_word' id='word_1_197' title='bbox 3562 1482 3614 1534; x_wconf 83' lang='grc' dir='ltr'>δὲ</span> <span class='ocrx_word' id='word_1_198' title='bbox 3667 1500 3755 1533; x_wconf 65' lang='lat' dir='ltr'><strong>suo</strong></span> 
     </span>
    </p>
   </div>
   <div class='ocr_carea' id='block_1_31' title="bbox 2123 1575 3758 1652">
    <p class='ocr_par' dir='ltr' id='par_1_31' title="bbox 2123 1575 3758 1652">
     <span class='ocr_line' id='line_1_31' title="bbox 2123 1575 3758 1652; baseline -0.008 -16"><span class='ocrx_word' id='word_1_199' title='bbox 2123 1583 2422 1652; x_wconf 80' lang='grc' dir='ltr'>στράτηγοι</span> <span class='ocrx_word' id='word_1_200' title='bbox 2454 1582 2622 1635; x_wconf 78' lang='grc' dir='ltr'>αὑτοῦ</span> <span class='ocrx_word' id='word_1_201' title='bbox 2677 1581 2819 1634; x_wconf 77' lang='grc' dir='ltr'>κατὰ</span> <span class='ocrx_word' id='word_1_202' title='bbox 2855 1580 3049 1651; x_wconf 80' lang='grc' dir='ltr'>χώραν</span> <span class='ocrx_word' id='word_1_203' title='bbox 3115 1578 3468 1648; x_wconf 83' lang='grc' dir='ltr'>μείναντες,</span> <span class='ocrx_word' id='word_1_204' title='bbox 3507 1575 3758 1643; x_wconf 74' lang='grc' dir='ltr'>ἀσχολίαν</span> 
     </span>
    </p>
   </div>
   <div class='ocr_carea' id='block_1_32' title="bbox 2120 1666 3756 1744">
    <p class='ocr_par' dir='ltr' id='par_1_32' title="bbox 2120 1666 3756 1744">
     <span class='ocr_line' id='line_1_32' title="bbox 2120 1666 3756 1744; baseline -0.006 -16"><span class='ocrx_word' id='word_1_205' title='bbox 2120 1676 2198 1744; x_wconf 84' lang='grc' dir='ltr'>τῷ</span> <span class='ocrx_word' id='word_1_206' title='bbox 2259 1676 2522 1728; x_wconf 78' lang='grc' dir='ltr'><strong>Σκιπίωνι</strong></span> <span class='ocrx_word' id='word_1_207' title='bbox 2579 1675 2863 1743; x_wconf 85' lang='grc' dir='ltr'>παρεῖχον,</span> <span class='ocrx_word' id='word_1_208' title='bbox 2897 1672 3043 1726; x_wconf 77' lang='grc' dir='ltr'>ὥστε</span> <span class='ocrx_word' id='word_1_209' title='bbox 3121 1669 3209 1740; x_wconf 84' lang='grc' dir='ltr'>μὴ</span> <span class='ocrx_word' id='word_1_210' title='bbox 3271 1668 3372 1720; x_wconf 78' lang='grc' dir='ltr'>τὸν</span> <span class='ocrx_word' id='word_1_211' title='bbox 3424 1666 3756 1736; x_wconf 77' lang='grc' dir='ltr'>Ἀσδρούϐαν</span> 
     </span>
    </p>
   </div>
   <div class='ocr_carea' id='block_1_33' title="bbox 2123 1758 3756 1836">
    <p class='ocr_par' dir='ltr' id='par_1_33' title="bbox 2123 1758 3756 1836">
     <span class='ocr_line' id='line_1_33' title="bbox 2123 1758 3756 1836; baseline -0.009 -15"><span class='ocrx_word' id='word_1_212' title='bbox 2123 1767 2431 1832; x_wconf 78' lang='grc' dir='ltr'><strong>ἐπιδιῶξαι,</strong></span> <span class='ocrx_word' id='word_1_213' title='bbox 2478 1767 2614 1836; x_wconf 84' lang='grc' dir='ltr'>μήτε</span> <span class='ocrx_word' id='word_1_214' title='bbox 2646 1769 2760 1827; x_wconf 83' lang='grc' dir='ltr'>τοῖς</span> <span class='ocrx_word' id='word_1_215' title='bbox 2810 1768 2867 1818; x_wconf 88' lang='grc' dir='ltr'><strong>ἐν</strong></span> <span class='ocrx_word' id='word_1_216' title='bbox 2897 1767 2963 1835; x_wconf 86' lang='grc' dir='ltr'>τῇ</span> <span class='ocrx_word' id='word_1_217' title='bbox 2992 1761 3232 1832; x_wconf 78' lang='grc' dir='ltr'>Ἰταλίᾳ</span> <span class='ocrx_word' id='word_1_218' title='bbox 3279 1758 3598 1825; x_wconf 85' lang='grc' dir='ltr'>Ῥωμαίοις</span> <span class='ocrx_word' id='word_1_219' title='bbox 3643 1758 3756 1808; x_wconf 81' lang='grc' dir='ltr'>ἐπι-</span> 
     </span>
    </p>
   </div>
   <div class='ocr_carea' id='block_1_34' title="bbox 439 1825 2029 1927">
    <p class='ocr_par' dir='ltr' id='par_1_34' title="bbox 439 1847 2019 1921">
     <span class='ocr_line' id='line_1_34' title="bbox 439 1847 2019 1921; baseline 0.006 -25"><span class='ocrx_word' id='word_1_220' title='bbox 439 1858 633 1898; x_wconf 90' lang='lat' dir='ltr'><strong>otnnes</strong></span> <span class='ocrx_word' id='word_1_221' title='bbox 655 1859 849 1899; x_wconf 90' lang='lat' dir='ltr'><strong>eorum</strong></span> <span class='ocrx_word' id='word_1_222' title='bbox 873 1847 1048 1917; x_wconf 70' lang='lat' dir='ltr'><strong>copiae</strong></span> <span class='ocrx_word' id='word_1_223' title='bbox 1086 1848 1140 1902; x_wconf 94' lang='lat' dir='ltr'><strong>in</strong></span> <span class='ocrx_word' id='word_1_224' title='bbox 1179 1865 1349 1903; x_wconf 91' lang='lat' dir='ltr'><strong>unum</strong></span> <span class='ocrx_word' id='word_1_225' title='bbox 1379 1850 1846 1915; x_wconf 86' lang='lat' dir='ltr'><strong>conducerentur,</strong></span> <span class='ocrx_word' id='word_1_226' title='bbox 1904 1853 2019 1921; x_wconf 89' lang='lat' dir='ltr'><strong>ipse</strong></span> 
     </span>
    </p>
   </div>
   <div class='ocr_carea' id='block_1_35' title="bbox 2138 1825 3752 1927">
    <p class='ocr_par' dir='ltr' id='par_1_35' title="bbox 2138 1847 3752 1927">
     <span class='ocr_line' id='line_1_35' title="bbox 2138 1847 3752 1927; baseline -0.009 -16"><span class='ocrx_word' id='word_1_227' title='bbox 2138 1859 2380 1927; x_wconf 77' lang='grc' dir='ltr'>ιουφίσαι</span> <span class='ocrx_word' id='word_1_228' title='bbox 2423 1857 2515 1909; x_wconf 63' lang='grc' dir='ltr'><strong>τον</strong></span> <span class='ocrx_word' id='word_1_229' title='bbox 2545 1856 2780 1925; x_wconf 75' lang='grc' dir='ltr'>πόλεμον</span> <span class='ocrx_word' id='word_1_230' title='bbox 2811 1854 3138 1924; x_wconf 79' lang='grc' dir='ltr'>γινομένοις</span> <span class='ocrx_word' id='word_1_231' title='bbox 3195 1853 3349 1913; x_wconf 80' lang='grc' dir='ltr'>ἐκεῖ,</span> <span class='ocrx_word' id='word_1_232' title='bbox 3393 1849 3427 1918; x_wconf 80' lang='grc' dir='ltr'>ἢ</span> <span class='ocrx_word' id='word_1_233' title='bbox 3480 1848 3622 1917; x_wconf 77' lang='grc' dir='ltr'>πρὸς</span> <span class='ocrx_word' id='word_1_234' title='bbox 3662 1847 3752 1916; x_wconf 69' lang='grc' dir='ltr'>τὴν</span> 
     </span>
    </p>
   </div>
   <div class='ocr_carea' id='block_1_36' title="bbox 440 1935 2017 2012">
    <p class='ocr_par' dir='ltr' id='par_1_36' title="bbox 440 1935 2017 2012">
     <span class='ocr_line' id='line_1_36' title="bbox 440 1935 2017 2012; baseline 0.006 -24"><span class='ocrx_word' id='word_1_235' title='bbox 440 1943 634 1990; x_wconf 88' lang='lat' dir='ltr'><strong>contra</strong></span> <span class='ocrx_word' id='word_1_236' title='bbox 664 1935 1022 1993; x_wconf 70' lang='lat' dir='ltr'><strong>Asdrubakm</strong></span> <span class='ocrx_word' id='word_1_237' title='bbox 1055 1940 1310 2011; x_wconf 78' lang='lat' dir='ltr'><strong>Gisgonis</strong></span> <span class='ocrx_word' id='word_1_238' title='bbox 1344 1941 1514 1996; x_wconf 82' lang='lat' dir='ltr'><strong>tilium</strong></span> <span class='ocrx_word' id='word_1_239' title='bbox 1571 1953 1658 1998; x_wconf 86' lang='lat' dir='ltr'><strong>est</strong></span> <span class='ocrx_word' id='word_1_240' title='bbox 1716 1943 2017 2012; x_wconf 84' lang='lat' dir='ltr'><strong>profectus,</strong></span> 
     </span>
    </p>
   </div>
   <div class='ocr_carea' id='block_1_37' title="bbox 451 2025 2022 2103">
    <p class='ocr_par' dir='ltr' id='par_1_37' title="bbox 451 2025 2022 2103">
     <span class='ocr_line' id='line_1_37' title="bbox 451 2025 2022 2103; baseline 0.004 -22"><span class='ocrx_word' id='word_1_241' title='bbox 451 2025 723 2081; x_wconf 86' lang='lat' dir='ltr'><strong>Sillanum</strong></span> <span class='ocrx_word' id='word_1_242' title='bbox 768 2028 824 2082; x_wconf 90' lang='lat' dir='ltr'><strong>in</strong></span> <span class='ocrx_word' id='word_1_243' title='bbox 855 2028 1209 2086; x_wconf 86' lang='lat' dir='ltr'><strong>Celtiberiam</strong></span> <span class='ocrx_word' id='word_1_244' title='bbox 1242 2041 1428 2086; x_wconf 80' lang='lat' dir='ltr'><strong>contra</strong></span> <span class='ocrx_word' id='word_1_245' title='bbox 1459 2031 1762 2103; x_wconf 79' lang='lat' dir='ltr'><strong>Magonettt,</strong></span> <span class='ocrx_word' id='word_1_246' title='bbox 1796 2032 1856 2086; x_wconf 88' lang='lat' dir='ltr'><strong>L.</strong></span> <span class='ocrx_word' id='word_1_247' title='bbox 1904 2032 2022 2087; x_wconf 88' lang='lat' dir='ltr'><strong>Sci—</strong></span> 
     </span>
    </p>
   </div>
   <div class='ocr_carea' id='block_1_38' title="bbox 441 2120 2021 2195">
    <p class='ocr_par' dir='ltr' id='par_1_38' title="bbox 441 2120 2021 2195">
     <span class='ocr_line' id='line_1_38' title="bbox 441 2120 2021 2195; baseline 0.003 -21"><span class='ocrx_word' id='word_1_248' title='bbox 441 2120 663 2189; x_wconf 86' lang='lat' dir='ltr'><strong>pionem</strong></span> <span class='ocrx_word' id='word_1_249' title='bbox 693 2121 918 2176; x_wconf 84' lang='lat' dir='ltr'><strong>fratrem</strong></span> <span class='ocrx_word' id='word_1_250' title='bbox 950 2122 1005 2178; x_wconf 92' lang='lat' dir='ltr'><strong>in</strong></span> <span class='ocrx_word' id='word_1_251' title='bbox 1052 2123 1406 2179; x_wconf 85' lang='lat' dir='ltr'><strong>Bastitaniant</strong></span> <span class='ocrx_word' id='word_1_252' title='bbox 1445 2127 1631 2192; x_wconf 91' lang='lat' dir='ltr'><strong>misit;</strong></span> <span class='ocrx_word' id='word_1_253' title='bbox 1663 2125 1759 2195; x_wconf 91' lang='lat' dir='ltr'><strong>qui</strong></span> <span class='ocrx_word' id='word_1_254' title='bbox 1791 2135 1846 2181; x_wconf 88' lang='lat' dir='ltr'><strong>et</strong></span> <span class='ocrx_word' id='word_1_255' title='bbox 1872 2126 2021 2181; x_wconf 92' lang='lat' dir='ltr'><strong>illam</strong></span> 
     </span>
    </p>
   </div>
   <div class='ocr_carea' id='block_1_39' title="bbox 443 2211 2027 2285">
    <p class='ocr_par' dir='ltr' id='par_1_39' title="bbox 443 2211 2027 2285">
     <span class='ocr_line' id='line_1_39' title="bbox 443 2211 2027 2285; baseline 0.003 -19"><span class='ocrx_word' id='word_1_256' title='bbox 443 2211 589 2266; x_wconf 80' lang='lat' dir='ltr'><strong>bello</strong></span> <span class='ocrx_word' id='word_1_257' title='bbox 617 2213 785 2282; x_wconf 87' lang='lat' dir='ltr'><strong>cepit,</strong></span> <span class='ocrx_word' id='word_1_258' title='bbox 812 2223 868 2268; x_wconf 89' lang='lat' dir='ltr'><strong>et</strong></span> <span class='ocrx_word' id='word_1_259' title='bbox 892 2213 1173 2285; x_wconf 80' lang='lat' dir='ltr'><strong>Magonem</strong></span> <span class='ocrx_word' id='word_1_260' title='bbox 1199 2215 1366 2280; x_wconf 89' lang='lat' dir='ltr'><strong>vicit;</strong></span> <span class='ocrx_word' id='word_1_261' title='bbox 1392 2215 1720 2284; x_wconf 84' lang='lat' dir='ltr'><strong>eumquead</strong></span> <span class='ocrx_word' id='word_1_262' title='bbox 1745 2215 2027 2270; x_wconf 81' lang='lat' dir='ltr'><strong>Asdruba-</strong></span> 
     </span>
    </p>
   </div>
   <div class='ocr_carea' id='block_1_40' title="bbox 440 2303 2023 2377">
    <p class='ocr_par' dir='ltr' id='par_1_40' title="bbox 440 2303 2023 2377">
     <span class='ocr_line' id='line_1_40' title="bbox 440 2303 2023 2377; baseline 0.003 -19"><span class='ocrx_word' id='word_1_263' title='bbox 440 2303 549 2358; x_wconf 89' lang='lat' dir='ltr'><strong>lem</strong></span> <span class='ocrx_word' id='word_1_264' title='bbox 603 2303 904 2376; x_wconf 79' lang='lat' dir='ltr'><strong>fugientem</strong></span> <span class='ocrx_word' id='word_1_265' title='bbox 944 2317 1294 2377; x_wconf 89' lang='lat' dir='ltr'><strong>persecutus,</strong></span> <span class='ocrx_word' id='word_1_266' title='bbox 1347 2309 1414 2363; x_wconf 87' lang='lat' dir='ltr'><strong>ad</strong></span> <span class='ocrx_word' id='word_1_267' title='bbox 1469 2309 1779 2377; x_wconf 88' lang='lat' dir='ltr'><strong>Scipionem</strong></span> <span class='ocrx_word' id='word_1_268' title='bbox 1841 2309 2023 2374; x_wconf 77' lang='lat' dir='ltr'><strong>rediit,</strong></span> 
     </span>
    </p>
   </div>
   <div class='ocr_carea' id='block_1_41' title="bbox 441 2395 2024 2472">
    <p class='ocr_par' dir='ltr' id='par_1_41' title="bbox 441 2395 2024 2472">
     <span class='ocr_line' id='line_1_41' title="bbox 441 2395 2024 2472; baseline 0.004 -23"><span class='ocrx_word' id='word_1_269' title='bbox 441 2395 536 2464; x_wconf 87' lang='lat' dir='ltr'><strong>qui</strong></span> <span class='ocrx_word' id='word_1_270' title='bbox 575 2399 819 2452; x_wconf 86' lang='lat' dir='ltr'><strong>nondum</strong></span> <span class='ocrx_word' id='word_1_271' title='bbox 860 2399 1159 2469; x_wconf 89' lang='lat' dir='ltr'><strong>quidquam</strong></span> <span class='ocrx_word' id='word_1_272' title='bbox 1196 2411 1458 2469; x_wconf 84' lang='lat' dir='ltr'><strong>gesserat.</strong></span> <span class='ocrx_word' id='word_1_273' title='bbox 1515 2400 1652 2456; x_wconf 88' lang='lat' dir='ltr'><strong>Cum</strong></span> <span class='ocrx_word' id='word_1_274' title='bbox 1726 2402 1883 2472; x_wconf 81' lang='lat' dir='ltr'><strong>Mago</strong></span> <span class='ocrx_word' id='word_1_275' title='bbox 1955 2402 2024 2456; x_wconf 90' lang='lat' dir='ltr'><strong>ad</strong></span> 
     </span>
    </p>
   </div>
   <div class='ocr_carea' id='block_1_42' title="bbox 440 2488 2024 2563">
    <p class='ocr_par' dir='ltr' id='par_1_42' title="bbox 440 2488 2024 2563">
     <span class='ocr_line' id='line_1_42' title="bbox 440 2488 2024 2563; baseline 0.004 -21"><span class='ocrx_word' id='word_1_276' title='bbox 440 2488 828 2553; x_wconf 82' lang='lat' dir='ltr'><strong>Asdrubalem,</strong></span> <span class='ocrx_word' id='word_1_277' title='bbox 858 2491 1058 2547; x_wconf 87' lang='lat' dir='ltr'><strong>Lucius</strong></span> <span class='ocrx_word' id='word_1_278' title='bbox 1081 2493 1148 2548; x_wconf 87' lang='lat' dir='ltr'><strong>ad</strong></span> <span class='ocrx_word' id='word_1_279' title='bbox 1203 2491 1427 2548; x_wconf 78' lang='lat' dir='ltr'><strong>fratrem</strong></span> <span class='ocrx_word' id='word_1_280' title='bbox 1470 2493 1784 2563; x_wconf 87' lang='lat' dir='ltr'><strong>Scipionem</strong></span> <span class='ocrx_word' id='word_1_281' title='bbox 1837 2495 2024 2549; x_wconf 78' lang='lat' dir='ltr'><strong>venis-</strong></span> 
     </span>
    </p>
   </div>
   <div class='ocr_carea' id='block_1_43' title="bbox 442 2579 2026 2654">
    <p class='ocr_par' dir='ltr' id='par_1_43' title="bbox 442 2579 2026 2654">
     <span class='ocr_line' id='line_1_43' title="bbox 442 2579 2026 2654; baseline 0.004 -21"><span class='ocrx_word' id='word_1_282' title='bbox 442 2587 548 2644; x_wconf 81' lang='lat' dir='ltr'><strong>set,</strong></span> <span class='ocrx_word' id='word_1_283' title='bbox 572 2579 806 2649; x_wconf 78' lang='lat' dir='ltr'><strong>primunt</strong></span> <span class='ocrx_word' id='word_1_284' title='bbox 839 2583 1090 2652; x_wconf 86' lang='lat' dir='ltr'><strong>equitatu</strong></span> <span class='ocrx_word' id='word_1_285' title='bbox 1123 2585 1177 2637; x_wconf 93' lang='lat' dir='ltr'><strong>in</strong></span> <span class='ocrx_word' id='word_1_286' title='bbox 1202 2598 1426 2654; x_wconf 87' lang='lat' dir='ltr'><strong>campos</strong></span> <span class='ocrx_word' id='word_1_287' title='bbox 1460 2583 1826 2639; x_wconf 88' lang='lat' dir='ltr'><strong>decurrentes</strong></span> <span class='ocrx_word' id='word_1_288' title='bbox 1861 2585 2026 2639; x_wconf 89' lang='lat' dir='ltr'><strong>dimi-</strong></span> 
     </span>
    </p>
   </div>
   <div class='ocr_carea' id='block_1_44' title="bbox 444 2672 2029 2736">
    <p class='ocr_par' dir='ltr' id='par_1_44' title="bbox 444 2672 2029 2736">
     <span class='ocr_line' id='line_1_44' title="bbox 444 2672 2029 2736; baseline 0.004 -11"><span class='ocrx_word' id='word_1_289' title='bbox 444 2672 665 2726; x_wconf 83' lang='lat' dir='ltr'><strong>cabant.</strong></span> <span class='ocrx_word' id='word_1_290' title='bbox 697 2673 907 2728; x_wconf 89' lang='lat' dir='ltr'><strong>Deinde</strong></span> <span class='ocrx_word' id='word_1_291' title='bbox 963 2684 1111 2730; x_wconf 91' lang='lat' dir='ltr'><strong>totos</strong></span> <span class='ocrx_word' id='word_1_292' title='bbox 1159 2676 1437 2730; x_wconf 78' lang='lat' dir='ltr'><strong>exercitus</strong></span> <span class='ocrx_word' id='word_1_293' title='bbox 1474 2676 1879 2736; x_wconf 79' lang='lat' dir='ltr'><strong>instruxerunt.</strong></span> <span class='ocrx_word' id='word_1_294' title='bbox 1926 2692 2029 2732; x_wconf 87' lang='lat' dir='ltr'><strong>nec</strong></span> 
     </span>
    </p>
   </div>
   <div class='ocr_carea' id='block_1_45' title="bbox 449 2766 2032 2838">
    <p class='ocr_par' dir='ltr' id='par_1_45' title="bbox 449 2766 2032 2838">
     <span class='ocr_line' id='line_1_45' title="bbox 449 2766 2032 2838; baseline 0.004 -22"><span class='ocrx_word' id='word_1_295' title='bbox 449 2777 630 2832; x_wconf 48' lang='lat' dir='ltr'><strong>tamen</strong></span> <span class='ocrx_word' id='word_1_296' title='bbox 661 2766 727 2819; x_wconf 91' lang='lat' dir='ltr'><strong>ad</strong></span> <span class='ocrx_word' id='word_1_297' title='bbox 767 2780 962 2821; x_wconf 89' lang='lat' dir='ltr'><strong>manus</strong></span> <span class='ocrx_word' id='word_1_298' title='bbox 985 2776 1211 2822; x_wconf 86' lang='lat' dir='ltr'><strong>ventum</strong></span> <span class='ocrx_word' id='word_1_299' title='bbox 1235 2777 1351 2833; x_wconf 89' lang='lat' dir='ltr'><strong>est;</strong></span> <span class='ocrx_word' id='word_1_300' title='bbox 1386 2767 1556 2837; x_wconf 88' lang='lat' dir='ltr'><strong>idque</strong></span> <span class='ocrx_word' id='word_1_301' title='bbox 1610 2783 1711 2838; x_wconf 90' lang='lat' dir='ltr'><strong>per</strong></span> <span class='ocrx_word' id='word_1_302' title='bbox 1735 2768 1853 2824; x_wconf 88' lang='lat' dir='ltr'><strong>dies</strong></span> <span class='ocrx_word' id='word_1_303' title='bbox 1882 2785 2032 2823; x_wconf 91' lang='lat' dir='ltr'><strong>com-</strong></span> 
     </span>
    </p>
   </div>
   <div class='ocr_carea' id='block_1_46' title="bbox 445 2853 2028 2930">
    <p class='ocr_par' dir='ltr' id='par_1_46' title="bbox 445 2853 2028 2930">
     <span class='ocr_line' id='line_1_46' title="bbox 445 2853 2028 2930; baseline 0.005 -24"><span class='ocrx_word' id='word_1_304' title='bbox 445 2853 636 2922; x_wconf 85' lang='lat' dir='ltr'><strong>plures</strong></span> <span class='ocrx_word' id='word_1_305' title='bbox 684 2858 910 2913; x_wconf 76' lang='lat' dir='ltr'><strong>iactum.</strong></span> <span class='ocrx_word' id='word_1_306' title='bbox 963 2858 1072 2915; x_wconf 83' lang='lat' dir='ltr'><strong>Sed</strong></span> <span class='ocrx_word' id='word_1_307' title='bbox 1129 2858 1430 2929; x_wconf 86' lang='lat' dir='ltr'><strong>aliquando</strong></span> <span class='ocrx_word' id='word_1_308' title='bbox 1479 2875 1660 2930; x_wconf 86' lang='lat' dir='ltr'><strong>pugna</strong></span> <span class='ocrx_word' id='word_1_309' title='bbox 1716 2861 2028 2924; x_wconf 89' lang='lat' dir='ltr'><strong>commissa,</strong></span> 
     </span>
    </p>
   </div>
   <div class='ocr_carea' id='block_1_47' title="bbox 448 2946 2031 3024">
    <p class='ocr_par' dir='ltr' id='par_1_47' title="bbox 448 2946 2031 3024">
     <span class='ocr_line' id='line_1_47' title="bbox 448 2946 2031 3024; baseline 0.006 -25"><span class='ocrx_word' id='word_1_310' title='bbox 448 2946 1002 3020; x_wconf 72' lang='lat' dir='ltr'><strong>Carthaginiensibus</strong></span> <span class='ocrx_word' id='word_1_311' title='bbox 1019 2967 1325 3024; x_wconf 87' lang='lat' dir='ltr'><strong>eorumque</strong></span> <span class='ocrx_word' id='word_1_312' title='bbox 1350 2951 1520 3008; x_wconf 89' lang='lat' dir='ltr'><strong>sociis</strong></span> <span class='ocrx_word' id='word_1_313' title='bbox 1551 2953 1734 3019; x_wconf 90' lang='lat' dir='ltr'><strong>victis,</strong></span> <span class='ocrx_word' id='word_1_314' title='bbox 1761 2962 2031 3022; x_wconf 89' lang='lat' dir='ltr'><strong>captaque</strong></span> 
     </span>
    </p>
   </div>
   <div class='ocr_carea' id='block_1_48' title="bbox 449 3041 2028 3112">
    <p class='ocr_par' dir='ltr' id='par_1_48' title="bbox 449 3041 2028 3112">
     <span class='ocr_line' id='line_1_48' title="bbox 449 3041 2028 3112; baseline 0.006 -20"><span class='ocrx_word' id='word_1_315' title='bbox 449 3041 780 3108; x_wconf 81' lang='lat' dir='ltr'><strong>munitione,</strong></span> <span class='ocrx_word' id='word_1_316' title='bbox 810 3045 1040 3101; x_wconf 80' lang='lat' dir='ltr'><strong>Romani</strong></span> <span class='ocrx_word' id='word_1_317' title='bbox 1063 3061 1373 3104; x_wconf 86' lang='lat' dir='ltr'><strong>commeatu</strong></span> <span class='ocrx_word' id='word_1_318' title='bbox 1407 3051 1480 3105; x_wconf 93' lang='lat' dir='ltr'><strong>ibi</strong></span> <span class='ocrx_word' id='word_1_319' title='bbox 1513 3051 1743 3104; x_wconf 89' lang='lat' dir='ltr'><strong>invento</strong></span> <span class='ocrx_word' id='word_1_320' title='bbox 1769 3047 1851 3102; x_wconf 91' lang='lat' dir='ltr'><strong>usi</strong></span> <span class='ocrx_word' id='word_1_321' title='bbox 1878 3056 2028 3112; x_wconf 88' lang='lat' dir='ltr'><strong>sunt,</strong></span> 
     </span>
    </p>
   </div>
   <div class='ocr_carea' id='block_1_49' title="bbox 2123 1939 3753 2022">
    <p class='ocr_par' dir='ltr' id='par_1_49' title="bbox 2123 1939 3753 2022">
     <span class='ocr_line' id='line_1_49' title="bbox 2123 1939 3753 2022; baseline -0.008 -18"><span class='ocrx_word' id='word_1_322' title='bbox 2123 1951 2450 2022; x_wconf 78' lang='grc' dir='ltr'>Καρχηδόνα</span> <span class='ocrx_word' id='word_1_323' title='bbox 2475 1948 2727 2003; x_wconf 74' lang='grc' dir='ltr'>πλεῦσαι.</span> <span class='ocrx_word' id='word_1_324' title='bbox 2769 1947 2826 2001; x_wconf 83' lang='grc' dir='ltr'>Ὀ</span> <span class='ocrx_word' id='word_1_325' title='bbox 2853 1948 2908 2000; x_wconf 81' lang='grc' dir='ltr'>δὲ</span> <span class='ocrx_word' id='word_1_326' title='bbox 2942 1944 3214 1999; x_wconf 80' lang='grc' dir='ltr'>Σκιπίων</span> <span class='ocrx_word' id='word_1_327' title='bbox 3239 1944 3342 1996; x_wconf 72' lang='grc' dir='ltr'><strong>τὸν</strong></span> <span class='ocrx_word' id='word_1_328' title='bbox 3375 1941 3484 2010; x_wconf 83' lang='grc' dir='ltr'>μὲν</span> <span class='ocrx_word' id='word_1_329' title='bbox 3509 1939 3753 2009; x_wconf 81' lang='grc' dir='ltr'>Ἀσδρού-</span> 
     </span>
    </p>
   </div>
   <div class='ocr_carea' id='block_1_50' title="bbox 2124 2035 3749 2111">
    <p class='ocr_par' dir='ltr' id='par_1_50' title="bbox 2124 2035 3749 2111">
     <span class='ocr_line' id='line_1_50' title="bbox 2124 2035 3749 2111; baseline -0.007 -14"><span class='ocrx_word' id='word_1_330' title='bbox 2124 2045 2226 2100; x_wconf 83' lang='grc' dir='ltr'><strong>ϐαν</strong></span> <span class='ocrx_word' id='word_1_331' title='bbox 2277 2046 2378 2098; x_wconf 78' lang='grc' dir='ltr'>οὐκ</span> <span class='ocrx_word' id='word_1_332' title='bbox 2431 2042 2724 2106; x_wconf 83' lang='grc' dir='ltr'>ἐπεδίωξε·</span> <span class='ocrx_word' id='word_1_333' title='bbox 2756 2039 2976 2111; x_wconf 76' lang='grc' dir='ltr'>πέμψας</span> <span class='ocrx_word' id='word_1_334' title='bbox 2996 2039 3058 2092; x_wconf 82' lang='grc' dir='ltr'>δὲ</span> <span class='ocrx_word' id='word_1_335' title='bbox 3117 2036 3607 2107; x_wconf 77' lang='grc' dir='ltr'>δρομοκήρύκας,</span> <span class='ocrx_word' id='word_1_336' title='bbox 3658 2035 3749 2104; x_wconf 80' lang='grc' dir='ltr'>τὴν</span> 
     </span>
    </p>
   </div>
   <div class='ocr_carea' id='block_1_51' title="bbox 2125 2126 3741 2204">
    <p class='ocr_par' dir='ltr' id='par_1_51' title="bbox 2125 2126 3741 2204">
     <span class='ocr_line' id='line_1_51' title="bbox 2125 2126 3741 2204; baseline -0.007 -18"><span class='ocrx_word' id='word_1_337' title='bbox 2125 2135 2388 2204; x_wconf 80' lang='grc' dir='ltr'>πρόσοδον</span> <span class='ocrx_word' id='word_1_338' title='bbox 2412 2132 2577 2186; x_wconf 81' lang='grc' dir='ltr'>αὐτοῦ</span> <span class='ocrx_word' id='word_1_339' title='bbox 2603 2135 2716 2196; x_wconf 84' lang='grc' dir='ltr'>τοῖς</span> <span class='ocrx_word' id='word_1_340' title='bbox 2745 2134 2802 2184; x_wconf 86' lang='grc' dir='ltr'><strong>ἐν</strong></span> <span class='ocrx_word' id='word_1_341' title='bbox 2834 2134 2900 2202; x_wconf 76' lang='grc' dir='ltr'>τῇ</span> <span class='ocrx_word' id='word_1_342' title='bbox 2941 2128 3150 2203; x_wconf 80' lang='grc' dir='ltr'>Ῥώμῃ</span> <span class='ocrx_word' id='word_1_343' title='bbox 3179 2127 3255 2180; x_wconf 84' lang='grc' dir='ltr'><strong>δι’</strong></span> <span class='ocrx_word' id='word_1_344' title='bbox 3290 2126 3489 2180; x_wconf 82' lang='grc' dir='ltr'>αὐτῶν</span> <span class='ocrx_word' id='word_1_345' title='bbox 3515 2127 3741 2194; x_wconf 84' lang='grc' dir='ltr'>προεκή-</span> 
     </span>
    </p>
   </div>
   <div class='ocr_carea' id='block_1_52' title="bbox 2130 2216 3745 2297">
    <p class='ocr_par' dir='ltr' id='par_1_52' title="bbox 2130 2216 3745 2297">
     <span class='ocr_line' id='line_1_52' title="bbox 2130 2216 3745 2297; baseline -0.006 -19"><span class='ocrx_word' id='word_1_346' title='bbox 2130 2227 2308 2297; x_wconf 81' lang='grc' dir='ltr'>ρυξεν,</span> <span class='ocrx_word' id='word_1_347' title='bbox 2340 2226 2499 2286; x_wconf 72' lang='grc' dir='ltr'>αὐτὸς</span> <span class='ocrx_word' id='word_1_348' title='bbox 2526 2225 2580 2276; x_wconf 84' lang='grc' dir='ltr'>δὲ</span> <span class='ocrx_word' id='word_1_349' title='bbox 2603 2223 2714 2276; x_wconf 86' lang='grc' dir='ltr'><strong>τῶν</strong></span> <span class='ocrx_word' id='word_1_350' title='bbox 2738 2224 2795 2275; x_wconf 81' lang='grc' dir='ltr'><strong>ἐν</strong></span> <span class='ocrx_word' id='word_1_351' title='bbox 2831 2222 3019 2293; x_wconf 70' lang='grc' dir='ltr'>χερσὶν</span> <span class='ocrx_word' id='word_1_352' title='bbox 3040 2221 3269 2290; x_wconf 71' lang='grc' dir='ltr'>εἴχετο.</span> <span class='ocrx_word' id='word_1_353' title='bbox 3307 2218 3424 2269; x_wconf 70' lang='grc' dir='ltr'><strong>Καὶ</strong></span> <span class='ocrx_word' id='word_1_354' title='bbox 3457 2216 3602 2289; x_wconf 86' lang='grc' dir='ltr'>όρῶν</span> <span class='ocrx_word' id='word_1_355' title='bbox 3632 2217 3745 2275; x_wconf 69' lang='grc' dir='ltr'>τοὺς</span> 
     </span>
    </p>
   </div>
   <div class='ocr_carea' id='block_1_53' title="bbox 2129 2309 3743 2385">
    <p class='ocr_par' dir='ltr' id='par_1_53' title="bbox 2129 2309 3743 2385">
     <span class='ocr_line' id='line_1_53' title="bbox 2129 2309 3743 2385; baseline -0.009 -14"><span class='ocrx_word' id='word_1_356' title='bbox 2129 2319 2404 2379; x_wconf 75' lang='grc' dir='ltr'>ἐναντίους</span> <span class='ocrx_word' id='word_1_357' title='bbox 2441 2315 2683 2385; x_wconf 84' lang='grc' dir='ltr'>πολλαχῆ</span> <span class='ocrx_word' id='word_1_358' title='bbox 2711 2317 2807 2384; x_wconf 85' lang='grc' dir='ltr'>τῆς</span> <span class='ocrx_word' id='word_1_359' title='bbox 2844 2313 3027 2384; x_wconf 84' lang='grc' dir='ltr'>χώρας</span> <span class='ocrx_word' id='word_1_360' title='bbox 3057 2313 3267 2374; x_wconf 76' lang='grc' dir='ltr'>ὄντας,</span> <span class='ocrx_word' id='word_1_361' title='bbox 3317 2309 3522 2361; x_wconf 82' lang='grc' dir='ltr'>ἐδεδίει</span> <span class='ocrx_word' id='word_1_362' title='bbox 3562 2309 3634 2378; x_wconf 86' lang='grc' dir='ltr'><strong>μή</strong></span> <span class='ocrx_word' id='word_1_363' title='bbox 3673 2324 3743 2358; x_wconf 87' lang='grc' dir='ltr'>τι-</span> 
     </span>
    </p>
   </div>
   <div class='ocr_carea' id='block_1_54' title="bbox 2129 2395 3738 2473">
    <p class='ocr_par' dir='ltr' id='par_1_54' title="bbox 2129 2395 3738 2473">
     <span class='ocr_line' id='line_1_54' title="bbox 2129 2395 3738 2473; baseline -0.011 -12"><span class='ocrx_word' id='word_1_364' title='bbox 2129 2427 2213 2461; x_wconf 90' lang='grc' dir='ltr'><strong>σιν</strong></span> <span class='ocrx_word' id='word_1_365' title='bbox 2270 2407 2453 2460; x_wconf 81' lang='grc' dir='ltr'>αὐτῶν</span> <span class='ocrx_word' id='word_1_366' title='bbox 2508 2404 2816 2473; x_wconf 80' lang='grc' dir='ltr'>προσμίξας</span> <span class='ocrx_word' id='word_1_367' title='bbox 2871 2404 2951 2461; x_wconf 77' lang='grc' dir='ltr'><strong>είς</strong></span> <span class='ocrx_word' id='word_1_368' title='bbox 3001 2401 3062 2455; x_wconf 86' lang='grc' dir='ltr'><strong>ἐν</strong></span> <span class='ocrx_word' id='word_1_369' title='bbox 3134 2399 3416 2453; x_wconf 73' lang='grc' dir='ltr'>ἅπαντας</span> <span class='ocrx_word' id='word_1_370' title='bbox 3474 2395 3738 2463; x_wconf 71' lang='grc' dir='ltr'>συναγάγῃ</span> 
     </span>
    </p>
   </div>
   <div class='ocr_carea' id='block_1_55' title="bbox 2128 2489 3739 2570">
    <p class='ocr_par' dir='ltr' id='par_1_55' title="bbox 2128 2489 3739 2570">
     <span class='ocr_line' id='line_1_55' title="bbox 2128 2489 3739 2570; baseline -0.011 -15"><span class='ocrx_word' id='word_1_371' title='bbox 2128 2501 2374 2570; x_wconf 81' lang='grc' dir='ltr'>ἀλλήλοις</span> <span class='ocrx_word' id='word_1_372' title='bbox 2399 2498 2889 2570; x_wconf 80' lang='grc' dir='ltr'>ἐπικουρήσοντας.</span> <span class='ocrx_word' id='word_1_373' title='bbox 2913 2495 3091 2558; x_wconf 73' lang='grc' dir='ltr'>Αὐτὸς</span> <span class='ocrx_word' id='word_1_374' title='bbox 3119 2494 3231 2563; x_wconf 77' lang='grc' dir='ltr'>μὲν</span> <span class='ocrx_word' id='word_1_375' title='bbox 3263 2491 3364 2544; x_wconf 78' lang='grc' dir='ltr'>οὖν</span> <span class='ocrx_word' id='word_1_376' title='bbox 3389 2489 3739 2560; x_wconf 65' lang='grc' dir='ltr'><strong>ἐστράτευσεν</strong></span> 
     </span>
    </p>
   </div>
   <div class='ocr_carea' id='block_1_56' title="bbox 2131 2579 3731 2661">
    <p class='ocr_par' dir='ltr' id='par_1_56' title="bbox 2131 2579 3731 2661">
     <span class='ocr_line' id='line_1_56' title="bbox 2131 2579 3731 2661; baseline -0.011 -16"><span class='ocrx_word' id='word_1_377' title='bbox 2131 2594 2217 2645; x_wconf 83' lang='grc' dir='ltr'><strong>ἐπ’</strong></span> <span class='ocrx_word' id='word_1_378' title='bbox 2253 2590 2586 2661; x_wconf 86' lang='grc' dir='ltr'>Ἀσδρούϐαν</span> <span class='ocrx_word' id='word_1_379' title='bbox 2619 2590 2710 2641; x_wconf 79' lang='grc' dir='ltr'><strong>τὸν</strong></span> <span class='ocrx_word' id='word_1_380' title='bbox 2744 2588 3054 2656; x_wconf 81' lang='grc' dir='ltr'>Γίσγωνος’</span> <span class='ocrx_word' id='word_1_381' title='bbox 3094 2584 3349 2638; x_wconf 72' lang='grc' dir='ltr'>Σιλανὸν</span> <span class='ocrx_word' id='word_1_382' title='bbox 3383 2582 3441 2635; x_wconf 83' lang='grc' dir='ltr'>δὲ</span> <span class='ocrx_word' id='word_1_383' title='bbox 3476 2583 3533 2643; x_wconf 82' lang='grc' dir='ltr'><strong>ἐς</strong></span> <span class='ocrx_word' id='word_1_384' title='bbox 3569 2579 3731 2633; x_wconf 83' lang='grc' dir='ltr'>Κελτι-</span> 
     </span>
    </p>
   </div>
   <div class='ocr_carea' id='block_1_57' title="bbox 2131 2668 3735 2754">
    <p class='ocr_par' dir='ltr' id='par_1_57' title="bbox 2131 2668 3735 2754">
     <span class='ocr_line' id='line_1_57' title="bbox 2131 2668 3735 2754; baseline -0.012 -17"><span class='ocrx_word' id='word_1_385' title='bbox 2131 2683 2329 2754; x_wconf 84' lang='grc' dir='ltr'>ϐηρίαν</span> <span class='ocrx_word' id='word_1_386' title='bbox 2379 2683 2472 2734; x_wconf 78' lang='grc' dir='ltr'>ἐπὶ</span> <span class='ocrx_word' id='word_1_387' title='bbox 2528 2681 2796 2748; x_wconf 78' lang='grc' dir='ltr'><strong>Μάγωνα,</strong></span> <span class='ocrx_word' id='word_1_388' title='bbox 2861 2681 2956 2732; x_wconf 74' lang='grc' dir='ltr'>καὶ</span> <span class='ocrx_word' id='word_1_389' title='bbox 3007 2676 3265 2730; x_wconf 81' lang='grc' dir='ltr'>Λούκιον</span> <span class='ocrx_word' id='word_1_390' title='bbox 3327 2673 3612 2725; x_wconf 85' lang='grc' dir='ltr'>Σκιπίωνα</span> <span class='ocrx_word' id='word_1_391' title='bbox 3659 2668 3735 2719; x_wconf 64' lang='grc' dir='ltr'><strong>τον</strong></span> 
     </span>
    </p>
   </div>
   <div class='ocr_carea' id='block_1_58' title="bbox 2131 2763 3732 2843">
    <p class='ocr_par' dir='ltr' id='par_1_58' title="bbox 2131 2763 3732 2843">
     <span class='ocr_line' id='line_1_58' title="bbox 2131 2763 3732 2843; baseline -0.011 -17"><span class='ocrx_word' id='word_1_392' title='bbox 2131 2774 2360 2843; x_wconf 65' lang='grc' dir='ltr'>ἀδελφὺν</span> <span class='ocrx_word' id='word_1_393' title='bbox 2397 2773 2453 2834; x_wconf 83' lang='grc' dir='ltr'><strong>ἐς</strong></span> <span class='ocrx_word' id='word_1_394' title='bbox 2484 2771 2848 2824; x_wconf 82' lang='grc' dir='ltr'>Βαστιτανίαν</span> <span class='ocrx_word' id='word_1_395' title='bbox 2874 2767 3154 2837; x_wconf 79' lang='grc' dir='ltr'>ἐπεμψεν,</span> <span class='ocrx_word' id='word_1_396' title='bbox 3188 2765 3251 2828; x_wconf 81' lang='grc' dir='ltr'>ὃς</span> <span class='ocrx_word' id='word_1_397' title='bbox 3291 2763 3524 2833; x_wconf 82' lang='grc' dir='ltr'>ἐκείνην</span> <span class='ocrx_word' id='word_1_398' title='bbox 3556 2777 3612 2812; x_wconf 89' lang='grc' dir='ltr'><strong>τε</strong></span> <span class='ocrx_word' id='word_1_399' title='bbox 3646 2775 3732 2809; x_wconf 85' lang='grc' dir='ltr'>πο-</span> 
     </span>
    </p>
   </div>
   <div class='ocr_carea' id='block_1_59' title="bbox 2132 2848 3730 2935">
    <p class='ocr_par' dir='ltr' id='par_1_59' title="bbox 2132 2848 3730 2935">
     <span class='ocr_line' id='line_1_59' title="bbox 2132 2848 3730 2935; baseline -0.012 -17"><span class='ocrx_word' id='word_1_400' title='bbox 2132 2865 2283 2935; x_wconf 80' lang='grc' dir='ltr'>λέμῳ</span> <span class='ocrx_word' id='word_1_401' title='bbox 2331 2863 2584 2932; x_wconf 84' lang='grc' dir='ltr'>κατέσχε,</span> <span class='ocrx_word' id='word_1_402' title='bbox 2625 2863 2717 2915; x_wconf 78' lang='grc' dir='ltr'>καὶ</span> <span class='ocrx_word' id='word_1_403' title='bbox 2748 2861 2839 2912; x_wconf 71' lang='grc' dir='ltr'><strong>τὸν</strong></span> <span class='ocrx_word' id='word_1_404' title='bbox 2870 2859 3125 2924; x_wconf 81' lang='grc' dir='ltr'><strong>Μάγωνα</strong></span> <span class='ocrx_word' id='word_1_405' title='bbox 3174 2856 3437 2924; x_wconf 84' lang='grc' dir='ltr'>ἐνίκησε.</span> <span class='ocrx_word' id='word_1_406' title='bbox 3482 2852 3587 2904; x_wconf 73' lang='grc' dir='ltr'><strong>Καὶ</strong></span> <span class='ocrx_word' id='word_1_407' title='bbox 3615 2848 3730 2918; x_wconf 70' lang='grc' dir='ltr'>φεύ-</span> 
     </span>
    </p>
   </div>
   <div class='ocr_carea' id='block_1_60' title="bbox 2134 2942 3725 3024">
    <p class='ocr_par' dir='ltr' id='par_1_60' title="bbox 2134 2942 3725 3024">
     <span class='ocr_line' id='line_1_60' title="bbox 2134 2942 3725 3024; baseline -0.013 -14"><span class='ocrx_word' id='word_1_408' title='bbox 2134 2973 2285 3024; x_wconf 86' lang='grc' dir='ltr'>γοντι</span> <span class='ocrx_word' id='word_1_409' title='bbox 2342 2954 2491 3024; x_wconf 82' lang='grc' dir='ltr'><strong>αὑτῷ</strong></span> <span class='ocrx_word' id='word_1_410' title='bbox 2551 2952 2685 3021; x_wconf 67' lang='grc' dir='ltr'>πρὸς</span> <span class='ocrx_word' id='word_1_411' title='bbox 2737 2951 2831 3003; x_wconf 80' lang='grc' dir='ltr'>τὸν</span> <span class='ocrx_word' id='word_1_412' title='bbox 2873 2948 3230 3020; x_wconf 79' lang='grc' dir='ltr'>Ἀσδρούϐαν</span> <span class='ocrx_word' id='word_1_413' title='bbox 3265 2942 3725 3010; x_wconf 74' lang='grc' dir='ltr'>ἐπακολουθήσας,</span> 
     </span>
    </p>
   </div>
   <div class='ocr_carea' id='block_1_61' title="bbox 2133 3030 3727 3118">
    <p class='ocr_par' dir='ltr' id='par_1_61' title="bbox 2133 3030 3727 3118">
     <span class='ocr_line' id='line_1_61' title="bbox 2133 3030 3727 3118; baseline -0.026 -18"><span class='ocrx_word' id='word_1_414' title='bbox 2133 3043 2266 3118; x_wconf 81' lang='grc' dir='ltr'>ἦλθε</span> <span class='ocrx_word' id='word_1_415' title='bbox 2297 3045 2431 3115; x_wconf 78' lang='grc' dir='ltr'>πρὸς</span> <span class='ocrx_word' id='word_1_416' title='bbox 2461 3045 2552 3096; x_wconf 84' lang='grc' dir='ltr'><strong>τδν</strong></span> <span class='ocrx_word' id='word_1_417' title='bbox 2583 3041 2884 3101; x_wconf 86' lang='grc' dir='ltr'>Σκιπίωνα,</span> <span class='ocrx_word' id='word_1_418' title='bbox 2922 3041 3090 3111; x_wconf 81' lang='grc' dir='ltr'>μήπω</span> <span class='ocrx_word' id='word_1_419' title='bbox 3120 3038 3302 3108; x_wconf 70' lang='grc' dir='ltr'>μηδὲν</span> <span class='ocrx_word' id='word_1_420' title='bbox 3327 3036 3494 3089; x_wconf 75' lang='grc' dir='ltr'>διαπε</span> <span class='ocrx_word' id='word_1_421' title='bbox 3507 3030 3727 3100; x_wconf 66' lang='grc' dir='ltr'>πραγμέ,</span> 
     </span>
    </p>
   </div>
   <div class='ocr_carea' id='block_1_62' title="bbox 451 3123 2029 3223">
    <p class='ocr_par' dir='ltr' id='par_1_62' title="bbox 451 3131 2026 3207">
     <span class='ocr_line' id='line_1_62' title="bbox 451 3131 2026 3207; baseline 0.003 -19"><span class='ocrx_word' id='word_1_422' title='bbox 451 3131 506 3185; x_wconf 85' lang='lat' dir='ltr'><strong>id</strong></span> <span class='ocrx_word' id='word_1_423' title='bbox 535 3133 681 3202; x_wconf 86' lang='lat' dir='ltr'><strong>quod</strong></span> <span class='ocrx_word' id='word_1_424' title='bbox 715 3134 901 3207; x_wconf 88' lang='lat' dir='ltr'><strong>Scipio</strong></span> <span class='ocrx_word' id='word_1_425' title='bbox 932 3133 1119 3194; x_wconf 75' lang='lat' dir='ltr'><strong>triiluo</strong></span> <span class='ocrx_word' id='word_1_426' title='bbox 1141 3151 1268 3196; x_wconf 91' lang='lat' dir='ltr'><strong>ante</strong></span> <span class='ocrx_word' id='word_1_427' title='bbox 1293 3144 1627 3198; x_wconf 88' lang='lat' dir='ltr'><strong>vaticinatus</strong></span> <span class='ocrx_word' id='word_1_428' title='bbox 1655 3155 1778 3196; x_wconf 86' lang='lat' dir='ltr'><strong>esse</strong></span> <span class='ocrx_word' id='word_1_429' title='bbox 1829 3140 2026 3194; x_wconf 84' lang='lat' dir='ltr'><strong>fertur.</strong></span> 
     </span>
    </p>
   </div>
   <div class='ocr_carea' id='block_1_63' title="bbox 2138 3123 3728 3223">
    <p class='ocr_par' dir='ltr' id='par_1_63' title="bbox 2145 3123 3728 3199">
     <span class='ocr_line' id='line_1_63' title="bbox 2145 3123 3728 3199; baseline -0.013 -7"><span class='ocrx_word' id='word_1_430' title='bbox 2145 3155 2261 3194; x_wconf 84' lang='lat' dir='ltr'><strong>vov.</strong></span> <span class='ocrx_word' id='word_1_431' title='bbox 2328 3137 2628 3190; x_wconf 80' lang='grc' dir='ltr'>Ἐλθόντων</span> <span class='ocrx_word' id='word_1_432' title='bbox 2685 3135 2778 3188; x_wconf 79' lang='grc' dir='ltr'>οὖν</span> <span class='ocrx_word' id='word_1_433' title='bbox 2836 3132 2931 3186; x_wconf 85' lang='grc' dir='ltr'>τοῦ</span> <span class='ocrx_word' id='word_1_434' title='bbox 2988 3149 3048 3185; x_wconf 87' lang='grc' dir='ltr'><strong>τε</strong></span> <span class='ocrx_word' id='word_1_435' title='bbox 3105 3134 3399 3199; x_wconf 80' lang='grc' dir='ltr'>Μάγωνος</span> <span class='ocrx_word' id='word_1_436' title='bbox 3459 3126 3595 3196; x_wconf 74' lang='grc' dir='ltr'>πρὸς</span> <span class='ocrx_word' id='word_1_437' title='bbox 3647 3123 3728 3172; x_wconf 74' lang='grc' dir='ltr'><strong>τὸν</strong></span> 
     </span>
    </p>
   </div>
   <div class='ocr_carea' id='block_1_64' title="bbox 450 3221 2030 3298">
    <p class='ocr_par' dir='ltr' id='par_1_64' title="bbox 450 3221 2030 3298">
     <span class='ocr_line' id='line_1_64' title="bbox 450 3221 2030 3298; baseline 0.004 -23"><span class='ocrx_word' id='word_1_438' title='bbox 450 3221 587 3276; x_wconf 85' lang='lat' dir='ltr'><strong>Nam</strong></span> <span class='ocrx_word' id='word_1_439' title='bbox 630 3239 756 3278; x_wconf 92' lang='lat' dir='ltr'><strong>cum</strong></span> <span class='ocrx_word' id='word_1_440' title='bbox 789 3229 952 3283; x_wconf 90' lang='lat' dir='ltr'><strong>rebus</strong></span> <span class='ocrx_word' id='word_1_441' title='bbox 998 3231 1328 3287; x_wconf 85' lang='lat' dir='ltr'><strong>necessariis</strong></span> <span class='ocrx_word' id='word_1_442' title='bbox 1373 3232 1829 3289; x_wconf 85' lang='lat' dir='ltr'><strong>destituerentur.</strong></span> <span class='ocrx_word' id='word_1_443' title='bbox 1886 3244 2030 3298; x_wconf 61' lang='lat' dir='ltr'><strong>prae-</strong></span> 
     </span>
    </p>
   </div>
   <div class='ocr_carea' id='block_1_65' title="bbox 449 3314 2032 3394">
    <p class='ocr_par' dir='ltr' id='par_1_65' title="bbox 449 3314 2032 3394">
     <span class='ocr_line' id='line_1_65' title="bbox 449 3314 2032 3394; baseline 0.004 -27"><span class='ocrx_word' id='word_1_444' title='bbox 449 3314 588 3368; x_wconf 80' lang='lat' dir='ltr'><strong>dixit</strong></span> <span class='ocrx_word' id='word_1_445' title='bbox 613 3316 741 3386; x_wconf 83' lang='lat' dir='ltr'><strong>(qua</strong></span> <span class='ocrx_word' id='word_1_446' title='bbox 798 3334 932 3375; x_wconf 82' lang='lat' dir='ltr'><strong>vero</strong></span> <span class='ocrx_word' id='word_1_447' title='bbox 961 3329 1100 3387; x_wconf 89' lang='lat' dir='ltr'><strong>arte,</strong></span> <span class='ocrx_word' id='word_1_448' title='bbox 1163 3322 1466 3394; x_wconf 87' lang='lat' dir='ltr'><strong>ignoratur)</strong></span> <span class='ocrx_word' id='word_1_449' title='bbox 1515 3337 1574 3378; x_wconf 87' lang='lat' dir='ltr'><strong>se</strong></span> <span class='ocrx_word' id='word_1_450' title='bbox 1612 3323 1666 3375; x_wconf 92' lang='lat' dir='ltr'><strong>in</strong></span> <span class='ocrx_word' id='word_1_451' title='bbox 1719 3336 1845 3375; x_wconf 89' lang='lat' dir='ltr'><strong>eum</strong></span> <span class='ocrx_word' id='word_1_452' title='bbox 1886 3320 2032 3374; x_wconf 88' lang='lat' dir='ltr'><strong>diem</strong></span> 
     </span>
    </p>
   </div>
   <div class='ocr_carea' id='block_1_66' title="bbox 451 3405 2032 3478">
    <p class='ocr_par' dir='ltr' id='par_1_66' title="bbox 451 3405 2032 3478">
     <span class='ocr_line' id='line_1_66' title="bbox 451 3405 2032 3478; baseline 0.003 -19"><span class='ocrx_word' id='word_1_453' title='bbox 451 3405 691 3462; x_wconf 84' lang='lat' dir='ltr'><strong>hostium</strong></span> <span class='ocrx_word' id='word_1_454' title='bbox 743 3410 963 3467; x_wconf 85' lang='lat' dir='ltr'><strong>cibariis</strong></span> <span class='ocrx_word' id='word_1_455' title='bbox 1026 3429 1225 3469; x_wconf 91' lang='lat' dir='ltr'><strong>usuros</strong></span> <span class='ocrx_word' id='word_1_456' title='bbox 1265 3431 1408 3471; x_wconf 86' lang='lat' dir='ltr'><strong>esse.</strong></span> <span class='ocrx_word' id='word_1_457' title='bbox 1461 3415 1591 3470; x_wconf 87' lang='lat' dir='ltr'><strong>Post</strong></span> <span class='ocrx_word' id='word_1_458' title='bbox 1641 3414 1778 3478; x_wconf 70' lang='lat' dir='ltr'><strong>btec,</strong></span> <span class='ocrx_word' id='word_1_459' title='bbox 1826 3411 2032 3467; x_wconf 92' lang='lat' dir='ltr'><strong>Sillano</strong></span> 
     </span>
    </p>
   </div>
   <div class='ocr_carea' id='block_1_67' title="bbox 450 3501 2028 3577">
    <p class='ocr_par' dir='ltr' id='par_1_67' title="bbox 450 3501 2028 3577">
     <span class='ocr_line' id='line_1_67' title="bbox 450 3501 2028 3577; baseline 0.003 -24"><span class='ocrx_word' id='word_1_460' title='bbox 450 3509 641 3555; x_wconf 85' lang='lat' dir='ltr'><strong>contra</strong></span> <span class='ocrx_word' id='word_1_461' title='bbox 678 3501 917 3558; x_wconf 91' lang='lat' dir='ltr'><strong>hostium</strong></span> <span class='ocrx_word' id='word_1_462' title='bbox 947 3506 1207 3577; x_wconf 89' lang='lat' dir='ltr'><strong>reliquias</strong></span> <span class='ocrx_word' id='word_1_463' title='bbox 1229 3508 1442 3573; x_wconf 90' lang='lat' dir='ltr'><strong>relicto,</strong></span> <span class='ocrx_word' id='word_1_464' title='bbox 1465 3507 1600 3562; x_wconf 90' lang='lat' dir='ltr'><strong>alias</strong></span> <span class='ocrx_word' id='word_1_465' title='bbox 1632 3507 1800 3560; x_wconf 89' lang='lat' dir='ltr'><strong>urbes</strong></span> <span class='ocrx_word' id='word_1_466' title='bbox 1826 3505 2028 3559; x_wconf 86' lang='lat' dir='ltr'><strong>multas</strong></span> 
     </span>
    </p>
   </div>
   <div class='ocr_carea' id='block_1_68' title="bbox 451 3591 2028 3670">
    <p class='ocr_par' dir='ltr' id='par_1_68' title="bbox 451 3591 2028 3670">
     <span class='ocr_line' id='line_1_68' title="bbox 451 3591 2028 3670; baseline 0.003 -25"><span class='ocrx_word' id='word_1_467' title='bbox 451 3591 558 3646; x_wconf 87' lang='lat' dir='ltr'><strong>sibi</strong></span> <span class='ocrx_word' id='word_1_468' title='bbox 595 3593 878 3664; x_wconf 78' lang='lat' dir='ltr'><strong>adjunxit;</strong></span> <span class='ocrx_word' id='word_1_469' title='bbox 909 3599 1291 3670; x_wconf 87' lang='lat' dir='ltr'><strong>ordinatisque</strong></span> <span class='ocrx_word' id='word_1_470' title='bbox 1325 3601 1513 3663; x_wconf 84' lang='lat' dir='ltr'><strong>rebus.</strong></span> <span class='ocrx_word' id='word_1_471' title='bbox 1546 3601 1601 3654; x_wconf 93' lang='lat' dir='ltr'><strong>in</strong></span> <span class='ocrx_word' id='word_1_472' title='bbox 1632 3598 1896 3668; x_wconf 84' lang='lat' dir='ltr'><strong>Hispania</strong></span> <span class='ocrx_word' id='word_1_473' title='bbox 1937 3596 2028 3650; x_wconf 83' lang='lat' dir='ltr'><strong>hi-</strong></span> 
     </span>
    </p>
   </div>
   <div class='ocr_carea' id='block_1_69' title="bbox 451 3684 2030 3759">
    <p class='ocr_par' dir='ltr' id='par_1_69' title="bbox 451 3684 2030 3759">
     <span class='ocr_line' id='line_1_69' title="bbox 451 3684 2030 3759; baseline 0.004 -22"><span class='ocrx_word' id='word_1_474' title='bbox 451 3684 725 3752; x_wconf 87' lang='lat' dir='ltr'><strong>bernavit,</strong></span> <span class='ocrx_word' id='word_1_475' title='bbox 745 3687 808 3742; x_wconf 90' lang='lat' dir='ltr'><strong>L.</strong></span> <span class='ocrx_word' id='word_1_476' title='bbox 845 3689 1069 3744; x_wconf 78' lang='lat' dir='ltr'><strong>fratrem</strong></span> <span class='ocrx_word' id='word_1_477' title='bbox 1103 3690 1328 3746; x_wconf 75' lang='lat' dir='ltr'><strong>Romam</strong></span> <span class='ocrx_word' id='word_1_478' title='bbox 1357 3693 1526 3757; x_wconf 87' lang='lat' dir='ltr'><strong>misit,</strong></span> <span class='ocrx_word' id='word_1_479' title='bbox 1560 3699 1700 3747; x_wconf 89' lang='lat' dir='ltr'><strong>utet</strong></span> <span class='ocrx_word' id='word_1_480' title='bbox 1732 3706 1819 3744; x_wconf 87' lang='lat' dir='ltr'><strong>res</strong></span> <span class='ocrx_word' id='word_1_481' title='bbox 1850 3697 2030 3759; x_wconf 81' lang='lat' dir='ltr'><strong>gestas</strong></span> 
     </span>
    </p>
   </div>
   <div class='ocr_carea' id='block_1_70' title="bbox 453 3777 2030 3853">
    <p class='ocr_par' dir='ltr' id='par_1_70' title="bbox 453 3777 2030 3853">
     <span class='ocr_line' id='line_1_70' title="bbox 453 3777 2030 3853; baseline 0.005 -24"><span class='ocrx_word' id='word_1_482' title='bbox 453 3777 757 3844; x_wconf 81' lang='lat' dir='ltr'><strong>nuntiaret,</strong></span> <span class='ocrx_word' id='word_1_483' title='bbox 811 3791 868 3836; x_wconf 91' lang='lat' dir='ltr'><strong>et</strong></span> <span class='ocrx_word' id='word_1_484' title='bbox 919 3785 1164 3853; x_wconf 86' lang='lat' dir='ltr'><strong>captivos</strong></span> <span class='ocrx_word' id='word_1_485' title='bbox 1223 3801 1289 3840; x_wconf 91' lang='lat' dir='ltr'><strong>eo</strong></span> <span class='ocrx_word' id='word_1_486' title='bbox 1335 3786 1667 3847; x_wconf 88' lang='lat' dir='ltr'><strong>adduceret,</strong></span> <span class='ocrx_word' id='word_1_487' title='bbox 1723 3782 2030 3850; x_wconf 82' lang='lat' dir='ltr'><strong>eademque</strong></span> 
     </span>
    </p>
   </div>
   <div class='ocr_carea' id='block_1_71' title="bbox 451 3870 2030 3945">
    <p class='ocr_par' dir='ltr' id='par_1_71' title="bbox 451 3870 2030 3945">
     <span class='ocr_line' id='line_1_71' title="bbox 451 3870 2030 3945; baseline 0.005 -27"><span class='ocrx_word' id='word_1_488' title='bbox 451 3881 619 3937; x_wconf 83' lang='lat' dir='ltr'><strong>opera</strong></span> <span class='ocrx_word' id='word_1_489' title='bbox 632 3883 696 3922; x_wconf 77' lang='lat' dir='ltr'><strong>ex</strong></span> <span class='ocrx_word' id='word_1_490' title='bbox 711 3872 969 3941; x_wconf 75' lang='lat' dir='ltr'><strong>ploraret,</strong></span> <span class='ocrx_word' id='word_1_491' title='bbox 986 3890 1106 3945; x_wconf 79' lang='lat' dir='ltr'><strong>qua:</strong></span> <span class='ocrx_word' id='word_1_492' title='bbox 1118 3875 1184 3929; x_wconf 84' lang='lat' dir='ltr'><strong>de</strong></span> <span class='ocrx_word' id='word_1_493' title='bbox 1197 3890 1256 3930; x_wconf 83' lang='lat' dir='ltr'><strong>se</strong></span> <span class='ocrx_word' id='word_1_494' title='bbox 1278 3874 1648 3929; x_wconf 82' lang='lat' dir='ltr'><strong>Romanorum</strong></span> <span class='ocrx_word' id='word_1_495' title='bbox 1665 3881 1810 3927; x_wconf 88' lang='lat' dir='ltr'><strong>esset</strong></span> <span class='ocrx_word' id='word_1_496' title='bbox 1822 3870 2030 3943; x_wconf 91' lang='lat' dir='ltr'><strong>opinio.</strong></span> 
     </span>
    </p>
   </div>
   <div class='ocr_carea' id='block_1_72' title="bbox 2133 3216 3717 3301">
    <p class='ocr_par' dir='ltr' id='par_1_72' title="bbox 2133 3216 3717 3301">
     <span class='ocr_line' id='line_1_72' title="bbox 2133 3216 3717 3301; baseline -0.013 -16"><span class='ocrx_word' id='word_1_497' title='bbox 2133 3229 2488 3301; x_wconf 79' lang='grc' dir='ltr'>Ἀσδρούϐαν,</span> <span class='ocrx_word' id='word_1_498' title='bbox 2539 3230 2634 3282; x_wconf 73' lang='grc' dir='ltr'><strong>καὶ</strong></span> <span class='ocrx_word' id='word_1_499' title='bbox 2666 3227 2759 3280; x_wconf 80' lang='grc' dir='ltr'>τοῦ</span> <span class='ocrx_word' id='word_1_500' title='bbox 2796 3225 3026 3280; x_wconf 85' lang='grc' dir='ltr'>Λουκίου</span> <span class='ocrx_word' id='word_1_501' title='bbox 3059 3224 3210 3296; x_wconf 73' lang='grc' dir='ltr'>πρὸς</span> <span class='ocrx_word' id='word_1_502' title='bbox 3253 3224 3350 3277; x_wconf 74' lang='grc' dir='ltr'>τὸν</span> <span class='ocrx_word' id='word_1_503' title='bbox 3383 3219 3610 3286; x_wconf 73' lang='grc' dir='ltr'>ἀδελφὸν</span> <span class='ocrx_word' id='word_1_504' title='bbox 3638 3216 3717 3267; x_wconf 73' lang='grc' dir='ltr'>τὸν</span> 
     </span>
    </p>
   </div>
   <div class='ocr_carea' id='block_1_73' title="bbox 2132 3309 3722 3390">
    <p class='ocr_par' dir='ltr' id='par_1_73' title="bbox 2132 3309 3722 3390">
     <span class='ocr_line' id='line_1_73' title="bbox 2132 3309 3722 3390; baseline -0.01 -15"><span class='ocrx_word' id='word_1_505' title='bbox 2132 3321 2435 3384; x_wconf 83' lang='grc' dir='ltr'>Σκιπίωνα,</span> <span class='ocrx_word' id='word_1_506' title='bbox 2463 3321 2530 3374; x_wconf 69' lang='grc' dir='ltr'><strong>τά</strong></span> <span class='ocrx_word' id='word_1_507' title='bbox 2562 3321 2662 3390; x_wconf 85' lang='grc' dir='ltr'>μὲν</span> <span class='ocrx_word' id='word_1_508' title='bbox 2693 3319 2885 3389; x_wconf 76' lang='grc' dir='ltr'>πρῶτα</span> <span class='ocrx_word' id='word_1_509' title='bbox 2908 3318 2987 3388; x_wconf 85' lang='grc' dir='ltr'><strong>τῷ</strong></span> <span class='ocrx_word' id='word_1_510' title='bbox 3013 3315 3243 3385; x_wconf 86' lang='grc' dir='ltr'>ίππικῷ</span> <span class='ocrx_word' id='word_1_511' title='bbox 3270 3313 3630 3369; x_wconf 80' lang='grc' dir='ltr'>καταθέοντες</span> <span class='ocrx_word' id='word_1_512' title='bbox 3653 3309 3722 3368; x_wconf 83' lang='grc' dir='ltr'><strong>εἰς</strong></span> 
     </span>
    </p>
   </div>
   <div class='ocr_carea' id='block_1_74' title="bbox 2131 3400 3718 3482">
    <p class='ocr_par' dir='ltr' id='par_1_74' title="bbox 2131 3400 3718 3482">
     <span class='ocr_line' id='line_1_74' title="bbox 2131 3400 3718 3482; baseline -0.013 -14"><span class='ocrx_word' id='word_1_513' title='bbox 2131 3416 2200 3468; x_wconf 87' lang='grc' dir='ltr'><strong>τά</strong></span> <span class='ocrx_word' id='word_1_514' title='bbox 2229 3415 2387 3468; x_wconf 87' lang='grc' dir='ltr'>πεδία</span> <span class='ocrx_word' id='word_1_515' title='bbox 2419 3413 2744 3482; x_wconf 72' lang='grc' dir='ltr'>διεμάχοντο</span> <span class='ocrx_word' id='word_1_516' title='bbox 2764 3427 2777 3442; x_wconf 82' lang='lat'><strong><em>°</em></strong></span> <span class='ocrx_word' id='word_1_517' title='bbox 2813 3405 2932 3463; x_wconf 77' lang='grc' dir='ltr'>εἷτα</span> <span class='ocrx_word' id='word_1_518' title='bbox 2967 3411 3060 3462; x_wconf 74' lang='grc' dir='ltr'>καὶ</span> <span class='ocrx_word' id='word_1_519' title='bbox 3090 3410 3207 3478; x_wconf 81' lang='grc' dir='ltr'><strong>ϐλῳ</strong></span> <span class='ocrx_word' id='word_1_520' title='bbox 3242 3406 3324 3476; x_wconf 85' lang='grc' dir='ltr'><strong>τῷ</strong></span> <span class='ocrx_word' id='word_1_521' title='bbox 3360 3400 3718 3474; x_wconf 79' lang='grc' dir='ltr'>στρατεύματι</span> 
     </span>
    </p>
   </div>
   <div class='ocr_carea' id='block_1_75' title="bbox 2135 3491 3716 3576">
    <p class='ocr_par' dir='ltr' id='par_1_75' title="bbox 2135 3491 3716 3576">
     <span class='ocr_line' id='line_1_75' title="bbox 2135 3491 3716 3576; baseline -0.013 -16"><span class='ocrx_word' id='word_1_522' title='bbox 2135 3505 2686 3576; x_wconf 82' lang='grc' dir='ltr'>ἀντιπαρετάσσοντο,</span> <span class='ocrx_word' id='word_1_523' title='bbox 2721 3503 2780 3554; x_wconf 68' lang='grc' dir='ltr'>οὗ</span> <span class='ocrx_word' id='word_1_524' title='bbox 2817 3502 2923 3572; x_wconf 80' lang='grc' dir='ltr'>μὴν</span> <span class='ocrx_word' id='word_1_525' title='bbox 2964 3502 3059 3554; x_wconf 78' lang='grc' dir='ltr'>καὶ</span> <span class='ocrx_word' id='word_1_526' title='bbox 3118 3501 3429 3568; x_wconf 81' lang='grc' dir='ltr'>ἐμάχοντο,</span> <span class='ocrx_word' id='word_1_527' title='bbox 3485 3494 3577 3546; x_wconf 76' lang='grc' dir='ltr'>καὶ</span> <span class='ocrx_word' id='word_1_528' title='bbox 3633 3491 3716 3543; x_wconf 75' lang='grc' dir='ltr'>ἐπὶ</span> 
     </span>
    </p>
   </div>
   <div class='ocr_carea' id='block_1_76' title="bbox 2136 3587 3712 3666">
    <p class='ocr_par' dir='ltr' id='par_1_76' title="bbox 2136 3587 3712 3666">
     <span class='ocr_line' id='line_1_76' title="bbox 2136 3587 3712 3666; baseline -0.01 -17"><span class='ocrx_word' id='word_1_529' title='bbox 2136 3596 2359 3659; x_wconf 84' lang='grc' dir='ltr'>πλείους</span> <span class='ocrx_word' id='word_1_530' title='bbox 2389 3595 2606 3666; x_wconf 80' lang='grc' dir='ltr'>ἡμέρας</span> <span class='ocrx_word' id='word_1_531' title='bbox 2630 3593 2788 3647; x_wconf 78' lang='grc' dir='ltr'>τοῦτο</span> <span class='ocrx_word' id='word_1_532' title='bbox 2810 3592 3040 3662; x_wconf 84' lang='grc' dir='ltr'>ἐγίνετο.</span> <span class='ocrx_word' id='word_1_533' title='bbox 3066 3589 3372 3661; x_wconf 81' lang='grc' dir='ltr'>Συμϐολῆς</span> <span class='ocrx_word' id='word_1_534' title='bbox 3399 3587 3456 3639; x_wconf 89' lang='grc' dir='ltr'><em>δέ</em></span> <span class='ocrx_word' id='word_1_535' title='bbox 3488 3602 3607 3638; x_wconf 80' lang='grc' dir='ltr'>ποτε</span> <span class='ocrx_word' id='word_1_536' title='bbox 3637 3600 3712 3649; x_wconf 82' lang='grc' dir='ltr'>γι-</span> 
     </span>
    </p>
   </div>
   <div class='ocr_carea' id='block_1_77' title="bbox 2135 3673 3713 3758">
    <p class='ocr_par' dir='ltr' id='par_1_77' title="bbox 2135 3673 3713 3758">
     <span class='ocr_line' id='line_1_77' title="bbox 2135 3673 3713 3758; baseline -0.012 -17"><span class='ocrx_word' id='word_1_537' title='bbox 2135 3687 2390 3758; x_wconf 79' lang='grc' dir='ltr'>νομένης,</span> <span class='ocrx_word' id='word_1_538' title='bbox 2420 3689 2470 3740; x_wconf 82' lang='grc' dir='ltr'>οῖ</span> <span class='ocrx_word' id='word_1_539' title='bbox 2501 3703 2560 3738; x_wconf 87' lang='grc' dir='ltr'><strong>τε</strong></span> <span class='ocrx_word' id='word_1_540' title='bbox 2593 3685 2876 3755; x_wconf 83' lang='grc' dir='ltr'>σύμμαχοι</span> <span class='ocrx_word' id='word_1_541' title='bbox 2898 3682 3006 3735; x_wconf 85' lang='grc' dir='ltr'>τῶν</span> <span class='ocrx_word' id='word_1_542' title='bbox 3031 3679 3438 3752; x_wconf 76' lang='grc' dir='ltr'>Καρχηδονίων</span> <span class='ocrx_word' id='word_1_543' title='bbox 3463 3677 3554 3729; x_wconf 68' lang='grc' dir='ltr'>καὶ</span> <span class='ocrx_word' id='word_1_544' title='bbox 3580 3673 3713 3725; x_wconf 74' lang='grc' dir='ltr'>αὐτοὶ</span> 
     </span>
    </p>
   </div>
   <div class='ocr_carea' id='block_1_78' title="bbox 2139 3764 3709 3849">
    <p class='ocr_par' dir='ltr' id='par_1_78' title="bbox 2139 3764 3709 3849">
     <span class='ocr_line' id='line_1_78' title="bbox 2139 3764 3709 3849; baseline -0.014 -17"><span class='ocrx_word' id='word_1_545' title='bbox 2139 3781 2338 3832; x_wconf 81' lang='grc' dir='ltr'>ὲκεῖνοι</span> <span class='ocrx_word' id='word_1_546' title='bbox 2375 3779 2710 3849; x_wconf 79' lang='grc' dir='ltr'>ἡττήθησαν,</span> <span class='ocrx_word' id='word_1_547' title='bbox 2744 3779 2838 3829; x_wconf 78' lang='grc' dir='ltr'>καὶ</span> <span class='ocrx_word' id='word_1_548' title='bbox 2878 3775 2939 3829; x_wconf 73' lang='grc' dir='ltr'>τὸ</span> <span class='ocrx_word' id='word_1_549' title='bbox 2975 3775 3158 3846; x_wconf 74' lang='grc' dir='ltr'>ἔρυμα</span> <span class='ocrx_word' id='word_1_550' title='bbox 3202 3773 3391 3826; x_wconf 81' lang='grc' dir='ltr'>αὐτῶν</span> <span class='ocrx_word' id='word_1_551' title='bbox 3436 3770 3581 3835; x_wconf 82' lang='grc' dir='ltr'><strong>παρά</strong></span> <span class='ocrx_word' id='word_1_552' title='bbox 3618 3764 3709 3816; x_wconf 78' lang='grc' dir='ltr'>τῶν</span> 
     </span>
    </p>
   </div>
   <div class='ocr_carea' id='block_1_79' title="bbox 2155 3854 3709 3941">
    <p class='ocr_par' dir='ltr' id='par_1_79' title="bbox 2155 3854 3709 3941">
     <span class='ocr_line' id='line_1_79' title="bbox 2155 3854 3709 3941; baseline -0.016 -14"><span class='ocrx_word' id='word_1_553' title='bbox 2155 3871 2444 3941; x_wconf 86' lang='grc' dir='ltr'>Ῥωμαίων</span> <span class='ocrx_word' id='word_1_554' title='bbox 2487 3871 2651 3936; x_wconf 82' lang='grc' dir='ltr'>ἐάλω,</span> <span class='ocrx_word' id='word_1_555' title='bbox 2713 3869 2809 3922; x_wconf 79' lang='grc' dir='ltr'>καὶ</span> <span class='ocrx_word' id='word_1_556' title='bbox 2854 3870 2966 3927; x_wconf 82' lang='grc' dir='ltr'>τοῖς</span> <span class='ocrx_word' id='word_1_557' title='bbox 3005 3868 3065 3920; x_wconf 86' lang='grc' dir='ltr'>ὲν</span> <span class='ocrx_word' id='word_1_558' title='bbox 3107 3863 3269 3934; x_wconf 86' lang='grc' dir='ltr'><strong>αὑτῷ</strong></span> <span class='ocrx_word' id='word_1_559' title='bbox 3307 3859 3629 3926; x_wconf 69' lang='grc' dir='ltr'>ἐπιτηδείοις</span> <span class='ocrx_word' id='word_1_560' title='bbox 3667 3854 3709 3903; x_wconf 77' lang='grc' dir='ltr'>οἱ</span> 
     </span>
    </p>
   </div>
   <div class='ocr_carea' id='block_1_80' title="bbox 464 3951 3707 4038">
    <p class='ocr_par' dir='ltr' id='par_1_80' title="bbox 464 3951 3707 4038">
     <span class='ocr_line' id='line_1_80' title="bbox 464 3951 3707 4038; baseline 0.006 -23"><span class='ocrx_word' id='word_1_561' title='bbox 464 3961 726 4032; x_wconf 84' lang='grc' dir='ltr'>Ῥωμαῖοι</span> <span class='ocrx_word' id='word_1_562' title='bbox 780 3969 1099 4038; x_wconf 83' lang='grc' dir='ltr'>ἐχρήσαντο,</span> <span class='ocrx_word' id='word_1_563' title='bbox 1133 3968 1161 4021; x_wconf 83' lang='grc' dir='ltr'><strong>δ</strong></span> <span class='ocrx_word' id='word_1_564' title='bbox 1227 3967 1335 4038; x_wconf 73' lang='grc' dir='ltr'><strong>πρὸ</strong></span> <span class='ocrx_word' id='word_1_565' title='bbox 1382 3966 1550 4037; x_wconf 86' lang='grc' dir='ltr'>τριῶν</span> <span class='ocrx_word' id='word_1_566' title='bbox 1595 3965 1820 4036; x_wconf 83' lang='grc' dir='ltr'>ἡμερῶν</span> <span class='ocrx_word' id='word_1_567' title='bbox 1901 3963 1930 4016; x_wconf 87' lang='grc' dir='ltr'>ὁ</span> <span class='ocrx_word' id='word_1_568' title='bbox 1995 3963 2261 4028; x_wconf 85' lang='grc' dir='ltr'>Σκιπίων,</span> <span class='ocrx_word' id='word_1_569' title='bbox 2316 3963 2395 4027; x_wconf 82' lang='grc' dir='ltr'>ὡς</span> <span class='ocrx_word' id='word_1_570' title='bbox 2446 3963 2604 4030; x_wconf 83' lang='grc' dir='ltr'>λόγος</span> <span class='ocrx_word' id='word_1_571' title='bbox 2658 3962 2831 4025; x_wconf 61' lang='grc' dir='ltr'>ὲστῖνν</span> <span class='ocrx_word' id='word_1_572' title='bbox 2879 3958 3279 4029; x_wconf 62' lang='grc' dir='ltr'><strong>ἐπεφοίδασεν·</strong></span> <span class='ocrx_word' id='word_1_573' title='bbox 3338 3951 3707 4038; x_wconf 47' lang='grc' dir='ltr'><strong>Ἐπίλιπόνῖων</strong></span> 
     </span>
    </p>
   </div>
   <div class='ocr_carea' id='block_1_81' title="bbox 453 4037 3704 4130">
    <p class='ocr_par' dir='ltr' id='par_1_81' title="bbox 453 4037 3704 4130">
     <span class='ocr_line' id='line_1_81' title="bbox 453 4037 3704 4130; baseline -0.006 -22"><span class='ocrx_word' id='word_1_574' title='bbox 453 4055 560 4125; x_wconf 83' lang='grc' dir='ltr'><strong>γὰρ</strong></span> <span class='ocrx_word' id='word_1_575' title='bbox 588 4058 770 4122; x_wconf 82' lang='grc' dir='ltr'>αὐτοῖς</span> <span class='ocrx_word' id='word_1_576' title='bbox 799 4037 906 4112; x_wconf 79' lang='grc' dir='ltr'>τῶν</span> <span class='ocrx_word' id='word_1_577' title='bbox 934 4061 1067 4129; x_wconf 77' lang='grc' dir='ltr'>πρὸς</span> <span class='ocrx_word' id='word_1_578' title='bbox 1095 4037 1300 4130; x_wconf 78' lang='grc' dir='ltr'>τροφὴν</span> <span class='ocrx_word' id='word_1_579' title='bbox 1327 4061 1590 4129; x_wconf 81' lang='grc' dir='ltr'>προεῖπεν</span> <span class='ocrx_word' id='word_1_580' title='bbox 1621 4057 1763 4129; x_wconf 82' lang='grc' dir='ltr'>(ὅθεν</span> <span class='ocrx_word' id='word_1_581' title='bbox 1789 4056 1833 4110; x_wconf 84' lang='grc' dir='ltr'>δ’</span> <span class='ocrx_word' id='word_1_582' title='bbox 1877 4056 2160 4127; x_wconf 78' lang='grc' dir='ltr'>ἠγνόηται)</span> <span class='ocrx_word' id='word_1_583' title='bbox 2228 4056 2305 4121; x_wconf 86' lang='grc' dir='ltr'><strong>ὡς</strong></span> <span class='ocrx_word' id='word_1_584' title='bbox 2366 4058 2522 4110; x_wconf 83' lang='grc' dir='ltr'><strong>Κατὰ</strong></span> <span class='ocrx_word' id='word_1_585' title='bbox 2581 4055 2740 4126; x_wconf 86' lang='grc' dir='ltr'>τήνδε</span> <span class='ocrx_word' id='word_1_586' title='bbox 2795 4053 2894 4123; x_wconf 80' lang='grc' dir='ltr'>τὴν</span> <span class='ocrx_word' id='word_1_587' title='bbox 2924 4052 3143 4122; x_wconf 80' lang='grc' dir='ltr'>ἡμέραν</span> <span class='ocrx_word' id='word_1_588' title='bbox 3166 4051 3285 4111; x_wconf 80' lang='grc' dir='ltr'>τοῖς</span> <span class='ocrx_word' id='word_1_589' title='bbox 3316 4047 3429 4100; x_wconf 88' lang='grc' dir='ltr'>τῶν</span> <span class='ocrx_word' id='word_1_590' title='bbox 3454 4037 3704 4107; x_wconf 79' lang='grc' dir='ltr'>πολεμίων</span> 
     </span>
    </p>
   </div>
   <div class='ocr_carea' id='block_1_82' title="bbox 452 4130 3701 4220">
    <p class='ocr_par' dir='ltr' id='par_1_82' title="bbox 452 4130 3701 4220">
     <span class='ocr_line' id='line_1_82' title="bbox 452 4130 3701 4220; baseline -0.005 -19"><span class='ocrx_word' id='word_1_591' title='bbox 452 4150 793 4220; x_wconf 84' lang='grc' dir='ltr'>χρησόμεθα.</span> <span class='ocrx_word' id='word_1_592' title='bbox 831 4152 986 4205; x_wconf 83' lang='grc' dir='ltr'>Μετά</span> <span class='ocrx_word' id='word_1_593' title='bbox 1016 4151 1192 4204; x_wconf 70' lang='grc' dir='ltr'>ταῦτα</span> <span class='ocrx_word' id='word_1_594' title='bbox 1220 4153 1277 4205; x_wconf 84' lang='grc' dir='ltr'>δὲ</span> <span class='ocrx_word' id='word_1_595' title='bbox 1310 4153 1425 4214; x_wconf 80' lang='grc' dir='ltr'>τοῖς</span> <span class='ocrx_word' id='word_1_596' title='bbox 1465 4149 1871 4220; x_wconf 78' lang='grc' dir='ltr'>περιλειφθετσι</span> <span class='ocrx_word' id='word_1_597' title='bbox 1947 4149 2058 4201; x_wconf 86' lang='grc' dir='ltr'>τῶν</span> <span class='ocrx_word' id='word_1_598' title='bbox 2097 4149 2357 4203; x_wconf 73' lang='grc' dir='ltr'>ἐναντίων</span> <span class='ocrx_word' id='word_1_599' title='bbox 2411 4149 2503 4202; x_wconf 85' lang='grc' dir='ltr'>τὸν</span> <span class='ocrx_word' id='word_1_600' title='bbox 2549 4146 2774 4200; x_wconf 78' lang='grc' dir='ltr'>Σιλανὸν</span> <span class='ocrx_word' id='word_1_601' title='bbox 2814 4140 3159 4208; x_wconf 85' lang='grc' dir='ltr'>καταλιπὼν,</span> <span class='ocrx_word' id='word_1_602' title='bbox 3213 4140 3388 4202; x_wconf 70' lang='grc' dir='ltr'>αὐτὸς</span> <span class='ocrx_word' id='word_1_603' title='bbox 3463 4135 3591 4205; x_wconf 75' lang='grc' dir='ltr'>πρὸς</span> <span class='ocrx_word' id='word_1_604' title='bbox 3619 4130 3701 4186; x_wconf 65' lang='grc' dir='ltr'>τὰς</span> 
     </span>
    </p>
   </div>
   <div class='ocr_carea' id='block_1_83' title="bbox 453 4227 3700 4317">
    <p class='ocr_par' dir='ltr' id='par_1_83' title="bbox 453 4227 3700 4317">
     <span class='ocr_line' id='line_1_83' title="bbox 453 4227 3700 4317; baseline -0.006 -23"><span class='ocrx_word' id='word_1_605' title='bbox 453 4240 624 4307; x_wconf 77' lang='grc' dir='ltr'>ἄλλας</span> <span class='ocrx_word' id='word_1_606' title='bbox 689 4245 857 4317; x_wconf 77' lang='grc' dir='ltr'>ἀπῄει</span> <span class='ocrx_word' id='word_1_607' title='bbox 917 4249 1126 4311; x_wconf 86' lang='grc' dir='ltr'>πόλεις,</span> <span class='ocrx_word' id='word_1_608' title='bbox 1197 4249 1294 4301; x_wconf 77' lang='grc' dir='ltr'>καὶ</span> <span class='ocrx_word' id='word_1_609' title='bbox 1361 4247 1562 4310; x_wconf 83' lang='grc' dir='ltr'>πολλὰς</span> <span class='ocrx_word' id='word_1_610' title='bbox 1620 4247 2027 4317; x_wconf 81' lang='grc' dir='ltr'>προσηγάγετο.</span> <span class='ocrx_word' id='word_1_611' title='bbox 2067 4247 2435 4315; x_wconf 83' lang='grc' dir='ltr'>Καταστήσας</span> <span class='ocrx_word' id='word_1_612' title='bbox 2483 4245 2539 4297; x_wconf 79' lang='grc' dir='ltr'>δὲ</span> <span class='ocrx_word' id='word_1_613' title='bbox 2583 4244 2651 4296; x_wconf 84' lang='grc' dir='ltr'>τὰ</span> <span class='ocrx_word' id='word_1_614' title='bbox 2728 4242 3028 4305; x_wconf 83' lang='grc' dir='ltr'>ἑαλωκότα,</span> <span class='ocrx_word' id='word_1_615' title='bbox 3072 4238 3245 4301; x_wconf 75' lang='grc' dir='ltr'>αὐτὸς</span> <span class='ocrx_word' id='word_1_616' title='bbox 3286 4237 3387 4306; x_wconf 83' lang='grc' dir='ltr'>μὲν</span> <span class='ocrx_word' id='word_1_617' title='bbox 3427 4232 3542 4287; x_wconf 80' lang='grc' dir='ltr'>ἐκεῖ</span> <span class='ocrx_word' id='word_1_618' title='bbox 3603 4227 3700 4277; x_wconf 78' lang='grc' dir='ltr'>διε-</span> 
     </span>
    </p>
   </div>
   <div class='ocr_carea' id='block_1_84' title="bbox 455 4322 3698 4410">
    <p class='ocr_par' dir='ltr' id='par_1_84' title="bbox 455 4322 3698 4410">
     <span class='ocr_line' id='line_1_84' title="bbox 455 4322 3698 4410; baseline -0.005 -22"><span class='ocrx_word' id='word_1_619' title='bbox 455 4337 687 4405; x_wconf 87' lang='grc' dir='ltr'>χείμασε</span> <span class='ocrx_word' id='word_1_620' title='bbox 719 4351 733 4366; x_wconf 86' lang='grc'>⁶</span> <span class='ocrx_word' id='word_1_621' title='bbox 783 4337 876 4389; x_wconf 80' lang='grc' dir='ltr'><strong>τὸν</strong></span> <span class='ocrx_word' id='word_1_622' title='bbox 931 4339 989 4391; x_wconf 82' lang='grc' dir='ltr'>δὲ</span> <span class='ocrx_word' id='word_1_623' title='bbox 1042 4338 1273 4392; x_wconf 86' lang='grc' dir='ltr'>Λούκιον</span> <span class='ocrx_word' id='word_1_624' title='bbox 1345 4339 1437 4392; x_wconf 74' lang='grc' dir='ltr'>τὸν</span> <span class='ocrx_word' id='word_1_625' title='bbox 1520 4340 1798 4408; x_wconf 84' lang='grc' dir='ltr'>ὁμαίμονα</span> <span class='ocrx_word' id='word_1_626' title='bbox 1867 4339 1960 4392; x_wconf 74' lang='grc' dir='ltr'><strong>ἐπὶ</strong></span> <span class='ocrx_word' id='word_1_627' title='bbox 2035 4339 2258 4410; x_wconf 83' lang='grc' dir='ltr'>Ῥώμην</span> <span class='ocrx_word' id='word_1_628' title='bbox 2325 4337 2617 4392; x_wconf 80' lang='grc' dir='ltr'>ἀπέστειλε</span> <span class='ocrx_word' id='word_1_629' title='bbox 2696 4331 3142 4405; x_wconf 84' lang='grc' dir='ltr'>καταγγελοῢντά</span> <span class='ocrx_word' id='word_1_630' title='bbox 3203 4349 3263 4385; x_wconf 86' lang='grc' dir='ltr'><strong>τε</strong></span> <span class='ocrx_word' id='word_1_631' title='bbox 3325 4328 3395 4382; x_wconf 81' lang='grc' dir='ltr'><strong>τὰ</strong></span> <span class='ocrx_word' id='word_1_632' title='bbox 3457 4322 3698 4410; x_wconf 66' lang='grc' dir='ltr'>γενόμενα</span> 
     </span>
    </p>
   </div>
   <div class='ocr_carea' id='block_1_85' title="bbox 456 4409 3698 4503">
    <p class='ocr_par' dir='ltr' id='par_1_85' title="bbox 456 4409 3698 4503">
     <span class='ocr_line' id='line_1_85' title="bbox 456 4409 3698 4503; baseline -0.002 -20"><span class='ocrx_word' id='word_1_633' title='bbox 456 4431 554 4483; x_wconf 80' lang='grc' dir='ltr'>καὶ</span> <span class='ocrx_word' id='word_1_634' title='bbox 621 4431 748 4493; x_wconf 80' lang='grc' dir='ltr'>τοὺς</span> <span class='ocrx_word' id='word_1_635' title='bbox 801 4430 1186 4500; x_wconf 74' lang='grc' dir='ltr'>αἰχμαλώτους</span> <span class='ocrx_word' id='word_1_636' title='bbox 1255 4431 1550 4501; x_wconf 78' lang='grc' dir='ltr'>κομίζοντα</span> <span class='ocrx_word' id='word_1_637' title='bbox 1612 4433 1706 4485; x_wconf 74' lang='grc' dir='ltr'><strong>καὶ</strong></span> <span class='ocrx_word' id='word_1_638' title='bbox 1772 4432 1922 4496; x_wconf 79' lang='grc' dir='ltr'>ὅπως</span> <span class='ocrx_word' id='word_1_639' title='bbox 1980 4437 2030 4486; x_wconf 81' lang='grc' dir='ltr'>οι</span> <span class='ocrx_word' id='word_1_640' title='bbox 2070 4435 2129 4486; x_wconf 84' lang='grc' dir='ltr'><strong>ἐν</strong></span> <span class='ocrx_word' id='word_1_641' title='bbox 2152 4409 2234 4503; x_wconf 72' lang='grc' dir='ltr'><strong>τῇ</strong></span> <span class='ocrx_word' id='word_1_642' title='bbox 2320 4431 2510 4502; x_wconf 78' lang='grc' dir='ltr'>Ῥώμῃ</span> <span class='ocrx_word' id='word_1_643' title='bbox 2577 4430 2836 4501; x_wconf 80' lang='grc' dir='ltr'>φρονοῦσι</span> <span class='ocrx_word' id='word_1_644' title='bbox 2877 4428 3010 4500; x_wconf 78' lang='grc' dir='ltr'>περὶ</span> <span class='ocrx_word' id='word_1_645' title='bbox 3040 4425 3210 4482; x_wconf 75' lang='grc' dir='ltr'>αὐτοῦ</span> <span class='ocrx_word' id='word_1_646' title='bbox 3262 4409 3698 4490; x_wconf 69' lang='grc' dir='ltr'>πολυπραγμονῆ⁶</span> 
     </span>
    </p>
   </div>
   <div class='ocr_carea' id='block_1_86' title="bbox 527 4589 2029 4690">
    <p class='ocr_par' dir='ltr' id='par_1_86' title="bbox 527 4616 2029 4690">
     <span class='ocr_line' id='line_1_86' title="bbox 527 4616 2029 4690; baseline 0.001 -17"><span class='ocrx_word' id='word_1_647' title='bbox 527 4617 624 4673; x_wconf 75' lang='lat' dir='ltr'><strong>IX.</strong></span> <span class='ocrx_word' id='word_1_648' title='bbox 658 4617 864 4673; x_wconf 78' lang='lat' dir='ltr'><strong>Verum</strong></span> <span class='ocrx_word' id='word_1_649' title='bbox 897 4616 1107 4671; x_wconf 89' lang='lat' dir='ltr'><strong>Italiam</strong></span> <span class='ocrx_word' id='word_1_650' title='bbox 1158 4617 1386 4672; x_wconf 86' lang='lat' dir='ltr'><strong>morbus</strong></span> <span class='ocrx_word' id='word_1_651' title='bbox 1439 4618 1691 4683; x_wconf 72' lang='lat' dir='ltr'><strong>vexabat,</strong></span> <span class='ocrx_word' id='word_1_652' title='bbox 1742 4629 1797 4673; x_wconf 86' lang='lat' dir='ltr'><strong>et</strong></span> <span class='ocrx_word' id='word_1_653' title='bbox 1847 4635 2029 4690; x_wconf 62' lang='lat' dir='ltr'><strong>pugna</strong></span> 
     </span>
    </p>
   </div>
   <div class='ocr_carea' id='block_1_87' title="bbox 2138 4589 3693 4690">
    <p class='ocr_par' dir='ltr' id='par_1_87' title="bbox 2215 4589 3693 4677">
     <span class='ocr_line' id='line_1_87' title="bbox 2215 4589 3693 4677; baseline -0.019 -10"><span class='ocrx_word' id='word_1_654' title='bbox 2215 4615 2294 4667; x_wconf 76' lang='grc' dir='ltr'><strong>ϐ’.</strong></span> <span class='ocrx_word' id='word_1_655' title='bbox 2325 4613 2386 4664; x_wconf 80' lang='lat' dir='ltr'><strong>Oi</strong></span> <span class='ocrx_word' id='word_1_656' title='bbox 2415 4611 2459 4664; x_wconf 79' lang='grc' dir='ltr'>δ’</span> <span class='ocrx_word' id='word_1_657' title='bbox 2491 4612 2548 4662; x_wconf 79' lang='grc' dir='ltr'><strong>ἐν</strong></span> <span class='ocrx_word' id='word_1_658' title='bbox 2575 4610 2639 4677; x_wconf 81' lang='grc' dir='ltr'>τῇ</span> <span class='ocrx_word' id='word_1_659' title='bbox 2671 4606 2874 4676; x_wconf 82' lang='grc' dir='ltr'>Ἰταλίᾳ</span> <span class='ocrx_word' id='word_1_660' title='bbox 2897 4606 2991 4658; x_wconf 77' lang='grc' dir='ltr'>καὶ</span> <span class='ocrx_word' id='word_1_661' title='bbox 3020 4605 3084 4656; x_wconf 89' lang='grc' dir='ltr'><strong>ἐκ</strong></span> <span class='ocrx_word' id='word_1_662' title='bbox 3112 4604 3272 4656; x_wconf 84' lang='grc' dir='ltr'>νόσου</span> <span class='ocrx_word' id='word_1_663' title='bbox 3307 4601 3589 4662; x_wconf 80' lang='grc' dir='ltr'>ἐπόνησαν,</span> <span class='ocrx_word' id='word_1_664' title='bbox 3617 4589 3693 4642; x_wconf 70' lang='grc' dir='ltr'>καὶ</span> 
     </span>
    </p>
   </div>
   <div class='ocr_carea' id='block_1_88' title="bbox 459 4709 2037 4781">
    <p class='ocr_par' dir='ltr' id='par_1_88' title="bbox 459 4709 2037 4781">
     <span class='ocr_line' id='line_1_88' title="bbox 459 4709 2037 4781; baseline -0.001 -17"><span class='ocrx_word' id='word_1_665' title='bbox 459 4709 788 4773; x_wconf 75' lang='lat' dir='ltr'><strong>afﬂixerant,</strong></span> <span class='ocrx_word' id='word_1_666' title='bbox 843 4709 915 4764; x_wconf 92' lang='lat' dir='ltr'><strong>ob</strong></span> <span class='ocrx_word' id='word_1_667' title='bbox 950 4719 1134 4764; x_wconf 89' lang='lat' dir='ltr'><strong>motus</strong></span> <span class='ocrx_word' id='word_1_668' title='bbox 1166 4710 1578 4780; x_wconf 85' lang='lat' dir='ltr'><strong>Tyrrhenorum</strong></span> <span class='ocrx_word' id='word_1_669' title='bbox 1628 4711 1992 4781; x_wconf 82' lang='lat' dir='ltr'><strong>quorumdam</strong></span> <span class='ocrx_word' id='word_1_670' title='bbox 2023 4727 2037 4776; x_wconf 93' lang='lat'><strong>;</strong></span> 
     </span>
    </p>
   </div>
   <div class='ocr_carea' id='block_1_89' title="bbox 461 4802 2038 4873">
    <p class='ocr_par' dir='ltr' id='par_1_89' title="bbox 461 4802 2038 4873">
     <span class='ocr_line' id='line_1_89' title="bbox 461 4802 2038 4873; baseline 0.001 -18"><span class='ocrx_word' id='word_1_671' title='bbox 461 4802 557 4856; x_wconf 85' lang='lat' dir='ltr'><strong>sed</strong></span> <span class='ocrx_word' id='word_1_672' title='bbox 587 4803 852 4873; x_wconf 86' lang='lat' dir='ltr'><strong>majorem</strong></span> <span class='ocrx_word' id='word_1_673' title='bbox 903 4802 1111 4858; x_wconf 90' lang='lat' dir='ltr'><strong>luctum</strong></span> <span class='ocrx_word' id='word_1_674' title='bbox 1158 4804 1417 4858; x_wconf 87' lang='lat' dir='ltr'><strong>attulerat</strong></span> <span class='ocrx_word' id='word_1_675' title='bbox 1474 4804 1713 4859; x_wconf 74' lang='lat' dir='ltr'><strong>Marcelli</strong></span> <span class='ocrx_word' id='word_1_676' title='bbox 1762 4803 2038 4857; x_wconf 88' lang='lat' dir='ltr'><strong>interitus.</strong></span> 
     </span>
    </p>
   </div>
   <div class='ocr_carea' id='block_1_90' title="bbox 462 4894 2044 4951">
    <p class='ocr_par' dir='ltr' id='par_1_90' title="bbox 462 4894 2044 4951">
     <span class='ocr_line' id='line_1_90' title="bbox 462 4894 2044 4951; baseline 0.001 -2"><span class='ocrx_word' id='word_1_677' title='bbox 462 4895 597 4949; x_wconf 79' lang='lat' dir='ltr'><strong>Nam</strong></span> <span class='ocrx_word' id='word_1_678' title='bbox 634 4911 759 4950; x_wconf 92' lang='lat' dir='ltr'><strong>cum</strong></span> <span class='ocrx_word' id='word_1_679' title='bbox 818 4894 982 4950; x_wconf 91' lang='lat' dir='ltr'><strong>ambo</strong></span> <span class='ocrx_word' id='word_1_680' title='bbox 1040 4909 1186 4950; x_wconf 89' lang='lat' dir='ltr'><strong>coss.</strong></span> <span class='ocrx_word' id='word_1_681' title='bbox 1229 4906 1420 4950; x_wconf 89' lang='lat' dir='ltr'><strong>contra</strong></span> <span class='ocrx_word' id='word_1_682' title='bbox 1475 4897 1800 4951; x_wconf 87' lang='lat' dir='ltr'><strong>Annibalem</strong></span> <span class='ocrx_word' id='word_1_683' title='bbox 1851 4895 2044 4950; x_wconf 86' lang='lat' dir='ltr'><strong>Locris</strong></span> 
     </span>
    </p>
   </div>
   <div class='ocr_carea' id='block_1_91' title="bbox 462 4984 2042 5056">
    <p class='ocr_par' dir='ltr' id='par_1_91' title="bbox 462 4984 2042 5056">
     <span class='ocr_line' id='line_1_91' title="bbox 462 4984 2042 5056; baseline 0.002 -19"><span class='ocrx_word' id='word_1_684' title='bbox 462 4993 713 5052; x_wconf 87' lang='lat' dir='ltr'><strong>agentem</strong></span> <span class='ocrx_word' id='word_1_685' title='bbox 742 4984 1047 5039; x_wconf 82' lang='lat' dir='ltr'><strong>exercitum</strong></span> <span class='ocrx_word' id='word_1_686' title='bbox 1085 4985 1376 5049; x_wconf 82' lang='lat' dir='ltr'><strong>ducerent,</strong></span> <span class='ocrx_word' id='word_1_687' title='bbox 1411 5003 1512 5056; x_wconf 88' lang='lat' dir='ltr'><strong>per</strong></span> <span class='ocrx_word' id='word_1_688' title='bbox 1535 4987 1766 5041; x_wconf 85' lang='lat' dir='ltr'><strong>insidias</strong></span> <span class='ocrx_word' id='word_1_689' title='bbox 1797 4987 2042 5041; x_wconf 85' lang='lat' dir='ltr'><strong>circum-</strong></span> 
     </span>
    </p>
   </div>
   <div class='ocr_carea' id='block_1_92' title="bbox 463 5073 2045 5146">
    <p class='ocr_par' dir='ltr' id='par_1_92' title="bbox 463 5073 2045 5146">
     <span class='ocr_line' id='line_1_92' title="bbox 463 5073 2045 5146; baseline 0.003 -20"><span class='ocrx_word' id='word_1_690' title='bbox 463 5073 616 5127; x_wconf 89' lang='lat' dir='ltr'><strong>venti</strong></span> <span class='ocrx_word' id='word_1_691' title='bbox 640 5083 790 5139; x_wconf 91' lang='lat' dir='ltr'><strong>sunt,</strong></span> <span class='ocrx_word' id='word_1_692' title='bbox 819 5083 876 5130; x_wconf 91' lang='lat' dir='ltr'><strong>et</strong></span> <span class='ocrx_word' id='word_1_693' title='bbox 908 5075 1201 5131; x_wconf 80' lang='lat' dir='ltr'><strong>Marcellus</strong></span> <span class='ocrx_word' id='word_1_694' title='bbox 1229 5081 1414 5134; x_wconf 89' lang='lat' dir='ltr'><strong>statim</strong></span> <span class='ocrx_word' id='word_1_695' title='bbox 1450 5079 1734 5142; x_wconf 88' lang='lat' dir='ltr'><strong>occubuit,</strong></span> <span class='ocrx_word' id='word_1_696' title='bbox 1755 5077 2045 5146; x_wconf 88' lang='lat' dir='ltr'><strong>Crispinus</strong></span> 
     </span>
    </p>
   </div>
   <div class='ocr_carea' id='block_1_93' title="bbox 465 5165 2044 5235">
    <p class='ocr_par' dir='ltr' id='par_1_93' title="bbox 465 5165 2044 5235">
     <span class='ocr_line' id='line_1_93' title="bbox 465 5165 2044 5235; baseline 0.003 -17"><span class='ocrx_word' id='word_1_697' title='bbox 465 5180 573 5218; x_wconf 84' lang='lat' dir='ltr'><strong>non</strong></span> <span class='ocrx_word' id='word_1_698' title='bbox 610 5165 785 5218; x_wconf 90' lang='lat' dir='ltr'><strong>multo</strong></span> <span class='ocrx_word' id='word_1_699' title='bbox 816 5176 942 5235; x_wconf 89' lang='lat' dir='ltr'><strong>post</strong></span> <span class='ocrx_word' id='word_1_700' title='bbox 969 5184 1033 5221; x_wconf 83' lang='lat' dir='ltr'><strong>ex</strong></span> <span class='ocrx_word' id='word_1_701' title='bbox 1072 5169 1303 5224; x_wconf 87' lang='lat' dir='ltr'><strong>vulnere</strong></span> <span class='ocrx_word' id='word_1_702' title='bbox 1339 5170 1576 5225; x_wconf 85' lang='lat' dir='ltr'><strong>decessit</strong></span> <span class='ocrx_word' id='word_1_703' title='bbox 1620 5169 1856 5224; x_wconf 83' lang='lat' dir='ltr'><strong>Annibal</strong></span> <span class='ocrx_word' id='word_1_704' title='bbox 1889 5183 2044 5233; x_wconf 87' lang='lat' dir='ltr'><strong>vero,</strong></span> 
     </span>
    </p>
   </div>
   <div class='ocr_carea' id='block_1_94' title="bbox 466 5259 2049 5334">
    <p class='ocr_par' dir='ltr' id='par_1_94' title="bbox 466 5259 2049 5334">
     <span class='ocr_line' id='line_1_94' title="bbox 466 5259 2049 5334; baseline 0.003 -22"><span class='ocrx_word' id='word_1_705' title='bbox 466 5259 707 5314; x_wconf 80' lang='lat' dir='ltr'><strong>Marcelli</strong></span> <span class='ocrx_word' id='word_1_706' title='bbox 733 5263 1001 5318; x_wconf 89' lang='lat' dir='ltr'><strong>cadavere</strong></span> <span class='ocrx_word' id='word_1_707' title='bbox 1037 5262 1198 5334; x_wconf 65' lang='grc'><strong>432</strong></span> <span class='ocrx_word' id='word_1_708' title='bbox 1234 5264 1482 5329; x_wconf 90' lang='lat' dir='ltr'><strong>invento,</strong></span> <span class='ocrx_word' id='word_1_709' title='bbox 1509 5275 1564 5318; x_wconf 88' lang='lat' dir='ltr'><strong>et</strong></span> <span class='ocrx_word' id='word_1_710' title='bbox 1589 5265 1710 5333; x_wconf 90' lang='lat' dir='ltr'><strong>ejus</strong></span> <span class='ocrx_word' id='word_1_711' title='bbox 1741 5263 1921 5332; x_wconf 82' lang='lat' dir='ltr'><strong>sigillo</strong></span> <span class='ocrx_word' id='word_1_712' title='bbox 1959 5277 2049 5316; x_wconf 87' lang='lat' dir='ltr'><strong>ac-</strong></span> 
     </span>
    </p>
   </div>
   <div class='ocr_carea' id='block_1_95' title="bbox 466 5350 2047 5423">
    <p class='ocr_par' dir='ltr' id='par_1_95' title="bbox 466 5350 2047 5423">
     <span class='ocr_line' id='line_1_95' title="bbox 466 5350 2047 5423; baseline -0.001 -19"><span class='ocrx_word' id='word_1_713' title='bbox 466 5359 652 5418; x_wconf 85' lang='lat' dir='ltr'><strong>cepto,</strong></span> <span class='ocrx_word' id='word_1_714' title='bbox 683 5350 886 5406; x_wconf 88' lang='lat' dir='ltr'><strong>litteris</strong></span> <span class='ocrx_word' id='word_1_715' title='bbox 913 5353 1032 5423; x_wconf 90' lang='lat' dir='ltr'><strong>ejus</strong></span> <span class='ocrx_word' id='word_1_716' title='bbox 1064 5356 1286 5408; x_wconf 88' lang='lat' dir='ltr'><strong>nomine</strong></span> <span class='ocrx_word' id='word_1_717' title='bbox 1311 5354 1378 5408; x_wconf 88' lang='lat' dir='ltr'><strong>ad</strong></span> <span class='ocrx_word' id='word_1_718' title='bbox 1418 5353 1583 5408; x_wconf 91' lang='lat' dir='ltr'><strong>urbes</strong></span> <span class='ocrx_word' id='word_1_719' title='bbox 1608 5351 1852 5422; x_wconf 86' lang='lat' dir='ltr'><strong>scriptis,</strong></span> <span class='ocrx_word' id='word_1_720' title='bbox 1882 5351 2047 5421; x_wconf 92' lang='lat' dir='ltr'><strong>quid-</strong></span> 
     </span>
    </p>
   </div>
   <div class='ocr_carea' id='block_1_96' title="bbox 466 5440 2047 5511">
    <p class='ocr_par' dir='ltr' id='par_1_96' title="bbox 466 5440 2047 5511">
     <span class='ocr_line' id='line_1_96' title="bbox 466 5440 2047 5511; baseline 0.002 -19"><span class='ocrx_word' id='word_1_721' title='bbox 466 5441 598 5509; x_wconf 84' lang='lat' dir='ltr'><strong>quid</strong></span> <span class='ocrx_word' id='word_1_722' title='bbox 630 5443 850 5498; x_wconf 89' lang='lat' dir='ltr'><strong>volebat</strong></span> <span class='ocrx_word' id='word_1_723' title='bbox 883 5444 1154 5506; x_wconf 88' lang='lat' dir='ltr'><strong>obtinuit;</strong></span> <span class='ocrx_word' id='word_1_724' title='bbox 1193 5444 1369 5497; x_wconf 80' lang='lat' dir='ltr'><strong>donec</strong></span> <span class='ocrx_word' id='word_1_725' title='bbox 1386 5441 1693 5510; x_wconf 87' lang='lat' dir='ltr'><strong>Crispinus,</strong></span> <span class='ocrx_word' id='word_1_726' title='bbox 1721 5457 1787 5496; x_wconf 87' lang='lat' dir='ltr'><strong>eo</strong></span> <span class='ocrx_word' id='word_1_727' title='bbox 1807 5440 2047 5511; x_wconf 78' lang='lat' dir='ltr'><strong>cognito,</strong></span> 
     </span>
    </p>
   </div>
   <div class='ocr_carea' id='block_1_97' title="bbox 469 5532 2050 5598">
    <p class='ocr_par' dir='ltr' id='par_1_97' title="bbox 469 5532 2050 5598">
     <span class='ocr_line' id='line_1_97' title="bbox 469 5532 2050 5598; baseline -0.001 -11"><span class='ocrx_word' id='word_1_728' title='bbox 469 5533 593 5588; x_wconf 88' lang='lat' dir='ltr'><strong>illos</strong></span> <span class='ocrx_word' id='word_1_729' title='bbox 621 5536 850 5598; x_wconf 87' lang='lat' dir='ltr'><strong>monuit,</strong></span> <span class='ocrx_word' id='word_1_730' title='bbox 895 5537 1098 5595; x_wconf 68' lang='lat' dir='ltr'><strong>uthibi</strong></span> <span class='ocrx_word' id='word_1_731' title='bbox 1130 5543 1416 5590; x_wconf 86' lang='lat' dir='ltr'><strong>caverent.</strong></span> <span class='ocrx_word' id='word_1_732' title='bbox 1467 5533 1622 5590; x_wconf 92' lang='lat' dir='ltr'><strong>Unde</strong></span> <span class='ocrx_word' id='word_1_733' title='bbox 1666 5549 1754 5589; x_wconf 87' lang='lat' dir='ltr'><strong>res</strong></span> <span class='ocrx_word' id='word_1_734' title='bbox 1792 5532 2050 5588; x_wconf 79' lang='lat' dir='ltr'><strong>Annibali</strong></span> 
     </span>
    </p>
   </div>
   <div class='ocr_carea' id='block_1_98' title="bbox 467 5625 2050 5696">
    <p class='ocr_par' dir='ltr' id='par_1_98' title="bbox 467 5625 2050 5696">
     <span class='ocr_line' id='line_1_98' title="bbox 467 5625 2050 5696; baseline -0.002 -15"><span class='ocrx_word' id='word_1_735' title='bbox 467 5626 638 5682; x_wconf 86' lang='lat' dir='ltr'><strong>vertit</strong></span> <span class='ocrx_word' id='word_1_736' title='bbox 671 5629 726 5683; x_wconf 87' lang='lat' dir='ltr'><strong>in</strong></span> <span class='ocrx_word' id='word_1_737' title='bbox 784 5632 1148 5685; x_wconf 88' lang='lat' dir='ltr'><strong>contrarium.</strong></span> <span class='ocrx_word' id='word_1_738' title='bbox 1210 5627 1344 5682; x_wconf 86' lang='lat' dir='ltr'><strong>Nam</strong></span> <span class='ocrx_word' id='word_1_739' title='bbox 1410 5641 1536 5681; x_wconf 90' lang='lat' dir='ltr'><strong>cum</strong></span> <span class='ocrx_word' id='word_1_740' title='bbox 1595 5625 1906 5696; x_wconf 86' lang='lat' dir='ltr'><strong>Salapianis</strong></span> <span class='ocrx_word' id='word_1_741' title='bbox 1955 5639 2050 5694; x_wconf 88' lang='lat' dir='ltr'><strong>per</strong></span> 
     </span>
    </p>
   </div>
   <div class='ocr_carea' id='block_1_99' title="bbox 471 5715 2052 5792">
    <p class='ocr_par' dir='ltr' id='par_1_99' title="bbox 471 5715 2052 5792">
     <span class='ocr_line' id='line_1_99' title="bbox 471 5715 2052 5792; baseline -0.001 -21"><span class='ocrx_word' id='word_1_742' title='bbox 471 5725 809 5792; x_wconf 78' lang='lat' dir='ltr'><strong>transfugam</strong></span> <span class='ocrx_word' id='word_1_743' title='bbox 838 5723 1174 5792; x_wconf 84' lang='lat' dir='ltr'><strong>scripsisset,</strong></span> <span class='ocrx_word' id='word_1_744' title='bbox 1206 5718 1521 5773; x_wconf 85' lang='lat' dir='ltr'><strong>Marcellum</strong></span> <span class='ocrx_word' id='word_1_745' title='bbox 1555 5726 1723 5772; x_wconf 90' lang='lat' dir='ltr'><strong>noctu</strong></span> <span class='ocrx_word' id='word_1_746' title='bbox 1750 5717 1818 5771; x_wconf 91' lang='lat' dir='ltr'><strong>ad</strong></span> <span class='ocrx_word' id='word_1_747' title='bbox 1847 5715 2052 5771; x_wconf 69' lang='lat' dir='ltr'><strong>muenia</strong></span> 
     </span>
    </p>
   </div>
   <div class='ocr_carea' id='block_1_100' title="bbox 475 5808 2050 5879">
    <p class='ocr_par' dir='ltr' id='par_1_100' title="bbox 475 5808 2050 5879">
     <span class='ocr_line' id='line_1_100' title="bbox 475 5808 2050 5879; baseline -0.001 -17"><span class='ocrx_word' id='word_1_748' title='bbox 475 5812 762 5878; x_wconf 79' lang='lat' dir='ltr'><strong>accedere,</strong></span> <span class='ocrx_word' id='word_1_749' title='bbox 789 5822 845 5868; x_wconf 89' lang='lat' dir='ltr'><strong>et</strong></span> <span class='ocrx_word' id='word_1_750' title='bbox 875 5814 1120 5868; x_wconf 80' lang='lat' dir='ltr'><strong>Romana</strong></span> <span class='ocrx_word' id='word_1_751' title='bbox 1160 5808 1346 5879; x_wconf 86' lang='lat' dir='ltr'><strong>lingua</strong></span> <span class='ocrx_word' id='word_1_752' title='bbox 1415 5825 1520 5865; x_wconf 89' lang='lat' dir='ltr'><strong>una</strong></span> <span class='ocrx_word' id='word_1_753' title='bbox 1573 5825 1696 5865; x_wconf 85' lang='lat' dir='ltr'><strong>cunt</strong></span> <span class='ocrx_word' id='word_1_754' title='bbox 1749 5808 1875 5863; x_wconf 88' lang='lat' dir='ltr'><strong>aliis</strong></span> <span class='ocrx_word' id='word_1_755' title='bbox 1928 5821 2050 5862; x_wconf 86' lang='lat' dir='ltr'><strong>eam</strong></span> 
     </span>
    </p>
   </div>
   <div class='ocr_carea' id='block_1_101' title="bbox 2143 4687 3692 4780">
    <p class='ocr_par' dir='ltr' id='par_1_101' title="bbox 2143 4687 3692 4780">
     <span class='ocr_line' id='line_1_101' title="bbox 2143 4687 3692 4780; baseline -0.02 -18"><span class='ocrx_word' id='word_1_756' title='bbox 2143 4719 2343 4780; x_wconf 75' lang='grc' dir='ltr'>μάχαις</span> <span class='ocrx_word' id='word_1_757' title='bbox 2398 4701 2877 4771; x_wconf 76' lang='grc' dir='ltr'>ἐταλαιπώρησαν,</span> <span class='ocrx_word' id='word_1_758' title='bbox 2922 4697 3223 4767; x_wconf 83' lang='grc' dir='ltr'>Τυρσηνῶν</span> <span class='ocrx_word' id='word_1_759' title='bbox 3285 4687 3692 4757; x_wconf 81' lang='grc' dir='ltr'>νεωτερισάντων</span> 
     </span>
    </p>
   </div>
   <div class='ocr_carea' id='block_1_102' title="bbox 2141 4776 3689 4861">
    <p class='ocr_par' dir='ltr' id='par_1_102' title="bbox 2141 4776 3689 4861">
     <span class='ocr_line' id='line_1_102' title="bbox 2141 4776 3689 4861; baseline -0.019 -7"><span class='ocrx_word' id='word_1_760' title='bbox 2141 4776 2322 4854; x_wconf 75' lang='grc' dir='ltr'>τινών.</span> <span class='ocrx_word' id='word_1_761' title='bbox 2358 4798 2560 4861; x_wconf 80' lang='grc' dir='ltr'>Μεῖζον</span> <span class='ocrx_word' id='word_1_762' title='bbox 2591 4795 2646 4846; x_wconf 84' lang='grc' dir='ltr'>δὲ</span> <span class='ocrx_word' id='word_1_763' title='bbox 2685 4793 2792 4845; x_wconf 83' lang='grc' dir='ltr'>τῶν</span> <span class='ocrx_word' id='word_1_764' title='bbox 2844 4792 3024 4844; x_wconf 75' lang='grc' dir='ltr'>ἄλλων</span> <span class='ocrx_word' id='word_1_765' title='bbox 3070 4789 3273 4850; x_wconf 74' lang='grc' dir='ltr'>αὐτοὺς</span> <span class='ocrx_word' id='word_1_766' title='bbox 3321 4783 3582 4848; x_wconf 80' lang='grc' dir='ltr'>ἐλύπησεν</span> <span class='ocrx_word' id='word_1_767' title='bbox 3622 4776 3689 4826; x_wconf 77' lang='grc' dir='ltr'>ὅτι</span> 
     </span>
    </p>
   </div>
   <div class='ocr_carea' id='block_1_103' title="bbox 2141 4871 3686 4962">
    <p class='ocr_par' dir='ltr' id='par_1_103' title="bbox 2141 4871 3686 4962">
     <span class='ocr_line' id='line_1_103' title="bbox 2141 4871 3686 4962; baseline -0.014 -15"><span class='ocrx_word' id='word_1_768' title='bbox 2141 4895 2232 4949; x_wconf 74' lang='grc' dir='ltr'><strong>τὸν</strong></span> <span class='ocrx_word' id='word_1_769' title='bbox 2283 4891 2598 4962; x_wconf 77' lang='grc' dir='ltr'>Μάρκελλον</span> <span class='ocrx_word' id='word_1_770' title='bbox 2651 4887 2945 4940; x_wconf 83' lang='grc' dir='ltr'>ἀπέϐαλον.</span> <span class='ocrx_word' id='word_1_771' title='bbox 2991 4881 3544 4954; x_wconf 80' lang='grc' dir='ltr'>Ἐπιστρατεύσαντες</span> <span class='ocrx_word' id='word_1_772' title='bbox 3596 4871 3686 4962; x_wconf 57' lang='lat'><strong>751,0</strong></span> 
     </span>
    </p>
   </div>
   <div class='ocr_carea' id='block_1_104' title="bbox 2143 4957 3684 5048">
    <p class='ocr_par' dir='ltr' id='par_1_104' title="bbox 2143 4957 3684 5048">
     <span class='ocr_line' id='line_1_104' title="bbox 2143 4957 3684 5048; baseline -0.007 -9"><span class='ocrx_word' id='word_1_773' title='bbox 2143 4987 2285 5042; x_wconf 85' lang='grc' dir='ltr'><strong>κατά</strong></span> <span class='ocrx_word' id='word_1_774' title='bbox 2341 4983 2435 5036; x_wconf 85' lang='grc' dir='ltr'>τοῦ</span> <span class='ocrx_word' id='word_1_775' title='bbox 2479 4982 2724 5036; x_wconf 84' lang='grc' dir='ltr'>Ἀννίϐου</span> <span class='ocrx_word' id='word_1_776' title='bbox 2777 4980 3138 5048; x_wconf 83' lang='grc' dir='ltr'>τυγχάνοντος</span> <span class='ocrx_word' id='word_1_777' title='bbox 3196 4979 3253 5028; x_wconf 82' lang='grc' dir='ltr'><strong>ἐν</strong></span> <span class='ocrx_word' id='word_1_778' title='bbox 3307 4970 3546 5038; x_wconf 70' lang='grc' dir='ltr'>Λοκροῖς,</span> <span class='ocrx_word' id='word_1_779' title='bbox 3603 4957 3684 5012; x_wconf 50' lang='grc' dir='ltr'><strong>ἀἱ</strong></span> 
     </span>
    </p>
   </div>
   <div class='ocr_carea' id='block_1_105' title="bbox 2143 5051 3684 5150">
    <p class='ocr_par' dir='ltr' id='par_1_105' title="bbox 2143 5051 3684 5150">
     <span class='ocr_line' id='line_1_105' title="bbox 2143 5051 3684 5150; baseline -0.021 -17"><span class='ocrx_word' id='word_1_780' title='bbox 2143 5080 2313 5146; x_wconf 78' lang='grc' dir='ltr'>ἄμφω</span> <span class='ocrx_word' id='word_1_781' title='bbox 2335 5077 2383 5128; x_wconf 80' lang='grc' dir='ltr'>οἱ</span> <span class='ocrx_word' id='word_1_782' title='bbox 2411 5075 2609 5128; x_wconf 78' lang='grc' dir='ltr'>ὕπατοι</span> <span class='ocrx_word' id='word_1_783' title='bbox 2641 5070 2700 5137; x_wconf 75' lang='grc' dir='ltr'>ἐξ</span> <span class='ocrx_word' id='word_1_784' title='bbox 2729 5073 2950 5141; x_wconf 80' lang='grc' dir='ltr'>ἐνέδρας</span> <span class='ocrx_word' id='word_1_785' title='bbox 2978 5064 3526 5150; x_wconf 80' lang='grc' dir='ltr'>περιστοιχισθέντες,</span> <span class='ocrx_word' id='word_1_786' title='bbox 3549 5051 3684 5150; x_wconf 35' lang='lat' dir='ltr'><strong>diuisi!</strong></span> 
     </span>
    </p>
   </div>
   <div class='ocr_carea' id='block_1_106' title="bbox 2142 5138 3679 5234">
    <p class='ocr_par' dir='ltr' id='par_1_106' title="bbox 2142 5138 3679 5234">
     <span class='ocr_line' id='line_1_106' title="bbox 2142 5138 3679 5234; baseline -0.037 7"><span class='ocrx_word' id='word_1_787' title='bbox 2142 5138 2461 5234; x_wconf 45' lang='grc' dir='ltr'><strong>Μἀίθκελλος</strong></span> <span class='ocrx_word' id='word_1_788' title='bbox 2499 5162 2698 5216; x_wconf 84' lang='grc' dir='ltr'>αὐτίκα</span> <span class='ocrx_word' id='word_1_789' title='bbox 2739 5138 3011 5214; x_wconf 82' lang='grc' dir='ltr'>ἀπώλετο·</span> <span class='ocrx_word' id='word_1_790' title='bbox 3053 5138 3371 5227; x_wconf 65' lang='grc' dir='ltr'>Κρισπῖνος</span> <span class='ocrx_word' id='word_1_791' title='bbox 3403 5146 3456 5200; x_wconf 78' lang='grc' dir='ltr'>δὲ</span> <span class='ocrx_word' id='word_1_792' title='bbox 3483 5138 3679 5234; x_wconf 71' lang='grc' dir='ltr'>τρωθεὶς</span> 
     </span>
    </p>
   </div>
   <div class='ocr_carea' id='block_1_107' title="bbox 2145 5230 3680 5333">
    <p class='ocr_par' dir='ltr' id='par_1_107' title="bbox 2145 5230 3680 5333">
     <span class='ocr_line' id='line_1_107' title="bbox 2145 5230 3680 5333; baseline -0.018 -22"><span class='ocrx_word' id='word_1_793' title='bbox 2145 5230 2416 5311; x_wconf 68' lang='grc' dir='ltr'>ἀπέθανεν</span> <span class='ocrx_word' id='word_1_794' title='bbox 2465 5256 2525 5307; x_wconf 82' lang='grc' dir='ltr'>οὐ</span> <span class='ocrx_word' id='word_1_795' title='bbox 2579 5253 2713 5324; x_wconf 85' lang='grc' dir='ltr'><strong>μετά</strong></span> <span class='ocrx_word' id='word_1_796' title='bbox 2747 5250 2902 5305; x_wconf 86' lang='grc' dir='ltr'>πολύ.</span> <span class='ocrx_word' id='word_1_797' title='bbox 2936 5248 3204 5320; x_wconf 78' lang='grc' dir='ltr'>Εὑρηκὼς</span> <span class='ocrx_word' id='word_1_798' title='bbox 3232 5245 3287 5298; x_wconf 78' lang='grc' dir='ltr'>δὲ</span> <span class='ocrx_word' id='word_1_799' title='bbox 3321 5235 3502 5333; x_wconf 18' lang='grc' dir='ltr'>τδᾼτού</span> 
     </span>
    </p>
   </div>
   <div class='ocr_carea' id='block_1_108' title="bbox 2144 5330 3672 5426">
    <p class='ocr_par' dir='ltr' id='par_1_108' title="bbox 2144 5330 3672 5426">
     <span class='ocr_line' id='line_1_108' title="bbox 2144 5330 3672 5426; baseline -0.015 -26"><span class='ocrx_word' id='word_1_800' title='bbox 2144 5347 2336 5401; x_wconf 81' lang='grc' dir='ltr'>κέλλου</span> <span class='ocrx_word' id='word_1_801' title='bbox 2376 5346 2534 5416; x_wconf 87' lang='grc' dir='ltr'>σῶμα</span> <span class='ocrx_word' id='word_1_802' title='bbox 2572 5347 2600 5398; x_wconf 87' lang='grc' dir='ltr'>ὁ</span> <span class='ocrx_word' id='word_1_803' title='bbox 2645 5341 2914 5406; x_wconf 83' lang='grc' dir='ltr'>Ἀννίϐας,</span> <span class='ocrx_word' id='word_1_804' title='bbox 2948 5340 3042 5393; x_wconf 76' lang='grc' dir='ltr'>καὶ</span> <span class='ocrx_word' id='word_1_805' title='bbox 3081 5340 3174 5393; x_wconf 79' lang='grc' dir='ltr'>τὸν</span> <span class='ocrx_word' id='word_1_806' title='bbox 3226 5330 3496 5390; x_wconf 83' lang='grc' dir='ltr'>δακτύλιον</span> <span class='ocrx_word' id='word_1_807' title='bbox 3532 5330 3672 5426; x_wconf 54' lang='grc' dir='ltr'><strong>πύξου</strong></span> 
     </span>
    </p>
   </div>
   <div class='ocr_carea' id='block_1_109' title="bbox 2145 5423 3674 5510">
    <p class='ocr_par' dir='ltr' id='par_1_109' title="bbox 2145 5423 3674 5510">
     <span class='ocr_line' id='line_1_109' title="bbox 2145 5423 3674 5510; baseline -0.027 3"><span class='ocrx_word' id='word_1_808' title='bbox 2145 5439 2407 5510; x_wconf 68' lang='grc' dir='ltr'>είληφὼςν</span> <span class='ocrx_word' id='word_1_809' title='bbox 2437 5433 2482 5508; x_wconf 79' lang='grc' dir='ltr'><strong>ᾧ</strong></span> <span class='ocrx_word' id='word_1_810' title='bbox 2511 5441 2718 5502; x_wconf 77' lang='grc' dir='ltr'>ἐκεῖνος</span> <span class='ocrx_word' id='word_1_811' title='bbox 2751 5438 2848 5501; x_wconf 82' lang='grc' dir='ltr'>τὰς</span> <span class='ocrx_word' id='word_1_812' title='bbox 2869 5435 3090 5508; x_wconf 80' lang='grc' dir='ltr'>γραφὰς</span> <span class='ocrx_word' id='word_1_813' title='bbox 3119 5423 3674 5510; x_wconf 36' lang='grc' dir='ltr'>ἐπεσφράγιζεὶγραμξ</span> 
     </span>
    </p>
   </div>
   <div class='ocr_carea' id='block_1_110' title="bbox 2151 5503 3667 5602">
    <p class='ocr_par' dir='ltr' id='par_1_110' title="bbox 2151 5503 3667 5602">
     <span class='ocr_line' id='line_1_110' title="bbox 2151 5503 3667 5602; baseline -0.025 -16"><span class='ocrx_word' id='word_1_814' title='bbox 2151 5503 2297 5602; x_wconf 77' lang='grc' dir='ltr'>ματα</span> <span class='ocrx_word' id='word_1_815' title='bbox 2357 5503 2414 5593; x_wconf 79' lang='grc' dir='ltr'><strong>ἐς</strong></span> <span class='ocrx_word' id='word_1_816' title='bbox 2454 5503 2566 5593; x_wconf 37' lang='grc' dir='ltr'>’τὰς</span> <span class='ocrx_word' id='word_1_817' title='bbox 2611 5527 2796 5591; x_wconf 86' lang='grc' dir='ltr'>πόλεις</span> <span class='ocrx_word' id='word_1_818' title='bbox 2959 5503 3092 5594; x_wconf 78' lang='grc' dir='ltr'>παρ’</span> <span class='ocrx_word' id='word_1_819' title='bbox 3128 5521 3334 5575; x_wconf 65' lang='grc' dir='ltr'>ἐκείνου</span> <span class='ocrx_word' id='word_1_820' title='bbox 3386 5503 3667 5602; x_wconf 55' lang='grc' dir='ltr'>στελλόμενῗ</span> 
     </span>
    </p>
   </div>
   <div class='ocr_carea' id='block_1_111' title="bbox 2147 5599 3668 5696">
    <p class='ocr_par' dir='ltr' id='par_1_111' title="bbox 2147 5599 3668 5696">
     <span class='ocr_line' id='line_1_111' title="bbox 2147 5599 3668 5696; baseline -0.006 -19"><span class='ocrx_word' id='word_1_821' title='bbox 2147 5599 2386 5693; x_wconf 73' lang='grc' dir='ltr'>ἐπεμπε,</span> <span class='ocrx_word' id='word_1_822' title='bbox 2418 5623 2512 5675; x_wconf 78' lang='grc' dir='ltr'>καὶ</span> <span class='ocrx_word' id='word_1_823' title='bbox 2541 5622 2640 5676; x_wconf 81' lang='grc' dir='ltr'>ὅσα</span> <span class='ocrx_word' id='word_1_824' title='bbox 2679 5619 2932 5673; x_wconf 80' lang='grc' dir='ltr'>ἐϐούλετο</span> <span class='ocrx_word' id='word_1_825' title='bbox 2965 5616 3322 5686; x_wconf 75' lang='grc' dir='ltr'>διεπράττετο</span> <span class='ocrx_word' id='word_1_826' title='bbox 3349 5623 3362 5636; x_wconf 84' lang='grc'><strong>⁸</strong></span> <span class='ocrx_word' id='word_1_827' title='bbox 3392 5599 3668 5696; x_wconf 16' lang='grc' dir='ltr'><strong>μέχριξ-Αξξ</strong></span> 
     </span>
    </p>
   </div>
   <div class='ocr_carea' id='block_1_112' title="bbox 2147 5685 3662 5781">
    <p class='ocr_par' dir='ltr' id='par_1_112' title="bbox 2147 5685 3662 5781">
     <span class='ocr_line' id='line_1_112' title="bbox 2147 5685 3662 5781; baseline -0.038 8"><span class='ocrx_word' id='word_1_828' title='bbox 2147 5685 2304 5768; x_wconf 57' lang='grc' dir='ltr'><strong>τοῖνίο</strong></span> <span class='ocrx_word' id='word_1_829' title='bbox 2335 5713 2497 5781; x_wconf 76' lang='grc' dir='ltr'>γνοὺς</span> <span class='ocrx_word' id='word_1_830' title='bbox 2542 5712 2570 5762; x_wconf 78' lang='grc' dir='ltr'>ὁ</span> <span class='ocrx_word' id='word_1_831' title='bbox 2618 5710 2941 5779; x_wconf 77' lang='grc' dir='ltr'>Κρισπῖνος,</span> <span class='ocrx_word' id='word_1_832' title='bbox 2997 5685 3662 5781; x_wconf 40' lang='grc' dir='ltr'>ἀντιπαρήγγειλεν-αὑτίιξ</span> 
     </span>
    </p>
   </div>
   <div class='ocr_carea' id='block_1_113' title="bbox 2151 5763 3657 5883">
    <p class='ocr_par' dir='ltr' id='par_1_113' title="bbox 2151 5763 3657 5883">
     <span class='ocr_line' id='line_1_113' title="bbox 2151 5763 3657 5883; baseline -0.01 -24"><span class='ocrx_word' id='word_1_833' title='bbox 2151 5802 2548 5876; x_wconf 72' lang='grc' dir='ltr'>φυλάσσεσθαι,</span> <span class='ocrx_word' id='word_1_834' title='bbox 2608 5803 2729 5856; x_wconf 71' lang='grc' dir='ltr'>ὅθεν</span> <span class='ocrx_word' id='word_1_835' title='bbox 2791 5799 3177 5883; x_wconf 69' lang='grc' dir='ltr'>ἀντιπεριὲστη</span> <span class='ocrx_word' id='word_1_836' title='bbox 3213 5793 3286 5863; x_wconf 78' lang='grc' dir='ltr'>τῷ</span> <span class='ocrx_word' id='word_1_837' title='bbox 3331 5775 3534 5844; x_wconf 60' lang='grc' dir='ltr'>’Δννιϐᾆ</span> <span class='ocrx_word' id='word_1_838' title='bbox 3608 5763 3657 5816; x_wconf 57' lang='grc' dir='ltr'><strong>τὸ</strong></span> 
     </span>
    </p>
   </div>
  </div>
