3896 6542
185 404 278 468 737
1449 404 1858 470 ANNALIUM
1895 407 2042 468 LIB.
2088 407 2195 467 ιχ.

3346 401 3451 470 738

179 512 424 582 πρᾶγμα.
474 512 639 567 Ἐπεὶ
663 513 768 585 γὰρ
796 516 909 578 τοῖς
938 515 999 569 ἐν
1030 516 1095 586 τῇ
1125 513 1335 587 Σαλπίᾳ
1364 515 1431 568 δι’
1458 515 1766 586 αὐτομόλου

1875 514 2176 570 scientibus
2213 521 2486 579 uteretur,
2540 523 2601 570 ut
2652 529 2751 586 pro
2785 502 3047 596 Romanis
3078 518 3451 589 haberentur;

175 602 322 672 δῆθεν
346 598 420 673 ἦν
451 605 772 669 ἐπιστείλας
806 608 882 671 ῶς
950 610 979 661 ὀ
1028 607 1345 678 Μάρκελλος
1378 607 1568 668 νυκτὸς
1604 625 1773 678 προσ-

176 694 249 765 ῄει
297 697 415 755 τοῖς
467 697 707 767 τείχεσι,
759 702 826 770 τῇ
890 716 952 753 τε
1004 700 1115 753 τῶν
1146 700 1394 754 Λατίνων
1429 701 1772 771 κεχρημένος

178 788 320 855 τωνῇ
360 788 465 839 σὺν
503 788 694 852 ἄλλοις
725 791 1118 862 ἐπισταμένοις
1153 792 1346 864 αὐτὴν,
1379 794 1467 846 ἵνα
1509 794 1770 863 Ῥωμαῖοι

174 878 391 941 δόξωσιν
428 874 608 935 εἶναι.
656 881 937 944 Μαθόντες
975 881 1031 936 δὲ
1066 884 1116 935 oi
1146 884 1427 955 Σαλπηνοὶ
1457 886 1555 954 τὴν
1583 885 1768 937 ἐπιτέ-

173 988 353 1039 χνησιν
378 971 587 1038 αὑτοῦ,
609 974 904 1044 άίιτετεχνή
916 991 1076 1027 σαντο
1101 975 1378 1030 πιστεύειν
1405 977 1436 1029 ό
1452 993 1577 1040 τως
1603 993 1772 1047 προσ·

176 1062 303 1110 ιέναι
391 1062 490 1112 τὸν
595 1065 939 1133 Μάρκελλον.
1009 1068 1118 1120 Καὶ
1190 1068 1611 1133 ἀνασπάσαντες
1678 1072 1772 1124 τὸν

174 1150 912 1221 καταρράκτην,είσήγαγον
940 1153 1101 1217 ὅσους
1128 1156 1313 1220 αὐτοῖς
1343 1157 1522 1224 ἱδοξεν
1550 1160 1772 1223 ἱκανοὺς

175 1237 303 1292 εἶναι
335 1245 805 1315 κατεργασθῆναι
840 1248 969 1318 παρ’
1006 1248 1211 1314 αὐτῶν,
1256 1251 1352 1304 καὶ
1382 1253 1594 1317 πάντας
1638 1254 1772 1307 ἀπέ-

175 1349 414 1389 κτειναν.
474 1334 540 1387 ὐ
600 1336 657 1389 δὲ
708 1336 963 1402 Ἀννίϐας
1024 1339 1239 1410 ἀπῆρεν
1292 1341 1516 1410 αὐτίκα,
1581 1342 1771 1413 μαθὼν

173 1425 291 1487 τοὺς
345 1426 615 1493 Λοκροὺς
646 1427 1147 1499 πολιορκουμένους
1196 1432 1349 1503 παρὰ
1387 1432 1675 1503 Ῥωμαίων
1706 1440 1771 1489 ἐκ

173 1521 422 1585 Σικελίας
452 1520 942 1576 ἐπιπλευσάντων.
978 1523 1089 1577 Καὶ
1125 1519 1394 1590 Πούπλιος
1436 1527 1495 1580 δὲ
1543 1527 1772 1581 Σουλπί-

174 1628 283 1674 κιος
313 1610 463 1682 μετὰ
500 1612 766 1667 Αἰτωλῶν
794 1613 890 1668 καὶ
912 1615 1219 1687 συμμάχων
1240 1618 1445 1689 ἑτέρων
1472 1618 1643 1674 πολλά
1669 1621 1770 1689 τῆς

186 1703 411 1773 ’Ᾱχαῖας
444 1704 752 1775 ἐπόρθησε.
786 1705 894 1759 Τοῦ
923 1705 980 1760 δὲ
1010 1706 1279 1762 Φιλίππου
1332 1710 1427 1764 τοῦ
1457 1711 1772 1777 Μακεδόνος

175 1798 281 1859 τοῖς
340 1797 602 1867 ’Δχαιοῖς
663 1803 1128 1872 συμμαχήσαντος
1158 1843 1174 1868 ,
1231 1803 1511 1868 παντελῶς
1553 1804 1624 1859 ἂν
1673 1808 1771 1876 τῆς

1876 606 2179 676 Salapiani,
2204 608 2324 680 ejus
2351 609 2589 666 artiﬁcio
2614 611 2856 681 cognito.
2899 614 3001 669 hac
3044 624 3167 669 arte
3210 616 3452 673 vicissim

1872 700 1954 754 usi
1996 710 2148 763 sunt,
2191 710 2251 757 ut
2275 716 2335 757 se
2366 701 2691 758 Marcellum
2728 705 2921 761 adesse
2961 706 3189 762 credere
3227 709 3456 765 simula-

1871 801 2029 857 rent;
2060 794 2402 865 clathrisque
2428 795 2699 861 attractis,
2734 805 2815 852 tot
2850 798 2907 851 in
2970 799 3161 854 urbem
3215 800 3456 856 admise-

1870 893 2021 947 runt,
2052 894 2189 954 quot
2216 885 2505 942 vineendis
2524 902 2583 943 se
2608 903 2770 957 pares
2801 903 2923 943 esse
2982 890 3270 952 rebantur.
3324 906 3453 946 eos-

1872 988 1980 1041 que
2010 987 2203 1028 omnes
2234 974 2580 1030 occiderunt.
2607 976 2844 1030 Annibal
2870 993 3022 1043 vero,
3062 993 3189 1033 cum
3242 978 3453 1036 Locros

1872 1079 1902 1117 a
1948 1063 2211 1120 Romanis
2239 1080 2308 1121 ex
2337 1066 2526 1122 Sicilia
2576 1069 2846 1138 profectis
2894 1070 3137 1125 obsideri
3184 1071 3453 1135 audisset,

1873 1157 2060 1212 statim
2092 1161 2344 1215 recessit.
2382 1161 2443 1216 P.
2478 1161 2765 1233 Sulpicius
2800 1174 2984 1220 autem
3018 1180 3145 1220 cum
3174 1164 3372 1221 Altolis
3398 1174 3457 1221 et

1870 1249 1996 1305 aliis
2038 1251 2207 1307 sociis
2246 1267 2500 1323 magnam
2546 1254 2767 1311 Achaiae
2801 1265 3010 1326 partem
3040 1257 3292 1312 vastavit.
3346 1256 3456 1313 Sed

1871 1358 1993 1396 cum
2020 1343 2306 1414 Philippus
2336 1344 2554 1400 Achaeis
2586 1362 2747 1416 opem
2794 1348 3037 1409 tulisset,
3067 1349 3300 1403 Romani
3343 1356 3454 1404 tota

1870 1436 2079 1491 Graecia
2107 1435 2250 1506 pulsi
2283 1445 2489 1501 essent,
2517 1437 2626 1492 nisi
2647 1478 2663 1505 ,
2696 1439 2895 1494 Aitolis
2916 1445 3069 1510 galea
3097 1439 3337 1510 Philippi
3357 1456 3457 1510 po.

1873 1532 2013 1597 titis,
2056 1531 2124 1587 de
2151 1532 2275 1603 ejus
2305 1531 2535 1587 interitu
2562 1548 2754 1588 rumor
2778 1535 2922 1604 apud
2947 1534 3271 1590 Macedones
3300 1550 3457 1606 spar-

1872 1638 1969 1677 sus
1996 1633 2161 1688 esset,
2220 1633 2455 1694 ortaque
2490 1624 2561 1680 ibi
2614 1625 2834 1681 seditio.
2892 1624 3113 1682 Veritus
3160 1626 3335 1692 enim,
3384 1642 3456 1681 ne

1876 1731 2045 1786 regno
2072 1716 2417 1785 privaretur,
2452 1714 2509 1769 in
2567 1715 2938 1771 Macedoniam
2996 1716 3331 1786 properavit.
3368 1716 3454 1771 'lta

1877 1807 2102 1869 factum,
2135 1818 2196 1862 ut
2221 1808 2454 1863 Romani
2496 1806 2552 1861 in
2582 1806 2790 1862 Graecia
2829 1816 3270 1876 perseverantes,
3307 1806 3458 1863 urbi-

190 1889 443 1953 Ἑλλάδος
506 1891 863 1964 ἐξηλάθησαν
906 1896 954 1948 oi
998 1895 1282 1961 Ῥωμαῖοι,
1317 1897 1367 1950 εί
1401 1897 1477 1968 μὴ
1512 1896 1605 1950 τοῦ
1635 1899 1768 1967 κρά-

1876 1895 1981 1950 bus
2005 1895 2216 1964 aliquot
2245 1896 2584 1964 potirentur.
2611 1894 2876 1964 Sequenti
2901 1909 3070 1958 anno,
3098 1910 3223 1950 cum
3251 1894 3459 1950 Asdru-

178 1999 292 2045 νους
326 1981 430 2035 τοῦ
488 1984 766 2037 Φιλίππου
801 1987 1217 2058 περιρρυέντος,
1242 1989 1291 2042 οί
1347 1990 1580 2044 Αἰτωλοὶ
1612 1988 1771 2042 τοῦτο

183 2074 353 2143 ἔσχον,
391 2078 496 2128 καὶ
520 2079 715 2147 φήμης
742 2080 822 2142 είς
854 2078 982 2142 τοὺς
1021 2080 1339 2145 Μακεδόνας
1368 2082 1670 2154 γενομένης
1695 2081 1772 2145 ὼς

182 2165 429 2234 τέθνηκε,
471 2169 673 2230 στάσις
700 2186 759 2221 τε
787 2170 1014 2237 γέγονεν
1051 2173 1171 2227 ἐκεῖ
1200 2216 1217 2241 ,
1270 2176 1367 2229 καὶ
1409 2174 1655 2246 ἐφοβήθη
1696 2175 1771 2247 μὴ

180 2256 268 2325 τῆς
295 2256 599 2339 βρισιλείας
645 2260 908 2331 στερηθῇ,
947 2263 1041 2316 καὶ
1075 2266 1210 2336 πρὸς
1245 2266 1588 2319 Μακεδονίαν
1616 2266 1774 2336 ὴπεε-

182 2347 300 2418 χθη.
339 2349 642 2404 Ἐντεῦθεν
672 2352 721 2406 οί
760 2351 1115 2426 Ῥωμαῖοιτῇ
1146 2355 1354 2410 Ἐλλάδι
1380 2358 1768 2428 προσέμειναν,

184 2439 271 2494 καί
325 2458 510 2496 τινων
561 2444 878 2516 ἐκράτησαν
930 2446 1163 2502 πόλεων.
1194 2447 1286 2519 Τῷ
1314 2448 1359 2502 δ’
1391 2450 1599 2503 ἐπιόντι
1638 2449 1769 2513 ἔτει,

184 2532 252 2595 ὡς
306 2532 337 2586 δ
391 2534 743 2607 Ἀσδρούϐας
799 2538 1100 2607 ἠγγέλλετο
1159 2536 1425 2609 προσιὼν,
1484 2539 1535 2593 oi
1591 2543 1650 2593 ἐν
1703 2542 1768 2610 τῇ

197 2623 381 2698 Ῥώμῃ
410 2628 523 2691 τὰς
555 2628 820 2698 δυνάμεις
848 2646 906 2685 τε
946 2630 1221 2701 ἧθροιζον,
1258 2632 1352 2684 καὶ
1389 2632 1518 2695 τοὺς
1549 2632 1774 2701 συμμά-

190 2733 307 2785 χους
349 2718 516 2786 σφῶν
571 2719 1029 2791 μετεπέμποντο,
1081 2723 1326 2785 ὑπάτους
1382 2722 1654 2776 Κλαύδιόν
1710 2740 1773 2777 τε

189 2808 412 2880 Νέρωνα
453 2812 555 2866 καὶ
585 2812 802 2866 Λιούῖον
833 2811 925 2867 τὸν
951 2812 1181 2882 Μάρκον
1211 2814 1479 2884 ἑλόμενοι.
1514 2814 1630 2868 Καὶ
1665 2815 1772 2868 Νέ-

195 2915 330 2968 ρωνα
385 2902 496 2971 μὲν
558 2903 652 2954 ἐπὶ
692 2904 783 2956 τὸν
842 2903 1119 2969 Ἀννίϐαν,
1157 2902 1374 2958 Διούῖον
1423 2904 1482 2959 δὲ
1545 2906 1641 2959 ἐπὶ
1680 2905 1772 2959 τὸν

202 2991 533 3064 Ἀσδρούϐαν
572 2994 849 3066 ἔπεμψαν,
904 2994 962 3060 ὃς
1013 2996 1162 3067 αὐτῷ
1213 2996 1349 3067 πρὸς
1396 2999 1463 3069 τῇ
1524 2998 1661 3068 Σένῃ
1702 2984 1771 3068 τῇ

196 3084 341 3137 πόλει
377 3086 728 3158 ἀπήντησεν.
762 3088 835 3140 Ού
885 3089 1071 3157 μέντοι
1105 3091 1197 3141 καί
1260 3089 1341 3153 είς
1392 3091 1577 3160 χεῖρας
1611 3090 1772 3153 εὐθὺς

195 3169 374 3245 ἦλθεν,
404 3179 506 3231 ἐπὶ
541 3179 743 3243 πολλάς
773 3179 834 3232 δὲ
876 3179 1088 3251 ἡμέρας
1124 3179 1268 3233 κατὰ
1316 3180 1501 3251 χώραν
1534 3180 1771 3251 ἔμεινεν.

210 3267 340 3320 Ἀλλ’
375 3270 505 3322 οὐδὲ
559 3273 587 3324 ό
647 3270 976 3341 Ἀσδρούϐας
1027 3272 1127 3343 τὴν
1181 3272 1363 3343 μάχην
1418 3272 1770 3343 κατήπειξεν,

201 3361 435 3431 ἡσύχαζε
469 3363 528 3415 δὲ
555 3363 649 3417 τὸν
679 3363 908 3432 ἀδελφὸν
934 3368 1249 3433 ἀναμένων.
1284 3365 1342 3418 ’0
1366 3365 1559 3435 Νέρων
1588 3364 1647 3418 δὲ
1683 3365 1777 3417 καὶ

202 3455 227 3506 ὁ
261 3455 513 3520 ’Δννίϐας
570 3458 650 3519 είς
707 3458 1017 3512 Λευκανίαν
1073 3458 1621 3527 ἐστρατοπεδεύοντο,
1681 3458 1778 3511 καὶ

202 3546 478 3619 οὐδέτερος
511 3548 650 3619 πρὸς
702 3550 1011 3619 παράταξιν
1059 3549 1343 3620 ὥρμησεν,
1392 3549 1569 3613 ἄλλως
1614 3550 1671 3603 δί
1718 3553 1777 3612 ὲς

204 3641 379 3708 χεῖρας
436 3639 690 3712 ἀλλήλοις
743 3641 933 3711 ᾔεσαν.
1001 3641 1110 3695 Καὶ
1175 3644 1203 3694 ὁ
1275 3641 1526 3705 ’Δννίϐας
1590 3644 1776 3695 πυκνὰ

208 3732 589 3799 μετανίστατο,
622 3733 716 3786 καὶ
743 3736 772 3787 ὁ
804 3733 995 3805 Νέρων
1027 3733 1273 3805 ἀκριϐῶς
1324 3735 1487 3787 αὑτδιν
1537 3734 1778 3806 παρετή-

209 3842 303 3892 ρει.
342 3826 635 3899 Κρείττων
685 3824 782 3879 οὖν
837 3826 929 3880 ἀεὶ
983 3824 1148 3879 αὑτοῦ
1205 3827 1516 3894 γινόμενος,
1568 3828 1663 3879 xai.
1708 3826 1777 3879 τά

207 3919 510 3990 γράμματα
565 3919 635 3971 τὰ
695 3920 849 3988 παρά
896 3916 992 3972 τοῦ
1040 3917 1365 3988 Ἀσδρούϐου
1423 3916 1575 3988 αὐτῷ
1631 3933 1777 3986 πεμ-

210 4009 409 4076 φθέντα
440 4008 601 4072 ἐλὼν,
630 4010 726 4063 τοῦ
761 4010 860 4080 μὲν
890 4009 1132 4064 Ἀννίϐου
1164 4008 1565 4081 κατεφρόνησεσ
1593 4009 1778 4073 δείσας

210 4099 261 4154 ἃ
289 4101 373 4171 μὴ
411 4103 503 4155 τὸν
551 4102 770 4156 Διούῖον
815 4105 844 4154 ό
891 4101 1223 4173 Ἀσδρούϐας
1252 4101 1332 4204 τιέ
1361 4102 1560 4173 πλήθει
1604 4118 1777 4157 κατα-

212 4191 487 4265 ϐιάσηεαι,
522 4195 666 4262 μέγα
717 4195 956 4264 πρᾶγμα
1012 4191 1329 4263 ἑτόλμησε.“
1358 4196 1468 4249 Καὶ
1515 4194 1777 4248 κατέλιπε

214 4286 300 4352 μὲν
354 4287 553 4355 μοῖραν
608 4287 745 4350 ἐκεῖ,
773 4283 1104 4354 ἀποχρῶσαν
1141 4285 1352 4355 εἴργειν
1386 4285 1482 4339 τὸν
1528 4284 1779 4340 ’Δννίϐαν

213 4378 259 4428 εἴ
281 4395 362 4449 πη
396 4376 673 4448 κινηθείη,
705 4376 1085 4447 ἐντειλάμενος
1142 4378 1325 4431 πάντα
1366 4379 1519 4431 ποεῖν
1562 4377 1649 4430 Eva
1682 4378 1780 4432 καὶ

214 4471 368 4535 αὐτὸς
397 4471 673 4541 νομίζοιτο
717 4471 1007 4541 ἐνδημεῖν·
1052 4469 1116 4522 τὸ
1167 4470 1224 4524 δὲ
1258 4469 1648 4541 καθαρώτατον
1680 4470 1775 4524 τοῦ

1878 1988 2015 2043 balis
2047 1988 2320 2043 adventus
2349 1988 2724 2051 nuntiaretur,
2762 1986 2994 2042 Romani
3034 1986 3281 2058 legiones
3322 2002 3458 2043 eon-

1879 2081 2170 2144 vocabant,
2198 2089 2258 2135 et
2300 2079 2486 2135 socios
2515 2094 2647 2135 suos
2674 2081 3053 2147 accersebant,
3088 2078 3319 2135 Claudio
3341 2081 3455 2137 Ne-

1877 2186 2011 2226 rone
2040 2181 2095 2226 et
2134 2171 2317 2226 Marco
2370 2170 2527 2225 Livio
2588 2184 2735 2225 coss.
2791 2171 3009 2226 creatis.
3067 2178 3148 2226 Ac
3177 2171 3456 2227 Neronem

1876 2272 2068 2319 contra
2095 2249 2447 2329 Annibalem,
2477 2262 2691 2318 Livium
2716 2274 2904 2318 contra
2933 2262 3296 2321 Asdrubalem
3350 2264 3454 2319 nti-

1875 2363 2094 2419 serunt,
2122 2354 2217 2425 qui
2244 2355 2298 2410 ei
2327 2355 2475 2411 circa
2522 2353 2722 2409 Senam
2776 2355 2967 2409 urbem
3014 2355 3290 2421 occurrit;
3322 2346 3452 2411 ‘hon

1879 2456 2059 2502 tamen
2105 2449 2288 2503 statim
2317 2447 2386 2501 ad
2428 2462 2624 2502 manus
2657 2447 2829 2509 venit,
2872 2446 2970 2502 sed
3006 2461 3105 2517 per
3134 2449 3254 2503 dies
3294 2463 3450 2504 com-

1878 2543 2062 2613 plures
2097 2544 2152 2598 in
2183 2542 2382 2599 castris
2408 2556 2469 2598 se
2497 2541 2796 2597 continuit.
2830 2541 3020 2613 Neque
3040 2542 3311 2599 Asdrubal
3346 2559 3452 2613 pu-

1875 2648 2036 2705 gnam
2066 2633 2226 2696 ursit,
2273 2631 2499 2703 quietus
2544 2630 2772 2687 fratrem
2811 2639 3156 2701 exspectans.
3183 2630 3331 2687 Nero
3358 2647 3456 2688 au-

1878 2733 1987 2779 tem
2026 2732 2083 2778 et
2120 2723 2359 2779 Annibal
2388 2722 2443 2778 in
2491 2721 2734 2777 Lucania
2786 2731 2966 2777 castra
3011 2721 3293 2789 habentes,
3341 2738 3454 2780 non

1870 2816 2016 2887 justa
2049 2814 2188 2879 acie,
2219 2812 2315 2868 sed
2371 2811 2750 2867 tumultuariis
2773 2810 3038 2867 duntaxat
3066 2810 3265 2882 pugnis
3323 2821 3455 2868 sunt

1876 2907 2181 2978 congressi.
2233 2904 2559 2960 Annibalem
2601 2912 2785 2957 autem
2836 2903 3017 2959 locum
3052 2904 3285 2960 subinde
3336 2918 3456 2959 mu-

1877 3009 2107 3062 tantem,
2153 3007 2413 3053 accurate
2467 2995 2779 3052 observavit
2813 2995 2981 3056 Nero.
3020 3010 3237 3066 semper
3263 3010 3331 3051 eo
3359 3010 3454 3052 su-

1877 3090 2096 3161 perior;
2132 3099 2191 3145 et
2213 3088 2418 3145 litteris
2453 3087 2639 3144 fratris
2663 3088 2784 3159 ejus
2834 3088 3158 3143 Asdrubalis
3215 3088 3455 3144 interce-

1879 3183 2008 3252 ptis,
2039 3181 2307 3237 Annibale
2335 3188 2670 3250 contempto,
2694 3178 2904 3233 veritus
2925 3193 2993 3234 ne
3014 3178 3285 3234 Asdrubal
3313 3180 3456 3234 mulo

1882 3274 2121 3330 titudine
2151 3274 2434 3329 hominum
2485 3272 2642 3326 Livio
2682 3271 2794 3326 vim
2827 3270 3057 3330 faceret.
3089 3286 3345 3341 magnum
3372 3270 3456 3326 fa-

1876 3366 2037 3420 cinus
2072 3379 2240 3419 ausus
2268 3372 2374 3419 est.
2405 3361 2617 3417 Relicta
2649 3360 2800 3416 enim
2866 3360 2941 3414 ibi
3004 3368 3153 3415 tanta
3212 3361 3449 3417 militum

1876 3466 2054 3528 parte,
2084 3464 2294 3528 quanta
2323 3455 2392 3511 ad
2425 3453 2839 3526 reprimendum
2867 3452 3186 3508 Annibalem
3215 3454 3347 3510 satis
3372 3468 3456 3511 es-

1875 3558 1979 3611 set,
2008 3549 2055 3604 si
2088 3547 2221 3619 quid
2259 3547 2544 3612 movisset,
2585 3545 2888 3610 mandavit,
2918 3552 2981 3599 ut
3005 3545 3189 3601 omnia
3221 3544 3294 3600 ita
3326 3559 3455 3617 age-

1878 3649 2023 3703 rent,
2058 3649 2117 3695 ut
2150 3641 2266 3709 ipse
2288 3653 2533 3710 praesens
2565 3652 2688 3694 esse
2718 3645 3027 3709 putaretur.
3051 3637 3452 3708 Assumptaque

1875 3733 2173 3789 lectissima
2195 3743 2354 3802 parte
2372 3734 2671 3799 exercitus,
2696 3730 2853 3801 quasi
2876 3729 3169 3785 ﬁnitimum
3187 3730 3450 3801 oppidum

1875 3834 2311 3896 oppugnaturus,
2339 3823 2502 3897 533
2536 3824 2757 3879 nemine
2785 3823 3005 3879 consilii
3043 3824 3290 3889 conscio,
3348 3823 3450 3879 ad-

1875 3934 2070 3975 versus
2094 3918 2456 3976 Asdrubalem
2494 3932 2821 3989 properans,
2868 3925 3032 3971 noctu
3070 3917 3140 3972 ad
3186 3918 3450 3989 collegam

1876 4014 2053 4075 venit,
2085 4012 2141 4067 in
2168 4012 2402 4082 ejusque
2438 4011 2584 4066 vallo
2616 4009 2994 4081 pernoctavit;
3050 4010 3325 4080 amhoque
3392 4025 3454 4066 se

1878 4111 2154 4174 parantes,
2186 4111 2245 4157 ut
2270 4101 2483 4157 hostem
2531 4114 2602 4154 es
2646 4099 2946 4170 improviso
2992 4098 3448 4169 aggrederentur,

1880 4193 2247 4249 Asdrubalem
2267 4207 2379 4248 non
2400 4191 2697 4247 latuerunt.
2723 4190 2861 4246 Cum
2889 4190 3037 4245 enim
3066 4197 3297 4260 uterque
3321 4204 3456 4245 con-

1880 4285 1964 4340 sul
1999 4284 2200 4341 milites
2226 4299 2359 4340 suos
2388 4283 2623 4339 seorsim
2669 4282 3074 4344 cohortaretur.
3103 4280 3455 4338 animadver-

1881 4378 1948 4433 tit
1970 4376 2107 4447 quid
2137 4375 2220 4432 rei
2244 4384 2426 4441 esset;
2461 4383 2519 4431 et
2540 4373 2866 4430 Annibalem
2897 4373 3103 4429 victum
3136 4389 3454 4446 caesumque

1880 4484 2003 4523 esse
2029 4466 2343 4537 suspicatus
2370 4466 2488 4535 (illo
2513 4465 2661 4520 enim
2687 4465 3002 4536 superstite,
3024 4465 3300 4521 Neronem
3317 4481 3455 4522 con-

214 4563 440 4634 στρατοῦ
467 4563 763 4628 ἀπολέξας,
794 4562 1058 4635 ὥρμησεν
1087 4562 1164 4626 ῶς
1197 4560 1563 4634 πλησιοχώρῳ
1618 4562 1773 4616 πόλει

1884 4569 1966 4613 tra
1993 4573 2052 4613 se
2082 4573 2365 4629 nunquam
2398 4559 2604 4613 iturum
2625 4556 2845 4625 fuisse),
2866 4556 2934 4612 ad
2960 4556 3144 4613 Gallos
3163 4557 3314 4613 abire
3337 4566 3455 4613 sta-

212 4659 310 4707 τινὶ
352 4656 695 4726 προσμίξων,
742 4655 851 4708 οὐδ’
881 4654 997 4725 ᾔδει
1032 4672 1112 4716 τις
1160 4654 1255 4724 τὴν
1287 4654 1527 4709 διάνοιαν
1579 4653 1770 4709 αὐτοῦ.

214 4746 316 4801 Καὶ
348 4747 589 4817 ἠπείχθη
619 4749 711 4801 ἐπὶ
744 4746 837 4801 τὸν
884 4744 1236 4820 Ἀσδρούϐαν,
1279 4744 1374 4799 καὶ
1409 4744 1640 4814 ἀφίκετο
1681 4762 1777 4799 νυ·-

214 4840 331 4902 κτὸς
364 4839 504 4908 πρὸς
531 4839 620 4892 τὸν
660 4838 1020 4908 συνάρχοντα,
1058 4837 1154 4890 καὶ
1190 4837 1248 4889 ἐν
1305 4837 1372 4907 τῇ
1423 4838 1663 4907 ταφρείᾳ
1707 4839 1774 4908 τῇ

215 4931 369 4984 αὑτοῦ
401 4932 794 5000 συνεσκήνησε.
830 4929 943 4982 Καὶ
972 4926 1448 4997 παρεσκευάζοντο
1472 4928 1667 4997 ἄμφω,
1705 4926 1774 4981 ἵν’

215 5025 470 5095 αίφνίδιον
516 5022 666 5093 αὐτῷ
712 5020 1133 5076 συνεπίθωνται.
1168 5021 1279 5073 Οὐκ
1307 5019 1498 5073 ἔλαθον
1525 5019 1607 5084 δὲ,
1656 5018 1773 5073 ἀλλ’

216 5114 554 5185 ἐτεκμήρατο
581 5112 646 5165 τὸ
675 5112 1044 5182 γεγενημένον
1070 5112 1098 5164 ὁ
1144 5110 1475 5180 Ἀσδρούϐας
1509 5109 1639 5185 ’ἀπὸ
1666 5108 1774 5164 τῶν

216 5203 635 5277 παραγγέλσεων
660 5200 855 5255 διττῶν
881 5200 1204 5270 γινομένων.
1255 5201 1382 5274 ’ίδίᾳ
1407 5200 1515 5271 γὰρ
1540 5200 1773 5266 ἕκαστος

216 5295 312 5349 τῶν
338 5295 566 5349 ὑπάτων
602 5291 952 5365 παρήγγελλε
978 5310 1032 5345 τι
1059 5294 1170 5356 τοῖς
1203 5292 1423 5350 ἑαυτοῦ.
1468 5290 1774 5345 ’Υποπτεύυ

216 5400 304 5449 σας
331 5384 425 5439 οὖν
446 5383 714 5455 ἡττῆσθαι
739 5385 830 5436 τὸν
858 5382 1106 5435 ’Δννίϐαν
1152 5384 1245 5435 καὶ
1273 5380 1569 5435 ἀπολέσθαι
1596 5383 1775 5452 (περι-

216 5477 356 5540 όντος
389 5478 498 5546 γάρ
544 5476 758 5529 ἐκείνου
810 5476 908 5527 οὐκ
950 5472 1017 5527 ἂν
1065 5473 1152 5526 ἐπ’
1184 5471 1349 5526 αὑτὸν
1381 5470 1626 5543 ὁρμῆσαι
1679 5472 1773 5525 τὸν

218 5568 434 5641 Νέρωνα
465 5568 784 5636 ἐλογίζετο),
814 5568 955 5634 ἔγνω
978 5566 1113 5638 πρὸς
1132 5566 1256 5626 τοὺς
1290 5562 1535 5626 Γαλάτας
1561 5565 1775 5618 ἀπανα-

216 5662 473 5731 χωρῆσαι,
522 5660 619 5714 καὶ
664 5660 780 5711 ἐκεῖ
809 5659 879 5711 τά
907 5658 1034 5729 περὶ
1062 5656 1152 5709 τὸν
1193 5655 1421 5726 ἀδελφὺν
1459 5656 1776 5727 ἀκριϐώσα-

218 5751 331 5806 seat
358 5758 453 5807 καὶ
482 5752 625 5807 οὕτω
656 5752 795 5807 κατὰ
847 5750 1045 5823 σχολὴν
1078 5750 1405 5822 πολεμῆσαι.
1440 5752 1550 5804 Καὶ
1593 5753 1622 5804 ό
1673 5752 1775 5821 μὲν

218 5847 579 5917 παραγγείλας
634 5845 712 5917 τῷ
766 5845 1142 5918 στρατεύματι
1196 5845 1518 5916 ἀναστῆναι,
1577 5843 1773 5909 νυκτὸς

1881 4652 2005 4716 tuit,
2046 4658 2102 4705 et
2136 4651 2250 4705 illic
2300 4657 2449 4705 statu
2502 4648 2692 4705 fratris
2722 4651 3031 4719 explente,
3087 4648 3293 4704 bellum
3349 4663 3455 4721 per

1876 4743 2051 4796 otium
2098 4741 2514 4797 administrare.
2550 4740 2740 4811 itaque
2787 4739 3054 4794 militibus
3099 4739 3300 4795 itinere
3352 4741 3453 4797 de-

1876 4835 2151 4901 nuntiato,
2180 4873 2196 4899 ,
2223 4843 2390 4889 noctu
2417 4832 2698 4889 discessit.
2720 4831 2781 4886 Id
2812 4831 3073 4886 consules
3103 4845 3172 4886 ex
3212 4835 3450 4889 tumultu

1876 4924 2163 4995 suspicati,
2189 4939 2300 4979 non
2358 4932 2543 4978 tamen
2583 4928 2811 4992 propter
2869 4919 3126 4975 tenebras
3167 4934 3227 4975 se
3263 4921 3452 4978 statim

1875 5027 2330 5082 commoverunt;
2370 5013 2466 5070 sed
2499 5014 2604 5070 sub
2641 5027 2900 5068 auroram
2926 5011 3208 5082 equitibus
3226 5014 3292 5068 ad
3321 5029 3450 5071 eum

1875 5108 2321 5182 persequendum
2355 5104 2672 5178 praemissis,
2704 5102 2809 5173 ipsi
2832 5102 3134 5167 subsecuti,
3172 5102 3454 5159 Asdruba-

1874 5202 1981 5259 lem
2029 5200 2247 5272 equites
2277 5209 2593 5269 aggressum
2644 5194 2814 5264 (solos
2837 5194 2986 5249 enim
3019 5207 3118 5248 eos
3144 5209 3266 5249 esse
3291 5204 3450 5264 puta-

1876 5296 1990 5367 bat)
2019 5300 2360 5364 superventu
2397 5304 2498 5345 suo
2521 5288 2576 5343 in
2598 5286 2783 5358 fugam
2820 5296 3129 5354 verterunt,
3150 5296 3206 5343 et
3235 5286 3450 5355 fugien.

1876 5397 1960 5444 tes
1994 5386 2293 5458 persecuti,
2322 5382 2527 5438 multos
2548 5380 2898 5444 occiderunt,
2925 5382 2997 5437 ab
3026 5379 3336 5451 elephantis
3361 5376 3453 5432 ni-

1876 5475 1955 5529 hil
1978 5474 2216 5545 adjutos.
2248 5471 2457 5527 Horum
2480 5473 2630 5526 enim
2660 5469 2831 5540 aliqui
2859 5469 3153 5533 vulnerati,
3176 5483 3298 5522 cum
3326 5466 3452 5537 plus

1876 5568 2004 5625 mali
2037 5570 2121 5623 eis
2162 5570 2358 5621 darent
2409 5579 2574 5634 quam
2625 5565 2834 5630 hostes,
2881 5562 3150 5619 Asdrubal
3203 5574 3451 5617 sessores

1875 5678 2069 5720 eorum
2102 5661 2336 5721 monuit,
2385 5668 2446 5713 ut
2468 5658 2787 5713 vulneratos
2814 5654 2999 5711 statim
3029 5653 3368 5720 occiderent,
3394 5652 3451 5709 id

1876 5752 2024 5823 quod
2048 5751 2207 5808 facile
2237 5750 2426 5815 ﬂebat,
2450 5764 2576 5805 cum
2594 5747 2779 5802 ferreo
2806 5745 3001 5801 aculeo
3032 5745 3136 5807 sub
3155 5757 3291 5799 aure
3312 5758 3456 5814 pan-

1877 5844 2166 5916 gehantur.
2203 5841 2297 5899 Sic
2327 5841 2526 5898 bellust:
2573 5853 2607 5894 a
2656 5833 3229 5909 Carthaginiensibus,
3255 5834 3363 5893 viri
3419 5848 3452 5891 a
