3748 6592
375 425 406 485 7
419 423 500 484 ιιι.

1648 402 1974 464 JOANNIS
2021 401 2352 464 ZONARE

3511 405 3604 468 7H

373 531 718 600 ⁸ιςιτςέμεινεν.
755 528 819 581 Ai
864 523 1021 594 νῆσοι
1069 522 1114 576 δ’
1151 517 1308 577 αὗται
1343 519 1408 588 τῇ
1445 517 1572 587 περὶ
1623 517 1716 571 τὸν
1782 516 1980 587 Ἴϐηρα
2019 517 2234 587 ἠπείρῳ
2271 514 2596 568 ἐπίκεινται.
2639 513 2759 566 Εἰσὶ
2825 512 2881 564 δὲ
2917 517 3084 583 τρεῖς,
3130 513 3198 575 a;
3229 512 3484 585 Ἕλληνες
3527 522 3610 589 μὲν

373 629 465 677 καί
497 624 756 692 Ῥωμαῖοι
783 624 934 689 κοινῇ
965 619 1276 690 Γυμνησίας
1309 613 1590 676 καλοῦσιν,
1648 611 1952 682 Οὐαλερίας
1990 612 2048 665 δὲ
2106 613 2200 664 καὶ
2260 608 2600 672 ’Υασσούσας
2670 611 2718 663 oi
2759 610 2997 679 Ἴϐηρες,
3027 610 3140 678 ίδίᾳ
3185 609 3232 660 δ’
3260 609 3508 679 ἑκάστην,
3532 619 3614 685 τὴν

381 714 478 783 μὲν
514 711 764 774 νίίϐεσον,
821 707 918 781 τὴν
945 708 1004 761 δὲ
1056 707 1263 771 Μείζω,
1306 703 1652 775 Μικροτέραν
1706 701 1764 754 δὲ
1820 704 1920 772 τὴν
1964 702 2156 773 τρίτην
2209 702 2680 772 φερωνυμώτατα.
2731 701 2812 753 Τὰ
2858 700 3089 770 Γάδειρα
3143 698 3204 752 δὲ
3263 702 3314 753 οἱ
3387 701 3614 776 Ῥωμαῖοι

374 811 660 877 κατέσχον.

445 901 537 956 Xl.
579 897 861 954 Masinissa
907 891 1196 964 porro,vir
1253 889 1396 944 inter
1445 887 1925 958 praestantissimos

2134 885 2230 940 lA'.
2286 886 2344 938 '0
2375 885 2432 938 δὲ
2469 886 2812 950 Μασινίσσας
2843 885 2980 955 ἀνὴρ
3004 881 3070 957 ἦν
3104 887 3167 936 ὲν
3198 887 3314 948 τοῖς
3335 893 3614 959 κρατίστοις

373 996 433 1050 in
461 1011 518 1049 re
552 991 770 1047 militari
819 997 872 1043 et
895 987 1059 1057 436
1109 1000 1277 1038 manu
1307 992 1362 1038 et
1391 983 1623 1038 consilio
1651 980 1952 1051 promptis-

379 1086 574 1148 simus,
607 1083 698 1136 tali
728 1081 795 1134 de
828 1067 990 1133 causa
1018 1094 1044 1130 a
1079 1073 1628 1145 Carthaginiensibus
1657 1073 1725 1128 ad
1757 1072 1958 1127 Roma-

379 1193 481 1232 nos
530 1175 755 1230 defecit.
808 1169 1103 1234 Asdrubal,
1153 1167 1408 1238 Gisgonis
1441 1166 1604 1230 filius,
1653 1164 1864 1220 amicus
1903 1162 1956 1218 ei

376 1281 514 1334 erat,
546 1274 607 1322 et.
634 1264 1039 1335 Sophonisbam
1073 1261 1238 1316 filiam
1267 1257 1660 1329 desponderat.
1696 1255 1803 1312 Sed
1830 1271 1955 1310 cum

382 1362 685 1433 Syphacem
705 1358 965 1411 Romanis
988 1355 1209 1409 studere
1232 1354 1514 1417 sensisset,
1531 1350 1777 1406 abdicata
1799 1347 1960 1403 Masi-

377 1451 536 1504 nissaa
564 1447 850 1512 aﬂinitate,
885 1454 946 1498 ut
969 1443 1270 1515 Syphacem
1295 1437 1842 1509 Carthaginiensibus
1868 1449 1958 1488 re-

378 1543 719 1607 conciliaret,
739 1556 847 1594 non
881 1538 1120 1592 minimae
1150 1537 1407 1605 potentiae
1441 1532 1768 1603 principem,
1808 1527 1961 1595 adju-

379 1642 564 1686 mento
587 1632 707 1695 fuit,
745 1639 806 1683 ut
831 1627 1129 1682 Masinissa:
1152 1625 1483 1695 principatu,
1518 1623 1674 1693 cujus
1698 1629 1851 1690 pater
1877 1633 1963 1672 re-

378 1739 510 1778 cens
528 1723 761 1784 obierat,
780 1721 1049 1790 pmiretur
1069 1736 1084 1772 :
1103 1729 1158 1772 et
1173 1715 1574 1786 Sophonisbam
1598 1716 1652 1767 in
1678 1710 1961 1766 matrimo-

380 1818 534 1870 nium
558 1814 730 1879 dedit,
757 1811 1044 1867 excellenti
1071 1809 1244 1864 forma
1271 1808 1578 1868 mulierem,
1606 1805 1658 1859 in
1689 1801 1889 1857 litteris
1906 1809 1962 1856 et

382 1907 590 1962 musica
628 1903 1162 1960 cxercitatissimam.
1190 1900 1328 1953 adeo
1357 1897 1646 1962 urbanam,
1673 1893 1962 1949 facundam

382 2007 437 2052 et
455 2003 830 2058 venustam,ut
852 1995 968 2048 solo
982 2001 1205 2062 aspectu
1226 1989 1484 2043 audituve
1506 1985 1782 2040 hominem
1797 1983 1961 2038 etiam

383 2089 797 2144 severissimum
855 2087 909 2140 in
954 2085 1037 2139 sui
1091 2098 1331 2139 amorem
1390 2079 1711 2150 pertrahere
1754 2086 1960 2149 posset.

384 2182 482 2236 His
507 2181 576 2236 de
605 2180 784 2236 causis
815 2179 1029 2251 Syphax
1062 2177 1128 2231 ad
1157 2174 1635 2246 Carthaginienses
1676 2189 1735 2227 se
1765 2181 1965 2226 contu-

385 2276 470 2330 lit.
521 2273 808 2328 Masinissa
855 2241 1133 2326 liomanos
1179 2278 1261 2323 est
1315 2241 1558 2329 secutus,
1610 2266 1812 2334 quibus
1865 2278 1963 2333 per
1994 2241 2036 2296 Β

384 2381 604 2420 omnem
649 2373 866 2420 aetatem
903 2373 1184 2416 strenuam
1226 2359 1445 2414 navavit
1485 2372 1732 2427 operam.
1776 2354 1961 2426 Scipio

386 2475 512 2514 cum
542 2458 730 2512 omnia
759 2471 882 2526 qua:
912 2455 1054 2508 intra
1084 2455 1374 2525 Pyrenaos
1403 2459 1616 2505 montes
1655 2456 1806 2514 sunt,
1836 2462 1964 2517 par—

387 2551 486 2605 tim
523 2551 598 2614 vi,
632 2547 831 2618 partim
871 2532 1154 2601 deditione
1181 2544 1433 2613 cepisset,
1473 2541 1723 2612 trajicere
1745 2540 1801 2592 in
1823 2536 1966 2592 Afri-

388 2655 508 2696 cam
549 2638 763 2694 statuit.
793 2635 1026 2690 Romani
1056 2641 1258 2690 autem.
1289 2630 1487 2700 partim
1515 2645 1581 2684 ex
1605 2627 1810 2682 invidia
1833 2639 1962 2682 suc-

389 2747 650 2789 eessuum
685 2731 827 2801 eius.
860 2727 1058 2799 partim
1090 2725 1272 2788 veriti,
1304 2739 1372 2778 ne
1401 2738 1499 2792 per
1531 2720 1845 2792 superbiam
1875 2733 1966 2773 re—

391 2839 559 2895 gnum
595 2821 896 2883 aﬂ‘ectaret,
919 2819 1056 2873 duos
1086 2816 1137 2872 ei
1167 2827 1515 2870 successores
1549 2811 1841 2866 dederunt.
1873 2808 1967 2864 Sic

397 2915 609 2986 SCipiO'
639 2914 932 2982 imperium
987 2907 1262 2978 deposuit.
1317 2905 1595 2974 Sulpicius
1625 2912 1806 2956 autem
1839 2914 1966 2955 cum

392 3006 574 3060 Attalo
601 3004 794 3060 eodem
825 3012 1068 3071 tempore
1101 2997 1304 3055 Oreum
1329 2995 1661 3066 proditione,
1692 2992 1965 3062 Opuntem

394 3099 449 3153 vi
474 3097 785 3168 occupavit.
812 3094 1094 3163 Philippus
1123 3091 1271 3146 enim
1303 3091 1384 3144 eis
1404 3098 1616 3142 mature
1640 3102 1796 3155 Opem
1825 3086 1968 3139 ferre

396 3207 506 3246 non
534 3191 734 3261 potuit,
787 3189 890 3242 viis
920 3202 1026 3257 qua
1064 3181 1456 3240 transeundum
1487 3191 1630 3242 erat,
1675 3180 1743 3233 ab
1773 3177 1971 3231 [Etolis

395 3283 645 3340 insessis.
692 3279 799 3337 Sed
828 3295 952 3334 sero
1011 3276 1227 3343 tandem
1254 3289 1378 3330 cum
1413 3272 1672 3331 venisset,
1701 3269 1885 3324 Attalo
1915 3267 1970 3321 in

397 3390 564 3434 naves
593 3389 722 3430 suas
752 3372 1060 3442 compulso.
1121 3383 1309 3440 pacem
1341 3381 1466 3422 cum
1497 3362 1759 3420 Romanis
1792 3361 1972 3416 facere

398 3469 590 3524 voluit.
626 3466 734 3522 Sed
768 3481 892 3521 cum
922 3473 1046 3535 post
1070 3463 1242 3516 multa
1273 3460 1441 3516 verba
1491 3457 1838 3513 conditiones
1864 3468 1974 3508 non

397 3561 757 3631 placuissent,
781 3571 914 3627 pace
945 3553 1254 3623 repudiata,
1291 3550 1508 3606 Aitolos
1537 3565 1568 3602 a
1595 3548 1971 3602 Romanorum

2057 977 2476 1047 ἐξεταζόμενος·
2519 977 2614 1030 καὶ
2646 978 2790 1048 χειρὶ
2825 977 2932 1046 γὰρ
2972 976 3066 1030 καὶ
3122 977 3487 1047 βουλεύμασιν
3513 983 3614 1053 ἄρι-

2058 1088 2182 1133 στος
2222 1070 2490 1139 ἐτύγχανε
2520 1069 2587 1122 τά
2625 1069 2884 1139 πολέμια.
2932 1070 3078 1141 Πρὸς
3110 1068 3170 1121 δὲ
3192 1070 3319 1130 τοὺς
3350 1071 3616 1142 Ῥωμαίους

2058 1165 2122 1217 ὲκ
2143 1163 2252 1217 τῶν
2281 1160 2674 1233 Καρχηδονίων
2702 1160 2763 1227 ἐξ
2801 1162 2983 1224 αἰτίας
3040 1163 3266 1215 τοιᾶσδε
3327 1167 3617 1234 μετήνεκτο.

2070 1253 2130 1308 '0
2196 1252 2526 1324 Ἀσδρούϐας
2550 1253 2642 1306 τοῦ
2676 1254 2713 1305 Γ
2720 1255 2946 1322 ίσγωνος
2969 1254 3125 1322 φίλος
3158 1272 3221 1308 τε
3254 1251 3322 1327 ἦν
3353 1257 3512 1328 αὐτῷ,
3540 1265 3616 1318 καὶ

2059 1344 2339 1411 Σοφωνίδα
2383 1345 2484 1413 τὴν
2518 1344 2716 1400 ἑαυτοῦ
2763 1345 3041 1417 θυγατέρα
3109 1347 3265 1416 αὐτῷ
3319 1349 3614 1422 ἑνηγγύησε,

2059 1439 2150 1509 Τῷ
2174 1439 2390 1508 Σύφακι
2413 1439 2470 1492 δὲ
2503 1441 2928 1508 συγγενόμενος,
2956 1440 3052 1494 καὶ
3082 1443 3156 1494 τὰ
3192 1441 3304 1494 τῶν
3361 1443 3618 1514 Ῥωμαίων

2061 1531 2226 1585 αὐτὸν
2270 1531 2577 1600 φρονοῦντα
2633 1531 2980 1601 αίσθόμενος,
3023 1534 3218 1586 οὐκέτι
3263 1533 3332 1586 τὰ
3368 1535 3618 1607 ὡμολογη-

2065 1623 2200 1693 μένα
2228 1625 2364 1693 πρδς
2396 1624 2488 1676 τὸν
2524 1625 2873 1677 Μασινίσσαν
2923 1624 3232 1691 ἐφύλαξενο
3287 1625 3420 1679 ἀλλὰ
3478 1629 3616 1684 θέλων

2060 1718 2175 1779 τοῖς
2209 1715 2608 1786 Καρχηδονίοις
2646 1716 2738 1768 τὸν
2761 1715 2989 1784 Σύφακα
3017 1719 3514 1787 προσποιήσασθαι,
3537 1725 3616 1775 οὐκ

2064 1807 2356 1878 ἐλαχίστης
2387 1807 2672 1878 δυνάμεως
2711 1807 2973 1876 ἄρχοντα,
3044 1808 3152 1877 τήν
3200 1824 3260 1860 τε
3301 1811 3468 1878 ἀρχὴν
3497 1813 3616 1883 αὐτῷ

2065 1897 2538 1969 συγκατέπραξεν,
2569 1900 2602 1970 ἢ
2635 1901 2712 1968 τῷ
2738 1901 3055 1972 Μασινίσσᾳ.
3090 1902 3365 1970 προσῆκε,
3393 1905 3480 1955 τοῦ
3532 1924 3616 1958 πα-

2063 1992 2189 2063 τρὸς
2216 1992 2384 2045 αὑτοῦ
2419 1992 2539 2045 τότε
2581 1991 2858 2056 θανόντος,
2892 1993 2989 2044 καὶ
3026 1992 3131 2061 τὴν
3166 1992 3440 2060 Σοφωνίδα
3471 1996 3615 2065 συνῴ-

2065 2101 2239 2138 κισεν.
2285 2084 2348 2136 ’Π
2378 2084 2434 2137 δὲ
2458 2083 2519 2136 τό
2546 2100 2606 2136 τε
2646 2083 2841 2146 κάλλος
2871 2083 3148 2153 ἐπιφανὴς
3179 2079 3270 2154 ἦν,
3305 2085 3398 2136 καὶ
3425 2087 3611 2159 παιδείᾳ

2065 2175 2237 2246 πολλῇ
2256 2175 2352 2229 καὶ
2383 2176 2734 2246 γραμμάτων
2764 2177 2856 2229 καὶ
2877 2176 3151 2246 μουσικῆς
3180 2176 3392 2245 ἤσκητο
3411 2191 3424 2206 ⁸
3455 2178 3612 2232 ἀστεία

2065 2285 2124 2322 τε
2152 2269 2247 2322 καὶ
2273 2268 2506 2340 αἱμύλος
2534 2264 2623 2341 ἦν,
2664 2270 2760 2323 καὶ
2789 2269 2960 2335 οὕτως
2991 2269 3381 2340 ἐπαφρόδιτος,
3434 2269 3500 2332 ὡς
3532 2272 3609 2339 (ιφ.

2064 2361 2220 2415 θεῖσα
2253 2361 2405 2432 ῆκαὶ
2447 2361 2778 2414 άκουσθεῖσα
2832 2362 2996 2431 μόνον
3032 2360 3134 2414 καὶ
3173 2360 3270 2412 τὸν
3309 2362 3443 2414 πάνυ
3483 2361 3611 2414 δυσέ-

2066 2472 2211 2525 ρωτα
2240 2454 2714 2526 κατεργάσασθαι.
2752 2453 2812 2507 '0
2839 2453 2938 2522 μὲν
2990 2449 3088 2507 οῦν
3141 2451 3328 2521 Σύφαξ
3365 2453 3447 2506 διὰ
3471 2453 3608 2508 ταῦτα

2065 2548 2177 2608 τοῖς
2201 2545 2592 2616 Καρχηδονίοις
2623 2544 2949 2614 προσέθετο*
2992 2543 3089 2596 καὶ
3137 2543 3166 2595 ὁ
3209 2542 3530 2602 Μασινίσσας
3557 2544 3611 2593 τὶ

2065 2636 2178 2688 τῶν
2218 2635 2508 2706 Ῥωμαίων
2543 2633 2822 2687 ἀνθείλετο
2855 2635 2948 2686 καὶ
2990 2631 3419 2705 χρησιμώτατος
3461 2635 3610 2694 αὐτοῖς

2065 2731 2155 2784 διὰ
2189 2729 2408 2783 πάντων
2432 2729 2670 2797 ἐγένετο.
2695 2725 2935 2780 Σκιπίων
2960 2727 3040 2790 δὲ,
3068 2726 3252 2778 πάντα
3282 2726 3350 2776 τὰ
3376 2725 3510 2787 ἐντὸς
3531 2725 3604 2777 τοῦ

2069 2820 2379 2891 Πυρηναίου
2409 2821 2477 2875 τά
2505 2820 2608 2890 μὲν
2637 2819 2754 2892 βίᾳ,
2799 2819 2865 2872 τά
2899 2818 2956 2871 δὲ
2988 2817 3263 2888 ὁμολογίᾳ
3286 2818 3610 2888 προσποιησά-

2072 2927 2259 2980 μενος,
2312 2912 2368 2972 ἐς
2403 2909 2501 2979 τὴν
2543 2908 2750 2978 Λιὸύην
2784 2907 3102 2962 στείλασθαι
3127 2907 3465 2978 ἡτοιμάζετο.
3492 2908 3544 2960 Ol
3575 2907 3608 2959 δ’

2074 3001 2134 3053 ὲν
2166 3002 2232 3070 τῇ
2270 2998 2457 3069 Ῥώμῃ
2485 2999 2557 3052 τὰ
2583 2999 2683 3069 μὲν
2721 2999 2901 3068 φθόνῳ
2924 2999 3030 3056 τῶν
3068 2998 3496 3068 κατορθωμάτων
3532 2999 3608 3053 αὖ·

2069 3091 2187 3156 τοῦ,
2232 3093 2301 3146 τά
2333 3091 2390 3146 δὲ
2424 3091 2575 3162 φόϐῳ
2603 3092 2680 3162 μὴ
2705 3092 3137 3162 ὑπερφρονήσας
3166 3091 3488 3162 τυραννήσῃ,
3508 3092 3606 3144 ἀνε-

2071 3187 2374 3240 καλέσαντο
2435 3187 2621 3251 αὐτὸν,
2671 3185 2783 3238 δύω
2841 3184 2953 3238 τῶν
3002 3185 3332 3255 στρατηγῶν
3374 3183 3607 3253 διαδόχους

2072 3279 2228 3348 αύτῷ
2246 3277 2589 3349 πέμψαντες.
2628 3280 2736 3332 Καὶ
2755 3281 2783 3332 ό
2814 3277 2914 3348 μὲν
2942 3277 3089 3332 οὕτω
3110 3278 3213 3348 τῆς
3235 3279 3401 3348 ἀρχῆς
3416 3277 3606 3345 ἐπαύθη.

2085 3371 2147 3424 '0
2177 3370 2236 3425 δέ
2262 3387 2325 3438 γε
2349 3370 2674 3434 Σουλπίκιος
2729 3371 2872 3440 μετὰ
2929 3370 3024 3424 τοῦ
3078 3370 3336 3424 Ἀττάλου
3367 3369 3492 3424 κατὰ
3535 3369 3606 3420 τὸν

2076 3462 2238 3518 αὐτὸν
2268 3463 2463 3535 χρόνον
2505 3463 2694 3532 Ὠρεὸν
2727 3463 2826 3533 μὲν
2847 3461 3138 3533 προδοσίᾳ,
3191 3461 3446 3515 Ὀποῦντα
3467 3460 3516 3514 δὲ
3542 3460 3606 3511 io-

2076 3554 2168 3626 χύῖ
2197 3554 2488 3624 κατέσχεν.
2530 3555 2590 3608 '0
2625 3554 2733 3625 γὰρ
2755 3554 3021 3616 Φίλιππος
3053 3554 3159 3607 οὐκ
3181 3552 3411 3625 ἠδυνήθη
3461 3553 3606 3610 αὑτοι;

401 3650 643 3705 amicitia
696 3651 760 3704 ad
819 3662 876 3702 se
926 3646 1184 3700 traduxit.
1231 3642 1468 3698 Annibal
1524 3649 1706 3693 autem
1761 3637 1881 3692 inte

2124 3643 2359 3714 ταμῦναι
2385 3645 2474 3697 διὰ
2496 3645 2733 3715 ταχέων,
2765 3643 2866 3704 τὰς
2905 3644 3117 3708 διόδους
3168 3642 3604 3714 προκατασχόντων

399 3744 628 3812 quievit,
696 3755 796 3796 sua
835 3739 977 3794 tueri
1030 3750 1112 3792 sat
1145 3737 1389 3790 habens:
1417 3747 1594 3801 neque
1637 3746 1666 3784 a
1702 3744 1841 3784 coss.
1891 3735 1976 3781 est

400 3834 708 3896 lacessitus,
754 3847 880 3886 eum
929 3830 1069 3885 citra
1119 3827 1531 3882 dimicationem
1581 3823 1866 3878 subactum
1909 3819 1976 3873 iri

403 3925 742 3995 putantibus.
794 3920 1056 3992 Sequenti
1095 3935 1240 3974 anno
1283 3918 1346 3973 P.
1398 3915 1582 3986 Scipio
1623 3922 1680 3970 et
1729 3911 1978 3968 Licinius

401 4020 631 4074 Crassus
662 4031 807 4072 coss.
858 4015 988 4070 facti
1021 4033 1034 4068 :
1075 4027 1310 4083 quorum
1342 4010 1434 4064 hic
1481 4009 1534 4063 in
1565 4008 1713 4063 Italia
1754 4005 1973 4070 mansit,

405 4109 577 4163 altero
611 4107 668 4162 in
698 4105 942 4161 Siciliam
974 4113 1030 4159 et
1055 4103 1294 4158 Africam
1328 4103 1408 4156 ire
1440 4101 1631 4170 iusso:
1677 4107 1735 4152 ut
1772 4099 1815 4153 si
1846 4095 1978 4152 Car-

409 4201 687 4269 thaginem
719 4213 832 4252 non
861 4206 1104 4266 caperet,
1141 4194 1332 4248 saltem
1373 4191 1696 4247 Annibalem
1726 4207 1792 4246 ex
1825 4189 1978 4244 Italia

406 4300 686 4346 avocaret.
739 4290 846 4344 Sed
890 4304 991 4342 nec
1015 4289 1197 4359 justus
1238 4287 1534 4353 exercitus,
1586 4300 1689 4341 nec
1727 4292 1981 4354 sumptus

405 4384 473 4437 ad
509 4381 803 4452 parandam
855 4381 1106 4444 classem,
1154 4393 1219 4433 ex
1250 4379 1327 4433 rei
1366 4379 1505 4433 bene
1553 4386 1719 4447 gestae
1751 4373 1978 4438 invidia,

406 4475 570 4527 datus
595 4482 704 4536 est,
737 4471 826 4525 vix
855 4485 1068 4526 summe
1101 4470 1428 4525 necessariis
1471 4466 1855 4538 suppeditatis.
1888 4465 1983 4519 Ni-

408 4565 710 4619 hilominus
755 4575 936 4618 tamen
981 4577 1104 4617 eum
1137 4562 1308 4617 classe
1347 4561 1642 4621 sociorum,
1674 4567 1729 4612 et
1753 4557 1984 4627 quibus-

407 4657 533 4710 dam
559 4671 625 4710 ex
655 4654 858 4724 populo
884 4653 1206 4708 voluntariis
1228 4651 1501 4709 discessit.
1532 4651 1686 4720 Mago
1711 4665 1779 4704 ex
1806 4649 1982 4702 insula

409 4750 464 4802 in
518 4747 796 4817 Liguriam
847 4746 1146 4816 profectus,
1190 4759 1515 4801 exscensum
1561 4742 1713 4798 fecit.
1751 4741 1984 4796 Crassus

407 4837 568 4909 437
599 4838 652 4890 in
687 4837 888 4891 Brutiis
931 4837 1259 4891 Annibalem
1313 4835 1650 4890 observavit.
1697 4834 1984 4903 Philippus

410 4946 536 4984 cum
566 4929 627 4983 P.
657 4929 1044 4999 Sempronium
1068 4945 1193 4984 cum
1219 4929 1428 4998 magnis
1448 4928 1620 4998 copiis
1637 4927 1980 4996 Apolloniam

411 5024 629 5072 venisse
669 5020 974 5082 didicisset,
999 5020 1194 5088 cupide
1227 5033 1416 5087 pacem
1451 5018 1596 5073 fecit.
1633 5017 1816 5086 Scipio
1851 5031 1982 5071 vero

411 5125 538 5164 cum
570 5126 636 5165 ex
673 5111 826 5165 ltalia
862 5112 1135 5176 solvisset,
1199 5126 1256 5165 se
1288 5121 1346 5165 ut
1382 5111 1437 5165 in
1481 5111 1724 5166 Siciliam
1769 5109 1986 5180 trajice-

413 5213 499 5256 ret
527 5217 747 5271 parans,
801 5204 856 5257 id
907 5203 1084 5258 facere
1112 5219 1219 5260 non
1255 5203 1455 5274 potuit,
1486 5201 1634 5272 quod
1663 5216 1766 5256 nec
1787 5203 1984 5273 justas,

415 5307 518 5348 nec
549 5296 875 5348 exercitatas
922 5294 1108 5364 COpias
1157 5293 1406 5348 haberet.
1436 5291 1615 5357 Quare
1649 5301 1814 5345 totam
1864 5291 1985 5345 hie-

415 5397 556 5435 mem
601 5382 676 5436 ibi
720 5384 920 5454 exegit,
953 5395 1012 5437 ut
1043 5393 1097 5438 et
1130 5383 1332 5436 milites
1366 5396 1505 5450 quos
1537 5380 1774 5434 habebat
1825 5395 1986 5434 exer-

414 5485 586 5539 ceret,
614 5484 672 5530 et
702 5491 875 5530 novos
904 5476 1150 5530 delectus
1200 5475 1451 5529 haberet.
1487 5473 1811 5543 Trajecturo
1844 5489 1988 5526 nun-

418 5566 614 5620 tiatum
643 5577 728 5622 est
755 5584 784 5620 a
816 5568 1108 5637 Rheginis,
1140 5565 1438 5620 Locrenses
1485 5565 1752 5635 quosdam
1794 5563 1989 5618 urbem

418 5657 736 5726 prodituros
760 5673 903 5713 esse.
937 5659 1071 5712 Nam
1095 5673 1218 5711 eum
1241 5657 1310 5711 ab
1339 5658 1606 5712 Annibale
1631 5667 1820 5712 contra
1852 5672 1992 5726 prae-

418 5747 547 5802 sidii
576 5749 894 5820 praelectum
929 5749 1313 5815 vociferantes,
1333 5750 1762 5821 negligerentur,
1789 5751 1854 5804 ad
1886 5749 1993 5804 Ro-

419 5851 610 5896 manos
649 5838 1005 5896 inclinarunt.
1053 5841 1212 5898 Missa
1258 5841 1426 5914 igitur
1474 5851 1630 5913 parte
1685 5843 1992 5914 c0piarurn,

2075 3740 2186 3794 τῶν
2211 3739 2493 3794 Δίτωλῶν.
2543 3739 2672 3809 Ὀψὲ
2701 3739 2759 3793 δέ
2790 3758 2920 3794 ποτε
2973 3739 3241 3806 ἐπελθὼν,
3281 3740 3358 3802 είς
3381 3738 3469 3802 τὰς
3503 3736 3604 3798 ναῦς

2077 3831 2246 3886 αὐτοῦ
2269 3832 2362 3886 τὸν
2401 3832 2672 3887 ’Ἄτταλον
2697 3835 3032 3902 καταφυγεῖν
3061 3833 3336 3888 ἐϐιάσατο.
3387 3830 3440 3884 '0
3463 3830 3604 3900 μέντοι

2078 3919 2352 3985 Φίλιππος
2376 3921 2708 3975 σπείσασθαι
2748 3922 2863 3984 τοῖς
2907 3921 3200 3991 Ῥωμαίοις
3237 3920 3486 3992 ἠθέλησε’
3534 3916 3604 3970 καί

2077 4031 2241 4068 τινων
2258 4014 2433 4082 λόγων
2466 4014 2652 4078 αὐτοῖς
2674 4015 3010 4086 γενομένων,
3052 4015 3125 4069 τὰ
3171 4016 3270 4087 μὲν
3301 4014 3393 4084 τῆς
3429 4012 3604 4082 εἰρήνης

2079 4106 2300 4175 ἀφείθη,
2327 4109 2455 4171 τοὺς
2484 4106 2530 4160 δ’
2561 4107 2838 4171 Αἰτωλοὺς
2882 4107 2993 4161 ἀπὸ
3027 4107 3125 4160 τοῦ
3189 4107 3482 4176 συμμαχεῖν
3518 4105 3604 4163 τοῖς

2091 4196 2390 4266 Ῥωμαίοις
2443 4198 2838 4268 μεταθέμενος,
2873 4197 3062 4268 φίλους
3103 4197 3296 4252 ἑαυτοῦ
3339 4195 3601 4263 ἐποιήσατο.

2091 4289 2152 4340 '0
2173 4289 2218 4342 δ’
2242 4288 2493 4354 Ἀννίόας
2553 4291 2694 4354 τέως
2723 4291 2958 4361 ἡσυχίαν
2984 4286 3144 4361 ἦγεν,
3199 4287 3417 4358 ἀγαπῶν
3463 4288 3504 4339 εἰ
3551 4283 3603 4336 τὰ

2083 4381 2398 4452 ὑπάρχοντά
2425 4381 2843 4438 οίδιασώσαιτο.
2879 4385 2988 4438 Καὶ
3017 4385 3068 4438 oi
3103 4383 3300 4438 ῦτιατοι
3343 4378 3601 4450 νομίζοντες

2083 4473 2246 4526 αὑτὸν
2281 4476 2374 4528 καὶ
2396 4473 2529 4530 ἄνευ
2564 4477 2748 4546 μάχης
2775 4476 3212 4548 ἑκτρυχωθῆναι,
3270 4476 3484 4543 ἀνεῖχον.
3534 4465 3603 4536 Τῷ

2080 4565 2126 4618 δ’
2141 4567 2348 4620 ἐπιόντι
2366 4567 2499 4632 ἔτει,
2521 4568 2550 4622 ὃ
2569 4585 2629 4620 τε
2654 4569 2899 4624 Σκιπίων
2919 4571 2947 4624 ό
2975 4569 3246 4632 Πούπλιος
3270 4568 3361 4621 καὶ
3378 4563 3601 4619 Λικίννιος

2085 4659 2337 4731 Κράσσος
2360 4660 2698 4716 ὑπάτευσαν.
2732 4662 2890 4715 Καὶό
2925 4661 3025 4731 μὲν
3059 4663 3116 4714 ἐν
3147 4663 3211 4730 τῇ
3248 4657 3439 4726 Ἰταλίᾳ
3475 4653 3599 4722 ἐμει-

2088 4767 2194 4814 νεν,
2223 4753 2252 4802 ὁ
2277 4749 2333 4802 δὲ
2368 4750 2613 4803 Σκιπίων
2647 4751 2706 4814 ἐς
2738 4751 2992 4804 Σικελίαν
3019 4750 3277 4804 ἀπελθεῖν
3306 4748 3393 4801 καὶ
3426 4746 3475 4807 ἐς
3525 4741 3599 4794 Δια

2086 4841 2224 4912 δύην
2253 4843 2666 4914 προσετέτακτο
2691 4883 2705 4907 ,
2752 4843 2862 4910 ἵνα,
2895 4846 2944 4897 εί
2979 4843 3054 4916 μὴ
3086 4845 3186 4914 τὴν
3216 4837 3508 4910 Καρχηδόνα
3539 4833 3600 4885 ei.

2088 4935 2268 5001 ρήσει,
2313 4933 2407 4985 τόν
2438 4949 2502 5000 γε
2538 4932 2794 4987 Ἀννίϐαν
2826 4933 2962 4996 τέως
3003 4933 3111 4988 ἀπὸ
3145 4935 3244 5002 τῆς
3276 4929 3484 4988 Ἰταλίας
3529 4924 3598 4976 ἀν·

2087 5021 2346 5095 θελκύσῃ.
2393 5021 2532 5076 Οὔτε
2553 5025 2609 5076 δὲ
2642 5025 2964 5094 στράτευμα
3012 5025 3289 5092 ἀξιόλογον
3343 5019 3452 5072 οὔτε
3494 5013 3597 5084 πρὸς

2085 5114 2334 5183 τριήρεις
2362 5113 2624 5182 ἀνάλωμα
2655 5114 2837 5179 ἔλαϐε,
2864 5115 2951 5168 διὰ
2976 5116 3076 5178 τὰς
3105 5111 3371 5184 ἀριστείας
3421 5099 3598 5176 φθονού-

2093 5216 2280 5274 μενος·
2321 5203 2475 5273 μόλις
2507 5203 2566 5258 δὲ
2600 5207 2694 5259 καὶ
2723 5205 2792 5258 τά
2840 5206 2982 5259 πάνυ
3042 5205 3313 5273 ἀναγκαῖα
3375 5193 3595 5264 παρέσχον

2092 5295 2261 5366 αύτῷ.
2295 5296 2407 5350 Καὶ
2437 5295 2466 5348 δ
2524 5295 2623 5365 μὲν
2678 5297 2775 5350 σὺν
2806 5296 2884 5367 τῷ
2913 5297 3152 5366 ναυτικῷ
3209 5295 3310 5347 τῶν
3354 5285 3594 5356 συμμάχων

2093 5389 2188 5441 καί
2215 5406 2356 5442 τισιν
2387 5388 2692 5452 ἐθελονταῖς
2751 5390 2817 5442 ὲκ
2871 5388 2966 5442 τοῦ
3013 5390 3184 5460 δήμου
3225 5386 3417 5452 ἀπῆρεν
3441 5395 3452 5407 ’
3494 5375 3518 5427 ὅ
3554 5371 3593 5422 δὲ

2093 5479 2319 5548 Μάγων,
2344 5481 2407 5533 ὲκ
2428 5482 2524 5550 τῆς
2555 5485 2720 5551 νήσου
2745 5480 3156 5550 παραπλεύσας,
3186 5479 3257 5538 εί,
3279 5475 3368 5542 τὴν
3393 5473 3592 5533 Amm“

2094 5572 2197 5634 κῆν
2227 5571 2430 5641 ἀπέϐη.
2476 5571 2534 5624 '0
2594 5572 2852 5641 Κράσσος
2879 5572 2925 5626 δ’
2966 5574 3025 5626 ὲν
3071 5575 3137 5643 τῇ
3162 5566 3377 5642 Βρεττίᾳ
3417 5559 3481 5629 τῷ
3505 5555 3591 5607 ’Δνι

2093 5665 2218 5732 νίὸᾳ
2248 5663 2638 5735 προσήδρευεν.
2693 5663 2752 5716 '0
2811 5666 3001 5734 μέντοι
3042 5665 3299 5723 Φίλιππος
3337 5645 3587 5710 κατηλλάγη

2107 5753 2420 5823 Ῥωμαίοις.
2454 5755 2720 5809 Πούπλιον
2753 5757 2862 5826 γὰρ
2880 5756 3228 5826 Σεμπρώνιον
3257 5753 3330 5813 είς
3380 5736 3586 5826 Ἀπολλαξ·

2099 5821 2231 5900 νὶαν⁷
2256 5846 2480 5901 ἐλθόντα
2518 5846 2616 5903 σὺν
2648 5821 3087 5920 πολλῇ-δυνάμει
3127 5821 3584 5914 αίσθόμεκςοάσμί⁸
