3896 6588
205 483 305 550 753
965 482 970 487 ’
1452 479 1860 544 ANNALIUM
1897 479 2053 544 LIB.
2095 480 2204 542 IX.

3327 481 3470 548 ’ὧδ’

201 592 496 666 θαρρήσας,
537 593 865 651 σπείσασθαι
891 595 976 651 ὅτι
1014 594 1248 669 τάχιστα
1279 593 1443 666 ἔγνω,
1473 595 1542 650 ἶν’
1593 597 1645 649 εἰ
1686 595 1752 666 μή

1864 608 2047 664 neque
2071 607 2266 664 aspere
2283 605 2463 664 neque
2479 589 3070 664 perspicue'mspondit
3089 607 3106 659 ;
3132 591 3228 649 sed
3249 607 3444 664 quam-

197 685 343 739 τοῦτο
380 683 647 755 συμϐαίη,
695 685 891 756 τριϐὴν
948 684 1090 750 τέως
1131 685 1256 740 τινὰ
1306 685 1602 756 πορίσηται
1665 686 1760 740 καὶ

196 775 475 846 διακωχήν.
511 775 745 846 Πέμψας
792 772 888 830 οὖν
938 775 1076 849 πρὸς
1131 775 1224 831 τὸν
1287 776 1656 841 Μασινίσσαν,
1689 777 1759 830 δι’

195 865 393 919 ἐκείνου
422 867 501 930 ὡς
520 866 799 938 ὁμοφύλου
823 867 926 933 τὰς
949 868 1185 934 σπονδὰς
1215 868 1422 941 ᾔτησεο
1467 869 1563 924 καὶ
1625 865 1759 942 ἦ).οε

196 957 286 1026 μὲν
322 958 379 1020 ἐς
409 956 604 1026 λόγους
657 959 736 1031 τῷ
785 960 1071 1028 Σκιπίωνι,
1107 959 1312 1030 ἔπραξε
1343 961 1400 1016 δὲ
1446 962 1621 1018 οὐδέν.
1696 962 1757 1015 '0

192 1051 290 1118 γὰρ
321 1051 570 1104 Σκιπίων
599 1050 724 1106 οὔτε
744 1054 921 1125 τραχὺ
951 1053 1076 1108 οὔτε
1104 1072 1156 1109 τι
1191 1055 1363 1124 σαφὲς
1397 1054 1756 1126 ἁπεκρίνατο,

192 1139 312 1194 ἀλλὰ
340 1141 397 1194 τὸ
427 1141 536 1211 μιν
581 1143 705 1198 ὅλον
743 1145 1060 1214 ὲμέσευσεν.
1095 1146 1508 1220 ἐπιεικέστερον
1535 1148 1580 1201 δ’
1608 1150 1758 1219 ὅμως

190 1231 472 1302 διειλέχθη,
505 1233 660 1299 ὅπως
701 1235 865 1290 αὐτὸν
887 1236 964 1300 ὡς
988 1238 1083 1291 καὶ
1111 1239 1471 1309 σπεισόμενος
1509 1242 1591 1304 είς
1620 1241 1758 1310 ἀμέ-

188 1321 323 1374 λειαν
379 1323 678 1398 προαγάγῃ
700 1365 718 1390 ,
789 1325 820 1380 ὃ
868 1327 964 1382 καὶ
1021 1328 1358 1400 συμϐέϐηκε.
1409 1330 1608 1403 Μάχης
1658 1331 1756 1402 μὲν

187 1413 282 1483 γὰρ
314 1416 442 1479 περὶ
466 1415 625 1472 οὐδὲν
661 1420 689 1472 ὁ
722 1419 974 1484 Ἀννίϐας
997 1421 1271 1492 ἐνενόησε,
1310 1440 1752 1496 μεταστρατοπεο

186 1502 466 1559 δεύσαεοαι
500 1507 558 1561 δὲ
589 1509 670 1573 εἰς
702 1510 902 1582 χωρίον
930 1512 1368 1585 ὲπιτηδειότερόν
1396 1533 1451 1568 τι
1472 1515 1750 1586 ήθέλεσεν.

186 1595 266 1660 ἐξ
289 1597 616 1668 αὐτομόλων
641 1600 704 1654 δὲ
734 1600 893 1656 τοῦτο
948 1603 1140 1672 μαθὼν
1180 1605 1208 1658 ὁ
1240 1605 1504 1671 Σκιπίων,
1557 1609 1754 1680 προεξο

185 1686 368 1758 ανέστη
400 1690 630 1756 νυκτὸς,
663 1693 759 1746 καὶ
784 1694 1018 1768 κατέσχε
1038 1695 1130 1750 τὸν
1153 1696 1319 1751 τόπον
1347 1698 1428 1762 είς
1456 1696 1516 1751 ὃν
1546 1701 1754 1764 ἐκεῖνος

183 1778 454 1848 ἠπείγετο.
503 1779 600 1834 Ἐν
633 1784 816 1854 χωρίῳ
848 1784 904 1838 δέ
941 1803 1050 1840 τινι
1077 1787 1244 1859 κοίλῳ
1275 1788 1367 1843 καὶ
1390 1790 1754 1862 ὰνεπιτηδείῳ

185 1869 306 1939 πρὸς
329 1874 802 1943 στρατοπέδευσιν
830 1880 1148 1949 γενομένοις
1193 1882 1307 1944 τοῖς
1359 1881 1752 1954 Καρχηδονίοις

1866 684 1951 741 vis
1973 683 2207 739 omnino
2247 684 2491 740 medium
2521 683 2801 755 quoddam
2830 693 3064 748 teneret,
3112 691 3293 739 tamen
3338 683 3444 738 hu-

1863 775 2082 832 manius
2108 775 2390 842 disseruit,
2423 785 2484 830 ut
2511 791 2638 832 eum
2669 790 2766 846 spe
2793 774 2947 846 pacis
2985 774 3438 846 negligentiorcm

1861 866 2140 931 redderet.
2170 869 2335 940 idque
2360 868 2591 924 accidit.
2629 866 2767 924 Cum
2799 867 2948 922 enim
2991 866 3316 923 Annibalem
3369 867 3440 922 de

1859 976 2040 1031 pugna
2069 961 2294 1016 minimc
2318 961 2673 1034 cogitantem,
2701 970 2880 1016 castra
2908 958 2964 1015 in
2987 959 3169 1017 locum
3191 975 3440 1015 commo-

1858 1053 2398 1111 dioremtransferre
2415 1054 2558 1110 velle
2583 1070 2652 1110 ex
2692 1052 2989 1125 transfugis
3039 1052 3438 1120 intellexisset,

1857 1159 2024 1205 noctu
2055 1150 2179 1206 loco
2205 1165 2296 1214 eo,
2335 1165 2448 1221 quo
2491 1149 2586 1206 ille
2627 1149 2977 1222 properabat,
3031 1154 3438 1218 praeoccupato.

1854 1239 2412 1311 Carthaginiensibus
2433 1240 2490 1296 in
2515 1238 2787 1302 convalle,
2813 1237 3012 1294 castris
3034 1237 3182 1292 haud
3216 1236 3437 1298 idonea.

1855 1331 2234 1398 versantibus,
2263 1349 2332 1388 ex
2359 1331 2662 1404 improviso
2691 1345 2752 1388 se
2776 1330 3044 1388 ostendit.
3088 1330 3160 1386 At
3197 1329 3437 1386 Annibal

1856 1421 2163 1478 detrectata
2191 1437 2395 1494 pugna,
2430 1411 2632 1479 castris
2666 1421 2742 1478 ibi
2772 1421 3091 1478 muniendis
3148 1431 3206 1478 et
3257 1420 3442 1492 puteis

1855 1513 2131 1573 fodiendis
2171 1531 2270 1588 per
2325 1525 2498 1572 totam
2537 1523 2754 1572 noctem
2806 1513 2912 1570 fuit
2960 1523 3287 1584 occupatus.
3328 1529 3439 1584 qua

1853 1626 2100 1665 aerumna
2123 1610 2377 1682 fatigatos
2391 1618 2450 1666 et
2471 1609 2723 1666 sitientes
2755 1607 2944 1680 Scipio
2966 1607 3052 1662 vel
3079 1607 3280 1662 invitos
3297 1607 3441 1664 inire

1855 1700 2104 1770 praelium
2134 1701 2336 1772 coegit.
2361 1699 2814 1771 Congrediuntur
2841 1700 2988 1754 inter
3029 1713 3172 1761 sese,
3205 1697 3439 1754 Romani

1854 1791 2112 1850 instructi
2141 1804 2199 1851 et
2228 1795 2463 1858 alacres,
2493 1793 2731 1850 Annibal
2750 1803 2807 1850 et
2835 1791 3321 1864 Carthaginienses
3352 1793 3439 1846 in-

1854 1885 1976 1949 viti,
2006 1896 2062 1943 et
2090 1895 2292 1958 praeter
2328 1888 2436 1943 alia
2457 1887 2624 1944 etiam
2658 1888 2877 1944 defectu
2909 1887 3042 1944 solis
3088 1886 3307 1958 integro
3330 1897 3441 1942 ter-

183 1941 409 2035 ἐπεφάνη
439 1965 737 2034 αἰφνίδιον.
779 1941 851 2023 Ὀ-
891 1969 937 2023 δ’
963 1941 1240 2036 .Ἀννίϐας
1288 1941 1596 2044 *συμϐαλείν
1645 1941 1749 2033 οὐκ

1853 1974 1978 2042 riti;
2011 1941 2178 2046 quem
2211 1986 2414 2048 praeter
2452 1987 2656 2036 caetera
2681 1978 2821 2035 nihil
2859 1978 2961 2035 sibi
2990 1978 3155 2034 fausti
3208 1941 3439 2050 porten-

183 2052 424 2124 ἠθέλησε.
463 2058 1045 2134 Στρατοπεδευόμενος
1075 2063 1125 2118 δ’
1147 2066 1267 2119 ἐκεῖ
1288 2068 1382 2121 καὶ
1409 2071 1748 2142 φρεωρυχῶν

183 2146 594 2220 ὲταλαιπώρησε
623 2153 712 2208 διά
744 2155 928 2226 πάσης
953 2157 1053 2227 τῆς
1078 2157 1293 2224 νυκτὸς,
1317 2160 1413 2214 καὶ
1441 2160 1615 2228 οὕτως
1646 2180 1750 2219 κα-

184 2235 280 2300 κῶς
306 2238 508 2304 αὐτοὺς
539 2240 765 2312 ἔχοντας
799 2245 905 2298 ὑπὸ
935 2247 1183 2316 καμάτου
1214 2249 1310 2304 καὶ
1363 2250 1546 2323 δίψης,
1615 2271 1751 2310 κατ-

184 2331 448 2400 ηνάγκασε
479 2335 580 2388 καὶ
622 2337 854 2402 ἄκοντας
905 2340 932 2392 ό
991 2339 1231 2394 Σκιπίων
1265 2343 1536 2415 συμμίξαι
1575 2345 1748 2418 αὐτῷ.

183 2421 468 2478 Συνέϐαλον
499 2423 596 2480 οὖν
627 2426 680 2480 oi
712 2427 814 2498 μὲν
859 2425 1119 2500 Ῥωμαῖοι
1179 2435 1602 2503 συντεταγμένοι
1655 2438 1752 2494 καὶ

182 2516 455 2586 πρόθυμοι,
501 2518 754 2583 Ἀννίϐας
773 2520 830 2575 δὲ
857 2520 952 2574 καὶ
968 2520 1020 2573 oi
1047 2521 1413 2595 Καρχηδόνιοι
1438 2525 1751 2599 άπρόθυμοί

179 2623 228 2660 τε
260 2610 346 2663 καὶ
373 2612 936 2684 καταπεπληγμένοι,
958 2613 1055 2668 καὶ
1083 2615 1150 2669 δι’
1178 2615 1342 2689 ἕτερα
1372 2617 1469 2673 καὶ
1520 2619 1604 2674 ὃτι
1656 2626 1754 2678 καὶ

181 2701 373 2773 ὀήλιος
405 2705 646 2776 σῦμπας
671 2706 942 2772 ἐξέλιπεν.
988 2708 1087 2762 Ἐκ
1135 2708 1242 2782 γὰρ
1280 2712 1390 2767 τῶν
1436 2713 1616 2770 ἄλλων
1655 2717 1752 2772 καὶ

181 2792 322 2847 τοῦτο
346 2795 446 2850 οὐκ
490 2796 668 2850 αίσιόν
697 2815 751 2852 τι
805 2799 1146 2871 προμηνύειν
1197 2803 1384 2873 σφίσιν
1421 2803 1452 2858 ό
1504 2804 1752 2876 Ἀννίϐας

182 2883 556 2944 ὑπώπτευσεν.
591 2888 748 2944 Οὕτω
770 2890 816 2944 δ’
835 2890 1052 2961 ἔχοντες
1074 2893 1200 2958 τοὺς
1220 2895 1753 2965 ἐλέφαντας.ὲαυτῶν

184 2979 558 3046 προεϐάλοντο.
601 2981 710 3035 Καὶ
740 2983 789 3038 oi
853 2981 1118 3056 Ῥωμαῖοι
1174 2987 1318 3058 μέγα
1347 2989 1609 3063 ἐξαίφνης
1658 2994 1756 3050 καὶ

182 3073 618 3144 καταπληκτικδν
666 3075 992 3147 ἀνεϐόησαν,
1042 3079 1138 3132 καὶ
1181 3082 1280 3147 τὰς
1333 3084 1569 3150 ἀσπίδας
1639 3091 1755 3154 τοῖς

186 3157 354 3229 δόρασι
379 3161 728 3232 κρούσαντες
763 3166 920 3238 θυμῷ
939 3171 1034 3222 καὶ
1071 3168 1257 3241 δρόμῳ
1300 3173 1392 3226 ἐπὶ
1451 3175 1579 3241 τοὺς
1627 3177 1754 3232 ἐλέ-

1850 2063 1982 2121 dere
2026 2066 2234 2124 Poenus
2265 2067 2598 2135 arbitratus;
2648 2070 2968 2140 elephantes
3016 2071 3071 2126 in
3110 2071 3289 2142 prima
3323 2069 3441 2134 acie

1851 2156 2102 2215 collocat.
2117 2158 2347 2216 Romani
2365 2175 2498 2216 vero
2514 2161 2701 2218 subito
2731 2161 2938 2233 ingenti
2969 2171 3026 2218 et
3053 2161 3289 2219 terribili
3323 2164 3440 2218 cla-

1853 2261 2010 2304 more
2047 2247 2289 2315 sublato,
2324 2259 2381 2306 et
2410 2251 2634 2324 clypeos
2693 2251 2870 2308 hastis
2921 2252 3225 2324 pulsantes,
3267 2251 3346 2306 ira
3381 2261 3440 2308 et

1853 2355 2022 2400 cursu
2053 2340 2290 2406 incitati,
2313 2340 2530 2398 belluas
2557 2342 2766 2416 impetu
2797 2343 2894 2398 illo
2942 2342 3168 2399 territas
3204 2342 3440 2412 dissipa-

1852 2439 1987 2490 runt
2021 2444 2186 2506 atque
2217 2442 2576 2501 everterunt;
2610 2451 2734 2508 qius
2787 2451 2922 2492 vero
2979 2433 3438 2497 vulnerabantur.

1852 2527 1972 2585 suis
1993 2526 2168 2598 magis
2195 2527 2834 2586 incommodabantJam
2864 2529 3136 2600 utaliquaa
3164 2528 3219 2584 in
3249 2528 3439 2586 hostes

1853 2623 2021 2689 irent,
2063 2631 2247 2680 tamen
2278 2623 2548 2680 Romanis
2581 2624 2822 2695 spatium
2877 2624 3280 2696 praebentibus,
3341 2641 3440 2695 per

1854 2716 2094 2773 mediam
2119 2715 2296 2772 aciem
2331 2726 2795 2783 transcurrentes,
2829 2717 2974 2774 inter
2989 2715 3436 2788 praetereundum

1853 2819 1911 2866 et
1935 2810 2138 2883 iaculis
2165 2820 2222 2866 et
2249 2810 2452 2880 gladiis
2480 2811 2944 2868 vulnerabantur.
2979 2811 3058 2867 Ac
3087 2810 3158 2866 ad
3221 2818 3440 2880 tempus

1854 2903 2077 2976 aliquod
2109 2902 2598 2976 Carthaginienses
2629 2905 2978 2960 restiterunt.
3015 2903 3222 2960 Deinde
3271 2901 3437 2960 Masi-

1853 2997 2019 3052 nissa:
2051 3005 2110 3052 et
2139 2995 2291 3052 Laelii
2318 2996 2568 3069 equitatu
2623 2997 2862 3060 invecto,
2923 2995 3185 3066 fugerunt
3217 3011 3434 3059 omnes,

1853 3089 2044 3161 plures
2079 3088 2422 3157 ceciderunt,
2449 3089 2568 3159 ipso
2591 3088 2757 3144 etiam
2789 3086 3060 3143 Annibale
3091 3104 3232 3159 pene
3260 3087 3437 3143 inter-

1856 3180 2021 3238 fecto.
2047 3179 2181 3236 Nam
2209 3195 2334 3236 cum
2365 3180 2580 3251 fugiens
2627 3178 2962 3233 lil'asiuissam
3009 3178 3148 3234 laxis
3209 3178 3438 3234 habenis

183 3265 366 3344 φαντας
401 3252 705 3326 ὥρμησαν.
768 3257 891 3325 Ὑφ’
940 3251 1015 3312 ὧν
1072 3263 1435 3333 ταραχθέντες
1473 3267 1670 3322 ἐκεῖνοι
1702 3268 1752 3322 oi

1859 3275 2130 3330 acerrime
2156 3275 2412 3343 persequi
2451 3288 2749 3327 conversus
2778 3271 3026 3334 vidisset.
3063 3274 3182 3343 ejus
3227 3273 3435 3342 impetu

188 3342 272 3408 μὲν
305 3345 529 3409 πλείους
573 3346 674 3402 οὐκ
714 3347 961 3415 ἐδέξαντο
997 3353 1161 3420 σφᾶς,
1195 3353 1310 3406 ἀλλ’
1347 3355 1754 3428 ἀπετράποντο,

186 3435 264 3488 καὶ
285 3437 724 3508 τιτρωσκόμενοι
765 3441 939 3511 μείζω
985 3445 1100 3506 τοῖς
1155 3446 1606 3518 ὲπιτεταγμένοις
1647 3451 1758 3506 ivs-

188 3525 477 3580 miowtbv
509 3527 762 3598 θόρυϐον.
793 3531 856 3583 Οἱ
885 3530 944 3584 δὲ
997 3532 1096 3586 καὶ
1142 3533 1310 3604 ὁμόσε
1362 3537 1518 3607 σφίσι
1570 3542 1755 3612 χωρή-

188 3632 380 3687 σαντες,
399 3621 518 3675 τῶν
554 3619 842 3694 Ῥωμαίων
863 3624 1247 3693 διισταμένων,
1277 3628 1364 3685 διὰ
1382 3631 1552 3702 μέσον
1574 3634 1756 3691 αὐτῶν

186 3711 529 3786 διεξέτρεχον,
560 3718 656 3770 καὶ
681 3717 962 3788 περιόντες
981 3718 1269 3776 ὲϐάλλοντό
1289 3740 1348 3776 τε
1376 3726 1468 3778 καὶ
1490 3727 1555 3780 ὲκ
1569 3726 1756 3798 χειρὸς

187 3801 584 3875 ἐτιτρώσκοντο.
629 3807 742 3862 Καὶ
798 3807 889 3862 ὲπί
914 3827 1036 3864 τινα
1094 3813 1194 3882 μὲν
1251 3816 1445 3886 χρόνον
1491 3817 1756 3888 ἀντέσχον

185 3895 225 3946 oi
253 3897 634 3970 Καρχηδόνιοι.
692 3901 930 3956 Ἔπειτα
980 3903 1074 3958 τοῦ
1122 3906 1459 3962 Μασινίσσου
1517 3909 1612 3964 καὶ
1659 3911 1754 3965 τοῦ

187 3988 385 4067 Δαιλίου
415 3993 537 4056 τοῖς
567 3993 793 4047 ἱππεῦσι
843 3996 1270 4066 προσπεσόντων
1309 3999 1516 4067 αὐτοῖς,
1550 4001 1755 4066 πάντες

189 4081 399 4152 ίτξυγον·
431 4086 484 4139 oi
512 4085 569 4139 δὲ
616 4086 834 4151 πλείους
886 4087 1226 4160 ἐφθάρησαν,
1271 4093 1367 4147 καὶ
1421 4095 1450 4146 ὁ
1501 4093 1754 4159 Ἀννίϐας

191 4175 369 4245 μικρσῦ
400 4175 474 4232 ἂν
495 4177 766 4232 ἀπώλετο.
799 4179 1076 4248 Φεύγοντα
1105 4182 1215 4253 γὰρ
1243 4183 1410 4239 αὑτὸν
1439 4187 1467 4238 ὁ
1489 4183 1756 4240 Μασινίσ-

192 4282 273 4330 σας
301 4268 604 4323 ἐπεδίωκεν
637 4270 896 4341 ἀκρατῶς
930 4273 996 4342 τῇ
1023 4271 1118 4326 τοῦ
1156 4273 1325 4328 ἵππου
1356 4275 1506 4348 ῥύμῃ
1536 4276 1755 4331 ὑπενδι-

189 4355 314 4421 δούς.
343 4361 776 4432 Μεταστραφεὶς
813 4361 860 4414 δ’
891 4363 920 4416 ό
951 4359 1228 4432 Ἀννίϐας,
1275 4367 1368 4421 καὶ
1412 4367 1538 4421 ἰδὼν
1590 4369 1754 4424 αὑτὸν

188 4448 313 4505 οὕτω
347 4451 640 4521 διώκοντα,
710 4454 892 4526 ἡρέμα
950 4454 1212 4524 ἐξέκλινε,
1269 4462 1365 4513 καὶ
1407 4460 1500 4514 τὸν
1552 4462 1755 4533 δρόμον

193 4540 590 4614 ὲπὲστησε,καὶ
619 4545 762 4600 οὕτω
818 4549 1207 4620 παρελάσαντα
1270 4551 1363 4606 τὸν
1405 4553 1754 4611 Μασινίσσαν

191 4633 312 4686 κατὰ
335 4636 510 4718 νώτου
534 4638 827 4710 γενόμενος
861 4640 1091 4712 ἔτρωσε,
1125 4644 1236 4697 κάκ
1265 4642 1456 4696 τούτου
1489 4645 1607 4716 μετ’
1636 4646 1751 4701 όλίο

190 4739 286 4792 γων
316 4727 570 4798 ἐξέφυγε.
607 4732 850 4786 Σκιπίων
877 4732 932 4787 δὲ
986 4733 1234 4804 νικήσας,
1292 4737 1388 4789 hri.
1433 4737 1534 4810 τὴν
1588 4739 1747 4812 Καρ-

193 4817 373 4887 χηδόνα
408 4821 670 4892 ⁴ήττείχθη,
715 4825 811 4877 καὶ
841 4823 1151 4897 ἐπολιόρκει
1185 4827 1355 4897 αὐτὴν
1391 4828 1456 4883 ὲκ
1494 4830 1598 4900 γῆς
1628 4831 1749 4901 ἅμα

193 4913 274 4964 καὶ
299 4913 598 4984 θαλάσσης.
632 4918 695 4970 0i
729 4916 774 4972 δ’
804 4915 874 4975 αὖ
913 4919 1273 4992 Καρχηδόνιοι
1299 4921 1520 4994 πρῶτον
1553 4923 1652 4994 μὲν
1671 4923 1747 4990 ὡς

192 5005 277 5071 τήν
304 5005 617 5078 πολιορκίαν
644 5010 1080 5081 καρτερήσοντες
1103 5013 1482 5083 ἡτοιμάζοντο.
1512 5016 1748 5072 Ἔπειτα

191 5092 600 5169 διαπνρηθέντες
633 5101 771 5170 πρὸς
799 5103 891 5156 τὸν
918 5103 1195 5158 Σκιπίωνα
1223 5105 1744 5178 διεκηρυκεὺσαντο,

195 5188 278 5241 καὶ
306 5191 334 5242 ὁ
368 5191 615 5246 Σκιπίων
652 5194 780 5257 τοὺς
819 5191 1012 5264 λόγους
1057 5196 1210 5267 σφῶν
1237 5199 1619 5270 προσεδέξατο,
1648 5203 1746 5257 καὶ

195 5279 305 5347 περὶ
328 5281 432 5338 τῶν
467 5282 753 5351 συνθηκῶν
773 5283 1048 5355 διειλέχθη
1069 5285 1276 5350 αὐτοῖς.
1303 5284 1410 5342 Ἦν
1435 5288 1492 5343 δὲ
1518 5291 1584 5344 τά
1605 5290 1748 5362 (bso-

193 5364 474 5438 λογημένα,
509 5372 754 5444 ὁμήρους
785 5391 845 5426 τε
881 5374 1033 5444 παρὰ
1071 5376 1178 5431 τῶν
1207 5377 1614 5450 Καρχηδονίων,
1648 5380 1745 5434 καὶ

193 5458 304 5524 τοὺς
324 5461 700 5530 αῖχμαλώτους
732 5465 827 5516 καὶ
855 5465 980 5527 τοὺς
1005 5465 1336 5537 αὐτομόλους
1361 5468 1582 5539 δοθῆναι
1601 5484 1618 5502 ⁶
1651 5471 1748 5524 καὶ

197 5549 382 5616 πάντας
426 5554 524 5622 μὲν
569 5556 696 5617 τοὺς
727 5554 1049 5623 ἐλέφαντας,
1097 5558 1196 5622 τὰς
1229 5558 1287 5612 δὲ
1315 5560 1562 5630 τριήρεις
1605 5561 1746 5633 πλὴν

195 5636 311 5691 δέκα
341 5645 744 5716 παρασχεθῆναι
763 5662 776 5676 ·
805 5647 900 5700 καὶ
922 5645 1015 5700 τοῦ
1041 5647 1232 5702 λοιποῦ
1259 5651 1398 5725 μήτε
1420 5651 1743 5721 ἐλέφαντας,

202 5729 324 5799 μήτε
358 5735 488 5798 ναῦς
524 5737 745 5807 μακρὰς
778 5737 999 5802 πλείους
1029 5739 1138 5793 τῶν
1165 5740 1297 5793 δέκα
1330 5740 1495 5812 ἔχειν,
1521 5743 1616 5796 καὶ
1644 5745 1746 5814 μή·

199 5835 252 5870 τε
283 5824 503 5894 πόλεμον
538 5828 692 5898 παρά
725 5828 827 5898 τὴν
859 5828 967 5882 τῶν
1003 5829 1295 5902 Ῥωμαίων
1326 5833 1555 5905 γνώμην
1605 5834 1746 5906 πρὸς

203 5909 385 5980 μηδένα
414 5914 682 5972 ποιεῖσθαι
703 5931 718 5948 ο
749 5917 845 5972 καί
873 5935 996 5976 τινα
1027 5920 1211 5992 ἕτερα.
1245 5920 1520 5980 Τοιόύτων
1555 5921 1613 5978 δι
1647 5939 1741 5993 γε·

1855 3363 2107 3420 nonnihil
2159 3364 2455 3428 declinato,
2499 3378 2777 3433 cursuque
2836 3363 3094 3427 inhibito,
3137 3375 3435 3433 praeterve-

1853 3466 2006 3514 ctum
2035 3472 2069 3512 a
2100 3467 2254 3527 tergo
2281 3457 2513 3510 adortus
2545 3455 2885 3519 vulneravit;
2921 3455 3104 3521 itaque
3140 3471 3264 3510 cum
3299 3470 3436 3524 pau-

1853 3549 1936 3606 cis
1955 3547 2152 3606 evasit.
2182 3547 2368 3618 Scipio
2403 3547 2634 3603 victoria
2678 3547 2900 3616 potitus.
2941 3562 3175 3616 propere
3203 3545 3442 3602 Carthaa

1853 3639 2036 3712 ginem
2058 3637 2220 3712 M3
2247 3649 2394 3694 terra
2421 3638 2668 3706 marique
2692 3636 2932 3692 obsedit.
2951 3635 3384 3708 Carthaginiens-
3407 3653 3444 3695 s-

1853 3730 2132 3802 principio
2163 3745 2223 3785 se
2249 3728 2316 3784 ad
2355 3726 2708 3783 tolerandam-
2746 3725 3090 3782 obsidionem
3156 3737 3434 3796 parantes,

1855 3824 2075 3880 tandem
2097 3823 2268 3878 rebus
2312 3821 2640 3892 desperatis,
2698 3820 3095 3876 caduceatores
3161 3819 3228 3874 ad
3279 3819 3432 3874 illum

1853 3914 2150 3978 miserunt,
2185 3928 2311 3968 cunt
2343 3912 2546 3981 quibus
2577 3910 2764 3980 Scipio
2791 3909 2860 3963 de
2895 3910 3046 3979 pacis
3095 3907 3432 3965 conditioni-

1854 4006 1960 4064 bus
1980 4005 2112 4077 egit,
2133 4019 2254 4074 qua:
2285 4001 2604 4073 hujusmodi
2635 4000 2893 4055 fuerunt:
2926 4007 2987 4052 ut
3011 3995 3433 4067 Carthaginien-

1854 4113 1944 4152 ses
1982 4092 2205 4151 obsides
2231 4092 2451 4154 darent,
2491 4091 2737 4160 captivos
2777 4097 2831 4142 et
2873 4088 3183 4158 transfugas
3243 4102 3437 4143 omnes

1853 4190 2236 4252 restituerent,
2261 4184 2586 4257 elephantos
2620 4197 2813 4236 omnes
2845 4189 2902 4236 et
2937 4183 3214 4242 triremes,
3241 4179 3433 4233 decem

1853 4281 2122 4352 exceptis,
2158 4277 2462 4336 traderent.
2492 4275 2551 4331 In
2583 4265 2866 4344 posterum
2889 4287 3070 4341 neque
3109 4270 3436 4340 elephantos

1855 4388 2037 4444 neque
2063 4373 2252 4443 longas
2283 4384 2454 4424 naves
2515 4367 2704 4438 plures
2744 4379 2910 4436 quam
2935 4364 3106 4419 denas
3139 4363 3434 4427 haberent,

1856 4481 2036 4537 neque
2061 4463 2264 4521 bellum
2289 4478 2415 4518 cum
2443 4474 2721 4531 quoquam
2764 4459 2868 4512 nisi
2903 4457 2972 4512 de
3011 4456 3284 4512 sententia
3329 4454 3438 4508 llo-

1856 4572 2148 4615 mauorum
2187 4554 2555 4625 susciperent.
2590 4551 2815 4621 Adjecta
2876 4557 3005 4605 sunt
3037 4557 3094 4602 et
3138 4547 3244 4602 alia
3281 4563 3432 4618 qua:-

1779 4647 1826 4702 D
1853 4649 2003 4707 dam.
2045 4648 2144 4703 liis
2182 4644 2601 4703 conditionibus
2653 4639 2953 4712 propositis
2987 4637 3150 4709 legati
3205 4637 3433 4694 Romam

1852 4739 2033 4809 missi,
2060 4737 2157 4794 sed
2188 4750 2384 4808 parum
2410 4733 2666 4790 alacriter
2695 4747 2725 4786 a
2751 4738 2946 4786 senatu
2997 4727 3237 4796 suscepti
3269 4737 3432 4794 sunt;

1849 4829 1974 4889 aliis
2017 4827 2167 4882 aliud
2203 4823 2578 4888 censentibus,
2619 4837 2685 4878 ac
2728 4821 2872 4876 inter
2923 4833 3044 4873 sese
3104 4817 3434 4878 rixantihus.

1855 4919 2057 4976 Verum
2085 4916 2325 4990 populus
2377 4928 2566 4985 pacem
2604 4925 2802 4982 magno
2831 4923 3105 4966 consensu
3165 4909 3432 4978 decrevit,

1850 5006 2096 5079 acceptis
2143 5002 2584 5066 conditionibus,
2625 5000 2929 5069 decemque
2984 4997 3179 5069 legatis
3225 4999 3434 5066 missis,

1850 5100 1947 5176 qui
1979 5113 2088 5154 una
2107 5112 2234 5155 cum
2267 5094 2528 5166 Scipione
2558 5091 2746 5149 omnia
2789 5089 3271 5173 administrarent.
3330 5091 3436 5146 Pa-

1850 5195 1956 5250 ctis
1988 5191 2240 5255 ﬁrmatis,
2270 5187 2536 5246 triremes
2572 5185 2807 5248 traditae,
2850 5193 3217 5255 cremataque
3268 5181 3432 5237 sunt:

1846 5283 2270 5355 elephantorum
2300 5280 2480 5351 major
2519 5292 2646 5348 pars
2697 5275 2926 5331 Romam
2978 5275 3165 5336 missa.
3228 5274 3429 5344 reliqui

1847 5373 2147 5430 Masinissa
2166 5371 2378 5436 donati,
2405 5368 2641 5426 Africam
2673 5366 2927 5430 Romani,
2951 5364 3436 5435 Carthaginienses

1847 5463 2060 5521 italiam
2100 5461 2464 5531 reliquerunt.
2488 5455 2590 5512 llic
2617 5456 2845 5512 secundi
2893 5454 3022 5510 belli
3056 5455 3248 5510 Punici
3307 5468 3432 5525 post

1848 5568 2025 5609 annos
2055 5550 2331 5608 sexdecim
2363 5548 2546 5605 exitus
2573 5547 2699 5602 fuit.
2734 5545 2920 5615 Scipio
2973 5552 3180 5612 autem,
3231 5559 3432 5616 magna

1848 5651 2005 5716 parta
2036 5641 2229 5716 gloria,
2257 5647 2681 5711 cognomentum
2706 5633 2946 5690 Africani
2974 5633 3118 5688 tulit.
3145 5632 3284 5696 (iam
3310 5643 3430 5690 tum

1855 5737 2004 5795 enim
2034 5731 2353 5804 Carthagini
2389 5729 2620 5786 finitima
2644 5728 2836 5800 Libya,
2872 5726 3056 5782 Africa
3106 5727 3433 5798 vocabatur)

1853 5837 1910 5883 et
1933 5825 2120 5882 multis
2142 5822 2377 5894 captivis
2415 5821 2632 5878 civibus
2665 5816 2922 5888 receptis,
2946 5815 3215 5874 liberator
3238 5835 3270 5875 a
3292 5821 3436 5878 mul-

1851 5923 1923 5980 tis
1948 5921 2156 5987 dictus,
2189 5918 2246 5974 in
2273 5931 2490 5974 summo
2519 5909 2882 5970 honore'fuit.
2913 5912 3147 5972 Annibal
3181 5927 3374 5976 contra
3399 5935 3434 5978 α
