  <div class='ocr_page' id='page_1' title='image "/cluster/home/n/w/nwhite01/storage/ocr_20150623/134/hvd.32044019208289/388.png"; bbox 0 0 3896 6580; ppageno 0'>
   <div class='ocr_carea' id='block_1_1' title="bbox 162 422 259 487">
    <p class='ocr_par' dir='ltr' id='par_1_1' title="bbox 162 422 259 487">
     <span class='ocr_line' id='line_1_1' title="bbox 162 422 259 487; baseline -0.01 -2"><span class='ocrx_word' id='word_1_1' title='bbox 162 422 259 487; x_wconf 65' lang='lat'>75.1</span> 
     </span>
    </p>
   </div>
   <div class='ocr_carea' id='block_1_2' title="bbox 1424 419 2177 487">
    <p class='ocr_par' dir='ltr' id='par_1_2' title="bbox 1424 419 2177 487">
     <span class='ocr_line' id='line_1_2' title="bbox 1424 419 2177 487; baseline 0.004 -5"><span class='ocrx_word' id='word_1_2' title='bbox 1424 419 1832 484; x_wconf 80' lang='lat' dir='ltr'>ANNALIUM</span> <span class='ocrx_word' id='word_1_3' title='bbox 1869 423 2021 486; x_wconf 82' lang='lat' dir='ltr'><strong>LIB.</strong></span> <span class='ocrx_word' id='word_1_4' title='bbox 2068 425 2177 487; x_wconf 80' lang='lat' dir='ltr'>IX.</span> 
     </span>
    </p>
   </div>
   <div class='ocr_carea' id='block_1_3' title="bbox 3320 432 3441 495">
    <p class='ocr_par' dir='ltr' id='par_1_3' title="bbox 3320 432 3441 495">
     <span class='ocr_line' id='line_1_3' title="bbox 3320 432 3441 495; baseline -0.008 0"><span class='ocrx_word' id='word_1_5' title='bbox 3320 432 3441 495; x_wconf 67' lang='lat'>758&#39;</span> 
     </span>
    </p>
   </div>
   <div class='ocr_carea' id='block_1_4' title="bbox 161 526 1756 609">
    <p class='ocr_par' dir='ltr' id='par_1_4' title="bbox 161 526 1740 602">
     <span class='ocr_line' id='line_1_4' title="bbox 161 526 1740 602; baseline -0.001 -15"><span class='ocrx_word' id='word_1_6' title='bbox 161 537 416 587; x_wconf 77' lang='grc' dir='ltr'>ἔσπευσε.</span> <span class='ocrx_word' id='word_1_7' title='bbox 458 531 621 595; x_wconf 79' lang='grc' dir='ltr'>Γνοὺς</span> <span class='ocrx_word' id='word_1_8' title='bbox 651 530 711 585; x_wconf 74' lang='grc' dir='ltr'>δὲ</span> <span class='ocrx_word' id='word_1_9' title='bbox 737 529 838 602; x_wconf 72' lang='grc' dir='ltr'>τὴν</span> <span class='ocrx_word' id='word_1_10' title='bbox 860 529 1125 601; x_wconf 78' lang='grc' dir='ltr'>πρόσοδον</span> <span class='ocrx_word' id='word_1_11' title='bbox 1161 526 1329 584; x_wconf 77' lang='grc' dir='ltr'>αὐτοῦ</span> <span class='ocrx_word' id='word_1_12' title='bbox 1359 529 1389 584; x_wconf 92' lang='lat'>6</span> <span class='ocrx_word' id='word_1_13' title='bbox 1416 529 1740 594; x_wconf 77' lang='grc' dir='ltr'>’Δπούστιος</span> 
     </span>
    </p>
   </div>
   <div class='ocr_carea' id='block_1_5' title="bbox 1859 526 3446 609">
    <p class='ocr_par' dir='ltr' id='par_1_5' title="bbox 1859 531 3446 609">
     <span class='ocr_line' id='line_1_5' title="bbox 1859 531 3446 609; baseline 0.006 -22"><span class='ocrx_word' id='word_1_14' title='bbox 1859 540 2063 587; x_wconf 74' lang='lat' dir='ltr'><strong>uentus</strong></span> <span class='ocrx_word' id='word_1_15' title='bbox 2090 531 2312 588; x_wconf 77' lang='lat' dir='ltr'>facilius</span> <span class='ocrx_word' id='word_1_16' title='bbox 2340 538 2686 605; x_wconf 84' lang='lat' dir='ltr'><strong>suppeteret,</strong></span> <span class='ocrx_word' id='word_1_17' title='bbox 2717 535 3004 609; x_wconf 85' lang='lat' dir='ltr'><strong>Philippus</strong></span> <span class='ocrx_word' id='word_1_18' title='bbox 3034 540 3243 596; x_wconf 85' lang='lat' dir='ltr'><strong>eossui</strong></span> <span class='ocrx_word' id='word_1_19' title='bbox 3277 549 3446 597; x_wconf 64' lang='grc' dir='ltr'>ηισιερ</span> 
     </span>
    </p>
   </div>
   <div class='ocr_carea' id='block_1_6' title="bbox 165 618 1738 696">
    <p class='ocr_par' dir='ltr' id='par_1_6' title="bbox 165 618 1738 696">
     <span class='ocr_line' id='line_1_6' title="bbox 165 618 1738 696; baseline 0.001 -18"><span class='ocrx_word' id='word_1_20' title='bbox 165 623 521 695; x_wconf 81' lang='grc' dir='ltr'>ἀνεχώρησεν</span> <span class='ocrx_word' id='word_1_21' title='bbox 546 640 560 654; x_wconf 75' lang='grc' dir='ltr'><strong><em>ο</em></strong></span> <span class='ocrx_word' id='word_1_22' title='bbox 588 623 690 695; x_wconf 70' lang='grc' dir='ltr'>ἤδη</span> <span class='ocrx_word' id='word_1_23' title='bbox 716 624 825 695; x_wconf 79' lang='grc' dir='ltr'>γὰρ</span> <span class='ocrx_word' id='word_1_24' title='bbox 856 623 956 678; x_wconf 76' lang='grc' dir='ltr'>καὶ</span> <span class='ocrx_word' id='word_1_25' title='bbox 984 623 1196 695; x_wconf 83' lang='grc' dir='ltr'>χειμὼν</span> <span class='ocrx_word' id='word_1_26' title='bbox 1228 618 1320 696; x_wconf 78' lang='grc' dir='ltr'>ἦν.</span> <span class='ocrx_word' id='word_1_27' title='bbox 1353 622 1576 689; x_wconf 78' lang='grc' dir='ltr'>Ῥατσας</span> <span class='ocrx_word' id='word_1_28' title='bbox 1602 625 1649 679; x_wconf 87' lang='grc' dir='ltr'>δ’</span> <span class='ocrx_word' id='word_1_29' title='bbox 1671 626 1738 679; x_wconf 76' lang='grc' dir='ltr'>ἐκ</span> 
     </span>
    </p>
   </div>
   <div class='ocr_carea' id='block_1_7' title="bbox 158 716 1735 788">
    <p class='ocr_par' dir='ltr' id='par_1_7' title="bbox 158 716 1735 788">
     <span class='ocr_line' id='line_1_7' title="bbox 158 716 1735 788; baseline 0.002 -19"><span class='ocrx_word' id='word_1_30' title='bbox 158 720 251 783; x_wconf 81' lang='grc' dir='ltr'>τῆς</span> <span class='ocrx_word' id='word_1_31' title='bbox 278 719 441 771; x_wconf 85' lang='grc' dir='ltr'>νόσου</span> <span class='ocrx_word' id='word_1_32' title='bbox 485 720 513 772; x_wconf 98' lang='lat'>6</span> <span class='ocrx_word' id='word_1_33' title='bbox 544 717 756 781; x_wconf 80' lang='grc' dir='ltr'>Γάλϐας</span> <span class='ocrx_word' id='word_1_34' title='bbox 787 716 957 771; x_wconf 82' lang='grc' dir='ltr'>πλείω</span> <span class='ocrx_word' id='word_1_35' title='bbox 980 718 1440 787; x_wconf 75' lang='grc' dir='ltr'>παρεσκευάσατο</span> <span class='ocrx_word' id='word_1_36' title='bbox 1478 717 1735 788; x_wconf 86' lang='grc' dir='ltr'>δύναμιν,</span> 
     </span>
    </p>
   </div>
   <div class='ocr_carea' id='block_1_8' title="bbox 158 805 1737 878">
    <p class='ocr_par' dir='ltr' id='par_1_8' title="bbox 158 805 1737 878">
     <span class='ocr_line' id='line_1_8' title="bbox 158 805 1737 878; baseline 0 -17"><span class='ocrx_word' id='word_1_37' title='bbox 158 808 245 861; x_wconf 76' lang='grc' dir='ltr'>καὶ</span> <span class='ocrx_word' id='word_1_38' title='bbox 274 808 393 876; x_wconf 76' lang='grc' dir='ltr'>ἅμα</span> <span class='ocrx_word' id='word_1_39' title='bbox 414 806 541 877; x_wconf 81' lang='grc' dir='ltr'>ἔαρι</span> <span class='ocrx_word' id='word_1_40' title='bbox 567 808 648 870; x_wconf 85' lang='grc' dir='ltr'>είς</span> <span class='ocrx_word' id='word_1_41' title='bbox 674 807 777 878; x_wconf 77' lang='grc' dir='ltr'>τὴν</span> <span class='ocrx_word' id='word_1_42' title='bbox 806 806 1151 860; x_wconf 80' lang='grc' dir='ltr'>Μακεδονίαν</span> <span class='ocrx_word' id='word_1_43' title='bbox 1182 805 1467 876; x_wconf 76' lang='grc' dir='ltr'>ἠπείγετο.</span> <span class='ocrx_word' id='word_1_44' title='bbox 1510 808 1667 861; x_wconf 75' lang='grc' dir='ltr'>Ἐπεὶ</span> <span class='ocrx_word' id='word_1_45' title='bbox 1692 807 1737 861; x_wconf 77' lang='grc' dir='ltr'>δ’</span> 
     </span>
    </p>
   </div>
   <div class='ocr_carea' id='block_1_9' title="bbox 158 898 1745 971">
    <p class='ocr_par' dir='ltr' id='par_1_9' title="bbox 158 898 1745 971">
     <span class='ocr_line' id='line_1_9' title="bbox 158 898 1745 971; baseline 0.001 -21"><span class='ocrx_word' id='word_1_46' title='bbox 158 898 501 968; x_wconf 76' lang='grc' dir='ltr'>ἐπλησίασαν</span> <span class='ocrx_word' id='word_1_47' title='bbox 554 898 813 971; x_wconf 83' lang='grc' dir='ltr'>ἀλλήλοις</span> <span class='ocrx_word' id='word_1_48' title='bbox 876 898 1575 969; x_wconf 70' lang='grc' dir='ltr'>ἂντεστρατοπεδεύσαντο,</span> <span class='ocrx_word' id='word_1_49' title='bbox 1643 899 1745 954; x_wconf 74' lang='grc' dir='ltr'>καὶ</span> 
     </span>
    </p>
   </div>
   <div class='ocr_carea' id='block_1_10' title="bbox 159 989 1736 1062">
    <p class='ocr_par' dir='ltr' id='par_1_10' title="bbox 159 989 1736 1062">
     <span class='ocr_line' id='line_1_10' title="bbox 159 989 1736 1062; baseline 0.001 -19"><span class='ocrx_word' id='word_1_50' title='bbox 159 989 576 1059; x_wconf 76' lang='grc' dir='ltr'>ἀκροόολισμοίς</span> <span class='ocrx_word' id='word_1_51' title='bbox 606 991 848 1062; x_wconf 75' lang='grc' dir='ltr'>ἐχρῶντο</span> <span class='ocrx_word' id='word_1_52' title='bbox 878 990 988 1044; x_wconf 89' lang='grc' dir='ltr'>τῶν</span> <span class='ocrx_word' id='word_1_53' title='bbox 1018 992 1229 1045; x_wconf 76' lang='grc' dir='ltr'>ἱππέων</span> <span class='ocrx_word' id='word_1_54' title='bbox 1263 991 1361 1045; x_wconf 77' lang='grc' dir='ltr'>καὶ</span> <span class='ocrx_word' id='word_1_55' title='bbox 1407 990 1516 1047; x_wconf 88' lang='grc' dir='ltr'>τῶν</span> <span class='ocrx_word' id='word_1_56' title='bbox 1542 990 1736 1062; x_wconf 73' lang='grc' dir='ltr'>ψιλῶν.</span> 
     </span>
    </p>
   </div>
   <div class='ocr_carea' id='block_1_11' title="bbox 157 1082 1740 1157">
    <p class='ocr_par' dir='ltr' id='par_1_11' title="bbox 157 1082 1740 1157">
     <span class='ocr_line' id='line_1_11' title="bbox 157 1082 1740 1157; baseline 0.001 -20"><span class='ocrx_word' id='word_1_57' title='bbox 157 1085 559 1137; x_wconf 79' lang='grc' dir='ltr'>Μεταστάντων</span> <span class='ocrx_word' id='word_1_58' title='bbox 584 1084 643 1138; x_wconf 85' lang='grc' dir='ltr'>δὲ</span> <span class='ocrx_word' id='word_1_59' title='bbox 687 1085 795 1137; x_wconf 89' lang='grc' dir='ltr'>τῶν</span> <span class='ocrx_word' id='word_1_60' title='bbox 850 1083 1143 1157; x_wconf 88' lang='grc' dir='ltr'>Ῥωμαίων</span> <span class='ocrx_word' id='word_1_61' title='bbox 1188 1084 1248 1149; x_wconf 71' lang='grc' dir='ltr'>ἐς</span> <span class='ocrx_word' id='word_1_62' title='bbox 1280 1102 1333 1139; x_wconf 87' lang='grc' dir='ltr'>τι</span> <span class='ocrx_word' id='word_1_63' title='bbox 1365 1084 1568 1156; x_wconf 82' lang='grc' dir='ltr'>χωρίον</span> <span class='ocrx_word' id='word_1_64' title='bbox 1615 1082 1740 1138; x_wconf 87' lang='grc' dir='ltr'>ὅθεν</span> 
     </span>
    </p>
   </div>
   <div class='ocr_carea' id='block_1_12' title="bbox 159 1172 1740 1249">
    <p class='ocr_par' dir='ltr' id='par_1_12' title="bbox 159 1172 1740 1249">
     <span class='ocr_line' id='line_1_12' title="bbox 159 1172 1740 1249; baseline 0.001 -20"><span class='ocrx_word' id='word_1_65' title='bbox 159 1179 278 1247; x_wconf 76' lang='grc' dir='ltr'>ῥᾷον</span> <span class='ocrx_word' id='word_1_66' title='bbox 318 1172 391 1246; x_wconf 75' lang='grc' dir='ltr'>ἦν</span> <span class='ocrx_word' id='word_1_67' title='bbox 425 1176 620 1239; x_wconf 77' lang='grc' dir='ltr'>αὐτοῖς</span> <span class='ocrx_word' id='word_1_68' title='bbox 660 1175 1090 1241; x_wconf 73' lang='grc' dir='ltr'>ἐπισιτίσασθαι,</span> <span class='ocrx_word' id='word_1_69' title='bbox 1134 1176 1370 1249; x_wconf 77' lang='grc' dir='ltr'>νομίσας</span> <span class='ocrx_word' id='word_1_70' title='bbox 1404 1178 1435 1232; x_wconf 89' lang='lat'>6</span> <span class='ocrx_word' id='word_1_71' title='bbox 1474 1173 1740 1240; x_wconf 78' lang='grc' dir='ltr'>Φίλιππος</span> 
     </span>
    </p>
   </div>
   <div class='ocr_carea' id='block_1_13' title="bbox 156 1268 1743 1341">
    <p class='ocr_par' dir='ltr' id='par_1_13' title="bbox 156 1268 1743 1341">
     <span class='ocr_line' id='line_1_13' title="bbox 156 1268 1743 1341; baseline -0.001 -20"><span class='ocrx_word' id='word_1_72' title='bbox 156 1269 223 1326; x_wconf 77' lang='grc' dir='ltr'>ὡς</span> <span class='ocrx_word' id='word_1_73' title='bbox 269 1268 656 1340; x_wconf 72' lang='grc' dir='ltr'>φοϐουμένους</span> <span class='ocrx_word' id='word_1_74' title='bbox 681 1268 845 1323; x_wconf 77' lang='grc' dir='ltr'>αὐτὸν</span> <span class='ocrx_word' id='word_1_75' title='bbox 882 1269 1241 1340; x_wconf 77' lang='grc' dir='ltr'>μεταστῆναι,</span> <span class='ocrx_word' id='word_1_76' title='bbox 1273 1269 1510 1341; x_wconf 77' lang='grc' dir='ltr'>ἐπῆλθεν</span> <span class='ocrx_word' id='word_1_77' title='bbox 1557 1269 1743 1331; x_wconf 76' lang='grc' dir='ltr'>αὐτοῖς</span> 
     </span>
    </p>
   </div>
   <div class='ocr_carea' id='block_1_14' title="bbox 158 1361 1742 1433">
    <p class='ocr_par' dir='ltr' id='par_1_14' title="bbox 158 1361 1742 1433">
     <span class='ocr_line' id='line_1_14' title="bbox 158 1361 1742 1433; baseline 0.001 -18"><span class='ocrx_word' id='word_1_78' title='bbox 158 1361 505 1430; x_wconf 77' lang='grc' dir='ltr'>ποιουμένοις</span> <span class='ocrx_word' id='word_1_79' title='bbox 551 1361 814 1432; x_wconf 75' lang='grc' dir='ltr'>ἁρπαγὰς</span> <span class='ocrx_word' id='word_1_80' title='bbox 860 1362 1290 1433; x_wconf 83' lang='grc' dir='ltr'>ἀπροσδόκητος,</span> <span class='ocrx_word' id='word_1_81' title='bbox 1332 1362 1599 1424; x_wconf 85' lang='grc' dir='ltr'>καίτινας</span> <span class='ocrx_word' id='word_1_82' title='bbox 1630 1361 1742 1416; x_wconf 78' lang='grc' dir='ltr'>διέ-</span> 
     </span>
    </p>
   </div>
   <div class='ocr_carea' id='block_1_15' title="bbox 157 1453 1732 1527">
    <p class='ocr_par' dir='ltr' id='par_1_15' title="bbox 157 1453 1732 1527">
     <span class='ocr_line' id='line_1_15' title="bbox 157 1453 1732 1527; baseline -0.001 -20"><span class='ocrx_word' id='word_1_83' title='bbox 157 1455 353 1526; x_wconf 69' lang='grc' dir='ltr'>φθειρε.</span> <span class='ocrx_word' id='word_1_84' title='bbox 396 1455 517 1510; x_wconf 76' lang='grc' dir='ltr'>Καὶ</span> <span class='ocrx_word' id='word_1_85' title='bbox 563 1458 593 1510; x_wconf 92' lang='lat'>6</span> <span class='ocrx_word' id='word_1_86' title='bbox 622 1454 837 1518; x_wconf 73' lang='grc' dir='ltr'>Γάλϐας</span> <span class='ocrx_word' id='word_1_87' title='bbox 866 1455 1027 1510; x_wconf 89' lang='grc' dir='ltr'>τοῦτο</span> <span class='ocrx_word' id='word_1_88' title='bbox 1052 1455 1398 1527; x_wconf 77' lang='grc' dir='ltr'>αἰσθόμενος,</span> <span class='ocrx_word' id='word_1_89' title='bbox 1431 1453 1732 1525; x_wconf 69' lang='grc' dir='ltr'>ἐπεξέδρα-</span> 
     </span>
    </p>
   </div>
   <div class='ocr_carea' id='block_1_16' title="bbox 160 1547 1742 1621">
    <p class='ocr_par' dir='ltr' id='par_1_16' title="bbox 160 1547 1742 1621">
     <span class='ocr_line' id='line_1_16' title="bbox 160 1547 1742 1621; baseline 0.001 -21"><span class='ocrx_word' id='word_1_90' title='bbox 160 1564 249 1618; x_wconf 87' lang='grc' dir='ltr'>μεν</span> <span class='ocrx_word' id='word_1_91' title='bbox 272 1550 336 1602; x_wconf 76' lang='grc' dir='ltr'>ὲκ</span> <span class='ocrx_word' id='word_1_92' title='bbox 358 1547 464 1602; x_wconf 85' lang='grc' dir='ltr'>τοῦ</span> <span class='ocrx_word' id='word_1_93' title='bbox 490 1551 861 1620; x_wconf 80' lang='grc' dir='ltr'>στρατοπέδου</span> <span class='ocrx_word' id='word_1_94' title='bbox 896 1550 991 1604; x_wconf 79' lang='grc' dir='ltr'>καὶ</span> <span class='ocrx_word' id='word_1_95' title='bbox 1024 1549 1354 1621; x_wconf 86' lang='grc' dir='ltr'>προσπεσὼν</span> <span class='ocrx_word' id='word_1_96' title='bbox 1380 1547 1529 1619; x_wconf 79' lang='grc' dir='ltr'>αὐτῷ</span> <span class='ocrx_word' id='word_1_97' title='bbox 1561 1548 1742 1620; x_wconf 86' lang='grc' dir='ltr'>πολλῷ</span> 
     </span>
    </p>
   </div>
   <div class='ocr_carea' id='block_1_17' title="bbox 157 1639 1740 1711">
    <p class='ocr_par' dir='ltr' id='par_1_17' title="bbox 157 1639 1740 1711">
     <span class='ocr_line' id='line_1_17' title="bbox 157 1639 1740 1711; baseline 0.003 -21"><span class='ocrx_word' id='word_1_98' title='bbox 157 1639 367 1702; x_wconf 77' lang='grc' dir='ltr'>πλείους</span> <span class='ocrx_word' id='word_1_99' title='bbox 393 1642 852 1699; x_wconf 74' lang='grc' dir='ltr'>ὰντεπέκτεινεν.</span> <span class='ocrx_word' id='word_1_100' title='bbox 886 1643 946 1696; x_wconf 87' lang='lat'>&#39;0</span> <span class='ocrx_word' id='word_1_101' title='bbox 977 1641 1034 1696; x_wconf 85' lang='grc' dir='ltr'>δέ</span> <span class='ocrx_word' id='word_1_102' title='bbox 1068 1658 1130 1711; x_wconf 74' lang='grc' dir='ltr'>γε</span> <span class='ocrx_word' id='word_1_103' title='bbox 1166 1641 1432 1705; x_wconf 80' lang='grc' dir='ltr'>Φίλιππος</span> <span class='ocrx_word' id='word_1_104' title='bbox 1459 1640 1740 1711; x_wconf 77' lang='grc' dir='ltr'>ἡττηθεὶς,</span> 
     </span>
    </p>
   </div>
   <div class='ocr_carea' id='block_1_18' title="bbox 158 1733 1743 1806">
    <p class='ocr_par' dir='ltr' id='par_1_18' title="bbox 158 1733 1743 1806">
     <span class='ocr_line' id='line_1_18' title="bbox 158 1733 1743 1806; baseline 0.001 -21"><span class='ocrx_word' id='word_1_105' title='bbox 158 1733 241 1785; x_wconf 78' lang='grc' dir='ltr'>καὶ</span> <span class='ocrx_word' id='word_1_106' title='bbox 272 1733 518 1802; x_wconf 80' lang='grc' dir='ltr'>τρωθεὶς</span> <span class='ocrx_word' id='word_1_107' title='bbox 552 1735 660 1790; x_wconf 74' lang='grc' dir='ltr'>ὑπὸ</span> <span class='ocrx_word' id='word_1_108' title='bbox 695 1734 866 1790; x_wconf 82' lang='grc' dir='ltr'>νύκτα</span> <span class='ocrx_word' id='word_1_109' title='bbox 903 1736 1211 1806; x_wconf 79' lang='grc' dir='ltr'>ἀπανέστη.</span> <span class='ocrx_word' id='word_1_110' title='bbox 1245 1734 1319 1789; x_wconf 81' lang='grc' dir='ltr'>Οὐ</span> <span class='ocrx_word' id='word_1_111' title='bbox 1358 1735 1545 1805; x_wconf 70' lang='grc' dir='ltr'>μέντοι</span> <span class='ocrx_word' id='word_1_112' title='bbox 1576 1733 1743 1790; x_wconf 73' lang='grc' dir='ltr'>αὑτὸν</span> 
     </span>
    </p>
   </div>
   <div class='ocr_carea' id='block_1_19' title="bbox 157 1823 1741 1898">
    <p class='ocr_par' dir='ltr' id='par_1_19' title="bbox 157 1823 1741 1898">
     <span class='ocr_line' id='line_1_19' title="bbox 157 1823 1741 1898; baseline 0.002 -23"><span class='ocrx_word' id='word_1_113' title='bbox 157 1824 181 1874; x_wconf 89' lang='lat'>6</span> <span class='ocrx_word' id='word_1_114' title='bbox 208 1823 422 1885; x_wconf 71' lang='grc' dir='ltr'>Γάλϐας</span> <span class='ocrx_word' id='word_1_115' title='bbox 454 1825 707 1891; x_wconf 72' lang='grc' dir='ltr'>ιδίωξεν,</span> <span class='ocrx_word' id='word_1_116' title='bbox 734 1826 853 1880; x_wconf 77' lang='grc' dir='ltr'>ἀλλ’</span> <span class='ocrx_word' id='word_1_117' title='bbox 880 1828 962 1888; x_wconf 84' lang='grc' dir='ltr'>εἰς</span> <span class='ocrx_word' id='word_1_118' title='bbox 991 1825 1095 1898; x_wconf 82' lang='grc' dir='ltr'>τήν</span> <span class='ocrx_word' id='word_1_119' title='bbox 1136 1825 1509 1880; x_wconf 84' lang='grc' dir='ltr'>’Δπολλωνίαν</span> <span class='ocrx_word' id='word_1_120' title='bbox 1547 1827 1741 1879; x_wconf 82' lang='grc' dir='ltr'>ἀνεκο-</span> 
     </span>
    </p>
   </div>
   <div class='ocr_carea' id='block_1_20' title="bbox 160 1914 1742 1989">
    <p class='ocr_par' dir='ltr' id='par_1_20' title="bbox 160 1914 1742 1989">
     <span class='ocr_line' id='line_1_20' title="bbox 160 1914 1742 1989; baseline 0.001 -23"><span class='ocrx_word' id='word_1_121' title='bbox 160 1914 338 1982; x_wconf 78' lang='grc' dir='ltr'>μίσθη.</span> <span class='ocrx_word' id='word_1_122' title='bbox 368 1914 491 1969; x_wconf 72' lang='grc' dir='ltr'>Καὶ</span> <span class='ocrx_word' id='word_1_123' title='bbox 533 1916 860 1981; x_wconf 80' lang='grc' dir='ltr'>’Δπούστιος</span> <span class='ocrx_word' id='word_1_124' title='bbox 882 1916 942 1970; x_wconf 73' lang='grc' dir='ltr'>δὲ</span> <span class='ocrx_word' id='word_1_125' title='bbox 971 1916 1112 1989; x_wconf 76' lang='grc' dir='ltr'>μετὰ</span> <span class='ocrx_word' id='word_1_126' title='bbox 1138 1915 1249 1970; x_wconf 88' lang='grc' dir='ltr'>τῶν</span> <span class='ocrx_word' id='word_1_127' title='bbox 1286 1914 1509 1970; x_wconf 85' lang='grc' dir='ltr'>Ῥοδίων</span> <span class='ocrx_word' id='word_1_128' title='bbox 1531 1915 1626 1969; x_wconf 70' lang='grc' dir='ltr'>καὶ</span> <span class='ocrx_word' id='word_1_129' title='bbox 1646 1914 1742 1969; x_wconf 87' lang='grc' dir='ltr'>τοῦ</span> 
     </span>
    </p>
   </div>
   <div class='ocr_carea' id='block_1_21' title="bbox 168 2006 1743 2083">
    <p class='ocr_par' dir='ltr' id='par_1_21' title="bbox 168 2006 1743 2083">
     <span class='ocr_line' id='line_1_21' title="bbox 168 2006 1743 2083; baseline 0.002 -24"><span class='ocrx_word' id='word_1_130' title='bbox 168 2007 415 2063; x_wconf 67' lang='grc' dir='ltr'>Ἀττάλου</span> <span class='ocrx_word' id='word_1_131' title='bbox 486 2011 825 2081; x_wconf 79' lang='grc' dir='ltr'>περιπλέων,</span> <span class='ocrx_word' id='word_1_132' title='bbox 877 2014 1077 2083; x_wconf 81' lang='grc' dir='ltr'>νήσους</span> <span class='ocrx_word' id='word_1_133' title='bbox 1131 2010 1335 2081; x_wconf 85' lang='grc' dir='ltr'>συχνὰς</span> <span class='ocrx_word' id='word_1_134' title='bbox 1383 2006 1743 2079; x_wconf 78' lang='grc' dir='ltr'>ἐχειρώσατο.</span> 
     </span>
    </p>
   </div>
   <div class='ocr_carea' id='block_1_22' title="bbox 160 2100 1739 2176">
    <p class='ocr_par' dir='ltr' id='par_1_22' title="bbox 160 2100 1739 2176">
     <span class='ocr_line' id='line_1_22' title="bbox 160 2100 1739 2176; baseline 0.01 -24"><span class='ocrx_word' id='word_1_135' title='bbox 160 2100 303 2153; x_wconf 69' lang='grc' dir='ltr'>Κατὰ</span> <span class='ocrx_word' id='word_1_136' title='bbox 327 2101 389 2154; x_wconf 85' lang='grc' dir='ltr'>δὲ</span> <span class='ocrx_word' id='word_1_137' title='bbox 414 2101 518 2157; x_wconf 80' lang='grc' dir='ltr'>τὸν</span> <span class='ocrx_word' id='word_1_138' title='bbox 545 2103 710 2158; x_wconf 74' lang='grc' dir='ltr'>αὐτὸν</span> <span class='ocrx_word' id='word_1_139' title='bbox 739 2104 934 2176; x_wconf 89' lang='grc' dir='ltr'>χρόνον</span> <span class='ocrx_word' id='word_1_140' title='bbox 967 2102 1061 2158; x_wconf 86' lang='grc' dir='ltr'>καί</span> <span class='ocrx_word' id='word_1_141' title='bbox 1091 2120 1179 2166; x_wconf 84' lang='grc' dir='ltr'>τις</span> <span class='ocrx_word' id='word_1_142' title='bbox 1214 2102 1479 2173; x_wconf 76' lang='grc' dir='ltr'>Ἀμίλκας</span> <span class='ocrx_word' id='word_1_143' title='bbox 1512 2102 1739 2172; x_wconf 75' lang='grc' dir='ltr'>Καρχη-</span> 
     </span>
    </p>
   </div>
   <div class='ocr_carea' id='block_1_23' title="bbox 160 2190 1745 2266">
    <p class='ocr_par' dir='ltr' id='par_1_23' title="bbox 160 2190 1745 2266">
     <span class='ocr_line' id='line_1_23' title="bbox 160 2190 1745 2266; baseline 0.001 -23"><span class='ocrx_word' id='word_1_144' title='bbox 160 2190 320 2254; x_wconf 73' lang='lat' dir='ltr'><em>6in6;</em></span> <span class='ocrx_word' id='word_1_145' title='bbox 357 2191 443 2263; x_wconf 77' lang='grc' dir='ltr'>τῷ</span> <span class='ocrx_word' id='word_1_146' title='bbox 498 2195 731 2263; x_wconf 79' lang='grc' dir='ltr'>Μαγῶνι</span> <span class='ocrx_word' id='word_1_147' title='bbox 764 2194 1179 2266; x_wconf 80' lang='grc' dir='ltr'>συστρατεύσας</span> <span class='ocrx_word' id='word_1_148' title='bbox 1209 2196 1269 2248; x_wconf 83' lang='grc' dir='ltr'>ὲν</span> <span class='ocrx_word' id='word_1_149' title='bbox 1304 2192 1530 2263; x_wconf 78' lang='grc' dir='ltr'>Ἰταλίᾳ,</span> <span class='ocrx_word' id='word_1_150' title='bbox 1580 2191 1745 2245; x_wconf 77' lang='grc' dir='ltr'>κάκεῖ</span> 
     </span>
    </p>
   </div>
   <div class='ocr_carea' id='block_1_24' title="bbox 163 2282 1743 2359">
    <p class='ocr_par' dir='ltr' id='par_1_24' title="bbox 163 2282 1743 2359">
     <span class='ocr_line' id='line_1_24' title="bbox 163 2282 1743 2359; baseline 0.003 -25"><span class='ocrx_word' id='word_1_151' title='bbox 163 2282 481 2354; x_wconf 79' lang='grc' dir='ltr'>ὑπομείνας.</span> <span class='ocrx_word' id='word_1_152' title='bbox 516 2288 654 2353; x_wconf 76' lang='grc' dir='ltr'>τέως</span> <span class='ocrx_word' id='word_1_153' title='bbox 683 2289 782 2359; x_wconf 76' lang='grc' dir='ltr'>μὲν</span> <span class='ocrx_word' id='word_1_154' title='bbox 808 2289 1039 2359; x_wconf 77' lang='grc' dir='ltr'>ἡσυχίαν</span> <span class='ocrx_word' id='word_1_155' title='bbox 1066 2283 1223 2359; x_wconf 76' lang='grc' dir='ltr'>ἦγεν.</span> <span class='ocrx_word' id='word_1_156' title='bbox 1257 2288 1345 2351; x_wconf 84' lang='grc' dir='ltr'>Ὦς</span> <span class='ocrx_word' id='word_1_157' title='bbox 1373 2287 1417 2340; x_wconf 86' lang='grc' dir='ltr'>δ’</span> <span class='ocrx_word' id='word_1_158' title='bbox 1439 2287 1469 2340; x_wconf 91' lang='lat'>6</span> <span class='ocrx_word' id='word_1_159' title='bbox 1494 2284 1743 2341; x_wconf 74' lang='grc' dir='ltr'>Μακεδο⁴</span> 
     </span>
    </p>
   </div>
   <div class='ocr_carea' id='block_1_25' title="bbox 1841 626 3420 701">
    <p class='ocr_par' dir='ltr' id='par_1_25' title="bbox 1841 626 3420 701">
     <span class='ocr_line' id='line_1_25' title="bbox 1841 626 3420 701; baseline 0.004 -21"><span class='ocrx_word' id='word_1_160' title='bbox 1841 626 2051 697; x_wconf 75' lang='lat' dir='ltr'>fugisse</span> <span class='ocrx_word' id='word_1_161' title='bbox 2081 634 2257 691; x_wconf 89' lang='lat' dir='ltr'><strong>ratus,</strong></span> <span class='ocrx_word' id='word_1_162' title='bbox 2289 641 2359 681; x_wconf 72' lang='lat' dir='ltr'><strong>ex</strong></span> <span class='ocrx_word' id='word_1_163' title='bbox 2390 626 2696 698; x_wconf 82' lang='lat' dir='ltr'><strong>improviso</strong></span> <span class='ocrx_word' id='word_1_164' title='bbox 2724 630 3064 701; x_wconf 72' lang='lat' dir='ltr'><strong>pra-datores</strong></span> <span class='ocrx_word' id='word_1_165' title='bbox 3100 631 3313 701; x_wconf 87' lang='lat' dir='ltr'><strong>aliquot</strong></span> <span class='ocrx_word' id='word_1_166' title='bbox 3335 648 3420 687; x_wconf 87' lang='lat' dir='ltr'><strong>oc-</strong></span> 
     </span>
    </p>
   </div>
   <div class='ocr_carea' id='block_1_26' title="bbox 1842 717 3432 793">
    <p class='ocr_par' dir='ltr' id='par_1_26' title="bbox 1842 717 3432 793">
     <span class='ocr_line' id='line_1_26' title="bbox 1842 717 3432 793; baseline 0.004 -18"><span class='ocrx_word' id='word_1_167' title='bbox 1842 718 2001 775; x_wconf 89' lang='lat' dir='ltr'><strong>cidit.</strong></span> <span class='ocrx_word' id='word_1_168' title='bbox 2034 717 2157 786; x_wconf 84' lang='lat' dir='ltr'><strong>Quo</strong></span> <span class='ocrx_word' id='word_1_169' title='bbox 2188 718 2357 775; x_wconf 87' lang='lat' dir='ltr'><strong>Galba</strong></span> <span class='ocrx_word' id='word_1_170' title='bbox 2402 720 2818 787; x_wconf 85' lang='lat' dir='ltr'><strong>animadverso,</strong></span> <span class='ocrx_word' id='word_1_171' title='bbox 2851 738 2882 778; x_wconf 91' lang='lat' dir='ltr'>e</span> <span class='ocrx_word' id='word_1_172' title='bbox 2910 723 3110 780; x_wconf 76' lang='lat' dir='ltr'>castris</span> <span class='ocrx_word' id='word_1_173' title='bbox 3136 724 3432 793; x_wconf 75' lang='lat' dir='ltr'><strong>eruptione</strong></span> 
     </span>
    </p>
   </div>
   <div class='ocr_carea' id='block_1_27' title="bbox 1838 812 3433 887">
    <p class='ocr_par' dir='ltr' id='par_1_27' title="bbox 1838 812 3433 887">
     <span class='ocr_line' id='line_1_27' title="bbox 1838 812 3433 887; baseline 0.001 -19"><span class='ocrx_word' id='word_1_174' title='bbox 1838 820 2011 879; x_wconf 83' lang='lat' dir='ltr'><strong>acta,</strong></span> <span class='ocrx_word' id='word_1_175' title='bbox 2069 812 2237 883; x_wconf 75' lang='lat' dir='ltr'><strong>longe</strong></span> <span class='ocrx_word' id='word_1_176' title='bbox 2313 812 2505 882; x_wconf 82' lang='lat' dir='ltr'><strong>plures</strong></span> <span class='ocrx_word' id='word_1_177' title='bbox 2562 814 2881 879; x_wconf 79' lang='lat' dir='ltr'><strong>interfecit;</strong></span> <span class='ocrx_word' id='word_1_178' title='bbox 2931 816 3251 887; x_wconf 78' lang='lat' dir='ltr'><strong>Philippum</strong></span> <span class='ocrx_word' id='word_1_179' title='bbox 3298 831 3433 870; x_wconf 82' lang='lat' dir='ltr'><strong>vero</strong></span> 
     </span>
    </p>
   </div>
   <div class='ocr_carea' id='block_1_28' title="bbox 1841 904 3437 978">
    <p class='ocr_par' dir='ltr' id='par_1_28' title="bbox 1841 904 3437 978">
     <span class='ocr_line' id='line_1_28' title="bbox 1841 904 3437 978; baseline 0.001 -18"><span class='ocrx_word' id='word_1_180' title='bbox 1841 905 2053 962; x_wconf 86' lang='lat' dir='ltr'><strong>victum</strong></span> <span class='ocrx_word' id='word_1_181' title='bbox 2082 913 2139 960; x_wconf 86' lang='lat' dir='ltr'>et</span> <span class='ocrx_word' id='word_1_182' title='bbox 2175 904 2428 961; x_wconf 87' lang='lat' dir='ltr'><strong>saucium</strong></span> <span class='ocrx_word' id='word_1_183' title='bbox 2459 914 2627 963; x_wconf 84' lang='lat' dir='ltr'><strong>noctu</strong></span> <span class='ocrx_word' id='word_1_184' title='bbox 2654 906 3009 963; x_wconf 79' lang='lat' dir='ltr'>recedentem</span> <span class='ocrx_word' id='word_1_185' title='bbox 3044 920 3156 963; x_wconf 86' lang='lat' dir='ltr'>non</span> <span class='ocrx_word' id='word_1_186' title='bbox 3185 915 3272 963; x_wconf 90' lang='lat' dir='ltr'>est</span> <span class='ocrx_word' id='word_1_187' title='bbox 3304 922 3437 978; x_wconf 88' lang='lat' dir='ltr'><strong>pcr-</strong></span> 
     </span>
    </p>
   </div>
   <div class='ocr_carea' id='block_1_29' title="bbox 1842 986 3473 1072">
    <p class='ocr_par' dir='ltr' id='par_1_29' title="bbox 1842 986 3473 1072">
     <span class='ocr_line' id='line_1_29' title="bbox 1842 986 3473 1072; baseline 0.001 -17"><span class='ocrx_word' id='word_1_188' title='bbox 1842 1006 2089 1063; x_wconf 88' lang='lat' dir='ltr'><strong>secutus,</strong></span> <span class='ocrx_word' id='word_1_189' title='bbox 2148 997 2244 1054; x_wconf 90' lang='lat' dir='ltr'>sed</span> <span class='ocrx_word' id='word_1_190' title='bbox 2305 998 2653 1068; x_wconf 79' lang='lat' dir='ltr'><strong>Apolloniam</strong></span> <span class='ocrx_word' id='word_1_191' title='bbox 2728 998 2934 1066; x_wconf 81' lang='lat' dir='ltr'><strong>rediit.</strong></span> <span class='ocrx_word' id='word_1_192' title='bbox 2992 1000 3227 1072; x_wconf 77' lang='lat' dir='ltr'><strong>Apustio</strong></span> <span class='ocrx_word' id='word_1_193' title='bbox 3288 986 3473 1056; x_wconf 60' lang='lat' dir='ltr'>inth</span> 
     </span>
    </p>
   </div>
   <div class='ocr_carea' id='block_1_30' title="bbox 1842 1087 3432 1164">
    <p class='ocr_par' dir='ltr' id='par_1_30' title="bbox 1842 1087 3432 1164">
     <span class='ocr_line' id='line_1_30' title="bbox 1842 1087 3432 1164; baseline 0.001 -19"><span class='ocrx_word' id='word_1_194' title='bbox 1842 1089 1947 1145; x_wconf 92' lang='lat' dir='ltr'>rim</span> <span class='ocrx_word' id='word_1_195' title='bbox 1997 1102 2125 1144; x_wconf 90' lang='lat' dir='ltr'>cum</span> <span class='ocrx_word' id='word_1_196' title='bbox 2174 1087 2410 1145; x_wconf 80' lang='lat' dir='ltr'><strong>Rhodiis</strong></span> <span class='ocrx_word' id='word_1_197' title='bbox 2457 1099 2514 1145; x_wconf 91' lang='lat' dir='ltr'>et</span> <span class='ocrx_word' id='word_1_198' title='bbox 2552 1090 2737 1147; x_wconf 68' lang='lat' dir='ltr'><strong>Attale</strong></span> <span class='ocrx_word' id='word_1_199' title='bbox 2785 1105 2938 1149; x_wconf 85' lang='lat' dir='ltr'><strong>mare</strong></span> <span class='ocrx_word' id='word_1_200' title='bbox 2986 1102 3343 1164; x_wconf 74' lang='lat' dir='ltr'><strong>peragrante,</strong></span> <span class='ocrx_word' id='word_1_201' title='bbox 3374 1100 3432 1147; x_wconf 86' lang='lat' dir='ltr'>et</span> 
     </span>
    </p>
   </div>
   <div class='ocr_carea' id='block_1_31' title="bbox 1843 1182 3432 1255">
    <p class='ocr_par' dir='ltr' id='par_1_31' title="bbox 1843 1182 3432 1255">
     <span class='ocr_line' id='line_1_31' title="bbox 1843 1182 3432 1255; baseline 0 -16"><span class='ocrx_word' id='word_1_202' title='bbox 1843 1183 2164 1253; x_wconf 80' lang='lat' dir='ltr'><strong>complures</strong></span> <span class='ocrx_word' id='word_1_203' title='bbox 2215 1182 2427 1240; x_wconf 80' lang='lat' dir='ltr'><strong>insulas</strong></span> <span class='ocrx_word' id='word_1_204' title='bbox 2466 1184 2780 1255; x_wconf 76' lang='lat' dir='ltr'><strong>subigente.</strong></span> <span class='ocrx_word' id='word_1_205' title='bbox 2836 1183 2950 1241; x_wconf 85' lang='lat' dir='ltr'><strong>Sub</strong></span> <span class='ocrx_word' id='word_1_206' title='bbox 2998 1184 3143 1240; x_wconf 88' lang='lat' dir='ltr'><strong>idem</strong></span> <span class='ocrx_word' id='word_1_207' title='bbox 3212 1194 3432 1254; x_wconf 81' lang='lat' dir='ltr'><strong>tempus</strong></span> 
     </span>
    </p>
   </div>
   <div class='ocr_carea' id='block_1_32' title="bbox 1843 1272 3436 1347">
    <p class='ocr_par' dir='ltr' id='par_1_32' title="bbox 1843 1272 3436 1347">
     <span class='ocr_line' id='line_1_32' title="bbox 1843 1272 3436 1347; baseline 0 -17"><span class='ocrx_word' id='word_1_208' title='bbox 1843 1272 2328 1344; x_wconf 74' lang='lat' dir='ltr'><strong>Carthaginiensis</strong></span> <span class='ocrx_word' id='word_1_209' title='bbox 2368 1273 2595 1345; x_wconf 84' lang='lat' dir='ltr'><strong>quidam</strong></span> <span class='ocrx_word' id='word_1_210' title='bbox 2621 1274 2884 1339; x_wconf 83' lang='lat' dir='ltr'><strong>Amilcar.</strong></span> <span class='ocrx_word' id='word_1_211' title='bbox 2901 1276 3154 1347; x_wconf 80' lang='lat' dir='ltr'><strong>Magonis</strong></span> <span class='ocrx_word' id='word_1_212' title='bbox 3184 1277 3238 1333; x_wconf 91' lang='lat' dir='ltr'>in</span> <span class='ocrx_word' id='word_1_213' title='bbox 3278 1276 3436 1335; x_wconf 82' lang='lat' dir='ltr'><strong>Italia</strong></span> 
     </span>
    </p>
   </div>
   <div class='ocr_carea' id='block_1_33' title="bbox 1843 1365 3436 1437">
    <p class='ocr_par' dir='ltr' id='par_1_33' title="bbox 1843 1365 3436 1437">
     <span class='ocr_line' id='line_1_33' title="bbox 1843 1365 3436 1437; baseline 0.001 -15"><span class='ocrx_word' id='word_1_214' title='bbox 1843 1366 2173 1431; x_wconf 89' lang='lat' dir='ltr'><strong>commilito,</strong></span> <span class='ocrx_word' id='word_1_215' title='bbox 2202 1365 2297 1436; x_wconf 88' lang='lat' dir='ltr'>qui</span> <span class='ocrx_word' id='word_1_216' title='bbox 2339 1366 2406 1420; x_wconf 87' lang='lat' dir='ltr'>ad</span> <span class='ocrx_word' id='word_1_217' title='bbox 2438 1376 2659 1437; x_wconf 85' lang='lat' dir='ltr'><strong>tempus</strong></span> <span class='ocrx_word' id='word_1_218' title='bbox 2687 1368 2911 1437; x_wconf 87' lang='lat' dir='ltr'><strong>quietus</strong></span> <span class='ocrx_word' id='word_1_219' title='bbox 2949 1368 3022 1424; x_wconf 76' lang='grc' dir='ltr'>ἰιιί</span> <span class='ocrx_word' id='word_1_220' title='bbox 3069 1377 3436 1434; x_wconf 79' lang='lat' dir='ltr'><strong>remanserat,</strong></span> 
     </span>
    </p>
   </div>
   <div class='ocr_carea' id='block_1_34' title="bbox 1842 1453 3436 1522">
    <p class='ocr_par' dir='ltr' id='par_1_34' title="bbox 1842 1453 3436 1522">
     <span class='ocr_line' id='line_1_34' title="bbox 1842 1453 3436 1522; baseline 0.002 -12"><span class='ocrx_word' id='word_1_221' title='bbox 1842 1464 2038 1510; x_wconf 80' lang='lat' dir='ltr'><strong>exorto</strong></span> <span class='ocrx_word' id='word_1_222' title='bbox 2087 1453 2445 1510; x_wconf 79' lang='lat' dir='ltr'><strong>Macedonico</strong></span> <span class='ocrx_word' id='word_1_223' title='bbox 2492 1454 2638 1512; x_wconf 89' lang='lat' dir='ltr'><strong>bello</strong></span> <span class='ocrx_word' id='word_1_224' title='bbox 2664 1497 2679 1522; x_wconf 90' lang='lat'>,</span> <span class='ocrx_word' id='word_1_225' title='bbox 2738 1457 2923 1514; x_wconf 89' lang='lat' dir='ltr'><strong>Gallos</strong></span> <span class='ocrx_word' id='word_1_226' title='bbox 2959 1458 3031 1513; x_wconf 89' lang='lat' dir='ltr'>ad</span> <span class='ocrx_word' id='word_1_227' title='bbox 3066 1458 3436 1515; x_wconf 75' lang='lat' dir='ltr'><strong>defectionem</strong></span> 
     </span>
    </p>
   </div>
   <div class='ocr_carea' id='block_1_35' title="bbox 1844 1550 3435 1622">
    <p class='ocr_par' dir='ltr' id='par_1_35' title="bbox 1844 1550 3435 1622">
     <span class='ocr_line' id='line_1_35' title="bbox 1844 1550 3435 1622; baseline 0.003 -17"><span class='ocrx_word' id='word_1_228' title='bbox 1844 1550 2087 1621; x_wconf 86' lang='lat' dir='ltr'><strong>impulit,</strong></span> <span class='ocrx_word' id='word_1_229' title='bbox 2133 1565 2261 1607; x_wconf 89' lang='lat' dir='ltr'>eum</span> <span class='ocrx_word' id='word_1_230' title='bbox 2297 1551 2479 1621; x_wconf 85' lang='lat' dir='ltr'><strong>iisque</strong></span> <span class='ocrx_word' id='word_1_231' title='bbox 2525 1552 2762 1622; x_wconf 80' lang='lat' dir='ltr'><strong>Ligures</strong></span> <span class='ocrx_word' id='word_1_232' title='bbox 2791 1554 2935 1611; x_wconf 88' lang='lat' dir='ltr'><strong>bello</strong></span> <span class='ocrx_word' id='word_1_233' title='bbox 2959 1555 3209 1619; x_wconf 85' lang='lat' dir='ltr'><strong>adortus,</strong></span> <span class='ocrx_word' id='word_1_234' title='bbox 3240 1571 3435 1610; x_wconf 83' lang='lat' dir='ltr'><strong>eorum</strong></span> 
     </span>
    </p>
   </div>
   <div class='ocr_carea' id='block_1_36' title="bbox 1843 1642 3442 1718">
    <p class='ocr_par' dir='ltr' id='par_1_36' title="bbox 1843 1642 3442 1718">
     <span class='ocr_line' id='line_1_36' title="bbox 1843 1642 3442 1718; baseline 0.003 -18"><span class='ocrx_word' id='word_1_235' title='bbox 1843 1642 2011 1700; x_wconf 85' lang='lat' dir='ltr'><strong>etiam</strong></span> <span class='ocrx_word' id='word_1_236' title='bbox 2032 1642 2334 1700; x_wconf 90' lang='lat' dir='ltr'><strong>nonnullos</strong></span> <span class='ocrx_word' id='word_1_237' title='bbox 2352 1642 2456 1698; x_wconf 83' lang='lat' dir='ltr'><strong>sibi</strong></span> <span class='ocrx_word' id='word_1_238' title='bbox 2481 1643 2757 1717; x_wconf 71' lang='lat' dir='ltr'><strong>adiunxit.</strong></span> <span class='ocrx_word' id='word_1_239' title='bbox 2786 1647 2894 1702; x_wconf 84' lang='lat' dir='ltr'><strong>Sed</strong></span> <span class='ocrx_word' id='word_1_240' title='bbox 2912 1660 2943 1702; x_wconf 88' lang='lat' dir='ltr'>a</span> <span class='ocrx_word' id='word_1_241' title='bbox 2958 1646 3022 1702; x_wconf 87' lang='lat' dir='ltr'>L.</span> <span class='ocrx_word' id='word_1_242' title='bbox 3047 1647 3214 1705; x_wconf 82' lang='lat' dir='ltr'><strong>Furio</strong></span> <span class='ocrx_word' id='word_1_243' title='bbox 3242 1660 3442 1718; x_wconf 72' lang='grc' dir='ltr'>ιπηιιο-</span> 
     </span>
    </p>
   </div>
   <div class='ocr_carea' id='block_1_37' title="bbox 1844 1734 3444 1810">
    <p class='ocr_par' dir='ltr' id='par_1_37' title="bbox 1844 1734 3444 1810">
     <span class='ocr_line' id='line_1_37' title="bbox 1844 1734 3444 1810; baseline 0.004 -22"><span class='ocrx_word' id='word_1_244' title='bbox 1844 1749 1906 1791; x_wconf 90' lang='lat' dir='ltr'>re</span> <span class='ocrx_word' id='word_1_245' title='bbox 1928 1735 2048 1790; x_wconf 86' lang='lat' dir='ltr'><strong>acie</strong></span> <span class='ocrx_word' id='word_1_246' title='bbox 2070 1734 2227 1800; x_wconf 86' lang='lat' dir='ltr'><strong>victi,</strong></span> <span class='ocrx_word' id='word_1_247' title='bbox 2246 1735 2455 1806; x_wconf 83' lang='lat' dir='ltr'><strong>legatos</strong></span> <span class='ocrx_word' id='word_1_248' title='bbox 2485 1735 2554 1792; x_wconf 90' lang='lat' dir='ltr'>de</span> <span class='ocrx_word' id='word_1_249' title='bbox 2580 1752 2714 1807; x_wconf 81' lang='lat' dir='ltr'><strong>pace</strong></span> <span class='ocrx_word' id='word_1_250' title='bbox 2730 1738 3021 1797; x_wconf 85' lang='lat' dir='ltr'><strong>miserunt.</strong></span> <span class='ocrx_word' id='word_1_251' title='bbox 3041 1740 3116 1797; x_wconf 79' lang='lat' dir='ltr'><strong>Ea</strong></span> <span class='ocrx_word' id='word_1_252' title='bbox 3145 1739 3444 1810; x_wconf 82' lang='lat' dir='ltr'><strong>Liguribus</strong></span> 
     </span>
    </p>
   </div>
   <div class='ocr_carea' id='block_1_38' title="bbox 1844 1824 3444 1903">
    <p class='ocr_par' dir='ltr' id='par_1_38' title="bbox 1844 1824 3444 1903">
     <span class='ocr_line' id='line_1_38' title="bbox 1844 1824 3444 1903; baseline 0.004 -22"><span class='ocrx_word' id='word_1_253' title='bbox 1844 1824 1971 1882; x_wconf 81' lang='lat' dir='ltr'><strong>data</strong></span> <span class='ocrx_word' id='word_1_254' title='bbox 1994 1834 2081 1883; x_wconf 91' lang='lat' dir='ltr'>est</span> <span class='ocrx_word' id='word_1_255' title='bbox 2102 1844 2120 1886; x_wconf 86' lang='lat'><strong>:</strong></span> <span class='ocrx_word' id='word_1_256' title='bbox 2147 1826 2335 1884; x_wconf 66' lang='lat' dir='ltr'><strong>cancri</strong></span> <span class='ocrx_word' id='word_1_257' title='bbox 2359 1826 2496 1884; x_wconf 80' lang='lat' dir='ltr'><strong>nihil</strong></span> <span class='ocrx_word' id='word_1_258' title='bbox 2521 1828 2909 1899; x_wconf 79' lang='lat' dir='ltr'><strong>impetrarunt.</strong></span> <span class='ocrx_word' id='word_1_259' title='bbox 2932 1830 3097 1903; x_wconf 62' lang='grc' dir='ltr'>αὖ</span> <span class='ocrx_word' id='word_1_260' title='bbox 3112 1832 3248 1889; x_wconf 82' lang='lat' dir='ltr'>Nam</span> <span class='ocrx_word' id='word_1_261' title='bbox 3266 1833 3444 1889; x_wconf 78' lang='lat' dir='ltr'><strong>Aure-</strong></span> 
     </span>
    </p>
   </div>
   <div class='ocr_carea' id='block_1_39' title="bbox 1844 1918 3442 1990">
    <p class='ocr_par' dir='ltr' id='par_1_39' title="bbox 1844 1918 3442 1990">
     <span class='ocr_line' id='line_1_39' title="bbox 1844 1918 3442 1990; baseline 0.003 -16"><span class='ocrx_word' id='word_1_262' title='bbox 1844 1918 1956 1974; x_wconf 85' lang='lat' dir='ltr'><strong>lius</strong></span> <span class='ocrx_word' id='word_1_263' title='bbox 1972 1921 2170 1977; x_wconf 86' lang='lat' dir='ltr'><strong>consul</strong></span> <span class='ocrx_word' id='word_1_264' title='bbox 2196 1919 2421 1990; x_wconf 64' lang='lat' dir='ltr'><strong>prsetori</strong></span> <span class='ocrx_word' id='word_1_265' title='bbox 2444 1925 2733 1978; x_wconf 76' lang='lat' dir='ltr'><strong>victbriam</strong></span> <span class='ocrx_word' id='word_1_266' title='bbox 2771 1922 3047 1987; x_wconf 85' lang='lat' dir='ltr'><strong>invidens,</strong></span> <span class='ocrx_word' id='word_1_267' title='bbox 3068 1938 3167 1978; x_wconf 89' lang='lat' dir='ltr'>eos</span> <span class='ocrx_word' id='word_1_268' title='bbox 3196 1922 3442 1981; x_wconf 70' lang='lat' dir='ltr'><strong>vicissim</strong></span> 
     </span>
    </p>
   </div>
   <div class='ocr_carea' id='block_1_40' title="bbox 1845 2008 3443 2084">
    <p class='ocr_par' dir='ltr' id='par_1_40' title="bbox 1845 2008 3443 2084">
     <span class='ocr_line' id='line_1_40' title="bbox 1845 2008 3443 2084; baseline 0.002 -18"><span class='ocrx_word' id='word_1_269' title='bbox 1845 2008 1992 2066; x_wconf 86' lang='lat' dir='ltr'><strong>bello</strong></span> <span class='ocrx_word' id='word_1_270' title='bbox 2021 2018 2110 2067; x_wconf 89' lang='lat' dir='ltr'>est</span> <span class='ocrx_word' id='word_1_271' title='bbox 2129 2011 2379 2070; x_wconf 88' lang='lat' dir='ltr'><strong>adortus.</strong></span> <span class='ocrx_word' id='word_1_272' title='bbox 2409 2013 2680 2084; x_wconf 85' lang='lat' dir='ltr'><strong>Sequenti</strong></span> <span class='ocrx_word' id='word_1_273' title='bbox 2731 2029 2878 2069; x_wconf 87' lang='lat' dir='ltr'><strong>anno</strong></span> <span class='ocrx_word' id='word_1_274' title='bbox 2913 2012 3158 2069; x_wconf 78' lang='lat' dir='ltr'><strong>Amilcar</strong></span> <span class='ocrx_word' id='word_1_275' title='bbox 3198 2023 3253 2069; x_wconf 87' lang='lat' dir='ltr'>et</span> <span class='ocrx_word' id='word_1_276' title='bbox 3301 2013 3443 2070; x_wconf 81' lang='lat' dir='ltr'><strong>Galli</strong></span> 
     </span>
    </p>
   </div>
   <div class='ocr_carea' id='block_1_41' title="bbox 1846 2101 3447 2163">
    <p class='ocr_par' dir='ltr' id='par_1_41' title="bbox 1846 2101 3447 2163">
     <span class='ocr_line' id='line_1_41' title="bbox 1846 2101 3447 2163; baseline 0.002 -5"><span class='ocrx_word' id='word_1_277' title='bbox 1846 2101 2053 2160; x_wconf 84' lang='lat' dir='ltr'><strong>multas</strong></span> <span class='ocrx_word' id='word_1_278' title='bbox 2087 2103 2277 2161; x_wconf 80' lang='lat' dir='ltr'><strong>clades</strong></span> <span class='ocrx_word' id='word_1_279' title='bbox 2309 2105 2578 2162; x_wconf 81' lang='lat' dir='ltr'><strong>Romanis</strong></span> <span class='ocrx_word' id='word_1_280' title='bbox 2608 2106 2938 2162; x_wconf 76' lang='lat' dir='ltr'><strong>intulerunt.</strong></span> <span class='ocrx_word' id='word_1_281' title='bbox 2975 2106 3111 2163; x_wconf 86' lang='lat' dir='ltr'><strong>Nam</strong></span> <span class='ocrx_word' id='word_1_282' title='bbox 3136 2116 3193 2161; x_wconf 87' lang='lat' dir='ltr'>et</span> <span class='ocrx_word' id='word_1_283' title='bbox 3217 2105 3320 2163; x_wconf 90' lang='lat' dir='ltr'><strong>Cn.</strong></span> <span class='ocrx_word' id='word_1_284' title='bbox 3344 2106 3447 2161; x_wconf 80' lang='lat' dir='ltr'>Be-</span> 
     </span>
    </p>
   </div>
   <div class='ocr_carea' id='block_1_42' title="bbox 1847 2190 3445 2267">
    <p class='ocr_par' dir='ltr' id='par_1_42' title="bbox 1847 2190 3445 2267">
     <span class='ocr_line' id='line_1_42' title="bbox 1847 2190 3445 2267; baseline 0.002 -18"><span class='ocrx_word' id='word_1_285' title='bbox 1847 2190 2002 2250; x_wconf 89' lang='lat' dir='ltr'><strong>bium</strong></span> <span class='ocrx_word' id='word_1_286' title='bbox 2032 2203 2327 2265; x_wconf 71' lang='lat' dir='ltr'><strong>praetorem</strong></span> <span class='ocrx_word' id='word_1_287' title='bbox 2360 2206 2736 2267; x_wconf 89' lang='lat' dir='ltr'><strong>superarunt,</strong></span> <span class='ocrx_word' id='word_1_288' title='bbox 2761 2206 2817 2252; x_wconf 88' lang='lat' dir='ltr'>et</span> <span class='ocrx_word' id='word_1_289' title='bbox 2840 2197 3022 2252; x_wconf 86' lang='lat' dir='ltr'><strong>socias</strong></span> <span class='ocrx_word' id='word_1_290' title='bbox 3055 2198 3311 2253; x_wconf 80' lang='lat' dir='ltr'><strong>civitates</strong></span> <span class='ocrx_word' id='word_1_291' title='bbox 3358 2196 3445 2252; x_wconf 76' lang='lat' dir='ltr'><strong>in-</strong></span> 
     </span>
    </p>
   </div>
   <div class='ocr_carea' id='block_1_43' title="bbox 1846 2288 3446 2360">
    <p class='ocr_par' dir='ltr' id='par_1_43' title="bbox 1846 2288 3446 2360">
     <span class='ocr_line' id='line_1_43' title="bbox 1846 2288 3446 2360; baseline 0.002 -19"><span class='ocrx_word' id='word_1_292' title='bbox 1846 2294 2178 2353; x_wconf 89' lang='lat' dir='ltr'><strong>cursarunt,</strong></span> <span class='ocrx_word' id='word_1_293' title='bbox 2222 2296 2278 2343; x_wconf 89' lang='lat' dir='ltr'>et</span> <span class='ocrx_word' id='word_1_294' title='bbox 2310 2288 2652 2347; x_wconf 86' lang='lat' dir='ltr'><strong>Placentiam</strong></span> <span class='ocrx_word' id='word_1_295' title='bbox 2695 2297 3067 2360; x_wconf 74' lang='lat' dir='ltr'><strong>expugnatam</strong></span> <span class='ocrx_word' id='word_1_296' title='bbox 3094 2297 3446 2345; x_wconf 85' lang='lat' dir='ltr'><strong>everterunt.</strong></span> 
     </span>
    </p>
   </div>
   <div class='ocr_carea' id='block_1_44' title="bbox 163 2373 3440 2451">
    <p class='ocr_par' dir='ltr' id='par_1_44' title="bbox 163 2373 3440 2451">
     <span class='ocr_line' id='line_1_44' title="bbox 163 2373 3440 2451; baseline 0.002 -24"><span class='ocrx_word' id='word_1_297' title='bbox 163 2376 297 2439; x_wconf 73' lang='grc' dir='ltr'>νικος</span> <span class='ocrx_word' id='word_1_298' title='bbox 325 2377 579 2448; x_wconf 79' lang='grc' dir='ltr'>πόλεμος</span> <span class='ocrx_word' id='word_1_299' title='bbox 602 2379 823 2448; x_wconf 71' lang='grc' dir='ltr'>ἐνέστη,</span> <span class='ocrx_word' id='word_1_300' title='bbox 863 2376 988 2441; x_wconf 88' lang='grc' dir='ltr'>τούς</span> <span class='ocrx_word' id='word_1_301' title='bbox 1018 2393 1077 2431; x_wconf 87' lang='grc' dir='ltr'>τε</span> <span class='ocrx_word' id='word_1_302' title='bbox 1106 2376 1358 2439; x_wconf 81' lang='grc' dir='ltr'>Γαλάτας</span> <span class='ocrx_word' id='word_1_303' title='bbox 1380 2375 1491 2429; x_wconf 87' lang='grc' dir='ltr'>τῶν</span> <span class='ocrx_word' id='word_1_304' title='bbox 1523 2373 1816 2445; x_wconf 79' lang='grc' dir='ltr'>Ῥωμαίων</span> <span class='ocrx_word' id='word_1_305' title='bbox 1855 2373 2140 2445; x_wconf 73' lang='grc' dir='ltr'>ἀπέστησε</span> <span class='ocrx_word' id='word_1_306' title='bbox 2164 2390 2178 2406; x_wconf 76' lang='grc'><strong><em>⁸</em></strong></span> <span class='ocrx_word' id='word_1_307' title='bbox 2217 2377 2316 2431; x_wconf 76' lang='grc' dir='ltr'>καὶ</span> <span class='ocrx_word' id='word_1_308' title='bbox 2348 2379 2465 2451; x_wconf 85' lang='grc' dir='ltr'>μετ’</span> <span class='ocrx_word' id='word_1_309' title='bbox 2489 2378 2673 2433; x_wconf 77' lang='grc' dir='ltr'>αὐτῶν</span> <span class='ocrx_word' id='word_1_310' title='bbox 2702 2379 2799 2432; x_wconf 73' lang='grc' dir='ltr'>ἐπὶ</span> <span class='ocrx_word' id='word_1_311' title='bbox 2827 2379 3043 2448; x_wconf 79' lang='grc' dir='ltr'>Λίγυας</span> <span class='ocrx_word' id='word_1_312' title='bbox 3077 2376 3440 2449; x_wconf 73' lang='grc' dir='ltr'>στρατεύσας.</span> 
     </span>
    </p>
   </div>
   <div class='ocr_carea' id='block_1_45' title="bbox 163 2465 3445 2543">
    <p class='ocr_par' dir='ltr' id='par_1_45' title="bbox 163 2465 3445 2543">
     <span class='ocr_line' id='line_1_45' title="bbox 163 2465 3445 2543; baseline 0.001 -22"><span class='ocrx_word' id='word_1_313' title='bbox 163 2468 300 2530; x_wconf 82' lang='grc' dir='ltr'>τινὰς</span> <span class='ocrx_word' id='word_1_314' title='bbox 326 2470 614 2525; x_wconf 82' lang='grc' dir='ltr'>κάκείνων</span> <span class='ocrx_word' id='word_1_315' title='bbox 678 2471 1142 2542; x_wconf 79' lang='grc' dir='ltr'>προσεποιήσατο.</span> <span class='ocrx_word' id='word_1_316' title='bbox 1200 2468 1419 2539; x_wconf 85' lang='grc' dir='ltr'>Δουκίῳ</span> <span class='ocrx_word' id='word_1_317' title='bbox 1467 2467 1527 2522; x_wconf 73' lang='grc' dir='ltr'>δὲ</span> <span class='ocrx_word' id='word_1_318' title='bbox 1569 2465 1786 2539; x_wconf 71' lang='grc' dir='ltr'>Φουρίῳ</span> <span class='ocrx_word' id='word_1_319' title='bbox 1824 2467 2223 2540; x_wconf 80' lang='grc' dir='ltr'>στρατηγοῦντι</span> <span class='ocrx_word' id='word_1_320' title='bbox 2281 2469 2692 2542; x_wconf 82' lang='grc' dir='ltr'>πολεμηθέντες</span> <span class='ocrx_word' id='word_1_321' title='bbox 2745 2471 3086 2543; x_wconf 75' lang='grc' dir='ltr'>ἡττήθησαν,</span> <span class='ocrx_word' id='word_1_322' title='bbox 3167 2470 3260 2527; x_wconf 74' lang='grc' dir='ltr'>καὶ</span> <span class='ocrx_word' id='word_1_323' title='bbox 3312 2472 3445 2541; x_wconf 53' lang='grc' dir='ltr'>περὶ</span> 
     </span>
    </p>
   </div>
   <div class='ocr_carea' id='block_1_46' title="bbox 166 2563 3445 2639">
    <p class='ocr_par' dir='ltr' id='par_1_46' title="bbox 166 2563 3445 2639">
     <span class='ocr_line' id='line_1_46' title="bbox 166 2563 3445 2639; baseline -0 -20"><span class='ocrx_word' id='word_1_324' title='bbox 166 2567 398 2619; x_wconf 78' lang='grc' dir='ltr'>σπονδῶν</span> <span class='ocrx_word' id='word_1_325' title='bbox 430 2567 907 2638; x_wconf 73' lang='grc' dir='ltr'>ἒπρεσὸεύσαντο.</span> <span class='ocrx_word' id='word_1_326' title='bbox 950 2567 1061 2622; x_wconf 75' lang='grc' dir='ltr'>Καὶ</span> <span class='ocrx_word' id='word_1_327' title='bbox 1092 2567 1142 2621; x_wconf 88' lang='grc' dir='ltr'>οί</span> <span class='ocrx_word' id='word_1_328' title='bbox 1174 2566 1274 2637; x_wconf 81' lang='grc' dir='ltr'>μὲν</span> <span class='ocrx_word' id='word_1_329' title='bbox 1306 2565 1508 2635; x_wconf 83' lang='grc' dir='ltr'>Λίγυες</span> <span class='ocrx_word' id='word_1_330' title='bbox 1546 2563 1745 2635; x_wconf 76' lang='grc' dir='ltr'>ἔτυχον</span> <span class='ocrx_word' id='word_1_331' title='bbox 1783 2563 1987 2631; x_wconf 83' lang='grc' dir='ltr'>αὐτῶν,</span> <span class='ocrx_word' id='word_1_332' title='bbox 2051 2566 2167 2630; x_wconf 81' lang='grc' dir='ltr'>τοῖς</span> <span class='ocrx_word' id='word_1_333' title='bbox 2235 2565 2421 2632; x_wconf 79' lang='grc' dir='ltr'>ἄλλοις</span> <span class='ocrx_word' id='word_1_334' title='bbox 2442 2566 2499 2621; x_wconf 85' lang='grc' dir='ltr'>δὲ</span> <span class='ocrx_word' id='word_1_335' title='bbox 2531 2566 2633 2621; x_wconf 82' lang='grc' dir='ltr'>οὐκ</span> <span class='ocrx_word' id='word_1_336' title='bbox 2655 2566 2922 2639; x_wconf 63' lang='grc' dir='ltr'>ἐδόθησαν</span> <span class='ocrx_word' id='word_1_337' title='bbox 2949 2585 2963 2601; x_wconf 89' lang='grc'><strong>·</strong></span> <span class='ocrx_word' id='word_1_338' title='bbox 2994 2566 3115 2621; x_wconf 80' lang='grc' dir='ltr'>ἀλλ’</span> <span class='ocrx_word' id='word_1_339' title='bbox 3139 2565 3445 2635; x_wconf 78' lang='grc' dir='ltr'>ἀντεστράο</span> 
     </span>
    </p>
   </div>
   <div class='ocr_carea' id='block_1_47' title="bbox 161 2656 3442 2732">
    <p class='ocr_par' dir='ltr' id='par_1_47' title="bbox 161 2656 3442 2732">
     <span class='ocr_line' id='line_1_47' title="bbox 161 2656 3442 2732; baseline -0 -21"><span class='ocrx_word' id='word_1_340' title='bbox 161 2675 335 2711; x_wconf 76' lang='grc' dir='ltr'>τευσεν</span> <span class='ocrx_word' id='word_1_341' title='bbox 371 2659 475 2712; x_wconf 65' lang='grc' dir='ltr'>ἐπ’</span> <span class='ocrx_word' id='word_1_342' title='bbox 499 2660 701 2724; x_wconf 78' lang='grc' dir='ltr'>αὐτοὺς</span> <span class='ocrx_word' id='word_1_343' title='bbox 725 2660 995 2731; x_wconf 75' lang='grc' dir='ltr'>Αὐρήλιος</span> <span class='ocrx_word' id='word_1_344' title='bbox 1026 2664 1054 2715; x_wconf 97' lang='lat'>6</span> <span class='ocrx_word' id='word_1_345' title='bbox 1080 2661 1308 2724; x_wconf 82' lang='grc' dir='ltr'>ὖπατος,</span> <span class='ocrx_word' id='word_1_346' title='bbox 1344 2657 1620 2730; x_wconf 77' lang='grc' dir='ltr'>φθονήσας</span> <span class='ocrx_word' id='word_1_347' title='bbox 1646 2658 1747 2727; x_wconf 82' lang='grc' dir='ltr'>τῆς</span> <span class='ocrx_word' id='word_1_348' title='bbox 1786 2656 1947 2727; x_wconf 85' lang='grc' dir='ltr'>νίκης</span> <span class='ocrx_word' id='word_1_349' title='bbox 2007 2657 2086 2729; x_wconf 81' lang='grc' dir='ltr'>τῷ</span> <span class='ocrx_word' id='word_1_350' title='bbox 2115 2660 2431 2731; x_wconf 78' lang='grc' dir='ltr'>στρατηγῷ.</span> <span class='ocrx_word' id='word_1_351' title='bbox 2494 2659 2586 2731; x_wconf 80' lang='grc' dir='ltr'>Τῷ</span> <span class='ocrx_word' id='word_1_352' title='bbox 2615 2660 2661 2715; x_wconf 87' lang='grc' dir='ltr'>δ’</span> <span class='ocrx_word' id='word_1_353' title='bbox 2690 2659 2817 2731; x_wconf 70' lang='grc' dir='ltr'>ἑξῆς</span> <span class='ocrx_word' id='word_1_354' title='bbox 2844 2661 2954 2714; x_wconf 69' lang='grc' dir='ltr'>ἔτει</span> <span class='ocrx_word' id='word_1_355' title='bbox 2974 2659 3114 2732; x_wconf 78' lang='grc' dir='ltr'>πρὸς</span> <span class='ocrx_word' id='word_1_356' title='bbox 3133 2659 3228 2714; x_wconf 85' lang='grc' dir='ltr'>τοῦ</span> <span class='ocrx_word' id='word_1_357' title='bbox 3261 2656 3442 2726; x_wconf 76' lang='grc' dir='ltr'>Ἀμίλ·</span> 
     </span>
    </p>
   </div>
   <div class='ocr_carea' id='block_1_48' title="bbox 164 2750 3447 2828">
    <p class='ocr_par' dir='ltr' id='par_1_48' title="bbox 164 2750 3447 2828">
     <span class='ocr_line' id='line_1_48' title="bbox 164 2750 3447 2828; baseline -0 -22"><span class='ocrx_word' id='word_1_358' title='bbox 164 2769 249 2806; x_wconf 80' lang='grc' dir='ltr'>κου</span> <span class='ocrx_word' id='word_1_359' title='bbox 289 2755 389 2807; x_wconf 66' lang='grc' dir='ltr'>καὶ</span> <span class='ocrx_word' id='word_1_360' title='bbox 429 2753 542 2807; x_wconf 89' lang='grc' dir='ltr'>τῶν</span> <span class='ocrx_word' id='word_1_361' title='bbox 577 2754 840 2809; x_wconf 81' lang='grc' dir='ltr'>Γαλατῶν</span> <span class='ocrx_word' id='word_1_362' title='bbox 885 2756 1192 2828; x_wconf 84' lang='grc' dir='ltr'>συνηνέχθη</span> <span class='ocrx_word' id='word_1_363' title='bbox 1235 2754 1412 2809; x_wconf 77' lang='grc' dir='ltr'>πολλὰ</span> <span class='ocrx_word' id='word_1_364' title='bbox 1483 2753 1579 2808; x_wconf 63' lang='grc' dir='ltr'>κα.)⁵</span> <span class='ocrx_word' id='word_1_365' title='bbox 1615 2750 1788 2806; x_wconf 76' lang='grc' dir='ltr'>δεινά.</span> <span class='ocrx_word' id='word_1_366' title='bbox 1831 2751 2027 2807; x_wconf 82' lang='grc' dir='ltr'>Γναὶόν</span> <span class='ocrx_word' id='word_1_367' title='bbox 2082 2769 2145 2807; x_wconf 83' lang='grc' dir='ltr'>τε</span> <span class='ocrx_word' id='word_1_368' title='bbox 2191 2753 2304 2825; x_wconf 77' lang='grc' dir='ltr'>γὰρ</span> <span class='ocrx_word' id='word_1_369' title='bbox 2358 2754 2582 2813; x_wconf 72' lang='grc' dir='ltr'>Βαίϐιον</span> <span class='ocrx_word' id='word_1_370' title='bbox 2618 2754 2732 2824; x_wconf 68' lang='grc' dir='ltr'>(ιδ)</span> <span class='ocrx_word' id='word_1_371' title='bbox 2796 2754 3108 2826; x_wconf 76' lang='grc' dir='ltr'>στρατηγὸν</span> <span class='ocrx_word' id='word_1_372' title='bbox 3162 2751 3447 2822; x_wconf 66' lang='grc' dir='ltr'>ἐνίκησαν,</span> 
     </span>
    </p>
   </div>
   <div class='ocr_carea' id='block_1_49' title="bbox 165 2847 3449 2926">
    <p class='ocr_par' dir='ltr' id='par_1_49' title="bbox 165 2847 3449 2926">
     <span class='ocr_line' id='line_1_49' title="bbox 165 2847 3449 2926; baseline -0.001 -24"><span class='ocrx_word' id='word_1_373' title='bbox 165 2851 247 2903; x_wconf 78' lang='grc' dir='ltr'>καὶ</span> <span class='ocrx_word' id='word_1_374' title='bbox 301 2850 419 2922; x_wconf 81' lang='grc' dir='ltr'>τήν</span> <span class='ocrx_word' id='word_1_375' title='bbox 481 2850 807 2923; x_wconf 81' lang='grc' dir='ltr'>συμμαχίδα</span> <span class='ocrx_word' id='word_1_376' title='bbox 866 2853 976 2907; x_wconf 82' lang='grc' dir='ltr'>τῶν</span> <span class='ocrx_word' id='word_1_377' title='bbox 1032 2853 1327 2926; x_wconf 82' lang='grc' dir='ltr'>Ῥωμαίων</span> <span class='ocrx_word' id='word_1_378' title='bbox 1391 2849 1749 2921; x_wconf 73' lang='grc' dir='ltr'>κατέτρεχον,</span> <span class='ocrx_word' id='word_1_379' title='bbox 1788 2848 1885 2904; x_wconf 81' lang='grc' dir='ltr'>καὶ</span> <span class='ocrx_word' id='word_1_380' title='bbox 1953 2849 2300 2907; x_wconf 81' lang='grc' dir='ltr'>Πλακεντίαν</span> <span class='ocrx_word' id='word_1_381' title='bbox 2390 2850 2773 2922; x_wconf 69' lang='grc' dir='ltr'>ἐπολιόρκουν,</span> <span class='ocrx_word' id='word_1_382' title='bbox 2859 2850 2959 2906; x_wconf 63' lang='grc' dir='ltr'>καὶ</span> <span class='ocrx_word' id='word_1_383' title='bbox 3013 2850 3229 2914; x_wconf 74' lang='grc' dir='ltr'>ἑλόντες</span> <span class='ocrx_word' id='word_1_384' title='bbox 3283 2847 3449 2904; x_wconf 76' lang='grc' dir='ltr'>κατέο</span> 
     </span>
    </p>
   </div>
   <div class='ocr_carea' id='block_1_50' title="bbox 168 2942 407 3014">
    <p class='ocr_par' dir='ltr' id='par_1_50' title="bbox 168 2942 407 3014">
     <span class='ocr_line' id='line_1_50' title="bbox 168 2942 407 3014; baseline 0.008 -16"><span class='ocrx_word' id='word_1_385' title='bbox 168 2942 407 3014; x_wconf 71' lang='grc' dir='ltr'>σκεψαν.</span> 
     </span>
    </p>
   </div>
   <div class='ocr_carea' id='block_1_51' title="bbox 229 3031 1756 3113">
    <p class='ocr_par' dir='ltr' id='par_1_51' title="bbox 229 3039 1756 3113">
     <span class='ocr_line' id='line_1_51' title="bbox 229 3039 1756 3113; baseline 0 -20"><span class='ocrx_word' id='word_1_386' title='bbox 229 3039 339 3108; x_wconf 66' lang='grc' dir='ltr'>ΚΓ.</span> <span class='ocrx_word' id='word_1_387' title='bbox 387 3041 486 3093; x_wconf 86' lang='grc' dir='ltr'>Ἐν</span> <span class='ocrx_word' id='word_1_388' title='bbox 515 3039 572 3093; x_wconf 68' lang='grc' dir='ltr'>δὲ</span> <span class='ocrx_word' id='word_1_389' title='bbox 603 3043 669 3113; x_wconf 77' lang='grc' dir='ltr'>τῇ</span> <span class='ocrx_word' id='word_1_390' title='bbox 724 3040 942 3095; x_wconf 77' lang='grc' dir='ltr'>Ἐλλάδι</span> <span class='ocrx_word' id='word_1_391' title='bbox 994 3041 1091 3096; x_wconf 72' lang='grc' dir='ltr'>καὶ</span> <span class='ocrx_word' id='word_1_392' title='bbox 1138 3039 1205 3113; x_wconf 69' lang='grc' dir='ltr'>τῇ</span> <span class='ocrx_word' id='word_1_393' title='bbox 1250 3040 1565 3112; x_wconf 74' lang='grc' dir='ltr'>Μακεδονίᾳ</span> <span class='ocrx_word' id='word_1_394' title='bbox 1614 3039 1756 3097; x_wconf 76' lang='lat'>1106-</span> 
     </span>
    </p>
   </div>
   <div class='ocr_carea' id='block_1_52' title="bbox 1859 3031 3452 3113">
    <p class='ocr_par' dir='ltr' id='par_1_52' title="bbox 1926 3031 3452 3092">
     <span class='ocr_line' id='line_1_52' title="bbox 1926 3031 3452 3092; baseline -0.001 -1"><span class='ocrx_word' id='word_1_395' title='bbox 1926 3033 2070 3091; x_wconf 80' lang='lat' dir='ltr'><strong>XVl.</strong></span> <span class='ocrx_word' id='word_1_396' title='bbox 2086 3031 2145 3089; x_wconf 82' lang='lat' dir='ltr'>In</span> <span class='ocrx_word' id='word_1_397' title='bbox 2162 3032 2372 3091; x_wconf 66' lang='lat' dir='ltr'><strong>Gracia</strong></span> <span class='ocrx_word' id='word_1_398' title='bbox 2395 3043 2447 3090; x_wconf 85' lang='lat' dir='ltr'>et</span> <span class='ocrx_word' id='word_1_399' title='bbox 2468 3034 2785 3091; x_wconf 74' lang='lat' dir='ltr'><strong>Macedonia</strong></span> <span class='ocrx_word' id='word_1_400' title='bbox 2801 3035 2863 3092; x_wconf 87' lang='lat' dir='ltr'>P.</span> <span class='ocrx_word' id='word_1_401' title='bbox 2880 3034 3077 3092; x_wconf 80' lang='lat' dir='ltr'><strong>Villius</strong></span> <span class='ocrx_word' id='word_1_402' title='bbox 3095 3034 3293 3091; x_wconf 86' lang='lat' dir='ltr'><strong>consul</strong></span> <span class='ocrx_word' id='word_1_403' title='bbox 3316 3048 3452 3090; x_wconf 85' lang='lat' dir='ltr'><strong>con-</strong></span> 
     </span>
    </p>
   </div>
   <div class='ocr_carea' id='block_1_53' title="bbox 171 3131 1753 3205">
    <p class='ocr_par' dir='ltr' id='par_1_53' title="bbox 171 3131 1753 3205">
     <span class='ocr_line' id='line_1_53' title="bbox 171 3131 1753 3205; baseline 0 -20"><span class='ocrx_word' id='word_1_404' title='bbox 171 3133 309 3198; x_wconf 75' lang='grc' dir='ltr'>πλιος</span> <span class='ocrx_word' id='word_1_405' title='bbox 338 3133 590 3198; x_wconf 78' lang='grc' dir='ltr'>ῡύᾶλιος</span> <span class='ocrx_word' id='word_1_406' title='bbox 609 3134 725 3203; x_wconf 72' lang='grc' dir='ltr'>(Η)</span> <span class='ocrx_word' id='word_1_407' title='bbox 755 3134 785 3188; x_wconf 82' lang='lat'>6</span> <span class='ocrx_word' id='word_1_408' title='bbox 819 3132 1028 3197; x_wconf 75' lang='grc' dir='ltr'>ὕπατος</span> <span class='ocrx_word' id='word_1_409' title='bbox 1065 3133 1411 3205; x_wconf 77' lang='grc' dir='ltr'>ἀντεκάθητο</span> <span class='ocrx_word' id='word_1_410' title='bbox 1438 3132 1517 3205; x_wconf 82' lang='grc' dir='ltr'>τῷ</span> <span class='ocrx_word' id='word_1_411' title='bbox 1562 3131 1753 3186; x_wconf 71' lang='grc' dir='ltr'>Φιλίπ-</span> 
     </span>
    </p>
   </div>
   <div class='ocr_carea' id='block_1_54' title="bbox 174 3216 1754 3300">
    <p class='ocr_par' dir='ltr' id='par_1_54' title="bbox 174 3216 1754 3300">
     <span class='ocr_line' id='line_1_54' title="bbox 174 3216 1754 3300; baseline 0 -19"><span class='ocrx_word' id='word_1_412' title='bbox 174 3240 264 3297; x_wconf 78' lang='grc' dir='ltr'>πῳ,</span> <span class='ocrx_word' id='word_1_413' title='bbox 292 3228 361 3281; x_wconf 67' lang='grc' dir='ltr'>τὰ</span> <span class='ocrx_word' id='word_1_414' title='bbox 397 3226 503 3295; x_wconf 81' lang='grc' dir='ltr'>τῆς</span> <span class='ocrx_word' id='word_1_415' title='bbox 538 3226 800 3300; x_wconf 84' lang='grc' dir='ltr'>Ἠπείρου</span> <span class='ocrx_word' id='word_1_416' title='bbox 831 3224 1307 3297; x_wconf 76' lang='grc' dir='ltr'>προκαταλαϐόντι</span> <span class='ocrx_word' id='word_1_417' title='bbox 1377 3224 1562 3291; x_wconf 76' lang='grc' dir='ltr'>στενὰ,</span> <span class='ocrx_word' id='word_1_418' title='bbox 1586 3224 1657 3278; x_wconf 80' lang='grc' dir='ltr'>δι’</span> <span class='ocrx_word' id='word_1_419' title='bbox 1678 3216 1754 3281; x_wconf 77' lang='grc' dir='ltr'>ὧν</span> 
     </span>
    </p>
   </div>
   <div class='ocr_carea' id='block_1_55' title="bbox 175 3318 1755 3391">
    <p class='ocr_par' dir='ltr' id='par_1_55' title="bbox 175 3318 1755 3391">
     <span class='ocr_line' id='line_1_55' title="bbox 175 3318 1755 3391; baseline -0.001 -20"><span class='ocrx_word' id='word_1_420' title='bbox 175 3320 245 3382; x_wconf 88' lang='grc' dir='ltr'>είς</span> <span class='ocrx_word' id='word_1_421' title='bbox 267 3321 371 3391; x_wconf 74' lang='grc' dir='ltr'>τήν</span> <span class='ocrx_word' id='word_1_422' title='bbox 405 3319 750 3373; x_wconf 78' lang='grc' dir='ltr'>Μακεδονίαν</span> <span class='ocrx_word' id='word_1_423' title='bbox 780 3319 920 3373; x_wconf 74' lang='grc' dir='ltr'>εἰσὶν</span> <span class='ocrx_word' id='word_1_424' title='bbox 951 3318 1221 3375; x_wconf 83' lang='grc' dir='ltr'>είσδολαί.</span> <span class='ocrx_word' id='word_1_425' title='bbox 1245 3318 1401 3373; x_wconf 71' lang='grc' dir='ltr'>Μετὰ</span> <span class='ocrx_word' id='word_1_426' title='bbox 1429 3318 1486 3373; x_wconf 79' lang='grc' dir='ltr'>δὲ</span> <span class='ocrx_word' id='word_1_427' title='bbox 1515 3320 1611 3371; x_wconf 62' lang='grc' dir='ltr'>τὸν</span> <span class='ocrx_word' id='word_1_428' title='bbox 1636 3333 1755 3387; x_wconf 80' lang='grc' dir='ltr'>χει-</span> 
     </span>
    </p>
   </div>
   <div class='ocr_carea' id='block_1_56' title="bbox 179 3408 1758 3482">
    <p class='ocr_par' dir='ltr' id='par_1_56' title="bbox 179 3408 1758 3482">
     <span class='ocr_line' id='line_1_56' title="bbox 179 3408 1758 3482; baseline 0 -17"><span class='ocrx_word' id='word_1_429' title='bbox 179 3409 317 3481; x_wconf 79' lang='grc' dir='ltr'>μῶνα</span> <span class='ocrx_word' id='word_1_430' title='bbox 347 3412 521 3475; x_wconf 83' lang='grc' dir='ltr'>Τῖτος</span> <span class='ocrx_word' id='word_1_431' title='bbox 548 3411 841 3482; x_wconf 67' lang='grc' dir='ltr'>Φλαμίνιος</span> <span class='ocrx_word' id='word_1_432' title='bbox 870 3410 1100 3479; x_wconf 79' lang='grc' dir='ltr'>ὕπατος,</span> <span class='ocrx_word' id='word_1_433' title='bbox 1130 3411 1229 3466; x_wconf 85' lang='grc' dir='ltr'>τοῦ</span> <span class='ocrx_word' id='word_1_434' title='bbox 1260 3410 1530 3466; x_wconf 74' lang='grc' dir='ltr'>Φιλίππου</span> <span class='ocrx_word' id='word_1_435' title='bbox 1557 3412 1670 3465; x_wconf 77' lang='grc' dir='ltr'>πᾶν</span> <span class='ocrx_word' id='word_1_436' title='bbox 1694 3408 1758 3465; x_wconf 83' lang='grc' dir='ltr'>τδ</span> 
     </span>
    </p>
   </div>
   <div class='ocr_carea' id='block_1_57' title="bbox 182 3499 1759 3574">
    <p class='ocr_par' dir='ltr' id='par_1_57' title="bbox 182 3499 1759 3574">
     <span class='ocr_line' id='line_1_57' title="bbox 182 3499 1759 3574; baseline -0.001 -19"><span class='ocrx_word' id='word_1_437' title='bbox 182 3502 377 3570; x_wconf 78' lang='grc' dir='ltr'>μεταξὺ</span> <span class='ocrx_word' id='word_1_438' title='bbox 412 3502 525 3556; x_wconf 85' lang='grc' dir='ltr'>τῶν</span> <span class='ocrx_word' id='word_1_439' title='bbox 550 3503 694 3574; x_wconf 81' lang='grc' dir='ltr'>ὀρῶν</span> <span class='ocrx_word' id='word_1_440' title='bbox 711 3499 1164 3574; x_wconf 86' lang='grc' dir='ltr'>διατειχίσαντος,</span> <span class='ocrx_word' id='word_1_441' title='bbox 1196 3502 1294 3557; x_wconf 70' lang='grc' dir='ltr'>καὶ</span> <span class='ocrx_word' id='word_1_442' title='bbox 1315 3502 1470 3567; x_wconf 73' lang='grc' dir='ltr'>ὄντος</span> <span class='ocrx_word' id='word_1_443' title='bbox 1494 3501 1759 3557; x_wconf 75' lang='grc' dir='ltr'>δυσπαλε-</span> 
     </span>
    </p>
   </div>
   <div class='ocr_carea' id='block_1_58' title="bbox 184 3592 1760 3666">
    <p class='ocr_par' dir='ltr' id='par_1_58' title="bbox 184 3592 1760 3666">
     <span class='ocr_line' id='line_1_58' title="bbox 184 3592 1760 3666; baseline 0.001 -21"><span class='ocrx_word' id='word_1_444' title='bbox 184 3596 368 3665; x_wconf 77' lang='grc' dir='ltr'>μήτου,</span> <span class='ocrx_word' id='word_1_445' title='bbox 407 3592 501 3648; x_wconf 76' lang='grc' dir='ltr'>διά</span> <span class='ocrx_word' id='word_1_446' title='bbox 541 3610 690 3658; x_wconf 85' lang='grc' dir='ltr'>τινος</span> <span class='ocrx_word' id='word_1_447' title='bbox 740 3593 1074 3666; x_wconf 65' lang='grc' dir='ltr'>ἐκπεριῆλθε</span> <span class='ocrx_word' id='word_1_448' title='bbox 1108 3596 1305 3664; x_wconf 76' lang='grc' dir='ltr'>στενῆς</span> <span class='ocrx_word' id='word_1_449' title='bbox 1344 3593 1593 3666; x_wconf 80' lang='grc' dir='ltr'>ἀτραποῦ</span> <span class='ocrx_word' id='word_1_450' title='bbox 1638 3592 1760 3663; x_wconf 79' lang='grc' dir='ltr'>μετ’</span> 
     </span>
    </p>
   </div>
   <div class='ocr_carea' id='block_1_59' title="bbox 182 3683 1759 3758">
    <p class='ocr_par' dir='ltr' id='par_1_59' title="bbox 182 3683 1759 3758">
     <span class='ocr_line' id='line_1_59' title="bbox 182 3683 1759 3758; baseline -0.001 -21"><span class='ocrx_word' id='word_1_451' title='bbox 182 3685 365 3755; x_wconf 75' lang='grc' dir='ltr'>ὀλίγων</span> <span class='ocrx_word' id='word_1_452' title='bbox 412 3687 478 3740; x_wconf 79' lang='grc' dir='ltr'>τὸ</span> <span class='ocrx_word' id='word_1_453' title='bbox 505 3687 921 3758; x_wconf 77' lang='grc' dir='ltr'>περιτείχισμα.</span> <span class='ocrx_word' id='word_1_454' title='bbox 954 3685 1071 3740; x_wconf 78' lang='lat' dir='ltr'><strong>Kal.</strong></span> <span class='ocrx_word' id='word_1_455' title='bbox 1102 3686 1297 3755; x_wconf 75' lang='grc' dir='ltr'>φανεὶς</span> <span class='ocrx_word' id='word_1_456' title='bbox 1329 3684 1389 3751; x_wconf 66' lang='grc' dir='ltr'>ἔξ</span> <span class='ocrx_word' id='word_1_457' title='bbox 1424 3683 1759 3756; x_wconf 75' lang='grc' dir='ltr'>ὑπερδεξίων</span> 
     </span>
    </p>
   </div>
   <div class='ocr_carea' id='block_1_60' title="bbox 184 3774 1762 3847">
    <p class='ocr_par' dir='ltr' id='par_1_60' title="bbox 184 3774 1762 3847">
     <span class='ocr_line' id='line_1_60' title="bbox 184 3774 1762 3847; baseline 0.001 -20"><span class='ocrx_word' id='word_1_458' title='bbox 184 3776 441 3843; x_wconf 73' lang='grc' dir='ltr'>αἰφνίδιον</span> <span class='ocrx_word' id='word_1_459' title='bbox 481 3776 718 3847; x_wconf 70' lang='grc' dir='ltr'>ἑφόδησε</span> <span class='ocrx_word' id='word_1_460' title='bbox 756 3776 851 3830; x_wconf 77' lang='grc' dir='ltr'>τὸν</span> <span class='ocrx_word' id='word_1_461' title='bbox 880 3776 1171 3843; x_wconf 79' lang='grc' dir='ltr'>Φίλιππον,</span> <span class='ocrx_word' id='word_1_462' title='bbox 1219 3775 1523 3847; x_wconf 87' lang='grc' dir='ltr'>νομίσαντα</span> <span class='ocrx_word' id='word_1_463' title='bbox 1559 3775 1668 3829; x_wconf 86' lang='grc' dir='ltr'>πᾶν</span> <span class='ocrx_word' id='word_1_464' title='bbox 1700 3774 1762 3829; x_wconf 82' lang='grc' dir='ltr'>τὸ</span> 
     </span>
    </p>
   </div>
   <div class='ocr_carea' id='block_1_61' title="bbox 184 3866 1761 3940">
    <p class='ocr_par' dir='ltr' id='par_1_61' title="bbox 184 3866 1761 3940">
     <span class='ocr_line' id='line_1_61' title="bbox 184 3866 1761 3940; baseline 0 -20"><span class='ocrx_word' id='word_1_465' title='bbox 184 3867 264 3920; x_wconf 86' lang='grc' dir='ltr'>τοῦ</span> <span class='ocrx_word' id='word_1_466' title='bbox 312 3868 487 3921; x_wconf 83' lang='grc' dir='ltr'>Τίτου</span> <span class='ocrx_word' id='word_1_467' title='bbox 534 3868 852 3940; x_wconf 83' lang='grc' dir='ltr'>στράτευμα</span> <span class='ocrx_word' id='word_1_468' title='bbox 892 3870 1025 3923; x_wconf 77' lang='grc' dir='ltr'>εἴσω</span> <span class='ocrx_word' id='word_1_469' title='bbox 1063 3868 1176 3923; x_wconf 88' lang='grc' dir='ltr'>τῶν</span> <span class='ocrx_word' id='word_1_470' title='bbox 1206 3867 1413 3923; x_wconf 88' lang='grc' dir='ltr'>στενῶν</span> <span class='ocrx_word' id='word_1_471' title='bbox 1444 3866 1761 3940; x_wconf 83' lang='grc' dir='ltr'>παρελθεῖν,</span> 
     </span>
    </p>
   </div>
   <div class='ocr_carea' id='block_1_62' title="bbox 184 3946 1764 4034">
    <p class='ocr_par' dir='ltr' id='par_1_62' title="bbox 184 3946 1764 4034">
     <span class='ocr_line' id='line_1_62' title="bbox 184 3946 1764 4034; baseline 0.002 -24"><span class='ocrx_word' id='word_1_472' title='bbox 184 3959 291 4013; x_wconf 78' lang='grc' dir='ltr'>ὅθεν</span> <span class='ocrx_word' id='word_1_473' title='bbox 346 3962 440 4014; x_wconf 69' lang='grc' dir='ltr'>καὶ</span> <span class='ocrx_word' id='word_1_474' title='bbox 488 3964 569 4025; x_wconf 81' lang='grc' dir='ltr'>εἰς</span> <span class='ocrx_word' id='word_1_475' title='bbox 596 3963 698 4031; x_wconf 77' lang='grc' dir='ltr'>τήν</span> <span class='ocrx_word' id='word_1_476' title='bbox 747 3946 1095 4018; x_wconf 76' lang='grc' dir='ltr'>Μακεδονίαν</span> <span class='ocrx_word' id='word_1_477' title='bbox 1125 3961 1346 4034; x_wconf 75' lang='grc' dir='ltr'>ἀπῆρεν</span> <span class='ocrx_word' id='word_1_478' title='bbox 1380 3960 1565 4023; x_wconf 78' lang='grc' dir='ltr'>εὐθύς.</span> <span class='ocrx_word' id='word_1_479' title='bbox 1612 3961 1675 4014; x_wconf 86' lang='grc'>’0</span> <span class='ocrx_word' id='word_1_480' title='bbox 1716 3960 1764 4013; x_wconf 79' lang='grc' dir='ltr'>δ’</span> 
     </span>
    </p>
   </div>
   <div class='ocr_carea' id='block_1_63' title="bbox 188 4052 1767 4127">
    <p class='ocr_par' dir='ltr' id='par_1_63' title="bbox 188 4052 1767 4127">
     <span class='ocr_line' id='line_1_63' title="bbox 188 4052 1767 4127; baseline 0 -20"><span class='ocrx_word' id='word_1_481' title='bbox 188 4052 383 4118; x_wconf 63' lang='lat' dir='ltr'><strong>bene;</strong></span> <span class='ocrx_word' id='word_1_482' title='bbox 413 4057 623 4111; x_wconf 74' lang='grc' dir='ltr'>ἐκεῖνον</span> <span class='ocrx_word' id='word_1_483' title='bbox 653 4057 752 4126; x_wconf 77' lang='grc' dir='ltr'>μὲν</span> <span class='ocrx_word' id='word_1_484' title='bbox 775 4057 876 4109; x_wconf 82' lang='grc' dir='ltr'>οὐκ</span> <span class='ocrx_word' id='word_1_485' title='bbox 895 4056 1106 4123; x_wconf 68' lang='grc' dir='ltr'>ἐδίωξε,</span> <span class='ocrx_word' id='word_1_486' title='bbox 1131 4056 1231 4121; x_wconf 80' lang='grc' dir='ltr'>τὰς</span> <span class='ocrx_word' id='word_1_487' title='bbox 1254 4055 1300 4109; x_wconf 80' lang='grc' dir='ltr'>δ’</span> <span class='ocrx_word' id='word_1_488' title='bbox 1324 4056 1387 4109; x_wconf 75' lang='grc' dir='ltr'>ὲν</span> <span class='ocrx_word' id='word_1_489' title='bbox 1416 4058 1483 4127; x_wconf 78' lang='grc' dir='ltr'>τῇ</span> <span class='ocrx_word' id='word_1_490' title='bbox 1522 4054 1767 4126; x_wconf 75' lang='grc' dir='ltr'>Ἠπείρῳ</span> 
     </span>
    </p>
   </div>
   <div class='ocr_carea' id='block_1_64' title="bbox 190 4145 1767 4217">
    <p class='ocr_par' dir='ltr' id='par_1_64' title="bbox 190 4145 1767 4217">
     <span class='ocr_line' id='line_1_64' title="bbox 190 4145 1767 4217; baseline 0.003 -19"><span class='ocrx_word' id='word_1_491' title='bbox 190 4145 363 4209; x_wconf 78' lang='grc' dir='ltr'>πόλεις</span> <span class='ocrx_word' id='word_1_492' title='bbox 421 4148 867 4217; x_wconf 79' lang='grc' dir='ltr'>προσεποιήσατο</span> <span class='ocrx_word' id='word_1_493' title='bbox 896 4164 913 4180; x_wconf 88' lang='grc'>·</span> <span class='ocrx_word' id='word_1_494' title='bbox 966 4148 1064 4201; x_wconf 75' lang='grc' dir='ltr'>καὶ</span> <span class='ocrx_word' id='word_1_495' title='bbox 1119 4149 1179 4212; x_wconf 69' lang='grc' dir='ltr'>ἐς</span> <span class='ocrx_word' id='word_1_496' title='bbox 1232 4147 1540 4204; x_wconf 86' lang='grc' dir='ltr'>Θεσσαλίαν</span> <span class='ocrx_word' id='word_1_497' title='bbox 1597 4148 1767 4202; x_wconf 70' lang='grc' dir='ltr'>ἐλθὼν</span> 
     </span>
    </p>
   </div>
   <div class='ocr_carea' id='block_1_65' title="bbox 191 4238 1765 4313">
    <p class='ocr_par' dir='ltr' id='par_1_65' title="bbox 191 4238 1765 4313">
     <span class='ocr_line' id='line_1_65' title="bbox 191 4238 1765 4313; baseline 0.003 -23"><span class='ocrx_word' id='word_1_498' title='bbox 191 4238 349 4292; x_wconf 75' lang='grc' dir='ltr'>πολλὰ</span> <span class='ocrx_word' id='word_1_499' title='bbox 390 4240 788 4309; x_wconf 80' lang='grc' dir='ltr'>παρεσπάσατο</span> <span class='ocrx_word' id='word_1_500' title='bbox 829 4239 923 4294; x_wconf 87' lang='grc' dir='ltr'>τοῦ</span> <span class='ocrx_word' id='word_1_501' title='bbox 950 4240 1244 4307; x_wconf 79' lang='grc' dir='ltr'>Φιλίππου,</span> <span class='ocrx_word' id='word_1_502' title='bbox 1268 4241 1365 4295; x_wconf 82' lang='grc' dir='ltr'>καὶ</span> <span class='ocrx_word' id='word_1_503' title='bbox 1402 4243 1483 4305; x_wconf 86' lang='grc' dir='ltr'>είς</span> <span class='ocrx_word' id='word_1_504' title='bbox 1515 4242 1616 4313; x_wconf 82' lang='grc' dir='ltr'>τὴν</span> <span class='ocrx_word' id='word_1_505' title='bbox 1647 4242 1765 4295; x_wconf 71' lang='grc' dir='ltr'>Φω-</span> 
     </span>
    </p>
   </div>
   <div class='ocr_carea' id='block_1_66' title="bbox 193 4332 1766 4406">
    <p class='ocr_par' dir='ltr' id='par_1_66' title="bbox 193 4332 1766 4406">
     <span class='ocr_line' id='line_1_66' title="bbox 193 4332 1766 4406; baseline 0.006 -25"><span class='ocrx_word' id='word_1_506' title='bbox 193 4332 300 4385; x_wconf 78' lang='grc' dir='ltr'>κίδα</span> <span class='ocrx_word' id='word_1_507' title='bbox 345 4332 450 4402; x_wconf 74' lang='grc' dir='ltr'>τὴν</span> <span class='ocrx_word' id='word_1_508' title='bbox 492 4332 753 4387; x_wconf 82' lang='grc' dir='ltr'>Βοιωτίαν</span> <span class='ocrx_word' id='word_1_509' title='bbox 785 4350 846 4387; x_wconf 87' lang='grc' dir='ltr'>τε</span> <span class='ocrx_word' id='word_1_510' title='bbox 878 4333 1194 4406; x_wconf 78' lang='grc' dir='ltr'>ἀνεχώρησε</span> <span class='ocrx_word' id='word_1_511' title='bbox 1221 4350 1238 4362; x_wconf 90' lang='grc'><strong>·</strong></span> <span class='ocrx_word' id='word_1_512' title='bbox 1287 4336 1383 4389; x_wconf 73' lang='grc' dir='ltr'>καὶ</span> <span class='ocrx_word' id='word_1_513' title='bbox 1409 4337 1437 4389; x_wconf 90' lang='lat'>6</span> <span class='ocrx_word' id='word_1_514' title='bbox 1460 4335 1561 4406; x_wconf 68' lang='grc' dir='ltr'>μὲν</span> <span class='ocrx_word' id='word_1_515' title='bbox 1607 4335 1766 4390; x_wconf 79' lang='grc' dir='ltr'>Ἐλά-</span> 
     </span>
    </p>
   </div>
   <div class='ocr_carea' id='block_1_67' title="bbox 192 4423 1768 4495">
    <p class='ocr_par' dir='ltr' id='par_1_67' title="bbox 192 4423 1768 4495">
     <span class='ocr_line' id='line_1_67' title="bbox 192 4423 1768 4495; baseline 0.003 -21"><span class='ocrx_word' id='word_1_516' title='bbox 192 4436 331 4476; x_wconf 84' lang='grc' dir='ltr'>τειαν</span> <span class='ocrx_word' id='word_1_517' title='bbox 364 4423 703 4495; x_wconf 69' lang='grc' dir='ltr'>ἐπολιόρκει,</span> <span class='ocrx_word' id='word_1_518' title='bbox 734 4424 974 4489; x_wconf 78' lang='grc' dir='ltr'>Λούκιος</span> <span class='ocrx_word' id='word_1_519' title='bbox 1021 4425 1079 4479; x_wconf 70' lang='grc' dir='ltr'>δὲ</span> <span class='ocrx_word' id='word_1_520' title='bbox 1130 4424 1427 4495; x_wconf 70' lang='grc' dir='ltr'>Φλαμίνιος</span> <span class='ocrx_word' id='word_1_521' title='bbox 1468 4427 1499 4479; x_wconf 92' lang='lat'>6</span> <span class='ocrx_word' id='word_1_522' title='bbox 1536 4426 1768 4495; x_wconf 67' lang='grc' dir='ltr'>ἀδελφὸς</span> 
     </span>
    </p>
   </div>
   <div class='ocr_carea' id='block_1_68' title="bbox 194 4500 1767 4590">
    <p class='ocr_par' dir='ltr' id='par_1_68' title="bbox 194 4500 1767 4590">
     <span class='ocr_line' id='line_1_68' title="bbox 194 4500 1767 4590; baseline 0.004 -22"><span class='ocrx_word' id='word_1_523' title='bbox 194 4515 347 4570; x_wconf 72' lang='grc' dir='ltr'>αὺτοῦ</span> <span class='ocrx_word' id='word_1_524' title='bbox 386 4500 526 4586; x_wconf 73' lang='grc' dir='ltr'>μετὰ</span> <span class='ocrx_word' id='word_1_525' title='bbox 575 4516 671 4571; x_wconf 89' lang='grc' dir='ltr'>τοῦ</span> <span class='ocrx_word' id='word_1_526' title='bbox 709 4518 969 4572; x_wconf 80' lang='grc' dir='ltr'>Ἀττάλου</span> <span class='ocrx_word' id='word_1_527' title='bbox 1002 4518 1099 4573; x_wconf 76' lang='grc' dir='ltr'>καὶ</span> <span class='ocrx_word' id='word_1_528' title='bbox 1123 4515 1494 4574; x_wconf 81' lang='grc' dir='ltr'>τῶν’⁹Ροδίων</span> <span class='ocrx_word' id='word_1_529' title='bbox 1540 4518 1643 4583; x_wconf 78' lang='grc' dir='ltr'>τὰς</span> <span class='ocrx_word' id='word_1_530' title='bbox 1670 4520 1767 4590; x_wconf 85' lang='grc' dir='ltr'>νή·-</span> 
     </span>
    </p>
   </div>
   <div class='ocr_carea' id='block_1_69' title="bbox 199 4605 1772 4684">
    <p class='ocr_par' dir='ltr' id='par_1_69' title="bbox 199 4605 1772 4684">
     <span class='ocr_line' id='line_1_69' title="bbox 199 4605 1772 4684; baseline 0.004 -25"><span class='ocrx_word' id='word_1_531' title='bbox 199 4623 315 4672; x_wconf 73' lang='lat' dir='ltr'><strong>ceu;</strong></span> <span class='ocrx_word' id='word_1_532' title='bbox 350 4605 658 4681; x_wconf 78' lang='grc' dir='ltr'>ἐχειροῦτο.</span> <span class='ocrx_word' id='word_1_533' title='bbox 701 4608 812 4664; x_wconf 74' lang='grc' dir='ltr'>Καὶ</span> <span class='ocrx_word' id='word_1_534' title='bbox 858 4610 1012 4675; x_wconf 72' lang='grc' dir='ltr'>τέλος</span> <span class='ocrx_word' id='word_1_535' title='bbox 1043 4609 1356 4684; x_wconf 77' lang='grc' dir='ltr'>Κέγχρειαν</span> <span class='ocrx_word' id='word_1_536' title='bbox 1399 4610 1639 4679; x_wconf 67' lang='grc' dir='ltr'>ἑλόντες,</span> <span class='ocrx_word' id='word_1_537' title='bbox 1676 4615 1772 4666; x_wconf 77' lang='grc' dir='ltr'>καὶ</span> 
     </span>
    </p>
   </div>
   <div class='ocr_carea' id='block_1_70' title="bbox 198 4697 1770 4776">
    <p class='ocr_par' dir='ltr' id='par_1_70' title="bbox 198 4697 1770 4776">
     <span class='ocr_line' id='line_1_70' title="bbox 198 4697 1770 4776; baseline 0.007 -28"><span class='ocrx_word' id='word_1_538' title='bbox 198 4697 487 4769; x_wconf 68' lang='grc' dir='ltr'>πυθόμενοι</span> <span class='ocrx_word' id='word_1_539' title='bbox 554 4698 819 4769; x_wconf 69' lang='grc' dir='ltr'>πρέσϐεις</span> <span class='ocrx_word' id='word_1_540' title='bbox 881 4701 1036 4772; x_wconf 74' lang='grc' dir='ltr'>παρὰ</span> <span class='ocrx_word' id='word_1_541' title='bbox 1102 4702 1378 4756; x_wconf 78' lang='grc' dir='ltr'>Φιλιππου</span> <span class='ocrx_word' id='word_1_542' title='bbox 1438 4702 1577 4776; x_wconf 75' lang='grc' dir='ltr'>πρὸς</span> <span class='ocrx_word' id='word_1_543' title='bbox 1644 4704 1770 4768; x_wconf 75' lang='grc' dir='ltr'>τοὺς</span> 
     </span>
    </p>
   </div>
   <div class='ocr_carea' id='block_1_71' title="bbox 210 4791 1773 4867">
    <p class='ocr_par' dir='ltr' id='par_1_71' title="bbox 210 4791 1773 4867">
     <span class='ocr_line' id='line_1_71' title="bbox 210 4791 1773 4867; baseline 0.004 -24"><span class='ocrx_word' id='word_1_544' title='bbox 210 4791 453 4862; x_wconf 71' lang='grc' dir='ltr'>Ἀχαιοὺς</span> <span class='ocrx_word' id='word_1_545' title='bbox 488 4792 585 4845; x_wconf 69' lang='grc' dir='ltr'>ἐπὶ</span> <span class='ocrx_word' id='word_1_546' title='bbox 613 4795 906 4867; x_wconf 78' lang='grc' dir='ltr'>συμμαχίᾳ</span> <span class='ocrx_word' id='word_1_547' title='bbox 930 4792 1280 4865; x_wconf 83' lang='grc' dir='ltr'>πεπέμφθαι,</span> <span class='ocrx_word' id='word_1_548' title='bbox 1320 4794 1649 4851; x_wconf 76' lang='grc' dir='ltr'>ἀπέστειλαν</span> <span class='ocrx_word' id='word_1_549' title='bbox 1677 4796 1773 4850; x_wconf 75' lang='grc' dir='ltr'>καὶ</span> 
     </span>
    </p>
   </div>
   <div class='ocr_carea' id='block_1_72' title="bbox 204 4885 1774 4963">
    <p class='ocr_par' dir='ltr' id='par_1_72' title="bbox 204 4885 1774 4963">
     <span class='ocr_line' id='line_1_72' title="bbox 204 4885 1774 4963; baseline 0.006 -26"><span class='ocrx_word' id='word_1_550' title='bbox 204 4885 369 4951; x_wconf 78' lang='grc' dir='ltr'>αὐτοὶ,</span> <span class='ocrx_word' id='word_1_551' title='bbox 396 4886 494 4940; x_wconf 66' lang='grc' dir='ltr'>καλ⁵</span> <span class='ocrx_word' id='word_1_552' title='bbox 524 4886 800 4955; x_wconf 76' lang='grc' dir='ltr'>Ἀθηναῖοι</span> <span class='ocrx_word' id='word_1_553' title='bbox 831 4887 1404 4960; x_wconf 80' lang='grc' dir='ltr'>συνεπρεσδεύσαντο.</span> <span class='ocrx_word' id='word_1_554' title='bbox 1429 4890 1541 4946; x_wconf 80' lang='grc' dir='ltr'>Καὶ</span> <span class='ocrx_word' id='word_1_555' title='bbox 1574 4889 1774 4963; x_wconf 76' lang='grc' dir='ltr'>πρότε-</span> 
     </span>
    </p>
   </div>
   <div class='ocr_carea' id='block_1_73' title="bbox 208 4976 1772 5053">
    <p class='ocr_par' dir='ltr' id='par_1_73' title="bbox 208 4976 1772 5053">
     <span class='ocr_line' id='line_1_73' title="bbox 208 4976 1772 5053; baseline 0.005 -26"><span class='ocrx_word' id='word_1_556' title='bbox 208 4988 288 5044; x_wconf 86' lang='grc' dir='ltr'>ρον</span> <span class='ocrx_word' id='word_1_557' title='bbox 323 4977 426 5046; x_wconf 77' lang='grc' dir='ltr'>μὲν</span> <span class='ocrx_word' id='word_1_558' title='bbox 460 4978 834 5047; x_wconf 72' lang='grc' dir='ltr'>ἱμερίσθησαν</span> <span class='ocrx_word' id='word_1_559' title='bbox 871 4978 929 5032; x_wconf 87' lang='grc' dir='ltr'>αί</span> <span class='ocrx_word' id='word_1_560' title='bbox 976 4976 1196 5051; x_wconf 83' lang='grc' dir='ltr'>γνῶμαι</span> <span class='ocrx_word' id='word_1_561' title='bbox 1235 4980 1346 5036; x_wconf 87' lang='grc' dir='ltr'>τῶν</span> <span class='ocrx_word' id='word_1_562' title='bbox 1379 4982 1634 5053; x_wconf 78' lang='grc' dir='ltr'>Ἀχαιῶν,</span> <span class='ocrx_word' id='word_1_563' title='bbox 1662 4982 1772 5037; x_wconf 86' lang='grc' dir='ltr'>τῶν</span> 
     </span>
    </p>
   </div>
   <div class='ocr_carea' id='block_1_74' title="bbox 208 5063 1774 5147">
    <p class='ocr_par' dir='ltr' id='par_1_74' title="bbox 208 5063 1774 5147">
     <span class='ocr_line' id='line_1_74' title="bbox 208 5063 1774 5147; baseline 0.008 -28"><span class='ocrx_word' id='word_1_564' title='bbox 208 5064 295 5133; x_wconf 71' lang='grc' dir='ltr'>μὲν</span> <span class='ocrx_word' id='word_1_565' title='bbox 329 5067 404 5139; x_wconf 81' lang='grc' dir='ltr'>τῷ</span> <span class='ocrx_word' id='word_1_566' title='bbox 438 5067 697 5140; x_wconf 76' lang='grc' dir='ltr'>Φιλίππῳ</span> <span class='ocrx_word' id='word_1_567' title='bbox 725 5069 829 5139; x_wconf 82' lang='grc' dir='ltr'>τὴν</span> <span class='ocrx_word' id='word_1_568' title='bbox 861 5072 1185 5143; x_wconf 86' lang='grc' dir='ltr'>συμμαχίαν</span> <span class='ocrx_word' id='word_1_569' title='bbox 1216 5063 1633 5147; x_wconf 80' lang='grc' dir='ltr'>ψηφιζομένων.</span> <span class='ocrx_word' id='word_1_570' title='bbox 1662 5077 1774 5131; x_wconf 85' lang='grc' dir='ltr'>τῶν</span> 
     </span>
    </p>
   </div>
   <div class='ocr_carea' id='block_1_75' title="bbox 205 5157 1774 5241">
    <p class='ocr_par' dir='ltr' id='par_1_75' title="bbox 205 5157 1774 5241">
     <span class='ocr_line' id='line_1_75' title="bbox 205 5157 1774 5241; baseline 0.007 -29"><span class='ocrx_word' id='word_1_571' title='bbox 205 5157 257 5211; x_wconf 77' lang='grc' dir='ltr'>δὲ</span> <span class='ocrx_word' id='word_1_572' title='bbox 277 5162 381 5224; x_wconf 77' lang='grc' dir='ltr'>τοῖς</span> <span class='ocrx_word' id='word_1_573' title='bbox 416 5162 735 5234; x_wconf 79' lang='grc' dir='ltr'>Ῥωμαίοις.</span> <span class='ocrx_word' id='word_1_574' title='bbox 770 5160 899 5233; x_wconf 57' lang='grc' dir='ltr'>Ὀψὲ</span> <span class='ocrx_word' id='word_1_575' title='bbox 927 5162 973 5218; x_wconf 80' lang='grc' dir='ltr'>δ’</span> <span class='ocrx_word' id='word_1_576' title='bbox 1004 5163 1099 5220; x_wconf 81' lang='grc' dir='ltr'>οὖν</span> <span class='ocrx_word' id='word_1_577' title='bbox 1124 5181 1256 5221; x_wconf 86' lang='grc' dir='ltr'>ποτε</span> <span class='ocrx_word' id='word_1_578' title='bbox 1273 5168 1375 5240; x_wconf 75' lang='grc' dir='ltr'>τὴν</span> <span class='ocrx_word' id='word_1_579' title='bbox 1394 5166 1650 5241; x_wconf 81' lang='grc' dir='ltr'>βοήθειαν</span> <span class='ocrx_word' id='word_1_580' title='bbox 1674 5169 1774 5225; x_wconf 82' lang='grc' dir='ltr'>αὐ-</span> 
     </span>
    </p>
   </div>
   <div class='ocr_carea' id='block_1_76' title="bbox 207 5254 1777 5332">
    <p class='ocr_par' dir='ltr' id='par_1_76' title="bbox 207 5254 1777 5332">
     <span class='ocr_line' id='line_1_76' title="bbox 207 5254 1777 5332; baseline 0.008 -30"><span class='ocrx_word' id='word_1_581' title='bbox 207 5254 309 5316; x_wconf 85' lang='grc' dir='ltr'>τοῖς</span> <span class='ocrx_word' id='word_1_582' title='bbox 339 5254 698 5324; x_wconf 68' lang='grc' dir='ltr'>ἐψηφίσαντο,</span> <span class='ocrx_word' id='word_1_583' title='bbox 726 5256 822 5311; x_wconf 78' lang='grc' dir='ltr'>καὶ</span> <span class='ocrx_word' id='word_1_584' title='bbox 855 5256 950 5311; x_wconf 68' lang='grc' dir='ltr'>ἐπὶ</span> <span class='ocrx_word' id='word_1_585' title='bbox 975 5257 1076 5321; x_wconf 79' lang='grc' dir='ltr'>τὴν</span> <span class='ocrx_word' id='word_1_586' title='bbox 1093 5257 1357 5329; x_wconf 79' lang='grc' dir='ltr'>Κόρινθον</span> <span class='ocrx_word' id='word_1_587' title='bbox 1378 5260 1777 5332; x_wconf 81' lang='grc' dir='ltr'>συνεστράτευ-</span> 
     </span>
    </p>
   </div>
   <div class='ocr_carea' id='block_1_77' title="bbox 211 5348 1775 5424">
    <p class='ocr_par' dir='ltr' id='par_1_77' title="bbox 211 5348 1775 5424">
     <span class='ocr_line' id='line_1_77' title="bbox 211 5348 1775 5424; baseline 0.007 -27"><span class='ocrx_word' id='word_1_588' title='bbox 211 5360 319 5412; x_wconf 85' lang='grc' dir='ltr'>σαν,</span> <span class='ocrx_word' id='word_1_589' title='bbox 349 5348 571 5402; x_wconf 74' lang='grc' dir='ltr'>καὶτοῦ</span> <span class='ocrx_word' id='word_1_590' title='bbox 621 5350 720 5419; x_wconf 74' lang='grc' dir='ltr'>μὲν</span> <span class='ocrx_word' id='word_1_591' title='bbox 763 5350 979 5420; x_wconf 87' lang='grc' dir='ltr'>τείχους</span> <span class='ocrx_word' id='word_1_592' title='bbox 1012 5352 1358 5424; x_wconf 77' lang='grc' dir='ltr'>κατήρειψαν</span> <span class='ocrx_word' id='word_1_593' title='bbox 1395 5367 1556 5407; x_wconf 77' lang='grc' dir='ltr'>τιναο</span> <span class='ocrx_word' id='word_1_594' title='bbox 1605 5355 1775 5424; x_wconf 79' lang='grc' dir='ltr'>πονή-</span> 
     </span>
    </p>
   </div>
   <div class='ocr_carea' id='block_1_78' title="bbox 210 5439 1776 5514">
    <p class='ocr_par' dir='ltr' id='par_1_78' title="bbox 210 5439 1776 5514">
     <span class='ocr_line' id='line_1_78' title="bbox 210 5439 1776 5514; baseline 0.006 -26"><span class='ocrx_word' id='word_1_595' title='bbox 210 5455 388 5505; x_wconf 79' lang='grc' dir='ltr'>σαντες</span> <span class='ocrx_word' id='word_1_596' title='bbox 429 5440 476 5494; x_wconf 81' lang='lat'><em>6‘</em></span> <span class='ocrx_word' id='word_1_597' title='bbox 507 5441 596 5493; x_wconf 72' lang='grc' dir='ltr'>ἐπ’</span> <span class='ocrx_word' id='word_1_598' title='bbox 628 5442 948 5513; x_wconf 77' lang='grc' dir='ltr'>ἐκδρομαῖς,</span> <span class='ocrx_word' id='word_1_599' title='bbox 987 5443 1401 5514; x_wconf 79' lang='grc' dir='ltr'>ἀπανέστησαν.</span> <span class='ocrx_word' id='word_1_600' title='bbox 1431 5439 1562 5497; x_wconf 81' lang='grc' dir='ltr'>Εἶτα</span> <span class='ocrx_word' id='word_1_601' title='bbox 1591 5442 1776 5507; x_wconf 85' lang='grc' dir='ltr'>δείσας</span> 
     </span>
    </p>
   </div>
   <div class='ocr_carea' id='block_1_79' title="bbox 211 5532 1775 5605">
    <p class='ocr_par' dir='ltr' id='par_1_79' title="bbox 211 5532 1775 5605">
     <span class='ocr_line' id='line_1_79' title="bbox 211 5532 1775 5605; baseline 0.004 -24"><span class='ocrx_word' id='word_1_602' title='bbox 211 5532 514 5597; x_wconf 63' lang='grc' dir='ltr'>ιφὶλιππος</span> <span class='ocrx_word' id='word_1_603' title='bbox 550 5534 627 5604; x_wconf 79' lang='grc' dir='ltr'>μή</span> <span class='ocrx_word' id='word_1_604' title='bbox 664 5534 858 5588; x_wconf 61' lang='grc' dir='ltr'>πολλαί⁵</span> <span class='ocrx_word' id='word_1_605' title='bbox 887 5535 1070 5599; x_wconf 88' lang='grc' dir='ltr'>πόλεις</span> <span class='ocrx_word' id='word_1_606' title='bbox 1106 5535 1329 5597; x_wconf 77' lang='grc' dir='ltr'>ἁλῶσιν,</span> <span class='ocrx_word' id='word_1_607' title='bbox 1364 5535 1504 5605; x_wconf 79' lang='grc' dir='ltr'>ὑπὲρ</span> <span class='ocrx_word' id='word_1_608' title='bbox 1549 5535 1775 5605; x_wconf 74' lang='grc' dir='ltr'>εἰρήνης</span> 
     </span>
    </p>
   </div>
   <div class='ocr_carea' id='block_1_80' title="bbox 212 5624 1776 5700">
    <p class='ocr_par' dir='ltr' id='par_1_80' title="bbox 212 5624 1776 5700">
     <span class='ocr_line' id='line_1_80' title="bbox 212 5624 1776 5700; baseline 0.003 -24"><span class='ocrx_word' id='word_1_609' title='bbox 212 5626 335 5693; x_wconf 70' lang='grc' dir='ltr'>πρδς</span> <span class='ocrx_word' id='word_1_610' title='bbox 374 5625 474 5679; x_wconf 74' lang='grc' dir='ltr'>τὸν</span> <span class='ocrx_word' id='word_1_611' title='bbox 518 5624 727 5680; x_wconf 74' lang='grc' dir='ltr'>ὕπατον</span> <span class='ocrx_word' id='word_1_612' title='bbox 768 5627 1276 5700; x_wconf 74' lang='grc' dir='ltr'>ἐπεκηρυκεύσατο.</span> <span class='ocrx_word' id='word_1_613' title='bbox 1310 5628 1420 5681; x_wconf 67' lang='grc' dir='ltr'>Καὶ</span> <span class='ocrx_word' id='word_1_614' title='bbox 1463 5627 1521 5691; x_wconf 79' lang='grc' dir='ltr'>ὃς</span> <span class='ocrx_word' id='word_1_615' title='bbox 1557 5625 1776 5691; x_wconf 76' lang='grc' dir='ltr'>ἐδέξατο</span> 
     </span>
    </p>
   </div>
   <div class='ocr_carea' id='block_1_81' title="bbox 1855 3125 3452 3198">
    <p class='ocr_par' dir='ltr' id='par_1_81' title="bbox 1855 3125 3452 3198">
     <span class='ocr_line' id='line_1_81' title="bbox 1855 3125 3452 3198; baseline 0.001 -15"><span class='ocrx_word' id='word_1_616' title='bbox 1855 3135 1939 3183; x_wconf 87' lang='lat' dir='ltr'>tra</span> <span class='ocrx_word' id='word_1_617' title='bbox 1967 3126 2285 3198; x_wconf 85' lang='lat' dir='ltr'><strong>Philippum</strong></span> <span class='ocrx_word' id='word_1_618' title='bbox 2312 3126 2368 3181; x_wconf 89' lang='lat' dir='ltr'>in</span> <span class='ocrx_word' id='word_1_619' title='bbox 2394 3126 2686 3198; x_wconf 88' lang='lat' dir='ltr'><strong>procinctu</strong></span> <span class='ocrx_word' id='word_1_620' title='bbox 2708 3126 2960 3198; x_wconf 88' lang='lat' dir='ltr'><strong>erat.qui</strong></span> <span class='ocrx_word' id='word_1_621' title='bbox 2991 3125 3144 3198; x_wconf 84' lang='lat' dir='ltr'><strong>Epiri</strong></span> <span class='ocrx_word' id='word_1_622' title='bbox 3165 3126 3452 3197; x_wconf 77' lang='lat' dir='ltr'><strong>angustias</strong></span> 
     </span>
    </p>
   </div>
   <div class='ocr_carea' id='block_1_82' title="bbox 1857 3218 3447 3291">
    <p class='ocr_par' dir='ltr' id='par_1_82' title="bbox 1857 3218 3447 3291">
     <span class='ocr_line' id='line_1_82' title="bbox 1857 3218 3447 3291; baseline 0 -15"><span class='ocrx_word' id='word_1_623' title='bbox 1857 3231 2176 3290; x_wconf 82' lang='lat' dir='ltr'><strong>occuparat,</strong></span> <span class='ocrx_word' id='word_1_624' title='bbox 2209 3235 2311 3290; x_wconf 81' lang='lat' dir='ltr'>per</span> <span class='ocrx_word' id='word_1_625' title='bbox 2331 3234 2473 3290; x_wconf 82' lang='lat' dir='ltr'><strong>quas</strong></span> <span class='ocrx_word' id='word_1_626' title='bbox 2498 3218 2554 3274; x_wconf 91' lang='lat' dir='ltr'>in</span> <span class='ocrx_word' id='word_1_627' title='bbox 2586 3219 2964 3275; x_wconf 81' lang='lat' dir='ltr'><strong>Macedoniam</strong></span> <span class='ocrx_word' id='word_1_628' title='bbox 2989 3221 3213 3291; x_wconf 83' lang='lat' dir='ltr'><strong>patebat</strong></span> <span class='ocrx_word' id='word_1_629' title='bbox 3240 3219 3447 3276; x_wconf 81' lang='lat' dir='ltr'><strong>aditus.</strong></span> 
     </span>
    </p>
   </div>
   <div class='ocr_carea' id='block_1_83' title="bbox 1858 3311 3450 3384">
    <p class='ocr_par' dir='ltr' id='par_1_83' title="bbox 1858 3311 3450 3384">
     <span class='ocr_line' id='line_1_83' title="bbox 1858 3311 3450 3384; baseline 0.002 -18"><span class='ocrx_word' id='word_1_630' title='bbox 1858 3311 2055 3368; x_wconf 83' lang='lat' dir='ltr'><strong>Hieme</strong></span> <span class='ocrx_word' id='word_1_631' title='bbox 2082 3312 2375 3383; x_wconf 86' lang='lat' dir='ltr'><strong>elapsa.T.</strong></span> <span class='ocrx_word' id='word_1_632' title='bbox 2404 3312 2706 3368; x_wconf 83' lang='lat' dir='ltr'><strong>Flaminius</strong></span> <span class='ocrx_word' id='word_1_633' title='bbox 2731 3312 2862 3368; x_wconf 83' lang='lat' dir='ltr'><strong>Cos.</strong></span> <span class='ocrx_word' id='word_1_634' title='bbox 2886 3328 3014 3368; x_wconf 86' lang='lat' dir='ltr'>cum</span> <span class='ocrx_word' id='word_1_635' title='bbox 3040 3313 3349 3384; x_wconf 86' lang='lat' dir='ltr'><strong>Philippus,</strong></span> <span class='ocrx_word' id='word_1_636' title='bbox 3377 3312 3450 3369; x_wconf 87' lang='lat' dir='ltr'>ob</span> 
     </span>
    </p>
   </div>
   <div class='ocr_carea' id='block_1_84' title="bbox 1859 3404 3449 3477">
    <p class='ocr_par' dir='ltr' id='par_1_84' title="bbox 1859 3404 3449 3477">
     <span class='ocr_line' id='line_1_84' title="bbox 1859 3404 3449 3477; baseline 0.001 -18"><span class='ocrx_word' id='word_1_637' title='bbox 1859 3418 2027 3460; x_wconf 91' lang='lat' dir='ltr'><strong>omne</strong></span> <span class='ocrx_word' id='word_1_638' title='bbox 2055 3404 2192 3460; x_wconf 90' lang='lat' dir='ltr'><strong>illud</strong></span> <span class='ocrx_word' id='word_1_639' title='bbox 2228 3405 2491 3475; x_wconf 84' lang='lat' dir='ltr'><strong>spatium,</strong></span> <span class='ocrx_word' id='word_1_640' title='bbox 2521 3404 2670 3475; x_wconf 88' lang='lat' dir='ltr'><strong>quod</strong></span> <span class='ocrx_word' id='word_1_641' title='bbox 2709 3404 2855 3460; x_wconf 83' lang='lat' dir='ltr'><strong>inter</strong></span> <span class='ocrx_word' id='word_1_642' title='bbox 2885 3412 3105 3461; x_wconf 88' lang='lat' dir='ltr'><strong>montes</strong></span> <span class='ocrx_word' id='word_1_643' title='bbox 3129 3405 3449 3477; x_wconf 73' lang='lat' dir='ltr'><strong>interiacet,</strong></span> 
     </span>
    </p>
   </div>
   <div class='ocr_carea' id='block_1_85' title="bbox 1860 3494 3452 3568">
    <p class='ocr_par' dir='ltr' id='par_1_85' title="bbox 1860 3494 3452 3568">
     <span class='ocr_line' id='line_1_85' title="bbox 1860 3494 3452 3568; baseline 0.001 -16"><span class='ocrx_word' id='word_1_644' title='bbox 1860 3511 2025 3552; x_wconf 90' lang='lat' dir='ltr'><strong>muro</strong></span> <span class='ocrx_word' id='word_1_645' title='bbox 2057 3497 2389 3568; x_wconf 88' lang='lat' dir='ltr'><strong>obseptum,</strong></span> <span class='ocrx_word' id='word_1_646' title='bbox 2444 3505 2765 3567; x_wconf 72' lang='lat' dir='ltr'><strong>oppugnatn</strong></span> <span class='ocrx_word' id='word_1_647' title='bbox 2813 3494 3055 3552; x_wconf 78' lang='lat' dir='ltr'><strong>diﬂicilis</strong></span> <span class='ocrx_word' id='word_1_648' title='bbox 3100 3502 3270 3561; x_wconf 79' lang='lat' dir='ltr'><strong>esset,</strong></span> <span class='ocrx_word' id='word_1_649' title='bbox 3322 3513 3452 3554; x_wconf 83' lang='lat' dir='ltr'>eum</span> 
     </span>
    </p>
   </div>
   <div class='ocr_carea' id='block_1_86' title="bbox 1861 3584 3450 3657">
    <p class='ocr_par' dir='ltr' id='par_1_86' title="bbox 1861 3584 3450 3657">
     <span class='ocr_line' id='line_1_86' title="bbox 1861 3584 3450 3657; baseline -0.001 -15"><span class='ocrx_word' id='word_1_650' title='bbox 1861 3585 2055 3657; x_wconf 82' lang='lat' dir='ltr'><strong>paucis</strong></span> <span class='ocrx_word' id='word_1_651' title='bbox 2080 3601 2182 3656; x_wconf 89' lang='lat' dir='ltr'>per</span> <span class='ocrx_word' id='word_1_652' title='bbox 2201 3593 2497 3657; x_wconf 76' lang='lat' dir='ltr'><strong>angustum</strong></span> <span class='ocrx_word' id='word_1_653' title='bbox 2527 3584 2726 3641; x_wconf 84' lang='lat' dir='ltr'><strong>callem</strong></span> <span class='ocrx_word' id='word_1_654' title='bbox 2746 3584 3114 3641; x_wconf 86' lang='lat' dir='ltr'><strong>munitionem</strong></span> <span class='ocrx_word' id='word_1_655' title='bbox 3142 3584 3450 3650; x_wconf 85' lang='lat' dir='ltr'><strong>circumiit,</strong></span> 
     </span>
    </p>
   </div>
   <div class='ocr_carea' id='block_1_87' title="bbox 1862 3677 3451 3750">
    <p class='ocr_par' dir='ltr' id='par_1_87' title="bbox 1862 3677 3451 3750">
     <span class='ocr_line' id='line_1_87' title="bbox 1862 3677 3451 3750; baseline -0.001 -14"><span class='ocrx_word' id='word_1_656' title='bbox 1862 3690 1921 3737; x_wconf 89' lang='lat' dir='ltr'>et</span> <span class='ocrx_word' id='word_1_657' title='bbox 1945 3696 2012 3736; x_wconf 80' lang='lat' dir='ltr'><strong>ex</strong></span> <span class='ocrx_word' id='word_1_658' title='bbox 2046 3679 2332 3750; x_wconf 88' lang='lat' dir='ltr'><strong>superiore</strong></span> <span class='ocrx_word' id='word_1_659' title='bbox 2367 3679 2492 3734; x_wconf 89' lang='lat' dir='ltr'><strong>loco</strong></span> <span class='ocrx_word' id='word_1_660' title='bbox 2534 3677 2722 3733; x_wconf 89' lang='lat' dir='ltr'><strong>subito</strong></span> <span class='ocrx_word' id='word_1_661' title='bbox 2776 3686 3140 3748; x_wconf 81' lang='lat' dir='ltr'><strong>conspectus.</strong></span> <span class='ocrx_word' id='word_1_662' title='bbox 3178 3686 3451 3735; x_wconf 81' lang='lat' dir='ltr'><strong>terrorem</strong></span> 
     </span>
    </p>
   </div>
   <div class='ocr_carea' id='block_1_88' title="bbox 1864 3772 3455 3844">
    <p class='ocr_par' dir='ltr' id='par_1_88' title="bbox 1864 3772 3455 3844">
     <span class='ocr_line' id='line_1_88' title="bbox 1864 3772 3455 3844; baseline -0.002 -15"><span class='ocrx_word' id='word_1_663' title='bbox 1864 3773 2100 3828; x_wconf 83' lang='lat' dir='ltr'><strong>incussit</strong></span> <span class='ocrx_word' id='word_1_664' title='bbox 2140 3772 2419 3843; x_wconf 79' lang='lat' dir='ltr'><strong>Philippo.</strong></span> <span class='ocrx_word' id='word_1_665' title='bbox 2461 3786 2683 3827; x_wconf 89' lang='lat' dir='ltr'><strong>omnem</strong></span> <span class='ocrx_word' id='word_1_666' title='bbox 2739 3773 2861 3844; x_wconf 87' lang='lat' dir='ltr'><strong>ejus</strong></span> <span class='ocrx_word' id='word_1_667' title='bbox 2899 3772 3212 3828; x_wconf 85' lang='lat' dir='ltr'><strong>exercitum</strong></span> <span class='ocrx_word' id='word_1_668' title='bbox 3275 3785 3455 3842; x_wconf 71' lang='lat' dir='ltr'><strong>augu-</strong></span> 
     </span>
    </p>
   </div>
   <div class='ocr_carea' id='block_1_89' title="bbox 1865 3862 3452 3935">
    <p class='ocr_par' dir='ltr' id='par_1_89' title="bbox 1865 3862 3452 3935">
     <span class='ocr_line' id='line_1_89' title="bbox 1865 3862 3452 3935; baseline -0.001 -16"><span class='ocrx_word' id='word_1_669' title='bbox 1865 3867 1999 3921; x_wconf 84' lang='lat' dir='ltr'><strong>stias</strong></span> <span class='ocrx_word' id='word_1_670' title='bbox 2022 3880 2317 3935; x_wconf 87' lang='lat' dir='ltr'><strong>superasse</strong></span> <span class='ocrx_word' id='word_1_671' title='bbox 2353 3865 2631 3935; x_wconf 87' lang='lat' dir='ltr'><strong>opinanti,</strong></span> <span class='ocrx_word' id='word_1_672' title='bbox 2665 3873 2728 3920; x_wconf 92' lang='lat' dir='ltr'>ut</span> <span class='ocrx_word' id='word_1_673' title='bbox 2759 3864 2945 3920; x_wconf 85' lang='lat' dir='ltr'><strong>statim</strong></span> <span class='ocrx_word' id='word_1_674' title='bbox 2987 3865 3041 3920; x_wconf 91' lang='lat' dir='ltr'>in</span> <span class='ocrx_word' id='word_1_675' title='bbox 3073 3862 3452 3921; x_wconf 76' lang='lat' dir='ltr'><strong>Macedoniam</strong></span> 
     </span>
    </p>
   </div>
   <div class='ocr_carea' id='block_1_90' title="bbox 1866 3950 3452 4024">
    <p class='ocr_par' dir='ltr' id='par_1_90' title="bbox 1866 3950 3452 4024">
     <span class='ocr_line' id='line_1_90' title="bbox 1866 3950 3452 4024; baseline -0.004 -13"><span class='ocrx_word' id='word_1_676' title='bbox 1866 3956 2176 4013; x_wconf 84' lang='lat' dir='ltr'><strong>recederet.</strong></span> <span class='ocrx_word' id='word_1_677' title='bbox 2199 3953 2409 4011; x_wconf 87' lang='lat' dir='ltr'><strong>Consul</strong></span> <span class='ocrx_word' id='word_1_678' title='bbox 2440 3970 2575 4010; x_wconf 73' lang='lat' dir='ltr'><strong>vero</strong></span> <span class='ocrx_word' id='word_1_679' title='bbox 2607 3954 2763 4010; x_wconf 85' lang='lat' dir='ltr'><strong>illum</strong></span> <span class='ocrx_word' id='word_1_680' title='bbox 2788 3970 2897 4009; x_wconf 92' lang='lat' dir='ltr'>non</span> <span class='ocrx_word' id='word_1_681' title='bbox 2929 3960 3280 4024; x_wconf 84' lang='lat' dir='ltr'><strong>persecutus,</strong></span> <span class='ocrx_word' id='word_1_682' title='bbox 3297 3950 3452 4021; x_wconf 81' lang='lat' dir='ltr'><strong>Epiri</strong></span> 
     </span>
    </p>
   </div>
   <div class='ocr_carea' id='block_1_91' title="bbox 1867 4040 3451 4116">
    <p class='ocr_par' dir='ltr' id='par_1_91' title="bbox 1867 4040 3451 4116">
     <span class='ocr_line' id='line_1_91' title="bbox 1867 4040 3451 4116; baseline -0.005 -12"><span class='ocrx_word' id='word_1_683' title='bbox 1867 4048 2102 4104; x_wconf 84' lang='lat' dir='ltr'><strong>urbibus</strong></span> <span class='ocrx_word' id='word_1_684' title='bbox 2143 4055 2230 4102; x_wconf 83' lang='lat' dir='ltr'>est</span> <span class='ocrx_word' id='word_1_685' title='bbox 2290 4046 2503 4116; x_wconf 87' lang='lat' dir='ltr'><strong>potitus</strong></span> <span class='ocrx_word' id='word_1_686' title='bbox 2541 4062 2557 4102; x_wconf 86' lang='lat'><strong>:</strong></span> <span class='ocrx_word' id='word_1_687' title='bbox 2608 4054 2776 4115; x_wconf 85' lang='lat' dir='ltr'><strong>atque</strong></span> <span class='ocrx_word' id='word_1_688' title='bbox 2828 4043 2957 4099; x_wconf 89' lang='lat' dir='ltr'><strong>inde</strong></span> <span class='ocrx_word' id='word_1_689' title='bbox 3005 4042 3062 4098; x_wconf 88' lang='lat' dir='ltr'>in</span> <span class='ocrx_word' id='word_1_690' title='bbox 3106 4040 3451 4097; x_wconf 82' lang='lat' dir='ltr'><strong>Thessaliam</strong></span> 
     </span>
    </p>
   </div>
   <div class='ocr_carea' id='block_1_92' title="bbox 1872 4132 3453 4212">
    <p class='ocr_par' dir='ltr' id='par_1_92' title="bbox 1872 4132 3453 4212">
     <span class='ocr_line' id='line_1_92' title="bbox 1872 4132 3453 4212; baseline -0.004 -17"><span class='ocrx_word' id='word_1_691' title='bbox 1872 4148 2280 4212; x_wconf 75' lang='lat' dir='ltr'><strong>transgressus,</strong></span> <span class='ocrx_word' id='word_1_692' title='bbox 2316 4137 2509 4194; x_wconf 86' lang='lat' dir='ltr'><strong>multis</strong></span> <span class='ocrx_word' id='word_1_693' title='bbox 2546 4152 2578 4193; x_wconf 77' lang='grc' dir='ltr'>ιι</span> <span class='ocrx_word' id='word_1_694' title='bbox 2613 4135 2871 4206; x_wconf 86' lang='lat' dir='ltr'><strong>Philippo</strong></span> <span class='ocrx_word' id='word_1_695' title='bbox 2902 4133 3181 4199; x_wconf 82' lang='lat' dir='ltr'><strong>alienatis,</strong></span> <span class='ocrx_word' id='word_1_696' title='bbox 3212 4132 3265 4188; x_wconf 93' lang='lat' dir='ltr'>in</span> <span class='ocrx_word' id='word_1_697' title='bbox 3307 4132 3453 4189; x_wconf 84' lang='lat' dir='ltr'><strong>Pho-</strong></span> 
     </span>
    </p>
   </div>
   <div class='ocr_carea' id='block_1_93' title="bbox 1867 4224 3453 4289">
    <p class='ocr_par' dir='ltr' id='par_1_93' title="bbox 1867 4224 3453 4289">
     <span class='ocr_line' id='line_1_93' title="bbox 1867 4224 3453 4289; baseline -0.005 0"><span class='ocrx_word' id='word_1_698' title='bbox 1867 4232 2051 4289; x_wconf 88' lang='lat' dir='ltr'><strong>cidem</strong></span> <span class='ocrx_word' id='word_1_699' title='bbox 2091 4240 2150 4289; x_wconf 88' lang='lat' dir='ltr'>et</span> <span class='ocrx_word' id='word_1_700' title='bbox 2194 4231 2465 4288; x_wconf 75' lang='lat' dir='ltr'><strong>Bmotiam</strong></span> <span class='ocrx_word' id='word_1_701' title='bbox 2511 4245 2573 4286; x_wconf 87' lang='lat' dir='ltr'>se</span> <span class='ocrx_word' id='word_1_702' title='bbox 2604 4227 2862 4285; x_wconf 90' lang='lat' dir='ltr'><strong>contulit.</strong></span> <span class='ocrx_word' id='word_1_703' title='bbox 2910 4224 3017 4284; x_wconf 89' lang='lat' dir='ltr'><strong>Ubi</strong></span> <span class='ocrx_word' id='word_1_704' title='bbox 3048 4224 3182 4279; x_wconf 89' lang='lat' dir='ltr'>dum</span> <span class='ocrx_word' id='word_1_705' title='bbox 3218 4224 3453 4282; x_wconf 87' lang='lat' dir='ltr'><strong>Elatiam</strong></span> 
     </span>
    </p>
   </div>
   <div class='ocr_carea' id='block_1_94' title="bbox 1870 4320 3458 4395">
    <p class='ocr_par' dir='ltr' id='par_1_94' title="bbox 1870 4320 3458 4395">
     <span class='ocr_line' id='line_1_94' title="bbox 1870 4320 3458 4395; baseline -0.004 -12"><span class='ocrx_word' id='word_1_706' title='bbox 1870 4327 2112 4395; x_wconf 87' lang='lat' dir='ltr'><strong>obsidet,</strong></span> <span class='ocrx_word' id='word_1_707' title='bbox 2169 4326 2236 4382; x_wconf 89' lang='lat' dir='ltr'>L.</span> <span class='ocrx_word' id='word_1_708' title='bbox 2295 4324 2629 4387; x_wconf 86' lang='lat' dir='ltr'><strong>Flaminius,</strong></span> <span class='ocrx_word' id='word_1_709' title='bbox 2649 4322 2823 4378; x_wconf 76' lang='lat' dir='ltr'><strong>frater</strong></span> <span class='ocrx_word' id='word_1_710' title='bbox 2859 4321 2981 4392; x_wconf 85' lang='lat' dir='ltr'><strong>ejus</strong></span> <span class='ocrx_word' id='word_1_711' title='bbox 3015 4336 3143 4379; x_wconf 80' lang='lat' dir='ltr'>cum</span> <span class='ocrx_word' id='word_1_712' title='bbox 3176 4320 3362 4376; x_wconf 84' lang='lat' dir='ltr'><strong>Attalo</strong></span> <span class='ocrx_word' id='word_1_713' title='bbox 3399 4328 3458 4377; x_wconf 82' lang='lat' dir='ltr'>et</span> 
     </span>
    </p>
   </div>
   <div class='ocr_carea' id='block_1_95' title="bbox 1872 4413 3461 4489">
    <p class='ocr_par' dir='ltr' id='par_1_95' title="bbox 1872 4413 3461 4489">
     <span class='ocr_line' id='line_1_95' title="bbox 1872 4413 3461 4489; baseline -0.004 -12"><span class='ocrx_word' id='word_1_714' title='bbox 1872 4420 2109 4478; x_wconf 79' lang='lat' dir='ltr'><strong>Rhodiis</strong></span> <span class='ocrx_word' id='word_1_715' title='bbox 2166 4420 2380 4476; x_wconf 86' lang='lat' dir='ltr'><strong>insulas</strong></span> <span class='ocrx_word' id='word_1_716' title='bbox 2444 4418 2731 4489; x_wconf 76' lang='lat' dir='ltr'><strong>subigunt.</strong></span> <span class='ocrx_word' id='word_1_717' title='bbox 2815 4415 3065 4486; x_wconf 82' lang='lat' dir='ltr'><strong>Denique</strong></span> <span class='ocrx_word' id='word_1_718' title='bbox 3156 4413 3461 4473; x_wconf 62' lang='lat' dir='ltr'><strong>Cenchreis</strong></span> 
     </span>
    </p>
   </div>
   <div class='ocr_carea' id='block_1_96' title="bbox 1871 4505 3458 4582">
    <p class='ocr_par' dir='ltr' id='par_1_96' title="bbox 1871 4505 3458 4582">
     <span class='ocr_line' id='line_1_96' title="bbox 1871 4505 3458 4582; baseline -0.006 -15"><span class='ocrx_word' id='word_1_719' title='bbox 1871 4511 2039 4567; x_wconf 85' lang='lat' dir='ltr'><strong>etiam</strong></span> <span class='ocrx_word' id='word_1_720' title='bbox 2066 4511 2253 4582; x_wconf 88' lang='lat' dir='ltr'><strong>potiti,</strong></span> <span class='ocrx_word' id='word_1_721' title='bbox 2287 4526 2414 4568; x_wconf 87' lang='lat' dir='ltr'>cum</span> <span class='ocrx_word' id='word_1_722' title='bbox 2443 4508 2734 4565; x_wconf 85' lang='lat' dir='ltr'><strong>audissent</strong></span> <span class='ocrx_word' id='word_1_723' title='bbox 2761 4507 3087 4562; x_wconf 84' lang='lat' dir='ltr'><strong>societatem</strong></span> <span class='ocrx_word' id='word_1_724' title='bbox 3128 4505 3458 4560; x_wconf 61' lang='lat' dir='ltr'><strong>Aelurorum</strong></span> 
     </span>
    </p>
   </div>
   <div class='ocr_carea' id='block_1_97' title="bbox 1873 4597 3457 4674">
    <p class='ocr_par' dir='ltr' id='par_1_97' title="bbox 1873 4597 3457 4674">
     <span class='ocr_line' id='line_1_97' title="bbox 1873 4597 3457 4674; baseline -0.004 -14"><span class='ocrx_word' id='word_1_725' title='bbox 1873 4620 1906 4660; x_wconf 88' lang='lat' dir='ltr'>a</span> <span class='ocrx_word' id='word_1_726' title='bbox 1951 4604 2213 4674; x_wconf 87' lang='lat' dir='ltr'><strong>Philippo</strong></span> <span class='ocrx_word' id='word_1_727' title='bbox 2240 4603 2471 4674; x_wconf 88' lang='lat' dir='ltr'><strong>petitam</strong></span> <span class='ocrx_word' id='word_1_728' title='bbox 2496 4616 2641 4668; x_wconf 84' lang='lat' dir='ltr'><strong>esse,</strong></span> <span class='ocrx_word' id='word_1_729' title='bbox 2673 4601 2885 4670; x_wconf 75' lang='lat' dir='ltr'><strong>legatos</strong></span> <span class='ocrx_word' id='word_1_730' title='bbox 2923 4608 2982 4653; x_wconf 89' lang='lat' dir='ltr'>et</span> <span class='ocrx_word' id='word_1_731' title='bbox 3026 4597 3132 4667; x_wconf 80' lang='lat' dir='ltr'><strong>ipsi</strong></span> <span class='ocrx_word' id='word_1_732' title='bbox 3176 4612 3286 4651; x_wconf 89' lang='lat' dir='ltr'>una</span> <span class='ocrx_word' id='word_1_733' title='bbox 3329 4611 3457 4655; x_wconf 85' lang='lat' dir='ltr'>cum</span> 
     </span>
    </p>
   </div>
   <div class='ocr_carea' id='block_1_98' title="bbox 1872 4686 3456 4754">
    <p class='ocr_par' dir='ltr' id='par_1_98' title="bbox 1872 4686 3456 4754">
     <span class='ocr_line' id='line_1_98' title="bbox 1872 4686 3456 4754; baseline -0.008 -1"><span class='ocrx_word' id='word_1_734' title='bbox 1872 4697 2308 4754; x_wconf 84' lang='lat' dir='ltr'><strong>Atheniensibus</strong></span> <span class='ocrx_word' id='word_1_735' title='bbox 2337 4695 2407 4751; x_wconf 85' lang='lat' dir='ltr'>ad</span> <span class='ocrx_word' id='word_1_736' title='bbox 2438 4695 2562 4750; x_wconf 89' lang='lat' dir='ltr'><strong>il&#39;os</strong></span> <span class='ocrx_word' id='word_1_737' title='bbox 2583 4694 2881 4748; x_wconf 87' lang='lat' dir='ltr'><strong>miserunt.</strong></span> <span class='ocrx_word' id='word_1_738' title='bbox 2910 4689 3078 4745; x_wconf 86' lang='lat' dir='ltr'><strong>Initio</strong></span> <span class='ocrx_word' id='word_1_739' title='bbox 3106 4687 3300 4744; x_wconf 61' lang='lat' dir='ltr'><strong>divisse</strong></span> <span class='ocrx_word' id='word_1_740' title='bbox 3331 4686 3456 4741; x_wconf 81' lang='lat' dir='ltr'><strong>fue-</strong></span> 
     </span>
    </p>
   </div>
   <div class='ocr_carea' id='block_1_99' title="bbox 1875 4777 3459 4851">
    <p class='ocr_par' dir='ltr' id='par_1_99' title="bbox 1875 4777 3459 4851">
     <span class='ocr_line' id='line_1_99' title="bbox 1875 4777 3459 4851; baseline -0.006 -6"><span class='ocrx_word' id='word_1_741' title='bbox 1875 4800 2006 4847; x_wconf 89' lang='lat' dir='ltr'><strong>runt</strong></span> <span class='ocrx_word' id='word_1_742' title='bbox 2032 4790 2356 4844; x_wconf 65' lang='lat' dir='ltr'><strong>Achaeorum</strong></span> <span class='ocrx_word' id='word_1_743' title='bbox 2391 4785 2704 4849; x_wconf 70' lang='lat' dir='ltr'><strong>sementim,</strong></span> <span class='ocrx_word' id='word_1_744' title='bbox 2738 4784 2860 4838; x_wconf 84' lang='lat' dir='ltr'><strong>aliis</strong></span> <span class='ocrx_word' id='word_1_745' title='bbox 2890 4782 3168 4851; x_wconf 88' lang='lat' dir='ltr'><strong>Philippo,</strong></span> <span class='ocrx_word' id='word_1_746' title='bbox 3195 4778 3321 4835; x_wconf 86' lang='lat' dir='ltr'><strong>aliis</strong></span> <span class='ocrx_word' id='word_1_747' title='bbox 3344 4777 3459 4835; x_wconf 66' lang='lat' dir='ltr'><strong>lle-</strong></span> 
     </span>
    </p>
   </div>
   <div class='ocr_carea' id='block_1_100' title="bbox 1874 4871 3459 4941">
    <p class='ocr_par' dir='ltr' id='par_1_100' title="bbox 1874 4871 3459 4941">
     <span class='ocr_line' id='line_1_100' title="bbox 1874 4871 3459 4941; baseline -0.01 0"><span class='ocrx_word' id='word_1_748' title='bbox 1874 4883 2057 4941; x_wconf 82' lang='lat' dir='ltr'><strong>manis</strong></span> <span class='ocrx_word' id='word_1_749' title='bbox 2116 4882 2321 4937; x_wconf 81' lang='lat' dir='ltr'><strong>auxilia</strong></span> <span class='ocrx_word' id='word_1_750' title='bbox 2392 4877 2845 4935; x_wconf 87' lang='lat' dir='ltr'><strong>decernentibus.</strong></span> <span class='ocrx_word' id='word_1_751' title='bbox 2896 4873 3005 4930; x_wconf 88' lang='lat' dir='ltr'><strong>Sed</strong></span> <span class='ocrx_word' id='word_1_752' title='bbox 3061 4888 3185 4928; x_wconf 83' lang='lat' dir='ltr'><strong>sero</strong></span> <span class='ocrx_word' id='word_1_753' title='bbox 3240 4871 3459 4935; x_wconf 83' lang='lat' dir='ltr'><strong>tandem</strong></span> 
     </span>
    </p>
   </div>
   <div class='ocr_carea' id='block_1_101' title="bbox 1878 4965 3460 5038">
    <p class='ocr_par' dir='ltr' id='par_1_101' title="bbox 1878 4965 3460 5038">
     <span class='ocr_line' id='line_1_101' title="bbox 1878 4965 3460 5038; baseline -0.008 -5"><span class='ocrx_word' id='word_1_754' title='bbox 1878 4976 2148 5033; x_wconf 81' lang='lat' dir='ltr'><strong>societate</strong></span> <span class='ocrx_word' id='word_1_755' title='bbox 2199 4974 2359 5037; x_wconf 88' lang='lat' dir='ltr'><strong>inita,</strong></span> <span class='ocrx_word' id='word_1_756' title='bbox 2409 4970 2665 5027; x_wconf 88' lang='lat' dir='ltr'><strong>Corinthi</strong></span> <span class='ocrx_word' id='word_1_757' title='bbox 2711 4966 3095 5038; x_wconf 71' lang='lat' dir='ltr'><strong>oppugnandae</strong></span> <span class='ocrx_word' id='word_1_758' title='bbox 3152 4965 3460 5035; x_wconf 80' lang='lat' dir='ltr'><strong>adjutores,</strong></span> 
     </span>
    </p>
   </div>
   <div class='ocr_carea' id='block_1_102' title="bbox 1875 5057 3459 5142">
    <p class='ocr_par' dir='ltr' id='par_1_102' title="bbox 1875 5057 3459 5142">
     <span class='ocr_line' id='line_1_102' title="bbox 1875 5057 3459 5142; baseline -0.008 -17"><span class='ocrx_word' id='word_1_759' title='bbox 1875 5076 2035 5142; x_wconf 89' lang='lat' dir='ltr'><strong>parte</strong></span> <span class='ocrx_word' id='word_1_760' title='bbox 2083 5067 2229 5123; x_wconf 89' lang='lat' dir='ltr'><strong>muri</strong></span> <span class='ocrx_word' id='word_1_761' title='bbox 2264 5066 2475 5136; x_wconf 87' lang='lat' dir='ltr'><strong>dejecta</strong></span> <span class='ocrx_word' id='word_1_762' title='bbox 2503 5103 2520 5129; x_wconf 89' lang='lat'>,</span> <span class='ocrx_word' id='word_1_763' title='bbox 2551 5062 2765 5118; x_wconf 87' lang='lat' dir='ltr'><strong>crebris</strong></span> <span class='ocrx_word' id='word_1_764' title='bbox 2798 5059 3189 5130; x_wconf 88' lang='lat' dir='ltr'><strong>eruptionibus</strong></span> <span class='ocrx_word' id='word_1_765' title='bbox 3225 5057 3459 5130; x_wconf 75' lang='lat' dir='ltr'><strong>fatigati,</strong></span> 
     </span>
    </p>
   </div>
   <div class='ocr_carea' id='block_1_103' title="bbox 1878 5151 3461 5223">
    <p class='ocr_par' dir='ltr' id='par_1_103' title="bbox 1878 5151 3461 5223">
     <span class='ocr_line' id='line_1_103' title="bbox 1878 5151 3461 5223; baseline -0.008 -5"><span class='ocrx_word' id='word_1_766' title='bbox 1878 5169 2256 5218; x_wconf 82' lang='lat' dir='ltr'><strong>recesserunt.</strong></span> <span class='ocrx_word' id='word_1_767' title='bbox 2300 5156 2511 5212; x_wconf 84' lang='lat' dir='ltr'><strong>Deinde</strong></span> <span class='ocrx_word' id='word_1_768' title='bbox 2553 5154 2768 5210; x_wconf 78' lang='lat' dir='ltr'><strong>veritus</strong></span> <span class='ocrx_word' id='word_1_769' title='bbox 2811 5152 3122 5223; x_wconf 85' lang='lat' dir='ltr'><strong>Philippus,</strong></span> <span class='ocrx_word' id='word_1_770' title='bbox 3164 5166 3237 5207; x_wconf 90' lang='lat' dir='ltr'>ne</span> <span class='ocrx_word' id='word_1_771' title='bbox 3272 5151 3461 5207; x_wconf 65' lang='lat' dir='ltr'><strong>multa</strong></span> 
     </span>
    </p>
   </div>
   <div class='ocr_carea' id='block_1_104' title="bbox 1879 5240 3460 5322">
    <p class='ocr_par' dir='ltr' id='par_1_104' title="bbox 1879 5240 3460 5322">
     <span class='ocr_line' id='line_1_104' title="bbox 1879 5240 3460 5322; baseline -0.01 -10"><span class='ocrx_word' id='word_1_772' title='bbox 1879 5255 2047 5312; x_wconf 88' lang='lat' dir='ltr'><strong>urbes</strong></span> <span class='ocrx_word' id='word_1_773' title='bbox 2090 5257 2464 5322; x_wconf 86' lang='lat' dir='ltr'><strong>caperentur,</strong></span> <span class='ocrx_word' id='word_1_774' title='bbox 2507 5246 2907 5304; x_wconf 85' lang='lat' dir='ltr'><strong>caduceatores</strong></span> <span class='ocrx_word' id='word_1_775' title='bbox 2960 5244 3031 5301; x_wconf 87' lang='lat' dir='ltr'>ad</span> <span class='ocrx_word' id='word_1_776' title='bbox 3066 5243 3354 5301; x_wconf 83' lang='lat' dir='ltr'><strong>consulem</strong></span> <span class='ocrx_word' id='word_1_777' title='bbox 3387 5240 3460 5297; x_wconf 85' lang='lat' dir='ltr'>de</span> 
     </span>
    </p>
   </div>
   <div class='ocr_carea' id='block_1_105' title="bbox 1878 5335 3460 5419">
    <p class='ocr_par' dir='ltr' id='par_1_105' title="bbox 1878 5335 3460 5419">
     <span class='ocr_line' id='line_1_105' title="bbox 1878 5335 3460 5419; baseline -0.009 -17"><span class='ocrx_word' id='word_1_778' title='bbox 1878 5362 2013 5419; x_wconf 88' lang='lat' dir='ltr'><strong>pace</strong></span> <span class='ocrx_word' id='word_1_779' title='bbox 2053 5345 2223 5400; x_wconf 88' lang='lat' dir='ltr'><strong>misit.</strong></span> <span class='ocrx_word' id='word_1_780' title='bbox 2259 5342 2518 5410; x_wconf 83' lang='lat' dir='ltr'><strong>Quicum</strong></span> <span class='ocrx_word' id='word_1_781' title='bbox 2542 5342 2669 5413; x_wconf 86' lang='lat' dir='ltr'><strong>ejus</strong></span> <span class='ocrx_word' id='word_1_782' title='bbox 2707 5338 3004 5411; x_wconf 81' lang='lat' dir='ltr'><strong>postulatis</strong></span> <span class='ocrx_word' id='word_1_783' title='bbox 3043 5335 3367 5401; x_wconf 83' lang='lat' dir='ltr'><strong>annuisset,</strong></span> <span class='ocrx_word' id='word_1_784' title='bbox 3402 5341 3460 5388; x_wconf 83' lang='lat' dir='ltr'>et</span> 
     </span>
    </p>
   </div>
   <div class='ocr_carea' id='block_1_106' title="bbox 1881 5430 3458 5510">
    <p class='ocr_par' dir='ltr' id='par_1_106' title="bbox 1881 5430 3458 5510">
     <span class='ocr_line' id='line_1_106' title="bbox 1881 5430 3458 5510; baseline -0.008 -17"><span class='ocrx_word' id='word_1_785' title='bbox 1881 5439 1985 5510; x_wconf 83' lang='lat' dir='ltr'><strong>ipsi</strong></span> <span class='ocrx_word' id='word_1_786' title='bbox 2045 5446 2104 5493; x_wconf 90' lang='lat' dir='ltr'>et</span> <span class='ocrx_word' id='word_1_787' title='bbox 2161 5435 2300 5491; x_wconf 90' lang='lat' dir='ltr'><strong>socii</strong></span> <span class='ocrx_word' id='word_1_788' title='bbox 2346 5442 2777 5491; x_wconf 84' lang='lat' dir='ltr'><strong>convenerunt:</strong></span> <span class='ocrx_word' id='word_1_789' title='bbox 2817 5432 2919 5489; x_wconf 88' lang='lat' dir='ltr'>sed</span> <span class='ocrx_word' id='word_1_790' title='bbox 2950 5430 3089 5487; x_wconf 89' lang='lat' dir='ltr'><strong>nihil</strong></span> <span class='ocrx_word' id='word_1_791' title='bbox 3139 5436 3324 5491; x_wconf 81' lang='lat' dir='ltr'><strong>actum</strong></span> <span class='ocrx_word' id='word_1_792' title='bbox 3370 5435 3458 5483; x_wconf 85' lang='lat' dir='ltr'>est</span> 
     </span>
    </p>
   </div>
   <div class='ocr_carea' id='block_1_107' title="bbox 1880 5520 3459 5599">
    <p class='ocr_par' dir='ltr' id='par_1_107' title="bbox 1880 5520 3459 5599">
     <span class='ocr_line' id='line_1_107' title="bbox 1880 5520 3459 5599; baseline -0.009 -12"><span class='ocrx_word' id='word_1_793' title='bbox 1880 5531 2066 5595; x_wconf 87' lang='lat' dir='ltr'><strong>aliud,</strong></span> <span class='ocrx_word' id='word_1_794' title='bbox 2112 5530 2221 5584; x_wconf 90' lang='lat' dir='ltr'><strong>nisi</strong></span> <span class='ocrx_word' id='word_1_795' title='bbox 2250 5527 2398 5599; x_wconf 85' lang='lat' dir='ltr'><strong>quod</strong></span> <span class='ocrx_word' id='word_1_796' title='bbox 2423 5525 2682 5597; x_wconf 82' lang='lat' dir='ltr'><strong>Philippo</strong></span> <span class='ocrx_word' id='word_1_797' title='bbox 2716 5526 2924 5596; x_wconf 79' lang='lat' dir='ltr'><strong>legatos</strong></span> <span class='ocrx_word' id='word_1_798' title='bbox 2968 5523 3198 5579; x_wconf 77' lang='lat' dir='ltr'><strong>Romam</strong></span> <span class='ocrx_word' id='word_1_799' title='bbox 3240 5520 3459 5574; x_wconf 78' lang='lat' dir='ltr'><strong>mittere</strong></span> 
     </span>
    </p>
   </div>
   <div class='ocr_carea' id='block_1_108' title="bbox 1880 5612 3456 5688">
    <p class='ocr_par' dir='ltr' id='par_1_108' title="bbox 1880 5612 3456 5688">
     <span class='ocr_line' id='line_1_108' title="bbox 1880 5612 3456 5688; baseline -0.012 -6"><span class='ocrx_word' id='word_1_800' title='bbox 1880 5641 1965 5682; x_wconf 80' lang='grc' dir='ltr'>εει</span> <span class='ocrx_word' id='word_1_801' title='bbox 1992 5636 2317 5679; x_wconf 87' lang='lat' dir='ltr'><strong>concessum</strong></span> <span class='ocrx_word' id='word_1_802' title='bbox 2351 5637 2367 5677; x_wconf 89' lang='lat'><strong>:</strong></span> <span class='ocrx_word' id='word_1_803' title='bbox 2395 5635 2463 5676; x_wconf 84' lang='lat' dir='ltr'>ac</span> <span class='ocrx_word' id='word_1_804' title='bbox 2487 5634 2560 5675; x_wconf 85' lang='lat' dir='ltr'>ne</span> <span class='ocrx_word' id='word_1_805' title='bbox 2588 5618 2671 5674; x_wconf 85' lang='lat' dir='ltr'>ibi</span> <span class='ocrx_word' id='word_1_806' title='bbox 2696 5617 2920 5688; x_wconf 87' lang='lat' dir='ltr'><strong>quidem</strong></span> <span class='ocrx_word' id='word_1_807' title='bbox 2950 5613 3252 5685; x_wconf 77' lang='lat' dir='ltr'><strong>quidquam</strong></span> <span class='ocrx_word' id='word_1_808' title='bbox 3279 5612 3456 5682; x_wconf 62' lang='lat' dir='ltr'><strong>impe.</strong></span> 
     </span>
    </p>
   </div>
   <div class='ocr_carea' id='block_1_109' title="bbox 1396 5764 2263 5829">
    <p class='ocr_par' dir='ltr' id='par_1_109' title="bbox 1396 5764 2263 5829">
     <span class='ocr_line' id='line_1_109' title="bbox 1396 5764 2263 5829; baseline -0.005 -4"><span class='ocrx_word' id='word_1_809' title='bbox 1396 5764 1596 5827; x_wconf 71' lang='lat' dir='ltr'><strong>Variae</strong></span> <span class='ocrx_word' id='word_1_810' title='bbox 1620 5764 1931 5829; x_wconf 85' lang='lat' dir='ltr'><strong>lectiones</strong></span> <span class='ocrx_word' id='word_1_811' title='bbox 1975 5771 2038 5825; x_wconf 89' lang='lat' dir='ltr'>et</span> <span class='ocrx_word' id='word_1_812' title='bbox 2070 5768 2263 5824; x_wconf 65' lang='lat' dir='ltr'><strong>notae.</strong></span> 
     </span>
    </p>
   </div>
   <div class='ocr_carea' id='block_1_110' title="bbox 208 5889 1660 5964">
    <p class='ocr_par' dir='ltr' id='par_1_110' title="bbox 208 5889 1660 5964">
     <span class='ocr_line' id='line_1_110' title="bbox 208 5889 1660 5964; baseline 0.002 -21"><span class='ocrx_word' id='word_1_813' title='bbox 208 5922 213 5925; x_wconf 59' lang='grc' dir='ltr'>τ</span> <span class='ocrx_word' id='word_1_814' title='bbox 280 5890 387 5959; x_wconf 66' lang='grc'>(45)</span> <span class='ocrx_word' id='word_1_815' title='bbox 426 5891 686 5947; x_wconf 67' lang='grc' dir='ltr'>Βαίϐιον.</span> <span class='ocrx_word' id='word_1_816' title='bbox 726 5891 802 5947; x_wconf 88' lang='lat' dir='ltr'>lta</span> <span class='ocrx_word' id='word_1_817' title='bbox 834 5890 989 5964; x_wconf 75' lang='lat' dir='ltr'><strong>Regii</strong></span> <span class='ocrx_word' id='word_1_818' title='bbox 1021 5890 1153 5960; x_wconf 82' lang='lat' dir='ltr'><strong>duo,</strong></span> <span class='ocrx_word' id='word_1_819' title='bbox 1184 5889 1424 5948; x_wconf 84' lang='lat' dir='ltr'><strong>Colbert.</strong></span> <span class='ocrx_word' id='word_1_820' title='bbox 1457 5892 1660 5947; x_wconf 77' lang='grc' dir='ltr'>Βαξῖον.</span> 
     </span>
    </p>
   </div>
   <div class='ocr_carea' id='block_1_111' title="bbox 1950 5873 3362 5960">
    <p class='ocr_par' dir='ltr' id='par_1_111' title="bbox 1950 5873 3362 5960">
     <span class='ocr_line' id='line_1_111' title="bbox 1950 5873 3362 5960; baseline -0.016 -14"><span class='ocrx_word' id='word_1_821' title='bbox 1950 5887 2064 5960; x_wconf 67' lang='grc' dir='ltr'>(ιι)</span> <span class='ocrx_word' id='word_1_822' title='bbox 2098 5884 2375 5955; x_wconf 66' lang='grc' dir='ltr'>Οὑιίλιος.</span> <span class='ocrx_word' id='word_1_823' title='bbox 2409 5879 2714 5953; x_wconf 66' lang='lat' dir='ltr'><strong>Duoltegii</strong></span> <span class='ocrx_word' id='word_1_824' title='bbox 2742 5890 2797 5937; x_wconf 89' lang='lat' dir='ltr'>et</span> <span class='ocrx_word' id='word_1_825' title='bbox 2817 5877 3063 5950; x_wconf 80' lang='lat' dir='ltr'><strong>qubert.</strong></span> <span class='ocrx_word' id='word_1_826' title='bbox 3086 5873 3362 5939; x_wconf 80' lang='grc' dir='ltr'>Οὺῖάλιος.</span> 
     </span>
    </p>
   </div>
  </div>
