3896 6564
235 388 341 458 τοι
1509 397 1918 461 ANNALIUM
1959 400 2106 461 LIB.
2152 399 2261 465 IX.
3384 404 3498 470 762

234 503 514 559 ναυτικοῦ
567 503 678 570 ὢν,
730 503 858 560 ἐπεὶ
919 504 996 578 μὴ
1055 505 1238 563 ἔπειθε
1304 507 1431 573 τοὺς
1484 509 1820 582 ’Δκαρνάνας

1927 512 2222 583 quinquies
2249 513 2396 570 mille
2430 515 2608 572 aleret
2641 557 2656 582 ,
2711 533 2891 591 neque
2922 521 3020 577 ulll
3059 523 3217 578 extra
3265 534 3498 593 regnum

234 592 338 664 μὲν
372 595 694 665 συμμαχεῖν
723 593 803 662 τῷ
840 593 1115 664 Φιλίππῳ,
1151 596 1252 665 τήν
1291 612 1350 650 τε
1381 595 1632 651 Λευκάδα
1670 595 1820 650 πολι-

1925 621 2086 673 suum
2152 605 2356 661 bellum
2412 609 2636 666 taceret.
2693 611 2828 667 Nam
2880 623 3109 670 caeteros
3162 592 3348 669 urbes
3387 620 3497 666 tam

231 682 402 753 ορκίᾳ
463 680 604 750 εἷλε,
662 684 956 749 κάκείνους
985 685 1125 756 μετά
1177 685 1336 740 τοῦτο
1378 686 1476 758 τὴν
1511 681 1683 758 ἧτταν
1724 686 1820 740 τοῦ

1925 697 2156 754 Asianus
2209 715 2375 770 quam
2435 701 2762 773 Europa-as,
2809 721 2932 774 quas
2985 706 3139 776 prius
3181 706 3231 760 ei
3288 705 3496 758 servie-

229 771 518 826 Φιλίππου
549 773 781 841 γνόντας
812 776 943 846 ῥᾷον
976 777 1496 846 συμπαρεστήσατο.
1534 777 1688 830 Οὕτω
1723 782 1820 847 μὲν

1929 798 2092 852 rant,
2146 789 2346 846 liberas
2377 791 2727 848 dimiserunt.
2760 793 3030 850 Consules
3059 796 3240 850 denuo
3289 794 3496 859 Gallos,

229 863 259 915 δ
286 863 676 930 Μακεδονικὸς
707 867 924 922 ἐλέλυτο
947 867 1209 938 πόλεμος,
1240 870 1334 922 καὶ
1357 870 1405 922 οί
1436 872 1495 924 ὲν
1529 873 1592 941 τῇ
1633 870 1820 944 Ῥώμῃ

1933 876 2029 930 sed
2055 893 2165 931 non
2196 879 2333 934 citra
2363 881 2607 936 laborem
2636 894 2690 940 et
2715 901 3038 948 :erumnam,
3068 886 3424 954 subegerunt.

227 954 308 1024 τῷ
345 956 614 1047 Φιλίππῳ
646 959 977 1030 ἑτοιμότατα
1006 963 1415 1034 συνελλάγησαν
1485 965 1576 1016 ἐπὶ
1619 963 1696 1034 τῷ
1759 963 1888 1029 τοὺς
1923 954 2311 1038 αἰχμαλώτους
2368 975 2464 1027 καὶ
2515 976 2640 1040 τοὺς
2683 978 3016 1047 αὐτομόλους
3054 977 3348 1033 ἀποδοῦναι
3405 986 3498 1038 καὶ

226 1048 356 1138 τους
408 1046 723 1117 ἐλέφαντας
778 1049 879 1114 τάς
933 1069 992 1104 τε
1040 1055 1308 1126 τριήρεις,
1361 1054 1502 1124 πλὴν
1543 1053 1702 1107 πέντε
1752 1055 1987 1126 καὶτῆς
2058 1062 2419 1130 στρατηγίδος
2470 1065 2641 1134 αὐτῆς
2679 1046 2848 1136 οὖσης
2889 1067 3360 1138 ἑκκαιδεκήρουςο
3402 1065 3499 1119 καὶ

225 1137 506 1208 χρήματα
561 1140 660 1208 μὲν
705 1138 908 1194 αὐτίκα
951 1141 1158 1207 δοῦναι,
1211 1143 1278 1196 τὰ
1344 1142 1396 1196 δὲ
1445 1145 1540 1196 καὶ⁹
1583 1146 1641 1196 ὲν
1707 1143 1893 1210 τάξεσι
1931 1161 2079 1199 τισι*
2137 1149 2230 1202 καὶ
2277 1151 2449 1221 μόνης
2496 1157 2596 1225 τῆς
2643 1156 2983 1220 Μακεδονίας
3035 1137 3362 1228 βασιλεύειν,
3425 1156 3500 1227 μὴ

227 1230 465 1295 πλεῑους
510 1229 565 1283 τ’
632 1229 781 1300 ἔχειν
848 1230 1193 1301 στρατιώτας
1241 1232 1353 1286 τῶν
1414 1232 1896 1303 πεντακισχιλίων,
1941 1235 2081 1306 μήτε
2146 1237 2385 1310 πόλεμον
2441 1240 2546 1306 ἔξω
2595 1243 2694 1312 τῆς
2739 1245 2935 1297 ἑαυτοῦ
2981 1245 3168 1316 χώρας
3220 1241 3502 1298 ποιεῖσθαί

225 1343 356 1380 τινι.
399 1323 528 1388 Τὰς
559 1322 670 1393 γὰρ
703 1324 873 1388 ἄλλας
906 1323 1090 1390 πόλεις
1154 1325 1256 1389 τάς
1293 1343 1349 1380 τε
1382 1327 1438 1381 ἐν
1461 1328 1526 1397 τῇ
1559 1325 1714 1398 Ἀσίᾳ
1761 1329 1855 1382 καὶ
1891 1332 1960 1401 τῇ
2029 1331 2293 1406 Εὐρώπῃ,
2327 1337 2431 1398 τὰς
2462 1336 2590 1407 πρὶν
2615 1337 2974 1404 δουλευούσας
3003 1340 3172 1410 αὐτῷ,
3211 1340 3501 1412 ἐλευθέρας

226 1413 506 1484 ἀφῆκαν.
572 1415 638 1470 Ol
691 1415 736 1468 δ’
788 1413 988 1470 ὕπατοι
1050 1419 1165 1482 τοῖς
1212 1416 1480 1482 Γαλάταις
1519 1413 1678 1481 αὖθις
1722 1418 1823 1472 οὐκ
1859 1420 2261 1494 ἀταλαιπώρως
2328 1424 2706 1497 ἐπολέμησαν,
2760 1429 2908 1500 ὅμως
2941 1430 3126 1500 μέντοι
3157 1429 3252 1482 καὶ
3279 1430 3502 1496 τούτους

227 1508 548 1577 ὑπέταξαν.

295 1599 403 1657 ιτ.
443 1604 688 1672 Πόρκιος
719 1602 776 1657 δὲ
809 1604 1007 1658 Κάτων
1035 1603 1246 1668 ὕπατος
1274 1604 1519 1674 αἱρεθεὶς
1553 1604 1653 1677 τὴν
1677 1603 1820 1676 Ἰϐη-

1991 1603 2158 1660 XVll.
2213 1605 2446 1663 Porcius
2499 1609 2634 1665 Cato
2691 1611 2888 1666 consul
2935 1611 3255 1683 designatus
3308 1613 3502 1685 Hispa-

231 1695 356 1763 ρὶαν
423 1694 633 1766 μικρὸν
690 1698 874 1750 πᾶσαν
918 1696 1372 1768 άλλοτριωθεϊσαν
1453 1699 1819 1770 ἀνεκτήσατο,

1925 1695 2068 1750 niam
2105 1712 2245 1769 pene
2292 1707 2460 1754 totam
2509 1700 2801 1756 alicnatam
2844 1705 3214 1772 recuperarit,
3264 1707 3350 1759 vir
3391 1706 3502 1762 illis

227 1787 329 1854 άνῆ
340 1805 373 1858 ρ
398 1787 579 1860 ἀρετῇ
617 1787 767 1861 πάσῃ
794 1789 922 1851 τοὺς
952 1788 1072 1842 τότε
1096 1789 1284 1843 νικῶν.
1305 1789 1490 1859 Νόμου
1529 1790 1586 1843 δὲ
1639 1790 1820 1844 τεθέν-

1926 1790 2272 1858 temporibus
2325 1792 2587 1847 omnibus
2641 1795 2941 1850 virtutibus
2988 1797 3497 1865 pratstantissimns.

226 1896 326 1943 τος
365 1879 526 1950 μετὰ
549 1878 646 1952 τὴν
671 1881 728 1934 ὲν
759 1878 1000 1944 Κάνναις
1031 1883 1144 1944 τοῖς
1203 1881 1496 1953 Ῥωμαίοις
1543 1883 1820 1953 συμϐᾶσαν

1929 1878 2067 1934 Cum
2100 1889 2283 1933 autem
2309 1892 2431 1950 post
2459 1880 2802 1940 Cannensem
2828 1884 3039 1939 cluletn
3075 1886 3160 1939 lex
3194 1895 3340 1941 esset
3364 1886 3496 1954 lata,

227 1968 431 2044 ἧτταν,
477 1971 560 2044 μὴ
608 1977 966 2045 χρυσοφορεῖν
1005 1974 1103 2038 τὰς
1151 1979 1414 2045 γυναῖκας
1457 1977 1594 2048 μήτε
1643 1977 1820 2050 διφρο-

1931 1987 2000 2027 ne
2047 1973 2310 2028 mulieres
2354 1988 2550 2028 aurum
2579 1984 2879 2046 gestarent,
2910 1993 3047 2032 neve
3083 1977 3352 2032 vehiculis
3403 1986 3501 2033 aut

231 2067 557 2136 ςιορεῖσθαι,
623 2068 752 2140 μήθ’
808 2068 945 2132 ὅλως
993 2067 1179 2135 ἐσθῆτι
1223 2072 1572 2140 καταστίκτῳ
1625 2069 1820 2138 κεχρῆ-

1936 2065 2088 2120 varia
2112 2073 2265 2120 veste
2297 2072 2608 2130 uterentur,
2644 2076 2700 2124 ct
2727 2068 2965 2138 populus
2997 2079 3179 2124 utrum
3221 2085 3286 2124 ea
3337 2069 3501 2125 οὶ»το-

233 2159 388 2222 σθαι,
423 2159 456 2213 ὸ
479 2159 679 2231 δῆμος,
710 2161 760 2213 εί
790 2159 896 2230 χρὴ
929 2160 1238 2214 καταλύσαι
1269 2160 1360 2213 τὸν
1390 2159 1580 2230 νόμον,
1627 2159 1820 2231 βουλὴν

1929 2157 2104 2228 ganda
2126 2167 2298 2222 esset,
2327 2173 2526 2222 necne,
2569 2158 2930 2225 deliberaret,
2945 2146 3083 2215 Cato
3103 2176 3205 2231 pro
3232 2162 3500 2216 concione

229 2250 511 2318 lmtslto,
551 2255 646 2306 καὶ
701 2252 833 2322 περὶ
880 2252 1074 2304 τούτου
1106 2254 1132 2304 ό
1169 2252 1364 2304 Κάτων
1412 2251 1820 2324 ἐδημηγόρησε,

1929 2265 2049 2303 eam
2075 2249 2419 2304 retinendam
2442 2264 2564 2305 esse
2587 2251 2783 2316 suasit,
2803 2267 2927 2307 cum
2960 2251 3062 2306 hac
3091 2252 3452 2308 conclusione
3476 2267 3493 2307 :

231 2343 344 2396 δεῖν
378 2343 828 2409 κατασκευάζων
883 2342 976 2396 τὸν
1012 2343 1180 2414 νόμον
1214 2345 1464 2412 κρατεῖν,
1521 2345 1618 2396 καὶ
1669 2343 1820 2407 τέλος

1929 2338 2198 2394 Ornentur
2235 2340 2398 2410 igitur
2440 2340 2716 2404 mulieres,
2771 2358 2875 2395 non
2905 2359 3058 2409 auro,
3092 2360 3194 2397 non
3255 2346 3498 2415 gemmis,

233 2436 422 2488 ταῦτα
454 2436 729 2506 ἐπήγαγεο
761 2436 1244 2505 Κοσμείσθωσαν
1271 2431 1385 2491 οὖν
1423 2438 1484 2491 al
1517 2435 1820 2504 γυναῖκες,

1929 2447 2032 2485 non
2053 2431 2302 2500 acupictis
2332 2441 2426 2486 aut
2448 2425 2673 2504 byssin’is
2696 2434 2940 2498 vestibus,
2977 2435 3068 2488 sed
3094 2437 3368 2496 modestia.
3393 2454 3502 2490 ma-

232 2526 392 2596 μήτε
434 2527 646 2596 χρυσῷ
697 2526 852 2596 μηδὲ
902 2527 1164 2596 λίθοιςῆ
1199 2543 1362 2581 τισιν
1390 2528 1678 2597 ἀνθηροῖς
1726 2528 1820 2582 καί

1931 2523 2154 2576 ritorum
2207 2524 2563 2588 obseruantia,
2613 2525 2896 2578 liberorum
2944 2527 3486 2588 amorc,obcdientia.

236 2617 599 2686 ἁμορτῖνοις
625 2615 985 2684 ἐσθήμασιν,
1013 2616 1170 2670 ἀλλὰ
1193 2618 1580 2687 σωφροσύνῃ,
1610 2621 1820 2688 φιλαν-

1930 2612 2307 2679 modcratione,
2328 2613 2523 2684 legibus
2545 2616 2795 2682 civitatis,
2816 2617 2980 2670 armis
3007 2619 3223 2681 nostris,
3242 2617 3498 2679 victoriis.

236 2707 402 2774 δρία,
439 2708 812 2779 φιλοτεχνίᾳ,
842 2708 1052 2767 πειθοῖ,
1082 2711 1441 2778 μετριότητι,
1465 2710 1591 2776 τοῖς
1619 2711 1820 2780 νόμοις

1928 2706 2230 2775 triumphis.
2271 2705 2378 2762 Sed
2413 2705 2477 2761 L.
2516 2705 2769 2762 Valerius
2809 2709 3063 2764 tribunus
3099 2709 3277 2777 plebis
3304 2707 3500 2764 Catoni

239 2798 370 2864 τοῖς
409 2799 737 2868 κειμένοις,
770 2800 898 2867 τοῖς
937 2799 1151 2867 ὅπλοις
1175 2801 1300 2868 τοῖς
1331 2803 1664 2871 ἡμετέροις,
1696 2804 1820 2871 ταῖς

1927 2799 2276 2864 adversatus.
2302 2810 2497 2856 auctor
2522 2802 2649 2870 fuit,
2684 2813 2745 2858 ut
2773 2804 3102 2860 mulieribus
3123 2806 3298 2876 patria
3333 2819 3502 2859 orna-

241 2891 472 2956 νίκαις,
503 2891 630 2958 τοῖς
655 2893 984 2961 τροπαίοις.
1025 2893 1256 2956 Λούκιος
1297 2893 1354 2947 δὲ
1397 2895 1690 2966 Οὐαλέριος
1727 2896 1820 2964 δή·

1933 2900 2120 2946 menta
2165 2892 2569 2960 redderentur;
2606 2911 2712 2965 qua
2749 2897 2817 2953 de
2862 2913 2921 2953 re
2947 2913 3071 2954 cum
3117 2897 3186 2954 ad
3235 2900 3498 2971 populum

249 2997 468 3052 μαρχος
499 2982 794 3050 ἀντιλέγων
818 2983 895 3053 τῷ
925 2985 1144 3038 Κάτωνι
1171 2985 1468 3056 διειλέχθη,
1487 2986 1820 3056 ἀποδοθῆναι

1929 2984 2100 3038 multa
2119 2985 2284 3040 verba
2305 2985 2546 3052 fecisset,
2568 2989 2817 3044 oratione
2837 2990 2905 3045 ad
2924 2992 3184 3046 Catonem
3200 3007 3496 3048 conversa:

249 3073 647 3142 συμϐουλεύων
673 3077 792 3138 ταῖς
823 3076 1044 3142 γυναιξδ⁸
1085 3077 1176 3130 τὸν
1206 3077 1411 3148 κόσμον
1440 3078 1531 3132 τὸν
1568 3077 1821 3151 πάτριον,

247 3166 344 3218 καὶ
409 3165 585 3220 πολλὰ
646 3167 777 3235 περὶ
829 3165 1021 3221 τούτου
1069 3168 1206 3240 πρὸς
1261 3168 1352 3223 τὸν
1408 3169 1579 3240 δῆμον
1629 3169 1820 3236 εἰπὼν,

1934 3074 2044 3140 Τιι,
2103 3075 2258 3138 Cato.
2311 3077 2512 3149 inquit,
2544 3081 2590 3134 si
2640 3091 2953 3136 ornamenta
3003 3083 3282 3138 mulierum
3321 3086 3501 3154 iniquo

1932 3169 2112 3222 animo
2145 3172 2363 3238 pateris,
2391 3181 2440 3224 et
2488 3171 2694 3242 aliquid
2732 3175 3072 3246 magniﬁcum
3102 3183 3150 3228 et
3198 3176 3500 3246 philosopho

247 3251 369 3310 εἶτα
409 3256 548 3326 πρὸς
578 3257 668 3310 τὸν
698 3259 932 3313 Κάτωνα
962 3259 1052 3314 τὸν
1076 3260 1236 3330 λόγον
1264 3261 1538 3326 ἀπέτεινε,
1571 3263 1664 3317 καὶ
1695 3263 1820 3334 ἔφη·

1930 3259 2145 3329 dignum
2169 3269 2423 3329 prastare
2444 3263 2612 3332 cupis,
2646 3263 2700 3316 in
2737 3266 2914 3318 orbem
2947 3282 3036 3320 eas
3069 3267 3266 3331 radito,
3307 3267 3499 3322 tunicis

248 3347 328 3401 Σὺ
381 3347 459 3413 δ’,
500 3344 547 3402 ὦ
575 3347 803 3413 Κάτων,
835 3351 889 3404 el
917 3350 1071 3422 ἄχθῃ
1101 3350 1180 3418 τῷ
1207 3356 1413 3423 κόσμῳ
1450 3352 1569 3408 τῶν
1615 3371 1826 3424 γυναι-

247 3436 375 3491 κῶν
401 3437 500 3492 καί
548 3439 766 3504 βούλει
790 3442 1136 3514 φιλόσοφόν
1162 3462 1215 3499 τι
1242 3445 1493 3515 ποιῆσαι
1523 3445 1622 3499 καὶ
1642 3463 1825 3517 para.

247 3530 580 3598 λοπρεπὲς,
619 3533 944 3601 ἀπόκειρον
1006 3537 1194 3603 αὐτὰς
1243 3539 1668 3607 περιτρόχαλα,
1724 3537 1823 3592 και

250 3625 657 3691 χιτωνίσκους
680 3626 778 3678 καὶ
813 3626 1106 3696 ἐξωμίδας
1133 3627 1421 3691 ἕνδυσον,
1451 3629 1550 3683 καὶ
1585 3628 1662 3697 νὴ
1709 3629 1818 3682 Δία

248 3717 327 3771 σύ
384 3733 453 3785 γε
483 3717 580 3770 καὶ
617 3718 902 3784 ὅπλισον,
933 3721 1027 3790 ἐφ’
1059 3723 1282 3793 ἵππους
1336 3739 1401 3776 τε
1431 3722 1824 3788 ἀναόίϐασον,

253 3805 352 3857 καὶ
396 3806 450 3859 ει
474 3804 645 3859 δοκεῖ
673 3823 794 3872 σοι,
825 3808 920 3860 καὶ
951 3811 1038 3875 εἰς
1077 3808 1193 3876 τὴν
1225 3809 1489 3877 Ἰϐηρίαν
1539 3810 1828 3880 ἀνάγαγε,

253 3898 416 3964 ὅπως
454 3916 521 3953 τε
549 3899 648 3953 καὶ
684 3899 803 3952 τῶν
839 3899 1192 3968 ἐκκλησιῶν
1242 3901 1624 3957 κοινωνῶσιν
1655 3903 1824 3971 ἡμῖν.

252 3990 356 4044 Kal
381 3990 563 4059 δεῦρο
609 3993 799 4060 αὑτὰς
853 3993 1280 4063 εἰσφερώμεθα.
1329 3995 1438 4047 Καὶ
1463 3996 1490 4048 ὁ
1527 3996 1626 4065 μιν
1677 3996 1818 4049 Οὐα-

251 4081 432 4154 λέριος
465 4084 640 4139 ταῦτα
685 4083 1052 4140 ἐπισκώπτων
1102 4082 1257 4140 εἶπεν
1288 4100 1306 4118 ⁸
1339 4086 1642 4143 ἀκούσασαι
1677 4087 1732 4142 δὲ
1759 4088 1816 4142 αἱ

250 4181 507 4244 γυναῖκες
546 4178 568 4248 (
584 4179 749 4248 ἐγγὺς
779 4177 886 4248 γὰρ
913 4177 1014 4249 τῆς
1043 4179 1252 4250 ἀγοράς
1288 4179 1482 4233 πολλώ⁹
1529 4179 1822 4250 διέτριϐον,

252 4266 805 4337 πολυπραγμονοῦσαι
855 4269 917 4322 τὺ
985 4271 1401 4341 γενησόμενον)
1459 4272 1826 4344 εἰσεπήδησαν

253 4359 332 4422 είς
377 4357 479 4430 τὴν
548 4358 850 4430 ικκλησίαν
902 4360 1252 4417 καταϐοῶσαι
1302 4362 1398 4417 τοῦ
1449 4363 1640 4431 νόμου.
1712 4363 1826 4417 Καὶ

253 4450 396 4506 οὕτω
454 4452 661 4523 σπουδῇ
717 4453 970 4518 λυθέντος
1027 4453 1194 4508 αὐτοῦ
1267 4455 1602 4524 άνεδὴσαντο
1658 4455 1820 4516 εὐθὺς

1928 3359 1977 3402 et
2003 3350 2184 3420 palliis
2206 3353 2431 3413 imluito.
2452 3363 2610 3424 atque
2629 3356 2813 3417 etiam,
2853 3357 2898 3409 si
2922 3358 3018 3410 diis
3045 3357 3237 3427 placet,
3259 3368 3494 3422 armato.

1929 3449 1978 3492 ct
2000 3441 2146 3512 cquis
2200 3441 2470 3512 impositas
2501 3445 2553 3496 in
2584 3443 2899 3514 Hispaniam
2921 3446 3113 3508 ducito,
3166 3456 3323 3516 atque
3361 3447 3494 3501 adeo

1927 3531 2027 3584 huc
2057 3531 2321 3598 adducito,
2350 3541 2406 3586 ut
2430 3543 2476 3588 et
2498 3536 2829 3589 roncionibus
2859 3538 3050 3591 nostris
3074 3538 3337 3591 intersint.
3363 3538 3494 3608 Age,

1931 3638 2263 3676 accersamus
2301 3640 2390 3678 eas
2425 3626 2542 3679 huc.
2569 3624 2705 3681 Cum
2739 3625 2856 3682 hinc
2882 3626 3114 3682 dicteria
3149 3627 3349 3682 Valerii
3377 3644 3502 3682 mu-

1928 3713 2096 3768 lieres
2131 3714 2475 3770 audivissent
2509 3716 2719 3780 (multa:
2755 3719 2902 3773 enim
2948 3729 3183 3775 eventus
3211 3729 3501 3790 exspecta-

1931 3804 2083 3859 tione
2113 3819 2418 3874 suspensaz.
2444 3807 2601 3877 juxta
2639 3807 2821 3864 forum
2850 3811 3239 3881 versabantur)
3277 3812 3330 3866 in
3363 3827 3498 3867 conc

1929 3893 2147 3948 cionem
2204 3893 2549 3965 irruperunt,
2624 3907 2817 3953 contra
2870 3900 3048 3968 legem
3104 3902 3499 3958 vociferantes.

1928 3985 2046 4054 Qua
2088 3990 2227 4042 citra
2288 3989 2697 4044 cunctationem
2759 3989 2959 4056 soluta,
3001 3995 3185 4048 statim
3226 3993 3301 4048 ibi
3337 4007 3503 4048 orna-
3601 4000 3608 4006 '

1930 4078 2133 4134 mentis
2187 4077 2520 4148 quibusdam
2574 4081 2831 4152 sumptis,
2883 4098 3010 4137 cum
3053 4085 3310 4156 tripudiis
3351 4085 3504 4140 abie-

1929 4177 2086 4226 runt.
2142 4168 2280 4226 Cato
2327 4169 2382 4224 in
2421 4169 2738 4241 llispaniam
2798 4175 3097 4244 profectus,
3157 4177 3329 4250 ’448
3374 4193 3501 4232 cum

1927 4281 2121 4323 omnes
2145 4281 2321 4336 usque
2341 4263 2410 4319 ad
2437 4263 2654 4320 Iberum
2674 4265 3046 4336 conSpirasse,
3070 4276 3234 4337 atque
3255 4269 3308 4322 in
3329 4283 3500 4322 unum

1928 4357 2259 4414 convenisse
2289 4356 2600 4418 didicisset.
2648 4364 2710 4411 ut
2756 4357 2928 4412 semel
2977 4357 3223 4415 universi
3278 4375 3402 4414 cmn
3433 4374 3503 4414 eo

1912 4458 2276 4521 pugnarent:
2305 4451 2495 4521 praelio
2523 4452 2700 4506 victos
2733 4450 2800 4505 ad
2833 4450 3171 4506 deditionem
3213 4453 3500 4522 compulit,

252 4545 368 4598 ικεῖ
407 4545 467 4598 ἐν
510 4547 576 4613 τῇ
604 4543 873 4619 ἐκκλησίᾳ
901 4545 1108 4616 κόσμον
1155 4545 1301 4612 τινὰ,
1333 4546 1430 4601 καὶ
1477 4547 1703 4614 ἐξῆλθον
1737 4564 1820 4617 χο·-

1933 4547 2269 4603 metuentes,
2302 4553 2371 4593 ne
2400 4539 2594 4595 eodem
2628 4551 2841 4596 terrore
2882 4543 3048 4595 etiam
3083 4541 3250 4596 urbes
3277 4543 3501 4598 amitte-

253 4635 535 4711 ρεύουσαι.
601 4636 659 4691 ⁸0
690 4637 748 4692 δι
786 4637 985 4694 Κάτων
1037 4637 1393 4702 ἀποπλεύσας
1444 4642 1524 4703 είς
1587 4639 1820 4710 Ἰϐηρίαν

1937 4640 2086 4691 rent.
2124 4631 2206 4684 Ac
2259 4640 2374 4685 tum
2425 4633 2649 4702 quidem
2708 4633 2790 4687 eis
2835 4633 3101 4702 pepercit.
3135 4632 3266 4686 Post
3293 4641 3500 4698 autem,

250 4726 498 4795 ἀφίκετο,
537 4727 634 4782 καὶ
665 4726 853 4798 μαθὼν
887 4727 1097 4794 πάντας
1124 4729 1253 4793 τοὺς
1286 4728 1450 4802 μέχρι
1470 4729 1564 4784 τοῦ
1602 4730 1820 4802 Ἴϐηρος

1930 4735 2057 4775 cum
2090 4720 2316 4790 quidam
2356 4722 2731 4795 suspicionem
2767 4723 2836 4778 de
2870 4737 2930 4778 se
2959 4723 3350 4793 prtebuissent,
3381 4741 3503 4780 om-

253 4815 537 4882 οἰκοῦντας
592 4818 1001 4892 συνεστράφθαι
1041 4819 1130 4874 ῐνα
1159 4819 1283 4874 καθ’
1309 4819 1369 4874 ιν
1396 4819 1546 4891 αύτῷ
1577 4821 1707 4874 πολε
1718 4821 1820 4892 μή-

1929 4815 2098 4870 nibus
2127 4831 2280 4870 arma
2310 4815 2536 4880 ademit,
2565 4827 2621 4870 et
2646 4815 2794 4885 ipsos
2818 4811 2967 4870 cives
2993 4830 3090 4870 sua
3124 4816 3323 4871 moenia
3345 4833 3505 4872 ever-

254 4921 405 4972 σωσι,
439 4909 821 4980 συγκροτήσας
855 4909 917 4962 τὸ
948 4910 1268 4980 στράτευμα
1296 4909 1600 4982 προσέϐαλε
1644 4911 1817 4980 σφίσι,

1929 4917 2046 4964 tere
2077 4907 2278 4978 coegit.
2338 4905 2565 4962 Litteris
2592 4906 2739 4961 enim
2791 4908 2845 4963 in
2897 4906 3080 4961 omnia
3130 4906 3246 4962 loca
3295 4909 3501 4975 missis,

256 4999 348 5050 καὶ
375 4999 619 5069 ἡττήσας
649 4999 874 5068 αὐτοὺς,
911 5000 1195 5071 ἠνάγκασε
1227 5002 1618 5075 προσχωρῆσαί
1640 5002 1710 5066 bl,
1731 5019 1820 5074 φο-

1926 4998 2238 5068 eodemque
2280 4995 2368 5051 die
2402 4996 2655 5061 redditis,
2686 4996 2872 5052 omnia
2917 4999 3123 5053 mania
3156 4997 3351 5054 eodem
3408 4997 3500 5054 die

255 5087 517 5158 ϐηθέντας
547 5089 634 5146 ἵνα
661 5090 739 5164 μὴ
755 5093 847 5146 καὶ
875 5091 976 5156 τὰς
1001 5093 1184 5156 πόλεις
1211 5094 1464 5148 αὐτοϐοεὶ
1482 5093 1821 5149 ἀποϐάλωσι.

255 5181 361 5244 Καὶ
383 5182 508 5236 τότε
534 5183 632 5254 μὲν
659 5183 832 5238 δεινὸν
855 5185 1006 5240 ούδὶν
1034 5185 1224 5250 αὐτοῖς
1270 5187 1587 5256 εἰργάσατο.
1619 5186 1822 5240 ’Υστε-

259 5287 349 5340 ρον
393 5271 453 5325 δὲ
483 5273 748 5329 ὑπόπτων
778 5275 944 5329 τινῶν
969 5277 1302 5346 γενομένων,
1336 5277 1406 5330 τά
1433 5293 1493 5328 τε
1517 5276 1656 5329 ὅπλα
1681 5277 1821 5328 πάν-

258 5365 669 5439 τωνάφείλετο,
718 5367 816 5421 καὶ
877 5366 947 5420 τὰ
979 5367 1138 5439 τείχη
1198 5367 1350 5438 σφῶν
1381 5367 1450 5422 δι’
1499 5367 1680 5420 αὐτῶν
1708 5367 1818 5421 τῶν

256 5438 564 5528 ἐπιχωρίων
613 5458 955 5530 κατέσκαψε.
987 5438 1303 5532 Γράμματα
1333 5461 1446 5529 γὰρ
1478 5461 1816 5530 ἑκασταχόσε

259 5547 590 5626 διαπέμψας,
641 5549 738 5604 καὶ
777 5552 834 5604 ἐν
888 5552 956 5623 τῇ
1001 5553 1148 5622 αὐτῇ
1179 5553 1363 5622 ἡμέρᾳ
1425 5551 1631 5604 ἅπασιν
1677 5551 1817 5604 αὐτὰ

259 5641 577 5711 ἀποδοθῆναι
633 5641 919 5709 κελεύσας,
973 5645 1273 5714 προσέταξε
1308 5643 1436 5706 τοὺς
1490 5642 1812 5708 περιϐόλους

259 5727 566 5800 αὖθήμερον
597 5732 874 5798 καθελεῖν,
904 5732 1134 5788 θάνατον
1164 5731 1468 5802 ἀπειλήσας
1492 5735 1606 5795 τοῖς
1649 5733 1814 5785 ἀπει-

259 5813 501 5891 θήσασιν.
541 5823 608 5879 Ἀ
638 5823 962 5893 ἀναγνόντες
995 5828 1043 5878 οἱ
1081 5827 1139 5879 ὲν
1162 5826 1278 5888 ταῖς
1305 5824 1498 5894 ἀρχαῖς
1526 5823 1698 5890 ὄντες,
1719 5827 1813 5880 καὶ

1926 5088 2076 5144 dirui
2123 5088 2304 5159 iussit,
2365 5087 2787 5143 contumacibus
2827 5099 3060 5143 mortem
3107 5089 3496 5144 comminatus.

1923 5178 2138 5247 Quibus
2189 5179 2544 5250 magistratus
2599 5179 2780 5246 lectis,
2824 5181 3026 5252 singuli
3079 5191 3333 5252 putantes
3389 5179 3496 5236 sibi
3562 5207 3566 5212 -

1922 5271 2058 5327 solis
2088 5272 2162 5326 ita
2190 5272 2456 5342 scripturn
2485 5287 2629 5337 esse,
2684 5289 2754 5328 ne
2793 5275 2974 5344 spatio
3000 5275 3222 5344 quidem
3265 5273 3333 5328 ad
3358 5272 3498 5328 deli-

1923 5363 2504 5437 berandum'sumpto.
2533 5367 2871 5425 munitiones
2905 5385 3099 5424 omnes
3147 5368 3494 5439 dejecerunt.

1921 5459 2141 5516 Iberum
2167 5468 2562 5530 transgressus,
2586 5477 2712 5516 cum
2735 5460 3030 5517 Celtiberis
3053 5461 3294 5516 hostium
3326 5460 3492 5516 sociis

1920 5552 1994 5607 ob
2035 5551 2452 5607 multitudinem
2493 5556 2754 5622 congredi
2790 5573 2900 5610 non
2937 5569 3127 5617 ausus,
3167 5552 3496 5609 mirabiliter

1923 5643 2178 5699 homines
2201 5643 2488 5699 tractavit:
2511 5645 2647 5700 alias
2659 5647 2864 5718 majora
2888 5645 3158 5716 stipendia
3179 5643 3494 5715 pollicendo

1922 5746 1980 5791 ut
2001 5736 2069 5791 ad
2098 5752 2157 5792 se
2191 5737 2512 5800 transirent,
2547 5739 2680 5792 alias
2709 5736 3007 5801 monendo,
3055 5746 3114 5792 ut
3144 5737 3367 5793 domum
3397 5753 3484 5794 re-

1918 5827 2120 5896 dirent,
2145 5829 2278 5884 alias
2297 5829 2462 5885 etiam
2490 5841 2698 5886 certum
2722 5845 2914 5900 pugna:
2941 5830 3083 5886 diem
3119 5827 3477 5902 designande.
