3896 6544
181 373 295 434 τϋ.)
1465 372 1755 438 ΛΝΝΑῘᾸ

1858 372 1875 436 l
1915 372 2068 438 LIB.
2110 371 2218 437 1x.
3345 356 3466 441 ιτὶι

173 483 349 540 εἶλον.
391 489 515 542 Καὶ
541 487 568 544 6
599 489 702 565 μὲν
733 490 789 555 ἐς
821 489 922 562 τὴν
954 487 1204 546 Χαλκίδα
1229 489 1394 554 εὐθὺς
1422 489 1753 560 ἀπεχώρησε

1879 487 2193 553 obsidente,
2221 485 2446 543 Glabrio
2487 486 2730 544 adren‘tu
2798 501 2901 543 suo
2955 497 3010 543 et
3049 487 3342 546 victoriam
3373 521 3376 524 ~
3406 491 3468 547 cl

174 579 388 636 Μαθὼν
422 581 490 636 δὲ
518 581 607 636 τὸν
633 581 843 636 ῦπατον
875 582 1172 654 προσιόντα
1202 584 1260 646 ἒς
1287 583 1387 653 τήν
1422 583 1611 637 Ἀσίαν
1639 583 1755 636 ἀνε-

1880 580 2168 636 manubias
2198 580 2510 649 intercepit.
2554 579 2752 634 (hateri
2777 579 2969 646 ᾹΞιοΙί,
3003 597 3130 636 eum
3198 582 3465 641 Retiitmis

171 671 426 745 κομίσθη
485 674 686 730 λαθὼν.
742 675 854 730 Καὶ
921 675 1022 746 τὴν
1063 675 1164 744 μὲν
1222 675 1488 732 Βοιωτίαν
1538 677 1632 729 καὶ
1669 673 1755 744 sip

1876 672 2163 728 conciliari
2188 672 2410 738 vellent,
2444 673 2680 743 pecunia
2710 688 2810 744 per
2849 673 3058 744 legatos
3088 674 3157 730 ab
3189 675 3462 730 Antiocho

170 763 422 820 Εὔϐοιαν
475 769 504 821 6
546 767 830 839 Γλαϐρίων
868 767 1070 822 αὐτίκα
1095 766 1353 839 κατέσχε.
1393 768 1472 839 Τῇ
1507 766 1564 822 δὲ
1604 767 1771 837 ’Πρα-

167 858 354 930 κλείᾳ.
390 861 479 932 μὴ
511 859 888 934 βουληθέντων
915 859 1068 929 αὐτῷ
1098 861 1494 932 προσχωρῆσαι
1537 859 1649 914 τῶν
1667 861 1767 914 Aio

164 949 391 1014 τωλῶν,
423 952 741 1023 προσϐολάς
765 956 1004 1008 ἐποιεῖτο
1021 967 1036 984 ⁶
1065 954 1160 1012 καὶ
1187 953 1289 1024 τὴν
1309 953 1413 1024 μιν
1439 955 1594 1008 κάτω
1616 952 1773 1008 πόλιν

166 1043 477 1116 πολιορκία
510 1041 650 1110 εἷλε,
675 1047 804 1109 τοὺς
825 1045 871 1100 δ’
901 1048 960 1112 ἐς
986 1043 1088 1118 τὴν
1113 1045 1416 1118 ἀκρόπολιν
1459 1044 1774 1116 ἀναφυγόν-

163 1149 260 1194 τας
296 1134 583 1208 ὁμολογίᾳ
612 1135 1020 1208 παρεστήσατο.
1066 1135 1157 1190 Ἐν
1185 1133 1244 1190 δὲ
1263 1137 1378 1200 τοῖς
1401 1135 1524 1190 τότε
1555 1136 1774 1207 ζωγρη-

163 1223 307 1278 θεῖσι
366 1229 478 1280 καὶ
518 1227 860 1300 Δημόκριτος
893 1232 924 1285 6
979 1229 1292 1302 στρατηγὸς
1346 1229 1459 1284 τῶν
1511 1228 1772 1286 Δίτωλῶν

169 1317 424 1384 ὶγένετο.
454 1319 517 1384 ὃς
541 1321 618 1390 τῷ
650 1322 934 1394 Φλαμινίῳ
956 1324 1088 1378 ποτὶ
1123 1322 1224 1392 τὴν
1249 1321 1572 1395 συμμαχίαν
1598 1323 1772 1394 ἠρνή-

167 1426 322 1475 σατο,
389 1413 501 1465 καὶ
548 1412 807 1485 ψήφισμα
863 1417 1078 1470 ἐκείνου
1133 1416 1459 1487 αἰτήσαντος
1491 1413 1558 1469 ἵν’
1589 1417 1647 1480 ις
1670 1414 1770 1488 τὴν

171 1496 410 1570 Ῥώμην
453 1500 674 1574 πέμψῃ.
705 1503 938 1572 Θάρρει,
966 1503 1095 1575 εφη,
1124 1503 1242 1575 ἐγὼ
1263 1503 1374 1576 γὰρ
1398 1504 1561 1572 αὐτῷ
1586 1505 1771 1579 κομιῶ

154 1591 309 1659 μετὰ
357 1593 485 1649 τοῦ
531 1595 794 1664 στρατοῦ
841 1597 942 1650 καί
995 1596 1160 1666 παρὰ
1185 1597 1268 1664 τῷ
1328 1597 1574 1668 Τιϐέριδι
1622 1598 1769 1667 ὑμῖν

155 1680 630 1756 ἀναγνώσομαι.
653 1686 759 1740 Τοῦ
784 1687 1058 1742 Φιλίππου
1088 1688 1146 1743 δὲ
1177 1687 1277 1761 τὴν
1306 1689 1525 1760 Λάμιαν
1553 1689 1774 1760 πολιορ-

1875 776 2124 836 accepta,
2157 765 2445 836 repudiata
2498 781 2634 836 pace
2689 765 2835 820 bello
2885 781 2945 820 se
2985 777 3286 835 pararunt;
3326 768 3462 824 Phi-

1871 858 2024 929 lippo
2045 858 2420 914 Romanorum
2441 857 2741 914 amicitiam
2763 857 3080 923 simulante,
3115 875 3240 915 cum
3264 860 3458 916 Antio-

1869 949 1978 1004 cbo
2015 949 2157 1004 clam
2190 949 2464 1006 studeret.
2511 951 2728 1005 Interea
2775 947 3076 1011 Glabrione
3115 949 3459 1020 Naupactum

1869 1036 2122 1094 Aitolicae
2151 1037 2385 1094 ditionis
2421 1037 2735 1101 obsidente.
2762 1038 3067 1094 Flaminius
3095 1039 3311 1095 civibus
3331 1057 3460 1098 cum

1871 1131 2079 1204 quibus
2101 1131 2153 1188 ei
2189 1131 2388 1187 notitia
2413 1141 2556 1197 erat,
2597 1132 2889 1202 persuasit,
2920 1145 2980 1186 ut
3010 1147 3199 1201 pacem
3251 1133 3462 1203 ainple-

1872 1231 2182 1280 cterentur.
2211 1223 2401 1294 Itaque
2422 1233 2482 1278 et
2501 1224 2558 1280 hi
2591 1235 2650 1280 et
2699 1224 2940 1294 Epirotae
2973 1224 3181 1292 legatos
3228 1225 3457 1284 Romam

1873 1317 2164 1374 miserunt.
2200 1318 2490 1388 Philippus
2518 1332 2723 1373 corona
2759 1317 3079 1388 triumphali
3125 1318 3246 1374 λοι-ί
3295 1318 3462 1388 Capi-

1871 1409 2047 1466 tolino
2073 1409 2296 1474 donata,
2325 1417 2526 1480 praeter
2572 1409 2680 1464 alia
2737 1424 2966 1464 munera
3009 1409 3184 1463 ﬁlium
3237 1425 3459 1479 quague

1859 1501 2202 1558 Demetrium
2231 1500 2482 1556 obsidem
2506 1499 2560 1554 in
2589 1500 2728 1554 urbe
2756 1510 3008 1569 agentem
3033 1499 3265 1570 recepit.
3305 1499 3460 1554 ,λειο-

1860 1594 1934 1650 lis
1965 1592 2091 1648 ideo
2116 1607 2216 1664 par
2241 1592 2368 1648 data
2397 1606 2509 1648 non
2535 1602 2640 1656 est,
2681 1593 2829 1662 quod
2857 1594 3005 1648 nulla
3067 1608 3124 1648 rc
3175 1591 3456 1648 deteriore

1861 1686 2191 1746 conditione
2229 1701 2352 1742 esse
2390 1686 2672 1742 volebant.

158 1775 394 1842 κοῦντος
425 1780 669 1852 ἐπῆλθεν
704 1780 792 1836 ἐπ’
837 1782 1008 1855 αὐτὴν
1049 1782 1079 1836 6
1107 1783 1414 1856 Γλαϐρίων,
1465 1785 1562 1839 καὶ
1590 1786 1690 1857 τήν
1741 1801 1804 1838 τε
1842 1785 2004 1856 νίκην
2033 1783 2130 1838 καὶ
2152 1782 2252 1854 τὴν
2319 1781 2472 1836 λείαν
2507 1781 2922 1852 ἐσφετερίσατο.
2981 1780 3101 1835 Τῶν
3139 1781 3326 1852 μέντοι
3359 1780 3456 1832 Al-

157 1867 352 1923 τωλῶν
413 1872 473 1925 oi
520 1870 703 1927 λοιποὶ
757 1873 1157 1944 συναλλαγῆναι
1193 1873 1295 1944 μὲν
1325 1873 1622 1945 ἠθέλησαν,
1689 1875 1796 1929 οὐκ
1837 1873 2165 1928 ἐσπείσαντο
2216 1871 2275 1925 δὲ
2327 1869 2422 1926 τοῦ
2469 1871 2744 1941 Ἀντιόχου
2805 1871 3066 1942 πρέσϐεις
3140 1872 3324 1934 αὐτοῖς
3361 1873 3458 1926 καὶ

158 1961 436 2032 χρήματα
479 1963 802 2036 πέμψαντος
820 1981 834 1994 ·

924 1966 1060 2021 ἀλλὰ
1111 1967 1250 2038 πρὸς
1333 1969 1574 2038 πόλεμον
1641 1967 2025 2037 ἡτοιμάζοντο.
2086 1966 2198 2021 Καὶ
2269 1967 2300 2017 6
2348 1965 2616 2024 Φίλιππος
2674 1964 2999 2031 ὑπεκρίνετο
3035 1962 3135 2031 μὲν
3179 1964 3281 2032 τὴν
3319 1962 3457 2033 πρὸς

158 2053 284 2116 τοὺς
319 2055 650 2128 Ῥωμαίους
675 2057 879 2128 φιλίαν,
909 2058 976 2112 τε
999 2059 1057 2113 δὲ
1078 2058 1172 2112 τοῦ
1199 2059 1482 2131 Ἀντιόχου
1515 2059 1756 2132 ἐφρόνει.
1812 2059 1904 2114 Ἐν
1973 2060 2154 2127 τούτῳ
2213 2057 2269 2112 δὲ
2307 2057 2645 2110 Ναύπακτον
2671 2055 2701 2105 6
2733 2055 3014 2125 Γλαϐρίων
3047 2057 3156 2108 τῶν
3199 2055 3458 2109 Alauith

157 2147 328 2204 οὖσαν
388 2151 736 2223 ἐπολιόρκει,
788 2151 882 2217 οὓς
945 2151 1117 2206 ἐλθὼν
1161 2155 1190 2206 6
1245 2153 1540 2225 Φλαμίνιος
1610 2156 1800 2210 ἔπεισε
1840 2154 2192 2218 σπείσασθαι,
2260 2152 2552 2223 γνωρίμως
2605 2152 2790 2214 αὐτοῖς
2821 2150 2982 2222 έχων.
3026 2152 3136 2204 Καὶ
3170 2154 3456 2230 ,πρέσϐειξ

158 2241 234 2302 είς
274 2243 382 2313 τήν
419 2243 652 2316 Ῥώμην
680 2243 881 2300 ἐκεῖνοί
908 2261 968 2298 τε
999 2247 1095 2299 καὶ
1113 2247 1162 2299 oi
1193 2244 1532 2316 Ἠπειρῶται
1567 2249 1899 2306 ὲστάλκασν
1973 2249 2074 2306 καὶ
2136 2250 2165 2302 6
2217 2248 2484 2310 ⁴ιοίλιππος
2534 2248 2800 2314 στέφανον
2847 2247 3164 2315 νικητήριον
3228 2249 3304 2315 τῷ
3369 2244 3456 2299 Διὶ

159 2329 233 2400 τῷ
262 2332 623 2406 Καπιτωλίῳ
655 2334 904 2405 πέμψας,
927 2333 1064 2389 ἄλλα
1113 2353 1171 2390 τε
1197 2336 1514 2408 ἀπειλήφει
1551 2339 1648 2392 καὶ
1679 2339 1773 2392 τὸν
1813 2338 1928 2394 υἱὸν
1992 2337 2307 2410 Δημήτριον
2360 2339 2422 2392 ἐν
2463 2335 2651 2408 Ῥώμῃ
2720 2337 3085 2409 ὁμηρεύοντα.
3137 2339 3259 2400 Τοίς
3287 2337 3332 2391 δ’
3364 2340 3458 2392 ΑΞ-

155 2427 349 2493 τωλοῖς
373 2430 616 2484 σπονδαὶ
641 2429 742 2485 οῦκ
767 2432 1040 2502 ἐγένοντο,
1070 2434 1134 2486 οὗ
1166 2434 1278 2506 γὰρ
1304 2433 1682 2504 ὲ).αττωθῆναί
1707 2453 1758 2490 τι
1799 2431 2182 2499 κατεδέξαντο.

227 2524 313 2577 K'.
358 2524 506 2577 Ἐπὶ
541 2524 598 2580 δὲ
630 2525 724 2580 τὸν
758 2527 1035 2598 Ἀντίοχον
1069 2530 1119 2582 oi
1165 2528 1435 2600 Ῥωμαῖοι
1472 2531 1598 2593 τοὺς
1633 2530 1755 2584 Σκι-

1933 2530 2053 2586 XX.
2092 2530 2299 2586 Contra
2315 2531 2650 2586 Antiochum
2679 2530 2910 2586 Romani
2960 2529 3269 2600 Scipiones,
3305 2531 3460 2586 Afri-

160 2616 386 2680 πίωνας
416 2615 636 2684 ἔταξαν,
665 2620 758 2672 τόν
786 2636 846 2674 τε
905 2621 1236 2693 Ἀφρικανὸν
1279 2622 1376 2676 καὶ
1404 2622 1495 2676 τὸν
1531 2623 1759 2692 ἀδελφὺν

162 2708 326 2764 αὐτοῦ
352 2709 623 2766 Δούκιον.
657 2711 722 2766 Oi
752 2715 864 2777 τοίς
897 2713 998 2785 μὲν
1029 2715 1289 2778 Αἰτωλοῖς
1315 2715 1517 2786 ἀνοχὴν
1549 2715 1760 2770 ἔδωσαν

164 2800 229 2853 ἵν’
250 2802 308 2863 ις
335 2801 456 2873 τὴν
495 2800 715 2874 Ῥώμην
745 2799 903 2869 αὖθις
932 2805 1077 2877 ὑπὲρ
1106 2805 1203 2876 τῆς
1228 2807 1454 2878 εἰρήνης
1484 2806 1758 2879 πρεσϐεύ-

167 2907 405 2947 σωνται.
466 2892 790 2962 Ἦπείγοντο
843 2895 890 2948 δ’
932 2898 1027 2950 ἐπὶ
1057 2897 1149 2950 τὸν
1176 2897 1484 2966 Ἀντίοχονο
1517 2899 1612 2954 καὶ
1665 2898 1760 2952 ἐπὶ

165 2985 522 3040 Μακεδονίαν
553 2985 820 3054 ἐλθόντες,
853 2989 1178 3061 συμμάχους
1210 3006 1268 3043 τε
1292 2989 1550 3053 λαϐόντες
1577 2992 1640 3043 ὲκ
1663 2989 1759 3044 τοῦ

165 3077 471 3142 Φιλίππου,
498 3080 590 3132 ἐπὶ
611 3078 703 3132 τδν
735 3079 1399 3154 Ἑλλήσποντονήλασαν.
1431 3084 1544 3136 Καὶ
1572 3085 1628 3146 ἐς
1658 3086 1759 3153 τὴν

168 3168 365 3224 Ἀσίαν
403 3170 833 3240 περαιωθέντες,
865 3175 934 3228 τὰ
981 3174 1217 3230 πλείστα
1256 3175 1366 3229 τῶν
1405 3174 1760 3246 παραθαλασ-

172 3262 297 3314 σίων
349 3262 662 3318 κατέλαϐον
712 3265 1246 3338 προκατειλημμένα
1298 3269 1451 3338 παρά
1499 3268 1608 3322 τῶν
1640 3268 1759 3322 εκεῖ

175 3353 636 3422 προαπελθόντων
691 3354 1008 3426 Ῥωμαίων.
1069 3359 1213 3428 Πρὸς
1236 3358 1291 3412 δὲ
1338 3359 1433 3412 καί
1462 3358 1552 3411 τοῦ
1583 3359 1759 3429 Εὐμε-

171 3446 310 3512 νοῦς,
377 3449 475 3502 καὶ
531 3447 640 3502 τῶν
681 3445 922 3513 Ῥοδίων,
978 3450 1026 3504 οἲ
1059 3450 1156 3502 καὶ
1200 3452 1292 3503 τὸν
1321 3450 1576 3504 Ἀννίϐαν
1625 3451 1756 3512 ναῦς

172 3556 318 3604 τινας
359 3541 424 3593 ὲκ
446 3542 704 3612 Φοινίκης
723 3542 926 3610 ἄγοντα
957 3543 1081 3614 περὶ
1114 3543 1444 3614 Παμφυλίαν
1473 3543 1754 3614 ἐνίκησαν.

174 3631 277 3686 Καὶ
300 3634 561 3705 Εὐμενῆ,
584 3633 641 3687 δὲ
679 3637 771 3689 καὶ
809 3635 1072 3700 Ἀτταλος
1105 3637 1133 3690 6
1178 3635 1412 3705 ἁδελφὸς
1454 3637 1618 3691 αὐτοῦ
1655 3637 1755 3708 τὴν

175 3728 363 3796 χώραν
395 3727 636 3781 ἐκάκουν
673 3727 768 3780 τοῦ
813 3729 1124 3798 Ἀντιόχου·
1183 3729 1276 3782 καὶ
1308 3728 1518 3795 πόλεις,
1551 3731 1607 3782 αἱ
1653 3729 1755 3800 μὲν

176 3817 258 3889 βία
279 3820 341 3874 αί
360 3819 407 3872 δ’
435 3818 710 3885 ὲκούσιαι,
741 3822 878 3890 πρ’,ς
911 3821 1037 3884 τοὺς
1071 3821 1380 3892 Ῥωμαίους
1406 3823 1752 3891 μεθίσταντο,

175 3908 307 3965 ὥστε
363 3913 430 3964 ὲκ
475 3913 682 3966 τούτοιν
736 3915 1150 3985 ἀναγκασθῆναι
1194 3916 1287 3968 τὸν
1330 3914 1603 3986 Ἀντίοχον
1655 3916 1753 3986 τὴν

176 3999 447 4072 Εὐρώπην
477 4018 536 4056 τε
568 4003 846 4068 παντελῶς
879 4003 1147 4070 ἐκλιπεῖν,
1174 4005 1267 4060 καὶ
1297 4006 1390 4060 τὸν
1419 4007 1534 4060 υίδν
1565 4007 1755 4060 Σελευ-

176 4109 260 4146 κον
286 4095 402 4148 ἀπὸ
431 4098 532 4166 τῆς
556 4097 902 4168 Δυσιμαχίας
937 4100 1252 4168 ἀπαγαγεῖν
1275 4115 1289 4130 ο
1313 4098 1372 4152 ὃν
1390 4101 1754 4156 ἐπανελθόντα

177 4187 266 4242 οῦν
320 4189 560 4261 δυνάμει
615 4193 706 4244 ἐπὶ
765 4191 864 4264 τὴν
922 4192 1215 4263 Πέργαμον
1273 4192 1541 4265 επεμψεν.
1581 4196 1669 4259 Ὠς
1695 4197 1753 4250 δὲ

178 4279 580 4351 προσεδρεύσας
605 4283 670 4354 τῇ
713 4281 866 4335 πόλει
893 4283 1048 4336 οὐδὲν
1092 4284 1351 4353 ἐπέρανε,
1398 4289 1492 4340 καὶ
1541 4287 1592 4340 oi
1621 4288 1752 4341 Σκι⁹

179 4369 373 4432 πίωνες
444 4370 718 4445 ἐπῆλθον,
767 4374 931 4440 εὐθὺς
990 4375 1173 4440 αὐτοῖς
1242 4378 1750 4449 ἐπεκηρυκεύσατο,

179 4458 553 4529 προσδοκήσας
598 4461 882 4526 τεύξεσθαι
914 4465 1010 4532 τῆς
1037 4465 1284 4536 εἰρήνης,
1314 4468 1398 4521 ὃτι
1444 4467 1536 4521 τὸν
1555 4468 1751 4540 ’Λςςρι-

181 4548 336 4600 κανοῦ
369 4547 490 4602 υίδν
531 4551 832 4619 συλλαϐὼν,
874 4555 933 4607 ὲν
964 4555 1234 4628 θεραπείᾳ
1259 4553 1376 4628 εἶχε
1411 4559 1606 4631 πολλῇ,
1641 4563 1752 4616 καὶ

181 4639 346 4704 τέλος,
385 4641 596 4714 καίπερ
647 4644 755 4698 τῶν
783 4647 1028 4700 σπονδῶν
1055 4648 1344 4720 ἁμαρτὼν,
1372 4651 1503 4707 ἄνευ
1536 4653 1750 4724 λύτρων

180 4729 384 4800 ἀφῆκεν
417 4734 604 4787 αὐτόν.
639 4736 755 4791 Οὐκ
778 4738 996 4806 ἐγένετο
1019 4740 1076 4794 δὲ
1109 4742 1143 4813 ή
1173 4742 1390 4815 εἰρήνη,
1419 4743 1510 4797 τοῦ
1539 4744 1750 4800 Ἀντιόο

179 4837 266 4888 χου
294 4822 329 4876 ἃ
360 4825 412 4877 oi
448 4823 710 4896 Ῥωμαῖοι
732 4829 1000 4900 ἀπῄτουν,
1033 4831 1112 4903 μὴ
1137 4831 1468 4904 συνθεμένου
1499 4837 1744 4906 ποιῆσαι.

180 4910 318 4978 Τέως
347 4918 540 4986 μέντοι
565 4920 661 4972 ἐπὶ
693 4921 829 4974 πολὺ
855 4923 1163 4994 ἡσύχασαν,
1197 4919 1316 4979 εἷτα
1338 4927 1433 4980 καὶ
1468 4928 1745 4999 ἐπολέμη-

181 5019 289 5062 σαν.
329 5007 390 5061 Ὀ
425 5007 482 5061 δὲ
521 5009 672 5078 ἀγὼν
707 5010 882 5077 οὓτως
913 5016 1152 5084 ἐγένετο.
1184 5016 1389 5089 Πρῶτα
1408 5018 1475 5072 τὰ
1502 5019 1745 5090 ἅρματα,

182 5091 290 5150 εῐτα
336 5099 466 5164 τοὺς
525 5103 833 5173 ἐλέφαντας
882 5108 910 5160 6
942 5107 1218 5179 Ἀντίοχος
1247 5110 1430 5177 ἔταξε,
1481 5115 1576 5167 καὶ
1607 5115 1748 5183 μετα

1779 3881 1826 3942 0

1863 2640 2065 2679 canum
2091 2634 2150 2679 et
2175 2624 2408 2679 fratrem
2423 2625 2544 2696 ejus
2564 2624 2793 2678 Lucium
2810 2626 3111 2688 miserunt;
3136 2628 3227 2694 qui
3256 2624 3453 2680 Etolis

1861 2716 2117 2772 inducias
2139 2715 2434 2782 dederunt,
2457 2717 2590 2771 dum
2621 2717 2848 2771 Romam
2872 2716 3079 2786 legatos
3105 2717 3449 2786 paciﬁcatum

1863 2808 2174 2864 mitterent.
2205 2809 2274 2863 Et
2300 2809 2428 2878 quia
2464 2819 2656 2862 contra
2689 2807 3024 2862 Antiochum
3048 2809 3446 2878 properabant,

1863 2899 1917 2953 in
1944 2899 2319 2955 Macedoniam
2378 2899 2636 2970 proiecti.
2692 2902 3045 2970 acceptisque
3103 2918 3132 2955 a
3195 2901 3450 2971 Philippo

1859 2994 2102 3056 auxiliis,
2137 3009 2235 3063 per
2266 2993 2684 3062 Hellespontum
2723 2993 2778 3046 in
2820 2993 3012 3048 Asiam
3052 2993 3289 3064 trait-eti,
3340 3009 3454 3047 ma-

1861 3086 2063 3139 ximam
2091 3101 2202 3140 orae
2229 3086 2519 3139 tnaritima:
2549 3094 2762 3154 partem
2793 3101 2824 3139 a
2858 3087 3142 3149 Romanis,
3171 3086 3264 3155 qui
3294 3087 3450 3154 prius

1858 3191 1926 3230 eo
1957 3185 2243 3238 venerant,
2274 3186 2440 3245 atque
2467 3176 2538 3230 ab
2567 3176 2812 3230 Eumene
2836 3185 2894 3229 et
2932 3175 3182 3239 Rhodiis,
3235 3192 3448 3245 ιιι-τεθε-

1859 3277 2056 3336 cupata
2085 3267 2446 3333 invenerunt;
2477 3283 2506 3320 a
2531 3267 2734 3336 quibus
2761 3266 2928 3321 etiam
2986 3267 3219 3322 Annibal
3277 3284 3448 3324 naves

1858 3359 2069 3428 aliquot
2098 3376 2128 3414 c
2157 3359 2439 3414 wanicia
2465 3359 2698 3422 ducens,
2717 3359 2872 3427 juxta
2923 3357 3318 3428 Pamphyliam
3361 3361 3448 3414 vi-

1857 3459 1981 3504 ctus
2008 3450 2209 3504 fuerat.
2263 3449 2510 3504 Eumene
2563 3465 2732 3519 porro
2770 3457 2828 3505 et
2877 3449 3060 3504 Attalo
3112 3450 3286 3504 lratre
3321 3451 3446 3519 ejus

1857 3543 2129 3598 Antiochi
2161 3558 2391 3612 regnum
2428 3542 2793 3607 vastantibus,
2825 3542 2994 3598 urbes
3023 3543 3220 3612 partim
3270 3542 3444 3608 ultro,

1857 3636 2054 3705 partim
2083 3645 2285 3691 coacta:
2312 3636 2378 3691 ad
2431 3636 2712 3691 Romanos
2743 3635 3090 3691 deiecerunt.
3129 3633 3286 3690 Unde
3347 3649 3445 3690 ne-

1855 3728 2086 3784 cessitas
2116 3727 2392 3782 Antiocho
2431 3727 2687 3797 imposita
2723 3736 2811 3782 est
2845 3726 3065 3797 Europa
3095 3740 3324 3796 prorsus
3347 3739 3444 3780 cx-

1857 3821 2115 3887 cedendi,
2169 3831 2227 3878 et
2278 3820 2498 3878 Seleuci
2545 3821 2642 3876 lilii
2705 3820 3053 3892 Lysimachia
3101 3817 3442 3876 revocandi:

1857 3929 2022 3984 quem
2074 3929 2330 3970 reversus
2371 3929 2499 3970 cum
2555 3913 2753 3984 copiis,
2796 3914 3120 3981 Pergamum
3164 3912 3330 3967 misit.
3371 3910 3446 3968 Ut

1855 4015 2040 4062 autem
2067 4005 2286 4061 obsidio
2321 4006 2504 4062 inanis
2532 4015 2676 4071 erat,
2726 4013 2784 4060 et
2839 4004 3028 4074 Scipio
3081 4000 3440 4065 adventabat,

1855 4098 2040 4153 statim
2067 4098 2436 4156 caduceatore
2475 4098 2644 4157 misso
2691 4113 2844 4170 spem
2890 4096 3040 4168 pacis
3082 4093 3440 4166 impetrandze

1856 4191 2073 4254 habuit,
2098 4191 2247 4262 quod
2273 4190 2519 4246 Africani
2560 4191 2734 4246 tilium
2790 4199 3012 4260 captum
3067 4185 3441 4242 honoriﬁcen-

1857 4282 2066 4338 tissime
2148 4289 2442 4348 tractaret;
2521 4296 2686 4351 quem
2733 4279 2952 4335 tandem
3027 4276 3281 4347 quamvis
3341 4290 3438 4343 spe

1853 4389 1953 4430 sua
1987 4374 2305 4441 frustratus,
2370 4373 2543 4445 gratis
2591 4371 2826 4427 dimisit.
2879 4369 3187 4438 Quominus
3248 4377 3436 4422 autem

1852 4466 2017 4538 453
2054 4483 2158 4540 pas
2188 4466 2366 4530 ﬁeret,
2399 4467 2454 4521 in
2504 4480 2667 4522 causa
2705 4463 2862 4520 fuere
2895 4463 3240 4518 conditiones
3300 4475 3437 4530 quas

1857 4560 2086 4614 Romani
2123 4560 2367 4616 tulerant
2432 4575 2542 4615 non
2597 4567 2856 4628 accepta}.
2901 4557 3039 4612 Cum
3101 4556 3169 4610 ad
3221 4566 3439 4623 tempus

1855 4652 2213 4721 quievissent,
2247 4652 2482 4721 repetito
2511 4650 2680 4714 bello,
2730 4649 2844 4704 haec
2875 4663 3074 4719 pugna:
3130 4648 3273 4701 ratio
3310 4647 3435 4704 fuit.

1853 4743 2162 4801 AntiOchus
2190 4743 2371 4814 primo
2405 4744 2551 4810 loco,
2598 4757 2796 4798 currus
2840 4739 3136 4809 disposuit,
3189 4743 3436 4795 secundo

1851 4836 2196 4906 elephantos,
2220 4835 2421 4892 deinde
2453 4835 2768 4891 funditores
2820 4844 2881 4891 et
2913 4833 3252 4905 sagittarios.
3289 4832 3434 4889 Cur-

1852 4945 2013 4985 ruum
2054 4930 2320 4999 impetum
2354 4929 2584 4984 Romani
2623 4929 2843 5000 priores
2885 4927 3216 4983 excursione
3267 4926 3431 4989 facta,

1853 5036 2160 5092 magnoque
2192 5022 2431 5084 clamore
2455 5021 2674 5077 sublato
2700 5020 2756 5075 in
2786 5034 2884 5076 eos
2911 5019 3048 5076 illati
3080 5018 3432 5083 retuderuut,
3472 5067 3481 5078 ,

1854 5123 1912 5168 ut
1934 5112 2258 5183 pleriqncin
2280 5112 2606 5183 elephantos
2650 5128 2846 5169 rursus
2897 5111 3173 5176 conversi,
3220 5111 3432 5165 amico-

183 5189 341 5246 ταῦτα
370 5194 500 5257 τοὺς
534 5196 898 5270 σφενδονήτας
930 5203 1026 5254 καὶ
1055 5205 1183 5266 τοὺς
1217 5204 1459 5270 τοξότας.
1493 5206 1605 5276 Τὴν
1643 5207 1744 5276 μὲν

1858 5221 1973 5260 runt
1997 5205 2171 5260 aciem
2201 5205 2508 5271 turbarent,
2530 5219 2737 5261 cumet
2763 5205 2866 5276 ipsi
2896 5216 3103 5261 temere
3127 5206 3425 5268 ferrentur,

184 5281 268 5336 οὖν
294 5285 568 5360 ἐκδρομήν
601 5291 710 5344 τῶν
729 5292 994 5364 ἁρμάτων
1026 5295 1508 5367 προεκδραμόντες
1530 5299 1578 5350 οἱ
1612 5297 1741 5352 Ῥωο

186 5378 323 5444 μαῖοι
363 5383 460 5434 καὶ
495 5382 636 5452 μετὰ
670 5385 924 5456 κραυγῆς
958 5370 1111 5457 σφίσι
1138 5388 1340 5458 πολλῆς
1372 5390 1746 5460 ἀντιμέτωποι

183 5471 576 5540 προσπεσόντες
619 5475 914 5548 ἀνέκοψαν,
973 5477 1116 5534 ὥστε
1159 5480 1228 5534 τὰ
1277 5481 1452 5536 πολλὰ
1481 5483 1664 5538 αὐτῶν
1685 5486 1743 5548 ἐς

179 5563 290 5625 τοὺς
318 5561 621 5634 ἐλέφαντας
646 5569 969 5640 τραπόμενα
999 5572 1165 5627 πάλιν
1189 5573 1248 5626 τὸ
1280 5574 1481 5628 οἰκεῖον
1515 5577 1742 5631 συνετά·

181 5655 336 5722 ραξαν
358 5671 374 5686 ο
409 5657 565 5710 αὐτοί
595 5675 653 5712 τε
683 5659 794 5731 γὰρ
828 5661 1142 5730 ίπλαιιῶντο
1173 5664 1268 5717 καὶ
1302 5667 1431 5730 τοὺς
1481 5667 1739 5722 ἐπιτετα-

181 5749 408 5814 γμένους
437 5752 622 5821 σφίσιν
677 5755 1084 5827 ἐκφοϐήσαντες
1113 5758 1466 5814 διεσκέδασαν
1498 5775 1514 5792 ⁸
1548 5761 1645 5831 τὴν
1683 5761 1740 5814 δὲ

177 5839 377 5904 τοξείαν
406 5843 502 5896 καὶ
526 5843 624 5914 τὴν
650 5848 1002 5919 σφενδόνησιν
1029 5849 1235 5922 θμϐρος
1267 5852 1435 5916 πολὺς
1489 5852 1740 5923 ἐπιγενόο

1849 5308 1906 5354 ct
1960 5299 2372 5354 commilitones
2456 5299 2679 5356 territos
2730 5298 3089 5369 dissiparent.
3145 5295 3425 5368 Sagittarii

1851 5408 2001 5456 vero,
2029 5403 2086 5446 ct
2110 5391 2438 5455 funditores,
2471 5407 2670 5463 magno
2708 5392 2889 5448 imbre
2947 5399 3078 5448 sunt
3127 5388 3425 5446 debilitati.

1847 5483 1928 5539 Ad
1966 5485 2105 5548 haec,
2131 5499 2327 5554 magna
2364 5493 2422 5540 et
2446 5484 2616 5540 densa
2661 5484 2866 5539 nebula
2895 5480 3174 5537 Romanos
3219 5479 3427 5550 quippe

1848 5572 2107 5643 victores,
2129 5587 2186 5632 et
2211 5579 2464 5633 cominus
2503 5578 2634 5633 totis
2664 5577 2878 5632 viribus
2927 5582 3235 5646 pugnantes
3281 5570 3423 5627 nihil

1848 5669 2266 5740 impediit;st
2318 5669 2666 5725 adversarios
2715 5669 2964 5732 territos,
3023 5678 3080 5720 et
3125 5663 3425 5735 sagittariis

1844 5773 2008 5833 atque
2035 5764 2284 5834 equitatu
2307 5766 2540 5820 maxime
2559 5763 2818 5832 nitentes,
2843 5761 3102 5831 adempto
3125 5768 3421 5830 prospectu

1845 5855 1912 5911 ad
1942 5855 2228 5928 dirigenda
2271 5858 2396 5930 tela,
2436 5857 2579 5914 inter
2601 5871 2722 5914 sese
2759 5864 2817 5910 ut
2863 5857 2918 5910 in
2974 5855 3220 5912 tenebris
3261 5853 3425 5909 ober-
