3896 6554
484 381 594 445 ’175

1789 377 2123 440 JOANNIS
2161 378 2486 440 zonam:
3627 371 3722 446 716

479 492 732 550 Ἀννίϐαν
764 491 949 564 ἱκδοίη
977 491 1112 566 παρ’
1149 489 1304 563 αὖτῷ
1354 490 1511 549 ὄντα.
1558 487 1861 560 προμαθὼν
1904 487 2052 542 τοῦτ’
2091 492 2302 553 ἐκεῖνος
2371 490 2470 545 καὶ
2531 489 2818 562 διαδράναι
2845 489 2921 563 μὴ
2943 485 3055 558 οἷός
3104 507 3168 546 τε
3191 490 3273 546 ὢν
3319 491 3512 549 ιαντδν
3538 494 3726 569 δειρῇ.

483 603 634 642 σατο.
671 585 942 657 Χρησμοῦ
970 585 1030 640 δέ
1055 601 1187 640 ποτε
1213 583 1364 655 αὑτῷ
1387 583 1706 654 γενομένου,
1740 582 1801 635 εν
1845 582 1917 653 γῇ
1956 581 2206 655 Λιϐύσσῃ
2265 581 2661 654 τεθνήξεσθαι-⁸
2725 584 2756 637 ὀ
2823 585 2924 652 μὲν
2957 585 3017 638 ἐν
3080 585 3154 656 τῇ
3189 585 3416 656 πατρίδι
3459 590 3526 657 τῇ
3574 590 3728 660 Λιϐύῃ

480 676 784 752 προσεδόκα
819 679 1022 742 θανεῖν,
1066 676 1225 746 hqu
1253 676 1311 730 δι
1367 675 1620 747 θνήσκων
1643 673 1703 726 ιν
1735 673 1923 745 χωρίῳ
1983 673 2092 728 τινὶ
2125 675 2413 746 τυγχάνων
2447 675 2774 748 καλουμίνῳ
2808 675 3076 751 Λιϐύσσῃ.
3149 677 3266 733 Καὶ
3292 679 3322 732 δ
3343 678 3652 750 ’Λφρικανὺς
3679 683 3728 738 δι

485 767 728 820 Σκιπίων
756 767 878 819 τότε
915 764 1241 837 μετήλλαξε.

554 855 720 912 XXII.
755 855 1046 926 Philippus
1068 853 1428 910 Macedonum
1457 871 1554 912 rex
1576 895 1594 921 ,
1625 854 1742 910 lilio
1787 855 2055 913 Demetri:

2241 855 2373 914 KB'.
2404 847 2675 923 Φίλιππος
2719 857 2777 913 δδ
2803 860 2834 914 6
2861 859 3198 914 Μακεδόνων
3221 859 3485 931 βασιλεὺς
3509 863 3598 920 τὸν
3631 869 3729 924 υίὶν

479 948 688 1014 occiso,
720 946 979 1002 Perseum
1010 961 1230 1017 quoque
1251 947 1566 1014 occisurus,
1589 945 1750 1002 obiit.
1778 945 1912 1002 Nam
1932 961 2058 1000 cum

482 1041 794 1097 Demetrius
841 1037 913 1093 ob
963 1038 1337 1094 Romanorum
1387 1038 1708 1104 amicitiam,
1763 1037 2059 1107 exterique

481 1133 813 1189 Macedones
842 1145 996 1200 spem
1033 1129 1421 1199 concepissent
1473 1129 1628 1202 regni
1663 1137 1788 1200 post
1819 1127 2058 1198 Philippi

478 1225 692 1279 obitum
728 1210 1055 1276 obtinendi:
1092 1219 1330 1277 Perseus
1373 1230 1435 1274 ut
1460 1230 1590 1275 natu
1629 1220 1802 1290 major
1830 1220 1880 1274 ei
1915 1217 2058 1272 invi-

479 1315 582 1376 dit,
608 1321 666 1367 et
694 1322 754 1365 ut
783 1310 923 1381 patri
952 1309 1308 1365 insidiantem
1336 1309 1708 1364 calumniatus
1737 1317 1843 1362 est.
1869 1307 2058 1376 itaque

477 1416 751 1458 venenum
790 1399 981 1453 bibere
1016 1408 1278 1462 coaetus,
1311 1399 1500 1468 periit.
1538 1397 1826 1468 Philippus
1871 1405 2056 1451 autem

476 1508 590 1546 non
633 1490 807 1545 multo
847 1497 972 1560 post
1011 1486 1176 1559 556
1222 1488 1452 1543 veritate
1491 1488 1748 1560 cognita,
1797 1489 2056 1541 Perseum

481 1581 670 1637 ulcisci
700 1581 894 1635 volens
914 1620 928 1644 ,
957 1589 1136 1634 morte
1169 1579 1513 1649 interceptus
1532 1617 1547 1643 ,
1591 1592 1822 1649 regnum
1853 1577 2055 1632 Perseo

477 1676 564 1731 vel
592 1675 800 1730 invitus
824 1672 1048 1743 reliquit
1077 1690 1091 1727 :
1116 1671 1264 1743 quod
1289 1673 1340 1727 ei
1374 1672 1630 1736 Romani,
1663 1682 1889 1742 paterna
1913 1669 2051 1724 ami-

477 1767 607 1821 citia
650 1773 934 1828 renovata,
961 1764 1385 1820 conlirmarunt.
1415 1763 1685 1819 insecutis
1713 1762 2054 1834 temporibus

479 1858 730 1913 accidere
771 1857 1058 1929 quzedam,
1106 1856 1408 1926 scriptione
1450 1871 1644 1926 parum
1709 1856 1892 1926 digna.
1945 1853 2054 1910 Sed

481 1961 601 2022 post
633 1951 872 2007 Perseus
901 1950 1276 2006 Romanorum
1311 1947 1618 2004 inimicitiis
1645 1949 1954 2018 susceptis,
1997 1958 2056 2003 ut

483 2044 626 2098 bello
664 2058 896 2108 moram,
922 2042 1052 2097 dum
1081 2057 1139 2098 se
1171 2051 1414 2112 pararet,
1443 2041 1778 2112 produceret
1803 2059 1816 2096 :
1848 2043 2055 2113 legatos

479 2138 708 2191 Romam
749 2133 935 2201 misit,
987 2134 1204 2205 objecta
1248 2133 1354 2189 sibi
1394 2134 1629 2188 crimina
1673 2143 2008 2204 purgaturus
2035 2173 2050 2199 ,

2168 948 2488 1019 Δημήτριον
2512 949 2847 1014 ἀποκτείνας
2868 950 2967 1004 καὶ
2995 950 3090 1005 τὸν
3121 950 3323 1022 ἕτερον
3353 955 3470 1007 υίὸν
3489 957 3575 1008 τὸν
3603 959 3727 1028 Περ.-

2168 1041 2267 1093 σέα
2298 1039 2576 1112 μελλήσας
2598 1041 2904 1110 φονεύσειν,
2924 1042 3228 1097 ἀπέθανεν.
3263 1043 3421 1098 Ἐπεὶ
3453 1046 3556 1119 γὰρ
3576 1066 3728 1122 προσ.

2166 1128 2330 1201 eam
2359 1135 2476 1194 τοις
2509 1131 2807 1201 Ῥωμαίοις
2837 1132 2900 1184 ἐκ
2931 1133 3029 1202 τῆς
3053 1133 3334 1203 ὁμηρείας
3355 1135 3567 1204 ἐγένετο
3590 1142 3616 1193 ὁ
3633 1143 3726 1212 Δη-

2168 1223 2420 1295 μήτριος,
2448 1221 2546 1278 καὶ
2577 1223 2741 1286 αὐτός
2770 1241 2831 1278 τε
2860 1225 2954 1279 καὶ
2982 1227 3034 1279 oi
3066 1224 3258 1279 λοιποὶ
3284 1228 3398 1280 τῶν
3427 1229 3726 1287 Μακεδόνων

2165 1314 2396 1384 ἤλπιζον
2417 1317 2498 1370 ὅτι
2527 1317 2673 1386 μετὰ.
2695 1316 2786 1371 τὸν
2819 1317 3091 1374 Φίλιππον
3124 1317 3228 1392 τὴν
3273 1318 3551 1390 βασιλείαν
3576 1324 3722 1395 λήψε.

2163 1425 2278 1471 ⁴ται,
2303 1409 2602 1480 ἐφθόνησεν
2625 1408 2817 1479 adripe
2838 1412 3084 1482 Περσεὺς
3110 1412 3210 1466 ἅτε
3243 1412 3341 1466 καὶ
3384 1415 3724 1490 πρεσϐύτερος

2166 1502 2330 1556 αὑτοῦ
2363 1501 2462 1564 ὣν,
2493 1504 2587 1556 καὶ
2615 1503 2863 1558 διέϐαλεν
2892 1503 3060 1560 αὑτὸν
3087 1505 3166 1569 ὡς
3216 1506 3629 1564 ἐπιϐουλεύοντα
3658 1511 3722 1583 τῷ

2167 1595 2359 1666 πατρί.
2393 1595 2502 1649 Καὶ
2535 1597 2565 1648 ὁ
2596 1596 2695 1666 μὲν
2719 1597 3011 1668 φάρμακον
3049 1599 3203 1650 πιεῖν
3236 1599 3596 1666 ἀναγκασθεὶς
3623 1601 3724 1653 ἑτε-

2165 1683 2448 1756 λεύτησεν.
2496 1686 2554 1739 ’0
2582 1687 2639 1740 δὲ
2671 1687 2934 1752 Φίλιππος
2959 1688 3021 1742 οὗ
3061 1687 3251 1758 πολλῷ
3283 1689 3506 1760 ὕστερον
3536 1692 3592 1744 τὺ
3609 1692 3722 1761 dir,-

2165 1776 2254 1841 θὲς
2283 1779 2444 1844 γνοὺς
2477 1777 2794 1848 ἀμύνασθαι
2819 1779 2912 1832 τὸν
2935 1780 3152 1850 Περσέα
3182 1779 3448 1850 ἠθέλησεν
3467 1799 3482 1814 ο
3519 1783 3577 1835 οὗ
3609 1784 3720 1852 μὲν·

2163 1886 2244 1922 τοι
2289 1871 2383 1924 καὶ
2440 1870 2684 1940 ἴσχυσεν,
2721 1870 2839 1926 ἀλλ’
2891 1872 3054 1935 αὐτός
3089 1889 3153 1926 τε
3212 1873 3476 1940 ἀπέθανε,
3524 1878 3608 1928 καὶ
3633 1876 3716 1947 τὴν

2163 1961 2444 2031 βασιλείαν
2485 1964 2514 2015 ὁ
2573 1963 2818 2034 Περσεὺς
2873 1964 3170 2032 διεδέξατο.
3221 1966 3335 2019 Καὶ
3381 1969 3430 2019 oi
3483 1968 3714 2036 Ῥωμαῖοι

2160 2052 2365 2123 ταύτην
2393 2070 2452 2107 τε
2488 2054 2638 2124 αὑτῷ
2666 2055 3028 2122 ἐϐεϐαίωσαν,
3087 2057 3188 2110 καὶ
3237 2057 3340 2128 τὴν
3370 2058 3618 2129 πατρῴαν
3637 2077 3713 2128 ιρι·

2161 2144 2283 2198 λίαν
2309 2147 2702 2200 ἀνενεώσαντο.
2744 2145 2834 2200 Ἐν
2881 2147 2940 2202 δὲ
2983 2151 3096 2212 τοῖς
3126 2149 3276 2217 μετὰ
3331 2150 3500 2204 ταῦτα
3529 2151 3714 2219 χρόνοις

475 2226 707 2281 scilicet.
738 2222 951 2290 Quibus
981 2221 1217 2278 Romani
1263 2223 1321 2276 in
1363 2221 1558 2277 urbem
1592 2233 1703 2274 non
1753 2220 2010 2274 admissis
2038 2257 2053 2284 ,

2161 2239 2570 2310 συνηνέχθησαν
2628 2240 2731 2308 μέν
2781 2257 2926 2304 τινα,
2959 2241 3022 2294 οὐ
3078 2243 3271 2312 μέντοι
3330 2245 3426 2298 καὶ
3474 2246 3711 2312 ἀναγκαῖα

473 2327 668 2373 senatu
709 2315 846 2372 loris
883 2317 1044 2384 dato,
1093 2315 1232 2372 nihil
1269 2313 1682 2387 responderunt
1712 2313 1894 2379 aliud,
1948 2313 2054 2368 nisi

479 2410 766 2467 consulem
802 2425 860 2467 se
903 2410 1172 2467 missuros
1210 2423 1364 2472 esse,
1406 2421 1532 2462 cum
1573 2421 1686 2477 quo
1715 2413 1904 2476 ageret
1938 2420 2059 2472 qme

474 2504 674 2560 vellet:
701 2503 1011 2574 eodemque
1033 2502 1124 2557 die
1149 2501 1275 2556 illos
1297 2500 1454 2556 abire
1473 2500 1782 2571 jusserunt,
1810 2496 2059 2552 ductori-

475 2598 580 2668 bus
613 2597 892 2668 adjunctis
911 2635 927 2658 .
954 2611 1024 2651 ne
1054 2609 1180 2650 cum
1225 2608 1451 2665 quoque
1479 2593 1963 2664 colloquerentur,
1993 2605 2058 2644 ac

474 2667 689 2747 l’erseo
740 2688 894 2744 aditu
939 2687 1112 2742 Italiae
1161 2686 1217 2740 in
1273 2693 1559 2755 posterum
1620 2681 2054 2738 lntcrdixerunt.

474 2781 686 2837 Deinde
726 2780 827 2835 Cn.
865 2778 1134 2835 Sicinium
1176 2787 1470 2846 praetorem
1503 2790 1630 2830 cum
1674 2772 1857 2844 parvis
1883 2769 2059 2841 copiis

475 2874 842 2944 ablegarunt,
889 2869 1196 2941 majoribus
1241 2867 1488 2922 nondum
1541 2866 1769 2938 paratis.
1825 2864 2058 2920 Perseus

479 2967 821 3022 Thessaliam
857 2965 1158 3035 ingressus,
1202 2963 1498 3018 maximam
1533 2962 1654 3031 ejus
1694 2967 1909 3029 partem
1950 2956 2055 3012 sibi

475 3058 751 3129 adjunxit.
785 3055 1118 3111 lmminente
1149 3069 1278 3110 vere
1315 3053 1565 3109 Licinius
1594 3051 1825 3108 Crassus
1865 3062 2056 3106 contra

477 3165 604 3204 eum
635 3149 838 3204 missus
868 3156 973 3214 est,
1004 3156 1059 3202 ct
1097 3147 1258 3203 classi
1290 3146 1585 3219 praefectus
1632 3144 1698 3202 C.
1744 3143 2054 3199 Lucretius.

473 3245 552 3298 Ae
582 3242 760 3312 primo
784 3239 1034 3312 equestri
1065 3238 1324 3294 conﬂictu
1353 3239 1581 3310 impegit
1610 3255 1624 3290 :
1651 3236 1857 3292 deinde
1884 3236 2058 3291 victo-

477 3335 560 3389 ria
585 3336 816 3405 potitus,
848 3349 914 3388 eo
946 3332 1157 3402 redegit
1185 3331 1472 3396 Perseum,
1507 3339 1568 3384 ut
1593 3330 1648 3384 in
1680 3328 2055 3384 Macedoniam

478 3426 789 3481 recederet.
838 3423 1019 3480 Urbes
1073 3430 1258 3476 autem
1303 3420 1520 3477 Graecas
1557 3433 1882 3491 aggressus.
1921 3436 2058 3490 quas

477 3519 766 3591 Philippus
788 3518 1132 3584 obtinuerat,
1157 3531 1186 3570 a
1212 3515 1488 3585 plerisque
1509 3515 1766 3585 repulsus
1787 3523 1894 3580 est,
1919 3529 2058 3568 non-

477 3610 920 3680 nullas-subegit,
952 3611 1250 3666 nonnullas
1278 3609 1497 3676 evertit,
1526 3608 1742 3664 civibus
1770 3607 1874 3663 sub
1896 3623 2054 3663 coro-

476 3723 548 3761 na
608 3704 872 3763 venditis.
934 3704 1150 3773 Quibus
1207 3704 1442 3759 Romani
1490 3703 1699 3759 auditis
1753 3702 2050 3772 indignati,

477 3799 678 3855 Crasso
715 3798 1068 3868 postmodum
1092 3795 1473 3867 pecuniariam
1518 3795 1747 3850 multam
1769 3795 2052 3860 dixerunt,

477 3901 663 3964 captas
687 3891 853 3948 urbes
874 3889 1079 3945 liberas
1097 3904 1219 3944 esse
1239 3889 1527 3960 jusserunt
1547 3905 1561 3948 ;
1587 3903 1718 3942 earn
1729 3903 1888 3959 mque
1909 3888 2056 3944 cives

475 3983 846 4049 venundatos,
872 3997 1011 4053 quos
1032 3982 1088 4036 itt
1115 3981 1268 4037 Italia
1296 3996 1573 4051 reperere,
1607 3979 1676 4034 ab
1710 3980 2055 4049 emptoribus

476 4077 853 4133 redemerunt.
900 4074 998 4130 llis
1046 4075 1122 4128 ita
1175 4073 1344 4146 gestis
1388 4073 1532 4127 bello
1579 4071 1805 4128 Persico
1853 4072 2055 4128 multas

478 4185 704 4239 magnas
751 4169 938 4224 clades
985 4174 1356 4236 acceperunt,
1395 4165 1563 4220 rebus
1613 4179 1805 4220 eorum
1851 4164 2053 4233 passim

477 4261 717 4316 alllictis.
746 4259 885 4314 Nam
919 4259 1154 4312 Perseus
1189 4256 1340 4325 Epiri
1375 4265 1432 4310 et
1462 4255 1761 4313 Thessalia:
1795 4256 2056 4326 pleraque

478 4352 746 4408 obtinuit.
780 4352 986 4406 Praeter
1008 4350 1158 4405 enim
1189 4349 1324 4404 alias
1350 4349 1600 4419 ingentes
1625 4348 1833 4418 copias,
1859 4347 2056 4405 adver-

479 4459 576 4500 sus
601 4443 978 4521 Romanorum
1003 4439 1325 4511 elephantes
1344 4438 1509 4494 etiam
1526 4439 1851 4511 phalangem
1874 4456 2057 4497 arma-

481 4545 664 4590 torum
699 4534 1072 4599 instruxerat,
1099 4547 1340 4604 quorum
1375 4532 1553 4603 clypei
1586 4540 1642 4586 et
1670 4533 1837 4603 galeae
1862 4533 2057 4590 ferreis

479 4629 647 4684 clavis
674 4626 854 4682 acutis
883 4625 1208 4681 horrebant.
1243 4624 1324 4680 Ne
1364 4636 1551 4681 autem
1587 4629 1747 4697 equis
1792 4627 2056 4682 formida-

479 4719 619 4774 biles
677 4726 905 4784 essent,
952 4715 1247 4772 simulacra
1287 4715 1708 4788 elephantorum
1748 4719 1963 4788 paravit
1989 4733 2055 4772 ex

481 4818 765 4880 unguento
787 4810 1051 4880 quodam.
1075 4817 1280 4864 tetrum
1315 4807 1570 4865 fauorem
1595 4809 1882 4880 spirantia,
1907 4811 2052 4876 visu,

2163 2330 2306 2382 πάνυ
2348 2331 2488 2383 ὥστε
2514 2331 2610 2404 καί
2641 2331 2968 2401 συγγραφῆς
2997 2331 3331 2402 νομίζεσθαι
3374 2333 3517 2397 ἄξια.
3545 2335 3711 2388 Ὕστε-

2165 2439 2256 2492 ρίιν
2302 2424 2359 2476 δὲ
2407 2426 2434 2476 ὀ
2491 2424 2737 2492 Περσεὺς
2778 2423 3038 2493 πολέμιον
3068 2424 3268 2479 ἑαυτὸν
3298 2426 3409 2489 τοίς
3453 2427 3708 2497 Ῥωμαίοις

2161 2517 2438 2589 ἐποίησεν.
2473 2519 2596 2572 Ὶνα
2623 2519 2682 2573 δὲ
2713 2520 2988 2592 ἀναϐολὴν
3016 2522 3113 2575 τοῦ
3159 2521 3402 2593 πολέμου
3459 2523 3601 2593 σχοίη
3629 2524 3709 2592 μία

2159 2627 2283 2682 χρις
2314 2612 2380 2664 ἂν
2413 2613 2924 2681 παρασκευάσηται,
2962 2613 3227 2682 πρέσϐεις
3259 2616 3342 2678 είς
3383 2615 3482 2683 τὴν
3522 2613 3707 2683 Ῥώμην

2159 2704 2408 2775 ἔπεμψεν
2433 2705 2948 2777 ἀπολογησομένους
2976 2707 3119 2777 τάχα
3151 2709 3285 2780 περὶ
3315 2703 3393 2762 ὧν
3415 2707 3703 2761 ἐνεκαλεῖτο.

2160 2795 2269 2859 Οὓς
2315 2799 2365 2850 οί
2422 2797 2688 2867 Ῥωμαῖοι
2721 2797 2836 2852 οὔτ’
2887 2797 3021 2852 εἴσω
3052 2798 3153 2853 τοῦ
3213 2800 3431 2871 τείχους
3460 2799 3701 2864 ἐδέξαντο·

2161 2891 2254 2942 καὶ
2289 2889 2396 2958 πρὸ
2441 2889 2536 2942 τοῦ
2598 2889 2792 2955 ἄστεος
2852 2892 3039 2955 αὐτοῖς
3097 2892 3534 2964 χρηματίσαντες
3575 2891 3702 2946 οὐδὲν

2159 2981 2529 3053 ἀπεκρίναντο
2553 2983 2765 3049 ἓτερον.
2798 2983 2830 3053 ἢ
2857 2985 2941 3038 ὅτι
2963 2983 3173 3040 ὕπατον
3197 2987 3488 3056 πέμψουσι,
3519 2985 3638 3057 πρὸς
3654 2983 3702 3037 ὃν

2159 3074 2262 3127 ὅσα
2296 3073 2546 3144 βούλεται
2574 3073 2993 3145 διαλεχθήσεται
3012 3093 3028 3109 ’
3062 3078 3160 3130 καὶ
3190 3077 3504 3148 οαῦθήμερον
3533 3076 3701 3136 αὐτοὺς

2158 3166 2379 3222 ἀπιέναι
2405 3167 2693 3237 ἐποίησαν,
2739 3167 2922 3231 δόντες
2972 3169 3128 3239 σφίσι
3180 3173 3276 3224 καὶ
3320 3169 3560 3239 ἀγωγοὺς
3583 3167 3698 3220 ὥστε

2161 3260 2236 3330 μή
2267 3277 2376 3314 τινι
2404 3261 2801 3329 συγγένωνται,
2833 3261 2932 3314 καὶ
2963 3261 3043 3330 τῷ
3090 3263 3299 3334 Περσεῖ
3355 3262 3452 3332 τῆς
3503 3258 3699 3318 Ἰταλίας

2158 3349 2463 3404 ἐπιϐαίνειν
2492 3350 2588 3404 τοῦ
2617 3350 2806 3405 λοιποῦ
2833 3354 3231 3423 ἀπειρήκασιν.
3261 3355 3324 3406 Oi
3355 3351 3450 3422 μὲν
3469 3349 3554 3403 οὖν
3588 3347 3699 3401 Ῥω·

2160 3445 2312 3512 μαῖοι
2345 3443 2488 3513 μετὰ
2517 3444 2696 3498 ταῦτα
2726 3445 2918 3500 Γναῖον
2971 3446 3214 3499 Σικίνιον
3264 3440 3552 3512 στρατηγὸν
3580 3435 3696 3508 μετὰ

2155 3535 2439 3605 δυνάμεως
2466 3535 2656 3607 ὀλίγης
2679 3537 2999 3607 ἐξέπεμψαν
3027 3539 3123 3608 (οὐ
3156 3539 3265 3608 γάρ
3304 3554 3384 3591 κω
3419 3537 3514 3606 τὴν
3551 3530 3693 3602 μείζω

2158 3629 2679 3699 παρεσκευάσαντο)
2712 3630 2807 3683 καὶ
2837 3630 2866 3680 ὁ
2893 3630 3140 3700 Περσεὺς
3163 3632 3242 3694 είς
3269 3627 3557 3684 Θεσσαλίαν
3577 3637 3693 3689 παρ’

2155 3719 2462 3788 εμϐἐιλλων,
2500 3721 2572 3774 τά
2601 3737 2664 3788 γε
2689 3719 2920 3774 πλείστα
2948 3721 3122 3793 αὐτῆς
3180 3721 3510 3794 ᾠκειώσατοο
3564 3712 3692 3767 Ἐπεὶ

2155 3808 2213 3862 δὲ
2250 3809 2310 3861 τὸ
2361 3807 2464 3880 {ap
2495 3810 2726 3880 ἐπέστη,
2763 3809 3078 3880 πέμπουσιν
3127 3813 3219 3866 ἐπ’
3270 3809 3428 3864 αὑτὸν
3458 3805 3690 3862 Λικίννιον

2155 3900 2434 3972 Κράσσον,
2499 3902 2593 3954 καὶ
2651 3903 2958 3975 στρατηγὸν
3015 3905 3110 3957 in".
3143 3904 3240 3958 τοῦ
3288 3897 3531 3955 ναυτικοῦ
3557 3895 3690 3949 Γαῖον

2157 3991 2495 4063 Λευκρίτιον.
2561 3993 2849 4063 Σνμμίξας
2898 3989 2992 4048 οὖν
3020 3995 3240 4066 πρῶτον
3296 3992 3420 4064 περὶ
3446 3990 3688 4059 Λάρισσαν

2155 4081 2233 4150 τῷ
2262 4082 2463 4153 Περσεῖ
2486 4083 2545 4136 ἐν
2577 4083 2889 4156 ίππομαχίᾳ
2939 4086 3200 4140 ἔπταισεν
3220 4103 3238 4119 ο
3295 4085 3510 4154 ὕστερον
3536 4079 3687 4150 μέντοι

2159 4175 2529 4246 περιεγένετο,
2560 4174 2704 4229 ὥστε
2732 4180 2827 4231 καὶ⁵
2875 4180 3237 4250 ἀναχωρῆσαι
3290 4177 3378 4230 τὸν
3403 4171 3594 4243 Περσέα
3620 4166 3686 4228 εις

2158 4267 2518 4322 Μακεδονίαν.
2548 4267 2608 4322 '0
2640 4269 2896 4340 Κράσσος
2933 4270 2992 4324 δὲ
3017 4273 3141 4335 ταῖς
3166 4271 3354 4324 πόλεσι
3382 4268 3496 4329 ταῖς
3531 4259 3690 4327 Ἐλλη“

2158 4360 2333 4421 νικαίς
2389 4361 2511 4423 ταῖς
2557 4359 2663 4414 ὑπὸ
2712 4360 2806 4415 τοῦ
2862 4361 3131 4416 Φιλίππου
3181 4359 3556 4431 κατεχομένας
3589 4347 3683 4421 (⁸8)

2159 4449 2492 4520 προσέϐαλε,
2524 4451 2620 4504 καὶ
2650 4452 2759 4505 τῶν
2797 4453 2895 4522 μὲν
2926 4453 3191 4509 πλειόνων
3219 4442 3682 4522 ἀπεκρούσθη,ίστι

2156 4542 2202 4597 δ’
2229 4542 2295 4606 ἃς
2324 4541 2662 4614 ἐχειρώσατο
2684 4559 2696 4573 ·
2731 4545 2827 4598 καί
2861 4563 3014 4610 τινας
3050 4545 3405 4615 κατασκάψας
3431 4543 3545 4604 τοὺς
3562 4535 3684 4591 ἁλόν-

2157 4656 2257 4704 τας
2289 4640 2543 4694 ἀπέδοτο.
2582 4641 2768 4711 Ἀπερ
2798 4642 2848 4694 oi
2873 4642 2932 4695 ὲν
2964 4647 3030 4714 τῇ
3066 4642 3253 4714 Ῥώμῃ
3280 4641 3551 4710 πυθόμενοι
3568 4635 3680 4703 ἡγα·

2158 4731 2461 4804 νὰκτησαν,
2497 4733 2591 4786 καὶ
2637 4733 2730 4788 τόν
2761 4751 2818 4788 τε
2849 4735 3106 4807 Κράσσον
3161 4738 3382 4808 ὕστερον
3406 4728 3678 4801 ἐζημίωσαν

2157 4824 2430 4896 χρήμασι,
2461 4824 2688 4888 καὶτὰς
2740 4825 3048 4890 ἑαλωκυίας
3095 4827 3277 4891 πόλεις
3319 4822 3675 4895 ⁴ίιλειειθιέρωσίινν

483 4901 793 4971 audituque
813 4901 1116 4966 horrenda,
1134 4917 1257 4972 qua:
1285 4910 1403 4957 arte
1425 4901 1661 4972 quadam
1694 4902 1937 4958 sonitum
1968 4904 2055 4958 in-

2161 4918 2254 4970 καὶ
2284 4917 2412 4980 τοὺς
2437 4917 2746 4986 πραθέντας
2780 4919 2837 4985 ἐξ
2861 4919 3044 4972 αὐτῶν
3072 4921 3166 4974 καὶ
3193 4922 3250 4973 ὲν
3293 4920 3357 4989 τῇ
3384 4913 3565 4980 Ἰταλίᾳ
3605 4905 3678 4958 εὖ-

482 5003 598 5048 star
631 4995 870 5048 tonitrus
906 4993 1174 5050 ederent:
1206 4994 1272 5050 ad
1303 5012 1423 5066 quae
1452 4996 1580 5066 equi
1619 4996 1854 5053 subinde
1882 4997 2056 5053 addu-

482 5085 578 5151 cti,
612 5085 808 5138 timere
860 5084 1102 5154 denique
1147 5085 1453 5142 desierunt.
1489 5086 1584 5143 llis
1615 5091 1781 5142 rebus
1820 5088 2054 5144 Perseus

485 5179 662 5233 auctis
698 5177 919 5243 animis,
949 5193 1007 5233 se
1039 5179 1352 5234 Alexandro
1380 5181 1550 5251 gloria
1589 5189 1644 5235 et
1676 5182 2054 5252 magnitudine

484 5269 701 5340 tmperii
741 5270 1086 5340 superiorem
1133 5269 1253 5325 fore
1282 5271 1530 5342 putabat.
1562 5271 1794 5328 Romani
1828 5289 1957 5328 vero
1985 5276 2056 5330 its

487 5360 753 5432 t-ognitis,
791 5362 1052 5416 Marcium
1093 5361 1404 5432 Philippum
1437 5378 1553 5417 cos.
1601 5362 1764 5436 457
1795 5366 2054 5421 celeriter

483 5451 849 5523 ablegarent:
885 5454 1133 5526 quicum
1173 5453 1228 5509 in
1263 5455 1601 5512 Thessaliam
1634 5459 1699 5512 ad
1745 5461 2050 5519 exercitum

2161 5008 2420 5080 ρεθέντας
2469 5011 2588 5062 τότε
2630 5009 2782 5082 παρὰ
2805 5011 2913 5064 τῶν
2969 5013 3300 5085 ἐωνημένων
3354 5008 3534 5068 αὐτοὺς
3583 4998 3677 5062 ἔξεο

2161 5102 2406 5171 πρίαντο.
2433 5101 2622 5155 Ταῦτα
2656 5105 2754 5172 μὲν
2783 5099 2878 5156 οὖν
2893 5104 3065 5169 οὕτως
3097 5107 3336 5180 ἔπραξαν
3352 5105 3396 5156 οί
3436 5094 3671 5165 Ῥωμαῖοι·

2158 5189 2216 5240 ὲν
2242 5188 2298 5240 δὲ
2317 5189 2392 5256 τῷ
2419 5188 2559 5258 πρὸς
2587 5191 2677 5242 τὸν
2701 5192 2912 5262 Περσέα
2944 5177 3357 5265 πολέμῳνπολλὰ
3386 5189 3470 5244 καὶ
3499 5177 3672 5255 μεγάλα

2163 5280 2466 5351 ἠτύχησαν,
2501 5283 2598 5336 καὶ
2632 5285 2922 5357 πολλαχόθι
2969 5290 3202 5360 ἐπόνησε
3232 5289 3297 5342 τὰ
3344 5282 3524 5342 αἰητῶν,
3557 5291 3616 5328 κα
3647 5267 3670 5320 δ

2162 5373 2406 5444 Περσεὺς
2431 5375 2532 5445 τῆς
2567 5377 2824 5448 Ἠπείρου
2854 5379 2948 5432 καὶ
2988 5382 3086 5451 τῆς
3144 5378 3426 5438 Θεσσαλίας
3477 5367 3669 5434 κατέσχι

2162 5463 2230 5516 τὰ
2265 5463 2506 5524 πλείονα.
2537 5467 2651 5538 Τήν
2685 5486 2745 5522 τε
2767 5470 2875 5541 γὰρ
2920 5471 3086 5544 ἄλλην
3114 5473 3337 5543 δύναμιν
3364 5464 3542 5534 πολλὴν
3568 5473 3668 5510 συν·

1635 5620 1836 5683 Variae
1879 5619 2184 5684 lectiones
2230 5630 2291 5686 et
2335 5633 2530 5689 notae.

555 5769 981 5861 om)
1027 5774 1133 5830 τοῦ
1158 5775 1459 5832 Φιλίππου
1500 5776 1946 5845 κατεχομέναις.
1981 5775 2055 5832 Sit

2160 5794 2238 5835 ss.
2277 5780 2412 5853 Reg.
2440 5790 2497 5836 et
2551 5782 2796 5840 Colbert.
2848 5787 2915 5840 At
2945 5788 3172 5845 Wolﬁus
3207 5781 3441 5861 Περσέως
3476 5764 3658 5847 indubia.

481 5839 778 5911 legendum
800 5839 896 5896 ait.
