3748 6556
3242 384 3346 450 782

164 518 202 570 εξ
223 511 284 583 μὴ
304 507 345 560 οἱ
373 503 560 574 Κρῆτες
588 492 750 550 αὐτὸν
782 492 1164 561 ἔγκατάλιπον.
1202 492 1520 566 Ἐνθέμενοι
1550 494 1644 567 γάε

1864 502 1977 550 tum
2009 493 2227 550 obviam
2270 493 2434 550 ivisse
2483 511 2498 548 :
2532 493 2688 549 illum
2719 509 2849 551 vero
2895 495 2951 549 in
2986 494 3180 553 faciem
3210 514 3344 571 pro-

515 557 588 653 είς
631 588 701 643 τά
755 557 916 641 πλοῖα
966 586 1150 641 οἴκαδε
1203 557 1447 658 ἀπῆραν.
1493 557 1640 640 Ὀνδξ

1870 594 2022 651 itum,
2049 587 2343 659 prehensis
2371 587 2491 653 ejus
2514 588 2753 660 genibus
2770 604 2936 645 voces
2959 607 3152 662 parum
3179 609 3350 666 gene-

160 696 326 769 ἡμέρας
365 685 454 757 μέν
494 698 641 744 τινας
674 680 843 736 αὑτοῦ
895 681 1036 751 μετὰ
1068 679 1342 735 Φιλίππου
1377 677 1497 743 ἑνὸς
1549 678 1640 733 τῶς

1865 693 1923 735 as
1961 680 2223 737 edidisse.
2280 680 2565 736 Emilium
2608 690 2791 737 autem
2843 683 2986 739 tristi
3029 685 3184 742 vultu
3216 702 3345 743 eum

159 790 284 843 υἱίων
326 776 677 850 κρυπτόμενος
727 773 922 827 ἔλαθεν
963 788 978 804 '
1014 773 1139 827 hcet
1188 772 1248 826 δὲ
1280 773 1412 836 τοὺς
1463 770 1639 833 ἄλλους

1869 781 2078 828 tentem
2104 772 2312 830 dixisse
2337 792 2353 828 :
2379 773 2542 840 Quid,
2568 791 2598 829 ο
2628 775 2808 842 miser,
2844 776 2945 831 ista
2987 776 3120 847 facis
3141 794 3162 835 :
3207 779 3349 835 unde

158 877 308 936 παῖδας
344 872 424 923 καὶ
465 866 558 938 τὴν
611 865 910 938 θεραπείαν
948 864 1090 934 ἔγνω
1138 863 1520 936 κατεσχηκότα
1566 863 1638 917 τὺε

1869 882 1877 917 ι
1905 874 2102 935 prater
2128 866 2375 920 meritum
2396 866 2451 921 in
2490 866 2859 923 calamitatem
2884 870 3149 937 incidisse,
3182 888 3349 942 neque

164 965 439 1029 Ὀκταούϊον,
479 960 671 1033 εὑρέθη
706 960 1015 1031 ἐθελοντὴς,
1059 960 1155 1014 καὶ
1176 958 1418 1030 ἀχθέντα
1446 958 1529 1023 είς
1561 956 1644 1029 τὴν

1872 958 2041 1024 ιεεηιί,
2074 957 2167 1012 sed
2192 960 2463 1029 prteterita
2492 958 2708 1029 fortuna
2742 960 2995 1033 indignus
3023 978 3135 1018 esse
3164 964 3352 1020 videa-

163 1057 440 1131 ’Δμφίπολιν
482 1055 631 1109 οὐδὲν
671 1057 700 1110 6
759 1054 972 1118 Παῦλος
1027 1052 1336 1118 ἐκάκωσεν,
1383 1052 1523 1107 ἀλλά
1566 1050 1666 1106 καὶ

153 1146 420 1219 ἐδεξιώσατο
451 1148 546 1205 καὶ
576 1149 829 1220 ὁμόσιτον
885 1147 1184 1218 ἑποιήτατο
1215 1146 1313 1200 καὶ
1345 1146 1405 1199 ὲν
1444 1143 1666 1216 ἀδέσμῳ

153 1246 323 1317 φυλακῇ
353 1243 530 1314 ἐτήρει
552 1242 649 1295 καὶ
674 1241 733 1295 ὲν
764 1239 1037 1310 θεραπεία
1070 1234 1199 1311 ἦγε.
1226 1237 1383 1292 Μετὰ
1410 1236 1666 1291 δὲταῦτα

150 1343 208 1404 εις
242 1340 327 1407 τίεν
365 1335 584 1390 Ἰταλίαν
616 1334 706 1390 διὰ
746 1334 845 1407 τῆς
902 1335 1164 1406 Ἠπείρου
1198 1332 1559 1404 ἀνεκομίσθη.
1607 1330 1667 1384 '0
1772 1330 1935 1383 etiam
1989 1330 2046 1382 in
2093 1330 2408 1382 calamitate
2452 1330 2677 1385 multum
2724 1331 2806 1387 vel
2838 1333 2982 1404 apud
3018 1336 3193 1389 hostes
3240 1353 3318 1391 mc

150 1430 516 1500 δὶΠλούταρχος
543 1427 780 1500 ἀχθῆναι
815 1427 966 1498 λέγει
998 1426 1091 1482 τὸν
1129 1426 1348 1499 Περσέα
1394 1424 1534 1496 πρὸς
1573 1423 1630 1478 τὸ

1875 1422 1939 1477 ut
1990 1421 2168 1476 habet.
2235 1419 2517 1492 Ignaviam
2567 1438 2712 1486 vero.
2789 1427 2952 1480 etiam
2997 1428 3242 1482 secundis
3299 1431 3355 1483 in

147 1527 369 1598 Αίμίλιον,
394 1526 485 1579 καὶ
516 1523 609 1579 τὸν
635 1524 1036 1596 δεδακρυμένον
1069 1525 1526 1597 προσυπαντῆσαι
1568 1521 1627 1576 αὖ

1874 1532 1929 1570 us
1985 1522 2225 1570 extremo
2270 1523 2573 1587 contemptu
2633 1516 2866 1574 Romani
2930 1520 3152 1592 dignam
3208 1523 3354 1586 iudi-

147 1620 221 1691 τῷ,
258 1619 446 1671 ἐκεῖνον
489 1615 537 1669 δ’
565 1616 661 1671 ἐπὶ
699 1616 879 1687 στόμα
916 1615 1247 1670 καταὸαλεῖν
1295 1612 1512 1676 ἑαυτὸν,
1568 1612 1665 1666 καὶ
1739 1619 1919 1721 ‘cant:
1963 1701 1996 1721 ﬂ
2188 1702 2235 1721 Η
2319 1701 2347 1714 -
2670 1702 2685 1721 θ

147 1709 339 1782 γονάτων
376 1706 704 1779 ὀρεξάμενον
752 1708 974 1777 ἀφεῖναι
1024 1706 1211 1777 φωνάς
1269 1706 1511 1775 ἀγενεῖς,
1570 1703 1667 1756 καὶ
1705 1701 1798 1756 τὸν
1843 1701 2096 1772 Αἰμίλιον
2177 1701 2436 1772 ἀλγοῦντι
2505 1702 2792 1777 προσώπῳ
2834 1707 3161 1778 προσιδόντα
3196 1710 3359 1766 αὐτὶν

147 1806 300 1859 εἰπεῖν’
326 1805 400 1867 Τί,
430 1801 475 1855 ὦ
500 1803 862 1871 ταλαίπωρε,
892 1800 1082 1857 ταῦτα
1111 1797 1391 1868 πράττεις
1416 1838 1432 1864 ,
1457 1796 1558 1867 ἀφ’
1580 1787 1668 1848 ὧν
1703 1793 1906 1862 δόξεις
1941 1798 2055 1850 οὐκ
2097 1794 2357 1862 ἀναξίως
2401 1794 2673 1865 ἀτυχεῖν,
2712 1798 2858 1854 οὐδὲ
2883 1800 2989 1857 τοῦ
3032 1801 3170 1872 νῦν,
3198 1803 3362 1860 ἀλλὰ

172 405 250 469 781
1356 380 1770 444 ANNALIUM
1804 380 1952 442 LIB.
1991 379 2101 442 IX.

1771 1050 1888 1106 ris?
1935 1048 2073 1117 Quid
2115 1066 2289 1105 meam
2326 1049 2607 1108 victoriam
2638 1053 2924 1126 deprimis,
2969 1064 3021 1110 et
3062 1073 3143 1112 res
3175 1067 3352 1128 gestas

1771 1150 2059 1205 attenuas:
2091 1144 2361 1213 ignauiam
2405 1160 2515 1215 prce
2553 1153 2604 1200 te
2634 1145 2872 1216 ferendo,
2914 1155 3068 1220 teque
3101 1150 3356 1206 adversa-

1768 1237 1910 1291 rium
1965 1235 2218 1291 Romanis
2247 1236 2529 1308 indignum
2571 1239 2897 1295 declaranda
2919 1246 2946 1298 .’
3002 1240 3182 1299 Virtus
3210 1245 3354 1300 enim

1772 1328 1935 1383 etiam
1989 1329 2046 1382 in
2093 1326 2408 1382 calamitate
2452 1329 2677 1385 multum
2724 1331 2806 1387 vel
2838 1333 2982 1404 apud
3018 1336 3193 1389 hostes
3240 1324 3357 1391 mo-

146 1898 222 1955 τοῦ
265 1895 434 1955 πάλαι
482 1894 772 1965 δαίμονος
812 1893 1063 1960 ἀνάξιος
1111 1891 1460 1964 raros-erat;
1495 1889 1556 1943 Tl
1602 1886 1671 1941 δέ
1702 1902 1823 1956 μου
1866 1885 2269 1954 καταϐάλλεις
2334 1886 2453 1957 τὴν
2512 1889 2696 1958 νίκην
2724 1891 2822 1946 καί
2870 1894 3215 1962 σμικρύνεις
3240 1914 3362 1967 μου

145 1992 195 2045 τὸ
218 1989 562 2057 κατόρθωμα,
607 1987 1099 2058 ἐπιδεικνύμενος
1152 1982 1371 2041 ἑαυτὸν
1406 1984 1480 2038 οὐ
1527 1977 1833 2052 γενναῖον,
1902 1979 2049 2035 οὐδὲ
2111 1980 2421 2050 πρέποντα
2493 1984 2801 2053 Ῥωμαιοις
2861 1986 3362 2061 άνταγωνιστήνς

153 2082 307 2158 Ἀρετή
334 2104 416 2142 τοι
447 2086 833 2156 δυστυχοῦσι
879 2083 1156 2154 μεγάλην
1186 2079 1309 2152 ἔχει
1338 2076 1557 2149 μοῖραν
1586 2073 1684 2130 καί
1727 2071 1887 2143 παρὰ
1920 2078 2249 2146 πολεμίοις.
2313 2080 2516 2136 Acilia
2542 2078 2613 2134 δὲ
2655 2081 2966 2152 Ῥωμαίοις
3004 2085 3122 2140 κᾶν
3148 2092 3366 2155 εὐποτ,

144 2178 219 2249 tt},
244 2175 420 2246 πάντη
449 2175 834 2246 ἀτιμότατον.

193 2273 293 2326 KA'.
325 2269 475 2323 Κατά
507 2268 571 2322 δὲ
597 2266 690 2321 τὸν
723 2266 889 2321 αὐτὸν
922 2265 1114 2337 χρόνον
1144 2264 1241 2318 καὶ
1265 2262 1497 2326 Λούκιος
1531 2260 1673 2315 Ἀνί-

1884 2255 2039 2315 LXIV.
2084 2258 2293 2315 Eodem
2326 2269 2577 2333 tempore
2623 2261 2687 2318 L.
2718 2263 2951 2323 Anicius
2991 2279 3195 2340 praetor
3230 2288 3364 2330 con—

145 2380 234 2426 κιος
247 2360 537 2434 στρατηγὸς
564 2358 840 2431 πεμφθεὶς
871 2360 963 2411 ἐπὶ
992 2357 1086 2411 τὸν
1112 2356 1328 2410 Γέντιον
1354 2355 1481 2420 τοὺς
1501 2369 1672 2427 προσ-

145 2452 358 2526 μίξαντας
383 2469 441 2505 τε
481 2451 640 2522 αὑτῷ
676 2451 900 2521 ἐνίκησε
930 2449 1025 2504 καὶ
1053 2448 1145 2503 τὸν
1173 2446 1390 2501 ι’έντιον
1430 2446 1674 2516 φυγόντα

142 2544 404 2611 ἐπιδιώξας,
433 2545 514 2608 είς
553 2542 795 2615 Σκοδράν
843 2541 1217 2605 κατέκλεισεν,
1263 2538 1398 2594 ὅπου
1426 2532 1495 2610 ἦν
1526 2536 1675 2608 αὐτῷ

144 2638 194 2692 τὲ
222 2637 465 2709 βασίλεια.
511 2636 633 2692 Καὶ
680 2633 937 2706 διακενῆς
974 2634 1043 2689 ἂν
1079 2634 1489 2706 προσήδρευσεν
1533 2631 1673 2701 αὐτῇ

144 2731 231 2800 (ἐπὶ
242 2730 335 2801 γὰρ
361 2731 713 2800 ἀκρωνυχίας
737 2727 900 2798 ὅρους
933 2726 1285 2792 πεπόλισται,
1310 2726 1405 2780 καὶ
1433 2722 1677 2796 φάραγξι

144 2820 344 2892 βαθείαις
385 2821 674 2892 ποταμοὺς
719 2818 940 2890 ροώδεις
980 2817 1238 2890 ἐχούσαις
1288 2817 1671 2889 περιειλεῖται⁹

142 2917 346 2985 τεὶχειτε
371 2914 563 2987 ὀχυρῷ
584 2912 1000 2986 περιέζωσται),
1033 2914 1084 2967 εί
1116 2912 1193 2984 μὴ
1221 2913 1250 2967 6
1280 2912 1497 2974 Γὲντιος
1533 2909 1677 2982 μέγα

142 3010 214 3063 ἐπὶ
237 3011 294 3081 τῇ
328 3009 560 3078 δυνάμει
606 3006 859 3072 ἐλπίσας,
888 3004 1031 3059 ἑκὼν
1069 3005 1149 3067 είς
1194 3004 1374 3074 μάχην
1404 3002 1675 3075 ἐχώρησε.

144 3103 241 3155 Κάκ
280 3102 462 3156 τούτου
512 3100 622 3170 τήν
649 3115 710 3152 τε
756 3096 931 3170 ἀρχὴν
960 3095 1128 3150 αὑτοῦ
1162 3098 1345 3151 πᾶσαν
1377 3095 1407 3146 6
1448 3094 1679 3158 ’Δνίκιος

144 3194 504 3267 προσηγάγετο,
566 3194 658 3246 καὶ
713 3190 877 3262 μέχρι
923 3189 1026 3260 τῆς
1084 3188 1345 3259 Ἠπείρου
1398 3185 1678 3259 προελθὼν

144 3291 243 3356 πρὶν
282 3287 365 3338 τὸν
414 3284 638 3339 Παῦλον
697 3279 873 3336 ἐλθεῖν
931 3279 1201 3349 κάκείνην
1259 3277 1681 3349 ταραττομένην

146 3378 402 3450 ἡμέρωσεν.
451 3378 521 3431 Οἱ
566 3377 612 3431 δ’
640 3378 699 3431 ιν
728 3377 796 3448 τῇ
837 3372 1025 3445 Ῥώμῃ
1066 3370 1272 3444 ἔμαθον
1318 3372 1419 3440 μὲν
1454 3372 1556 3438 τὴν
1585 3366 1680 3422 τοῦ

147 3471 321 3525 Παύλου
364 3471 530 3542 νίκην
572 3470 812 3540 τετάρτῃ
859 3466 997 3537 μετά
1033 3465 1131 3534 τὴν
1167 3462 1346 3534 μάχην
1400 3459 1586 3531 ἡμέρᾳ
1618 3456 1682 3510 ἐκ

147 3581 260 3629 τινος
303 3566 516 3637 φήμης,
569 3563 631 3617 οὐ
686 3562 868 3633 μέντοι
927 3558 1024 3614 καὶ
1071 3556 1319 3627 ἀκριϐῶς
1373 3553 1679 3609 ἐπίστευον.

1778 2361 1861 2407 tra
1893 2352 2154 2409 Gentium
2184 2354 2411 2423 missus,
2444 2354 2632 2412 hostes
2671 2358 2863 2428 praelio
2895 2361 3055 2418 fudit.
3098 2363 3359 2422 Gentium

1777 2445 2131 2517 proﬂigatum
2187 2457 2534 2518 persecutus,
2585 2450 2829 2521 Scodrae,
2892 2456 2986 2511 ubi
3037 2458 3157 2530 ejus
3211 2463 3363 2533 regia

1776 2546 1916 2605 erat,
1961 2539 2199 2597 obsedit.
2250 2541 2422 2614 quue
2475 2544 2681 2601 frustra
2725 2546 2975 2605 futurum
3027 2561 3168 2620 erat,
3219 2570 3362 2626 quo-

1776 2632 1927 2687 niam
1970 2632 2105 2689 urbs
2139 2633 2195 2689 in
2234 2635 2437 2692 montis
2466 2638 2754 2695 cacumine
2791 2642 2930 2708 sita,
2975 2652 3031 2698 et
3070 2644 3360 2714 profundis

1778 2724 2018 2782 vallibus
2042 2742 2163 2797 quae
2200 2726 2397 2784 ﬂuvios
2429 2737 2706 2787 torrentes
2734 2732 2962 2800 habent,
3000 2736 3204 2805 cincta,
3236 2755 3360 2795 mu-

1781 2831 1953 2886 roque
2004 2817 2164 2873 llrmo
2197 2819 2411 2875 munita
2442 2828 2564 2876 est:
2604 2822 2711 2879 nisi
2758 2823 2992 2883 Gentius
3027 2828 3147 2885 suis
3182 2833 3362 2902 copiis

1782 2908 1976 2977 fretus,
2009 2909 2157 2966 ultro
2187 2911 2256 2967 ad
2282 2928 2522 2985 pugnam
2556 2917 2821 2975 venisset.
2851 2917 3010 2976 Unde
3044 2921 3275 2991 factum,
3306 2939 3368 2983 ut

1782 3013 1946 3055 omne
1973 3000 2095 3071 ejus
2136 3002 2430 3073 imperium
2477 3005 2707 3063 Anicius
2746 3010 3028 3083 subegerit
3059 3032 3073 3069 :
3100 3027 3158 3072 et
3189 3032 3367 3089 usque

1782 3089 1850 3144 ad
1883 3090 2111 3161 Epirum
2155 3110 2503 3166 progressus,
2535 3108 2665 3156 ante
2695 3100 2851 3156 Pauli
2878 3104 3177 3163 adventum
3214 3108 3365 3166 illam

1783 3184 1954 3237 etiam
1994 3186 2426 3243 tumultuantem
2455 3192 2690 3260 pacarit.
2720 3190 2958 3251 Romani
2994 3196 3150 3255 Pauli
3191 3201 3372 3259 victo-

1787 3276 1928 3330 riam
1955 3286 2153 3348 quarto
2186 3288 2311 3349 post
2340 3297 2577 3353 pugnam
2622 3284 2715 3341 die
2750 3301 2818 3342 ex
2874 3304 3099 3348 rumore
3138 3293 3371 3352 audive-

1789 3377 1943 3432 runt,
1995 3370 2090 3424 sed
2123 3386 2235 3426 non
2296 3373 2458 3443 plane
2500 3374 2665 3448 460
2712 3381 3093 3442 crediderunt.
3156 3388 3370 3447 Deinde

1790 3460 1946 3528 Pauli
1980 3463 2219 3534 acceptis
2255 3463 2460 3523 litteris
2500 3468 2742 3526 maxima
2772 3472 2962 3529 laetitia
3000 3476 3216 3545 ali‘eCti,
3257 3498 3370 3537 non

1791 3552 1951 3622 quasi
2010 3554 2160 3609 victo
2205 3556 2430 3623 Perseo,
2484 3560 2827 3634 subactaque
2872 3564 3223 3640 Macedonia,
3271 3574 3370 3629 sed

147 3652 249 3710 Εἶτα
290 3631 641 3728 γραμμάτων
688 3631 835 3723 ύπὲρ
877 3651 1087 3721 ταύτης
1140 3646 1518 3739 κομισθέντων
1588 3661 1627 3698 τι

1894 3662 2058 3716 quam
2099 3647 2416 3722 Philippum
2442 3651 2594 3709 illum
2623 3631 2806 3729 regem
2830 3631 3368 3739 prmstantissimum,

149 3748 319 3803 Παύλου
351 3749 773 3821 ὑπερήσθησαν,
806 3745 900 3799 καὶ
926 3744 1025 3813 οὐχ
1052 3742 1129 3808 ώς
1157 3741 1250 3795 τὸν
1291 3738 1509 3811 Περσέα
1548 3755 1688 3792 νενι-

145 3845 336 3915 κηκότες
373 3844 472 3898 καὶ
520 3842 625 3913 τὴν
679 3837 1023 3895 Μακεδονίαν
1072 3834 1434 3906 κτησάμενοι,
1470 3830 1589 3888 ἀλλ’
1611 3830 1687 3894 ὡς

145 3935 216 3988 τὸν
234 3935 487 3990 Φίλιππον
522 3936 734 3988 ἐκεῖνον
763 3932 854 3986 τὸν
889 3931 1033 3986 πάνυ
1071 3928 1166 3984 καὶ
1208 3928 1371 3983 αὐτὸν
1400 3925 1492 3980 τὸν
1533 3923 1687 3978 Ἀλέ-

146 4027 331 4101 ξανδρον
378 4030 521 4103 μετὰ
552 4028 732 4099 πάσης
766 4026 867 4097 τῆς
912 4023 1093 4097 ἀρχῆς
1131 4022 1347 4091 ἐκείνης
1379 4023 1447 4091 ἦν
1483 4018 1710 4091 ἔσχηκεν

145 4124 446 4192 νικήσαντες,
485 4120 870 4192 ἐσεμνύνοντο.
923 4116 1166 4171 Ἐλθόντι
1187 4115 1234 4169 δ’
1268 4115 1325 4178 ἐς
1368 4110 1587 4183 Ῥώμην
1608 4109 1687 4180 τῷ

147 4214 310 4285 Παύλῳ
338 4215 511 4269 πολλά
549 4213 847 4284 ἐψηφίσθη,
887 4212 983 4265 καὶ
1014 4212 1047 4281 ἡ
1089 4206 1284 4279 πομπὴ
1315 4206 1424 4260 τῶν
1457 4219 1684 4274 νικητη-

145 4306 250 4373 pg“,
285 4305 424 4376 αὺτῷ
453 4304 823 4374 λαμπροτάτη
858 4300 1099 4370 ἐγένετο.
1136 4297 1391 4367 Ἐπεμψε
1438 4296 1539 4367 μὶν
1578 4296 1688 4366 γὰρ

145 4396 221 4450 καὶ
241 4398 399 4451 τάλὶα
430 4399 538 4451 631.
566 4394 800 4449 ἑαλώκει
828 4392 1032 4457 πάντα,
1064 4391 1279 4461 ἔπεμψε
1305 4389 1362 4444 δὲ
1388 4389 1485 4443 καὶ
1524 4386 1687 4442 Βίουν

146 4488 217 4540 τὸν
241 4487 327 4542 τοῦ
356 4490 570 4550 Κότυος
596 4486 736 4550 υίδν,
756 4485 847 4537 τόν
873 4499 931 4536 τε
960 4483 1177 4551 Περσέα
1207 4481 1306 4534 καὶ
1326 4481 1426 4546 τὴν
1453 4479 1687 4547 γυναῖκα

145 4580 281 4633 αὑτοῦ
304 4582 429 4645 τούς
459 4597 527 4634 τε.
558 4578 756 4642 παῖδλς
784 4578 932 4646 τρεῖς
980 4573 1139 4637 ὄντας
1164 4574 1221 4626 ὲν
1243 4572 1320 4643 τῷ
1348 4571 1456 4625 τῶν
1487 4570 1690 4640 αἰχμα-

147 4671 303 4726 λώτων
352 4675 620 4745 σχήματι.
675 4671 871 4733 Δείσας
912 4668 971 4722 δὲ
1018 4667 1108 4721 διὰ
1157 4666 1256 4737 τὴν
1294 4665 1392 4733 τῆς
1436 4662 1692 4734 εὐτυχίας

145 4765 424 4837 ὑπερῦολὴν
467 4768 546 4837 μή
593 4783 647 4818 τι
706 4767 995 4835 νεμεσήσῃ.
1037 4762 1223 4823 αὐτοῖς
1278 4758 1340 4810 τὸ
1389 4756 1690 4827 δαιμόνιον,

149 4856 321 4925 ηθξατο
357 4860 453 4913 καὶ
491 4854 648 4922 οὗτος
679 4858 822 4912 κατά
847 4858 942 4911 τὸν
992 4852 1292 4924 Κάμιλλον,
1330 4853 1405 4924 μή
1438 4867 1490 4902 τι
1520 4850 1692 4902 κακὸν

1789 3747 1848 3795 et
1878 3740 2057 3812 ipsum
2083 3742 2457 3802 Alexandrum
2481 3764 2608 3806 cum
2649 3759 2768 3808 toto
2812 3753 2908 3809 illo
2946 3755 3180 3829 imperio
3204 3761 3371 3818 vicis-

1791 3841 1938 3898 sent,
2007 3834 2083 3888 ita
2144 3846 2276 3893 sunt
2337 3839 2580 3911 gloriati.
2633 3841 2806 3899 Paulo
2853 3845 3086 3904 Romam
3153 3867 3375 3908 reverso

1796 3925 1956 3981 multi
1989 3926 2234 3985 honores
2259 3938 2391 3986 sunt
2431 3931 2664 3999 decreti,
2693 3946 2750 3991 et
2791 3937 3110 4010 triumphus
3131 3944 3374 4014 splendi-

1793 4019 2078 4087 dissimus,
2101 4021 2158 4077 in
2184 4039 2295 4093 quo
2320 4034 2520 4095 praeter
2540 4027 2678 4084 alias
2709 4032 2998 4088 manubias
3022 4033 3237 4106 Bithyni
3272 4038 3377 4096 Co-

1792 4122 1878 4186 tys
1910 4114 2103 4184 lilium,
2145 4117 2405 4174 Perseum
2434 4129 2491 4175 et
2525 4136 2752 4179 uxorem
2781 4124 2898 4195 ejus
2929 4141 3055 4182 cum
3089 4130 3268 4187 tribus
3305 4131 3375 4186 li-

1794 4205 1967 4273 berls,
2002 4208 2194 4264 habitu
2224 4212 2567 4281 captivorum
2614 4214 2792 4271 duxit.
2826 4216 3049 4275 Veritus
3088 4231 3272 4278 autent
3304 4240 3373 4279 ex

1795 4298 2090 4356 immodica
2146 4300 2411 4360 felicitate
2472 4305 2737 4362 invidiam
2799 4309 3080 4379 numinis,
3156 4312 3373 4370 Camilli

1795 4393 2051 4462 exemplo
2082 4403 2341 4464 precatus
2371 4404 2480 4463 est,
2529 4397 2580 4453 si
2619 4400 2752 4470 quid
2793 4402 2920 4459 inde
2956 4406 3083 4461 mali
3119 4406 3376 4465 immine-

1798 4490 1904 4550 ret,
1950 4490 2012 4537 ut
2050 4483 2106 4538 id
2178 4484 2439 4543 incolumi
2478 4489 2764 4558 republica
2795 4491 2849 4547 in
2882 4509 3042 4549 suum
3082 4506 3248 4567 caput
3288 4514 3378 4553 re-

1796 4572 2076 4629 dundaret
2109 4594 2122 4630 :
2166 4577 2351 4648 itaque
2390 4579 2531 4635 duos
2562 4579 2736 4645 ﬁlios,
2780 4584 3015 4641 alterum
3056 4592 3221 4658 paulo
3248 4602 3378 4649 ante

1800 4664 2176 4737 triumphum,
2220 4670 2456 4726 alterum
2495 4674 2552 4727 in
2582 4673 2699 4743 ipsa
2738 4674 2832 4731 illa
2865 4678 3190 4737 celebritate
3235 4686 3376 4738 ami—

1798 4761 1892 4816 sit.
1953 4758 2079 4815 Fuit
2132 4776 2243 4818 non
2292 4772 2505 4819 tantum
2565 4768 2821 4838 egregius
2878 4770 3221 4842 imperator,
3277 4776 3376 4831 sed

1799 4855 1965 4911 etiam
1980 4857 2229 4926 pecunia:
2248 4866 2619 4928 contemptor,
2644 4861 2790 4930 quod
2813 4877 2878 4917 ex
2890 4878 2957 4918 eo
2974 4877 3202 4935 apparet
3230 4869 3378 4940 quod

145 4955 199 5019 τῇ,
215 4951 358 5004 πόλει
380 4954 447 5003 ὲκ
472 4948 704 5014 τούτων,
723 4948 836 5002 ἀλλ’
854 4948 1032 5019 ἑαυτῷ
1058 4948 1111 5001 εἰ
1131 4962 1184 5000 τι
1204 4946 1314 5001 δέοι
1337 4942 1625 5015 γενήσεσθε

1900 4946 2105 5002 undum
2133 4949 2347 5010 consul,
2376 4958 2434 5005 et
2461 4950 2652 5019 spoliis
2697 4951 3194 5013 innumerabilibus
3238 4961 3380 5030 poti-

148 5045 225 5096 ιιαί
266 5043 356 5097 δύο
398 5044 561 5109 υἱεῖς,
600 5043 691 5094 τὶν
743 5041 844 5112 μὲν
873 5043 979 5110 πρὸ
1011 5041 1106 5093 τοῦ
1160 5038 1433 5110 θριάμϐου
1473 5038 1693 5108 μικρὸν,

151 5135 219 5189 τὸν
243 5136 296 5190 δὲ
334 5141 392 5190 ἐν
421 5138 564 5208 αὐτῇ
593 5137 660 5206 τῇ
695 5135 806 5187 τῶν
836 5133 1122 5186 ἐπινικίων
1177 5131 1454 5188 ἀπέϐαλεν
1508 5130 1695 5200 ἑορτῇ.

1805 5048 1914 5100 tus,
1935 5040 1987 5091 in
2012 5046 2158 5092 tanta
2178 5047 2500 5109 paupertate
2516 5039 2681 5094 vitam
2702 5042 2905 5113 exegit,
2922 5053 2977 5098 ut
2993 5054 3115 5115 post
3131 5049 3250 5120 ejus
3266 5049 3381 5104 obi-

1806 5141 1922 5185 tum
1949 5130 2105 5184 uxori
2131 5131 2230 5186 dos
2253 5146 2395 5203 (egre
2428 5142 2616 5202 posset
2654 5132 2834 5190 reddi.
2878 5134 2958 5190 Ex
3012 5140 3245 5208 captivis
3288 5141 3380 5196 Bi-

149 5222 237 5280 'llv
290 5229 345 5282 δὲ
390 5230 453 5282 οὐ
505 5227 886 5298 στρατηγῆσαι
943 5224 1105 5294 μόνον
1153 5224 1376 5293 ἀγαθὸς,
1429 5221 1569 5277 ἀλλὰ
1605 5239 1629 5275 κ

1906 5240 1932 5279 s
1964 5224 2101 5295 patri
2132 5225 2300 5296 gratis
2321 5234 2406 5281 est
2425 5225 2695 5283 redditus.
2712 5227 2950 5284 Perseus
2967 5244 3090 5285 eum
3114 5232 3302 5288 liberis
3323 5245 3380 5288 et

147 5321 440 5395 ὑπερόπτης
478 5322 797 5396 χρημάτων.
834 5321 1147 5391 Τεκμήριον
1180 5318 1259 5383 δὲ,
1288 5318 1543 5387 δεύτερον
1578 5320 1627 5368 τέ

1900 5315 2080 5371 sistris
2098 5315 2288 5370 Albam
2319 5317 2522 5373 missus
2552 5327 2657 5383 est,
2691 5319 2785 5374 ubi
2810 5336 2935 5375 cum
2958 5335 3017 5376 se
3052 5325 3202 5393 regni
3228 5339 3380 5378 recu-

149 5418 439 5481 ὑπατεύσας
491 5420 585 5471 καὶ
648 5415 909 5485 λαφύρων
966 5411 1264 5483 ἀμυθήτων
1314 5410 1599 5481 κρατήσας

1899 5408 2034 5463 andi
2060 5424 2158 5478 spe
2187 5408 2511 5479 aliquandiu
2534 5418 2921 5475 sustentasset,
2940 5426 3004 5466 ea
3028 5412 3250 5477 amissa,
3271 5415 3379 5469 sibi

153 5510 360 5581 τοσαύτῃ
416 5507 812 5581 πενίᾳ,διε6ίω,
863 5504 1005 5559 ὥστε
1053 5503 1308 5575 χαλεπῶς
1356 5504 1424 5573 τῇ
1479 5518 1633 5569 γυναι

1896 5502 1907 5556 i
1949 5516 2148 5556 manus
2178 5502 2389 5558 attulit.
2417 5501 2711 5573 Philippus
2749 5504 2870 5574 ejus
2903 5503 3051 5559 illius
3074 5544 3090 5568 ,
3127 5513 3184 5560 et
3228 5505 3337 5559 lilia
3359 5544 3376 5570 ,

150 5600 291 5650 αὐτοῦ
332 5602 435 5671 τὴν
475 5601 674 5671 προῖκα
716 5596 1143 5667 τελευτήσαντος
1194 5594 1547 5664 ἀποδοθῆναι.
1581 5590 1630 5645 Τ‹

2000 5594 2128 5651 uultu
2164 5603 2291 5666 post
2327 5593 2606 5650 obierunt.
2650 5594 2815 5650 Solus
2866 5595 3012 5649 illius
3044 5603 3177 5650 natu
3218 5597 3381 5651 mini-
3470 5616 3480 5629 -

151 5690 185 5743 δ’
205 5692 438 5747 ἁλόντων
468 5693 544 5765 τῷ
599 5692 771 5764 πατρὶ
825 5691 925 5762 μὲν
969 5692 997 5743 6
1050 5688 1213 5752 Βίθυς
1262 5689 1466 5769 προῖκα
1516 5686 1631 5740 ὲδόθ

1904 5705 1951 5754 s,
1982 5687 2209 5743 Albanis
2235 5686 2652 5758 magistratibus
2681 5700 2784 5756 pro
2811 5684 2993 5740 scriba
3026 5685 3380 5741 inscrviendo

151 5783 371 5855 Περσεὺς
415 5787 475 5840 δὲ
500 5791 577 5852 εἱς
612 5785 820 5839 Ἀλὸαν
842 5787 939 5839 σὺν
984 5786 1098 5847 τοῖς
1128 5781 1285 5836 παισὶ
1313 5783 1409 5834 καὶ
1439 5783 1504 5852 τῇ
1533 5780 1631 5849 θερ

1912 5791 2129 5851 tempus
2157 5780 2326 5835 vitam
2361 5778 2634 5835 toleravit.
2669 5775 2750 5830 Ad
2796 5775 2947 5831 hunc
2992 5774 3214 5831 modum
3256 5777 3386 5832 Pcr-

160 5873 276 5946 τνείᾳ
300 5875 592 5950 κατετέθη,
631 5877 790 5932 γάκεῖ
824 5875 921 5948 μὲν
945 5875 1050 5940 ἕως
1072 5873 1269 5949 ἠλπιζε
1299 5874 1397 5944 τὴν
1424 5871 1640 5943 βασιλείη

1909 5887 1935 5928 s
1972 5885 2004 5928 a
2052 5886 2123 5928 xx
2157 5868 2382 5942 regibus
2410 5883 2469 5925 se
2498 5878 2679 5925 ortum
2701 5865 2903 5923 ducere
2937 5864 3226 5937 gloriatus,
3260 5880 3383 5922 cre-
