3896 6614
538 510 543 513 >
559 473 662 541 787

1843 480 2166 543 JOANNIS
2205 482 2525 544 ZONAR/E

3637 498 3721 566 788

561 599 711 663 (nam
749 590 819 647 ab
849 590 974 647 aliis
1000 607 1226 663 quoque
1262 591 1512 648 ﬁnitimis
1537 592 1954 663 premebantur)
1986 592 2117 661 lega-

2236 592 2416 659 θοντο,
2459 592 2625 659 εὐθὺς
2665 593 2849 658 αὐτοῖς
2893 592 2987 649 τὸν
3033 594 3263 666 πόλεμον
3309 597 3625 669 ἐψηφίσαντο.
3671 613 3723 665 '0

556 686 631 743 tis
682 685 912 742 llomam
970 687 1156 744 missis
1207 687 1413 744 auxilia
1457 688 1812 759 petiverunt,
1865 703 1925 743 se
1967 686 2130 760 483

555 786 821 843 Romanis
841 786 1100 842 omnibus
1126 785 1181 842 in
1205 786 1371 842 rebus
1393 786 1759 842 obsecuturos
1781 785 2127 842 simulantes.

553 877 692 934 Nam
744 895 870 935 cum
934 879 1119 935 fmdus
1160 879 1378 950 rupturi
1429 890 1653 943 essent,
1706 879 1863 935 facile
1904 878 2130 950 quidvis

552 971 972 1041 promittebant.
1006 972 1082 1026 Ea
1123 971 1191 1026 de
1225 987 1282 1026 re
1320 972 1558 1027 concilio
1597 987 1628 1027 a
1673 982 1866 1028 senatu
1896 972 2126 1038 indicto,

553 1058 740 1130 Scipio
767 1058 962 1115 Nasica
1008 1059 1221 1130 legatos
1252 1059 1791 1131 Carthaginiensium
1831 1059 2129 1116 admitten-

551 1153 677 1216 dos,
734 1161 791 1210 et
843 1168 1032 1225 pacem
1071 1168 1197 1209 cum
1227 1154 1312 1210 eis
1352 1154 1663 1211 faciendam
1716 1170 1839 1210 esse
1886 1155 2124 1211 censuit.

549 1245 621 1301 Μ.
672 1246 810 1301 Cato
842 1256 1031 1302 contra
1057 1288 1074 1312 ,
1118 1262 1224 1302 nec
1261 1247 1636 1304 admittendos
1663 1262 1807 1307 esse.
1862 1263 1967 1303 nec
1994 1247 2125 1304 belli

480 1334 491 1345 ‘
552 1338 839 1395 decretum
882 1339 1283 1410 abrogandum.
1313 1340 1518 1396 Verum
1570 1349 1795 1397 senatus
1836 1350 1892 1396 et
1932 1356 2126 1411 preces

548 1428 855 1501 legatorum
908 1429 1153 1496 admisit,
1206 1438 1264 1487 et
1306 1446 1494 1500 pacem
1539 1432 1621 1487 eis
1685 1445 1769 1488 est
1811 1432 2122 1503 pollicitus,

546 1520 839 1577 obsidibus
882 1522 1096 1593 petitis,
1127 1538 1272 1593 quos
1311 1523 1375 1579 Ι..
1405 1522 1637 1579 Martius
1677 1533 1733 1580 et
1759 1525 1827 1579 Μ.
1871 1524 2126 1580 Manilius

548 1613 606 1668 in
644 1612 833 1670 Sicilia
867 1624 1129 1684 acceptos
1173 1615 1405 1671 Romam
1442 1615 1716 1671 miserunt
1758 1636 1771 1670 :
1819 1616 1923 1686 ipsi
1965 1615 2123 1672 festi-

546 1712 747 1760 uenter
773 1702 830 1759 in
853 1703 1091 1761 Africam
1123 1705 1479 1776 appulerunt,
1504 1705 1811 1775 castrisque
1836 1706 2051 1775 positis.
2071 1714 2128 1761 et

546 1795 960 1865 magistratibus
982 1796 1516 1867 Carthaginiensium
1547 1796 1852 1862 accersitis,
1880 1812 1986 1851 non
2009 1812 2127 1853 om-

547 1888 638 1944 nia
665 1888 831 1945 simul
858 1905 981 1960 quae
1010 1889 1385 1961 postulabant,
1431 1898 1828 1961 exposuerunt,
1859 1891 2021 1946 veriti
2056 1907 2123 1947 ne

548 1980 618 2035 iis
647 1980 1016 2053 praecognitis,
1044 1982 1212 2039 rebus
1246 1982 1475 2055 integris
1506 1982 1713 2039 bellum
1740 1993 2118 2055 capesserent.

545 2072 624 2128 Ac
665 2073 906 2152 primum
947 2073 1289 2130 frumentum
1324 2076 1646 2145 petentibus
1676 2076 1888 2140 datum,
1921 2076 2123 2131 deinde

518 2165 826 2228 triremes,
867 2173 1062 2236 postea
1105 2166 1398 2232 machinae,
1455 2167 1697 2238 denique
1747 2167 1916 2222 armis
1952 2168 2120 2222 etiam

516 2256 789 2328 acceptis
814 2255 1297 2329 (Carthaginenses
1321 2259 1472 2314 enim
1500 2259 1642 2315 clam
1672 2259 1839 2314 alium
1864 2275 2122 2329 magnum

517 2357 869 2419 apparatum
905 2350 1207 2419 habebant)
1241 2365 1340 2406 eos
1361 2349 1554 2407 urbem
1596 2350 1843 2417 diruere,
1873 2359 1929 2407 et
1954 2352 2120 2407 aliam

544 2440 603 2497 in
628 2441 1036 2525 mediterraneo
1059 2442 1180 2499 siue
1210 2444 1386 2500 muris
1417 2452 1695 2507 extruere,
1738 2461 1875 2499 Lux
1925 2444 2121 2499 stadiis

543 2547 575 2588 a
607 2533 746 2590 mari
768 2533 1016 2590 dissitam
1042 2534 1347 2605 jusserunt.
1372 2533 1453 2588 Ad
1478 2534 1611 2589 illud
1635 2533 2118 2604 Carthaginienses

545 2624 603 2679 in
642 2624 915 2697 lacrymas
945 2624 1135 2689 soluti,
1163 2636 1423 2695 tanquam
1460 2624 1595 2681 urbe
1638 2631 1795 2694 capta
1830 2623 2112 2679 lamenlali

516 2722 714 2772 .sunt:
752 2717 1072 2787 precatique
1103 2717 1382 2777 consules.
1422 2731 1492 2771 ne
1535 2716 1729 2788 patrize
1767 2716 1966 2770 afferre
2000 2730 2118 2769 ma-

544 2822 652 2863 nus
682 2817 1034 2879 cogerentur.
1076 2807 1181 2863 Sed
1227 2823 1353 2862 cum
1397 2807 1531 2873 nihil
1562 2806 1915 2878 proficerent.
1940 2815 1997 2863 et
2019 2817 2115 2863 aut

545 2897 816 2968 imperata
843 2900 1092 2971 exsequi,
1129 2909 1226 2956 aut
1262 2900 1469 2956 bellum
1497 2900 1734 2970 experiri
1758 2901 2113 2972 iuberentur,

513 2992 707 3046 .multi
752 2991 899 3063 apud
941 2993 1241 3059 Romanos,
1285 3002 1346 3049 ut
1376 2994 1487 3065 jam
1524 2994 1800 3060 victores,
1836 3009 2116 3050 remanse-

546 3092 698 3140 runt.
738 3083 935 3142 Crateri
979 3087 1035 3141 in
1066 3087 1261 3142 urbem
1293 3088 1547 3158 regressi,
1585 3088 1852 3158 quosdam
1903 3104 1971 3143 ex
2000 3104 2120 3143 ma-

465 3191 469 3196 '
546 3176 871 3247 gistratibus
901 3178 1249 3244 occiderunt,
1280 3179 1425 3250 quod
1456 3195 1565 3234 non
1602 3179 1881 3251 principio
1913 3182 2115 3235 bellum

545 3268 783 3339 amplexi
815 3278 1002 3325 essent
1040 3288 1053 3323 :
1103 3279 1160 3325 et
1204 3271 1488 3329 Romanis.
1535 3286 1675 3341 quos
1721 3273 1865 3328 intra
1916 3271 2116 3328 muenia
2146 3293 2190 3354 ο

547 3368 906 3430 repererant,
952 3355 1293 3428 interfectis,
1342 3361 1549 3416 bellum
1589 3362 1872 3433 aggressi,
1927 3376 2118 3417 omnes

544 3466 734 3508 servos
794 3451 1272 3516 manttmiseruut,
1335 3454 1557 3513 exsules
1618 3464 1998 3510 revocarunt:
2062 3463 2119 3509 et

543 3542 849 3599 Asdrubaie
881 3543 1064 3599 denuo
1103 3544 1436 3614 imperatore
1474 3553 1681 3611 creato,
1718 3562 1893 3611 arma,
1955 3548 2118 3602 trire-

546 3635 982 3698 mes,macliinas
1019 3645 1370 3707 repararunt.
1407 3635 1574 3704 Quasi
1603 3639 1750 3714 enim
1778 3637 1980 3694 bellum
2022 3655 2116 3693 ur-

504 3735 721 3799 .geret,
789 3738 846 3782 et
896 3729 963 3783 de
1005 3728 1223 3784 excidio
1270 3730 1750 3800 periclitarentur,
1801 3733 1878 3788 ita
1929 3732 2113 3788 omnia

449 3860 454 3864 .
544 3819 744 3890 quibus
789 3830 910 3875 erat
947 3836 1108 3891 opus,
1163 3822 1464 3894 perexiguo
1519 3832 1766 3894 tempore
1824 3840 2113 3896 compara-

546 3922 694 3977 runt,
731 3912 871 3967 nulli
901 3915 978 3969 rei
1029 3922 1346 3985 parcentes,
1375 3916 1516 3971 adeo
1553 3925 1614 3972 ut
1656 3926 1867 3973 statuas
1894 3935 2114 3991 quoque

540 4005 614 4061 ob
634 4005 760 4062 teris
791 4007 1079 4076 penuriam
1113 4006 1421 4081 conflarem
1442 4045 1456 4069 ,
1487 4016 1543 4063 et
1574 4009 1793 4080 capillis
1818 4012 2113 4067 mulierum

539 4098 609 4154 ad
641 4097 803 4153 funes
834 4086 1210 4154 conficiendos
1241 4106 1557 4154 uterentur.
1590 4099 1862 4157 Consules
1905 4102 2117 4172 princi-

540 4188 635 4257 pio
667 4201 764 4257 spe
793 4195 1080 4256 concepta,
1132 4201 1191 4242 se
1218 4200 1314 4242 eos
1344 4195 1406 4242 ut
1436 4188 1678 4242 inermes
1720 4187 1880 4243 facile
1918 4197 2114 4259 captu-

543 4293 658 4343 ros,
710 4277 888 4333 scalas
945 4277 1213 4332 duntaxat
1262 4286 1572 4348 pararuut,
1634 4278 1840 4348 quibus
1910 4280 2113 4336 muenia

542 4365 1040 4423 transcenderent:
1099 4366 1194 4424 sed
1235 4383 1301 4424 ea
1351 4384 1675 4440 oppugnare
1727 4369 1930 4435 adorti,
1985 4387 2112 4428 eum

538 4461 731 4515 hostes
752 4466 1000 4514 armatos
1026 4467 1083 4515 et
1105 4459 1275 4516 rebus
1302 4460 1371 4514 ad
1398 4461 1830 4532 propulsandam
1866 4463 2114 4520 obsidio-

541 4568 668 4609 nem
728 4552 1060 4608 necessariis
1116 4553 1417 4610 instructos
1461 4552 1775 4611 vidissent:
1830 4558 2113 4615 machinas

434 4682 437 4687 ν
537 4645 814 4701 fabricare
864 4644 1248 4712 instituerunt,
1292 4644 1496 4716 quibus
1542 4660 1653 4702 non
1696 4645 1817 4703 sine
1860 4648 2107 4720 periculo
2144 4652 2187 4709 Ι)

537 4734 703 4809 464
750 4735 1018 4792 confectis
1062 4734 1357 4806 (Asdrubal
1417 4736 1562 4792 enim
1619 4739 1905 4795 materiam
1959 4756 2112 4797 com-

538 4837 821 4898 portantcs
846 4843 914 4883 ex
940 4826 1155 4883 insidiis
1178 4828 1430 4901 vexabat)
1457 4830 1650 4886 urbem
1688 4841 1816 4887 sunt
1842 4835 2106 4906 aggressi.

537 4923 616 4979 Ac
645 4920 901 4979 Manilius
924 4931 1072 4976 terra
1098 4922 1307 4994 impetu
1350 4926 1517 4991 facto,
1560 4925 1701 4981 nihil
1740 4927 1865 4983 urbi
1894 4929 2105 4987 nocuit.

537 5013 770 5068 Martius
799 5027 909 5081 qua
947 5028 1099 5067 mare
1133 5013 1457 5083 paludosum
1488 5027 1594 5080 est,
1631 5026 1784 5088 parte
1837 5021 1981 5076 muri
2012 5021 2110 5077 de-

532 5108 702 5176 jecta,
735 5117 845 5158 non
872 5102 1150 5173 ingressus
1181 5111 1287 5160 est.
1318 5104 1799 5178 Carthaginienses
1825 5111 1976 5166 enim
2007 5127 2106 5169 eos

538 5194 633 5265 qui
682 5200 980 5264 penetrare
1020 5194 1386 5259 conabantur,
1422 5200 1789 5270 repulerunt:
1845 5214 1904 5259 et
1943 5216 2110 5262 noctu

535 5303 638 5361 per
698 5286 893 5340 ruinas
933 5286 1228 5355 eruptione
1283 5287 1447 5355 facta,
1506 5293 1697 5349 multis
1732 5298 1953 5363 occisis,
1994 5315 2115 5356 ma-

537 5379 738 5437 chinas
786 5378 976 5449 plures
1024 5391 1358 5439 cremarunt.
1402 5383 1592 5459 Neque
1623 5389 1791 5445 etiam
1835 5389 2110 5450 Asdrubal

536 5488 662 5529 cum
706 5473 988 5544 equitibus
1019 5488 1116 5530 eos
1147 5473 1255 5530 late
1281 5481 1466 5551 vagari
1499 5483 1555 5536 in
1581 5483 1729 5554 agris
1769 5485 2105 5554 patiebatur,

534 5581 718 5636 neque
762 5564 987 5621 auxiliis
1018 5565 1302 5625 Masinissa
1357 5572 1603 5645 juvabat.
1659 5574 1795 5630 Nam
1831 5576 2105 5649 principio

536 5659 668 5715 belli
699 5675 806 5713 non
839 5657 1157 5724 accersitus,
1185 5678 1362 5734 neque
1387 5666 1713 5735 permissum
1741 5668 1792 5723 ei
1820 5668 2104 5738 pollicenti

532 5752 736 5816 fuerat,
768 5757 831 5805 ut
854 5751 1003 5806 solus
1032 5751 1391 5811 Asdrubalem
1417 5756 1738 5813 dcbellaret.

2235 686 2501 757 μαθόντες
2530 687 2581 741 oi
2617 686 3002 758 Καρχηδόνιοι,
3035 687 3133 741 οὐκ
3161 688 3217 742 εὖ
3247 690 3345 743 ὑπὸ
3370 693 3461 758 τῆς
3490 705 3725 769 συμφορᾶς

2233 779 2475 849 ἔχοντες,
2505 779 2853 841 κατέδεισαν,
2902 777 2998 833 καὶ
3040 778 3291 848 πρέσϐεις
3333 783 3388 845 ἐς
3426 784 3514 855 τὴν
3551 786 3729 859 Ῥώμην

2230 870 2319 924 διὰ
2352 870 2674 941 συμμαχίαν
2697 869 2995 924 ἐστάλκασι
3026 868 3140 939 (καὶ
3169 870 3313 924 ἄλλοι
3344 873 3444 944 γὰρ
3467 877 3563 929 τῶν
3593 895 3732 949 προσ.

2229 964 2425 1035 χώρων
2456 964 2640 1025 αὐτοῖς
2669 963 3002 1020 ἐπετίθεντο)
3031 963 3127 1016 καὶ
3153 964 3210 1026 ἐς
3241 964 3344 1017 πᾶν
3360 968 3464 1029 τοῖς
3490 968 3733 1038 Ῥωμαίοις

2230 1056 2475 1123 ὑπείξειν
2493 1056 2843 1112 ἐπλάττοντο.
2868 1057 2959 1125 Μὴ
2982 1055 3091 1127 γὰρ
3119 1058 3240 1119 ταῖς
3264 1058 3501 1120 σπονδαῖς
3518 1062 3731 1131 ἐμμένειν

2233 1151 2542 1222 μέλλοντες,
2583 1152 2713 1222 ρᾷον
2750 1150 2965 1205 ἅπαντα
2998 1150 3409 1221 ἐπηγγέλλοντο.
3452 1153 3552 1220 Τῆς
3583 1154 3632 1207 δὲ
3663 1173 3734 1223 γε·

2231 1248 2454 1316 ρουσίας
2494 1244 2692 1316 βουλὴν
2727 1245 2858 1314 περὶ
2900 1243 3094 1297 τούτου
3146 1244 3558 1314 συναγαγούσης,
3596 1248 3619 1298 ὁ
3659 1248 3734 1317 μὲν

2230 1339 2474 1393 Σκιπίων
2505 1339 2532 1391 ὁ
2565 1338 2818 1400 Νασικᾶς
2859 1335 3122 1403 δέξασθαι
3154 1334 3252 1405 τὴν
3277 1335 3380 1387 τῶν
3405 1336 3734 1406 Καρχηδονίων

2229 1429 2529 1501 πρεσϐείαν
2555 1428 2652 1482 καὶ
2690 1427 2924 1491 σπονδὰς
2954 1427 3138 1489 αὐτοῖς
3172 1424 3492 1494 ποιήσασθαι
3529 1425 3737 1479 συνεϐού-

2228 1518 2418 1574 λευσεν
2453 1533 2467 1549 ·
2506 1518 2534 1571 ό
2572 1517 2630 1571 δὲ
2676 1516 2872 1571 Κάτων
2924 1518 2952 1571 ό
2997 1515 3224 1586 Μάρκος
3276 1515 3407 1584 μήτε
3457 1515 3735 1569 σπείσασθαι

2225 1613 2436 1677 τούτοις
2474 1611 2587 1665 δεῖν
2629 1605 2775 1671 εἷπε,
2841 1610 2981 1680 μήτε
3013 1609 3177 1662 λῦσαι
3200 1608 3295 1661 τοῦ
3327 1607 3550 1678 πολέμου
3578 1608 3630 1660 τὸ
3655 1610 3739 1677 ψή-

2227 1724 2427 1777 φισμα.
2481 1706 2543 1759 Οἱ
2589 1705 2648 1760 δέ
2695 1720 2758 1773 γε
2796 1702 3082 1774 βουλευταὶ
3111 1703 3209 1774 τήν
3250 1719 3310 1755 τε
3354 1701 3457 1754 τῶν
3501 1700 3738 1769 πρέσϐεων

2231 1798 2469 1853 ἱκετείαν
2522 1797 2773 1863 ἐδέξαντο
2827 1795 2923 1849 καὶ
2972 1794 3208 1857 σπονδᾶς
3264 1793 3442 1853 αύτοίς
3489 1792 3738 1861 ὑπέσχοντο

2228 1891 2555 1961 παρασχεῖν,
2591 1890 2686 1942 καὶ
2717 1887 2813 1941 ἐπὶ
2864 1885 3078 1948 τούτοις
3118 1887 3360 1957 ὁμήρους
3414 1883 3605 1956 ⁴ᾔτησαν
3628 1899 3641 1913 ο
3664 1881 3738 1944 οὓς

2225 1983 2456 2046 Λούκιος
2479 1981 2728 2050 Μάρκιος
2768 1980 2863 2034 καὶ
2905 1978 3135 2047 Μάρκος
3156 1977 3436 2039 Μανίλιος,
3469 1977 3542 2038 είς
3562 1975 3648 2045 τὴν
3668 1974 3740 2025 Σι-

2225 2077 2411 2131 κελίαν
2431 2073 2701 2135 ἐλθόντες.
2727 2072 2908 2125 ἐκεῖσε
2930 2068 3284 2140 πεμφθέντας
3308 2067 3511 2131 ἔλαϐον,
3540 2066 3738 2126 καὶτοὺς

2226 2165 2326 2237 μὲν
2355 2166 2434 2228 είς
2463 2163 2561 2235 τὴν
2600 2162 2822 2231 Ῥώμην
2852 2159 3129 2229 ἔπεμψαν,
3163 2159 3318 2211 αὐτοὶ
3364 2157 3419 2210 δὲ
3461 2156 3638 2225 σπουδῇ
3663 2155 3740 2222 τὴν

2237 2258 2503 2330 Ἀφρικὴν
2534 2256 2918 2327 κατειλήφασι.
2958 2253 3067 2307 Καὶ
3099 2250 3661 2324 στρατοπεδευσάμενοι
3687 2247 3739 2297 τέ

2226 2352 2353 2422 τέλη
2386 2352 2493 2405 τῶν
2522 2348 2909 2421 Καρχηδονίων
2944 2348 3062 2401 ἐκεῖ
3100 2342 3516 2415 μετεπέμψαντο
3542 2360 3554 2374 ·
3579 2339 3657 2392 καὶ
3681 2339 3739 2400 ὼς

2224 2446 2509 2516 ἀφίκοντο,
2537 2443 2598 2497 ού
2624 2444 2802 2497 πάντα
2833 2441 2951 2511 ἅμα
2974 2438 3161 2507 σφίσιν
3194 2439 3290 2491 ὅσα
3324 2435 3482 2507 ⁴ᾔτουν
3501 2433 3735 2499 ἐξέφηναν.

2222 2540 2501 2602 δείσαντες
2539 2538 2635 2608 μὴ,
2691 2534 2867 2588 ταῦτα
2918 2531 3323 2603 προμαθόντες,
3375 2524 3628 2596 ἀκεραίοις
3652 2522 3738 2581 τοῖς

2224 2631 2514 2703 πράγμασι
2570 2629 2724 2699 σφῶν
2766 2622 3111 2682 καταστῶσιν
3160 2626 3243 2687 είς
3288 2622 3535 2689 πόλεμον.
3572 2616 3664 2669 Καὶ
3695 2612 3740 2664 τὸ

2225 2722 2324 2792 μὲν
2377 2721 2596 2792 πρῶτον
2636 2722 2781 2774 σῖτον
2828 2720 3040 2791 ᾔτησαν
3088 2718 3189 2771 καὶ
3250 2713 3438 2767 ἔλαϐον
3467 2725 3481 2741 ·
3533 2703 3635 2761 εἶτα
3668 2704 3742 2764 τὶς

2221 2815 2489 2884 τριήρεις,
2519 2814 2614 2867 καὶ
2643 2812 2738 2866 ἐπὶ
2770 2811 2998 2873 ταύταις
3038 2809 3107 2863 τά
3156 2808 3542 2878 μηχανήματα.
3569 2796 3668 2852 εἶτα
3691 2795 3743 2849 τὰ

2221 2906 2361 2960 ὅπλα
2415 2903 2789 2976 προσῄτησαν.
2851 2901 3128 2964 Λαϐόντες
3183 2896 3279 2954 οὖν
3331 2898 3502 2952 πάντα
3554 2893 3613 2965 (si
3660 2890 3743 2959 γὶρ

2222 2998 2588 3068 Καρχηδόνιοι
2620 2995 2824 3067 πολλὴν
2854 2994 3049 3064 ἑτέραν
3089 2988 3449 3064 παρασκευὴν
3476 2981 3742 3052 κεκρυμμέ-

2220 3109 2318 3164 νην
2347 3087 2520 3163 είχον)
2561 3088 2715 3152 τέλος
2762 3087 3013 3141 ἐκέλευον
3060 3084 3269 3147 αὐτοὺς
3308 3078 3636 3147 κατασκάψαι
3670 3074 3745 3143 μὲν

2221 3186 2321 3256 τὴν
2349 3183 2505 3237 πόλιν
2539 3182 2744 3245 αὐτῶν,
2776 3181 2971 3250 ἑτέραν
3019 3179 3066 3233 δ’
3112 3179 3170 3231 ἐν
3215 3176 3485 3248 μεσογείῳ
3513 3167 3747 3237 οἰκοδομῆ-

2224 3296 2316 3332 σαι
2358 3277 2688 3348 ἀτείχιστον,
2731 3275 3064 3345 ὀγδοήκοντα
3104 3272 3361 3333 σταδίους
3400 3268 3494 3338 τῆς
3519 3265 3746 3330 θαλάσσης

2225 3371 2527 3443 διέχουσαν.
2561 3366 2703 3441 Πρδς
2739 3366 2899 3421 τοῦτο
2939 3367 2984 3419 δ’
3022 3367 3072 3419 oi
3099 3363 3470 3435 Καρχηδόνιοι
3499 3361 3547 3418 ἐς
3579 3356 3748 3423 δάκρυα

2224 3461 2665 3535 κατηνέχθησαν,
2700 3460 2795 3514 καὶ
2814 3459 2891 3523 ὡς
2922 3457 3235 3520 ἐαλωκότες
3258 3452 3644 3522 ἀνωλοφύροντο
3675 3443 3747 3497 καὶ

2224 3556 2439 3609 ἐδέοντο
2484 3554 2596 3608 τῶν
2631 3553 2856 3606 ὑπάτων
2886 3550 2959 3620 μὴ
3001 3550 3426 3616 καταναγκάσαι
3470 3543 3598 3612 σφᾶς
3631 3535 3750 3607 γενέ-

2225 3648 2350 3701 σθαι
2390 3648 2490 3717 τῆς
2518 3644 2777 3715 πατρίδος
2815 3642 3161 3712 αὐτόχειρας.
3217 3640 3310 3702 Ὠς
3348 3638 3393 3693 δ’
3434 3635 3576 3690 ούδὲν
3601 3631 3748 3701 ήνυον.

2222 3740 2337 3796 ἀλλ’
2388 3739 2421 3810 ἦ
2472 3737 2678 3809 πρᾶξαι
2742 3736 2804 3789 τὸ
2855 3733 3342 3805 προσταττόμενον
3399 3717 3747 3799 ἐκελεύοντοῆ

2223 3832 2520 3907 ἀναῤῥίψαι
2546 3832 2637 3885 τὸν
2662 3831 2923 3900 πόλεμον,
2957 3828 3143 3898 συχνοὶ
3179 3826 3284 3900 μὲν
3310 3822 3473 3881 αὐτοῦ
3502 3818 3639 3892 παρά
3660 3812 3749 3907 «is

2232 3903 2528 3995 Ῥωμαίοις
2556 3923 2632 3987 ὡς
2675 3922 2780 3993 ήδη
2822 3919 3200 3992 κεκρατηκόσι
3247 3918 3589 3987 κατέμειναν.
3628 3907 3681 3961 οι
3706 3903 3750 3957 δέ

2221 4020 2399 4075 λοιποὶ
2429 4016 2963 4087 ἁπαναχωρήσαντες
2988 4012 3098 4066 τῶν
3128 4028 3189 4066 τε
3217 4010 3495 4082 σφετέρων
3517 4001 3751 4075 ἀρχόντων

2220 4113 2397 4174 ἐνίους
2437 4110 2791 4173 ἀπέκτειναν,
2822 4108 2905 4162 ὅτι
2937 4105 3012 4178 μὴ
3046 4104 3172 4159 κατ’
3212 4103 3391 4176 ἀρχὰς
3431 4102 3519 4154 τὸν
3557 4097 3754 4161 πόλεμον

2222 4208 2447 4269 εἴλοντο,
2500 4203 2595 4258 καὶ
2653 4202 2781 4265 τοὺς
2826 4200 2978 4263 ἐντὸς
3051 4196 3148 4252 τοῦ
3208 4196 3426 4269 τείχους
3472 4187 3754 4264 εὑρεθέντας

2232 4297 2536 4368 Ῥωμαίους
2568 4293 2904 4366 διέφθειραν,
2954 4292 3050 4345 καὶ
3089 4290 3233 4361 πρὸς
3271 4291 3368 4343 τὸν
3412 4285 3636 4354 πόλεμον
3671 4276 3758 4347 ὧρσ

2224 4406 2425 4460 μησαν.
2458 4388 2550 4443 Διὸ
2580 4386 2709 4449 τούς
2740 4401 2800 4439 τε
2843 4383 3063 4448 δούλους
3100 4382 3364 4459 ,ἃπαντας
3394 4376 3755 4450 ἠλευθέρωσαν.

2221 4481 2316 4535 καί
2341 4480 2467 4543 τοὺς
2510 4476 2757 4548 φυγάδας
2803 4477 3121 4546 κατήγαγον
3152 4490 3168 4506 ο
3208 4477 3306 4529 καὶ
3334 4472 3429 4527 τὸν
3470 4463 3758 4539 Ἀσδρούϐαν

2222 4569 2529 4642 στρατηγὸν
2587 4568 2746 4632 αὖθις
2789 4567 3017 4631 εἴλοντο,
3057 4566 3152 4620 καὶ
3194 4565 3340 4619 ὅπλα
3375 4565 3469 4617 καὶ
3522 4553 3756 4630 μηχανὰς,

2216 4665 2466 4739 τριήρεις
2493 4680 2554 4716 τε
2581 4661 2971 4732 ἡτοιμάσαντο.
3012 4658 3106 4723 Ὠς
3136 4659 3250 4730 γὰρ
3281 4658 3381 4712 τοῦ
3419 4654 3645 4723 πολέμου
3669 4650 3762 4699 ἑπι-

2218 4755 2494 4826 κειμένου,
2539 4750 2638 4806 καὶ
2696 4750 2826 4822 περὶ
2873 4746 3319 4821 ἀνδραποδισμοῦ
3371 4741 3757 4801 κινδυνεύοντες.

2214 4846 2283 4902 δι’
2333 4846 2617 4918 ἐλαχίστου
2675 4842 2838 4898 πάνθ’
2891 4840 3032 4894 ὅσων
3074 4840 3315 4913 ἔχρῃζον
3371 4826 3759 4891 κατεσκεύαζον.

2226 4940 2533 5011 Ἐφείδοντο
2555 4937 2663 5010 γάρ
2692 4936 2927 5001 οὐδενὸς,
2966 4933 3102 4988 ἀλλὰ
3144 4933 3244 4986 ait
3289 4932 3423 4994 τοὺς
3474 4923 3761 4997 ἀνδριάντας

2214 5032 2353 5106 πρὸς
2383 5032 2482 5104 τὴν
2508 5030 2703 5103 χρείαν
2736 5028 2834 5084 τοῦ
2868 5026 3074 5100 χαλκοῦ
3106 5024 3548 5097 συνεχώνευσαν,
3593 5016 3679 5072 καὶ
3715 5011 3762 5072 lc

2212 5125 2313 5190 τὰς
2341 5124 2586 5197 σχοίνους
2624 5122 2730 5179 τῶν
2755 5120 3033 5193 γυναικῶν
3065 5120 3182 5182 ταῖς
3218 5119 3426 5188 κόμαις
3473 5111 3759 5183 ἐχρήσαντο.

2214 5218 2278 5271 Ol
2318 5214 2364 5271 δ’
2417 5214 2612 5270 ὕπατοι
2666 5214 2728 5269 τδ
2780 5213 2879 5285 μὶν
2927 5211 3143 5285 πρῶτον
3177 5211 3386 5274 αὐτοὺς
3431 5207 3508 5270 ὡς
3560 5198 3761 5257 ἀόπλους

2210 5308 2422 5377 ταχέως
2476 5306 2729 5379 αἱρήσειν
2781 5304 3136 5367 ἐλπίσαντες.
3198 5302 3378 5372 μόνας
3429 5293 3762 5371 ἡτοιμάσαντο

2212 5398 2506 5472 κλίμακας,
2528 5400 2604 5461 ὡς
2623 5393 2691 5452 δι’
2709 5396 2889 5451 αὐτῶν
2912 5395 3072 5460 εὐθὺς
3100 5393 3195 5447 τοῦ
3227 5394 3448 5463 τείχους
3473 5382 3766 5472 ἐπιϐησόμξ·

2209 5466 2332 5545 vos"
2393 5489 2587 5544 ἔπειτα
2631 5486 3035 5560 προσϐαλόντες
3086 5485 3179 5538 καὶ
3219 5479 3601 5550 ὡπλισμένους
3645 5466 3765 5535 σφᾶς
3837 5543 3842 5546 _

2214 5585 2307 5638 καὶ
2339 5581 2407 5636 τὰ
2443 5579 2580 5652 πρὸς
2602 5579 2918 5652 πολιορκίαν
2948 5577 3169 5648 ἔχοντας
3206 5574 3436 5636 ίδόντες,
3465 5567 3596 5639 πρὸς
3616 5574 3766 5633 μηχα-

2214 5676 2322 5728 νῶν
2369 5671 2632 5745 ἐργασίαν
2693 5672 3011 5744 ἐτράποντο,
3063 5668 3156 5723 καὶ
3214 5667 3393 5729 αὐτὰς
3438 5654 3764 5716 ἐπικινδύνως

2214 5763 2727 5828 κατασκευάσαντες
2770 5763 2818 5832 (ό
2842 5762 2951 5831 γὰρ
2992 5758 3333 5831 Ἀσδρούϐας
3370 5746 3766 5822 ὐλαγωγοῦντας

536 5844 837 5918 ἐνεδρεύων
875 5845 1086 5920 ἐλύπει)
1123 5851 1498 5921 προσέμισγον
1545 5853 1612 5923 τῇ
1646 5852 1819 5907 πόλει.
1886 5853 1996 5908 Καὶ
2059 5854 2322 5920 Μανίλιος
2354 5856 2454 5928 μὲν
2494 5858 2560 5910 ἐκ
2596 5856 2698 5921 τῆς
2743 5853 2974 5927 ἠπείρου
3038 5855 3174 5922 αὐτῇ
3252 5847 3584 5923 προσϐαλὼν
3630 5837 3762 5894 οὐδὲν

533 5936 731 6005 αὐτοὺς
788 5937 988 6011 ἔϐλαψε
1032 5938 1280 6013 Μάρκιος
1307 5941 1351 5996 δ’
1404 5942 1468 5996 ἐκ
1514 5941 1789 6017 θαλάσσης
1845 5946 1984 6000 κατὰ
2036 5945 2096 6001 τὸ
2131 5946 2394 6020 λιμνῶδες
2463 5945 2791 6019 προσπεσὼν
2852 5943 3134 6001 κατέσεισε
3177 5943 3284 6014 μέν
3325 5959 3380 5997 τι
3425 5938 3520 5996 τοῦ
3548 5933 3759 6005 τείχους·
