3896 6562
160 324 267 391 7P9
1444 328 1757 392 ANNALll

1903 330 2049 392 LIB.
2099 334 2209 397 IX.
3312 330 3469 396 πτρσ

156 441 215 493 οὐ
251 441 455 510 μέντοι
488 441 579 497 καὶ
608 440 881 512 εἰσῆλθεν.
910 440 973 496 οἱ
1008 439 1118 514 γὰρ
1144 439 1512 513 Καρχηδόνιοι
1574 438 1704 502 τούς
1768 456 1827 492 τε
1869 437 2230 513 βιαζομένους
2282 445 2548 501 εἰσελθεῖν
2602 445 3017 520 ἐξεκρούσαντο.
3077 447 3189 502 Καὶ
3237 446 3457 517 νύκτωρ

156 534 244 589 διὰ
279 534 403 589 τῶν
435 538 701 607 ἐρειπίων
727 536 1040 603 ἐξελθόντες
1081 535 1408 607 ἀνθρώπους
1441 553 1500 589 τε
1567 532 1797 605 συχνοὺς
1872 532 2126 591 ἔκτειναν
2194 540 2291 594 καὶ
2361 543 2733 613 μηχανήματα
2785 542 3016 598 πλεῖστα
3074 542 3451 613 κατέπρησαν.

169 627 311 682 Ἀλλ’
343 628 480 682 οὐδὲ
510 628 603 681 ἐπὶ
632 627 771 682 πολὺ
803 626 909 698 τῆς
960 625 1144 699 χώρας
1177 625 1328 699 παρὰ
1357 624 1452 681 τοῦ
1499 621 1830 694 Ἀσδρούϐου
1894 627 1988 679 καὶ
2019 628 2132 684 τῶν
2195 630 2409 689 ίππέων
2477 630 2671 689 εῐῶντο
2700 634 3117 701 σκεδάννυσθαι,
3177 633 3304 688 οὔτε
3346 634 3460 705 μὴν

152 722 566 786 όΜασινίσσας
597 723 781 786 αὐτοῖς
835 721 1235 793 ὲπεκούρησεν.
1288 721 1364 776 Ού
1393 721 1502 792 γὰρ
1533 721 1590 773 ὲν
1653 716 1797 788 ἀρχῇ
1831 717 1926 772 τοῦ
2002 724 2240 799 πολέμου
2277 729 2709 802 προσεκέκλητο,
2754 730 2851 784 καὶ
2892 733 3029 802 πρὸς
3061 728 3155 783 τὸν
3195 727 3454 802 Ἀσδρού-

153 819 251 870 ϐαν
274 815 407 868 τότε
443 815 876 886 διαπολεμήσειν
907 814 1269 886 ὑποσχομένῳ
1290 813 1391 867 οὐκ
1415 808 1743 882 ἐπέτρεψαν.
2766 828 2771 835 ·

219 909 350 967 KZ'.
391 912 464 965 υἱ
501 910 547 965 δ’
580 908 777 963 ὕπατοι
806 909 895 964 διά
947 925 1008 962 τε
1033 909 1104 963 τὰ
1140 907 1427 978 συμϐάντα
1465 905 1561 960 καὶ
1595 905 1678 957 ὅτι
1704 898 1757 956 τὶ

1942 901 2157 963 XXVI].
2185 906 2459 965 Consules
2494 907 2666 981 igitur
2688 917 2918 981 propter
2951 918 3187 967 eventus
3215 911 3358 975 illos,
3399 901 3457 968 οι

151 1001 423 1059 ναυτικὸν
460 1000 643 1054 αὐτῶν
670 1001 735 1053 ὲκ
766 1002 864 1070 τῆς
923 1000 982 1052 ἑν
1021 1001 1089 1071 τῇ
1125 997 1293 1072 λίμνῃ
1326 995 1612 1069 διατριϐῆς
1642 994 1757 1047 ἑνό-

1866 996 2103 1052 classem
2147 1014 2213 1053 ex
2256 1000 2496 1057 statione
2534 1002 2588 1057 in
2627 1002 2923 1072 paludibus
2956 1002 3156 1059 morbo
3191 1002 3455 1058 laboran-

152 1112 341 1167 σησεν,
370 1093 581 1146 ἔλυσαν
605 1094 707 1162 τὴν
729 1092 1080 1163 πολιορκίαν.
1107 1091 1218 1145 Καὶ
1243 1075 1495 1161 Μάρκιος
1520 1087 1618 1159 μὲν
1638 1087 1760 1140 ἑπι-

150 1185 426 1257 χειρήσας
461 1184 608 1238 κατὰ
638 1183 916 1238 θάλασσάν
948 1201 1002 1237 τι
1049 1182 1255 1255 πρᾶξαι
1286 1183 1319 1254 ἢ
1354 1181 1455 1252 τὴν
1484 1178 1759 1252 παραλίαν

150 1278 439 1340 κακῶσαι,
488 1279 567 1341 ώς
606 1278 760 1331 οὐδὲν
793 1278 982 1350 ἤνυεν,
1021 1278 1368 1332 ἀπέπλευσεν
1413 1273 1619 1339 οἴκαδε,
1666 1276 1760 1328 καὶ

150 1371 627 1443 ἁνθυποστρέψας
680 1372 1018 1443 Αίγίμουρον
1076 1372 1431 1443 ἐχειρώσατο.
1496 1367 1758 1431 Μανίλιος

148 1465 201 1517 δὲ
231 1464 485 1535 ὥρμησε
531 1466 632 1537 μὲν
676 1469 756 1529 είς
809 1469 907 1536 τὴν
958 1466 1244 1537 μεσόγειον
1274 1482 1290 1498 ·
1343 1464 1684 1535 κακούμενος
1711 1458 1788 1535 δ”

151 1558 254 1611 ὑπὸ
290 1557 631 1627 Ἰμίλκωνος
660 1559 754 1613 τοῦ
786 1560 897 1614 τῶν
943 1560 1334 1634 Καρχηδονίων
1366 1560 1666 1630 ἱππάρχου,
1695 1557 1756 1612 ὃν

151 1650 245 1701 καὶ
264 1648 498 1702 Φαϐέαν
524 1648 638 1723 (53)
667 1651 924 1715 ἐκάλουν,
980 1650 1120 1723 πρὸς
1167 1649 1266 1722 τὴν
1295 1649 1625 1723 Καρχηδόνα
1657 1649 1756 1701 ὲπ-

152 1742 489 1815 ανελήλυθε.
548 1746 729 1799 Κάκεῖ
753 1745 809 1797 δὲ
847 1744 1047 1810 ἔξωθεν
1074 1745 1104 1798 ό
1160 1743 1516 1814 Ἀσδρούϐας,
1544 1741 1755 1797 ἔνδοθεν

152 1838 195 1890 δ’
229 1838 562 1902 ἐπεξιόντες
599 1839 650 1892 oi
693 1840 752 1892 ὲν
790 1841 854 1910 τῇ
891 1838 1068 1905 πόλει,
1099 1839 1194 1893 καὶ
1231 1837 1449 1909 νύκτωρ
1494 1839 1589 1892 καὶ
1631 1836 1753 1910 μεθ’

154 1931 373 2000 ἡμέραν
430 1930 600 1984 αὐτὸν
661 1932 918 1988 ἐκάκουν.
981 1932 1518 2003 Καταφρονήσαντες
1565 1926 1659 1986 οὖν
1702 1932 1750 1985 oi

154 2023 533 2091 Καρχηδόνιοι
567 2023 662 2076 καὶ
701 2025 862 2095 μέχρι
889 2023 984 2078 τοῦ
1021 2025 1389 2097 στρατοπέδου
1440 2024 1620 2079 αὑτῶν
1653 2026 1753 2077 ὲπ-

156 2113 340 2184 ῆλθον,
408 2119 513 2171 καὶ
560 2118 789 2187 συχνοὺς
841 2117 1214 2184 ἀποϐαλόντες
1271 2118 1486 2181 (ἄοπλοι
1529 2118 1640 2190 γὰρ
1699 2120 1748 2172 οἱ

159 2208 379 2273 πλείους
416 2205 588 2280 ἦσαν)
625 2212 703 2275 είς
742 2212 805 2265 τὸ
838 2213 1020 2281 τεῖχος
1061 2207 1222 2275 αὖθις
1262 2211 1746 2280 συνεκλείσθησαν.

168 2295 313 2350 Ὀδὲ
370 2299 641 2363 Μανίλιος
695 2299 774 2371 τῷ
845 2300 1146 2373 Ἀσδρούϐα
1197 2303 1468 2373 συμμίξαι
1520 2304 1757 2372 μάλιστα

161 2386 355 2452 εἵλετο,
421 2391 522 2444 καὶ
568 2391 618 2443 εί
668 2393 875 2446 ἐκεῖνον
930 2393 1145 2464 νικήσει
1212 2395 1345 2466 ῥᾷον
1381 2398 1497 2459 τοῖς
1548 2395 1760 2459 λοιποῖς

164 2477 659 2547 προσπολεμήσειν
690 2480 934 2550 ἐνόμιζε,
988 2483 1085 2537 καί
1140 2484 1191 2538 οἱ
1250 2485 1575 2555 προσέμιξε.
1615 2485 1760 2556 Πρὸς

163 2568 216 2620 δέ
246 2586 297 2623 τι
333 2571 608 2642 φρούριον
643 2575 1024 2645 ἀναχωροῦντι
1063 2575 1536 2648 ἐπακολουθήσας,
1570 2577 1760 2632 ἔλαθεν

167 2660 292 2714 sine
322 2662 521 2733 χώρας
549 2665 807 2736 τραχείας
840 2668 937 2721 καὶ
960 2670 1292 2739 στενοπόρου
1318 2671 1629 2741 γενόμενος,
1662 2671 1759 2727 καὶ

168 2754 353 2818 δεινῶς
393 2757 677 2829 ἐκακώθη.
722 2761 832 2814 Καὶ
874 2762 1107 2816 πανσυδὶ
1147 2762 1215 2818 ἂν
1267 2764 1557 2837 διεφθάρη,
1595 2766 1644 2819 εἱ
1681 2766 1759 2836 μὴ

172 2844 418 2903 Σκιπίων
448 2854 476 2904 ὁ
506 2851 599 2905 τοῦ
644 2853 978 2925 ’Δφρικανοῦ
1012 2857 1434 2927 χρησιμώτατος
1462 2859 1613 2930 αὐτῷ
1639 2859 1759 2928 ἐγέ-

174 2957 308 3007 νετο,
341 2944 491 3014 ἀνὴρ
521 2944 742 3015 ἄριστος
778 2947 876 3016 μὲν
906 2948 1099 3019 νοῆσαι
1128 2950 1225 3003 καὶ
1255 2950 1657 3020 προϐουλεῦσαι
1690 2954 1759 3008 τὰ

175 3035 468 3102 κράτιστα,
492 3037 717 3105 ἄριστος
736 3038 793 3092 δὲ
828 3041 1223 3111 χειρουργῆσαι
1252 3042 1367 3113 (καὶ
1400 3044 1507 3115 γὰρ
1542 3045 1619 3116 τῷ
1649 3045 1753 3099 σώ-

180 3141 302 3191 ματι
325 3125 588 3198 ἔρρωτο),
622 3131 874 3203 ἐπιεικής
905 3149 962 3185 τε
998 3134 1095 3187 καὶ
1125 3134 1353 3206 μέτριος
1382 3132 1470 3207 ἦν,
1501 3138 1569 3192 δι’
1599 3139 1636 3194 ἃ.
1665 3144 1760 3195 καὶ

178 3217 259 3270 τὸν
283 3219 485 3288 φθόνον
514 3222 802 3291 ἐξέφυγεν.
841 3227 983 3289 Ἰσος
1027 3226 1128 3297 μὲν
1149 3228 1260 3299 γὰρ
1283 3232 1395 3293 τοῖς
1433 3229 1759 3287 ὑποδεεστέο

181 3327 307 3401 ροις,
342 3314 449 3368 οὐκ
478 3316 718 3385 ἀμείνων
740 3318 797 3371 δὲ
824 3318 933 3373 τῶν
966 3321 1245 3392 ὁμοτίμων
1271 3323 1596 3397 (ἐχιλιάρχει
1630 3326 1759 3401 γὰρ)

179 3400 559 3477 ἀσθενέστερος
588 3407 644 3461 δὲ
691 3409 802 3462 τῶν
853 3410 1116 3478 μειζόνων
1165 3411 1321 3482 ἠξίου
1375 3412 1534 3470 εἶναι.
1579 3416 1636 3472 ’0
1666 3414 1762 3474 οὖν

182 3496 440 3560 Μανίλιος
501 3501 593 3553 καὶ
642 3495 765 3555 εἷπε
820 3502 887 3557 τὰ
947 3506 1078 3575 περὶ
1125 3506 1315 3571 αὑτοῦ,
1349 3510 1443 3562 καὶ
1479 3509 1759 3565 ἐπέστειλε

1866 1099 1998 1155 tem,
2039 1091 2389 1147 obsidionem
2426 1095 2733 1151 solverunt.
2789 1097 2868 1151 Ac
2895 1095 3123 1152 Martius
3154 1095 3293 1151 mari
3347 1096 3452 1151 ali-

1863 1183 1997 1254 quid
2062 1184 2278 1242 cilicere
2328 1202 2660 1259 aggressus.
2735 1197 2831 1243 aut
2884 1205 3037 1244 oram
3103 1189 3443 1245 maritimam

1863 1290 2082 1342 vexare,
2131 1292 2258 1333 cum
2306 1293 2393 1332 res
2423 1294 2530 1335 non
2565 1279 2925 1343 succederet,
2975 1280 3199 1335 domum
3254 1295 3461 1336 versus

1862 1368 2020 1435 abiit,
2057 1384 2339 1440 cursuque
2365 1385 2634 1428 converso
2664 1371 3012 1444 Egimurum
3052 1372 3292 1443 subegit.
3341 1372 3452 1427 Ma-

1861 1461 2031 1519 nilius
2066 1463 2121 1518 in
2149 1462 2555 1521 mediterranea
2591 1465 2896 1536 profectus,
2929 1481 3053 1521 cum
3084 1465 3155 1521 ab
3188 1464 3452 1520 Himilco-

1860 1567 1953 1618 ne,
1999 1552 2093 1624 qui
2141 1553 2309 1610 etiam
2346 1554 2557 1611 Fabeas
2610 1554 2927 1622 dicebatur,
2969 1554 3459 1624 Carthaginiensis;

1860 1646 2146 1717 equitatus
2179 1647 2441 1717 przefccto
2478 1648 2883 1715 lacesseretur,
2930 1646 3323 1717 Carthaginem
3362 1663 3452 1703 rev

1859 1738 1983 1794 diit.
2038 1739 2145 1797 Sed
2191 1740 2269 1796 ibi
2320 1756 2545 1812 quoque
2588 1741 2726 1797 foris
2780 1740 2850 1796 ab
2902 1739 3254 1802 Asdrubale.
3302 1740 3452 1797 intus

1860 1832 2157 1904 eruptione
2208 1835 2413 1891 civium
2471 1842 2640 1892 noctu
2684 1844 2742 1892 et
2795 1835 3042 1892 interdiu
3091 1834 3446 1906 fatigabatur.

1858 1925 2049 1995 Itaque
2074 1925 2564 1997 Carthaginienses
2596 1943 2698 1999 per
2734 1938 3115 2000 contemptum
3160 1942 3338 1997 usque
3377 1927 3461 1984 ad’

1858 2030 2039 2079 castra
2072 2034 2504 2093 processerunt,
2538 2041 2603 2080 ac
2632 2025 2823 2081 multis
2858 2025 3078 2081 amissis
3103 2024 3253 2097 (nam
3279 2023 3451 2095 pleri-

1858 2130 1968 2187 quc
2015 2116 2258 2171 inermes
2298 2118 2482 2189 erant)
2521 2134 2720 2175 rursus
2749 2119 2803 2174 in
2827 2119 3028 2174 muenia
3059 2127 3191 2174 sunt
3221 2116 3450 2173 conclua

1858 2209 1924 2264 si.
1959 2208 2218 2263 Manilius
2239 2225 2373 2264 vero
2408 2210 2452 2265 si
2483 2210 2848 2267 Asdrubalem
2882 2211 3128 2272 vicisset.
3163 2218 3364 2267 caetera
3390 2210 3457 2265 in-

1864 2302 2096 2374 proclivi
2148 2303 2268 2360 fore
2309 2313 2482 2370 ratus,
2530 2306 2586 2358 in
2644 2305 2837 2375 primis
2876 2320 3101 2376 operam
3153 2303 3331 2368 dedit,
3387 2311 3448 2360 ut

1861 2413 1987 2453 cum
2031 2413 2100 2454 eo
2141 2398 2595 2471 congrederetur,
2635 2398 2888 2471 factaque
2926 2399 3206 2471 pugnandi
3246 2398 3445 2470 copia.

1862 2489 2212 2549 recedentem
2248 2492 2304 2546 in
2343 2491 2627 2548 castellum
2673 2490 2950 2563 quoddam
3007 2498 3404 2561 persecuturus
3428 2532 3443 2556 ,

1862 2597 1964 2652 per
2000 2581 2429 2654 imprudentiam
2479 2584 2531 2638 in
2564 2583 2746 2639 locum
2774 2598 3032 2653 asperum
3058 2588 3115 2636 et
3146 2588 3443 2651 angustum

1863 2673 2156 2744 delapsus,
2191 2675 2439 2746 graviter
2478 2674 2749 2746 impegit:
2785 2688 2851 2729 ac
2887 2689 3011 2729 cum
3047 2680 3165 2728 toto
3194 2669 3443 2727 exercitu

1863 2765 2137 2836 periisset,
2170 2767 2224 2820 ni
2257 2765 2443 2836 Scipio
2470 2764 2713 2821 Africani
2745 2764 2891 2820 ﬁlius
2917 2773 3197 2820 strenuam
3219 2776 3451 2831 operam

1863 2855 1914 2912 ei
1938 2867 2213 2922 navasset,
2237 2858 2324 2911 vir
2352 2857 2639 2929 praesentis
2659 2858 2849 2925 animi,
2873 2857 3178 2929 optimique
3199 2853 3443 2919 consilii,

1863 2960 1920 3006 et
1958 2966 2124 3006 manu
2168 2952 2618 3022 promptissimus
2649 2957 2793 3023 (erat
2823 2952 2971 3007 enim
3009 2949 3241 3006 robusto
3271 2948 3461 3004 etiaw

1863 3042 2144 3116 corpore),
2177 3045 2439 3115 aequitate
2470 3052 2654 3099 autem
2692 3042 3078 3113 modestiaque
3109 3054 3326 3096 morum
3354 3039 3442 3094 in-

1863 3137 2069 3192 vidiam
2108 3135 2324 3209 eﬂ'ugit.
2357 3137 2495 3192 Nam
2539 3152 2666 3191 cum
2698 3136 2960 3191 tribunus
2991 3133 3228 3191 militum
3269 3139 3439 3197 esset,

1864 3226 2226 3284 inferioribus
2273 3244 2395 3299 par,
2445 3226 2678 3298 paribus
2718 3241 2838 3281 non.
2875 3222 3451 3294 mclior,‘majoribus

1865 3322 2138 3376 inﬁrmior
2167 3337 2288 3378 esse
2326 3320 2568 3376 volebat.
2603 3319 2861 3375 Manilius
2896 3318 3070 3390 igitur
3091 3318 3161 3374 de
3182 3332 3250 3373 eo
3278 3325 3335 3372 et
3357 3316 3442 3373 lo-

1863 3425 2025 3472 cutus
2056 3398 2160 3478 est,
2191 3424 2248 3469 et
2293 3415 2520 3471 Romam
2555 3412 2799 3484 scripsit,
2850 3413 2997 3467 nulla
3032 3427 3093 3468 re
3125 3411 3443 3468 dissimula-

1867 3516 1956 3563 ta:
1988 3517 2154 3579 atque
2186 3508 2329 3562 inter
2349 3517 2544 3563 caetera
2571 3507 2641 3563 de
2686 3504 2970 3561 Masinissa
2994 3520 3237 3576 quoque,
3259 3513 3314 3560 et
3339 3504 3442 3559 Fa-

182 3589 281 3648 mi;
313 3589 378 3641 ἔν
410 3592 477 3660 τῇ
510 3591 722 3663 Ῥώμῃ,
763 3594 839 3663 μή
865 3610 919 3647 τι
950 3595 1433 3666 ἀποκρυψάμενος,
1466 3600 1558 3653 καὶ
1589 3601 1757 3655 τᾶλλα

1862 3598 1985 3666 bea,
2026 3614 2148 3668 quae
2196 3598 2268 3652 ita
2324 3612 2384 3653 se
2424 3596 2723 3652 habebant.
2764 3595 3079 3651 Massinissa
3110 3595 3441 3658 moriturus,

182 3678 267 3728 καὶ
293 3682 367 3731 τὶ
418 3680 560 3734 κατὰ
591 3684 936 3738 Μασινίσσαν
977 3687 1072 3739 καὶ
1107 3687 1200 3741 τὸν
1245 3688 1483 3757 Φαϐέαν,
1527 3692 1562 3746 ἃ
1598 3692 1758 3765 ἔσχον

182 3766 370 3834 οὕτως.
406 3772 668 3843 θνήσκων
735 3779 762 3830 ὁ
807 3778 1153 3845 Μασινίσσας
1198 3781 1393 3853 ἠπόρει
1435 3785 1582 3848 ὅπως
1629 3788 1757 3861 περὶ

168 3861 271 3929 ,τῆς
307 3864 588 3934 βασιλείας
636 3868 915 3938 διάθηται,
961 3871 1050 3925 διὰ
1100 3874 1161 3926 τὸ
1209 3874 1321 3929 τῶν
1368 3877 1528 3932 υἱέων
1554 3880 1759 3950 πλῆθος

186 3961 270 4011 καὶ
298 3961 357 4012 τδ
405 3961 658 4032 διάφορον
691 3964 783 4017 τοῦ
819 3967 959 4023 κατὰ
988 3968 1087 4032 τὰς
1135 3970 1380 4043 μητέρας
1422 3974 1611 4042 γένους
1656 3978 1755 4031 αύ-

187 4055 308 4110 τῶν.
356 4057 450 4109 Διὸ
492 4059 627 4127 πρὸς
670 4059 1004 4129 συμϐουλίαν
1041 4063 1131 4135 τὸν
1163 4065 1441 4120 Σκιπίωνα
1480 4070 1759 4140 μετεπέμ-

189 4143 337 4211 ψατο,
374 4148 435 4201 ὃν
492 4149 521 4200 ὁ
573 4147 779 4213 ὕπατος
824 4151 1080 4208 ἔστειλεν.
1160 4155 1304 4210 Ἀλλ’
1340 4158 1367 4211 ό
1414 4161 1759 4225 Μασινίσσας

190 4241 311 4311 πρὶν
354 4241 529 4296 ἐλθεῖν
558 4243 652 4298 τὸν
686 4244 966 4300 Σκιπίωνα
988 4245 1282 4314 ἐκλείπων,
1310 4251 1403 4304 τὸν
1430 4252 1528 4322 μὲν
1557 4253 1758 4307 δακτύ-

189 4335 289 4388 λιον
315 4336 397 4407 τῷ
429 4338 646 4412 Μικίψα
674 4339 752 4408 τῷ
782 4341 883 4412 υἱῷ
907 4341 1099 4407 ἔδωκε,
1132 4343 1201 4397 τὰ
1227 4345 1272 4398 δ’
1316 4345 1452 4400 ἄλλα
1486 4348 1662 4402 πάντα
1691 4348 1759 4402 τὰ

190 4431 249 4500 τῇ
269 4431 411 4502 ἀρχῇ
443 4433 787 4502 προσήκοντα
818 4432 896 4504 τῷ
926 4434 1193 4489 Σκιπίωνι
1220 4436 1349 4507 ἄρτι
1377 4437 1585 4493 ἐλθόντι
1612 4457 1758 4510 παρ-

192 4519 335 4593 έσχεν
366 4524 461 4576 καὶ
489 4523 814 4578 ἐνετείλατο.
847 4525 906 4578 '0
968 4520 1062 4579 οὖν
1098 4526 1363 4593 Σκιπίων,
1413 4531 1759 4603 κατανοήσας

193 4612 276 4674 τὶς
310 4615 662 4685 προαιρέσεις
689 4616 798 4670 τῶν
831 4618 994 4672 υἱέων
1012 4618 1202 4681 αὑτοῦ,
1236 4620 1413 4673 οὐδενὶ
1444 4622 1546 4691 μὲν
1576 4623 1757 4678 αὐτῶν

200 4706 330 4772 μόνῳ
357 4708 458 4776 τὴν
491 4706 771 4776 βασιλείαν
800 4710 1065 4782 ἀπένειμε
1084 4729 1097 4743 ·
1122 4712 1292 4782 τριῶν
1317 4713 1375 4767 δὲ
1406 4713 1514 4768 τῶν
1546 4716 1757 4782 ἐλλογι-

201 4801 454 4875 μιυτᾷτων
493 4800 685 4866 όντων,
718 4802 1096 4873 πρεσϐυτάτου
1134 4805 1233 4875 μὲν
1268 4806 1531 4877 Μικίψου,
1560 4809 1759 4865 νεωτά-

1861 3688 1994 3760 quid
2028 3689 2097 3744 de
2128 3704 2297 3760 regno
2330 3696 2622 3753 statueret,
2665 3687 2737 3743 ob
2774 3686 2938 3761 465
2979 3687 3222 3742 filiorum
3259 3687 3445 3743 multi-
3546 3730 3567 3736 -

1864 3780 2109 3835 tudinem
2161 3797 2228 3836 ex
2282 3780 2518 3836 diversae
2566 3772 2902 3849 conditionis
2934 3780 3262 3837 mulieribus
3316 3795 3443 3837 sus-

1863 3883 2155 3944 ceptorum
2220 3872 2518 3939 dubitans,
2564 3862 2877 3953 Scipionem
2920 3872 3140 3930 consilii
3187 3870 3445 3942 capiendi

1861 3982 2025 4023 causa
2060 3966 2370 4022 accersivit.
2415 3964 2587 4033 Quem
2643 3980 2769 4021 eum
2826 3966 3067 4021 misisset
3115 3966 3444 4031 cos.,Masi-

1862 4062 2013 4116 nissa
2054 4067 2182 4114 ante
2230 4059 2526 4115 adventum
2570 4044 2691 4129 ejus
2748 4056 3153 4123 moribundus,
3203 4058 3444 4130 Micipsa:

1862 4153 1977 4208 ﬁlio
2003 4151 2269 4206 annulum
2291 4149 2565 4206 dederat:
2601 4158 2801 4204 caetera
2836 4164 2965 4205 vero
2993 4149 3176 4206 omnia
3211 4166 3333 4221 qua:
3374 4149 3455 4205 ad

1862 4262 2091 4317 regnum
2151 4243 2525 4315 pertinebant,
2575 4242 2845 4314 Scipioni,
2886 4258 3011 4298 cum
3055 4243 3294 4314 primum
3349 4258 3449 4299 ve-

1862 4339 2059 4403 nisset,
2110 4334 2538 4391 commendavit.
2595 4333 2645 4388 is
2688 4325 2820 4389 vero
2856 4334 3262 4390 animadversis
3303 4334 3448 4389 ﬁlio-

1863 4447 1985 4487 rum
2014 4431 2136 4501 ejus
2161 4428 2418 4501 ingeniis,
2448 4427 2587 4482 nulli
2633 4427 2727 4482 uni
2754 4440 2982 4498 regnum
3012 4426 3269 4482 attribuit
3301 4444 3315 4482 :
3348 4427 3446 4483 sed

1861 4539 1987 4579 cum
2034 4532 2146 4576 tres
2188 4536 2257 4575 ex
2303 4521 2371 4575 iis
2427 4520 2691 4590 praecipui
2733 4529 2923 4574 essent
2952 4558 2966 4579 ,
3012 4517 3241 4589 Micipsa
3313 4527 3451 4574 natu

1864 4615 2160 4680 maximus,
2194 4613 2431 4669 Gulussa
2466 4611 2751 4674 minimus.
2788 4610 3005 4666 medius
3050 4611 3442 4667 Mastanavus:

1862 4710 2009 4765 inter
2037 4722 2132 4763 eos
2164 4720 2351 4760 rerum
2390 4702 2931 4758 administrationem
2964 4702 3232 4757 trifariam
3266 4703 3444 4774 parti-

1863 4812 1974 4863 tus.
2023 4810 2154 4855 natu
2183 4797 2423 4852 maxime
2461 4809 2630 4850 avaro
2660 4800 2718 4848 et
2740 4794 2993 4864 pecuniae
3028 4795 3236 4851 amanti
3267 4796 3443 4854 vecti-

194 4905 273 4942 του
301 4891 660 4962 Γουλούσσου,
689 4892 857 4965 μέσου
881 4895 936 4949 δὲ
971 4897 1341 4953 Μαστανάϐου
1373 4897 1512 4972 (54),
1547 4899 1757 4967 τούτοις

1861 4891 2065 4965 galium
2103 4888 2431 4945 tractatione
2468 4884 2727 4940 mandata
2782 4903 2797 4937 :
2845 4885 3102 4955 proximo
3142 4894 3265 4957 post
3313 4903 3444 4945 eum

197 4983 254 5036 τὰ
284 4986 608 5056 πράγματα,
662 4988 1066 5060 μεμερισμένος
1093 4989 1299 5061 μέντοι,
1324 4992 1632 5064 κατένειμε.
1666 4995 1757 5068 Τῷ

1865 4983 2210 5058 disceptandi
2250 4979 2661 5038 controversias
2699 4993 2929 5033 munere
2968 4982 3283 5051 assignato,
3331 4984 3450 5040 Gu-

201 5076 286 5144 μὲν
316 5079 423 5149 γὰρ
454 5080 819 5153 πρεσϐυτάτῳ
851 5086 1200 5155 χρηματιστῇ
1233 5100 1293 5138 τε
1321 5083 1438 5139 δντι
1477 5086 1573 5140 καὶ
1606 5085 1757 5155 φιλο-

1861 5082 2023 5138 iussa:
2056 5075 2271 5134 homini
2304 5071 2572 5129 bellicoso
2601 5070 2883 5126 exercitus
2907 5070 3155 5128 tradidit.
3194 5073 3445 5144 Reliquis

201 5168 402 5242 πλούτῳ
431 5171 530 5233 τὴν
564 5171 835 5242 διοίκησιν
878 5174 1179 5244 ἐνεχείρισε
1206 5191 1220 5205 ο
1248 5174 1329 5246 τῷ
1357 5175 1414 5230 δὲ
1449 5176 1569 5247 μετ’
1598 5177 1757 5233 αὐτὸν

1861 5171 2159 5235 fratribus,
2213 5165 2308 5238 qui
2374 5163 2534 5218 multi
2565 5172 2769 5229 erant,
2830 5161 2998 5218 urbes
3049 5164 3317 5234 quasdam
3385 5173 3443 5221 et

198 5261 286 5324 τὰς
309 5263 575 5335 διαφορὰς
596 5266 807 5335 κρίνειν
833 5264 1126 5337 ἐπέτρεψε,
1155 5266 1384 5339 δικαστῇ
1417 5268 1531 5323 δντι
1561 5282 1577 5298 ⁸
1602 5269 1680 5341 τῷ
1706 5270 1757 5326 δὲ

1861 5264 2061 5338 praedia
2105 5259 2316 5325 divisit,
2355 5255 2648 5313 Gulussam
2692 5268 2826 5310 vero
2862 5256 2929 5309 ad
2982 5258 3265 5311 consulem
3314 5271 3443 5326 per--

201 5352 494 5429 Γουλούσσᾳ
532 5357 814 5429 πολεμικῷ
843 5358 1169 5429 τυγχάνοντι
1200 5361 1299 5425 τὰς
1322 5362 1577 5435 δυνάμεις
1613 5382 1759 5436 παρ-

201 5447 372 5511 έδωκε.
405 5451 532 5515 Τοῖς
575 5451 621 5504 δ’
651 5450 903 5522 ἀδελφοῖς
946 5452 1126 5508 αὐτῶν
1175 5454 1387 5520 πολλοῖς
1429 5457 1548 5512 οὖσι
1577 5458 1762 5521 πόλεις

1858 5359 2036 5415 duxit.
2065 5356 2181 5412 Sub
2206 5351 2356 5408 veris
2385 5349 2605 5405 initium
2632 5348 3172 5420 Carthaginiensium
3205 5347 3414 5403 fmdera

1861 5463 1947 5510 tos
1991 5448 2261 5523 aggressi,
2307 5446 2510 5501 multos
2553 5442 2631 5509 vi,
2676 5443 2889 5499 multos
2927 5442 3202 5513 pactione,
3250 5440 3441 5513 Scipio

1397 5576 1602 5638 Variae
1641 5575 1948 5639 lectiones
1971 5577 2033 5631 et
2065 5577 2255 5632 uotae.

263 5672 372 5748 (ᾧ)
402 5672 658 5730 Μιδέαν.
683 5674 937 5748 φαμέαν,
967 5690 1098 5732 mss.
1139 5678 1272 5748 Reg.
1304 5687 1363 5734 et
1401 5677 1645 5735 Colbert.

266 5744 372 5819 ςξςι)
405 5744 831 5819 Μαστανᾴόου.
878 5745 958 5819 lta
1012 5744 1359 5819 reposititinus
1410 5765 1478 5804 ex
1522 5751 1657 5819 Reg.
1695 5758 1755 5805 et

204 5812 427 5872 Colbcrt.
461 5815 740 5887 quomodo
771 5812 1172 5887 appellatur’ab
1222 5817 1469 5887 Appiano
1520 5812 1753 5876 wollius

1861 5673 2257 5743 Mamava'ttou_
2309 5668 2573 5743 ediderat
2614 5684 2632 5743 :_
2676 5664 2881 5743 quaint
2910 5677 3156 5743 errorem
3216 5659 3437 5721 viderat

1862 5734 2147 5803 llenricus'
2166 5741 2419 5799 Valesius
2444 5738 2510 5796 ad
2538 5734 2750 5803 Polybii
2787 5734 3079 5804 Excerpta.
