3896 6548
488 279 590 344 791

1795 283 2121 346 JOANNIS
2161 287 2491 349 ZONARE
3630 305 3719 366 γει

495 395 826 465 praesertim,
867 392 1232 464 subegerunt.
1264 393 1331 450 Ut
1355 409 1490 448 vero
1529 393 1737 451 Fabcas
1766 393 2049 463 desperati:

2174 396 2326 454 τινὰς
2356 398 2453 451 καὶ⁸
2472 395 2656 469 χώρας
2687 395 2897 468 ἔνειμε.
2934 402 3045 456 Καὶ
3074 401 3167 458 τὶν
3198 404 3535 462 Γουλούσσαν
3566 428 3721 482 nepa:

482 485 1026 558 Carthaginiensium
1056 485 1223 540 rebus
1289 484 1358 540 ad
1415 485 1694 539 Romanos
1743 483 2057 549 inclinans,

481 596 606 635 cum
638 578 897 649 Scipione
914 558 1233 634 collocutus
1254 587 1340 633 cst
1374 593 1393 631 :
1425 586 1539 632 tum
1568 591 1700 631 vero
1742 588 1936 631 omnes
1971 589 2061 629 ar-

483 672 590 725 mis
620 672 675 725 in
700 669 1070 724 Asdrubalem
1101 669 1409 732 conversis.
1441 682 1566 724 cum
1597 682 1698 738 per
1729 666 1850 722 dies
1872 667 2062 737 plures

479 758 766 814 castellum
809 766 1236 828 oppugnassent,
1263 766 1572 812 commeatu
1607 756 1894 820 destituti,
1925 756 2064 811 citra

480 852 722 907 dedecus
739 860 1109 906 recesserunt.
1130 851 1266 905 Nam
1286 850 1521 907 durante
1541 850 1723 907 adhuc
1744 850 2061 913 obsidione,

484 942 693 999 Fabeas
712 943 968 998 hostilem
993 943 1046 996 in
1076 943 1299 997 modum
1322 958 1418 997 eos
1438 959 1727 1016 aggressus
1751 945 1805 999 in
1830 943 1947 1014 ipsa
1966 956 2067 1014 pu-

481 1049 587 1105 gna
610 1050 732 1089 cum
754 1036 964 1105 aliquot
989 1035 1270 1105 equitibus
1291 1036 1358 1090 ad
1377 1035 1654 1091 Romanos
1674 1035 1911 1091 transiit.
1933 1034 2066 1089 Inde

484 1126 743 1180 Manilius
788 1125 1001 1181 Uticam
1031 1128 1316 1196 profectus
1355 1128 1588 1198 quievit.
1645 1125 1833 1197 Scipio
1866 1126 2065 1182 'Fabca

479 1217 709 1275 Romam
741 1219 1008 1289 perduelo
1050 1220 1307 1277 laudatus
1328 1231 1413 1277 est
1438 1238 1457 1277 :
1494 1221 1624 1278 etis
1664 1222 1838 1276 honos
1872 1220 2065 1276 Faheae

380 1328 385 1333 ·
482 1309 721 1377 habitus,
746 1320 804 1366 ut
829 1312 882 1367 in
915 1327 1235 1368 consessum
1260 1327 1290 1366 α
1310 1322 1504 1369 senatu
1533 1312 1893 1382 reciperetur.

2171 483 2354 537 λαϐὼν
2396 485 2535 556 πρὸς
2578 488 2672 543 τὸν
2694 485 2901 543 ὕπατον
2925 490 3154 564 ῇγαγεν.
3206 495 3539 567 Ἀρχομένου
3565 501 3616 555 δὲ
3644 508 3723 561 τοῦ

2171 575 2332 649 ἔαρος
2368 580 2463 633 ἐπὶ
2482 580 2608 645 τοὺς
2636 582 2748 637 τῶν
2784 585 3172 658 Καρχηδονίων
3203 606 3530 667 συμμαχους
3559 601 3727 674 ἐστρά.

2169 687 2390 735 τευσαν,
2447 672 2541 726 καὶ
2602 672 2834 738 πολλοὺς
2869 676 2971 744 μὲν
3017 680 3203 735 αὐτῶν
3251 683 3365 756 βία,
3424 672 3725 755 πολλοὺςῆ

2168 758 2451 853 ὁμολογίῃ,
2494 762 2588 815 καὶ
2641 763 2880 833 μάλιστα
2919 769 2946 821 6
2986 770 3255 839 Σκιπίων,
3311 782 3724 853 παρεστήσαντο.
3804 766 3810 775 ’

2181 850 2272 914 Ὠς
2302 850 2359 906 δι
2393 853 2605 918 Φαϐέας
2637 856 2909 927 ἀπογνοὺς
2937 862 3006 917 τὰ
3046 864 3159 918 τῶν
3190 850 3578 940 Καρχηδονίων
3612 878 3728 948 arpi;

2169 943 2296 1004 τοὺς
2337 944 2645 1016 Ῥωμαίους
2690 949 2977 1019 ἀπέκλινε,
3022 956 3116 1012 καὶ
3160 959 3243 1022 είς
3280 959 3469 1027 λόγους
3502 965 3576 1036 τῷ
3617 943 3728 1023 Σᾷιιᾷ

2172 1036 2336 1091 πίωνι
2368 1032 2497 1108 ἦ).οε
2530 1057 2545 1073 ·
2575 1041 2699 1098 τότε
2730 1044 2825 1097 καὶ
2868 1045 2961 1100 ἐπὶ
3006 1050 3097 1103 τὸν
3153 1051 3493 1124 Ἀσδρούϐαν
3519 1032 3729 1125 ἅπαντες

2172 1125 2462 1222 ώρμησαν,
2500 1134 2594 1186 καὶ
2625 1138 2967 1207 προσέμιξαν
3003 1140 3104 1211 μὲν
3137 1141 3218 1215 τῷ
3247 1148 3494 1220 φρουρίῳ
3535 1154 3729 1222 συχναῖς

2171 1220 2410 1313 ἡμέραις
2440 1238 2454 1253 ο
2498 1224 2865 1283 ἐπιλιπόντων
2906 1232 2963 1284 δὲ
3014 1233 3216 1300 αὐτοὺς
3248 1236 3411 1305 αὖθις
3456 1242 3558 1296 τῶν
3585 1220 3729 1313 αναγ-

2172 1312 2345 1406 καῖων
2368 1316 2723 1387 ἀνεχώρησαν
2746 1322 3060 1394 εὐπρεπῶς.
3095 1327 3417 1400 Προσέϐαλε
3441 1336 3548 1406 γὰρ
3570 1312 3727 1404 αὐτοῖς

480 1407 507 1455 ὁ
535 1403 747 1469 Φαϐέας
778 1405 1237 1477 προσεδρεύουσιν
1270 1407 1352 1460 ἔτι
1393 1406 1471 1471 ὡς
1518 1406 1872 1474 πολεμήσων,
1921 1405 2018 1459 καὶ
2081 1404 2109 1455 ὲ
2177 1403 2259 1474 τῷ
2289 1405 2437 1480 ἔργῳ
2459 1412 2579 1480 μεθ’
2608 1414 2821 1469 ἱππέων
2852 1417 3018 1473 τινών
3041 1421 3415 1494 ηὐτομόλησε.
3450 1403 3729 1483 ximam

481 1497 749 1561 Μανίλιος
793 1498 893 1567 μὲν
923 1499 1003 1561 είς
1032 1501 1132 1569 τὴν
1172 1498 1412 1569 Ούτικὴν
1445 1498 1616 1554 ἐλθὼν
1641 1496 1903 1571 ἡσύχαζε,
1945 1497 2190 1551 Σκιπίων
2225 1497 2283 1551 δὲ
2318 1500 2411 1553 τὸν
2473 1503 2688 1558 Φαϐέαν
2750 1508 2832 1570 είς
2877 1511 2978 1580 τὴν
3035 1512 3264 1586 Ῥώμην
3313 1518 3553 1590 ἀνήγαγε
3577 1562 3590 1583 ,
3647 1525 3728 1579 καὶ

480 1589 646 1653 αὑτός
679 1606 738 1644 τε
771 1591 1029 1663 ἐπῃνεῖτο
1058 1592 1156 1647 καὶ
1187 1595 1215 1646 ὁ
1244 1593 1458 1659 Φαϐἐας
1477 1596 1759 1666 τετίμητο,
1804 1592 1945 1648 ὥστε
1981 1591 2072 1647 καὶ
2105 1591 2163 1643 ὲν
2188 1590 2268 1665 τῷ
2297 1593 2669 1671 βουλευτηρίῳ
2707 1603 3085 1675 συγκαθῆσοαι
3113 1613 3182 1680 τῇ
3219 1589 3503 1684 γερουσίᾳ.

548 1682 789 1749 XXVI“.
831 1686 968 1741 Tum
1008 1686 1230 1742 Prusias
1256 1728 1271 1752 ,
1322 1689 1488 1744 homo
1534 1703 1705 1745 senex
1750 1696 1810 1742 et
1852 1685 2064 1757 asperis

2243 1687 2380 1743 KH’.
2417 1690 2552 1746 Τότε
2579 1692 2635 1745 δὲ
2664 1695 2967 1768 συνηνέχθη
3030 1702 3128 1753 καὶ⁸
3162 1701 3232 1756 τὰ
3263 1705 3406 1759 κατὰ
3451 1705 3538 1759 τὸν
3566 1709 3723 1779 Πρου·

481 1778 750 1849 moribus,
801 1780 1013 1835 veritus
1062 1796 1130 1835 ne
1163 1780 1382 1852 Bithyni
1415 1797 1476 1839 se
1498 1783 1676 1854 ejecto
1706 1780 2049 1838 Nicomedem

2167 1781 2309 1849 σίαν,
2339 1783 2397 1847 ὃς
2422 1785 2605 1857 γέρων
2627 1785 2703 1840 ὢν
2721 1758 2816 1841 καλ
2840 1758 2968 1854 reb;-
2986 1792 3230 1861 τρόπους
3259 1758 3723 1875 τραχὺςλᾷίδίγδη

485 1875 654 1930 ﬁlium
690 1888 872 1945 regem
907 1882 1161 1931 crearent
1185 1913 1200 1937 ,
1236 1891 1362 1930 eum
1387 1890 1485 1946 per
1513 1890 1735 1930 causam
1766 1874 2059 1945 quamdam

482 1968 711 2025 Romam
743 1966 995 2031 missum,
1036 1966 1114 2021 ibi
1149 1967 1352 2038 degere
1378 1966 1566 2038 jussit.
1597 1966 1702 2023 Sed
1734 1983 1860 2024 cum
1893 1967 2059 2023 etiam

482 2058 668 2116 Rome
689 2066 939 2128 agentem
969 2073 1068 2127 per
1094 2057 1324 2114 insidias
1343 2058 1585 2114 occisum
1614 2059 1808 2114 vellet:
1842 2058 2058 2130 Bithyni

480 2150 704 2221 quidam
736 2152 1083 2209 Nicomedem
1110 2154 1250 2208 clam
1279 2152 1338 2206 in
1362 2150 1674 2222 Bithyniam
1707 2152 2058 2222 perductum,

479 2258 612 2298 sene
637 2245 847 2309 occiso,
871 2261 1055 2317 regem
1082 2245 1361 2300 dixerunt.
1390 2243 1516 2298 Haec
1538 2244 1838 2310 Romanos,
1866 2260 2061 2314 quam—

478 2335 562 2413 vis
583 2337 834 2405 molesta.
862 2352 971 2393 non
1003 2348 1185 2393 tamen
1204 2336 1274 2393 ad
1294 2336 1500 2392 bellum
1534 2336 1881 2392 inferendum
1909 2354 2060 2393 com-

480 2443 793 2488 moverunt.
842 2430 1148 2488 Andriscus
1175 2445 1308 2487 vero
1345 2420 2056 2503 quidam'Adramyttenus,

478 2524 683 2581 Perseo
735 2524 912 2581 forma
959 2539 1072 2580 non
1113 2523 1422 2588 dissimilis,
1462 2524 1635 2580 ascito
1677 2523 1783 2579 sibi
1818 2516 2058 2594 Philippi

478 2616 726 2678 nouiine,
755 2616 986 2685 ejusque
1014 2615 1184 2670 tilium
1218 2630 1338 2670 sese
1372 2615 1653 2677 dictitans,
1686 2615 1752 2670 ad
1790 2614 2058 2669 defectio-

478 2722 605 2763 nem
634 2708 911 2777 plurimos
962 2707 1200 2778 impulit.
1240 2708 1376 2763 Nam
1404 2708 1584 2778 primo
1612 2708 1849 2764 adventu
1884 2708 2054 2764 Mace.

478 2799 698 2855 doniam
725 2798 891 2871 466
912 2800 1132 2856 turbare
1158 2810 1407 2864 conatus,
1440 2816 1565 2856 cum
1597 2817 1628 2856 a
1654 2802 1871 2856 nemine
1895 2817 2057 2856 cura-

477 2900 653 2955 retur,
707 2891 763 2946 in
819 2888 1034 2963 Syriam
1084 2890 1153 2945 ad
1188 2890 1523 2947 Demetrium
1569 2908 1626 2947 se
1657 2893 1914 2958 contulit,
1960 2908 2056 2963 spe

479 2978 669 3035 auxilii
706 2988 932 3051 propter
971 2981 1354 3052 cognationem
1389 2982 1743 3052 impetrandi.
1775 2984 1845 3041 ab
1877 2999 2056 3054 eoque

2164 1876 2292 1937 τοὺς
2327 1877 2610 1945 Βιθυνοὺς,
2646 1879 2722 1952 μὴ
2757 1882 2857 1952 τῆς
2890 1882 3183 1952 βασιλείας
3240 1889 3409 1943 αὐτὸν
3457 1892 3721 1960 ἐκϐάλωσι,

2165 1968 2259 2025 τὸν
2297 1969 2584 2043 Νικομήδη
2613 1973 2707 2027 τὸν
2758 1975 2874 2027 υίδν
2905 1976 3299 2047 ἀνθελόμενοι.
3330 1982 3441 2035 Καὶ
3470 1986 3601 2040 κατά
3621 2004 3723 2040 τινα

2166 2061 2445 2132 πρόφασιν
2495 2064 2746 2137 ἔπεμψεν
2787 2070 2869 2130 είς
2909 2069 3011 2138 τὴν
3071 2070 3303 2142 Ῥώμην
3356 2075 3535 2140 αὐτὸν,
3580 2077 3717 2132 κάκεῖ

2164 2155 2373 2225 διάγειν
2395 2158 2700 2214 ἐκέλευσεν.
2737 2161 2827 2226 't);
2865 2179 2924 2215 τε
2958 2165 3063 2217 κάν
3090 2167 3158 2236 τῇ
3191 2165 3383 2238 Ῥώμῃ
3414 2168 3720 2238 διαιτωμένῳ

2164 2248 2241 2318 τῷ
2295 2248 2395 2319 υἱῷ
2446 2251 2814 2308 ἐπεϐούλευσε
2858 2254 2953 2309 καὶ
3009 2256 3246 2312 ἔσπευδε
3301 2262 3506 2315 κτεῖναι
3557 2262 3713 2325 αὑτὸν.
3791 2274 3797 2289 ⁸

2166 2338 2388 2393 Βιθυνοί
2436 2358 2604 2409 τινες,
2645 2344 2726 2408 είς
2763 2343 2984 2416 Ῥώμην
3033 2350 3434 2416 φοιτήσαντες,
3479 2351 3716 2423 ἐξήγαγον

2163 2429 2344 2502 λάθρα
2396 2431 2488 2486 τὸν
2519 2433 2843 2505 Νικομήδη·
2904 2438 3000 2490 καὶ
3045 2438 3103 2502 ἐς
3137 2439 3240 2512 τὴν
3279 2440 3530 2495 Βιθυνίαν
3579 2443 3712 2513 κομί-

2169 2539 2388 2587 σαντες,
2450 2522 2543 2576 τὸν
2600 2525 2701 2594 μὲν
2751 2526 2987 2598 γέροντα
3039 2529 3369 2599 ἐφόνευσαν,
3422 2531 3630 2603 βασιλέα
3669 2533 3709 2586 δ’

2174 2613 2385 2668 ἐκεῖνον
2440 2615 2750 2681 ἀπέδειξαν.
2807 2619 2993 2673 Ταῦτα
3039 2621 3234 2691 ἠνίασε
3288 2622 3387 2693 μὲν
3419 2624 3541 2687 τοὺς
3600 2622 3710 2678 Ῥω-

2165 2707 2386 2775 μαίους,
2432 2709 2491 2761 ού
2533 2708 2638 2781 μὴν
2671 2711 2767 2763 καὶ
2797 2712 2878 2776 είς
2909 2712 3152 2784 πόλεμον
3204 2716 3506 2788 ἐξηρέθισε.
3535 2716 3632 2788 Τὴν
3664 2718 3711 2771 δὶ

2159 2799 2499 2853 Μακεδονίαν
2563 2801 2875 2874 ’Δνδρίσκος
2910 2822 2997 2868 τις
3054 2806 3113 2873 ἐξ
3167 2807 3552 2880 Ἀτραμυττὶου
3600 2812 3705 2880 φὺς.

2164 2891 2244 2962 τῷ
2277 2894 2481 2963 Περσεῖ
2512 2893 2559 2947 δ’
2602 2895 2851 2967 ἐμφερὴς
2880 2895 2940 2949 τδ
2967 2894 3110 2963 εἶδος
3137 2901 3452 2970 γενόμενος,
3494 2900 3581 2956 καὶ
3600 2903 3705 2965 παῖς

2161 2977 2302 3038 εἶναι
2340 2985 2553 3039 ἐκείνου
2615 2985 3014 3060 πλαττόμενος,
3069 2991 3170 3046 καὶ
3224 2993 3489 3047 Φίλιππον
3541 2994 3706 3048 ἑαυτὸν

478 3069 934 3143 comprehensus,
964 3080 1020 3127 et
1047 3071 1279 3127 Romam
1316 3073 1538 3134 missus.
1563 3089 1691 3129 eum
1720 3090 1902 3145 neque
1927 3076 2049 3130 Per-

2160 3077 2465 3147 ὀνομάζων,
2525 3080 2620 3131 ἐπὶ
2672 3080 2926 3135 πλεῖστον
2990 3082 3300 3158 ἀπέστησε.
3355 3086 3427 3139 Τὸ
3485 3087 3575 3157 μὲν
3616 3086 3705 3155 γὰρ

476 3162 555 3217 sei
590 3161 761 3218 ﬁlium
798 3179 920 3219 esse
970 3172 1270 3232 constaret,
1318 3175 1376 3221 et
1423 3168 1629 3238 alioqui
1671 3169 1810 3224 nihil
1844 3169 2056 3240 insigne

476 3254 728 3314 haberet.
779 3271 880 3326 per
908 3265 1284 3327 contemptum
1327 3259 1608 3327 dimissus,
1659 3277 1909 3332 magnam
1946 3263 2058 3318 fac-

480 3350 744 3409 tiosorum
800 3351 1088 3407 hominum
1138 3368 1363 3409 manum
1420 3355 1620 3426 coegit,
1655 3358 1856 3412 multas
1890 3357 2055 3413 urbes

479 3441 718 3499 attraxit.
755 3440 1001 3515 Denique
1034 3444 1188 3515 regio
1220 3445 1414 3501 habitu
1441 3456 1682 3518 sumpto,
1711 3449 2053 3519 collectoque

475 3533 719 3587 exercitu
754 3533 811 3589 in
844 3534 1138 3591 Thraciam
1172 3535 1494 3605 profectus:
1531 3539 1723 3594 multis
1752 3538 1939 3595 liberis
1964 3555 2055 3611 po~

476 3625 639 3693 rudis,
690 3626 877 3683 multis
920 3627 1169 3699 dynastis
1218 3630 1528 3686 Romanum
1583 3631 1876 3702 imperium
1911 3649 2051 3703 :rgre

475 3716 781 3773 ferentibus
828 3720 1036 3785 ascitis,
1100 3719 1519 3792 impressionem
1567 3723 1621 3778 in
1678 3723 2051 3780 Macedoniam

473 3803 606 3861 fecit
635 3824 651 3862 :
687 3822 867 3879 eaque
893 3820 1183 3879 occupata,
1206 3812 1260 3866 in
1290 3812 1625 3869 Thessaliam
1659 3822 2049 3886 transgressus,

471 3911 584 3952 non
609 3913 782 3969 pauca
811 3900 929 3957 loca
962 3902 1200 3974 subegit.
1241 3904 1477 3961 Romani
1511 3907 1781 3964 Andrisco
1812 3909 2048 3979 primum

470 3990 752 4063 despecto.
785 4003 976 4064 postea
1018 3994 1330 4066 Scipionem
1375 3996 1626 4055 Nasicam
1663 3999 1727 4054 ad
1755 4001 2048 4056 tumultum

470 4084 623 4139 illum
657 4087 965 4156 pacandum
1000 4087 1294 4144 miserunt.
1351 4089 1454 4156 Qui
1488 4091 1654 4147 rebus
1686 4093 1794 4149 illis
1821 4094 1874 4148 in
1900 4093 2049 4148 Gm-

427 4222 432 4227 .
470 4174 557 4232 cia
591 4176 847 4247 cognitis,
878 4178 945 4232 ad
980 4178 1254 4237 Romanos
1288 4182 1508 4250 scripsit
1535 4184 1722 4237 omnia
1746 4201 1755 4238 ;
1781 4194 1831 4238 et
1860 4194 2049 4239 coacto

470 4281 502 4321 a
531 4266 697 4323 sociis
740 4269 986 4324 exercitu
1042 4271 1122 4324 rei
1169 4271 1426 4340 gerenda:
1466 4273 1733 4334 intentus.
1773 4273 1839 4328 ad
1868 4274 2045 4330 Mace-

2165 3168 2383 3242 πρῶτον
2423 3171 2481 3234 ές
2508 3170 2607 3241 τὴν
2641 3171 2988 3227 Μακεδονίαν
3018 3173 3216 3240 ἐλθὼν,
3254 3177 3536 3246 ταράττειν
3559 3176 3703 3238 αὐτὴν

2161 3262 2453 3332 ἐπειρᾶτο·
2484 3262 2560 3326 ὡς
2588 3263 2644 3319 δὲ
2696 3263 2872 3330 οὐδεὶς
2926 3268 3222 3337 προσεῖχεν
3268 3267 3438 3338 αύτῷ,
3474 3267 3600 3340 πρὸς
3628 3267 3702 3320 τὸν

2160 3348 2474 3426 Δημήτριον
2520 3354 2605 3420 είς
2634 3354 2736 3427 τὴν
2771 3355 2975 3429 Συρίαν
3006 3359 3304 3429 ἐτράπετο,
3330 3360 3404 3423 ὠς
3430 3360 3486 3425 ἐξ
3521 3359 3700 3413 ἐκείνου

2156 3446 2246 3500 διὰ
2292 3445 2355 3500 τὸ
2398 3445 2557 3517 γένος
2592 3445 2845 3520 βοηθείας
2890 3450 3242 3522 τευξόμενος.
3296 3451 3612 3522 Συλληφθεὶς
3653 3450 3700 3502 δὲ

2157 3540 2290 3611 παρ’
2320 3539 2531 3594 ἐκείνου
2557 3542 2651 3595 καὶ
2679 3544 2758 3607 είς
2811 3539 2906 3614 τὴν
2950 3541 3175 3613 Ῥώμην
3210 3544 3503 3616 πεμφθεὶς,
3552 3544 3625 3595 ὅτι
3646 3558 3695 3594 τε

2159 3634 2235 3704 μὴ
2285 3631 2361 3687 ὢν
2416 3629 2511 3686 τοῦ
2546 3635 2808 3704 Περσέως
2867 3635 2983 3699 υίὸς
3039 3637 3311 3708 ἠλέγχθη,
3364 3637 3454 3691 καὶ
3505 3635 3614 3689 οὐδέ
3653 3650 3697 3685 τι

2156 3724 2344 3794 ἕτερον
2373 3719 2522 3795 εἶχεν
2548 3724 2699 3789 ἄξιον
2720 3724 2903 3790 λόγου,
2934 3728 3345 3799 κατεφρονήθη.
3372 3728 3480 3780 Καὶ
3504 3723 3697 3794 ἀφεθεὶς

2155 3816 2316 3886 χεῖρά
2350 3832 2410 3867 τε
2468 3816 2785 3885 συνήγαγεν
2818 3815 3126 3888 ἀνθρώπων
3183 3816 3576 3889 νεωτεροποιῶν
3622 3812 3694 3866 καὶ

2154 3909 2337 3973 πόλεις
2391 3904 2598 3973 πολλὰς
2646 3909 3006 3980 ἐπηγαγετο.
3064 3915 3165 3965 καὶ
3233 3912 3387 3975 τέλος
3444 3907 3695 3981 βασιλικὴν

2155 4001 2351 4072 στολὴν
2387 4002 2773 4071 περιθέμενος,
2809 4003 2905 4058 καὶ
2933 4002 3170 4075 δύναμιν
3204 4004 3594 4074 συγκροτήσας,
3622 3996 3689 4059 εἰς

2152 4093 2374 4165 Θρᾴκην
2417 4092 2669 4163 ἀφίκετο,
2703 4096 2798 4149 καὶ
2851 4097 3082 4166 συχνοὺς
3118 4098 3220 4169 μὲν
3251 4096 3356 4151 τῶν
3389 4093 3687 4162 αὐτονόμωνο

2152 4186 2383 4256 συχνοὺς
2411 4184 2467 4238 δὲ
2493 4185 2589 4240 καὶ
2641 4185 2751 4241 τῶν
2777 4187 3059 4242 δυναστῶν
3084 4191 3201 4255 τοῖς
3243 4186 3525 4257 Ῥωμαίοις
3547 4181 3687 4253 ἀχθο-

2153 4277 2335 4346 μένοις
2391 4277 2752 4351 παραλαϐὼν,
2815 4280 2895 4344 είς
2949 4279 3289 4336 Μακεδονίαν
3346 4277 3555 4334 ἐνέϐαλε
3610 4273 3689 4327 καὶ

470 4354 691 4411 doniam
712 4358 1003 4427 processit.
1034 4359 1267 4415 Romani
1293 4361 1459 4431 igitur
1489 4363 1548 4416 P.
1579 4362 1894 4418 Juventiuui
1920 4380 2047 4419 cum

2160 4369 2318 4443 ιύτὴν
2358 4371 2610 4441 κατέσχεο
2685 4373 2778 4427 καὶ
2832 4374 2925 4426 ἐπὶ
2966 4372 3063 4445 τὴν
3113 4373 3416 4428 Θεσσαλίαν
3468 4369 3686 4447 (ipp-ﬁda;

470 4446 719 4503 exercitu
769 4455 963 4504 contra
1022 4465 1149 4505 eum
1198 4451 1488 4510 miserunt.
1539 4452 1710 4520 Quem
1745 4454 2046 4513 Andriscus

2160 4462 2250 4516 οὐκ
2275 4435 2455 4532 ’ὀλίγα
2486 4435 2690 4537 ταύτης
2741 4435 3205 4538 προσεποιησατο.
3238 4468 3301 4522 Οἱ
3330 4467 3385 4519 δὲ
3450 4435 3683 4533 Properat

470 4536 616 4595 circa
656 4538 1026 4596 Macedoniam
1066 4541 1295 4598 adortus
1346 4543 1663 4601 interfecit:
1702 4562 1766 4603 ac
1819 4559 2048 4605 caeteros

466 4629 633 4685 etiam
685 4632 1033 4697 trucidasset,
1082 4634 1185 4690 nisi
1236 4645 1402 4691 noctu
1454 4637 1859 4695 discessissent.
1918 4641 2047 4697 Post

470 4721 585 4776 haec
626 4721 683 4777 in
724 4722 1003 4779 Thessalia
1040 4726 1246 4795 passim
1287 4737 1584 4799 grassatus,
1637 4723 1883 4788 Thraces
1938 4734 2043 4789 sibi

469 4814 737 4885 adiunxit.
768 4815 1137 4883 Quamobrem
1188 4819 1418 4876 Romani
1464 4821 1727 4890 Quintum
1758 4824 2042 4881 Caecilium

467 4905 743 4961 Metellum
778 4919 1069 4980 praetorem
1118 4925 1244 4966 cum
1277 4913 1490 4985 magnis
1541 4916 1716 4987 cepiis
1751 4918 2039 4974 miserunt.

466 4998 566 5053 Cui
589 4998 959 5058 Macedoniam
990 5006 1256 5074 ingresso,
1283 5006 1502 5063 Attalus
1526 5009 1701 5065 classe
1731 5011 1934 5081 auxilio
1954 5029 2045 5068 ve-

469 5090 570 5145 nit.
614 5091 916 5148 Andriscus
962 5094 1128 5166 igitur
1172 5098 1240 5153 de
1283 5115 1379 5155 ora
1434 5101 1711 5158 maritima
1746 5104 2038 5168 sollicitus.

464 5176 699 5235 ulterius
720 5184 975 5253 progredi
1008 5202 1117 5242 non
1162 5197 1245 5245 est
1274 5206 1463 5256 ausus,
1496 5194 1591 5249 sed
1624 5196 1850 5265 paulum
1886 5207 2038 5253 extra

465 5270 705 5341 Pydnam
757 5276 1038 5343 producﬁs
1078 5282 1273 5352 copiis,
1332 5287 1576 5356 equestri
1618 5290 1809 5358 przelio
1838 5290 2038 5355 viclor,

466 5374 614 5421 metu
645 5366 916 5436 pedestris
946 5373 1223 5430 exercitus
1252 5385 1401 5431 retro
1422 5377 1580 5433 abiit.
1613 5379 1685 5434 Ea
1720 5390 1900 5436 tamen
1928 5384 2042 5437 vic-

466 5457 606 5512 toria
632 5460 810 5515 clatus
842 5463 1016 5533 copiis
1046 5465 1299 5522 bifariam
1335 5468 1548 5534 divisis,
1578 5481 1789 5540 partem
1819 5471 1885 5527 ad
1914 5489 2038 5529 vas-

466 5547 683 5602 tandam
715 5549 1054 5608 Thessaliam
1084 5555 1255 5622 misit,
1283 5567 1493 5626 partem
1519 5560 1663 5629 apud
1699 5577 1758 5618 se
1786 5562 2034 5618 retinuit.

461 5637 698 5695 Proinde
742 5640 994 5699 Metellus
1044 5658 1237 5702 eorum
1273 5650 1550 5719 paucitate
1604 5664 1944 5724 contempta,
1980 5657 2035 5711 in

459 5724 657 5803 faciem
687 5737 994 5809 descendit,
1031 5756 1093 5799 ac
1122 5743 1282 5800 victis
1324 5744 1390 5800 iis
1429 5747 1520 5817 qui
1553 5748 1712 5818 primi
1740 5750 1806 5805 ad
1838 5766 2033 5808 manus

2150 4556 2526 4627 κατεφρόνουν
2568 4557 2668 4629 μὲν
2727 4559 2999 4630 πρότερον
3057 4560 3152 4613 τοῦ
3208 4557 3530 4629 ’Λνδρίσκουο
3583 4548 3683 4606 εἶτα

2147 4647 2236 4700 τὸν
2260 4648 2539 4703 Σκιπίωνα
2571 4650 2661 4703 τὸν
2692 4652 2945 4707 Νασικᾶν
2989 4651 3244 4725 ἔπεμψαν
3277 4646 3556 4724 εἰρηνικῶς
3584 4655 3684 4704 πως

2148 4737 2218 4793 τὰ
2256 4741 2376 4793 ἐκεῖ
2431 4740 2799 4815 διοικήσοντα.
2841 4747 2959 4811 Ὃς,
2994 4749 3075 4813 είς
3125 4747 3226 4819 τὴν
3268 4744 3481 4800 Ἐλλάδα
3515 4735 3677 4801 ἐλθὼν,

2147 4834 2241 4887 καὶ
2278 4833 2469 4903 μαθὼν
2504 4836 2573 4889 τὰ
2607 4837 2903 4909 γενόμενα,
2935 4842 3052 4904 τοῖς
3085 4840 3185 4913 μὲν
3218 4839 3501 4912 Ῥωμαίοις
3526 4830 3675 4905 δηλῶν

2145 4926 2316 4981 ταῦτα
2347 4928 2649 4982 ἐπέστειλεο
2679 4928 2909 5001 δύναμιν
2932 4932 2987 4987 δὲ
3024 4936 3176 5006 παρὰ
3210 4926 3316 4988 τῶν
3342 4932 3456 4985 ἐκεῖ
3483 4922 3673 4997 cupiti-

2144 5036 2253 5088 χων
2300 5018 2562 5090 ἀθροίσας
2623 5020 2787 5094 ἔργου
2855 5025 3052 5096 εἴχετο,
3105 5028 3198 5083 καὶ
3257 5022 3486 5099 προῆλθε
3540 5018 3674 5089 μέχρι

2146 5109 2495 5176 Μακεδονίας.
2532 5116 2593 5167 Οί
2633 5115 2677 5170 δ’
2700 5116 2756 5170 ὲν
2791 5120 2856 5190 τῇ
2894 5120 3081 5192 Ῥώμῃ
3110 5121 3326 5189 γνόντες
3350 5117 3417 5171 τὰ
3448 5110 3575 5168 κατὰ
3595 5108 3672 5160 τὸν

2157 5203 2487 5279 ’Δνδρίσκοῃ
2539 5210 2859 5282 στράτευμα
2914 5212 3169 5285 ἔπεμψαν
3250 5214 3343 5268 καὶ
3403 5201 3670 5278 στρατηγὸν

2145 5294 2417 5351 Πούπλιον
2478 5299 2827 5359 Ἰουϐέντιον.
2861 5298 2933 5376 ⁷ῼ
2993 5308 3124 5377 περὶ
3166 5301 3488 5360 Μακεδονίαν
3534 5309 3666 5364 γενο-

2147 5388 2290 5461 μένῳ
2316 5408 2376 5443 συ
2385 5391 2606 5462 μϐαλὼν
2631 5395 2658 5447 δ
2701 5377 3011 5468 Ἀνδρίσκος
3036 5400 3242 5453 ἐκεῖνον
3271 5396 3366 5466 μὲν
3390 5391 3663 5447 ausuram.

2143 5479 2238 5533 καὶ
2265 5482 2389 5546 τοὺς
2420 5483 2615 5548 ἄλλους
2648 5486 2855 5548 πάντας
2887 5486 2953 5541 ἂν
2984 5489 3397 5561 κατειργάσατο,
3427 5481 3471 5534 εί
3500 5478 3565 5549 μὴ
3582 5473 3662 5540 τῆς

2142 5571 2337 5634 νυκτδς
2393 5574 2787 5646 ἀπεχώρησαν.
2831 5578 2941 5630 Καὶ
2971 5580 3079 5643 ἐίς
3111 5581 3208 5651 τὴν
3241 5571 3519 5632 Θετταλίαν

2141 5664 2314 5718 ταῦτα
2372 5666 2620 5722 εἰσέϐαλε
2663 5673 2761 5723 καὶ
2816 5671 3044 5726 πλεῖστα
3091 5674 3261 5743 αὐτῆς
3313 5652 3657 5722 ἐκιιῖιιωσενκίιὶ

2144 5756 2210 5812 τὰ
2252 5758 2356 5813 τῶν
2412 5760 2642 5832 Θρᾳκῶν
2706 5767 3198 5839 προσηταιρίςχτο,
3258 5763 3417 5821 Πάλιν
3446 5752 3531 5810 οὖν
3581 5745 3654 5802 δίά
