3896 6556
197 304 294 366 7>3

1441 303 1859 367 ANNALIUM
1895 305 2044 367 LIB.
2091 306 2194 376 IX.

3333 308 3437 374 795

203 413 365 467 ταῦτα
393 410 517 462 ομὲν
544 410 609 480 τῇ
662 408 852 481 Ῥώμῃ
888 409 1120 467 Κύῖντον
1149 397 1436 466 Καικίλιον
1483 409 1756 467 Μέτελλον

1881 426 2148 481 τεηετεηι,
2191 414 2413 471 facilius
2443 414 2610 471 etiam
2641 425 2869 475 caeteros
2901 417 2966 473 ad
2996 418 3235 475 cilicium
3267 420 3438 475 redu-

201 503 498 574 στρατηγὸν
529 504 625 556 σὺν
647 504 881 574 δυνάμει
932 504 1100 575 πολλῇ
1141 503 1410 559 ἔστειλαν.
1449 505 1559 559 Καὶ
1590 505 1649 568 ὃς
1676 507 1757 568 είς

197 597 288 668 τὴν
331 595 667 651 Μακεδονίαν
711 591 870 667 ἦλθε,
915 597 1008 650 καλ¹
1050 598 1079 651 6
1111 596 1379 661 ’Ἄτταλος
1434 597 1756 667 προσήμυνε

197 688 443 757 ναυτικῷ.
483 688 574 740 Διὸ
622 688 811 751 δείσας
843 690 871 741 6
913 687 1235 760 ’Δνδρίσκος
1267 689 1400 761 περὶ
1424 688 1536 742 τῶν
1565 707 1754 760 παρα-

198 782 516 847 θαλαεσίων,
563 783 663 834 οὐκ
715 782 987 853 ἐτόλμησε
1038 783 1359 854 περαιτέρω
1428 783 1755 855 προελθεῖν·

195 873 359 942 ὀλίγον
390 874 446 927 δὲ
476 875 575 944 τῆς
626 874 838 945 Πύδνης
880 875 987 940 ἔξω
1019 876 1407 948 προχωρήσας,
1444 878 1761 948 ἱππομαχίᾳ

200 968 295 1035 μὲν
346 967 645 1038 ὑπερέσχεο
697 968 959 1039 φοϐηθεὶς
1006 970 1063 1022 δὲ
1114 969 1175 1022 τὸ
1225 967 1387 1034 πεζὸν
1432 969 1756 1040 ἀνέστρεψε,

195 1062 279 1113 καὶ
306 1061 566 1130 ἐπαρθεὶς
600 1062 727 1134 διχῆ
764 1062 855 1116 τὸν
885 1063 1118 1134 στρατὸν
1151 1063 1337 1128 διεῖλε,
1374 1063 1470 1116 καὶ
1518 1066 1632 1127 τοῖς
1661 1064 1759 1133 μὲν

192 1151 339 1213 uitii;
379 1152 519 1204 κατᾶ
553 1153 742 1222 χώραν
795 1152 1156 1222 προσήδρευε,
1185 1153 1317 1217 τοὺς
1371 1153 1427 1207 δὲ
1478 1153 1758 1224 πορθῆσαι

193 1244 280 1313 τὴν
308 1243 618 1297 Θεσσαλίαν
645 1244 965 1301 ἀπέστειλε.
992 1245 1434 1318 Καταφρονήσας
1457 1242 1597 1301 οὖνὸ
1642 1245 1758 1300 Μέ-

1859 507 1961 569 xit,
1990 507 2229 580 ingenue
2255 516 2541 579 peccatum
2575 525 2736 564 suum
2783 523 3170 578 agnoscentes.
3210 512 3441 567 Andris-

1859 615 1959 655 cus
2003 615 2139 655 vero
2194 601 2247 655 in
2297 599 2588 656 Thraciam
2640 601 2925 673 profugus,
2973 602 3241 672 reparatis
3266 604 3442 674 c0piis

1861 707 1987 747 cum
2018 691 2257 758 Metello,
2289 694 2672 764 progrediente
2711 711 2818 765 qua
2847 710 2938 750 res
2968 694 3204 759 ferebat,
3242 694 3437 750 conﬂi-

1826 804 1829 807 λ
1862 783 1982 837 xit:
2026 784 2251 853 suisque
2274 788 2781 856 propugnatoribus
2807 786 3133 857 proﬂigatis,
3168 787 3442 856 sociisque

1865 875 2168 945 dissipatis,
2203 894 2232 931 a
2274 877 2420 949 Byzo
2467 878 2678 935 Thrace
2732 878 3006 949 proditus,
3043 894 3233 948 poenas
3267 878 3442 934 dedit.

1865 967 1973 1023 Sed
2007 979 2061 1023 et
2092 969 2404 1025 Alexander
2438 970 2658 1040 quidam
2704 970 2888 1026 Persei
2941 970 3112 1025 lilium
3141 986 3200 1026 se
3233 970 3447 1040 profes-

1867 1075 1985 1123 sus,
2035 1062 2314 1131 regionem
2372 1063 2544 1118 Mesto
2595 1064 2807 1118 ﬂumini
2837 1063 3180 1134 adiacentem
3211 1077 3445 1133 occupa-

1867 1152 1987 1207 vit:
2032 1170 2195 1223 quem
2233 1155 2483 1211 Metellus
2532 1173 2707 1228 usque
2740 1157 2794 1212 in
2832 1156 3157 1213 Dardaniam
3190 1163 3274 1212 est
3320 1172 3444 1227 per-

1867 1253 2110 1301 SCClllllS.

191 1336 361 1397 τελλος
394 1336 503 1390 τῶν
550 1340 835 1410 παρὸντων
881 1339 1137 1410 συνέμιξε
1164 1357 1178 1372 ·
1219 1341 1311 1394 καὶ
1368 1338 1480 1393 τῶν
1529 1339 1746 1411 πρῶτον
1786 1338 1937 1410 αύτῷ
1967 1341 2048 1403 είς
2090 1342 2282 1412 χεῖρας
2352 1342 2616 1396 ἐλθόντων
2664 1343 3089 1414 περιγενόμενος
3135 1343 3266 1414 ῥᾷον
3329 1340 3429 1394 καὶ

192 1433 309 1495 τεὺς
359 1431 586 1494 λοιποὺς
621 1431 1008 1503 παρεστήσατο
1039 1448 1054 1464 ο
1104 1432 1340 1501 ἑτοίμως
1393 1432 1502 1507 γὰρ
1547 1433 1622 1495 ὡς
1656 1432 1968 1502 ἐξήμαρτον
2002 1434 2151 1505 αύτῷ
2213 1436 2576 1506 ὁμολόγησαν.
2619 1437 2679 1491 '0
2718 1438 2773 1490 δὲ
2819 1439 3134 1507 ’Λνδρίσκος
3194 1439 3275 1501 είς
3329 1436 3429 1507 τὴν

193 1525 404 1595 Θρᾴκην
464 1523 703 1594 ἀπέδρα,
734 1525 827 1577 καὶ
854 1523 1088 1595 δύναμιν
1129 1522 1391 1594 ἀθροίσας
1443 1523 1703 1577 συνέϐαλε
1732 1522 1809 1591 τῷ
1835 1521 2094 1597 Μετέλλῳ
2124 1528 2370 1597 προῖόντι
2399 1523 2460 1584 οὗ
2492 1526 2820 1600 προεχώρει.
2852 1530 2964 1583 Καὶ
2990 1530 3098 1583 τῶν
3126 1530 3431 1600 προμάχων

192 1613 343 1671 αὑτοῦ
377 1615 704 1688 τραπέντων
743 1615 804 1668 τό
849 1632 909 1669 τε
949 1614 1303 1685 συμμαχικὸν
1358 1614 1524 1667 αὑτοῦ
1579 1612 1883 1684 ἐσκεδάσθη
1943 1616 2039 1668 καλ⁵
2106 1616 2268 1680 αὐτὸς
2332 1617 2438 1670 ὑπὸ
2495 1618 2667 1680 Βύζου
2723 1619 2941 1689 Θρακὸς
2986 1619 3252 1674 δυνάστου
3290 1639 3437 1691 προ·

190 1715 350 1776 δοθεὶς
373 1713 693 1783 ἐδικαιώθη.
725 1706 837 1765 Καὶ
877 1710 1226 1782 Ἀλέξανδρος
1263 1711 1323 1764 δέ
1345 1729 1448 1774 τις,
1490 1710 1750 1782 Περσέως
1791 1710 1886 1763 καὶ
1949 1710 2110 1776 αὐτὸς
2155 1714 2331 1782 λέγων
2382 1708 2524 1769 εἶναι
2576 1716 2692 1779 υίὺς
2723 1717 2818 1769 καὶ
2864 1719 3023 1787 χεῖρα
3069 1714 3420 1785 συναγαγὼν,

191 1807 447 1863 κατέλαϐε
486 1805 587 1865 τὴν
629 1805 758 1877 περὶ
788 1803 880 1858 τὸν
909 1804 1124 1860 Μέστον
1154 1804 1492 1874 καλούμενον
1509 1802 1755 1874 ποταμὸν
1796 1802 2006 1875 χώραν,
2073 1804 2133 1859 ὃν
2191 1809 2219 1861 6
2252 1807 2523 1871 Μέτελλος
2554 1808 2847 1873 ἐπεδίωξεν
2875 1809 3227 1880 ύποφυγόντα
3270 1811 3436 1882 μέχρι

165 1902 280 1969 ,τῆς
307 1898 637 1969 Δαρδανίας.

255 1989 381 2052 ΚΘθ.
427 1995 553 2049 Ἐπὶ
577 1995 635 2048 δέ
674 1995 800 2056 τοὺς
822 1995 1230 2068 Καρχηδονίους
1256 1997 1306 2050 οἱ
1341 1995 1604 2065 Ῥωμαῖοι
1636 1993 1761 2048 [Isl-

1939 1990 2101 2066 467
2136 1993 2330 2049 XXIX.
2368 1993 2572 2050 Contra
2589 1993 3074 2065 Carthaginienses
3093 1993 3295 2049 missus
3323 1992 3452 2049 Piso

197 2106 329 2144 σωνα
368 2089 462 2143 τὸν
497 2087 702 2142 ὕπατον
752 2086 1020 2150 ἔστειλαν.
1083 2088 1143 2152 ὃς
1190 2090 1256 2159 τῇ
1311 2086 1410 2160 μὲν
1458 2088 1765 2160 Καρχηδόνι

197 2178 281 2234 καὶ
308 2179 387 2248 τῷ
423 2178 728 2251 Ἀσδρούϐα
757 2182 819 2233 οὐ
849 2178 1202 2251 προσέμιξεν,
1244 2180 1340 2235 ἐπὶ
1363 2179 1418 2236 δὲ
1455 2181 1556 2243 τὰς
1583 2197 1765 2251 παραυ

197 2271 328 2334 λίους
369 2270 559 2329 πόλεις
605 2272 900 2340 ἐτράπετο·
939 2272 1032 2323 καὶ
1065 2273 1164 2342 τῆς
1229 2272 1328 2342 μὲν
1373 2272 1627 2336 ’Λσπίδος
1656 2273 1767 2326 ἀπ-

202 2362 488 2432 εκρούσθη,
516 2362 616 2431 τὴν
654 2362 709 2413 δὲ
738 2361 885 2415 Νέαν
910 2361 1063 2414 πόλιν
1088 2360 1641 2434 ἐλὼν,κατὲσκαψεν·
1676 2360 1769 2416 ἐπὶ

200 2454 249 2506 δὲ
276 2453 518 2506 Ἱππῶνα
544 2453 656 2524 (35)
683 2454 838 2506 πόλιν
859 2456 1109 2524 ὁρμήσας
1143 2455 1440 2525 κατέτριψε
1464 2456 1557 2510 τὸν
1578 2455 1768 2526 καιρὸν

204 2545 359 2614 μηδὲν
401 2544 667 2615 περάνας.
696 2546 759 2597 Οἱ
790 2546 846 2599 δὲ
868 2546 1236 2618 Καρχηδόνιοι
1270 2547 1656 2619 ἀνεθάρσησαν
1681 2548 1769 2603 διὰ

202 2635 385 2702 ταῦτα,
415 2636 510 2689 καὶ
532 2637 614 2690 ὅτι
649 2636 745 2690 καί
774 2655 917 2702 τινες
939 2639 1123 2704 αὐτοῖς
1182 2641 1575 2712 προσεγένοπο
1630 2641 1771 2710 σύμο

207 2746 383 2800 ραχοι.
408 2730 690 2791 Μαθῖντες
727 2729 820 2785 (ὗν
851 2731 1023 2784 ταῦτα
1057 2734 1105 2785 οἱ
1147 2733 1406 2803 Ῥωμαῖοι
1439 2735 1494 2788 οἵ
1513 2751 1572 2787 τε
1612 2736 1669 2788 ἐν
1691 2733 1770 2800 τῷ

209 2821 544 2891 στρατοπέδῳ
581 2822 676 2876 καὶ
706 2826 753 2876 οί
782 2825 839 2877 ἐν
862 2827 928 2894 τῇ
971 2824 1144 2888 πόλει,
1197 2825 1289 2879 ἐπὶ
1334 2826 1424 2879 τὸν
1491 2827 1770 2882 Σκιπίωνα

208 2912 459 2983 ὥρμησαν
482 2915 576 2967 καὶ
609 2914 815 2968 ὕπατον
834 2916 1191 2986 ἐψηφίσαντο,
1221 2915 1401 2972 καίτοι
1429 2920 1528 2987 τῆς
1557 2919 1773 2990 ἡλικίας

213 3008 280 3072 μὴ
305 3007 547 3075 ἐφιείσης
570 3007 721 3076 αὐτῷ
748 3008 845 3078 τὴν
875 3010 1052 3079 ἀρχήν
1070 3026 1084 3040 ’
1111 3009 1246 3064 ἀλλὰ
1273 3010 1343 3064 τά
1366 3028 1423 3063 τε
1438 3010 1575 3081 ἔργα
1606 3011 1770 3066 αὐτοῦ

120 3162 125 3167 ι
212 3098 342 3168 καλή
382 3100 553 3167 ἀρετὴ
589 3099 681 3152 τοῦ
725 3100 934 3170 πατρὸς
969 3100 1183 3156 Παύλου
1213 3143 1228 3167 ,
1281 3104 1377 3157 καὶ
1418 3102 1513 3157 τοῦ
1547 3107 1772 3159 πάππου

215 3188 531 3259 Ἀφρικανοῦ
560 3190 753 3242 ἐλπίδα
785 3194 1047 3262 παρεῖχον
1083 3192 1259 3247 ἆπασι
1297 3194 1522 3264 βεϐαίαν
1546 3196 1640 3248 καὶ
1666 3195 1775 3250 τῶν

220 3281 479 3350 πολεμίων
528 3282 598 3336 δι’
631 3282 797 3336 αὐτοῦ
833 3285 1132 3355 κρατήσειν
1177 3286 1275 3339 καλ⁸
1301 3288 1401 3356 τὴν
1452 3287 1776 3369 Κςρχηδόνα

214 3373 477 3438 παντελῶς
509 3375 844 3447 ἐξαιρήσειν.
887 3376 978 3430 Ἐν
1025 3370 1068 3446 ᾧ
1098 3376 1142 3430 δ’
1171 3377 1200 3430 6
1253 3360 1623 3441 Emittunt-el;
1677 3379 1776 3449 τὴν
1806 3360 1848 3416 C

217 3470 404 3541 Διϐύην
433 3471 740 3541 ἐκομίζετο,
766 3474 1043 3541 Μαγκῖνος
1091 3474 1427 3545 παραπλέων
1471 3474 1571 3543 τὴν
1624 3475 1779 3544 Καρ-

218 3565 421 3633 χηδόνα,
449 3565 650 3635 χωρίον
674 3582 725 3617 τι
754 3565 849 3618 τοῦ
880 3567 1093 3637 τείχους
1113 3565 1282 3635 αὐτῆς
1305 3565 1457 3628 ἐντὸς
1488 3564 1566 3630 ὃν,
1594 3566 1780 3633 Μεγα-

219 3654 299 3709 λία
320 3657 716 3726 ὀνομαζόμενον
747 3657 841 3709 καὶ
866 3659 959 3709 ἐπὶ
984 3658 1189 3727 πέτρας
1222 3658 1505 3727 ἀποτόμου
1537 3657 1781 3727 καθῆκον

220 3746 341 3816 πρός
379 3747 656 3803 θάλασσαν
693 3746 829 3800 πολύ
860 3765 918 3800 τε
952 3748 1053 3818 τῆς
1109 3747 1280 3819 ἄλλης
1333 3749 1542 3811 πόλεως
1595 3749 1780 3819 ἀπηρ·

220 3837 437 3906 τημένον
461 3837 557 3891 καὶ
606 3838 740 3908 μηδέ
788 3838 1017 3902 πολλοὺς
1072 3839 1344 3911 φρουροὺς
1401 3838 1544 3911 ἔχον,
1587 3839 1662 3905 ὡς
1712 3842 1779 3912 τῇ

198 3928 367 3996 ’φύσει
398 3930 457 3982 ὃν
488 3931 726 4002 ἐρυμνὸν
752 3933 1118 4001 κατανοήσας,
1153 3931 1428 4000 κλίμακας
1448 3930 1782 3996 ἐξαπιναίως

223 4024 458 4092 προσθεὶς
490 4023 597 4076 ἀπὶ
623 4023 732 4076 τῶν
755 4024 893 4077 νεῶν
921 4024 1185 4093 ἐπανέϐη.
1216 4022 1358 4096 ’Ἤδη
1382 4024 1440 4078 δὲ
1469 4023 1780 4089 ἀνελθόντος

225 4117 537 4187 συνέδραμον
566 4116 666 4187 μὲν
687 4117 798 4169 τῶν
830 4117 1216 4188 Καρχηδονίων
1255 4119 1422 4183 τινὲς,
1480 4117 1543 4172 οὐ
1595 4118 1782 4190 μέντοι

228 4208 305 4259 καὶ
327 4208 619 4280 ἐκκροῦσαι
669 4210 831 4263 αὐτὸν
884 4210 1252 4281 ἠδυνήθησαν.
1315 4212 1373 4265 Ὃ
1433 4212 1489 4265 δὲ
1558 4212 1782 4283 πέμψας

228 4300 345 4369 πρὸς
368 4301 456 4354 τὸν
493 4302 743 4356 Πείσωνα
767 4302 833 4355 τά
857 4320 914 4355 τε
941 4306 1206 4373 γεγονότα
1238 4303 1474 4375 ἐδήλωσε
1505 4307 1599 4360 καὶ
1633 4305 1785 4378 αὐτῷ

228 4391 486 4463 ἐπαμῦναι
514 4394 739 4464 ἠξίωσε.
775 4395 971 4467 Πόρῤω
997 4395 1043 4445 δ’
1070 4394 1146 4449 ὢν
1184 4398 1244 4448 ἐν
1281 4399 1348 4470 τῇ
1377 4398 1664 4469 μεσογείῳ,
1693 4398 1786 4450 ού-

230 4482 304 4534 δὲν
332 4487 475 4557 αὐτῷ
506 4489 778 4559 χρήσιμος
813 4490 838 4540 6
866 4486 1080 4542 Πείσων
1108 4489 1345 4556 ἐγένετο·
1392 4491 1421 4543 6
1450 4490 1506 4542 δὲ
1543 4490 1784 4545 Σκιπίων

233 4575 310 4628 ὑπ’
338 4578 500 4649 αὐτὴν
533 4579 633 4650 τὴν
662 4580 927 4649 ἀγγελίαν
961 4578 1156 4645 νυκτὸς
1192 4581 1335 4635 κατὰ
1361 4582 1533 4652 τύχην
1590 4582 1779 4649 ἐλθὼν,

1873 2089 2088 2149 consul,
2115 2087 2251 2143 urbe
2273 2096 2329 2142 et
2358 2086 2663 2142 Asdrubale
2701 2087 2942 2151 omissis,
2964 2087 3266 2142 maritimas
3285 2086 3452 2143 urbes

1874 2178 2113 2235 invasit:
2152 2190 2205 2235 et
2257 2180 2326 2234 ab
2353 2179 2556 2251 Aspide
2614 2179 2891 2249 repulsus,
2940 2178 3167 2249 Neapoli
3206 2187 3361 2248 capta
3392 2186 3453 2232 et

1874 2288 2088 2334 eversa,
2142 2273 2195 2327 in
2241 2271 2506 2342 Hipponis
2539 2270 2830 2326 obsidione
2878 2278 3094 2341 tempus
3120 2270 3318 2324 frustra
3347 2269 3448 2324 tri-

1875 2368 1971 2422 vit.
2009 2364 2163 2422 Unde
2192 2364 2691 2436 Carthaginienses,
2724 2368 3000 2420 sociorum
3031 2370 3197 2420 etiam
3230 2357 3454 2419 auxiliis

1875 2460 2044 2522 aneti,
2098 2460 2311 2514 animos
2351 2469 2700 2529 receperunt.
2755 2458 2875 2525 Quo
2924 2457 3178 2523 Romani,
3216 2465 3325 2512 tam
3356 2455 3455 2525 qui

1878 2553 1932 2607 in
1963 2552 2159 2607 castris
2190 2567 2353 2622 quam
2382 2568 2434 2606 in
2470 2553 2607 2606 urbe
2634 2559 2818 2616 erant,
2853 2549 3096 2620 cognito,
3126 2548 3264 2604 citra
3293 2546 3457 2603 dubi-

1880 2647 2142 2699 tationem
2168 2643 2481 2714 Scipionem
2508 2644 2790 2699 consulem
2817 2650 3094 2697 crearunt.
3117 2640 3254 2696 Nam
3272 2654 3457 2709 quam-

1877 2736 1961 2791 vis
1987 2745 2119 2791 actas
2156 2737 2337 2791 adhuc
2363 2736 2413 2792 ei
2449 2735 2702 2805 dignitati
2743 2735 3035 2788 immatura
3065 2740 3188 2788 erat
3213 2772 3229 2796 ,
3270 2742 3456 2787 tamen
3510 2805 3519 2811 ἱ

1878 2837 1933 2883 et
1984 2845 2073 2884 res
2123 2829 2242 2901 ejus
2293 2836 2478 2900 gestae,
2532 2836 2586 2882 et
2642 2828 2822 2882 virtus
2872 2827 3044 2897 patris
3074 2825 3253 2889 Pauli,
3285 2833 3340 2879 et
3368 2823 3457 2879 avi

1879 2921 2118 2976 Africani
2188 2932 2395 2976 certam
2442 2935 2593 2991 spem
2644 2918 2952 2974 alierehant
3000 2918 3280 2984 omnibus,
3338 2917 3460 2988 ejus

1881 3014 2049 3070 armis
2077 3023 2133 3069 et
2165 3015 2353 3069 hostes
2387 3022 2708 3081 superatum
2739 3012 2830 3075 iri,
2870 3021 2923 3066 et
2948 3010 3334 3080 Carthaginem
3363 3022 3462 3077 pe-

1884 3107 2134 3162 rituram.
2167 3107 2425 3179 Scipione
2457 3108 2510 3161 in
2552 3106 2791 3161 Africam
2833 3104 3146 3175 navigante,
3177 3099 3463 3155 Mancinus

1881 3199 2233 3270 Carthaginis
2264 3199 2420 3254 littus
2450 3200 2660 3267 legens,
2700 3197 2982 3253 castellum
3015 3194 3290 3264 quoddam
3319 3191 3463 3246 intra

1887 3291 2109 3353 tncenia,
2138 3290 2361 3345 nomine
2386 3289 2631 3359 Megalia,
2662 3288 2716 3343 in
2743 3300 3016 3358 praerupta
3041 3294 3192 3355 petra
3224 3287 3278 3339 in
3311 3299 3464 3340 mare

1882 3385 2223 3456 prominens.
2280 3392 2337 3437 et
2383 3383 2542 3452 longe
2576 3381 2645 3437 ah
2676 3382 2810 3435 urbe
2839 3393 3132 3440 remutum,
3192 3390 3317 3431 cum
3349 3390 3465 3430 non

1884 3492 2081 3547 magno
2112 3474 2368 3545 praesidio
2395 3472 2686 3537 custodiri,
2717 3478 2777 3526 ut
2803 3470 2948 3541 quod
2983 3469 3092 3525 situ
3122 3469 3241 3539 ipso
3270 3466 3465 3521 defen—

1883 3568 2133 3631 deretur,
2170 3565 2674 3620 animadverteret:
2715 3562 2878 3617 scalis
2909 3559 3093 3615 subito
3130 3575 3197 3614 ex
3233 3557 3466 3612 navibus

1883 3660 2122 3717 admotis
2149 3656 2417 3713 ascendit.
2452 3655 2606 3724 Quod
2641 3671 2764 3709 cum
2793 3654 2902 3725 jam
2934 3658 3169 3717 teneret,
3204 3650 3306 3704 etsi
3333 3647 3468 3704 Car-

1884 3732 2258 3823 thaginienses
2296 3751 2505 3820 aliquot
2550 3755 2977 3813 concurrerunt,
2998 3761 3122 3802 eum
3162 3754 3339 3799 tamen
3368 3757 3467 3796 ex-

1884 3847 2091 3917 pellere
2144 3859 2253 3899 non
2287 3849 2606 3913 potuerunt.
2658 3840 2727 3895 At
2759 3840 2852 3894 ille
2885 3838 3070 3893 Pisoni
3104 3836 3234 3906 quid
3266 3834 3468 3905 egisset

1886 3936 2122 4001 nuntiat,
2178 3944 2234 3990 et
2264 3935 2467 3989 auxilia
2502 3933 2606 3988 sibi
2639 3933 2781 3987 mitti
2818 3931 2974 4001 petit.
3024 3929 3129 3984 Sed
3187 3927 3335 3991 Piso,
3372 3924 3468 3997 qui

1887 4029 2077 4100 procul
2107 4030 2163 4083 in
2204 4026 2623 4082 mediterraneis
2657 4026 2866 4088 aberat,
2902 4023 3041 4076 nihil
3077 4021 3199 4090 opis
3234 4018 3284 4074 ei
3319 4016 3466 4072 tulit.

1885 4121 2071 4193 Scipio
2100 4136 2233 4176 vero
2257 4120 2358 4176 sub
2386 4120 2565 4190 ipsum
2597 4117 2854 4173 nuntium
2878 4116 3020 4171 forte
3044 4114 3264 4169 fortuna
3301 4119 3466 4167 noctu

1885 4214 2212 4277 adventans,
2257 4212 2441 4267 statim
2479 4211 2741 4266 auxilium
2770 4211 2821 4265 ei
2856 4208 3002 4275 tulit,
3031 4205 3239 4275 alioqui
3270 4220 3301 4259 a
3328 4203 3469 4258 Car-

1888 4306 2327 4379 thaginiensibus
2373 4306 2459 4360 vel
2496 4303 2784 4374 capiendo,
2836 4302 2923 4373 vel,
2980 4296 3303 4355 occidendo.
3332 4296 3470 4351 Nam

1887 4418 2014 4458 cum
2043 4416 2211 4457 naves
2262 4398 2543 4468 Scipionis
2572 4397 2850 4467 appellere
2888 4393 3181 4453 vidissent,
3214 4389 3318 4444 etsi
3354 4386 3474 4441 ani-

1888 4509 2008 4548 mos
2032 4491 2481 4565 desponderant,
2525 4506 2633 4543 non
2668 4501 2847 4545 tamen
2877 4486 2945 4542 ab
2970 4483 3261 4540 obsidione
3295 4495 3475 4536 reces-

1887 4592 2102 4648 serunt,
2134 4583 2288 4654 prius
2316 4598 2481 4652 quam
2518 4579 2701 4650 Scipio
2747 4596 2806 4634 se
2856 4577 3050 4632 adesse
3097 4588 3195 4641 per
3227 4569 3474 4640 captivos

233 4668 373 4732 εὒθὺς
404 4670 723 4742 ἐϐοήθησεν.
772 4665 931 4723 Εἷλον
973 4671 1084 4741 γὰρ
1119 4669 1185 4723 ἂν
1229 4669 1322 4724 τὸν
1391 4673 1678 4740 Μαγκῖνον
1733 4675 1773 4727 οι

1890 4675 2153 4747 quosdam
2205 4674 2286 4729 eis
2316 4673 2559 4729 nuntiari
2605 4672 2768 4746 jussit
2798 4691 2809 4725 :
2852 4667 3232 4733 accersitoque
3264 4654 3475 4745 Asdru-

235 4759 568 4834 Καρχηδόνιοι
599 4764 631 4836 ἢ
659 4763 752 4819 καὶ
781 4762 1118 4836 διέφθειραν,
1144 4765 1192 4817 εί
1238 4762 1313 4836 μὴ
1355 4766 1785 4837 παραπλεούσας

237 4848 356 4906 εἶδον
380 4855 471 4917 τὰς
498 4853 632 4918 ναῦς
655 4855 750 4908 τοῦ
804 4854 1131 4917 Σκιπίωνος.
1193 4854 1327 4909 Τότε
1376 4855 1423 4911 δ’
1488 4857 1786 4929 ἠθύμησαν

241 4944 344 5012 μὲν,
410 4949 506 5003 οὐκ
574 4946 899 5019 ἀπέστησαν
955 4944 1032 5001 δέ.
1067 4944 1460 5019 Αίχμαλώτονς
1501 4945 1594 5003 οὖν
1632 4967 1787 5013 τινας

240 5033 455 5109 επεμψεν
498 5040 528 5094 6
582 5039 852 5105 Σκιπίων,
910 5037 1172 5111 ἐροῦντας
1224 5040 1305 5094 ὅτι
1354 5040 1621 5113 ξπάρεστι.
1677 5042 1788 5095 Καὶ

242 5128 374 5185 τοῦτο
396 5135 613 5201 γνόντες
651 5134 750 5203 οὐχ
784 5130 1099 5203 ὑπέμειναν,
1120 5132 1224 5201 ἔτι,
1259 5132 1375 5187 ἀλλ’
1406 5133 1786 5205 ἀνεχώρησαν,

243 5223 320 5273 καί
341 5224 424 5278 τὸν
449 5224 782 5299 ’Ἀσδρούϐαν
819 5223 1259 5296 μετεπέμψαντο,
1288 5224 1380 5279 καὶ
1435 5226 1789 5297 ταφρεύμασι

244 5312 321 5365 καὶ
374 5318 727 5391 σταυρώμασι
789 5316 852 5370 τὸ
906 5315 1012 5389 πρὸ
1057 5316 1149 5371 τὸν
1206 5316 1393 5372 οἰκιῶν
1431 5317 1779 5388 διατείχισμα

243 5402 556 5478 διεφύλαξα).
600 5408 663 5466 '0
717 5410 906 5482 μέντοι
968 5408 1211 5464 Σκιπίων
1263 5410 1332 5464 τὰ
1385 5409 1483 5481 μὲν
1540 5410 1790 5480 Μεγαλία

1890 4767 2037 4826 bale.
2061 4767 2224 4823 fossis
2256 4776 2311 4820 et
2340 4754 2630 4836 aggeribus
2654 4777 2868 4816 murum
2890 4758 3141 4835 adificiis
3172 4755 3473 4811 obductum

1893 4861 2233 4914 munierunt.
2298 4858 2484 4928 Scipio
2528 4858 2778 4911 Mancino
2824 4853 3048 4923 Megalia
3100 4848 3245 4905 tueri
3295 4849 3473 4919 jussu,

1894 4954 1959 5008 ad
1988 4954 2243 5009 Pisonem
2280 4962 2338 5007 et
2368 4952 2554 5020 cepias
2585 4949 2741 5013 abiit,
2776 4957 2837 5004 ut
2866 4961 2990 5001 eum
3018 4944 3098 5001 eis
3133 4942 3336 5021 bellum
3383 4956 3477 4994 ur-

1896 5054 2086 5117 geret;
2125 5044 2221 5099 sed
2250 5044 2508 5100 celeriter
2539 5057 2662 5097 cum
2693 5035 3124 5109 expeditissimis
3152 5030 3476 5089 cohortibus

1898 5152 2177 5201 reversus,
2233 5135 2545 5192 Mancinum
2599 5135 2670 5189 ab
2730 5131 3000 5187 acerrima
3056 5123 3379 5183 Asdrubalis
3408 5134 3476 5174 ex

1896 5229 2036 5283 urbe
2069 5228 2477 5300 Oppugnatione
2500 5226 2779 5282 liberavit.
2808 5223 2944 5279 Cum
2971 5221 3084 5292 jam
3109 5219 3235 5273 Piso
3257 5225 3475 5285 quoque

1896 5324 2232 5388 advenisset,
2280 5340 2407 5380 eum
2456 5335 2612 5379 extra
2644 5322 2847 5379 moenia
2880 5319 2947 5375 ad
2978 5326 3168 5389 portas
3209 5309 3473 5383 quasdam

1898 5431 2122 5472 manere
2142 5417 2344 5489 jussit:
2374 5415 2512 5474 alios
2547 5417 2750 5473 milites
2782 5415 2849 5472 ad
2880 5413 3040 5470 aliam
3067 5414 3280 5480 portam
3312 5403 3473 5473 longe

1409 5525 1613 5587 Varia)
1642 5525 1948 5594 lectiones
1991 5539 2054 5596 et
2097 5543 2287 5597 notae.

304 5650 401 5724 (διδ)
439 5653 720 5709 Ἱππῶνα.
740 5659 913 5720 Quam
942 5651 1301 5724 Ἱππακρίτας
1339 5650 1597 5723 Polybius
1625 5663 1773 5712 vocat

1881 5654 1981 5715 'ide
2018 5658 2187 5715 Henr.
2233 5659 2509 5717 Valesium
2539 5658 2607 5715 ad
2648 5651 2872 5713 Diodori
2941 5646 3110 5706 Siculi
3168 5643 3471 5713 Excerpta,

248 5731 292 5787 ιο.
317 5722 396 5775 i5.
