3896 6548
454 327 559 393 795
1374 294 1379 298 ’
1753 334 2077 398 JOANNIS
2110 335 2439 398 zemas:
2860 402 2869 407 ,
3612 335 3707 402 796

452 442 773 511 distantem,
822 445 1063 502 monitos
1103 447 1235 517 quid
1278 445 1429 503 facto
1475 464 1614 520 opus
1658 458 1826 511 esset,
1863 450 1986 505 misi

2173 448 2231 503 δν
2256 449 2543 517 Μαγκῖνον
2570 448 2831 519 φρουρεῖν
2883 449 3200 505 κατέλιπεν·
3257 449 3427 514 αὐτὸς
3477 449 3533 503 δέ
3590 453 3709 521 πρὸς

455 533 578 607 Ipse
602 539 810 607 optima
837 539 1123 610 copiarum
1153 548 1308 610 parte
1336 550 1635 611 assumpta,
1668 542 1772 596 sub
1816 554 1993 598 nocte:

2169 538 2228 590 ὸν
2260 537 2512 591 Πείσωνα
2538 543 2631 592 καὶ
2670 540 2803 610 πρὸς
2845 539 2945 603 τὰς
2974 534 3243 612 δυνάμεις
3274 540 3516 612 ἀπῆρεν,
3544 542 3613 605 ὡς
3650 545 3706 598 ἂν

457 628 693 683 mediam
724 629 1021 702 transfugis
1051 630 1284 687 ducibus
1335 632 1480 686 intra
1525 632 1728 689 moenia
1781 643 1995 702 pcnetra

2173 628 2260 682 ,ετ’
2292 630 2473 685 αὐτῶν
2496 629 2662 703 ἔργου
2698 630 2911 701 ἔχηται.
2948 633 3057 686 Καὶ
3082 634 3364 704 ἐπανῆλθε
3396 637 3597 703 ταχέως
3625 637 3711 690 σῦν

454 718 535 773 vit
559 737 573 772 :
600 727 657 774 et
675 720 742 774 ad
774 731 987 791 portam
1016 723 1162 777 illam
1188 734 1583 796 transgressus,
1610 726 1861 782 vectibus
1884 744 1992 784 rese

2173 719 2212 792 ᾦ
2242 723 2562 793 κουφοτάτῳ
2613 723 2717 794 τῆς
2781 725 3083 796 στρατιᾶς,
3137 725 3239 777 καὶ
3312 724 3581 779 κατέλαϐε
3632 728 3711 780 τὸν

456 808 583 873 clis,
637 809 804 881 568
847 822 902 867 et
942 812 1276 868 introductis
1325 813 1393 870 iis
1436 814 1531 885 qui
1583 814 1718 871 foris
1748 826 1994 888 exspecta

2174 812 2471 883 ὶσδρούῦαν
2504 816 2585 879 είς
2615 815 2715 887 τὴν
2740 817 3069 888 Καρχηδόνα
3106 816 3435 894 είσελθνῖντα
3482 818 3576 872 καὶ
3617 819 3712 872 δει-

396 956 401 961 ,
456 899 611 964 bant,
647 901 841 971 vigiles
887 903 1127 958 cecidit:
1172 920 1520 976 propereque
1563 906 1632 961 ad
1667 917 1873 978 portas,
1906 923 1934 962 a

2174 906 2246 969 ῶς
2275 906 2352 976 τῷ
2374 907 2644 979 Μαγκίνῳ
2672 908 3077 978 ἐπιτιθέμενον.
3118 910 3234 963 Καὶ
3290 908 3465 961 ἐλθὼν
3520 912 3549 963 ὁ
3601 910 3712 964 Σκι-

456 1006 594 1060 quas
624 991 750 1047 Piso
800 994 1094 1049 stationctn
1149 995 1411 1053 habebat.
1438 998 1701 1060 accurrit,
1734 998 1994 1070 profligati

2175 1003 2283 1050 :imv
2317 1000 2417 1070 τὴν
2464 999 2713 1054 ἐπίθεσιν
2745 999 2956 1054 ἔλυσεν.
3006 999 3382 1071 ’Δφικομένου
3416 1000 3472 1053 δὲ
3511 1002 3601 1054 καὶ
3630 1003 3713 1055 τοῦ

457 1083 802 1149 custodibus,
839 1083 931 1156 qui
985 1086 1197 1143 medias
1240 1098 1424 1158 partes
1477 1089 1797 1155 tuebantur,
1834 1101 1889 1145 et
1922 1093 1995 1147 sir

2280 1106 2421 1153 ωνος
2455 1090 2581 1161 ἤδη,
2610 1091 2818 1143 ἐκεῖνον
2853 1090 2996 1160 μετὰ
3032 1090 3136 1159 ἔξω
3164 1090 3265 1144 τοῦ
3314 1091 3529 1161 τείχους
3577 1092 3714 1145 αυλί-
3803 1155 3814 1166 ι

455 1176 601 1246 gulis
628 1176 683 1231 in
724 1176 862 1233 locis
892 1181 1054 1249 pauci
1095 1191 1278 1237 erant.
1332 1181 1409 1237 Ita
1448 1182 1723 1238 Asdrubal
1779 1183 1944 1239 simul
1982 1202 1993 1239 ι

2178 1180 2342 1234 ασθαι
2375 1181 2519 1237 κατά
2544 1199 2700 1245 τινας
2729 1182 2906 1247 πύλας
2942 1182 3231 1240 ἐκέλευσε.
3265 1182 3381 1236 Καὶ
3402 1182 3714 1252 στρατιώτας

455 1268 588 1340 quid
616 1278 798 1326 actum
831 1282 979 1329 esset
1005 1275 1236 1338 audivit,
1269 1284 1326 1331 et
1355 1275 1638 1332 Romanas
1679 1277 1869 1347 copias
1896 1293 1993 1349 pen

2175 1273 2362 1344 τέρους
2405 1275 2540 1345 πρὸς
2579 1275 2774 1328 πυλίδα
2801 1274 2925 1328 τινα
2959 1274 3092 1328 πολὺ
3121 1273 3219 1343 ἀφ’
3251 1273 3467 1327 ἑαυτῶν
3496 1273 3713 1344 ἀπέχου-

457 1360 744 1417 univcrsas
775 1364 916 1418 intra
953 1364 1148 1419 urbem
1185 1366 1321 1421 vidit
1347 1366 1873 1440 :Carthaginieuses
1906 1385 1995 1425 cut

2173 1382 2242 1416 av
2270 1364 2639 1437 περιέπεμψε,
2678 1365 3061 1436 παραγγείλας
3089 1366 3283 1429 αὐτοῖς
3329 1365 3469 1419 ἄττα
3501 1366 3711 1435 πράξειν

455 1452 776 1523 aliquandiu
830 1458 1187 1521 restitissent,
1239 1458 1296 1513 in
1348 1458 1659 1516 Cothouem
1713 1471 1770 1518 et
1813 1463 1993 1535 Byrsat

2176 1455 2330 1527 χρῆν.
2372 1456 2547 1521 Αὐτὸς
2588 1456 2674 1525 δέ,
2702 1456 2764 1510 τὸ
2822 1459 3115 1529 κράτιστον
3161 1456 3262 1511 τοῦ
3320 1456 3552 1526 στρατοῦ
3591 1461 3714 1511 κατά

455 1545 846 1618 confugerunt,
900 1549 1112 1605 Deinde
1171 1550 1444 1607 Asdrubal
1510 1569 1704 1611 omnes
1760 1554 1993 1612 Remant

2172 1549 2317 1612 ιέσας
2348 1547 2552 1612 νύκτας
2600 1546 2804 1614 λαϐὼν,
2867 1549 3015 1602 ἔνδον
3044 1547 3139 1602 τοῦ
3174 1546 3468 1617 περιϐόλου
3498 1547 3710 1613 ἐγένετο,

454 1636 703 1705 captivos
738 1640 967 1705 occidit,
1031 1652 1091 1697 ut
1131 1643 1285 1699 cives
1332 1644 1625 1715 desperata
1679 1649 1841 1705 venia
1891 1650 1992 1706 hos

2184 1640 2471 1710 ὐτομόλοις
2497 1641 2845 1712 χρησάμενος
2903 1641 3121 1709 ἄγουσι,
3165 1640 3265 1693 καὶ
3323 1639 3431 1692 ὑπὸ
3497 1641 3592 1709 τὴν
3628 1657 3716 1693 πυ-

454 1728 692 1785 alaerius
725 1731 1054 1789 resisterent
1083 1752 1098 1789 :
1142 1735 1348 1792 multos
1374 1739 1542 1792 etiam
1575 1754 1643 1794 ex
1672 1741 1992 1811 popularibt

2180 1732 2262 1785 ίδα
2296 1730 2676 1802 παραδραμὼν
2714 1732 2809 1785 καὶ
2852 1732 2944 1785 τὸν
2997 1731 3198 1803 μοχλὸν
3261 1729 3549 1799 διακόψας,
3600 1730 3710 1793 τούς

455 1818 792 1887 proditionis
827 1833 1118 1895 suspectos
1153 1828 1400 1884 sustulit.
1440 1830 1629 1901 Scipio
1651 1800 1764 1887 etsi.
1786 1848 1884 1889 eos
1914 1850 1993 1888 mu

2175 1842 2200 1878 ε
2236 1800 2433 1891 ἔξωθεν
2462 1800 2855 1894 ἐφεδρεύοντας
2883 1800 3179 1894 εἰσήγαγε,
3204 1823 3306 1877 καὶ
3327 1822 3457 1884 τοὺς
3486 1822 3711 1889 φύλακας

456 1909 533 1964 ris
565 1920 622 1967 et
656 1916 954 1985 aggeribus
1005 1920 1198 1991 sepsit,
1246 1937 1358 1976 non
1411 1924 1598 1978 statim
1648 1936 1830 1982 tamen
1867 1943 1994 1998 expt

2176 1916 2387 1987 φθειρε.
2432 1917 2542 1971 Καὶ
2581 1916 2716 1988 πρὸς
2746 1917 2844 1979 τὰς
2874 1914 3050 1979 πύλας
3101 1914 3371 1985 ἠπείχθη,
3413 1915 3534 1967 καθ’
3579 1913 3637 1976 ἃς
3685 1915 3709 1966 ὁ

454 2004 663 2072 gnavit.
720 2008 857 2064 Nam
915 2020 971 2067 et
1014 2013 1218 2069 mmnia
1272 2015 1427 2070 firma
1466 2025 1645 2083 erant,
1695 2027 1751 2073 et
1784 2019 1944 2074 multi
1983 2020 1992 2075 i

2171 2009 2357 2064 Ῐείσων
2386 2011 2745 2082 προσήδρευε,
2798 2010 2923 2072 τοὺς
2982 2009 3268 2079 φρουροὺς
3320 2008 3448 2070 τοὺς
3484 2008 3548 2059 τα
3589 2006 3709 2076 μέσα

455 2108 690 2168 angusto
738 2102 988 2159 conclusi
1037 2105 1215 2176 spatio
1260 2105 1483 2162 fortiter
1536 2123 1597 2166 se
1644 2109 1989 2166 defendeban

2168 2101 2523 2172 ρυλάττοντας
2554 2101 2774 2169 ὀλίγους
2802 2098 2926 2154 καθ’
2958 2101 3233 2162 ἑκάστους
3278 2099 3443 2161 ὄντας
3474 2096 3580 2168 (56)
3598 2095 3706 2167 τρέε

455 2202 762 2248 commeatu
800 2194 1025 2252 abunde
1056 2197 1333 2265 instructi,
1368 2198 1569 2257 Bithim
1610 2202 1898 2259 subsidio:
1942 2220 1993 2275 qr

2169 2211 2291 2257 των,
2319 2193 2461 2247 ὥστε
2482 2195 2575 2247 τὸν
2602 2192 2941 2264 ’Δσδρούσαν
2973 2192 3091 2263 ἅμα
3125 2208 3186 2245 τε
3246 2188 3607 2243 πυνθάνεσθαι
3651 2187 3707 2240 τὰ

454 2299 521 2339 ex
548 2285 781 2344 obversa
816 2289 943 2345 urbi
969 2291 1315 2360 continente,
1346 2294 1643 2351 observato
1673 2294 1868 2363 ﬂuctu,
1899 2313 1992 2353 ver

2166 2285 2436 2357 γενόμενα,
2469 2291 2565 2341 καὶ
2602 2287 2739 2358 όρᾷν
2769 2288 2869 2357 τὴν
2898 2286 3007 2340 τῶν
3040 2284 3341 2357 Ῥωμαίων
3370 2284 3592 2351 δύναμιν
3628 2298 3704 2351 μι-

457 2378 611 2447 tique
652 2378 886 2449 impetu,
928 2385 1216 2441 onerarias
1252 2388 1332 2442 eis
1362 2403 1528 2443 naves
1558 2388 1613 2443 in
1649 2399 1871 2459 portum
1909 2390 1995 2445 sui

2169 2378 2280 2445 ιροῦ
2312 2381 2492 2434 πᾶσαν
2536 2378 2703 2434 οὖσαν
2728 2380 2899 2444 ἐντός.
2936 2382 3047 2434 Καὶ
3077 2378 3278 2452 χρόνον
3321 2377 3422 2450 μέν
3462 2393 3578 2431 τινα
3603 2377 3707 2429 ἅντε

457 2468 731 2525 mittebat.
767 2472 973 2528 Contra
1005 2475 1150 2545 quod
1204 2476 1393 2548 Scipio
1434 2494 1551 2534 rem
1580 2495 1833 2550 magnam
1864 2490 1918 2536 et
1943 2496 1995 2536 ει

2165 2474 2330 2543 ἔσχον,
2370 2473 2562 2526 ἔπειτα
2625 2473 2725 2544 τὴν
2768 2474 2868 2543 μὲν
2895 2473 3064 2544 ἄλλην
3122 2471 3285 2526 πόλιν
3330 2470 3587 2535 ἐξέλιπον,
3638 2468 3703 2529 είς

456 2561 714 2630 cogitavit
764 2573 822 2618 et
854 2566 1129 2635 perfecit:
1174 2569 1327 2625 aditu
1366 2578 1562 2640 portus
1590 2582 1846 2642 angusto,
1899 2572 1994 2627 diil

2166 2564 2203 2617 ῖέ
2243 2565 2335 2617 τὸν
2370 2562 2620 2651 Κῶθωνα
2660 2565 2759 2636 τήν
2795 2581 2854 2616 τε
2891 2564 3107 2635 Βύρσαν
3150 2563 3483 2632 κατέφυγον.
3524 2555 3646 2651 Είτα
3682 2557 3704 2607 ὁ

456 2655 638 2709 culter
667 2656 917 2725 quidem,
971 2676 1279 2732 magnoque
1324 2678 1447 2718 cum
1481 2663 1689 2727 labore,
1725 2664 1819 2719 sed
1858 2674 1994 2720 tame

2167 2648 2711 2728 Δσδρούὸαςπάντας
2731 2656 2857 2718 τοὺς
2884 2656 2997 2708 τῶν
3033 2654 3328 2723 Ῥωμαίων
3358 2648 3705 2723 αἰχμαλώτους

456 2760 749 2815 operarum
781 2750 1139 2809 multitudine
1171 2755 1393 2810 tandem
1425 2756 1737 2815 obstructo.
1782 2772 1986 2826 quamv

2168 2754 2494 2819 ιπὲκτεινεν,
2550 2752 2723 2815 ὅπως,
2764 2750 3079 2818 ἀπόγνωσιν
3122 2747 3462 2817 συγγνώμης
3517 2741 3706 2812 σχόντες

457 2837 948 2911 Carthaginienses
968 2846 1183 2902 crebris
1203 2847 1652 2903 dimicationibus
1670 2847 1723 2903 id
1745 2864 1887 2919 opus
1912 2865 1995 2920 ρι’(

2164 2848 2191 2899 μί
2232 2845 2616 2916 Καρχηδόνιοι,
2678 2842 3090 2914 προθυμότερον
3186 2836 3702 2907 ἀντικαρτερήσωσι·

459 2928 656 2987 bibere
684 2945 1042 2993 conarentur.

2164 2938 2377 3001 πολλοὺς
2421 2936 2477 2988 δέ
2507 2936 2604 2989 καὶ
2629 2935 2739 2988 τῶν
2780 2934 3092 3005 ἐπιχωρίων
3122 2933 3202 2997 ὡς
3235 2929 3571 3002 προδιδόωτας
3596 2925 3702 2978 ἐαυ-

458 3023 588 3086 τοὺς
613 3023 957 3097 διεχρήσατο.
994 3030 1107 3085 Καὶ
1131 3030 1160 3085 ό
1191 3030 1432 3084 Σκιπίων
1452 3030 1901 3102 περιεσταύρωσε
1935 3031 2033 3102 μὲν
2072 3030 2272 3094 αὐτοὺς
2330 3029 2423 3082 καὶ
2456 3026 2829 3098 ἀπετείχισεν,
2898 3026 2961 3078 οὐ
3010 3024 3117 3095 μὴν
3188 3025 3286 3077 καὶ
3340 3020 3551 3091 ταχέως
3589 3008 3699 3068 εἷλε.

460 3113 543 3166 Τἀ
565 3131 623 3166 τε
649 3117 760 3185 γὰρ
786 3118 941 3189 τείχη
966 3122 1215 3192 καρτερὰ
1251 3116 1322 3193 ἦν
1354 3121 1450 3174 καὶ
1478 3122 1527 3174 οἱ
1580 3121 1730 3185 ἐντὸς
1802 3118 1990 3175 πολλοὶ
2055 3120 2205 3183 ὄντες
2284 3117 2520 3189 ἰσχυρῶς
2571 3117 2629 3170 ἐν
2676 3115 2845 3185 ὀλίγῳ
2897 3109 3061 3187 χώρῳ
3109 3115 3388 3186 ἠμύνοντο
3438 3111 3528 3164 καὶ
3571 3107 3697 3161 σίτου

459 3210 711 3279 ἀφθόνως
758 3210 924 3286 εἶχον.
989 3218 1051 3271 '0
1078 3219 1187 3289 γὰρ
1240 3218 1428 3283 Βιθίας
1478 3217 1710 3281 ὁλκάδας
1771 3218 1880 3272 ἀπὸ
1939 3218 2038 3287 τῆς
2072 3218 2301 3289 ἄντικρυ
2362 3217 2463 3285 τῆς
2495 3214 2703 3278 πόλεως
2759 3212 2994 3282 ἠπείρου
3036 3213 3179 3266 κατὰ
3224 3210 3376 3280 κῦμα
3403 3208 3491 3262 καὶ
3514 3207 3688 3271 ἄνεμον

458 3304 652 3368 ὸτάκις
695 3308 946 3377 σφοδρῶς
968 3308 1144 3373 ἔπνει,
1203 3312 1261 3374 ἐς
1302 3310 1397 3364 τὸν
1443 3310 1640 3381 λιμένα
1699 3311 1885 3375 αὐτοῖς
1932 3312 2263 3381 εἰσέπεμπε,
2323 3309 2459 3379 πρὸς
2491 3309 2631 3379 ὅπερ
2693 3309 2720 3360 ὁ
2747 3307 2990 3360 Σκιπίων
3029 3306 3175 3374 μέγα
3240 3304 3401 3375 ἔργον
3462 3301 3549 3354 καὶ
3589 3300 3695 3350 ἐπε-

459 3403 621 3474 νόησε
658 3404 751 3456 καὶ
776 3403 1088 3459 ἐπετέλεσε.
1132 3404 1236 3459 Τὸν
1267 3405 1377 3477 γὰρ
1402 3405 1662 3459 εἴσπλουν
1700 3405 1796 3459 τοῦ
1824 3406 2046 3476 λιμένος
2086 3405 2273 3459 στενδν
2333 3404 2464 3457 ὂντα
2531 3401 2827 3474 συνέχωσε,
2878 3400 3132 3472 χαλεπῶς
3169 3400 3271 3469 μὲν
3305 3396 3399 3451 καὶ
3432 3392 3692 3466 ἐπιπόνως,

459 3493 611 3564 ὅμως
641 3495 825 3563 μέντοι
866 3496 970 3549 ύπδ
998 3494 1352 3566 πολυχειρίας
1420 3496 1479 3549 τὸ
1521 3496 1681 3568 ἔργον
1726 3498 2069 3568 ἐξείργαστο.
2112 3494 2332 3566 Εἵργειν
2375 3495 2475 3566 μὲν
2523 3494 2631 3563 γὰρ
2664 3493 2862 3556 αὐτοὺς
2904 3492 3229 3562 ἐπεχείρουν
3256 3491 3304 3544 oi
3346 3485 3696 3559 Καρχηδόνιοι,

462 3595 559 3644 καὶ
593 3589 785 3642 πολλαὶ
813 3590 983 3660 μάχαι
1009 3591 1067 3643 ἐν
1100 3590 1272 3659 τούτῳ
1301 3589 1565 3658 ἐγίνοντο,
1616 3590 1677 3644 οὐ
1714 3590 1898 3660 μέντοι
1953 3590 2047 3643 καὶ
2088 3589 2337 3643 κωλύσαι
2367 3589 2428 3642 τὸ
2467 3588 2642 3658 χῶσαι
2671 3585 3041 3657 ἠδυνήθησαν.

456 3678 461 3683 ’
532 3683 701 3738 XXX.
746 3684 886 3738 Tum
922 3699 1056 3739 vero
1086 3683 1579 3754 Carthaginienses
1612 3685 1994 3756 penuria-con

2222 3684 2303 3741 A'.
2346 3686 2408 3741 Οἱ
2442 3680 2534 3738 οὖν
2590 3681 2965 3755 Καρχηδόνιοι
3013 3681 3107 3736 τοῦ
3149 3682 3424 3752 στόματος
3454 3676 3542 3730 τοῦ
3570 3671 3697 3745 λιμέ-

465 3783 684 3833 meatus
716 3774 962 3847 graviter
1014 3785 1267 3847 urgente,
1323 3778 1418 3833 alii
1453 3777 1914 3849 transfugerunt:
1955 3777 2003 3834 al

2157 3796 2244 3841 νος
2265 3778 2588 3848 χωσθέντος,
2612 3778 2678 3847 τῇ
2719 3776 2813 3829 τοῦ
2847 3776 2995 3829 σίτου
3038 3776 3237 3830 σπάνει
3267 3773 3454 3834 δεινῶς
3477 3766 3695 3834 ἐπιέσθηὲ

463 3868 557 3940 qui
593 3866 944 3922 obsidionem
1010 3865 1343 3928 tolerabant.
1394 3869 1597 3938 partim
1640 3869 1993 3924 moriebantu

2158 3885 2274 3925 σαν’
2303 3870 2399 3923 καὶ
2429 3870 2476 3922 οί
2509 3870 2609 3939 μὲν
2645 3867 3004 3939 ηὐτομόλουν,
3048 3868 3099 3920 οί
3157 3868 3216 3922 δὲ
3274 3860 3696 3936 ἐγκαρτεροῦντες

465 3958 668 4028 partim
731 3956 1001 4013 cadavera
1051 3958 1369 4029 gustabant.
1424 3958 1698 4015 Asdrubal
1755 3958 1924 4030 igitur
1952 3973 2003 4029 st

2158 3963 2437 4034 ἔθνησκον,
2476 3964 2524 4017 oi
2544 3961 2602 4016 δὲ
2631 3961 2742 4016 τῶν
2772 3962 2983 4031 νεκρῶν
3012 3960 3292 4030 ἐγεύοντο.
3324 3957 3484 4012 ’Ὅθεν
3519 3952 3696 4023 ἀθυμή-

463 4047 1028 4122 destitutus,‘legatis
1066 4050 1137 4105 ad
1179 4051 1498 4122 Scipionem
1550 4051 1619 4107 de
1667 4066 1801 4122 pace
1842 4051 1995 4106 missi

2157 4073 2255 4119 σας
2284 4054 2624 4125 Ἀσδρούϐας
2658 4053 2920 4125 πρέσϐεις
2948 4054 3086 4122 πρὸς
3139 4053 3235 4106 τὸν
3287 4048 3554 4104 Σκιπίωνα
3590 4042 3695 4111 περὶ

462 4141 852 4212 impunitatem
888 4144 1255 4213 impetrasset,
1296 4145 1399 4200 nisi
1432 4146 1649 4201 caeteris
1675 4146 1843 4201 etiam
1871 4161 1998 4200 omn

2157 4144 2399 4198 σπονδῶν
2423 4142 2635 4214 ἔπεμψε
2656 4159 2672 4175 ⁸
2708 4143 2803 4198 καὶ
2835 4143 3025 4215 ἔτυχεν
3065 4141 3132 4197 ἂν
3155 4142 3257 4213 τῆς
3287 4137 3487 4201 ἁδείας,
3539 4133 3583 4186 ει
3632 4129 3695 4201 μὴ

465 4235 572 4290 bus
622 4236 854 4290 salutem
897 4246 953 4290 et
986 4237 1299 4293 libertatem
1343 4239 1618 4307 petiisset.
1674 4239 1862 4310 Itaque
1902 4239 2003 4294 frus

2156 4236 2250 4291 καὶ
2283 4238 2398 4300 τοῖς
2440 4235 2650 4298 λοιποῖς
2673 4235 2848 4289 ἅπασι
2887 4236 2981 4289 καὶ
3007 4235 3109 4305 τὴν
3156 4232 3432 4302 σωτηρίαν
3474 4225 3562 4280 καὶ
3612 4223 3694 4293 τὴν

469 4334 668 4390 tratus,
720 4341 945 4380 uxorem
997 4327 1052 4381 in
1101 4343 1232 4383 arce
1288 4330 1585 4393 conclusit,
1631 4346 1755 4384 cum
1808 4332 1876 4386 de
1904 4346 2007 4387 eat

2155 4330 2472 4401 ἐλευθερίαν
2501 4329 2711 4400 πρᾶξαι
2744 4329 3000 4401 ἠθέλησε.
3051 4326 3378 4400 Διαμαρτὼν
3415 4322 3505 4378 οὖν
3552 4316 3693 4383 αὐτῆς

467 4415 661 4470 liberis
692 4415 811 4476 suis
840 4417 1264 4474 caduceatorem
1301 4419 1368 4474 ad
1415 4418 1730 4490 Scipionem
1770 4423 2005 4479 misisset

2156 4424 2235 4487 εἰς
2266 4424 2368 4490 τὴν
2394 4423 2696 4493 ἀκρόπολιν
2743 4423 2844 4493 τὴν
2899 4425 3140 4489 γυναῖκα
3180 4418 3541 4479 κατέκλεισεν,
3591 4407 3692 4462 ἐπεὶ

468 4517 779 4577 ceteraque
810 4509 1091 4577 instruxit,
1128 4512 1516 4583 desperatione
1550 4514 1725 4570 factus
1764 4516 2006 4572 audacio:

2154 4518 2229 4587 τῷ
2259 4517 2523 4571 Σκιπίωνι
2552 4515 2691 4586 ὑπὲρ
2738 4516 2911 4587 αὐτῆς
2946 4518 3039 4569 καὶ
3075 4517 3184 4569 τῶν
3216 4517 3417 4570 τέκνων
3470 4510 3691 4575 διεκηρύ-

467 4599 650 4670 Atque
696 4601 815 4671 ipse
864 4618 972 4658 una
1015 4619 1142 4660 cum
1194 4605 1319 4661 aliis
1354 4615 1547 4662 noctes
1585 4606 1814 4676 diesque
1846 4625 2005 4681 pugn:

2156 4610 2413 4664 κεύσατο.
2445 4608 2558 4661 Καὶ
2584 4608 2753 4662 τᾶλλα
2777 4607 2987 4679 διῴκει,
3011 4609 3413 4679 τολμηρότερος
3439 4600 3689 4671 γενόμενθς

469 4693 625 4761 bant,
660 4697 798 4754 alias
827 4698 1141 4766 vincentes,
1186 4702 1323 4759 alias
1367 4704 1817 4772 succumbentes,
1848 4713 1905 4761 et
1936 4706 2007 4763 Β(

2155 4702 2247 4755 διὰ
2299 4700 2401 4773 τὴν
2434 4700 2765 4768 ἀπόγνωσιν.
2810 4700 2987 4764 Αὐτός
3024 4717 3086 4753 τε
3130 4696 3226 4754 οὖν
3254 4697 3346 4753 καὶ
3385 4692 3524 4750 ἄλλοι
3574 4688 3689 4739 ἀπο-

469 4803 766 4846 manorum
799 4792 1077 4851 machinis
1132 4794 1270 4851 alias
1318 4794 1607 4852 machinas
1671 4797 2002 4867 opponeban

2154 4795 2277 4868 νοίᾳ
2315 4793 2710 4866 κρατούμενοι,
2745 4791 2839 4846 καὶ
2864 4791 3060 4856 νυκτὸς
3078 4792 3176 4847 καὶ
3207 4789 3418 4861 ἡμέρας
3440 4780 3686 4853 ἐμάχοντο.

472 4879 556 4935 Ad
586 4880 703 4959 haec
730 4884 961 4953 Bithias,
984 4886 1074 4943 cui
1101 4888 1377 4944 munitum
1410 4888 1696 4944 castellum
1722 4899 1864 4956 erat,
1893 4890 2010 4961 long

2160 4888 2269 4942 Καὶ
2291 4887 2359 4941 τὰ
2384 4886 2487 4958 μὲν
2519 4886 2784 4957 ἡττῶντο.
2810 4886 2879 4941 τὰ
2901 4887 2949 4942 δ’
2975 4885 3335 4958 ἐπεκράτουν,
3368 4879 3458 4933 καὶ
3482 4876 3688 4961 evnit?

473 4974 528 5030 in
562 4956 938 5034 continentem
973 4980 1417 5047 exeurrendo,et
1449 4980 1935 5051 Carthaginienses
1960 4983 2011 5053 ju

2159 4956 2400 5046 κανῶντό
2432 4956 2569 5047 πρὸξ
2596 4976 2696 5039 τὰς
2735 4972 3054 5047 Ῥωμαϊκὰς
3082 4956 3348 5047 μηχανάς.
3376 4956 3685 5053 ΚαὶὸΒιθίας

474 5066 660 5132 vabat,
696 5077 754 5124 et
799 5069 1065 5127 Romanis
1109 5043 1578 5128 incommodabat.
1628 5043 1811 5139 (ξηαπ-ο
1866 5043 2012 5140 8οἰρί

2158 5043 2211 5120 δὲ
2243 5043 2504 5138 φρούριόν
2530 5087 2583 5121 τι
2611 5043 3010 5141 ἐρυμνὸν-ἔχων
3039 5043 3246 5122 καὶ-ἐπὶ
3264 5058 3427 5117 πολλὰ
3447 5043 3683 5153 τῆςηπές

474 5160 672 5217 divisis
711 5162 910 5233 copiis.
964 5173 1172 5233 partem
1218 5165 1277 5220 in
1309 5164 1600 5222 obsidione
1648 5162 1894 5233 reliquit,
1929 5179 2012 5232 pat

2164 5176 2260 5230 pou
2279 5160 2512 5231 προῖὼν.
2546 5162 2675 5225 τούς
2708 5179 2769 5216 τε
2798 5161 3211 5234 Καρχηδονίους
3237 5155 3448 5227 ὠφέλει,
3475 5145 3682 5201 καὶτοὺς

473 5260 586 5307 tem
614 5260 811 5307 contra
840 5252 1082 5308 Bitbiam
1113 5254 1288 5319 misit,
1316 5253 1379 5311 C.
1423 5254 1595 5309 Laelio
1663 5253 1844 5324 legato
1870 5253 2011 5308 duce

2170 5251 2482 5319 Ῥωμαίους
2508 5254 2736 5309 ἐκάκου.
2761 5253 2852 5307 Διὸ
2879 5257 2975 5308 καὶ
2998 5253 3027 5305 ό
3049 5251 3290 5307 Σκιπίων
3326 5245 3384 5298 τδ
3409 5237 3680 5324 στράτευμῗ

471 5338 594 5411 ipse
647 5342 797 5398 ultro
840 5344 1092 5417 citroque
1129 5359 1472 5407 commeans,
1519 5344 1779 5414 utrinque
1817 5344 2009 5413 inspex

2161 5313 2350 5397 διελῶν
2381 5344 2443 5397 τὸ
2462 5313 2561 5416 μὲν
2583 5348 2648 5418 τῇ
2680 5344 2990 5417 Καρχηδόνι
3031 5337 3408 5415 προσεδρεύειν
3430 5326 3589 5390 ἔταξεν
3629 5313 3679 5418 ’ξδ

470 5434 679 5490 omnia.
709 5434 948 5492 Castello
970 5405 1152 5508 capto,
1186 5454 1378 5495 rursus
1406 5436 1573 5510 469
1597 5445 1712 5491 ιοιο
1743 5449 1869 5489 cum
1899 5448 2008 5489 exet

2159 5433 2215 5486 δὲ
2245 5435 2335 5487 ἐπὶ
2366 5405 2683 5492 τδνυθιθίαν
2742 5405 3013 5509 ἐπεμψεν,
3070 5405 3366 5505 ἐπιστησας
3410 5419 3542 5490 αὐτῷ
3605 5405 3679 5462 τδν

1676 5588 1882 5652 Varias
1912 5586 2225 5650 lectiones
2244 5595 2307 5651 et
2341 5598 2534 5656 notas.

550 5720 662 5790 (56)
707 5720 982 5791 'OJIyovc
1026 5722 1158 5777 καθ’
1193 5719 1494 5787 ἑκάστους
1540 5719 1741 5783 ὄντας.
1796 5714 1889 5771 Sic
1958 5728 2020 5767 m:

482 5791 745 5846 ἐκάστουε
771 5793 1017 5846 τρέπων.
1173 5817 1179 5824 -
1386 5816 1399 5821 ~

2135 5714 2364 5775 Wolﬁus
2418 5720 2712 5793 legendum
2762 5719 3045 5788 censebat,
3099 5718 3308 5789 ὀλίγους
3369 5709 3530 5767 ὄντας,
3575 5687 3673 5748 καθ’

514 5807 745 5858 καστους
771 5807 1017 5863 τρε-πων.
1173 5817 1179 5824 -
1386 5816 1399 5821 λ
