3896 6566
296 394 389 461 797

1526 396 1936 458 ANNALIUM
1974 396 2128 459 LIB.
2171 399 2278 460 IX.
3409 401 3516 468 798

285 514 681 580 ὑποστράτηγον
712 511 800 561 τδν
843 508 1003 562 Γάϊον
1034 508 1256 562 Λαίλιον
1290 523 1306 540 ⁸
1337 509 1433 564 καὶ
1466 510 1628 573 αὐτὸς
1655 511 1838 564 ἐκατέ-

1945 512 2060 566 citu
2095 514 2288 569 urbem
2323 513 2562 573 obsedit.
2589 515 3076 586 Carthaginienses
3108 518 3277 589 igitur
3306 520 3518 590 abiecta

283 621 407 677 ρωσε
440 601 679 669 διεφοίτα
711 601 879 670 ἄμφω
907 601 1246 663 ἐπισκοπῶν,
1275 601 1370 654 καὶ
1399 601 1513 672 ἥλω
1562 601 1623 654 τὸ
1670 601 1842 672 φρούά

283 715 400 769 ριον.
464 690 576 746 Εἶτ’
636 690 794 756 αὖθις
850 695 999 766 πάσῃ
1065 696 1131 764 τῇ
1187 696 1418 764 στρατιᾷ
1464 694 1840 764 ἐπολιορκεῖτο

279 793 305 857 ἡ
330 785 646 856 Καρχηδὼν.
675 785 1029 854 Ἀπογνόντες
1056 782 1150 840 οῦν
1169 787 1218 839 oi
1256 786 1618 857 Καρχηδόνιοι
1641 785 1839 856 μηκέτι

278 880 521 949 ἑκάτερον
551 881 733 948 τεῖχος
754 879 1132 933 διασώσασθαι
1174 879 1464 946 δύνασθαι,
1499 882 1579 942 είς
1617 879 1710 932 τὸν
1741 879 1840 949 τῆς

277 973 475 1040 Βύρσης
510 972 803 1040 περίϐολον
857 973 954 1025 am
991 972 1084 1025 καὶ
1137 972 1508 1042 ἐρυμνότερον
1546 971 1842 1026 ἀνεσκευά-

275 1079 438 1122 σαντο.
480 1065 577 1115 καὶ
615 1063 1086 1134 μετακομίσαντες
1117 1065 1218 1118 ὅσα
1242 1064 1524 1132 ἠδύναντο,
1562 1065 1842 1135 κατέπρη-

272 1175 378 1210 σαν.
407 1154 620 1219 Νυκτὸς
653 1157 714 1208 τδ
739 1155 986 1227 νεώριον,
1019 1157 1112 1210 καὶ
1163 1156 1274 1209 τῶν
1306 1155 1483 1210 ἄλλων
1543 1157 1611 1210 τά
1645 1158 1838 1223 πλείω,

272 1255 346 1305 ἵνα
369 1252 464 1319 τῆς
487 1252 550 1307 ἐξ
573 1253 757 1305 αὐτῶν
817 1252 1088 1322 ὠφελείας
1132 1253 1261 1314 τοὺς
1307 1253 1606 1323 πολεμίους
1645 1254 1841 1323 στερή-

273 1362 444 1398 σωσιν.
493 1344 587 1408 Ὠς
625 1344 862 1412 δ’έγνων
901 1345 960 1398 τὸ
993 1345 1154 1416 ἔργον
1183 1346 1233 1398 οί
1271 1346 1558 1415 Ῥωμαῖοι,
1613 1346 1706 1399 τὸν
1759 1345 1840 1398 λι-

272 1439 396 1506 μένα
420 1437 713 1507 κατέσχον,
741 1437 836 1490 καὶ
863 1437 956 1490 ἐπὶ
999 1437 1097 1508 τὴν
1134 1436 1352 1506 Βύρσαν
1396 1436 1688 1508 ὥρμησαν,
1745 1437 1840 1490 καὶ⁸

269 1527 626 1597 κατασχόντες
663 1530 762 1591 τὰς
801 1529 1148 1598 ἑκατέρωθεν
1176 1531 1347 1598 αὐτῆς
1398 1529 1578 1592 οίκίας
1638 1529 1688 1581 οί
1739 1529 1838 1599 μὲν

265 1619 486 1673 ἐπιστῶν
510 1621 692 1687 τεγῶν
717 1619 899 1673 αὐτῶν
925 1621 1016 1672 ἐπὶ
1046 1621 1145 1683 τάς
1169 1621 1254 1672 ἀεὶ
1275 1620 1540 1691 ἐχομένας
1566 1620 1838 1685 ἐϐάδιζον,

266 1713 309 1763 oi
341 1710 395 1763 δὲ
419 1711 548 1773 τοὺς
588 1711 806 1780 τοίχους
853 1709 1257 1776 διορύσσοντες,
1295 1711 1539 1765 κάτωθεν
1590 1710 1834 1783 διῄεσαν,

265 1802 362 1864 ἕως
400 1801 538 1870 πρὸς
569 1801 740 1870 αὐτὴν
772 1800 871 1872 τὴν
903 1801 1082 1871 ἄκραν
1125 1801 1411 1872 ἀφίκοντο.
1450 1803 1722 1859 Ἐνταῦθα
1779 1804 1837 1856 δὲ

267 1893 576 1963 γενομένοις
629 1893 731 1947 οὐκ
760 1893 842 1948 ἔτι
897 1894 1140 1964 ἁντῆραν
1178 1895 1228 1948 οί
1281 1895 1667 1967 Καρχηδόνιοι,
1717 1895 1834 1949 ἀλλ’

266 1985 802 2056 ἐπεκηρυκεύσαντο,
829 1985 970 2056 πλὴν
993 1985 1090 2040 τοῦ
1133 1987 1482 2058 Ἀσδρούσου.
1510 1988 1751 2050 Ἐκεῖνος
1777 1989 1836 2042 δὲ

270 2077 396 2146 μετὰ
430 2077 544 2131 τῶν
573 2079 895 2148 αὐτομόλων
925 2081 974 2150 (6
995 2081 1105 2151 γὰρ
1137 2081 1378 2134 Σκιπίων
1405 2083 1506 2133 ούκ
1541 2083 1838 2136 ἐσπείσατο

265 2169 455 2240 αὐτοῖς)
486 2173 574 2234 είς
597 2173 658 2224 τδ
699 2171 1088 2243 ’Δσκληπίειον
1145 2173 1487 2243 ἀνειληλύθει
1542 2175 1682 2243 μετά
1736 2176 1837 2245 τῆς

266 2261 516 2328 γυναικὸς
549 2264 640 2317 καὶ
670 2265 778 2319 τῶν
809 2263 1041 2329 παίδων,
1086 2265 1385 2320 κάντεῦθεν
1413 2267 1652 2336 ἠμύνετο
1709 2269 1838 2331 τοὺς

265 2351 730 2421 προσὸάλλοντας,
765 2355 959 2424 μέχρις
1019 2347 1080 2408 οὗ
1122 2355 1512 2423 ἐμπρήσαντες
1553 2356 1646 2408 τὸν
1702 2353 1837 2408 νεὼν

266 2446 308 2496 οἱ
358 2445 654 2514 αὐτόμολοι
709 2448 800 2500 ἐπὶ
849 2447 911 2500 τὸ
965 2448 1124 2516 τέγος
1172 2447 1340 2502 αὐτοῦ
1395 2447 1695 2518 ἀνέϐησαν,
1737 2448 1837 2519 τὴν

267 2536 490 2606 ἐσχάτην
517 2537 610 2591 τοῦ
638 2538 809 2608 πυρὸς
837 2538 1085 2609 ἀνάγκην
1119 2539 1506 2608 ἀναμένοντες.
1553 2538 1686 2590 Τότε
1727 2538 1837 2607 γὰρ

266 2629 523 2698 ἡσσηθεὶς
557 2631 694 2699 πρὸς
727 2631 818 2684 τὸν
842 2631 1125 2684 Σκιπίωνα
1167 2626 1331 2702 ἦλθεν
1360 2629 1642 2700 ἱκετηρίαν
1673 2628 1834 2698 ἔχων.

277 2718 472 2771 ’ἰδοῦσα
500 2719 558 2772 δὲ
586 2721 749 2773 αὐτὸν
805 2723 838 2791 ἡ
869 2721 1007 2792 γυνὴ
1034 2720 1423 2774 ἀντιϐολοῦντα
1453 2720 1716 2788 ὀνομαστὶ
1739 2721 1836 2774 ἀν-

267 2811 540 2876 εκάλεσεν,
575 2815 671 2866 καὶ
703 2813 1076 2878 ἐξονειδίσασα
1106 2814 1187 2866 ὅτι
1215 2812 1398 2881 ἐαυτῷ
1435 2813 1534 2881 τὴν
1562 2811 1836 2880 σωτηρίαν

269 2904 472 2972 πράξας
495 2905 597 2957 οὐκ
619 2904 918 2975 ἐπέτρεψεν
951 2906 1141 2976 ἐκείνῃ
1197 2902 1550 2968 σπείσασθαι,
1579 2903 1646 2956 τά
1674 2901 1836 2956 τέκνα

269 2995 519 3050 ἐνέδαλεν
569 2998 653 3058 είς
694 2997 756 3050 τὸ
789 2997 922 3065 πῦρ,
983 2996 1078 3051 καὶ
1113 2997 1315 3065 ἑαυτὴν
1372 2995 1835 3067 προσεπέρῤιῲεν.

280 3087 442 3142 Ἐλὼν
476 3088 572 3158 οῦν
606 3089 748 3142 οὕτω
782 3092 881 3160 τὴν
915 3090 1240 3160 Καρχηδόνα
1286 3091 1314 3142 ὁ
1342 3090 1607 3154 Σκιπίων,
1638 3092 1704 3158 τῇ
1745 3104 1838 3155 γε·

1940 620 2037 674 spe
2069 608 2361 678 utriusque
2413 609 2742 662 munitionis
2770 608 3149 674 defendendae,
3207 610 3262 664 in
3297 611 3518 682 Byrsam

1941 707 2005 752 ut
2061 698 2416 754 munitiorem
2468 698 2756 754 contulere
2810 716 2931 770 qua:
2963 709 3262 770 potuerunt
3313 703 3518 766 omnia,

1941 790 2120 844 navali
2174 799 2341 844 noctu
2395 791 2644 857 incenso,
2684 801 2741 846 et
2779 800 3104 847 exterarum
3137 795 3369 862 partium
3409 795 3524 863 ple-

1940 883 2150 952 risque,
2209 899 2278 938 ne
2337 883 2592 938 hostibus
2648 885 2770 938 usui
2823 897 3030 940 essent.
3072 885 3209 938 Tum
3262 885 3519 950 Romani,

1939 983 2100 1045 portu
2137 984 2426 1043 occupato,
2459 975 2681 1044 Byrsam
2717 976 2919 1039 adorti,
2953 975 3164 1030 uadibus
3194 992 3316 1046 qua:
3345 976 3523 1030 utrin-

1940 1079 2048 1134 que
2076 1075 2240 1119 erant
2286 1064 2644 1130 conscensis,
2699 1065 2898 1132 partim
2949 1065 3004 1118 in
3059 1065 3193 1134 ipsis
3250 1066 3411 1119 tectis
3453 1063 3521 1118 ad

1941 1157 2154 1212 vicinas
2181 1157 2533 1210 transibant:
2577 1156 2776 1226 partim
2809 1156 3116 1226 parietibus
3154 1155 3366 1210 inferne
3396 1171 3524 1224 per-

1940 1249 2121 1312 fossis,
2155 1249 2208 1303 in
2238 1249 2413 1319 ipsam
2465 1265 2646 1304 arcem
2683 1248 3066 1320 penetrabant.
3103 1247 3224 1314 Quo
3265 1263 3390 1302 cum
3425 1263 3521 1301 ve-

1940 1344 2177 1410 nissent,
2197 1342 2685 1412 Carthaginienses
2725 1359 2908 1412 pugna
2935 1343 3159 1406 omissa,
3193 1356 3382 1412 pacem
3419 1356 3519 1410 pe-

1944 1437 2173 1501 tierunt,
2227 1445 2427 1506 pra:ler
2467 1435 2828 1490 Asdrubalem
2866 1452 2879 1487 :
2920 1434 3014 1504 qui
3061 1449 3186 1488 cum
3224 1431 3521 1501 transfugis

1942 1530 2034 1596 (iis
2061 1531 2212 1585 enim
2271 1529 2459 1598 Scipio
2495 1528 2710 1582 veniam
2758 1529 3004 1598 negarat)
3057 1537 3112 1581 et
3143 1541 3312 1580 uxore
3355 1535 3520 1594 atque

1939 1623 2132 1678 liberis
2159 1636 2463 1676 conscenso
2512 1620 2813 1689 [Esculapii
2851 1620 3076 1689 templo,
3101 1635 3158 1672 se
3189 1629 3382 1672 contra
3425 1633 3522 1686 op-

1898 1743 1910 1764 ,
1939 1725 2249 1786 pugnantes
2298 1714 2666 1768 defendebat:
2713 1714 2889 1767 donec
2934 1712 3228 1780 transfuga:
3275 1711 3392 1765 :ede
3435 1712 3523 1763 in-

1942 1823 2130 1873 censa,
2189 1809 2418 1876 ejusque
2457 1816 2602 1861 tecto
2651 1821 2976 1869 conscenso,
3029 1814 3331 1858 extremam
3382 1801 3524 1872 ignis

1942 1901 2329 1956 necessitatem
2385 1909 2800 1969 exspectarunt.
2853 1899 2990 1952 Tum
3041 1897 3262 1952 demum
3295 1893 3524 1963 supplex

1939 1992 2008 2047 ad
2038 1991 2352 2062 Scipionem
2383 1992 2645 2047 accessit.
2677 1991 2849 2058 Quem
2881 2005 3005 2044 cum
3047 2003 3185 2042 uxor
3221 1987 3523 2056 deprecan-

1942 2095 2050 2139 tem
2095 2084 2330 2148 videret,
2380 2099 2449 2138 co
2502 2083 2829 2136 nominatim
2883 2090 3100 2144 vocato,
3143 2075 3519 2148 exprobravit,

1939 2177 2084 2246 quod
2130 2177 2356 2247 privata:
2391 2176 2552 2230 saluti
2603 2175 2920 2239 consulens,
2960 2174 3064 2242 ipsi
3100 2186 3289 2242 pacem
3349 2169 3523 2236 impc-

1943 2280 2088 2324 trare
2119 2286 2226 2323 non
2265 2269 2608 2340 permisisset
2637 2285 2652 2323 :
2693 2283 2758 2322 ac
2790 2269 3026 2337 primum
3053 2266 3280 2319 liberos.
3320 2259 3522 2315 deinde

1939 2361 2288 2429 semetipsam
2325 2360 2378 2414 in
2410 2361 2589 2432 ignem
2621 2359 2878 2429 coniecit.
2912 2357 3241 2427 Carthagine
3271 2355 3337 2409 ad
3371 2354 3524 2408 hunc

1940 2449 2165 2504 modum
2195 2459 2378 2520 capta,
2403 2451 2591 2520 Scipio
2621 2451 2835 2505 senatui
2873 2449 3096 2518 scripsit
3132 2451 3185 2501 in
3221 2447 3363 2500 hanc
3396 2460 3526 2499 sen-

1940 2543 2211 2598 tentiam:
2255 2542 2522 2612 Carthago
2551 2553 2708 2612 capta
2761 2551 2875 2596 est:
2919 2541 3044 2611 quid
3092 2542 3252 2610 igitur
3279 2537 3525 2610 jubetis?

1937 2620 2055 2702 Qua
2093 2636 2160 2690 de
2190 2652 2247 2691 re
2279 2652 2403 2691 cum
2431 2636 2590 2691 lectis
2619 2637 2705 2690 his
2735 2636 3162 2695 deliberaretur,
3189 2634 3397 2687 Catone
3435 2647 3527 2684 ur-

1940 2729 2063 2784 bem
2099 2729 2452 2784 evertendam
2487 2737 2541 2783 et
2579 2727 3064 2799 Carthaginienses
3097 2725 3364 2781 delendos
3403 2738 3526 2781 esse

1939 2831 2225 2884 censente,
2275 2820 2472 2875 Nasica
2517 2836 2652 2876 vero
2689 2821 2872 2875 adhuc
2917 2821 3000 2875 eis
3029 2819 3370 2889 parcendum
3402 2832 3525 2872 esse

1940 2923 2328 2976 asseverante.
2391 2928 2588 2983 magna
2633 2921 2753 2966 orta
2805 2919 2890 2964 est
2942 2908 3234 2963 dissensio.
3289 2905 3523 2971 Quidam

1941 3023 2071 3062 vero
2103 3007 2279 3061 dixit:
2323 3008 2376 3060 Si
2424 3007 2574 3060 nulla
2610 3005 2716 3059 alia
2765 3003 2834 3058 de
2879 3017 3070 3067 causa,
3121 3011 3349 3070 propter
3374 2997 3525 3067 ipsos

1941 3098 2220 3152 Ruinanos
2255 3097 2448 3152 saltem
2489 3095 2573 3150 eis
2602 3093 2751 3164 parci
2799 3108 3026 3148 necesse
3058 3105 3203 3156 esse,
3236 3099 3298 3144 ut
3331 3088 3525 3141 adver-

273 3181 458 3252 ρουσία
512 3182 795 3235 ἐπέστειλε
843 3183 1009 3237 τάδε’
1047 3180 1378 3250 Καρχηδὼν
1401 3180 1580 3236 ἑάλω*
1643 3181 1702 3233 τί
1722 3177 1837 3235 οὖν

1944 3191 2120 3244 sarios
2153 3188 2444 3251 habentes,
2492 3187 2756 3242 virtutem
2804 3195 3152 3243 exercerent.
3222 3195 3402 3249 neque
3453 3177 3522 3232 ad

271 3276 575 3336 κελεύετες
646 3273 1136 3343 ’Δναγνωσθέντων
1211 3270 1304 3328 οὖν
1373 3273 1580 3328 τούτων
1641 3271 1837 3342 βουλὴν

271 3365 447 3419 ἔθεντο
474 3365 726 3435 περὶτοῦ
757 3368 808 3420 τί
836 3367 954 3420 δέον
996 3369 1189 3422 ποιεῖν.
1247 3367 1356 3418 Καὶ
1411 3368 1439 3418 6
1497 3367 1595 3435 μὲν
1638 3366 1838 3420 Κάτων

273 3457 614 3527 κατασκάψαι
637 3459 736 3530 τὴν
763 3459 916 3512 πόλιν
939 3461 1028 3512 καὶ
1053 3462 1175 3523 τοὺς
1202 3459 1606 3529 Καρχηδονίους
1629 3457 1836 3526 ὲξαφα·

272 3553 409 3604 νίσαι
439 3551 548 3604 δεῖν
578 3552 997 3622 ἐγνωμάτευσεν
1017 3569 1031 3584 ·
1088 3556 1115 3606 6
1156 3553 1213 3605 δὲ
1267 3552 1517 3613 Νασικᾶς
1544 3550 1836 3619 φείσασθαι

271 3641 371 3692 τῶν
403 3641 796 3711 Καρχηδονίων
848 3647 943 3695 καὶ
988 3642 1070 3696 ἐτι
1129 3641 1507 3705 συνεὸούλευε,
1543 3640 1836 3694 κάντεῦθεν

271 3735 346 3797 είς
371 3735 684 3802 ἀντιλογίαν
711 3736 911 3806 πολλὴν
933 3737 1184 3808 προήχθη
1213 3737 1310 3789 καὶ
1339 3735 1749 3806 ἀμφισὸήτησιν
1780 3735 1839 3789 τὸ

273 3824 562 3896 συνέδριον.
585 3825 731 3888 Ἕως
759 3827 860 3893 ἔφη
893 3843 1000 3894 τις,
1023 3827 1132 3892 ὅτι,
1162 3827 1211 3878 εί
1243 3827 1333 3878 καὶ
1365 3827 1433 3879 δι’
1455 3825 1608 3878 οὐδὲν
1629 3826 1838 3895 ἓτερον,

273 3915 404 3971 ἀλλά
431 3934 492 3986 γε
515 3917 726 3993 ἑαυτῶν
754 3918 919 3971 ἕνεκα
951 3919 1247 3987 φείσασθαι
1300 3918 1480 3970 αὐτῶν
1537 3921 1838 3985 ἀναγκαῖον

271 4012 538 4082 νομίζοιτο
595 4014 686 4077 ἂν,
751 4013 818 4067 ἶν’
878 4013 1292 4082 ἀνταγωνιστάς
1350 4014 1550 4077 αὐτοὺς
1600 4013 1837 4084 ἔχοντες,

273 4103 464 4174 ἀρετὴν
513 4105 751 4170 ἀσκῶσι,
807 4106 902 4158 καὶ
954 4105 1028 4176 μὴ
1083 4107 1219 4176 πρὸς
1249 4105 1442 4173 ἡδονὰς
1503 4105 1600 4158 καὶ
1624 4105 1838 4174 τρυφὴν

273 4195 602 4264 τράπωνται,
627 4194 738 4248 τῶν
775 4194 1090 4264 δυναμένων
1142 4196 1343 4256 αὐτοὺς
1396 4196 1839 4263 καταναγκάζειν

275 4285 347 4346 είς
395 4285 628 4356 ἄσκησιν
673 4286 784 4340 τῶν
828 4285 1144 4357 πολεμικῶν
1203 4285 1692 4357 περιαιρεθέντων,
1747 4288 1841 4340 καὶ

276 4377 482 4449 χείρους
505 4379 598 4431 ὑπ’
631 4378 971 4448 ἀνασκησίας
1025 4379 1316 4447 γένωνται,
1347 4380 1666 4450 ἀξιοχρέους
1690 4380 1841 4432 ἀντι-

276 4469 546 4542 πολέμους
579 4470 656 4542 μὴ
703 4469 942 4541 ἔχοντες.
987 4471 1086 4525 Ἐκ
1115 4470 1322 4524 τούτων
1367 4468 1461 4525 οῦν
1513 4471 1623 4525 τῶν
1667 4470 1841 4538 λόγων

1943 3281 2132 3334 luxum
2187 3291 2242 3335 et
2290 3279 2519 3335 delicias
2565 3288 3045 3344 converterentur,
3094 3273 3326 3330 sublatis
3382 3271 3450 3324 iis
3491 3283 3525 3324 a

1943 3376 2146 3445 quibus
2175 3373 2240 3427 ad
2298 3373 2375 3427 rei
2409 3373 2620 3427 bellium
2663 3370 3115 3426 exercitationem
3147 3371 3475 3435 cogerentur
3501 3375 3524 3418 :

1946 3481 2083 3520 neve
2134 3481 2233 3534 per
2265 3465 2535 3534 ignaviam
2586 3464 2890 3518 deteriores
2923 3462 3137 3521 fierent,
3176 3456 3400 3528 paribus
3425 3453 3528 3506 ad-

1947 3556 2207 3610 versariis
2251 3564 2527 3610 carentes.
2584 3553 2826 3608 Tandem
2884 3562 3066 3605 tamen
3125 3564 3229 3602 una
3272 3545 3519 3599 omnium

1944 3647 2216 3701 sententia
2252 3646 2374 3705 fuit.
2411 3644 2801 3715 Carthaginem
2830 3640 3183 3697 evertendam
3211 3652 3353 3698 esse,
3390 3649 3516 3690 eum

1944 3740 2172 3794 credere
2198 3747 2592 3815 nonpossent,
2622 3752 2743 3791 eam
2788 3736 2980 3790 urbem
3018 3744 3260 3801 unquam
3304 3727 3520 3782 sincere

1943 3847 2132 3902 pacem
2165 3841 2524 3884 servaturam.
2573 3829 2764 3899 Itaque
2819 3828 3066 3881 funditus
3099 3839 3293 3878 eversa
3324 3830 3429 3886 est,
3465 3825 3522 3871 et

1943 3923 2063 3992 ejus
2097 3921 2275 3976 solum
2325 3920 2461 3974 diris
2511 3918 3004 3988 imprecationibus
3055 3914 3411 3973 obstrictum,
3451 3923 3520 3962 ne

1945 4013 2071 4084 quis
2107 4027 2346 4084 unquam
2385 4013 2438 4066 in
2471 4027 2537 4066 eo
2566 4010 2867 4065 habitaret.
2899 4010 2976 4063 Ex
3007 4007 3240 4077 captivis
3271 4005 3521 4074 plerique

1946 4107 2003 4161 in
2033 4120 2256 4160 carcere
2288 4105 2616 4174 perierunt:
2659 4101 2845 4172 pauci,
2879 4100 3225 4171 principibus
3249 4094 3519 4164 exceptis,

1944 4197 2176 4253 venditi.
2210 4195 2344 4251 Nam
2375 4196 2433 4260 ii,
2465 4204 2520 4250 et
2541 4195 2785 4259 obsides,
2819 4202 2876 4248 et
2906 4191 3175 4248 Asdrubal
3203 4199 3258 4246 et
3287 4187 3520 4256 Bithias,

1943 4291 2036 4346 alii
2068 4290 2122 4344 in
2153 4289 2278 4344 aliis
2312 4289 2481 4348 Italiae
2516 4287 2767 4357 partibus
2801 4287 2970 4340 vitam
3031 4284 3084 4337 in
3115 4283 3304 4336 liberis
3335 4287 3525 4334 custo-

1942 4385 2050 4440 diis
2081 4391 2407 4452 exegerunt.
2455 4379 2642 4450 Scipio
2693 4379 2859 4451 47o
2889 4377 3116 4448 gloriam
3165 4384 3221 4430 et
3254 4375 3520 4428 honorem

1945 4476 2198 4545 adeptus,
2231 4488 2432 4527 nomen
2463 4471 2706 4526 Africani
2746 4487 2854 4525 non
2907 4472 3018 4542 jam
3049 4471 3118 4524 ab
3150 4482 3253 4522 avo
3286 4463 3525 4519 haeredi-

278 4565 472 4628 πάντες
502 4565 861 4635 κατασκάψαι
915 4566 1018 4636 τὴν
1053 4564 1379 4634 Καρχηδόνα
1435 4563 1838 4633 ὠμογνωμόνη-

1951 4565 2172 4627 tarium,
2206 4561 2302 4618 sed
2339 4578 2436 4632 per
2474 4578 2535 4617 se
2567 4570 2784 4632 partum
2816 4560 3030 4615 habuit.

279 4673 394 4724 σαν,
426 4658 640 4729 μήποτε
667 4657 984 4728 εἰρηνήσειν
1015 4657 1264 4719 ἐκείνους
1293 4655 1688 4719 πιστεύσαντες
1713 4653 1962 4725 ἀκριϐῶς
1985 4670 1998 4684 ·
2033 4655 2131 4707 καὶ
2156 4654 2306 4706 πᾶσα
2341 4653 2510 4724 ἄρδην
2536 4654 2842 4716 ἀνάστατος
2865 4653 3078 4720 γέγονε,
3105 4652 3200 4704 καὶ
3232 4649 3522 4718 ἐπάρατον

286 4751 562 4822 ἐψηφίσθη
592 4751 652 4804 τὸ
686 4749 772 4804 ἐπ’
801 4751 971 4816 αὐτὴν
995 4750 1328 4818 κατοικῆσαι
1358 4767 1504 4803 τινα.
1538 4749 1650 4802 Καὶ
1675 4747 1787 4802 τῶν
1813 4747 2024 4820 ἀνδρῶν
2059 4748 2168 4802 τῶν
2201 4748 2443 4803 ἀλόντων
2477 4749 2529 4802 οἱ
2564 4749 2662 4817 μὲν
2697 4747 2915 4810 πλείους
2944 4748 3024 4810 είς
3048 4747 3107 4798 τὸ
3135 4744 3519 4813 δεσμωτήριον

279 4847 665 4918 ἐνεδλήθησαν,
696 4848 858 4900 κάκεῖ
881 4846 1278 4916 διεφθάρησαν·
1333 4845 1505 4911 ὀλίγοι
1563 4844 1620 4898 δέ
1667 4861 1836 4908 τινες,
1870 4846 2010 4915 πλὴν
2038 4844 2147 4898 τῶν
2171 4844 2314 4898 πάνυ
2349 4843 2585 4913 πρώτων
2623 4841 2945 4912 ἐπράθησαν
2967 4857 2981 4870 '
3029 4833 3176 4892 οὗτοι
3225 4839 3333 4908 γὰρ
3361 4836 3416 4890 οῖ
3461 4851 3522 4886 τε

277 4941 492 5010 ὅμηροι,
516 4939 608 4991 καὶ
637 4938 666 4990 6
708 4935 1039 5005 Ἀσδρούϐας
1077 4937 1174 4990 καὶ
1202 4939 1230 4990 6
1259 4935 1476 4998 Βιθίας,
1504 4934 1656 4988 ἄλλοι
1684 4935 1822 5009 ἄλλῃ
1847 4937 1946 5004 τῆς
1992 4935 2226 4999 Ἰταλίας
2261 4936 2318 4988 ἐν
2362 4937 2622 5005 φρουραῖς
2653 4933 2910 5002 ἀδέσμοις
2952 4930 3316 4984 κατεϐίωσαν.
3373 4929 3432 4980 '0
3464 4926 3523 4978 δέ

282 5029 698 5096 Σκιπίωνδόξης
724 5046 785 5083 τε
817 5028 975 5100 ἔτυχε
1004 5028 1099 5081 καὶ
1123 5028 1312 5099 τιμῆς,
1343 5029 1439 5080 καὶ
1464 5027 1794 5098 Ἀφρικανὸς
1826 5027 1927 5081 οὐκ
1959 5027 2069 5080 ἀπὸ
2099 5027 2192 5081 τοῦ
2220 5026 2475 5091 πάππου,
2513 5025 2630 5078 ἀλλ’
2665 5023 2774 5078 ἀπὸ
2803 5023 2913 5076 τῶν
2944 5025 3159 5075 οἰκείων
3185 5019 3522 5087 ἐπεκέκλητο

277 5121 548 5190 πράξεων.

343 5216 467 5266 AA'.
499 5210 634 5265 Τότε
684 5209 742 5262 δὶ
788 5208 885 5263 καὶ
917 5210 952 5278 ἡ
1006 5207 1268 5278 Κόρινθος
1305 5209 1649 5280 κατεσκάφη.
1692 5205 1846 5263 Ἐπεὶ

277 5304 381 5370 γάρ
415 5301 524 5357 τῶν
561 5300 831 5369 Ἐλλήνων
848 5298 900 5352 οἱ
920 5300 1342 5370 κορυφαιότατοι
1373 5299 1477 5351 ὑπὸ
1505 5298 1599 5351 τοῦ
1633 5297 1844 5351 Παύλου

279 5393 525 5463 Αἰμιλίου
582 5390 999 5462 μετῳκίσθησαν
1039 5391 1118 5453 είς
1155 5389 1255 5458 τὴν
1294 5389 1541 5453 Ἰταλίαν,
1574 5389 1624 5441 οἱ
1665 5388 1844 5441 λοιποὶ

277 5487 336 5537 τί)
384 5485 484 5554 μὲν
531 5484 746 5553 πρῶτον
795 5480 1112 5554 πρεσϐείαις
1167 5480 1290 5542 τοὺς
1319 5479 1519 5547 ἄνδρας
1549 5481 1792 5552 ἀπῄτουν
1827 5496 1841 5514 ο

279 5574 352 5637 ὼς
400 5575 444 5628 δ’
496 5574 599 5628 οὐκ
654 5572 866 5642 ἔτυχον,
919 5571 1011 5624 καί
1055 5588 1200 5634 τινες
1240 5573 1465 5624 ἐκείνων
1511 5573 1610 5639 τὴν
1659 5571 1842 5624 οἴκαδε

283 5666 605 5734 ἀπογνόντες
637 5665 893 5718 ἐπάνοδον
919 5662 1144 5724 ἑαυτοὺς
1173 5662 1552 5734 διεχρήσαντο,
1591 5662 1844 5731 χαλεπῶς

282 5756 560 5823 διέκειντο,
593 5761 688 5813 καὶ
725 5759 922 5821 πένθος
954 5758 1216 5829 δημόσιον
1256 5758 1610 5829 ἐποιήσαντο,
1639 5759 1751 5821 τοῖς
1780 5775 1842 5812 τε

285 5852 350 5905 τὰ
392 5853 679 5924 Ῥωμαίων
725 5851 983 5923 φρονοῦσι
1038 5853 1188 5923 παρά
1223 5851 1406 5922 σφίσιν
1433 5850 1751 5924 ὠργίζοντο,
1785 5853 1846 5906 ού

2023 5208 2215 5266 XXXI.
2258 5209 2397 5264 Tum
2436 5207 2738 5264 Corinthus
2779 5205 2942 5262 etiam
2991 5213 3077 5260 est
3127 5217 3340 5259 eversa.
3384 5201 3521 5255 Nam

1953 5315 2078 5353 cum
2130 5299 2332 5353 Paulus
2379 5297 2636 5353 IEmilius
2666 5297 2980 5353 Crtecorum
3014 5295 3292 5363 principes
3328 5293 3382 5345 in
3414 5291 3523 5344 Ita-

1952 5393 2082 5447 liam
2112 5391 2484 5446 transtulisset
2511 5407 2524 5443 :
2559 5391 2742 5446 caeteri
2771 5391 3007 5460 primum
3042 5403 3138 5442 eos
3161 5383 3525 5454 legationibus

1951 5485 2353 5554 repetiverunt.
2406 5485 2479 5538 Ea
2516 5499 2574 5538 re
2613 5500 2721 5539 non
2775 5483 3085 5552 impetrata,
3141 5494 3265 5534 cum
3297 5477 3520 5547 quidam

1949 5591 2144 5632 eorum
2193 5575 2416 5629 domum
2480 5575 2768 5630 reditionis
2818 5590 2914 5644 spe
2969 5573 3202 5632 sublata,
3246 5570 3352 5642 ipsi
3417 5569 3524 5625 sibi

1950 5685 2146 5724 manus
2192 5669 2528 5729 attulissent.
2577 5669 2815 5736 graviter
2865 5665 3049 5718 atllicti
3095 5663 3371 5732 publicum
3409 5661 3526 5714 luc-

1951 5775 2072 5818 tum
2104 5761 2487 5826 instituerunt,
2537 5761 2907 5814 Romanorum
2959 5757 3104 5826 apud
3161 5771 3218 5810 se
3258 5754 3527 5810 studiosis

1958 5856 2106 5923 irati,
2153 5855 2288 5914 nihil
2335 5863 2514 5909 tamen
2549 5852 2746 5908 hostile
2775 5866 2886 5920 pce
2919 5865 2977 5907 se
3021 5850 3306 5906 tulerunt:
3350 5851 3524 5913 donec
