  <div class='ocr_page' id='page_1' title='image "/cluster/home/n/w/nwhite01/storage/ocr_20150623/134/hvd.32044019208289/411.png"; bbox 0 0 3896 6552; ppageno 0'>
   <div class='ocr_carea' id='block_1_1' title="bbox 505 388 615 453">
    <p class='ocr_par' dir='ltr' id='par_1_1' title="bbox 505 388 615 453">
     <span class='ocr_line' id='line_1_1' title="bbox 505 388 615 453; baseline -0.009 0"><span class='ocrx_word' id='word_1_1' title='bbox 505 388 615 453; x_wconf 79' lang='grc' dir='ltr'><strong>8θ3</strong></span> 
     </span>
    </p>
   </div>
   <div class='ocr_carea' id='block_1_2' title="bbox 1802 381 3729 450">
    <p class='ocr_par' dir='ltr' id='par_1_2' title="bbox 1802 381 3729 450">
     <span class='ocr_line' id='line_1_2' title="bbox 1802 381 3729 450; baseline -0.002 0"><span class='ocrx_word' id='word_1_2' title='bbox 1802 384 2126 450; x_wconf 71' lang='lat' dir='ltr'><strong>JOANNlS</strong></span> <span class='ocrx_word' id='word_1_3' title='bbox 2173 381 2497 446; x_wconf 67' lang='lat' dir='ltr'><strong>ZONARB</strong></span> <span class='ocrx_word' id='word_1_4' title='bbox 3639 381 3729 447; x_wconf 68' lang='grc' dir='ltr'>ξθι</span> 
     </span>
    </p>
   </div>
   <div class='ocr_carea' id='block_1_3' title="bbox 510 459 2093 573">
    <p class='ocr_par' dir='ltr' id='par_1_3' title="bbox 510 459 2089 573">
     <span class='ocr_line' id='line_1_3' title="bbox 510 459 2089 573; baseline -0.006 -14"><span class='ocrx_word' id='word_1_5' title='bbox 510 484 896 570; x_wconf 78' lang='lat' dir='ltr'><strong>comparebat,</strong></span> <span class='ocrx_word' id='word_1_6' title='bbox 924 459 1159 558; x_wconf 40' lang='lat' dir='ltr'><strong>rumore.</strong></span> <span class='ocrx_word' id='word_1_7' title='bbox 1183 499 1254 557; x_wconf 88' lang='lat' dir='ltr'><strong>de</strong></span> <span class='ocrx_word' id='word_1_8' title='bbox 1304 499 1454 557; x_wconf 65' lang='grc' dir='ltr'>σακία</span> <span class='ocrx_word' id='word_1_9' title='bbox 1481 499 1602 573; x_wconf 85' lang='lat' dir='ltr'><strong>ejus</strong></span> <span class='ocrx_word' id='word_1_10' title='bbox 1642 512 1873 571; x_wconf 85' lang='lat' dir='ltr'><strong>sparso:</strong></span> <span class='ocrx_word' id='word_1_11' title='bbox 1913 496 2089 553; x_wconf 82' lang='lat' dir='ltr'><strong>Cinna</strong></span> 
     </span>
    </p>
   </div>
   <div class='ocr_carea' id='block_1_4' title="bbox 2199 459 3731 573">
    <p class='ocr_par' dir='ltr' id='par_1_4' title="bbox 2199 488 3731 564">
     <span class='ocr_line' id='line_1_4' title="bbox 2199 488 3731 564; baseline 0 -18"><span class='ocrx_word' id='word_1_12' title='bbox 2199 509 2326 547; x_wconf 83' lang='grc' dir='ltr'>κτον</span> <span class='ocrx_word' id='word_1_13' title='bbox 2345 493 2443 547; x_wconf 76' lang='grc' dir='ltr'>καὶ</span> <span class='ocrx_word' id='word_1_14' title='bbox 2460 491 2522 546; x_wconf 76' lang='grc' dir='ltr'><strong>τὸ</strong></span> <span class='ocrx_word' id='word_1_15' title='bbox 2548 490 2765 564; x_wconf 65' lang='grc' dir='ltr'>σῶφρον</span> <span class='ocrx_word' id='word_1_16' title='bbox 2793 488 2857 547; x_wconf 84' lang='grc' dir='ltr'><strong>τό</strong></span> <span class='ocrx_word' id='word_1_17' title='bbox 2873 489 3001 564; x_wconf 69' lang='grc' dir='ltr'>περὶ</span> <span class='ocrx_word' id='word_1_18' title='bbox 3019 489 3232 546; x_wconf 87' lang='grc' dir='ltr'>δίαιταν</span> <span class='ocrx_word' id='word_1_19' title='bbox 3261 488 3360 545; x_wconf 70' lang='grc' dir='ltr'>καὶ</span> <span class='ocrx_word' id='word_1_20' title='bbox 3378 488 3480 562; x_wconf 72' lang='grc' dir='ltr'><strong>τὴν</strong></span> <span class='ocrx_word' id='word_1_21' title='bbox 3503 490 3556 543; x_wconf 76' lang='grc' dir='ltr'>ἒν</span> <span class='ocrx_word' id='word_1_22' title='bbox 3573 490 3731 559; x_wconf 82' lang='grc' dir='ltr'>ὅπλοις</span> 
     </span>
    </p>
   </div>
   <div class='ocr_carea' id='block_1_5' title="bbox 509 585 2089 663">
    <p class='ocr_par' dir='ltr' id='par_1_5' title="bbox 509 585 2089 663">
     <span class='ocr_line' id='line_1_5' title="bbox 509 585 2089 663; baseline -0.004 -17"><span class='ocrx_word' id='word_1_23' title='bbox 509 590 778 662; x_wconf 86' lang='lat' dir='ltr'><strong>impetum</strong></span> <span class='ocrx_word' id='word_1_24' title='bbox 810 607 1004 648; x_wconf 90' lang='lat' dir='ltr'><strong>eorum</strong></span> <span class='ocrx_word' id='word_1_25' title='bbox 1051 592 1255 663; x_wconf 83' lang='lat' dir='ltr'><strong>quibus</strong></span> <span class='ocrx_word' id='word_1_26' title='bbox 1293 592 1499 663; x_wconf 82' lang='lat' dir='ltr'><strong>alioqui</strong></span> <span class='ocrx_word' id='word_1_27' title='bbox 1549 591 1759 646; x_wconf 89' lang='lat' dir='ltr'><strong>invisus</strong></span> <span class='ocrx_word' id='word_1_28' title='bbox 1803 596 1947 652; x_wconf 89' lang='lat' dir='ltr'><strong>erat,</strong></span> <span class='ocrx_word' id='word_1_29' title='bbox 1998 585 2089 640; x_wconf 90' lang='lat' dir='ltr'><strong>fu-</strong></span> 
     </span>
    </p>
   </div>
   <div class='ocr_carea' id='block_1_6' title="bbox 512 681 2088 755">
    <p class='ocr_par' dir='ltr' id='par_1_6' title="bbox 512 681 2088 755">
     <span class='ocr_line' id='line_1_6' title="bbox 512 681 2088 755; baseline -0.002 -17"><span class='ocrx_word' id='word_1_30' title='bbox 512 684 688 755; x_wconf 86' lang='lat' dir='ltr'><strong>giens,</strong></span> <span class='ocrx_word' id='word_1_31' title='bbox 718 700 750 740; x_wconf 86' lang='lat' dir='ltr'><strong>a</strong></span> <span class='ocrx_word' id='word_1_32' title='bbox 775 684 1101 741; x_wconf 75' lang='lat' dir='ltr'><strong>centurione</strong></span> <span class='ocrx_word' id='word_1_33' title='bbox 1130 685 1366 755; x_wconf 88' lang='lat' dir='ltr'><strong>quodam</strong></span> <span class='ocrx_word' id='word_1_34' title='bbox 1401 693 1626 755; x_wconf 75' lang='lat' dir='ltr'><strong>propter</strong></span> <span class='ocrx_word' id='word_1_35' title='bbox 1664 697 1784 738; x_wconf 90' lang='lat' dir='ltr'><strong>eam</strong></span> <span class='ocrx_word' id='word_1_36' title='bbox 1816 681 2088 752; x_wconf 81' lang='lat' dir='ltr'><strong>suspicio-</strong></span> 
     </span>
    </p>
   </div>
   <div class='ocr_carea' id='block_1_7' title="bbox 514 774 2092 848">
    <p class='ocr_par' dir='ltr' id='par_1_7' title="bbox 514 774 2092 848">
     <span class='ocr_line' id='line_1_7' title="bbox 514 774 2092 848; baseline -0.003 -17"><span class='ocrx_word' id='word_1_37' title='bbox 514 791 643 832; x_wconf 86' lang='lat' dir='ltr'><strong>nem</strong></span> <span class='ocrx_word' id='word_1_38' title='bbox 668 776 1035 833; x_wconf 73' lang='lat' dir='ltr'><strong>occideretur.</strong></span> <span class='ocrx_word' id='word_1_39' title='bbox 1087 776 1220 832; x_wconf 87' lang='lat' dir='ltr'><strong>Post</strong></span> <span class='ocrx_word' id='word_1_40' title='bbox 1267 778 1388 848; x_wconf 85' lang='lat' dir='ltr'><strong>ejus</strong></span> <span class='ocrx_word' id='word_1_41' title='bbox 1410 777 1617 833; x_wconf 82' lang='lat' dir='ltr'><strong>caedem</strong></span> <span class='ocrx_word' id='word_1_42' title='bbox 1649 775 1848 842; x_wconf 82' lang='lat' dir='ltr'><strong>Carbo,</strong></span> <span class='ocrx_word' id='word_1_43' title='bbox 1885 774 2092 844; x_wconf 88' lang='lat' dir='ltr'><strong>impor-</strong></span> 
     </span>
    </p>
   </div>
   <div class='ocr_carea' id='block_1_8' title="bbox 518 849 2088 939">
    <p class='ocr_par' dir='ltr' id='par_1_8' title="bbox 518 849 2088 939">
     <span class='ocr_line' id='line_1_8' title="bbox 518 849 2088 939; baseline -0.001 -18"><span class='ocrx_word' id='word_1_44' title='bbox 518 867 704 922; x_wconf 87' lang='lat' dir='ltr'><strong>tunior</strong></span> <span class='ocrx_word' id='word_1_45' title='bbox 747 867 842 921; x_wconf 89' lang='lat' dir='ltr'><strong>illo</strong></span> <span class='ocrx_word' id='word_1_46' title='bbox 874 876 1158 939; x_wconf 88' lang='lat' dir='ltr'><strong>tyrannus,</strong></span> <span class='ocrx_word' id='word_1_47' title='bbox 1192 849 1484 938; x_wconf 75' lang='lat' dir='ltr'><strong>imperium</strong></span> <span class='ocrx_word' id='word_1_48' title='bbox 1535 866 1801 937; x_wconf 76' lang='lat' dir='ltr'><strong>suscepit.</strong></span> <span class='ocrx_word' id='word_1_49' title='bbox 1830 865 1931 922; x_wconf 88' lang='lat' dir='ltr'><strong>Cui</strong></span> <span class='ocrx_word' id='word_1_50' title='bbox 1962 880 2088 922; x_wconf 88' lang='lat' dir='ltr'><strong>cum</strong></span> 
     </span>
    </p>
   </div>
   <div class='ocr_carea' id='block_1_9' title="bbox 518 958 2084 1033">
    <p class='ocr_par' dir='ltr' id='par_1_9' title="bbox 518 958 2084 1033">
     <span class='ocr_line' id='line_1_9' title="bbox 518 958 2084 1033; baseline -0.001 -18"><span class='ocrx_word' id='word_1_51' title='bbox 518 958 661 1032; x_wconf 83' lang='lat' dir='ltr'><strong>Sylla</strong></span> <span class='ocrx_word' id='word_1_52' title='bbox 702 960 1004 1023; x_wconf 88' lang='lat' dir='ltr'><strong>resisteret,</strong></span> <span class='ocrx_word' id='word_1_53' title='bbox 1065 960 1357 1031; x_wconf 75' lang='lat' dir='ltr'><strong>Pompeius</strong></span> <span class='ocrx_word' id='word_1_54' title='bbox 1412 976 1632 1032; x_wconf 89' lang='lat' dir='ltr'><strong>quoque</strong></span> <span class='ocrx_word' id='word_1_55' title='bbox 1681 976 1742 1017; x_wconf 86' lang='lat' dir='ltr'><strong>se</strong></span> <span class='ocrx_word' id='word_1_56' title='bbox 1792 960 2084 1033; x_wconf 71' lang='lat' dir='ltr'><strong>adiunxit:</strong></span> 
     </span>
    </p>
   </div>
   <div class='ocr_carea' id='block_1_10' title="bbox 517 1049 2090 1123">
    <p class='ocr_par' dir='ltr' id='par_1_10' title="bbox 517 1049 2090 1123">
     <span class='ocr_line' id='line_1_10' title="bbox 517 1049 2090 1123; baseline 0 -18"><span class='ocrx_word' id='word_1_57' title='bbox 517 1065 621 1105; x_wconf 85' lang='lat' dir='ltr'><strong>nec</strong></span> <span class='ocrx_word' id='word_1_58' title='bbox 659 1050 711 1103; x_wconf 89' lang='lat' dir='ltr'><strong>id</strong></span> <span class='ocrx_word' id='word_1_59' title='bbox 742 1049 872 1105; x_wconf 91' lang='lat' dir='ltr'><strong>fecit</strong></span> <span class='ocrx_word' id='word_1_60' title='bbox 905 1049 1082 1120; x_wconf 88' lang='lat' dir='ltr'><strong>prius,</strong></span> <span class='ocrx_word' id='word_1_61' title='bbox 1117 1066 1280 1120; x_wconf 82' lang='lat' dir='ltr'><strong>quam</strong></span> <span class='ocrx_word' id='word_1_62' title='bbox 1311 1050 1583 1107; x_wconf 84' lang='lat' dir='ltr'><strong>beneficio</strong></span> <span class='ocrx_word' id='word_1_63' title='bbox 1612 1052 1799 1123; x_wconf 89' lang='lat' dir='ltr'><strong>aliquo</strong></span> <span class='ocrx_word' id='word_1_64' title='bbox 1826 1066 1954 1107; x_wconf 87' lang='lat' dir='ltr'><strong>eum</strong></span> <span class='ocrx_word' id='word_1_65' title='bbox 1983 1049 2090 1106; x_wconf 87' lang='lat' dir='ltr'><strong>sibi</strong></span> 
     </span>
    </p>
   </div>
   <div class='ocr_carea' id='block_1_11' title="bbox 516 1138 2094 1210">
    <p class='ocr_par' dir='ltr' id='par_1_11' title="bbox 516 1138 2094 1210">
     <span class='ocr_line' id='line_1_11' title="bbox 516 1138 2094 1210; baseline 0.001 -18"><span class='ocrx_word' id='word_1_66' title='bbox 516 1138 876 1193; x_wconf 84' lang='lat' dir='ltr'><strong>devinxisset.</strong></span> <span class='ocrx_word' id='word_1_67' title='bbox 907 1142 1124 1195; x_wconf 82' lang='lat' dir='ltr'><strong>Annum</strong></span> <span class='ocrx_word' id='word_1_68' title='bbox 1161 1149 1274 1195; x_wconf 92' lang='lat' dir='ltr'><strong>tum</strong></span> <span class='ocrx_word' id='word_1_69' title='bbox 1294 1141 1497 1210; x_wconf 68' lang='lat' dir='ltr'><strong>agebat</strong></span> <span class='ocrx_word' id='word_1_70' title='bbox 1527 1141 1753 1197; x_wconf 89' lang='lat' dir='ltr'><strong>tertium</strong></span> <span class='ocrx_word' id='word_1_71' title='bbox 1808 1149 1865 1197; x_wconf 89' lang='lat' dir='ltr'><strong>et</strong></span> <span class='ocrx_word' id='word_1_72' title='bbox 1892 1139 2094 1196; x_wconf 85' lang='lat' dir='ltr'><strong>vicesi-</strong></span> 
     </span>
    </p>
   </div>
   <div class='ocr_carea' id='block_1_12' title="bbox 515 1229 2095 1302">
    <p class='ocr_par' dir='ltr' id='par_1_12' title="bbox 515 1229 2095 1302">
     <span class='ocr_line' id='line_1_12' title="bbox 515 1229 2095 1302; baseline 0.003 -20"><span class='ocrx_word' id='word_1_73' title='bbox 515 1244 706 1282; x_wconf 90' lang='lat' dir='ltr'><strong>mum:</strong></span> <span class='ocrx_word' id='word_1_74' title='bbox 744 1229 1099 1302; x_wconf 77' lang='lat' dir='ltr'><strong>collectisque</strong></span> <span class='ocrx_word' id='word_1_75' title='bbox 1150 1233 1323 1302; x_wconf 86' lang='lat' dir='ltr'><strong>copiis</strong></span> <span class='ocrx_word' id='word_1_76' title='bbox 1351 1232 1516 1287; x_wconf 82' lang='lat' dir='ltr'><strong>urbes</strong></span> <span class='ocrx_word' id='word_1_77' title='bbox 1555 1233 1915 1298; x_wconf 86' lang='lat' dir='ltr'><strong>circumiens,</strong></span> <span class='ocrx_word' id='word_1_78' title='bbox 1959 1232 2095 1288; x_wconf 87' lang='lat' dir='ltr'><strong>Car-</strong></span> 
     </span>
    </p>
   </div>
   <div class='ocr_carea' id='block_1_13' title="bbox 515 1318 2092 1395">
    <p class='ocr_par' dir='ltr' id='par_1_13' title="bbox 515 1318 2092 1395">
     <span class='ocr_line' id='line_1_13' title="bbox 515 1318 2092 1395; baseline 0.001 -21"><span class='ocrx_word' id='word_1_79' title='bbox 515 1318 678 1374; x_wconf 80' lang='lat' dir='ltr'><strong>bonis</strong></span> <span class='ocrx_word' id='word_1_80' title='bbox 724 1319 1007 1375; x_wconf 86' lang='lat' dir='ltr'><strong>studiosos</strong></span> <span class='ocrx_word' id='word_1_81' title='bbox 1048 1321 1328 1392; x_wconf 84' lang='lat' dir='ltr'><strong>ejiciebat.</strong></span> <span class='ocrx_word' id='word_1_82' title='bbox 1383 1322 1521 1376; x_wconf 91' lang='lat' dir='ltr'><strong>Dum</strong></span> <span class='ocrx_word' id='word_1_83' title='bbox 1563 1332 1749 1378; x_wconf 87' lang='lat' dir='ltr'><strong>autem</strong></span> <span class='ocrx_word' id='word_1_84' title='bbox 1778 1323 1848 1378; x_wconf 80' lang='lat' dir='ltr'><strong>ad</strong></span> <span class='ocrx_word' id='word_1_85' title='bbox 1890 1322 2092 1395; x_wconf 85' lang='lat' dir='ltr'><strong>Syllam</strong></span> 
     </span>
    </p>
   </div>
   <div class='ocr_carea' id='block_1_14' title="bbox 515 1411 2093 1485">
    <p class='ocr_par' dir='ltr' id='par_1_14' title="bbox 515 1411 2093 1485">
     <span class='ocr_line' id='line_1_14' title="bbox 515 1411 2093 1485; baseline 0.004 -21"><span class='ocrx_word' id='word_1_86' title='bbox 515 1411 906 1481; x_wconf 80' lang='lat' dir='ltr'><strong>proﬁciscitur,</strong></span> <span class='ocrx_word' id='word_1_87' title='bbox 972 1412 1147 1469; x_wconf 90' lang='lat' dir='ltr'><strong>tribus</strong></span> <span class='ocrx_word' id='word_1_88' title='bbox 1193 1412 1464 1469; x_wconf 83' lang='lat' dir='ltr'><strong>Carbonis</strong></span> <span class='ocrx_word' id='word_1_89' title='bbox 1512 1413 1752 1470; x_wconf 90' lang='lat' dir='ltr'><strong>ducibus</strong></span> <span class='ocrx_word' id='word_1_90' title='bbox 1806 1430 1837 1468; x_wconf 78' lang='grc' dir='ltr'><strong>ιι</strong></span> <span class='ocrx_word' id='word_1_91' title='bbox 1887 1413 2093 1485; x_wconf 82' lang='lat' dir='ltr'><strong>quibus</strong></span> 
     </span>
    </p>
   </div>
   <div class='ocr_carea' id='block_1_15' title="bbox 515 1505 2092 1577">
    <p class='ocr_par' dir='ltr' id='par_1_15' title="bbox 515 1505 2092 1577">
     <span class='ocr_line' id='line_1_15' title="bbox 515 1505 2092 1577; baseline 0.001 -17"><span class='ocrx_word' id='word_1_92' title='bbox 515 1505 931 1560; x_wconf 83' lang='lat' dir='ltr'><strong>circumventus</strong></span> <span class='ocrx_word' id='word_1_93' title='bbox 958 1516 1101 1570; x_wconf 87' lang='lat' dir='ltr'><strong>erat,</strong></span> <span class='ocrx_word' id='word_1_94' title='bbox 1124 1505 1448 1577; x_wconf 85' lang='lat' dir='ltr'><strong>proﬂigatis,</strong></span> <span class='ocrx_word' id='word_1_95' title='bbox 1479 1508 1646 1563; x_wconf 84' lang='lat' dir='ltr'><strong>urbes</strong></span> <span class='ocrx_word' id='word_1_96' title='bbox 1671 1507 1725 1561; x_wconf 93' lang='lat' dir='ltr'><strong>in</strong></span> <span class='ocrx_word' id='word_1_97' title='bbox 1752 1506 2092 1563; x_wconf 85' lang='lat' dir='ltr'><strong>deditionem</strong></span> 
     </span>
    </p>
   </div>
   <div class='ocr_carea' id='block_1_16' title="bbox 516 1596 2092 1668">
    <p class='ocr_par' dir='ltr' id='par_1_16' title="bbox 516 1596 2092 1668">
     <span class='ocr_line' id='line_1_16' title="bbox 516 1596 2092 1668; baseline 0.005 -19"><span class='ocrx_word' id='word_1_98' title='bbox 516 1596 770 1665; x_wconf 89' lang='lat' dir='ltr'><strong>accepit:</strong></span> <span class='ocrx_word' id='word_1_99' title='bbox 811 1596 1014 1652; x_wconf 86' lang='lat' dir='ltr'><strong>deinde</strong></span> <span class='ocrx_word' id='word_1_100' title='bbox 1045 1596 1322 1668; x_wconf 85' lang='lat' dir='ltr'><strong>Scipionis</strong></span> <span class='ocrx_word' id='word_1_101' title='bbox 1351 1600 1600 1656; x_wconf 86' lang='lat' dir='ltr'><strong>consulis</strong></span> <span class='ocrx_word' id='word_1_102' title='bbox 1628 1601 1929 1666; x_wconf 82' lang='lat' dir='ltr'><strong>exercitus,</strong></span> <span class='ocrx_word' id='word_1_103' title='bbox 1965 1615 2092 1657; x_wconf 89' lang='lat' dir='ltr'><strong>cum</strong></span> 
     </span>
    </p>
   </div>
   <div class='ocr_carea' id='block_1_17' title="bbox 516 1688 2094 1766">
    <p class='ocr_par' dir='ltr' id='par_1_17' title="bbox 516 1688 2094 1766">
     <span class='ocr_line' id='line_1_17' title="bbox 516 1688 2094 1766; baseline 0.005 -25"><span class='ocrx_word' id='word_1_104' title='bbox 516 1699 711 1743; x_wconf 89' lang='lat' dir='ltr'><strong>contra</strong></span> <span class='ocrx_word' id='word_1_105' title='bbox 743 1688 1061 1759; x_wconf 88' lang='lat' dir='ltr'><strong>Pompeium</strong></span> <span class='ocrx_word' id='word_1_106' title='bbox 1094 1691 1412 1756; x_wconf 85' lang='lat' dir='ltr'><strong>duceretur,</strong></span> <span class='ocrx_word' id='word_1_107' title='bbox 1449 1696 1810 1751; x_wconf 87' lang='lat' dir='ltr'><strong>eonsalutatis</strong></span> <span class='ocrx_word' id='word_1_108' title='bbox 1843 1697 1968 1766; x_wconf 86' lang='lat' dir='ltr'><strong>ejus</strong></span> <span class='ocrx_word' id='word_1_109' title='bbox 1991 1696 2094 1749; x_wconf 82' lang='lat' dir='ltr'><strong>mi-</strong></span> 
     </span>
    </p>
   </div>
   <div class='ocr_carea' id='block_1_18' title="bbox 516 1779 2087 1857">
    <p class='ocr_par' dir='ltr' id='par_1_18' title="bbox 516 1779 2087 1857">
     <span class='ocr_line' id='line_1_18' title="bbox 516 1779 2087 1857; baseline 0.006 -25"><span class='ocrx_word' id='word_1_110' title='bbox 516 1779 729 1844; x_wconf 87' lang='lat' dir='ltr'><strong>litibus,</strong></span> <span class='ocrx_word' id='word_1_111' title='bbox 781 1780 851 1834; x_wconf 88' lang='lat' dir='ltr'><strong>ad</strong></span> <span class='ocrx_word' id='word_1_112' title='bbox 902 1781 1220 1851; x_wconf 86' lang='lat' dir='ltr'><strong>Pompeium</strong></span> <span class='ocrx_word' id='word_1_113' title='bbox 1266 1782 1489 1847; x_wconf 82' lang='lat' dir='ltr'><strong>defecit,</strong></span> <span class='ocrx_word' id='word_1_114' title='bbox 1536 1786 1652 1856; x_wconf 84' lang='lat' dir='ltr'><strong>ipse</strong></span> <span class='ocrx_word' id='word_1_115' title='bbox 1699 1786 1884 1857; x_wconf 78' lang='lat' dir='ltr'><strong>Scipio</strong></span> <span class='ocrx_word' id='word_1_116' title='bbox 1927 1786 2087 1857; x_wconf 89' lang='lat' dir='ltr'><strong>fugit.</strong></span> 
     </span>
    </p>
   </div>
   <div class='ocr_carea' id='block_1_19' title="bbox 521 1870 2087 1942">
    <p class='ocr_par' dir='ltr' id='par_1_19' title="bbox 521 1870 2087 1942">
     <span class='ocr_line' id='line_1_19' title="bbox 521 1870 2087 1942; baseline 0.004 -17"><span class='ocrx_word' id='word_1_117' title='bbox 521 1870 671 1934; x_wconf 88' lang='lat' dir='ltr'><strong>Post,</strong></span> <span class='ocrx_word' id='word_1_118' title='bbox 702 1871 1013 1940; x_wconf 84' lang='lat' dir='ltr'><strong>complures</strong></span> <span class='ocrx_word' id='word_1_119' title='bbox 1040 1874 1289 1942; x_wconf 81' lang='lat' dir='ltr'><strong>equitum</strong></span> <span class='ocrx_word' id='word_1_120' title='bbox 1329 1884 1538 1931; x_wconf 86' lang='lat' dir='ltr'><strong>turmas</strong></span> <span class='ocrx_word' id='word_1_121' title='bbox 1565 1891 1595 1929; x_wconf 90' lang='lat' dir='ltr'><strong>a</strong></span> <span class='ocrx_word' id='word_1_122' title='bbox 1621 1876 1873 1931; x_wconf 84' lang='lat' dir='ltr'><strong>Carbone</strong></span> <span class='ocrx_word' id='word_1_123' title='bbox 1898 1887 2087 1932; x_wconf 85' lang='lat' dir='ltr'><strong>contra</strong></span> 
     </span>
    </p>
   </div>
   <div class='ocr_carea' id='block_1_20' title="bbox 521 1964 2096 2040">
    <p class='ocr_par' dir='ltr' id='par_1_20' title="bbox 521 1964 2096 2040">
     <span class='ocr_line' id='line_1_20' title="bbox 521 1964 2096 2040; baseline 0.005 -23"><span class='ocrx_word' id='word_1_124' title='bbox 521 1978 580 2017; x_wconf 90' lang='lat' dir='ltr'><strong>se</strong></span> <span class='ocrx_word' id='word_1_125' title='bbox 611 1964 827 2029; x_wconf 85' lang='lat' dir='ltr'><strong>missas,</strong></span> <span class='ocrx_word' id='word_1_126' title='bbox 874 1980 941 2020; x_wconf 86' lang='lat' dir='ltr'><strong>eo</strong></span> <span class='ocrx_word' id='word_1_127' title='bbox 1001 1966 1402 2036; x_wconf 83' lang='lat' dir='ltr'><strong>desperationis</strong></span> <span class='ocrx_word' id='word_1_128' title='bbox 1444 1970 1671 2038; x_wconf 76' lang='lat' dir='ltr'><strong>redegit,</strong></span> <span class='ocrx_word' id='word_1_129' title='bbox 1728 1979 1786 2025; x_wconf 89' lang='lat' dir='ltr'><strong>ut</strong></span> <span class='ocrx_word' id='word_1_130' title='bbox 1832 1986 1892 2025; x_wconf 92' lang='lat' dir='ltr'><strong>se</strong></span> <span class='ocrx_word' id='word_1_131' title='bbox 1922 1971 2096 2040; x_wconf 88' lang='lat' dir='ltr'><strong>ipsius</strong></span> 
     </span>
    </p>
   </div>
   <div class='ocr_carea' id='block_1_21' title="bbox 520 2052 2093 2131">
    <p class='ocr_par' dir='ltr' id='par_1_21' title="bbox 520 2052 2093 2131">
     <span class='ocr_line' id='line_1_21' title="bbox 520 2052 2093 2131; baseline 0.005 -23"><span class='ocrx_word' id='word_1_132' title='bbox 520 2052 648 2109; x_wconf 75' lang='lat' dir='ltr'><strong>ﬁdei</strong></span> <span class='ocrx_word' id='word_1_133' title='bbox 685 2055 1113 2122; x_wconf 86' lang='lat' dir='ltr'><strong>committerent,</strong></span> <span class='ocrx_word' id='word_1_134' title='bbox 1157 2059 1298 2113; x_wconf 83' lang='lat' dir='ltr'><strong>Eum</strong></span> <span class='ocrx_word' id='word_1_135' title='bbox 1358 2060 1522 2129; x_wconf 82' lang='lat' dir='ltr'><strong>igitur</strong></span> <span class='ocrx_word' id='word_1_136' title='bbox 1552 2059 1696 2131; x_wconf 66' lang='lat' dir='ltr'><strong>S3lla</strong></span> <span class='ocrx_word' id='word_1_137' title='bbox 1737 2062 1818 2116; x_wconf 88' lang='lat' dir='ltr'><strong>sic</strong></span> <span class='ocrx_word' id='word_1_138' title='bbox 1854 2063 2093 2131; x_wconf 83' lang='lat' dir='ltr'><strong>excepit,</strong></span> 
     </span>
    </p>
   </div>
   <div class='ocr_carea' id='block_1_22' title="bbox 521 2149 2091 2223">
    <p class='ocr_par' dir='ltr' id='par_1_22' title="bbox 521 2149 2091 2223">
     <span class='ocr_line' id='line_1_22' title="bbox 521 2149 2091 2223; baseline 0.005 -23"><span class='ocrx_word' id='word_1_139' title='bbox 521 2156 582 2200; x_wconf 92' lang='lat' dir='ltr'><strong>ut</strong></span> <span class='ocrx_word' id='word_1_140' title='bbox 617 2162 685 2202; x_wconf 80' lang='lat' dir='ltr'><strong>ex</strong></span> <span class='ocrx_word' id='word_1_141' title='bbox 732 2163 878 2217; x_wconf 89' lang='lat' dir='ltr'><strong>equo</strong></span> <span class='ocrx_word' id='word_1_142' title='bbox 913 2149 1162 2204; x_wconf 85' lang='lat' dir='ltr'><strong>desiliret</strong></span> <span class='ocrx_word' id='word_1_143' title='bbox 1186 2166 1207 2206; x_wconf 90' lang='lat'><strong><em>:</em></strong></span> <span class='ocrx_word' id='word_1_144' title='bbox 1259 2153 1411 2206; x_wconf 81' lang='lat' dir='ltr'><strong>etab</strong></span> <span class='ocrx_word' id='word_1_145' title='bbox 1438 2167 1505 2207; x_wconf 90' lang='lat' dir='ltr'><strong>eo</strong></span> <span class='ocrx_word' id='word_1_146' title='bbox 1536 2152 1836 2223; x_wconf 85' lang='lat' dir='ltr'><strong>imperator</strong></span> <span class='ocrx_word' id='word_1_147' title='bbox 1884 2156 2091 2209; x_wconf 85' lang='lat' dir='ltr'><strong>saluta-</strong></span> 
     </span>
    </p>
   </div>
   <div class='ocr_carea' id='block_1_23' title="bbox 519 2240 2096 2312">
    <p class='ocr_par' dir='ltr' id='par_1_23' title="bbox 519 2240 2096 2312">
     <span class='ocr_line' id='line_1_23' title="bbox 519 2240 2096 2312; baseline 0.006 -21"><span class='ocrx_word' id='word_1_148' title='bbox 519 2247 629 2300; x_wconf 90' lang='lat' dir='ltr'><strong>tus,</strong></span> <span class='ocrx_word' id='word_1_149' title='bbox 661 2240 902 2295; x_wconf 79' lang='lat' dir='ltr'><strong>vicissim</strong></span> <span class='ocrx_word' id='word_1_150' title='bbox 934 2256 1059 2295; x_wconf 88' lang='lat' dir='ltr'><strong>cum</strong></span> <span class='ocrx_word' id='word_1_151' title='bbox 1094 2242 1483 2312; x_wconf 83' lang='lat' dir='ltr'><strong>imperatorem</strong></span> <span class='ocrx_word' id='word_1_152' title='bbox 1517 2245 1803 2299; x_wconf 81' lang='lat' dir='ltr'><strong>salutaret.</strong></span> <span class='ocrx_word' id='word_1_153' title='bbox 1848 2245 2096 2301; x_wconf 86' lang='lat' dir='ltr'><strong>Fuerunt</strong></span> 
     </span>
    </p>
   </div>
   <div class='ocr_carea' id='block_1_24' title="bbox 517 2331 2096 2401">
    <p class='ocr_par' dir='ltr' id='par_1_24' title="bbox 517 2331 2096 2401">
     <span class='ocr_line' id='line_1_24' title="bbox 517 2331 2096 2401; baseline 0.004 -15"><span class='ocrx_word' id='word_1_154' title='bbox 517 2340 575 2386; x_wconf 90' lang='lat' dir='ltr'><strong>et</strong></span> <span class='ocrx_word' id='word_1_155' title='bbox 612 2331 824 2401; x_wconf 88' lang='lat' dir='ltr'><strong>reliqua</strong></span> <span class='ocrx_word' id='word_1_156' title='bbox 855 2334 1047 2401; x_wconf 85' lang='lat' dir='ltr'><strong>primis</strong></span> <span class='ocrx_word' id='word_1_157' title='bbox 1080 2335 1184 2389; x_wconf 84' lang='lat' dir='ltr'><strong>illis</strong></span> <span class='ocrx_word' id='word_1_158' title='bbox 1224 2335 1419 2391; x_wconf 78' lang='lat' dir='ltr'><strong>ofﬁciis</strong></span> <span class='ocrx_word' id='word_1_159' title='bbox 1448 2347 1837 2391; x_wconf 81' lang='lat' dir='ltr'><strong>consentanea.</strong></span> <span class='ocrx_word' id='word_1_160' title='bbox 1878 2338 2013 2392; x_wconf 85' lang='lat' dir='ltr'><strong>Nam</strong></span> <span class='ocrx_word' id='word_1_161' title='bbox 2039 2345 2096 2394; x_wconf 89' lang='lat' dir='ltr'><strong>et</strong></span> 
     </span>
    </p>
   </div>
   <div class='ocr_carea' id='block_1_25' title="bbox 519 2423 2093 2500">
    <p class='ocr_par' dir='ltr' id='par_1_25' title="bbox 519 2423 2093 2500">
     <span class='ocr_line' id='line_1_25' title="bbox 519 2423 2093 2500; baseline 0.004 -23"><span class='ocrx_word' id='word_1_162' title='bbox 519 2423 804 2478; x_wconf 83' lang='lat' dir='ltr'><strong>accedenti</strong></span> <span class='ocrx_word' id='word_1_163' title='bbox 840 2425 1102 2495; x_wconf 86' lang='lat' dir='ltr'><strong>Pompeio</strong></span> <span class='ocrx_word' id='word_1_164' title='bbox 1132 2428 1474 2497; x_wconf 76' lang='lat' dir='ltr'><strong>assurge‘bat,</strong></span> <span class='ocrx_word' id='word_1_165' title='bbox 1507 2437 1564 2483; x_wconf 91' lang='lat' dir='ltr'><strong>et</strong></span> <span class='ocrx_word' id='word_1_166' title='bbox 1614 2430 1720 2483; x_wconf 89' lang='lat' dir='ltr'><strong>alia</strong></span> <span class='ocrx_word' id='word_1_167' title='bbox 1750 2430 1871 2500; x_wconf 82' lang='lat' dir='ltr'><strong>ejus</strong></span> <span class='ocrx_word' id='word_1_168' title='bbox 1897 2429 2093 2484; x_wconf 86' lang='lat' dir='ltr'><strong>bonori</strong></span> 
     </span>
    </p>
   </div>
   <div class='ocr_carea' id='block_1_26' title="bbox 518 2514 2092 2591">
    <p class='ocr_par' dir='ltr' id='par_1_26' title="bbox 518 2514 2092 2591">
     <span class='ocr_line' id='line_1_26' title="bbox 518 2514 2092 2591; baseline 0.004 -21"><span class='ocrx_word' id='word_1_169' title='bbox 518 2514 822 2579; x_wconf 87' lang='lat' dir='ltr'><strong>deferebat,</strong></span> <span class='ocrx_word' id='word_1_170' title='bbox 852 2532 974 2585; x_wconf 66' lang='lat' dir='ltr'><strong>quae</strong></span> <span class='ocrx_word' id='word_1_171' title='bbox 1007 2517 1151 2572; x_wconf 87' lang='lat' dir='ltr'><strong>haud</strong></span> <span class='ocrx_word' id='word_1_172' title='bbox 1192 2528 1398 2575; x_wconf 88' lang='lat' dir='ltr'><strong>temere</strong></span> <span class='ocrx_word' id='word_1_173' title='bbox 1423 2521 1548 2575; x_wconf 85' lang='lat' dir='ltr'><strong>aliis</strong></span> <span class='ocrx_word' id='word_1_174' title='bbox 1569 2531 1828 2591; x_wconf 67' lang='lat' dir='ltr'><strong>praestare</strong></span> <span class='ocrx_word' id='word_1_175' title='bbox 1860 2522 2092 2577; x_wconf 87' lang='lat' dir='ltr'><strong>solebat.</strong></span> 
     </span>
    </p>
   </div>
   <div class='ocr_carea' id='block_1_27' title="bbox 517 2606 2092 2681">
    <p class='ocr_par' dir='ltr' id='par_1_27' title="bbox 517 2606 2092 2681">
     <span class='ocr_line' id='line_1_27' title="bbox 517 2606 2092 2681; baseline 0.005 -21"><span class='ocrx_word' id='word_1_176' title='bbox 517 2606 814 2677; x_wconf 85' lang='lat' dir='ltr'><strong>Postquam</strong></span> <span class='ocrx_word' id='word_1_177' title='bbox 845 2619 1025 2663; x_wconf 89' lang='lat' dir='ltr'><strong>autem</strong></span> <span class='ocrx_word' id='word_1_178' title='bbox 1058 2612 1283 2665; x_wconf 88' lang='lat' dir='ltr'><strong>subacta</strong></span> <span class='ocrx_word' id='word_1_179' title='bbox 1333 2612 1487 2667; x_wconf 83' lang='lat' dir='ltr'><strong>Italia</strong></span> <span class='ocrx_word' id='word_1_180' title='bbox 1516 2613 1752 2669; x_wconf 89' lang='lat' dir='ltr'><strong>dictator</strong></span> <span class='ocrx_word' id='word_1_181' title='bbox 1775 2614 1959 2670; x_wconf 80' lang='lat' dir='ltr'><strong>dictus</strong></span> <span class='ocrx_word' id='word_1_182' title='bbox 1986 2623 2092 2681; x_wconf 89' lang='lat' dir='ltr'><strong>est,</strong></span> 
     </span>
    </p>
   </div>
   <div class='ocr_carea' id='block_1_28' title="bbox 520 2698 2094 2773">
    <p class='ocr_par' dir='ltr' id='par_1_28' title="bbox 520 2698 2094 2773">
     <span class='ocr_line' id='line_1_28' title="bbox 520 2698 2094 2773; baseline 0.006 -20"><span class='ocrx_word' id='word_1_183' title='bbox 520 2698 659 2753; x_wconf 89' lang='lat' dir='ltr'><strong>alios</strong></span> <span class='ocrx_word' id='word_1_184' title='bbox 685 2701 855 2752; x_wconf 79' lang='lat' dir='ltr'><strong>duees</strong></span> <span class='ocrx_word' id='word_1_185' title='bbox 882 2700 1082 2769; x_wconf 88' lang='lat' dir='ltr'><strong>opibus</strong></span> <span class='ocrx_word' id='word_1_186' title='bbox 1111 2711 1167 2756; x_wconf 87' lang='lat' dir='ltr'><strong>et</strong></span> <span class='ocrx_word' id='word_1_187' title='bbox 1195 2702 1356 2773; x_wconf 65' lang='grc'><strong>473</strong></span> <span class='ocrx_word' id='word_1_188' title='bbox 1389 2704 1800 2773; x_wconf 79' lang='lat' dir='ltr'><strong>magistratibus</strong></span> <span class='ocrx_word' id='word_1_189' title='bbox 1838 2723 2094 2763; x_wconf 81' lang='lat' dir='ltr'><strong>remune-</strong></span> 
     </span>
    </p>
   </div>
   <div class='ocr_carea' id='block_1_29' title="bbox 523 2779 2098 2859">
    <p class='ocr_par' dir='ltr' id='par_1_29' title="bbox 523 2779 2098 2859">
     <span class='ocr_line' id='line_1_29' title="bbox 523 2779 2098 2859; baseline 0.008 -18"><span class='ocrx_word' id='word_1_190' title='bbox 523 2796 697 2854; x_wconf 86' lang='lat' dir='ltr'><strong>ratus,</strong></span> <span class='ocrx_word' id='word_1_191' title='bbox 739 2779 1059 2859; x_wconf 40' lang='lat' dir='ltr'><strong>Pompe‘ium</strong></span> <span class='ocrx_word' id='word_1_192' title='bbox 1099 2794 1334 2848; x_wconf 88' lang='lat' dir='ltr'><strong>arctiore</strong></span> <span class='ocrx_word' id='word_1_193' title='bbox 1381 2795 1487 2849; x_wconf 81' lang='lat' dir='ltr'><strong>sibi</strong></span> <span class='ocrx_word' id='word_1_194' title='bbox 1545 2798 1954 2854; x_wconf 85' lang='lat' dir='ltr'><strong>necessitudine</strong></span> <span class='ocrx_word' id='word_1_195' title='bbox 2000 2799 2098 2854; x_wconf 90' lang='lat' dir='ltr'><strong>de-</strong></span> 
     </span>
    </p>
   </div>
   <div class='ocr_carea' id='block_1_30' title="bbox 521 2879 2096 2958">
    <p class='ocr_par' dir='ltr' id='par_1_30' title="bbox 521 2879 2096 2958">
     <span class='ocr_line' id='line_1_30' title="bbox 521 2879 2096 2958; baseline 0.008 -27"><span class='ocrx_word' id='word_1_196' title='bbox 521 2879 831 2942; x_wconf 82' lang='lat' dir='ltr'><strong>vincturus,</strong></span> <span class='ocrx_word' id='word_1_197' title='bbox 859 2881 909 2933; x_wconf 90' lang='lat' dir='ltr'><strong>ei</strong></span> <span class='ocrx_word' id='word_1_198' title='bbox 941 2882 1236 2951; x_wconf 88' lang='lat' dir='ltr'><strong>persuasit,</strong></span> <span class='ocrx_word' id='word_1_199' title='bbox 1265 2892 1327 2938; x_wconf 86' lang='lat' dir='ltr'><strong>ut</strong></span> <span class='ocrx_word' id='word_1_200' title='bbox 1353 2886 1575 2940; x_wconf 82' lang='lat' dir='ltr'><strong>dimissa</strong></span> <span class='ocrx_word' id='word_1_201' title='bbox 1603 2902 1772 2942; x_wconf 79' lang='lat' dir='ltr'><strong>uxore</strong></span> <span class='ocrx_word' id='word_1_202' title='bbox 1802 2904 1966 2958; x_wconf 88' lang='lat' dir='ltr'><strong>quam</strong></span> <span class='ocrx_word' id='word_1_203' title='bbox 1996 2891 2096 2945; x_wconf 85' lang='lat' dir='ltr'><strong>ha-</strong></span> 
     </span>
    </p>
   </div>
   <div class='ocr_carea' id='block_1_31' title="bbox 520 2968 2096 3045">
    <p class='ocr_par' dir='ltr' id='par_1_31' title="bbox 520 2968 2096 3045">
     <span class='ocr_line' id='line_1_31' title="bbox 520 2968 2096 3045; baseline 0.006 -20"><span class='ocrx_word' id='word_1_204' title='bbox 520 2969 709 3038; x_wconf 84' lang='lat' dir='ltr'><strong>bebat,</strong></span> <span class='ocrx_word' id='word_1_205' title='bbox 738 2968 1017 3024; x_wconf 54' lang='lat' dir='ltr'><strong>[Elimiam</strong></span> <span class='ocrx_word' id='word_1_206' title='bbox 1048 2971 1222 3042; x_wconf 85' lang='lat' dir='ltr'><strong>ipsius</strong></span> <span class='ocrx_word' id='word_1_207' title='bbox 1255 2973 1588 3045; x_wconf 79' lang='lat' dir='ltr'><strong>privignam,</strong></span> <span class='ocrx_word' id='word_1_208' title='bbox 1643 2976 1871 3033; x_wconf 75' lang='lat' dir='ltr'><strong>Metella:</strong></span> <span class='ocrx_word' id='word_1_209' title='bbox 1911 2983 2096 3035; x_wconf 75' lang='lat' dir='ltr'><strong>uxoris</strong></span> 
     </span>
    </p>
   </div>
   <div class='ocr_carea' id='block_1_32' title="bbox 521 3062 2093 3144">
    <p class='ocr_par' dir='ltr' id='par_1_32' title="bbox 521 3062 2093 3144">
     <span class='ocr_line' id='line_1_32' title="bbox 521 3062 2093 3144; baseline 0.008 -28"><span class='ocrx_word' id='word_1_210' title='bbox 521 3077 592 3117; x_wconf 79' lang='lat' dir='ltr'><strong>ex</strong></span> <span class='ocrx_word' id='word_1_211' title='bbox 617 3062 826 3117; x_wconf 89' lang='lat' dir='ltr'><strong>Scauro</strong></span> <span class='ocrx_word' id='word_1_212' title='bbox 853 3064 1052 3117; x_wconf 88' lang='lat' dir='ltr'><strong>marito</strong></span> <span class='ocrx_word' id='word_1_213' title='bbox 1089 3064 1272 3136; x_wconf 91' lang='lat' dir='ltr'><strong>priore</strong></span> <span class='ocrx_word' id='word_1_214' title='bbox 1305 3064 1494 3132; x_wconf 79' lang='lat' dir='ltr'><strong>filiam,</strong></span> <span class='ocrx_word' id='word_1_215' title='bbox 1535 3068 1779 3125; x_wconf 84' lang='lat' dir='ltr'><strong>duceret.</strong></span> <span class='ocrx_word' id='word_1_216' title='bbox 1809 3071 1866 3126; x_wconf 83' lang='lat' dir='ltr'><strong>Id</strong></span> <span class='ocrx_word' id='word_1_217' title='bbox 1899 3074 2093 3144; x_wconf 81' lang='lat' dir='ltr'><strong>conju-</strong></span> 
     </span>
    </p>
   </div>
   <div class='ocr_carea' id='block_1_33' title="bbox 2192 577 3747 656">
    <p class='ocr_par' dir='ltr' id='par_1_33' title="bbox 2192 577 3747 656">
     <span class='ocr_line' id='line_1_33' title="bbox 2192 577 3747 656; baseline -0.001 -17"><span class='ocrx_word' id='word_1_218' title='bbox 2192 583 2452 655; x_wconf 77' lang='grc' dir='ltr'>ἄσκησιν.</span> <span class='ocrx_word' id='word_1_219' title='bbox 2515 584 2625 637; x_wconf 79' lang='grc' dir='ltr'>Καὶ</span> <span class='ocrx_word' id='word_1_220' title='bbox 2663 582 2919 638; x_wconf 83' lang='grc' dir='ltr'>τοσοῦτον</span> <span class='ocrx_word' id='word_1_221' title='bbox 2956 577 3026 653; x_wconf 75' lang='grc' dir='ltr'>ἦν</span> <span class='ocrx_word' id='word_1_222' title='bbox 3051 581 3113 636; x_wconf 78' lang='grc' dir='ltr'>τὸ</span> <span class='ocrx_word' id='word_1_223' title='bbox 3149 581 3290 653; x_wconf 75' lang='grc' dir='ltr'>πρὸς</span> <span class='ocrx_word' id='word_1_224' title='bbox 3328 582 3495 636; x_wconf 76' lang='grc' dir='ltr'>αὑτὸν</span> <span class='ocrx_word' id='word_1_225' title='bbox 3524 584 3747 656; x_wconf 58' lang='grc' dir='ltr'>φίλτρου</span> 
     </span>
    </p>
   </div>
   <div class='ocr_carea' id='block_1_34' title="bbox 2191 672 3745 745">
    <p class='ocr_par' dir='ltr' id='par_1_34' title="bbox 2191 672 3745 745">
     <span class='ocr_line' id='line_1_34' title="bbox 2191 672 3745 745; baseline -0.001 -15"><span class='ocrx_word' id='word_1_226' title='bbox 2191 677 2268 741; x_wconf 85' lang='grc' dir='ltr'><strong>ὡς</strong></span> <span class='ocrx_word' id='word_1_227' title='bbox 2294 676 2577 741; x_wconf 76' lang='grc' dir='ltr'><strong>δείσαντος</strong></span> <span class='ocrx_word' id='word_1_228' title='bbox 2607 674 2777 730; x_wconf 77' lang='grc' dir='ltr'>αὐτοῦ</span> <span class='ocrx_word' id='word_1_229' title='bbox 2802 676 2895 729; x_wconf 79' lang='grc' dir='ltr'>τὸν</span> <span class='ocrx_word' id='word_1_230' title='bbox 2931 675 3132 731; x_wconf 86' lang='grc' dir='ltr'>Κίνναν</span> <span class='ocrx_word' id='word_1_231' title='bbox 3161 676 3229 729; x_wconf 81' lang='grc' dir='ltr'>ὲκ</span> <span class='ocrx_word' id='word_1_232' title='bbox 3270 675 3528 745; x_wconf 81' lang='grc' dir='ltr'>διαϐολῆς</span> <span class='ocrx_word' id='word_1_233' title='bbox 3557 676 3641 730; x_wconf 64' lang='grc' dir='ltr'><strong>καὶ⁵</strong></span> <span class='ocrx_word' id='word_1_234' title='bbox 3664 672 3745 732; x_wconf 72' lang='grc' dir='ltr'>τοῦ</span> 
     </span>
    </p>
   </div>
   <div class='ocr_carea' id='block_1_35' title="bbox 2193 767 3743 841">
    <p class='ocr_par' dir='ltr' id='par_1_35' title="bbox 2193 767 3743 841">
     <span class='ocr_line' id='line_1_35' title="bbox 2193 767 3743 841; baseline 0 -17"><span class='ocrx_word' id='word_1_235' title='bbox 2193 768 2563 841; x_wconf 83' lang='grc' dir='ltr'>στρατοπέδου</span> <span class='ocrx_word' id='word_1_236' title='bbox 2610 769 2789 840; x_wconf 83' lang='grc' dir='ltr'>λάθρα</span> <span class='ocrx_word' id='word_1_237' title='bbox 2842 767 3250 833; x_wconf 75' lang='grc' dir='ltr'><strong>διεκπεσόντος,</strong></span> <span class='ocrx_word' id='word_1_238' title='bbox 3303 768 3429 822; x_wconf 68' lang='grc' dir='ltr'>ἐπεί</span> <span class='ocrx_word' id='word_1_239' title='bbox 3482 785 3544 822; x_wconf 83' lang='grc' dir='ltr'><strong>τε</strong></span> <span class='ocrx_word' id='word_1_240' title='bbox 3583 769 3654 841; x_wconf 81' lang='grc' dir='ltr'>μὴ</span> <span class='ocrx_word' id='word_1_241' title='bbox 3689 767 3743 841; x_wconf 78' lang='grc' dir='ltr'>ἧν</span> 
     </span>
    </p>
   </div>
   <div class='ocr_carea' id='block_1_36' title="bbox 2192 858 3745 933">
    <p class='ocr_par' dir='ltr' id='par_1_36' title="bbox 2192 858 3745 933">
     <span class='ocr_line' id='line_1_36' title="bbox 2192 858 3745 933; baseline 0.001 -17"><span class='ocrx_word' id='word_1_242' title='bbox 2192 862 2444 933; x_wconf 69' lang='grc' dir='ltr'>ιμφανὴς</span> <span class='ocrx_word' id='word_1_243' title='bbox 2499 861 2663 931; x_wconf 83' lang='grc' dir='ltr'>λόγου</span> <span class='ocrx_word' id='word_1_244' title='bbox 2730 859 3070 923; x_wconf 72' lang='grc' dir='ltr'><strong>διαδοθέντος</strong></span> <span class='ocrx_word' id='word_1_245' title='bbox 3129 860 3214 914; x_wconf 85' lang='grc' dir='ltr'>ὅτι</span> <span class='ocrx_word' id='word_1_246' title='bbox 3287 858 3561 931; x_wconf 77' lang='grc' dir='ltr'><strong>ἀνῄρηται</strong></span> <span class='ocrx_word' id='word_1_247' title='bbox 3620 864 3745 933; x_wconf 77' lang='grc' dir='ltr'>παρὰ</span> 
     </span>
    </p>
   </div>
   <div class='ocr_carea' id='block_1_37' title="bbox 2193 950 3745 1025">
    <p class='ocr_par' dir='ltr' id='par_1_37' title="bbox 2193 950 3745 1025">
     <span class='ocr_line' id='line_1_37' title="bbox 2193 950 3745 1025; baseline -0.003 -14"><span class='ocrx_word' id='word_1_248' title='bbox 2193 954 2391 1023; x_wconf 89' lang='grc' dir='ltr'>Κίννα,</span> <span class='ocrx_word' id='word_1_249' title='bbox 2425 953 2696 1025; x_wconf 83' lang='grc' dir='ltr'>ὥρμησαν</span> <span class='ocrx_word' id='word_1_250' title='bbox 2727 952 2847 1007; x_wconf 85' lang='grc' dir='ltr'>κατ’</span> <span class='ocrx_word' id='word_1_251' title='bbox 2875 950 3047 1007; x_wconf 79' lang='grc' dir='ltr'>αὑτοῦ</span> <span class='ocrx_word' id='word_1_252' title='bbox 3082 954 3131 1006; x_wconf 83' lang='grc' dir='ltr'>οἱ</span> <span class='ocrx_word' id='word_1_253' title='bbox 3160 951 3459 1023; x_wconf 80' lang='grc' dir='ltr'>μισοῦντες</span> <span class='ocrx_word' id='word_1_254' title='bbox 3481 954 3574 1008; x_wconf 80' lang='grc' dir='ltr'>καὶ</span> <span class='ocrx_word' id='word_1_255' title='bbox 3598 954 3745 1020; x_wconf 60' lang='lat' dir='ltr'><strong>am»;</strong></span> 
     </span>
    </p>
   </div>
   <div class='ocr_carea' id='block_1_38' title="bbox 2195 1044 3746 1120">
    <p class='ocr_par' dir='ltr' id='par_1_38' title="bbox 2195 1044 3746 1120">
     <span class='ocr_line' id='line_1_38' title="bbox 2195 1044 3746 1120; baseline -0.003 -17"><span class='ocrx_word' id='word_1_256' title='bbox 2195 1048 2383 1116; x_wconf 81' lang='grc' dir='ltr'>αὐτὸν,</span> <span class='ocrx_word' id='word_1_257' title='bbox 2452 1047 2549 1101; x_wconf 78' lang='grc' dir='ltr'>καὶ</span> <span class='ocrx_word' id='word_1_258' title='bbox 2597 1045 2843 1120; x_wconf 73' lang='grc' dir='ltr'>ἀνῃρέθη</span> <span class='ocrx_word' id='word_1_259' title='bbox 2885 1044 3089 1109; x_wconf 88' lang='grc' dir='ltr'>Κίννας</span> <span class='ocrx_word' id='word_1_260' title='bbox 3134 1044 3363 1114; x_wconf 79' lang='grc' dir='ltr'><strong>φεύγων</strong></span> <span class='ocrx_word' id='word_1_261' title='bbox 3404 1046 3746 1115; x_wconf 75' lang='grc' dir='ltr'>καταληφθεὶς</span> 
     </span>
    </p>
   </div>
   <div class='ocr_carea' id='block_1_39' title="bbox 2194 1136 3742 1209">
    <p class='ocr_par' dir='ltr' id='par_1_39' title="bbox 2194 1136 3742 1209">
     <span class='ocr_line' id='line_1_39' title="bbox 2194 1136 3742 1209; baseline -0.001 -14"><span class='ocrx_word' id='word_1_262' title='bbox 2194 1141 2304 1195; x_wconf 85' lang='grc' dir='ltr'><strong>ύπό</strong></span> <span class='ocrx_word' id='word_1_263' title='bbox 2339 1157 2437 1195; x_wconf 86' lang='grc' dir='ltr'><strong>του</strong></span> <span class='ocrx_word' id='word_1_264' title='bbox 2461 1140 2572 1194; x_wconf 84' lang='grc' dir='ltr'><strong>τῶν</strong></span> <span class='ocrx_word' id='word_1_265' title='bbox 2595 1138 2869 1209; x_wconf 80' lang='grc' dir='ltr'>λοχαγῶν.</span> <span class='ocrx_word' id='word_1_266' title='bbox 2924 1137 3086 1192; x_wconf 74' lang='grc' dir='ltr'>Οὕτω</span> <span class='ocrx_word' id='word_1_267' title='bbox 3120 1138 3177 1192; x_wconf 77' lang='grc' dir='ltr'>δὲ</span> <span class='ocrx_word' id='word_1_268' title='bbox 3229 1136 3410 1194; x_wconf 84' lang='grc' dir='ltr'>Κίννα</span> <span class='ocrx_word' id='word_1_269' title='bbox 3454 1138 3742 1209; x_wconf 74' lang='grc' dir='ltr'><strong>φθαρέντος,</strong></span> 
     </span>
    </p>
   </div>
   <div class='ocr_carea' id='block_1_40' title="bbox 2197 1230 3745 1304">
    <p class='ocr_par' dir='ltr' id='par_1_40' title="bbox 2197 1230 3745 1304">
     <span class='ocr_line' id='line_1_40' title="bbox 2197 1230 3745 1304; baseline -0.003 -17"><span class='ocrx_word' id='word_1_270' title='bbox 2197 1232 2436 1304; x_wconf 80' lang='grc' dir='ltr'>Κάρϐων</span> <span class='ocrx_word' id='word_1_271' title='bbox 2481 1233 2552 1286; x_wconf 57' lang='lat' dir='ltr'><strong>ea</strong></span> <span class='ocrx_word' id='word_1_272' title='bbox 2599 1231 2905 1302; x_wconf 78' lang='grc' dir='ltr'>πράγματα</span> <span class='ocrx_word' id='word_1_273' title='bbox 2960 1230 3265 1296; x_wconf 78' lang='grc' dir='ltr'>διεδέξατο,</span> <span class='ocrx_word' id='word_1_274' title='bbox 3327 1232 3745 1302; x_wconf 76' lang='grc' dir='ltr'><strong>ἐμπληκτότερος</strong></span> 
     </span>
    </p>
   </div>
   <div class='ocr_carea' id='block_1_41' title="bbox 2194 1322 3744 1396">
    <p class='ocr_par' dir='ltr' id='par_1_41' title="bbox 2194 1322 3744 1396">
     <span class='ocr_line' id='line_1_41' title="bbox 2194 1322 3744 1396; baseline -0.002 -16"><span class='ocrx_word' id='word_1_275' title='bbox 2194 1326 2404 1380; x_wconf 66' lang='grc' dir='ltr'>ἐκείνου</span> <span class='ocrx_word' id='word_1_276' title='bbox 2431 1324 2716 1396; x_wconf 83' lang='grc' dir='ltr'>τύραννος.</span> <span class='ocrx_word' id='word_1_277' title='bbox 2732 1323 2839 1378; x_wconf 81' lang='grc' dir='ltr'><strong>Τοῦ</strong></span> <span class='ocrx_word' id='word_1_278' title='bbox 2864 1323 3038 1377; x_wconf 81' lang='grc' dir='ltr'>Σύλλα</span> <span class='ocrx_word' id='word_1_279' title='bbox 3066 1324 3113 1377; x_wconf 84' lang='grc' dir='ltr'>δ’</span> <span class='ocrx_word' id='word_1_280' title='bbox 3141 1322 3656 1394; x_wconf 80' lang='grc' dir='ltr'>ἀντικαθισταμένου</span> <span class='ocrx_word' id='word_1_281' title='bbox 3682 1326 3744 1395; x_wconf 81' lang='grc' dir='ltr'>τῷ</span> 
     </span>
    </p>
   </div>
   <div class='ocr_carea' id='block_1_42' title="bbox 2197 1412 3743 1488">
    <p class='ocr_par' dir='ltr' id='par_1_42' title="bbox 2197 1412 3743 1488">
     <span class='ocr_line' id='line_1_42' title="bbox 2197 1412 3743 1488; baseline -0.002 -16"><span class='ocrx_word' id='word_1_282' title='bbox 2197 1416 2480 1488; x_wconf 83' lang='grc' dir='ltr'>Κάρϐωνι,</span> <span class='ocrx_word' id='word_1_283' title='bbox 2531 1416 2710 1487; x_wconf 82' lang='grc' dir='ltr'>τούτῳ</span> <span class='ocrx_word' id='word_1_284' title='bbox 2767 1413 3074 1488; x_wconf 77' lang='grc' dir='ltr'>προσετέθη</span> <span class='ocrx_word' id='word_1_285' title='bbox 3124 1417 3223 1469; x_wconf 78' lang='grc' dir='ltr'>καὶ</span> <span class='ocrx_word' id='word_1_286' title='bbox 3267 1418 3296 1469; x_wconf 89' lang='grc' dir='ltr'><strong>ό</strong></span> <span class='ocrx_word' id='word_1_287' title='bbox 3350 1412 3655 1486; x_wconf 62' lang='grc' dir='ltr'>Πομπήϊος·</span> <span class='ocrx_word' id='word_1_288' title='bbox 3693 1418 3743 1469; x_wconf 81' lang='grc' dir='ltr'>οὐ</span> 
     </span>
    </p>
   </div>
   <div class='ocr_carea' id='block_1_43' title="bbox 2195 1507 3745 1580">
    <p class='ocr_par' dir='ltr' id='par_1_43' title="bbox 2195 1507 3745 1580">
     <span class='ocr_line' id='line_1_43' title="bbox 2195 1507 3745 1580; baseline -0.001 -18"><span class='ocrx_word' id='word_1_289' title='bbox 2195 1508 2464 1578; x_wconf 76' lang='grc' dir='ltr'>πρότερον</span> <span class='ocrx_word' id='word_1_290' title='bbox 2510 1508 2697 1578; x_wconf 73' lang='grc' dir='ltr'>μέντοι</span> <span class='ocrx_word' id='word_1_291' title='bbox 2754 1507 3030 1580; x_wconf 73' lang='grc' dir='ltr'>προσῆλθε</span> <span class='ocrx_word' id='word_1_292' title='bbox 3092 1509 3227 1579; x_wconf 76' lang='grc' dir='ltr'>πρὶν</span> <span class='ocrx_word' id='word_1_293' title='bbox 3275 1507 3343 1561; x_wconf 84' lang='grc' dir='ltr'><strong>ἀν</strong></span> <span class='ocrx_word' id='word_1_294' title='bbox 3372 1524 3514 1571; x_wconf 88' lang='grc' dir='ltr'>τινος</span> <span class='ocrx_word' id='word_1_295' title='bbox 3556 1509 3745 1580; x_wconf 79' lang='grc' dir='ltr'>χάριτος</span> 
     </span>
    </p>
   </div>
   <div class='ocr_carea' id='block_1_44' title="bbox 2195 1596 3747 1673">
    <p class='ocr_par' dir='ltr' id='par_1_44' title="bbox 2195 1596 3747 1673">
     <span class='ocr_line' id='line_1_44' title="bbox 2195 1596 3747 1673; baseline 0.002 -20"><span class='ocrx_word' id='word_1_296' title='bbox 2195 1600 2334 1672; x_wconf 74' lang='grc' dir='ltr'>πρὸς</span> <span class='ocrx_word' id='word_1_297' title='bbox 2384 1601 2595 1653; x_wconf 67' lang='grc' dir='ltr'>ἐκεῖνον</span> <span class='ocrx_word' id='word_1_298' title='bbox 2661 1601 2997 1673; x_wconf 77' lang='grc' dir='ltr'>κατήρξατο.</span> <span class='ocrx_word' id='word_1_299' title='bbox 3025 1596 3136 1653; x_wconf 86' lang='grc' dir='ltr'>Ἦν</span> <span class='ocrx_word' id='word_1_300' title='bbox 3174 1601 3278 1672; x_wconf 73' lang='grc' dir='ltr'>μὲν</span> <span class='ocrx_word' id='word_1_301' title='bbox 3311 1599 3408 1654; x_wconf 79' lang='grc' dir='ltr'>οὖν</span> <span class='ocrx_word' id='word_1_302' title='bbox 3449 1602 3566 1655; x_wconf 78' lang='grc' dir='ltr'>τότε</span> <span class='ocrx_word' id='word_1_303' title='bbox 3599 1603 3747 1656; x_wconf 76' lang='grc' dir='ltr'>εἰκοσι</span> 
     </span>
    </p>
   </div>
   <div class='ocr_carea' id='block_1_45' title="bbox 2194 1692 3746 1765">
    <p class='ocr_par' dir='ltr' id='par_1_45' title="bbox 2194 1692 3746 1765">
     <span class='ocr_line' id='line_1_45' title="bbox 2194 1692 3746 1765; baseline 0.001 -19"><span class='ocrx_word' id='word_1_304' title='bbox 2194 1694 2289 1746; x_wconf 74' lang='grc' dir='ltr'>καὶ</span> <span class='ocrx_word' id='word_1_305' title='bbox 2310 1692 2438 1763; x_wconf 84' lang='grc' dir='ltr'>τρία</span> <span class='ocrx_word' id='word_1_306' title='bbox 2475 1695 2718 1762; x_wconf 84' lang='grc' dir='ltr'>γεγονὼς</span> <span class='ocrx_word' id='word_1_307' title='bbox 2748 1693 2868 1765; x_wconf 68' lang='grc' dir='ltr'>ἐτη,</span> <span class='ocrx_word' id='word_1_308' title='bbox 2899 1692 2996 1747; x_wconf 77' lang='grc' dir='ltr'>καὶ</span> <span class='ocrx_word' id='word_1_309' title='bbox 3038 1692 3446 1764; x_wconf 77' lang='grc' dir='ltr'>στρατιωτικὸν</span> <span class='ocrx_word' id='word_1_310' title='bbox 3477 1693 3746 1762; x_wconf 76' lang='grc' dir='ltr'>καταλέξας</span> 
     </span>
    </p>
   </div>
   <div class='ocr_carea' id='block_1_46' title="bbox 2196 1784 3748 1857">
    <p class='ocr_par' dir='ltr' id='par_1_46' title="bbox 2196 1784 3748 1857">
     <span class='ocr_line' id='line_1_46' title="bbox 2196 1784 3748 1857; baseline -0.001 -19"><span class='ocrx_word' id='word_1_311' title='bbox 2196 1785 2411 1857; x_wconf 78' lang='grc' dir='ltr'>περιῄει</span> <span class='ocrx_word' id='word_1_312' title='bbox 2469 1786 2568 1849; x_wconf 69' lang='grc' dir='ltr'><strong>τὰς</strong></span> <span class='ocrx_word' id='word_1_313' title='bbox 2633 1784 2842 1849; x_wconf 80' lang='grc' dir='ltr'>πόλεις,</span> <span class='ocrx_word' id='word_1_314' title='bbox 2892 1786 3019 1849; x_wconf 74' lang='grc' dir='ltr'>τοὺς</span> <span class='ocrx_word' id='word_1_315' title='bbox 3049 1788 3119 1839; x_wconf 69' lang='grc' dir='ltr'><strong>τά</strong></span> <span class='ocrx_word' id='word_1_316' title='bbox 3166 1786 3471 1854; x_wconf 83' lang='grc' dir='ltr'>Κάρϐωνος</span> <span class='ocrx_word' id='word_1_317' title='bbox 3526 1786 3748 1857; x_wconf 72' lang='grc' dir='ltr'>φρονοῦνο</span> 
     </span>
    </p>
   </div>
   <div class='ocr_carea' id='block_1_47' title="bbox 2195 1874 3743 1945">
    <p class='ocr_par' dir='ltr' id='par_1_47' title="bbox 2195 1874 3743 1945">
     <span class='ocr_line' id='line_1_47' title="bbox 2195 1874 3743 1945; baseline 0.001 -18"><span class='ocrx_word' id='word_1_318' title='bbox 2195 1893 2293 1939; x_wconf 90' lang='grc' dir='ltr'><strong>τας</strong></span> <span class='ocrx_word' id='word_1_319' title='bbox 2357 1874 2659 1941; x_wconf 74' lang='grc' dir='ltr'>ἐξελαύνων</span> <span class='ocrx_word' id='word_1_320' title='bbox 2721 1874 2899 1929; x_wconf 81' lang='grc' dir='ltr'>αὐτῶν</span> <span class='ocrx_word' id='word_1_321' title='bbox 2931 1913 2946 1938; x_wconf 88' lang='grc'><strong>,</strong></span> <span class='ocrx_word' id='word_1_322' title='bbox 2991 1875 3086 1928; x_wconf 81' lang='grc' dir='ltr'>καὶ</span> <span class='ocrx_word' id='word_1_323' title='bbox 3138 1874 3277 1945; x_wconf 80' lang='grc' dir='ltr'>πρὸς</span> <span class='ocrx_word' id='word_1_324' title='bbox 3327 1874 3532 1928; x_wconf 79' lang='grc' dir='ltr'>Σύλλαν</span> <span class='ocrx_word' id='word_1_325' title='bbox 3577 1874 3743 1929; x_wconf 74' lang='grc' dir='ltr'>άπιώι.</span> 
     </span>
    </p>
   </div>
   <div class='ocr_carea' id='block_1_48' title="bbox 2209 1967 3746 2038">
    <p class='ocr_par' dir='ltr' id='par_1_48' title="bbox 2209 1967 3746 2038">
     <span class='ocr_line' id='line_1_48' title="bbox 2209 1967 3746 2038; baseline -0.001 -17"><span class='ocrx_word' id='word_1_326' title='bbox 2209 1968 2298 2021; x_wconf 83' lang='grc' dir='ltr'>Ἐν</span> <span class='ocrx_word' id='word_1_327' title='bbox 2360 1967 2418 2021; x_wconf 67' lang='grc' dir='ltr'>δὲ</span> <span class='ocrx_word' id='word_1_328' title='bbox 2469 1967 2550 2038; x_wconf 82' lang='grc' dir='ltr'>τῷ</span> <span class='ocrx_word' id='word_1_329' title='bbox 2598 1968 2823 2022; x_wconf 79' lang='grc' dir='ltr'>ἀπιέναι</span> <span class='ocrx_word' id='word_1_330' title='bbox 2876 1969 3028 2037; x_wconf 80' lang='grc' dir='ltr'>τρεῖς</span> <span class='ocrx_word' id='word_1_331' title='bbox 3103 1967 3271 2020; x_wconf 73' lang='grc' dir='ltr'>αὐτὸν</span> <span class='ocrx_word' id='word_1_332' title='bbox 3323 1969 3611 2038; x_wconf 82' lang='grc' dir='ltr'>στρατηγοὶ</span> <span class='ocrx_word' id='word_1_333' title='bbox 3658 1967 3746 2021; x_wconf 81' lang='grc' dir='ltr'>τῶν</span> 
     </span>
    </p>
   </div>
   <div class='ocr_carea' id='block_1_49' title="bbox 2191 2057 3745 2131">
    <p class='ocr_par' dir='ltr' id='par_1_49' title="bbox 2191 2057 3745 2131">
     <span class='ocr_line' id='line_1_49' title="bbox 2191 2057 3745 2131; baseline 0.001 -19"><span class='ocrx_word' id='word_1_334' title='bbox 2191 2060 2616 2131; x_wconf 75' lang='grc' dir='ltr'>προσκειμένων</span> <span class='ocrx_word' id='word_1_335' title='bbox 2669 2059 2750 2130; x_wconf 81' lang='grc' dir='ltr'>τῷ</span> <span class='ocrx_word' id='word_1_336' title='bbox 2823 2058 3085 2130; x_wconf 77' lang='grc' dir='ltr'>Κάρϐωνι</span> <span class='ocrx_word' id='word_1_337' title='bbox 3135 2057 3541 2114; x_wconf 78' lang='grc' dir='ltr'>ἐκυκλώσαντο.</span> <span class='ocrx_word' id='word_1_338' title='bbox 3596 2060 3646 2115; x_wconf 90' lang='lat'><strong>&#39;0</strong></span> <span class='ocrx_word' id='word_1_339' title='bbox 3700 2060 3745 2113; x_wconf 69' lang='grc' dir='ltr'>δὲ</span> 
     </span>
    </p>
   </div>
   <div class='ocr_carea' id='block_1_50' title="bbox 2193 2149 3744 2224">
    <p class='ocr_par' dir='ltr' id='par_1_50' title="bbox 2193 2149 3744 2224">
     <span class='ocr_line' id='line_1_50' title="bbox 2193 2149 3744 2224; baseline 0.001 -20"><span class='ocrx_word' id='word_1_340' title='bbox 2193 2149 2418 2216; x_wconf 79' lang='grc' dir='ltr'>τούτους</span> <span class='ocrx_word' id='word_1_341' title='bbox 2495 2150 2860 2222; x_wconf 66' lang='grc' dir='ltr'>τρεψάμενος,</span> <span class='ocrx_word' id='word_1_342' title='bbox 2931 2152 3031 2215; x_wconf 77' lang='grc' dir='ltr'><strong>τάς</strong></span> <span class='ocrx_word' id='word_1_343' title='bbox 3085 2153 3279 2214; x_wconf 77' lang='grc' dir='ltr'>πόλεις</span> <span class='ocrx_word' id='word_1_344' title='bbox 3326 2152 3478 2224; x_wconf 83' lang='grc' dir='ltr'>αὐτῷ</span> <span class='ocrx_word' id='word_1_345' title='bbox 3528 2170 3744 2223; x_wconf 83' lang='grc' dir='ltr'>προσχω-</span> 
     </span>
    </p>
   </div>
   <div class='ocr_carea' id='block_1_51' title="bbox 2196 2240 3735 2316">
    <p class='ocr_par' dir='ltr' id='par_1_51' title="bbox 2196 2240 3735 2316">
     <span class='ocr_line' id='line_1_51' title="bbox 2196 2240 3735 2316; baseline -0.001 -18"><span class='ocrx_word' id='word_1_346' title='bbox 2196 2246 2399 2316; x_wconf 84' lang='grc' dir='ltr'>ρούσας</span> <span class='ocrx_word' id='word_1_347' title='bbox 2451 2245 2686 2315; x_wconf 76' lang='grc' dir='ltr'>ἐδέχετο.</span> <span class='ocrx_word' id='word_1_348' title='bbox 2749 2241 2864 2297; x_wconf 79' lang='grc' dir='ltr'>Εἶτ’</span> <span class='ocrx_word' id='word_1_349' title='bbox 2916 2240 3073 2308; x_wconf 77' lang='grc' dir='ltr'>αὖθις</span> <span class='ocrx_word' id='word_1_350' title='bbox 3096 2246 3411 2308; x_wconf 78' lang='grc' dir='ltr'>Σκιπίωνος</span> <span class='ocrx_word' id='word_1_351' title='bbox 3440 2244 3530 2298; x_wconf 84' lang='grc' dir='ltr'>τοῦ</span> <span class='ocrx_word' id='word_1_352' title='bbox 3563 2245 3735 2299; x_wconf 78' lang='grc' dir='ltr'>ὑπάτου</span> 
     </span>
    </p>
   </div>
   <div class='ocr_carea' id='block_1_52' title="bbox 2197 2336 3742 2408">
    <p class='ocr_par' dir='ltr' id='par_1_52' title="bbox 2197 2336 3742 2408">
     <span class='ocr_line' id='line_1_52' title="bbox 2197 2336 3742 2408; baseline -0.003 -17"><span class='ocrx_word' id='word_1_353' title='bbox 2197 2340 2443 2402; x_wconf 73' lang='grc' dir='ltr'>ἐπιόντος</span> <span class='ocrx_word' id='word_1_354' title='bbox 2472 2337 2641 2405; x_wconf 77' lang='grc' dir='ltr'>αὐτῷ,</span> <span class='ocrx_word' id='word_1_355' title='bbox 2666 2336 2727 2390; x_wconf 69' lang='grc' dir='ltr'>τὸ</span> <span class='ocrx_word' id='word_1_356' title='bbox 2760 2336 3066 2399; x_wconf 82' lang='grc' dir='ltr'>Σκιπίωνος</span> <span class='ocrx_word' id='word_1_357' title='bbox 3091 2337 3492 2408; x_wconf 72' lang='grc' dir='ltr'>στρατιωτικὸν</span> <span class='ocrx_word' id='word_1_358' title='bbox 3529 2337 3742 2389; x_wconf 74' lang='grc' dir='ltr'>ἀσπασά-</span> 
     </span>
    </p>
   </div>
   <div class='ocr_carea' id='block_1_53' title="bbox 2200 2425 3739 2500">
    <p class='ocr_par' dir='ltr' id='par_1_53' title="bbox 2200 2425 3739 2500">
     <span class='ocr_line' id='line_1_53' title="bbox 2200 2425 3739 2500; baseline -0.001 -19"><span class='ocrx_word' id='word_1_359' title='bbox 2200 2445 2360 2499; x_wconf 86' lang='grc' dir='ltr'>μενον</span> <span class='ocrx_word' id='word_1_360' title='bbox 2389 2428 2515 2491; x_wconf 80' lang='grc' dir='ltr'>τοὺς</span> <span class='ocrx_word' id='word_1_361' title='bbox 2538 2427 2635 2481; x_wconf 83' lang='grc' dir='ltr'>τοῦ</span> <span class='ocrx_word' id='word_1_362' title='bbox 2659 2429 2970 2499; x_wconf 81' lang='grc' dir='ltr'>Πομπηΐου,</span> <span class='ocrx_word' id='word_1_363' title='bbox 3003 2428 3155 2499; x_wconf 84' lang='grc' dir='ltr'>αύτῷ</span> <span class='ocrx_word' id='word_1_364' title='bbox 3190 2426 3627 2500; x_wconf 75' lang='grc' dir='ltr'>προσερρύησαν,</span> <span class='ocrx_word' id='word_1_365' title='bbox 3649 2429 3673 2482; x_wconf 83' lang='grc' dir='ltr'><strong><em>ὁ</em></strong></span> <span class='ocrx_word' id='word_1_366' title='bbox 3694 2425 3739 2479; x_wconf 79' lang='grc' dir='ltr'><strong>δι</strong></span> 
     </span>
    </p>
   </div>
   <div class='ocr_carea' id='block_1_54' title="bbox 2198 2518 3740 2591">
    <p class='ocr_par' dir='ltr' id='par_1_54' title="bbox 2198 2518 3740 2591">
     <span class='ocr_line' id='line_1_54' title="bbox 2198 2518 3740 2591; baseline 0.001 -19"><span class='ocrx_word' id='word_1_367' title='bbox 2198 2518 2441 2572; x_wconf 80' lang='grc' dir='ltr'>Σκιπίων</span> <span class='ocrx_word' id='word_1_368' title='bbox 2496 2519 2689 2587; x_wconf 75' lang='grc' dir='ltr'>ἔφυγε.</span> <span class='ocrx_word' id='word_1_369' title='bbox 2749 2522 2859 2574; x_wconf 76' lang='grc' dir='ltr'>Καὶ</span> <span class='ocrx_word' id='word_1_370' title='bbox 2925 2519 3229 2591; x_wconf 85' lang='grc' dir='ltr'>Κάρϐωνος</span> <span class='ocrx_word' id='word_1_371' title='bbox 3286 2521 3345 2573; x_wconf 81' lang='grc' dir='ltr'>δὲ</span> <span class='ocrx_word' id='word_1_372' title='bbox 3399 2521 3597 2575; x_wconf 78' lang='grc' dir='ltr'>ἱππέων</span> <span class='ocrx_word' id='word_1_373' title='bbox 3646 2521 3740 2583; x_wconf 71' lang='grc' dir='ltr'>ἴλας</span> 
     </span>
    </p>
   </div>
   <div class='ocr_carea' id='block_1_55' title="bbox 2200 2612 3736 2686">
    <p class='ocr_par' dir='ltr' id='par_1_55' title="bbox 2200 2612 3736 2686">
     <span class='ocr_line' id='line_1_55' title="bbox 2200 2612 3736 2686; baseline 0.003 -21"><span class='ocrx_word' id='word_1_374' title='bbox 2200 2613 2402 2683; x_wconf 86' lang='grc' dir='ltr'>συχνάς</span> <span class='ocrx_word' id='word_1_375' title='bbox 2430 2612 2749 2682; x_wconf 73' lang='grc' dir='ltr'>πέμψαντος</span> <span class='ocrx_word' id='word_1_376' title='bbox 2774 2614 2893 2668; x_wconf 81' lang='grc' dir='ltr'>κατ’</span> <span class='ocrx_word' id='word_1_377' title='bbox 2920 2613 3112 2678; x_wconf 79' lang='grc' dir='ltr'>αὐτοῦ,</span> <span class='ocrx_word' id='word_1_378' title='bbox 3136 2615 3238 2668; x_wconf 73' lang='grc' dir='ltr'>καὶ</span> <span class='ocrx_word' id='word_1_379' title='bbox 3268 2614 3474 2678; x_wconf 85' lang='grc' dir='ltr'>ταύτας</span> <span class='ocrx_word' id='word_1_380' title='bbox 3494 2616 3736 2686; x_wconf 67' lang='grc' dir='ltr'>ἐτρέψατο,</span> 
     </span>
    </p>
   </div>
   <div class='ocr_carea' id='block_1_56' title="bbox 2195 2702 3735 2774">
    <p class='ocr_par' dir='ltr' id='par_1_56' title="bbox 2195 2702 3735 2774">
     <span class='ocr_line' id='line_1_56' title="bbox 2195 2702 3735 2774; baseline -0.001 -17"><span class='ocrx_word' id='word_1_381' title='bbox 2195 2703 2269 2766; x_wconf 84' lang='grc' dir='ltr'>ὡς</span> <span class='ocrx_word' id='word_1_382' title='bbox 2299 2703 2369 2756; x_wconf 82' lang='grc' dir='ltr'>δι’</span> <span class='ocrx_word' id='word_1_383' title='bbox 2402 2703 2715 2770; x_wconf 76' lang='grc' dir='ltr'>ἀπόγνωσιν</span> <span class='ocrx_word' id='word_1_384' title='bbox 2766 2702 3041 2773; x_wconf 79' lang='grc' dir='ltr'>σωτηρίας</span> <span class='ocrx_word' id='word_1_385' title='bbox 3070 2704 3305 2767; x_wconf 74' lang='grc' dir='ltr'>ἑαυτοὺς</span> <span class='ocrx_word' id='word_1_386' title='bbox 3339 2703 3487 2774; x_wconf 83' lang='grc' dir='ltr'><strong>αύτῴ</strong></span> <span class='ocrx_word' id='word_1_387' title='bbox 3538 2704 3735 2774; x_wconf 77' lang='grc' dir='ltr'>ἐγχειρί-</span> 
     </span>
    </p>
   </div>
   <div class='ocr_carea' id='block_1_57' title="bbox 2198 2795 3741 2866">
    <p class='ocr_par' dir='ltr' id='par_1_57' title="bbox 2198 2795 3741 2866">
     <span class='ocr_line' id='line_1_57' title="bbox 2198 2795 3741 2866; baseline 0.001 -16"><span class='ocrx_word' id='word_1_388' title='bbox 2198 2813 2321 2859; x_wconf 88' lang='grc' dir='ltr'>σας.</span> <span class='ocrx_word' id='word_1_389' title='bbox 2371 2795 2529 2850; x_wconf 76' lang='grc' dir='ltr'>Οὖτω</span> <span class='ocrx_word' id='word_1_390' title='bbox 2568 2796 2628 2850; x_wconf 79' lang='grc' dir='ltr'>δὲ</span> <span class='ocrx_word' id='word_1_391' title='bbox 2674 2795 2838 2850; x_wconf 82' lang='grc' dir='ltr'>αὐτὸν</span> <span class='ocrx_word' id='word_1_392' title='bbox 2886 2796 2914 2849; x_wconf 88' lang='grc' dir='ltr'><strong>ό</strong></span> <span class='ocrx_word' id='word_1_393' title='bbox 2947 2796 3152 2858; x_wconf 83' lang='grc' dir='ltr'>Σύλλας</span> <span class='ocrx_word' id='word_1_394' title='bbox 3191 2798 3418 2862; x_wconf 71' lang='grc' dir='ltr'>ἐδέξατο</span> <span class='ocrx_word' id='word_1_395' title='bbox 3455 2798 3527 2860; x_wconf 85' lang='grc' dir='ltr'>ὼς</span> <span class='ocrx_word' id='word_1_396' title='bbox 3565 2801 3741 2866; x_wconf 79' lang='grc' dir='ltr'>ἀποπη-</span> 
     </span>
    </p>
   </div>
   <div class='ocr_carea' id='block_1_58' title="bbox 2196 2887 3736 2960">
    <p class='ocr_par' dir='ltr' id='par_1_58' title="bbox 2196 2887 3736 2960">
     <span class='ocr_line' id='line_1_58' title="bbox 2196 2887 3736 2960; baseline -0.001 -17"><span class='ocrx_word' id='word_1_397' title='bbox 2196 2890 2358 2960; x_wconf 77' lang='grc' dir='ltr'>δῆσαι</span> <span class='ocrx_word' id='word_1_398' title='bbox 2381 2887 2474 2941; x_wconf 85' lang='grc' dir='ltr'>τοῦ</span> <span class='ocrx_word' id='word_1_399' title='bbox 2504 2889 2693 2954; x_wconf 80' lang='grc' dir='ltr'>ἵππου,</span> <span class='ocrx_word' id='word_1_400' title='bbox 2724 2889 2821 2942; x_wconf 69' lang='grc' dir='ltr'><strong>καλ⁵</strong></span> <span class='ocrx_word' id='word_1_401' title='bbox 2844 2888 3314 2959; x_wconf 74' lang='grc' dir='ltr'>προσαγορευθεὶς</span> <span class='ocrx_word' id='word_1_402' title='bbox 3351 2890 3455 2943; x_wconf 80' lang='grc' dir='ltr'><strong>ὑπὸ</strong></span> <span class='ocrx_word' id='word_1_403' title='bbox 3489 2890 3736 2959; x_wconf 70' lang='grc' dir='ltr'>Πομπηίου</span> 
     </span>
    </p>
   </div>
   <div class='ocr_carea' id='block_1_59' title="bbox 2198 2977 3737 3051">
    <p class='ocr_par' dir='ltr' id='par_1_59' title="bbox 2198 2977 3737 3051">
     <span class='ocr_line' id='line_1_59' title="bbox 2198 2977 3737 3051; baseline 0.003 -21"><span class='ocrx_word' id='word_1_404' title='bbox 2198 2979 2557 3049; x_wconf 78' lang='grc' dir='ltr'>αὐτοκράτωρ</span> <span class='ocrx_word' id='word_1_405' title='bbox 2612 2977 2709 3031; x_wconf 81' lang='grc' dir='ltr'>καὶ</span> <span class='ocrx_word' id='word_1_406' title='bbox 2740 2979 2901 3041; x_wconf 74' lang='grc' dir='ltr'>αὐτὸς</span> <span class='ocrx_word' id='word_1_407' title='bbox 2950 2980 3375 3051; x_wconf 84' lang='grc' dir='ltr'>ἀντιπροσερεῖν</span> <span class='ocrx_word' id='word_1_408' title='bbox 3405 2981 3737 3051; x_wconf 71' lang='grc' dir='ltr'>αὐτοκράῖορα</span> 
     </span>
    </p>
   </div>
   <div class='ocr_carea' id='block_1_60' title="bbox 2197 3071 3735 3145">
    <p class='ocr_par' dir='ltr' id='par_1_60' title="bbox 2197 3071 3735 3145">
     <span class='ocr_line' id='line_1_60' title="bbox 2197 3071 3735 3145; baseline 0.001 -20"><span class='ocrx_word' id='word_1_409' title='bbox 2197 3072 2289 3125; x_wconf 74' lang='grc' dir='ltr'><strong>τον</strong></span> <span class='ocrx_word' id='word_1_410' title='bbox 2323 3072 2636 3142; x_wconf 85' lang='grc' dir='ltr'>Πομπήϊον,</span> <span class='ocrx_word' id='word_1_411' title='bbox 2666 3072 2760 3125; x_wconf 77' lang='grc' dir='ltr'><strong>καὶ</strong></span> <span class='ocrx_word' id='word_1_412' title='bbox 2784 3071 2954 3126; x_wconf 81' lang='grc' dir='ltr'>τᾶλλα</span> <span class='ocrx_word' id='word_1_413' title='bbox 2993 3072 3048 3126; x_wconf 78' lang='grc' dir='ltr'>δὲ</span> <span class='ocrx_word' id='word_1_414' title='bbox 3087 3076 3207 3136; x_wconf 82' lang='grc' dir='ltr'>ταῖς</span> <span class='ocrx_word' id='word_1_415' title='bbox 3245 3074 3491 3145; x_wconf 76' lang='grc' dir='ltr'>πρώταις</span> <span class='ocrx_word' id='word_1_416' title='bbox 3517 3076 3735 3145; x_wconf 66' lang='grc' dir='ltr'>φιλοςρο-</span> 
     </span>
    </p>
   </div>
   <div class='ocr_carea' id='block_1_61' title="bbox 519 3152 2093 3257">
    <p class='ocr_par' dir='ltr' id='par_1_61' title="bbox 519 3152 2090 3224">
     <span class='ocr_line' id='line_1_61' title="bbox 519 3152 2090 3224; baseline 0.008 -18"><span class='ocrx_word' id='word_1_417' title='bbox 519 3152 670 3222; x_wconf 85' lang='lat' dir='ltr'><strong>gium</strong></span> <span class='ocrx_word' id='word_1_418' title='bbox 710 3154 1051 3224; x_wconf 82' lang='lat' dir='ltr'><strong>tyrannicum</strong></span> <span class='ocrx_word' id='word_1_419' title='bbox 1099 3153 1223 3209; x_wconf 83' lang='lat' dir='ltr'><strong>fuit.</strong></span> <span class='ocrx_word' id='word_1_420' title='bbox 1267 3155 1401 3210; x_wconf 85' lang='lat' dir='ltr'><strong>Nam</strong></span> <span class='ocrx_word' id='word_1_421' title='bbox 1458 3156 1679 3214; x_wconf 56' lang='lat' dir='ltr'><strong>[Ernilia</strong></span> <span class='ocrx_word' id='word_1_422' title='bbox 1709 3162 1830 3217; x_wconf 91' lang='lat' dir='ltr'><strong>viro</strong></span> <span class='ocrx_word' id='word_1_423' title='bbox 1859 3164 2090 3224; x_wconf 79' lang='lat' dir='ltr'><strong>elocuta.</strong></span> 
     </span>
    </p>
   </div>
   <div class='ocr_carea' id='block_1_62' title="bbox 2199 3152 3738 3257">
    <p class='ocr_par' dir='ltr' id='par_1_62' title="bbox 2199 3166 3738 3239">
     <span class='ocr_line' id='line_1_62' title="bbox 2199 3166 3738 3239; baseline 0 -20"><span class='ocrx_word' id='word_1_424' title='bbox 2199 3166 2387 3229; x_wconf 87' lang='grc' dir='ltr'>σύναις</span> <span class='ocrx_word' id='word_1_425' title='bbox 2418 3166 2756 3219; x_wconf 86' lang='grc' dir='ltr'>συνέϐαινεν.</span> <span class='ocrx_word' id='word_1_426' title='bbox 2785 3166 3222 3234; x_wconf 78' lang='grc' dir='ltr'>’Υπεξανίστατο</span> <span class='ocrx_word' id='word_1_427' title='bbox 3254 3168 3367 3238; x_wconf 76' lang='grc' dir='ltr'>γὰρ</span> <span class='ocrx_word' id='word_1_428' title='bbox 3398 3168 3655 3239; x_wconf 75' lang='grc' dir='ltr'>προσιόντι</span> <span class='ocrx_word' id='word_1_429' title='bbox 3677 3167 3738 3237; x_wconf 81' lang='grc' dir='ltr'>τῷ</span> 
     </span>
    </p>
   </div>
   <div class='ocr_carea' id='block_1_63' title="bbox 518 3244 2093 3327">
    <p class='ocr_par' dir='ltr' id='par_1_63' title="bbox 518 3244 2089 3316">
     <span class='ocr_line' id='line_1_63' title="bbox 518 3244 2089 3316; baseline 0.007 -17"><span class='ocrx_word' id='word_1_430' title='bbox 518 3252 745 3299; x_wconf 67' lang='lat' dir='ltr'><strong>uterum</strong></span> <span class='ocrx_word' id='word_1_431' title='bbox 792 3244 1026 3299; x_wconf 85' lang='lat' dir='ltr'><strong>ferebat.</strong></span> <span class='ocrx_word' id='word_1_432' title='bbox 1081 3245 1400 3316; x_wconf 89' lang='lat' dir='ltr'><strong>Pompeium</strong></span> <span class='ocrx_word' id='word_1_433' title='bbox 1456 3250 1530 3305; x_wconf 86' lang='lat' dir='ltr'><strong>ita</strong></span> <span class='ocrx_word' id='word_1_434' title='bbox 1582 3251 1685 3305; x_wconf 91' lang='lat' dir='ltr'><strong>sibi</strong></span> <span class='ocrx_word' id='word_1_435' title='bbox 1732 3254 2089 3310; x_wconf 88' lang='lat' dir='ltr'><strong>conciliatum</strong></span> 
     </span>
    </p>
   </div>
   <div class='ocr_carea' id='block_1_64' title="bbox 2199 3244 3737 3327">
    <p class='ocr_par' dir='ltr' id='par_1_64' title="bbox 2203 3255 3737 3327">
     <span class='ocr_line' id='line_1_64' title="bbox 2203 3255 3737 3327; baseline 0.001 -17"><span class='ocrx_word' id='word_1_436' title='bbox 2203 3257 2474 3327; x_wconf 73' lang='grc' dir='ltr'>Πομπηΐῳ</span> <span class='ocrx_word' id='word_1_437' title='bbox 2525 3255 2618 3309; x_wconf 79' lang='grc' dir='ltr'>καὶ</span> <span class='ocrx_word' id='word_1_438' title='bbox 2663 3256 2798 3309; x_wconf 80' lang='grc' dir='ltr'>ἄλλα</span> <span class='ocrx_word' id='word_1_439' title='bbox 2842 3257 2976 3325; x_wconf 84' lang='grc' dir='ltr'>πρὸς</span> <span class='ocrx_word' id='word_1_440' title='bbox 3031 3259 3201 3327; x_wconf 80' lang='grc' dir='ltr'>τιμὴν</span> <span class='ocrx_word' id='word_1_441' title='bbox 3260 3262 3471 3312; x_wconf 75' lang='grc' dir='ltr'>ἐκείνου</span> <span class='ocrx_word' id='word_1_442' title='bbox 3520 3260 3671 3312; x_wconf 81' lang='grc' dir='ltr'>ἐποίει</span> <span class='ocrx_word' id='word_1_443' title='bbox 3710 3259 3737 3311; x_wconf 76' lang='grc' dir='ltr'><strong>ά</strong></span> 
     </span>
    </p>
   </div>
   <div class='ocr_carea' id='block_1_65' title="bbox 521 3336 2096 3412">
    <p class='ocr_par' dir='ltr' id='par_1_65' title="bbox 521 3336 2096 3412">
     <span class='ocr_line' id='line_1_65' title="bbox 521 3336 2096 3412; baseline 0.008 -23"><span class='ocrx_word' id='word_1_444' title='bbox 521 3350 646 3390; x_wconf 91' lang='lat' dir='ltr'><strong>cum</strong></span> <span class='ocrx_word' id='word_1_445' title='bbox 677 3337 890 3406; x_wconf 82' lang='lat' dir='ltr'><strong>magnis</strong></span> <span class='ocrx_word' id='word_1_446' title='bbox 918 3336 1093 3407; x_wconf 88' lang='lat' dir='ltr'><strong>copiis</strong></span> <span class='ocrx_word' id='word_1_447' title='bbox 1132 3336 1185 3391; x_wconf 92' lang='lat' dir='ltr'><strong>in</strong></span> <span class='ocrx_word' id='word_1_448' title='bbox 1221 3338 1461 3392; x_wconf 85' lang='lat' dir='ltr'><strong>Siciliam</strong></span> <span class='ocrx_word' id='word_1_449' title='bbox 1492 3339 1783 3412; x_wconf 85' lang='lat' dir='ltr'><strong>ablegavit,</strong></span> <span class='ocrx_word' id='word_1_450' title='bbox 1838 3345 2096 3401; x_wconf 82' lang='lat' dir='ltr'><strong>factionis</strong></span> 
     </span>
    </p>
   </div>
   <div class='ocr_carea' id='block_1_66' title="bbox 520 3426 2097 3505">
    <p class='ocr_par' dir='ltr' id='par_1_66' title="bbox 520 3426 2097 3505">
     <span class='ocr_line' id='line_1_66' title="bbox 520 3426 2097 3505; baseline 0.006 -23"><span class='ocrx_word' id='word_1_451' title='bbox 520 3426 789 3483; x_wconf 88' lang='lat' dir='ltr'><strong>Carbonis</strong></span> <span class='ocrx_word' id='word_1_452' title='bbox 816 3429 1249 3505; x_wconf 75' lang='lat' dir='ltr'><strong>receptaculum.</strong></span> <span class='ocrx_word' id='word_1_453' title='bbox 1282 3430 1403 3496; x_wconf 90' lang='lat' dir='ltr'><strong>Quo</strong></span> <span class='ocrx_word' id='word_1_454' title='bbox 1428 3447 1554 3486; x_wconf 91' lang='lat' dir='ltr'><strong>cum</strong></span> <span class='ocrx_word' id='word_1_455' title='bbox 1586 3437 1852 3500; x_wconf 84' lang='lat' dir='ltr'><strong>venisset,</strong></span> <span class='ocrx_word' id='word_1_456' title='bbox 1897 3440 2097 3495; x_wconf 88' lang='lat' dir='ltr'><strong>adver-</strong></span> 
     </span>
    </p>
   </div>
   <div class='ocr_carea' id='block_1_67' title="bbox 522 3518 2097 3592">
    <p class='ocr_par' dir='ltr' id='par_1_67' title="bbox 522 3518 2097 3592">
     <span class='ocr_line' id='line_1_67' title="bbox 522 3518 2097 3592; baseline 0.008 -20"><span class='ocrx_word' id='word_1_457' title='bbox 522 3518 685 3574; x_wconf 87' lang='lat' dir='ltr'><strong>sariis</strong></span> <span class='ocrx_word' id='word_1_458' title='bbox 716 3519 894 3574; x_wconf 87' lang='lat' dir='ltr'><strong>insula</strong></span> <span class='ocrx_word' id='word_1_459' title='bbox 921 3520 1140 3592; x_wconf 87' lang='lat' dir='ltr'><strong>ejectis.</strong></span> <span class='ocrx_word' id='word_1_460' title='bbox 1173 3523 1340 3577; x_wconf 86' lang='lat' dir='ltr'><strong>urbes</strong></span> <span class='ocrx_word' id='word_1_461' title='bbox 1363 3533 1585 3581; x_wconf 75' lang='lat' dir='ltr'><strong>vexatas</strong></span> <span class='ocrx_word' id='word_1_462' title='bbox 1606 3526 1945 3585; x_wconf 84' lang='lat' dir='ltr'><strong>humanitate</strong></span> <span class='ocrx_word' id='word_1_463' title='bbox 1977 3532 2097 3587; x_wconf 89' lang='lat' dir='ltr'><strong>sin-</strong></span> 
     </span>
    </p>
   </div>
   <div class='ocr_carea' id='block_1_68' title="bbox 522 3609 2100 3688">
    <p class='ocr_par' dir='ltr' id='par_1_68' title="bbox 522 3609 2100 3688">
     <span class='ocr_line' id='line_1_68' title="bbox 522 3609 2100 3688; baseline 0.011 -25"><span class='ocrx_word' id='word_1_464' title='bbox 522 3609 704 3679; x_wconf 88' lang='lat' dir='ltr'><strong>gulari</strong></span> <span class='ocrx_word' id='word_1_465' title='bbox 742 3618 1053 3667; x_wconf 86' lang='lat' dir='ltr'><strong>recreavit:</strong></span> <span class='ocrx_word' id='word_1_466' title='bbox 1108 3612 1416 3670; x_wconf 87' lang='lat' dir='ltr'><strong>Carbonem</strong></span> <span class='ocrx_word' id='word_1_467' title='bbox 1463 3620 1922 3688; x_wconf 83' lang='lat' dir='ltr'><strong>comprehensum</strong></span> <span class='ocrx_word' id='word_1_468' title='bbox 1949 3625 2100 3679; x_wconf 90' lang='lat' dir='ltr'><strong>occi-</strong></span> 
     </span>
    </p>
   </div>
   <div class='ocr_carea' id='block_1_69' title="bbox 521 3698 2096 3778">
    <p class='ocr_par' dir='ltr' id='par_1_69' title="bbox 521 3698 2096 3778">
     <span class='ocr_line' id='line_1_69' title="bbox 521 3698 2096 3778; baseline 0.01 -27"><span class='ocrx_word' id='word_1_469' title='bbox 521 3698 635 3752; x_wconf 90' lang='lat' dir='ltr'><strong>dit:</strong></span> <span class='ocrx_word' id='word_1_470' title='bbox 668 3698 874 3754; x_wconf 89' lang='lat' dir='ltr'><strong>milites</strong></span> <span class='ocrx_word' id='word_1_471' title='bbox 902 3700 955 3754; x_wconf 92' lang='lat' dir='ltr'><strong>in</strong></span> <span class='ocrx_word' id='word_1_472' title='bbox 977 3701 1269 3756; x_wconf 88' lang='lat' dir='ltr'><strong>itineribus</strong></span> <span class='ocrx_word' id='word_1_473' title='bbox 1289 3703 1663 3771; x_wconf 85' lang='lat' dir='ltr'><strong>immodestos,</strong></span> <span class='ocrx_word' id='word_1_474' title='bbox 1692 3708 1888 3778; x_wconf 87' lang='lat' dir='ltr'><strong>sigillis</strong></span> <span class='ocrx_word' id='word_1_475' title='bbox 1904 3725 2096 3766; x_wconf 89' lang='lat' dir='ltr'><strong>eorum</strong></span> 
     </span>
    </p>
   </div>
   <div class='ocr_carea' id='block_1_70' title="bbox 521 3790 2101 3867">
    <p class='ocr_par' dir='ltr' id='par_1_70' title="bbox 521 3790 2101 3867">
     <span class='ocr_line' id='line_1_70' title="bbox 521 3790 2101 3867; baseline 0.009 -24"><span class='ocrx_word' id='word_1_476' title='bbox 521 3790 721 3860; x_wconf 85' lang='lat' dir='ltr'><strong>gladiis</strong></span> <span class='ocrx_word' id='word_1_477' title='bbox 752 3791 1055 3862; x_wconf 85' lang='lat' dir='ltr'><strong>impressis,</strong></span> <span class='ocrx_word' id='word_1_478' title='bbox 1116 3795 1383 3861; x_wconf 85' lang='lat' dir='ltr'><strong>coercuit,</strong></span> <span class='ocrx_word' id='word_1_479' title='bbox 1438 3812 1560 3866; x_wconf 70' lang='lat' dir='ltr'><strong>quae</strong></span> <span class='ocrx_word' id='word_1_480' title='bbox 1592 3797 1685 3867; x_wconf 92' lang='lat' dir='ltr'><strong>qui</strong></span> <span class='ocrx_word' id='word_1_481' title='bbox 1736 3815 1846 3854; x_wconf 87' lang='lat' dir='ltr'><strong>non</strong></span> <span class='ocrx_word' id='word_1_482' title='bbox 1873 3817 2101 3860; x_wconf 88' lang='lat' dir='ltr'><strong>conser-</strong></span> 
     </span>
    </p>
   </div>
   <div class='ocr_carea' id='block_1_71' title="bbox 526 3885 1221 3954">
    <p class='ocr_par' dir='ltr' id='par_1_71' title="bbox 526 3885 1221 3954">
     <span class='ocr_line' id='line_1_71' title="bbox 526 3885 1221 3954; baseline 0.007 -19"><span class='ocrx_word' id='word_1_483' title='bbox 526 3892 740 3950; x_wconf 88' lang='lat' dir='ltr'><strong>varant,</strong></span> <span class='ocrx_word' id='word_1_484' title='bbox 772 3899 964 3954; x_wconf 62' lang='lat' dir='ltr'><strong>poenas</strong></span> <span class='ocrx_word' id='word_1_485' title='bbox 996 3885 1221 3941; x_wconf 88' lang='lat' dir='ltr'><strong>dabant.</strong></span> 
     </span>
    </p>
   </div>
   <div class='ocr_carea' id='block_1_72' title="bbox 2200 3342 3737 3420">
    <p class='ocr_par' dir='ltr' id='par_1_72' title="bbox 2200 3342 3737 3420">
     <span class='ocr_line' id='line_1_72' title="bbox 2200 3342 3737 3420; baseline 0 -19"><span class='ocrx_word' id='word_1_486' title='bbox 2200 3351 2336 3419; x_wconf 79' lang='grc' dir='ltr'>πρὸς</span> <span class='ocrx_word' id='word_1_487' title='bbox 2380 3348 2573 3412; x_wconf 76' lang='grc' dir='ltr'>ἄλλους</span> <span class='ocrx_word' id='word_1_488' title='bbox 2634 3349 2734 3402; x_wconf 83' lang='grc' dir='ltr'>οὐκ</span> <span class='ocrx_word' id='word_1_489' title='bbox 2781 3342 2933 3402; x_wconf 77' lang='grc' dir='ltr'>ὧπτο</span> <span class='ocrx_word' id='word_1_490' title='bbox 2983 3350 3185 3420; x_wconf 63' lang='grc' dir='ltr'>ῥᾳδίως</span> <span class='ocrx_word' id='word_1_491' title='bbox 3260 3352 3453 3407; x_wconf 86' lang='grc' dir='ltr'>ποιῶν.</span> <span class='ocrx_word' id='word_1_492' title='bbox 3520 3351 3656 3405; x_wconf 81' lang='grc' dir='ltr'>Ἐπεὶ</span> <span class='ocrx_word' id='word_1_493' title='bbox 3702 3350 3737 3402; x_wconf 85' lang='grc' dir='ltr'>δ’</span> 
     </span>
    </p>
   </div>
   <div class='ocr_carea' id='block_1_73' title="bbox 2202 3440 3737 3512">
    <p class='ocr_par' dir='ltr' id='par_1_73' title="bbox 2202 3440 3737 3512">
     <span class='ocr_line' id='line_1_73' title="bbox 2202 3440 3737 3512; baseline 0 -17"><span class='ocrx_word' id='word_1_494' title='bbox 2202 3443 2472 3512; x_wconf 76' lang='grc' dir='ltr'>ἐκράτησε</span> <span class='ocrx_word' id='word_1_495' title='bbox 2543 3440 2645 3511; x_wconf 81' lang='grc' dir='ltr'>τῆς</span> <span class='ocrx_word' id='word_1_496' title='bbox 2713 3442 2946 3506; x_wconf 84' lang='grc' dir='ltr'>Ἰταλίας</span> <span class='ocrx_word' id='word_1_497' title='bbox 2978 3442 3007 3495; x_wconf 89' lang='grc' dir='ltr'><strong>ό</strong></span> <span class='ocrx_word' id='word_1_498' title='bbox 3052 3443 3267 3508; x_wconf 83' lang='grc' dir='ltr'>Σύλλας</span> <span class='ocrx_word' id='word_1_499' title='bbox 3296 3487 3311 3511; x_wconf 96' lang='grc'><strong>,</strong></span> <span class='ocrx_word' id='word_1_500' title='bbox 3361 3448 3457 3499; x_wconf 73' lang='grc' dir='ltr'>καὶ</span> <span class='ocrx_word' id='word_1_501' title='bbox 3505 3445 3737 3509; x_wconf 80' lang='grc' dir='ltr'>δικτάτωρ</span> 
     </span>
    </p>
   </div>
   <div class='ocr_carea' id='block_1_74' title="bbox 2200 3534 3738 3608">
    <p class='ocr_par' dir='ltr' id='par_1_74' title="bbox 2200 3534 3738 3608">
     <span class='ocr_line' id='line_1_74' title="bbox 2200 3534 3738 3608; baseline 0.001 -21"><span class='ocrx_word' id='word_1_502' title='bbox 2200 3534 2569 3606; x_wconf 84' lang='grc' dir='ltr'>ἀνηγορεύθη,</span> <span class='ocrx_word' id='word_1_503' title='bbox 2606 3534 2733 3597; x_wconf 82' lang='grc' dir='ltr'>τοὺς</span> <span class='ocrx_word' id='word_1_504' title='bbox 2764 3535 2862 3604; x_wconf 79' lang='grc' dir='ltr'>μὲν</span> <span class='ocrx_word' id='word_1_505' title='bbox 2885 3534 3078 3597; x_wconf 79' lang='grc' dir='ltr'>ἄλλους</span> <span class='ocrx_word' id='word_1_506' title='bbox 3109 3537 3391 3608; x_wconf 78' lang='grc' dir='ltr'>ἡγεμόνας</span> <span class='ocrx_word' id='word_1_507' title='bbox 3425 3541 3513 3591; x_wconf 84' lang='grc' dir='ltr'><strong>καί</strong></span> <span class='ocrx_word' id='word_1_508' title='bbox 3542 3551 3738 3606; x_wconf 73' lang='grc' dir='ltr'>στρατη-</span> 
     </span>
    </p>
   </div>
   <div class='ocr_carea' id='block_1_75' title="bbox 2198 3615 3733 3700">
    <p class='ocr_par' dir='ltr' id='par_1_75' title="bbox 2198 3615 3733 3700">
     <span class='ocr_line' id='line_1_75' title="bbox 2198 3615 3733 3700; baseline -0.002 -22"><span class='ocrx_word' id='word_1_509' title='bbox 2198 3628 2331 3695; x_wconf 69' lang='grc' dir='ltr'>γοὺς</span> <span class='ocrx_word' id='word_1_510' title='bbox 2359 3615 2622 3696; x_wconf 72' lang='grc' dir='ltr'>ἠμείϐετο</span> <span class='ocrx_word' id='word_1_511' title='bbox 2654 3626 2980 3692; x_wconf 78' lang='grc' dir='ltr'>πλουτίζων,</span> <span class='ocrx_word' id='word_1_512' title='bbox 3013 3628 3109 3680; x_wconf 75' lang='grc' dir='ltr'>καὶ</span> <span class='ocrx_word' id='word_1_513' title='bbox 3138 3629 3226 3681; x_wconf 78' lang='grc' dir='ltr'><strong>ἐπ’</strong></span> <span class='ocrx_word' id='word_1_514' title='bbox 3262 3631 3436 3700; x_wconf 73' lang='grc' dir='ltr'>ἀρχὰς</span> <span class='ocrx_word' id='word_1_515' title='bbox 3467 3626 3733 3682; x_wconf 76' lang='grc' dir='ltr'>καθιστῶνο</span> 
     </span>
    </p>
   </div>
   <div class='ocr_carea' id='block_1_76' title="bbox 2202 3716 3737 3789">
    <p class='ocr_par' dir='ltr' id='par_1_76' title="bbox 2202 3716 3737 3789">
     <span class='ocr_line' id='line_1_76' title="bbox 2202 3716 3737 3789; baseline 0.001 -20"><span class='ocrx_word' id='word_1_516' title='bbox 2202 3716 2489 3787; x_wconf 82' lang='grc' dir='ltr'>Πομπήϊον</span> <span class='ocrx_word' id='word_1_517' title='bbox 2540 3717 2599 3770; x_wconf 73' lang='grc' dir='ltr'>δὲ</span> <span class='ocrx_word' id='word_1_518' title='bbox 2653 3717 2920 3770; x_wconf 78' lang='grc' dir='ltr'>ἔσπευσεν</span> <span class='ocrx_word' id='word_1_519' title='bbox 2976 3718 3365 3775; x_wconf 80' lang='grc' dir='ltr'>υίκειῶσασθαι</span> <span class='ocrx_word' id='word_1_520' title='bbox 3411 3719 3599 3789; x_wconf 81' lang='grc' dir='ltr'>ἑαυτῷ,</span> <span class='ocrx_word' id='word_1_521' title='bbox 3662 3718 3737 3770; x_wconf 68' lang='grc' dir='ltr'>καὶ</span> 
     </span>
    </p>
   </div>
   <div class='ocr_carea' id='block_1_77' title="bbox 2204 3805 3736 3882">
    <p class='ocr_par' dir='ltr' id='par_1_77' title="bbox 2204 3805 3736 3882">
     <span class='ocr_line' id='line_1_77' title="bbox 2204 3805 3736 3882; baseline 0.002 -22"><span class='ocrx_word' id='word_1_522' title='bbox 2204 3807 2385 3862; x_wconf 84' lang='grc' dir='ltr'>πείθει</span> <span class='ocrx_word' id='word_1_523' title='bbox 2416 3808 2582 3863; x_wconf 70' lang='grc' dir='ltr'>αὐτὸν</span> <span class='ocrx_word' id='word_1_524' title='bbox 2603 3808 2703 3878; x_wconf 79' lang='grc' dir='ltr'>τὴν</span> <span class='ocrx_word' id='word_1_525' title='bbox 2741 3808 2992 3880; x_wconf 79' lang='grc' dir='ltr'>γαμετὴν</span> <span class='ocrx_word' id='word_1_526' title='bbox 3031 3811 3098 3880; x_wconf 80' lang='grc' dir='ltr'><strong>ην</strong></span> <span class='ocrx_word' id='word_1_527' title='bbox 3135 3805 3289 3881; x_wconf 74' lang='grc' dir='ltr'>εἶχεν</span> <span class='ocrx_word' id='word_1_528' title='bbox 3315 3812 3736 3882; x_wconf 62' lang='grc' dir='ltr'>ἀποπεμψάμενον</span> 
     </span>
    </p>
   </div>
   <div class='ocr_carea' id='block_1_78' title="bbox 2205 3901 3734 3978">
    <p class='ocr_par' dir='ltr' id='par_1_78' title="bbox 2205 3901 3734 3978">
     <span class='ocr_line' id='line_1_78' title="bbox 2205 3901 3734 3978; baseline 0 -23"><span class='ocrx_word' id='word_1_529' title='bbox 2205 3901 2515 3971; x_wconf 76' lang='grc' dir='ltr'>ἀγαγέσθαι</span> <span class='ocrx_word' id='word_1_530' title='bbox 2572 3904 2672 3972; x_wconf 76' lang='grc' dir='ltr'>τὴν</span> <span class='ocrx_word' id='word_1_531' title='bbox 2724 3902 2922 3956; x_wconf 68' lang='grc' dir='ltr'>ἑαυτοῦ</span> <span class='ocrx_word' id='word_1_532' title='bbox 2977 3904 3247 3974; x_wconf 85' lang='grc' dir='ltr'>πρόγονον</span> <span class='ocrx_word' id='word_1_533' title='bbox 3304 3907 3572 3978; x_wconf 75' lang='grc' dir='ltr'>Αἰμιλίαν,</span> <span class='ocrx_word' id='word_1_534' title='bbox 3617 3902 3734 3973; x_wconf 52' lang='lat' dir='ltr'><strong>ﬂvit</strong></span> 
     </span>
    </p>
   </div>
   <div class='ocr_carea' id='block_1_79' title="bbox 520 3979 3734 4074">
    <p class='ocr_par' dir='ltr' id='par_1_79' title="bbox 520 3979 3734 4074">
     <span class='ocr_line' id='line_1_79' title="bbox 520 3979 3734 4074; baseline 0.006 -40"><span class='ocrx_word' id='word_1_535' title='bbox 520 3979 771 4034; x_wconf 80' lang='grc' dir='ltr'>Μετέλλα</span> <span class='ocrx_word' id='word_1_536' title='bbox 798 3980 833 4052; x_wconf 74' lang='grc' dir='ltr'>ἢ</span> <span class='ocrx_word' id='word_1_537' title='bbox 889 3980 970 4052; x_wconf 83' lang='grc' dir='ltr'>τῷ</span> <span class='ocrx_word' id='word_1_538' title='bbox 1014 3981 1190 4052; x_wconf 61' lang='grc' dir='ltr'>Σύλλᾳ</span> <span class='ocrx_word' id='word_1_539' title='bbox 1232 3982 1463 4056; x_wconf 78' lang='grc' dir='ltr'>συνῴκει</span> <span class='ocrx_word' id='word_1_540' title='bbox 1493 3985 1558 4040; x_wconf 86' lang='grc' dir='ltr'>ὲκ</span> <span class='ocrx_word' id='word_1_541' title='bbox 1587 3987 1831 4061; x_wconf 83' lang='grc' dir='ltr'>Σκαύρου</span> <span class='ocrx_word' id='word_1_542' title='bbox 1863 3992 2133 4064; x_wconf 77' lang='grc' dir='ltr'>ἐγείνατο,</span> <span class='ocrx_word' id='word_1_543' title='bbox 2167 4000 2261 4052; x_wconf 81' lang='grc' dir='ltr'><strong>τοῦ</strong></span> <span class='ocrx_word' id='word_1_544' title='bbox 2320 3997 2593 4070; x_wconf 77' lang='grc' dir='ltr'>προτέρου</span> <span class='ocrx_word' id='word_1_545' title='bbox 2637 3998 2854 4070; x_wconf 85' lang='grc' dir='ltr'>ἀνδρός.</span> <span class='ocrx_word' id='word_1_546' title='bbox 2889 3995 2999 4052; x_wconf 80' lang='grc' dir='ltr'><strong>Ἶιν</strong></span> <span class='ocrx_word' id='word_1_547' title='bbox 3021 3999 3078 4052; x_wconf 74' lang='grc' dir='ltr'>δὲ</span> <span class='ocrx_word' id='word_1_548' title='bbox 3107 4000 3179 4054; x_wconf 87' lang='grc' dir='ltr'><strong>τά</strong></span> <span class='ocrx_word' id='word_1_549' title='bbox 3227 4002 3325 4056; x_wconf 75' lang='grc' dir='ltr'><strong>τοῦ</strong></span> <span class='ocrx_word' id='word_1_550' title='bbox 3360 4003 3534 4074; x_wconf 80' lang='grc' dir='ltr'>γάμου</span> <span class='ocrx_word' id='word_1_551' title='bbox 3565 4016 3734 4071; x_wconf 78' lang='grc' dir='ltr'>τνραν-</span> 
     </span>
    </p>
   </div>
   <div class='ocr_carea' id='block_1_80' title="bbox 518 4075 3734 4167">
    <p class='ocr_par' dir='ltr' id='par_1_80' title="bbox 518 4075 3734 4167">
     <span class='ocr_line' id='line_1_80' title="bbox 518 4075 3734 4167; baseline 0.005 -40"><span class='ocrx_word' id='word_1_552' title='bbox 518 4075 667 4167; x_wconf 83' lang='grc' dir='ltr'>νικά.</span> <span class='ocrx_word' id='word_1_553' title='bbox 710 4075 895 4167; x_wconf 77' lang='grc' dir='ltr'>Ἀνδρὶ</span> <span class='ocrx_word' id='word_1_554' title='bbox 921 4076 1031 4148; x_wconf 85' lang='grc' dir='ltr'><strong>γὰρ</strong></span> <span class='ocrx_word' id='word_1_555' title='bbox 1063 4077 1096 4148; x_wconf 78' lang='grc' dir='ltr'><strong>η</strong></span> <span class='ocrx_word' id='word_1_556' title='bbox 1128 4077 1353 4149; x_wconf 74' lang='grc' dir='ltr'>Αἰμιλία</span> <span class='ocrx_word' id='word_1_557' title='bbox 1382 4082 1630 4136; x_wconf 80' lang='grc' dir='ltr'>ἐκδέδοτο</span> <span class='ocrx_word' id='word_1_558' title='bbox 1673 4085 1769 4139; x_wconf 74' lang='grc' dir='ltr'>καὶ</span> <span class='ocrx_word' id='word_1_559' title='bbox 1798 4086 1972 4148; x_wconf 74' lang='grc' dir='ltr'>ἐκύει.</span> <span class='ocrx_word' id='word_1_560' title='bbox 2004 4090 2170 4146; x_wconf 77' lang='grc' dir='ltr'>Οὕτω</span> <span class='ocrx_word' id='word_1_561' title='bbox 2212 4092 2260 4146; x_wconf 77' lang='grc' dir='ltr'>δ’</span> <span class='ocrx_word' id='word_1_562' title='bbox 2288 4096 2318 4148; x_wconf 84' lang='grc' dir='ltr'>ὁ</span> <span class='ocrx_word' id='word_1_563' title='bbox 2354 4093 2559 4157; x_wconf 79' lang='grc' dir='ltr'>Σύλλας</span> <span class='ocrx_word' id='word_1_564' title='bbox 2587 4094 3015 4164; x_wconf 82' lang='grc' dir='ltr'>οἰκειωσάμενος</span> <span class='ocrx_word' id='word_1_565' title='bbox 3065 4093 3153 4149; x_wconf 59' lang='grc' dir='ltr'><strong>τὸν</strong></span> <span class='ocrx_word' id='word_1_566' title='bbox 3199 4096 3485 4167; x_wconf 81' lang='grc' dir='ltr'>Πομπήϊον</span> <span class='ocrx_word' id='word_1_567' title='bbox 3513 4098 3583 4159; x_wconf 76' lang='grc' dir='ltr'><strong>τίς</strong></span> <span class='ocrx_word' id='word_1_568' title='bbox 3604 4094 3734 4146; x_wconf 81' lang='grc' dir='ltr'>Σικε-</span> 
     </span>
    </p>
   </div>
   <div class='ocr_carea' id='block_1_81' title="bbox 520 4166 3731 4264">
    <p class='ocr_par' dir='ltr' id='par_1_81' title="bbox 520 4166 3731 4264">
     <span class='ocr_line' id='line_1_81' title="bbox 520 4166 3731 4264; baseline 0.001 -30"><span class='ocrx_word' id='word_1_569' title='bbox 520 4166 641 4264; x_wconf 52' lang='grc' dir='ltr'>ξλίαξ</span> <span class='ocrx_word' id='word_1_570' title='bbox 669 4166 959 4264; x_wconf 46' lang='lat' dir='ltr'><strong>inani)“</strong></span> <span class='ocrx_word' id='word_1_571' title='bbox 989 4168 1129 4264; x_wconf 58' lang='grc' dir='ltr'>μετᾲ</span> <span class='ocrx_word' id='word_1_572' title='bbox 1163 4170 1387 4242; x_wconf 72' lang='grc' dir='ltr'>βαρείας</span> <span class='ocrx_word' id='word_1_573' title='bbox 1418 4173 1727 4244; x_wconf 77' lang='grc' dir='ltr'>δυνάμεως.</span> <span class='ocrx_word' id='word_1_574' title='bbox 1761 4176 1869 4234; x_wconf 84' lang='grc' dir='ltr'><strong>ἹΙν</strong></span> <span class='ocrx_word' id='word_1_575' title='bbox 1903 4182 2012 4251; x_wconf 75' lang='grc' dir='ltr'><strong>γὰρ</strong></span> <span class='ocrx_word' id='word_1_576' title='bbox 2042 4186 2076 4255; x_wconf 77' lang='grc' dir='ltr'><strong>η</strong></span> <span class='ocrx_word' id='word_1_577' title='bbox 2106 4185 2270 4256; x_wconf 86' lang='grc' dir='ltr'>νῆσος</span> <span class='ocrx_word' id='word_1_578' title='bbox 2297 4191 2412 4252; x_wconf 82' lang='grc' dir='ltr'>τοῖς</span> <span class='ocrx_word' id='word_1_579' title='bbox 2438 4191 2533 4245; x_wconf 81' lang='grc' dir='ltr'><strong>τοῦ</strong></span> <span class='ocrx_word' id='word_1_580' title='bbox 2567 4191 2867 4263; x_wconf 86' lang='grc' dir='ltr'>Κάρϐωνος</span> <span class='ocrx_word' id='word_1_581' title='bbox 2896 4193 3260 4264; x_wconf 74' lang='grc' dir='ltr'>ὁρμητήριον.</span> <span class='ocrx_word' id='word_1_582' title='bbox 3300 4166 3412 4249; x_wconf 57' lang='lat' dir='ltr'><strong>Kal</strong></span> <span class='ocrx_word' id='word_1_583' title='bbox 3445 4189 3731 4249; x_wconf 79' lang='grc' dir='ltr'>ἀπελθόντος</span> 
     </span>
    </p>
   </div>
   <div class='ocr_carea' id='block_1_82' title="bbox 519 4258 3733 4355">
    <p class='ocr_par' dir='ltr' id='par_1_82' title="bbox 519 4258 3733 4355">
     <span class='ocr_line' id='line_1_82' title="bbox 519 4258 3733 4355; baseline 0.009 -46"><span class='ocrx_word' id='word_1_584' title='bbox 519 4258 639 4312; x_wconf 74' lang='grc' dir='ltr'>ἐκεῖ</span> <span class='ocrx_word' id='word_1_585' title='bbox 676 4261 965 4329; x_wconf 76' lang='grc' dir='ltr'>Πομπηΐου</span> <span class='ocrx_word' id='word_1_586' title='bbox 992 4261 1039 4313; x_wconf 80' lang='lat' dir='ltr'><strong>ci</strong></span> <span class='ocrx_word' id='word_1_587' title='bbox 1070 4262 1170 4331; x_wconf 84' lang='grc' dir='ltr'>μὲν</span> <span class='ocrx_word' id='word_1_588' title='bbox 1200 4265 1433 4320; x_wconf 74' lang='grc' dir='ltr'>ἐναντίοι</span> <span class='ocrx_word' id='word_1_589' title='bbox 1476 4271 1575 4337; x_wconf 86' lang='grc' dir='ltr'>τῆς</span> <span class='ocrx_word' id='word_1_590' title='bbox 1609 4270 1776 4340; x_wconf 81' lang='grc' dir='ltr'>νήσου</span> <span class='ocrx_word' id='word_1_591' title='bbox 1832 4273 2155 4347; x_wconf 70' lang='grc' dir='ltr'>ἐξέστησαν,</span> <span class='ocrx_word' id='word_1_592' title='bbox 2216 4279 2378 4343; x_wconf 78' lang='grc' dir='ltr'>αὐτὸς</span> <span class='ocrx_word' id='word_1_593' title='bbox 2412 4281 2471 4336; x_wconf 80' lang='grc' dir='ltr'>δὲ</span> <span class='ocrx_word' id='word_1_594' title='bbox 2522 4282 2621 4347; x_wconf 79' lang='grc' dir='ltr'>τὰς</span> <span class='ocrx_word' id='word_1_595' title='bbox 2658 4258 2879 4349; x_wconf 22' lang='grc' dir='ltr'>ὐπόλεις</span> <span class='ocrx_word' id='word_1_596' title='bbox 2923 4258 3273 4355; x_wconf 70' lang='grc' dir='ltr'>ἀνελάμϐανε</span> <span class='ocrx_word' id='word_1_597' title='bbox 3328 4278 3733 4354; x_wconf 57' lang='grc' dir='ltr'>τετρυχωμένων</span> 
     </span>
    </p>
   </div>
   <div class='ocr_carea' id='block_1_83' title="bbox 520 4355 3733 4451">
    <p class='ocr_par' dir='ltr' id='par_1_83' title="bbox 520 4355 3733 4451">
     <span class='ocr_line' id='line_1_83' title="bbox 520 4355 3733 4451; baseline 0.007 -40"><span class='ocrx_word' id='word_1_598' title='bbox 520 4356 617 4411; x_wconf 77' lang='grc' dir='ltr'>καὶ</span> <span class='ocrx_word' id='word_1_599' title='bbox 664 4355 1063 4451; x_wconf 50' lang='grc' dir='ltr'>φιλανθρώπως</span> <span class='ocrx_word' id='word_1_600' title='bbox 1116 4358 1414 4451; x_wconf 62' lang='grc' dir='ltr'>ἐκέχρητο·</span> <span class='ocrx_word' id='word_1_601' title='bbox 1444 4362 1748 4436; x_wconf 69' lang='grc' dir='ltr'><strong>Κειτιταεῖχὼν</strong></span> <span class='ocrx_word' id='word_1_602' title='bbox 1787 4367 1846 4421; x_wconf 74' lang='grc' dir='ltr'>δὲ</span> <span class='ocrx_word' id='word_1_603' title='bbox 1894 4372 1987 4424; x_wconf 72' lang='grc' dir='ltr'>καὶ</span> <span class='ocrx_word' id='word_1_604' title='bbox 2027 4373 2120 4429; x_wconf 73' lang='grc' dir='ltr'>τὸν</span> <span class='ocrx_word' id='word_1_605' title='bbox 2152 4376 2430 4446; x_wconf 83' lang='grc' dir='ltr'>Κάρϐωνα</span> <span class='ocrx_word' id='word_1_606' title='bbox 2463 4378 2697 4434; x_wconf 77' lang='grc' dir='ltr'>ἀνεῖλεν.</span> <span class='ocrx_word' id='word_1_607' title='bbox 2750 4379 2993 4434; x_wconf 83' lang='grc' dir='ltr'>Ἀκούων</span> <span class='ocrx_word' id='word_1_608' title='bbox 3036 4381 3224 4451; x_wconf 83' lang='grc' dir='ltr'>μέντοι</span> <span class='ocrx_word' id='word_1_609' title='bbox 3274 4382 3400 4443; x_wconf 79' lang='grc' dir='ltr'>τοὺς</span> <span class='ocrx_word' id='word_1_610' title='bbox 3434 4372 3733 4448; x_wconf 78' lang='grc' dir='ltr'>στρατιώτας</span> 
     </span>
    </p>
   </div>
   <div class='ocr_carea' id='block_1_84' title="bbox 525 4447 3589 4547">
    <p class='ocr_par' dir='ltr' id='par_1_84' title="bbox 525 4447 3589 4547">
     <span class='ocr_line' id='line_1_84' title="bbox 525 4447 3589 4547; baseline 0.003 -31"><span class='ocrx_word' id='word_1_611' title='bbox 525 4454 585 4504; x_wconf 57' lang='grc' dir='ltr'>ἓν</span> <span class='ocrx_word' id='word_1_612' title='bbox 599 4447 1079 4547; x_wconf 42' lang='grc' dir='ltr'><strong>Ξαῖξ-δδοιξτορία-ις</strong></span> <span class='ocrx_word' id='word_1_613' title='bbox 1105 4450 1380 4547; x_wconf 45' lang='grc' dir='ltr'><strong>ξῖαῇῗεῖνν</strong></span> <span class='ocrx_word' id='word_1_614' title='bbox 1412 4458 1715 4525; x_wconf 71' lang='grc' dir='ltr'><strong>σφραγῖδας</strong></span> <span class='ocrx_word' id='word_1_615' title='bbox 1743 4465 1865 4527; x_wconf 81' lang='grc' dir='ltr'>ταῖς</span> <span class='ocrx_word' id='word_1_616' title='bbox 1891 4466 2074 4523; x_wconf 79' lang='grc' dir='ltr'>αὐτῶν</span> <span class='ocrx_word' id='word_1_617' title='bbox 2103 4472 2407 4543; x_wconf 85' lang='grc' dir='ltr'>μαχαίραις</span> <span class='ocrx_word' id='word_1_618' title='bbox 2436 4474 2722 4540; x_wconf 81' lang='grc' dir='ltr'>ἐπέϐαλεν,</span> <span class='ocrx_word' id='word_1_619' title='bbox 2758 4475 2826 4546; x_wconf 72' lang='grc' dir='ltr'>ἢν</span> <span class='ocrx_word' id='word_1_620' title='bbox 2856 4478 2884 4530; x_wconf 85' lang='grc' dir='ltr'><strong>δ</strong></span> <span class='ocrx_word' id='word_1_621' title='bbox 2924 4476 3000 4547; x_wconf 79' lang='grc' dir='ltr'>μὴ</span> <span class='ocrx_word' id='word_1_622' title='bbox 3023 4447 3266 4547; x_wconf 71' lang='grc' dir='ltr'>ιρυλάξας</span> <span class='ocrx_word' id='word_1_623' title='bbox 3293 4447 3589 4540; x_wconf 73' lang='grc' dir='ltr'>ἐκολάζετο.</span> 
     </span>
    </p>
   </div>
   <div class='ocr_carea' id='block_1_85' title="bbox 598 4538 2093 4641">
    <p class='ocr_par' dir='ltr' id='par_1_85' title="bbox 598 4538 2093 4616">
     <span class='ocr_line' id='line_1_85' title="bbox 598 4538 2093 4616; baseline 0.015 -22"><span class='ocrx_word' id='word_1_624' title='bbox 598 4538 665 4595; x_wconf 85' lang='grc' dir='ltr'><strong>ΙΙ.</strong></span> <span class='ocrx_word' id='word_1_625' title='bbox 700 4539 827 4595; x_wconf 71' lang='lat' dir='ltr'><strong>llam</strong></span> <span class='ocrx_word' id='word_1_626' title='bbox 855 4539 987 4595; x_wconf 90' lang='lat' dir='ltr'><strong>dum</strong></span> <span class='ocrx_word' id='word_1_627' title='bbox 1022 4541 1079 4595; x_wconf 89' lang='lat' dir='ltr'><strong>in</strong></span> <span class='ocrx_word' id='word_1_628' title='bbox 1108 4541 1293 4598; x_wconf 89' lang='lat' dir='ltr'><strong>Sicilia</strong></span> <span class='ocrx_word' id='word_1_629' title='bbox 1325 4546 1487 4615; x_wconf 88' lang='lat' dir='ltr'><strong>gerit,</strong></span> <span class='ocrx_word' id='word_1_630' title='bbox 1543 4549 1745 4608; x_wconf 85' lang='lat' dir='ltr'><strong>litteris</strong></span> <span class='ocrx_word' id='word_1_631' title='bbox 1784 4566 2008 4615; x_wconf 88' lang='lat' dir='ltr'><strong>senatus</strong></span> <span class='ocrx_word' id='word_1_632' title='bbox 2041 4569 2093 4616; x_wconf 90' lang='lat' dir='ltr'><strong>et</strong></span> 
     </span>
    </p>
   </div>
   <div class='ocr_carea' id='block_1_86' title="bbox 2199 4538 3733 4641">
    <p class='ocr_par' dir='ltr' id='par_1_86' title="bbox 2205 4538 3733 4641">
     <span class='ocr_line' id='line_1_86' title="bbox 2205 4538 3733 4641; baseline 0.003 -24"><span class='ocrx_word' id='word_1_633' title='bbox 2205 4538 2217 4543; x_wconf 36' lang='lat'><strong><em>‘</em></strong></span> <span class='ocrx_word' id='word_1_634' title='bbox 2378 4567 2562 4623; x_wconf 86' lang='grc' dir='ltr'>Ταῦτα</span> <span class='ocrx_word' id='word_1_635' title='bbox 2589 4567 2647 4622; x_wconf 82' lang='grc' dir='ltr'>δὲ</span> <span class='ocrx_word' id='word_1_636' title='bbox 2675 4538 2939 4640; x_wconf 69' lang='grc' dir='ltr'>πράττων</span> <span class='ocrx_word' id='word_1_637' title='bbox 2965 4538 3301 4641; x_wconf 27' lang='grc' dir='ltr'>ἑννυΣικςγλίᾳ,</span> <span class='ocrx_word' id='word_1_638' title='bbox 3346 4538 3554 4633; x_wconf 76' lang='grc' dir='ltr'>ἐδέξατο</span> <span class='ocrx_word' id='word_1_639' title='bbox 3582 4563 3733 4634; x_wconf 68' lang='grc' dir='ltr'>γράμ-</span> 
     </span>
    </p>
   </div>
   <div class='ocr_carea' id='block_1_87' title="bbox 526 4632 2093 4732">
    <p class='ocr_par' dir='ltr' id='par_1_87' title="bbox 526 4632 2093 4723">
     <span class='ocr_line' id='line_1_87' title="bbox 526 4632 2093 4723; baseline 0.011 -35"><span class='ocrx_word' id='word_1_640' title='bbox 526 4632 691 4706; x_wconf 64' lang='grc' dir='ltr'><strong>εογυιε</strong></span> <span class='ocrx_word' id='word_1_641' title='bbox 722 4633 776 4686; x_wconf 88' lang='lat' dir='ltr'><strong>in</strong></span> <span class='ocrx_word' id='word_1_642' title='bbox 808 4632 1050 4688; x_wconf 78' lang='lat' dir='ltr'><strong>Africam</strong></span> <span class='ocrx_word' id='word_1_643' title='bbox 1094 4637 1348 4706; x_wconf 87' lang='lat' dir='ltr'><strong>navigare</strong></span> <span class='ocrx_word' id='word_1_644' title='bbox 1394 4639 1640 4709; x_wconf 87' lang='lat' dir='ltr'><strong>jubetur,</strong></span> <span class='ocrx_word' id='word_1_645' title='bbox 1672 4654 1728 4700; x_wconf 91' lang='lat' dir='ltr'><strong>et</strong></span> <span class='ocrx_word' id='word_1_646' title='bbox 1761 4647 1962 4703; x_wconf 87' lang='lat' dir='ltr'><strong>bellum</strong></span> <span class='ocrx_word' id='word_1_647' title='bbox 2002 4667 2093 4723; x_wconf 85' lang='lat' dir='ltr'><strong>ge-</strong></span> 
     </span>
    </p>
   </div>
   <div class='ocr_carea' id='block_1_88' title="bbox 2199 4632 3732 4732">
    <p class='ocr_par' dir='ltr' id='par_1_88' title="bbox 2208 4632 3732 4732">
     <span class='ocr_line' id='line_1_88' title="bbox 2208 4632 3732 4732; baseline -0.002 -21"><span class='ocrx_word' id='word_1_648' title='bbox 2208 4673 2356 4727; x_wconf 87' lang='grc' dir='ltr'>ματα</span> <span class='ocrx_word' id='word_1_649' title='bbox 2388 4658 2486 4729; x_wconf 78' lang='grc' dir='ltr'>τῆς</span> <span class='ocrx_word' id='word_1_650' title='bbox 2518 4632 2826 4732; x_wconf 51' lang='grc' dir='ltr'>συγκλήτου</span> <span class='ocrx_word' id='word_1_651' title='bbox 2863 4662 2960 4714; x_wconf 73' lang='grc' dir='ltr'>καὶ</span> <span class='ocrx_word' id='word_1_652' title='bbox 2987 4660 3165 4714; x_wconf 89' lang='grc' dir='ltr'>Σύλλα</span> <span class='ocrx_word' id='word_1_653' title='bbox 3193 4632 3482 4716; x_wconf 74' lang='grc' dir='ltr'>κελεύοντα</span> <span class='ocrx_word' id='word_1_654' title='bbox 3509 4632 3644 4711; x_wconf 52' lang='grc' dir='ltr'>πλεῖν</span> <span class='ocrx_word' id='word_1_655' title='bbox 3666 4655 3732 4715; x_wconf 78' lang='grc' dir='ltr'><strong>εἰς</strong></span> 
     </span>
    </p>
   </div>
   <div class='ocr_carea' id='block_1_89' title="bbox 525 4723 2093 4825">
    <p class='ocr_par' dir='ltr' id='par_1_89' title="bbox 525 4723 2093 4796">
     <span class='ocr_line' id='line_1_89' title="bbox 525 4723 2093 4796; baseline 0.01 -18"><span class='ocrx_word' id='word_1_656' title='bbox 525 4739 651 4778; x_wconf 88' lang='lat' dir='ltr'><strong>rere</strong></span> <span class='ocrx_word' id='word_1_657' title='bbox 682 4737 808 4778; x_wconf 91' lang='lat' dir='ltr'><strong>cum</strong></span> <span class='ocrx_word' id='word_1_658' title='bbox 836 4723 1098 4786; x_wconf 84' lang='lat' dir='ltr'><strong>Domitio,</strong></span> <span class='ocrx_word' id='word_1_659' title='bbox 1132 4741 1162 4777; x_wconf 93' lang='lat' dir='ltr'><strong>a</strong></span> <span class='ocrx_word' id='word_1_660' title='bbox 1201 4740 1313 4794; x_wconf 85' lang='lat' dir='ltr'><strong>quo</strong></span> <span class='ocrx_word' id='word_1_661' title='bbox 1336 4738 1546 4796; x_wconf 81' lang='lat' dir='ltr'><strong>scptem</strong></span> <span class='ocrx_word' id='word_1_662' title='bbox 1576 4732 1750 4788; x_wconf 90' lang='lat' dir='ltr'><strong>millia</strong></span> <span class='ocrx_word' id='word_1_663' title='bbox 1782 4735 1849 4789; x_wconf 87' lang='lat' dir='ltr'><strong>ad</strong></span> <span class='ocrx_word' id='word_1_664' title='bbox 1882 4751 2006 4791; x_wconf 90' lang='lat' dir='ltr'><strong>eum</strong></span> <span class='ocrx_word' id='word_1_665' title='bbox 2040 4740 2093 4794; x_wconf 91' lang='lat' dir='ltr'><strong>in</strong></span> 
     </span>
    </p>
   </div>
   <div class='ocr_carea' id='block_1_90' title="bbox 2199 4723 3727 4825">
    <p class='ocr_par' dir='ltr' id='par_1_90' title="bbox 2203 4723 3727 4825">
     <span class='ocr_line' id='line_1_90' title="bbox 2203 4723 3727 4825; baseline 0.004 -24"><span class='ocrx_word' id='word_1_666' title='bbox 2203 4723 2411 4820; x_wconf 69' lang='grc' dir='ltr'>Διϐύην</span> <span class='ocrx_word' id='word_1_667' title='bbox 2436 4723 2531 4805; x_wconf 71' lang='grc' dir='ltr'>καὶ</span> <span class='ocrx_word' id='word_1_668' title='bbox 2566 4723 2827 4823; x_wconf 80' lang='grc' dir='ltr'>πολεμεῖν</span> <span class='ocrx_word' id='word_1_669' title='bbox 2858 4753 3124 4825; x_wconf 82' lang='grc' dir='ltr'>Δομετίῳ.</span> <span class='ocrx_word' id='word_1_670' title='bbox 3167 4755 3279 4807; x_wconf 78' lang='grc' dir='ltr'>Καὶ</span> <span class='ocrx_word' id='word_1_671' title='bbox 3326 4758 3354 4808; x_wconf 85' lang='grc' dir='ltr'><strong>ό</strong></span> <span class='ocrx_word' id='word_1_672' title='bbox 3397 4753 3492 4824; x_wconf 82' lang='grc' dir='ltr'>μὲν</span> <span class='ocrx_word' id='word_1_673' title='bbox 3526 4746 3727 4815; x_wconf 75' lang='grc' dir='ltr'>ἐξέπλει.</span> 
     </span>
    </p>
   </div>
   <div class='ocr_carea' id='block_1_91' title="bbox 524 4815 2094 4900">
    <p class='ocr_par' dir='ltr' id='par_1_91' title="bbox 524 4815 2094 4900">
     <span class='ocr_line' id='line_1_91' title="bbox 524 4815 2094 4900; baseline 0.011 -30"><span class='ocrx_word' id='word_1_674' title='bbox 524 4815 766 4871; x_wconf 75' lang='lat' dir='ltr'><strong>Africam</strong></span> <span class='ocrx_word' id='word_1_675' title='bbox 799 4815 1108 4885; x_wconf 81' lang='lat' dir='ltr'><strong>profectum</strong></span> <span class='ocrx_word' id='word_1_676' title='bbox 1163 4821 1524 4876; x_wconf 89' lang='lat' dir='ltr'><strong>transierunt.</strong></span> <span class='ocrx_word' id='word_1_677' title='bbox 1552 4821 1742 4895; x_wconf 85' lang='lat' dir='ltr'><strong>Pugna</strong></span> <span class='ocrx_word' id='word_1_678' title='bbox 1780 4830 2094 4900; x_wconf 90' lang='lat' dir='ltr'><strong>commissa,</strong></span> 
     </span>
    </p>
   </div>
   <div class='ocr_carea' id='block_1_92' title="bbox 523 4909 2095 4993">
    <p class='ocr_par' dir='ltr' id='par_1_92' title="bbox 523 4909 2095 4993">
     <span class='ocr_line' id='line_1_92' title="bbox 523 4909 2095 4993; baseline 0.01 -29"><span class='ocrx_word' id='word_1_679' title='bbox 523 4909 797 4964; x_wconf 87' lang='lat' dir='ltr'><strong>Domitius</strong></span> <span class='ocrx_word' id='word_1_680' title='bbox 848 4910 1090 4965; x_wconf 90' lang='lat' dir='ltr'><strong>vincitur</strong></span> <span class='ocrx_word' id='word_1_681' title='bbox 1140 4922 1305 4982; x_wconf 84' lang='lat' dir='ltr'><strong>atque</strong></span> <span class='ocrx_word' id='word_1_682' title='bbox 1337 4914 1653 4972; x_wconf 85' lang='lat' dir='ltr'><strong>occiditur:</strong></span> <span class='ocrx_word' id='word_1_683' title='bbox 1702 4921 1868 4977; x_wconf 86' lang='lat' dir='ltr'><strong>urbes</strong></span> <span class='ocrx_word' id='word_1_684' title='bbox 1894 4925 2095 4993; x_wconf 89' lang='lat' dir='ltr'><strong>partim</strong></span> 
     </span>
    </p>
   </div>
   <div class='ocr_carea' id='block_1_93' title="bbox 428 5002 2097 5083">
    <p class='ocr_par' dir='ltr' id='par_1_93' title="bbox 428 5002 2097 5083">
     <span class='ocr_line' id='line_1_93' title="bbox 428 5002 2097 5083; baseline 0.012 -28"><span class='ocrx_word' id='word_1_685' title='bbox 428 5058 435 5063; x_wconf 70' lang='grc'><strong>,</strong></span> <span class='ocrx_word' id='word_1_686' title='bbox 523 5010 739 5071; x_wconf 88' lang='lat' dir='ltr'><strong>sponte,</strong></span> <span class='ocrx_word' id='word_1_687' title='bbox 786 5002 985 5071; x_wconf 89' lang='lat' dir='ltr'><strong>partim</strong></span> <span class='ocrx_word' id='word_1_688' title='bbox 1020 5015 1225 5059; x_wconf 75' lang='lat' dir='ltr'><strong>coacta:</strong></span> <span class='ocrx_word' id='word_1_689' title='bbox 1267 5005 1589 5077; x_wconf 90' lang='lat' dir='ltr'><strong>Pompeium</strong></span> <span class='ocrx_word' id='word_1_690' title='bbox 1637 5012 1930 5083; x_wconf 88' lang='lat' dir='ltr'><strong>recipiunt.</strong></span> <span class='ocrx_word' id='word_1_691' title='bbox 1962 5017 2097 5075; x_wconf 84' lang='lat' dir='ltr'><strong>Inde</strong></span> 
     </span>
    </p>
   </div>
   <div class='ocr_carea' id='block_1_94' title="bbox 521 5100 2098 5175">
    <p class='ocr_par' dir='ltr' id='par_1_94' title="bbox 521 5100 2098 5175">
     <span class='ocr_line' id='line_1_94' title="bbox 521 5100 2098 5175; baseline 0.01 -21"><span class='ocrx_word' id='word_1_692' title='bbox 521 5100 580 5155; x_wconf 91' lang='lat' dir='ltr'><strong>in</strong></span> <span class='ocrx_word' id='word_1_693' title='bbox 624 5100 934 5155; x_wconf 87' lang='lat' dir='ltr'><strong>Numidiam</strong></span> <span class='ocrx_word' id='word_1_694' title='bbox 986 5102 1126 5158; x_wconf 87' lang='lat' dir='ltr'><strong>facta</strong></span> <span class='ocrx_word' id='word_1_695' title='bbox 1172 5105 1555 5175; x_wconf 87' lang='lat' dir='ltr'><strong>impressione,</strong></span> <span class='ocrx_word' id='word_1_696' title='bbox 1613 5111 1857 5167; x_wconf 87' lang='lat' dir='ltr'><strong>subactis</strong></span> <span class='ocrx_word' id='word_1_697' title='bbox 1917 5115 2098 5170; x_wconf 83' lang='lat' dir='ltr'><strong>obviis</strong></span> 
     </span>
    </p>
   </div>
   <div class='ocr_carea' id='block_1_95' title="bbox 523 5192 2095 5274">
    <p class='ocr_par' dir='ltr' id='par_1_95' title="bbox 523 5192 2095 5274">
     <span class='ocr_line' id='line_1_95' title="bbox 523 5192 2095 5274; baseline 0.009 -26"><span class='ocrx_word' id='word_1_698' title='bbox 523 5192 805 5259; x_wconf 88' lang='lat' dir='ltr'><strong>omnibus,</strong></span> <span class='ocrx_word' id='word_1_699' title='bbox 838 5200 1060 5263; x_wconf 84' lang='lat' dir='ltr'><strong>totaque</strong></span> <span class='ocrx_word' id='word_1_700' title='bbox 1106 5199 1384 5265; x_wconf 86' lang='lat' dir='ltr'><strong>provincia</strong></span> <span class='ocrx_word' id='word_1_701' title='bbox 1440 5200 1638 5256; x_wconf 87' lang='lat' dir='ltr'><strong>diebus</strong></span> <span class='ocrx_word' id='word_1_702' title='bbox 1670 5220 1732 5257; x_wconf 81' lang='grc' dir='ltr'><strong>τι.</strong></span> <span class='ocrx_word' id='word_1_703' title='bbox 1760 5206 2095 5274; x_wconf 86' lang='lat' dir='ltr'><strong>perdomita,</strong></span> 
     </span>
    </p>
   </div>
   <div class='ocr_carea' id='block_1_96' title="bbox 522 5284 2094 5364">
    <p class='ocr_par' dir='ltr' id='par_1_96' title="bbox 522 5284 2094 5364">
     <span class='ocr_line' id='line_1_96' title="bbox 522 5284 2094 5364; baseline 0.009 -26"><span class='ocrx_word' id='word_1_704' title='bbox 522 5286 738 5341; x_wconf 89' lang='lat' dir='ltr'><strong>litteras</strong></span> <span class='ocrx_word' id='word_1_705' title='bbox 765 5300 794 5337; x_wconf 84' lang='lat' dir='ltr'><strong>a</strong></span> <span class='ocrx_word' id='word_1_706' title='bbox 833 5284 978 5355; x_wconf 84' lang='lat' dir='ltr'><strong>Sylla</strong></span> <span class='ocrx_word' id='word_1_707' title='bbox 1031 5287 1269 5356; x_wconf 88' lang='lat' dir='ltr'><strong>accipit:</strong></span> <span class='ocrx_word' id='word_1_708' title='bbox 1323 5291 1546 5358; x_wconf 77' lang='lat' dir='ltr'><strong>quibus,</strong></span> <span class='ocrx_word' id='word_1_709' title='bbox 1576 5295 1789 5349; x_wconf 68' lang='lat' dir='ltr'><strong>caneris</strong></span> <span class='ocrx_word' id='word_1_710' title='bbox 1828 5297 2094 5364; x_wconf 89' lang='lat' dir='ltr'><strong>dimissis,</strong></span> 
     </span>
    </p>
   </div>
   <div class='ocr_carea' id='block_1_97' title="bbox 523 5375 2097 5461">
    <p class='ocr_par' dir='ltr' id='par_1_97' title="bbox 523 5375 2097 5461">
     <span class='ocr_line' id='line_1_97' title="bbox 523 5375 2097 5461; baseline 0.01 -31"><span class='ocrx_word' id='word_1_711' title='bbox 523 5390 647 5430; x_wconf 87' lang='lat' dir='ltr'><strong>cum</strong></span> <span class='ocrx_word' id='word_1_712' title='bbox 681 5391 790 5429; x_wconf 89' lang='lat' dir='ltr'><strong>una</strong></span> <span class='ocrx_word' id='word_1_713' title='bbox 817 5375 1034 5444; x_wconf 82' lang='lat' dir='ltr'><strong>legione</strong></span> <span class='ocrx_word' id='word_1_714' title='bbox 1064 5392 1436 5433; x_wconf 88' lang='lat' dir='ltr'><strong>successorem</strong></span> <span class='ocrx_word' id='word_1_715' title='bbox 1467 5381 1634 5437; x_wconf 69' lang='lat' dir='ltr'><strong>Uticae</strong></span> <span class='ocrx_word' id='word_1_716' title='bbox 1666 5397 1984 5455; x_wconf 80' lang='lat' dir='ltr'><strong>exspectare</strong></span> <span class='ocrx_word' id='word_1_717' title='bbox 2004 5392 2097 5461; x_wconf 88' lang='lat' dir='ltr'><strong>ju-</strong></span> 
     </span>
    </p>
   </div>
   <div class='ocr_carea' id='block_1_98' title="bbox 525 5466 2099 5543">
    <p class='ocr_par' dir='ltr' id='par_1_98' title="bbox 525 5466 2099 5543">
     <span class='ocr_line' id='line_1_98' title="bbox 525 5466 2099 5543; baseline 0.01 -22"><span class='ocrx_word' id='word_1_718' title='bbox 525 5466 706 5522; x_wconf 87' lang='lat' dir='ltr'><strong>betur.</strong></span> <span class='ocrx_word' id='word_1_719' title='bbox 734 5466 906 5533; x_wconf 88' lang='lat' dir='ltr'><strong>Quam</strong></span> <span class='ocrx_word' id='word_1_720' title='bbox 945 5484 1059 5522; x_wconf 87' lang='lat' dir='ltr'><strong>rem</strong></span> <span class='ocrx_word' id='word_1_721' title='bbox 1094 5469 1211 5538; x_wconf 90' lang='lat' dir='ltr'><strong>ipso</strong></span> <span class='ocrx_word' id='word_1_722' title='bbox 1247 5473 1385 5525; x_wconf 88' lang='lat' dir='ltr'><strong>clam</strong></span> <span class='ocrx_word' id='word_1_723' title='bbox 1440 5488 1583 5543; x_wconf 67' lang='lat' dir='ltr'><strong>aegre</strong></span> <span class='ocrx_word' id='word_1_724' title='bbox 1618 5475 1850 5543; x_wconf 89' lang='lat' dir='ltr'><strong>ferente,</strong></span> <span class='ocrx_word' id='word_1_725' title='bbox 1887 5482 2099 5536; x_wconf 72' lang='lat' dir='ltr'><strong>excrci-</strong></span> 
     </span>
    </p>
   </div>
   <div class='ocr_carea' id='block_1_99' title="bbox 525 5560 2096 5641">
    <p class='ocr_par' dir='ltr' id='par_1_99' title="bbox 525 5560 2096 5641">
     <span class='ocr_line' id='line_1_99' title="bbox 525 5560 2096 5641; baseline 0.01 -29"><span class='ocrx_word' id='word_1_726' title='bbox 525 5567 613 5613; x_wconf 90' lang='lat' dir='ltr'><strong>tus</strong></span> <span class='ocrx_word' id='word_1_727' title='bbox 646 5568 835 5629; x_wconf 88' lang='lat' dir='ltr'><strong>aperte</strong></span> <span class='ocrx_word' id='word_1_728' title='bbox 877 5567 962 5614; x_wconf 86' lang='lat' dir='ltr'><strong>est</strong></span> <span class='ocrx_word' id='word_1_729' title='bbox 1006 5560 1367 5626; x_wconf 80' lang='lat' dir='ltr'><strong>indignatus:</strong></span> <span class='ocrx_word' id='word_1_730' title='bbox 1418 5564 1791 5638; x_wconf 87' lang='lat' dir='ltr'><strong>Pompeioque</strong></span> <span class='ocrx_word' id='word_1_731' title='bbox 1841 5574 2096 5641; x_wconf 72' lang='lat' dir='ltr'><strong>progredi</strong></span> 
     </span>
    </p>
   </div>
   <div class='ocr_carea' id='block_1_100' title="bbox 520 5651 2093 5729">
    <p class='ocr_par' dir='ltr' id='par_1_100' title="bbox 520 5651 2093 5729">
     <span class='ocr_line' id='line_1_100' title="bbox 520 5651 2093 5729; baseline 0.01 -23"><span class='ocrx_word' id='word_1_732' title='bbox 520 5652 762 5716; x_wconf 86' lang='lat' dir='ltr'><strong>volente,</strong></span> <span class='ocrx_word' id='word_1_733' title='bbox 797 5651 865 5707; x_wconf 91' lang='lat' dir='ltr'><strong>de</strong></span> <span class='ocrx_word' id='word_1_734' title='bbox 901 5653 1046 5724; x_wconf 73' lang='lat' dir='ltr'><strong>Sylla</strong></span> <span class='ocrx_word' id='word_1_735' title='bbox 1074 5668 1269 5723; x_wconf 89' lang='lat' dir='ltr'><strong>parum</strong></span> <span class='ocrx_word' id='word_1_736' title='bbox 1302 5657 1587 5711; x_wconf 89' lang='lat' dir='ltr'><strong>commode</strong></span> <span class='ocrx_word' id='word_1_737' title='bbox 1625 5662 1966 5729; x_wconf 86' lang='lat' dir='ltr'><strong>suntlocuti,</strong></span> <span class='ocrx_word' id='word_1_738' title='bbox 1990 5681 2093 5721; x_wconf 88' lang='lat' dir='ltr'><strong>nec</strong></span> 
     </span>
    </p>
   </div>
   <div class='ocr_carea' id='block_1_101' title="bbox 414 5741 2095 5817">
    <p class='ocr_par' dir='ltr' id='par_1_101' title="bbox 414 5741 2095 5817">
     <span class='ocr_line' id='line_1_101' title="bbox 414 5741 2095 5817; baseline 0.012 -26"><span class='ocrx_word' id='word_1_739' title='bbox 414 5784 423 5799; x_wconf 82' lang='grc'><strong>,</strong></span> <span class='ocrx_word' id='word_1_740' title='bbox 520 5742 670 5809; x_wconf 89' lang='lat' dir='ltr'><strong>passi</strong></span> <span class='ocrx_word' id='word_1_741' title='bbox 706 5741 1027 5811; x_wconf 90' lang='lat' dir='ltr'><strong>Pompeium</strong></span> <span class='ocrx_word' id='word_1_742' title='bbox 1062 5758 1121 5798; x_wconf 90' lang='lat' dir='ltr'><strong>se</strong></span> <span class='ocrx_word' id='word_1_743' title='bbox 1151 5752 1379 5815; x_wconf 81' lang='lat' dir='ltr'><strong>tyranno</strong></span> <span class='ocrx_word' id='word_1_744' title='bbox 1406 5748 1654 5802; x_wconf 88' lang='lat' dir='ltr'><strong>credere.</strong></span> <span class='ocrx_word' id='word_1_745' title='bbox 1700 5750 1804 5817; x_wconf 86' lang='lat' dir='ltr'><strong>Qui</strong></span> <span class='ocrx_word' id='word_1_746' title='bbox 1845 5768 1971 5811; x_wconf 90' lang='lat' dir='ltr'><strong>cum</strong></span> <span class='ocrx_word' id='word_1_747' title='bbox 1998 5772 2095 5813; x_wconf 86' lang='lat' dir='ltr'><strong>eos</strong></span> 
     </span>
    </p>
   </div>
   <div class='ocr_carea' id='block_1_102' title="bbox 522 5834 2092 5916">
    <p class='ocr_par' dir='ltr' id='par_1_102' title="bbox 522 5834 2092 5916">
     <span class='ocr_line' id='line_1_102' title="bbox 522 5834 2092 5916; baseline 0.013 -31"><span class='ocrx_word' id='word_1_748' title='bbox 522 5834 771 5902; x_wconf 86' lang='lat' dir='ltr'><strong>mitigare</strong></span> <span class='ocrx_word' id='word_1_749' title='bbox 796 5843 1111 5905; x_wconf 88' lang='lat' dir='ltr'><strong>conaretur,</strong></span> <span class='ocrx_word' id='word_1_750' title='bbox 1147 5851 1372 5895; x_wconf 88' lang='lat' dir='ltr'><strong>manere</strong></span> <span class='ocrx_word' id='word_1_751' title='bbox 1396 5848 1450 5894; x_wconf 87' lang='lat' dir='ltr'><strong>et</strong></span> <span class='ocrx_word' id='word_1_752' title='bbox 1477 5838 1750 5909; x_wconf 88' lang='lat' dir='ltr'><strong>imperare</strong></span> <span class='ocrx_word' id='word_1_753' title='bbox 1768 5844 2092 5916; x_wconf 85' lang='lat' dir='ltr'><strong>jubebatur,</strong></span> 
     </span>
    </p>
   </div>
   <div class='ocr_carea' id='block_1_103' title="bbox 2204 4841 3731 4916">
    <p class='ocr_par' dir='ltr' id='par_1_103' title="bbox 2204 4841 3731 4916">
     <span class='ocr_line' id='line_1_103' title="bbox 2204 4841 3731 4916; baseline -0.001 -21"><span class='ocrx_word' id='word_1_754' title='bbox 2204 4841 2598 4914; x_wconf 71' lang='grc' dir='ltr'>ἑπτακισχίλιοι</span> <span class='ocrx_word' id='word_1_755' title='bbox 2628 4844 2687 4899; x_wconf 69' lang='grc' dir='ltr'>δὲ</span> <span class='ocrx_word' id='word_1_756' title='bbox 2716 4845 2866 4915; x_wconf 81' lang='grc' dir='ltr'>αὐτῷ</span> <span class='ocrx_word' id='word_1_757' title='bbox 2893 4845 3002 4899; x_wconf 84' lang='grc' dir='ltr'><strong>τῶν</strong></span> <span class='ocrx_word' id='word_1_758' title='bbox 3042 4847 3147 4901; x_wconf 78' lang='grc' dir='ltr'><strong>ὑπὸ</strong></span> <span class='ocrx_word' id='word_1_759' title='bbox 3180 4846 3272 4900; x_wconf 80' lang='grc' dir='ltr'>τὸν</span> <span class='ocrx_word' id='word_1_760' title='bbox 3324 4845 3568 4916; x_wconf 85' lang='grc' dir='ltr'>Δομέτιον</span> <span class='ocrx_word' id='word_1_761' title='bbox 3594 4854 3731 4910; x_wconf 80' lang='grc' dir='ltr'>προσ·</span> 
     </span>
    </p>
   </div>
   <div class='ocr_carea' id='block_1_104' title="bbox 2203 4932 3728 5011">
    <p class='ocr_par' dir='ltr' id='par_1_104' title="bbox 2203 4932 3728 5011">
     <span class='ocr_line' id='line_1_104' title="bbox 2203 4932 3728 5011; baseline 0.002 -25"><span class='ocrx_word' id='word_1_762' title='bbox 2203 4933 2510 5007; x_wconf 86' lang='grc' dir='ltr'>εχὼρησαν.</span> <span class='ocrx_word' id='word_1_763' title='bbox 2572 4938 3054 5008; x_wconf 69' lang='grc' dir='ltr'>Ἀντιτεταγμένου</span> <span class='ocrx_word' id='word_1_764' title='bbox 3106 4940 3162 4993; x_wconf 80' lang='grc' dir='ltr'>δὲ</span> <span class='ocrx_word' id='word_1_765' title='bbox 3211 4939 3490 5011; x_wconf 87' lang='grc' dir='ltr'>Δομετίου,</span> <span class='ocrx_word' id='word_1_766' title='bbox 3555 4932 3728 5004; x_wconf 70' lang='grc' dir='ltr'>συρρή-</span> 
     </span>
    </p>
   </div>
   <div class='ocr_carea' id='block_1_105' title="bbox 2205 5025 3723 5101">
    <p class='ocr_par' dir='ltr' id='par_1_105' title="bbox 2205 5025 3723 5101">
     <span class='ocr_line' id='line_1_105' title="bbox 2205 5025 3723 5101; baseline 0.004 -22"><span class='ocrx_word' id='word_1_767' title='bbox 2205 5043 2433 5096; x_wconf 85' lang='grc' dir='ltr'>γνυνται</span> <span class='ocrx_word' id='word_1_768' title='bbox 2469 5028 2536 5081; x_wconf 86' lang='grc' dir='ltr'><strong>τά</strong></span> <span class='ocrx_word' id='word_1_769' title='bbox 2569 5029 2985 5101; x_wconf 83' lang='grc' dir='ltr'>στρατεύματα,</span> <span class='ocrx_word' id='word_1_770' title='bbox 3020 5032 3116 5084; x_wconf 75' lang='grc' dir='ltr'>καὶ</span> <span class='ocrx_word' id='word_1_771' title='bbox 3145 5033 3373 5085; x_wconf 86' lang='grc' dir='ltr'>νικῶσιν</span> <span class='ocrx_word' id='word_1_772' title='bbox 3389 5025 3723 5096; x_wconf 70' lang='grc' dir='ltr'>οίΠομπηῖουι</span> 
     </span>
    </p>
   </div>
   <div class='ocr_carea' id='block_1_106' title="bbox 2204 5112 3719 5185">
    <p class='ocr_par' dir='ltr' id='par_1_106' title="bbox 2204 5112 3719 5185">
     <span class='ocr_line' id='line_1_106' title="bbox 2204 5112 3719 5185; baseline -0.003 -18"><span class='ocrx_word' id='word_1_773' title='bbox 2204 5115 2301 5167; x_wconf 76' lang='grc' dir='ltr'>καὶ</span> <span class='ocrx_word' id='word_1_774' title='bbox 2328 5117 2356 5169; x_wconf 88' lang='grc' dir='ltr'><strong>ό</strong></span> <span class='ocrx_word' id='word_1_775' title='bbox 2380 5115 2639 5185; x_wconf 80' lang='grc' dir='ltr'>Δομέτιος</span> <span class='ocrx_word' id='word_1_776' title='bbox 2678 5120 2977 5173; x_wconf 80' lang='grc' dir='ltr'>κτείνεταιο</span> <span class='ocrx_word' id='word_1_777' title='bbox 3006 5119 3115 5172; x_wconf 84' lang='grc' dir='ltr'><strong>τῶν</strong></span> <span class='ocrx_word' id='word_1_778' title='bbox 3144 5120 3201 5173; x_wconf 81' lang='grc' dir='ltr'>δὲ</span> <span class='ocrx_word' id='word_1_779' title='bbox 3228 5122 3431 5174; x_wconf 86' lang='grc' dir='ltr'>πόλεων</span> <span class='ocrx_word' id='word_1_780' title='bbox 3455 5119 3508 5172; x_wconf 88' lang='grc' dir='ltr'><strong>αί</strong></span> <span class='ocrx_word' id='word_1_781' title='bbox 3538 5114 3627 5185; x_wconf 86' lang='grc' dir='ltr'>μὲν</span> <span class='ocrx_word' id='word_1_782' title='bbox 3650 5112 3719 5163; x_wconf 72' lang='lat' dir='ltr'><strong>etl-</strong></span> 
     </span>
    </p>
   </div>
   <div class='ocr_carea' id='block_1_107' title="bbox 2206 5211 3721 5289">
    <p class='ocr_par' dir='ltr' id='par_1_107' title="bbox 2206 5211 3721 5289">
     <span class='ocr_line' id='line_1_107' title="bbox 2206 5211 3721 5289; baseline -0.007 -20"><span class='ocrx_word' id='word_1_783' title='bbox 2206 5211 2304 5277; x_wconf 81' lang='grc' dir='ltr'>θὺς</span> <span class='ocrx_word' id='word_1_784' title='bbox 2343 5215 2793 5286; x_wconf 83' lang='grc' dir='ltr'>προσεχώρησαν,</span> <span class='ocrx_word' id='word_1_785' title='bbox 2843 5216 2900 5271; x_wconf 82' lang='lat' dir='ltr'><strong>al</strong></span> <span class='ocrx_word' id='word_1_786' title='bbox 2946 5216 3003 5271; x_wconf 79' lang='grc' dir='ltr'>δὲ</span> <span class='ocrx_word' id='word_1_787' title='bbox 3048 5218 3194 5271; x_wconf 73' lang='grc' dir='ltr'>κατὰ</span> <span class='ocrx_word' id='word_1_788' title='bbox 3248 5217 3443 5289; x_wconf 84' lang='grc' dir='ltr'>κράτος</span> <span class='ocrx_word' id='word_1_789' title='bbox 3493 5213 3721 5266; x_wconf 70' lang='grc' dir='ltr'>ἑάλωσαν.</span> 
     </span>
    </p>
   </div>
   <div class='ocr_carea' id='block_1_108' title="bbox 2207 5304 3722 5378">
    <p class='ocr_par' dir='ltr' id='par_1_108' title="bbox 2207 5304 3722 5378">
     <span class='ocr_line' id='line_1_108' title="bbox 2207 5304 3722 5378; baseline -0.003 -22"><span class='ocrx_word' id='word_1_790' title='bbox 2207 5304 2317 5356; x_wconf 72' lang='grc' dir='ltr'><strong>Καὶ</strong></span> <span class='ocrx_word' id='word_1_791' title='bbox 2340 5306 2420 5367; x_wconf 79' lang='grc' dir='ltr'><strong>εἰς</strong></span> <span class='ocrx_word' id='word_1_792' title='bbox 2447 5305 2548 5375; x_wconf 78' lang='grc' dir='ltr'>τὴν</span> <span class='ocrx_word' id='word_1_793' title='bbox 2576 5306 2896 5377; x_wconf 73' lang='grc' dir='ltr'>Νομαδικὴν</span> <span class='ocrx_word' id='word_1_794' title='bbox 2926 5306 3204 5378; x_wconf 71' lang='grc' dir='ltr'>ἐμϐαλὼν,</span> <span class='ocrx_word' id='word_1_795' title='bbox 3242 5310 3334 5362; x_wconf 79' lang='grc' dir='ltr'>καὶ</span> <span class='ocrx_word' id='word_1_796' title='bbox 3384 5307 3584 5361; x_wconf 83' lang='grc' dir='ltr'>πάντων</span> <span class='ocrx_word' id='word_1_797' title='bbox 3610 5313 3722 5367; x_wconf 82' lang='grc' dir='ltr'>κρα-</span> 
     </span>
    </p>
   </div>
   <div class='ocr_carea' id='block_1_109' title="bbox 2204 5385 3723 5468">
    <p class='ocr_par' dir='ltr' id='par_1_109' title="bbox 2204 5385 3723 5468">
     <span class='ocr_line' id='line_1_109' title="bbox 2204 5385 3723 5468; baseline -0.001 -21"><span class='ocrx_word' id='word_1_798' title='bbox 2204 5395 2397 5465; x_wconf 81' lang='grc' dir='ltr'>τήσας,</span> <span class='ocrx_word' id='word_1_799' title='bbox 2427 5392 2508 5458; x_wconf 78' lang='grc' dir='ltr'>οἷς</span> <span class='ocrx_word' id='word_1_800' title='bbox 2537 5397 2757 5467; x_wconf 77' lang='grc' dir='ltr'>ἐνέτυχε</span> <span class='ocrx_word' id='word_1_801' title='bbox 2784 5399 3197 5468; x_wconf 83' lang='grc' dir='ltr'>τεσσαράκοντα</span> <span class='ocrx_word' id='word_1_802' title='bbox 3222 5401 3339 5459; x_wconf 79' lang='grc' dir='ltr'>ταῖς</span> <span class='ocrx_word' id='word_1_803' title='bbox 3384 5397 3566 5454; x_wconf 81' lang='grc' dir='ltr'>πάσαις</span> <span class='ocrx_word' id='word_1_804' title='bbox 3610 5385 3723 5457; x_wconf 77' lang='grc' dir='ltr'>ἠμέ-</span> 
     </span>
    </p>
   </div>
   <div class='ocr_carea' id='block_1_110' title="bbox 2206 5477 3720 5559">
    <p class='ocr_par' dir='ltr' id='par_1_110' title="bbox 2206 5477 3720 5559">
     <span class='ocr_line' id='line_1_110' title="bbox 2206 5477 3720 5559; baseline 0.004 -20"><span class='ocrx_word' id='word_1_805' title='bbox 2206 5503 2327 5556; x_wconf 88' lang='grc' dir='ltr'>ραις</span> <span class='ocrx_word' id='word_1_806' title='bbox 2367 5487 2671 5558; x_wconf 80' lang='grc' dir='ltr'>γράμματα</span> <span class='ocrx_word' id='word_1_807' title='bbox 2721 5490 2935 5558; x_wconf 81' lang='grc' dir='ltr'>δέχεται</span> <span class='ocrx_word' id='word_1_808' title='bbox 2983 5488 3180 5556; x_wconf 77' lang='grc' dir='ltr'>Σύλλα,</span> <span class='ocrx_word' id='word_1_809' title='bbox 3239 5493 3446 5559; x_wconf 81' lang='grc' dir='ltr'>ἀφεῖναι</span> <span class='ocrx_word' id='word_1_810' title='bbox 3500 5485 3588 5553; x_wconf 83' lang='grc' dir='ltr'>μὲν</span> <span class='ocrx_word' id='word_1_811' title='bbox 3639 5477 3720 5545; x_wconf 63' lang='grc' dir='ltr'><strong>τὴν</strong></span> 
     </span>
    </p>
   </div>
   <div class='ocr_carea' id='block_1_111' title="bbox 2203 5579 3714 5652">
    <p class='ocr_par' dir='ltr' id='par_1_111' title="bbox 2203 5579 3714 5652">
     <span class='ocr_line' id='line_1_111' title="bbox 2203 5579 3714 5652; baseline 0.005 -19"><span class='ocrx_word' id='word_1_812' title='bbox 2203 5579 2372 5649; x_wconf 80' lang='grc' dir='ltr'>ἄλλην</span> <span class='ocrx_word' id='word_1_813' title='bbox 2397 5583 2685 5652; x_wconf 80' lang='grc' dir='ltr'>στρατιὰν,</span> <span class='ocrx_word' id='word_1_814' title='bbox 2717 5581 2881 5635; x_wconf 75' lang='grc' dir='ltr'>αὐτὸν</span> <span class='ocrx_word' id='word_1_815' title='bbox 2908 5582 2965 5634; x_wconf 80' lang='grc' dir='ltr'>δὲ</span> <span class='ocrx_word' id='word_1_816' title='bbox 2999 5583 3122 5652; x_wconf 87' lang='grc' dir='ltr'>μεθ’</span> <span class='ocrx_word' id='word_1_817' title='bbox 3151 5584 3270 5646; x_wconf 77' lang='grc' dir='ltr'>ἑνὺς</span> <span class='ocrx_word' id='word_1_818' title='bbox 3297 5582 3558 5649; x_wconf 75' lang='grc' dir='ltr'>τάγματος</span> <span class='ocrx_word' id='word_1_819' title='bbox 3587 5584 3714 5639; x_wconf 53' lang='lat' dir='ltr'><strong>iis?“</strong></span> 
     </span>
    </p>
   </div>
   <div class='ocr_carea' id='block_1_112' title="bbox 2206 5664 3713 5745">
    <p class='ocr_par' dir='ltr' id='par_1_112' title="bbox 2206 5664 3713 5745">
     <span class='ocr_line' id='line_1_112' title="bbox 2206 5664 3713 5745; baseline -0.017 -2"><span class='ocrx_word' id='word_1_820' title='bbox 2206 5672 2391 5743; x_wconf 69' lang='grc' dir='ltr'>μένειν</span> <span class='ocrx_word' id='word_1_821' title='bbox 2437 5676 2520 5737; x_wconf 73' lang='grc' dir='ltr'><strong>εἰς</strong></span> <span class='ocrx_word' id='word_1_822' title='bbox 2588 5674 2803 5743; x_wconf 83' lang='grc' dir='ltr'>Ἰτύκην</span> <span class='ocrx_word' id='word_1_823' title='bbox 2853 5673 2945 5727; x_wconf 79' lang='grc' dir='ltr'>τὸν</span> <span class='ocrx_word' id='word_1_824' title='bbox 3004 5674 3382 5745; x_wconf 75' lang='grc' dir='ltr'>διαδεξάμενον</span> <span class='ocrx_word' id='word_1_825' title='bbox 3432 5664 3713 5736; x_wconf 73' lang='grc' dir='ltr'>στρατηγόν.</span> 
     </span>
    </p>
   </div>
   <div class='ocr_carea' id='block_1_113' title="bbox 2215 5749 3715 5836">
    <p class='ocr_par' dir='ltr' id='par_1_113' title="bbox 2215 5749 3715 5836">
     <span class='ocr_line' id='line_1_113' title="bbox 2215 5749 3715 5836; baseline -0.004 -20"><span class='ocrx_word' id='word_1_826' title='bbox 2215 5764 2341 5817; x_wconf 76' lang='grc' dir='ltr'><strong>Ἐπὶ</strong></span> <span class='ocrx_word' id='word_1_827' title='bbox 2374 5765 2586 5829; x_wconf 84' lang='grc' dir='ltr'>τούτοις</span> <span class='ocrx_word' id='word_1_828' title='bbox 2615 5767 2777 5829; x_wconf 81' lang='grc' dir='ltr'>αὐτὸς</span> <span class='ocrx_word' id='word_1_829' title='bbox 2819 5766 2917 5836; x_wconf 78' lang='grc' dir='ltr'>μὲν</span> <span class='ocrx_word' id='word_1_830' title='bbox 2959 5765 3084 5819; x_wconf 83' lang='grc' dir='ltr'>καθ’</span> <span class='ocrx_word' id='word_1_831' title='bbox 3121 5767 3311 5820; x_wconf 74' lang='grc' dir='ltr'>ἑαυτὸν</span> <span class='ocrx_word' id='word_1_832' title='bbox 3360 5762 3559 5833; x_wconf 71' lang='grc' dir='ltr'>ἠχθετο,</span> <span class='ocrx_word' id='word_1_833' title='bbox 3604 5755 3630 5805; x_wconf 80' lang='grc' dir='ltr'><strong><em>ὁ</em></strong></span> <span class='ocrx_word' id='word_1_834' title='bbox 3669 5749 3715 5802; x_wconf 58' lang='grc' dir='ltr'>δὲ</span> 
     </span>
    </p>
   </div>
   <div class='ocr_carea' id='block_1_114' title="bbox 2205 5844 3715 5927">
    <p class='ocr_par' dir='ltr' id='par_1_114' title="bbox 2205 5844 3715 5927">
     <span class='ocr_line' id='line_1_114' title="bbox 2205 5844 3715 5927; baseline -0.017 -2"><span class='ocrx_word' id='word_1_835' title='bbox 2205 5854 2436 5924; x_wconf 75' lang='grc' dir='ltr'><strong>στρατδς</strong></span> <span class='ocrx_word' id='word_1_836' title='bbox 2478 5856 2560 5921; x_wconf 75' lang='grc' dir='ltr'><strong>εἰς</strong></span> <span class='ocrx_word' id='word_1_837' title='bbox 2621 5856 2933 5927; x_wconf 74' lang='grc' dir='ltr'>τούμφανὲς</span> <span class='ocrx_word' id='word_1_838' title='bbox 2996 5856 3314 5924; x_wconf 75' lang='grc' dir='ltr'>ἠγανάκτει.</span> <span class='ocrx_word' id='word_1_839' title='bbox 3356 5852 3459 5909; x_wconf 79' lang='grc' dir='ltr'>Καὶ</span> <span class='ocrx_word' id='word_1_840' title='bbox 3510 5844 3715 5900; x_wconf 68' lang='grc' dir='ltr'>θέλοντος</span> 
     </span>
    </p>
   </div>
  </div>
