3748 6534
145 426 238 486 8θό

1381 406 1785 471 ANNALIUM
1823 409 1971 473 ΠΒ.
2015 413 2091 473 Χ.

3248 415 3356 479 806

147 527 392 605 προελθεῖν
419 519 719 591 Πομπηΐου,
752 517 847 573 τοῦ
903 534 963 571 τε
1018 515 1195 572 Σύλλα
1247 515 1435 582 κακῶς
1490 518 1627 590 ἐμνη

1873 538 1895 577 ri
1944 521 2409 581 obtestationibus
2440 533 2498 580 et
2527 523 3059 583 vociferationibus:
3096 543 3353 599 aegreque

146 603 356 693 μόνευον,
426 612 673 666 κάκεῖνον
699 609 802 661 οὐκ
832 606 957 661 εῖων
998 603 1281 659 πιστεύειν
1311 605 1388 676 τῷ
1413 606 1626 678 τυράνν‹

1878 615 2124 678 titeruut.
2181 632 2309 673 cum
2367 618 2607 689 iurasset
2638 634 2697 674 se
2730 619 2835 675 sibi
2868 620 2973 690 ipsi
2999 636 3194 676 manus
3223 621 3358 676 alla-

143 707 319 768 ἑαυτόν.
355 704 459 758 Καὶ
479 704 507 756 ὁ
539 699 636 772 μὲν
664 699 925 770 ἐπειρᾶτο
954 697 1223 768 πραΰνειν
1246 696 1468 763 αὐτοὺς,
1515 698 1565 750 oi
1608 696 1623 751 ί

1873 722 1982 772 um,
2015 707 2059 763 si
2086 718 2370 780 cogerent.
2404 708 2687 781 Principio
2713 709 2879 781 Syllae
2905 713 3221 767 nuntiatum
3247 722 3353 778 est.

143 804 295 876 μένειν
313 795 464 854 αὑτὸν
499 795 592 847 καὶ
617 792 811 864 ἄρχειν
842 790 1119 853 ἐκέλευον,
1156 790 1317 861 ἄχρις
1350 782 1413 843 οὗ
1441 788 1623 859 προσλι

1873 797 2035 853 scisse
2070 798 2421 869 Pompeium.
2463 800 2672 855 Deinde
2704 801 2937 856 veritate
2971 802 3214 874 cognita,
3247 802 3353 857 ob-

138 890 418 963 παρούντων
462 884 557 939 καὶ
600 882 1033 947 καταϐοώντων,
1070 881 1288 952 ὤμοσεν
1348 882 1612 953 ἀναιρήσε

1874 904 1913 942 [η
1948 904 2296 961 progressus,
2329 901 2697 962 porrectaque
2716 891 2963 958 dextera,
2991 908 3189 964 magna
3219 909 3354 950 voce

139 984 294 1040 ἑαυτὸν
318 981 362 1033 εί
400 977 690 1049 βιάζοιντο·
739 975 837 1029 καὶ
883 976 1038 1045 μόλις
1094 972 1272 1037 οὕτως
1331 972 1664 1028 ἐπαύσαντο.

139 1079 326 1150 Πρῶτον
356 1074 451 1144 μὲν
481 1070 573 1129 οὖν
594 1071 805 1144 ἠγγέλη
835 1071 914 1142 τῷ
944 1070 1122 1142 Σύλλᾳ
1149 1069 1457 1137 ἀφεστάναι
1514 1069 1667 1138 Πομ-

136 1176 285 1243 πήϊον.
316 1165 438 1221 Εἶτα
493 1165 795 1235 πυθόμενος
853 1163 1107 1233 τάληθὲς,
1162 1163 1477 1233 ἀπήντησεν
1520 1158 1671 1231 αύτῷ

136 1263 375 1335 προσιόντι
431 1260 525 1312 καὶ
563 1256 990 1327 δεξιωσάμενος,
1026 1256 1248 1323 Μάγνον
1275 1255 1539 1325 προσεῖπε
1573 1267 1672 1321 μεσο

134 1356 246 1424 γάλῃ
271 1354 331 1422 τῇ
362 1352 533 1421 φωνῇ.
567 1349 831 1421 Σημαίνει
881 1347 939 1417 δὲ
973 1346 1147 1418 μέγαν
1185 1348 1214 1399 6
1261 1345 1507 1414 Μάγνος.
1541 1343 1669 1416 8p!-

134 1446 279 1518 αμϐον
301 1444 352 1496 δὲ
386 1442 677 1512 Πομπηΐου
731 1439 1012 1504 αἰτοῦντος
1053 1440 1082 1492 6
1128 1438 1333 1501 Σύλλας
1356 1438 1669 1506 ἀντέλεγεν,

131 1540 189 1599 ὡς
221 1534 397 1604 ὑπάτῳ
446 1534 481 1604 ἢ
540 1531 835 1604 στρατη·ίῷ
891 1531 1250 1604 θριαμϐεύειν
1320 1531 1662 1601 νενόμισται,

131 1627 248 1696 ἄλλῳ
266 1625 318 1678 δὲ
337 1624 536 1678 ούδενί.
573 1624 634 1676 El
657 1623 711 1677 δὲ
747 1623 1035 1694 Πομπήϊος
1068 1621 1223 1676 οὔπω
1253 1621 1485 1690 γενειῶν
1511 1622 1673 1693 ἀκρι-

132 1721 215 1782 ϐῶς
240 1716 614 1788 θριαμϐεύσει,
661 1711 706 1786 ᾧ
738 1715 932 1788 βουλῆς
963 1716 1053 1770 διὰ
1082 1716 1184 1786 τὴν
1207 1716 1425 1787 ἡλικίαν
1447 1717 1507 1768 o6
1544 1718 1670 1786 μέτ·

131 1828 265 1878 εστιν,
288 1808 575 1877 ἐπίφθονος
617 1807 804 1862 ἔσεται
860 1809 1075 1882 αύτῷή
1124 1810 1282 1879 τιμή.
1330 1809 1520 1863 Ταῦτα
1577 1809 1671 1862 τοῦ

1772 977 2027 1049 Magnum
2074 996 2202 1035 eum
2253 982 2706 1052 cognominavit:
2744 981 2843 1039 sed
2878 983 3221 1054 triumphum
3258 999 3388 1057 ρετ

1774 1071 1910 1126 tenti
1935 1071 2262 1127 adversatus
2280 1085 2386 1137 est,
2416 1075 2563 1144 quod
2592 1075 2800 1130 nemini
2828 1084 3196 1146 prasterquam
3221 1090 3356 1131 eon-

1772 1162 1879 1216 suli
1908 1173 2006 1217 aut
2037 1164 2260 1232 prmtori
2297 1164 2645 1234 triumphare
2676 1164 2889 1219 liceret.
2928 1162 3024 1218 Sin
3058 1163 3357 1233 Pompeius

1772 1268 1915 1323 pene
1962 1252 2248 1317 imberbis.
2299 1255 2389 1309 cui
2440 1270 2539 1325 per
2558 1264 2779 1312 atatem
2829 1256 2885 1310 in
2927 1265 3123 1310 senatu
3154 1254 3352 1311 venire

1772 1362 1884 1402 non
1912 1346 2129 1408 liceret.
2167 1346 2586 1417 triumphasset,
2646 1363 2774 1403 eum
2816 1347 3084 1402 honorem
3121 1345 3359 1402 invidio-

1774 1428 1907 1493 sum'
1928 1436 2065 1492 fore.
2095 1435 2222 1493 llmc
2252 1436 2397 1508 Sylla
2423 1436 2665 1501 dicente.
2694 1437 2989 1509 Pompeius
3018 1437 3357 1508 respondere

1774 1544 1884 1583 non
1904 1528 2199 1596 dubitavit,
2241 1528 2513 1584 orientem
2536 1528 2711 1585 solem
2734 1528 2920 1599 plures
2940 1528 3173 1584 adorare
3191 1544 3356 1600 quam

1775 1622 2117 1676 occidentem
2146 1642 2160 1677 :
2203 1636 2315 1691 quo
2339 1620 2490 1676 dicto
2515 1620 2827 1691 significare
2855 1619 3054 1686 voluit,
3075 1636 3230 1676 suam
3263 1635 3361 1690 po-

1777 1714 2002 1770 tentiam
2052 1714 2266 1784 augeri,
2311 1713 2461 1767 illius
2506 1713 2764 1767 imminui
2808 1721 2866 1766 et
2892 1711 3235 1766 exolescere.
3280 1709 3360 1765 Eo

1777 1824 2042 1879 responso
2071 1808 2238 1881 474
2265 1808 2410 1880 Sylla
2439 1808 2856 1879 obstupefactus
2886 1824 2901 1862 :
2945 1807 3038 1862 Vel
3070 1807 3147 1862 bis
3175 1808 3359 1862 ordine

130 1901 272 1954 Σύλλα
293 1900 546 1969 λέγοντος
594 1901 622 1953 6
668 1902 951 1971 Πομπήϊος
1004 1900 1103 1971 οὐχ
1158 1898 1495 1969 ὑπέπτηξεν,
1549 1900 1610 1952 ἀλ

1889 1904 2083 1971 mpliet,
2109 1902 2459 1957 exclamavit.
2498 1901 2764 1957 Militibus
2793 1908 2979 1956 autem
3012 1900 3361 1955 obturbanti-

130 1995 292 2046 ἐννοεῖν
315 1991 416 2063 ἔφη
502 1993 611 2045 δεῖν
646 1991 728 2045 ὅτι
758 1991 850 2045 τδν
886 1992 1040 2063 ῆλιον
1078 1990 1439 2044 ἀνατέλλοντα
1498 1990 1675 2044 πλείο-

131 2084 244 2154 νεςῆ
284 2083 547 2153 δυόμενον
610 2083 1006 2156 προσκυνοῦσι⁸
1052 2082 1231 2152 δηλῶν
1303 2069 1557 2136 ἐντεῦθεν
1600 2082 1675 2146 ὠς

129 2173 249 2243 αὖτῷ
274 2174 364 2243 μὲν
388 2175 420 2241 ἡ
446 2175 683 2245 δύναμις
709 2173 955 2239 αὔξεται,
989 2174 1185 2245 ἐκείνῳ
1215 2172 1271 2227 δὲ
1325 2171 1583 2243 μειοῦταί
1614 2189 1674 2224 τε

131 2270 202 2321 καὶ
230 2267 575 2338 μαραίνεται.
598 2268 743 2337 Πρὸς
781 2266 957 2320 ταῦτα
977 2267 1006 2319 6
1034 2266 1241 2328 Σύλλας
1272 2265 1672 2333 καταπλαγεὶς,

130 2361 207 2424 Δίς
221 2358 431 2428 ἐφεξῆς
465 2358 936 2428 θριαμϐευσάτω,
965 2358 1211 2429 ἐϐόησεν.
1231 2358 1318 2421 Ὠς
1340 2358 1395 2410 δὲ
1428 2358 1480 2410 οἱ
1517 2376 1677 2426 στρα-

128 2453 283 2505 τιῶται
314 2452 560 2523 ἐνοχλεῖν
590 2452 874 2506 ἐϐούλοντο
893 2454 987 2506 καὶ
1012 2452 1287 2521 θορυϐεῖν,
1313 2451 1389 2524 μὴ
1418 2453 1675 2521 τυχόντες

132 2546 302 2617 ἡλίκων
323 2546 756 2617 προσεδόκησαν,
784 2547 812 2598 6
840 2544 1127 2613 Πομπήϊος
1148 2545 1380 2613 ἀφήσειν
1408 2542 1511 2612 ἔφη
1542 2542 1679 2611 μᾶλ-

128 2640 201 2692 λον
221 2638 606 2709 τὸνθρίαμϐον
654 2638 687 2708 η
740 2636 1098 2690 κολακεύσειν
1139 2636 1266 2696 τοὺς
1314 2635 1674 2705 στρατιώτας.

128 2729 243 2798 Πρὸς
278 2728 304 2781 6
340 2729 657 2798 Σερουΐλιος
715 2728 856 2797 ἀνὴρ
916 2726 1189 2793 ἐπιφανὴς
1248 2725 1340 2777 καὶ
1379 2724 1677 2790 ἀντιλέγων

130 2821 234 2892 πρὶν
265 2820 395 2892 πρὸς
434 2824 527 2872 τὸν
565 2819 859 2889 θρίαμϐον,
890 2816 1042 2879 Νῦν,
1075 2816 1201 2885 ἔφη,
1236 2813 1540 2883 Πομπήϊος
1574 2814 1677 2867 καὶ

130 2914 333 2985 Μάγνος
367 2912 640 2979 ἀληθῶς,
669 2909 770 2965 καί
823 2908 996 2974 ἄξιος
1017 2910 1248 2977 θριαμίι
1262 2906 1425 2961 ὗσαι.
1474 2906 1679 2969 Σύλλας

125 3006 169 3058 δὲ
188 3006 357 3075 ἠνιᾶτο
392 3004 515 3074 μὲν,
543 3003 684 3073 ὁρῶν
706 3007 785 3063 εἰς
824 3002 948 3053 ὅσον
979 3000 1198 3070 πρόεισι
1234 2998 1394 3068 δόξης
1436 2999 1530 3051 καὶ
1588 2999 1681 3049 δυ-

125 3097 304 3167 νάμεως
334 3099 366 3151 ὁ
404 3098 709 3166 Πομπήϊος,
752 3094 1139 3163 αἰσχυνόμενος,
1172 3091 1228 3144 δὲ
1265 3091 1521 3154 κωλύειν,
1555 3089 1679 3160 ησυ-

126 3194 226 3264 χειν
251 3189 375 3265 ἦγε.
431 3191 667 3253 Λέπιδος
711 3190 895 3260 μένῑοι
946 3187 1151 3256 σπουδῇ
1208 3186 1494 3257 Πομπηΐου
1547 3186 1680 3239 61:1-

126 3287 244 3351 τείας
268 3284 470 3357 τυχὼν,
502 3285 581 3348 είς
609 3282 707 3354 τὴν
755 3280 930 3334 Σύλλα
983 3279 1214 3347 δύναμιν
1257 3280 1470 3332 ἐκείνου
1501 3280 1680 3331 τελευυ

126 3379 359 3450 τησαντος
403 3376 600 3430 ἑαυτὸν
622 3374 908 3429 εἰσεποίει.
958 3374 1071 3428 Καὶ
1132 3373 1295 3436 εὐθὺς
1329 3372 1549 3435 ἔνοπλος
1589 3368 1680 3442 ἦν,

127 3472 183 3523 τά
205 3471 303 3523 τῶν
333 3469 583 3523 στάσεων
611 3466 1004 3536 ὑπολείμματα
1038 3463 1335 3517 ἀνακινῶν.
1357 3462 1467 3515 Καὶ
1492 3464 1518 3514 6
1538 3462 1682 3531 Πομ-

129 3567 256 3637 πήϊος
280 3562 509 3634 ἡγεμὼν
541 3558 956 3630 στρατεύματος
986 3556 1285 3627 ἀπεδείχθη
1335 3555 1478 3608 κατὰ
1509 3557 1679 3607 Λεπί-

126 3656 221 3720 δου,
251 3657 350 3728 ἥδη
392 3655 562 3708 πολλὰ
605 3655 703 3724 τῆς
750 3652 985 3713 Ἰταλίας
1034 3649 1391 3719 κεκινηκότος
1444 3649 1539 3700 καὶ
1584 3647 1685 3718 τὴν

131 3752 259 3815 ἐντὸς
290 3748 548 3804 Ἄλπεων
582 3745 856 3799 Γαλατίαν
896 3743 984 3798 διὰ
1030 3742 1270 3814 Βρούτου
1331 3743 1683 3811 κατέχοντος.

128 3840 228 3893 Τῶν
252 3840 351 3910 μὲν
380 3834 475 3892 οὖν
502 3836 682 3891 ἀλλων
715 3833 923 3906 ῥᾳδίως
962 3833 1272 3904 ἐκράτησεν
1300 3834 1327 3885 6
1377 3833 1683 3902 Πομπήϊος,

126 3931 535 4003 ἀντικαθήμενος
567 3929 625 3982 δὶ
654 3928 733 3999 τῷ
758 3926 981 3998 Βρούτῳ
1030 3926 1329 3998 ἐχρόνισεν.
1365 3922 1498 3980 Εἶτα
1560 3925 1687 3976 ἐαυ-

125 4028 201 4080 τδν
225 4029 251 4081 6
279 4025 517 4096 Βροῦτος
544 4022 693 4093 αὐτῷ
724 4019 1081 4092 ἐνεχείρισεν,
1127 4018 1161 4088 ἢ
1213 4016 1687 4088 μεταϐαλλόμενος

126 4116 314 4189 ἣπροδ
346 4115 482 4178 θείς.
525 4114 684 4165 Rau.
717 4111 816 4182 μὲν
863 4110 1131 4180 ἀνῃρέθη,
1174 4102 1346 4178 οὗπερ
1380 4107 1493 4169 υἱὸς
1544 4101 1611 4176 ἢν
1659 4106 1686 4157 6

128 4209 367 4278 Καίσαρα
395 4206 624 4276 ὕστερον
650 4201 1128 4272 διαχειρισάμενος
1176 4195 1433 4269 Βροῦτος.
1458 4197 1686 4262 Λέπιδος

130 4302 180 4354 δὲ
230 4302 323 4374 τῆς
365 4299 598 4362 Ἰταλίας
633 4291 1031 4357 ἐκπεπτωκὼς,
1089 4291 1232 4361 νόσῳ
1276 4289 1565 4344 ἀπέθανεν.
1627 4287 1686 4342 Ὀ

131 4373 295 4460 μέντοι
325 4388 631 4460 Σερτώριος
685 4387 787 4453 τὴν
842 4382 1087 4452 Ἰϐηρίαν
1140 4380 1279 4450 ἔχων
1323 4378 1552 4449 φοϐερὸς
1596 4373 1683 4450 ἦν.

1778 1993 1881 2048 bus
1930 2002 1987 2048 et
2040 1993 2532 2055 tumultuantibus,
2587 1992 2736 2062 quod
2796 1992 3212 2062 exspectatione
3261 2006 3361 2046 sua

1778 2088 1989 2142 minora
2024 2086 2388 2157 accepissent,
2452 2085 2752 2155 Pompeius
2784 2099 2844 2138 se
2885 2084 3227 2152 triumphum
3259 2098 3361 2154 po-

1758 2174 1890 2234 ‘tius
1916 2179 2277 2244 omissurum,
2330 2193 2495 2248 quam
2546 2176 2817 2232 militibus
2847 2176 3200 2231 adulaturum
3235 2190 3361 2232 esse

1777 2273 2086 2328 affirmavit.
2127 2272 2209 2327 Ad
2274 2270 2422 2342 quod
2475 2269 2768 2328 Servilius.
2826 2268 2912 2322 vir
2961 2267 3213 2331 illustris,
3264 2264 3361 2337 qui

1777 2374 1906 2420 ante
1938 2365 2217 2435 triumpho
2250 2365 2369 2435 ejus
2406 2363 2732 2418 adversatus
2779 2361 3005 2416 fuerat:
3043 2358 3224 2423 Nunc,
3275 2358 3362 2413 in-

1777 2457 1918 2526 quit,
1948 2456 2233 2526 Pompeius
2263 2465 2313 2508 et
2352 2471 2471 2509 vere
2502 2470 2724 2523 magnus
2754 2461 2852 2515 est,
2892 2460 2939 2505 et
2978 2452 3245 2521 triumpho
3277 2451 3359 2504 di—

1776 2564 1932 2619 gnus.
1965 2546 2109 2618 Sylla
2144 2561 2278 2601 vero
2312 2545 2414 2601 etsi
2470 2544 2741 2599 crescenti
2799 2541 3045 2611 Pompeii
3095 2540 3282 2611 gloria:
3307 2548 3365 2595 et

1781 2638 2039 2710 potentiae
2088 2636 2396 2701 invidebat,
2461 2645 2641 2691 tamen
2702 2634 2912 2706 pudore
2952 2632 3360 2693 deterrebatur.

1777 2729 2077 2799 quominus
2126 2731 2176 2784 ei
2212 2728 2624 2783 adversaretur.
2681 2724 2923 2795 Lepidus
2955 2738 3086 2778 vero
3117 2723 3362 2792 Pompeii

1779 2820 1965 2875 studio
1986 2821 2336 2875 consulatum
2362 2821 2615 2888 adeptus.
2645 2832 2773 2871 cum
2804 2823 2928 2885 post
2960 2815 3121 2886 Sylla:
3150 2813 3362 2867 obitum

1780 2914 1967 2969 statim
1999 2913 2148 2968 illius
2175 2913 2479 2983 potentiam
2513 2910 2617 2966 sibi
2662 2909 2969 2969 vindicans,
3000 2913 3249 2960 armatus
3278 2920 3365 2958 se-

1780 3004 2053 3059 ditionum
2085 3003 2352 3058 scintillas
2401 3005 2694 3065 excitaret,
2757 2998 3061 3069 Pompeius
3089 2997 3200 3052 dux
3233 3010 3368 3051 con-

1782 3105 1864 3150 tra
1903 3111 2030 3150 eum
2065 3094 2267 3150 missus
2289 3102 2396 3157 est,
2446 3108 2571 3148 cum
2624 3092 2716 3147 ille
2748 3105 2999 3161 magnam
3037 3090 3204 3145 Italia:
3237 3103 3366 3158 par-

1784 3200 1893 3246 tem
1920 3191 2031 3261 jam
2063 3189 2474 3250 commovisset.
2520 3195 2577 3241 et
2607 3184 2950 3255 Cisalpinam
3001 3181 3233 3238 Galliam
3269 3196 3367 3251 per

1780 3281 2010 3336 Brutum
2046 3289 2394 3349 occupasset.
2438 3279 2514 3333 Ac
2541 3286 2772 3331 caeteros
2806 3274 3031 3345 quidem
3068 3273 3367 3343 Pompeius

1780 3374 1938 3429 facile
1971 3374 2276 3442 superavit,
2335 3369 2428 3427 sed
2488 3369 2900 3423 dimicationem
2937 3366 3204 3420 adversus
3231 3364 3367 3419 Bru-

1782 3476 1896 3522 tum
1931 3466 2094 3535 paulo
2126 3464 2338 3519 diutius
2362 3462 2580 3518 distulit
2608 3480 2623 3516 :
2664 3462 2843 3514 donec
2871 3458 3091 3512 tandem
3125 3458 3242 3526 ipse
3278 3456 3360 3510 vel

1782 3558 2056 3613 sententia
2111 3564 2345 3615 mutata.
2398 3554 2481 3608 vel
2528 3567 2556 3605 a
2609 3553 2726 3606 suis
2758 3549 3035 3620 proditus,
3078 3546 3363 3601 deditione

1781 3654 1944 3716 facta,
1983 3650 2236 3706 sublatus
2266 3658 2369 3704 est.
2396 3648 2529 3717 Ejus
2554 3645 2710 3700 Bruti
2749 3644 2893 3699 ﬁlius
2923 3643 2970 3696 is
3002 3641 3207 3695 Brutus
3236 3638 3362 3703 fuit,

1782 3744 1875 3813 qui
1903 3750 2024 3812 post
2059 3740 2331 3797 Ctesarem
2365 3737 2666 3793 interfecit.
2701 3734 2945 3805 Lepidus
2990 3731 3145 3787 Italia
3176 3730 3366 3798 pulsus

1784 3835 1979 3891 morbo
2009 3834 2197 3905 periit.
2252 3832 2359 3887 Sed
2393 3846 2519 3885 cum
2555 3827 2839 3885 Sertorius
2885 3824 3165 3895 Hispaniis
3195 3838 3364 3878 occu-

1784 3930 1927 4001 patis
1960 3925 2329 3982 formidabilis
2349 3931 2520 3989 esset,
2582 3921 2881 3990 Pompeius
2931 3917 3108 3989 Oppio
3146 3916 3364 3971 Metello

1784 4039 1909 4081 cum
1960 4023 2055 4078 illo
2102 4022 2310 4079 bellum
2357 4017 2571 4090 gerenti
2617 4012 2828 4071 auxilio
2876 4010 3103 4073 missus,
3143 4007 3366 4063 duobus

1785 4117 2017 4174 Sertorii
2060 4115 2300 4172 ducibus
2344 4111 2647 4184 superatis,
2684 4108 2827 4164 ultra
2872 4121 2905 4159 ι
2939 4102 3110 4159 millia
3140 4101 3364 4160 cecidit.

1787 4209 1993 4266 Deinde
2021 4223 2146 4264 eum
2176 4206 2428 4280 Sertorio
2455 4205 2576 4274 ipso
2604 4200 2829 4270 ancipiti
2860 4195 3097 4252 victoria
3134 4193 3367 4249 dimica-

1786 4301 1886 4355 vit.
1919 4302 1964 4357 A
1998 4298 2181 4371 pedite
2207 4298 2450 4367 ingentis
2477 4295 2745 4364 corporis,
2777 4291 2892 4361 ipse
2913 4303 3107 4360 eques.
3141 4302 3365 4342 manum

1788 4393 1954 4470 ictus,
2005 4392 2155 4447 illius
2201 4403 2425 4443 manum
2461 4384 2786 4457 amputavit.
2836 4382 3048 4439 Castris
3093 4396 3219 4436 cum
3253 4380 3367 4434 lle-

130 4483 231 4536 Καὶ
263 4485 394 4554 πρὸς
422 4478 614 4533 τοῦτον
636 4475 732 4530 οὖν
773 4477 802 4529 6
828 4476 1113 4545 Πομπῄῖος
1182 4471 1408 4541 ἐστάλη,
1468 4486 1610 4540 συμρ

1890 4500 1923 4540 o
1953 4482 2285 4555 conjunctis,
2344 4480 2523 4535 virum
2561 4476 2880 4540 honoravit,
2922 4484 2979 4531 et
3006 4473 3250 4529 vicissim
3284 4481 3369 4528 est

129 4565 296 4646 χήσων
340 4573 561 4642 Ὀππίῳ
592 4567 851 4639 Μετέλλῳ
900 4565 1192 4638 μαχομένῳ
1242 4563 1377 4633 πρὸς
1425 4562 1517 4615 τὸν
1565 4562 1609 4614 Σ

1888 4582 2119 4631 toratus.
2169 4572 2418 4629 Sertorio
2461 4571 2531 4626 ab
2581 4571 2776 4625 amicis
2821 4584 2921 4639 per
2968 4566 3156 4621 dolum
3191 4565 3368 4619 inter-

129 4671 329 4739 τώριον.
360 4668 453 4731 Εἰς
516 4662 757 4735 Ἰϐηρίαν
798 4660 856 4714 δὲ
907 4660 1263 4729 ἀφικόμενος,
1312 4657 1529 4727 πρῶτον
1583 4655 1683 4725 μὲν

130 4761 240 4814 δυσὶ
271 4759 591 4830 στρατηγοῖς
650 4749 1013 4820 ἀντικατέστη
1065 4747 1162 4802 τοῦ
1205 4746 1536 4818 Σερτωρίου,
1588 4745 1684 4799 καὶ

133 4857 343 4924 νικήσας
381 4852 521 4919 ὑπὲρ
563 4846 792 4919 μυρίους
831 4843 1180 4898 ἀπέκτεινεν·
1231 4834 1355 4893 εἶτα
1396 4844 1492 4892 καὶ
1532 4837 1683 4908 αὐτῷ

132 4943 399 5015 Σερτωρίῳ
418 4940 750 5013 προσμίξας,
782 4934 1081 5008 ἀμφίδοξον
1112 4931 1315 5003 ἔσχηκε
1346 4930 1440 4984 τὸν
1472 4929 1682 4999 ἀγῶνα.

142 5034 470 5096 Ἐπελθόντος
499 5031 555 5083 δὲ
586 5030 863 5099 ῐΙομπηῖῳ
888 5025 1003 5078 δντι
1037 5024 1244 5093 ἱππότῃ
1274 5019 1466 5089 ἀνδρὸς
1509 5020 1682 5090 μεγά-

132 5125 219 5179 λου
245 5126 423 5190 πεζοῦ,
449 5124 476 5175 6
499 5122 600 5193 μὲν
626 5118 909 5191 Πομπήϊος
961 5113 1066 5169 ὑπὸ
1100 5114 1309 5166 ἐκείνου
1331 5112 1543 5182 ἐπλήγη
1587 5111 1685 5182 τὴν

135 5222 302 5290 χεῖρα,
322 5221 523 5280 ἐκεῖνος
552 5215 611 5268 δὲ
655 5212 762 5266 ὑπὸ
821 5208 1112 5281 Πομπηΐου
1182 5207 1355 5277 αὐτὴν
1404 5206 1682 5277 ἀπεκόπη.

148 5314 379 5377 Ἐνωθεὶς
414 5313 468 5366 δὲ
493 5308 572 5381 τῷ
635 5304 920 5375 Μετέλλῳ,
953 5302 1182 5373 ἐτίμησε
1210 5299 1303 5354 τὸν
1354 5299 1549 5372 ἄνδρα,
1590 5299 1687 5353 καὶ

136 5407 369 5478 ἐτιμήθη*
398 5403 533 5459 ἀλλά
569 5404 663 5454 τοῦ
722 5396 1031 5467 Σερτωρίου
1088 5393 1538 5463 δολοφονηθέντος
1581 5394 1687 5447 61:6

141 5500 238 5552 τῶν
268 5499 448 5569 φίλων,
477 5494 791 5566 Περπέννας
818 5489 971 5542 ὁτῶν
994 5485 1165 5547 αύτοῖι
1193 5484 1482 5556 ἡγεμόνων
1516 5502 1650 5556 κορυ
1667 5514 1686 5527 ο

146 5595 427 5660 φαιότατος,
464 5587 821 5658 ἐπεχείρησεν
863 5581 1059 5651 ἐκείνῳ
1102 5581 1276 5633 ποιεῖν
1318 5577 1542 5646 ὁμοίως,
1588 5577 1683 5641 τὰς

146 5682 331 5737 ἐκείνου
375 5681 631 5750 δυνάμεις
669 5670 1118 5745 περιϐαλόμενος.
1164 5666 1306 5721 Ἀλλ’
1341 5669 1370 5721 6
1400 5668 1685 5738 Πομπήϊος

147 5777 535 5847 ἀντιταξάμενος
551 5769 701 5842 αὐτῷ
718 5765 991 5838 ἐκράτησε
1013 5762 1253 5824 πάντων,
1278 5761 1370 5814 καὶ
1389 5761 1686 5834 διεφθάρη-

149 5888 228 5925 σιν
250 5874 294 5925 ot
324 5872 557 5925 πλεῖστοι
583 5864 693 5919 τῶν
724 5858 1008 5934 ἡγεμόνων
1034 5857 1093 5910 ἐν
1121 5856 1190 5925 τῇ
1226 5852 1371 5925 μάχη
1394 5867 1408 5884 ο
1441 5853 1603 5926 αὐτὸν
1626 5854 1683 5908 δὲ

1787 4672 1953 4734 fecto,
1983 4668 2272 4738 Perpenna
2302 4664 2505 4720 ducum
2535 4663 2658 4732 ejus
2704 4661 2985 4730 princeps,
3011 4657 3268 4727 exemplo
3304 4658 3367 4710 il-

1786 4760 1895 4814 lius
1923 4757 2237 4830 legionibus
2262 4754 2532 4817 munitus,
2557 4767 2587 4805 a
2620 4749 2881 4819 Pompeio
2910 4746 3091 4801 victus
3122 4754 3228 4809 est,
3258 4746 3372 4815 ple-

1786 4849 1975 4920 risque
2003 4847 2242 4905 ducibus
2268 4846 2324 4901 in
2360 4845 2479 4900 acie
2516 4842 2712 4898 cmsis:
2753 4850 2811 4896 et
2843 4840 2962 4910 ipse
2985 4839 3143 4892 vivus
3183 4836 3238 4891 in
3267 4851 3367 4905 po-

1787 4950 2046 4998 testatem
2076 4939 2356 4997 redactus.
2410 4951 2601 5007 poenas
2647 4934 2821 4990 dedit.
2879 4932 3125 4987 Moratus
3154 4930 3210 4984 in
3243 4928 3368 4984 llis-

1787 5033 1973 5105 pania,
2006 5031 2137 5086 dum
2163 5027 2361 5099 sopitis
2393 5025 2727 5082 tumultibus
2770 5037 2860 5078 res
2889 5029 3270 5092 componeret,
3304 5034 3370 5075 ac

1788 5124 2036 5181 reductis
2068 5121 2126 5179 in
2168 5120 2382 5180 Italiam
2428 5117 2628 5188 copiis,
2667 5115 3041 5186 suspicionem
3078 5126 3133 5169 et
3158 5122 3367 5170 metum

1788 5215 2097 5281 hominum,
2128 5229 2197 5270 ne
2231 5211 2465 5270 retentis
2509 5208 2824 5282 legionibus
2870 5206 3239 5279 principatum
3278 5219 3369 5258 ar-

1787 5306 1893 5362 mis
1940 5306 2046 5362 sibi
2093 5303 2424 5367 vindicaret,
2484 5302 2747 5365 abolevit,
2776 5316 2834 5356 se
2865 5308 2994 5369 post
3025 5297 3363 5366 triumphum

1786 5398 2092 5455 exercitum
2120 5396 2478 5452 dimissurum
2508 5392 2813 5464 professus.
2861 5390 3033 5446 Unam
3063 5401 3175 5440 rem
3211 5384 3268 5439 in
3296 5398 3366 5440 eo

1788 5489 2269 5563 reprehendebant
2299 5485 2496 5548 invidi,
2526 5484 2673 5555 quod
2706 5479 2989 5552 popularis
3010 5493 3157 5531 aura:
3192 5477 3367 5544 tiiagis

1788 5598 1952 5654 quam
2004 5580 2330 5652 optimatum
2381 5576 2665 5633 studiosus
2708 5580 2856 5629 esset
2902 5588 2915 5625 :
2960 5570 3122 5637 idque
3170 5580 3366 5620 verum

1788 5688 1929 5731 erat.
1960 5673 2150 5744 Neque
2201 5673 2349 5727 enim
2380 5670 2673 5741 quisquam
2708 5666 2912 5735 majora
2947 5669 3003 5715 et
3047 5659 3367 5715 ardentiore

1790 5764 1977 5836 populi
2011 5762 2243 5818 Romani
2278 5760 2442 5836 475
2493 5758 2674 5816 studia
2723 5754 2936 5810 habuit.
2976 5753 3168 5821 itaque
3194 5760 3256 5807 et
3288 5751 3372 5806 al-

1792 5867 1878 5914 ter
1911 5855 2246 5926 triumphus,
2302 5862 2359 5909 et
2405 5850 2751 5918 consulatus,
2802 5857 2859 5904 et
2909 5845 3161 5911 Crassus,
3215 5844 3365 5900 illius
