3748 6546
378 441 488 506 807

1687 426 2011 493 JOANNIS
2039 424 2364 487 zemas:
3506 425 3592 488 εον

376 553 555 627 gratia
586 558 828 623 adjutus,
875 546 1085 619 collega
1133 546 1184 602 ei
1235 545 1398 601 datus
1426 547 1532 599 est.
1585 538 1856 596 Caeterum

2116 551 2149 589 ιν
2177 536 2499 603 Περπένναν
2534 530 2813 585 ἑαλωκότα
2844 527 2981 595 ζωὸν
3015 529 3321 584 ἀπέκτεινε.
3341 531 3439 584 Καὶ
3458 550 3596 604 προς.

378 645 670 703 consulatu
700 659 810 698 non
846 648 1293 698 consenserunt:
1336 653 1400 692 ac
1435 635 1610 706 major
1642 632 1748 688 fuit
1771 629 1959 688 Crassi

380 736 438 792 in
470 743 690 797 senatu,
717 733 942 804 Pompei
979 731 1123 801 apud
1152 729 1412 800 pepalum
1463 724 1785 780 auctoritas.
1813 721 1961 777 Con-

383 828 628 883 sulatum
658 827 880 897 quidem
914 822 1209 878 recusavit.
1242 821 1311 875 Et
1341 819 1469 890 quia
1512 816 1684 877 moris
1728 822 1870 882 erat,
1905 820 1965 867 ut

382 920 615 976 Romani
637 918 871 988 equites,
898 931 1023 969 cum
1045 913 1348 983 legitimum
1372 920 1589 980 tempus
1613 908 1961 961 militassent.

384 1026 532 1081 equo
571 1012 804 1081 quisque
838 1023 940 1062 suo
975 1006 1031 1059 in
1082 1006 1262 1059 forum
1299 1004 1364 1058 ad
1398 1018 1658 1058 censores
1699 1000 1964 1064 adducto,

383 1106 553 1158 duces
582 1111 636 1156 et
690 1103 1051 1169 imperatores
1104 1103 1463 1152 reccnserent
1491 1094 1594 1150 sub
1628 1093 1832 1163 quibus
1861 1091 1965 1146 sti-

384 1193 585 1264 pendia
636 1191 994 1252 meruissent,
1042 1197 1098 1244 et
1131 1188 1437 1243 rationibus
1473 1185 1683 1241 militiae
1711 1181 1967 1243 redditis,

384 1286 472 1340 Vel
518 1286 728 1339 honore
776 1283 863 1337 vel
904 1282 1207 1353 ignominia
1262 1297 1362 1351 pro
1411 1289 1676 1334 anteactae
1723 1276 1848 1331 vitae
1880 1290 1969 1329 ra-

387 1377 536 1429 tione
588 1373 982 1428 aliiecrentur:
1025 1372 1286 1443 Pompeio
1332 1372 1499 1425 etiam
1553 1371 1698 1424 inter
1742 1376 1971 1452 egero:

384 1466 603 1535 imperii
638 1466 947 1536 insignibus
978 1473 1197 1531 ornato,
1228 1479 1432 1533 equum
1482 1477 1647 1517 mantt
1680 1463 1747 1514 ad
1782 1473 1972 1515 censo-

385 1572 477 1611 res
508 1556 838 1620 adducente,
877 1556 1115 1625 populus
1166 1570 1289 1608 cum
1343 1552 1712 1606 admiratione
1759 1549 1969 1613 tacuit;

383 1646 683 1715 Pompeius
712 1662 848 1700 vero
882 1648 1056 1701 altero
1087 1651 1318 1700 censore
1368 1628 1593 1715 rogante
1628 1659 1643 1699 :
1684 1644 1767 1697 An
1794 1657 1974 1695 omnes

384 1738 738 1804 expeditiones
769 1755 832 1792 ea:
865 1738 976 1808 lege
1035 1739 1242 1792 obiisset
1271 1738 1294 1790 ?
1325 1752 1517 1806 magna
1545 1751 1678 1789 voce
1705 1751 1760 1788 se
1786 1734 1972 1786 abiisse

383 1832 688 1901 respondit,
744 1849 939 1902 easque
982 1848 1159 1886 omnes
1206 1847 1261 1885 se
1294 1832 1405 1901 ipso
1453 1831 1792 1900 imperatore.
1832 1825 1969 1879 Tum

384 1927 591 1992 populo
623 1925 982 1988 acclamante,
1030 1940 1059 1977 a
1112 1922 1438 1978 censoribus
1489 1921 1544 1975 in
1597 1917 1972 1975 multitudinis

384 2018 618 2082 gratiam
656 2015 959 2069 honorifice
987 2015 1212 2067 domum
1240 2020 1325 2068 est
1354 2011 1651 2067 deductus.

386 2126 474 2164 σιν
506 2113 637 2165 ὅταν
675 2114 1117 2183 στρατεύσωνται
1146 2111 1241 2164 τὸν
1286 2111 1522 2181 νόμιμον
1558 2108 1770 2180 χρόνον,
1806 2108 2083 2183 άγεινρὺν
2113 2109 2279 2162 ἵππον
2309 2109 2387 2171 είς
2411 2106 2618 2177 ἀγορὰν
2639 2107 2733 2159 ἐπὶ
2788 2105 2911 2167 τοὺς
2968 2106 3229 2175 τιμητὰς,

2067 627 2263 697 μείνας
2315 627 2452 691 ἐκεῖ,
2499 625 2596 679 καὶ
2654 625 3010 694 καταστήσας
3051 623 3120 676 τά
3167 623 3478 693 πράγματα,
3520 618 3610 682 ita?

2066 718 2411 783 κατασὸέσας
2446 719 2542 779 τὰς
2576 715 2847 788 ταραχάς,
2882 717 2961 779 είς
3010 713 3237 768 Ἰταλίαν
3263 715 3505 785 ἀπήγαγε
3527 719 3602 774 τὸν

2069 810 2325 881 στρατόν.
2359 805 2471 861 Ἶίν
2517 809 2575 861 δὲ
2621 805 2831 876 ὑποψία
2882 807 2979 860 καὶ
3009 805 3149 869 δέος,
3189 803 3266 869 ὡς
3295 808 3352 859 οὐ
3404 810 3604 880 προήσε.

2066 918 2156 954 ται
2184 903 2249 953 τὸ
2273 900 2610 971 στράτευμα,
2642 899 2710 952 δι’
2736 899 2917 953 ὅπλων
2950 898 3007 951 δὲ
3042 897 3307 969 βαδιεῖται
3345 903 3607 972 μοναρχίας

2067 994 2384 1064 κατάρχων.
2432 993 2491 1046 ὐ
2523 991 2580 1046 δὲ
2612 990 2819 1062 ταύτην
2860 988 3039 1047 ἀνεῖλε
3063 989 3160 1062 τὴν
3196 991 3607 1065 ύπόνοιαν,ἀφή-

2072 1101 2188 1139 σειν
2239 1087 2300 1138 τὸ
2330 1085 2646 1156 στράτευμα
2673 1085 2873 1155 φήσας,
2913 1083 3051 1153 μετὰ
3104 1083 3194 1136 τὸν
3227 1082 3502 1152 θρίαμϐον.
3529 1087 3608 1141 Ἐν

2070 1178 2114 1231 δ’
2144 1177 2225 1232 ἔτι
2281 1180 2329 1231 oi
2365 1176 2756 1247 βασκαίνοντες
2781 1174 2943 1228 αὑτὸν
2977 1172 3230 1246 ᾐτιῶντο,
3276 1174 3357 1226 ὅτι
3382 1174 3456 1244 τῷ
3480 1174 3609 1247 δήμῳ

2077 1271 2281 1343 μᾶλλον
2343 1275 2376 1340 ἢ
2437 1274 2503 1341 τῇ
2536 1270 2699 1341 βουλῇ
2748 1271 3105 1341 προσένειμεν
3149 1268 3338 1321 ἑαυτόν
3362 1284 3378 1297 ·
3409 1269 3531 1338 ὅπερ
3556 1266 3609 1339 ἦν

2072 1364 2296 1436 ἀληθές.
2352 1364 2428 1417 Οὐ
2465 1366 2576 1434 γάρ
2606 1365 2725 1416 ἐστι
2779 1357 2986 1425 οὗτινος
3015 1359 3420 1431 ἐμμανέστερον
3451 1364 3475 1414 6
3503 1360 3612 1415 Ῥω·

2076 1460 2251 1530 μαίων
2305 1456 2522 1528 ἠράσθη
2579 1456 2771 1526 δῆμος.
2823 1453 3133 1524 Ἐᾤηφίοθη
3172 1453 3306 1520 γοῦν
3331 1452 3470 1523 αὐτῷ
3497 1453 3610 1507 ὐπα-

2072 1553 2214 1614 τεία,
2240 1550 2336 1604 καὶ
2369 1549 2623 1619 δεύτερος
2663 1548 2952 1618 θρίαμϐοςο
2990 1546 3386 1601 συνυπατεύειν
3418 1545 3468 1598 δὲ
3492 1548 3613 1616 αὐτῷ

2076 1648 2169 1698 καὶ
2197 1644 2225 1697 6
2261 1643 2517 1715 Κράσσος
2550 1640 2826 1712 ἐψηφίσθη
2863 1639 3030 1692 αὐτοῦ
3068 1637 3614 1702 σποο6άσαντος.’Δλ).“

2077 1734 2495 1806 ἀποδειχθέντες
2539 1733 2735 1786 ῦπατοι
2775 1732 3117 1801 διεφέροντο,
3165 1732 3265 1783 καὶ
3318 1732 3375 1784 ἐν
3425 1730 3516 1799 μὲν
3561 1736 3614 1801 τῇ

2079 1827 2243 1896 βουλῇ
2280 1828 2307 1877 6
2333 1825 2587 1896 Κράσσος
2615 1825 2768 1894 ἴσχυε
2795 1824 3023 1894 μᾶλλον,
3078 1823 3232 1893 παρὰ
3275 1821 3331 1874 δὲ
3372 1819 3446 1891 τῷ
3488 1820 3615 1893 δήμῳ

2007 1898 2049 1953 Β
2078 1920 2300 1990 ὲκράτει
2330 1919 2638 1989 Πομπήϊος.
2662 1918 3029 1990 Παρῃτήσατο
3056 1917 3112 1970 δὲ
3136 1917 3236 1969 καὶ
3269 1916 3368 1987 τὴν
3406 1932 3583 1986 στρατη

2080 2011 2205 2079 γίαν
2231 2010 2366 2082 ((50).
2424 2009 2537 2064 Καὶ
2588 2007 2744 2072 ἔθους
2772 2009 2929 2071 ὄντος
2964 2010 3077 2071 τοῖς
3123 2004 3616 2076 Ῥωμαίοις-ἰππεῦ-

3311 2104 3620 2175 καταριθμεῖ-

387 2202 520 2255 σθαί
585 2219 644 2255 τε
680 2205 788 2255 τῶν
830 2203 1157 2276 στρατηγῶν
1176 2203 1268 2254 καὶ
1293 2201 1718 2271 αὐτοκρατόρων
1738 2200 1973 2253 ἕκαστον
2009 2200 2099 2268 ὑφ’
2122 2194 2203 2262 οἷς
2241 2198 2699 2269 ἐστρατεύσαντο,
2739 2198 2833 2251 καὶ
2855 2196 3085 2261 εὐθύνας
3115 2196 3322 2249 διδόναι
3349 2196 3443 2266 τῆς
3482 2213 3616 2267 στρα-

387 2298 562 2358 τείας,
604 2297 699 2349 καὶ
728 2294 906 2359 οὕτως
955 2294 1213 2362 ἀφίεσθαι
1253 2294 1561 2365 νεμομένης
1582 2293 1748 2363 τιμῆς
1774 2294 1805 2363 ἥ
1836 2293 2064 2363 ἀτιμίας
2090 2293 2479 2365 προσηκούσης
2501 2296 2613 2353 τοῖς
2641 2292 2776 2362 βίοις
2817 2292 3084 2344 ἑκάστων·
3123 2292 3251 2343 τότε
3282 2290 3616 2363 προεκάθηντο

390 2387 489 2458 μὲν
549 2388 598 2439 oi
632 2389 884 2457 τιμηταὶ,
926 2387 1023 2439 καὶ
1054 2388 1102 2439 οί
1146 2388 1333 2451 ίππεῖς
1381 2386 1666 2457 παρῄεσαν
1699 2386 2105 2455 ἐξεταζόμενοι.
2139 2385 2319 2455 Ὤιξθη
2350 2385 2407 2438 δὲ
2430 2387 2523 2438 καὶ
2548 2386 2832 2453 Πομπήϊος
2866 2386 2946 2447 είς
2974 2384 3070 2454 τὴν
3094 2384 3410 2454 ἀγορὰν,τὰ
3440 2383 3528 2453 μὲν
3544 2388 3613 2438 ἁ),-

384 2480 455 2533 λα
479 2480 790 2549 παράσημα
810 2482 908 2548 τῆς
949 2479 1125 2550 ἀρχῆς
1158 2479 1322 2548 έχων,
1351 2479 1514 2541 αὐτὸς
1547 2476 1594 2531 δ’
1618 2477 1765 2547 ἄγων
1790 2479 1884 2531 τὸν
1906 2478 2074 2533 ἵππον
2103 2479 2189 2532 διὰ
2205 2478 2408 2550 χειρὸς,
2431 2474 2499 2549 ἦν
2536 2478 2590 2531 δὲ
2638 2476 2730 2530 τοῦ
2760 2479 2933 2548 δήμου
2966 2479 3151 2547 θαῦμα
3178 2480 3280 2532 καὶ
3312 2480 3498 2549 σιωπή.
3520 2476 3618 2532 Εἶτα

385 2575 413 2627 6
452 2567 530 2634 είς
584 2571 696 2625 τῶν
728 2571 998 2641 τιμητῶν,
1026 2570 1414 2639 Πυνθὰνομαί
1434 2585 1574 2634 σου,
1600 2566 1774 2633 εἶπεν,
1801 2564 1848 2623 ὦ
1867 2572 2139 2641 Πομπήϊε
2156 2572 2384 2639 Μάγνε,
2407 2573 2455 2623 εί
2488 2568 2691 2637 πάσας
2716 2568 3113 2639 ἐστράτευσαι
3146 2570 3260 2635 τὰς
3299 2573 3443 2623 κατὰ
3468 2574 3622 2640 νόμον

387 2665 740 2734 στρατείαςς
769 2664 892 2715 ore
957 2663 1168 2734 μεγάλῃ
1234 2666 1409 2733 φωνῇ,
1453 2663 1906 2731 Ἐστράτευμαι,
1957 2664 2314 2734 ἁπεκρίνατο,
2382 2663 2482 2718 καὶ
2543 2663 2746 2729 πάσας
2804 2666 2906 2718 ὐπ’
2957 2662 3194 2732 ἐμαυτῷ
3250 2664 3620 2731 αὐτοκράτορι,

389 2758 537 2828 Πρὸς
569 2752 974 2825 τοῦτοόδῆμος
1001 2755 1357 2825 ὲξεκέκραγε,
1397 2755 1490 2807 καὶ
1519 2756 1567 2807 οἱ
1629 2760 1859 2826 τιμηταὶ
1922 2758 2035 2819 τοῖς
2074 2757 2324 2821 πολίταις
2360 2756 2738 2829 χαριζόμενοι,
2779 2757 3111 2819 ἀναστάντες
3158 2758 3508 2827 προέπεμπον
3549 2758 3604 2814 αὐ

385 2852 480 2902 τον
509 2846 713 2900 οίκαδε.

460 2939 553 2994 Ill.
589 2940 720 2993 Post
749 2938 877 2993 anni
909 2937 1117 2993 exitum
1157 2939 1475 3009 magistratu
1513 2940 1736 2994 abeunti
1772 2939 1940 2996 bellur

2153 2939 2229 2996 Γ.
2278 2941 2421 3011 Ἤδη
2474 2939 2531 2992 δὲ
2588 2939 2688 3010 τῆς
2744 2939 2922 3011 ἀρχῆς
2993 2934 3388 3010 πεζοανθείσης,
3431 2941 3622 2995 ἀπέθετο

392 3032 695 3091 Piraticum
751 3041 837 3085 est
886 3032 1227 3086 mandatum.
1272 3031 1468 3087 Piratae
1502 3047 1667 3103 porro
1693 3048 1757 3088 cx
1789 3032 1979 3089 Cilicia

389 3125 656 3199 profecti,
703 3124 849 3179 bello
879 3124 1253 3179 Mithridatico
1289 3130 1450 3195 regiae
1499 3125 1660 3179 classi
1714 3137 1981 3181 navarant

391 3233 641 3289 Operam.
677 3217 884 3271 Deinde
920 3215 1185 3270 Romanis
1212 3215 1372 3271 bellis
1430 3215 1686 3272 civilibus
1735 3216 1878 3272 inter
1920 3232 1979 3272 se

395 3310 725 3381 congressis,
757 3309 880 3363 t‘reti
916 3308 1291 3372 multitudine,
1324 3310 1582 3381 paulatim
1626 3325 1783 3365 mare
1824 3310 1981 3364 ineu-

393 3404 658 3459 stoditum
689 3401 1030 3468 invaserunt,
1063 3419 1171 3457 non
1202 3411 1396 3456 nautas
1429 3404 1698 3459 duntaxat
1726 3402 1971 3474 aggredi,

393 3499 489 3553 sed
534 3497 741 3552 insulas
799 3506 855 3552 et
913 3497 1078 3551 urbes
1132 3496 1438 3551 maritimas
1495 3499 1667 3551 etiam
1701 3510 1976 3566 occupare

392 3589 561 3643 soliti.
601 3588 779 3643 Naves
812 3587 1125 3642 habuerunt
1160 3589 1396 3658 amplius
1455 3588 1626 3653 mille,
1687 3588 1853 3642 urbes
1885 3603 1976 3643 ce-

392 3690 596 3750 perunt
639 3681 780 3734 ultra
828 3680 1278 3750 quadringentos,
1328 3680 1501 3735 multa
1562 3681 1979 3751 religiosissima

394 3786 552 3825 sacra
574 3771 919 3835 exciderunt,
939 3782 996 3826 et
1022 3772 1286 3826 Romanis
1309 3772 1442 3840 ipsis
1459 3771 1812 3825 insultarunt.
1840 3772 1976 3826 Nam

395 3876 521 3915 cum
553 3862 753 3930 aliquis
788 3872 981 3931 captus
1008 3863 1367 3925 exclamabat,
1406 3878 1465 3917 se
1499 3863 1804 3916 Romanum
1834 3877 1977 3928 esse,

393 3968 452 4008 se
477 3953 699 4008 territos
724 3969 836 4023 prae
862 3962 1011 4009 metu
1041 3953 1251 4008 lemora
1277 3953 1444 4010 ferire
1468 3955 1817 4021 simulantes,
1851 3966 1979 4010 ante

391 4059 519 4099 eum
552 4046 852 4115 provoluti,
887 4045 1088 4115 partim
1122 4046 1336 4101 calceos
1383 4046 1435 4101 ei
1494 4046 1975 4117 circumligabant,

394 4134 591 4204 partim
647 4146 828 4206 togam
885 4136 1210 4192 induebant.
1275 4137 1367 4193 Sic
1423 4136 1665 4192 ludibrio
1702 4137 1974 4201 habitum,

394 4226 635 4280 demissa
668 4228 722 4281 in
764 4228 1009 4281 medium
1077 4228 1302 4299 pelagus
1337 4230 1502 4292 scala,
1569 4229 1860 4292 excedere,
1921 4237 1980 4282 et

2081 3034 2254 3106 αὐτὴν
2301 3033 2330 3085 6
2390 3034 2696 3104 Πομπήϊος,
2748 3033 2842 3087 καὶ
2908 3034 3049 3103 μετὰ
3105 3036 3286 3086 ταῦτα
3344 3038 3623 3105 πειρατικδ)

2079 3128 2225 3199 αύτῷ
2247 3127 2466 3199 ἑνετέθη
2500 3127 2764 3198 πόλεμοςο
2788 3125 3014 3197 ὥρμητο
3043 3127 3142 3196 μὲν
3172 3128 3287 3200 γὰρ
3316 3130 3346 3197 ἡ
3371 3128 3621 3200 πειρατικὴ

2080 3216 2310 3289 δύναμις
2348 3219 2412 3274 ἐκ
2465 3219 2736 3284 Κιλικίας,
2785 3221 2844 3272 ὲν
2890 3219 2969 3290 τῷ
3015 3219 3398 3292 Μιθριδατικῷ
3439 3224 3621 3292 πολέμῳ

2080 3313 2201 3375 ταῖς
2255 3306 2563 3383 βασιλικαῖς
2604 3313 2933 3383 ὑπηρεσίαις
2974 3314 3232 3383 χρήσασα
3275 3315 3485 3386 ἑαυτήν.
3512 3312 3618 3366 Εἶτα

2091 3404 2379 3475 Ῥωμαίων
2408 3407 2465 3459 ἐν
2502 3407 2615 3468 τοῖς
2649 3406 2937 3476 ἐμφυλίοις
2965 3408 3229 3476 πολέμοις
3266 3409 3617 3478 συμπεσόντων

2081 3496 2354 3569 ἀλλήλοις,
2393 3498 2705 3567 ἀφ·²λακτος
2745 3494 2882 3553 οὖσα
2921 3501 2953 3569 ἠ
2997 3500 3277 3564 θάλασσα,
3316 3502 3435 3555 κατ’
3470 3501 3618 3569 ὀλίγον

2081 3588 2282 3651 αὐτοὺς
2316 3589 2714 3656 ὲῳειλκύσατο·
2761 3589 2857 3643 καὶ
2901 3590 3132 3661 δύναμιν
3184 3593 3426 3664 σχόντες,
3455 3593 3622 3654 0616i,-

2082 3681 2334 3736 πλέουσιν
2386 3683 2700 3736 ἐπετίθεντο
2759 3684 2943 3754 μόνον,
2970 3686 3106 3739 ἀλλὰ
3166 3686 3267 3740 καὶ
3322 3689 3507 3758 νήσους
3547 3688 3620 3738 καί

2082 3772 2267 3836 πόλεις
2318 3773 2623 3844 παραλίους
2679 3775 3068 3845 παρεσπῶντο.
3144 3777 3426 3846 Ἐγένοντο
3468 3777 3511 3830 δ’
3540 3776 3613 3831 οὖν

2059 3867 2137 3917 αἱ
2175 3865 2275 3935 μὲν
2305 3866 2600 3935 λῃστρικαὶ
2641 3866 2768 3937 νῆες
2809 3866 2951 3937 ὑπὲρ
3000 3868 3202 3936 χιλίας,
3236 3870 3295 3921 αἱ
3339 3868 3394 3920 δὲ
3433 3867 3620 3921 ἁλοῦσαι

2080 3953 2173 4007 ὑπ’
2214 3956 2394 4007 αὐτῶν
2426 3953 2612 4018 πόλεις
2656 3957 2796 4027 ὑπὲρ
2844 3959 3237 4028 τετρακοσίας,
3268 3959 3434 4013 πολλά
3462 3960 3513 4013 δὲ
3546 3963 3620 4013 καί

2077 4044 2184 4097 τῶν
2222 4043 2442 4099 ἀϐάτων
2477 4044 2740 4118 ἐξέκοψαν
2768 4049 2952 4121 ἱερῶν,
2986 4050 3272 4122 ἐνύϐριζον
3314 4054 3371 4107 δὲ
3414 4054 3501 4109 καὶ
3532 4057 3618 4116 τοῖς

2087 4136 2404 4209 Ῥωμαίοις.
2470 4138 2670 4194 ὐπότε
2717 4144 2827 4214 γάρ
2865 4160 2949 4207 τις
2990 4144 3151 4207 ἁλοὺς
3199 4146 3463 4219 ἀνεϐόησε
3513 4146 3619 4201 Ῥω-

2084 4233 2244 4300 μαῖος
2296 4225 2463 4296 εἶναι,
2501 4234 2886 4307 ἐκπεπλῆχθαι
2938 4238 3400 4308 προσποιούμενοι
3443 4239 3619 4294 καὶδε-

393 4314 579 4369 lzetum
604 4315 757 4370 abire
773 4307 1090 4386 jusserunt;
1120 4320 1486 4382 restitantem,
1516 4318 1853 4387 impellendo

2137 4322 2281 4389 έναι,
2311 4323 2439 4387 τούς
2483 4341 2543 4377 τε
2580 4328 2791 4397 μηροὺς
2826 4328 3103 4392 ἐπαίοντο.
3154 4332 3251 4386 καὶ
3285 4333 3617 4404 προσέπιπτον

394 4417 729 4463 merserunt.
759 4409 899 4464 Cum
928 4419 1110 4464 autem
1142 4410 1313 4463 maria
1344 4413 1528 4465 omnia
1574 4410 1976 4468 mercatoribus

396 4497 700 4553 interclusa
721 4508 1005 4564 essent,et
1026 4514 1211 4553 rerum
1243 4501 1296 4554 in
1340 4500 1461 4555 foro
1485 4500 1761 4555 venalium
1804 4517 1978 4572 penu—

397 4591 481 4645 ria
508 4590 875 4654 laboraretur,
936 4592 1200 4661 Pompeio
1256 4591 1397 4646 duce
1435 4591 1673 4659 delecto,
1709 4592 1977 4652 Gabinius

396 4682 684 4737 familiaris
711 4682 830 4753 ejus
849 4684 1025 4753 legem
1057 4683 1201 4748 tulit,
1246 4697 1355 4754 qua
1386 4684 1461 4737 illi
1488 4698 1600 4738 non
1627 4684 1821 4738 classis
1870 4685 1977 4740 im-

399 4774 638 4841 perium,
670 4775 769 4829 sed
802 4776 962 4845 plane
1021 4776 1339 4829 monarch’ia
1397 4775 1781 4844 tribuebatur;
1842 4792 1974 4832 con-

399 4880 558 4920 cessa
589 4875 859 4936 potestate
892 4868 1061 4920 maris
1094 4865 1241 4936 quod
1276 4868 1418 4920 intra
1449 4868 1733 4923 columnas
1766 4867 1974 4924 Hercu-

399 4957 554 5012 lanas
575 4966 678 5022 est,
705 4967 762 5012 et
787 4968 948 5011 teme
973 4957 1304 5012 continentis
1334 4973 1365 5011 a
1397 4958 1644 5027 quolibet
1701 4958 1840 5014 mari
1906 4960 1974 5015 ad

398 5049 798 5120 quadringenta
816 5049 1028 5116 stadia;
1069 5059 1125 5104 et
1147 5058 1207 5103 ut
1235 5050 1552 5117 quindecim
1577 5049 1744 5122 476
1762 5052 1974 5123 legatos

396 5149 643 5195 csenatu
674 5140 741 5194 ad
777 5148 964 5209 partes
1015 5140 1231 5211 imperii
1275 5142 1531 5196 tutandas
1572 5143 1678 5195 sibi
1740 5143 1967 5213 legeret,

398 5233 646 5302 pecunia:
675 5244 942 5303 quantum
968 5234 1152 5296 vellet,
1185 5248 1254 5286 ex
1284 5233 1481 5289 aerario
1519 5245 1575 5288 et
1612 5236 1974 5306 vectigalibus

399 5333 664 5383 sumeret,
706 5339 769 5378 ac
802 5339 970 5378 naves
1000 5323 1286 5377 ducentas.
1343 5322 1468 5377 Haec
1514 5322 1668 5392 plebs
1716 5325 1975 5380 alacriter

399 5417 744 5484 approbavit.
778 5418 1053 5471 Primores
1095 5427 1279 5470 autem
1305 5425 1530 5470 senatus
1563 5416 1883 5473 immensam
1908 5419 1973 5473 il-

402 5510 509 5562 lam
539 5518 592 5563 et
627 5510 897 5566 infinitam
941 5517 1267 5580 potestatem
1312 5517 1642 5577 metuentes,
1698 5511 1973 5568 adversati

2085 4414 2268 4486 αὐτῷ·
2303 4417 2399 4470 καὶ
2448 4417 2498 4471 οί
2556 4417 2657 4487 μὲν
2716 4418 2948 4473 ὑπέδουν
3009 4423 3171 4477 αὑτὸν
3236 4423 3447 4489 κάλτια,
3489 4424 3532 4476 oi
3574 4422 3617 4475 δὲ

2083 4507 2341 4579 τήϐεννον
2384 4508 2728 4579 περιέϐαλον,
2779 4510 2923 4566 οὕτω
2978 4531 3038 4566 τε
3091 4516 3616 4587 κατειρωνευσάμενοι

2082 4600 2233 4663 τέλος
2298 4602 2357 4652 ἐν
2413 4601 2565 4672 μέσῳ
2636 4601 2865 4672 πελάγει
2944 4604 3191 4673 κλίμακα
3262 4607 3614 4678 προϐαλόντες,

2082 4687 2332 4742 ἐκέλευον
2371 4690 2645 4745 ὲκὸαίνειν
2683 4694 2777 4746 καὶ
2815 4695 3038 4751 ἀπιέναι
3071 4698 3332 4766 χαίροντα
3359 4712 3374 4727 ο
3406 4700 3451 4750 εί
3481 4696 3613 4765 δὲμὴ

2084 4781 2359 4853 βούλοιτο,
2432 4784 2705 4850 ὠθοῦντες
2776 4787 2942 4841 αὑτὸν
3004 4789 3286 4846 κατέδυον.
3346 4790 3518 4859 Πάσης
3570 4789 3614 4841 δὲ

2069 4874 2360 4946 θαλάσσης
2405 4876 2659 4931 ἀπλώτου
2726 4881 2839 4943 τοῖς
2890 4881 3153 4950 ἐμπόροις
3220 4880 3404 4952 οὔσης,
3449 4879 3614 4940 σπάνις

2081 4963 2150 5036 ἦν
2215 4959 2323 5020 τῶν
2388 4970 2707 5037 ἀναγκαίων
2746 4971 2803 5023 ἐν
2855 4974 2919 5042 τῇ
2985 4974 3181 5044 ἀγορᾷ.
3229 4974 3394 5040 Δόξαν
3446 4974 3497 5027 δὲ
3536 4973 3608 5024 τὸν

2086 5061 2368 5131 Πομπήϊον
2408 5060 2690 5132 ἐκπέμψαι
2745 5066 2886 5117 κατὰ
2924 5066 3029 5118 τῶν
3075 5069 3366 5134 πειρατῶν,
3404 5068 3440 5119 Γ
3443 5065 3615 5127 αόίνιος

2082 5143 2160 5212 είς
2188 5149 2295 5204 τῶν
2326 5152 2614 5221 Πομπηΐου
2651 5155 2894 5224 συνήθων
2927 5157 3134 5227 ἔγραψε
3158 5159 3341 5229 νόμον,
3359 5159 3417 5211 ού
3442 5172 3613 5222 ναυαρο

2084 5240 2232 5308 χίαν,
2270 5239 2531 5312 ἄντικρυς
2561 5243 2618 5296 δὲ
2649 5246 2950 5317 μοναρχίαν
2976 5247 3126 5318 αύτῴ
3161 5249 3385 5302 διδόντα.
3438 5247 3606 5300 Ἑδίδου

2079 5333 2189 5401 γὰρ
2219 5332 2246 5383 ὁ
2268 5330 2430 5403 νόμος
2464 5334 2612 5406 αὐτῷ
2646 5336 2821 5407 ἀρχὴν
2857 5341 2957 5409 τῆς
2985 5339 3137 5403 ἐντὸς
3170 5338 3436 5408 θαλάσσης
3474 5338 3609 5405 Ἠρι-

2078 5422 2276 5476 κλείων
2333 5424 2565 5496 στηλῶν,
2612 5428 2842 5501 ἠπείρου
2893 5430 2950 5483 δὲ
2995 5431 3178 5503 πάσης
3224 5432 3327 5485 ἀπὸ
3366 5429 3605 5492 θαλάσσης

2078 5516 2171 5566 ἐπὶ
2195 5517 2526 5585 τετρακόσια
2557 5520 2770 5587 στάδια,
2800 5522 2893 5574 καὶ
2928 5525 3318 5595 πεντεκαίδεκα
3373 5518 3603 5592 πρεσϐευο

1600 5674 2128 5739 Variaelectiones
2166 5685 2230 5740 et
2280 5691 2471 5745 nota).

481 5819 934 5905 (corrmpast
960 5821 1027 5875 δὲ
1051 5822 1149 5905 καί
1179 5822 1292 5890 τὴν
1319 5825 1706 5905 στρατηγίαν.
1769 5825 1961 5881 Wolﬁu

2112 5831 2316 5898 perium
2360 5843 2633 5902 verterat;
2698 5835 3051 5905 reposuimus
3102 5833 3442 5900 consulatum,
3463 5844 3519 5885 ex
3543 5829 3592 5882 iis

408 5905 530 5959 quire
562 5892 976 5948 observavimus
996 5897 1063 5948 ad
1084 5893 1180 5947 lib.
1211 5909 1306 5958 vn,
1344 5909 1402 5949 ιι.
1439 5894 1526 5951 ιθ.
