3896 6574
224 408 326 474 809

1494 400 1900 465 ANNALIUM
1937 402 2088 466 ΜΒ.
2133 392 2207 466 x.

3350 401 3460 470 810

217 521 309 585 τὰς
357 520 423 573 ἐκ
464 516 565 588 τῆς
611 514 810 587 βουλῆς
866 513 1085 569 ἑλέσθαι
1136 515 1230 568 ἐπὶ
1283 502 1382 578 τὰς
1433 515 1574 569 κατὰ
1616 516 1781 587 μέρος

1888 524 2041 579 sunt;
2070 524 2268 586 praeter
2284 513 2574 577 Caesarem,
2608 513 2700 586 qui
2738 513 2913 588 legem
2949 528 3062 570 non
3114 515 3168 570 in
3210 513 3455 589 Pompeii

216 609 536 685 ἡγεμονίας·
577 608 840 679 χρήματα
864 605 922 659 δὲ
961 606 1263 676 λαμϐάνειν
1303 608 1367 659 ἐκ
1396 606 1507 659 τῶν
1535 606 1782 677 ταμείων

216 702 305 755 καὶ
325 699 437 753 τῶν
488 698 663 751 τελῶν
712 699 815 750 ὅσα
867 694 1136 766 βούλοιτο,
1164 697 1259 750 καὶ
1296 696 1429 761 ναῦς
1475 696 1779 758 διακοσίας.

218 787 396 843 ταῦτα
420 788 449 840 ό
484 785 586 857 μὲν
628 785 801 856 δῆμος
845 786 1148 859 προθύμως
1194 787 1417 852 ἐδέξατο
1444 802 1459 820 ·
1504 788 1554 841 oi
1584 787 1642 841 δὲ
1684 787 1783 856 τῆς

217 879 511 949 συγκλήτου
571 881 1033 951 περιφανέστεροι
1086 880 1256 950 φόϐου
1307 880 1459 946 ἄξιον
1527 880 1782 951 ἐνόμιζον

216 974 272 1028 τὸ
299 973 404 1042 τῆς
448 974 701 1040 ἐξουσίας
778 973 1158 1044 ἀπερίληπτον
1223 975 1318 1028 καὶ
1371 973 1648 1046 ἀόριστον,
1687 974 1782 1027 καὶ

215 1066 499 1134 ἀντέλεγον
535 1065 679 1138 πλήν
728 1066 1041 1137 Καίσαροςο
1082 1061 1236 1131 οὗτος
1264 1066 1324 1119 δέ
1369 1067 1663 1138 συνηγόρει
1701 1065 1782 1137 τῷ

212 1158 354 1230 νόμῳ
391 1158 454 1211 οὐ
515 1157 608 1212 διὰ
666 1157 759 1212 τὸν
808 1159 1115 1229 Πομπήϊον,
1146 1158 1240 1211 τὸν
1288 1157 1464 1230 δῆμον
1510 1158 1568 1214 δὲ
1620 1159 1784 1231 θεραο

213 1250 388 1305 παύων
416 1251 511 1304 καὶ
557 1250 937 1321 οἰκειούμενος
977 1249 1181 1321 ἐαυτῷ.
1224 1251 1374 1315 Τέως
1422 1250 1606 1322 μέντοι
1656 1254 1782 1306 ἐκυ-

214 1342 356 1415 ρώθη
390 1341 452 1396 τδ
478 1344 762 1414 ψήφισμα.
790 1343 903 1397 Καὶ
939 1343 968 1396 ό
1003 1343 1292 1413 Πομπήϊος
1340 1345 1424 1407 εἰς
1478 1343 1782 1415 ἐκκλησίαν

213 1433 374 1488 ἐλθὼν
402 1434 663 1489 διπλάσια
697 1436 766 1491 τὰ
810 1436 1163 1507 ἐψηφισμένα
1193 1435 1385 1491 λαϐεῖν
1427 1423 1779 1509 διεπράξατο.

212 1528 407 1582 Διελὼν
446 1525 542 1583 οὖν
571 1530 642 1584 τά
672 1529 886 1600 πελάγη
920 1531 1015 1585 καὶ
1052 1529 1401 1601 διαστήματα
1445 1530 1547 1601 τῆς
1583 1531 1784 1585 θαλάσ-

215 1638 306 1692 σης
343 1622 426 1683 είς
474 1622 621 1692 μέρη
667 1621 1049 1692 τρισκαίδεκα,
1090 1623 1187 1675 καὶ
1222 1622 1361 1676 νεῶν
1417 1622 1655 1694 ἀριθμὸν
1696 1623 1784 1693 ἐφ’

214 1714 421 1785 ἐκάστῳ
446 1715 544 1768 καὶ
581 1713 819 1784 ἄρχοντα
846 1714 1036 1780 τάξας,
1056 1713 1298 1785 ἐκάθηρε
1330 1714 1441 1767 τῶν
1472 1714 1786 1788 ληστηρίων

214 1805 270 1861 τὸ
301 1804 644 1880 Τυρρηνικὸν
673 1805 932 1875 πέλαγος,
976 1806 1038 1859 τὸ
1078 1806 1338 1872 Διϐυκὸν,
1364 1809 1428 1861 τὸ
1461 1808 1593 1880 περὶ
1644 1811 1786 1883 Σαρ-

213 1899 348 1955 δῶνα
386 1898 484 1953 καὶ
521 1898 738 1969 Κύρνον
782 1900 877 1953 καὶ
915 1898 1171 1953 Σικελίαν
1228 1900 1467 1972 ἡμέραις
1510 1904 1781 1971 τεσσαρά-

215 2007 388 2049 κοντα.
422 1988 556 2045 Εἶτα
601 1990 938 2062 παραπλέων
971 1990 1071 2055 τὰς
1102 1984 1290 2054 πόλεις
1340 1993 1480 2062 μετά
1521 1995 1778 2067 σπουδῆέ,

1882 606 2135 676 gratiam,
2166 605 2263 662 sed
2288 605 2466 676 plebis
2498 607 2599 661 sibi
2635 606 2995 662 conciliandm
3026 607 3211 665 studio
3268 609 3457 665 defen-

1882 698 1985 752 dit.
2014 698 2243 753 Decreto
2271 697 2367 753 illo
2402 698 2635 762 firmato,
2658 698 2954 767 Pompeius
2980 700 3033 752 in
3060 698 3325 755 concione
3356 700 3460 754 du-

1882 788 1970 858 pla
2000 788 2183 843 omnia
2213 788 2561 860 impetravit;
2593 787 2882 858 divisoque
2921 788 3115 859 pelago
3141 829 3155 853 ,
3202 798 3256 845 et
3289 790 3460 843 maris

1886 881 2191 935 intervallis
2222 882 2275 934 in
2306 889 2490 950 partes
2528 880 2790 935 tredecim
2807 879 3123 948 descriptis,
3156 881 3325 935 certis
3358 896 3461 935 na-

1882 971 2043 1025 vibus
2070 978 2127 1026 et
2155 971 2296 1027 duce
2339 971 2395 1026 in
2452 982 2606 1042 parte
2662 970 2907 1030 uualibet
2954 971 3257 1035 collocatis,
3305 988 3460 1026 mare

1884 1061 2255 1131 Tyrrhenum,
2281 1061 2619 1127 Africanum,
2650 1061 2938 1128 Sardoum,
2969 1060 3278 1127 Corsicum,
3308 1062 3462 1118 Sicu-

1884 1153 2021 1221 lum,
2057 1155 2201 1208 intra
2239 1152 2361 1209 dies
2396 1154 2746 1224 quadragiut;
2804 1155 3040 1225 pacavit.
3088 1153 3296 1210 Deinde
3331 1172 3458 1210 cum

1886 1246 2056 1302 nrbes
2085 1246 2412 1301 festinanter
2470 1245 2998 1316 praeterveheretur,
3055 1246 3303 1302 Athenas
3350 1262 3461 1302 non

1886 1340 2173 1411 pra-teriit.
2220 1339 2326 1396 Sed
2354 1355 2590 1395 excensu
2623 1342 2676 1394 in
2700 1351 2900 1395 terram
2921 1349 2977 1395 et
3000 1356 3057 1395 re
3081 1340 3270 1396 divina
3295 1341 3460 1408 facta,

1887 1431 2203 1502 populoque
2237 1432 2497 1496 salutato,
2524 1431 2914 1501 inscriptiones
2938 1432 3022 1485 sui
3044 1431 3272 1487 honoris
3295 1447 3461 1489 causa

1887 1522 2063 1581 factas
2100 1525 2335 1586 invenit.
2399 1539 2565 1578 unam
2608 1524 2751 1579 intra
2804 1535 3017 1594 portam
3064 1524 3150 1579 his
3223 1525 3459 1580 verbis:

1889 1617 2111 1685 Qualem
2172 1628 2225 1673 te
2268 1619 2532 1672 hominem
2555 1633 2666 1672 esse
2693 1620 2956 1688 agnoscis.
2985 1625 3204 1672 eatenus
3230 1618 3353 1672 deus
3384 1634 3460 1673 es.

1886 1714 2130 1769 Alteram
2161 1720 2315 1769 extra
2346 1728 2359 1765 :
2405 1710 2874 1781 Exspectabamm.
2908 1710 3266 1765 adorabamus
3322 1710 3462 1763 ridi-

1889 1824 2025 1870 mus,
2048 1806 2372 1860 deducimus.
2408 1803 2709 1859 Piraticum
2733 1802 2939 1858 bellum
2987 1802 3302 1858 confectum
3357 1810 3462 1865 est,

1886 1909 1944 1955 et
1971 1898 2259 1954 latrocinia
2282 1906 2397 1952 toto
2433 1897 2570 1951 mari
2608 1894 2895 1967 proﬂigata
2940 1909 3048 1949 non
3080 1894 3318 1967 amplius
3364 1896 3467 1949 tri-

1890 1994 2078 2051 mestri
2109 1991 2305 2062 spatio.

214 2086 268 2138 ού
316 2084 566 2156 παρῆλθε
616 2084 719 2149 τὰς
764 2084 1017 2156 Ἀθήνας.
1075 2083 1313 2149 Ἀναϐὰς
1381 2084 1582 2151 δέ,καὶ
1643 2087 1815 2156 θύσας
1855 2093 1951 2147 καὶ
2006 2083 2459 2156 προσαγορεύσας
2510 2084 2603 2139 τὸν
2656 2083 2847 2153 δῆμον,
2910 2077 3069 2154 εὗρεν
3150 2081 3468 2154 ἐπιγραφὰς

216 2179 289 2241 είς
316 2178 477 2231 αὐτὸν
528 2176 932 2249 πεποιημένας,
957 2171 1034 2231 ὧν
1065 2178 1099 2246 ή
1132 2177 1231 2249 μὶν
1260 2178 1413 2243 ἐντὸς
1455 2182 1555 2250 τῆς
1601 2182 1781 2254 ⁴ιικύλης
1817 2183 2007 2251 ἔλεγεν
2026 2198 2040 2212 ·

2125 2180 2252 2249 Ἐφ’
2294 2177 2449 2233 ὅσον
2474 2177 2563 2230 ὢν
2597 2176 2914 2247 ἅνθρωπος
2961 2172 3155 2243 οἶδας.
3218 2174 3317 2231 ἐπὶ
3367 2195 3467 2232 το·

213 2268 431 2324 σοῦσον
475 2265 534 2324 εἴ
598 2269 736 2337 θεός
772 2288 788 2304 ·
862 2271 897 2341 ή
942 2270 989 2325 6‘
1042 2270 1236 2337 ἐκτὸςσ
1291 2272 1780 2348 Προσεδοκῶμεν,
1820 2277 2339 2346 προσεκυνοῦμεν,
2391 2272 2651 2341 εἴδομεν,
2708 2274 3155 2342 προπέμπομεν.
3179 2269 3467 2345 Κατελύθη

219 2367 317 2437 μὲν
351 2364 439 2422 οὖν
476 2370 801 2439 πειρατικδς
832 2368 1095 2441 πόλεμος,
1131 2368 1228 2423 καὶ
1255 2370 1327 2425 τά
1368 2373 1649 2444 πανταχοῦ
1716 2374 1818 2447 τῆς
1856 2372 2135 2442 οαὶάσσης
2212 2370 2442 2443 ἐξῃρέθη
2487 2369 2762 2441 λῃστήρια
2819 2370 2920 2423 ούκ
2961 2369 3019 2422 ἐν
3055 2368 3262 2422 πλείονι
3292 2369 3469 2442 χρόνῳ

218 2463 401 2535 μηνῶν
427 2463 618 2533 τριῶν.

281 2558 353 2611 Δν.
382 2555 600 2609 Τούτων
637 2554 694 2609 δὲ
740 2555 821 2619 εἰς
877 2552 1103 2627 Ῥώμην
1134 2557 1622 2630 ἀπαγγελθέντων,
1648 2561 1788 2633 γρά-

223 2666 308 2719 φει
349 2649 508 2720 νόμον
558 2643 641 2711 εἷς
686 2645 796 2700 τῶν
845 2646 1144 2720 δημάρχων
1171 2649 1201 2702 ό
1241 2650 1505 2719 Μάλλιος,
1533 2653 1786 2725 παραλα-

228 2744 380 2797 εόντα
412 2742 703 2812 Πομπήϊον
743 2742 927 2795 πᾶσαν
953 2742 1055 2812 τὴν
1079 2739 1269 2814 χώραν
1296 2745 1431 2816 δσης
1461 2746 1491 2799 ό
1514 2745 1787 2813 Λεύκολος

223 2830 370 2906 ἦρχε,
397 2834 777 2906 προσλαϐόντα
817 2833 874 2888 δὲ
915 2834 1009 2889 καὶ
1058 2833 1339 2903 Βιθυνίαν,
1372 2839 1633 2911 πολεμεῖν
1673 2841 1781 2895 Μι-

223 2927 436 3001 θριδάτῃ
477 2926 592 2997 (6!)
630 2925 725 2979 xui.
762 2925 1015 2999 Τιγράνῃ
1050 2928 1164 2992 τοῖς
1224 2926 1563 2998 βασιλεῦσιν,
1591 2932 1786 3004 ἔχοντα

227 3020 312 3072 καὶ
362 3022 459 3090 τήν
488 3017 753 3090 ναυτικὴν
798 3018 1032 3090 δύναμιν
1063 3021 1160 3074 καὶ
1209 3020 1271 3074 τὸ
1323 3023 1526 3093 κράτος
1550 3024 1652 3094 τῆς
1691 3025 1787 3079 θα-

229 3107 443 3185 λάσσης,
486 3110 562 3174 ὼς
585 3109 686 3181 ήδη
723 3108 883 3165 τοῦτο
912 3110 1125 3183 εἰλήφει
1154 3127 1167 3142 ⁸
1208 3113 1369 3167 τοῦτο
1392 3114 1448 3168 δι
1494 3110 1562 3187 ἦν
1590 3115 1678 3187 ὑφ’
1703 3118 1786 3172 ἐνὶ

232 3200 514 3273 συλλήϐδην
560 3204 818 3271 γενέσθαι
857 3203 958 3275 τήν
1006 3203 1296 3275 Ῥωμαίων
1351 3206 1674 3279 ἠγεμονίαν.
1709 3211 1783 3265 To

233 3282 328 3363 μέν’
359 3288 450 3348 οὖν
498 3293 762 3369 ψήφισμα
802 3294 1080 3367 ἐκυρώθη,
1117 3296 1466 3367 φοϐηθέντων
1482 3301 1573 3354 τὸν
1611 3302 1785 3374 δῆμον

234 3384 326 3437 τῶν
373 3385 874 3459 ἀριστοκρατικῶν,
899 3388 995 3441 καὶ
1042 3389 1464 3459 σιωπησάντων.
1499 3393 1786 3465 Πομπήϊος

233 3476 285 3531 α
316 3478 598 3551 δεξάμενος
626 3482 697 3535 τὰ
724 3481 1031 3552 γράμματα
1046 3480 1265 3552 λέγεται
1306 3482 1405 3547 τὰς
1446 3484 1621 3556 όφρῦς
1658 3505 1785 3542 συν-

235 3576 457 3641 αγαγείν,
530 3575 745 3628 καὶτὸν
788 3576 962 3647 μηρὸν
1001 3574 1263 3640 πατάξαι,
1295 3577 1372 3642 ὡς
1413 3578 1785 3653 δυσχεραίνων

240 3666 315 3716 καὶ
344 3665 706 3737 βαρυνόμενος
750 3668 850 3738 τὴν
881 3669 1081 3740 ἀρχήν.
1110 3669 1224 3742 Τὴν
1267 3670 1315 3737 δ’
1347 3672 1634 3740 εἰρωνείαν
1673 3674 1783 3727 οὐδ’

240 3758 285 3810 ol
313 3760 720 3833 συνήθεις,αύτῷ
747 3762 878 3833 ῥᾷον
901 3762 1163 3832 ἤνεγκαν.
1183 3764 1338 3827 Τέως
1366 3764 1423 3818 δὲ
1450 3765 1550 3835 τήν
1575 3768 1781 3836 μεταξῦ

234 3851 462 3924 Φοινίκης
506 3854 601 3907 καὶ
645 3855 927 3927 Βοσπόρου
969 3853 1255 3909 θάλασσαν
1302 3856 1397 3911 ἐπὶ
1450 3862 1665 3931 φρουρᾷ
1703 3861 1784 3931 τῷ

241 3942 391 4014 στόλῳ
424 3942 721 4012 διαλαϐὼν,
755 3945 920 4010 αὐτὸς
969 3944 1224 4009 ἐϐάδιζεν
1275 3949 1367 4001 ἐπὶ
1416 3949 1780 4023 Μιθριδάτην.

251 4032 465 4088 Ὲκείνου
491 4036 535 4089 δ’
571 4036 889 4100 ἐκλιπόντος
931 4037 1056 4108 ὅρος
1096 4037 1373 4111 δύσμαχον
1406 4040 1482 4103 ὡς
1528 4040 1781 4114 ἄνυδρον,

239 4126 290 4177 ἐν
310 4119 351 4193 ᾧ
382 4130 894 4200 ἐστρατοπεδεύετο,
926 4131 956 4182 ὁ
986 4131 1273 4201 Πομπήϊος
1326 4133 1598 4205 κατέσχεν
1624 4137 1779 4201 αὐτὸ,

241 4218 322 4271 καὶ
341 4222 401 4292 τῇ
437 4221 594 4291 φύσει
630 4222 743 4276 τῶν
786 4222 1221 4293 βλαστανόντων,
1265 4228 1361 4278 καὶ
1389 4228 1507 4291 ταῖς
1559 4229 1781 4297 συγκλι-

240 4312 357 4375 νίαις
405 4312 510 4366 τῶν
565 4314 749 4368 τόπων
799 4315 1240 4386 τεκμαιρόμενος
1286 4317 1432 4391 ἔχειν
1491 4322 1677 4391 πηγάς
1721 4323 1782 4374 τὸ

238 4405 433 4475 χωρίον,
452 4406 705 4477 ὀρύσσειν
729 4407 985 4460 ἐκέλευσε
1010 4409 1240 4478 φρέατα.
1275 4411 1386 4464 Καὶ
1415 4413 1552 4482 ταχὺ
1587 4414 1782 4482 μεστὸν

242 4490 294 4565 ἦν
326 4497 508 4563 ὓδατος
546 4500 608 4553 τὺ
651 4499 1034 4571 στρατόπεδον.
1066 4502 1304 4557 Ἔπειτα
1348 4520 1779 4576 περιστρατοπεο

1959 2559 2047 2614 1V.
2078 2557 2176 2613 llis
2202 2557 2391 2611 Romae
2420 2554 2710 2619 nuntiatis,
2742 2553 2975 2610 Manlius
2998 2555 3255 2614 tribunus
3288 2558 3470 2631 plebis

1886 2651 2230 2723 rogationem
2257 2648 2405 2711 tulit,
2466 2655 2529 2702 ut
2579 2646 2872 2717 Pompeius
2927 2648 3137 2704 Luculli
3183 2652 3470 2721 provincia

1886 2751 2163 2811 suscepta,
2192 2749 2249 2795 et
2269 2736 2523 2810 Bithynia
2565 2736 2843 2808 adjuncta.
2894 2738 3099 2793 bellum
3162 2740 3468 2797 Mithridati

1887 2842 1944 2890 et
1972 2831 2197 2905 Tigrani
2232 2830 2456 2903 regibus
2484 2830 2738 2895 inferret,
2777 2839 2988 2885 retenta
3008 2831 3184 2887 classe
3210 2841 3268 2887 et
3300 2836 3471 2890 maris

1888 2925 2142 2996 imperio.
2171 2922 2331 2992 Quod
2363 2938 2474 2979 non
2497 2921 2649 2977 aliud
2677 2930 2817 2987 erat,
2845 2922 2951 2977 nisi
2979 2921 3286 2979 Romanum
3313 2925 3469 2997 prin-

1887 3017 2131 3087 cipatum
2158 3017 2253 3071 uni
2274 3017 2515 3073 tradere.
2544 3015 2750 3071 Tamen
2770 3031 2833 3071 ea
2853 3016 3081 3087 rogatio,
3111 3017 3471 3088 optimatibus

1888 3117 2038 3164 metu
2098 3108 2287 3179 populi
2353 3106 2666 3163 tacentibus
2697 3115 2756 3163 et
2787 3107 3234 3178 conniventibus,
3275 3111 3467 3168 valuit.

1884 3202 2182 3273 Pompeius
2204 3217 2336 3258 vero
2390 3202 2593 3259 litteris
2645 3202 2908 3273 acceptis,
2959 3203 3134 3259 fertur
3168 3208 3471 3263 contractis

1885 3295 2204 3367 superciliis
2276 3309 2652 3367 percussaque
2715 3294 2921 3351 femore
2956 3312 3067 3366 prae
3122 3312 3181 3353 se
3251 3298 3466 3363 tulisse,

1888 3390 2050 3462 quasi
2082 3394 2326 3461 graviter
2362 3389 2703 3457 molesteque
2736 3386 2906 3442 ferret
2938 3389 3270 3458 imperium;
3303 3407 3468 3462 quam

1884 3484 2383 3540 dissimulationem
2430 3497 2500 3537 ne
2528 3482 2723 3537 amicis
2765 3481 2992 3551 quidem
3043 3484 3157 3540 suis
3189 3486 3465 3556 probavit.

1886 3574 2019 3630 lnde
2051 3575 2189 3629 mari
2219 3573 2362 3629 intra
2394 3571 2699 3642 Bosporum
2728 3580 2785 3627 et
2808 3571 3149 3629 Phaaniciam
3197 3576 3470 3645 praesidiis

1886 3676 2177 3738 occupato.
2219 3675 2411 3722 contra
2468 3663 2841 3722 Mithridatem
2894 3671 2981 3719 est
3030 3666 3341 3736 profectus;
3372 3670 3471 3741 qui

1885 3778 2013 3817 cum
2059 3769 2300 3816 montem
2355 3759 2836 3831 inexpugnabilem
2876 3762 2947 3816 ob
2990 3777 3147 3833 aquas
3180 3765 3470 3834 penuriam

1885 3855 2250 3919 deseruisset,
2277 3853 2537 3910 eumdem
2568 3853 2862 3923 Pompeius
2908 3858 3221 3926 oecurtavit,
3278 3859 3470 3928 conje-

1884 3956 2042 4004 ctura
2078 3956 2193 4003 tum
2235 3962 2302 4002 ex
2337 3946 2592 4018 stirpium
2648 3953 2867 4011 natura,
2932 3955 3045 4001 tum
3094 3964 3163 4004 ex
3215 3948 3465 4005 locorum

1886 4041 2119 4096 ﬂexibus
2147 4048 2327 4110 capta,
2358 4039 2542 4094 locum
2570 4038 2723 4092 illum
2751 4037 2931 4093 fontes
2955 4038 3179 4095 habere.
3214 4039 3466 4113 Cumque

1886 4141 2084 4204 puteos
2112 4130 2581 4202 ellodijussisset,
2636 4138 2749 4184 tota
2797 4137 2977 4185 castra
3011 4131 3270 4189 celeriter
3323 4149 3468 4207 aqua

1886 4224 2258 4281 abundarunt.
2285 4221 2495 4278 Deinde
2524 4221 2726 4276 castris
2749 4220 3179 4291 circumpositis,
3214 4223 3359 4280 hosti
3378 4227 3466 4280 fu-

1888 4334 2008 4389 gam
2050 4315 2418 4372 intercludere
2448 4313 2683 4369 studuit.
2722 4311 2830 4367 Sed
2882 4311 2973 4368 ille
3014 4313 3132 4368 dies
3170 4331 3268 4370 ην
3300 4315 3465 4389 477

1888 4411 2167 4471 obsessus,
2207 4406 2567 4461 nihilominus
2617 4419 2743 4459 cum
2788 4403 3101 4459 ﬁrmissima
3129 4419 3281 4476 parte
3308 4426 3468 4465 exer-

1889 4501 2033 4556 citus
2057 4500 2277 4569 elapsus
2299 4505 2405 4563 est,
2431 4495 2723 4551 inutilibus
2755 4504 2813 4551 et
2869 4497 3089 4567 aegrotis
3133 4497 3466 4557 interfectis.

240 4587 430 4653 δεύσας,
470 4591 806 4662 ἐπετείχιζεν
837 4592 990 4649 αὐτό.
1028 4592 1089 4647 ’0
1123 4593 1202 4658 δὲ,
1251 4592 1413 4647 πέντε
1448 4596 1545 4649 καὶ
1583 4613 1780 4650 τεσσα-

1889 4596 2060 4661 Quem
2084 4591 2379 4662 Pompeius
2420 4590 2568 4645 circa
2596 4587 2905 4657 Euphatem
2934 4600 3237 4656 assecutus,
3271 4593 3469 4649 timens

244 4680 450 4747 ράκοντα
507 4682 894 4755 πολιορκηθεὶς
958 4684 1206 4756 ἡμέρας,
1276 4685 1471 4739 ἔλαθεν
1540 4687 1783 4758 ἀποδράς

247 4772 364 4837 μετὰ
416 4773 515 4843 τῆς
564 4774 1056 4845 ἐρρωμενεστέρας
1118 4774 1423 4845 δυνάμεως,
1453 4777 1785 4841 ἀποκτείνας

242 4867 349 4929 τοὺς
384 4868 690 4939 ἀχρήστους
724 4868 815 4921 καὶ
857 4870 987 4931 τοὺς
1011 4868 1327 4933 νοσοῦντας.
1358 4870 1700 4925 Καταλαϐὼν
1727 4874 1785 4927 δὲ

244 4959 382 5011 αύτδν
429 4964 552 5033 περὶ
606 4961 701 5015 τὸν
752 4962 1041 5034 Εὐφράτην
1098 4965 1127 5015 ό
1185 4964 1512 5034 Πομπήϊος,
1563 4967 1652 5019 ἵνα
1710 4968 1787 5039 μή

247 5048 400 5125 φθάσῃ
463 5055 707 5125 περάσας
761 5055 853 5107 τὸν
906 5054 1153 5125 ποταμὸν
1208 5057 1273 5109 ἐκ
1331 5056 1515 5127 μέσων
1573 5060 1783 5113 νυκτῶν

248 5143 394 5214 ἐπῆγε
445 5146 541 5219 τήν
581 5148 867 5217 στρατιάν.
903 5143 1013 5199 Ἷιν
1075 5143 1170 5200 οὖν
1200 5148 1438 5219 ἀνάγκη
1498 5147 1641 5223 ὑπὲρ
1687 5151 1782 5205 τοῦ

251 5237 459 5306 χάρακος
498 5241 785 5311 μάχεσθαι.
820 5238 1025 5308 Σελήνη
1086 5233 1223 5312 δ’ἦν
1264 5244 1712 5314 καταφερομένη,
1754 5243 1783 5297 ὃ

252 5333 353 5395 τοὺς
378 5333 680 5404 βασιλικοὺς
703 5333 930 5406 ἔσφηλε.
959 5329 1119 5404 Εἶχον
1161 5336 1260 5405 μὲν
1300 5337 1407 5405 γὰρ
1433 5337 1576 5389 κατὰ
1610 5337 1785 5391 νώτου

252 5422 334 5494 τήν
375 5427 590 5499 σελήνην
627 5427 919 5498 Ῥωμαῖον
970 5427 1070 5498 ἤδη
1102 5427 1158 5480 δὲ
1207 5429 1338 5497 περὶ
1391 5428 1543 5482 δύσιν
1593 5429 1780 5502 οὔσης,

255 5515 299 5565 οἱ
341 5522 478 5573 σκιαὶ
519 5521 629 5574 τῶν
674 5521 944 5589 σωμάτων
998 5520 1239 5589 πρόσθεν
1290 5505 1582 5590 προϊοῦσαι
1643 5524 1783 5575 πολὺ

254 5604 442 5679 δίκησιν
504 5615 765 5685 παρεῖχον
828 5615 941 5676 τοῖς
1018 5614 1299 5683 πολεμίοις
1361 5614 1604 5681 ἐγγίζειν
1664 5617 1787 5677 τοὺς

1892 4700 1961 4740 ne
1991 4684 2195 4738 flumen
2225 4684 2522 4754 trajiceret,
2552 4681 2882 4750 intempesta
2915 4691 3076 4735 nocte
3100 4680 3287 4739 eduxit
3311 4699 3471 4741 excr-

1887 4778 2081 4832 citum.
2118 4775 2193 4829 lbi
2227 4789 2453 4829 necesse
2481 4781 2599 4828 erat
2632 4787 2732 4842 pro
2764 4772 2910 4827 vallo
2946 4781 3181 4835 certare.
3214 4775 3466 4833 lunares-

1888 4885 1997 4942 que
2049 4868 2189 4923 radii
2238 4864 2537 4922 turbabant
2582 4863 2784 4935 regios.
2825 4863 2960 4917 Nam
2994 4864 3229 4921 Romani
3280 4868 3505 4926 lunam‘

1885 4965 2106 5036 jamjam
2135 4961 2421 5017 occiduam
2452 4975 2482 5013 a
2510 4968 2664 5028 tergo
2718 4957 3027 5024 habebant;
3072 4960 3217 5016 unde
3268 4979 3469 5035 corpo-

1894 5071 2015 5111 rum
2048 5054 2257 5108 umhra:
2291 5054 2449 5121 longe
2484 5059 2801 5105 antrorsum
2835 5051 3112 5121 projectre,
3144 5056 3465 5125 Opinionem

1895 5148 2149 5203 hostibus
2186 5144 2512 5211 ali'erebant,
2553 5158 2651 5199 eos
2685 5143 2740 5198 in
2776 5145 3086 5216 pr0pinquo
3115 5161 3257 5217 esse,
3321 5153 3467 5206 Telis
3502 5156 3505 5159 “

1894 5242 2066 5313 igitur
2090 5240 2367 5294 incassum
2388 5234 2627 5302 emissis,
2658 5235 3000 5308 attingebant
3025 5241 3320 5296 neminem.
3354 5243 3467 5297 lluc

1892 5319 2123 5392 Romani
2148 5331 2554 5398 animadverso,
2577 5329 2814 5385 clamore
2837 5331 3056 5385 sublato
3079 5346 3460 5395 occurrerunt,

1893 5439 1950 5482 et
1981 5426 2123 5480 ultra
2152 5424 2343 5480 decem
2376 5422 2549 5478 millia
2578 5423 2630 5476 in
2662 5421 2785 5491 fuga
2825 5423 3165 5479 ceciderunt.
3199 5425 3320 5493 lpse
3363 5428 3463 5480 hli-

1895 5520 2163 5573 thridates
2195 5533 2317 5572 cum
2357 5516 2612 5587 pluribus
2645 5515 2858 5581 effugit.
2896 5516 3187 5584 Pompeius
3218 5533 3347 5571 vero
3407 5520 3459 5573 in

1894 5612 2207 5667 Armeniam
2233 5608 2651 5678 impressionem
2699 5607 2846 5671 fecit,
2893 5622 2923 5659 a
2973 5606 3206 5675 Tigrane
3247 5609 3465 5677 jnniore

1346 5737 1547 5799 Varia:
1579 5735 1885 5800 lectiones
1926 5742 1987 5797 et
2024 5746 2215 5795 notae.

318 5838 415 5912 (0|)
447 5840 754 5910 Tnptddtn.
781 5840 873 5895 Sic
897 5840 1007 5894 duo
1040 5840 1195 5910 Regii
1217 5843 1285 5895 ὀι
1317 5841 1566 5896 Colbert.
1613 5843 1680 5895 At
1709 5842 1783 5894 Μι

1888 5839 2017 5911 Βάτη
2045 5836 2337 5910 legendum
2371 5834 2627 5891 observat
2658 5829 2910 5887 Wolfius.

511 5938 776 5997 Pnnon.
808 5938 924 5995 Gn.
953 5929 1270 5995 CXXXW.

3059 5920 3133 5982 26
