3896 6594
159 475 254 537 835

1311 487 1316 490 ·
1404 469 1812 531 ΑΝΝΑΙᾸΗΜ
1855 469 2002 530 LIB.
2046 471 2119 531 Χ.

3267 471 3340 534 ’δε
3349 471 3382 533 6

153 584 310 646 παιδὶ,
351 579 558 634 ἐκείνου
596 578 652 634 δὲ
681 577 1046 650 ,τεθνηκότος
1090 579 1150 632 ὲν
1212 577 1472 649 Πάρθοις,
1517 596 1703 649 γαμη-
1732 623 1744 641 Α

1820 581 2002 651 phicas
2041 579 2447 650 disputationes
2507 580 2716 638 utiliter
2759 582 2953 648 audire
3002 578 3164 640 solita
3202 601 3216 637 :
3253 598 3380 639 cum

156 678 291 731 θεῖσα
338 675 638 744 Πομπηΐῳ·
673 668 740 742 ἦν
778 672 894 743 δὲή
947 672 1083 743 κόρη
1115 673 1212 726 καὶ
1253 673 1354 742 τὴν
1383 672 1535 744 ὥραν
1585 672 1701 727 δια-

154 767 372 839 πρεπὴς,
413 766 474 819 ού
497 767 606 836 μὴν
655 766 794 820 ἀλλὰ
831 767 928 821 καὶ
981 769 1114 838 περὶ
1161 768 1470 838 γράμματα
1519 767 1700 830 καλῶς

158 861 360 929 ἡσκητο,
410 855 507 910 καὶ
545 857 676 926 περὶ
704 855 878 927 λύραν
905 857 1002 910 καὶ
1041 857 1171 928 περὶ
1205 855 1573 926 γεωμετρίαν,
1609 852 1703 907 καλ⁸

159 945 311 1018 λόγων
354 947 662 1017 φιλοσόφων
710 949 916 1004 εἴθιστο
965 948 1254 1020 χρησίμως
1305 946 1553 1014 ἀκούειν,
1609 946 1705 1001 καὶ

163 1043 346 1114 προσῆν
391 1041 605 1104 τούτοις
641 1036 773 1113 ἦθος
807 1043 1130 1113 περιεργίας
1176 1042 1441 1113 καθαρόν.
1512 1040 1704 1095 Ἀκού-

168 1149 286 1188 σασα
314 1133 491 1186 τοίνυν
542 1134 701 1204 ἥκειν
752 1135 1035 1207 Πομπήϊον
1088 1135 1225 1205 μετὰ
1259 1136 1386 1206 νηὸς
1444 1134 1572 1206 μιᾶς
1612 1133 1706 1186 καὶ

167 1226 312 1294 αὐτῆς
335 1223 626 1296 ἀλλοτρίας
683 1224 977 1294 φεύγοντα,
1011 1225 1285 1280 κατέπεσε
1341 1225 1557 1297 χαμάζε
1611 1226 1708 1279 καὶ

171 1315 371 1379 ἄναυδος
403 1315 605 1372 ἔκειτο.
659 1317 832 1382 Μόλις
892 1317 936 1371 δ’
968 1317 1062 1371 οὖν
1113 1319 1196 1381 είς
1240 1317 1440 1390 ἑαυτὴν
1479 1317 1709 1371 ἐλθοῦσα

175 1406 441 1476 ἐξέδραμεν
493 1407 587 1461 ἐπὶ
641 1407 944 1462 θάλασσαν.
1007 1410 1453 1477 Ἀπαντήσαντος
1511 1410 1570 1464 δὲ
1615 1408 1708 1462 τοῦ

174 1501 424 1569 Πομπηΐου
455 1499 551 1553 καὶ
585 1500 1112 1572 ὲναγκαλισαμινου,
1183 1503 1329 1572 Ὀρῶ
1364 1513 1487 1568 ’σε,
1534 1501 1708 1570 εἶπεν,

173 1590 306 1660 ἆνερ,
333 1593 400 1646 οὐ
428 1592 538 1660 τῆς
571 1592 692 1662 σῆς
747 1595 935 1664 τύχης
953 1595 1152 1664 ἔργον,
1190 1596 1353 1650 ἀλλὰ
1388 1595 1499 1663 τῆς
1539 1596 1710 1666 ἐμῆς,

175 1683 245 1736 ἐνί
271 1685 475 1753 σκάφει
531 1686 1064 1758 προσερριμμένον,
1113 1688 1220 1743 τὸν
1268 1686 1382 1756 πρὸ
1433 1687 1553 1742 τῶν
1604 1686 1715 1756 τῆς

178 1777 478 1842 Κορνηλίας
521 1775 727 1846 γάμων
773 1779 1206 1845 πεντακοσίαις
1253 1779 1438 1834 ναυσί
1489 1781 1717 1846 ταύτην

179 1868 656 1933 παραπλεύσαντα
685 1869 802 1938 τὴν
827 1869 1169 1927 θάλασσαν.
1207 1873 1301 1938 Ὠς
1323 1873 1588 1943 εὐτυχὴς
1637 1874 1714 1928 ἂν

179 1929 308 2025 ἢμην
331 1958 504 2027 γυνὴ,
545 1961 659 2028 πρὸ
694 1929 802 2014 τοῦ
838 1963 1149 2016 Πούπλιον
1172 1962 1240 2015 ὲν
1259 1929 1517 2032 ,Πάρθοᾶ
1534 1929 1715 2018 ακοῢ-
1746 1929 1789 1984 Β

178 2067 258 2103 σαι
280 2051 376 2104 τὸν
393 2053 716 2121 παρθένιον
742 2051 934 2122 ἄνδρα
961 2053 1260 2122 κείμενον,
1296 2053 1712 2108 ἀποθανοῦσιν

180 2143 396 2212 σώφρων
429 2145 498 2198 δὲ
548 2147 679 2215 μετ’
720 2146 1009 2213 ἐκεῖνον,’
1033 2145 1236 2214 ὥσπερ
1292 2145 1567 2214 ὥρμησα,
1608 2147 1717 2202 τὸν

183 2235 368 2303 ἑαυτῆς
396 2238 694 2308 προεμένη
731 2239 897 2304 βίον.
938 2237 1280 2308 Ἐσωζόμην
1304 2238 1393 2304 δὲ,
1433 2239 1533 2294 καὶ
1572 2239 1710 2305 σοὶ,

183 2326 415 2394 Πομπήιε
467 2328 696 2398 Μάγνε,
754 2328 1122 2400 γενήσεσθαι
1175 2329 1479 2399 συμφορά.
1555 2329 1614 2385 '0
1661 2331 1716 2384 δὲ

182 2419 291 2486 πρὸς
318 2418 504 2486 ταῦτα,
556 2423 708 2477 Μίαν
735 2422 885 2490 ἄρα,
927 2422 1256 2491 Κορνηλία,
1303 2423 1500 2492 τύχην
1523 2423 1712 2493 ᾔδεις,

183 2507 281 2578 ἔφη,
315 2510 423 2578 τὴν
458 2512 745 2585 ἀμείνονα
801 2513 937 2586 (65),
996 2513 1036 2582 ἠ
1071 2515 1170 2570 καί
1201 2515 1278 2570 σὲ
1313 2515 1462 2582 ἴσως
1491 2515 1720 2583 ἐξηπά-

184 2617 356 2667 τησεν,
390 2603 476 2658 ὅτι
508 2623 610 2674 μοι
633 2605 825 2660 πλέον
847 2606 950 2661 τοῦ
974 2607 1290 2674 συνήθους
1337 2605 1715 2675 παρέμεινεν.

195 2689 341 2745 Ἀλλὰ
367 2693 461 2748 καί
497 2695 685 2750 ταῦτα
722 2695 814 2750 δεῖ
861 2696 1067 2766 φέρειν
1126 2695 1482 2765 ἀνθρώπους
1513 2697 1715 2764 ὄντας,

188 2783 387 2854 καὶτῆς
414 2786 602 2857 τύχης
656 2789 746 2844 ἔτι
783 2789 1120 2860 πειρατέον.
1189 2793 1272 2846 Οὐ
1319 2791 1430 2861 τὰρ
1474 2790 1722 2847 ἀνέλπι-

191 2889 315 2931 στον
334 2879 399 2933 ἐκ
447 2882 677 2936 τούτων
714 2884 802 2950 είς
831 2882 1038 2936 ἐκεῖνα
1083 2884 1454 2954 μεταπεσεῖν
1505 2883 1615 2938 τὸν
1651 2883 1722 2949 ἐξ

193 2969 405 3025 ἐκείνων
433 2973 505 3026 ἐν
552 2974 787 3040 τούτοις
825 2975 1174 3045 γενόμενον.
1252 2973 1568 3029 Ἀναλαϐὼν
1627 2971 1721 3030 οὖν

191 3061 268 3128 τὴν
307 3066 529 3130 γυναῖκα
581 3065 834 3129 καὶτοὺς
895 3065 1082 3135 φίλους
1116 3065 1428 3137 ἐκομίζετο.
1481 3067 1593 3122 Καὶ
1642 3069 1724 3132 είς

201 3153 476 3210 Ἀτταλείαν
503 3158 696 3224 ἐλθὼν,
727 3160 881 3212 πόλιν
911 3159 1012 3231 τῆς
1072 3160 1422 3229 Παμφυλίας,
1459 3154 1589 3231 εὗρε
1629 3161 1724 3214 καὶ

1803 673 1974 730 tantis
1993 673 2218 728 dotibus
2237 672 2406 728 etiam
2431 688 2648 729 morum
2669 675 2995 745 simplicitas
3017 677 3387 747 conjungeha-

1806 775 1918 822 tur.
1943 766 2074 834 Qua:
2096 781 2222 822 cum
2243 766 2565 837 Pompeium
2597 768 2815 838 navigio
2842 783 2974 830 uno.
2999 784 3180 838 eoque
3202 770 3386 824 alieno

1803 858 2106 929 fugientem
2156 859 2348 914 adesse
2373 858 2641 922 audisset,
2670 860 2823 914 humi
2847 860 3127 930 prolapsa,
3148 860 3246 914 diu
3271 861 3388 920 sine

1803 965 1942 1006 voce
1983 951 2178 1022 jacuit.
2230 949 2396 1021 Egre
2431 951 2737 1006 refocillata
2761 995 2776 1018 ,
2808 953 2875 1006 ad
2927 967 3079 1008 mare
3113 953 3386 1012 decurrit.

1807 1043 1909 1100 Ubi
1937 1058 2063 1098 cum
2086 1059 2225 1098 eam
2257 1043 2556 1112 Pompeius
2593 1042 2810 1098 obviam
2843 1059 3173 1114 progressus
3267 1060 3387 1099 am-

1797 1136 2022 1206 plexus,
2065 1143 2256 1189 esset:
2304 1132 2463 1189 Video
2505 1145 2572 1200 te,
2619 1134 2820 1205 inquit,
2880 1138 2953 1190 mi
2987 1138 3089 1205 vir,
3134 1138 3187 1191 in
3223 1153 3388 1192 unam

1797 1241 2000 1280 navem
2031 1217 2344 1296 conjectum,
2379 1241 2528 1292 metu,
2549 1243 2656 1280 non
2687 1235 2790 1281 tua
2819 1227 3047 1297 fortuna!
3077 1228 3258 1298 culpa,
3296 1229 3389 1299 qui

1811 1330 1934 1373 ante
1961 1317 2223 1373 Corneliis
2253 1319 2469 1387 nuptias
2511 1321 2815 1390 quingentis
2857 1321 3076 1374 nauibus
3107 1322 3201 1374 hoc
3237 1337 3388 1374 mare

1813 1411 2048 1464 tenuisti.
2102 1408 2276 1474 Quam
2323 1409 2604 1478 fortunata
2649 1410 2864 1479 fuissem
2926 1409 3138 1474 mulier,
3188 1410 3234 1462 si
3262 1417 3388 1463 ante

1813 1501 2056 1554 auditam
2095 1499 2276 1554 Publii
2317 1500 2476 1567 primi
2520 1502 2702 1555 mariti
2736 1501 2791 1553 in
2835 1500 3052 1554 Parthis
3091 1501 3387 1563 interitum,

1813 1598 2078 1652 obiisscm.
2135 1595 2366 1667 Sapiens
2415 1611 2573 1662 vero,
2638 1596 2704 1658 si,
2756 1603 2813 1647 ut
2865 1595 3223 1656 institueram,
3274 1601 3388 1662 post

1815 1689 1971 1744 illum
2011 1705 2187 1742 necem
2219 1689 2350 1742 mihi
2406 1688 2793 1742 conscivissent.
2867 1685 3055 1740 Verum
3110 1684 3390 1738 incolumis

1799 1783 2015 1847 mansi,
2066 1778 2309 1849 Pompeii
2347 1778 2564 1849 Magne,
2599 1778 2949 1846 ut,tibietiam
2970 1774 3271 1829 calamitati
3306 1790 3389 1827 es-

1816 1891 1947 1928 sent.
1967 1872 2049 1929 Ad
2081 1872 2197 1927 hac
2229 1871 2560 1940 Pompeius:
2597 1869 2769 1925 Unam
2797 1884 2919 1936 ergo
2949 1869 3241 1938 fortunam,
3261 1865 3395 1921 Con-

1818 1965 1981 2029 nclia,
2015 1979 2190 2018 nosses
2243 1962 2534 2024 meliorem,
2571 1976 2691 2029 quae
2737 1967 2788 2013 te
2838 1958 3076 2028 fortassis
3111 1958 3270 2010 etiam
3307 1971 3392 2008 se-

1815 2058 2067 2122 duxisset,
2099 2057 2146 2110 si
2170 2071 2234 2108 ea
2260 2053 2415 2108 solito
2439 2054 2636 2106 diutius
2679 2067 2762 2104 me
2797 2051 3028 2120 fouisset.
3062 2047 3166 2102 Sed
3195 2056 3243 2100 ct
3276 2048 3391 2100 [nec

1818 2150 2074 2218 (homines
2103 2149 2241 2201 enim
2265 2146 2474 2216 sumus)
2501 2145 2647 2198 nobis
2679 2141 2895 2212 ferenda
2917 2148 3062 2205 sunt,
3089 2149 3136 2193 et
3171 2139 3390 2208 fortuna

1801 2243 1992 2296 adhuc
2019 2239 2400 2303 periclitantia.
2452 2237 2633 2306 Neque
2685 2235 2826 2288 enim
2859 2230 3246 2301 desperandum
3290 2236 3389 2292 est,

1817 2334 1907 2404 qui
1937 2349 1964 2386 e
2003 2331 2138 2402 felici
2181 2331 2337 2384 miser
2363 2330 2531 2399 factus
2563 2327 2664 2390 sit,
2691 2341 2811 2379 eum
2838 2337 2901 2376 ea:
2936 2325 3124 2376 misero
3162 2321 3391 2375 vicissim

1818 2426 2023 2498 felicem
2047 2425 2179 2494 fore.
2213 2421 2384 2493 Igitur
2427 2435 2599 2475 uxore
2631 2426 2686 2473 et
2715 2415 2910 2471 amicis
2935 2415 3063 2471 nav-i
3093 2411 3390 2482 impositis,

1817 2517 2076 2574 Attaliam
2123 2511 2462 2584 Pamphylia:
2516 2509 2710 2565 urbem
2760 2506 3072 2578 profectus,
3137 2502 3395 2559 Cilicicns

1821 2612 2084 2666 triremes
2121 2616 2179 2661 et
2201 2605 2407 2660 milites
2435 2602 2644 2673 reperit
2673 2617 2686 2654 :
2726 2599 2886 2657 multi
2917 2598 3084 2654 etiam
3113 2603 3396 2651 senatores

1821 2704 1901 2760 ibi
1927 2701 1996 2758 ad
2019 2715 2146 2755 eum
2167 2705 2572 2754 convenerunt.
2602 2694 2664 2749 In
2686 2709 2748 2748 va
2758 2693 2856 2747 riis
2877 2687 3390 2751 deliberationibus,

1821 2812 1950 2852 cum
1996 2793 2218 2848 tandem
2267 2791 2323 2845 in
2365 2788 2661 2860 Egyptum
2717 2785 3020 2855 confugere
3070 2781 3394 2851 placuisset,

1822 2887 2104 2944 Pelusium
2132 2883 2366 2954 appulit,
2400 2881 2496 2937 ubi
2546 2879 2900 2934 Ptolemaeum
2947 2876 3147 2945 degere
3191 2872 3399 2927 audie-

1825 2990 1948 3046 rat;
1979 2976 2248 3050 quiquod
2274 2977 2570 3031 immatura
2599 2981 2722 3028 erat
2762 2980 2944 3029 aetate,
2988 2967 3262 3024 Photinus
3295 2981 3399 3020 eu-

1824 3076 2044 3131 nuchus
2067 3072 2222 3144 regni
2243 3077 2592 3142 procurator,
2618 3062 2857 3121 adventu
2872 3059 3121 3130 Pompeii
3154 3058 3399 3129 cognito,

1827 3167 2126 3224 concilium
2159 3164 2473 3236 principum
2508 3161 2756 3217 virorum
2789 3156 3133 3218 convocavit.
3155 3152 3400 3213 Quorum

191 3248 488 3319 τριήρεις-ὲκ
539 3252 796 3317 Κιλικίας
834 3254 929 3307 καὶ
985 3253 1345 3323 στρατιώτας,
1385 3254 1483 3308 καὶ
1535 3254 1724 3308 πολλοὶ

1829 3263 1955 3318 aliis
2011 3275 2138 3316 eum
2195 3253 2613 3328 repellendum,
2659 3251 2792 3307 aliis
2839 3247 3225 3316 recipiendum
3276 3257 3402 3297 esse

192 3337 274 3392 τῶν
302 3342 673 3415 συγκλητικῶν
703 3346 834 3417 περὶ
859 3345 1024 3400 αὐτὸν
1053 3346 1456 3418 συνελέγησαν.
1493 3344 1714 3400 Πολλῶν

191 3429 235 3482 δὲ
254 3433 522 3504 γενόμενος
557 3434 859 3506 λογισμῶν,
905 3437 1128 3507 ἐνίκησε
1157 3439 1467 3494 τελευταῖον
1498 3439 1724 3509 φεύγειν

193 3523 256 3584 εἰς
289 3523 573 3593 Αἴγυπτον.
619 3528 732 3580 Kal.
773 3527 962 3598 μαθὼν
1019 3529 1357 3601 Πτολεμαῖον
1402 3531 1613 3600 διάγειν
1643 3533 1728 3597 είς

188 3607 236 3659 τὸ
259 3610 564 3679 Πηλούσιον,
594 3615 715 3668 ἐκεῖ
732 3617 1067 3688 κατηνέχθη.
1095 3619 1437 3690 Πτολεμαίου
1483 3621 1544 3674 δὲ
1572 3621 1727 3687 ὄντος

191 3700 356 3771 κομιδῆ
394 3703 541 3770 νέου,
564 3705 740 3760 διεῖπε
767 3708 838 3762 τὰ
871 3711 1176 3780 πράγματα
1203 3711 1455 3776 Ποθεινὸς
1487 3715 1516 3767 ὁ
1538 3714 1728 3768 εύνοῦ-

187 3809 280 3896 χνς.
324 3797 428 3896 Kal
482 3800 673 3896 μαοιὶιν
712 3802 843 3874 περὶ
906 3804 1195 3874 Πομπηΐου
1251 3805 1476 3877 ἡθροισε
1530 3805 1728 3878 βουλὴν

188 3890 276 3938 τῶν
293 3891 417 3960 παρ’
470 3890 619 3962 αύτῷ
671 3892 990 3964 δυναμένων
1045 3896 1303 3965 μέγιστα.
1365 3896 1477 3952 Καὶ
1525 3898 1576 3950 oi
1619 3897 1728 3969 μὲν

188 3977 482 4036 ἀπελαύνειν
513 3985 799 4058 Πομπήϊον
830 3989 1245 4053 συνεϐούλευον,
1272 3991 1322 4043 oi.
1357 3989 1416 4044 δὲ
1449 3989 1725 4062 δέχεσθαν

187 4071 294 4125 ὀδὲ
346 4075 478 4140 Χῖος
542 4077 798 4144 Θεόδοτος
824 4083 852 4138 6
889 4084 1074 4153 ῥήτωρ
1125 4080 1355 4152 γνώμην
1405 4084 1730 4153 εἰσήνεγκεν

194 4160 378 4218 ἀνελεῖν
450 4167 638 4234 αὐτὸν,
689 4171 933 4236 ἐπειπὼν
987 4172 1072 4224 ὅτι
1121 4172 1340 4240 νεκρὸς
1386 4175 1458 4227 οὐ
1495 4171 1726 4228 δάκνει.

199 4251 507 4327 Ἐστάλησαν
547 4257 640 4313 οὖν
688 4277 833 4325 τινες
878 4263 971 4316 τὸν
1015 4262 1183 4333 ἄνδρα
1237 4265 1726 4335 μετακαλούμενοι.

179 4342 270 4420 ,Ὧς
301 4350 343 4403 δ’
365 4347 498 4406 εἶδον
529 4354 583 4407 σί
613 4357 730 4424 μετ’
785 4355 952 4410 αὑτοῦ
982 4357 1043 4410 ού
1093 4357 1382 4428 βασιλικὴν
1419 4358 1542 4412 οὐδὲ
1584 4359 1730 4430 λαμ-

195 4441 314 4508 πρὰν
343 4445 438 4512 τὴν
476 4447 763 4517 ὑποδοχὴν,
813 4448 931 4501 ἀλλ’
981 4449 1076 4502 ἐπὶ
1133 4451 1262 4519 μιᾶς
1312 4450 1529 4512 ἁλιάδος
1554 4468 1730 4522 προσ-

193 4532 424 4600 πλέοντας
501 4539 715 4608 ὀλίγους
776 4539 1118 4611 ἀνθρώπους,
1185 4541 1557 4595 ὑπώπτευσαν
1623 4543 1724 4612 τὴν

1829 3352 2210 3416 suadentibus,
2295 3346 2618 3403 Theodotus
2649 3343 2822 3400 Chius
2850 3352 3040 3397 orator
3095 3335 3401 3394 tollendum

1828 3463 1949 3505 esse
1980 3442 2399 3518 pronuntiavit:
2431 3439 2631 3495 Canem
2656 3437 2796 3490 enim
2828 3443 3093 3489 mortuum
3129 3447 3234 3484 non
3265 3445 3406 3482 mon-

1827 3543 1970 3596 dere.
2010 3539 2201 3608 Itaque
2234 3535 2387 3590 missi
2417 3541 2569 3597 sunt,
2627 3531 2723 3602 qui
2756 3545 2885 3586 eum
2924 3534 3294 3584 accerserent.
3333 3523 3406 3580 U—t

1825 3649 1962 3690 vero
1985 3633 2107 3702 ejus
2140 3628 2439 3684 familiares
2506 3639 2636 3680 eum
2670 3637 2781 3678 non
2813 3622 2965 3690 regio
2991 3627 3258 3690 apparatu
3310 3623 3408 3670 aut

1829 3723 2119 3798 splendido
2143 3721 2322 3790 excipi
2344 3758 2358 3781 ,
2402 3717 2498 3773 sed
2527 3716 2586 3771 in
2615 3731 2726 3771 una
2759 3716 2958 3787 cymba
2981 3710 3238 3766 homines
3271 3723 3409 3778 pan-

1829 3833 1924 3874 cos
1981 3815 2247 3871 accedere
2291 3811 2456 3883 487
2495 3809 2760 3864 viderunt
2820 3825 2834 3862 :
2903 3812 3282 3874 contemptum
3337 3799 3408 3852 il-

1829 3910 1942 3964 lum
2011 3911 2328 3974 suspectum
2355 3901 2691 3955 habuerunt.
2724 3895 3162 3965 Pompeiumque
3194 3903 3404 3944 monu-

1829 4007 2015 4062 erunt,
2051 4005 2112 4052 ut
2141 4009 2339 4050 navem
2381 3993 2440 4047 in
2477 4006 2630 4046 mare
2666 3993 3037 4046 converteret.
3057 3983 3162 4040 Ubi
3208 3979 3406 4051 cymba

1831 4095 2167 4156 accesserat,
2229 4088 2324 4159 qui
2364 4101 2428 4142 ea
2467 4084 2852 4143 vehebantur,
2923 4093 3049 4134 eum
3100 4075 3411 4130 salutat-unt

1831 4185 2047 4248 Grznce,
2095 4194 2152 4238 et
2198 4181 2254 4235 in
2299 4178 2612 4234 naviculam
2661 4172 3035 4230 conscendere
3085 4171 3404 4240 jusserunt:

1832 4291 1984 4332 mare
2032 4275 2180 4330 enim
2226 4270 2492 4327 vadosum
2539 4278 2596 4325 et.
2625 4280 2922 4323 arenosum
2981 4263 3264 4318 triremem
3299 4270 3410 4311 non

1832 4383 2051 4438 capere.
2087 4366 2335 4422 Salutata
2387 4364 2557 4435 igitur
2603 4359 2861 4418 Cornelia
2899 4371 3093 4418 uxore,
3130 4354 3244 4424 jam
3292 4349 3413 4438 ejus

1833 4436 2065 4515 exitium
2107 4459 2420 4528 plangente,
2469 4462 2527 4510 et
2581 4451 2800 4507 duobus
2835 4442 3284 4504 centurionibus,
3339 4436 3410 4491 li»

1836 4551 1997 4604 berto
2028 4549 2306 4618 Philippo,
2336 4554 2393 4600 et
2431 4559 2594 4600 servo
2633 4544 2724 4597 eni
2761 4539 2975 4610 Scythae
3018 4549 3220 4591 nomen
3251 4537 3372 4586 erat
3398 4567 3413 4590 ,

194 4625 478 4698 ὀλιγωρίαν.
529 4632 641 4686 Kal.
691 4632 770 4703 τῷ
809 4632 1080 4703 Πομπηΐῳ
1137 4629 1416 4702 παρῄνουν
1468 4632 1568 4702 τὴν
1597 4631 1730 4686 ναῦν

1839 4658 1947 4696 una
1975 4639 2355 4694 conscendere
2391 4637 2581 4708 jussis,
2617 4633 2688 4688 ad
2719 4644 2945 4687 uxorem
2985 4638 3042 4682 et
3070 4625 3241 4680 ﬁlium
3280 4635 3412 4675 con-

195 4718 260 4778 si;
296 4722 522 4790 πέλαγος
594 4723 1064 4794 ἁνακρούσασθαι.
1134 4722 1480 4794 Πελαζούσης
1519 4724 1576 4777 δὲ
1635 4724 1734 4794 τῆς

1839 4746 2056 4795 versus,
2087 4730 2196 4785 illis
2226 4728 2518 4799 Sophoclis
2546 4725 2802 4781 versibus
2823 4720 3068 4776 recitatis
3101 4735 3120 4774 :

196 4812 402 4880 ἁλιάδος,
449 4819 732 4888 μετελθεῖν
759 4819 945 4889 ἠξίουν
982 4817 1144 4872 αὐτὸν
1184 4819 1265 4878 εἰς
1310 4818 1502 4888 αὐτὴν,
1547 4816 1734 4888 Ἐλλη-

199 4911 316 4962 νιπὶ
341 4912 738 4981 ἀσπασάμενοι,
764 4915 992 4981 τέναγος
1021 4910 1270 4980 λέγοντες
1301 4905 1440 4964 εἶναι
1462 4909 1618 4974 πολὺ,
1643 4912 1738 4963 καὶ

1919 4839 2164 4912 Quisquis
2194 4843 2413 4912 tyranni
2445 4855 2500 4912 se
2533 4837 2809 4912 committit
2845 4833 3064 4912 aedibus,

1924 4912 2014 4966 Fit
2045 4906 2126 4967 illi
2153 4906 2356 4974 servus,
2396 4910 2526 4964 liber
2557 4909 2654 4962 etsi
2683 4906 2879 4960 verterit
2908 4919 2928 4966 ;

204 4997 340 5064 βάθος
382 5004 478 5058 οὐκ
527 5005 696 5074 ἔχειν,
725 4975 861 5057 οὐδὲ
909 4975 1168 5074 ⁷στλώῖμον
1221 4997 1368 5058 εἶναι
1417 5004 1639 5074 τριήρει
1706 5002 1808 5072 τὴν
1845 5003 2145 5069 θάλασσαν,
2202 5002 2538 5072 ὑπόψαμμον
2593 4994 2782 5052 οὖσαν.
2848 4990 3266 5060 Ἀσπασέιμενος
3325 4975 3420 5036 οὖν

205 5096 286 5164 τὴν
312 5098 612 5169 Κορνηλίαν
673 5097 1200 5172 προαποθρηνοῦσαν
1249 5094 1416 5150 αὑτοῦ
1465 5095 1527 5147 τὸ
1559 5094 1736 5158 τέλος,
1777 5096 1874 5152 καὶ
1907 5094 2018 5149 δύω
2081 5093 2520 5164 ἑκατοντάρχους
2572 5087 2954 5159 προσεμδῆναι
2998 5081 3284 5145 κελεύσας,
3314 5077 3420 5130 τῶν

210 5205 256 5243 τε
280 5195 640 5266 ἀπελευθέρων
665 5195 764 5249 ἕνα
823 5195 1090 5247 Φίλιππον
1137 5191 1234 5244 καὶ⁵
1311 5189 1622 5260 θεράποντα
1703 5190 1919 5262 Σκύθην
1975 5191 2171 5262 ὄνομα,
2224 5188 2488 5259 στραφεὶς
2544 5186 2682 5257 πρὸς
2721 5186 2821 5256 τὴν
2869 5184 3103 5252 γυναῖκα
3184 5181 3280 5232 καί
3325 5176 3419 5228 τὸν

220 5288 332 5358 υἱὸν,
362 5289 472 5345 εἷπε.
502 5291 838 5362 Σοφοκλέους
877 5288 1129 5360 ίαμσείαο

1089 5382 1302 5442 Ὅστις
1331 5376 1399 5430 δὲ
1427 5378 1578 5441 πρὸς
1615 5378 1915 5444 τύραννον
1943 5374 2347 5444 ἐμπορεύεται.

1086 5440 1306 5506 Κοίνου
1331 5446 1452 5501 ’στί
1483 5440 1723 5512 δοῦλος,
1745 5447 1862 5502 κᾶν
1885 5440 2198 5514 ἐλεύθερος
2218 5440 2381 5513 μολῇ
2411 5440 2545 5513 (66).

1342 5562 1544 5624 Variae
1575 5561 1885 5624 lectiones
1921 5568 1984 5623 et
2023 5566 2222 5622 notae.
2850 5612 2855 5617 .

265 5675 362 5748 (65)
380 5679 529 5732 Μίαν
549 5678 684 5747 ἄρα,
712 5675 1034 5744 Κορνηλία,
1060 5675 1254 5748 τύχῃν
1273 5667 1565 5748 ᾕδειςτὴν
1582 5667 1744 5736 ἀμεί-

1845 5676 2027 5722 vertat
2056 5683 2069 5719 :
2100 5665 2271 5721 Unam
2305 5681 2425 5733 ergo
2466 5663 2764 5748 fortunent1
2784 5647 3418 5748 Corn‘eliaanlosti‘n-tﬁio;

217 5739 359 5825 γοναί
389 5739 830 5825 ᾼιηὶιίείιυιηρὲι
863 5739 1044 5825 utrum
1077 5739 1248 5825 γει-ρο
1287 5741 1403 5794 haec
1454 5739 1748 5825 ἀποραντι·

219 5815 308 5877 κῶς
337 5821 422 5872 καὶ
449 5808 788 5881 anelis-ctuti);
807 5815 1126 5884 accipienda
1151 5813 1280 5874 sint,
1321 5825 1392 5863 an
1428 5823 1560 5861 vero
1589 5808 1744 5874 ἐλεγ-

219 5887 391 5962 ξτικῷς
420 5887 1376 5962 xar’yépcbpqpaﬁ.“Prioremsensum
1407 5887 1628 5959 secutus
1660 5887 1745 5933 est

221 5951 434 6023 Wolﬁus,
467 5950 797 6028 qui,'subd'it
822 5959 931 6024 ille,
979 5955 1023 6013 si
1056 5956 1143 6010 cui
1175 5951 1449 6023 displicet,
1508 5950 1578 6004 ita
1613 5964 1742 6005 con-

1846 5719 1980 5796 νέοι.
2011 5719 2126 5805 qua;
2154 5744 2202 5788 te
2226 5719 2430 5806 quoque
2463 5719 2689 5803 fortasse
2731 5719 2948 5796 decepit,
2981 5720 3118 5792 quod
3152 5731 3232 5772 mc
3266 5719 3421 5770 sdh’to

1843 5809 2041 5861 diutius
2078 5807 2222 5873 fovit.
3073 5872 3076 5873 ν
3279 5872 3284 5873 ν
3303 5857 3315 5868 .

1909 5877 2021 6002 (ϐω
2057 5872 2256 5946 Μρλῇ.
2285 5875 2365 5952 Ita
2392 5887 2522 5928 mss.
2548 5882 2758 5932 omnes,
2789 5877 2954 5935 quam
2987 5872 3177 5940 vocem
3210 5872 3415 5930 omise-

1842 5956 1925 6004 rat
2027 5988 2040 6003 .
2132 5958 2136 5962 '
3204 5951 3209 5955 ’
