3896 6552
177 441 278 506 829

1435 448 1638 508 ᾹΝΝΛ
1650 448 1836 513 LIUM
1880 455 2026 516 LIB.
2070 459 2148 518 Χ.

3307 468 3413 534 830

171 551 275 623 πῦρ
323 550 668 622 ἐμϐαλόντος
708 552 788 626 τῷ
824 551 996 624 στόλῳ
1022 553 1156 623 (67),
1191 555 1286 610 καὶ
1333 557 1366 626 ή
1407 557 1620 629 μεγάλη
1653 557 1738 628 βι-

1850 561 1973 619 bum
2009 567 2254 626 desiluit.
2290 571 2397 628 Sed
2428 589 2553 632 cum
2581 576 2649 632 ab
2687 575 2957 649 Egyptiis
2989 579 3220 637 navibus
3247 583 3414 638 undi-

171 643 423 712 ϐλιοθήκη
455 644 847 713 ὲμπέπρηστο.
873 645 1068 715 Μάχης
1097 646 1154 698 δὲ
1191 647 1558 718 συνεστώσης,
1584 664 1746 702 κατε-

171 737 369 806 πήδησε
417 736 524 803 μὲν
586 737 697 790 ἀπὸ
745 736 841 790 τοῦ
890 736 1146 807 χώματος
1181 739 1261 799 εἰς
1303 739 1548 793 ἀκάτιον.
1593 740 1744 792 Ἐπι-

167 827 430 878 πλεόντων
454 826 511 878 δὲ
537 825 875 896 πολλαχόθεν
897 825 1050 896 αὐτῷ
1073 828 1183 880 τῶν
1216 828 1550 896 Αἰγυπτίων,
1581 829 1746 900 ῥίψας

168 919 349 972 ἑαυτὸν
378 919 464 979 εἰς
488 916 594 986 τὴν
615 917 913 982 θάλασσαν,
943 919 1253 988 ἀπενήξατο
1280 922 1456 990 μόλις.
1493 921 1622 976 Ὅτε
1658 921 1746 975 λέ-

167 1028 310 1078 γεται
342 1009 442 1062 καὶ
481 1009 722 1078 βιϐλίδια
752 1009 972 1080 κρατῶν
1008 1010 1179 1064 πολλὰ
1244 1013 1319 1081 μὴ
1355 1012 1615 1081 προέσθαι
1649 1029 1744 1082 νη-

167 1103 408 1173 χόμενος,
439 1100 560 1153 ἀλλ’
600 1101 818 1170 ἀνέχειν
862 1101 1003 1154 αύτὰ
1049 1102 1188 1171 ὑπὲρ
1218 1102 1316 1172 τῆς
1353 1101 1633 1172 θαλάσσης
1673 1105 1741 1174 τῇ

168 1195 323 1263 ἑτέρα
358 1194 534 1262 χειρὶ,
592 1194 687 1246 καὶ
726 1192 902 1246 ταῦτα
950 1193 1302 1262 βαλλόμενος.
1328 1193 1494 1258 Τέλος
1526 1193 1606 1257 δὲ,
1645 1193 1744 1246 τοῦ

173 1284 431 1356 βασιλέως
493 1285 639 1354 πρὸς
701 1285 831 1346 τοὺς
891 1285 1190 1355 πολεμίους
1258 1286 1744 1356 ἀποχωρήσαντος,

167 1375 405 1430 ἐπελθὼν
438 1376 546 1428 καὶ
575 1375 817 1445 συνάψας
848 1375 1089 1445 πόλεμον
1128 1375 1371 1444 ἐνίκησε,
1404 1375 1617 1428 πολλῶν
1647 1391 1746 1428 πε-

171 1468 362 1521 σόντων
391 1468 490 1520 καὶ
518 1467 620 1520 τοῦ
652 1467 918 1536 βασιλέως
943 1466 1187 1534 ἀφανοῦς
1216 1466 1536 1536 γενομένου.
1568 1466 1747 1520 Κατα-

169 1555 329 1610 λιπὼν
371 1554 430 1609 δὲ
466 1557 576 1627 τὴν
618 1555 978 1628 Κλεοπάτραν
1018 1556 1414 1626 βασιλεύουσαν
1441 1555 1742 1624 Αἰγύπτου.

169 1649 259 1702 καὶ
313 1647 522 1718 μικρὸν
588 1648 821 1720 ὕστερον
867 1649 930 1713 ἐξ
989 1648 1156 1703 αὑτοῦ
1201 1649 1471 1704 τεκοῦσαν
1514 1650 1651 1714 υἱὸν,
1685 1648 1744 1703 ὃν

179 1741 549 1811 Ἀλεξανδρεῖς
602 1744 995 1814 Καισαρείωνα
1039 1744 1290 1811 ικάλουν,
1339 1744 1600 1816 ὥρμησεν
1651 1744 1745 1798 ἐπὶ

167 1834 354 1902 Συρίαν
411 1835 514 1887 καὶ
541 1835 806 1908 Φαρνάκῃ
842 1835 918 1905 τῷ
949 1835 1286 1908 Μιθριδάτου
1319 1837 1470 1890 παιδὶ
1501 1836 1743 1906 πολεμή-

171 1943 280 1991 σας,
309 1924 477 1978 αὐτὸν
515 1926 620 1996 μὲν
650 1927 744 1983 τοῦ
792 1928 994 1982 Πόντου
1026 1929 1272 1996 ἐξέϐαλε,
1335 1930 1437 2000 τὴν
1484 1930 1541 1985 δὲ
1575 1948 1744 2002 στρα-

167 2019 278 2072 τιὶιν
308 2017 484 2088 ἄρδην
510 2020 719 2074 ἀνεῖλε.
752 2021 863 2075 Καὶ
891 2023 990 2091 τῆς
1027 2023 1208 2094 μάχης
1251 2024 1454 2095 ταύτης
1489 2023 1552 2078 τὸ
1575 2024 1742 2095 τάχος

173 2111 254 2164 καὶ
273 2109 372 2180 τὴν
395 2110 648 2183 ὀξύτητα
672 2113 847 2185 δηλῶν
877 2117 989 2179 τοῖς
1023 2117 1081 2169 ὲν
1113 2116 1325 2187 Ῥώμῃ,
1353 2115 1564 2188 ἔγραψε
1594 2119 1744 2190 τρεῖς

170 2201 365 2271 λέξευς·
423 2199 691 2267 Ἦλθον,
747 2202 932 2268 εἶδον,
994 2207 1272 2277 ἐνίκησα.
1329 2208 1614 2263 Ἐντεῦθεν
1663 2212 1744 2274 είς

182 2294 402 2351 Ἰταλίαν
462 2298 727 2353 ἀπελθὼν
790 2301 871 2362 είς
913 2299 1137 2372 Ῥώμην
1187 2301 1462 2364 ἀνέϐαινε,
1501 2302 1596 2356 τοῦ
1644 2302 1744 2373 μὲν

173 2386 406 2440 ἐνιαυτοῦ
441 2391 951 2461 καταστρέφοντος,
979 2393 1059 2456 είς
1086 2392 1146 2446 ὃν
1187 2393 1360 2465 ᾕρητο
1381 2393 1655 2464 δικτάτωρ
1684 2393 1745 2448 τὸ

176 2476 437 2550 δεύτερον,
469 2481 739 2535 οὐδέποτε
774 2484 1043 2553 πρότερον
1065 2485 1167 2554 τῆς
1198 2487 1374 2556 ἀρχῆς
1415 2485 1622 2556 ταύτης
1655 2502 1747 2552 γε-

177 2573 393 2643 νομένης
423 2575 706 2628 ἐνιαυσίου
728 2591 747 2606 ⁸
773 2579 853 2639 εἰς
873 2576 930 2630 δὲ
959 2577 1021 2630 τὸ
1046 2577 1198 2631 ἐπιὸν
1233 2577 1352 2642 ἔτος
1386 2577 1597 2643 ὕπατος
1623 2580 1745 2631 ἁνε-

179 2662 370 2736 δείχθη.
412 2665 542 2718 Τῶν
577 2667 638 2720 δὲ
677 2667 805 2738 περὶ
847 2670 1084 2723 Κάτωνα
1133 2668 1227 2723 καὶ
1272 2671 1551 2724 Σκιπίωνα
1607 2670 1747 2740 μετά

179 2755 265 2822 τήν
318 2759 376 2810 ὲν
420 2759 700 2830 Φαρσάλῳ
749 2759 928 2830 μάχην
970 2762 1052 2824 si;
1082 2761 1292 2830 Λιϐύην
1328 2763 1616 2831 φυγόντων
1653 2763 1748 2819 καὶ

182 2847 418 2920 δυνάμεις
459 2850 808 2922 ἡθροικότων
839 2855 1179 2922 ἀξιολόγους,
1208 2855 1296 2908 ἐπ’
1325 2856 1522 2919 αὐτοὺς
1548 2857 1577 2909 ὁ
1609 2857 1749 2910 Καῖ-

186 2954 278 3006 σαρ
323 2941 701 3012 ἐστράτευσε,
755 2945 851 2997 καὶ
915 2945 1100 3017 μικρῷ
1154 2945 1312 3016 μέρει
1359 2948 1490 3015 μιᾶς
1527 2948 1748 3018 ἡμέρας

184 3033 334 3100 τριῶν
366 3037 755 3105 στρατοπέδων
786 3039 1060 3108 ἐκράτησε
1081 3054 1096 3069 ·
1128 3038 1225 3091 καὶ
1249 3039 1750 3110 πεντακισμυρίους

187 3124 280 3179 τῶν
301 3125 580 3197 πολεμίων
607 3129 924 3201 ἀνῃρηκὼς.
956 3130 1078 3183 οὐδὲ
1101 3131 1442 3200 πεντήκοντα
1470 3132 1580 3184 τῶν
1605 3132 1750 3186 ἰδίων

1843 673 1953 728 que
1981 662 2317 730 cingeretur,
2362 668 2498 722 mari
2535 683 2593 722 se
2621 671 2919 739 commisit,
2971 679 3027 726 et
3059 687 3203 743 argre
3225 684 3418 728 enata-

1841 753 1942 808 vit.
1977 753 2175 810 Fertur
2203 766 2386 813 autem
2421 759 2636 815 libellos
2687 763 2891 817 multos
2933 779 3094 818 manu
3148 764 3293 818 inter
3320 781 3418 818 na.

1843 847 2070 901 tandum
2094 847 2149 902 in
2179 849 2409 905 sublime
2431 851 2626 916 elatos,
2653 868 2764 906 ιιοιι
2787 854 3075 924 abiecisse,
3099 870 3414 924 quanquam

1843 938 1968 994 telis
2015 948 2318 1008 peteretur.
2349 942 2593 997 Tandem
2643 957 2768 999 cum
2802 960 2895 999 rex
2927 947 2992 1000 ad
3025 946 3212 1000 hostes
3253 947 3418 1000 abiis~

1843 1040 1948 1094 set,
1983 1045 2259 1093 reversus,
2292 1034 2587 1088 commisso
2613 1035 2800 1104 prtelio
2831 1037 2984 1098 vicit,
3015 1037 3204 1091 multis
3236 1037 3415 1097 czesis,

1845 1121 2078 1191 ipsoque
2110 1137 2236 1193 rege
2264 1123 2596 1190 desiderato,
2632 1140 2695 1180 ac
2724 1125 3028 1196 Cleopatrae
3057 1127 3277 1198 Egypti
3328 1143 3418 1180 re-

1841 1228 1953 1283 gno
1980 1213 2176 1268 relicto
2202 1230 2216 1268 :
2255 1230 2378 1282 quae
2407 1229 2518 1269 non
2555 1216 2730 1272 multo
2762 1229 2883 1286 post
2909 1217 3078 1272 lilium
3103 1218 3152 1272 ei
3183 1219 3416 1288 peperit,

1843 1305 1914 1361 ab
1948 1305 2220 1377 Egyptiis
2245 1306 2608 1363 Caesarionem
2653 1320 2930 1373 vocatum,
2985 1311 3149 1380 inque
3203 1309 3414 1381 Syriam

1844 1401 2164 1456 contendit:
2222 1410 2278 1457 et
2331 1402 2613 1458 Pharnace
2663 1403 2996 1458 Mithridatis
3072 1402 3183 1456 lilio
3239 1404 3416 1457 Ponto

1843 1494 2041 1562 ejecta,
2079 1494 2198 1565 ejus
2230 1509 2363 1549 vero
2418 1495 2664 1550 exercitu
2699 1511 2926 1565 prorsus
2959 1496 3158 1558 deleto,
3192 1507 3252 1548 ut
3286 1493 3418 1548 belli

1844 1584 2080 1640 confecti
2111 1585 2448 1641 celeritatem
2501 1586 2925 1647 demonstraret,
2977 1587 3076 1640 tria
3112 1586 3275 1641 verba
3310 1573 3419 1640 n6—

1844 1690 1988 1730 mam
2015 1676 2238 1745 scripsit
2266 1692 2281 1730 :
2317 1677 2466 1741 Veni,
2493 1679 2625 1737 vidi.
2655 1679 2778 1732 vici.
2806 1679 2938 1732 inde
2969 1678 3022 1732 in
3059 1679 3263 1733 Italiam
3293 1694 3419 1748 pro-

1846 1766 2041 1831 fectus,
2075 1768 2303 1823 Romam
2343 1771 2588 1825 ascendit
2617 1771 2720 1826 sub
2754 1771 2882 1826 anni
2924 1771 3152 1835 exitum,
3187 1785 3296 1840 quo
3334 1785 3420 1824 se-

1844 1859 2087 1914 cundum
2128 1859 2366 1916 dictator
2399 1872 2618 1917 creatus
2649 1862 2848 1924 fuerat,
2911 1878 3034 1918 cum
3075 1878 3138 1917 ea
3175 1869 3418 1931 potestas

1841 1957 2003 2005 antea
2043 1964 2326 2018 nunquam
2361 1951 2528 2022 589
2567 1967 2749 2006 annua
2797 1951 3016 2006 fuisset.
3072 1951 3127 2004 In
3179 1964 3420 2018 sequen-

1838 2053 1953 2096 tem
1983 2057 2187 2096 annum
2217 2044 2410 2098 consul
2435 2052 2522 2098 est
2553 2043 2884 2098 declaratus.
2914 2043 3050 2100 Cum
3078 2051 3260 2097 autem
3282 2042 3420 2095 Cato

1842 2142 1900 2188 et
1927 2133 2113 2204 Scipio
2139 2143 2265 2204 post
2293 2135 2667 2190 Pharsalicam
2703 2136 2914 2190 cladem
2955 2137 3009 2190 in
3041 2134 3218 2189 Africa
3247 2135 3422 2204 justas

1843 2227 2032 2297 copias
2061 2229 2391 2299 ccegissent.
2426 2228 2610 2285 Caesar
2644 2237 2834 2284 contra
2856 2243 2951 2283 eos
2980 2228 3280 2298 profectus,
3308 2226 3424 2280 exi-

1843 2333 1950 2390 gua
2004 2319 2171 2374 unius
2207 2319 2316 2374 diei
2351 2329 2504 2390 parte
2539 2329 2652 2374 tres
2679 2319 2959 2374 exercitus
2990 2316 3272 2386 superavit
3302 2333 3316 2369 :
3365 2323 3424 2368 et

1846 2423 1878 2462 ι.
1908 2407 2152 2463 millibus
2186 2409 2429 2464 hostium
2485 2410 2706 2472 occisis,
2749 2423 2978 2464 suorum
3009 2423 3118 2462 non
3153 2424 3183 2460 ι.
3215 2404 3417 2459 amisit.

1845 2501 1961 2559 Viri
1994 2503 2311 2557 consulares
2349 2512 2405 2556 et
2433 2503 2673 2571 pnetorii
2711 2506 2804 2572 qui
2830 2517 2862 2557 e
2899 2515 3079 2572 pugna
3110 2505 3418 2558 evaserant,

1845 2607 1970 2648 cum
2001 2602 2352 2663 caperentur,
2385 2594 2582 2663 partim
2621 2594 2724 2663 ipsi
2765 2607 2957 2649 necem
2995 2590 3100 2646 sibi
3133 2588 3423 2644 conscive‘

1846 2691 1998 2744 runt,
2032 2682 2229 2753 partim
2270 2693 2461 2754 captos
2503 2684 2687 2739 Caesar
2733 2682 3020 2752 suppliciis
3061 2680 3266 2735 affecit.
3319 2677 3424 2734 Ca-

1849 2774 1998 2829 tonis
2023 2789 2236 2840 necem,
2264 2774 2357 2844 qui
2389 2773 2492 2828 sibi
2543 2774 2659 2843 ipse
2709 2788 2904 2827 manus
2931 2771 3210 2834 attulerat,
3245 2768 3422 2838 palam

1847 2881 1990 2938 σιεγε
2027 2868 2190 2921 tulit:
2231 2883 2332 2922 cur
2360 2875 2567 2930 autem,
2627 2867 2899 2921 incertum
2952 2873 3058 2918 est.
3111 2862 3248 2917 Illud
3295 2860 3425 2930 qui-

1849 2957 1974 3012 dem
2006 2957 2180 3022 dixit:
2220 2957 2436 3012 Invideo
2467 2957 2559 3011 tibi
2611 2967 2833 3010 mortem
2890 2957 3065 3019 istam,
3099 2953 3251 3013 Cato,
3294 2967 3427 3022 quo.

1851 3055 1997 3104 nium
2028 3059 2084 3104 tu
2117 3051 2246 3104 mihi
2289 3049 2515 3104 salutem
2549 3049 2806 3103 invidisti.
2845 3047 2920 3102 Ex
2968 3047 3153 3102 Africa
3193 3047 3420 3099 Romam

1851 3156 2132 3202 reversus,
2164 3140 2548 3211 triumphavit,
2577 3148 2634 3194 et
2653 3138 2965 3209 spectacula
2997 3136 3202 3192 navalis
3230 3148 3426 3205 pugnae

190 3217 434 3273 ἀπέϐαλε.
470 3221 596 3274 Τῶν
626 3221 682 3275 δὲ
751 3222 1106 3290 πεφευγότων
1133 3224 1198 3276 ἐκ
1218 3224 1316 3292 τῆς
1339 3223 1521 3294 μάχης
1552 3225 1748 3278 ύπατι-

1850 3243 1908 3290 et
1951 3234 2318 3303 gladiatorum
2369 3233 2564 3288 edidit.
2612 3231 2750 3287 Cum
2793 3246 2991 3286 census
3043 3238 3316 3298 ageretur,
3363 3242 3426 3281 cr.

196 3310 291 3361 κῶν
317 3311 408 3364 καὶ
436 3313 828 3387 στρατηγικῶν
883 3314 1097 3385 ἀνδρῶν
1129 3315 1180 3368 oi
1225 3315 1324 3383 μὲν
1364 3317 1594 3379 ἑαυτοὺς
1639 3317 1749 3369 διέ-

194 3402 401 3472 φθειραν
433 3405 813 3476 ἁλισκόμενοι,
876 3407 1106 3475 συχνοὺς
1159 3406 1217 3460 δὲ
1266 3408 1486 3477 Καῖσαρ
1520 3407 1748 3470 ἁλόντας

196 3495 480 3552 ἀπέκτεινε.
510 3497 770 3560 Κάτωνος
797 3499 854 3552 δὲ
887 3498 1564 3568 ἐαυτὸνῖδιεργασαμένου,
1591 3498 1749 3568 δῆλος

195 3580 252 3656 ἦν
287 3588 499 3659 δηχθείς
527 3607 542 3620 ·
589 3585 652 3645 οὗ
680 3589 726 3643 δ’
766 3590 927 3644 ’ἑνεκα
956 3590 1228 3660 λελύπητο
1260 3591 1476 3661 ἄδηλον.
1525 3588 1663 3645 Eine
1704 3591 1750 3644 δ’

199 3673 294 3726 ob:
320 3673 382 3728 Ὠ
417 3679 653 3742 Κάτων,
683 3678 884 3748 φθονῶ
929 3680 1036 3734 τοῦ
1066 3680 1350 3737 θανάτου·
1383 3683 1482 3734 καὶ
1512 3681 1622 3751 γὰρ
1668 3681 1750 3737 σύ

194 3784 280 3834 μοι
328 3768 431 3834 τῆς
492 3771 802 3840 σωτηρίας
847 3771 1192 3840 ἐφθόνησας
1243 3772 1379 3842 (68).
1443 3774 1604 3828 Ἀλλά
1642 3776 1752 3848 γάρ

200 3860 485 3916 ἐπανελθὼν
509 3864 592 3925 είς
631 3863 851 3934 Ῥώμην
880 3864 988 3916 ἀπὸ
1017 3864 1224 3936 Λιϐύης
1249 3865 1551 3936 θριάμϐους
1581 3869 1755 3939 κατή-

201 3967 343 4018 γαγε,
369 3956 463 4008 καὶ
503 3955 638 4018 θέας
678 3956 891 4009 ὲτέλευε
930 3957 1226 4028 ναυμάχων
1281 3959 1379 4011 καὶ
1423 3960 1753 4030 μονομάχων

203 4043 407 4113 ἀνδρῶν.
439 4047 734 4118 Τιμήσεων
765 4046 821 4100 δὲ
850 4049 1158 4116 γενομένων
1189 4050 1312 4101 ἀντὶ
1339 4049 1446 4102 τῶν
1471 4051 1754 4120 προτέρων

201 4133 326 4188 δυεῖν
351 4142 442 4190 καί
469 4132 771 4209 τριάκοντα
809 4140 1090 4210 μυριάδων
1116 4142 1172 4193 αί
1206 4141 1378 4194 πᾶσαι
1407 4143 1756 4196 πεντεκαίδε-

205 4241 264 4277 κα
287 4229 676 4298 περισωθείσαι
702 4230 1004 4300 εὑρέθησαν
1024 4245 1038 4259 ⁶
1069 4230 1408 4303 τηλικαύτην
1431 4234 1638 4305 φθοράν
1660 4234 1756 4287 τοῦ

203 4316 354 4388 δήμου
397 4323 425 4374 ὁ
463 4323 734 4393 ἐμφύλιος
772 4324 1068 4395 εἰργάσατο
1097 4325 1354 4395 πόλεμος.
1396 4323 1525 4379 Εἶτα
1549 4326 1756 4390 ὕπατος

206 4408 256 4461 τὸ
271 4413 516 4484 τέταρτον
556 4415 822 4485 αἱρεθεὶς,
863 4416 943 4479 εἰς
973 4415 1217 4486 Ἰϐηρίαν
1255 4417 1626 4487 ἐστράτευσεν
1659 4419 1755 4472 ἐπὶ

1853 3327 2024 3381 millia
2055 3327 2285 3393 civium,
2337 3326 2404 3382 de
2435 3341 2601 3382 cccxx
2658 3325 2905 3380 millibus
2959 3337 3080 3392 qum
3111 3330 3235 3375 ante
3263 3333 3424 3374 censa

1853 3419 2091 3484 fuerant,
2122 3429 2252 3475 sunt
2285 3420 2528 3474 inventa.
2557 3419 2786 3473 Tantam
2821 3417 3005 3487 populi
3043 3424 3277 3483 stragem
3311 3411 3428 3465 bel-

1853 3509 1968 3565 lum
2003 3508 2164 3563 civile
2202 3509 2481 3564 attulerat.
2540 3508 2748 3564 Deinde
2803 3514 3059 3576 quartum
3092 3503 3282 3558 consul
3313 3503 3428 3556 fac-

1857 3608 1968 3662 tus,
1998 3600 2052 3653 in
2084 3599 2401 3670 Hispaniam
2433 3598 2570 3654 abiit
2601 3607 2790 3653 contra
2824 3595 3068 3666 Pompeii
3109 3594 3269 3656 ﬁlios,
3297 3592 3429 3646 ado-

1854 3692 2132 3748 lescentes
2165 3692 2390 3762 quidem
2439 3691 2562 3746 illos
2607 3690 2809 3751 adhuc,
2845 3688 2938 3743 sed
2967 3684 3194 3742 audacia
3225 3682 3431 3754 princi-

1857 3797 1986 3855 patu
2036 3784 2200 3854 digna
2251 3783 2552 3853 praeditos:
2603 3781 2698 3836 ubi
2749 3782 2806 3836 in
2859 3787 3072 3834 tantum
3124 3775 3428 3847 perieulum

1857 3875 2030 3940 venit,
2091 3883 2150 3930 ut
2188 3889 2286 3944 per
2332 3873 2504 3928 aciem
2556 3873 2896 3935 discurrens,
2953 3869 3296 3924 clamitaret:
3352 3866 3430 3919 An

1859 3968 2050 4022 milites
2082 3982 2187 4020 non
2221 3966 2458 4037 puderet,
2492 3980 2549 4018 se
2576 3974 2787 4032 captum
2820 3962 2992 4032 pueris
3019 3961 3074 4013 in
3107 3974 3295 4013 manus
3319 3964 3429 4009 ιτα.

1859 4058 2022 4112 dere?
2060 4058 2190 4112 Post
2218 4071 2454 4126 pugnam
2485 4064 2669 4108 autem
2698 4053 2891 4107 amicis
2925 4051 3100 4105 dixit:
3167 4046 3238 4102 Se
3262 4047 3325 4099 de
3355 4046 3433 4098 ai-

1858 4152 2026 4205 ctoria
2052 4165 2212 4219 saepe,
2255 4161 2367 4202 tum
2395 4163 2515 4202 vero
2543 4148 2776 4215 primum
2795 4146 2859 4198 de
2883 4146 2990 4198 vita
3021 4150 3268 4196 certasse.
3311 4137 3432 4194 Cte-

1859 4255 1984 4296 sare
2032 4240 2265 4302 victore,
2300 4239 2488 4310 iunior
2523 4236 2766 4307 Pompeii
2818 4235 2964 4290 ﬁlius
3020 4233 3146 4303 fuga
3194 4240 3280 4284 est
3317 4230 3433 4283 ela-

1857 4346 1991 4401 psus
2021 4347 2036 4385 :
2076 4338 2202 4400 post
2235 4330 2354 4386 dies
2382 4329 2614 4400 aliquot,
2639 4336 2772 4400 natu
2799 4325 3022 4398 majoris
3050 4321 3432 4395 caputCmsari

1861 4422 2110 4478 allatum.

208 4508 316 4571 τοὺς
349 4510 636 4579 Πομπηΐου
673 4509 842 4572 υἱοὺς.
883 4508 1037 4573 νέους
1081 4510 1180 4578 μὲν
1219 4509 1384 4572 ὄντας
1413 4509 1516 4577 ἔτι,
1548 4513 1757 4581 τόλμαν
1795 4515 1840 4568 δ’
1873 4516 2356 4586 ἐπιδεικνυμένους
2387 4516 2688 4587 ἀξιόχρεων
2752 4515 2888 4586 πρὸς
2954 4511 3274 4583 ἡγεμονίαν.
3303 4509 3435 4561 Ὅτε

211 4605 291 4656 καὶ
317 4607 389 4666 εἰς
419 4605 667 4660 κίνδυνον
696 4601 981 4674 περιέστη,
1009 4604 1084 4666 ὡς
1106 4604 1236 4675 βοᾷν
1271 4603 1361 4658 διά
1389 4605 1500 4658 τῶν
1539 4606 1748 4673 τάξεων
1789 4609 2062 4680 περιθέων
2128 4610 2240 4663 τῶν
2303 4611 2519 4665 ἑαυτοῦ·
2551 4611 2622 4664 El
2655 4608 2743 4676 μὴ
2785 4607 3093 4661 αἰδοῦνται
3135 4603 3436 4667 λαϐόντας

211 4697 372 4750 αὑτὸν
401 4701 728 4770 ἐγχειρίσαι
763 4706 890 4771 τοῖς
921 4702 1258 4770 παιδαρίοις
1280 4717 1302 4766 ;
1345 4701 1489 4772 Πρὸς
1528 4703 1585 4755 δὲ
1629 4705 1757 4768 τοὺς
1797 4706 1986 4775 φίλους
2028 4708 2166 4775 μετά
2207 4709 2308 4776 τὴν
2383 4708 2566 4777 μάχην
2610 4703 2786 4766 εἶπεν,
2833 4705 2919 4768 Ως
2959 4698 3255 4765 πολλάκις
3317 4697 3436 4768 μὲν

213 4788 542 4856 ἀγωνίσαιτο
577 4796 710 4862 περὶ
742 4798 940 4865 νίκης,
976 4797 1094 4860 νῦν
1126 4795 1194 4851 δὲ
1227 4793 1464 4862 πρῶτον
1513 4797 1645 4860 περὶ
1677 4798 1908 4867 ψυχῆς.
1972 4801 2319 4869 Νικήσαντος
2381 4801 2440 4852 δὲ
2507 4798 2808 4866 Καίσαρος.
2843 4796 2872 4847 δ
2907 4794 3006 4864 μὲν
3031 4791 3296 4861 νεώτερος
3323 4789 3436 4842 τῶν

216 4881 477 4955 Πομπηΐου
505 4887 641 4941 υἱῶν
668 4888 910 4959 ἀπέδρα·
931 4887 1134 4960 ἠνέχθη
1161 4888 1208 4944 δ’
1226 4887 1380 4961 αύτῷ
1440 4889 1562 4960 μεθ’
1617 4890 1837 4962 ἡμέρας
1874 4890 1968 4945 τοῦ
1997 4891 2366 4962 πρεσϐυτέρου
2393 4893 2426 4961 ἡ
2460 4889 2692 4958 κεφαλή.
2729 4887 2932 4941 Τοῦτον
2964 4886 3191 4957 ἔσχατον
3218 4885 3436 4953 Καῖσαρ

217 4977 492 5050 ἐπολέμησε
523 4980 781 5050 πόλεμον.

1380 5123 1578 5185 Variae
1608 5121 1918 5186 lectiones
1941 5125 2212 5184 etnotae.

279 5249 380 5317 (67)
408 5251 544 5306 ὀτε
573 5251 694 5317 πῦρ
730 5249 1097 5320 ἐμϐαλόντος
1119 5249 1200 5315 τῷ
1221 5251 1446 5315 στόλῳ.
1479 5250 1753 5307 Incertum

221 5327 380 5392 utrum
409 5322 720 5392 Kaiaapoc;_._
730 5335 803 5392 an
845 5321 1068 5392 ῘΑχιλλᾶ
1087 5336 1118 5392 ;_
1138 5322 1230 5392 sed
1257 5321 1762 5392 Plutarchusscru-

223 5388 385 5453 pulum
430 5392 568 5446 tollit
590 5388 653 5444 in
680 5389 798 5444 Vita
829 5388 1082 5451 Czesaris,
1105 5389 1193 5443 his
1216 5391 1399 5446 verbis
1435 5407 1448 5443 :
1496 5390 1760 5451 Δεύτερον

223 5455 270 5536 ιι
293 5463 743 5536 περικοπτόμενος
761 5461 864 5536 Ατὺν
887 5462 1091 5536 στόλον,
1125 5460 1450 5530 ἠναγκάσθη
1471 5459 1560 5514 διὰ
1591 5461 1763 5532 πυρὸς

226 5526 516 5583 ἀπώσασθαι
540 5526 632 5584 τδν
667 5530 932 5585 κίνδυνον.
961 5529 1050 5584 W.

288 5596 382 5669 (68)
416 5600 521 5654 Καὶ
541 5603 653 5666 τὰρ
679 5601 761 5652 σύ
803 5617 904 5666 μοι
931 5601 1277 5668 ἐφθόνησας
1300 5599 1410 5669 τῆς
1437 5599 1758 5665 σωτηρίας.

228 5661 474 5738 Plerique,
509 5661 584 5724 ait
608 5661 862 5733 Wolfius,
889 5661 1367 5738 interpretantur;
1388 5661 1478 5724 ’Τιι
1506 5661 1633 5723 ηιξ]ιὶ
1665 5661 1757 5724 δά-

233 5729 381 5805 ιιιιεηι
403 5729 540 5792 tuam
571 5739 824 5794 invidisti.
849 5729 962 5794 Sed
995 5729 1118 5794 cum
1167 5729 1493 5796 Plutarchus
1521 5739 1746 5805 scribat,

234 5801 496 5871 obscurum
521 5808 707 5871 fuisse.
746 5825 845 5864 cur
865 5808 1047 5866 Caesar
1070 5808 1296 5864 Catonis
1323 5811 1604 5865 interitum
1644 5801 1744 5865 do;

237 5869 396 5941 luerit,
448 5888 500 5935 et
526 5869 823 5951 ἐφθόνησας
854 5897 946 5952 μοι
978 5878 1077 5954 τῆς
1123 5880 1414 5950 σωτηρίας,
1459 5879 1622 5936 etiam
1653 5879 1740 5936 iu-

1868 5249 2034 5320 telligi
2069 5246 2265 5320 possit,
2292 5244 2556 5320 catonem
2586 5257 2696 5299 non
2719 5239 3043 5320 dignitatem
3072 5246 3312 5298 tantum,
3339 5232 3436 5320 sed

1866 5309 2098 5374 ιιιιιιιῖειή
2134 5309 2298 5390 etiam
2326 5314 2554 5390 Caesaris
2588 5309 2934 5390 oppugnasse
2955 5351 2970 5374 ,
3020 5309 3435 5390 (pequereui‘m

2137 5372 2237 5454 τῆς
2269 5384 2544 5454 σωτηρίας
2591 5372 2708 5454 σόὑ,
2740 5372 2798 5437 ξι
2850 5372 3091 5454 ἐμαυτοῦ
3125 5372 3277 5445 ιὲψιο
3309 5372 3439 5454 sub:

1864 5441 2106 5530 intelligi
2130 5441 2350 5530 potest,
2374 5441 2444 5509 n'é
2474 5441 2751 5530 sententia
2781 5441 3437 5530 q‘uidemnrepou’gnante)

1864 5518 2073 5592 malui,"
2089 5518 2272 5583 subdit
2297 5526 2411 5588 ille,
2445 5518 2823 5592 particulam_(
2846 5530 2993 5572 tuam
3012 5518 3309 5592 )‘omittere
3327 5549 3343 5592 ,
3360 5518 3440 5592 ,ιιι

1865 5599 1918 5652 in
1949 5589 2144 5653 Latino
2168 5597 2336 5652 etiam
2363 5589 2618 5650 ser—mone
2652 5589 2912 5662 ambigua
2946 5593 3096 5642 esset
3133 5589 3432 5662 sententia,

1863 5680 2046 5722 utrum
2085 5667 2264 5722 C-aasar
2309 5664 2618 5720 clementia:
2657 5660 2880 5732 laudem
2905 5672 2973 5710 ex
3015 5660 3438 5732 conservatione

1862 5721 2087 5793 Catonis
2119 5721 2375 5805 captare,
2406 5749 2477 5805 an
2511 5747 2644 5786 vero
2672 5743 2828 5805 suam
2867 5727 2925 5805 in
2954 5738 3022 5778 eo
3053 5721 3282 5805 explere
3319 5721 3433 5805 ira-

1859 5791 2118 5864 cundiam
2141 5791 2402 5871 volucrii,
2434 5803 2480 5857 si
2519 5815 2646 5858 eum
2674 5799 2727 5852 in
2751 5802 3077 5867 potestatem
3101 5791 3429 5862 redegisset.
