3896 6592
149 394 238 457 833

1369 388 1708 448 ANNAIJU
1727 389 1772 445 ll
1821 388 1896 445 LI
1915 391 1974 448 ll.
2013 389 2086 448 Χ.

3268 397 3375 459 831.

143 508 234 562 τῶν
283 505 391 577 ἅμα
428 503 622 558 καὶτὸν
650 501 822 573 δῆμον
844 502 1176 572 ἐφυϐρὲζων,
1215 502 1475 564 πἰλλάκις
1510 502 1680 572 Βρού-

1789 499 1930 554 idem
1957 500 2125 555 etiam
2151 517 2179 556 a
2203 502 2416 559 Cassio.
2435 504 2542 560 Sed
2565 505 2767 561 Caesari
2791 507 2973 563 futura
2997 509 3176 566 ca~des
3200 511 3376 580 pluri-

142 616 246 661 mo;
263 595 521 652 ἀπεκάλει
553 597 677 657 τοὺς
702 594 924 664 ἄνδρας.
965 593 1252 648 Ἐντεῦθεν
1275 595 1412 666 πρὸς
1458 597 1687 664 Μάρκον

144 688 346 756 Βροῦτον
378 687 670 756 τρέπονται
695 687 745 740 οί,
767 685 980 747 πολλοὶ,
1013 687 1077 737 ἐκ
1110 685 1350 758 Βρούτου
1381 689 1478 740 τοῦ
1515 688 1688 740 πάλαι

140 778 365 831 amoena
397 778 453 830 τὸ
482 776 636 843 γένος
678 776 883 840 ἕλκειν,
918 777 1010 830 καὶ
1040 777 1178 848 πρὸς
1215 779 1384 848 μόνον
1413 781 1624 832 ἐκεῖνον
1650 779 1684 848 ἢ

141 871 326 942 πρῶτον
355 871 403 922 oi
433 870 744 939 μεταϐολῆς
777 870 1060 940 ἐφιέμενοι
1083 869 1512 933 ἀποϐλέποντες,
1533 871 1686 942 αύτῷ

145 965 225 1034 μὲν
271 963 364 1014 οὐκ
418 963 665 1032 ἐτόλμων
717 962 1074 1033 προσομιλεῖν
1103 979 1117 994 ·
1147 962 1364 1032 νύκτωρ
1414 965 1472 1018 δὲ
1504 966 1686 1035 γράμν

141 1073 261 1126 ματα
284 1057 408 1125 περὶ
431 1057 496 1108 τὸ
531 1057 683 1126 βῆμα
711 1057 807 1111 καὶ⁵
833 1057 928 1110 τὸν
963 1057 1153 1127 δίφρον
1198 1057 1482 1130 ἔρριπτον,
1511 1061 1596 1128 ἐφ’
1621 1054 1685 1114 οὗ

139 1148 427 1219 στρατηγῶν
491 1151 855 1220 ἐχρημάτιζε,
913 1151 1142 1218 λέγοντα
1165 1167 1181 1182 ·
1243 1151 1588 1217 Ιιάθεύὸεις,
1637 1149 1687 1208 ὦ

139 1241 357 1308 Βροῦτος
383 1241 502 1308 καὶ,
540 1245 662 1296 Οὐκ
675 1240 734 1297 εἷ
761 1243 1057 1310 Βροῦτοςς
1091 1245 1185 1297 καὶ
1215 1246 1453 1309 Κάσσιος
1483 1247 1542 1299 δὲ
1578 1261 1684 1300 παο

139 1332 342 1404 ρώξυνεν
372 1334 558 1387 αὐτόν.
589 1336 699 1388 Καὶ
740 1336 820 1405 τῷ
856 1336 1102 1407 Καίσαρι
1137 1337 1195 1389 δὲ
1235 1338 1406 1390 πολλὰ
1459 1339 1683 1406 λέγεται

139 1427 306 1495 σημεῖα
330 1425 591 1492 γενέσθαι
641 1427 908 1498 δηλοῦντα
946 1429 1040 1482 τὸν
1091 1429 1340 1502 ὄλεθρον,
1376 1425 1449 1483 ὧν
1493 1431 1549 1485 ἓν
1588 1433 1683 1484 καὶ

135 1517 262 1570 τοῦτό
285 1519 421 1574 ἐστι.
458 1518 751 1589 Περιαύων
784 1520 898 1590 (70)
957 1523 1025 1592 τῇ
1059 1523 1306 1590 γυναικὶ,
1335 1523 1521 1592 φωνὰς
1548 1527 1683 1576 ἀσα-

135 1611 229 1676 φεῖς
264 1610 354 1662 καὶ
398 1613 749 1683 στεναγμοὺς
795 1614 1109 1685 ἀνάρθρους
1161 1615 1382 1687 ἐκείνην
1431 1618 1680 1686 ἀναπέμ-

138 1717 310 1755 πουσαν
343 1702 565 1772 ᾔσθετο.
621 1705 825 1759 Ἐδόκει
854 1707 910 1760 δὲ
948 1707 1158 1760 κλαίειν
1177 1710 1408 1774 ἐκεῖνον,
1438 1711 1530 1762 ἐπὶ
1559 1712 1681 1771 ταῖς

136 1795 366 1860 ἀγκάλαις
399 1795 606 1866 ἔχουσα
638 1799 1129 1871 κατεσφαγμένον·
1164 1799 1198 1870 ἢ
1247 1801 1344 1854 καὶ
1372 1800 1493 1871 μεθ’
1542 1803 1680 1872 ἡμε-

136 1903 210 1954 ραν
235 1887 393 1942 ἐδεῖτο
419 1890 524 1943 τοῦ
549 1892 744 1962 ἀνδρὸς
776 1892 852 1965 μὴ
885 1895 1173 1964 προελθεῖν
1202 1896 1284 1960 είς
1306 1896 1406 1967 τὴν
1435 1896 1680 1966 σύγκλη-

133 2000 216 2034 τον.
252 1982 333 2046 Ὠς
358 1983 416 2036 δὲ
443 1985 549 2037 καὶ
589 1984 857 2049 θύσαντες
893 1989 943 2040 ei
991 1990 1220 2057 μάντεις
1246 1988 1520 2058 δυσιερεῖν
1557 1990 1680 2042 ἔλε-

132 2093 221 2142 γον,
245 2075 378 2143 ἔγνω
414 2078 648 2148 πέμψας
665 2079 957 2134 Ἀντώνιον
974 2082 1198 2148 ἀφεῖναι
1224 2081 1326 2154 τὴν
1349 2082 1676 2154 σύγκλητον.

134 2167 330 2237 Βροῦτος
383 2171 580 2238 μέντοι
647 2171 914 2235 Ἀλϐῖνος,
967 2172 1365 2242 πιστευόμενος
1417 2174 1517 2245 μὲν
1574 2178 1681 2229 ὑπὸ

134 2260 388 2332 Καίσαρος,
423 2266 544 2326 τοῖς
577 2264 634 2317 δὲ
687 2265 815 2334 περὶ
870 2265 1103 2336 Μάρκον
1132 2265 1370 2337 Βροῦτον
1400 2270 1494 2320 καὶ
1529 2269 1682 2321 Κάσ-

134 2365 218 2402 σιον
241 2351 483 2422 μετέχων
515 2354 616 2420 τῆς
650 2355 1023 2424 συνωμοσίας,
1061 2356 1192 2420 τούς
1237 2371 1298 2409 τε
1348 2355 1578 2426 μάντεις
1630 2361 1683 2412 ὲ-

133 2441 344 2507 χὴύαζε,
403 2448 508 2499 καὶ
561 2447 878 2517 καθήπτετο
930 2447 1234 2520 Καίσαρος,
1292 2451 1370 2513 ὡς
1424 2451 1681 2518 διαϐολὰς

134 2535 270 2605 ἑαυτῷ
290 2539 721 2609 προστρίϐοντος
754 2545 1225 2612 καταφρονήσεως
1264 2544 1402 2613 πρὸς
1419 2544 1517 2617 τὴν
1549 2547 1681 2617 σύγ-

135 2628 312 2696 κλητον.
344 2632 547 2684 Ἦκειν
568 2634 677 2703 γὰρ
701 2634 876 2704 αὐτὴν
907 2635 1122 2689 ἐκείνου
1163 2637 1548 2704 κελεύσαντος,
1583 2643 1680 2693 καὶ

135 2721 304 2783 πάντας
334 2724 606 2793 ἑτοίμους
640 2721 780 2780 εἶναι
809 2726 1164 2799 ψηφίζεσθαι,
1190 2729 1332 2783 ὥστε
1375 2731 1486 2784 τῶν
1520 2733 1681 2797 ὲκτδς

134 2812 319 2878 Ἰταλίας
344 2819 634 2887 ἐπαρχιῶν
665 2819 1100 2892 ἀναγορεύεσθαι
1151 2820 1402 2891 βασιλέα,
1435 2825 1530 2878 καὶ
1577 2825 1679 2894 τὴν

135 2906 262 2976 ἄλλην
289 2911 518 2964 ἐπιόντα
545 2913 650 2982 γῆν
674 2930 734 2966 τε
771 2913 868 2968 καὶ
917 2915 1194 2970 Θάλασσαν
1233 2917 1412 2987 ἑαυτῷ
1463 2936 1678 2990 περισιτιε⁵

135 2998 524 3073 θέναιδιᾲδημα.
559 3005 726 3058 Ταῦθ’
759 3007 879 3078 ἅμα
907 3008 1082 3076 λέγων
1103 3010 1131 3061 ὀ
1167 3009 1424 3079 Βροῦτος,
1457 3006 1560 3081 ἦγε
1587 3012 1681 3065 τὸν

136 3091 342 3163 Καίσαρα
370 3096 677 3165 λαϐὕμενος
717 3099 815 3170 τῆς
860 3101 1064 3171 χειρός.
1105 3101 1342 3170 Οἰκέτης
1367 3101 1425 3153 δέ
1477 3117 1560 3165 τις
1586 3103 1679 3156 άλ-

1714 1855 1754 1907 Β

1789 591 1896 646 bus
1919 593 2188 663 prodigiis
2211 595 2536 653 denuntiata
2561 614 2685 654 esse
2713 600 2908 665 l‘ertur,
2933 616 2962 656 e
2984 603 3187 672 quibus
3210 607 3376 658 etiam

1790 685 1924 741 illud
1953 695 2058 742 est.
2087 688 2322 756 Uxorem
2343 691 2705 746 accubantem
2733 708 2901 748 voces
2923 694 3084 765 491
3111 697 3380 752 obscuras

1787 785 1843 832 et
1859 792 1961 832 con
1973 778 2130 834 fusas
2153 780 2322 836 edere
2349 783 2760 839 animadvertit.
2789 786 2864 840 Ea
2885 803 3015 842 vero
3033 789 3136 843 sibi
3160 789 3377 845 lamen—

1790 869 1891 922 tari
1924 870 2040 926 visa
2064 882 2204 937 erat,
2239 883 2296 928 et
2317 889 2444 930 eum
2496 877 2741 932 occisum
2776 880 2829 932 in
2865 881 3012 935 ulnis
3040 889 3232 937 tenere
3261 901 3272 937 :
3321 892 3380 938 et

1789 977 1948 1017 mane
1979 967 2178 1028 oravit,
2227 981 2298 1022 ne
2345 967 2403 1024 in
2443 979 2698 1024 senatum
2749 973 2981 1027 veniret.
3035 975 3174 1029 Cum
3205 977 3378 1030 etiam

1787 1067 2026 1122 augures
2067 1071 2224 1111 sacra
2280 1073 2472 1127 parum
2525 1061 2808 1130 auspicata
2869 1064 3041 1120 fuisse
3097 1067 3374 1130 dicerent,

1787 1146 2065 1203 abstinere
2102 1151 2254 1204 curia
2301 1153 2514 1216 statuit,
2553 1164 2606 1208 et
2660 1171 2756 1224 per
2786 1157 3086 1212 Antonium
3118 1172 3375 1215 senatum

1787 1240 2094 1300 dimittere.
2150 1243 2258 1299 Sed
2313 1245 2517 1302 Brutus
2559 1248 2816 1314 Albinus,
2873 1253 2961 1304 cui
2995 1253 3178 1308 Caesar
3208 1256 3372 1310 ﬁdem

1788 1330 2046 1398 habebat,
2099 1336 2502 1406 conjurationis
2551 1355 2677 1392 cum
2730 1339 2800 1397 M.
2859 1342 3031 1397 Bruto
3084 1355 3141 1400 et
3184 1345 3377 1401 Cassio

1785 1425 2066 1495 particeps
2095 1437 2149 1482 et
2185 1443 2424 1497 augures
2455 1429 2759 1494 deridebat,
2795 1443 2851 1488 et
2885 1433 3156 1491 Caesarem
3189 1453 3378 1507 repre-

1784 1517 2081 1585 hendebat,
2119 1529 2179 1574 ut
2225 1522 2320 1591 qui
2367 1524 2576 1577 crimen
2608 1528 2913 1595 contempti
2963 1541 3187 1583 senatus
3223 1532 3277 1585 in
3316 1547 3376 1586 se

1783 1609 2143 1667 admitteret:
2205 1615 2300 1683 qui
2344 1615 2456 1685 jam
2507 1616 2703 1671 aderat
2751 1619 2878 1688 ejus
2927 1621 3106 1690 jussu.
3147 1623 3376 1678 Paratos

1783 1701 1948 1757 etiam
1981 1718 2103 1759 esse
2127 1719 2322 1761 omnes
2348 1708 2672 1772 decernere,
2712 1721 2772 1765 ut
2799 1713 3046 1767 omnium
3082 1725 3236 1770 extra
3267 1716 3376 1771 Ita-

1784 1797 1914 1852 liam
1953 1800 2368 1866 provinciarum
2417 1819 2514 1857 rex
2571 1806 2966 1875 appellaretur,
3029 1816 3199 1877 utque
3247 1825 3375 1862 cum

1791 1889 2046 1944 nationes
2081 1900 2304 1946 exteras
2339 1906 2679 1963 peragraret,
2731 1907 2826 1951 aut
2882 1915 3032 1954 mare
3071 1901 3376 1970 lrajiceret,

1789 1980 2041 2038 diadema
2079 1994 2340 2053 gestaret.
2401 1987 2526 2043 llaec
2581 1990 2773 2045 dicens
2833 1991 3059 2058 Brotus,
3100 1993 3377 2048 Cmsarem

1789 2088 1954 2129 manu
1986 2076 2324 2144 prehensum
2351 2077 2610 2134 ducebat.
2638 2081 2974 2150 Abeuntem,
3010 2100 3208 2140 servus
3241 2087 3378 2140 alie-

1788 2182 1894 2222 nus
1930 2168 2051 2238 ejus
2079 2169 2397 2240 alloquendi
2426 2174 2684 2243 cupidus,
2739 2191 2865 2230 cum
2927 2177 3228 2232 convenire
3264 2195 3375 2232 non

1789 2271 1995 2330 posset,
2058 2277 2118 2318 se
2154 2265 2312 2318 uxori
2341 2265 2462 2336 ejus
2487 2267 2913 2322 custodiendum
2952 2270 3197 2333 tradidit,
3226 2273 3377 2341 quod

1789 2369 2012 2423 magnas
2039 2371 2132 2409 res
2183 2355 2414 2411 haberet
2485 2373 2708 2413 reverso
2756 2359 2958 2414 Czesari
3018 2363 3374 2417 nuntiandas.

1787 2448 2174 2504 Artemidorus
2203 2449 2334 2505 item
2367 2451 2557 2506 rhetor
2581 2453 2814 2508 Cnidius
2867 2454 3112 2508 libellum
3139 2456 3206 2508 de
3238 2471 3376 2509 con.

1784 2543 2064 2613 iuratione
2093 2558 2124 2598 a
2157 2559 2217 2599 se
2248 2545 2516 2614 scriptum
2563 2544 2613 2600 ei
2659 2546 2909 2615 porrexit
2964 2556 3041 2609 et,
3077 2545 3255 2610 llunc,
3293 2549 3380 2601 in.

1787 2635 1926 2704 quit,
1967 2633 2171 2699 Caesar,
2224 2634 2379 2690 solus
2446 2644 2504 2690 et
2549 2636 2804 2690 celeriter
2855 2636 3062 2706 legito;
3104 2654 3190 2691 rcs
3227 2641 3377 2692 enim

1758 2740 2013 2794 .magnas
2059 2726 2158 2780 tibi
2203 2727 2531 2790 declarabit,
2565 2743 2801 2798 qumque
2845 2715 3379 2784 intersunt.lLibel-

1786 2820 1901 2874 lum
1928 2830 2219 2889 acceptum
2245 2819 2429 2874 Caesar
2478 2821 2747 2884 lecturus,
2785 2835 2909 2874 eum
2945 2836 2974 2876 a
3007 2823 3381 2878 salutantibus

1788 2912 2180 2982 impediretur,
2241 2927 2409 2967 manu
2442 2913 2639 2979 tenuit,
2681 2913 2868 2984 itaque
2910 2915 2964 2968 in
3000 2927 3250 2970 senatum
3280 2933 3378 2970 ve-

1785 3005 1890 3059 nit.
1921 3005 2024 3071 Qui
2055 3020 2180 3060 cum
2215 3006 2266 3061 ei
2301 3008 2718 3072 assurrexisset,
2755 3007 2909 3063 Bruti
2944 3010 3215 3079 conjmati
3252 3027 3379 3079 par-

1790 3101 1886 3155 tim
1920 3115 1949 3153 a
1985 3109 2139 3170 tergo
2195 3101 2384 3155 sellam
2431 3101 2553 3170 ejus
2604 3101 3116 3166 circumsteterunt,
3178 3105 3376 3172 partim

134 3183 300 3254 λὸτριος
343 3191 596 3259 ἐντυχεῖν
640 3192 790 3264 αύτῷ
845 3193 1300 3263 προθυμούμενος
1331 3195 1574 3261 ἀπιόντι,
1603 3197 1677 3268 μὴ

1789 3192 1853 3243 ad
1900 3205 2026 3245 eum
2075 3200 2454 3256 accesserunt,
2505 3201 2766 3261 tanquam
2793 3193 2970 3247 exsuli
3005 3193 3224 3246 cuidam
3277 3210 3378 3247 ve.-

132 3275 351 3354 δυνηθεὶς⁹
397 3284 727 3348 παρέδωκεν
776 3286 972 3339 ἑαυτὸν
1021 3290 1089 3358 τῇ
1128 3286 1224 3339 τοῦ
1256 3287 1541 3359 Καίσαρος
1580 3305 1680 3355 γυ-

135 3373 242 3423 ναικὶ
263 3375 580 3441 φυλάττειν,
603 3375 786 3430 εἰπὼν
805 3377 952 3448 ἔχειν
978 3377 1190 3448 μεγάλα
1215 3377 1517 3449 πράγματα
1537 3381 1677 3433 ἐπα-

136 3463 264 3518 νιόντι
313 3468 658 3536 ἀπαγγεῖλαι
713 3469 790 3538 τῷ
853 3470 1116 3542 Καίσαρι.
1171 3471 1442 3542 Σοφιστὴς
1500 3473 1555 3526 δέ
1592 3491 1678 3537 τις

137 3557 496 3630 Ἀρτεμίδωρος
518 3562 734 3625 Κνίδιος
753 3603 769 3629 ,
807 3562 1014 3633 βιϐλίον
1054 3564 1182 3634 περὶ
1209 3564 1308 3633 τῆς
1330 3563 1675 3634 συνωμοσίας

137 3649 327 3719 γράψας,
366 3655 465 3706 καὶ
499 3655 732 3723 ἐγγίσας
777 3655 950 3726 αὐτῷ,
1017 3655 1211 3719 Τοῦτο,
1263 3656 1391 3726 ἐφη,
1431 3657 1675 3725 Καῖσαρ,

139 3741 264 3806 μόνος
286 3746 377 3798 καὶ
405 3746 616 3817 ταχέως
646 3747 949 3816 ἀνάγνωθιο
984 3749 1199 3819 μεγάλα
1221 3749 1330 3818 γάρ
1355 3764 1436 3801 σοι
1465 3763 1676 3816 καταγ-

139 3835 254 3899 ’ίεὶεῖ
291 3839 388 3893 καί
457 3857 545 3894 σοι
598 3841 959 3913 διαφέροντα.
1000 3844 1068 3896 ‘0
1110 3842 1406 3912 δεξάμενος
1443 3841 1677 3904 ἐκεῖνος,

138 3926 322 3999 ὥρμησε
353 3932 457 4002 μὲν
489 3935 822 4002 ἀναγνῶναι,
843 3935 918 4006 μὴ
944 3935 1130 4006 μέντοι
1153 3934 1403 4006 δυνηθεὶς
1437 3933 1546 3987 ὑπὸ
1568 3932 1679 3986 τῶν

140 4019 561 4092 ἐντυγχανόντων,
626 4027 850 4096 κατεῖχε
894 4029 961 4097 τῇ
1016 4025 1184 4096 χειρὶ,
1245 4023 1345 4077 καὶ
1396 4023 1678 4093 παρῆλθεν

140 4109 248 4166 οὕτω
268 4117 402 4186 πρὸς
439 4115 540 4188 τὴν
571 4119 896 4189 σύγκλητον.
943 4120 1010 4172 'll
1052 4119 1112 4172 δὲ
1143 4118 1514 4187 ὑπεξανέστη.
1556 4115 1678 4170 Τῶν

141 4198 180 4252 δὲ
205 4205 318 4276 περὶ
351 4205 590 4276 Βροῦτον
618 4212 667 4262 οί
703 4209 804 4280 μὲν
826 4208 1114 4276 ἐξόπισθεν
1142 4209 1238 4262 τοῦ
1272 4209 1469 4280 δίφρου
1507 4206 1676 4260 αὐτοῦ

1793 3280 1938 3335 niam
1989 3282 2238 3351 petituri.
2291 3281 2596 3337 Antonium
2639 3297 2774 3336 vero
2806 3282 3009 3337 Caesari
3055 3283 3270 3338 lidelem
3320 3293 3378 3338 ct

1790 3374 2080 3427 robustum
2147 3372 2350 3425 Brutus
2379 3372 2608 3426 Albinus
2639 3371 2772 3425 loris
2813 3371 3009 3426 tenuit.
3043 3371 3144 3426 Ubi
3183 3387 3380 3426 conse-

1786 3465 1867 3519 dit
1896 3465 2100 3529 Ctesar,
2139 3473 2197 3518 et
2226 3463 2659 3518 intercessiones
2693 3463 2908 3532 rejecit,
2947 3463 3160 3532 primus
3205 3463 3377 3518 Casca

1782 3557 2032 3627 jugulum
2059 3556 2110 3610 ei
2138 3555 2265 3611 ferit
2289 3555 2399 3610 ictu
2425 3571 2536 3609 non
2561 3555 2840 3610 lethil‘ero.
2873 3555 2940 3610 Ut
2967 3565 3151 3610 autem
3181 3572 3375 3610 omnes

1791 3648 2061 3718 conjurati
2094 3647 2365 3718 pugiones
2399 3647 2766 3712 strinxerunt,
2803 3657 2996 3701 contra
3035 3658 3266 3701 ςεειοιοοε
3317 3661 3378 3700 se

1789 3737 2105 3794 defendisse
2159 3736 2336 3791 fertur
2367 3748 2520 3791 veste
2571 3736 2890 3797 convoluta,
2935 3745 2992 3790 et
3025 3736 3334 3791 vociferans
3363 3751 3393 3791 τ.

1789 3829 1885 3885 sed
1915 3844 2040 3883 cum
2075 3843 2106 3882 a
2153 3827 2326 3881 Bruto
2353 3827 2520 3882 etiam
2555 3827 2751 3882 stricto
2782 3843 2918 3882 ense
2951 3827 3061 3897 peti
3111 3843 3170 3882 se
3205 3827 3374 3880 ridis-

1788 3932 1894 3991 set.
1935 3931 2059 3991 toga
2111 3920 2293 3990 capite
2336 3919 2620 3986 obvoluto,
2675 3935 2782 3974 non
2814 3919 3051 3988 amplius
3079 3919 3373 3974 restitisse.

1786 3990 2067 4070 ltatribus
2087 4021 2143 4067 et
2166 4012 2363 4082 viginti
2397 4012 2721 4067 vulneribus
2753 4011 3063 4076 confossus,
3098 4012 3164 4065 ad
3200 4012 3376 4066 basim

1787 4117 1981 4164 statuae
2029 4107 2280 4176 Pompeii
2323 4105 2605 4171 concidit,
2655 4119 2888 4175 eamque
2929 4105 3260 4170 cruenlmit,
3317 4112 3378 4158 ut

1788 4207 1904 4276 ipse
1933 4202 2232 4273 Pompeius
2258 4200 2392 4257 caedi
2429 4200 2642 4256 inimici
2678 4209 2862 4256 astare
2899 4199 3204 4254 videretur.

142 4299 492 4373 περιέστησαν,
525 4304 575 4358 οἱ
603 4303 659 4357 δὲ
694 4305 1022 4374 ἀπήντησαν
1061 4304 1137 4366 ὼς
1168 4303 1298 4372 περί
1331 4320 1478 4366 τινος
1533 4301 1777 4372 φυγάδος
1835 4300 2103 4368 δεόμενοι.
2169 4297 2274 4350 Τὸν
2339 4295 2395 4349 δὲ
2427 4294 2718 4349 Ἀντώνιον
2753 4295 2944 4348 πιστὸν
2983 4296 3111 4348 ὄντα
3137 4296 3379 4367 Καίσαρι

144 4389 514 4463 χαῖῤ-ομαλέον
574 4394 681 4460 ἔξω
711 4397 1092 4467 παρακατεῖχε
1130 4395 1370 4465 Βροῦτος
1403 4396 1672 4459 Ἀλϐῖνος.
1720 4395 1810 4456 Ὠς
1835 4393 1893 4448 δὲ
1944 4391 2181 4455 καθίσας
2228 4393 2256 4444 ὁ
2300 4391 2527 4459 Καῖσαρ
2592 4387 2914 4460 διεκρούετο
2964 4388 3066 4452 τὰς
3141 4389 3375 4463 δεήσεις,

143 4483 256 4554 ξίφει
277 4490 427 4561 παρὰ
452 4491 546 4544 τοῦ
581 4493 777 4546 Κάσκα
800 4493 1020 4564 πρώτου
1073 4494 1384 4565 πλήττεται
1435 4495 1530 4546 τὸν
1605 4492 1832 4562 αὐχένα,
1900 4489 2121 4560 πληγὴν
2186 4489 2248 4541 οὐ
2282 4487 2685 4557 θανατηφόρον.
2727 4486 2818 4558 Ὠς
2861 4486 2918 4539 δὲ
2963 4489 3058 4539 καὶ
3095 4487 3204 4538 τῶν
3253 4505 3380 4549 συν⁴

144 4581 333 4647 ωμοτῶν
354 4583 585 4648 ἕκαστος
611 4585 672 4639 τὸ
699 4587 853 4655 ξίφος
883 4589 1195 4656 ἐγύμνωσε,
1227 4586 1452 4654 λέγεται
1497 4585 1632 4658 πρὸς
1676 4586 1775 4656 μὲν
1835 4586 1963 4647 τοὺς
2023 4583 2246 4644 λοιποὺς
2291 4579 2677 4651 ἀπομάχεσθαι
2733 4578 3109 4649 ἐνειλούμενος
3153 4581 3246 4633 καὶ
3281 4597 3379 4633 κε-

144 4680 361 4745 κραγὼς·
395 4683 485 4736 ὅτε
511 4682 569 4735 δὲ
595 4684 691 4737 καὶ
725 4683 960 4755 Βρούτον
1015 4679 1160 4737 εἶδεν
1209 4683 1563 4754 ἐσπασμένον
1617 4682 1682 4735 τὸ
1721 4681 1897 4750 ξίφος,
1973 4677 2384 4749 ἐφελκύσασθαι
2425 4677 2569 4731 κατὰ
2628 4676 2730 4745 τῆς
2761 4675 3007 4745 κεφαλῆς
3037 4673 3095 4726 τὸ
3135 4675 3375 4745 ἱμάτιον,

145 4779 315 4845 μηκέτι
335 4781 785 4852 ἀπομαχόμενος.
814 4783 1004 4836 Εἴκοσι
1080 4781 1265 4853 μέντοι
1342 4782 1440 4834 καὶ
1520 4780 1650 4852 τρία
1713 4779 1898 4832 λαϐὼν
1949 4777 2270 4849 τραύματα,
2319 4774 2642 4846 ἀνδριάντος
2685 4773 2840 4834 ὄντος
2889 4773 3008 4826 ἐκεῖ
3058 4773 3376 4842 Πομπηΐου,

143 4875 352 4946 περὶτην
389 4879 548 4948 βάσιν
600 4878 798 4950 εὑρέθη
849 4878 1130 4949 κείμενος,
1171 4879 1266 4933 καὶ
1321 4878 1672 4946 καθαιμάξας
1713 4878 1897 4942 αὑτὸν,
1964 4877 2039 4938 ὡς
2099 4876 2279 4929 δοκεῖν
2339 4873 2504 4928 αὐτὸν
2526 4870 2920 4941 ἐφεστάναιτῷ
2956 4870 3104 4942 φόνῳ
3134 4870 3229 4924 τοῦ
3281 4889 3377 4926 πο·

141 4966 297 5038 lapte-.2
337 4976 646 5046 Πομπήῖον.

202 5069 285 5123 IB’.
328 5073 388 5125 Ὀ
433 5071 534 5141 μὲν
593 5065 688 5123 οὖν
727 5069 885 5132 Γάϊος
947 5068 1170 5133 Ἰούλιος
1229 5071 1448 5137 Καῖσαρ
1504 5067 1681 5130 οὕτως

146 5161 232 5214 ὑπὸ
253 5163 554 5234 φιλοτιμίας
588 5163 684 5216 καὶ
720 5161 1016 5233 φιλαρχίας
1045 5161 1318 5216 ἀπώλετο.
1345 5162 1540 5231 Οίγὰρ
1574 5160 1684 5212 θω-

147 5255 367 5321 πεύοντες
388 5258 573 5322 αὑτὸν,
607 5256 668 5310 τὸ
701 5257 1046 5327 φιλόπρωτον
1083 5255 1247 5309 αὐτοῦ
1283 5257 1378 5309 καὶ
1408 5253 1685 5321 φιλόδοξον

149 5349 528 5416 κατανοιῦντες,
560 5352 660 5403 οὐκ
699 5349 968 5403 ἐπαύοντο
999 5347 1132 5400 ἄλλα
1175 5347 1262 5399 ἐπ’
1295 5347 1478 5409 ἄλλοις
1534 5343 1684 5413 αὐτῷ

148 5437 670 5513 ιἶν’“⁸ὶ”ι⁵ιζί5ι.ιενοιοἦσαν
721 5443 780 5496 δὲ
816 5441 1044 5495 τοιαῦτα
1084 5439 1120 5494 ἃ
1167 5439 1532 5510 ἐψηφίζοντοο
1584 5435 1682 5504 τὴν

150 5532 376 5590 ῖπινῖκιον
406 5537 597 5608 στολὴν
629 5538 714 5589 ἀεὶ
738 5537 950 5606 φορεῖν,
995 5534 1092 5586 καὶ
1145 5533 1240 5586 ἐπὶ
1300 5524 1393 5583 τοῦ
1446 5526 1680 5598 ἀρχικοῦ

150 5619 307 5696 δὶἶρου
334 5629 704 5696 καθέζεσθαιο
750 5631 864 5691 τοῖς
911 5643 970 5679 τε
1025 5624 1350 5696 ῥαϐδούχοις
1397 5621 1679 5689 δαφνηφο-

1865 5063 1979 5119 ΧΙΙ.
2019 5062 2108 5118 Sic
2146 5061 2328 5116 Caesar
2353 5075 2420 5115 ex
2448 5057 2750 5114 ambitione
2775 5068 2829 5114 ct
2853 5061 3190 5130 appetitione
3224 5063 3376 5134 prin-

1792 5159 2008 5228 cipatus
2049 5154 2279 5209 interiit.
2315 5153 2648 5208 Adulatorcs
2670 5153 2817 5208 enim
2850 5155 2970 5224 ejus
2996 5155 3286 5212 ambitioni
3318 5171 3373 5216 ct

1792 5251 2034 5322 gloriola:
2066 5247 2253 5303 studio
2303 5245 2704 5306 inservientcs,
2754 5247 2894 5301 alios
2939 5257 3103 5319 atque
3156 5251 3291 5304 alios
3319 5252 3370 5306 ei

1796 5344 2036 5396 honores
2106 5340 2409 5394 decernere
2458 5337 2621 5411 492
2670 5355 2778 5393 non
2826 5341 3162 5397 destiterunt
3223 5363 3235 5397 :
3277 5345 3370 5413 qui

1792 5433 2111 5505 ltujusmodi
2144 5431 2390 5495 fuerunt,
2437 5442 2496 5486 ut
2530 5433 2923 5500 triumphalem
2981 5445 3189 5488 vestem
3245 5453 3369 5504 ps-r-

1789 5539 1959 5596 pctuo
1991 5524 2181 5587 ferret,
2207 5533 2263 5578 et
2295 5523 2348 5576 in
2381 5523 2511 5577 sella
2536 5524 2712 5577 curuli
2743 5523 2962 5578 sederet
2994 5543 3006 5578 :
3043 5536 3101 5579 ut
3129 5527 3368 5581 rilSClllEIS

1790 5620 2056 5674 laureatis
2111 5627 2383 5688 perpetuo
2423 5625 2696 5681 uteretur,
2731 5626 2787 5671 et
2821 5618 2983 5672 Pater
3035 5619 3224 5687 patria:
3268 5635 3371 5688 ορ-.

1301 5739 1502 5802 Varia)
1529 5735 1838 5799 lectiones
1889 5743 1949 5799 et
1985 5742 2178 5798 notae.

213 5871 306 5945 (70}
334 5877 648 5944 Περίαύων.
711 5875 790 5929 lta
827 5887 960 5929 mss.
1005 5870 1238 5930 Wolﬁus
1267 5867 1551 5941 παριαύων
1587 5863 1857 5922 ediderat.
