3896 6552
501 381 612 446 835

1804 358 2135 425 JOANNIS
2173 355 2498 417 ZthARRE

3648 341 3740 412 835

503 489 806 559 pellaretur
837 502 853 539 :
885 492 947 539 ut
982 483 1102 555 ejus
1134 481 1316 552 imago
1345 478 1401 534 in
1446 474 1692 533 nummis
1724 471 2081 540 exsculpere-
2110 513 2116 525 .

2219 465 2372 518 οὖσιν
2396 465 2484 518 ἀεὶ
2515 460 2824 534 κεχρῆσθαι
2849 501 2863 524 ,
2897 458 3108 530 πατέρα
3154 474 3216 512 τε
3259 457 3428 510 αὑτὸν
3447 457 3543 527 τῆς
3573 463 3744 532 πατρί.

507 591 624 644 tur,
665 585 724 631 ct
758 575 958 630 natalis
991 573 1209 644 publice
1236 570 1622 626 celebraretur
1650 582 1666 620 :
1700 573 1760 618 ut
1790 567 1846 617 in
1881 563 2086 616 Itonia-

511 671 598 725 nis
633 669 780 723 fanis
837 677 894 723 et
932 667 1192 722 omnibus
1213 664 1446 718 urbibus
1470 662 1593 732 ejus
1619 668 1817 722 statua:
1845 655 2088 710 colloca-

512 771 733 816 rentur.
793 761 900 815 l’ro
950 761 1074 828 ejus
1137 768 1318 811 autem
1372 752 1636 808 tribunali
1692 751 1831 805 duas
1881 757 2092 804 statuas

511 857 859 913 collocarunt
901 853 1179 908 :alteram
1209 850 1282 904 ob
1327 850 1479 903 cives
1529 856 1801 909 servatos,
1854 842 2088 896 alteram

516 951 589 1004 ob
625 947 816 1001 urbem
847 943 1138 1000 obsidione
1187 941 1501 1004 liberatam,
1562 951 1766 992 corona
1814 934 1989 989 civica
2037 940 2096 986 et

516 1038 851 1098 obsidionali
903 1044 1148 1089 ornatas.
1207 1033 1276 1087 Et
1323 1046 1522 1086 novam
1570 1029 1780 1084 curiam
1829 1024 2095 1082 aediﬁcari

514 1136 821 1203 jusserunt,
854 1146 975 1200 qua:
995 1127 1214 1183 Juliana
1239 1125 1308 1180 de
1337 1125 1510 1195 ipsius
1538 1122 1764 1177 nomine
1791 1120 2096 1174 diceretur.

518 1226 927 1292 Censoretnque
966 1236 1092 1275 eum
1125 1220 1304 1274 solum
1336 1226 1394 1272 et
1433 1225 1762 1286 perpetuum
1791 1220 2053 1268 crearunt
2079 1226 2094 1275 ;

521 1317 810 1390 privilegia
843 1315 1191 1368 tribunorum
1223 1311 1274 1365 ci
1319 1309 1599 1364 dederunt
1630 1325 1644 1374 ;
1676 1307 1722 1362 si
1755 1321 1784 1359 a
1818 1319 2098 1375 quoquam

521 1411 670 1464 dicto
701 1408 916 1462 factove
951 1406 1202 1459 oil‘ensus
1231 1411 1398 1466 esset,
1440 1411 1500 1455 ut
1525 1410 1694 1470 caput
1725 1400 1847 1470 ejus
1877 1412 2098 1453 sacrum

523 1514 673 1556 esset
714 1515 778 1552 ae
815 1497 1034 1566 piaculo
1069 1496 1392 1566 obligatum.
1453 1492 1596 1559 Quid
1649 1501 1835 1544 autem
1880 1504 2100 1545 sacrum

524 1609 647 1648 esse
677 1591 977 1658 signiﬁcet,
1008 1589 1119 1659 jam
1151 1598 1237 1642 est
1268 1605 1294 1638 a
1335 1601 1420 1640 me
1447 1584 1786 1654 expositum.
1820 1583 1940 1638 Jam
1971 1584 2100 1651 quia

528 1685 730 1739 talibus
754 1698 882 1736 eum
919 1681 1084 1734 rebus
1110 1678 1356 1748 gaudere
1388 1675 1719 1740 cernebant,
1767 1685 2016 1728 auratam
2049 1673 2100 1728 ei

529 1776 720 1832 sellam
769 1781 1190 1834 concesserunt,
1237 1778 1292 1823 et
1328 1781 1536 1824 vestem
1589 1782 1698 1837 qua
1766 1767 1900 1821 olim
1946 1780 2104 1834 reges

2185 556 2274 619 δος
2305 555 2692 626 ὀνομάζεσθαι,
2723 553 2820 605 καὶ
2853 551 2911 614 ἐς
2934 551 2996 603 τὸ
3014 550 3272 619 νόμισμα
3310 547 3738 618 ἐγχαράττεσθαι,

2187 646 2427 717 δημοσία
2461 663 2522 698 τε
2565 644 2852 714 ἑορτάζειν
2901 641 3069 696 αὑτοῦ
3103 639 3176 694 τὰ
3214 640 3474 709 γενέθλια
3500 657 3512 670 ·
3567 641 3624 692 ἐν
3646 644 3744 705 τοῖς

2191 741 2340 801 ναοῖς
2363 755 2423 791 τε
2461 739 2561 806 τῆς
2607 737 2833 806 Ῥώμης
2883 735 2981 788 καὶ
3019 737 3078 788 ἐν
3135 734 3353 796 πάσαις
3390 734 3510 796 ταῖς
3548 733 3744 788 πόλεσιν

2192 830 2513 899 ἀνδριάντας
2539 827 2707 881 αὐτοῦ
2736 826 3013 881 ἵστασθαι.
3056 826 3181 879 Ἐπὶ
3221 825 3280 878 δέ
3313 841 3376 892 γε
3413 824 3506 878 τοῦ
3531 825 3744 895 βήματος

2192 923 2287 977 δύο
2314 921 2481 975 αὑτοῦ
2508 921 2835 988 ἀνδριάντας
2871 919 3188 989 ἱδρύσαντο,
3257 917 3355 969 τὸν
3395 917 3492 986 μὲν
3523 917 3594 980 ὡς
3635 918 3748 981 τοὺς

2195 1012 2418 1075 πολίτας
2453 1011 2778 1074 σεσωκότος,
2819 1009 2912 1063 τὸν
2941 1007 2988 1060 δ’
3019 1008 3094 1070 ὼς
3123 1007 3192 1058 ἐκ
3227 1003 3553 1071 πολιορκίας
3597 1008 3749 1074 ῥυσα-

2200 1105 2362 1175 μένου
2395 1103 2495 1174 τὴν
2519 1103 2696 1157 πόλιν.
2739 1100 3150 1170 Ἑστεφάνωντο
3175 1099 3237 1151 δὲ
3257 1097 3354 1149 καὶ
3381 1095 3549 1166 ἄμφω
3573 1099 3748 1167 στεφά-

2198 1216 2312 1261 νοις
2339 1199 2452 1259 τοῖς
2473 1197 2566 1250 ἐπὶ
2596 1193 2862 1256 τοιούτοις
2899 1191 3348 1260 νενομισμένοις.
3381 1188 3749 1258 Βουλευτήριόι

2198 1307 2260 1343 τε
2295 1287 2485 1341 καινὸν
2534 1284 2968 1354 οἰκοδομηθῆναι
3019 1282 3327 1346 ἐπέταξαν,
3385 1279 3451 1332 ἵν’
3494 1279 3751 1332 Ἰουλιανόν

2202 1384 2295 1436 ἐπὶ
2319 1382 2396 1452 τῷ
2421 1379 2589 1435 αὐτοῦ
2641 1377 2868 1448 κληθείη
2922 1376 3172 1444 ὀνόματι.
3205 1373 3463 1442 Τιμητήν
3489 1389 3547 1424 τε
3572 1371 3660 1425 καὶ
3679 1370 3752 1424 διὰ

2206 1471 2323 1543 βίον
2356 1472 2452 1525 καὶ
2478 1471 2638 1541 μόνον
2659 1468 2822 1522 αὑτὸν
2854 1465 3196 1536 ἐψηφίσαντο
3217 1461 3365 1517 εἶναι
3391 1479 3406 1494 ·
3441 1460 3581 1530 ἔχειν
3603 1461 3654 1514 δὲ
3675 1460 3754 1514 καὶ

2204 1567 2274 1618 τὰ
2302 1563 2409 1615 τῶν
2437 1562 2738 1632 δημάρχων
2767 1559 3042 1630 προνόμια
3067 1575 3081 1588 ·
3107 1559 3208 1612 καὶ
3237 1557 3295 1608 εἴ
3322 1573 3408 1619 τις
3452 1555 3608 1608 αὐτὸν
3632 1555 3754 1625 ἔργῳ

2205 1657 2409 1727 ἢλόγῳ
2433 1655 2730 1725 ύῦρίσειεν,
2788 1652 2934 1724 ἱερδν
2997 1645 3140 1704 εἶναι
3193 1650 3520 1712 ἐθέσπισαν,
3573 1647 3751 1717 καὶτῷ

2208 1753 2330 1820 ἄγει
2361 1750 2666 1822 ἐνέχεσθαι.
2703 1750 2769 1803 Τί
2802 1749 2859 1802 δὲ
2890 1749 2952 1802 τὸ
2984 1747 3131 1818 ἱερὸν
3165 1743 3315 1800 εἶναι
3349 1745 3642 1814 νενόμιστο,
3663 1744 3746 1815 lgor;

531 1868 619 1923 usi
653 1867 892 1929 fuerant,
939 1873 994 1919 et
1023 1862 1329 1918 custodiant
1367 1877 1434 1916 ex
1465 1859 1709 1929 equestri
1742 1869 1796 1914 et
1826 1858 2106 1913 senatorio

2219 1860 2305 1914 μοι
2346 1845 2759 1912 προαφήγηται.
2797 1841 3073 1910 Χαῖροντα
3105 1838 3165 1891 δὲ
3202 1836 3421 1899 τούτοις
3441 1837 3659 1908 ὁρῶντες
3679 1835 3754 1888 αὖ·

532 1961 748 2023 ordine,
785 1970 951 2028 utque
977 1957 1198 2027 publice
1227 1970 1327 2024 pro
1342 1971 1409 2008 eo
1426 1951 1858 2023 supplicationes
1886 1952 2104 2016 tierent,

534 2065 590 2111 et
627 2070 725 2125 per
759 2053 882 2124 ejus
917 2052 1196 2105 fortunam
1223 2049 1530 2117 juraretur,
1580 2055 1638 2101 et
1669 2055 1791 2100 acta
1833 2045 1955 2116 ejus
1989 2055 2109 2099 rata

535 2156 745 2210 essent,
775 2151 1100 2206 sanxerunt,
1129 2151 1186 2196 et
1211 2140 1472 2207 Quintilis
1493 2138 1701 2193 mensis
1736 2139 1807 2192 ab
1837 2153 1904 2191 eo
1932 2136 2112 2193 Julius

541 2239 940 2309 appellaretur.
977 2237 1104 2288 Haec
1136 2243 1192 2288 et
1223 2233 1330 2286 alia
1363 2232 1544 2300 plura,
1581 2246 1650 2286 ne
1690 2229 1926 2300 singulis
1961 2243 2111 2283 com-

537 2329 914 2386 memorandis
973 2327 1237 2382 lectorem
1295 2322 1694 2384 obtundamus,
1744 2321 1796 2376 ei
1853 2321 2112 2376 decreve-

537 2431 691 2475 runt.
726 2419 942 2485 Quibus
965 2417 1132 2472 rebus
1166 2415 1428 2469 invidiam
1456 2413 1766 2475 hominum,
1804 2411 1890 2466 vel
1927 2410 2114 2480 potius

538 2514 676 2569 iram
709 2511 942 2566 deorum
967 2509 1234 2578 suscepit,
1261 2507 1573 2576 multosque
1596 2506 1656 2560 in
1688 2521 1746 2560 se
1772 2504 2112 2574 provocavit,

539 2607 719 2661 donec
751 2619 878 2657 eum
917 2602 1128 2657 exitum
1181 2616 1294 2670 quo
1326 2609 1552 2670 repente
1577 2598 1842 2660 concidit,
1873 2607 1961 2652 est
1997 2611 2118 2652 sor-

542 2697 701 2750 titus.
738 2694 876 2749 Cum
911 2694 988 2747 ita
1019 2693 1347 2747 interiectus
1401 2693 1628 2762 jaceret,
1673 2707 1868 2746 omnes
1914 2693 2010 2760 qui
2039 2689 2114 2744 ibi

542 2785 796 2848 aderant,
835 2785 1065 2850 turbati,
1110 2794 1168 2838 et
1197 2783 1417 2838 consilii
1470 2798 1866 2852 percussorum
1918 2782 2117 2854 ignari,

543 2877 702 2947 quasi
729 2885 785 2929 et
822 2874 923 2943 ipsi
955 2872 1202 2943 periculo
1234 2873 1474 2942 proximi
1507 2872 1788 2942 fugerunt,
1819 2880 1876 2926 et
1903 2881 2122 2926 terren-

547 2968 635 3022 dis
665 2967 846 3020 obviis
880 2965 1075 3019 urbem
1112 2965 1264 3018 luctu
1323 2963 1714 3033 impleverunt.
1772 2961 2008 3018 Civitata
2041 2961 2123 3016 sic

543 3053 762 3118 allectat,
784 3067 1137 3130 percussores
1160 3052 1268 3107 vim
1295 3054 1574 3119 timentes,
1600 3053 1810 3109 strictis
1832 3062 1888 3109 et
1918 3068 2123 3108 cruen-

549 3147 619 3200 tis
654 3145 853 3215 gladiis
887 3160 986 3214 per
1022 3145 1204 3200 forum
1231 3146 1288 3200 in
1340 3145 1672 3215 Capitolium
1733 3154 2120 3210 aceurrerunt,

545 3237 732 3306 ibique
764 3236 912 3290 diem
955 3243 1012 3290 et
1040 3245 1262 3290 noctem
1307 3244 1635 3304 exegerunt.
1683 3235 1754 3289 At
1785 3233 2026 3305 Lepidus
2054 3249 2122 3290 eo

544 3331 791 3384 facinore
817 3329 872 3384 in
909 3330 1109 3384 Castris
1136 3329 1352 3396 audito,
1383 3329 1520 3384 urbe
1553 3344 1680 3383 cum
1717 3328 1994 3383 militibus
2021 3342 2122 3382 oe-

547 3431 767 3489 cupata,
804 3435 906 3489 pro
943 3420 1217 3475 concione
1250 3420 1306 3474 in
1341 3434 1702 3488 percussores
1733 3431 1820 3476 est
1847 3417 2122 3476 invectus.

547 3511 824 3567 Antonius
853 3521 1036 3566 autem
1065 3528 1178 3583 pra:
1205 3523 1358 3568 metu
1408 3513 1652 3579 latitans,
1689 3528 1815 3568 cum
1850 3512 1999 3567 illius
2024 3513 2124 3568 ad-

546 3615 716 3658 ventu
751 3603 996 3674 cognito,
1021 3615 1077 3658 et
1107 3619 1500 3674 percussorum
1534 3604 1661 3674 fuga
1686 3605 1739 3657 in
1767 3603 2122 3673 Capitolium,

549 3705 832 3766 resumpta
865 3695 1068 3750 ﬁducia
1109 3696 1430 3766 prodiisset,
1485 3706 1543 3752 et
1579 3705 1774 3752 senatu
1822 3704 2127 3751 convocato

552 3787 859 3842 sententias
904 3796 1124 3857 rogaret
1159 3804 1172 3839 :
1214 3787 1408 3842 Cicero
1439 3787 1700 3843 omnibus
1751 3797 1949 3841 auctor
1995 3787 2122 3852 fuit,

554 3887 616 3932 nt
657 3876 868 3932 mutuis
900 3876 1045 3932 odiis
1073 3877 1332 3942 abolitis,
1365 3879 1643 3948 utrinque,
1685 3877 1730 3932 si
1755 3877 1890 3946 quid
1926 3893 2120 3948 pecca-

555 3981 672 4024 tum
702 3981 872 4034 esset,
909 3970 1311 4037 condonarent,
1359 3987 1428 4026 ne
1481 3971 1644 4026 civile
1702 3970 1910 4025 bellum
1963 3969 2128 4041 4.93

551 4063 991 4126 recrudesceret,
1019 4073 1075 4116 et
1107 4063 1260 4118 cives
1306 4078 1336 4115 a
1364 4061 1583 4118 civibus
1614 4063 1908 4118 interirent
1935 4079 1951 4116 :
1989 4079 2128 4118 con-

552 4157 832 4210 sentirent
881 4156 1091 4223 potius,
1129 4165 1186 4210 ut
1228 4155 1524 4224 populares
1574 4165 1631 4210 et
1673 4157 1824 4210 cives
1879 4157 2127 4210 deceret.

553 4247 770 4317 Adjeeit
806 4249 1000 4311 etiam,
1046 4262 1164 4302 acta
1203 4248 1456 4313 Caesaris,
1511 4249 1627 4303 sive
1675 4249 1742 4304 ad
1781 4249 2129 4314 donationes,

556 4341 673 4394 sive
705 4341 772 4394 ad
800 4339 1064 4404 honores,
1115 4340 1231 4394 sive
1278 4339 1349 4394 ad
1378 4341 1732 4411 magistratus
1759 4343 2127 4412 pertinerent,

557 4443 674 4487 rata
713 4448 837 4488 esse
875 4443 1154 4502 oportere,
1207 4448 1312 4488 nec
1344 4433 1668 4504 exagitanda
1704 4435 2002 4501 curiosius,
2034 4447 2132 4491 aut

2211 1937 2326 2001 τὸν,
2351 1935 2656 2006 ἐπίχρυσόν
2683 1951 2744 1988 τε
2778 1934 2970 2004 δίφρον
3009 1932 3161 2002 αὐτῷ
3193 1930 3409 1995 ἔδοσαν,
3451 1929 3542 1982 καὶ
3591 1927 3752 1997 στολὴν

2213 2023 2247 2104 ᾖ
2274 2028 2441 2083 πάλαι
2468 2027 2707 2098 ἐχρῶντο
2736 2027 2785 2080 ot
2819 2024 3280 2096 βασιλεύσαντες,
3318 2023 3413 2075 καὶ
3442 2019 3668 2090 φρουρὰν
3698 2019 3749 2069 ἐκ

2211 2119 2323 2172 τῶν
2359 2119 2570 2171 ἱππέων
2599 2119 2693 2171 καὶ
2721 2119 2785 2170 ἐκ
2823 2117 2932 2170 τῶν
2959 2114 3292 2187 βουλευτῶν,
3326 2111 3574 2182 εὔχεσθαί
3608 2126 3658 2162 τε
3676 2109 3751 2179 δη-

2217 2210 2382 2283 μοσίᾳ
2440 2211 2580 2282 ὑπὲρ
2627 2207 2819 2272 αὐτοῦ,
2885 2209 2980 2262 καὶ
3025 2207 3126 2278 τὴν
3181 2208 3361 2276 τύχην
3409 2203 3569 2257 αὑτοῦ
3613 2201 3752 2271 ὀμνύ-

2214 2323 2303 2359 ναι
2341 2305 2477 2375 (τί),
2513 2305 2608 2357 καὶ
2643 2304 2713 2356 τὰ
2744 2300 3183 2373 πραχθησόμενα
3241 2298 3380 2368 παρ’
3413 2294 3570 2350 αὐτοῦ
3616 2294 3748 2364 κύρια

2214 2399 2512 2469 τυγχάνειν
2547 2395 2979 2469 ἐνομοθέτησαν,
3009 2395 3100 2448 διά
3130 2411 3194 2446 τε
3227 2391 3396 2448 αὑτὸν
3431 2390 3635 2444 Ἰούλιον
3653 2386 3745 2455 (72)

2215 2492 2693 2562 προσηγόρευσαν,
2745 2487 2842 2542 καὶ⁵
2893 2488 3031 2543 ἄλλα
3086 2485 3317 2540 πλείονα
3350 2484 3459 2555 (ἵνα
3482 2482 3535 2536 δὲ
3577 2482 3626 2534 τὸ
3651 2479 3747 2533 καθ’

2215 2585 2446 2637 ἕκαστον
2473 2579 2913 2652 ἁπτριθμοῦντες
2939 2581 3033 2632 τὸν
3057 2578 3346 2646 ἀκροατὴν
3378 2577 3452 2644 μὴ
3477 2573 3748 2627 ἁποκναίωο

2221 2675 2343 2745 μεν)
2380 2673 2531 2744 αύτῴ
2577 2672 2940 2744 ἐψηφίσαντο.
2978 2670 3072 2734 Ἐξ
3096 2665 3174 2722 ὧν
3213 2668 3503 2736 ἐπίφθονος
3547 2662 3748 2730 {Maii

2223 2768 2427 2839 μᾶλλον
2458 2767 2786 2838 νεμεσητὸς,
2821 2767 2915 2821 καὶ
2938 2765 3060 2818 καθ’
3092 2763 3298 2818 ἑαυτοῦ
3333 2761 3557 2821 πολλοὺς
3600 2758 3751 2826 διηρέ-

2221 2863 2362 2928 θισε,
2397 2862 2594 2933 μέχρις
2645 2861 2714 2914 ἂν
2763 2862 2846 2920 είς
2897 2857 2961 2911 τὸ
3009 2857 3242 2910 ἐπελθὸν
3289 2852 3438 2923 αὖτῴ
3467 2851 3750 2919 κατηντήκει

2221 2958 2395 3020 τέλος.
2429 2955 2538 3010 Kal.
2563 2957 2592 3009 ό
2639 2956 2741 3026 μὲν
2770 2953 2916 3008 οὕτω
2952 2954 3191 3022 σφαγεὶς
3247 2950 3449 3004 ἔκειτο.
3496 2945 3635 3006 Οἱρὲ
3662 2941 3752 2994 ἐκεῖ

2221 3051 2492 3120 παρόντες
2517 3048 2798 3120 ἄνθρωποι
2836 3049 3082 3111 ἅπαντες
3143 3045 3521 3115 ἐταράττοντο,
3556 3039 3641 3103 τὴν
3666 3034 3750 3088 τῶν

2228 3144 2481 3213 σφαγέων
2504 3143 2829 3212 ἀγνοοῦντες
2848 3141 3114 3205 διάνοιαν,
3146 3141 3245 3192 καὶ
3272 3137 3350 3200 ὼς
3395 3134 3581 3189 αὐτίκα
3605 3129 3750 3183 κινδυ-

2225 3237 2508 3300 νεύσοντες
2539 3237 2798 3306 ἔφευγον,
2832 3235 2930 3288 καὶ
2958 3235 3086 3297 τοὺς
3123 3229 3505 3290 συναντῶντας
3527 3223 3747 3291 ἐξέπλησα

2227 3349 2342 3395 σον,
2379 3333 2477 3385 καὶ
2511 3330 2729 3401 θρήνων
2778 3329 2878 3399 τὴν
2927 3326 3089 3380 πόλιν
3137 3324 3433 3396 ἐπλήρουν.
3470 3321 3571 3374 Καὶ
3611 3319 3640 3387 ἡ
3674 3316 3752 3384 μὲν

2226 3422 2381 3484 πόλις
2410 3419 2554 3474 οὓτω
2582 3419 2838 3484 διέκειτο,
2871 3419 2921 3472 ὀί
2943 3417 3002 3471 δὲ
3041 3420 3296 3486 σφαγεῖς,
3343 3413 3562 3472 δεδιότες
3599 3409 3661 3478 μή
3683 3421 3747 3466 τις

2228 3515 2414 3584 σφίσιν
2463 3513 2747 3583 ἐπίθηται,
2805 3513 3034 3582 γυμνοῖς
3068 3512 3165 3562 καὶ
3198 3507 3534 3581 ᾑμαγμένοις
3568 3504 3664 3563 τοίς
3692 3499 3751 3562 ξί-

2227 3625 2357 3678 φεσι
2389 3607 2480 3660 διά
2523 3607 2626 3676 τῆς
2685 3606 2895 3676 ἀγορᾶς
2937 3604 3248 3666 διελθόντες
3299 3601 3591 3670 ἀνέδραμον
3615 3593 3682 3654 είς
3704 3591 3750 3642 τὸ

2227 3699 2596 3764 Καπιτώλιον,
2657 3700 2778 3754 ἐκεῖ
2832 3715 2892 3750 τε
2931 3697 3031 3768 τὴν
3076 3696 3297 3767 ἡμέραν
3341 3698 3433 3748 καὶ
3489 3691 3579 3759 τὴν
3613 3684 3748 3738 νύκτα

2225 3793 2507 3862 διήγαγον.
2558 3792 2617 3844 '0
2645 3791 2703 3844 δέ
2732 3788 2989 3852 Λέπδος,
3022 3790 3081 3841 ἐν
3107 3788 3190 3858 τῷ
3235 3783 3569 3856 στρατοπέδῳ
3599 3775 3747 3848 μαθὼν

2227 3886 2298 3939 τὰ
2327 3884 2696 3954 γεγενημένα,
2723 3881 2920 3944 νυκτὸς
2953 3882 3051 3935 σὺν
3075 3883 3194 3944 τοῖς
3225 3876 3574 3950 στρατιώταις
3621 3866 3749 3922 κατέ-

2227 3979 2384 4043 λασε,
2413 3977 2512 4031 καὶ
2531 3977 2674 4031 κατὰ
2701 3974 2811 4028 τῶν
2846 3973 3106 4042 σφαγέων
3131 3970 3486 4044 ἐδημηγόρει.
3517 3962 3747 4020 Ἀντώνιος

2227 4073 2310 4137 δὲ,
2326 4069 2420 4125 τοῦ
2441 4069 2719 4138 Καίσαρος
2745 4067 3147 4138 ἀναιρεθέντος,
3170 4065 3428 4135 φυσηθεὶς
3455 4055 3658 4129 ἐκρύϐη*
3679 4053 3748 4105 τιν

2229 4166 2287 4219 δέ
2303 4163 2532 4218 Λέπιδον
2548 4161 2775 4215 ἐλθόντα
2804 4160 2992 4231 μαθὼν
3021 4163 3112 4214 καὶ
3135 4161 3266 4223 τοὺς
3295 4158 3471 4227 φονεῖς
3493 4155 3568 4216 είς
3584 4153 3634 4203 τὸ
3656 4148 3745 4200 Ka-

2229 4255 2488 4311 πιτώλιον
2508 4255 2690 4319 ὄντας,
2713 4253 2998 4324 θαρρήσας
3019 4251 3238 4322 ἐξῆλθε,
3270 4252 3360 4304 καί
3386 4249 3482 4318 τὴν
3509 4242 3748 4314 γερουσίαν

2232 4353 2499 4424 ἁθροίσας
2526 4351 2724 4420 ὡμίλει
2768 4351 2932 4420 αὐτῇ,
2954 4350 3050 4402 καὶ
3069 4348 3300 4418 γνώμας
3332 4344 3508 4414 εἰσῆγε
3548 4339 3664 4408 πρὸς
3691 4334 3742 4384 τὶ

2231 4447 2525 4518 γενόμενα.
2569 4445 2630 4499 ὐ
2650 4444 2708 4499 δὲ
2741 4444 2997 4514 Κικέρων
3021 4443 3418 4514 δημηγορήσας
3459 4437 3625 4490 ἔπεισε
3645 4427 3748 4479 πάν-

557 4524 944 4580 rcscindenda.
977 4525 1072 4580 llis
1106 4526 1424 4580 rationibus
1451 4527 1694 4592 adducti,
1715 4527 1960 4582 omnium
1987 4527 2116 4600 inju-

2235 4559 2333 4606 τας
2373 4539 2448 4610 μὴ
2475 4537 2842 4610 μνησικακεῖν
2867 4535 3143 4604 ἀλλήλοις,
3175 4534 3310 4588 ἀλλὰ
3334 4532 3432 4585 κᾶν
3454 4543 3586 4582 τισιν
3606 4520 3746 4610 ήμ-άρο

559 4619 768 4672 riarum
794 4614 1132 4673 oblivionem
1169 4618 1560 4675 decreverunt.
1600 4621 1964 4678 l’ercussores
1994 4639 2123 4679 vero

558 4707 628 4762 de
659 4709 931 4779 Capitolio
979 4711 1148 4765 verba
1201 4711 1492 4776 iacientes,
1550 4715 1821 4770 militibus
1873 4717 2139 4785 promise-

560 4809 712 4865 runt,
744 4817 802 4856 se
829 4803 978 4856 nuila
1009 4801 1245 4858 Cassaris
1276 4815 1397 4860 acta
1439 4807 1790 4872 rescissuros,
1815 4823 1994 4878 neque
2016 4810 2140 4864 cui-

561 4907 726 4960 quam
775 4894 1075 4962 quidquam
1126 4893 1196 4949 ab
1248 4895 1344 4949 iilo
1380 4897 1568 4950 datum
1607 4909 1918 4968 erepturos.
1981 4901 2140 4955 Sedi-

564 4991 714 5036 tione
746 4983 848 5038 hoc
883 4985 1046 5040 modo
1082 4987 1412 5056 compesita,
1467 5003 1575 5041 non
1614 4989 1767 5058 prius
1802 5005 1832 5043 e
1866 4989 2140 5058 Capitolio

563 5076 989 5142 descenderunt,
1019 5094 1180 5148 quam
1215 5079 1388 5132 lilium
1415 5072 1612 5148 Lepidi
1639 5091 1694 5135 et
1729 5081 1954 5136 Antonii
1983 5084 2138 5138 obsi-

563 5164 665 5220 des
694 5169 1056 5236 accepissent.
1089 5169 1299 5225 Deinde
1346 5188 1472 5226 cum
1515 5173 1656 5226 lecto
1688 5173 1920 5228 Cmsaris
1968 5185 2136 5230 testa-

565 5266 759 5312 tnento
831 5261 1069 5329 populus
1135 5262 1530 5334 cognovisset,
1589 5264 1878 5319 Octavium
1943 5265 2014 5319 ab
2071 5281 2138 5320 eo

565 5349 882 5420 adoptatum
915 5368 1058 5420 esse,
1092 5364 1148 5410 et
1180 5354 1498 5424 reipublicze
1526 5371 1776 5420 munera,
1829 5366 1886 5411 et
1923 5357 2132 5411 viritim

2235 4607 2396 4704 τηταί
2425 4607 2501 4697 τι,
2530 4607 2877 4701 παρόψεσθαι
2915 4628 3100 4690 τοῦτο,
3127 4628 3218 4682 ἵνα
3246 4626 3319 4697 μὴ
3371 4620 3608 4692 ἐμςρύλιος
3627 4607 3746 4708 αὖθις

2235 4702 2464 4794 γένηται
2501 4722 2738 4790 πόλεμος
2783 4720 2878 4773 καὶ
2916 4718 3026 4772 τῶν
3062 4719 3293 4772 πολιτῶν
3322 4713 3530 4780 ὄλεθρος
3569 4702 3742 4794 mrax-

2239 4793 2419 4886 λήλων
2479 4813 2810 4882 ὀλλυμένων,
2839 4809 3139 4880 ὁμονοῆσαι
3200 4808 3256 4861 δι
3304 4801 3584 4876 ὁμοφύλους
3620 4793 3744 4884 ana.-

2244 4907 2339 4961 καὶ
2374 4907 2678 4974 συγγενεῖς.
2709 4904 2817 4957 Ka‘t
2848 4901 3145 4973 προσέθετο
3183 4902 3292 4953 δεῖν
3320 4899 3410 4950 καὶ
3436 4894 3498 4946 τὰ
3523 4889 3649 4984 παρὰ

2244 4998 2525 5068 Καίσαρος
2585 4996 2898 5067 πραχθέντα
2926 4994 3038 5046 εἴτε
3071 4995 3130 5047 ἐν
3165 4991 3389 5063 δωρεαῖς
3418 4987 3451 5058 ἢ
3479 4979 3638 5050 τιμαῖς
3661 4979 3740 5022 εἷεν

2245 5090 2280 5160 ἢ
2305 5091 2361 5142 ἐν
2388 5090 2580 5160 ἀρχαῖς
2632 5088 2882 5156 φυλάξαι,
2908 5088 3003 5141 καὶ
3029 5089 3104 5158 μή
3130 5106 3182 5141 τι
3207 5085 3403 5139 τούτων
3427 5076 3742 5160 πολυπραζμξ·

2246 5151 2500 5251 θῆττα-’ξι
2553 5151 2878 5250 ἀνατρέψαι.
2918 5151 3237 5242 ιιεισθέντες
3285 5174 3374 5230 οὖν
3416 5163 3549 5234 αύτῴ
3586 5151 3741 5252 Αμηδιξὶ

2251 5269 2616 5340 μνησικακεῖν
2669 5269 3027 5338 ἐψηφίσαντο.
3082 5269 3196 5323 Kal
3247 5267 3294 5320 οί
3348 5257 3555 5330 σφαγεῖς
3580 5248 3627 5301 δὲ
3657 5252 3740 5340 τξιῖ

2247 5356 2605 5429 στρατιώταις
2659 5357 2976 5428 ὁμιλοῦντες
3024 5359 3090 5412 ἐκ
3127 5358 3220 5413 τοῦ
3260 5345 3579 5412 Καπιτωλίου
3612 5329 3739 5408 μηδὲν

1714 5470 1919 5532 γει-ἰῶ
1961 5471 2270 5536 lectiones
2315 5482 2373 5535 et
2422 5483 2613 5535 notae.

640 5585 762 5660 (7i),
788 5587 1134 5660 Tilgriixnr
1185 5587 1374 5660 αὑτοῦ
1399 5589 1674 5657 ὀμνύναι.
1735 5590 1840 5645 Per
1868 5593 2140 5660 [ormnem

568 5659 818 5734 t_.:esaris,
853 5657 1084 5734 ll'oltius
1116 5658 1280 5711 vertit
1312 5676 1334 5734 :_
1383 5660 1581 5734 melius
1612 5661 1752 5715 forte
1784 5657 1877 5726 per
1912 5667 2148 5734 genium,

571 5726 640 5799 de
689 5743 795 5799 qua
856 5728 1090 5799 formula
1143 5728 1518 5799 consulendus
1581 5747 1691 5799 pra:
1723 5726 1936 5786 caeteris
1983 5726 2140 5789 .lnan.

576 5796 732 5864 Bapt.
757 5797 1138 5852 llanseniusin
1167 5798 1264 5852 lib.
1303 5797 1378 5851 De
1416 5796 1798 5868 jurejdrando,
1832 5820 1950 5868 rap.
1986 5807 2068 5860 15.

2321 5593 2436 5661 (72)
2466 5591 2568 5646 Διά
2615 5610 2678 5646 τε
2721 5593 2911 5646 αὐτὸν
2970 5594 3245 5650 Ἰούλιον.
3277 5593 3362 5647 Sic
3404 5569 3735 5661 mss.“WolliI2

2253 5641 2546 5734 legendum
2586 5673 2795 5726 censet,
2827 5665 2918 5717 διά
2942 5682 3000 5718 τε
3035 5668 3197 5720 αὑτὸν
3243 5664 3329 5717 τὸν
3357 5651 3646 5734 Ιςουῖντίλιον
3669 5641 3734 5689 τὸν

2257 5726 2401 5802 μῆνα
2437 5734 2656 5786 Ἰούλιον
2686 5736 3160 5805 προσηγόρευσαν.
3187 5738 3352 5804 Atque
3382 5730 3448 5783 ita
3472 5726 3623 5778 vertit.
