3896 6566
561 423 666 487 843

1827 425 2068 490 JOANN
2081 428 2148 488 [S
2189 427 2510 488 ZONAR/E
3673 444 3757 508 8H

553 555 769 595 amnem
805 540 1272 611 praeterﬂuentem
1305 549 1532 612 propter
1565 541 1850 596 cusmdias
1880 543 2120 612 trajicerr

2243 543 2749 613 ὲμπεπιστεύκασι.
2811 546 2998 602 Ταῦτα
3047 548 3235 617 μαθὼν
3268 549 3294 601 6
3342 551 3609 618 Ἀντώνιος
3662 561 3762 623 τοὺς

555 641 934 702 nonpossent,
967 641 1024 687 et
1061 633 1128 688 de
1161 648 1257 687 sua
1295 633 1588 703 przescntia
1646 649 1790 686 eum-
1831 635 2128 689 certiorem

552 725 757 780 factum
799 735 1090 796 cuperent,
1123 742 1190 782 ex
1219 726 1508 782 altissimis
1556 726 1853 784 arboribus
1885 728 1934 782 ei
1975 729 2128 798 signa

552 816 846 880 dederunt,
874 816 1035 888 437
1059 816 1276 871 llamma
1306 817 1448 872 elata
1493 834 1506 870 :
1543 833 1664 887 quae
1701 833 1826 872 cum
1882 835 1990 873 non
2043 820 2130 873 in-

555 909 850 981 telligcret,
885 911 1101 964 laminae
1129 910 1341 980 plumbi
1377 909 1694 966 tenuissimi
1744 911 1876 981 quid
1925 912 2134 968 vellent

551 1003 973 1071 inscripserunt,
1001 1017 1234 1071 eamque
1278 1002 1486 1058 charta:
1542 1003 1719 1058 instar
1773 1007 2128 1068 convolutum

549 1093 788 1148 natatori
825 1092 1214 1162 perferendam
1241 1094 1540 1150 dederunt.
1582 1095 1673 1150 Sic
1700 1097 1958 1152 Decimus
1991 1115 2131 1166 prte-

549 1186 724 1240 sentia
751 1202 945 1240 eorum
973 1187 1216 1256 cegnita,
1255 1188 1452 1244 eodem
1485 1189 1595 1244 illis
1617 1193 1778 1244 modo
1815 1191 2126 1261 rescripsit.

546 1276 718 1344 Quem
761 1292 886 1332 cum
929 1279 1204 1335 Antonius
1246 1280 1384 1334 nihil
1427 1279 1626 1336 cedere
1676 1281 1909 1348 viderit,
1957 1281 2128 1337 Lucio

548 1370 716 1424 fratre
742 1370 809 1424 ad
848 1371 1195 1427 obsidionem
1260 1373 1476 1436 relicto,
1538 1383 1732 1428 c0utra
1763 1373 2036 1430 Caesarem
2070 1385 2128 1431 et

547 1460 787 1518 Hirtium
845 1471 929 1517 est
981 1463 1282 1534 profectus.
1329 1464 1407 1519 Ac
1456 1465 1694 1535 primum
1749 1480 1906 1536 arqui)
1956 1465 2126 1520 Marte

545 1564 818 1610 certatum
845 1566 929 1611 est
956 1575 969 1611 :
1001 1557 1224 1614 tandem
1256 1558 1434 1613 victor
1463 1557 1757 1621 Antonius,
1789 1567 1956 1613 noctu
1985 1558 2124 1613 clam

545 1655 740 1702 contra
773 1647 999 1704 Junium
1035 1665 1200 1721 quem
1227 1651 1677 1722 appmpinquare
1711 1659 1989 1712 senserat,
2021 1649 2125 1703 du-

545 1737 650 1805 cit,
681 1754 922 1810 eumque
949 1755 1050 1811 per
1081 1741 1313 1796 insidias
1362 1742 1634 1804 vulnerat,
1681 1741 1973 1795 maximam
2005 1741 2131 1812 ejus

546 1833 786 1887 militum
810 1843 1020 1904 partem
1056 1835 1239 1899 caedit,
1277 1835 1521 1904 reliquos
1568 1834 1621 1888 itt
1657 1834 1803 1888 vallo
1853 1832 2075 1890 obsidet
2106 1850 2122 1889 :

2246 635 2345 703 μὲν
2372 637 2508 706 πρὸς
2543 637 2707 690 αὑτὸν
2740 639 3042 702 σταλέντας
3075 639 3438 705 ἐξωνείδισεν·
3476 647 3763 716 άντιστείλας

2241 729 2270 781 δ
2285 730 2298 748 ’
2319 730 2536 801 ἑτέρους
2555 729 2652 801 τὴν
2670 731 2852 785 αἰτίαν
2871 733 2966 786 τοῦ
2985 733 3222 804 πολέμου
3257 735 3327 790 δι’
3358 731 3434 795 ὧν
3454 739 3763 810 προετείνετο,

2241 821 2322 884 είς
2361 824 2488 884 τοὺς
2543 822 2666 875 κατ’
2708 824 2876 880 αὑτοῦ
2930 824 3352 897 ψηφισαμένους
3410 829 3764 901 ἀντιπεριίστα.

2241 916 2303 968 Οἱ
2337 915 2383 969 δ’
2411 918 2471 968 ἐν
2493 919 2561 986 τῇ
2607 917 2799 991 Ῥώμῃ
2845 919 3108 988 πολέμιον
3169 917 3332 986 αὖθις
3384 922 3474 976 τὸν
3531 924 3767 983 Ἀντώνιον

2239 1004 2590 1074 ἑψηφίσαντο,
2653 1007 2747 1059 καὶ
2794 1006 2922 1070 τοὺς
2968 1008 3120 1074 αὺτῷ
3167 1012 3701 1079 συστρατευομένους,
3730 1020 3767 1068 εἰ
3851 1055 3853 1064 ι

2241 1096 2316 1166 μὴ
2358 1097 2520 1155 aut)»
2561 1099 2942 1167 καταλίποιεν,
2996 1101 3193 1171 ἑτέραν
3267 1103 3478 1174 ἡμέραν
3525 1105 3597 1168 είς
3643 1106 3767 1160 τοῦτο

2237 1187 2421 1251 αὐτοῖς
2447 1191 2791 1260 ὁρισάμενοι.
2836 1192 2894 1244 '0
2936 1191 2993 1252 δὲ
3019 1192 3332 1263 ἐπολιόρκει
3379 1194 3466 1247 τὸν
3506 1197 3766 1265 Αέκιμονὲν

2236 1278 2302 1346 τῇ
2331 1277 2596 1350 Μουτίνῃ,
2624 1279 2686 1337 οὺ
2721 1281 2914 1349 μέντοι
2947 1280 3110 1350 λόγου
3140 1299 3199 1336 τι
3225 1283 3592 1356 κατώρθωσεν
3629 1287 3764 1354 ἀξιον.

2248 1367 2306 1420 '0
2336 1370 2568 1444 Δέκιμος
2616 1370 2671 1424 δὲ
2705 1372 2922 1440 πρῶτον
2985 1373 3085 1444 μὲν
3149 1376 3390 1446 ἰσχυρῶς
3446 1377 3661 1446 ἠμύνετο
3698 1381 3766 1432 τὸν

2247 1460 2555 1524 Ἀντώνιον,
2609 1460 2804 1522 ἔπειτα
2879 1465 3160 1529 παντελῶς
3223 1467 3592 1538 ἀπετειχίσθη.
3615 1471 3765 1533 Δείσας

2233 1547 2326 1606 οὖν
2351 1554 2379 1606 6
2411 1553 2628 1624 Καῖσαρ
2667 1554 2740 1624 μὴ
2827 1554 2978 1626 ἁλῴη
3017 1558 3049 1628 ἢ
3083 1558 3291 1628 ἀπορίᾳ
3333 1559 3440 1611 τῶν
3499 1562 3764 1632 ἐπιτηδείων

2233 1643 2430 1715 ἐνδοίη,
2471 1645 2568 1697 σύν
2592 1662 2654 1717 γε
2684 1647 2762 1716 τῷ
2798 1645 2976 1718 ἰρτίῳ
3000 1650 3416 1720 ἐπεστράτευσε
3449 1651 3575 1720 πρὸς
3603 1653 3765 1714 Μουτί-

2233 1755 2356 1806 νην.
2393 1738 2498 1790 Τὸν
2535 1738 2592 1791 δὲ
2626 1737 2765 1810 πρὸς
2815 1740 2954 1812 αὐτῇ
3014 1743 3262 1810 ποταμὸν
3303 1743 3657 1813 περαιωθῆναι
3687 1747 3763 1798 οὐκ

2233 1829 2580 1902 ἠδυνήθησαν
2613 1831 2702 1884 διὰ
2726 1831 2826 1902 τὴν
2867 1834 2927 1886 ἐν
2958 1832 3108 1904 αὐτῷ
3159 1835 3431 1906 φρουράν.
3483 1835 3763 1899 Σπεύδοντες

543 1934 602 1980 et
636 1935 828 1981 contra
856 1925 1151 1994 Caesarem,
1186 1927 1449 1993 Hirtium,
1483 1937 1540 1982 et
1576 1936 1808 1982 caeteros
1843 1927 2120 1991 converti-

2227 1922 2283 1977 δὲ
2310 1924 2410 1993 τὴν
2440 1924 2653 1976 ἑαυτῶν
2688 1925 2998 1994 παρουσίαν
3020 1925 3100 1998 τῷ
3126 1928 3351 1998 Δεκίμῳ
3390 1929 3652 1998 γνωρίσαι,
3677 1927 3762 1980 67.6

548 2027 656 2070 tur.
710 2018 914 2072 Verum
968 2018 1185 2074 Hirtius
1233 2034 1361 2073 eum
1389 2026 1445 2072 et
1475 2018 1542 2072 de
1571 2018 1657 2072 via
1693 2024 1749 2073 et
1782 2033 1964 2088 pugna
2012 2016 2120 2073 fes-

2227 2016 2333 2072 τῶν
2382 2016 2740 2087 ὑψηλοτάτων
2803 2019 3039 2089 δένδρων
3100 2019 3504 2092 ὲφρυκτὼρουν.
3555 2019 3631 2082 Ὠς
3655 2020 3761 2072 δὀὐ

544 2125 689 2174 sum,
721 2126 788 2166 ex
819 2110 1117 2182 improviso
1159 2127 1474 2182 aggressus,
1502 2111 1704 2169 illustri
1757 2111 1990 2168 victoria
2023 2125 2120 2165 su—

2227 2108 2418 2169 συνίει,
2458 2109 2718 2179 μολίϐδου
2781 2111 2976 2164 λεπτὸν
3031 2113 3176 2181 ἄγαν
3211 2114 3534 2183 ποιήσαντες
3568 2113 3758 2183 ἔλασμα,

543 2204 778 2272 ρει-ανῆ.
2223 2202 2475 2277 ἔγραψαν
2502 2205 2559 2254 εν
2591 2202 2765 2275 αὐτῷ,
2808 2205 2900 2258 καὶ
2930 2204 3004 2270 ὡς
3065 2206 3279 2277 χάρτην
3309 2206 3466 2260 τοῦτο
3515 2206 3758 2270 ἐλίξαντες,

543 2298 862 2372 κολυ;,.6ητῇ
894 2299 1195 2372 διενεγκεῖν
1219 2301 1452 2356 ἔδωκαν.
1496 2301 1610 2355 Καὶ
1635 2297 1864 2362 οὖτωςὸ
1934 2300 2169 2370 Δέκιμος
2204 2297 2305 2369 τὴν
2373 2299 2679 2369 παρουσίαν
2727 2299 2910 2355 αὐτῶν
2943 2300 3156 2372 μαθὼν,
3211 2303 3578 2357 ἀντεπέστειλε
3640 2301 3758 2370 σφίσι

542 2395 631 2447 τὸν
662 2395 826 2450 αὐτὸν
853 2397 1075 2466 τρόπον.
1121 2398 1181 2452 ’0
1213 2397 1307 2451 οὖν
1354 2395 1639 2460 ’Δντώνιος
1712 2395 1856 2468 δρῶν
1911 2394 2013 2448 οὐκ
2081 2395 2361 2448 ἐνδιδόντα
2432 2395 2524 2449 τὸν
2581 2398 2836 2468 Δέκιμον,
2893 2398 3106 2468 ἐκείνῳ.
3144 2400 3240 2455 τὸν
3271 2401 3497 2470 ἀδελφὸν
3546 2401 3756 2456 κατέλιπε

542 2485 800 2554 Λούκιον,
833 2491 996 2556 αὐτὸς
1026 2493 1072 2546 δ’
1103 2491 1196 2546 ἐπὶ
1228 2492 1319 2545 τδν
1352 2490 1610 2562 Καίσαρα
1653 2491 1748 2541 καὶ
1794 2488 1889 2542 τὸν
1919 2489 2121 2560 Ἵρτιον
2160 2491 2409 2561 ὥρμησε.
2475 2492 2585 2546 Καὶ
2656 2493 2924 2564 πρότερον
2979 2493 3077 2564 μὲν
3111 2495 3390 2559 ίσοπαλείς
3437 2496 3649 2564 ἐγίνοντο
3673 2495 3756 2564 μά·

543 2599 658 2655 χαι,
710 2585 982 2658 ὑπερέσχε
1037 2587 1081 2641 δ’
1145 2587 1376 2656 ὕστερον
1429 2588 1458 2642 6
1546 2586 1861 2651 Ἀντώνιος·
1925 2588 2021 2644 καὶ
2071 2585 2163 2639 τὸν
2219 2586 2439 2641 Ἰούνιον
2509 2588 2834 2658 αἰσθόμενος
2911 2587 3309 2660 πλησιάζοντα,
3366 2591 3542 2662 ἀπῆρε
3615 2591 3757 2655 λαθὼν

543 2679 736 2741 νυκτὸς
772 2680 859 2732 ἐπ’
893 2680 1078 2744 αὐτὸν,
1115 2681 1210 2734 καὶ
1269 2679 1597 2751 ἐνεδρεύσας
1649 2681 1813 2734 αὐτόν
1861 2697 1921 2733 τε
2010 2679 2326 2749 κατέτρωσε
2387 2679 2483 2732 καὶ
2543 2681 2650 2736 τῶν
2713 2681 3066 2752 στρατιωτῶν
3096 2683 3223 2746 τοὺς
3247 2683 3462 2748 πλείους
3484 2685 3751 2739 άπέκτεινε³

542 2775 668 2836 τοὺς
706 2773 762 2826 δέ
827 2789 890 2842 γε
944 2773 1166 2836 λοιποὺς
1221 2772 1574 2826 κατέκλεισεν
1616 2773 1698 2835 είς
1726 2773 1787 2826 τὸ
1814 2773 2129 2842 τάφρευμα,
2169 2771 2264 2824 καὶ
2331 2771 2470 2842 πρὸς
2531 2775 2620 2826 τὸν
2658 2774 2911 2844 Καίσαρα
2952 2773 3210 2842 καὶιτοὺς
3281 2777 3472 2840 ἄλλους
3519 2778 3754 2849 ἐτράπετο.

544 2866 654 2920 Καί
683 2867 785 2920 οίὸ
827 2866 1029 2938 Ἵρτιος
1082 2867 1194 2918 κάκ
1254 2868 1352 2932 τῆς
1401 2865 1629 2936 πορείας
1683 2864 1778 2918 καὶ
1828 2865 1924 2934 τῆς
1976 2863 2158 2935 μάχης
2228 2865 2565 2935 πεπονηκότι
2637 2865 2984 2930 ἀνελπίστως
3055 2869 3381 2941 ἀπαντησας
3445 2870 3569 2924 πολὺ
3626 2873 3753 2943 ἐκρα-

540 2976 699 3030 τησε.

613 3056 728 3112 XV.
747 3057 824 3112 Ea
840 3055 995 3112 clade
1014 3053 1238 3110 Antonii
1267 3054 1506 3125 cognita,
1533 3062 1757 3108 senatus
1779 3063 1834 3110 et
1857 3051 2117 3115 Hirtium,

2304 3049 2404 3103 lE'.
2429 3049 2542 3118 Τὴν
2572 3048 2620 3101 δ’
2649 3044 2820 3118 ἧτταν
2848 3047 2942 3101 τοῦ
2982 3049 3272 3104 Ἀντωνίου
3311 3051 3597 3122 μαθοῦσαὴ
3624 3053 3750 3124 βουλὴ

544 3163 602 3211 et
657 3152 909 3215 Juniutn,
967 3158 1023 3204 et
1055 3147 1325 3203 Cursarem
1383 3145 1746 3215 imperatores
1797 3145 2115 3214 appellavit,

2227 3142 2637 3213 αὐτοκράτορας
2685 3142 2777 3194 τόν
2818 3159 2877 3194 τε
2930 3142 3136 3213 Ἵρτιον
3171 3144 3270 3202 καὶ
3313 3145 3404 3197 τὸν
3445 3144 3639 3198 Ἰούνιον
3679 3147 3750 3197 καὶ

541 3244 796 3318 quamvis
828 3243 1027 3298 Junius
1077 3255 1192 3294 rem
1249 3237 1389 3293 male
1439 3239 1722 3309 gessisset,
1759 3236 1938 3292 Czesar
1987 3250 2118 3290 vero

2227 3237 2317 3290 τὸν
2369 3236 2627 3304 Καίσαρα
2676 3233 2992 3302 ὠνόμασαν,
3051 3236 3237 3289 καίτοι
3279 3236 3374 3298 τοῦ
3422 3237 3517 3307 μὲν
3576 3237 3747 3290 Ἰουνίου

541 3310 651 3395 non
681 3343 997 3409 pugnasset,
1035 3333 1104 3388 ab
1139 3330 1315 3387 llirtio
1354 3331 1421 3386 ad
1471 3341 1778 3386 castrorum
1807 3329 2116 3384 custodiam

2227 3327 2413 3392 κακῶς
2438 3326 2872 3390 ἀπαλλάξαντος,
2907 3326 3190 3397 Καίσαρος
3230 3329 3288 3381 δὲ
3322 3328 3454 3400 μηδὲ
3491 3310 3749 3399 μαχεσαμέ-

543 3433 791 3487 relictus.
828 3428 918 3484 Sic
941 3425 1212 3481 Antonius
1237 3423 1551 3479 succubuit.
1585 3421 1691 3477 Sed
1727 3430 1784 3475 et
1825 3421 1890 3475 T.
1927 3420 2121 3476 Muna-

546 3526 657 3581 tius
709 3524 943 3578 Plancus
993 3519 1242 3589 ejusdem
1298 3515 1580 3579 factionis,
1612 3514 1866 3570 ai‘ontio
1922 3513 2119 3582 Aquila

543 3617 751 3673 Decimi
787 3617 966 3686 legato
1017 3615 1196 3666 victus
1229 3620 1333 3665 est.
1370 3609 1647 3664 Antonius
1700 3607 1957 3662 alienatis
1995 3621 2028 3661 a
2059 3621 2119 3660 se

513 3709 782 3765 .militum
817 3705 1042 3770 animis,
1076 3711 1132 3758 et
1181 3701 1399 3772 populis
1434 3699 1769 3770 quibusdam
1823 3698 1926 3752 sibi
1968 3698 2122 3767 prius

541 3800 778 3856 addictis
812 3795 1302 3859 tumultuantibus,
1331 3793 1584 3852 territus,
1614 3790 1683 3845 ad
1713 3801 1932 3860 tempus
1961 3789 2120 3860 quie-

541 3897 619 3951 vit
651 3913 665 3949 :
700 3894 794 3953 sed
830 3892 1109 3946 nonnullis
1149 3905 1178 3944 a
1208 3886 1418 3958 Lepido
1453 3885 1631 3954 capiis
1658 3891 1876 3949 auctus,
1909 3883 2120 3952 recepit

541 3989 824 4049 animum,
890 3985 1187 4054 subitaque
1245 3980 1539 4050 eruptione
1590 3976 1756 4041 facta,
1809 3984 1867 4030 et
1932 3974 2120 4030 multis

543 4083 802 4151 utrinque
845 4077 1022 4140 czesis,
1075 4074 1416 4146 proﬂigatus,
1467 4073 1650 4142 fugam
1705 4069 1871 4140 cepit.
1930 4069 2120 4138 Itaque

540 4181 766 4230 senatus
797 4171 944 4225 illius
969 4169 1122 4222 clade
1148 4168 1329 4229 laetus,
1361 4179 1557 4219 omnes
1592 4162 1684 4232 qui
1716 4176 1841 4221 cum
1872 4175 1936 4216 eo
1967 4159 2118 4215 fece-

541 4272 687 4327 rant,
729 4263 922 4316 hostes
945 4257 1237 4329 judicavit,
1270 4267 1380 4310 tam
1409 4256 1652 4323 ipsorum
1686 4264 1852 4320 quam
1888 4247 2118 4312 Antonii

543 4355 704 4411 bonis
727 4351 1046 4423 publicatis.
1077 4348 1352 4404 Caesarem
1400 4358 1534 4400 vero
1563 4358 1666 4398 nec
1694 4342 1896 4411 insigni
1932 4341 2118 4412 aliquo

543 4450 754 4504 honore
820 4445 1152 4502 aﬂ'eceruut,
1220 4449 1276 4494 et
1329 4452 1582 4509 premere
1624 4445 1755 4495 sunt
1803 4434 2008 4499 conati,
2053 4433 2120 4494 iis

543 4538 804 4598 omnibus
841 4551 962 4606 qua:
1002 4549 1062 4588 se
1091 4539 1455 4602 accepturum
1512 4527 1794 4600 sperabat,
1855 4527 1909 4581 in
1961 4524 2120 4588 Deci-

2224 3439 2339 3475 vou.
2395 3420 2522 3474 Ἐπὶ
2570 3419 2680 3488 γὰρ
2709 3422 2774 3490 τῇ
2806 3417 2900 3484 τοῦ
2932 3419 3310 3488 στρατοπέδου
3359 3418 3630 3488 κατέμεινε
3675 3436 3747 3485 φυ-

2223 3513 2387 3584 λακῇ,
2421 3511 2516 3566 τοῦ
2558 3511 2757 3582 Ἱρτίου
2786 3511 2928 3564 κατὰ
2969 3511 3064 3564 τοῦ
3119 3511 3416 3564 Ἀντωνίου
3447 3512 3748 3581 ὁρμήσαντος.

2223 3606 2384 3660 Οὕτω
2440 3606 2538 3676 μὲν
2593 3603 2688 3658 οὖν
2738 3606 2766 3658 6
2804 3604 3088 3666 ’Δντώνιος
3118 3605 3350 3675 ἥττητο.
3387 3606 3491 3657 Καὶ
3538 3605 3672 3664 Τῖτος
3708 3600 3748 3653 δὲ

2222 3697 2530 3759 Μουνάτιος
2564 3696 2812 3763 Πλάγκος
2839 3695 2949 3749 τῶν
3015 3696 3314 3749 Ἀντωνίου
3359 3696 3434 3748 ὢν
3468 3695 3552 3748 καὶ
3588 3692 3749 3758 Ποντίῳ

2236 3791 2442 3860 ’Δκύλᾳ
2467 3787 2543 3858 τῷ
2582 3788 2804 3859 Δεκίμῳ
2836 3787 3348 3858 ὑποστρατηγοῦντι
3385 3783 3746 3858 προσπολεμῶν,

2222 3882 2472 3952 ἐνικήθη.
2507 3881 2818 3934 Κὰντεῦθεν
2848 3881 2984 3934 οἵτε
3015 3879 3110 3932 τοῦ
3160 3879 3448 3933 Ἀντωνίου
3473 3877 3748 3949 στρατιῶται

2221 3976 2320 4044 οὐχ
2346 3974 2421 4038 ὡς
2446 3973 2638 4045 πρώην
2685 3973 2951 4026 διέκειντο
2987 3971 3122 4044 πρὸς
3164 3973 3355 4038 αὑτὸν,
3399 3971 3490 4026 καί
3522 3987 3646 4032 τινες
3668 3970 3748 4021 τὼν

2222 4065 2374 4138 αύτῷ
2425 4067 2842 4136 προσκειμένων
2896 4065 3089 4135 δήμων
3129 4066 3401 4138 πρότερον
3457 4061 3744 4124 ἐστασίαζον.

2233 4160 2292 4211 ὐ
2316 4158 2372 4212 δὲ
2402 4158 2538 4220 τέως
2572 4158 2671 4226 μὲν
2707 4159 3130 4230 κατεπέπληκτο
3163 4159 3261 4214 καὶ
3293 4155 3550 4231 ἡσύχαζεν
3573 4171 3586 4186 ·
3614 4154 3675 4216 ὡς
3703 4149 3746 4203 δέ

2219 4267 2304 4311 τις
2333 4251 2398 4304 ὲκ
2424 4249 2519 4303 τυῦ
2555 4249 2790 4308 Λεπίδου
2836 4250 3069 4320 δύναμις
3107 4251 3262 4322 αὑτῷ
3315 4253 3637 4324 παρεγένετο,
3673 4245 3745 4300 καὶ

2215 4340 2592 4413 ἀνεθάρσησεν
2615 4344 2708 4398 καὶ
2753 4342 3028 4410 αίφνιδίαν
3067 4345 3420 4417 έπεκδρομὴν
3463 4343 3744 4413 ἐποιήσατο·

2222 4433 2386 4503 φόνου
2431 4431 2488 4486 δὲ
2539 4432 2599 4500 ἐξ
2648 4434 2854 4503 ἀμφοῖν
2901 4435 3012 4488 τῶν
3047 4437 3470 4506 στρατευμάτων
3499 4434 3742 4503 γενομένου

2221 4524 2442 4599 πολλοῦ,
2478 4525 2708 4595 τραπεὶς
2752 4524 2975 4593 ἔφυγεν.
3019 4525 3086 4580 Ἦ
3125 4529 3182 4588 δὲ
3217 4530 3500 4600 γερουσία,
3543 4528 3599 4579 τὰ
3634 4539 3740 4594 πρα-

543 4646 691 4686 mum
714 4627 952 4685 collatis.
984 4626 1062 4686 Ac
1097 4638 1167 4678 ne
1203 4621 1531 4676 malefacere
1565 4627 1778 4692 posset,
1825 4616 2113 4688 magistra-

2227 4619 2418 4690 χθέντα
2446 4617 2711 4688 μαθοῦσα,
2748 4621 2813 4694 τῇ
2850 4619 2948 4688 μὲν
2977 4620 3114 4691 ἥττῃ
3143 4621 3238 4674 τοῦ
3280 4624 3549 4676 Ἀντωνίου
3573 4620 3738 4690 ἔχαιρε.

543 4736 630 4780 tus
697 4720 942 4778 inimicis
1008 4717 1131 4788 ejus
1189 4715 1581 4776 decreverunt,
1638 4709 1806 4770 Sexto
1855 4708 2117 4780 Pompeio

545 4815 736 4871 classis
765 4812 1025 4884 przet'ecto
1078 4809 1385 4879 designato,
1447 4805 1519 4860 Μ.
1570 4805 1739 4864 Bruto
1775 4801 2116 4869 Macedonia,

543 4909 733 4964 Cassio
779 4905 934 4978 Syria
969 4913 1026 4958 et
1056 4902 1201 4956 bello
1233 4908 1427 4956 contra
1461 4895 1800 4952 Dolabellam
1831 4894 2116 4950 mandato.

546 5001 614 5056 Ut
647 5007 832 5053 autem
862 4995 1096 5050 Ctesaris
1125 4993 1328 5047 milites
1353 4991 1498 5044 inter
1527 5002 1650 5043 sese
1676 4989 2115 5050 committerent,

542 5093 684 5146 alios
727 5087 1050 5150 laudarunt,
1093 5083 1343 5155 pecuniis
1372 5090 1430 5137 et
1460 5079 1686 5136 coronis
1719 5077 1988 5149 oleaginis
2018 5076 2118 5132 da-

544 5183 614 5237 tis
654 5199 667 5234 :
710 5177 833 5234 aliis
865 5176 998 5230 nihil
1039 5175 1375 5229 tribuerunt.
1426 5173 1630 5227 Verum
1665 5170 1896 5225 Caesaris
1956 5168 2118 5224 indu-

543 5271 678 5329 stria
698 5269 926 5330 factum,
953 5273 1010 5319 at
1035 5264 1399 5322 nihilominus
1427 5265 1570 5318 inter
1609 5276 1668 5316 se
1700 5259 2110 5316 consentirent.

542 5362 664 5428 Quo
693 5359 879 5413 Romae
910 5355 1153 5427 cognito,
1210 5371 1280 5411 ne
1332 5355 1414 5412 sic
1458 5352 1685 5423 quidem
1739 5351 2114 5414 consulatum,

540 5454 638 5509 sed
671 5453 810 5508 alios
834 5449 885 5505 ei
923 5448 1164 5502 honores
1195 5447 1586 5502 decreverunt.
1629 5443 1780 5514 Quos
1807 5455 2116 5511 aspernan-

541 5559 674 5611 tem,
718 5554 1012 5616 primorem
1063 5540 1232 5616 4,98
1275 5541 1539 5610 primum,
1576 5535 1778 5592 deinde
1828 5533 2112 5589 consulem

537 5643 814 5697 fecerunt.
845 5639 923 5694 Ac
954 5636 1030 5690 illi
1079 5636 1302 5706 quidem
1355 5633 1631 5689 Caesarem
1679 5643 1781 5700 pro
1831 5642 2004 5698 puero
2060 5635 2117 5682 et

538 5731 976 5798 adolescentulo,
1017 5730 1178 5784 sicuti
1235 5728 1399 5798 vulgo
1451 5722 1859 5795 appellabatur,
1905 5727 2111 5774 tracta-

536 5825 673 5879 bant
704 5841 716 5876 :
752 5824 840 5878 ille
868 5836 994 5876 vero
1019 5835 1144 5876 cum
1178 5830 1400 5881 ctetera,
1434 5826 1548 5869 tum
1583 5813 1744 5884 pueri
1782 5810 2113 5881 appellatio-

535 5933 661 5976 nem
679 5931 822 5989 πει-ο
849 5916 1056 5980 ferens,
1079 5912 1146 5967 ad
1171 5926 1320 5970 alma
1355 5921 1682 5970 conversus,
1707 5905 1844 5960 clam
1875 5903 1942 5957 de
1973 5918 2108 5976 pace

2220 4710 2345 4773 τοὺς
2378 4710 2433 4763 δὲ
2470 4709 2619 4779 αὖτῷ
2670 4712 3159 4776 συνεξετασθέντας
3210 4715 3496 4784 πολεμίους
3534 4713 3739 4779 ἀπέφηνε

2223 4801 2452 4865 πάντας,
2476 4801 2571 4854 καὶ
2596 4799 2696 4864 τὰς
2720 4801 2907 4864 οὐσίας
2934 4802 3114 4858 αὐτῶν
3146 4806 3240 4858 καὶ
3270 4809 3368 4874 τὴν
3392 4806 3584 4858 ἐκείνου
3612 4797 3739 4869 aest.

2219 4890 2363 4946 λετο.
2397 4891 2500 4943 Τὸν
2539 4891 2595 4944 δὲ
2640 4890 2893 4962 Καίσαρα
2922 4890 3046 4952 οὔτε
3093 4894 3237 4956 τινὸς
3273 4895 3501 4964 μεγάλου
3541 4891 3736 4960 ἠξίωσαν

2221 4984 2318 5036 καὶ
2351 4983 2644 5038 καταλύειν
2678 4986 3216 5058 προσεπεχείρηοαν,
3255 4987 3425 5040 πάντα
3460 4988 3549 5047 ὅσα
3571 4985 3735 5037 ἐκεῖνος

2221 5075 2414 5146 ἤλπιζε
2471 5075 2737 5146 λήψεσθαι
2795 5077 2873 5148 τῷ
2923 5078 3144 5150 Δεκίμῳ
3188 5080 3386 5142 δόντες.
3445 5078 3550 5138 Ἰνα
3589 5077 3636 5128 δὲ
3677 5070 3733 5140 μὴ

2218 5167 2421 5240 δυνηθῇ
2475 5187 2526 5222 τι
2577 5169 2775 5240 δρᾶσαι
2827 5171 3022 5238 κακὸν,
3070 5172 3198 5236 τοὺς
3258 5170 3478 5242 ἐχθροὺς
3519 5165 3648 5234 αὐτῷ
3689 5164 3732 5220 ἐς

2217 5260 2392 5330 ἀρχὰς
2447 5261 2829 5331 ἐψηφίσαντο,
2887 5263 2964 5332 τῷ
3026 5263 3127 5333 μιν
3186 5264 3449 5333 Πομπηιιρ
3491 5258 3645 5324 Σέξτῳ
3687 5252 3732 5302 τδ

2219 5352 2469 5405 ναυτικὸν
2498 5352 2844 5423 ἀναθέμενοι,
2876 5355 2953 5426 τῷ
2985 5355 3042 5408 δὲ
3081 5355 3298 5426 Βρούτῳ
3336 5354 3413 5424 τῷ
3442 5351 3630 5421 Μάρκῳ
3653 5350 3731 5412 τὴν

2217 5443 2577 5512 Μακεδονίαν,
2626 5447 2851 5516 Κασσίῳ
2898 5447 2954 5500 δὲ
2994 5448 3092 5519 τὴν
3129 5449 3328 5518 Συρίαν
3373 5446 3462 5500 καὶ
3501 5444 3581 5496 τὸν
3624 5438 3729 5508 πρὶς

2218 5535 2548 5591 Δολοὸέλλαν
2606 5538 2844 5608 πόλεμον
2904 5539 3318 5610 ἐπιτρέψαντες.
3382 5538 3511 5600 Τοὺς
3562 5535 3612 5587 δὲ
3654 5527 3726 5580 τοῦ

2220 5629 2498 5699 Καίσαρος
2526 5629 2867 5700 στρατιώτας
2904 5633 3264 5705 συγκρούσειν
3307 5631 3544 5702 ἀλλήλοις
3568 5621 3726 5680 αὐτοὺς

2221 5719 2630 5791 μηχανώμενοι.
2663 5722 2790 5785 τοὺς
2823 5723 2921 5793 μὲν
2951 5723 3227 5797 ἐπῄνεσαν
3271 5725 3363 5778 καὶ
3401 5718 3630 5791 χρήματα
3653 5709 3726 5764 καὶ

2219 5809 2513 5878 στεφάνους
2537 5811 2720 5874 αὐτοῖς
2755 5813 3033 5884 παρέσχον
3064 5815 3125 5879 ἐξ
3149 5813 3364 5876 ἐλαιῶν,
3391 5814 3494 5873 τοῖς
3533 5807 3573 5860 δ’
3605 5801 3727 5857 οὐδὲν

2217 5903 2571 5971 ἐψηφίσαντο.
2609 5902 2748 5956 Ἀλλ’
2780 5907 2976 5960 ἐκεῖνοι
3016 5909 3109 5961 καὶ⁵
3159 5907 3327 5968 οὕτως
3363 5902 3625 5973 ὼμονύονν,
3650 5889 3724 5944 τοῦ
