  <div class='ocr_page' id='page_1' title='image "/cluster/home/n/w/nwhite01/storage/ocr_20150623/134/hvd.32044019208289/447.png"; bbox 0 0 3748 6540; ppageno 0'>
   <div class='ocr_carea' id='block_1_1' title="bbox 424 292 526 352">
    <p class='ocr_par' dir='ltr' id='par_1_1' title="bbox 424 292 526 352">
     <span class='ocr_line' id='line_1_1' title="bbox 424 292 526 352; baseline 0.02 -2"><span class='ocrx_word' id='word_1_1' title='bbox 424 292 526 352; x_wconf 69' lang='lat'>3&#39;75</span> 
     </span>
    </p>
   </div>
   <div class='ocr_carea' id='block_1_2' title="bbox 425 497 2006 567">
    <p class='ocr_par' dir='ltr' id='par_1_2' title="bbox 425 497 2006 567">
     <span class='ocr_line' id='line_1_2' title="bbox 425 497 2006 567; baseline 0.004 -18"><span class='ocrx_word' id='word_1_2' title='bbox 425 498 614 567; x_wconf 64' lang='lat' dir='ltr'><strong>praelio</strong></span> <span class='ocrx_word' id='word_1_3' title='bbox 658 497 858 554; x_wconf 84' lang='lat' dir='ltr'><strong>Sextus</strong></span> <span class='ocrx_word' id='word_1_4' title='bbox 919 499 1222 554; x_wconf 75' lang='lat' dir='ltr'>Messanam</span> <span class='ocrx_word' id='word_1_5' title='bbox 1269 501 1528 557; x_wconf 79' lang='lat' dir='ltr'>celeriter</span> <span class='ocrx_word' id='word_1_6' title='bbox 1584 516 1859 566; x_wconf 86' lang='lat' dir='ltr'><strong>reversus,</strong></span> <span class='ocrx_word' id='word_1_7' title='bbox 1913 516 2006 556; x_wconf 91' lang='lat' dir='ltr'><strong>co-</strong></span> 
     </span>
    </p>
   </div>
   <div class='ocr_carea' id='block_1_3' title="bbox 423 590 2002 665">
    <p class='ocr_par' dir='ltr' id='par_1_3' title="bbox 423 590 2002 665">
     <span class='ocr_line' id='line_1_3' title="bbox 423 590 2002 665; baseline 0.001 -19"><span class='ocrx_word' id='word_1_8' title='bbox 423 590 578 660; x_wconf 77' lang='lat' dir='ltr'><strong>gnito</strong></span> <span class='ocrx_word' id='word_1_9' title='bbox 603 590 831 648; x_wconf 63' lang='lat' dir='ltr'><strong>Caesaris</strong></span> <span class='ocrx_word' id='word_1_10' title='bbox 867 594 1095 664; x_wconf 88' lang='lat' dir='ltr'><strong>trajectu</strong></span> <span class='ocrx_word' id='word_1_11' title='bbox 1126 633 1141 659; x_wconf 92' lang='lat'>,</span> <span class='ocrx_word' id='word_1_12' title='bbox 1178 602 1322 648; x_wconf 87' lang='lat' dir='ltr'><strong>terra</strong></span> <span class='ocrx_word' id='word_1_13' title='bbox 1371 609 1498 649; x_wconf 91' lang='lat' dir='ltr'>eum</span> <span class='ocrx_word' id='word_1_14' title='bbox 1529 609 1820 665; x_wconf 80' lang='lat' dir='ltr'>aggressus</span> <span class='ocrx_word' id='word_1_15' title='bbox 1867 606 1951 650; x_wconf 90' lang='lat' dir='ltr'>est</span> <span class='ocrx_word' id='word_1_16' title='bbox 1989 613 2002 648; x_wconf 91' lang='lat'><strong>:</strong></span> 
     </span>
    </p>
   </div>
   <div class='ocr_carea' id='block_1_4' title="bbox 425 684 2003 757">
    <p class='ocr_par' dir='ltr' id='par_1_4' title="bbox 425 684 2003 757">
     <span class='ocr_line' id='line_1_4' title="bbox 425 684 2003 757; baseline 0.002 -21"><span class='ocrx_word' id='word_1_17' title='bbox 425 684 520 753; x_wconf 88' lang='lat' dir='ltr'>qni</span> <span class='ocrx_word' id='word_1_18' title='bbox 569 685 765 740; x_wconf 80' lang='lat' dir='ltr'>classis</span> <span class='ocrx_word' id='word_1_19' title='bbox 807 687 1045 741; x_wconf 86' lang='lat' dir='ltr'><strong>maxima</strong></span> <span class='ocrx_word' id='word_1_20' title='bbox 1103 694 1259 756; x_wconf 82' lang='lat' dir='ltr'><strong>parte</strong></span> <span class='ocrx_word' id='word_1_21' title='bbox 1319 688 1538 753; x_wconf 85' lang='lat' dir='ltr'><strong>amissa,</strong></span> <span class='ocrx_word' id='word_1_22' title='bbox 1598 688 2003 757; x_wconf 81' lang='lat' dir='ltr'>propemodum</span> 
     </span>
    </p>
   </div>
   <div class='ocr_carea' id='block_1_5' title="bbox 427 775 2004 846">
    <p class='ocr_par' dir='ltr' id='par_1_5' title="bbox 427 775 2004 846">
     <span class='ocr_line' id='line_1_5' title="bbox 427 775 2004 846; baseline 0.001 -18"><span class='ocrx_word' id='word_1_23' title='bbox 427 775 546 844; x_wconf 87' lang='lat' dir='ltr'><strong>ipse</strong></span> <span class='ocrx_word' id='word_1_24' title='bbox 579 791 800 845; x_wconf 64' lang='lat' dir='ltr'><strong>quoque</strong></span> <span class='ocrx_word' id='word_1_25' title='bbox 855 776 1149 846; x_wconf 84' lang='lat' dir='ltr'><strong>periisset,</strong></span> <span class='ocrx_word' id='word_1_26' title='bbox 1203 775 1298 830; x_wconf 87' lang='lat' dir='ltr'>sed</span> <span class='ocrx_word' id='word_1_27' title='bbox 1367 784 1482 829; x_wconf 93' lang='lat' dir='ltr'>tum</span> <span class='ocrx_word' id='word_1_28' title='bbox 1531 784 1686 830; x_wconf 85' lang='lat' dir='ltr'><strong>terra</strong></span> <span class='ocrx_word' id='word_1_29' title='bbox 1757 777 1936 830; x_wconf 88' lang='lat' dir='ltr'><strong>evasit</strong></span> <span class='ocrx_word' id='word_1_30' title='bbox 1988 792 2004 830; x_wconf 89' lang='lat'><strong>:</strong></span> 
     </span>
    </p>
   </div>
   <div class='ocr_carea' id='block_1_6' title="bbox 424 866 2005 938">
    <p class='ocr_par' dir='ltr' id='par_1_6' title="bbox 424 866 2005 938">
     <span class='ocr_line' id='line_1_6' title="bbox 424 866 2005 938; baseline -0.001 -16"><span class='ocrx_word' id='word_1_31' title='bbox 424 882 681 938; x_wconf 73' lang='lat' dir='ltr'><strong>aegreque</strong></span> <span class='ocrx_word' id='word_1_32' title='bbox 707 870 890 922; x_wconf 82' lang='lat' dir='ltr'><strong>ferens</strong></span> <span class='ocrx_word' id='word_1_33' title='bbox 924 867 1227 922; x_wconf 80' lang='lat' dir='ltr'><strong>exercitum</strong></span> <span class='ocrx_word' id='word_1_34' title='bbox 1262 866 1316 919; x_wconf 88' lang='lat' dir='ltr'>in</span> <span class='ocrx_word' id='word_1_35' title='bbox 1353 867 1534 921; x_wconf 86' lang='lat' dir='ltr'><strong>insula</strong></span> <span class='ocrx_word' id='word_1_36' title='bbox 1566 867 2005 922; x_wconf 86' lang='lat' dir='ltr'><strong>circumventum</strong></span> 
     </span>
    </p>
   </div>
   <div class='ocr_carea' id='block_1_7' title="bbox 425 959 2008 1029">
    <p class='ocr_par' dir='ltr' id='par_1_7' title="bbox 425 959 2008 1029">
     <span class='ocr_line' id='line_1_7' title="bbox 425 959 2008 1029; baseline 0.001 -17"><span class='ocrx_word' id='word_1_37' title='bbox 425 975 570 1024; x_wconf 78' lang='lat' dir='ltr'><strong>esse,</strong></span> <span class='ocrx_word' id='word_1_38' title='bbox 643 975 753 1014; x_wconf 92' lang='lat' dir='ltr'>non</span> <span class='ocrx_word' id='word_1_39' title='bbox 811 960 969 1029; x_wconf 88' lang='lat' dir='ltr'><strong>prius</strong></span> <span class='ocrx_word' id='word_1_40' title='bbox 1012 960 1222 1029; x_wconf 88' lang='lat' dir='ltr'><strong>recepit</strong></span> <span class='ocrx_word' id='word_1_41' title='bbox 1292 959 1558 1025; x_wconf 89' lang='lat' dir='ltr'><strong>animum,</strong></span> <span class='ocrx_word' id='word_1_42' title='bbox 1619 975 1781 1029; x_wconf 84' lang='lat' dir='ltr'><strong>quam</strong></span> <span class='ocrx_word' id='word_1_43' title='bbox 1839 959 2008 1029; x_wconf 86' lang='lat' dir='ltr'><strong>piscis</strong></span> 
     </span>
    </p>
   </div>
   <div class='ocr_carea' id='block_1_8' title="bbox 424 1051 2008 1122">
    <p class='ocr_par' dir='ltr' id='par_1_8' title="bbox 424 1051 2008 1122">
     <span class='ocr_line' id='line_1_8' title="bbox 424 1051 2008 1122; baseline -0.001 -15"><span class='ocrx_word' id='word_1_44' title='bbox 424 1055 568 1107; x_wconf 82' lang='lat' dir='ltr'><strong>saltu</strong></span> <span class='ocrx_word' id='word_1_45' title='bbox 604 1066 634 1107; x_wconf 79' lang='grc' dir='ltr'>ε</span> <span class='ocrx_word' id='word_1_46' title='bbox 670 1052 806 1107; x_wconf 83' lang='lat' dir='ltr'><strong>mari</strong></span> <span class='ocrx_word' id='word_1_47' title='bbox 856 1051 910 1105; x_wconf 92' lang='lat' dir='ltr'>in</span> <span class='ocrx_word' id='word_1_48' title='bbox 963 1061 1164 1107; x_wconf 84' lang='lat' dir='ltr'><strong>terram</strong></span> <span class='ocrx_word' id='word_1_49' title='bbox 1201 1051 1381 1119; x_wconf 82' lang='lat' dir='ltr'><strong>facto,</strong></span> <span class='ocrx_word' id='word_1_50' title='bbox 1428 1060 1623 1122; x_wconf 84' lang='lat' dir='ltr'><strong>sponte</strong></span> <span class='ocrx_word' id='word_1_51' title='bbox 1667 1059 1796 1107; x_wconf 86' lang='lat' dir='ltr'><strong>ante</strong></span> <span class='ocrx_word' id='word_1_52' title='bbox 1841 1052 2008 1121; x_wconf 84' lang='lat' dir='ltr'><strong>pedes</strong></span> 
     </span>
    </p>
   </div>
   <div class='ocr_carea' id='block_1_9' title="bbox 428 1142 2008 1214">
    <p class='ocr_par' dir='ltr' id='par_1_9' title="bbox 428 1142 2008 1214">
     <span class='ocr_line' id='line_1_9' title="bbox 428 1142 2008 1214; baseline -0.001 -19"><span class='ocrx_word' id='word_1_53' title='bbox 428 1145 550 1211; x_wconf 84' lang='lat' dir='ltr'><strong>ejus</strong></span> <span class='ocrx_word' id='word_1_54' title='bbox 600 1142 867 1197; x_wconf 89' lang='lat' dir='ltr'><strong>concidit.</strong></span> <span class='ocrx_word' id='word_1_55' title='bbox 927 1143 985 1198; x_wconf 88' lang='lat' dir='ltr'>ld</span> <span class='ocrx_word' id='word_1_56' title='bbox 1054 1145 1203 1198; x_wconf 88' lang='lat' dir='ltr'><strong>enim</strong></span> <span class='ocrx_word' id='word_1_57' title='bbox 1258 1151 1412 1197; x_wconf 89' lang='lat' dir='ltr'><strong>vates</strong></span> <span class='ocrx_word' id='word_1_58' title='bbox 1471 1142 2008 1214; x_wconf 88' lang='lat' dir='ltr'><strong>interpretabantur,</strong></span> 
     </span>
    </p>
   </div>
   <div class='ocr_carea' id='block_1_10' title="bbox 428 1237 2009 1307">
    <p class='ocr_par' dir='ltr' id='par_1_10' title="bbox 428 1237 2009 1307">
     <span class='ocr_line' id='line_1_10' title="bbox 428 1237 2009 1307; baseline 0 -19"><span class='ocrx_word' id='word_1_59' title='bbox 428 1237 545 1288; x_wconf 85' lang='lat' dir='ltr'><strong>t&#39;ere</strong></span> <span class='ocrx_word' id='word_1_60' title='bbox 578 1244 637 1288; x_wconf 92' lang='lat' dir='ltr'>ut</span> <span class='ocrx_word' id='word_1_61' title='bbox 669 1237 805 1290; x_wconf 89' lang='lat' dir='ltr'><strong>mari</strong></span> <span class='ocrx_word' id='word_1_62' title='bbox 835 1237 1130 1305; x_wconf 83' lang='lat' dir='ltr'><strong>potiretur.</strong></span> <span class='ocrx_word' id='word_1_63' title='bbox 1168 1237 1299 1307; x_wconf 84' lang='lat' dir='ltr'><strong>Ejus</strong></span> <span class='ocrx_word' id='word_1_64' title='bbox 1331 1253 1463 1291; x_wconf 88' lang='lat' dir='ltr'><strong>vero</strong></span> <span class='ocrx_word' id='word_1_65' title='bbox 1492 1237 1771 1291; x_wconf 86' lang='lat' dir='ltr'><strong>exercitus</strong></span> <span class='ocrx_word' id='word_1_66' title='bbox 1795 1251 1920 1290; x_wconf 89' lang='lat' dir='ltr'>cum</span> <span class='ocrx_word' id='word_1_67' title='bbox 1953 1243 2009 1289; x_wconf 93' lang='lat' dir='ltr'>et</span> 
     </span>
    </p>
   </div>
   <div class='ocr_carea' id='block_1_11' title="bbox 411 1327 2000 1396">
    <p class='ocr_par' dir='ltr' id='par_1_11' title="bbox 411 1327 2000 1396">
     <span class='ocr_line' id='line_1_11' title="bbox 411 1327 2000 1396; baseline -0.001 -16"><span class='ocrx_word' id='word_1_68' title='bbox 411 1327 795 1394; x_wconf 83' lang='lat' dir='ltr'><strong>obsideretur,</strong></span> <span class='ocrx_word' id='word_1_69' title='bbox 855 1339 912 1384; x_wconf 87' lang='lat' dir='ltr'>et</span> <span class='ocrx_word' id='word_1_70' title='bbox 961 1329 1222 1383; x_wconf 81' lang='lat' dir='ltr'><strong>alimenta</strong></span> <span class='ocrx_word' id='word_1_71' title='bbox 1277 1346 1385 1383; x_wconf 90' lang='lat' dir='ltr'>non</span> <span class='ocrx_word' id='word_1_72' title='bbox 1443 1329 1694 1394; x_wconf 77' lang='lat' dir='ltr'><strong>haberet,</strong></span> <span class='ocrx_word' id='word_1_73' title='bbox 1739 1337 1796 1382; x_wconf 91' lang='lat' dir='ltr'>et</span> <span class='ocrx_word' id='word_1_74' title='bbox 1842 1342 2000 1396; x_wconf 90' lang='lat' dir='ltr'><strong>opem</strong></span> 
     </span>
    </p>
   </div>
   <div class='ocr_carea' id='block_1_12' title="bbox 427 1421 2006 1493">
    <p class='ocr_par' dir='ltr' id='par_1_12' title="bbox 427 1421 2006 1493">
     <span class='ocr_line' id='line_1_12' title="bbox 427 1421 2006 1493; baseline -0.002 -19"><span class='ocrx_word' id='word_1_75' title='bbox 427 1423 598 1476; x_wconf 79' lang='lat' dir='ltr'><strong>ferret</strong></span> <span class='ocrx_word' id='word_1_76' title='bbox 630 1438 792 1476; x_wconf 88' lang='lat' dir='ltr'><strong>nemo</strong></span> <span class='ocrx_word' id='word_1_77' title='bbox 814 1463 828 1487; x_wconf 96' lang='lat'>,</span> <span class='ocrx_word' id='word_1_78' title='bbox 861 1421 1186 1478; x_wconf 72' lang='lat' dir='ltr'><strong>Corniﬁcius</strong></span> <span class='ocrx_word' id='word_1_79' title='bbox 1221 1423 1328 1476; x_wconf 85' lang='lat' dir='ltr'>dux</span> <span class='ocrx_word' id='word_1_80' title='bbox 1363 1423 1482 1493; x_wconf 85' lang='lat' dir='ltr'><strong>ejus</strong></span> <span class='ocrx_word' id='word_1_81' title='bbox 1519 1421 1748 1475; x_wconf 79' lang='lat' dir='ltr'><strong>navibus</strong></span> <span class='ocrx_word' id='word_1_82' title='bbox 1771 1435 1802 1474; x_wconf 91' lang='lat' dir='ltr'>e</span> <span class='ocrx_word' id='word_1_83' title='bbox 1827 1435 2006 1490; x_wconf 85' lang='lat' dir='ltr'><strong>pugna</strong></span> 
     </span>
    </p>
   </div>
   <div class='ocr_carea' id='block_1_13' title="bbox 423 1511 1986 1585">
    <p class='ocr_par' dir='ltr' id='par_1_13' title="bbox 423 1511 1986 1585">
     <span class='ocr_line' id='line_1_13' title="bbox 423 1511 1986 1585; baseline -0.001 -19"><span class='ocrx_word' id='word_1_84' title='bbox 423 1514 651 1583; x_wconf 76' lang='lat' dir='ltr'><strong>reliquis</strong></span> <span class='ocrx_word' id='word_1_85' title='bbox 688 1515 919 1578; x_wconf 80' lang='lat' dir='ltr'><strong>exustis,</strong></span> <span class='ocrx_word' id='word_1_86' title='bbox 949 1515 1062 1584; x_wconf 87' lang='lat' dir='ltr'><strong>ipse</strong></span> <span class='ocrx_word' id='word_1_87' title='bbox 1095 1530 1315 1585; x_wconf 88' lang='lat' dir='ltr'><strong>quoque</strong></span> <span class='ocrx_word' id='word_1_88' title='bbox 1347 1515 1412 1568; x_wconf 89' lang='lat' dir='ltr'>ad</span> <span class='ocrx_word' id='word_1_89' title='bbox 1442 1513 1606 1584; x_wconf 78' lang='lat' dir='ltr'><strong>Mylas</strong></span> <span class='ocrx_word' id='word_1_90' title='bbox 1637 1511 1870 1566; x_wconf 75' lang='lat' dir='ltr'><strong>abduxit</strong></span> <span class='ocrx_word' id='word_1_91' title='bbox 1896 1527 1986 1565; x_wconf 84' lang='lat' dir='ltr'><strong>co-</strong></span> 
     </span>
    </p>
   </div>
   <div class='ocr_carea' id='block_1_14' title="bbox 423 1603 2005 1676">
    <p class='ocr_par' dir='ltr' id='par_1_14' title="bbox 423 1603 2005 1676">
     <span class='ocr_line' id='line_1_14' title="bbox 423 1603 2005 1676; baseline -0.002 -17"><span class='ocrx_word' id='word_1_92' title='bbox 423 1607 565 1676; x_wconf 81' lang='lat' dir='ltr'><strong>pias,</strong></span> <span class='ocrx_word' id='word_1_93' title='bbox 599 1622 662 1661; x_wconf 89' lang='lat' dir='ltr'>ac</span> <span class='ocrx_word' id='word_1_94' title='bbox 691 1607 745 1661; x_wconf 91' lang='lat' dir='ltr'>in</span> <span class='ocrx_word' id='word_1_95' title='bbox 775 1608 973 1662; x_wconf 87' lang='lat' dir='ltr'><strong>itinere</strong></span> <span class='ocrx_word' id='word_1_96' title='bbox 1010 1609 1211 1662; x_wconf 88' lang='lat' dir='ltr'><strong>multas</strong></span> <span class='ocrx_word' id='word_1_97' title='bbox 1240 1608 1422 1663; x_wconf 88' lang='lat' dir='ltr'><strong>clades</strong></span> <span class='ocrx_word' id='word_1_98' title='bbox 1448 1605 1691 1674; x_wconf 86' lang='lat' dir='ltr'><strong>accepit,</strong></span> <span class='ocrx_word' id='word_1_99' title='bbox 1735 1605 1788 1658; x_wconf 91' lang='lat' dir='ltr'>in</span> <span class='ocrx_word' id='word_1_100' title='bbox 1822 1603 2005 1658; x_wconf 83' lang='lat' dir='ltr'><strong>ﬂumi—</strong></span> 
     </span>
    </p>
   </div>
   <div class='ocr_carea' id='block_1_15' title="bbox 422 1697 2000 1770">
    <p class='ocr_par' dir='ltr' id='par_1_15' title="bbox 422 1697 2000 1770">
     <span class='ocr_line' id='line_1_15' title="bbox 422 1697 2000 1770; baseline -0.001 -19"><span class='ocrx_word' id='word_1_101' title='bbox 422 1715 554 1753; x_wconf 89' lang='lat' dir='ltr'><strong>num</strong></span> <span class='ocrx_word' id='word_1_102' title='bbox 608 1702 846 1754; x_wconf 82' lang='lat' dir='ltr'><strong>transitu</strong></span> <span class='ocrx_word' id='word_1_103' title='bbox 896 1701 1264 1770; x_wconf 87' lang='lat' dir='ltr'><strong>potissimum,</strong></span> <span class='ocrx_word' id='word_1_104' title='bbox 1308 1701 1562 1754; x_wconf 78' lang='lat' dir='ltr'><strong>hostibus</strong></span> <span class='ocrx_word' id='word_1_105' title='bbox 1611 1708 1767 1769; x_wconf 82' lang='lat' dir='ltr'><strong>tergo</strong></span> <span class='ocrx_word' id='word_1_106' title='bbox 1825 1697 2000 1751; x_wconf 73' lang='lat' dir='ltr'><strong>inlite-</strong></span> 
     </span>
    </p>
   </div>
   <div class='ocr_carea' id='block_1_16' title="bbox 1657 293 3137 390">
    <p class='ocr_par' dir='ltr' id='par_1_16' title="bbox 1657 293 2346 359">
     <span class='ocr_line' id='line_1_16' title="bbox 1657 293 2346 359; baseline 0.003 -3"><span class='ocrx_word' id='word_1_107' title='bbox 1657 293 1786 356; x_wconf 77' lang='grc' dir='ltr'>ΙοΛ</span> <span class='ocrx_word' id='word_1_108' title='bbox 1800 293 1983 354; x_wconf 84' lang='lat' dir='ltr'>NNIS</span> <span class='ocrx_word' id='word_1_109' title='bbox 2025 295 2346 359; x_wconf 65' lang='lat' dir='ltr'>ZONARA!</span> 
     </span>
    </p>
   </div>
   <div class='ocr_carea' id='block_1_17' title="bbox 2123 293 3603 390">
    <p class='ocr_par' dir='ltr' id='par_1_17' title="bbox 2123 296 3603 390">
     <span class='ocr_line' id='line_1_17' title="bbox 2123 296 3603 390; baseline 0.001 -34"><span class='ocrx_word' id='word_1_110' title='bbox 2123 296 2346 359; x_wconf 62' lang='lat' dir='ltr'>Nam</span> <span class='ocrx_word' id='word_1_111' title='bbox 3525 327 3603 390; x_wconf 55' lang='grc' dir='ltr'>ετ,</span> 
     </span>
    </p>
   </div>
   <div class='ocr_carea' id='block_1_18' title="bbox 423 406 1903 491">
    <p class='ocr_par' dir='ltr' id='par_1_18' title="bbox 423 406 1903 479">
     <span class='ocr_line' id='line_1_18' title="bbox 423 406 1903 479; baseline 0.003 -20"><span class='ocrx_word' id='word_1_112' title='bbox 423 408 560 460; x_wconf 87' lang='lat' dir='ltr'><strong>citra</strong></span> <span class='ocrx_word' id='word_1_113' title='bbox 615 406 922 476; x_wconf 87' lang='lat' dir='ltr'><strong>periculum</strong></span> <span class='ocrx_word' id='word_1_114' title='bbox 981 407 1404 464; x_wconf 86' lang='lat' dir='ltr'><strong>&#39;l‘anrominium</strong></span> <span class='ocrx_word' id='word_1_115' title='bbox 1469 409 1704 479; x_wconf 81' lang='lat' dir='ltr'><strong>trajecit.</strong></span> <span class='ocrx_word' id='word_1_116' title='bbox 1775 408 1903 463; x_wconf 84' lang='lat' dir='ltr'><strong>Pera</strong></span> 
     </span>
    </p>
   </div>
   <div class='ocr_carea' id='block_1_19' title="bbox 1961 406 3441 491">
    <p class='ocr_par' dir='ltr' id='par_1_19' title="bbox 1961 409 3441 491">
     <span class='ocr_line' id='line_1_19' title="bbox 1961 409 3441 491; baseline 0.014 -29"><span class='ocrx_word' id='word_1_117' title='bbox 1961 419 2004 463; x_wconf 66' lang='grc' dir='ltr'>ιο</span> <span class='ocrx_word' id='word_1_118' title='bbox 2036 421 2075 474; x_wconf 76' lang='grc' dir='ltr'><strong>Α</strong></span> <span class='ocrx_word' id='word_1_119' title='bbox 2105 409 2218 466; x_wconf 72' lang='grc' dir='ltr'>οὔτ’</span> <span class='ocrx_word' id='word_1_120' title='bbox 2247 412 2548 486; x_wconf 75' lang='grc' dir='ltr'>ἀναχθῆναι</span> <span class='ocrx_word' id='word_1_121' title='bbox 2592 433 2674 480; x_wconf 87' lang='grc' dir='ltr'>τις</span> <span class='ocrx_word' id='word_1_122' title='bbox 2711 416 3000 488; x_wconf 74' lang='grc' dir='ltr'>ἠθέλησεν,</span> <span class='ocrx_word' id='word_1_123' title='bbox 3037 418 3316 491; x_wconf 73' lang='grc' dir='ltr'>ἐπανῆλθε,</span> <span class='ocrx_word' id='word_1_124' title='bbox 3360 429 3441 483; x_wconf 74' lang='grc' dir='ltr'>καὶ</span> 
     </span>
    </p>
   </div>
   <div class='ocr_carea' id='block_1_20' title="bbox 3477 451 3610 491">
    <p class='ocr_par' dir='ltr' id='par_1_20' title="bbox 3477 451 3610 491">
     <span class='ocr_line' id='line_1_20' title="bbox 3477 451 3610 491; baseline 0.008 -1"><span class='ocrx_word' id='word_1_125' title='bbox 3477 451 3610 491; x_wconf 71' lang='grc' dir='ltr'>παρε-</span> 
     </span>
    </p>
   </div>
   <div class='ocr_carea' id='block_1_21' title="bbox 2112 457 3616 582">
    <p class='ocr_par' dir='ltr' id='par_1_21' title="bbox 2112 457 3616 582">
     <span class='ocr_line' id='line_1_21' title="bbox 2112 457 3610 506; baseline 0.004 -20"><span class='ocrx_word' id='word_1_126' title='bbox 2112 457 2197 466; x_wconf 74' lang='grc'>’⁷⁷</span> <span class='ocrx_word' id='word_1_127' title='bbox 2247 457 2546 486; x_wconf 79' lang='grc' dir='ltr'>’“””Λ“’”ί⁷¹’“</span> <span class='ocrx_word' id='word_1_128' title='bbox 2602 457 2672 480; x_wconf 77' lang='lat' dir='ltr'>&quot;&#39;I</span> <span class='ocrx_word' id='word_1_129' title='bbox 2719 457 3000 488; x_wconf 64' lang='lat' dir='ltr'>&#39;t&quot;&quot;&#39;l&quot;‘&quot;r</span> <span class='ocrx_word' id='word_1_130' title='bbox 3037 457 3316 491; x_wconf 66' lang='grc' dir='ltr'>δι’-ινψιυε,</span> <span class='ocrx_word' id='word_1_131' title='bbox 3362 457 3442 483; x_wconf 66' lang='grc' dir='ltr'>και</span> <span class='ocrx_word' id='word_1_132' title='bbox 3477 457 3610 506; x_wconf 75' lang='grc' dir='ltr'>παρε-</span> 
     </span>
     <span class='ocr_line' id='line_1_22' title="bbox 2112 503 3616 582; baseline 0.009 -29"><span class='ocrx_word' id='word_1_133' title='bbox 2112 503 2413 567; x_wconf 78' lang='grc' dir='ltr'>σκευάζετο</span> <span class='ocrx_word' id='word_1_134' title='bbox 2449 505 2525 568; x_wconf 83' lang='grc' dir='ltr'>ὡς</span> <span class='ocrx_word' id='word_1_135' title='bbox 2573 506 2903 576; x_wconf 74' lang='grc' dir='ltr'>πολεμήσων</span> <span class='ocrx_word' id='word_1_136' title='bbox 2936 509 3000 578; x_wconf 78' lang='grc' dir='ltr'>τῇ</span> <span class='ocrx_word' id='word_1_137' title='bbox 3057 507 3296 582; x_wconf 77' lang='grc' dir='ltr'>ἐπιούσῃ.</span> <span class='ocrx_word' id='word_1_138' title='bbox 3327 516 3396 570; x_wconf 84' lang='grc' dir='ltr'>Τὰ</span> <span class='ocrx_word' id='word_1_139' title='bbox 3431 519 3463 572; x_wconf 84' lang='grc' dir='ltr'>δ’</span> <span class='ocrx_word' id='word_1_140' title='bbox 3509 526 3616 581; x_wconf 47' lang='lat' dir='ltr'>“at;</span> 
     </span>
    </p>
   </div>
   <div class='ocr_carea' id='block_1_22' title="bbox 2108 592 3615 672">
    <p class='ocr_par' dir='ltr' id='par_1_22' title="bbox 2108 592 3615 672">
     <span class='ocr_line' id='line_1_23' title="bbox 2108 592 3615 672; baseline 0.01 -28"><span class='ocrx_word' id='word_1_141' title='bbox 2108 593 2204 645; x_wconf 68' lang='grc' dir='ltr'>καὶ</span> <span class='ocrx_word' id='word_1_142' title='bbox 2243 592 2320 662; x_wconf 82' lang='grc' dir='ltr'>τῷ</span> <span class='ocrx_word' id='word_1_143' title='bbox 2350 595 2662 666; x_wconf 77' lang='grc' dir='ltr'>Δημοχάρει</span> <span class='ocrx_word' id='word_1_144' title='bbox 2708 595 3049 664; x_wconf 76' lang='grc' dir='ltr'>συμϐέϐηκε,</span> <span class='ocrx_word' id='word_1_145' title='bbox 3090 598 3179 650; x_wconf 73' lang='grc' dir='ltr'>καὶ</span> <span class='ocrx_word' id='word_1_146' title='bbox 3211 601 3502 672; x_wconf 73' lang='grc' dir='ltr'>ἡτοιμάζετο</span> <span class='ocrx_word' id='word_1_147' title='bbox 3541 619 3615 668; x_wconf 78' lang='grc' dir='ltr'>κά.</span> 
     </span>
    </p>
   </div>
   <div class='ocr_carea' id='block_1_23' title="bbox 2109 684 3619 760">
    <p class='ocr_par' dir='ltr' id='par_1_23' title="bbox 2109 684 3619 760">
     <span class='ocr_line' id='line_1_24' title="bbox 2109 684 3619 760; baseline 0.009 -22"><span class='ocrx_word' id='word_1_148' title='bbox 2109 685 2306 750; x_wconf 78' lang='grc' dir='ltr'>κεῖνος,</span> <span class='ocrx_word' id='word_1_149' title='bbox 2341 684 2416 750; x_wconf 86' lang='grc' dir='ltr'>ῶς</span> <span class='ocrx_word' id='word_1_150' title='bbox 2446 687 2557 749; x_wconf 78' lang='grc' dir='ltr'>τοῖς</span> <span class='ocrx_word' id='word_1_151' title='bbox 2601 686 2885 757; x_wconf 81' lang='grc' dir='ltr'>πολεμίοις</span> <span class='ocrx_word' id='word_1_152' title='bbox 2946 687 3382 759; x_wconf 85' lang='grc' dir='ltr'>ἐπελευσόμενος,</span> <span class='ocrx_word' id='word_1_153' title='bbox 3431 702 3513 754; x_wconf 71' lang='grc' dir='ltr'>καὶ</span> <span class='ocrx_word' id='word_1_154' title='bbox 3550 707 3619 760; x_wconf 61' lang='grc' dir='ltr'>τὸν</span> 
     </span>
    </p>
   </div>
   <div class='ocr_carea' id='block_1_24' title="bbox 2109 775 3618 859">
    <p class='ocr_par' dir='ltr' id='par_1_24' title="bbox 2109 775 3618 859">
     <span class='ocr_line' id='line_1_25' title="bbox 2109 775 3618 859; baseline 0.012 -33"><span class='ocrx_word' id='word_1_155' title='bbox 2109 775 2305 840; x_wconf 77' lang='grc' dir='ltr'>Σέξτον</span> <span class='ocrx_word' id='word_1_156' title='bbox 2338 777 2394 829; x_wconf 84' lang='grc' dir='ltr'>δέ</span> <span class='ocrx_word' id='word_1_157' title='bbox 2420 775 2834 847; x_wconf 80' lang='grc' dir='ltr'>μετεπέμψατο.</span> <span class='ocrx_word' id='word_1_158' title='bbox 2887 775 3103 848; x_wconf 78' lang='grc' dir='ltr'>Ἡμέρα</span> <span class='ocrx_word' id='word_1_159' title='bbox 3130 794 3189 831; x_wconf 85' lang='grc' dir='ltr'>τε</span> <span class='ocrx_word' id='word_1_160' title='bbox 3219 780 3312 850; x_wconf 80' lang='grc' dir='ltr'>ήδη</span> <span class='ocrx_word' id='word_1_161' title='bbox 3361 784 3618 859; x_wconf 80' lang='grc' dir='ltr'>ὑπέλαμπε,</span> 
     </span>
    </p>
   </div>
   <div class='ocr_carea' id='block_1_25' title="bbox 2110 864 3622 952">
    <p class='ocr_par' dir='ltr' id='par_1_25' title="bbox 2110 864 3622 952">
     <span class='ocr_line' id='line_1_26' title="bbox 2110 864 3622 952; baseline 0.011 -35"><span class='ocrx_word' id='word_1_162' title='bbox 2110 865 2207 918; x_wconf 76' lang='grc' dir='ltr'>καὶ</span> <span class='ocrx_word' id='word_1_163' title='bbox 2251 864 2419 935; x_wconf 81' lang='grc' dir='ltr'>ἄμφω</span> <span class='ocrx_word' id='word_1_164' title='bbox 2454 867 2524 918; x_wconf 74' lang='grc' dir='ltr'>τὰ</span> <span class='ocrx_word' id='word_1_165' title='bbox 2553 870 2784 920; x_wconf 87' lang='grc' dir='ltr'>ναυτικά</span> <span class='ocrx_word' id='word_1_166' title='bbox 2816 869 2905 920; x_wconf 88' lang='grc' dir='ltr'>ἐπ’</span> <span class='ocrx_word' id='word_1_167' title='bbox 2947 869 3154 938; x_wconf 86' lang='grc' dir='ltr'>ἀλληλα</span> <span class='ocrx_word' id='word_1_168' title='bbox 3197 870 3396 936; x_wconf 67' lang='grc' dir='ltr'>ἔπλεον,</span> <span class='ocrx_word' id='word_1_169' title='bbox 3428 869 3508 932; x_wconf 70' lang='grc' dir='ltr'>καὶ</span> <span class='ocrx_word' id='word_1_170' title='bbox 3543 882 3622 952; x_wconf 76' lang='grc' dir='ltr'>τῆς</span> 
     </span>
    </p>
   </div>
   <div class='ocr_carea' id='block_1_26' title="bbox 2111 958 3621 1043">
    <p class='ocr_par' dir='ltr' id='par_1_26' title="bbox 2111 958 3621 1043">
     <span class='ocr_line' id='line_1_27' title="bbox 2111 958 3621 1043; baseline 0.01 -34"><span class='ocrx_word' id='word_1_171' title='bbox 2111 958 2418 1028; x_wconf 79' lang='grc' dir='ltr'>ναυμαχίας</span> <span class='ocrx_word' id='word_1_172' title='bbox 2453 960 2794 1030; x_wconf 77' lang='grc' dir='ltr'>ἁπήρξαντο,</span> <span class='ocrx_word' id='word_1_173' title='bbox 2827 963 2925 1014; x_wconf 68' lang='grc' dir='ltr'>καὶ</span> <span class='ocrx_word' id='word_1_174' title='bbox 2954 962 3048 1013; x_wconf 65' lang='grc' dir='ltr'>ἐπὶ⁵</span> <span class='ocrx_word' id='word_1_175' title='bbox 3079 962 3322 1018; x_wconf 85' lang='grc' dir='ltr'>πλεῖστον</span> <span class='ocrx_word' id='word_1_176' title='bbox 3359 967 3449 1035; x_wconf 80' lang='grc' dir='ltr'>μὲν</span> <span class='ocrx_word' id='word_1_177' title='bbox 3477 972 3621 1043; x_wconf 82' lang='grc' dir='ltr'>ἀγχω-</span> 
     </span>
    </p>
   </div>
   <div class='ocr_carea' id='block_1_27' title="bbox 2115 1049 3620 1130">
    <p class='ocr_par' dir='ltr' id='par_1_27' title="bbox 2115 1049 3620 1130">
     <span class='ocr_line' id='line_1_28' title="bbox 2115 1049 3620 1130; baseline 0.011 -29"><span class='ocrx_word' id='word_1_178' title='bbox 2115 1049 2304 1118; x_wconf 89' lang='grc' dir='ltr'>μάλως</span> <span class='ocrx_word' id='word_1_179' title='bbox 2333 1052 2694 1120; x_wconf 72' lang='grc' dir='ltr'>ἠγωνίσαντο.</span> <span class='ocrx_word' id='word_1_180' title='bbox 2740 1053 2865 1124; x_wconf 66' lang='grc' dir='ltr'>Ὀψὲ</span> <span class='ocrx_word' id='word_1_181' title='bbox 2884 1055 2929 1108; x_wconf 83' lang='grc' dir='ltr'>δ’</span> <span class='ocrx_word' id='word_1_182' title='bbox 2951 1050 3046 1108; x_wconf 86' lang='grc' dir='ltr'>οὗν</span> <span class='ocrx_word' id='word_1_183' title='bbox 3065 1072 3194 1107; x_wconf 90' lang='grc' dir='ltr'>ποτε</span> <span class='ocrx_word' id='word_1_184' title='bbox 3229 1059 3320 1109; x_wconf 74' lang='grc' dir='ltr'>καὶ</span> <span class='ocrx_word' id='word_1_185' title='bbox 3346 1061 3466 1130; x_wconf 68' lang='grc' dir='ltr'>πρὸς</span> <span class='ocrx_word' id='word_1_186' title='bbox 3489 1065 3570 1117; x_wconf 86' lang='grc' dir='ltr'>νύκ</span> <span class='ocrx_word' id='word_1_187' title='bbox 3594 1086 3620 1120; x_wconf 89' lang='grc' dir='ltr'>α</span> 
     </span>
    </p>
   </div>
   <div class='ocr_carea' id='block_1_28' title="bbox 2109 1141 3622 1218">
    <p class='ocr_par' dir='ltr' id='par_1_28' title="bbox 2109 1141 3622 1218">
     <span class='ocr_line' id='line_1_29' title="bbox 2109 1141 3622 1218; baseline 0.009 -24"><span class='ocrx_word' id='word_1_188' title='bbox 2109 1141 2212 1213; x_wconf 76' lang='grc' dir='ltr'>ήδη</span> <span class='ocrx_word' id='word_1_189' title='bbox 2247 1144 2296 1194; x_wconf 73' lang='grc' dir='ltr'>οἱ</span> <span class='ocrx_word' id='word_1_190' title='bbox 2328 1141 2418 1196; x_wconf 84' lang='grc' dir='ltr'>τοῦ</span> <span class='ocrx_word' id='word_1_191' title='bbox 2451 1145 2728 1214; x_wconf 83' lang='grc' dir='ltr'>Καίσαρος</span> <span class='ocrx_word' id='word_1_192' title='bbox 2768 1147 3103 1218; x_wconf 78' lang='grc' dir='ltr'>ἐκράτησαν,</span> <span class='ocrx_word' id='word_1_193' title='bbox 3136 1147 3199 1201; x_wconf 76' lang='grc' dir='ltr'>οὐ</span> <span class='ocrx_word' id='word_1_194' title='bbox 3230 1149 3401 1217; x_wconf 84' lang='grc' dir='ltr'>μέντοι</span> <span class='ocrx_word' id='word_1_195' title='bbox 3429 1163 3510 1206; x_wconf 81' lang='grc' dir='ltr'>καὶ</span> <span class='ocrx_word' id='word_1_196' title='bbox 3530 1160 3622 1208; x_wconf 78' lang='grc' dir='ltr'>ἐπε-</span> 
     </span>
    </p>
   </div>
   <div class='ocr_carea' id='block_1_29' title="bbox 2109 1233 3622 1313">
    <p class='ocr_par' dir='ltr' id='par_1_29' title="bbox 2109 1233 3622 1313">
     <span class='ocr_line' id='line_1_30' title="bbox 2109 1233 3622 1313; baseline 0.007 -28"><span class='ocrx_word' id='word_1_197' title='bbox 2109 1233 2324 1300; x_wconf 80' lang='grc' dir='ltr'>δίωξαν.</span> <span class='ocrx_word' id='word_1_198' title='bbox 2355 1237 2570 1308; x_wconf 84' lang='grc' dir='ltr'>Καῖσαρ</span> <span class='ocrx_word' id='word_1_199' title='bbox 2609 1236 2696 1303; x_wconf 85' lang='grc' dir='ltr'>δὲ,</span> <span class='ocrx_word' id='word_1_200' title='bbox 2729 1237 2825 1291; x_wconf 74' lang='grc' dir='ltr'>τοῦ</span> <span class='ocrx_word' id='word_1_201' title='bbox 2854 1239 3049 1305; x_wconf 80' lang='grc' dir='ltr'>Σέξτου</span> <span class='ocrx_word' id='word_1_202' title='bbox 3074 1240 3137 1292; x_wconf 87' lang='grc' dir='ltr'>ἐκ</span> <span class='ocrx_word' id='word_1_203' title='bbox 3169 1240 3263 1309; x_wconf 75' lang='grc' dir='ltr'>τῆς</span> <span class='ocrx_word' id='word_1_204' title='bbox 3287 1242 3515 1313; x_wconf 77' lang='grc' dir='ltr'>Μεσήνης</span> <span class='ocrx_word' id='word_1_205' title='bbox 3556 1247 3622 1302; x_wconf 62' lang='grc' dir='ltr'>διὰ</span> 
     </span>
    </p>
   </div>
   <div class='ocr_carea' id='block_1_30' title="bbox 2109 1326 3622 1409">
    <p class='ocr_par' dir='ltr' id='par_1_30' title="bbox 2109 1326 3622 1409">
     <span class='ocr_line' id='line_1_31' title="bbox 2109 1326 3622 1409; baseline 0.009 -31"><span class='ocrx_word' id='word_1_206' title='bbox 2109 1326 2208 1396; x_wconf 83' lang='grc' dir='ltr'>τὴν</span> <span class='ocrx_word' id='word_1_207' title='bbox 2263 1329 2573 1398; x_wconf 86' lang='grc' dir='ltr'>ναυμαχίαν</span> <span class='ocrx_word' id='word_1_208' title='bbox 2624 1330 2962 1399; x_wconf 77' lang='grc' dir='ltr'>ἀπάραντος,</span> <span class='ocrx_word' id='word_1_209' title='bbox 3013 1331 3310 1395; x_wconf 74' lang='grc' dir='ltr'>ἀκινδύνως</span> <span class='ocrx_word' id='word_1_210' title='bbox 3369 1336 3622 1409; x_wconf 70' lang='grc' dir='ltr'>ἐπεραιώθη</span> 
     </span>
    </p>
   </div>
   <div class='ocr_carea' id='block_1_31' title="bbox 2112 1419 3623 1491">
    <p class='ocr_par' dir='ltr' id='par_1_31' title="bbox 2112 1419 3623 1491">
     <span class='ocr_line' id='line_1_32' title="bbox 2112 1419 3623 1491; baseline 0.007 -22"><span class='ocrx_word' id='word_1_211' title='bbox 2112 1419 2246 1486; x_wconf 75' lang='grc' dir='ltr'>προς</span> <span class='ocrx_word' id='word_1_212' title='bbox 2273 1419 2668 1490; x_wconf 80' lang='grc' dir='ltr'>Ταυρομένιον.</span> <span class='ocrx_word' id='word_1_213' title='bbox 2709 1419 2850 1491; x_wconf 83' lang='grc' dir='ltr'>Ἤδη</span> <span class='ocrx_word' id='word_1_214' title='bbox 2885 1421 2943 1474; x_wconf 69' lang='grc' dir='ltr'>δὲ</span> <span class='ocrx_word' id='word_1_215' title='bbox 2987 1420 3088 1490; x_wconf 78' lang='grc' dir='ltr'>’τῆς</span> <span class='ocrx_word' id='word_1_216' title='bbox 3122 1423 3417 1491; x_wconf 74' lang='grc' dir='ltr'>ναυμαχίας</span> <span class='ocrx_word' id='word_1_217' title='bbox 3447 1427 3623 1480; x_wconf 70' lang='lat' dir='ltr'><strong>mallei-</strong></span> 
     </span>
    </p>
   </div>
   <div class='ocr_carea' id='block_1_32' title="bbox 2113 1508 3624 1585">
    <p class='ocr_par' dir='ltr' id='par_1_32' title="bbox 2113 1508 3624 1585">
     <span class='ocr_line' id='line_1_33' title="bbox 2113 1508 3624 1585; baseline 0.01 -25"><span class='ocrx_word' id='word_1_218' title='bbox 2113 1525 2211 1578; x_wconf 86' lang='grc' dir='ltr'>σης</span> <span class='ocrx_word' id='word_1_219' title='bbox 2247 1508 2450 1580; x_wconf 75' lang='grc' dir='ltr'>σπουδῇ</span> <span class='ocrx_word' id='word_1_220' title='bbox 2481 1511 2619 1580; x_wconf 74' lang='grc' dir='ltr'>πρὸς</span> <span class='ocrx_word' id='word_1_221' title='bbox 2650 1511 2748 1583; x_wconf 73' lang='grc' dir='ltr'>τὴν</span> <span class='ocrx_word' id='word_1_222' title='bbox 2765 1513 3024 1584; x_wconf 78' lang='grc' dir='ltr'>Μεσήνην</span> <span class='ocrx_word' id='word_1_223' title='bbox 3054 1515 3082 1566; x_wconf 97' lang='lat'>6</span> <span class='ocrx_word' id='word_1_224' title='bbox 3107 1513 3293 1578; x_wconf 75' lang='grc' dir='ltr'>Σέξτος</span> <span class='ocrx_word' id='word_1_225' title='bbox 3315 1517 3532 1585; x_wconf 60' lang='grc' dir='ltr'>ἀςίκετο,</span> <span class='ocrx_word' id='word_1_226' title='bbox 3554 1525 3624 1575; x_wconf 74' lang='grc' dir='ltr'>καὶ</span> 
     </span>
    </p>
   </div>
   <div class='ocr_carea' id='block_1_33' title="bbox 2114 1601 3622 1686">
    <p class='ocr_par' dir='ltr' id='par_1_33' title="bbox 2114 1601 3622 1686">
     <span class='ocr_line' id='line_1_34' title="bbox 2114 1601 3622 1686; baseline 0.008 -33"><span class='ocrx_word' id='word_1_227' title='bbox 2114 1601 2300 1672; x_wconf 85' lang='grc' dir='ltr'>μαθὼν</span> <span class='ocrx_word' id='word_1_228' title='bbox 2337 1603 2714 1673; x_wconf 79' lang='grc' dir='ltr'>περαιωθέντα</span> <span class='ocrx_word' id='word_1_229' title='bbox 2749 1604 2840 1658; x_wconf 83' lang='grc' dir='ltr'>τὸν</span> <span class='ocrx_word' id='word_1_230' title='bbox 2870 1606 3150 1678; x_wconf 79' lang='grc' dir='ltr'>Καίσαρα,</span> <span class='ocrx_word' id='word_1_231' title='bbox 3183 1608 3488 1676; x_wconf 71' lang='grc' dir='ltr'>προσέμιξεν</span> <span class='ocrx_word' id='word_1_232' title='bbox 3512 1614 3622 1686; x_wconf 76' lang='grc' dir='ltr'>αὐτῷ</span> 
     </span>
    </p>
   </div>
   <div class='ocr_carea' id='block_1_34' title="bbox 2112 1696 3621 1771">
    <p class='ocr_par' dir='ltr' id='par_1_34' title="bbox 2112 1696 3621 1771">
     <span class='ocr_line' id='line_1_35' title="bbox 2112 1696 3621 1771; baseline 0.007 -23"><span class='ocrx_word' id='word_1_233' title='bbox 2112 1696 2252 1749; x_wconf 82' lang='grc' dir='ltr'>κατά</span> <span class='ocrx_word' id='word_1_234' title='bbox 2298 1697 2419 1768; x_wconf 78' lang='grc' dir='ltr'>γῆν.</span> <span class='ocrx_word' id='word_1_235' title='bbox 2447 1698 2555 1750; x_wconf 79' lang='grc' dir='ltr'>Καὶ</span> <span class='ocrx_word' id='word_1_236' title='bbox 2583 1699 2610 1750; x_wconf 93' lang='lat'>6</span> <span class='ocrx_word' id='word_1_237' title='bbox 2653 1700 2874 1771; x_wconf 81' lang='grc' dir='ltr'>Καῖσαρ</span> <span class='ocrx_word' id='word_1_238' title='bbox 2908 1699 3002 1752; x_wconf 75' lang='grc' dir='ltr'>τοῦ</span> <span class='ocrx_word' id='word_1_239' title='bbox 3037 1718 3097 1752; x_wconf 89' lang='grc' dir='ltr'>τε</span> <span class='ocrx_word' id='word_1_240' title='bbox 3130 1703 3381 1755; x_wconf 78' lang='grc' dir='ltr'>ναυτικοῦ</span> <span class='ocrx_word' id='word_1_241' title='bbox 3408 1704 3458 1755; x_wconf 86' lang='grc' dir='ltr'>τὸ</span> <span class='ocrx_word' id='word_1_242' title='bbox 3485 1704 3621 1759; x_wconf 77' lang='grc' dir='ltr'>πλεῖον</span> 
     </span>
    </p>
   </div>
   <div class='ocr_carea' id='block_1_35' title="bbox 424 1779 1904 1864">
    <p class='ocr_par' dir='ltr' id='par_1_35' title="bbox 424 1790 1904 1864">
     <span class='ocr_line' id='line_1_36' title="bbox 424 1790 1904 1864; baseline 0 -20"><span class='ocrx_word' id='word_1_243' title='bbox 424 1792 722 1847; x_wconf 86' lang='lat' dir='ltr'><strong>rentibus:</strong></span> <span class='ocrx_word' id='word_1_244' title='bbox 764 1793 929 1864; x_wconf 91' lang='lat' dir='ltr'><strong>idque</strong></span> <span class='ocrx_word' id='word_1_245' title='bbox 979 1810 1077 1864; x_wconf 90' lang='lat' dir='ltr'>per</span> <span class='ocrx_word' id='word_1_246' title='bbox 1139 1793 1381 1848; x_wconf 86' lang='lat' dir='ltr'><strong>triduum</strong></span> <span class='ocrx_word' id='word_1_247' title='bbox 1441 1792 1681 1846; x_wconf 88' lang='lat' dir='ltr'><strong>duravit.</strong></span> <span class='ocrx_word' id='word_1_248' title='bbox 1745 1790 1904 1844; x_wconf 84' lang='lat' dir='ltr'><strong>Extre</strong></span> 
     </span>
    </p>
   </div>
   <div class='ocr_carea' id='block_1_36' title="bbox 2141 1779 3621 1864">
    <p class='ocr_par' dir='ltr' id='par_1_36' title="bbox 2144 1789 3621 1864">
     <span class='ocr_line' id='line_1_37' title="bbox 2144 1789 3621 1864; baseline 0.007 -25"><span class='ocrx_word' id='word_1_249' title='bbox 2144 1789 2346 1842; x_wconf 78' lang='grc' dir='ltr'>πέόαλε</span> <span class='ocrx_word' id='word_1_250' title='bbox 2378 1789 2473 1844; x_wconf 76' lang='grc' dir='ltr'>καὶ</span> <span class='ocrx_word' id='word_1_251' title='bbox 2519 1791 2679 1854; x_wconf 75' lang='grc' dir='ltr'>αὐτος</span> <span class='ocrx_word' id='word_1_252' title='bbox 2727 1792 2907 1860; x_wconf 85' lang='grc' dir='ltr'>ὀλίγου</span> <span class='ocrx_word' id='word_1_253' title='bbox 2947 1793 3392 1864; x_wconf 72' lang='grc' dir='ltr'>προσδιεφθάρηο</span> <span class='ocrx_word' id='word_1_254' title='bbox 3440 1795 3553 1860; x_wconf 83' lang='grc' dir='ltr'>τέως</span> <span class='ocrx_word' id='word_1_255' title='bbox 3593 1798 3621 1850; x_wconf 81' lang='grc' dir='ltr'>δ’</span> 
     </span>
    </p>
   </div>
   <div class='ocr_carea' id='block_1_37' title="bbox 423 1881 1995 1952">
    <p class='ocr_par' dir='ltr' id='par_1_37' title="bbox 423 1881 1995 1952">
     <span class='ocr_line' id='line_1_38' title="bbox 423 1881 1995 1952; baseline 0.001 -17"><span class='ocrx_word' id='word_1_256' title='bbox 423 1900 559 1939; x_wconf 85' lang='lat' dir='ltr'><strong>vero</strong></span> <span class='ocrx_word' id='word_1_257' title='bbox 613 1886 700 1942; x_wconf 90' lang='lat' dir='ltr'>die</span> <span class='ocrx_word' id='word_1_258' title='bbox 736 1902 860 1941; x_wconf 89' lang='lat' dir='ltr'>cum</span> <span class='ocrx_word' id='word_1_259' title='bbox 908 1887 1106 1942; x_wconf 81' lang='lat' dir='ltr'><strong>Sextus</strong></span> <span class='ocrx_word' id='word_1_260' title='bbox 1143 1887 1307 1941; x_wconf 90' lang='lat' dir='ltr'><strong>etiam</strong></span> <span class='ocrx_word' id='word_1_261' title='bbox 1351 1885 1688 1946; x_wconf 83' lang='lat' dir='ltr'><strong>advenisset,</strong></span> <span class='ocrx_word' id='word_1_262' title='bbox 1746 1881 1995 1952; x_wconf 85' lang='lat' dir='ltr'><strong>undique</strong></span> 
     </span>
    </p>
   </div>
   <div class='ocr_carea' id='block_1_38' title="bbox 425 1975 2008 2048">
    <p class='ocr_par' dir='ltr' id='par_1_38' title="bbox 425 1975 2008 2048">
     <span class='ocr_line' id='line_1_39' title="bbox 425 1975 2008 2048; baseline 0.001 -20"><span class='ocrx_word' id='word_1_263' title='bbox 425 1977 605 2031; x_wconf 84' lang='lat' dir='ltr'><strong>vexati</strong></span> <span class='ocrx_word' id='word_1_264' title='bbox 655 1993 848 2034; x_wconf 91' lang='lat' dir='ltr'><strong>omnes</strong></span> <span class='ocrx_word' id='word_1_265' title='bbox 903 1979 1232 2048; x_wconf 83' lang='lat' dir='ltr'><strong>periissem,</strong></span> <span class='ocrx_word' id='word_1_266' title='bbox 1293 1978 1396 2034; x_wconf 89' lang='lat' dir='ltr'><strong>nisi</strong></span> <span class='ocrx_word' id='word_1_267' title='bbox 1444 1976 1765 2048; x_wconf 84' lang='lat' dir='ltr'><strong>Pompeiani</strong></span> <span class='ocrx_word' id='word_1_268' title='bbox 1831 1975 2008 2030; x_wconf 85' lang='lat' dir='ltr'><strong>coacti</strong></span> 
     </span>
    </p>
   </div>
   <div class='ocr_carea' id='block_1_39' title="bbox 421 2069 2007 2142">
    <p class='ocr_par' dir='ltr' id='par_1_39' title="bbox 421 2069 2007 2142">
     <span class='ocr_line' id='line_1_40' title="bbox 421 2069 2007 2142; baseline 0.001 -20"><span class='ocrx_word' id='word_1_269' title='bbox 421 2079 612 2123; x_wconf 87' lang='lat' dir='ltr'><strong>essent</strong></span> <span class='ocrx_word' id='word_1_270' title='bbox 665 2071 1028 2125; x_wconf 88' lang='lat' dir='ltr'><strong>retrocedere.</strong></span> <span class='ocrx_word' id='word_1_271' title='bbox 1076 2071 1312 2142; x_wconf 77' lang='lat' dir='ltr'><strong>Aggripa</strong></span> <span class='ocrx_word' id='word_1_272' title='bbox 1375 2071 1523 2125; x_wconf 90' lang='lat' dir='ltr'><strong>enim</strong></span> <span class='ocrx_word' id='word_1_273' title='bbox 1582 2069 1762 2124; x_wconf 86' lang='lat' dir='ltr'><strong>navali</strong></span> <span class='ocrx_word' id='word_1_274' title='bbox 1825 2085 2007 2140; x_wconf 84' lang='lat' dir='ltr'><strong>pugna</strong></span> 
     </span>
    </p>
   </div>
   <div class='ocr_carea' id='block_1_40' title="bbox 425 2160 2009 2232">
    <p class='ocr_par' dir='ltr' id='par_1_40' title="bbox 425 2160 2009 2232">
     <span class='ocr_line' id='line_1_41' title="bbox 425 2160 2009 2232; baseline 0.003 -21"><span class='ocrx_word' id='word_1_275' title='bbox 425 2160 623 2221; x_wconf 71' lang='lat' dir='ltr'><strong>vietor.</strong></span> <span class='ocrx_word' id='word_1_276' title='bbox 659 2161 902 2215; x_wconf 83' lang='lat' dir='ltr'><strong>Siciliam</strong></span> <span class='ocrx_word' id='word_1_277' title='bbox 937 2163 1220 2232; x_wconf 78' lang='lat' dir='ltr'><strong>ingressus</strong></span> <span class='ocrx_word' id='word_1_278' title='bbox 1241 2202 1256 2228; x_wconf 92' lang='lat'>,</span> <span class='ocrx_word' id='word_1_279' title='bbox 1287 2162 1555 2217; x_wconf 77' lang='lat' dir='ltr'><strong>exercitui</strong></span> <span class='ocrx_word' id='word_1_280' title='bbox 1585 2161 1924 2216; x_wconf 79' lang='lat' dir='ltr'><strong>frumentum</strong></span> <span class='ocrx_word' id='word_1_281' title='bbox 1953 2171 2009 2216; x_wconf 89' lang='lat' dir='ltr'>et</span> 
     </span>
    </p>
   </div>
   <div class='ocr_carea' id='block_1_41' title="bbox 422 2251 2009 2325">
    <p class='ocr_par' dir='ltr' id='par_1_41' title="bbox 422 2251 2009 2325">
     <span class='ocr_line' id='line_1_42' title="bbox 422 2251 2009 2325; baseline 0.001 -21"><span class='ocrx_word' id='word_1_282' title='bbox 422 2251 623 2306; x_wconf 86' lang='lat' dir='ltr'><strong>auxilia</strong></span> <span class='ocrx_word' id='word_1_283' title='bbox 670 2253 821 2306; x_wconf 89' lang='lat' dir='ltr'><strong>misit</strong></span> <span class='ocrx_word' id='word_1_284' title='bbox 874 2270 887 2307; x_wconf 93' lang='lat'><strong>:</strong></span> <span class='ocrx_word' id='word_1_285' title='bbox 946 2256 1104 2325; x_wconf 88' lang='lat' dir='ltr'><strong>cujus</strong></span> <span class='ocrx_word' id='word_1_286' title='bbox 1151 2253 1447 2308; x_wconf 81' lang='lat' dir='ltr'><strong>adventum</strong></span> <span class='ocrx_word' id='word_1_287' title='bbox 1495 2263 1748 2308; x_wconf 88' lang='lat' dir='ltr'><strong>metuens</strong></span> <span class='ocrx_word' id='word_1_288' title='bbox 1791 2251 2009 2316; x_wconf 83' lang='lat' dir='ltr'><strong>Sextus,</strong></span> 
     </span>
    </p>
   </div>
   <div class='ocr_carea' id='block_1_42' title="bbox 417 2345 2008 2417">
    <p class='ocr_par' dir='ltr' id='par_1_42' title="bbox 417 2345 2008 2417">
     <span class='ocr_line' id='line_1_43' title="bbox 417 2345 2008 2417; baseline 0.003 -21"><span class='ocrx_word' id='word_1_289' title='bbox 417 2354 570 2399; x_wconf 80' lang='lat' dir='ltr'><strong>tanta</strong></span> <span class='ocrx_word' id='word_1_290' title='bbox 614 2345 968 2402; x_wconf 82' lang='lat' dir='ltr'><strong>festinatione</strong></span> <span class='ocrx_word' id='word_1_291' title='bbox 1003 2349 1256 2413; x_wconf 85' lang='lat' dir='ltr'><strong>recessit,</strong></span> <span class='ocrx_word' id='word_1_292' title='bbox 1311 2357 1370 2402; x_wconf 92' lang='lat' dir='ltr'>ut</span> <span class='ocrx_word' id='word_1_293' title='bbox 1420 2347 1817 2417; x_wconf 86' lang='lat' dir='ltr'><strong>impedimenta</strong></span> <span class='ocrx_word' id='word_1_294' title='bbox 1861 2363 2008 2417; x_wconf 73' lang='lat' dir='ltr'><strong>qua:-</strong></span> 
     </span>
    </p>
   </div>
   <div class='ocr_carea' id='block_1_43' title="bbox 423 2436 2008 2508">
    <p class='ocr_par' dir='ltr' id='par_1_43' title="bbox 423 2436 2008 2508">
     <span class='ocr_line' id='line_1_44' title="bbox 423 2436 2008 2508; baseline 0.001 -19"><span class='ocrx_word' id='word_1_295' title='bbox 423 2436 547 2490; x_wconf 85' lang='lat' dir='ltr'>dam</span> <span class='ocrx_word' id='word_1_296' title='bbox 605 2445 661 2490; x_wconf 89' lang='lat' dir='ltr'>et</span> <span class='ocrx_word' id='word_1_297' title='bbox 733 2450 1105 2493; x_wconf 87' lang='lat' dir='ltr'><strong>commeatum</strong></span> <span class='ocrx_word' id='word_1_298' title='bbox 1153 2441 1205 2494; x_wconf 91' lang='lat' dir='ltr'>in</span> <span class='ocrx_word' id='word_1_299' title='bbox 1279 2439 1587 2494; x_wconf 88' lang='lat' dir='ltr'><strong>munitione</strong></span> <span class='ocrx_word' id='word_1_300' title='bbox 1651 2439 2008 2508; x_wconf 88' lang='lat' dir='ltr'><strong>relinqueret,</strong></span> 
     </span>
    </p>
   </div>
   <div class='ocr_carea' id='block_1_44' title="bbox 421 2531 2004 2602">
    <p class='ocr_par' dir='ltr' id='par_1_44' title="bbox 421 2531 2004 2602">
     <span class='ocr_line' id='line_1_45' title="bbox 421 2531 2004 2602; baseline 0.007 -24"><span class='ocrx_word' id='word_1_301' title='bbox 421 2544 534 2596; x_wconf 90' lang='lat' dir='ltr'>quo</span> <span class='ocrx_word' id='word_1_302' title='bbox 601 2532 897 2585; x_wconf 80' lang='lat' dir='ltr'><strong>sustentati</strong></span> <span class='ocrx_word' id='word_1_303' title='bbox 958 2532 1343 2596; x_wconf 86' lang='lat' dir='ltr'><strong>Corniliciani,</strong></span> <span class='ocrx_word' id='word_1_304' title='bbox 1400 2532 1494 2588; x_wconf 93' lang='lat' dir='ltr'>ubi</span> <span class='ocrx_word' id='word_1_305' title='bbox 1575 2531 1642 2586; x_wconf 88' lang='lat' dir='ltr'>ad</span> <span class='ocrx_word' id='word_1_306' title='bbox 1709 2532 2004 2602; x_wconf 75' lang='lat' dir='ltr'><strong>Agrippam</strong></span> 
     </span>
    </p>
   </div>
   <div class='ocr_carea' id='block_1_45' title="bbox 422 2622 2000 2686">
    <p class='ocr_par' dir='ltr' id='par_1_45' title="bbox 422 2622 2000 2686">
     <span class='ocr_line' id='line_1_46' title="bbox 422 2622 2000 2686; baseline 0.006 -18"><span class='ocrx_word' id='word_1_307' title='bbox 422 2633 820 2686; x_wconf 80' lang='lat' dir='ltr'><strong>pervenerunt,</strong></span> <span class='ocrx_word' id='word_1_308' title='bbox 857 2638 888 2676; x_wconf 89' lang='lat' dir='ltr'>a</span> <span class='ocrx_word' id='word_1_309' title='bbox 918 2622 1131 2679; x_wconf 66' lang='lat' dir='ltr'><strong>Caesare</strong></span> <span class='ocrx_word' id='word_1_310' title='bbox 1164 2623 1417 2680; x_wconf 85' lang='lat' dir='ltr'><strong>laudibus</strong></span> <span class='ocrx_word' id='word_1_311' title='bbox 1453 2633 1509 2679; x_wconf 91' lang='lat' dir='ltr'>et</span> <span class='ocrx_word' id='word_1_312' title='bbox 1555 2625 1878 2679; x_wconf 87' lang='lat' dir='ltr'><strong>muneribus</strong></span> <span class='ocrx_word' id='word_1_313' title='bbox 1913 2637 2000 2677; x_wconf 88' lang='lat' dir='ltr'><strong>re-</strong></span> 
     </span>
    </p>
   </div>
   <div class='ocr_carea' id='block_1_46' title="bbox 422 2713 779 2768">
    <p class='ocr_par' dir='ltr' id='par_1_46' title="bbox 422 2713 779 2768">
     <span class='ocr_line' id='line_1_47' title="bbox 422 2713 779 2768; baseline 0.011 -5"><span class='ocrx_word' id='word_1_314' title='bbox 422 2713 590 2765; x_wconf 85' lang='lat' dir='ltr'><strong>creati</strong></span> <span class='ocrx_word' id='word_1_315' title='bbox 629 2722 779 2768; x_wconf 87' lang='lat' dir='ltr'><strong>sunt.</strong></span> 
     </span>
    </p>
   </div>
   <div class='ocr_carea' id='block_1_47' title="bbox 2106 1877 3622 1956">
    <p class='ocr_par' dir='ltr' id='par_1_47' title="bbox 2106 1877 3622 1956">
     <span class='ocr_line' id='line_1_48' title="bbox 2106 1877 3622 1956; baseline 0.006 -21"><span class='ocrx_word' id='word_1_316' title='bbox 2106 1877 2203 1936; x_wconf 77' lang='grc' dir='ltr'>οὖν</span> <span class='ocrx_word' id='word_1_317' title='bbox 2239 1885 2320 1946; x_wconf 85' lang='grc' dir='ltr'>είς</span> <span class='ocrx_word' id='word_1_318' title='bbox 2369 1884 2468 1955; x_wconf 76' lang='grc' dir='ltr'>τήν</span> <span class='ocrx_word' id='word_1_319' title='bbox 2527 1885 2759 1955; x_wconf 77' lang='grc' dir='ltr'>ήπειρον</span> <span class='ocrx_word' id='word_1_320' title='bbox 2806 1885 3181 1939; x_wconf 80' lang='grc' dir='ltr'>διασέσωστο·</span> <span class='ocrx_word' id='word_1_321' title='bbox 3239 1887 3423 1956; x_wconf 65' lang='grc' dir='ltr'>’ἤχθετο</span> <span class='ocrx_word' id='word_1_322' title='bbox 3465 1890 3512 1942; x_wconf 82' lang='grc' dir='ltr'>δέ</span> <span class='ocrx_word' id='word_1_323' title='bbox 3556 1893 3622 1945; x_wconf 77' lang='grc' dir='ltr'>τοῦ</span> 
     </span>
    </p>
   </div>
   <div class='ocr_carea' id='block_1_48' title="bbox 2108 1972 3624 2052">
    <p class='ocr_par' dir='ltr' id='par_1_48' title="bbox 2108 1972 3624 2052">
     <span class='ocr_line' id='line_1_49' title="bbox 2108 1972 3624 2052; baseline 0.006 -26"><span class='ocrx_word' id='word_1_324' title='bbox 2108 1972 2518 2044; x_wconf 82' lang='grc' dir='ltr'>στρατεύματος</span> <span class='ocrx_word' id='word_1_325' title='bbox 2548 1977 2606 2028; x_wconf 87' lang='grc' dir='ltr'>ἐν</span> <span class='ocrx_word' id='word_1_326' title='bbox 2636 1979 2700 2047; x_wconf 70' lang='grc' dir='ltr'>τῇ</span> <span class='ocrx_word' id='word_1_327' title='bbox 2729 1978 2877 2047; x_wconf 80' lang='grc' dir='ltr'>νήσῳ</span> <span class='ocrx_word' id='word_1_328' title='bbox 2899 1978 3338 2049; x_wconf 72' lang='grc' dir='ltr'>ἀπειλημμένου,</span> <span class='ocrx_word' id='word_1_329' title='bbox 3366 1983 3510 2034; x_wconf 70' lang='grc' dir='ltr'>καὶού</span> <span class='ocrx_word' id='word_1_330' title='bbox 3531 1986 3624 2052; x_wconf 69' lang='grc' dir='ltr'>πρὶν</span> 
     </span>
    </p>
   </div>
   <div class='ocr_carea' id='block_1_49' title="bbox 2106 2063 3625 2140">
    <p class='ocr_par' dir='ltr' id='par_1_49' title="bbox 2106 2063 3625 2140">
     <span class='ocr_line' id='line_1_50' title="bbox 2106 2063 3625 2140; baseline 0.005 -24"><span class='ocrx_word' id='word_1_331' title='bbox 2106 2063 2486 2136; x_wconf 79' lang='grc' dir='ltr'>ἀνεθάρσησεν</span> <span class='ocrx_word' id='word_1_332' title='bbox 2511 2065 2614 2128; x_wconf 74' lang='grc' dir='ltr'>ἕως</span> <span class='ocrx_word' id='word_1_333' title='bbox 2644 2065 2796 2136; x_wconf 72' lang='grc' dir='ltr'>ἰχθὺς</span> <span class='ocrx_word' id='word_1_334' title='bbox 2836 2067 3123 2138; x_wconf 79' lang='grc' dir='ltr'>ἀναθορὼν</span> <span class='ocrx_word' id='word_1_335' title='bbox 3163 2070 3226 2120; x_wconf 85' lang='grc' dir='ltr'>ἐκ</span> <span class='ocrx_word' id='word_1_336' title='bbox 3257 2069 3353 2138; x_wconf 72' lang='grc' dir='ltr'>τῆς</span> <span class='ocrx_word' id='word_1_337' title='bbox 3406 2070 3625 2140; x_wconf 74' lang='grc' dir='ltr'>θαλάσσης</span> 
     </span>
    </p>
   </div>
   <div class='ocr_carea' id='block_1_50' title="bbox 2109 2157 3623 2234">
    <p class='ocr_par' dir='ltr' id='par_1_50' title="bbox 2109 2157 3623 2234">
     <span class='ocr_line' id='line_1_51' title="bbox 2109 2157 3623 2234; baseline 0.005 -24"><span class='ocrx_word' id='word_1_338' title='bbox 2109 2157 2424 2228; x_wconf 75' lang='grc' dir='ltr'>αὐτόματος</span> <span class='ocrx_word' id='word_1_339' title='bbox 2486 2158 2622 2229; x_wconf 73' lang='grc' dir='ltr'>πρὸς</span> <span class='ocrx_word' id='word_1_340' title='bbox 2651 2159 2780 2224; x_wconf 74' lang='grc' dir='ltr'>τοὺς</span> <span class='ocrx_word' id='word_1_341' title='bbox 2802 2160 2969 2224; x_wconf 80' lang='grc' dir='ltr'>πόδας</span> <span class='ocrx_word' id='word_1_342' title='bbox 2991 2161 3161 2213; x_wconf 82' lang='grc' dir='ltr'>αὐτοῦ</span> <span class='ocrx_word' id='word_1_343' title='bbox 3184 2162 3360 2218; x_wconf 86' lang='grc' dir='ltr'>ἐπεσε.</span> <span class='ocrx_word' id='word_1_344' title='bbox 3385 2163 3528 2216; x_wconf 77' lang='grc' dir='ltr'>Τοῦτο</span> <span class='ocrx_word' id='word_1_345' title='bbox 3547 2166 3623 2234; x_wconf 72' lang='grc' dir='ltr'>γὰρ</span> 
     </span>
    </p>
   </div>
   <div class='ocr_carea' id='block_1_51' title="bbox 2109 2252 3624 2326">
    <p class='ocr_par' dir='ltr' id='par_1_51' title="bbox 2109 2252 3624 2326">
     <span class='ocr_line' id='line_1_52' title="bbox 2109 2252 3624 2326; baseline 0.003 -20"><span class='ocrx_word' id='word_1_346' title='bbox 2109 2253 2160 2306; x_wconf 86' lang='lat' dir='ltr'>oi</span> <span class='ocrx_word' id='word_1_347' title='bbox 2196 2252 2422 2322; x_wconf 76' lang='grc' dir='ltr'>μάντεις</span> <span class='ocrx_word' id='word_1_348' title='bbox 2445 2252 2643 2322; x_wconf 80' lang='grc' dir='ltr'>δηλοῦν</span> <span class='ocrx_word' id='word_1_349' title='bbox 2677 2253 3042 2323; x_wconf 80' lang='grc' dir='ltr'>ἐξηγήσαντο,</span> <span class='ocrx_word' id='word_1_350' title='bbox 3079 2255 3166 2307; x_wconf 79' lang='grc' dir='ltr'>ὅτι</span> <span class='ocrx_word' id='word_1_351' title='bbox 3211 2254 3512 2309; x_wconf 79' lang='grc' dir='ltr'>δουλώσεται</span> <span class='ocrx_word' id='word_1_352' title='bbox 3554 2260 3624 2326; x_wconf 75' lang='grc' dir='ltr'>τὴν</span> 
     </span>
    </p>
   </div>
   <div class='ocr_carea' id='block_1_52' title="bbox 2105 2342 3623 2415">
    <p class='ocr_par' dir='ltr' id='par_1_52' title="bbox 2105 2342 3623 2415">
     <span class='ocr_line' id='line_1_53' title="bbox 2105 2342 3623 2415; baseline 0.001 -19"><span class='ocrx_word' id='word_1_353' title='bbox 2105 2342 2404 2397; x_wconf 88' lang='grc' dir='ltr'>θάλασσαν.</span> <span class='ocrx_word' id='word_1_354' title='bbox 2427 2343 2491 2396; x_wconf 84' lang='grc' dir='ltr'><strong>Ἥ</strong></span> <span class='ocrx_word' id='word_1_355' title='bbox 2512 2344 2568 2397; x_wconf 80' lang='grc' dir='ltr'>δὲ</span> <span class='ocrx_word' id='word_1_356' title='bbox 2599 2343 2694 2396; x_wconf 57' lang='lat' dir='ltr'><strong>“ro-3</strong></span> <span class='ocrx_word' id='word_1_357' title='bbox 2717 2345 2994 2415; x_wconf 74' lang='grc' dir='ltr'>Καίσαρος</span> <span class='ocrx_word' id='word_1_358' title='bbox 3027 2344 3262 2415; x_wconf 75' lang='grc' dir='ltr'>στρατιά</span> <span class='ocrx_word' id='word_1_359' title='bbox 3300 2345 3623 2414; x_wconf 73' lang='grc' dir='ltr'>ἐπολιορκεῖτο,</span> 
     </span>
    </p>
   </div>
   <div class='ocr_carea' id='block_1_53' title="bbox 2105 2437 3624 2512">
    <p class='ocr_par' dir='ltr' id='par_1_53' title="bbox 2105 2437 3624 2512">
     <span class='ocr_line' id='line_1_54' title="bbox 2105 2437 3624 2512; baseline 0.003 -22"><span class='ocrx_word' id='word_1_360' title='bbox 2105 2438 2202 2490; x_wconf 75' lang='grc' dir='ltr'>καὶ</span> <span class='ocrx_word' id='word_1_361' title='bbox 2230 2437 2352 2489; x_wconf 79' lang='grc' dir='ltr'>ἐπεὶ</span> <span class='ocrx_word' id='word_1_362' title='bbox 2381 2437 2451 2490; x_wconf 78' lang='grc' dir='ltr'>τά</span> <span class='ocrx_word' id='word_1_363' title='bbox 2491 2438 2780 2508; x_wconf 83' lang='grc' dir='ltr'>ἐπιτήδεια</span> <span class='ocrx_word' id='word_1_364' title='bbox 2809 2439 3071 2492; x_wconf 77' lang='grc' dir='ltr'>ἐπέλιπον</span> <span class='ocrx_word' id='word_1_365' title='bbox 3122 2441 3285 2508; x_wconf 75' lang='grc' dir='ltr'>σφᾶς,</span> <span class='ocrx_word' id='word_1_366' title='bbox 3323 2442 3408 2492; x_wconf 82' lang='grc' dir='ltr'>καὶ</span> <span class='ocrx_word' id='word_1_367' title='bbox 3429 2443 3453 2494; x_wconf 90' lang='lat'>6</span> <span class='ocrx_word' id='word_1_368' title='bbox 3476 2441 3624 2512; x_wconf 79' lang='grc' dir='ltr'>βοηθή-</span> 
     </span>
    </p>
   </div>
   <div class='ocr_carea' id='block_1_54' title="bbox 2117 2525 3626 2602">
    <p class='ocr_par' dir='ltr' id='par_1_54' title="bbox 2117 2525 3626 2602">
     <span class='ocr_line' id='line_1_55' title="bbox 2117 2525 3626 2602; baseline 0 -20"><span class='ocrx_word' id='word_1_369' title='bbox 2117 2547 2228 2582; x_wconf 89' lang='grc' dir='ltr'>σων</span> <span class='ocrx_word' id='word_1_370' title='bbox 2262 2529 2362 2582; x_wconf 82' lang='grc' dir='ltr'>οὐκ</span> <span class='ocrx_word' id='word_1_371' title='bbox 2395 2525 2484 2599; x_wconf 75' lang='grc' dir='ltr'>ἦν,</span> <span class='ocrx_word' id='word_1_372' title='bbox 2542 2530 2570 2581; x_wconf 89' lang='lat'>6</span> <span class='ocrx_word' id='word_1_373' title='bbox 2621 2528 2827 2600; x_wconf 80' lang='grc' dir='ltr'>ταύτης</span> <span class='ocrx_word' id='word_1_374' title='bbox 2881 2531 3066 2600; x_wconf 75' lang='grc' dir='ltr'>ἄρχων</span> <span class='ocrx_word' id='word_1_375' title='bbox 3115 2531 3492 2602; x_wconf 76' lang='grc' dir='ltr'>Κουρνοφίκιος</span> <span class='ocrx_word' id='word_1_376' title='bbox 3512 2533 3626 2584; x_wconf 79' lang='grc' dir='ltr'>τάτε</span> 
     </span>
    </p>
   </div>
   <div class='ocr_carea' id='block_1_55' title="bbox 2100 2622 3626 2694">
    <p class='ocr_par' dir='ltr' id='par_1_55' title="bbox 2100 2622 3626 2694">
     <span class='ocr_line' id='line_1_56' title="bbox 2100 2622 3626 2694; baseline 0.001 -20"><span class='ocrx_word' id='word_1_377' title='bbox 2100 2622 2284 2694; x_wconf 70' lang='grc' dir='ltr'>σκάφη</span> <span class='ocrx_word' id='word_1_378' title='bbox 2308 2623 2410 2676; x_wconf 77' lang='grc' dir='ltr'>ὅσα</span> <span class='ocrx_word' id='word_1_379' title='bbox 2433 2624 2496 2676; x_wconf 87' lang='grc' dir='ltr'>ἐκ</span> <span class='ocrx_word' id='word_1_380' title='bbox 2524 2623 2622 2693; x_wconf 85' lang='grc' dir='ltr'>τῆς</span> <span class='ocrx_word' id='word_1_381' title='bbox 2647 2623 2956 2694; x_wconf 85' lang='grc' dir='ltr'>ναυμαχίας</span> <span class='ocrx_word' id='word_1_382' title='bbox 2969 2623 3347 2694; x_wconf 83' lang='grc' dir='ltr'>περισέσωστο</span> <span class='ocrx_word' id='word_1_383' title='bbox 3377 2624 3544 2676; x_wconf 79' lang='grc' dir='ltr'>ἐκαυσε</span> <span class='ocrx_word' id='word_1_384' title='bbox 3561 2627 3626 2676; x_wconf 72' lang='grc' dir='ltr'>καὶ</span> 
     </span>
    </p>
   </div>
   <div class='ocr_carea' id='block_1_56' title="bbox 2099 2714 3628 2787">
    <p class='ocr_par' dir='ltr' id='par_1_56' title="bbox 2099 2714 3628 2787">
     <span class='ocr_line' id='line_1_57' title="bbox 2099 2714 3628 2787; baseline -0.001 -19"><span class='ocrx_word' id='word_1_385' title='bbox 2099 2714 2263 2777; x_wconf 76' lang='grc' dir='ltr'>αὐτὸς</span> <span class='ocrx_word' id='word_1_386' title='bbox 2298 2714 2435 2785; x_wconf 80' lang='grc' dir='ltr'>πρὸς</span> <span class='ocrx_word' id='word_1_387' title='bbox 2471 2714 2570 2777; x_wconf 87' lang='grc' dir='ltr'>τάς</span> <span class='ocrx_word' id='word_1_388' title='bbox 2631 2715 2824 2779; x_wconf 82' lang='grc' dir='ltr'>Μύλας</span> <span class='ocrx_word' id='word_1_389' title='bbox 2891 2716 3073 2785; x_wconf 82' lang='grc' dir='ltr'>ἀπῆγε</span> <span class='ocrx_word' id='word_1_390' title='bbox 3105 2718 3212 2784; x_wconf 81' lang='grc' dir='ltr'>τὴν</span> <span class='ocrx_word' id='word_1_391' title='bbox 3258 2716 3512 2787; x_wconf 74' lang='grc' dir='ltr'>στρατιάνο</span> <span class='ocrx_word' id='word_1_392' title='bbox 3562 2720 3628 2767; x_wconf 74' lang='grc' dir='ltr'>καὶ</span> 
     </span>
    </p>
   </div>
   <div class='ocr_carea' id='block_1_57' title="bbox 419 2805 3628 2880">
    <p class='ocr_par' dir='ltr' id='par_1_57' title="bbox 419 2805 3628 2880">
     <span class='ocr_line' id='line_1_58' title="bbox 419 2805 3628 2880; baseline 0.001 -24"><span class='ocrx_word' id='word_1_393' title='bbox 419 2805 588 2857; x_wconf 64' lang='grc' dir='ltr'>πολλὰ</span> <span class='ocrx_word' id='word_1_394' title='bbox 614 2806 974 2878; x_wconf 77' lang='grc' dir='ltr'>ἐκακώθησαν</span> <span class='ocrx_word' id='word_1_395' title='bbox 1007 2810 1157 2880; x_wconf 69' lang='grc' dir='ltr'>παρὰ</span> <span class='ocrx_word' id='word_1_396' title='bbox 1187 2808 1292 2861; x_wconf 85' lang='grc' dir='ltr'>τῶν</span> <span class='ocrx_word' id='word_1_397' title='bbox 1327 2809 1586 2861; x_wconf 76' lang='grc' dir='ltr'>ἐναντίων</span> <span class='ocrx_word' id='word_1_398' title='bbox 1639 2807 1996 2877; x_wconf 78' lang='grc' dir='ltr'>ἐφεπομένων</span> <span class='ocrx_word' id='word_1_399' title='bbox 2037 2805 2226 2864; x_wconf 77' lang='grc' dir='ltr'>αὐτοῖς</span> <span class='ocrx_word' id='word_1_400' title='bbox 2287 2806 2342 2858; x_wconf 84' lang='grc' dir='ltr'>ἐν</span> <span class='ocrx_word' id='word_1_401' title='bbox 2375 2823 2434 2859; x_wconf 84' lang='grc' dir='ltr'>τε</span> <span class='ocrx_word' id='word_1_402' title='bbox 2465 2809 2530 2876; x_wconf 77' lang='grc' dir='ltr'>τῇ</span> <span class='ocrx_word' id='word_1_403' title='bbox 2597 2806 2734 2878; x_wconf 82' lang='grc' dir='ltr'>ἄλλῃ</span> <span class='ocrx_word' id='word_1_404' title='bbox 2761 2807 2958 2878; x_wconf 74' lang='grc' dir='ltr'>πορεία</span> <span class='ocrx_word' id='word_1_405' title='bbox 2987 2809 3082 2861; x_wconf 77' lang='grc' dir='ltr'>καὶ</span> <span class='ocrx_word' id='word_1_406' title='bbox 3121 2808 3327 2878; x_wconf 77' lang='grc' dir='ltr'>μᾶλλον</span> <span class='ocrx_word' id='word_1_407' title='bbox 3352 2809 3402 2860; x_wconf 92' lang='grc' dir='ltr'>ἐν</span> <span class='ocrx_word' id='word_1_408' title='bbox 3431 2809 3529 2870; x_wconf 80' lang='grc' dir='ltr'>ταῖς</span> <span class='ocrx_word' id='word_1_409' title='bbox 3553 2808 3628 2859; x_wconf 82' lang='grc' dir='ltr'>τῶν</span> 
     </span>
    </p>
   </div>
   <div class='ocr_carea' id='block_1_58' title="bbox 421 2903 3629 2977">
    <p class='ocr_par' dir='ltr' id='par_1_58' title="bbox 421 2903 3629 2977">
     <span class='ocr_line' id='line_1_59' title="bbox 421 2903 3629 2977; baseline 0 -23"><span class='ocrx_word' id='word_1_410' title='bbox 421 2904 683 2974; x_wconf 81' lang='grc' dir='ltr'>ποταμῶν</span> <span class='ocrx_word' id='word_1_411' title='bbox 717 2905 1022 2973; x_wconf 77' lang='grc' dir='ltr'>διαϐάσεσι,</span> <span class='ocrx_word' id='word_1_412' title='bbox 1069 2908 1162 2960; x_wconf 68' lang='grc' dir='ltr'>καὶ</span> <span class='ocrx_word' id='word_1_413' title='bbox 1196 2906 1289 2960; x_wconf 81' lang='grc' dir='ltr'>ἐπὶ</span> <span class='ocrx_word' id='word_1_414' title='bbox 1325 2908 1473 2976; x_wconf 82' lang='grc' dir='ltr'>τρεῖς</span> <span class='ocrx_word' id='word_1_415' title='bbox 1516 2905 1620 2976; x_wconf 78' lang='grc' dir='ltr'>ήμέ</span> <span class='ocrx_word' id='word_1_416' title='bbox 1633 2921 1733 2977; x_wconf 89' lang='grc' dir='ltr'>ρας</span> <span class='ocrx_word' id='word_1_417' title='bbox 1800 2904 2040 2974; x_wconf 73' lang='grc' dir='ltr'>ἔπασχον</span> <span class='ocrx_word' id='word_1_418' title='bbox 2104 2903 2299 2966; x_wconf 74' lang='grc' dir='ltr'>οὕτως.</span> <span class='ocrx_word' id='word_1_419' title='bbox 2336 2904 2416 2972; x_wconf 80' lang='grc' dir='ltr'>Τῇ</span> <span class='ocrx_word' id='word_1_420' title='bbox 2459 2903 2515 2956; x_wconf 79' lang='grc' dir='ltr'>δέ</span> <span class='ocrx_word' id='word_1_421' title='bbox 2548 2921 2612 2972; x_wconf 85' lang='grc' dir='ltr'>γε</span> <span class='ocrx_word' id='word_1_422' title='bbox 2658 2904 2947 2974; x_wconf 77' lang='grc' dir='ltr'>τελευταίᾳ</span> <span class='ocrx_word' id='word_1_423' title='bbox 2978 2906 3161 2974; x_wconf 83' lang='grc' dir='ltr'>πάντη</span> <span class='ocrx_word' id='word_1_424' title='bbox 3195 2905 3384 2966; x_wconf 69' lang='grc' dir='ltr'>αὐτοὺς</span> <span class='ocrx_word' id='word_1_425' title='bbox 3407 2906 3629 2957; x_wconf 72' lang='grc' dir='ltr'>ἐκάκωσαν</span> 
     </span>
    </p>
   </div>
   <div class='ocr_carea' id='block_1_59' title="bbox 421 2993 3629 3066">
    <p class='ocr_par' dir='ltr' id='par_1_59' title="bbox 421 2993 3629 3066">
     <span class='ocr_line' id='line_1_60' title="bbox 421 2993 3629 3066; baseline -0 -20"><span class='ocrx_word' id='word_1_426' title='bbox 421 2997 858 3066; x_wconf 76' lang='grc' dir='ltr'>προσγενομένου</span> <span class='ocrx_word' id='word_1_427' title='bbox 908 2997 1090 3062; x_wconf 82' lang='grc' dir='ltr'>αὐτοῖς</span> <span class='ocrx_word' id='word_1_428' title='bbox 1125 2998 1217 3050; x_wconf 76' lang='grc' dir='ltr'>καὶ</span> <span class='ocrx_word' id='word_1_429' title='bbox 1259 2997 1350 3050; x_wconf 72' lang='grc' dir='ltr'>τοῦ</span> <span class='ocrx_word' id='word_1_430' title='bbox 1400 2996 1614 3062; x_wconf 78' lang='grc' dir='ltr'>Σέξτου.</span> <span class='ocrx_word' id='word_1_431' title='bbox 1654 2997 1764 3050; x_wconf 83' lang='grc' dir='ltr'>Καί</span> <span class='ocrx_word' id='word_1_432' title='bbox 1802 2996 2006 3059; x_wconf 82' lang='grc' dir='ltr'>πάντες</span> <span class='ocrx_word' id='word_1_433' title='bbox 2050 2995 2116 3048; x_wconf 83' lang='grc' dir='ltr'>ἂν</span> <span class='ocrx_word' id='word_1_434' title='bbox 2183 2993 2582 3064; x_wconf 75' lang='grc' dir='ltr'>διεφθάρησαν,</span> <span class='ocrx_word' id='word_1_435' title='bbox 2618 2994 2666 3046; x_wconf 90' lang='grc' dir='ltr'>εί</span> <span class='ocrx_word' id='word_1_436' title='bbox 2696 2995 2772 3064; x_wconf 82' lang='grc' dir='ltr'>μὴ</span> <span class='ocrx_word' id='word_1_437' title='bbox 2827 2995 2978 3065; x_wconf 74' lang='grc' dir='ltr'>σφῶν</span> <span class='ocrx_word' id='word_1_438' title='bbox 3010 2993 3105 3047; x_wconf 66' lang='grc' dir='ltr'>καὶ</span> <span class='ocrx_word' id='word_1_439' title='bbox 3137 2994 3360 3056; x_wconf 77' lang='grc' dir='ltr'>ἄκοντες</span> <span class='ocrx_word' id='word_1_440' title='bbox 3389 2993 3629 3064; x_wconf 73' lang='grc' dir='ltr'>ἀπέσχοντο</span> 
     </span>
    </p>
   </div>
   <div class='ocr_carea' id='block_1_60' title="bbox 420 3085 3630 3158">
    <p class='ocr_par' dir='ltr' id='par_1_60' title="bbox 420 3085 3630 3158">
     <span class='ocr_line' id='line_1_61' title="bbox 420 3085 3630 3158; baseline -0.002 -15"><span class='ocrx_word' id='word_1_441' title='bbox 420 3090 471 3143; x_wconf 86' lang='lat' dir='ltr'>oi</span> <span class='ocrx_word' id='word_1_442' title='bbox 505 3087 777 3157; x_wconf 80' lang='grc' dir='ltr'>πολέμιοι.</span> <span class='ocrx_word' id='word_1_443' title='bbox 832 3089 892 3142; x_wconf 83' lang='lat'>&#39;0</span> <span class='ocrx_word' id='word_1_444' title='bbox 952 3089 1058 3158; x_wconf 78' lang='grc' dir='ltr'>γὰρ</span> <span class='ocrx_word' id='word_1_445' title='bbox 1114 3089 1428 3158; x_wconf 69' lang='grc' dir='ltr'>Ἀγρίππας</span> <span class='ocrx_word' id='word_1_446' title='bbox 1482 3089 1714 3156; x_wconf 78' lang='grc' dir='ltr'>νικήσας</span> <span class='ocrx_word' id='word_1_447' title='bbox 1773 3088 1872 3158; x_wconf 79' lang='grc' dir='ltr'>τὴν</span> <span class='ocrx_word' id='word_1_448' title='bbox 1930 3086 2263 3157; x_wconf 80' lang='grc' dir='ltr'>ναυμαχίαν,</span> <span class='ocrx_word' id='word_1_449' title='bbox 2331 3088 2388 3150; x_wconf 78' lang='grc' dir='ltr'>ἐς</span> <span class='ocrx_word' id='word_1_450' title='bbox 2462 3085 2716 3139; x_wconf 83' lang='grc' dir='ltr'>Σικελίαν</span> <span class='ocrx_word' id='word_1_451' title='bbox 2781 3086 3121 3158; x_wconf 74' lang='grc' dir='ltr'>ἐπεραιώθη,</span> <span class='ocrx_word' id='word_1_452' title='bbox 3175 3086 3270 3140; x_wconf 80' lang='grc' dir='ltr'>καὶ</span> <span class='ocrx_word' id='word_1_453' title='bbox 3313 3087 3446 3139; x_wconf 82' lang='grc' dir='ltr'>σῖ;όν</span> <span class='ocrx_word' id='word_1_454' title='bbox 3495 3103 3540 3138; x_wconf 87' lang='grc' dir='ltr'>τε</span> <span class='ocrx_word' id='word_1_455' title='bbox 3575 3088 3630 3157; x_wconf 75' lang='grc' dir='ltr'>τῷ</span> 
     </span>
    </p>
   </div>
   <div class='ocr_carea' id='block_1_61' title="bbox 424 3176 3628 3254">
    <p class='ocr_par' dir='ltr' id='par_1_61' title="bbox 424 3176 3628 3254">
     <span class='ocr_line' id='line_1_62' title="bbox 424 3176 3628 3254; baseline -0.001 -22"><span class='ocrx_word' id='word_1_456' title='bbox 424 3178 641 3250; x_wconf 81' lang='grc' dir='ltr'>στρατῷ</span> <span class='ocrx_word' id='word_1_457' title='bbox 672 3179 768 3232; x_wconf 75' lang='grc' dir='ltr'>καὶ</span> <span class='ocrx_word' id='word_1_458' title='bbox 793 3177 1052 3250; x_wconf 85' lang='grc' dir='ltr'>βοήθειαν</span> <span class='ocrx_word' id='word_1_459' title='bbox 1087 3179 1325 3254; x_wconf 71' lang='grc' dir='ltr'>έπεμψε.</span> <span class='ocrx_word' id='word_1_460' title='bbox 1376 3181 1486 3233; x_wconf 71' lang='grc' dir='ltr'>Καὶ</span> <span class='ocrx_word' id='word_1_461' title='bbox 1526 3180 1554 3231; x_wconf 91' lang='lat'>6</span> <span class='ocrx_word' id='word_1_462' title='bbox 1609 3178 1825 3244; x_wconf 78' lang='grc' dir='ltr'>Σέξτος,</span> <span class='ocrx_word' id='word_1_463' title='bbox 1853 3179 2016 3231; x_wconf 79' lang='grc' dir='ltr'>αὑτὸν</span> <span class='ocrx_word' id='word_1_464' title='bbox 2058 3177 2150 3230; x_wconf 81' lang='grc' dir='ltr'>τὺν</span> <span class='ocrx_word' id='word_1_465' title='bbox 2216 3176 2532 3247; x_wconf 83' lang='grc' dir='ltr'>Ἀγρίππαν</span> <span class='ocrx_word' id='word_1_466' title='bbox 2560 3176 2712 3247; x_wconf 80' lang='grc' dir='ltr'>ἥξειν</span> <span class='ocrx_word' id='word_1_467' title='bbox 2737 3178 2857 3230; x_wconf 89' lang='grc' dir='ltr'>ἐκεῖ</span> <span class='ocrx_word' id='word_1_468' title='bbox 2879 3177 3266 3248; x_wconf 82' lang='grc' dir='ltr'>προσδοκήσας</span> <span class='ocrx_word' id='word_1_469' title='bbox 3288 3178 3377 3231; x_wconf 86' lang='grc' dir='ltr'>καὶ</span> <span class='ocrx_word' id='word_1_470' title='bbox 3410 3177 3628 3248; x_wconf 70' lang='grc' dir='ltr'>φοϐηθείς.</span> 
     </span>
    </p>
   </div>
   <div class='ocr_carea' id='block_1_62' title="bbox 424 3263 3630 3343">
    <p class='ocr_par' dir='ltr' id='par_1_62' title="bbox 424 3263 3630 3343">
     <span class='ocr_line' id='line_1_63' title="bbox 424 3263 3630 3343; baseline -0.002 -17"><span class='ocrx_word' id='word_1_471' title='bbox 424 3271 627 3342; x_wconf 80' lang='grc' dir='ltr'>σπουδῇ</span> <span class='ocrx_word' id='word_1_472' title='bbox 657 3271 1028 3342; x_wconf 79' lang='grc' dir='ltr'>ἀνεχώρησεν,</span> <span class='ocrx_word' id='word_1_473' title='bbox 1059 3271 1200 3324; x_wconf 79' lang='grc' dir='ltr'>ὥστε</span> <span class='ocrx_word' id='word_1_474' title='bbox 1237 3271 1408 3342; x_wconf 87' lang='grc' dir='ltr'>σκεύη</span> <span class='ocrx_word' id='word_1_475' title='bbox 1447 3271 1570 3325; x_wconf 69' lang='grc' dir='ltr'>τινὰ</span> <span class='ocrx_word' id='word_1_476' title='bbox 1600 3274 1694 3325; x_wconf 75' lang='grc' dir='ltr'>καὶ</span> <span class='ocrx_word' id='word_1_477' title='bbox 1722 3272 2008 3343; x_wconf 85' lang='grc' dir='ltr'>ἐπιτήδεια</span> <span class='ocrx_word' id='word_1_478' title='bbox 2045 3268 2376 3338; x_wconf 84' lang='grc' dir='ltr'>καταλεῖψαι</span> <span class='ocrx_word' id='word_1_479' title='bbox 2409 3272 2468 3322; x_wconf 89' lang='grc' dir='ltr'>ἐν</span> <span class='ocrx_word' id='word_1_480' title='bbox 2524 3269 2600 3340; x_wconf 81' lang='grc' dir='ltr'>τῷ</span> <span class='ocrx_word' id='word_1_481' title='bbox 2626 3270 2884 3342; x_wconf 85' lang='grc' dir='ltr'>ἐρύματι,</span> <span class='ocrx_word' id='word_1_482' title='bbox 2921 3269 2980 3334; x_wconf 81' lang='grc' dir='ltr'>ἐξ</span> <span class='ocrx_word' id='word_1_483' title='bbox 3009 3263 3083 3323; x_wconf 82' lang='grc' dir='ltr'>ὧν</span> <span class='ocrx_word' id='word_1_484' title='bbox 3115 3273 3410 3342; x_wconf 70' lang='grc' dir='ltr'>τραφέντες</span> <span class='ocrx_word' id='word_1_485' title='bbox 3441 3273 3480 3323; x_wconf 85' lang='lat' dir='ltr'>oi</span> <span class='ocrx_word' id='word_1_486' title='bbox 3539 3287 3630 3340; x_wconf 55' lang='grc' dir='ltr'>περι</span> 
     </span>
    </p>
   </div>
   <div class='ocr_carea' id='block_1_63' title="bbox 419 3363 3382 3438">
    <p class='ocr_par' dir='ltr' id='par_1_63' title="bbox 419 3363 3382 3438">
     <span class='ocr_line' id='line_1_64' title="bbox 419 3363 3382 3438; baseline 0.001 -21"><span class='ocrx_word' id='word_1_487' title='bbox 419 3365 512 3419; x_wconf 65' lang='grc' dir='ltr'>τὸν</span> <span class='ocrx_word' id='word_1_488' title='bbox 544 3364 940 3435; x_wconf 70' lang='grc' dir='ltr'>Κουρνοφίκιον</span> <span class='ocrx_word' id='word_1_489' title='bbox 968 3366 1105 3434; x_wconf 81' lang='grc' dir='ltr'>πρὸς</span> <span class='ocrx_word' id='word_1_490' title='bbox 1158 3366 1249 3418; x_wconf 69' lang='grc' dir='ltr'>τὶν</span> <span class='ocrx_word' id='word_1_491' title='bbox 1275 3366 1590 3434; x_wconf 80' lang='grc' dir='ltr'>Ἀγρίππαν</span> <span class='ocrx_word' id='word_1_492' title='bbox 1615 3367 1884 3438; x_wconf 72' lang='grc' dir='ltr'>ἀπῄεσαν·</span> <span class='ocrx_word' id='word_1_493' title='bbox 1919 3364 2011 3428; x_wconf 78' lang='grc' dir='ltr'>οὓς</span> <span class='ocrx_word' id='word_1_494' title='bbox 2051 3366 2080 3418; x_wconf 88' lang='lat'>6</span> <span class='ocrx_word' id='word_1_495' title='bbox 2115 3367 2336 3435; x_wconf 81' lang='grc' dir='ltr'>Καῖσαρ</span> <span class='ocrx_word' id='word_1_496' title='bbox 2367 3363 2613 3428; x_wconf 78' lang='grc' dir='ltr'>ἐπαίνοις</span> <span class='ocrx_word' id='word_1_497' title='bbox 2637 3367 2732 3417; x_wconf 69' lang='grc' dir='ltr'>καὶ</span> <span class='ocrx_word' id='word_1_498' title='bbox 2761 3365 2996 3436; x_wconf 81' lang='grc' dir='ltr'>δωρεαῖς</span> <span class='ocrx_word' id='word_1_499' title='bbox 3024 3364 3382 3436; x_wconf 86' lang='grc' dir='ltr'>ἀνεκτήσατο.</span> 
     </span>
    </p>
   </div>
   <div class='ocr_carea' id='block_1_64' title="bbox 496 3456 1976 3530">
    <p class='ocr_par' dir='ltr' id='par_1_64' title="bbox 496 3459 1976 3517">
     <span class='ocr_line' id='line_1_65' title="bbox 496 3459 1976 3517; baseline 0 -3"><span class='ocrx_word' id='word_1_500' title='bbox 496 3459 663 3516; x_wconf 73' lang='lat' dir='ltr'><strong>XXV.</strong></span> <span class='ocrx_word' id='word_1_501' title='bbox 705 3460 834 3515; x_wconf 69' lang='lat' dir='ltr'><strong>Pest</strong></span> <span class='ocrx_word' id='word_1_502' title='bbox 872 3460 988 3515; x_wconf 77' lang='lat' dir='ltr'><strong>lnec</strong></span> <span class='ocrx_word' id='word_1_503' title='bbox 1016 3475 1140 3514; x_wconf 90' lang='lat' dir='ltr'>cum</span> <span class='ocrx_word' id='word_1_504' title='bbox 1169 3460 1368 3516; x_wconf 82' lang='lat' dir='ltr'><strong>Sextus</strong></span> <span class='ocrx_word' id='word_1_505' title='bbox 1392 3461 1446 3516; x_wconf 91' lang='lat' dir='ltr'>in</span> <span class='ocrx_word' id='word_1_506' title='bbox 1473 3461 1714 3516; x_wconf 88' lang='lat' dir='ltr'><strong>Siciliam</strong></span> <span class='ocrx_word' id='word_1_507' title='bbox 1743 3463 1976 3517; x_wconf 87' lang='lat' dir='ltr'><strong>venisset</strong></span> 
     </span>
    </p>
   </div>
   <div class='ocr_carea' id='block_1_65' title="bbox 2150 3456 3630 3530">
    <p class='ocr_par' dir='ltr' id='par_1_65' title="bbox 2188 3456 3630 3530">
     <span class='ocr_line' id='line_1_66' title="bbox 2188 3456 3630 3530; baseline -0.003 -16"><span class='ocrx_word' id='word_1_508' title='bbox 2188 3456 2318 3514; x_wconf 79' lang='lat' dir='ltr'>KE&#39;.</span> <span class='ocrx_word' id='word_1_509' title='bbox 2356 3460 2509 3514; x_wconf 83' lang='grc' dir='ltr'>Μετά</span> <span class='ocrx_word' id='word_1_510' title='bbox 2536 3457 2699 3512; x_wconf 80' lang='grc' dir='ltr'>τοῦτο</span> <span class='ocrx_word' id='word_1_511' title='bbox 2725 3459 2772 3512; x_wconf 88' lang='grc' dir='ltr'>δ’</span> <span class='ocrx_word' id='word_1_512' title='bbox 2800 3461 2856 3522; x_wconf 85' lang='grc' dir='ltr'>ἐς</span> <span class='ocrx_word' id='word_1_513' title='bbox 2888 3459 3143 3512; x_wconf 86' lang='grc' dir='ltr'>Σικελίαν</span> <span class='ocrx_word' id='word_1_514' title='bbox 3181 3461 3381 3513; x_wconf 78' lang='grc' dir='ltr'>ἐλθόντι</span> <span class='ocrx_word' id='word_1_515' title='bbox 3426 3460 3492 3530; x_wconf 80' lang='grc' dir='ltr'>τῷ</span> <span class='ocrx_word' id='word_1_516' title='bbox 3529 3459 3630 3512; x_wconf 78' lang='grc' dir='ltr'>Καί-</span> 
     </span>
    </p>
   </div>
   <div class='ocr_carea' id='block_1_66' title="bbox 424 3546 2007 3618">
    <p class='ocr_par' dir='ltr' id='par_1_66' title="bbox 424 3546 2007 3618">
     <span class='ocr_line' id='line_1_67' title="bbox 424 3546 2007 3618; baseline 0.003 -17"><span class='ocrx_word' id='word_1_517' title='bbox 424 3546 491 3601; x_wconf 85' lang='lat' dir='ltr'>ad</span> <span class='ocrx_word' id='word_1_518' title='bbox 516 3547 870 3601; x_wconf 80' lang='lat' dir='ltr'><strong>Artemisium</strong></span> <span class='ocrx_word' id='word_1_519' title='bbox 900 3556 1081 3601; x_wconf 88' lang='lat' dir='ltr'><strong>castra</strong></span> <span class='ocrx_word' id='word_1_520' title='bbox 1111 3550 1294 3618; x_wconf 89' lang='lat' dir='ltr'><strong>posuit</strong></span> <span class='ocrx_word' id='word_1_521' title='bbox 1327 3566 1340 3604; x_wconf 93' lang='lat'><strong>:</strong></span> <span class='ocrx_word' id='word_1_522' title='bbox 1377 3551 1468 3604; x_wconf 91' lang='lat' dir='ltr'>ubi</span> <span class='ocrx_word' id='word_1_523' title='bbox 1498 3567 1621 3605; x_wconf 91' lang='lat' dir='ltr'>cum</span> <span class='ocrx_word' id='word_1_524' title='bbox 1651 3551 1794 3604; x_wconf 90' lang='lat' dir='ltr'><strong>inter</strong></span> <span class='ocrx_word' id='word_1_525' title='bbox 1818 3565 1875 3605; x_wconf 89' lang='lat' dir='ltr'>se</span> <span class='ocrx_word' id='word_1_526' title='bbox 1910 3566 2007 3605; x_wconf 86' lang='lat' dir='ltr'><strong>ve-</strong></span> 
     </span>
    </p>
   </div>
   <div class='ocr_carea' id='block_1_67' title="bbox 423 3640 2007 3714">
    <p class='ocr_par' dir='ltr' id='par_1_67' title="bbox 423 3640 2007 3714">
     <span class='ocr_line' id='line_1_68' title="bbox 423 3640 2007 3714; baseline 0.001 -16"><span class='ocrx_word' id='word_1_527' title='bbox 423 3643 738 3704; x_wconf 85' lang='lat' dir='ltr'><strong>litarentur.</strong></span> <span class='ocrx_word' id='word_1_528' title='bbox 769 3640 961 3698; x_wconf 84' lang='lat' dir='ltr'><strong>Gallus</strong></span> <span class='ocrx_word' id='word_1_529' title='bbox 993 3658 1122 3697; x_wconf 83' lang='lat' dir='ltr'><strong>suas</strong></span> <span class='ocrx_word' id='word_1_530' title='bbox 1163 3645 1351 3714; x_wconf 85' lang='lat' dir='ltr'><strong>copias</strong></span> <span class='ocrx_word' id='word_1_531' title='bbox 1378 3659 1504 3698; x_wconf 88' lang='lat' dir='ltr'>cum</span> <span class='ocrx_word' id='word_1_532' title='bbox 1530 3643 1730 3711; x_wconf 87' lang='lat' dir='ltr'><strong>Sexto,</strong></span> <span class='ocrx_word' id='word_1_533' title='bbox 1767 3644 2007 3714; x_wconf 88' lang='lat' dir='ltr'><strong>Lepidus</strong></span> 
     </span>
    </p>
   </div>
   <div class='ocr_carea' id='block_1_68' title="bbox 425 3733 2004 3807">
    <p class='ocr_par' dir='ltr' id='par_1_68' title="bbox 425 3733 2004 3807">
     <span class='ocr_line' id='line_1_69' title="bbox 425 3733 2004 3807; baseline 0.002 -20"><span class='ocrx_word' id='word_1_534' title='bbox 425 3751 550 3788; x_wconf 87' lang='lat' dir='ltr'>cum</span> <span class='ocrx_word' id='word_1_535' title='bbox 615 3733 829 3790; x_wconf 62' lang='lat' dir='ltr'><strong>Ca‘sare</strong></span> <span class='ocrx_word' id='word_1_536' title='bbox 885 3735 1214 3806; x_wconf 83' lang='lat' dir='ltr'><strong>conjunxit;</strong></span> <span class='ocrx_word' id='word_1_537' title='bbox 1271 3752 1334 3790; x_wconf 90' lang='lat' dir='ltr'>ac</span> <span class='ocrx_word' id='word_1_538' title='bbox 1375 3737 1463 3791; x_wconf 91' lang='lat' dir='ltr'><strong>ille</strong></span> <span class='ocrx_word' id='word_1_539' title='bbox 1505 3737 1727 3807; x_wconf 87' lang='lat' dir='ltr'><strong>quidem</strong></span> <span class='ocrx_word' id='word_1_540' title='bbox 1779 3737 2004 3792; x_wconf 81' lang='lat' dir='ltr'><strong>Sextum</strong></span> 
     </span>
    </p>
   </div>
   <div class='ocr_carea' id='block_1_69' title="bbox 424 3826 2011 3898">
    <p class='ocr_par' dir='ltr' id='par_1_69' title="bbox 424 3826 2011 3898">
     <span class='ocr_line' id='line_1_70' title="bbox 424 3826 2011 3898; baseline 0 -17"><span class='ocrx_word' id='word_1_541' title='bbox 424 3826 792 3891; x_wconf 81' lang='lat' dir='ltr'><strong>conﬁrmavit,</strong></span> <span class='ocrx_word' id='word_1_542' title='bbox 831 3827 921 3881; x_wconf 88' lang='lat' dir='ltr'>hic</span> <span class='ocrx_word' id='word_1_543' title='bbox 953 3836 1134 3882; x_wconf 92' lang='lat' dir='ltr'><strong>autem</strong></span> <span class='ocrx_word' id='word_1_544' title='bbox 1167 3843 1291 3882; x_wconf 92' lang='lat' dir='ltr'>cum</span> <span class='ocrx_word' id='word_1_545' title='bbox 1323 3828 1535 3883; x_wconf 67' lang='lat' dir='ltr'>CiCSﬂl‘C</span> <span class='ocrx_word' id='word_1_546' title='bbox 1569 3827 1729 3898; x_wconf 77' lang='lat'>517</span> <span class='ocrx_word' id='word_1_547' title='bbox 1776 3838 2011 3882; x_wconf 84' lang='lat' dir='ltr'><strong>conten-</strong></span> 
     </span>
    </p>
   </div>
   <div class='ocr_carea' id='block_1_70' title="bbox 423 3921 2011 3990">
    <p class='ocr_par' dir='ltr' id='par_1_70' title="bbox 423 3921 2011 3990">
     <span class='ocr_line' id='line_1_71' title="bbox 423 3921 2011 3990; baseline -0.001 -14"><span class='ocrx_word' id='word_1_548' title='bbox 423 3922 546 3986; x_wconf 88' lang='lat' dir='ltr'><strong>dit;</strong></span> <span class='ocrx_word' id='word_1_549' title='bbox 583 3937 706 3974; x_wconf 88' lang='lat' dir='ltr'>nam</span> <span class='ocrx_word' id='word_1_550' title='bbox 731 3937 796 3974; x_wconf 87' lang='lat' dir='ltr'>ex</span> <span class='ocrx_word' id='word_1_551' title='bbox 833 3935 991 3990; x_wconf 65' lang='lat' dir='ltr'><strong>aequo</strong></span> <span class='ocrx_word' id='word_1_552' title='bbox 1023 3937 1147 3975; x_wconf 90' lang='lat' dir='ltr'>cum</span> <span class='ocrx_word' id='word_1_553' title='bbox 1183 3937 1249 3976; x_wconf 92' lang='lat' dir='ltr'>eo</span> <span class='ocrx_word' id='word_1_554' title='bbox 1273 3921 1664 3976; x_wconf 88' lang='lat' dir='ltr'><strong>administrare</strong></span> <span class='ocrx_word' id='word_1_555' title='bbox 1695 3921 1866 3974; x_wconf 89' lang='lat' dir='ltr'><strong>voluit</strong></span> <span class='ocrx_word' id='word_1_556' title='bbox 1893 3935 2011 3974; x_wconf 84' lang='lat' dir='ltr'><strong>om-</strong></span> 
     </span>
    </p>
   </div>
   <div class='ocr_carea' id='block_1_71' title="bbox 423 4011 2007 4083">
    <p class='ocr_par' dir='ltr' id='par_1_71' title="bbox 423 4011 2007 4083">
     <span class='ocr_line' id='line_1_72' title="bbox 423 4011 2007 4083; baseline 0 -17"><span class='ocrx_word' id='word_1_557' title='bbox 423 4013 547 4078; x_wconf 84' lang='lat' dir='ltr'><strong>nia;</strong></span> <span class='ocrx_word' id='word_1_558' title='bbox 571 4013 754 4068; x_wconf 68' lang='lat' dir='ltr'><strong>Ctesar</strong></span> <span class='ocrx_word' id='word_1_559' title='bbox 775 4027 904 4066; x_wconf 87' lang='lat' dir='ltr'><strong>vero</strong></span> <span class='ocrx_word' id='word_1_560' title='bbox 927 4027 994 4067; x_wconf 90' lang='lat' dir='ltr'>eo</span> <span class='ocrx_word' id='word_1_561' title='bbox 1016 4028 1115 4082; x_wconf 89' lang='lat' dir='ltr'>pro</span> <span class='ocrx_word' id='word_1_562' title='bbox 1138 4012 1316 4083; x_wconf 82' lang='lat' dir='ltr'><strong>legato</strong></span> <span class='ocrx_word' id='word_1_563' title='bbox 1344 4013 1396 4064; x_wconf 92' lang='lat' dir='ltr'>in</span> <span class='ocrx_word' id='word_1_564' title='bbox 1417 4013 1674 4066; x_wconf 87' lang='lat' dir='ltr'><strong>omnibus</strong></span> <span class='ocrx_word' id='word_1_565' title='bbox 1700 4011 1774 4064; x_wconf 91' lang='lat' dir='ltr'>uti</span> <span class='ocrx_word' id='word_1_566' title='bbox 1797 4011 1968 4065; x_wconf 89' lang='lat' dir='ltr'><strong>voluit</strong></span> <span class='ocrx_word' id='word_1_567' title='bbox 1994 4029 2007 4066; x_wconf 90' lang='lat'><strong>:</strong></span> 
     </span>
    </p>
   </div>
   <div class='ocr_carea' id='block_1_72' title="bbox 419 4103 2009 4176">
    <p class='ocr_par' dir='ltr' id='par_1_72' title="bbox 419 4103 2009 4176">
     <span class='ocr_line' id='line_1_73' title="bbox 419 4103 2009 4176; baseline 0 -18"><span class='ocrx_word' id='word_1_568' title='bbox 419 4121 595 4176; x_wconf 86' lang='lat' dir='ltr'><strong>quare</strong></span> <span class='ocrx_word' id='word_1_569' title='bbox 663 4103 730 4158; x_wconf 88' lang='lat' dir='ltr'>ad</span> <span class='ocrx_word' id='word_1_570' title='bbox 783 4104 1007 4160; x_wconf 60' lang='lat' dir='ltr'><strong>Sextum</strong></span> <span class='ocrx_word' id='word_1_571' title='bbox 1059 4104 1362 4170; x_wconf 67' lang='lat' dir='ltr'><strong>inclinavit,</strong></span> <span class='ocrx_word' id='word_1_572' title='bbox 1426 4112 1482 4158; x_wconf 92' lang='lat' dir='ltr'>et</span> <span class='ocrx_word' id='word_1_573' title='bbox 1547 4104 1687 4158; x_wconf 87' lang='lat' dir='ltr'><strong>clam</strong></span> <span class='ocrx_word' id='word_1_574' title='bbox 1746 4119 1872 4158; x_wconf 89' lang='lat' dir='ltr'>cum</span> <span class='ocrx_word' id='word_1_575' title='bbox 1943 4117 2009 4158; x_wconf 92' lang='lat' dir='ltr'>eo</span> 
     </span>
    </p>
   </div>
   <div class='ocr_carea' id='block_1_73' title="bbox 425 4194 2010 4266">
    <p class='ocr_par' dir='ltr' id='par_1_73' title="bbox 425 4194 2010 4266">
     <span class='ocr_line' id='line_1_74' title="bbox 425 4194 2010 4266; baseline -0.004 -14"><span class='ocrx_word' id='word_1_576' title='bbox 425 4197 588 4253; x_wconf 85' lang='lat' dir='ltr'><strong>verba</strong></span> <span class='ocrx_word' id='word_1_577' title='bbox 647 4198 918 4263; x_wconf 87' lang='lat' dir='ltr'><strong>contulit;</strong></span> <span class='ocrx_word' id='word_1_578' title='bbox 981 4212 1090 4266; x_wconf 85' lang='lat' dir='ltr'>quo</span> <span class='ocrx_word' id='word_1_579' title='bbox 1139 4196 1313 4250; x_wconf 82' lang='lat' dir='ltr'><strong>C:esar</strong></span> <span class='ocrx_word' id='word_1_580' title='bbox 1366 4195 1784 4259; x_wconf 85' lang='lat' dir='ltr'><strong>animadverso,</strong></span> <span class='ocrx_word' id='word_1_581' title='bbox 1833 4194 2010 4264; x_wconf 90' lang='lat' dir='ltr'><strong>primo</strong></span> 
     </span>
    </p>
   </div>
   <div class='ocr_carea' id='block_1_74' title="bbox 409 4285 2008 4359">
    <p class='ocr_par' dir='ltr' id='par_1_74' title="bbox 409 4285 2008 4359">
     <span class='ocr_line' id='line_1_75' title="bbox 409 4285 2008 4359; baseline -0.001 -17"><span class='ocrx_word' id='word_1_582' title='bbox 409 4304 647 4359; x_wconf 82' lang='lat' dir='ltr'><strong>quoque</strong></span> <span class='ocrx_word' id='word_1_583' title='bbox 673 4298 916 4359; x_wconf 75' lang='lat' dir='ltr'><strong>tempore</strong></span> <span class='ocrx_word' id='word_1_584' title='bbox 950 4289 1271 4358; x_wconf 85' lang='lat' dir='ltr'><strong>priusquam</strong></span> <span class='ocrx_word' id='word_1_585' title='bbox 1321 4286 1526 4355; x_wconf 86' lang='lat' dir='ltr'><strong>aliquid</strong></span> <span class='ocrx_word' id='word_1_586' title='bbox 1558 4295 1876 4351; x_wconf 87' lang='lat' dir='ltr'><strong>novaretur,</strong></span> <span class='ocrx_word' id='word_1_587' title='bbox 1912 4285 2008 4340; x_wconf 87' lang='lat' dir='ltr'><strong>dc-</strong></span> 
     </span>
    </p>
   </div>
   <div class='ocr_carea' id='block_1_75' title="bbox 415 4375 2007 4445">
    <p class='ocr_par' dir='ltr' id='par_1_75' title="bbox 415 4375 2007 4445">
     <span class='ocr_line' id='line_1_76' title="bbox 415 4375 2007 4445; baseline -0.003 -12"><span class='ocrx_word' id='word_1_588' title='bbox 415 4395 654 4434; x_wconf 41' lang='lat' dir='ltr'><strong>»cerncre</strong></span> <span class='ocrx_word' id='word_1_589' title='bbox 689 4395 815 4434; x_wconf 90' lang='lat' dir='ltr'>cum</span> <span class='ocrx_word' id='word_1_590' title='bbox 843 4379 1009 4433; x_wconf 84' lang='lat' dir='ltr'><strong>Sexto</strong></span> <span class='ocrx_word' id='word_1_591' title='bbox 1043 4377 1295 4430; x_wconf 89' lang='lat' dir='ltr'><strong>instituit.</strong></span> <span class='ocrx_word' id='word_1_592' title='bbox 1329 4375 1464 4429; x_wconf 92' lang='lat' dir='ltr'><strong>Cum</strong></span> <span class='ocrx_word' id='word_1_593' title='bbox 1497 4375 1748 4445; x_wconf 64' lang='lat' dir='ltr'><strong>praelium</strong></span> <span class='ocrx_word' id='word_1_594' title='bbox 1786 4375 1839 4429; x_wconf 92' lang='lat' dir='ltr'>in</span> <span class='ocrx_word' id='word_1_595' title='bbox 1873 4375 2007 4430; x_wconf 86' lang='lat' dir='ltr'><strong>mari</strong></span> 
     </span>
    </p>
   </div>
   <div class='ocr_carea' id='block_1_76' title="bbox 413 4467 2007 4539">
    <p class='ocr_par' dir='ltr' id='par_1_76' title="bbox 413 4467 2007 4539">
     <span class='ocr_line' id='line_1_77' title="bbox 413 4467 2007 4539; baseline -0.003 -13"><span class='ocrx_word' id='word_1_596' title='bbox 413 4472 782 4526; x_wconf 84' lang='lat' dir='ltr'><strong>commissum</strong></span> <span class='ocrx_word' id='word_1_597' title='bbox 824 4468 1144 4539; x_wconf 87' lang='lat' dir='ltr'><strong>longissimo</strong></span> <span class='ocrx_word' id='word_1_598' title='bbox 1175 4477 1448 4536; x_wconf 89' lang='lat' dir='ltr'><strong>tempore,</strong></span> <span class='ocrx_word' id='word_1_599' title='bbox 1483 4467 1716 4522; x_wconf 76' lang='lat' dir='ltr'><strong>victoria</strong></span> <span class='ocrx_word' id='word_1_600' title='bbox 1757 4477 2007 4522; x_wconf 89' lang='lat' dir='ltr'><strong>neutram</strong></span> 
     </span>
    </p>
   </div>
   <div class='ocr_carea' id='block_1_77' title="bbox 427 4543 2008 4633">
    <p class='ocr_par' dir='ltr' id='par_1_77' title="bbox 427 4543 2008 4633">
     <span class='ocr_line' id='line_1_78' title="bbox 427 4543 2008 4633; baseline -0.001 -17"><span class='ocrx_word' id='word_1_601' title='bbox 427 4563 489 4616; x_wconf 83' lang='lat' dir='ltr'>in</span> <span class='ocrx_word' id='word_1_602' title='bbox 536 4573 748 4633; x_wconf 88' lang='lat' dir='ltr'><strong>partem</strong></span> <span class='ocrx_word' id='word_1_603' title='bbox 787 4561 1084 4614; x_wconf 84' lang='lat' dir='ltr'><strong>inclinante</strong></span> <span class='ocrx_word' id='word_1_604' title='bbox 1127 4557 1376 4624; x_wconf 87' lang='lat' dir='ltr'><strong>duraret,</strong></span> <span class='ocrx_word' id='word_1_605' title='bbox 1417 4543 1658 4628; x_wconf 84' lang='lat' dir='ltr'><strong>utrique</strong></span> <span class='ocrx_word' id='word_1_606' title='bbox 1724 4560 2008 4630; x_wconf 88' lang='lat' dir='ltr'><strong>pedestres</strong></span> 
     </span>
    </p>
   </div>
   <div class='ocr_carea' id='block_1_78' title="bbox 427 4650 2010 4724">
    <p class='ocr_par' dir='ltr' id='par_1_78' title="bbox 427 4650 2010 4724">
     <span class='ocr_line' id='line_1_79' title="bbox 427 4650 2010 4724; baseline -0.003 -16"><span class='ocrx_word' id='word_1_607' title='bbox 427 4657 707 4710; x_wconf 84' lang='lat' dir='ltr'><strong>exercitus</strong></span> <span class='ocrx_word' id='word_1_608' title='bbox 739 4653 792 4707; x_wconf 91' lang='lat' dir='ltr'>in</span> <span class='ocrx_word' id='word_1_609' title='bbox 840 4651 1125 4724; x_wconf 85' lang='lat' dir='ltr'><strong>procinctu</strong></span> <span class='ocrx_word' id='word_1_610' title='bbox 1166 4661 1310 4705; x_wconf 89' lang='lat' dir='ltr'><strong>terra</strong></span> <span class='ocrx_word' id='word_1_611' title='bbox 1342 4659 1572 4716; x_wconf 84' lang='lat' dir='ltr'><strong>stantes,</strong></span> <span class='ocrx_word' id='word_1_612' title='bbox 1613 4661 1870 4705; x_wconf 90' lang='lat' dir='ltr'><strong>eventum</strong></span> <span class='ocrx_word' id='word_1_613' title='bbox 1907 4650 2010 4705; x_wconf 84' lang='lat' dir='ltr'><strong>sol-</strong></span> 
     </span>
    </p>
   </div>
   <div class='ocr_carea' id='block_1_79' title="bbox 429 4727 2008 4816">
    <p class='ocr_par' dir='ltr' id='par_1_79' title="bbox 429 4727 2008 4816">
     <span class='ocr_line' id='line_1_80' title="bbox 429 4727 2008 4816; baseline -0.003 -14"><span class='ocrx_word' id='word_1_614' title='bbox 429 4727 622 4802; x_wconf 79' lang='lat' dir='ltr'><strong>licitati</strong></span> <span class='ocrx_word' id='word_1_615' title='bbox 659 4747 1105 4816; x_wconf 87' lang='lat' dir='ltr'><strong>speculabantur.</strong></span> <span class='ocrx_word' id='word_1_616' title='bbox 1137 4744 1306 4799; x_wconf 88' lang='lat' dir='ltr'><strong>Sexto</strong></span> <span class='ocrx_word' id='word_1_617' title='bbox 1343 4744 1562 4800; x_wconf 86' lang='lat' dir='ltr'><strong>tandem</strong></span> <span class='ocrx_word' id='word_1_618' title='bbox 1594 4743 1901 4816; x_wconf 82' lang='lat' dir='ltr'><strong>proﬂigato,</strong></span> <span class='ocrx_word' id='word_1_619' title='bbox 1932 4744 2008 4797; x_wconf 85' lang='lat' dir='ltr'><strong>al-</strong></span> 
     </span>
    </p>
   </div>
   <div class='ocr_carea' id='block_1_80' title="bbox 432 4837 2009 4910">
    <p class='ocr_par' dir='ltr' id='par_1_80' title="bbox 432 4837 2009 4910">
     <span class='ocr_line' id='line_1_81' title="bbox 432 4837 2009 4910; baseline -0.003 -16"><span class='ocrx_word' id='word_1_620' title='bbox 432 4841 535 4894; x_wconf 89' lang='lat' dir='ltr'><strong>teri</strong></span> <span class='ocrx_word' id='word_1_621' title='bbox 590 4854 816 4910; x_wconf 63' lang='lat' dir='ltr'><strong>paeanes</strong></span> <span class='ocrx_word' id='word_1_622' title='bbox 855 4837 1150 4900; x_wconf 88' lang='lat' dir='ltr'><strong>canebant,</strong></span> <span class='ocrx_word' id='word_1_623' title='bbox 1193 4838 1350 4891; x_wconf 84' lang='lat' dir='ltr'><strong>alteri</strong></span> <span class='ocrx_word' id='word_1_624' title='bbox 1405 4837 1849 4892; x_wconf 88' lang='lat' dir='ltr'><strong>lamentabantur</strong></span> <span class='ocrx_word' id='word_1_625' title='bbox 1892 4855 1905 4890; x_wconf 91' lang='lat'>:</span> <span class='ocrx_word' id='word_1_626' title='bbox 1947 4851 2009 4890; x_wconf 91' lang='lat' dir='ltr'>ac</span> 
     </span>
    </p>
   </div>
   <div class='ocr_carea' id='block_1_81' title="bbox 429 4929 2009 5002">
    <p class='ocr_par' dir='ltr' id='par_1_81' title="bbox 429 4929 2009 5002">
     <span class='ocr_line' id='line_1_82' title="bbox 429 4929 2009 5002; baseline -0.004 -13"><span class='ocrx_word' id='word_1_627' title='bbox 429 4931 580 4989; x_wconf 84' lang='lat' dir='ltr'><strong>Sexti</strong></span> <span class='ocrx_word' id='word_1_628' title='bbox 614 4931 834 5002; x_wconf 88' lang='lat' dir='ltr'><strong>pedites</strong></span> <span class='ocrx_word' id='word_1_629' title='bbox 865 4968 880 4994; x_wconf 85' lang='lat'>,</span> <span class='ocrx_word' id='word_1_630' title='bbox 911 4933 1067 5000; x_wconf 87' lang='lat' dir='ltr'><strong>quasi</strong></span> <span class='ocrx_word' id='word_1_631' title='bbox 1105 4941 1162 4986; x_wconf 89' lang='lat' dir='ltr'>et</span> <span class='ocrx_word' id='word_1_632' title='bbox 1195 4931 1298 5000; x_wconf 91' lang='lat' dir='ltr'><strong>ipsi</strong></span> <span class='ocrx_word' id='word_1_633' title='bbox 1343 4947 1447 4984; x_wconf 86' lang='lat' dir='ltr'>una</span> <span class='ocrx_word' id='word_1_634' title='bbox 1489 4946 1614 4986; x_wconf 91' lang='lat' dir='ltr'>cum</span> <span class='ocrx_word' id='word_1_635' title='bbox 1659 4931 1834 4984; x_wconf 87' lang='lat' dir='ltr'><strong>classe</strong></span> <span class='ocrx_word' id='word_1_636' title='bbox 1878 4929 2009 4984; x_wconf 83' lang='lat' dir='ltr'><strong>victi</strong></span> 
     </span>
    </p>
   </div>
   <div class='ocr_carea' id='block_1_82' title="bbox 430 5020 2008 5084">
    <p class='ocr_par' dir='ltr' id='par_1_82' title="bbox 430 5020 2008 5084">
     <span class='ocr_line' id='line_1_83' title="bbox 430 5020 2008 5084; baseline -0.002 -9"><span class='ocrx_word' id='word_1_637' title='bbox 430 5030 637 5084; x_wconf 83' lang='lat' dir='ltr'><strong>essent,</strong></span> <span class='ocrx_word' id='word_1_638' title='bbox 694 5020 1000 5074; x_wconf 83' lang='lat' dir='ltr'><strong>Messanam</strong></span> <span class='ocrx_word' id='word_1_639' title='bbox 1057 5020 1375 5075; x_wconf 87' lang='lat' dir='ltr'><strong>tendebant.</strong></span> <span class='ocrx_word' id='word_1_640' title='bbox 1422 5021 1604 5076; x_wconf 58' lang='lat' dir='ltr'><strong>Caesar</strong></span> <span class='ocrx_word' id='word_1_641' title='bbox 1656 5036 1785 5073; x_wconf 88' lang='lat' dir='ltr'><strong>vero</strong></span> <span class='ocrx_word' id='word_1_642' title='bbox 1835 5020 2008 5073; x_wconf 90' lang='lat' dir='ltr'><strong>victos</strong></span> 
     </span>
    </p>
   </div>
   <div class='ocr_carea' id='block_1_83' title="bbox 430 5111 2010 5182">
    <p class='ocr_par' dir='ltr' id='par_1_83' title="bbox 430 5111 2010 5182">
     <span class='ocr_line' id='line_1_84' title="bbox 430 5111 2010 5182; baseline -0.002 -16"><span class='ocrx_word' id='word_1_643' title='bbox 430 5111 526 5182; x_wconf 90' lang='lat' dir='ltr'>qui</span> <span class='ocrx_word' id='word_1_644' title='bbox 557 5111 612 5166; x_wconf 88' lang='lat' dir='ltr'>in</span> <span class='ocrx_word' id='word_1_645' title='bbox 637 5121 838 5165; x_wconf 90' lang='lat' dir='ltr'><strong>terram</strong></span> <span class='ocrx_word' id='word_1_646' title='bbox 865 5111 1184 5175; x_wconf 84' lang='lat' dir='ltr'><strong>enatabant,</strong></span> <span class='ocrx_word' id='word_1_647' title='bbox 1216 5112 1534 5182; x_wconf 85' lang='lat' dir='ltr'><strong>excipiebat</strong></span> <span class='ocrx_word' id='word_1_648' title='bbox 1561 5129 1575 5171; x_wconf 86' lang='lat'>;</span> <span class='ocrx_word' id='word_1_649' title='bbox 1610 5120 1665 5164; x_wconf 89' lang='lat' dir='ltr'>et</span> <span class='ocrx_word' id='word_1_650' title='bbox 1694 5125 1861 5163; x_wconf 70' lang='lat' dir='ltr'><strong>naves</strong></span> <span class='ocrx_word' id='word_1_651' title='bbox 1888 5126 2010 5180; x_wconf 79' lang='lat' dir='ltr'><strong>quze</strong></span> 
     </span>
    </p>
   </div>
   <div class='ocr_carea' id='block_1_84' title="bbox 433 5201 2011 5269">
    <p class='ocr_par' dir='ltr' id='par_1_84' title="bbox 433 5201 2011 5269">
     <span class='ocr_line' id='line_1_85' title="bbox 433 5201 2011 5269; baseline -0.002 -12"><span class='ocrx_word' id='word_1_652' title='bbox 433 5214 594 5257; x_wconf 65' lang='lat' dir='ltr'><strong>terrae</strong></span> <span class='ocrx_word' id='word_1_653' title='bbox 635 5203 1031 5269; x_wconf 86' lang='lat' dir='ltr'><strong>allidebantur,</strong></span> <span class='ocrx_word' id='word_1_654' title='bbox 1071 5204 1428 5258; x_wconf 87' lang='lat' dir='ltr'><strong>incendebat.</strong></span> <span class='ocrx_word' id='word_1_655' title='bbox 1461 5201 1676 5256; x_wconf 88' lang='lat' dir='ltr'><strong>Interea</strong></span> <span class='ocrx_word' id='word_1_656' title='bbox 1711 5202 2011 5255; x_wconf 88' lang='lat' dir='ltr'><strong>Democha-</strong></span> 
     </span>
    </p>
   </div>
   <div class='ocr_carea' id='block_1_85' title="bbox 429 5291 2010 5364">
    <p class='ocr_par' dir='ltr' id='par_1_85' title="bbox 429 5291 2010 5364">
     <span class='ocr_line' id='line_1_86' title="bbox 429 5291 2010 5364; baseline -0.003 -14"><span class='ocrx_word' id='word_1_657' title='bbox 429 5310 518 5350; x_wconf 86' lang='lat' dir='ltr'>res</span> <span class='ocrx_word' id='word_1_658' title='bbox 555 5295 660 5349; x_wconf 86' lang='lat' dir='ltr'><strong>sibi</strong></span> <span class='ocrx_word' id='word_1_659' title='bbox 697 5294 798 5364; x_wconf 89' lang='lat' dir='ltr'><strong>ipsi</strong></span> <span class='ocrx_word' id='word_1_660' title='bbox 833 5310 1024 5349; x_wconf 86' lang='lat' dir='ltr'><strong>manus</strong></span> <span class='ocrx_word' id='word_1_661' title='bbox 1052 5295 1236 5349; x_wconf 88' lang='lat' dir='ltr'><strong>attulit</strong></span> <span class='ocrx_word' id='word_1_662' title='bbox 1274 5311 1288 5347; x_wconf 90' lang='lat'><strong>:</strong></span> <span class='ocrx_word' id='word_1_663' title='bbox 1338 5292 1706 5362; x_wconf 82' lang='lat' dir='ltr'><strong>Apollodorus</strong></span> <span class='ocrx_word' id='word_1_664' title='bbox 1735 5292 1801 5346; x_wconf 88' lang='lat' dir='ltr'>ad</span> <span class='ocrx_word' id='word_1_665' title='bbox 1835 5291 2010 5346; x_wconf 58' lang='lat' dir='ltr'><strong>Cama-</strong></span> 
     </span>
    </p>
   </div>
   <div class='ocr_carea' id='block_1_86' title="bbox 431 5383 2004 5458">
    <p class='ocr_par' dir='ltr' id='par_1_86' title="bbox 431 5383 2004 5458">
     <span class='ocr_line' id='line_1_87' title="bbox 431 5383 2004 5458; baseline -0.002 -16"><span class='ocrx_word' id='word_1_666' title='bbox 431 5403 545 5442; x_wconf 89' lang='lat' dir='ltr'>rcm</span> <span class='ocrx_word' id='word_1_667' title='bbox 586 5387 810 5442; x_wconf 77' lang='lat' dir='ltr'><strong>defecit.</strong></span> <span class='ocrx_word' id='word_1_668' title='bbox 852 5386 998 5443; x_wconf 84' lang='lat' dir='ltr'><strong>Idem</strong></span> <span class='ocrx_word' id='word_1_669' title='bbox 1041 5397 1240 5458; x_wconf 70' lang='lat' dir='ltr'><strong>praeter</strong></span> <span class='ocrx_word' id='word_1_670' title='bbox 1274 5385 1412 5438; x_wconf 89' lang='lat' dir='ltr'><strong>alios</strong></span> <span class='ocrx_word' id='word_1_671' title='bbox 1446 5393 1500 5438; x_wconf 89' lang='lat' dir='ltr'>et</span> <span class='ocrx_word' id='word_1_672' title='bbox 1541 5383 1765 5449; x_wconf 87' lang='lat' dir='ltr'><strong>Gallus,</strong></span> <span class='ocrx_word' id='word_1_673' title='bbox 1802 5395 1857 5439; x_wconf 92' lang='lat' dir='ltr'>et</span> <span class='ocrx_word' id='word_1_674' title='bbox 1883 5385 2004 5454; x_wconf 84' lang='lat' dir='ltr'><strong>ejus</strong></span> 
     </span>
    </p>
   </div>
   <div class='ocr_carea' id='block_1_87' title="bbox 428 5474 2006 5549">
    <p class='ocr_par' dir='ltr' id='par_1_87' title="bbox 428 5474 2006 5549">
     <span class='ocr_line' id='line_1_88' title="bbox 428 5474 2006 5549; baseline -0.004 -16"><span class='ocrx_word' id='word_1_675' title='bbox 428 5479 645 5549; x_wconf 85' lang='lat' dir='ltr'><strong>equites</strong></span> <span class='ocrx_word' id='word_1_676' title='bbox 691 5495 924 5546; x_wconf 89' lang='lat' dir='ltr'><strong>omnes,</strong></span> <span class='ocrx_word' id='word_1_677' title='bbox 973 5489 1029 5535; x_wconf 89' lang='lat' dir='ltr'>et</span> <span class='ocrx_word' id='word_1_678' title='bbox 1061 5479 1281 5549; x_wconf 88' lang='lat' dir='ltr'><strong>quidem</strong></span> <span class='ocrx_word' id='word_1_679' title='bbox 1329 5474 1544 5544; x_wconf 87' lang='lat' dir='ltr'><strong>pedites</strong></span> <span class='ocrx_word' id='word_1_680' title='bbox 1596 5474 1792 5528; x_wconf 85' lang='lat' dir='ltr'><strong>imitati</strong></span> <span class='ocrx_word' id='word_1_681' title='bbox 1855 5483 2006 5528; x_wconf 81' lang='lat' dir='ltr'><strong>sunt.</strong></span> 
     </span>
    </p>
   </div>
   <div class='ocr_carea' id='block_1_88' title="bbox 429 5565 2011 5641">
    <p class='ocr_par' dir='ltr' id='par_1_88' title="bbox 429 5565 2011 5641">
     <span class='ocr_line' id='line_1_89' title="bbox 429 5565 2011 5641; baseline -0.006 -14"><span class='ocrx_word' id='word_1_682' title='bbox 429 5573 620 5641; x_wconf 86' lang='lat' dir='ltr'><strong>Itaque</strong></span> <span class='ocrx_word' id='word_1_683' title='bbox 669 5570 889 5636; x_wconf 87' lang='lat' dir='ltr'><strong>Sextus,</strong></span> <span class='ocrx_word' id='word_1_684' title='bbox 938 5570 1246 5640; x_wconf 88' lang='lat' dir='ltr'><strong>desperatis</strong></span> <span class='ocrx_word' id='word_1_685' title='bbox 1281 5567 1447 5621; x_wconf 88' lang='lat' dir='ltr'><strong>rebus</strong></span> <span class='ocrx_word' id='word_1_686' title='bbox 1477 5565 1583 5620; x_wconf 80' lang='lat' dir='ltr'><strong>lilia</strong></span> <span class='ocrx_word' id='word_1_687' title='bbox 1621 5582 1748 5620; x_wconf 89' lang='lat' dir='ltr'>cum</span> <span class='ocrx_word' id='word_1_688' title='bbox 1786 5565 1910 5619; x_wconf 89' lang='lat' dir='ltr'><strong>aliis</strong></span> <span class='ocrx_word' id='word_1_689' title='bbox 1953 5574 2011 5620; x_wconf 92' lang='lat' dir='ltr'>et</span> 
     </span>
    </p>
   </div>
   <div class='ocr_carea' id='block_1_89' title="bbox 430 5657 2013 5734">
    <p class='ocr_par' dir='ltr' id='par_1_89' title="bbox 430 5657 2013 5734">
     <span class='ocr_line' id='line_1_90' title="bbox 430 5657 2013 5734; baseline -0.005 -18"><span class='ocrx_word' id='word_1_690' title='bbox 430 5663 666 5734; x_wconf 83' lang='lat' dir='ltr'><strong>pecunia</strong></span> <span class='ocrx_word' id='word_1_691' title='bbox 717 5673 774 5717; x_wconf 89' lang='lat' dir='ltr'>et</span> <span class='ocrx_word' id='word_1_692' title='bbox 829 5661 1249 5731; x_wconf 80' lang='lat' dir='ltr'><strong>ptetiosissimis</strong></span> <span class='ocrx_word' id='word_1_693' title='bbox 1315 5658 1630 5728; x_wconf 88' lang='lat' dir='ltr'><strong>quibusque</strong></span> <span class='ocrx_word' id='word_1_694' title='bbox 1691 5657 1859 5712; x_wconf 89' lang='lat' dir='ltr'><strong>rebus</strong></span> <span class='ocrx_word' id='word_1_695' title='bbox 1922 5657 2013 5708; x_wconf 85' lang='lat' dir='ltr'><strong>lir—</strong></span> 
     </span>
    </p>
   </div>
   <div class='ocr_carea' id='block_1_90' title="bbox 418 5749 2013 5822">
    <p class='ocr_par' dir='ltr' id='par_1_90' title="bbox 418 5749 2013 5822">
     <span class='ocr_line' id='line_1_91' title="bbox 418 5749 2013 5822; baseline -0.003 -11"><span class='ocrx_word' id='word_1_696' title='bbox 418 5756 692 5812; x_wconf 79' lang='lat' dir='ltr'><strong>missimis</strong></span> <span class='ocrx_word' id='word_1_697' title='bbox 735 5754 970 5808; x_wconf 86' lang='lat' dir='ltr'><strong>navibus</strong></span> <span class='ocrx_word' id='word_1_698' title='bbox 1015 5752 1322 5822; x_wconf 84' lang='lat' dir='ltr'><strong>impositis,</strong></span> <span class='ocrx_word' id='word_1_699' title='bbox 1374 5760 1539 5805; x_wconf 92' lang='lat' dir='ltr'><strong>noctu</strong></span> <span class='ocrx_word' id='word_1_700' title='bbox 1587 5749 1766 5817; x_wconf 90' lang='lat' dir='ltr'><strong>abiit,</strong></span> <span class='ocrx_word' id='word_1_701' title='bbox 1821 5765 2013 5820; x_wconf 86' lang='lat' dir='ltr'><strong>perse-</strong></span> 
     </span>
    </p>
   </div>
   <div class='ocr_carea' id='block_1_91' title="bbox 2113 3551 3629 3623">
    <p class='ocr_par' dir='ltr' id='par_1_91' title="bbox 2113 3551 3629 3623">
     <span class='ocr_line' id='line_1_92' title="bbox 2113 3551 3629 3623; baseline -0.001 -19"><span class='ocrx_word' id='word_1_702' title='bbox 2113 3568 2241 3622; x_wconf 89' lang='grc' dir='ltr'>σαρι</span> <span class='ocrx_word' id='word_1_703' title='bbox 2300 3553 2430 3623; x_wconf 80' lang='grc' dir='ltr'>περὶ</span> <span class='ocrx_word' id='word_1_704' title='bbox 2454 3553 2512 3606; x_wconf 73' lang='grc' dir='ltr'>τὸ</span> <span class='ocrx_word' id='word_1_705' title='bbox 2538 3554 2883 3623; x_wconf 86' lang='grc' dir='ltr'>Ἀρτεμίσιον</span> <span class='ocrx_word' id='word_1_706' title='bbox 2940 3553 2968 3604; x_wconf 90' lang='lat'>6</span> <span class='ocrx_word' id='word_1_707' title='bbox 3013 3551 3212 3615; x_wconf 75' lang='grc' dir='ltr'>Σέξτος</span> <span class='ocrx_word' id='word_1_708' title='bbox 3263 3553 3629 3620; x_wconf 80' lang='grc' dir='ltr'>ἀντεστρατοπεο</span> 
     </span>
    </p>
   </div>
   <div class='ocr_carea' id='block_1_92' title="bbox 2110 3641 3628 3715">
    <p class='ocr_par' dir='ltr' id='par_1_92' title="bbox 2110 3641 3628 3715">
     <span class='ocr_line' id='line_1_93' title="bbox 2110 3641 3628 3715; baseline -0.004 -17"><span class='ocrx_word' id='word_1_709' title='bbox 2110 3645 2358 3700; x_wconf 84' lang='grc' dir='ltr'>δεύσατο.</span> <span class='ocrx_word' id='word_1_710' title='bbox 2394 3645 2873 3715; x_wconf 79' lang='grc' dir='ltr'>’Λντικαθημένων</span> <span class='ocrx_word' id='word_1_711' title='bbox 2897 3642 2940 3696; x_wconf 84' lang='grc' dir='ltr'>δ’</span> <span class='ocrx_word' id='word_1_712' title='bbox 2973 3642 3231 3714; x_wconf 79' lang='grc' dir='ltr'>ἀλλήλοις</span> <span class='ocrx_word' id='word_1_713' title='bbox 3272 3647 3362 3696; x_wconf 81' lang='grc' dir='ltr'>καὶ</span> <span class='ocrx_word' id='word_1_714' title='bbox 3403 3641 3628 3713; x_wconf 64' lang='lat'><em>6196661:-</em></span> 
     </span>
    </p>
   </div>
   <div class='ocr_carea' id='block_1_93' title="bbox 2111 3736 3630 3810">
    <p class='ocr_par' dir='ltr' id='par_1_93' title="bbox 2111 3736 3630 3810">
     <span class='ocr_line' id='line_1_94' title="bbox 2111 3736 3630 3810; baseline 0 -23"><span class='ocrx_word' id='word_1_715' title='bbox 2111 3736 2357 3806; x_wconf 77' lang='grc' dir='ltr'>ζομένων</span> <span class='ocrx_word' id='word_1_716' title='bbox 2391 3737 2469 3804; x_wconf 83' lang='grc' dir='ltr'>τῷ</span> <span class='ocrx_word' id='word_1_717' title='bbox 2496 3739 2595 3808; x_wconf 81' lang='grc' dir='ltr'>μὲν</span> <span class='ocrx_word' id='word_1_718' title='bbox 2623 3738 2802 3810; x_wconf 80' lang='grc' dir='ltr'>Σέξτῳ</span> <span class='ocrx_word' id='word_1_719' title='bbox 2852 3740 2880 3791; x_wconf 84' lang='lat'>6</span> <span class='ocrx_word' id='word_1_720' title='bbox 2931 3739 3158 3802; x_wconf 84' lang='grc' dir='ltr'>Γάλλος,</span> <span class='ocrx_word' id='word_1_721' title='bbox 3215 3738 3290 3807; x_wconf 78' lang='grc' dir='ltr'>τῷ</span> <span class='ocrx_word' id='word_1_722' title='bbox 3347 3737 3400 3790; x_wconf 87' lang='grc' dir='ltr'>δέ</span> <span class='ocrx_word' id='word_1_723' title='bbox 3447 3737 3630 3806; x_wconf 78' lang='grc' dir='ltr'>Καίσαρι</span> 
     </span>
    </p>
   </div>
   <div class='ocr_carea' id='block_1_94' title="bbox 2109 3828 3627 3902">
    <p class='ocr_par' dir='ltr' id='par_1_94' title="bbox 2109 3828 3627 3902">
     <span class='ocr_line' id='line_1_95' title="bbox 2109 3828 3627 3902; baseline -0.003 -21"><span class='ocrx_word' id='word_1_724' title='bbox 2109 3829 2137 3881; x_wconf 79' lang='lat'>6</span> <span class='ocrx_word' id='word_1_725' title='bbox 2157 3828 2389 3892; x_wconf 79' lang='grc' dir='ltr'>Λέπιδος</span> <span class='ocrx_word' id='word_1_726' title='bbox 2411 3830 2506 3882; x_wconf 76' lang='grc' dir='ltr'>σὺν</span> <span class='ocrx_word' id='word_1_727' title='bbox 2538 3833 2662 3893; x_wconf 89' lang='grc' dir='ltr'>ταῖς</span> <span class='ocrx_word' id='word_1_728' title='bbox 2691 3830 2959 3900; x_wconf 84' lang='grc' dir='ltr'>δυνάμεσι</span> <span class='ocrx_word' id='word_1_729' title='bbox 2988 3833 3363 3902; x_wconf 84' lang='grc' dir='ltr'>προσήνωντο.</span> <span class='ocrx_word' id='word_1_730' title='bbox 3402 3831 3534 3881; x_wconf 71' lang='grc' dir='ltr'>Καῖο</span> <span class='ocrx_word' id='word_1_731' title='bbox 3557 3828 3627 3897; x_wconf 78' lang='grc' dir='ltr'>μὲν</span> 
     </span>
    </p>
   </div>
   <div class='ocr_carea' id='block_1_95' title="bbox 2111 3918 3628 3993">
    <p class='ocr_par' dir='ltr' id='par_1_95' title="bbox 2111 3918 3628 3993">
     <span class='ocr_line' id='line_1_96' title="bbox 2111 3918 3628 3993; baseline -0.002 -21"><span class='ocrx_word' id='word_1_732' title='bbox 2111 3919 2315 3983; x_wconf 84' lang='grc' dir='ltr'>Γάλλος</span> <span class='ocrx_word' id='word_1_733' title='bbox 2349 3921 2635 3993; x_wconf 80' lang='grc' dir='ltr'>ἐπέρρωσε</span> <span class='ocrx_word' id='word_1_734' title='bbox 2659 3921 2750 3974; x_wconf 78' lang='grc' dir='ltr'>τὸν</span> <span class='ocrx_word' id='word_1_735' title='bbox 2783 3923 2999 3988; x_wconf 78' lang='grc' dir='ltr'>Σέξτον,</span> <span class='ocrx_word' id='word_1_736' title='bbox 3032 3924 3059 3974; x_wconf 97' lang='lat'>6</span> <span class='ocrx_word' id='word_1_737' title='bbox 3085 3923 3142 3973; x_wconf 87' lang='grc' dir='ltr'>δέ</span> <span class='ocrx_word' id='word_1_738' title='bbox 3173 3920 3396 3983; x_wconf 85' lang='grc' dir='ltr'>Λέπιδος</span> <span class='ocrx_word' id='word_1_739' title='bbox 3428 3918 3628 3990; x_wconf 79' lang='grc' dir='ltr'>διηνέχθη</span> 
     </span>
    </p>
   </div>
   <div class='ocr_carea' id='block_1_96' title="bbox 2111 4010 3630 4084">
    <p class='ocr_par' dir='ltr' id='par_1_96' title="bbox 2111 4010 3630 4084">
     <span class='ocr_line' id='line_1_97' title="bbox 2111 4010 3630 4084; baseline -0.005 -20"><span class='ocrx_word' id='word_1_740' title='bbox 2111 4012 2190 4081; x_wconf 79' lang='grc' dir='ltr'>τῷ</span> <span class='ocrx_word' id='word_1_741' title='bbox 2227 4012 2494 4082; x_wconf 83' lang='grc' dir='ltr'>Καίσαρι,</span> <span class='ocrx_word' id='word_1_742' title='bbox 2519 4013 2681 4076; x_wconf 73' lang='grc' dir='ltr'>αὐτὸς</span> <span class='ocrx_word' id='word_1_743' title='bbox 2725 4014 2823 4084; x_wconf 81' lang='grc' dir='ltr'>μὲν</span> <span class='ocrx_word' id='word_1_744' title='bbox 2853 4015 2917 4066; x_wconf 89' lang='grc' dir='ltr'>ἐκ</span> <span class='ocrx_word' id='word_1_745' title='bbox 2949 4031 3046 4067; x_wconf 87' lang='grc' dir='ltr'>του</span> <span class='ocrx_word' id='word_1_746' title='bbox 3091 4015 3212 4070; x_wconf 79' lang='grc' dir='ltr'>[σου</span> <span class='ocrx_word' id='word_1_747' title='bbox 3256 4013 3543 4066; x_wconf 83' lang='grc' dir='ltr'>συνδιοικεῖν</span> <span class='ocrx_word' id='word_1_748' title='bbox 3564 4010 3630 4060; x_wconf 76' lang='grc' dir='ltr'>αὑ-</span> 
     </span>
    </p>
   </div>
   <div class='ocr_carea' id='block_1_97' title="bbox 2112 4102 3626 4174">
    <p class='ocr_par' dir='ltr' id='par_1_97' title="bbox 2112 4102 3626 4174">
     <span class='ocr_line' id='line_1_98' title="bbox 2112 4102 3626 4174; baseline -0.004 -18"><span class='ocrx_word' id='word_1_749' title='bbox 2112 4102 2191 4174; x_wconf 82' lang='grc' dir='ltr'>τῷ</span> <span class='ocrx_word' id='word_1_750' title='bbox 2226 4105 2294 4156; x_wconf 81' lang='grc' dir='ltr'>τά</span> <span class='ocrx_word' id='word_1_751' title='bbox 2321 4105 2500 4158; x_wconf 82' lang='grc' dir='ltr'>πάντα</span> <span class='ocrx_word' id='word_1_752' title='bbox 2533 4104 2877 4174; x_wconf 81' lang='grc' dir='ltr'>βουλόμενος,</span> <span class='ocrx_word' id='word_1_753' title='bbox 2902 4105 3115 4158; x_wconf 85' lang='grc' dir='ltr'>ἐκείνου</span> <span class='ocrx_word' id='word_1_754' title='bbox 3175 4106 3233 4159; x_wconf 84' lang='grc' dir='ltr'>δὲ</span> <span class='ocrx_word' id='word_1_755' title='bbox 3294 4104 3366 4167; x_wconf 83' lang='grc' dir='ltr'>ὡς</span> <span class='ocrx_word' id='word_1_756' title='bbox 3407 4103 3626 4171; x_wconf 51' lang='lat'>67:03:91-</span> 
     </span>
    </p>
   </div>
   <div class='ocr_carea' id='block_1_98' title="bbox 2113 4193 3631 4269">
    <p class='ocr_par' dir='ltr' id='par_1_98' title="bbox 2113 4193 3631 4269">
     <span class='ocr_line' id='line_1_99' title="bbox 2113 4193 3631 4269; baseline -0.016 -3"><span class='ocrx_word' id='word_1_757' title='bbox 2113 4197 2267 4269; x_wconf 70' lang='grc' dir='ltr'>τήγφ</span> <span class='ocrx_word' id='word_1_758' title='bbox 2303 4197 2450 4268; x_wconf 72' lang='grc' dir='ltr'>αὖτῷ</span> <span class='ocrx_word' id='word_1_759' title='bbox 2487 4198 2774 4268; x_wconf 82' lang='grc' dir='ltr'>χρωμένου</span> <span class='ocrx_word' id='word_1_760' title='bbox 2820 4200 2877 4250; x_wconf 93' lang='grc' dir='ltr'>ἐν</span> <span class='ocrx_word' id='word_1_761' title='bbox 2916 4199 3106 4252; x_wconf 79' lang='grc' dir='ltr'>ἅπασι.</span> <span class='ocrx_word' id='word_1_762' title='bbox 3177 4202 3268 4251; x_wconf 84' lang='grc' dir='ltr'>Διὸ</span> <span class='ocrx_word' id='word_1_763' title='bbox 3310 4199 3396 4250; x_wconf 77' lang='grc' dir='ltr'>καὶ</span> <span class='ocrx_word' id='word_1_764' title='bbox 3429 4195 3542 4266; x_wconf 73' lang='grc' dir='ltr'>πρὸς</span> <span class='ocrx_word' id='word_1_765' title='bbox 3565 4193 3631 4243; x_wconf 73' lang='grc' dir='ltr'>τίν</span> 
     </span>
    </p>
   </div>
   <div class='ocr_carea' id='block_1_99' title="bbox 2115 4286 3630 4358">
    <p class='ocr_par' dir='ltr' id='par_1_99' title="bbox 2115 4286 3630 4358">
     <span class='ocr_line' id='line_1_100' title="bbox 2115 4286 3630 4358; baseline -0.001 -16"><span class='ocrx_word' id='word_1_766' title='bbox 2115 4291 2308 4356; x_wconf 76' lang='grc' dir='ltr'>Σέξτον</span> <span class='ocrx_word' id='word_1_767' title='bbox 2341 4290 2624 4354; x_wconf 82' lang='grc' dir='ltr'>ἀπέκλινε,</span> <span class='ocrx_word' id='word_1_768' title='bbox 2661 4291 2756 4342; x_wconf 77' lang='grc' dir='ltr'>καὶ</span> <span class='ocrx_word' id='word_1_769' title='bbox 2800 4291 3199 4358; x_wconf 79' lang='grc' dir='ltr'>ἐκοινολογεῖτο</span> <span class='ocrx_word' id='word_1_770' title='bbox 3255 4291 3322 4344; x_wconf 79' lang='grc' dir='ltr'>δι’</span> <span class='ocrx_word' id='word_1_771' title='bbox 3366 4286 3630 4358; x_wconf 66' lang='grc' dir='ltr'>ἀπορρήτων</span> 
     </span>
    </p>
   </div>
   <div class='ocr_carea' id='block_1_100' title="bbox 2111 4374 3631 4452">
    <p class='ocr_par' dir='ltr' id='par_1_100' title="bbox 2111 4374 3631 4452">
     <span class='ocr_line' id='line_1_101' title="bbox 2111 4374 3631 4452; baseline -0.003 -19"><span class='ocrx_word' id='word_1_772' title='bbox 2111 4381 2284 4450; x_wconf 84' lang='grc' dir='ltr'>αὐτῷ.</span> <span class='ocrx_word' id='word_1_773' title='bbox 2350 4382 2415 4434; x_wconf 86' lang='lat' dir='ltr'>&quot;O</span> <span class='ocrx_word' id='word_1_774' title='bbox 2467 4381 2775 4450; x_wconf 84' lang='grc' dir='ltr'>ὑπονοήσας</span> <span class='ocrx_word' id='word_1_775' title='bbox 2817 4382 2844 4433; x_wconf 88' lang='lat'>6</span> <span class='ocrx_word' id='word_1_776' title='bbox 2898 4383 3120 4452; x_wconf 80' lang='grc' dir='ltr'>Καῖσαρ</span> <span class='ocrx_word' id='word_1_777' title='bbox 3174 4381 3406 4434; x_wconf 82' lang='grc' dir='ltr'>ἔσπευσε</span> <span class='ocrx_word' id='word_1_778' title='bbox 3455 4374 3559 4446; x_wconf 82' lang='grc' dir='ltr'>πρίν</span> <span class='ocrx_word' id='word_1_779' title='bbox 3597 4390 3631 4422; x_wconf 79' lang='grc' dir='ltr'>τι</span> 
     </span>
    </p>
   </div>
   <div class='ocr_carea' id='block_1_101' title="bbox 2111 4463 3633 4544">
    <p class='ocr_par' dir='ltr' id='par_1_101' title="bbox 2111 4463 3633 4544">
     <span class='ocr_line' id='line_1_102' title="bbox 2111 4463 3633 4544; baseline -0.007 -18"><span class='ocrx_word' id='word_1_780' title='bbox 2111 4472 2496 4542; x_wconf 77' lang='grc' dir='ltr'>νεοχμωθῆναι</span> <span class='ocrx_word' id='word_1_781' title='bbox 2528 4473 2614 4525; x_wconf 74' lang='grc' dir='ltr'>διὰ</span> <span class='ocrx_word' id='word_1_782' title='bbox 2658 4473 2847 4543; x_wconf 75' lang='grc' dir='ltr'>μάχης</span> <span class='ocrx_word' id='word_1_783' title='bbox 2911 4473 2988 4543; x_wconf 84' lang='grc' dir='ltr'>τῷ</span> <span class='ocrx_word' id='word_1_784' title='bbox 3044 4474 3228 4544; x_wconf 82' lang='grc' dir='ltr'>Σέξτῳ</span> <span class='ocrx_word' id='word_1_785' title='bbox 3277 4474 3520 4543; x_wconf 77' lang='grc' dir='ltr'>χωρῆσαι.</span> <span class='ocrx_word' id='word_1_786' title='bbox 3555 4463 3633 4518; x_wconf 69' lang='grc' dir='ltr'>Καὶ</span> 
     </span>
    </p>
   </div>
   <div class='ocr_carea' id='block_1_102' title="bbox 2113 4556 3632 4636">
    <p class='ocr_par' dir='ltr' id='par_1_102' title="bbox 2113 4556 3632 4636">
     <span class='ocr_line' id='line_1_103' title="bbox 2113 4556 3632 4636; baseline -0.003 -20"><span class='ocrx_word' id='word_1_787' title='bbox 2113 4564 2421 4634; x_wconf 83' lang='grc' dir='ltr'>ναυμαχίας</span> <span class='ocrx_word' id='word_1_788' title='bbox 2447 4581 2506 4616; x_wconf 89' lang='grc' dir='ltr'>τε</span> <span class='ocrx_word' id='word_1_789' title='bbox 2538 4565 2681 4616; x_wconf 76' lang='grc' dir='ltr'>κατὰ</span> <span class='ocrx_word' id='word_1_790' title='bbox 2712 4566 2992 4618; x_wconf 82' lang='grc' dir='ltr'>θάλασσαν</span> <span class='ocrx_word' id='word_1_791' title='bbox 3025 4565 3411 4636; x_wconf 74' lang='grc' dir='ltr'>συρῤαγείσης,</span> <span class='ocrx_word' id='word_1_792' title='bbox 3441 4556 3632 4613; x_wconf 68' lang='grc' dir='ltr'>καὶκατίι</span> 
     </span>
    </p>
   </div>
   <div class='ocr_carea' id='block_1_103' title="bbox 2113 4651 3628 4728">
    <p class='ocr_par' dir='ltr' id='par_1_103' title="bbox 2113 4651 3628 4728">
     <span class='ocr_line' id='line_1_104' title="bbox 2113 4651 3628 4728; baseline -0.007 -19"><span class='ocrx_word' id='word_1_793' title='bbox 2113 4655 2216 4724; x_wconf 78' lang='grc' dir='ltr'>γῆν</span> <span class='ocrx_word' id='word_1_794' title='bbox 2245 4655 2354 4706; x_wconf 90' lang='grc' dir='ltr'>τῶν</span> <span class='ocrx_word' id='word_1_795' title='bbox 2393 4655 2575 4720; x_wconf 74' lang='grc' dir='ltr'>πεζῶν</span> <span class='ocrx_word' id='word_1_796' title='bbox 2615 4657 2819 4725; x_wconf 61' lang='grc' dir='ltr'>ἀμφοῖν</span> <span class='ocrx_word' id='word_1_797' title='bbox 2853 4657 3360 4728; x_wconf 84' lang='grc' dir='ltr'>παρατεταγμένων</span> <span class='ocrx_word' id='word_1_798' title='bbox 3405 4654 3484 4706; x_wconf 76' lang='grc' dir='ltr'>ἐπὶ</span> <span class='ocrx_word' id='word_1_799' title='bbox 3531 4651 3628 4700; x_wconf 68' lang='grc' dir='ltr'>πολὺ</span> 
     </span>
    </p>
   </div>
   <div class='ocr_carea' id='block_1_104' title="bbox 2116 4746 3630 4820">
    <p class='ocr_par' dir='ltr' id='par_1_104' title="bbox 2116 4746 3630 4820">
     <span class='ocr_line' id='line_1_105' title="bbox 2116 4746 3630 4820; baseline -0.007 -21"><span class='ocrx_word' id='word_1_800' title='bbox 2116 4748 2214 4817; x_wconf 81' lang='grc' dir='ltr'>τῆς</span> <span class='ocrx_word' id='word_1_801' title='bbox 2237 4749 2552 4817; x_wconf 84' lang='grc' dir='ltr'>ναυμαχίας</span> <span class='ocrx_word' id='word_1_802' title='bbox 2582 4749 2880 4819; x_wconf 87' lang='grc' dir='ltr'>γινομένης</span> <span class='ocrx_word' id='word_1_803' title='bbox 2916 4750 3223 4820; x_wconf 70' lang='grc' dir='ltr'>ἰσορρόπου</span> <span class='ocrx_word' id='word_1_804' title='bbox 3255 4766 3309 4801; x_wconf 90' lang='grc' dir='ltr'>τε</span> <span class='ocrx_word' id='word_1_805' title='bbox 3345 4749 3432 4800; x_wconf 73' lang='grc' dir='ltr'>καὶ</span> <span class='ocrx_word' id='word_1_806' title='bbox 3489 4746 3630 4796; x_wconf 72' lang='lat' dir='ltr'><strong>laom-</strong></span> 
     </span>
    </p>
   </div>
   <div class='ocr_carea' id='block_1_105' title="bbox 2049 4819 3632 4908">
    <p class='ocr_par' dir='ltr' id='par_1_105' title="bbox 2049 4819 3632 4908">
     <span class='ocr_line' id='line_1_106' title="bbox 2049 4819 3632 4908; baseline -0.006 -20"><span class='ocrx_word' id='word_1_807' title='bbox 2049 4819 2092 4873; x_wconf 82' lang='grc' dir='ltr'>Ῑ)</span> <span class='ocrx_word' id='word_1_808' title='bbox 2118 4834 2266 4901; x_wconf 80' lang='grc' dir='ltr'>λοῦς,</span> <span class='ocrx_word' id='word_1_809' title='bbox 2303 4835 2371 4888; x_wconf 82' lang='grc' dir='ltr'>τά</span> <span class='ocrx_word' id='word_1_810' title='bbox 2399 4836 2540 4900; x_wconf 80' lang='grc' dir='ltr'>πεζά</span> <span class='ocrx_word' id='word_1_811' title='bbox 2570 4836 2666 4890; x_wconf 67' lang='grc' dir='ltr'>καὶ</span> <span class='ocrx_word' id='word_1_812' title='bbox 2693 4837 2861 4907; x_wconf 77' lang='grc' dir='ltr'>ἄμφω</span> <span class='ocrx_word' id='word_1_813' title='bbox 2891 4819 3287 4908; x_wconf 78' lang='grc' dir='ltr'>στρατεύματα</span> <span class='ocrx_word' id='word_1_814' title='bbox 3341 4833 3546 4889; x_wconf 84' lang='grc' dir='ltr'>ἐθεῶντο</span> <span class='ocrx_word' id='word_1_815' title='bbox 3567 4827 3632 4880; x_wconf 74' lang='grc' dir='ltr'>καὶ</span> 
     </span>
    </p>
   </div>
   <div class='ocr_carea' id='block_1_106' title="bbox 2119 4920 3631 4999">
    <p class='ocr_par' dir='ltr' id='par_1_106' title="bbox 2119 4920 3631 4999">
     <span class='ocr_line' id='line_1_107' title="bbox 2119 4920 3631 4999; baseline 0.001 -21"><span class='ocrx_word' id='word_1_816' title='bbox 2119 4926 2392 4995; x_wconf 73' lang='grc' dir='ltr'>ἠγωνίων.</span> <span class='ocrx_word' id='word_1_817' title='bbox 2437 4927 2596 4980; x_wconf 69' lang='grc' dir='ltr'>Ἐπεὶ</span> <span class='ocrx_word' id='word_1_818' title='bbox 2624 4927 2670 4980; x_wconf 83' lang='lat'><em>6&#39;</em></span> <span class='ocrx_word' id='word_1_819' title='bbox 2695 4929 2746 4980; x_wconf 81' lang='grc' dir='ltr'>οἱ</span> <span class='ocrx_word' id='word_1_820' title='bbox 2790 4927 2887 4980; x_wconf 82' lang='grc' dir='ltr'>τοῦ</span> <span class='ocrx_word' id='word_1_821' title='bbox 2920 4926 3115 4994; x_wconf 80' lang='grc' dir='ltr'>Σέξτου</span> <span class='ocrx_word' id='word_1_822' title='bbox 3139 4931 3449 4999; x_wconf 79' lang='grc' dir='ltr'>ἐτράποντο,</span> <span class='ocrx_word' id='word_1_823' title='bbox 3473 4925 3515 4975; x_wconf 74' lang='grc' dir='ltr'>οἱ</span> <span class='ocrx_word' id='word_1_824' title='bbox 3561 4920 3631 4989; x_wconf 73' lang='grc' dir='ltr'>μὲν</span> 
     </span>
    </p>
   </div>
   <div class='ocr_carea' id='block_1_107' title="bbox 2118 5011 3626 5091">
    <p class='ocr_par' dir='ltr' id='par_1_107' title="bbox 2118 5011 3626 5091">
     <span class='ocr_line' id='line_1_108' title="bbox 2118 5011 3626 5091; baseline -0.005 -20"><span class='ocrx_word' id='word_1_825' title='bbox 2118 5020 2471 5080; x_wconf 78' lang='grc' dir='ltr'>ἐπαιάνισαν,</span> <span class='ocrx_word' id='word_1_826' title='bbox 2507 5023 2554 5072; x_wconf 78' lang='lat' dir='ltr'>oi</span> <span class='ocrx_word' id='word_1_827' title='bbox 2578 5019 2624 5072; x_wconf 77' lang='grc' dir='ltr'>δ’</span> <span class='ocrx_word' id='word_1_828' title='bbox 2660 5019 3022 5091; x_wconf 75' lang='grc' dir='ltr'>ὠλοφύροντο.</span> <span class='ocrx_word' id='word_1_829' title='bbox 3069 5021 3178 5074; x_wconf 81' lang='grc' dir='ltr'>Καὶ</span> <span class='ocrx_word' id='word_1_830' title='bbox 3219 5023 3266 5074; x_wconf 85' lang='lat' dir='ltr'>oi</span> <span class='ocrx_word' id='word_1_831' title='bbox 3309 5022 3406 5089; x_wconf 76' lang='grc' dir='ltr'>μὲν</span> <span class='ocrx_word' id='word_1_832' title='bbox 3427 5016 3507 5070; x_wconf 82' lang='grc' dir='ltr'>τοῦ</span> <span class='ocrx_word' id='word_1_833' title='bbox 3530 5011 3626 5075; x_wconf 76' lang='grc' dir='ltr'>Σέξο</span> 
     </span>
    </p>
   </div>
   <div class='ocr_carea' id='block_1_108' title="bbox 2117 5105 3630 5187">
    <p class='ocr_par' dir='ltr' id='par_1_108' title="bbox 2117 5105 3630 5187">
     <span class='ocr_line' id='line_1_109' title="bbox 2117 5105 3630 5187; baseline -0.007 -21"><span class='ocrx_word' id='word_1_834' title='bbox 2117 5131 2212 5166; x_wconf 90' lang='grc' dir='ltr'>του</span> <span class='ocrx_word' id='word_1_835' title='bbox 2281 5113 2442 5178; x_wconf 76' lang='grc' dir='ltr'>πεζοὶ</span> <span class='ocrx_word' id='word_1_836' title='bbox 2491 5117 2625 5186; x_wconf 75' lang='grc' dir='ltr'>πρὸς</span> <span class='ocrx_word' id='word_1_837' title='bbox 2665 5116 2764 5185; x_wconf 79' lang='grc' dir='ltr'>τὴν</span> <span class='ocrx_word' id='word_1_838' title='bbox 2823 5117 3084 5187; x_wconf 80' lang='grc' dir='ltr'>Μεσήνην</span> <span class='ocrx_word' id='word_1_839' title='bbox 3135 5115 3396 5187; x_wconf 82' lang='grc' dir='ltr'>ἐχώρουν,</span> <span class='ocrx_word' id='word_1_840' title='bbox 3453 5113 3532 5165; x_wconf 80' lang='grc' dir='ltr'>ἇτε</span> <span class='ocrx_word' id='word_1_841' title='bbox 3566 5105 3630 5158; x_wconf 77' lang='grc' dir='ltr'>καὶ</span> 
     </span>
    </p>
   </div>
   <div class='ocr_carea' id='block_1_109' title="bbox 2126 5201 3628 5278">
    <p class='ocr_par' dir='ltr' id='par_1_109' title="bbox 2126 5201 3628 5278">
     <span class='ocr_line' id='line_1_110' title="bbox 2126 5201 3628 5278; baseline -0.005 -21"><span class='ocrx_word' id='word_1_842' title='bbox 2126 5207 2284 5258; x_wconf 73' lang='grc' dir='ltr'>αὐτοὶ</span> <span class='ocrx_word' id='word_1_843' title='bbox 2345 5205 2772 5278; x_wconf 82' lang='grc' dir='ltr'>συνηττηθέντες</span> <span class='ocrx_word' id='word_1_844' title='bbox 2820 5207 2900 5278; x_wconf 82' lang='grc' dir='ltr'>τῷ</span> <span class='ocrx_word' id='word_1_845' title='bbox 2952 5207 3215 5278; x_wconf 79' lang='grc' dir='ltr'>ναυτικῷ.</span> <span class='ocrx_word' id='word_1_846' title='bbox 3281 5205 3337 5260; x_wconf 83' lang='grc' dir='ltr'><strong>Ὀ</strong></span> <span class='ocrx_word' id='word_1_847' title='bbox 3366 5205 3418 5258; x_wconf 81' lang='grc' dir='ltr'>δὲ</span> <span class='ocrx_word' id='word_1_848' title='bbox 3465 5201 3628 5265; x_wconf 72' lang='grc' dir='ltr'>Καῖσαρ</span> 
     </span>
    </p>
   </div>
   <div class='ocr_carea' id='block_1_110' title="bbox 2116 5288 3630 5371">
    <p class='ocr_par' dir='ltr' id='par_1_110' title="bbox 2116 5288 3630 5371">
     <span class='ocr_line' id='line_1_111' title="bbox 2116 5288 3630 5371; baseline 0 -19"><span class='ocrx_word' id='word_1_849' title='bbox 2116 5300 2246 5362; x_wconf 79' lang='grc' dir='ltr'>τοὺς</span> <span class='ocrx_word' id='word_1_850' title='bbox 2276 5300 2645 5362; x_wconf 83' lang='grc' dir='ltr'>ἐκπίπτοντας</span> <span class='ocrx_word' id='word_1_851' title='bbox 2675 5299 2786 5352; x_wconf 90' lang='grc' dir='ltr'>τῶν</span> <span class='ocrx_word' id='word_1_852' title='bbox 2816 5300 3146 5371; x_wconf 72' lang='grc' dir='ltr'>ἡττωμένων</span> <span class='ocrx_word' id='word_1_853' title='bbox 3175 5301 3257 5362; x_wconf 83' lang='grc' dir='ltr'>είς</span> <span class='ocrx_word' id='word_1_854' title='bbox 3282 5299 3376 5366; x_wconf 76' lang='grc' dir='ltr'>τὴν</span> <span class='ocrx_word' id='word_1_855' title='bbox 3412 5295 3502 5362; x_wconf 75' lang='grc' dir='ltr'>γῆν</span> <span class='ocrx_word' id='word_1_856' title='bbox 3547 5288 3630 5352; x_wconf 61' lang='grc' dir='ltr'>ἒξῦ</span> 
     </span>
    </p>
   </div>
   <div class='ocr_carea' id='block_1_111' title="bbox 2113 5383 3626 5460">
    <p class='ocr_par' dir='ltr' id='par_1_111' title="bbox 2113 5383 3626 5460">
     <span class='ocr_line' id='line_1_112' title="bbox 2113 5383 3626 5460; baseline -0.009 -18"><span class='ocrx_word' id='word_1_857' title='bbox 2113 5389 2302 5458; x_wconf 80' lang='grc' dir='ltr'>δέκετο</span> <span class='ocrx_word' id='word_1_858' title='bbox 2327 5390 2420 5441; x_wconf 78' lang='grc' dir='ltr'>καὶ</span> <span class='ocrx_word' id='word_1_859' title='bbox 2443 5389 2554 5441; x_wconf 90' lang='grc' dir='ltr'>τῶν</span> <span class='ocrx_word' id='word_1_860' title='bbox 2575 5390 2802 5459; x_wconf 80' lang='grc' dir='ltr'>σκαφῶν</span> <span class='ocrx_word' id='word_1_861' title='bbox 2825 5389 2927 5444; x_wconf 86' lang='grc' dir='ltr'>ὅσα</span> <span class='ocrx_word' id='word_1_862' title='bbox 2952 5388 3324 5460; x_wconf 83' lang='grc' dir='ltr'>προσὼκειλον</span> <span class='ocrx_word' id='word_1_863' title='bbox 3350 5383 3626 5452; x_wconf 77' lang='grc' dir='ltr'>ἐνεπίμπρα.</span> 
     </span>
    </p>
   </div>
   <div class='ocr_carea' id='block_1_112' title="bbox 2117 5561 3629 5644">
    <p class='ocr_par' dir='ltr' id='par_1_112' title="bbox 2117 5561 3629 5644">
     <span class='ocr_line' id='line_1_113' title="bbox 2117 5561 3629 5644; baseline -0.01 -19"><span class='ocrx_word' id='word_1_864' title='bbox 2117 5571 2162 5624; x_wconf 72' lang='grc' dir='ltr'>δ’</span> <span class='ocrx_word' id='word_1_865' title='bbox 2203 5570 2607 5642; x_wconf 74' lang='grc' dir='ltr'>’Λπολλόὸωρος</span> <span class='ocrx_word' id='word_1_866' title='bbox 2649 5571 2726 5642; x_wconf 82' lang='grc' dir='ltr'>τῷ</span> <span class='ocrx_word' id='word_1_867' title='bbox 2764 5573 3006 5644; x_wconf 83' lang='grc' dir='ltr'>Καίσαρι</span> <span class='ocrx_word' id='word_1_868' title='bbox 3055 5571 3456 5644; x_wconf 78' lang='grc' dir='ltr'>προσεχώρησε.</span> <span class='ocrx_word' id='word_1_869' title='bbox 3501 5561 3629 5616; x_wconf 70' lang='grc' dir='ltr'>Τοίττι</span> 
     </span>
    </p>
   </div>
   <div class='ocr_carea' id='block_1_113' title="bbox 2121 5647 3628 5724">
    <p class='ocr_par' dir='ltr' id='par_1_113' title="bbox 2121 5647 3628 5724">
     <span class='ocr_line' id='line_1_114' title="bbox 2121 5647 3628 5724; baseline -0.005 -10"><span class='ocrx_word' id='word_1_870' title='bbox 2121 5661 2180 5714; x_wconf 78' lang='grc' dir='ltr'>δὲ</span> <span class='ocrx_word' id='word_1_871' title='bbox 2219 5661 2372 5714; x_wconf 73' lang='grc' dir='ltr'>ἄλλοι</span> <span class='ocrx_word' id='word_1_872' title='bbox 2399 5678 2457 5714; x_wconf 90' lang='grc' dir='ltr'>τε</span> <span class='ocrx_word' id='word_1_873' title='bbox 2493 5657 2586 5713; x_wconf 75' lang='grc' dir='ltr'>καὶ</span> <span class='ocrx_word' id='word_1_874' title='bbox 2615 5662 2642 5713; x_wconf 90' lang='lat'>6</span> <span class='ocrx_word' id='word_1_875' title='bbox 2670 5660 2872 5724; x_wconf 84' lang='grc' dir='ltr'>Γάλλος</span> <span class='ocrx_word' id='word_1_876' title='bbox 2899 5661 2993 5714; x_wconf 74' lang='grc' dir='ltr'>καὶ</span> <span class='ocrx_word' id='word_1_877' title='bbox 3025 5663 3074 5715; x_wconf 84' lang='lat' dir='ltr'>oi</span> <span class='ocrx_word' id='word_1_878' title='bbox 3103 5663 3288 5724; x_wconf 80' lang='grc' dir='ltr'>ἱππεῖς</span> <span class='ocrx_word' id='word_1_879' title='bbox 3318 5662 3363 5712; x_wconf 79' lang='lat' dir='ltr'>oi</span> <span class='ocrx_word' id='word_1_880' title='bbox 3390 5659 3475 5710; x_wconf 80' lang='grc' dir='ltr'>σὺν</span> <span class='ocrx_word' id='word_1_881' title='bbox 3516 5647 3628 5715; x_wconf 78' lang='grc' dir='ltr'>αὐτῷ</span> 
     </span>
    </p>
   </div>
   <div class='ocr_carea' id='block_1_114' title="bbox 2123 5732 3624 5822">
    <p class='ocr_par' dir='ltr' id='par_1_114' title="bbox 2123 5738 3624 5822">
     <span class='ocr_line' id='line_1_115' title="bbox 2123 5738 3624 5822; baseline -0.009 -8"><span class='ocrx_word' id='word_1_882' title='bbox 2123 5752 2322 5814; x_wconf 74' lang='grc' dir='ltr'>πάντες</span> <span class='ocrx_word' id='word_1_883' title='bbox 2355 5751 2448 5805; x_wconf 77' lang='grc' dir='ltr'>καί</span> <span class='ocrx_word' id='word_1_884' title='bbox 2495 5767 2637 5814; x_wconf 77' lang='grc' dir='ltr'>τινες</span> <span class='ocrx_word' id='word_1_885' title='bbox 2683 5752 2792 5806; x_wconf 86' lang='grc' dir='ltr'>τῶν</span> <span class='ocrx_word' id='word_1_886' title='bbox 2822 5752 3007 5816; x_wconf 73' lang='grc' dir='ltr'>πεζῶν</span> <span class='ocrx_word' id='word_1_887' title='bbox 3049 5753 3424 5822; x_wconf 79' lang='grc' dir='ltr'>πεποιήκασιν.</span> <span class='ocrx_word' id='word_1_888' title='bbox 3460 5747 3507 5798; x_wconf 90' lang='lat'>&#39;0</span> <span class='ocrx_word' id='word_1_889' title='bbox 3531 5738 3624 5800; x_wconf 68' lang='grc' dir='ltr'>Σέξο</span> 
     </span>
    </p>
   </div>
  </div>
