3748 6608
161 437 242 502 877
1343 412 1751 476 ANNALIUM
1791 412 1940 473 LIB.
1984 412 2053 477 X.

3205 421 3315 485 878

160 566 227 613 τος
265 544 302 600 δ’
326 533 537 596 inﬂat
583 529 856 601 ἀπογνοὺς
909 528 1003 584 καὶ
1052 526 1151 599 τὴν
1207 527 1486 600 θυγατέρα
1542 544 1639 585 και

1834 536 1950 582 ante
2003 526 2265 593 nemine,
2316 535 2434 582 tum
2488 529 2638 600 quad
2688 530 2829 587 clam
2887 534 3150 603 silverat,
3199 546 3314 593 tum

156 640 305 697 mou;
339 622 639 702 παραλαϐὼν
668 622 738 695 τά
769 638 830 677 τε
865 621 1131 693 χρήματα
1158 619 1253 675 καὶ
1302 618 1413 675 τῶν
1459 618 1636 674 ἄλλων

153 729 202 782 τὰ
224 719 471 793 τιμιώτερα
500 714 572 775 είς
598 713 698 776 τὰς
740 712 875 776 ναῦς
913 709 1010 773 τὰς
1054 708 1336 779 κρείττους
1372 707 1481 762 τῶν
1527 725 1629 762 σω-

149 816 300 875 θεισῶν
317 810 576 876 ἐνθέμενος
601 807 785 876 ἀπῆρε
817 803 1034 869 νυκτὸς,
1079 802 1191 857 οὐδ’
1242 801 1501 868 ἐπεδίωξέ
1551 819 1637 867 τις

146 909 286 970 αὑτὸν,
313 906 384 959 ὅτι
407 917 460 956 τε
484 897 655 967 λάθρα
686 895 988 962 ἐξέπλευσε
1023 895 1118 949 καὶ
1148 896 1176 949 ὁ
1203 896 1424 965 Καίσαρ
1450 894 1509 947 ἐν
1539 910 1634 964 με·

141 1004 244 1073 γάλῃ
264 998 429 1068 γέγονε
450 994 684 1064 ταραχῇ.
735 991 794 1044 ’0
838 990 950 1062 γὰρ
997 988 1230 1053 Λέπιδος
1285 990 1353 1060 τῇ
1407 987 1634 1059 Mearm;

141 1093 331 1150 ἐπελθὼν
355 1088 442 1142 καὶ
466 1084 762 1156 είσδεχθεὶς
791 1085 872 1150 είς
901 1082 1098 1152 αὐτὴν,
1132 1080 1202 1136 τὰ
1241 1080 1344 1151 μὲν
1402 1081 1632 1148 ἐνεπίμ-

135 1202 236 1257 πρα,
257 1185 315 1236 τε
349 1180 392 1233 δ’
413 1178 678 1249 ἥρπαζεν.
710 1171 848 1231 Εἶτα
886 1174 1147 1246 φοϐηθεὶς
1194 1171 1497 1227 ἐπελθόντα
1540 1171 1633 1226 τὸν

134 1275 335 1343 Καίσαρα
362 1270 448 1322 ἐπὶ
484 1267 643 1336 λόφον
690 1269 963 1337 καρτερὸν
1000 1261 1631 1335 στρατοπεδευσάμενος,

130 1367 265 1421 πάντα
278 1380 329 1414 τε
344 1363 436 1414 ὅσα
456 1358 815 1430 ἐλαττοῦσθαι
833 1355 1083 1430 ἐνόμιζεν
1113 1355 1439 1412 ἐπενεκάλει
1460 1353 1631 1425 αύτῷ,

127 1458 195 1511 καὶ
221 1453 391 1525 ἀπῄτει
420 1429 703 1524 δσαάὑτῷ
727 1449 869 1506 κατὰ
892 1429 993 1521 τὴν
1024 1448 1251 1522 πρώτην
1288 1446 1632 1517 συνωμοσίαν

122 1550 307 1611 ἐδέδοτο,
350 1545 437 1599 καὶ
493 1545 593 1617 τῆς
650 1543 905 1607 Σικελίας
945 1544 1293 1597 ἀντεποιεῖτο
1343 1539 1420 1605 ώς
1460 1539 1633 1609 αὑτὴν

122 1638 611 1709 καταστρεψάμενος,
647 1638 741 1691 καὶ⁸
766 1635 944 1691 ταῦτα
974 1636 1211 1705 πέμπων
1234 1633 1390 1698 τινας
1433 1632 1632 1701 ὡμίλει

124 1736 180 1804 τῷ
208 1733 442 1803 Καίσαρι,
482 1731 624 1801 ἔχων
659 1729 725 1793 ἃς
747 1731 798 1782 τ’
833 1730 899 1782 ἐκ
928 1731 1029 1800 τῆς
1069 1727 1280 1797 Λιϐύης
1309 1726 1521 1796 ἐπῆκτο
1542 1725 1633 1795 δυ,-

119 1828 266 1895 νάμεις
293 1822 533 1886 καὶτοὺς
564 1822 625 1873 ἐν
674 1824 742 1893 τῇ
802 1820 1035 1893 Μεσήνη
1095 1817 1633 1888 ἐγκαταλειφθέντας

1742 615 1891 687 quod
1921 615 2105 673 Caesar
2128 616 2534 701 {pertimueraL
2561 618 2805 691 Lepidus
2829 622 2978 677 enim
3010 624 3316 683 Messanam

1742 722 2057 778 aggressus,
2087 716 2144 763 et
2183 709 2462 766 manibus
2489 720 2769 781 receptus,
2808 712 2919 768 alia
2963 711 3317 783 incendebat,

1743 799 1850 854 alia
1914 799 2188 871 rapiebat.
2235 801 2446 858 Deinde
2483 801 2720 859 Caesaris
2771 804 3015 861 adventu
3064 808 3315 873 territus.

1742 890 1939 947 castris
1976 892 2030 946 iu
2063 892 2492 949 munitissimum
2538 896 2810 951 tumulum
2855 898 3159 964 translatis,
3188 914 3315 955 cum

1741 999 1810 1038 eo
1850 984 1919 1040 de
1978 984 2145 1042 rebus
2185 987 2443 1043 omnibus
2484 988 2539 1043 in
2589 989 2795 1059 quibus
2820 990 2875 1045 in
2916 990 3174 1062 iujuriam
3210 992 3317 1049 sibi

1742 1075 1859 1131 ﬁeri
1907 1076 2159 1146 putabat,
2196 1078 2585 1148 expostulavit,
2634 1090 2693 1137 et
2733 1096 2798 1137 ea
2856 1085 3040 1139 omnia
3092 1099 3215 1155 qua
3260 1086 3317 1141 in

1740 1173 1917 1242 prima
1948 1172 2331 1244 coniuratione
2355 1173 2461 1229 sibi
2496 1189 2760 1233 concessa
2784 1189 2978 1235 essent
3005 1178 3274 1250 ﬂagitavit
3299 1221 3314 1246 ,

1738 1270 1794 1317 et
1843 1263 2089 1319 Siciliam
2124 1265 2273 1335 quod
2302 1279 2426 1320 eam
2474 1265 2789 1338 subegisset
2841 1269 2949 1325 sibi
2991 1270 3311 1328 vindicavit.

1739 1354 1872 1422 Quae
1900 1370 2027 1410 cum
2066 1370 2167 1427 per
2188 1356 2403 1426 legatos
2423 1366 2631 1429 ageret,
2679 1360 2854 1431 copiis
2881 1377 3020 1432 quas
3040 1379 3104 1418 ex
3131 1364 3314 1421 Africa

1739 1446 2048 1503 adduxerat
2109 1448 2397 1515 munitus,
2437 1457 2496 1505 et
2545 1449 2615 1504 iis
2652 1451 2751 1521 qui
2820 1452 3081 1516 Messanae
3136 1456 3315 1513 relicti

1736 1545 1903 1593 erant
1956 1540 2151 1596 ascitis
2204 1540 2466 1597 omnibus
2507 1541 2692 1598 Cmsar
2736 1544 2907 1598 armis
2950 1544 3124 1603 fretus
3186 1563 3311 1603 cum

1740 1630 1931 1699 paucis
1963 1631 2031 1686 ad
2077 1646 2206 1687 eum
2246 1633 2349 1689 ivit
2385 1651 2399 1687 :
2435 1642 2494 1689 et
2532 1635 2661 1705 quia
2704 1645 2932 1706 propter
2978 1639 3313 1707 paucitatem

1736 1722 2126 1777 comitantium
2159 1722 2227 1778 de
2252 1740 2387 1796 pace
2417 1734 2647 1782 acturus
2686 1729 3000 1798 putabatur,
3048 1731 3104 1785 in
3134 1741 3314 1788 castra

1736 1823 1824 1869 est
1852 1822 2133 1885 receptus.
2177 1816 2285 1873 Sed
2331 1832 2457 1872 cum
2498 1818 2636 1873 nihil
2687 1819 2754 1873 ad
2807 1821 3312 1879 reconciliationem

116 1921 296 1980 πάντας.
342 1914 396 1969 '0
423 1914 479 1968 δὲ
519 1913 743 1985 Καῖσαρ
803 1915 919 1977 τοῖς
973 1911 1159 1975 ὅπλοις
1216 1909 1439 1982 θαρρῶν
1469 1908 1596 1963 εὑθὺ

1834 1915 2084 1975 ueretur,
2135 1908 2331 1979 Lepidi
2379 1909 2585 1966 milites
2638 1909 2870 1976 irritati,
2921 1913 3190 1982 quosdam
3245 1930 3314 1970 ex

117 2008 337 2064 ἐπάὑτὺν
368 2006 483 2080 μετ’
514 2006 716 2077 ὀλίγων
754 2005 915 2059 τινῶν
944 2004 1202 2078 ὥρμησε.
1241 2005 1412 2070 Adin;
1454 2005 1514 2060 δὲ
1542 2005 1631 2059 διὰ

113 2103 185 2172 τὴν
222 2098 317 2153 τῶν
376 2097 767 2167 συνεπομένων
826 2097 1181 2169 ὀλιγανδρίαν
1245 2097 1527 2168 εἰρηνικόν
1577 2115 1632 2151 τι

113 2193 313 2263 πράξειν,
342 2192 395 2254 ἐς
415 2190 475 2243 τὸ
510 2189 879 2261 στρατόπεδ;ν
912 2189 1218 2261 εἰσεδέχθη.
1263 2188 1351 2254 Ὠς
1383 2189 1431 2243 δ’
1469 2190 1625 2245 οὐδὲν

111 2284 214 2353 πρὸς
243 2281 328 2353 τὴν
353 2280 706 2355 καταλλαγὴν
732 2280 919 2353 ἔλεγε,
951 2280 1390 2354 παρωξύνθησαν
1426 2282 1479 2336 οί
1536 2280 1630 2336 τοῦ

110 2375 319 2438 Λεπίδου,
345 2374 616 2439 καίτινας
644 2375 755 2430 τῶν
796 2375 1008 2433 ἐκείνου
1066 2376 1419 2443 ἀπέκτειναν,
1468 2375 1632 2439 αὑτὸς

105 2466 310 2539 δὲσώθη
334 2467 597 2539 βοηθείας
630 2468 834 2540 τυχών.
896 2469 1009 2523 Καὶ
1072 2467 1214 2540 μετὰ
1265 2469 1425 2523 τοῦτο
1474 2464 1633 2533 αὖθις

103 2556 294 2628 ἐπῆλθεν
318 2558 504 2622 αὑτοῖς
563 2561 667 2613 σὺν
728 2560 895 2614 παντὶ
944 2559 1023 2630 τῷ
1086 2561 1483 2632 στρατεύματι,
1541 2563 1635 2616 καὶ

100 2651 365 2721 ἐπολιόρκει
390 2651 769 2719 κατακλείσας
805 2654 946 2725 σφᾶς
976 2656 1056 2720 είς
1078 2655 1137 2708 τὸ
1170 2657 1487 2726 ταφρεύμα.
1528 2656 1629 2710 (lto-

98 2741 308 2810 δηθέντες
327 2742 420 2796 οὑν
450 2744 561 2817 τὴν
597 2745 801 2801 ἆλωσιν
829 2746 1021 2819 ἀθρόοι
1088 2747 1188 2819 μὲν
1208 2745 1522 2819 αἰδούμενοι
1542 2749 1634 2805 τὸν

97 2830 287 2884 Λέπιδον
326 2831 385 2885 οὑ
439 2832 799 2905 μετέστησαν
859 2839 997 2908 πρὸς
1043 2839 1134 2890 τὶν
1187 2830 1466 2911 Καίσαρα,
1511 2838 1633 2893 κατ’

94 2920 265 2987 ὀλίγους
294 2923 350 2976 δὲ
382 2924 787 2997 προσεχώρουν
827 2926 999 3001 αὑτῷ.
1050 2928 1160 2982 Καὶ
1189 2927 1333 2984 οὑτω
1381 2931 1637 2994 κάκεῖνος

95 3011 330 3086 ἐθελοντὴς
365 3015 536 3086 δῆθεν
564 3020 621 3073 ἐν
652 3017 844 3089 ἐσθῆτι
880 3021 1014 3091 φαιᾷ
1054 3021 1241 3090 ἱκέτης
1279 3020 1430 3091 αὐτῷ
1459 3037 1635 3094 προσ-

92 3104 296 3175 ελήλυθε.
325 3107 436 3161 Καὶ
491 3112 523 3163 ὁ
565 3111 666 3182 μὲν
699 3111 799 3183 τῆς
828 3112 1079 3179 ἐξουσίας
1105 3130 1165 3166 τε
1189 3112 1475 3185 παρελύθη
1540 3115 1636 3168 καὶ

92 3199 135 3248 ἐν
156 3200 210 3268 τῇ
245 3199 444 3272 Ἰταλία
475 3200 702 3257 δίαιταν
739 3203 1039 3275 ἐπεποίητο
1064 3204 1377 3278 ἔμφρουρον
1398 3223 1414 3238 ο
1455 3206 1556 3259 τῶν
1580 3206 1636 3260 δέ
1663 3242 1703 3301 c

88 3288 137 3339 τὰ
178 3288 262 3343 τοῦ
314 3291 520 3359 Σέξτου
589 3294 918 3365 πραξάντων
975 3295 1129 3360 τινας
1188 3296 1290 3369 μὲν
1349 3296 1630 3365 ἐκόλασεν,

91 3383 229 3446 ἐνίους
255 3383 296 3436 δ’
324 3383 546 3456 ἀφῆκε·
586 3388 683 3442 καὶ
704 3387 814 3441 τῶν
859 3387 1069 3442 πόλεων
1100 3389 1199 3445 τὰς
1227 3388 1326 3459 μὲν
1372 3390 1634 3454 ἑκουσίως

86 3480 534 3551 πῳσχωρησάσας
593 3479 742 3551 αὑτῷ
809 3479 1143 3553 συγγνώμης
1172 3480 1393 3550 ἠξίωσε,
1437 3482 1536 3546 τὰς
1589 3481 1634 3535 δ’

84 3569 371 3633 ἀντιστάσας
427 3570 592 3642 αύτῷ
649 3571 993 3629 ἐδικαίωσεν.
1053 3573 1119 3625 Ui
1197 3572 1529 3645 στρατιῶται
1578 3574 1636 3626 δὲ

79 3662 371 3719 ἐστασίασαν
414 3682 481 3719 τε
541 3664 640 3718 καὶ
687 3665 1075 3737 ἐθρασύνοντο,
1124 3666 1218 3720 καὶ
1248 3664 1635 3735 συλλεγόμειοι

79 3754 209 3824 ᾔτουν
231 3756 471 3822 ἕκαστος
502 3756 537 3811 ὅ
574 3757 782 3815 ἐπόθει.
816 3759 925 3813 Τοῦ
951 3759 1007 3813 δὲ
1034 3758 1313 3832 Καίσαρος
1350 3759 1409 3812 ἐν
1436 3760 1634 3827 ὀλίγως

76 3849 147 3917 ρίᾳ
175 3853 307 3921 σφας
335 3850 712 3922 ποιουμένου,
754 3851 831 3915 ὠς
880 3855 955 3924 μή
1005 3869 1152 3916 τινος
1187 3850 1448 3925 πολεμίου
1488 3868 1637 3924 παρ-

73 3939 213 4005 όντος,
268 3943 642 4012 ἐπηπείλουν.
679 3940 769 4007 Ὦς
800 3943 847 3997 δ’
887 3944 1043 3999 οὐδὲν
1090 3944 1275 4016 ῆνυον,
1327 3946 1425 4016 τῆς
1474 3962 1639 4017 στρα-

67 4029 186 4091 τείας
211 4032 490 4105 ἀφεθῆναι
539 4029 729 4103 ὴξίουν
764 4030 924 4104 θυμῷ
951 4032 1046 4085 καὶ
1073 4031 1196 4103 βοῇ.
1222 4029 1504 4101 Λήψεσθαι
1528 4036 1636 4107 γὰρ

71 4122 273 4189 ἤλπισαν
313 4126 350 4180 ἆ
386 4125 651 4198 ἀπῄτουν
676 4124 765 4179 διὰ
805 4127 904 4189 τὴν
934 4125 1165 4198 ἀπειλὴν
1191 4125 1291 4196 τῆς
1317 4124 1638 4195 ἐγκαταλεί·

62 4217 198 4284 Ψεως.
249 4217 311 4274 ’0
341 4220 403 4274 δὲ
436 4220 673 4289 Καίσαρ
716 4218 792 4290 μὴ
822 4214 934 4273 δεῖν
964 4217 1204 4288 νομίζων
1239 4220 1332 4271 τὸν
1386 4219 1624 4287 ἄρχοντα

64 4308 111 4373 ἐξ
132 4312 371 4385 ἀνάγκης
408 4315 538 4377 τοῖς
565 4312 828 4382 ὑπηκόοις
849 4311 1118 4377 ὑπείκειν,
1141 4309 1338 4377 εὑλογὰ
1354 4326 1410 4361 τε
1441 4307 1636 4370 αὐτοὺς

57 4402 216 4466 ἀξιοῦν
284 4407 427 4476 ἔφη,
495 4403 600 4460 καὶ
650 4402 805 4476 διῆκε
868 4402 1091 4472 πρῶτον
1127 4403 1225 4473 μὲν
1254 4402 1377 4465 τοὺς
1411 4401 1507 4453 ἐπὶ
1545 4400 1637 4453 τὸν

66 4492 328 4549 ’Λντώνιον
348 4494 519 4569 αὑτῷ
550 4490 1075 4565 συστρατεύσαντας·
1099 4491 1174 4557 ὡς
1207 4492 1263 4546 δὲ
1289 4492 1384 4545 καὶ
1410 4492 1460 4544 οἱ
1491 4490 1637 4544 ἄλλοι

1733 1998 1854 2069 ejus
1885 1999 2149 2055 comitatu
2176 1999 2538 2068 occiderunt;
2571 2000 2689 2071 ipse
2714 2012 2995 2072 protectus
3024 2021 3054 2059 a
3080 2006 3306 2075 quibus-

1734 2088 1859 2144 dam
1902 2091 2102 2147 evasit.
2151 2092 2362 2148 Deinde
2391 2103 2504 2149 toto
2536 2095 2781 2161 exercitu
2808 2110 3001 2152 rursus
3032 2098 3272 2154 adducto
3296 2140 3313 2161 ,

1734 2196 1833 2238 eos
1867 2184 1924 2237 in
1955 2183 2100 2239 vallo
2122 2184 2345 2240 obsedit
2374 2202 2386 2239 :
2435 2186 2598 2256 cujus
2625 2158 3090 2257 expugnationem
3122 2192 3309 2256 veriti,

1734 2273 1928 2347 Lepidi
1969 2275 2300 2332 verecundia
2332 2277 2575 2333 universi
2610 2277 2676 2333 ad
2710 2277 2979 2334 Caesarem
3017 2296 3127 2337 non
3160 2283 3312 2339 defod-

1735 2378 1953 2436 cerunt,
1987 2369 2083 2425 sed
2121 2371 2385 2440 paulatim
2415 2372 2510 2427 alii
2553 2382 2678 2443 post
2703 2373 2841 2429 alios
2872 2375 2942 2431 ad
2979 2392 3108 2433 eum
3134 2387 3312 2436 trans-

1738 2460 1942 2516 ierunt.
1992 2460 2223 2517 Demum
2300 2472 2359 2517 et
2406 2462 2523 2533 ipse
2570 2461 2814 2534 Lepidus
2881 2468 3026 2522 ultro
3094 2471 3312 2528 scilicet

1736 2551 1902 2625 518
1931 2553 2080 2624 pulla
2121 2564 2272 2610 veste
2299 2555 2525 2627 supplet
2564 2572 2691 2612 eum
2725 2558 2905 2615 adiit:
2949 2561 3313 2634 ademptaque

1737 2652 2010 2716 potestate
2043 2647 2099 2701 in
2123 2645 2303 2711 italia,
2340 2649 2444 2704 sub
2477 2651 2733 2707 custodia
2766 2652 2952 2709 vivere
2984 2655 3176 2726 jussus
3199 2666 3312 2712 est.

1736 2737 1844 2795 Eos
1863 2739 1956 2809 qui
2004 2753 2034 2793 a
2066 2738 2233 2796 Sexto
2269 2750 2570 2809 steterant,
2606 2742 2789 2800 Caesar
2814 2747 3014 2815 partim
3040 2749 3315 2819 supplicio

1736 2831 1941 2898 all'ecit,
1994 2834 2191 2903 partim
2223 2832 2453 2891 dimisit.
2499 2836 2743 2892 Urbibus
2770 2852 2894 2908 qua:
2917 2849 3115 2909 sponte
3152 2841 3314 2898 dedi—

1738 2920 1945 2977 tionem
1979 2923 2254 2990 l'ccerunt,
2306 2927 2525 2982 veniam
2558 2928 2710 2984 dedit
2739 2946 2757 2985 :
2802 2945 2898 2987 eas
2928 2948 3052 3002 qua:
3090 2934 3316 2992 restite-

1738 3021 1887 3081 runt,
1930 3014 2204 3069 multavit.
2239 3016 2442 3073 Milites
2474 3033 2608 3074 vero
2637 3036 2737 3091 per
2778 3022 3112 3081 seditionem
3141 3036 3199 3081 et
3227 3037 3317 3082 tu-

1738 3109 1972 3164 multum
2010 3111 2314 3181 congress‘,
2348 3113 2495 3182 quod
2532 3113 2762 3185 cuisque
2789 3117 2965 3172 visum
2995 3129 3098 3186 est,
3122 3129 3317 3190 pesta--

1740 3199 1946 3255 larunt.
1976 3199 2116 3255 Cum
2150 3210 2338 3257 autem
2372 3218 2401 3263 a
2427 3202 2642 3260 Ctesare
2676 3207 3108 3278 ncgligerentur,
3153 3213 3315 3282 quasi

1740 3290 1933 3345 uultus
1980 3290 2159 3348 hostis
2185 3304 2540 3363 superesset,
2593 3298 2870 3369 minisque
2900 3301 3040 3356 nihil
3083 3304 3319 3372 proiice—

1739 3392 1881 3448 rent,
1920 3398 2044 3438 cum
2095 3383 2474 3455 indignatione
2505 3396 2561 3444 et
2592 3389 2934 3447 clamoribus
2992 3393 3317 3451 missionem

1738 3469 2076 3540 ﬂagitarunt,
2113 3486 2182 3528 eo
2211 3489 2375 3545 pacto
2405 3491 2465 3531 se
2485 3492 2609 3547 quae
2643 3488 2894 3548 peterent
2918 3481 3317 3555 impetrauit-ea

1738 3571 2046 3632 sperantes.
2107 3564 2294 3623 Caesar
2340 3583 2451 3624 non
2497 3569 2695 3628 decere
2735 3584 2916 3640 ratus,
2949 3586 3012 3631 ut
3056 3577 3317 3648 princeps

1738 3653 2073 3712 necessitate
2145 3666 2374 3714 coactus
2429 3660 2671 3718 subditis
2725 3663 2927 3721 cedere
3005 3667 3315 3734 videretur,

1735 3757 1954 3814 :equum
1990 3760 2089 3802 eos
2127 3749 2411 3817 postulare
2441 3751 2604 3809 dixit.
2638 3752 2717 3811 Ac
2742 3756 2982 3826 primum
3020 3775 3119 3815 eos
3145 3760 3317 3817 dimi—

1737 3836 1833 3903 sit,
1866 3837 1959 3907 qui
1991 3853 2183 3895 secum
2219 3852 2413 3897 contra
2446 3842 2748 3902 Antonium
2774 3849 3116 3906 militarant:
3153 3864 3303 3910 emta

1740 3927 1816 3982 ris
1869 3944 2093 4000 quoque
2145 3933 2494 4003 urgentibus,
2554 3951 2653 3993 eos
2696 3938 2863 3996 etiam
2907 3942 3158 4010 dimisit,
3214 3948 3315 4016 qui

1737 4036 1942 4074 annum
1968 4021 2244 4078 decimum
2270 4024 2599 4092 militarant,
2640 4043 2811 4100 seque
2848 4032 2959 4088 ullo
2983 4048 3177 4091 eorum
3201 4078 3218 4103 ,
3253 4046 3321 4095 ιιι

1739 4112 1972 4168 maxime
1997 4114 2221 4181 vellent,
2256 4133 2484 4173 usurum
2518 4134 2641 4175 esse
2675 4124 2913 4193 negavit.
2942 4123 3063 4192 Quo
3097 4129 3311 4197 audita,

1740 4200 1880 4255 nihil
1928 4203 2167 4273 amplius
2220 4206 2412 4273 locuti,
2444 4208 2495 4262 ei
2545 4224 2739 4279 parere
2784 4226 3070 4283 ceperunt.
3117 4218 3323 4276 Postea

1740 4292 1946 4351 Sicilia:
1991 4296 2162 4353 rebus
2203 4300 2547 4370 compositis,
2605 4312 2664 4357 ct
2720 4314 2957 4376 utraque
3001 4308 3172 4384 Libya
3215 4328 3317 4384 per

1738 4385 1947 4459 legatos
1988 4390 2126 4445 citra
2158 4407 2398 4464 pugnam
2438 4404 2684 4465 recepta,
2733 4395 2965 4456 Romani
3020 4404 3223 4461 multos
3261 4408 3313 4463 ei

1740 4479 1982 4536 honores
2032 4480 2419 4541 decreverunt.
2473 4485 2674 4545 Sextus
2720 4506 2854 4547 vero
2893 4507 3021 4548 cum
3067 4495 3315 4555 Messana

55 4584 327 4653 ἐνέκειντο,
372 4591 481 4642 καὶ
515 4587 647 4650 τοὺς
690 4586 915 4640 δέκατον
945 4585 1065 4649 ἔτος
1113 4584 1535 4656 στρατευσαμένι

1833 4572 2016 4639 visset,
2050 4573 2266 4631 hostem
2301 4579 2538 4650 insequi,
2573 4592 2669 4638 aut
2699 4599 2730 4637 a
2772 4585 2890 4641 suis
2931 4586 3211 4655 proditum
3245 4593 3313 4649 iri

54 4675 319 4747 διαφῆκεν,
398 4677 591 4732 εἰπὼν
644 4678 720 4743 ὡς
773 4675 951 4731 οὐδενὶ
1010 4675 1086 4730 ἔτ’
1154 4675 1335 4728 αὑτῶν
1391 4672 1504 4728 οὐδ’
1567 4673 1634 4726 ἂν

48 4770 103 4820 τὶ
168 4770 422 4842 μάλιστα
522 4770 824 4841 ἐθελήσωσι
899 4769 1188 4841 χρήσεται.
1250 4770 1316 4821 'U
1370 4766 1637 4823 ἀκούσαν-

48 4877 125 4924 τες
208 4864 373 4919 οὐδὲν
474 4864 566 4917 ἔτι
659 4862 1015 4935 ἐφθέγξαντο,
1099 4862 1240 4915 ἀλλὰ
1339 4860 1632 4932 προσέχειν

47 4951 183 5026 αὐτῷ
245 4956 537 5027 ἧρξαντο.
600 4954 710 5009 Καὶ
765 4954 886 5008 τότε
928 4955 1030 5026 μὲν
1096 4957 1164 5009 τα
1220 4953 1279 5006 ἐν
1346 4956 1413 5026 τῇ
1474 4953 1635 5007 Σικε-

40 5043 113 5114 λίᾳ
131 5047 378 5118 διῴκησε
423 5048 535 5102 καὶ
564 5048 663 5117 τὴν
690 5045 899 5118 Λιδύην
928 5046 1196 5118 ἑκατέραν
1231 5045 1457 5117 πέμψας
1487 5046 1635 5118 ἅμα·

37 5112 112 5205 χεί
146 5112 595 5213 παρεστήσατο,
618 5112 719 5194 *καὶ
745 5112 797 5194 οίί
840 5112 901 5193 ἐν
926 5141 993 5211 τῇ
1031 5112 1224 5213 Ῥώμῃ
1254 5112 1459 5203 πολλὰς
1482 5112 1634 5209 αὑτῷ

33 5233 185 5297 τιμὰς
211 5234 609 5306 ἐψηφίσαντο.
639 5230 837 5300 Σέξτος
864 5231 920 5285 δὲ
950 5233 1015 5286 ἐκ
1045 5232 1142 5303 τῆς
1189 5232 1449 5302 Μεσήνης
1501 5231 1636 5288 ἀνα-

28 5321 187 5391 χθεὶς,
228 5325 623 5396 ὑποτοπήσας
654 5325 710 5378 δὲ
741 5324 1039 5396 διωχθῆναι
1070 5325 1102 5396 ἢ
1148 5325 1246 5380 καὶ
1303 5325 1634 5396 προδοθῆναι

30 5415 122 5466 ὑπὸ
151 5418 264 5471 τῶν
322 5418 650 5487 συνόντων,
689 5420 920 5490 προεῖπε
965 5417 1064 5488 μὲν
1097 5415 1186 5469 διὰ
1232 5414 1326 5469 τοὺ
1363 5414 1635 5484 πελάγους

28 5501 307 5563 πλεύσειψ
344 5507 692 5572 ἀποσϐέσας
717 5507 773 5562 δέ
803 5506 895 5561 τὸν
940 5506 1146 5578 πυρσὸν
1177 5505 1237 5559 ὃν
1275 5507 1332 5559 al
1397 5520 1637 5574 στρατη-

21 5597 157 5663 ﬁt;
180 5602 479 5674 τριήρεις
508 5600 580 5665 ώς
607 5602 703 5655 καὶ
740 5599 797 5654 al
835 5599 1025 5653 λοιπαὶ¹
1070 5599 1265 5664 αὑταῖς
1315 5599 1636 5666 ἐφέπωνται

22 5690 340 5760 φαίνουσιν,
380 5696 481 5758 είς
519 5693 867 5764 Κεφαληνίαν
890 5689 1288 5745 κατέπλευσεν·
1346 5690 1477 5742 ἔνθα
1542 5691 1638 5743 καὶ

17 5785 61 5835 οἱ
86 5787 280 5842 λοιποὶ
316 5785 499 5842 κατὰ
522 5786 691 5861 τύχην
720 5786 827 5839 ὑπὸ
860 5783 1127 5856 χειμῶνος
1163 5786 1512 5847 εἰσπεσόντες
1537 5778 1638 5837 αὗ-

19 5875 98 5942 θις
122 5880 291 5953 αὑτῷ
324 5878 730 5947 συνεγένοντο.
762 5876 1117 5946 Συγκαλέσας
1150 5875 1244 5929 οὖν
1275 5874 1497 5939 αὐτοὺς,
1543 5876 1640 5931 καὶ

1741 4678 1800 4717 se
1836 4675 2110 4732 metuens,
2154 4669 2381 4741 pelagus
2409 4673 2771 4743 trajecturum
2815 4692 2937 4735 esse
2987 4678 3170 4737 dixit:
3214 4698 3314 4739 ex-

1741 4756 2055 4831 stinctoquc
2088 4760 2200 4835 igni
2226 4777 2337 4832 quo
2362 4766 2636 4833 praetoriis
2678 4768 2934 4828 triremes
2955 4775 3318 4845 sequentibus

1743 4851 1983 4909 navibus
1999 4855 2319 4924 pra‘lucent,
2351 4856 2404 4912 in
2422 4855 2812 4927 Cephaleniam
2844 4866 3079 4934 appulit,
3096 4883 3210 4938 quo
3226 4886 3320 4928 re-

1742 4942 1907 5013 liquu-
1923 4961 2144 5017 quoque
2162 4946 2304 5005 forte
2344 4947 2562 5004 fortuna
2592 4959 2917 5023 tempestate
2932 4961 3228 5029 compulsa:
3243 4966 3314 5020 ad

1743 5051 1871 5092 cum
1900 5036 2203 5095 redierunt.
2252 5039 2324 5095 lis
2366 5041 2533 5112 igitur
2574 5046 2927 5112 convocatis,
2959 5049 3314 5120 imperatoria

1744 5136 1900 5184 veste
1947 5131 2152 5199 posita,
2207 5147 2334 5186 cum
2362 5133 2468 5188 alia
2506 5134 2666 5202 dixit,
2717 5144 2835 5194 tum
2871 5139 3056 5196 illud:
3108 5143 3167 5199 Si
3209 5161 3317 5200 una

1744 5229 2052 5282 manerent,
2092 5235 2150 5275 se
2194 5222 2368 5279 latere
2407 5239 2516 5285 nou
2559 5242 2766 5296 posse:
2799 5230 2887 5285 sin
2928 5232 3318 5306 dispergeren-

1745 5321 1857 5377 tur,
1908 5313 2127 5369 {acilius
2163 5316 2510 5387 cﬂ‘ugituros.
2550 5318 2683 5376 lude
2722 5322 2849 5378 aliis
2889 5324 2998 5380 alio
3035 5326 3317 5397 digressis,

1745 5406 1864 5476 ipse
1885 5406 1939 5461 in
1968 5406 2153 5464 Asiam
2189 5409 2423 5479 trajecit,
2450 5425 2520 5468 eo
2546 5413 2781 5470 consilio
2831 5424 2893 5471 ut
2917 5415 2985 5471 ad
3017 5418 3319 5475 Antonium

1745 5513 1805 5554 se
1841 5498 2140 5555 conferret.
2166 5500 2273 5557 Sed
2307 5517 2434 5557 cum
2466 5502 2629 5559 Lesbi
2656 5505 2966 5573 didicisset,
2994 5508 3148 5564 illum
3182 5526 3323 5567 eoe-

1747 5600 1831 5645 tra
1862 5592 2048 5648 Medos
2078 5594 2390 5663 profectum
2437 5612 2584 5664 esse,
2618 5597 2892 5655 Czesarem
2917 5616 3051 5659 vero
3076 5609 3136 5657 et
3159 5601 3324 5674 Lepi-

1746 5680 1879 5737 dum
1921 5683 2067 5739 inter
2100 5700 2222 5741 sese
2278 5702 2524 5759 pugnare
2558 5707 2571 5743 :
2600 5703 2699 5758 spe
2743 5699 3007 5758 concepta
3047 5692 3322 5764 principa-

1747 5786 1863 5830 tum
1898 5774 2121 5833 Antonii
2146 5779 2460 5848 obtiuendi,
2492 5782 2741 5838 habitum
2780 5782 3198 5853 imperatorium
3236 5800 3325 5840 re-

1749 5869 2025 5939 sumpsit,
2075 5880 2132 5927 et
2182 5872 2259 5928 ita
2308 5887 2366 5927 se
2405 5874 2661 5943 paravit,
2702 5873 2860 5945 quasi
2930 5883 3326 5932 transmarinas
