3748 6544
450 379 564 442 879

1722 371 2043 435 JOANNIS
2083 371 2401 436 ZONARE
3533 390 3609 457 830

444 495 758 566 provinctas
787 504 1182 567 occupaturus.
1233 494 1354 561 Quo
1394 500 1594 548 conatu
1639 488 1913 544 Antonius
1941 500 2029 539 co-

2145 489 2196 540 ιδ
2232 487 2600 560 στρατηγικὸν
2627 488 3042 562 ἀποδυσάμενος
3065 488 3280 562 ἔνδυμα,
3309 493 3426 549 ἄλλα
3453 515 3499 552 τε
3519 499 3607 560 εἷπε

443 591 622 660 gnito,
675 605 800 646 cum
851 590 905 646 ei
948 599 1004 646 et
1053 590 1437 659 itnpunitatem
1479 595 1533 637 et
1585 581 2024 637 benevolentiam

433 698 600 750 suam
637 685 1025 754 promisisset,
1069 683 1112 736 si
1159 672 1308 736 arma
1344 686 1624 750 poneret:
1680 674 1877 728 annuit
1934 671 2025 725 ille

446 775 696 846 quidem,
741 776 837 831 sed
882 790 985 829 nec
1021 790 1084 829 ea
1111 789 1232 842 qua:
1272 770 1600 841 promiserat
1649 765 1928 837 praestitit,
1971 772 2026 816 et

449 869 618 924 rebus
649 869 908 938 gerendis
941 883 1096 937 aeque
1135 876 1193 920 ut
1239 867 1389 935 prius
1419 864 1668 916 intentus
1689 900 1701 924 ,
1739 875 1836 928 per
1857 857 2027 911 cadu-

448 969 695 1014 ceatorcs
741 957 1072 1012 Parthorum
1117 956 1414 1011 amicitiam
1477 953 1655 1024 petiit.
1713 949 1876 1022 519
1921 947 2026 1003 Sed

449 1066 576 1103 cum
612 1049 887 1104 Antonius
921 1048 994 1104 Μ.
1027 1049 1234 1102 Titium
1279 1063 1406 1102 cum
1453 1046 1629 1102 classe
1665 1051 1859 1098 contra
1898 1056 2027 1095 eum

450 1141 709 1202 misisset,
746 1139 993 1204 territus,
1039 1153 1136 1207 per
1172 1138 1382 1208 legatos
1419 1135 1488 1189 ab
1517 1133 1763 1189 Antonio
1809 1132 2027 1186 veniam

453 1233 655 1285 oravit.
707 1229 813 1296 Qui
857 1245 983 1285 cum
1039 1245 1230 1299 pacem
1271 1227 1671 1290 detrectasset,
1704 1225 1812 1281 nisi
1859 1238 2028 1277 naves

453 1323 573 1392 ejus
623 1331 962 1389 caeterasque
992 1321 1178 1389 copias
1225 1317 1570 1387 accepisset:
1618 1312 2030 1386 impedimentis

451 1413 804 1481 gravioribus
858 1413 911 1465 in
964 1427 1132 1466 naves
1182 1409 1470 1480 conjectis,
1509 1415 1568 1462 et
1616 1405 1749 1477 ipsis
1796 1403 2031 1458 navibus

454 1505 737 1566 crematis,
792 1504 848 1559 in
903 1502 1306 1557 mediterranea
1359 1515 1420 1554 se
1464 1498 1718 1553 contulit.
1757 1495 2028 1551 Czetcrum

454 1596 784 1651 Antonianis
829 1595 1169 1665 persecutis,
1206 1595 1364 1648 vivus
1393 1595 1447 1648 in
1473 1600 1804 1664 potestatem
1837 1604 2030 1645 eorum

458 1694 628 1750 venit.
679 1693 814 1746 Eum
848 1689 1123 1744 Antonius
1164 1690 1242 1743 ira
1276 1687 1519 1758 percitus
1562 1685 1747 1740 statim
1797 1699 1896 1754 per
1939 1683 2031 1736 lit-

461 1793 608 1837 teras
663 1779 864 1848 occidi,
911 1789 1036 1851 post
1085 1785 1293 1832 mutata
1351 1773 1625 1829 sententia
1654 1813 1669 1838 ,
1713 1767 2033 1825 conservari

456 1877 641 1946 jussit.
683 1873 790 1928 Sed
822 1887 948 1928 cum
977 1871 1117 1926 alter
1141 1866 1458 1924 tabellarius
1488 1862 1661 1934 priori
1694 1870 1856 1916 antev
1871 1863 2031 1915 ertisv

459 1977 566 2032 set,
615 1965 663 2021 is
695 1967 789 2035 qui
820 1981 947 2020 eum
985 1966 1222 2032 ceperat,
1260 1959 1469 2012 litteras
1515 1955 1584 2010 de
1619 1968 1685 2008 eo
1725 1953 2030 2008 occidendo

457 2063 734 2134 posterius
775 2069 1047 2128 acceptas,
1090 2069 1190 2110 seu
1229 2067 1357 2107 vere
1390 2049 1724 2121 posteriores
1769 2061 1891 2102 esse
1942 2062 2032 2101 ra-

460 2166 570 2220 tus,
627 2169 725 2210 seu
775 2150 1024 2206 veritatis
1066 2144 1375 2219 ignorantia
1435 2141 1735 2208 simulata,
1800 2141 2027 2196 Sextum

446 2248 780 2318 Pompeium
807 2245 1042 2302 necavit.

2128 584 2222 635 καὶ
2250 583 2332 636 δτι
2368 583 2558 652 ἀθρόοι
2583 583 2685 654 μὲν
2721 583 2872 648 ὄντες
2903 584 2961 639 ού
3007 582 3250 654 λήσουσι·
3304 589 3614 658 σκεδασθέντες

2127 677 2184 729 δὲ
2223 677 2340 746 ράῳ
2379 677 2701 745 ποιήσονται
2725 676 2826 746 τὴν
2855 675 3161 745 διάφευξιν.
3197 679 3470 735 Κάντεῦθεν
3489 685 3617 743 ἄλλων

2125 769 2320 824 ἄλλοσε
2348 768 2829 840 ἀποχωρησάντων
2869 770 3036 834 αὐτὸς
3059 771 3115 832 ἐς
3165 771 3258 840 τὴν
3321 772 3480 828 Ἀσίαν
3523 781 3617 832 ἐπε.

2133 860 2360 931 ραιώθη.
2385 859 2609 930 γνώμης
2633 859 2708 914 ὢν
2735 863 2974 932 ὁρμῆσαι
3009 862 3146 933 πρὸς
3164 862 3250 914 τὸν
3283 864 3620 926 Ἀντώνιον.Ἰῖν

2130 951 2320 1018 Λέσϐῳ
2373 951 2430 1004 δὲ
2472 951 2660 1022 μαθὼν
2691 953 2901 1008 ἐκεῖνον
2945 953 3043 1024 μὲν
3071 957 3128 1018 ἐς
3170 956 3372 1027 Μήδους
3412 963 3620 1031 στρατεῦ.

2132 1059 2245 1108 σαι,
2274 1042 2705 1114 πεπολεμῶσθαι
2729 1045 2786 1098 δὲ
2814 1045 2907 1098 τὸν
2931 1044 3187 1116 Καίσαρα
3221 1048 3308 1099 καὶ
3327 1049 3405 1102 τὸν
3424 1051 3618 1119 Λέπιδον,

2131 1137 2226 1188 καὶ
2249 1135 2475 1197 ἐλπίσας
2505 1135 2604 1208 τὴν
2627 1135 2724 1190 τοῦ
2775 1137 3064 1191 Ἀντωνίου
3105 1137 3278 1209 ἀρχὴν
3323 1139 3622 1214 διαδέξασθαι,

2130 1229 2192 1280 τό
2221 1245 2279 1280 τε
2319 1229 2690 1298 στρατηγικὸν
2719 1229 2951 1284 ἀνέλαϐε
2984 1230 3192 1300 σχῆμα,
3218 1230 3307 1284 καὶ
3347 1241 3623 1304 παρεσκευά.

2132 1320 2255 1384 ζετο
2276 1320 2351 1383 ὡς
2381 1321 2478 1373 καὶ
2526 1321 2628 1392 τὴν
2662 1321 2901 1392 περαίαν
2935 1321 3390 1391 καταληψόμενος.
3436 1327 3625 1382 Κάντεῦ-

2133 1411 2223 1464 θεν
2247 1411 2339 1464 τοῦ
2379 1412 2668 1464 Ἀντωνίου
2700 1413 2768 1466 τά
2803 1414 3157 1484 πραττόμενα
3191 1415 3278 1467 ὑπ’
3325 1417 3469 1469 αὐτοῦ
3515 1422 3627 1488 γνόν-

2131 1520 2243 1568 τος,
2270 1503 2456 1557 άδειάν
2486 1523 2543 1557 τε
2570 1505 2718 1576 αὺτῷ
2755 1508 2850 1558 καὶ
2883 1505 3126 1570 εὔνοιαν,
3154 1507 3218 1559 ἂν
3250 1506 3312 1560 τὰ
3342 1509 3464 1562 ὅπλα
3501 1517 3627 1568 κατά-

2134 1593 2319 1664 θηται,
2355 1596 2758 1666 ὑποσχομένου,
2791 1598 3090 1652 κατένευσε
3123 1601 3243 1668 μὲν,
3270 1601 3362 1653 οὐκ
3390 1604 3625 1674 έποίησεδὲ

2133 1701 2196 1753 γε
2227 1684 2301 1748 ὠς
2332 1687 2724 1755 ἐπηγγείλατο,
2752 1687 2887 1742 ἀλλὰ
2919 1690 3014 1743 καὶ
3077 1690 3186 1743 τῶν
3245 1693 3544 1761 πραγμάτων
3578 1696 3626 1760 ὡς

2135 1777 2330 1849 πρώην
2376 1779 2578 1849 εἴχετο,
2608 1780 2705 1833 καὶ
2736 1781 2874 1852 πρδς
2903 1783 3030 1845 τοὺς
3067 1781 3312 1853 Πάρθους
3341 1783 3627 1856 διεκηρυκεύ-

2139 1886 2290 1923 σατο·
2323 1870 2497 1924 ταῦτα
2537 1871 2727 1942 μαθὼν
2761 1874 2788 1926 ὁ
2831 1873 3139 1939 Ἀντώνιος,
3192 1875 3252 1927 τὸ
3279 1878 3502 1930 ναυτικὸν
3533 1881 3630 1948 μετᾶ

2138 1960 2368 2032 Μάρκου
2395 1961 2581 2015 Τιτίου
2619 1963 2708 2016 ἐπ’
2736 1963 2898 2018 αὑτὸν
2923 1963 3164 2035 έπεμψε,
3211 1969 3301 2020 καὶ
3333 1966 3388 2030 ὃς
3436 1969 3630 2038 φοϐηθεὶς

2137 2052 2608 2124 διεπρεσϐεύσατο
2644 2056 2782 2124 πρὸς
2823 2055 3136 2112 Ἀντώνιον.
3185 2058 3266 2120 '0,-
3293 2058 3334 2110 δ’
3359 2059 3532 2124 ἐκεῖνος
3562 2063 3632 2114 οὐκ

2140 2145 2244 2217 ἔφη
2268 2147 2613 2213 σπείσασθαι,
2641 2149 2785 2220 εἰμὴ
2811 2151 2908 2214 τάς
2928 2167 2986 2203 τε
3015 2149 3146 2214 ναῦς
3173 2151 3267 2204 καὶ
3282 2153 3373 2221 τὴν
3388 2152 3544 2224 λοιπὴν
3566 2157 3632 2207 αὑ-

2138 2239 2232 2291 τοῦ
2265 2241 2644 2311 παραλήψοιτο
2681 2241 2936 2312 δύναμιν,
2965 2245 3032 2297 τά
3061 2242 3338 2314 βαρύτερα
3361 2245 3456 2296 τῶν
3480 2247 3632 2299 σκευῶν

460 2351 660 2412 εἰςτὰς
690 2346 822 2410 ναῦς
851 2341 1108 2416 ἐμϐαλὼν
1134 2340 1306 2405 αὑτάς
1345 2357 1402 2394 τε
1431 2339 1766 2402 κατέκαυσε,
1815 2336 1912 2390 καὶ
1955 2335 2033 2400 είς
2073 2335 2174 2407 τὴν
2214 2337 2504 2406 μεσόγειον
2567 2337 2818 2410 ὥρμησε,
2852 2339 2948 2391 καὶ
3010 2339 3060 2391 οἱ
3092 2338 3192 2392 τοῦ
3259 2341 3517 2394 Ἀντωνίου
3551 2345 3634 2394 im-

460 2440 753 2507 διώξαντες
779 2438 944 2494 αὐτὸν
978 2434 1280 2490 κατέλαϐον
1310 2435 1406 2486 καὶ
1469 2430 1814 2502 ἐζώγρησαν.
1883 2430 1950 2481 Ὃ
2009 2427 2198 2498 μαθὼν
2262 2432 2292 2481 δ
2335 2428 2623 2493 ’Λντώνιος
2694 2431 2856 2494 εὐθὺς
2915 2431 3016 2500 μὲν
3071 2432 3165 2485 ὑπ’
3226 2431 3384 2502 ὀργῆς
3424 2431 3634 2485 ἐπέστειλε

461 2531 969 2604 κτανθῆναιαύτόν·
1005 2528 1231 2598 ὕστερον
1260 2525 1317 2578 δὲ
1378 2525 1778 2595 μεταμεληθεὶς
1827 2520 2038 2592 ἔγραψε
2115 2521 2354 2592 σωθῆναι
2395 2524 2579 2578 αὐτόν.
2645 2523 2750 2577 Τοῦ
2799 2520 2891 2577 οἷν
2931 2523 3189 2595 δευτέρου
3248 2529 3634 2596 γραμματοφόρου

461 2633 554 2686 τὸν
585 2632 802 2702 πρῶτον
833 2626 1273 2698 προψθάσαντος,
1313 2620 1543 2691 ὕστερον
1571 2621 1638 2673 τὰ
1664 2619 1794 2690 περὶ
1863 2617 1957 2670 τοῦ
2016 2617 2200 2671 θανεῖν
2264 2621 2293 2672 ὁ
2355 2621 2607 2689 κατέχων
2639 2619 2802 2672 αὑτὸν
2834 2621 3228 2689 κομισάμενος,
3260 2621 3347 2672 καὶ
3372 2621 3557 2687 νομίσας
3577 2625 3636 2675 δν·

463 2742 571 2788 τως
603 2723 834 2791 δεύτερα
867 2714 1099 2787 aheni}
1163 2717 1387 2784 ἄγνοιαν
1419 2713 1516 2766 τοῦ
1549 2713 1704 2774 ὄντος
1764 2709 2228 2781 ὑποκρινάμενος,
2285 2711 2378 2764 τὸν
2455 2712 2654 2776 Σέξτον
2715 2711 2807 2765 τὸν
2868 2714 3156 2782 Πομπήϊον
3213 2711 3512 2767 ἐθανάτωσε.
3563 2717 3637 2767 Καὶ

463 2818 543 2890 τῷ
585 2818 684 2888 μὲν
711 2815 956 2869 τοιοῦτον
986 2813 1048 2864 τὸ
1073 2810 1226 2873 τέλος
1261 2809 1501 2878 ἐγένετο.

537 2909 723 2966 XXVI.
779 2908 857 2962 Eo
899 2906 1047 2959 hunc
1091 2905 1299 2957 exitum
1354 2900 1571 2966 sortito,
1621 2899 1892 2954 Antonius
1939 2913 2038 2968 per

466 3003 780 3063 Ventidium
822 2999 1053 3055 Parthos
1083 2997 1234 3050 vicit.
1264 2995 1399 3050 Nam
1429 3003 1486 3049 et
1512 3009 1608 3058 rex
1638 3009 1829 3048 eorum
1864 2993 2033 3047 Paco-

468 3110 562 3151 rus
591 3095 644 3148 in
678 3091 818 3148 bello
850 3086 1090 3152 cecidit;
1135 3095 1190 3141 et
1224 3083 1472 3138 barbaris
1519 3081 1717 3150 partim
1767 3080 1822 3132 in
1852 3077 2038 3148 praelio

2218 2893 2363 2960 KG'.
2393 2891 2678 2956 Ἀντώνιος
2704 2893 2760 2946 δὲ
2788 2893 2874 2947 διά
2899 2895 2993 2947 τοῦ
3018 2895 3291 2950 Βεντιδίου
3315 2897 3428 2960 τοὺς
3455 2899 3638 2969 Πάρθους

2145 2985 2423 3055 ἐνίκησεν.
2451 2985 2520 3038 ὐ
2549 3002 2606 3038 τε
2641 2986 2750 3057 γάρ
2807 2986 3066 3057 βασιλεὺς
3123 2989 3346 3042 ἐκείνων
3389 2993 3413 3042 ὁ
3453 2992 3637 3062 Πάκορςς

2144 3080 2202 3132 ἐν
2237 3078 2315 3149 τῷ
2346 3079 2568 3148 πολέμῳ
2596 3079 2782 3144 ἔπεσε,
2817 3083 2912 3131 καὶ
2943 3081 2992 3133 oi
3017 3079 3287 3152 βάρϐαροι
3318 3083 3364 3134 oi
3391 3083 3475 3152 μὲν
3502 3084 3639 3136 ἐκτάν-

468 3187 644 3249 caasis,
676 3182 877 3255 partim
906 3180 1126 3250 fugatis,
1157 3177 1444 3234 Ventidius
1469 3174 1724 3246 Syriacas
1759 3173 1924 3226 urbes
1949 3186 2036 3224 re-

2145 3173 2318 3244 θησαν
2353 3174 2412 3225 ὲν
2441 3175 2508 3244 τῇ
2547 3173 2718 3244 μάχῃ,
2741 3173 2790 3225 oi
2825 3173 2882 3225 δὲ
2911 3173 3134 3243 ἔφυγον,
3164 3176 3255 3227 καὶ
3286 3176 3474 3245 τάς-τῆς
3493 3175 3638 3244 Συρίπς

469 3281 635 3351 cepit.
677 3274 884 3332 Deinde
912 3270 1189 3327 Antiocho
1230 3269 1570 3340 Comagenes
1606 3267 1718 3336 regi
1757 3280 1909 3318 arma
1961 3263 2046 3317 in-

470 3376 614 3434 tulit.
643 3373 747 3431 Ubi
772 3368 1044 3426 Antonius
1088 3382 1155 3421 ex
1206 3363 1504 3434 improviso
1537 3376 1659 3416 cum
1693 3375 1759 3415 eo
1786 3372 2045 3428 congrcs«

470 3481 724 3532 sus,.non
752 3463 916 3518 modo
939 3459 1290 3516 successibus
1315 3458 1432 3527 ejus
1459 3454 1762 3524 gratulatus
1798 3467 1907 3506 non
1939 3458 2042 3514 est,

471 3559 568 3616 sed
595 3558 762 3614 etiam
805 3571 874 3610 ex
921 3553 1126 3608 invidia
1177 3550 1497 3618 magistratu
1531 3547 1580 3602 ei
1615 3545 1898 3614 abrogato,
1929 3542 2046 3611 ipse

473 3665 598 3708 cum
647 3645 917 3701 Antiocho
973 3653 1323 3712 congressus,
1355 3637 1638 3691 Samosata
1679 3647 1860 3701 regem
1897 3645 2048 3684 com-

464 3743 636 3812 .pulit.
679 3740 784 3793 Sed
837 3751 962 3791 cum
1018 3731 1309 3787 obsidione
1360 3727 1495 3782 nihil
1553 3724 1864 3796 proﬁceret,
1913 3735 2046 3790 pace

475 3837 639 3894 laeta,
691 3831 745 3884 in
789 3828 999 3882 Italiam
1052 3834 1137 3879 est
1196 3821 1500 3892 profectus.
1531 3816 1740 3872 Orodes
1770 3828 1900 3869 vero
1924 3813 2049 3866 Par-

473 3927 697 3980 thorum
742 3937 849 3976 .rex
899 3918 1122 3988 grandis
1157 3914 1452 3970 admodum
1513 3921 1666 3977 natu,
1724 3908 1795 3962 ob
1836 3908 2046 3962 luctum

477 4019 668 4074 Pacori
721 4016 972 4070 abdicato
1024 4010 1273 4081 itnperio,
1323 4005 1542 4060 Phraati
1592 4018 1623 4057 e
1666 4002 1880 4056 czeteris
1921 3999 2049 4054 [iliis

477 4122 608 4168 natu
643 4109 879 4164 maximo
936 4120 1165 4176 regnum
1200 4101 1462 4155 tradidit:
1503 4099 1596 4167 qui
1642 4114 1736 4167 pl'l'
1769 4109 2046 4151 sunnnum

478 4205 658 4260 scelus
690 4202 884 4254 fratres
933 4197 1058 4252 dolo
1109 4195 1351 4259 sustulit,
1407 4192 1696 4262 ipsumque
1741 4200 1948 4260 patrem
1979 4190 2050 4244 ob

480 4295 684 4350 aedem
720 4288 1360 4357 illorum—indignantem,
1391 4295 1540 4339 etex
1564 4282 1775 4338 caeteris
1807 4283 2049 4352 optimos

479 4400 726 4456 quosque
776 4380 1091 4436 trucidavit.
1153 4376 1424 4430 Antonius
1461 4375 1651 4445 legatis
1699 4375 1768 4428 ad
1819 4373 2050 4427 Parthos

477 4488 546 4534 de
582 4493 714 4548 pace
747 4478 951 4536 missis,
984 4472 1202 4526 interim
1243 4470 1385 4524 bello
1417 4484 1475 4524 se
1510 4472 1740 4538 paravit,
1771 4477 1830 4521 ut
1861 4482 1957 4520 eos
1979 4465 2050 4520 ob

2145 3265 2333 3329 πόλεις
2362 3268 2390 3319 δ
2421 3266 2684 3330 Βεντίδιος
2711 3267 3050 3336 ὑπηγάγετο.
3085 3263 3223 3319 Εἶτα
3269 3268 3402 3320 κατὰ
3442 3266 3520 3320 τοῦ
3562 3268 3640 3318 ’Δν-

2145 3359 2327 3426 τιόχου
2353 3358 2445 3410 τοῦ
2477 3361 2576 3429 τῆς
2627 3359 2964 3431 Κομαγηνῆς
3013 3358 3392 3428 βασιλεύοντος
3437 3361 3637 3427 ἐπεστράι

2144 3468 2359 3508 τευσεν.
2397 3453 2666 3506 Ἐνταῦθα
2703 3454 2760 3506 δὲ
2792 3454 2908 3507 ὄντι
2959 3453 3159 3524 ἁθρόον
3193 3457 3222 3508 ὁ
3286 3454 3536 3516 Ἀντώνιος
3560 3455 3642 3505 ἐπι-

2147 3545 2280 3607 στάς
2318 3545 2377 3596 ού
2413 3545 2575 3614 μόνον
2603 3547 2696 3598 ἐπὶ
2755 3548 2870 3609 τοῖς
2914 3546 3336 3618 κατορθώμασιν
3393 3547 3478 3616 οὐχ
3524 3547 3639 3615 ἥσθη,

2145 3639 2400 3692 ἀλλὰκαὶ
2433 3639 2701 3711 ἐφθόνησε
2743 3643 2840 3694 καὶ
2871 3644 2970 3712 τῆς
3015 3643 3193 3711 ἀρχῆς
3251 3642 3403 3694 αὑτὸν
3449 3641 3640 3693 ἔκαυσεν.

2145 3731 2318 3795 Αὐτὸς
2343 3731 2399 3816 δὲ
2421 3731 2498 3803 τῷ
2551 3732 2809 3806 Ἀντιόχῳ
2862 3735 3195 3804 προσέϐαλε,
3233 3737 3326 3788 καὶ
3365 3734 3640 3787 κατέκλεισεν

2148 3823 2316 3877 αὑτὸν
2340 3825 2420 3887 είς
2454 3824 2776 3894 Σαμόσατα.
2821 3827 2912 3890 Ὠς
2940 3827 2986 3879 δ’
3035 3827 3190 3880 οὐδὲν
3245 3828 3368 3898 ηνυε
3411 3823 3671 3893 πολιορκῶν,

2149 3917 2336 3983 αὑτὸν,
2412 3918 2689 3988 συνθήκας
2741 3921 2988 3974 σπονδῶν
3039 3924 3334 3992 ἐποιήσατο
3386 3919 3542 3979 κα¹ιείς
3578 3918 3642 3982 τὴν

2161 4011 2397 4064 Ἰταλίαν
2431 4011 2792 4082 ἀφώρμησεν.
2873 4012 3114 4082 ὐρώδης
3170 4013 3352 4083 μέντοι
3401 4015 3427 4065 δ
3473 4009 3642 4079 ιιάρθωι

2151 4103 2405 4172 βασιλεὺς
2432 4105 2762 4176 ὑπέργηρως
2794 4103 3036 4173 γεγονὼς
3060 4105 3156 4158 καὶ
3201 4105 3279 4177 τῷ
3326 4105 3412 4158 τοῦ
3461 4105 3642 4173 Πακόρου

2151 4195 2339 4250 πένθει
2393 4197 2490 4268 τὴν
2555 4198 2834 4269 βασιλείαν
2893 4198 3308 4268 ἀπαγορεύσας,
3372 4200 3556 4269 Φραάτῃ
3593 4196 3644 4262 ιῴ

2151 4288 2514 4360 πρεσϐυτέρῳ
2543 4289 2650 4342 τῶν
2675 4288 2879 4342 λοιπῶν
2905 4289 3074 4342 αὑτοῦ
3130 4291 3335 4344 παίδων
3393 4292 3480 4358 τὴν
3518 4288 3644 4357 ἀρχὴν

2150 4381 2498 4454 ἐνεχείρισεν.
2521 4383 2578 4436 '0
2609 4382 2688 4447 δὲ,
2719 4383 3082 4446 ἀνοσιώτατος
3119 4383 3376 4452 γεγονὼς,
3398 4383 3506 4446 τοὺς
3539 4380 3646 4432 ἀδελ·

2153 4475 2286 4544 φοὺς
2323 4473 2491 4528 αὒτοῦ
2522 4474 2898 4543 ἐδολοφόνησε,
2924 4476 3018 4529 καὶ
3044 4475 3209 4528 αὑτὸν
3232 4477 3320 4529 τὸν
3365 4475 3547 4542 πατέρα
3560 4472 3646 4523 δνσ-

477 4588 630 4643 apem
680 4566 1070 4625 transactionis
1124 4564 1422 4633 imparatos
1467 4561 1875 4631 aggrederetur.
1938 4557 2038 4612 Sed

2153 4565 2554 4638 ανασχετοῦντα.
2611 4567 2680 4620 δι’
2737 4568 2980 4632 ἐκείνους
3031 4567 3343 4632 ἀπέκτεινε,
3375 4567 3458 4619 καὶ
3479 4562 3646 4616 τῶνᾶλ-

477 4684 601 4723 cum
631 4665 846 4720 Medum
879 4663 1083 4716 auxilio
1107 4661 1294 4715 venire
1323 4658 1524 4712 Partho
1551 4655 1852 4715 didicisset,
1882 4653 2050 4721 impe-

478 4759 742 4814 dimentis
763 4766 819 4810 et
851 4767 1046 4823 magna
1077 4752 1349 4806 exercitus
1399 4759 1552 4818 parte
1585 4749 1858 4801 Stratiano
1923 4743 2051 4798 reli-

477 4853 599 4912 etis,
634 4859 695 4902 ut
715 4857 1039 4916 sequeretur
1068 4861 1080 4898 :
1115 4845 1228 4913 ipse
1254 4858 1378 4897 cum
1401 4839 1680 4909 equitibus
1709 4846 1764 4890 et
1794 4835 2050 4906 expedito

480 4943 725 5013 peditatu
784 4937 1115 5009 [imperat-it,
1167 4937 1325 5006 quasi
1379 4933 1564 4987 Medos
1611 4931 1796 4984 statim
1825 4943 2050 4997 supera-

481 5043 640 5088 turos
691 5042 858 5086 esset.
892 5030 1160 5085 Caeterum
1216 5027 1450 5081 Parthus
1505 5033 1561 5078 et
1599 5023 1787 5077 Medus
1818 5021 2050 5076 Stratia-

479 5142 612 5180 rtntn
643 5126 824 5179 Subito
854 5125 1210 5186 adorti,-cum
1243 5119 1396 5174 omni
1426 5116 1672 5170 exercitu
1709 5115 2046 5169 ceciderunt.

478 5219 614 5274 Nam
670 5217 939 5272 Antonius
985 5213 1264 5284 suppetias
1308 5211 1389 5264 eis
1417 5210 1630 5262 laturus
1665 5207 1843 5260 serius
1880 5205 2047 5270 venit,

481 5324 658 5379 neque
680 5307 975 5378 quidquam
1007 5315 1203 5376 praeter
1235 5302 1500 5356 cadavera
1535 5314 1757 5352 suorum
1794 5296 2006 5350 invenit
2033 5308 2047 5347 :

481 5419 584 5458 nec
612 5403 786 5455 multo
826 5410 946 5471 post
981 5401 1243 5452 barbaros
1283 5393 1612 5465 profligavit,
1647 5392 1740 5446 Sed
1774 5407 1882 5444 non
1912 5388 2052 5441 mul-

484 5503 600 5549 tum
631 5495 711 5548 eis
758 5495 967 5548 nocuit.
1021 5492 1269 5558 Dumque
1331 5487 1534 5557 regiam
1571 5485 1732 5556 520
1767 5484 2048 5538 Medorum

481 5587 719 5651 obsidet,
773 5587 944 5654 magis
993 5584 1108 5653 ipse
1161 5580 1468 5644 obsidetur,
1522 5583 1766 5633 exercitu
1823 5577 2051 5646 penuria

479 5685 820 5734 commeatus
859 5677 1181 5730 laborante:
1241 5688 1402 5742 quem
1455 5671 1584 5725 dum
1637 5687 1701 5724 ex
1737 5671 1878 5740 agris
1903 5681 2054 5740 pete-

478 5780 586 5828 ret,
617 5783 646 5820 a
686 5767 903 5820 Partitis
929 5781 995 5823 ex
1031 5763 1246 5820 insidiis
1274 5765 1697 5833 erumpentibus
1735 5765 1873 5818 male
1908 5765 2055 5818 acci-

475 5861 757 5928 piebatur.
788 5857 906 5912 ﬂos
935 5856 1158 5943 Antonii
1188 5865 1333 5914 statu
1383 5858 1619 5916 Parthus
1649 5874 1748 5929 per
1779 5858 2049 5915 subama-

2155 4661 2262 4713 λων
2291 4661 2417 4722 τοὺς
2445 4660 2703 4731 ἀρίστους
2725 4659 3054 4730 διέφθειρεν.
3074 4658 3359 4724 ’Δντώνιος
3384 4660 3434 4712 δὲ
3455 4655 3645 4728 πρέσϐεις

2156 4754 2255 4821 μὲν
2288 4752 2426 4822 πρὸς
2454 4753 2578 4814 τοὺς
2616 4751 2867 4823 Πάρθους
2921 4752 3051 4821 περὶ
3106 4753 3333 4823 είρήνης
3371 4751 3646 4815 ἐκπέπομφε.

2154 4843 2290 4914 πρὸς
2321 4844 2377 4896 δὲ
2405 4843 2498 4896 τὸν
2530 4844 2767 4914 πόλεμον
2800 4844 3150 4916 ἡτοιμάζετο,
3201 4846 3289 4899 ἵνα
3318 4840 3645 4913 ἀπαρασκεύοις

2154 4934 2337 4997 αὐτοῖς
2369 4935 2570 5006 ἐντύχῃ
2597 4936 2684 4990 διὰ
2706 4935 2802 5006 τὴν
2833 4935 3025 4989 ἐλπίδα
3055 4937 3153 5008 τῆς
3208 4937 3527 5006 συμϐάσεως.
3575 4932 3645 4982 Καὶ

2156 5027 2344 5097 μαθὼν
2375 5028 2468 5081 τὸν
2493 5030 2676 5098 Μῆδον
2701 5031 2794 5084 ἐπὶ
2825 5032 3154 5102 συμμαχίαν
3209 5029 3303 5083 τοῦ
3344 5027 3532 5096 Πάρθου
3575 5039 3644 5090 1w-

2157 5118 2420 5188 ρήσαντα,
2462 5121 2532 5174 τά
2571 5121 2670 5190 μὲν
2699 5124 3008 5194 σκευοφόρα
3037 5119 3130 5175 καὶ
3158 5120 3294 5174 πολὺ
3340 5119 3432 5188 τῆς
3456 5111 3644 5184 στρατιᾶς

2153 5212 2483 5267 ὑπελείπετο
2519 5215 2657 5284 μετὰ
2693 5215 2786 5268 τοῦ
2819 5215 3154 5287 Στρατιανοῦ
3189 5215 3256 5268 ἶν’
3290 5213 3512 5266 ἕποιντο·
3536 5205 3644 5260 αὐτὰ

2151 5304 2208 5357 δὲ
2239 5307 2335 5358 σὺν
2360 5310 2474 5369 τοῖς
2509 5304 2736 5359 ἱππεῦσι
2785 5308 2876 5362 καὶ
2908 5307 3015 5361 τῶν
3069 5309 3250 5372 πεζῶν
3297 5307 3404 5368 τοῖς
3457 5298 3645 5364 εὐζώνοις

2155 5397 2419 5466 ἠπείγετο
2457 5399 2532 5462 ῶς
2573 5398 2775 5452 αὐτίκα
2809 5401 2878 5452 τά
2936 5398 3044 5451 τῶν
3101 5397 3300 5468 Μήδων
3352 5385 3646 5458 καταστρειέέ·

2157 5505 2340 5558 μενος.
2388 5490 2447 5542 Ὀ
2483 5490 2669 5558 μέντοι
2709 5491 2922 5560 Πάρθος
2954 5490 3048 5541 καὶ
3105 5491 3131 5541 ὁ
3186 5487 3365 5557 Μῆδος
3409 5483 3477 5552 τῷ
3526 5479 3644 5546 Si.“

2154 5581 2326 5653 τιανῷ
2359 5583 2788 5655 ἀπροσδοκήτως
2821 5584 3177 5646 ἐπιπεσόντες
3214 5582 3308 5635 καὶ
3355 5582 3415 5650 τῇ
3452 5573 3548 5646 pst’
3582 5569 3644 5620 αὖ·

2153 5676 2247 5729 τοῦ
2310 5678 2559 5748 στρατιᾷ,
2627 5679 2835 5740 πάντας
2892 5678 3212 5745 ἐφόνευσαν,
3277 5672 3367 5726 τοῦ
3428 5661 3644 5722 Ἀντωνίον

2157 5767 2495 5831 σπεύσαντος
2529 5769 2625 5838 μὲν
2666 5767 2930 5839 βοηθῆσαι
2973 5768 3179 5833 αὐτοῖς,
3217 5765 3352 5834 πλὴν
3396 5756 3642 5826 ὑστερίσσ-ί·

2157 5879 2269 5930 τος,
2297 5863 2389 5915 καὶ
2433 5862 2629 5934 μόνους
2688 5861 2814 5926 τοὺς
2877 5861 3100 5932 νεκροὺς
3144 5857 3448 5930 εὑρηκότος.
3493 5852 3564 5912 ‘0,-
3601 5841 3640 5894 οὶ
