3896 6548
1361 318 1413 330 0"

219 423 317 487 ὅθι

1469 433 1872 496 ANNALIUM
1916 437 2058 499 LIB.
2103 426 2174 499 Χ.

3359 432 3495 506 δεῖ

221 535 398 629 πολλῷ
434 533 666 609 ὕστερον
696 536 994 607 συμϐαλὼν
1027 544 1140 607 τοῖς
1179 544 1498 620 βαρϐάροις,
1521 548 1781 619 ἐτρέψατο

1898 560 1980 607 tos
2008 554 2275 623 quosdam
2323 554 2372 611 ei
2425 556 2724 625 persuasit,
2780 565 2835 612 ut
2884 573 3071 628 pacem
3108 564 3359 629 peteret:
3400 577 3467 616 ac

224 629 318 696 μέν
336 628 565 693 αὐτοὺς,
590 629 649 682 ού
681 630 868 699 μέντοι
899 632 1043 703 μέγα
1071 651 1125 689 τι
1151 634 1372 709 ἔϐλαψε.
1400 639 1712 711 Πολιορκῶν
1734 642 1791 696 δέ

214 719 280 773 τὰ
306 717 398 772 τοῦ
438 720 629 790 Μήδου
661 720 934 790 βασίλεια,
965 727 1344 799 ἐπολιορκεῖτο
1386 731 1591 802 μᾶλλον
1623 733 1790 797 αὐτὸς

215 809 578 866 ἐπιλιπόντων
628 816 696 886 τῇ
748 816 917 871 αὐτοῦ
983 822 1219 890 στρατιᾷ
1271 821 1382 876 τῶν
1438 820 1787 894 ἐπιτηδείων,

214 902 302 955 καὶ
331 900 429 955 ἐπὶ
467 904 799 976 συναγωγὴν
835 907 1018 962 αὐτῶν
1064 908 1321 977 ἐξιόντων
1369 912 1581 984 σφόδρα
1636 912 1791 983 παρὰ

210 992 313 1044 τῶν
363 991 667 1066 βαρϐάρων
711 998 1100 1067 καμουμένων,
1143 1000 1536 1071 ἐνεδρευόντων
1582 1003 1785 1066 αὐτοῖς.

223 1083 305 1136 Ἐν
327 1086 552 1151 τούτοις
582 1087 740 1166 δντος
763 1089 860 1151 τοῦ
907 1092 1195 1148 ’Δντωνίου
1230 1094 1259 1149 ό
1283 1096 1563 1169 Φραάτης,
1583 1097 1790 1151 ὑποϐα-

209 1174 312 1231 λών
330 1193 518 1245 τινας,
543 1179 733 1234 ἔπεισε
755 1182 821 1237 δι’
851 1185 1079 1239 ἐκείνων
1135 1186 1302 1243 αὐτὸν
1333 1189 1785 1260 ἐπικηρυκεύσαο

209 1269 327 1322 σθαι
355 1271 697 1341 συμϐάσεων
729 1275 937 1331 ἕνεκεν·
977 1279 1074 1332 καὶΙ
1116 1279 1143 1332 ὁ
1172 1280 1385 1354 Πάρθος
1438 1284 1571 1341 τοὺς
1639 1298 1807 1354 πεμ-’

210 1362 443 1431 φθὲντας
460 1365 801 1433 ἐξονειδίσας
824 1369 1017 1437 πολλὰ,
1049 1372 1128 1444 μὴ
1157 1373 1334 1438 άλλως
1352 1375 1683 1431 σπείσασθαι
1707 1372 1787 1432 εἴ·

209 1471 303 1508 πεν
331 1457 383 1509 εί
417 1458 501 1527 μὴ
561 1459 765 1516 αὐτίκα
824 1463 1538 1538 άποστρατοπεδεύσωνται.
1601 1470 1712 1525 Καὶ
1758 1473 1788 1525 ό

217 1544 507 1611 ’Δντώνιος
536 1548 844 1623 ἀπανέστη.
877 1554 1325 1627 Προσδεχομὲνου
1377 1557 1423 1611 δ’
1468 1558 1636 1612 αὐτοῦ
1684 1561 1786 1626 τὰς

207 1637 461 1705 σπονδάς,
497 1640 555 1694 oi
586 1641 764 1713 Μῆδοι
803 1644 906 1710 τάς
938 1664 999 1700 τε
1028 1647 1458 1721 πολιορκητικάς
1510 1651 1786 1707 κατέκαυ-

208 1744 302 1781 σαν
333 1733 621 1802 μηχανὰς,
654 1734 750 1790 καὶ
778 1737 848 1791 τὰ
867 1737 1103 1810 χώματα
1132 1741 1510 1800 διεσκέδασαν.
1542 1746 1605 1800 Οί
1633 1745 1690 1800 δέ
1718 1762 1784 1817 γε

206 1820 412 1891 Πάρθοι
442 1824 625 1880 πολλά
651 1829 744 1882 καὶ
776 1828 928 1884 δεινὰ
951 1831 1217 1902 αἰφνίδιον
1246 1837 1649 1907 προσπεσόντες
1667 1840 1783 1910 είρ-

205 1911 465 2003 τάσᾲντο.
515 1917 609 1981 Ὦς
637 1917 731 1974 οὖν
761 1919 905 1991 ἔγνω
939 1899 1035 1977 ὅτι-
1066 1899 1369 1996 ἠπάτηται,
1402 1931 1461 1994 ἐς
1488 1931 1589 2002 τὴν
1629 1899 1781 2003 -Ἃρ-
1813 1899 1859 1960 Β

209 2001 394 2068 μενίαν
427 2003 699 2063 ἀπελθεῖν
730 2011 1084 2085 ἐπεχείρησε.
1117 2018 1229 2070 Καὶ
1250 2017 1340 2072 διὰ
1366 2001 1583 2091 χωρίων
1606 2001 1787 2077 ἀπιών

205 2093 529 2162 ἀγνώστων.
557 2101 785 2169 πολλαῖς
815 2106 1159 2180 δυσχερείαις
1213 2110 1456 2183 ἐνέτυχε.
1517 2112 1627 2168 Καὶ
1679 2118 1785 2171 κᾶν

206 2188 487 2245 ἀπώλοντο
518 2193 573 2247 oi
607 2196 726 2265 μετ’
759 2197 928 2254 αὐτοῦ
959 2201 1299 2271 ξύμπαντες,
1321 2206 1402 2269 είς
1432 2206 1654 2277 ἐνέδραν
1681 2210 1784 2281 ἐμ-

206 2284 494 2348 πεσόντες,
528 2288 625 2341 καὶ
653 2293 880 2355 πυκνοῖς
912 2292 1233 2366 βαλλόμενοι
1267 2300 1383 2361 τοῖς
1424 2299 1781 2371 τοξεύμασιν,

206 2375 251 2426 εί
282 2374 357 2444 μὴ
382 2376 488 2449 τὴν
527 2378 773 2449 χελώνην
811 2385 1080 2455 ἐποίησαν
1121 2390 1579 2457 συνασπίσαντες.
1625 2394 1691 2446 Ἠ
1725 2394 1784 2449 δέ

208 2465 413 2538 χελώνη
443 2468 668 2537 γίνεται
702 2471 900 2539 οὕτως·
957 2476 1027 2533 τά
1085 2478 1186 2547 μὲν
1224 2482 1533 2552 σκευοφόρα
1584 2486 1682 2537 καὶ
1733 2487 1784 2539 oi

206 2555 346 2625 ψιλοὶ
377 2562 438 2613 ἐν
482 2560 644 2635 μέσῳ
688 2563 785 2619 τοῦ
821 2567 1237 2640 στρατεύματος
1266 2573 1549 2638 τέτακται,
1584 2575 1694 2630 τῶν
1735 2576 1781 2630 δ’

205 2648 431 2706 ὁπλιτῶν
452 2655 508 2708 οί
540 2654 642 2726 μὲν
669 2660 791 2722 ταῖς
821 2662 1167 2732 προμήκεσιν
1195 2665 1386 2719 άσπίσι
1417 2669 1538 2739 ταῖς
1571 2667 1783 2733 κοίλαις

209 2740 474 2812 χρώμενοι
499 2747 635 2820 περὶ
664 2748 732 2803 τά
753 2749 957 2822 ἔσχατα
984 2753 1276 2811 τάσσονται
1303 2757 1401 2811 καὶ
1431 2759 1559 2822 τοὺς
1584 2759 1781 2826 ἄλλους

208 2833 271 2886 τά
292 2835 433 2891 ὃπὶα
497 2841 964 2915 περιϐεϐλημένοι
993 2846 1098 2913 ἐξω
1146 2866 1207 2903 τε
1255 2850 1545 2921 βλέποντες
1598 2858 1784 2927 περιέ-

209 2943 383 2994 χουσιν
411 2945 427 2961 ’
458 2931 515 2986 οῖ
541 2932 598 2987 δὲ
627 2933 727 2999 τὰς
759 2937 1044 3004 πλατείας’
1067 2941 1303 3006 ἀσπίδας
1332 2943 1592 3014 φέροντες
1624 2947 1681 3000 ἐν
1703 2946 1782 3018 τῷ

212 3017 349 3088 μέσῳ
381 3024 823 3096 συσπειρῶνται,
847 3027 1112 3096 κάκείνας
1147 3030 1262 3091 ἄνω
1294 3036 1509 3091 ἑαυτῶν
1560 3054 1621 3092 τε
1688 3017 1782 3094 καὶ

208 3104 309 3200 ⁴τῶν
332 3107 549 3165 λοιπῶν
565 3112 979 3187 ὑπεραίρουσιν,
1009 3118 1149 3175 ὥστε
1170 3123 1335 3193 μηδὲν
1349 3125 1535 3198 ἕτερον
1559 3129 1591 3200 ἦ
1617 3131 1782 3185 ἀσπί-

1890 645 2084 716 legatis
2110 654 2234 719 post
2258 648 2428 705 multa
2460 650 2761 720 opprobria
2795 652 3076 721 respondit
3125 668 3184 707 se
3204 653 3310 707 alia
3333 667 3467 708 con-

1890 736 2101 794 ditione
2150 754 2342 810 pacem
2390 756 2500 796 non
2559 741 2857 810 facturum,
2912 744 3019 799 nisi
3053 744 3238 799 statim
3285 753 3475 801 castra

1890 841 2201 886 moverent.
2237 831 2478 889 Antonio
2513 835 2783 906 digresso,
2829 846 2887 892 et
2917 838 3069 908 pacis
3115 839 3466 893 conditiones

1887 931 2262 991 exspectante,
2298 924 2736 983 obsidionalibus
2793 930 3063 985 machinis
3111 929 3369 985 crematis
3409 936 3475 984 et'

1888 1012 2181 1084 aggeribus
2216 1015 2461 1088 disjectis
2491 1034 2520 1073 a
2557 1019 2747 1087 Medis,
2790 1021 2977 1077 Parthi
3034 1022 3319 1092 repentina
3359 1023 3465 1077 im-

1887 1105 2173 1176 pressione
2216 1107 2358 1164 l‘acta
2400 1110 2677 1167 Romanos
2709 1113 2951 1184 graviter
2989 1112 3322 1169 afﬂixerunt.
3354 1112 3467 1167 An-

1888 1197 2077 1254 tonius
2111 1198 2279 1270 igitur
2319 1215 2379 1256 se
2425 1202 2715 1273 deceptum
2755 1218 2878 1258 esse
2929 1204 3143 1268 videns,
3191 1204 3246 1258 in
3275 1205 3467 1257 Arme-

1888 1289 2037 1343 niam
2068 1289 2220 1347 abire
2252 1293 2487 1349 statuit:
2523 1304 2577 1349 et
2603 1310 2702 1365 per
2732 1296 2849 1351 loca
2881 1297 3063 1366 ignota
3099 1297 3205 1351 iter
3228 1284 3465 1359 faciens,

1888 1380 1943 1436 in
1973 1388 2152 1438 tantas
2181 1382 2528 1440 diﬂlcultates
2555 1386 2768 1449 incidit,
2808 1396 2866 1441 ut
2899 1389 3176 1443 exercitus
3221 1390 3343 1458 ejus
3381 1387 3468 1442 in-

1888 1475 2205 1530 ternecione
2256 1474 2472 1532 deletus
2520 1486 2661 1532 esset
2719 1478 2774 1532 in
2807 1477 3037 1534 insidias
3069 1479 3464 1549 praecipitatus,

1887 1565 1980 1621 ubi
2012 1566 2223 1623 crebris
2245 1566 2458 1637 sagittis
2483 1569 2841 1634 obruebatur,
2885 1570 2988 1625 nisi
3016 1570 3326 1641 conglobati
3381 1579 3466 1624 te—

1886 1658 2165 1714 studinem
2218 1658 2497 1714 fecissent.
2526 1661 2601 1715 Ea
2636 1661 2694 1715 Iit
2722 1664 2827 1716 hoc
2858 1661 3044 1716 modo.
3078 1660 3475 1730 Impedimenta

1886 1756 1944 1805 et
1971 1747 2166 1805 velites
2198 1749 2251 1803 in
2284 1749 2528 1805 medium
2550 1767 2741 1821 agmen
2772 1753 3200 1821 componuntur.
3233 1750 3464 1817 Armati,

1886 1841 1983 1913 qui
2014 1841 2282 1913 oblongos
2322 1852 2380 1897 et
2426 1859 2590 1898 cavos
2643 1845 2867 1915 clypeos
2892 1853 3111 1917 gerunt,
3138 1844 3194 1898 in
3225 1854 3472 1899 extrema

1887 1933 2005 1989 acie
2032 1933 2312 1996 collocati.
2359 1943 2418 1991 et
2468 1936 2612 1990 hosti
2661 1937 2875 1991 obrersi
2932 1936 3103 1990 armis
3131 1943 3467 1991 mteroste-

1886 2034 2042 2097 gunt.
2104 2026 2206 2093 Qui
2262 2041 2396 2082 vero
2446 2029 2575 2083 latis
2627 2029 2834 2101 clypeis
2874 2038 3126 2092 utuntur,
3185 2029 3239 2082 in
3283 2028 3469 2082 medio

1886 2121 2217 2192 conglobati.
2251 2137 2351 2179 eos
2398 2140 2565 2193 supra
2592 2125 2921 2193 semetipsos
2963 2135 3014 2178 et
3050 2131 3279 2179 caateros
3304 2123 3470 2177 susti-

1886 2221 2040 2278 nent,
2073 2221 2133 2267 ut
2165 2214 2218 2268 in
2250 2223 2359 2269 tota
2387 2214 2657 2286 phalange
2691 2214 2827 2270 nihil
2870 2224 3069 2285 praeter
3095 2215 3314 2286 clypeos
3342 2231 3464 2268 ccr-

1884 2314 2073 2369 natur,
2120 2316 2176 2361 et
2209 2322 2402 2364 omnes
2448 2320 2677 2378 propter
2708 2308 2844 2365 aciei
2901 2308 3228 2364 densitatem
3282 2323 3310 2361 a
3339 2307 3466 2363 telis

1886 2396 2293 2465 defendamur;
2331 2417 2453 2471 qua:
2502 2403 2725 2472 quidem
2776 2402 2851 2456 ita
2905 2404 3238 2457 condensata
3269 2410 3374 2462 est,
3407 2410 3467 2454 ut

1885 2503 2052 2559 super
2076 2505 2140 2545 ea
2190 2490 2400 2560 ingredi
2458 2491 2656 2561 possis.
2722 2492 2883 2548 Acies
2933 2492 3101 2562 igitur
3134 2501 3189 2546 et
3217 2490 3288 2545 ob
3323 2489 3477 2545 hanc

1882 2579 2137 2648 formam,
2184 2592 2241 2636 et
2288 2582 2360 2638 ob
2395 2583 2672 2649 robur,‘et
2727 2585 2797 2639 ob
2831 2584 3252 2653 protectionem,
3293 2570 3471 2661 testu-7"

1884 2671 2030 2729 dinis
2056 2690 2254 2730 nomen
2290 2678 2520 2747 accepit.
2559 2678 2746 2747 anue
2776 2677 3025 2732 bifariam
3060 2685 3312 2740 utuntur,
3341 2675 3461 2729 sive

1884 2765 2106 2819 castella
2132 2775 2188 2820 et
2210 2768 2408 2821 muenia
2432 2768 2823 2839 oppugnaturi,
2849 2770 2964 2824 sive
2983 2786 3013 2824 a
3038 2767 3335 2838 sagittariis
3359 2768 3469 2822 cir-

1883 2856 2184 2911 cumventi.
2215 2857 2282 2912 Et
2317 2858 2608 2928 aliquanJo
2642 2861 2711 2913 ita
2745 2876 2803 2915 se
2850 2861 3138 2923 inclinant,
3172 2868 3229 2914 ut
3253 2856 3480 2929 fatigat'r

1883 2964 2004 3004 esse
2033 2952 2324 3006 videantur
2351 2965 2364 3004 :
2414 2953 2509 3007 sed
2537 2953 2752 3008 hostem
2786 2955 3340 3025 appropinquantem.
3368 2968 3463 3006 su-

1883 3043 2001 3099 bito
2029 3046 2375 3116 exsurgendo
2396 3047 2704 3117 percellnnt
2725 3058 2779 3104 et
2810 3049 3051 3102 turbant.
3080 3049 3136 3104 id
3173 3046 3317 3118 quod
3346 3056 3462 3102 tum

1884 3154 2108 3210 quoque
2154 3139 2374 3194 accidit.
2404 3139 2539 3195 Cum
2570 3141 2741 3199 enim.
2788 3151 2844 3194 ut
2878 3141 3085 3195 dictum
3114 3149 3217 3201 est.
3253 3139 3465 3194 crebris

208 3195 294 3302 δας
320 3202 566 3302 δρᾶσθαι
596 3206 1026 3302 διάιπάσηςῌτῆς
1061 3214 1364 3286 φάλαγγος,
1389 3195 1486 3273 καὶ
1512 3195 1781 3299 ἐντσκὲπῃ

1884 3233 2097 3302 sagittis
2156 3232 2475 3300 fcrircntur,
2525 3233 2857 3289 testudinem
2905 3234 3181 3291 fecerunt.
3236 3233 3479 3287 sinistro

211 3289 268 3342 ἐκ
286 3291 392 3389 τῶῳν
422 3294 608 3365 βελῶν
630 3298 842 3365 πάντας
867 3297 1009 3360 εἶναι
1039 3307 1237 3371 αὐτοὺς
1261 3310 1325 3364 ἐκ
1358 3312 1460 3381 τῆς
1506 3289 1780 3389 πυκνότηῖ

210 3398 291 3477 τος
316 3386 414 3458 τῆς
442 3391 781 3460 συντάξεως.
823 3398 982 3454 Οὕτω
1016 3400 1124 3474 γάρ
1157 3420 1240 3458 τοι
1291 3407 1671 3473 πεπύκνωται,
1706 3386 1783 3477 ώς

212 3475 298 3573 καὶ
323 3477 577 3549 βαδίζειν
605 3487 758 3551 τινὰς
796 3490 983 3546 ἐπάνω
1017 3493 1189 3562 αὐτῆς
1227 3494 1513 3553 δύνασθαι.
1546 3501 1620 3554 Τὸ
1681 3475 1782 3573 μὲν

210 3565 294 3673 οὖν
325 3576 525 3673 σχῆμα
550 3578 652 3673 τῆς
677 3580 887 3648 τάξεως
915 3587 1123 3659 ταύτης
1149 3590 1390 3645 τοιοῦτόν
1416 3594 1554 3660 ἐστι,
1579 3565 1781 3652 καὶ-διά

213 3668 359 3718 τοῦτο
390 3668 494 3723 καὶ
529 3670 630 3742 τὴν
683 3674 930 3749 χελώνην
994 3679 1157 3753 ἔλαχε
1208 3683 1404 3753 κλῆσιν
1453 3686 1542 3741 διά
1599 3705 1662 3742 τε
1718 3691 1779 3744 τὸ

213 3755 419 3856 ίσχμρδν
459 3762 638 3836 αὐτῆς
665 3769 759 3821 καὶ
807 3770 869 3825 τὸ
899 3773 1188 3840 εύσκεπές.
1236 3779 1491 3851 Χρῶνται
1520 3781 1577 3835 δὲ
1637 3783 1776 3856 αὐτῇ

209 3848 320 3922 διχῆ
384 3855 417 3926 ἢ
453 3856 563 3928 γὰρ
595 3860 733 3931 πρὸς
761 3864 1021 3938 φρούριόν
1049 3886 1100 3922 τι
1136 3848 1575 3943 προσμίσγοντες
1606 3848 1779 3949 προσἶ

211 3946 528 4016 πορεύονται
576 3955 671 4008 καὶ
709 3960 1133 4030 τειχομαχοῦσιν
1269 3965 1377 4020 ὑπὸ
1413 3946 1788 4034 τοξοτῶννπεο·

212 4045 819 4131 ριστοιχισθέντεςποτέ
850 4055 1223 4119 κυπτάζουσιν
1255 4058 1399 4114 οὕτω
1448 4062 1670 4130 πάντες,
1699 4065 1778 4131 ὡς

205 4126 369 4199 δοκεῖν
399 4134 490 4188 δτι
527 4139 868 4210 κεκμήκασν
896 4142 1248 4201 πελασάντων
1280 4149 1336 4203 δέ
1368 4151 1479 4205 τῶν
1512 4126 1774 4209 ἐναντίων

208 4216 457 4297 ἐξαίφνης
503 4227 831 4298 ἐγείρονται,
873 4234 1173 4290 κάντεῦθεν
1225 4241 1366 4308 σφᾶς
1409 4241 1774 4314 ἐκπλήττουσι

208 4314 292 4405 καὶ
317 4319 706 4388 ταράττουσιν.
738 4327 806 4379 ὐ
832 4328 922 4381 καὶ
974 4329 1097 4384 τότε
1148 4333 1492 4405 συμϐέϐηκε.
1550 4337 1774 4404 Πολλοῖς

208 4403 324 4477 γὰρ,
352 4409 426 4473 ὡς
464 4410 705 4483 εῖρηται.
732 4416 1051 4490 βαλλόμενοι
1101 4403 1303 4495 βέλεσι,
1365 4403 1460 4484 τόν
1500 4448 1560 4485 τε
1610 4403 1775 4486 συναέ

209 4502 432 4594 σπισμδν
475 4503 575 4575 τῆς
622 4508 864 4583 χελώνης
914 4515 1218 4585 ἐποίησαν,
1285 4523 1381 4573 καὶ
1437 4520 1509 4576 τά
1568 4523 1773 4594 γόνατα

1887 3340 2030 3396 genu
2067 3324 2217 3378 humi
2253 3324 2535 3379 nitentes:
2578 3325 2722 3378 unde
2768 3323 2984 3378 barbari
3036 3338 3132 3378 eos
3179 3337 3291 3391 [me
3338 3323 3462 3374 vul-

1887 3417 2113 3470 neribus
2134 3415 2443 3470 concidisse
2467 3415 2591 3480 rati,
2618 3414 2812 3485 positis
2845 3414 3085 3469 arculms
3115 3414 3322 3467 strictis
3344 3413 3460 3482 gla-

1885 3507 1991 3563 diis
2021 3508 2087 3561 ad
2116 3523 2212 3562 eos
2273 3508 2606 3562 occidendos
2650 3507 2953 3562 irruerent.
3008 3507 3208 3560 Verum
3256 3504 3459 3559 milites

1882 3601 2053 3657 erecti
2079 3599 2284 3671 impetu
2316 3602 2366 3656 in
2395 3600 2514 3656 illos
2539 3600 2703 3666 iacto,
2731 3599 2906 3654 nudos
2923 3598 3127 3670 clypeis
3156 3598 3307 3659 tecti,
3342 3597 3462 3650 ino-

1882 3695 2138 3766 pinantes
2162 3700 2357 3766 parati,
2391 3695 2706 3767 sagittarios
2745 3693 2967 3756 armati,
3002 3691 3234 3748 Romani
3263 3692 3463 3746 barba--

1881 3803 1971 3844 ros
2001 3789 2343 3845 deleverunt.
2369 3789 2564 3844 Hostili
2605 3797 2749 3842 metu
2783 3789 3049 3842 liberatus
3102 3785 3398 3851 Antonius,
3430 3800 3463 3840 a

1880 3882 2086 3954 frigore
2134 3891 2211 3938 est
2269 3882 2521 3938 aﬂlictus.
2555 3884 2692 3938 Nam
2716 3882 2894 3936 hiems
2931 3890 3070 3945 erat,
3103 3889 3158 3935 et
3187 3879 3469 3934 Armenia:

1879 3982 2139 4030 montana
2165 3990 2383 4044 semper
2421 3975 2706 4045 congclata
2737 3983 2866 4029 sunt
2896 3990 2910 4028 :
2963 3972 3109 4027 unde
3147 3972 3460 4040 complures

1877 4080 2103 4122 suorum
2160 4065 2317 4136 521
2374 4064 2678 4120 amittebat.
2717 4064 2833 4131 Qua
2886 4080 2945 4118 rc
2981 4062 3239 4118 A’rmcnio
3272 4062 3463 4116 fucum

1875 4156 2028 4222 fecit,
2054 4166 2236 4227 atque
2279 4157 2535 4212 adulatus
2563 4164 2667 4222 est,
2702 4154 2953 4226 quamvis
2996 4152 3047 4209 ei
3099 4152 3349 4209 infensus
3373 4167 3461 4207 es-

1876 4260 1998 4312 set;
2039 4258 2096 4306 ct
2128 4249 2379 4320 reliquiis
2414 4248 2693 4304 exercitus
2746 4248 2978 4318 pecunia
3009 4247 3155 4311 data,
3193 4246 3248 4301 in
3290 4244 3458 4317 Egy-

1873 4350 2027 4414 ptum
2050 4342 2116 4397 ad
2140 4340 2483 4413 Cleopatram
2509 4342 2665 4407 abiit,
2696 4342 2767 4397 oh
2791 4356 2953 4412 quam
2973 4356 3002 4395 a
3030 4339 3244 4394 civibus
3285 4338 3458 4408 pessi-

1871 4449 1962 4489 me
1994 4433 2272 4497 audiebat,
2304 4434 2529 4505 quod‘et
2561 4434 2764 4489 liberos
2796 4450 2861 4490 ex
2890 4449 2954 4488 ea
2989 4433 3345 4502 suscepisset,
3399 4438 3457 4487 et

1875 4525 2078 4581 multas
2109 4525 2159 4581 ei
2196 4527 2508 4596 provincias
2555 4525 2834 4580 donasset.
2885 4525 3053 4595 Cujus
3086 4524 3368 4579 amoribus
3396 4532 3454 4578 et

210 4590 461 4687 πρὸς-τὴν
486 4595 593 4666 γῆν
630 4599 858 4669 ἧρεισαν
887 4605 957 4658 τά
983 4607 1260 4679 εὐώνυμαο
1295 4590 1621 4681 νομίσαντες
1674 4609 1768 4670 οὖν

1884 4616 2163 4687 praestigiis
2185 4590 2255 4670 ita
2277 4616 2528 4671 irretitus
2559 4616 2685 4675 fuit.
2711 4625 2769 4670 ut
2790 4590 3069 4671 Octaviam
3095 4631 3318 4668 uxorem
3347 4615 3453 4668 Ro-

208 4680 391 4751 αὖτοὺς
411 4690 464 4742 οε
508 4688 779 4764 βάρϐαροι
804 4695 911 4751 ύπδ
958 4698 1069 4753 τῶν
1123 4680 1462 4772 τραυμάτων
1522 4721 1770 4761 καταπε-

212 4776 333 4868 σεῖν,
360 4780 432 4834 τὰ
468 4782 570 4852 μὲν
601 4785 736 4850 τόξα
766 4788 1056 4858 ἀπέθεντο,
1089 4794 1159 4848 τὰ
1182 4793 1240 4848 δὲ
1265 4793 1396 4867 ξίφη
1426 4797 1770 4868 σπασάμενοι

1875 4722 1966 4763 ma
1995 4706 2062 4762 ad
2090 4722 2148 4763 se
2174 4709 2508 4772 venientem,
2554 4708 2608 4762 in
2631 4717 2986 4777 conspectum
3028 4722 3194 4761 suum
3222 4722 3330 4759 non
3362 4705 3454 4760 ad-

1876 4798 2120 4866 missam,
2155 4800 2377 4855 domum
2407 4801 2586 4856 redire
2609 4800 2846 4871 iube-net.

207 4862 273 4926 ὡς
295 4871 664 4943 συγκόψαντες
691 4877 930 4949 ἐπῆλθον
960 4883 1167 4948 αὐτοῖς.
1239 4862 1664 4952 Ἐξαναστάντες
1709 4886 1766 4942 δέ
1804 4886 1854 4940 oi
1928 4862 2198 4955 Ῥωμαῖοι
2227 4889 2322 4940 καὶ
2386 4890 2570 4952 αὐτοῖς
2602 4862 3030 4957 προσπεσόντες,
3072 4882 3162 4941 οἷα
3209 4885 3454 4957 γυμνοὺς

208 4960 551 5043 ιῖιπλισμένοι,
583 4975 1031 5051 ἀπροσδοκήτους
1102 4982 1638 5054 παρεσκευασμένοι,
1695 4981 1926 5049 τοξότας
1975 4983 2217 5047 ὁπλῖται,
2260 4981 2572 5054 βαρϐάρους
2640 4981 2906 5052 Ῥωμαῖοι
2954 4979 3281 5051 κατέκοψαν.
3324 4981 3452 5032 ’Λν-

209 5058 382 5127 temo;
413 5067 515 5138 μὲν
543 5067 640 5124 οὖν
661 5070 765 5125 ὑπὸ
798 5071 908 5127 τῶν
934 5072 1208 5145 πολεμίων
1270 5076 1457 5130 οὐκέτι
1520 5079 1696 5131 δεινὸν
1743 5076 1896 5130 οὐδὲν
1956 5076 2179 5142 ἔπαθεν,
2221 5075 2327 5130 ὑπὸ
2390 5076 2447 5129 δέ
2481 5074 2690 5147 ψύχους
2715 5073 3185 5146 τεταλαιπώρητο.
3226 5075 3452 5145 Χειμὼν

211 5153 307 5226 ’ίὶρ
335 5155 425 5230 ἦν,
460 5163 555 5216 καὶ
580 5166 677 5233 τῆς
712 5166 1005 5237 Ἀρμενίας
1037 5170 1106 5224 τά
1135 5173 1398 5243 πρόσορα,
1431 5172 1501 5227 δι’
1559 5164 1657 5226 ὧν
1699 5171 2013 5243 ἐπορεύετο,
2081 5172 2472 5243 κρυσταλλώδη
2501 5172 2587 5225 ἀεί
2615 5172 2756 5225 εἰσιν
2779 5188 2791 5202 ⁸
2819 5168 2942 5226 ὅθεν
3005 5173 3192 5243 συχνοὶ
3220 5171 3328 5226 τῶν
3358 5174 3453 5229 aia-

211 5249 295 5304 τοῦ
322 5254 711 5329 διεφθείροντο.
772 5261 866 5314 Διδ
924 5263 1131 5332 ὑπῆλοε
1186 5266 1280 5319 τὸν

1366 5267 1678 5338 Ἀρμένιον,
1739 5265 1835 5321 καὶ
1871 5265 2175 5332 ἐθώπευσε,
2232 5265 2408 5319 καίτοι
2460 5266 2530 5319 δι’
2586 5266 2757 5337 ὀργῆς
2828 5266 3037 5318 ἐκεῖνον
3102 5265 3444 5334 ποιούμενος.

213 5338 468 5417 Χρήματα
489 5349 546 5404 δέ
579 5353 695 5417 τοῖς
738 5356 1135 5427 περιλειφθεῖσι
1166 5359 1453 5431 διανείμας
1479 5362 1580 5429 τῆς
1626 5364 1908 5433 στρατιᾶς,
1989 5362 2205 5432 ἀπῆρεν
2275 5363 2355 5425 εἰς
2413 5361 2688 5431 Αίγυπτον
2727 5360 2864 5434 πρὸς
2906 5360 3004 5431 τὴν
3061 5360 3445 5432 Κλεοπάτραν,

214 5433 275 5485 δι’
300 5437 365 5510 ἢν
390 5445 645 5513 μεγάλως
676 5446 782 5501 ὑπὸ
819 5449 928 5502 τῶν
954 5451 1233 5520 ὁμογενῶν
1287 5452 1624 5524 διεϐέϐλητο,
1681 5456 1765 5509 ὅτι
1804 5472 1865 5510 τε
1933 5456 2130 5519 παῖδας
2192 5455 2253 5520 ἐξ
2286 5445 2620 5527 αὐτῆς’ἔσχε
2654 5456 2750 5510 καὶ
2778 5433 2867 5509 γὸτι
2909 5454 3093 5525 χώρας
3140 5455 3277 5525 αὐτῇ
3317 5453 3448 5507 πολ-

214 5527 299 5595 λὶς
324 5536 631 5609 ἐχαρίσατο.
664 5543 851 5607 Οὕτως
887 5544 997 5615 γὰρ
1027 5546 1103 5616 τῷ
1129 5546 1294 5618 ἔρωτι
1355 5542 1547 5619 αὐτῆς
1584 5551 1679 5604 καὶ
1721 5553 1841 5613 ταῖς
1878 5552 2155 5622 γοητείαις
2206 5552 2544 5617 ἐδούλευσεν,
2584 5553 2656 5615 ὡς
2703 5554 2797 5606 καὶ
2848 5554 2946 5623 τὴν
2998 5554 3235 5620 γυναῖκα
3279 5551 3447 5608 αὐτοῦ

217 5623 303 5692 τὴν
339 5629 626 5686 Ὀκταϐίαν
657 5636 791 5702 πρὸς
815 5639 978 5693 αύτδν
1012 5643 1077 5693 ἐκ
1112 5640 1331 5711 Ῥώμης
1354 5642 1762 5714 ἀφικνουμένην
1800 5644 2120 5700 ἐπανελθεῖν
2165 5645 2446 5709 κελεῦσαι,
2484 5646 2578 5699 καὶ
2610 5646 2684 5717 μὴ
2718 5646 2868 5717 αύτῷ
2903 5644 3243 5715 προσελθεῖν.
3280 5710 3285 5713 _

281 5721 396 5779 KZ'.
438 5727 573 5782 ’0δέ
600 5731 817 5803 Καῖσαρ
862 5728 995 5806 ἦλθε
1039 5736 1139 5806 μὲν
1201 5738 1282 5801 είς
1331 5737 1431 5809 τὴν
1485 5739 1761 5805 Σικελίαν,

1938 5740 2148 5796 XXVII.
2183 5742 2367 5798 Cmsar
2396 5759 2548 5809 vero,
2568 5758 2717 5809 curn,
2753 5751 2979 5813 propter
3008 5741 3245 5799 hiemem
3272 5743 3325 5798 in
3360 5743 3448 5800 Si-

218 5811 450 5881 ypavioa;
471 5817 517 5872 δ’
541 5819 599 5875 ἐν
640 5822 777 5895 αὐτῇ
806 5823 891 5879 διὰ
922 5827 1014 5879 τὸν
1044 5828 1311 5899 χειμῶνα,
1344 5829 1449 5882 καὶ·
1476 5829 1662 5900 μαθὼν
1687 5830 1763 5896 ὣς

1884 5834 1993 5890 :ilia
2026 5835 2236 5892 diutius
2288 5848 2554 5900 moratus,
2608 5811 2870 5907 quasdam
2922 5837 3185 5896 Romana:
3215 5839 3448 5901 ditionis

218 5914 324 5958 τινα
348 5908 450 5968 τῶν
478 5913 649 5971 ἐθνῶν
678 5916 785 5974 τῶν
825 5919 1116 5990 Ῥωμαίοις
1148 5923 1525 5993 ὑποκειμένων
1557 5924 1644 5981 διὰ
1666 5925 1763 5995 τῇν

1870 5939 2060 5996 gentes
2088 5944 2183 5997 per
2212 5930 2514 5987 absentiam
2559 5945 2712 5986 suam
2747 5930 3015 5990 defecisse
3061 5933 3452 6001 cognovisset:
