3896 6552
192 475 290 536 885

1439 467 1847 530 ANNALIUM
1893 470 2036 530 LIB.
2085 471 2156 530 Χ.

3339 473 3446 534 838

193 582 477 651 νεοκτήτου
511 583 566 648 ἐξ
592 579 879 634 Ἀντωνίου
911 578 1123 650 εἰλήφει
1154 578 1312 633 τινά’
1375 578 1662 639 Ἀντώνιος
1695 576 1755 630 δὲ

1875 580 2035 634 πευω
2065 580 2191 634 fuit.
2230 579 2368 633 Tum
2396 595 2530 635 vero
2557 580 2797 634 Antonio
2827 590 2880 634 et
2913 582 3126 636 Ctesare
3157 584 3447 640 manifeste

191 677 282 742 τὴν
316 673 596 741 θυγατέρα
628 671 797 725 αὑτοῦ
863 670 1156 741 Ἰωτάπην,
1187 669 1262 734 ὡς
1291 667 1370 741 τῷ
1417 669 1761 740 Ἀλεξάνδρῳ

189 763 386 835 τῴυίῷ
438 763 606 818 αὐτοῦ
654 764 1105 833 συνοικήσουσαν.
1161 763 1267 816 Καὶ
1315 763 1409 816 ἐπὶ
1443 761 1659 826 τούτοις
1703 764 1761 825 ἐς

189 860 282 929 τήν
327 857 543 912 Ἰωνίαν
574 856 669 910 καὶ
702 859 760 920 ἐς
781 856 876 925 τὴν
919 854 1146 910 Ἐλλάδα
1179 854 1272 908 ἐπὶ
1295 872 1372 926 τῳ
1404 855 1631 925 πολέμῳ
1661 851 1760 909 τοῦ

190 953 460 1019 Καίσαρος
491 949 776 1020 ὥρμησεν.
815 950 874 1002 '0
903 948 960 1002 δέ
990 965 1054 1016 γε
1085 948 1269 1020 Μῆδος
1300 947 1762 1018 συμμαχούμενος

187 1047 289 1106 τοῖς
325 1042 645 1109 Ῥωμαίοις,
681 1041 1006 1105 ἐπελθόντας
1039 1039 1187 1110 αὐτῷ
1223 1040 1350 1102 τοὺς
1386 1039 1638 1110 Πάρθους
1667 1037 1761 1092 καὶ⁸

186 1137 268 1192 τὸν
295 1137 566 1204 Ἀρτάξην
589 1136 826 1206 ἐνέκησε.
849 1133 954 1188 ’1ὀῦ
977 1133 1020 1188 δ’
1055 1133 1340 1187 Ἀντωνίου
1373 1133 1498 1194 τοὺς
1519 1129 1762 1194 οἰκείους

191 1227 530 1299 στρατιώτας
556 1227 1100 1298 μετακαλεσαμένου,
1132 1225 1260 1288 τοὺς
1285 1224 1331 1277 δ’
1353 1223 1564 1277 ἐκείνου
1596 1238 1762 1277 κατε-

195 1319 481 1389 σχηκότος,
510 1317 817 1388 ἀνθήττητο
838 1322 931 1370 καὶ
949 1315 1257 1370 ἐάλωυΚαὶ
1277 1313 1448 1378 οὕτως
1492 1315 1525 1385 ή
1565 1314 1768 1384 ’Δρμε-

187 1415 266 1464 via
300 1409 442 1480 μετά
473 1410 578 1480 τῆς
603 1410 815 1481 Μηδίας
859 1408 1133 1462 ἀπώλετο.
1168 1409 1230 1462 Oi
1268 1408 1453 1480 μέντοι
1500 1405 1764 1478 Ῥωμαῖοι

184 1504 271 1572 τὴν
324 1503 424 1571 μὲν
482 1501 858 1573 δημοκρατίαν
925 1500 1228 1571 ἀφῄρηντο,
1292 1500 1352 1553 οὗ
1382 1500 1492 1569 μὴν
1558 1499 1649 1552 καὶ
1684 1499 1765 1563 είς

187 1592 420 1663 φανερὰν
489 1593 798 1664 μοναρχίαν
859 1592 1218 1656 κατώλισθον,
1279 1591 1382 1655 ἕως
1427 1592 1456 1645 ὃ
1485 1606 1545 1644 τε
1572 1590 1766 1658 Σέξτος

183 1685 445 1747 ἀπώλετο,
479 1685 578 1738 καὶ
603 1685 670 1736 τά
701 1685 1086 1738 ἐπαναστάντα
1107 1683 1234 1754 ἔθνη
1263 1682 1583 1748 δεδούλωτο,
1614 1685 1709 1736 καὶ
1737 1683 1766 1737 δ

185 1779 386 1848 Πάρθος
431 1779 592 1832 οὐδὲν
635 1779 943 1848 παρεκίνει.
1013 1778 1148 1831 Τότε
1198 1778 1308 1847 γὰρ
1387 1775 1642 1848 φανερῶς
1675 1775 1763 1830 ἐπ’

182 1868 432 1936 ἀλλήλους
469 1870 503 1921 ὁ
538 1867 825 1930 Ἀντώνιος
853 1869 950 1922 καὶ
979 1869 1005 1921 ὁ
1037 1869 1256 1939 Καῖσαρ
1301 1867 1632 1936 ἐτράποντο,
1671 1864 1766 1919 καὶ

1869 670 2014 726 inter
2034 686 2092 726 se
2118 670 2322 726 bellum
2353 671 2674 743 gerentibus
2697 674 2934 742 populus
2967 673 3108 726 baud
3136 673 3300 727 dubia
3331 692 3448 729 ser-

1871 763 2041 816 vitute
2089 771 2174 818 est
2221 778 2538 835 oppressus.
2576 765 2706 819 Belli
2757 778 2941 820 autem
2973 781 3152 820 causa:
3186 767 3268 821 lue
3303 783 3445 836 pra:-

1871 854 2256 911 tendebantur.
2295 857 2570 912 Antonius
2614 857 2886 913 C:esarcm
2944 859 3260 914 accusabat.
3299 860 3444 928 quod

1871 943 2062 1012 Lepidi
2093 953 2149 1000 et
2179 944 2326 999 Sexti
2368 945 2676 1016 provincias
2707 957 2761 1001 et
2793 948 2980 1016 copias
3021 947 3126 1002 sibi
3169 948 3448 1002 vindicas-

1871 1044 1975 1096 set,
2012 1050 2315 1105 earumque
2370 1035 2652 1090 semissem
2693 1036 3041 1104 postulabat:
3075 1052 3175 1091 nec
3207 1053 3314 1090 non
3349 1053 3447 1091 eo-

1874 1143 1994 1181 rum
2025 1127 2306 1192 militum,
2331 1143 2471 1197 quos
2505 1144 2566 1182 ex
2604 1128 2756 1182 Italia
2797 1129 2863 1182 ad
2913 1129 3063 1182 illum
3117 1128 3447 1198 pertinente,

1873 1218 1926 1274 in
1958 1220 2202 1275 exercitu
2252 1220 2504 1276 haberet.
2563 1220 2742 1276 Ctesar
2789 1220 2944 1275 illum
3000 1221 3265 1282 vicissim,
3299 1220 3448 1290 quod

1870 1310 2160 1382 (Egyptum
2210 1313 2419 1382 privata
2466 1315 2792 1370 auctoritate
2837 1314 2941 1370 sibi
2992 1314 3345 1378 vindicasset,
3394 1325 3451 1369 et

1873 1401 2099 1458 Sextum
2132 1402 2446 1470 occidisset,
2497 1405 2583 1458 cui
2633 1407 2753 1474 ipse
2793 1406 2937 1461 ultro
2965 1405 3345 1476 pepercisset:
3393 1413 3452 1460 et

1874 1494 2018 1564 quod
2053 1495 2316 1551 Armenio
2361 1512 2458 1566 per
2489 1496 2738 1553 fraudem
2782 1507 2943 1570 capto
2993 1511 3051 1555 et
3108 1501 3316 1562 vincto,
3350 1513 3451 1553 no.

1875 1588 2009 1642 mini
2038 1589 2290 1642 Romano
2342 1588 2656 1659 ignominiae
2687 1591 2955 1646 maculam
2997 1593 3346 1662 aspersisset,
3387 1606 3452 1647 ac

1875 1680 2262 1735 manubiarum
2316 1681 2601 1736 semissem
2634 1691 2690 1736 et
2718 1683 2833 1752 ipse
2865 1685 3178 1752 postulavit.
3221 1683 3454 1753 Cleopa-

1875 1783 2015 1828 tram
2047 1787 2180 1827 vero
2204 1781 2262 1827 et
2287 1781 2572 1843 susceptos
2599 1789 2666 1828 ex
2693 1789 2754 1828 ea
2787 1775 3012 1838 liberos,
3037 1784 3094 1830 et
3123 1775 3451 1830 donationes

1875 1867 1958 1921 eis
1988 1865 2179 1929 factas,
2211 1875 2338 1920 ante
2373 1867 2556 1920 omnia
2587 1867 2634 1920 ei
2671 1865 2990 1936 objiciebat.
3016 1866 3157 1921 Illud
3190 1866 3461 1920 tamenin

182 1963 206 2012 ὁ
229 1961 393 2028 δῆμος
438 1959 690 2030 ἀκριϐῶς
729 1957 1023 2030 ἐδουλώθη.
1059 1960 1240 2013 Αἰτίαι
1279 1958 1336 2012 δέ
1380 1957 1476 2012 τοῦ
1525 1957 1766 2028 πολέμου

1875 1957 2066 2026 primis
2112 1957 2472 2027 querebatur,
2528 1958 2673 2027 quod
2703 1958 3069 2016 Caesarionem
3105 1960 3160 2015 in
3189 1958 3466 2014 familiam,

185 2053 289 2105 αἵδε
348 2051 545 2121 σφίσιν
597 2053 956 2121 ἐσκήπτοντο.
1031 2051 1317 2113 Ἀντώνιος
1373 2051 1473 2120 μὲν
1517 2049 1763 2114 Καίσαρι

1875 2047 2100 2104 Caesaris
2127 2047 2438 2103 induceret.

192 2143 430 2197 ἐνεκάλει
459 2144 548 2198 ὅτι
582 2145 682 2214 τὴν
711 2143 805 2198 τοῦ
845 2144 1077 2198 Λεπίδου
1113 2142 1298 2214 χώραν
1326 2143 1421 2197 καὶ⁵
1467 2142 1567 2214 τὴν
1592 2130 1842 2212 δύνᾶμιν,
1904 2141 1999 2194 καὶ
2065 2139 2164 2211 τήν
2230 2139 2325 2194 τοῦ
2373 2139 2567 2206 Σέξτου
2626 2142 3036 2211 ἐσφετερίσατο,
3089 2145 3184 2197 καὶ
3243 2142 3458 2196 τούτων

185 2240 372 2311 ἀπῄτει
401 2241 473 2295 τά
513 2243 710 2314 ἡμίση.
750 2242 844 2294 καὶ
879 2241 984 2294 τῶν
1039 2241 1396 2312 στρατιωτῶν
1443 2241 1537 2304 οὓς
1569 2243 1635 2295 ἐκ
1691 2242 1791 2309 τῆς
1832 2240 2144 2312 ἀνηκούσης
2177 2240 2327 2310 αὐτῷ
2363 2241 2596 2303 Ἰταλίας
2618 2242 2981 2309 ἐστράτευσεν
3015 2259 3028 2273 ·
3067 2241 3094 2292 ὁ
3124 2242 3178 2294 δὲ
3233 2243 3458 2312 Καῖσαρ

185 2333 471 2406 ὲκείνῳὸτι
516 2336 617 2406 τὴν
660 2337 936 2402 Αἴγυπτον
965 2336 1060 2386 καὶ
1093 2335 1227 2387 ἄλλα
1276 2333 1353 2404 μὴ
1404 2333 1586 2405 λαχῦν
1650 2329 1786 2404 εἶχε,
1827 2336 1920 2388 καὶ
1997 2336 2082 2388 ὅτι
2150 2335 2240 2387 τὸν
2289 2335 2484 2400 Σέξτον
2537 2336 2865 2388 ἀπέκτεινεν
2905 2335 3091 2406 (αὐτὸς
3143 2337 3253 2406 γὶρ
3301 2339 3450 2390 ἑκὼν

185 2426 386 2480 ἐκείνου
483 2426 783 2497 φείσασθαι
836 2426 1160 2496 ἐλεγε),καὶ
1213 2428 1294 2479 ὅτι
1346 2427 1439 2480 τὸν
1526 2427 1819 2498 Ἀρμένιον
1858 2428 2043 2498 ἀπάτῃ
2092 2427 2426 2497 συνειληφὼς
2474 2427 2657 2498 ἔδησε,
2713 2431 2825 2482 κάκ
2891 2430 3082 2482 τούτου
3144 2429 3444 2498 Ῥωμαίοις

189 2521 504 2586 κακοδοξίαν
537 2520 892 2591 προσέτριψε,
919 2521 1014 2574 καὶ
1039 2519 1107 2573 τὰ
1140 2520 1313 2591 ἡμίση
1364 2519 1474 2573 τῶν
1497 2519 1755 2591 λαφύρων
1796 2524 1892 2576 καὶ
1960 2523 2124 2586 αὐτὸς
2193 2524 2414 2596 ἀπῄτει,
2474 2525 2564 2576 καὶ
2607 2523 2706 2593 τὴν
2763 2523 3120 2594 Κλεοπάτραν
3153 2525 3304 2594 αὑτῷ
3354 2528 3450 2579 καὶ

192 2618 302 2678 τοὺς
331 2615 539 2678 παῖδας
574 2618 702 2678 τοὺς
739 2615 799 2678 ἐξ
833 2614 1022 2684 αὐτῆς,
1060 2613 1153 2667 καὶ
1181 2613 1251 2666 τὰ
1298 2611 1616 2683 δωρηθέντα
1652 2613 1802 2684 σφίσι
1841 2617 1976 2686 ergo;
2011 2619 2218 2681 πάντας
2242 2617 2532 2687 ἐπέφερεν.
2601 2617 2689 2668 Ἐν
2719 2617 2828 2679 τοῖς
2891 2615 3130 2686 μάλιστα
3151 2616 3196 2669 δ’
3250 2619 3442 2687 ᾐτιᾶτο

189 2719 260 2768 ὅτι
287 2713 375 2767 τὸν
424 2712 792 2783 Καισαρίωνα
819 2714 875 2775 ἐς
901 2711 962 2764 τὸ
1006 2712 1163 2779 γένος
1196 2711 1384 2779 εἰσῆγε
1420 2709 1515 2764 τοῦ
1557 2710 1858 2784 Καίσαρος.

255 2808 382 2864 KII'.
417 2807 595 2862 Ταῦτ’
623 2804 718 2860 οὖν
761 2807 1129 2864 ἐπενεκὰλουν
1191 2807 1460 2881 ἀλλήλοις,
1497 2807 1594 2863 καὶ
1635 2809 1775 2872 τέως

194 2903 282 2955 οὐκ
307 2901 619 2971 ἀναφανδὸν
661 2903 783 2956 κατ’
818 2902 1064 2974 ἀλλήλων
1103 2901 1422 2967 ὡπλίζοντο,
1476 2902 1579 2965 ἕως
1609 2901 1774 2972 Δομί-

190 3013 288 3058 τιος
339 2996 538 3049 Γναῖος
593 2996 684 3050 καὶ
716 2995 938 3059 Σόσσιος
976 2995 1132 3058 Γάϊος
1187 2995 1290 3065 τῆς
1333 2994 1425 3048 τοῦ
1485 2995 1770 3049 Ἀντωνίου

196 3085 393 3155 μερίδος
457 3087 617 3149 ὅντες
703 3086 1040 3140 ὑπάτευσαν.
1106 3084 1236 3137 Τόδε
1329 3085 1387 3139 δὲ
1481 3084 1766 3156 προδήλως

196 3176 642 3248 ἐπολεμώθησαν.
723 3175 785 3231 Ὀ
829 3175 938 3248 γὰρ
1011 3175 1235 3239 Σόσσιος
1313 3175 1485 3229 πολλὰ
1552 3180 1652 3246 μὲν
1713 3177 1772 3229 ἐν

1949 2810 2107 2881 523
2161 2810 2394 2865 XXVIII.
2452 2811 2590 2865 Dum
2651 2811 2717 2866 ad
2767 2810 2915 2866 hunc
2946 2811 3166 2868 modum
3217 2809 3456 2865 invicem

1877 2903 2247 2972 expostulant,
2284 2917 2436 2957 arma
2489 2903 2907 2958 dissimulanter
2947 2904 3236 2973 parabant,
3279 2903 3465 2958 donec

1874 2995 1976 3050 Gn.
2030 2995 2301 3051 Domitius
2346 3005 2402 3051 et
2451 2995 2511 3050 C.
2549 2995 2769 3051 Sossins
2820 2997 3143 3051 Antoniana:
3177 2996 3454 3062 factionis,

1874 3087 2131 3143 consules
2181 3098 2310 3143 sunt
2355 3089 2648 3160 designati.
2695 3089 2834 3142 Tum
2887 3105 3018 3142 vero
3047 3100 3232 3158 aperte
3269 3089 3456 3143 hostes

1873 3179 2001 3233 facti
2061 3187 2206 3233 sunt.
2237 3179 2386 3234 Cum
2425 3180 2572 3234 enim
2617 3179 2838 3233 Sossins
2878 3179 3138 3232 Kalendis
3180 3179 3348 3232 multa
3397 3181 3453 3233 in

196 3270 252 3336 τή
313 3268 589 3341 νουμηνίᾳ
646 3267 882 3338 ἐπῄνεσε
935 3267 1027 3322 τὸν
1101 3268 1384 3323 Ἀντώνιον
1417 3310 1432 3336 ,
1490 3269 1660 3322 πολλά
1715 3268 1769 3322 δὲ

1876 3272 2096 3328 Antonii
2155 3273 2372 3328 Iaudem
2422 3288 2544 3328 cum
2584 3271 2814 3327 Caesaris
2863 3272 3246 3326 criminatione
3279 3271 3456 3327 disse-

197 3363 396 3414 κατεῖπε
447 3359 551 3413 τοῦ
612 3360 912 3427 Καίσαρος.
969 3359 1076 3412 Καὶ
1146 3360 1268 3413 τότε
1320 3361 1417 3430 μὲν
1472 3361 1500 3413 ὁ
1559 3361 1777 3430 Καίσαρ

199 3451 279 3510 τῖς
302 3450 516 3513 πόλεως
555 3449 924 3520 ἐξεχώρησεν,
979 3448 1159 3504 αἰτίαν
1194 3450 1362 3521 ἀλλην
1403 3449 1774 3520 πλασάμενος’

201 3543 317 3609 μετά
355 3543 538 3597 ταῦτα
567 3541 613 3596 δ’
643 3543 976 3608 ἐπανελθὼν,
1011 3543 1102 3596 καὶ
1137 3543 1384 3614 φρουρὰν
1419 3543 1600 3614 ἑαυτῷ
1621 3560 1776 3616 περι·

202 3637 378 3702 στήσας
402 3632 781 3705 στρατιωτῶν,
835 3633 1032 3705 μέτρια
1109 3634 1211 3705 μὲν
1257 3633 1398 3705 ὑπὲρ
1445 3633 1637 3688 ἑαυτοῦ
1694 3634 1774 3687 δι-

199 3724 406 3795 ιλέχθη·
441 3725 544 3779 τοῦ
585 3725 642 3779 δὲ
685 3722 972 3780 Ἀντωνίου
1022 3727 1116 3781 καὶ
1177 3727 1271 3780 τοῦ
1331 3725 1554 3780 Σοσσίου
1602 3726 1775 3781 πο).λά

205 3819 557 3889 κατηγόρησε,
601 3818 696 3872 καὶ
716 3818 1009 3873 ἀδικοῦντα
1031 3819 1124 3872 τὸν
1151 3817 1441 3873 ’Λντώνιον
1465 3820 1553 3873 διὰ
1592 3837 1625 3887 γ
1635 3838 1775 3891 ραμ-

205 3907 366 3973 μάτων
414 3906 730 3976 ἐξελέγχειν
781 3907 1068 3978 ὑπέσχετο.
1119 3907 1181 3962 Οί
1249 3908 1344 3962 οὖν
1396 3908 1592 3962 ὕπατοι
1648 3909 1771 3979 μήτ’

207 4001 468 4056 ἀντειπεῖν
526 3999 886 4072 θαρροῦντες,
939 4003 1080 4072 μήτε
1139 4003 1349 4073 σιωπᾷν
1381 4003 1771 4072 ὑπομένοντες,

206 4093 288 4161 τῆς
340 4095 556 4156 πόλεως
589 4095 1034 4165 ἐκχωρήσαντες,
1067 4094 1314 4164 ἀπῆλθον
1358 4095 1498 4165 πρὶς
1530 4095 1621 4150 τὸν
1651 4097 1774 4149 ‘Av.

204 4184 388 4251 τὼνιον,
417 4187 520 4240 καὶ
559 4186 670 4240 τῶν
699 4185 876 4240 ἄλλων
912 4185 1215 4256 βουλευτῶν
1247 4186 1349 4240 οὐκ
1379 4186 1552 4254 ὀλίγοι
1587 4187 1770 4251 αὐτοῖς

208 4279 688 4349 συναπεληλύθασιν
709 4294 722 4308 ·
753 4279 851 4333 καὶ
897 4278 1056 4342 αὖθις
1085 4278 1292 4352 ἐτεροι,
1331 4279 1424 4332 τὸν
1486 4279 1772 4333 ’Λντώνιον

206 4367 451 4434 λιπόντες,
479 4369 559 4440 τῷ
581 4369 826 4442 Καίσαρι
867 4370 1328 4441 προσεχώρησαν,
1346 4370 1426 4424 ὅτι
1451 4372 1550 4440 τήν
1573 4389 1634 4424 τε
1668 4371 1768 4440 τῆς

219 4459 490 4524 Ὀκταόίας
535 4461 858 4530 συνοίκησιν
914 4462 1213 4527 ἀπείπατο,
1252 4463 1347 4514 καὶ
1377 4462 1459 4515 ὅτι
1498 4465 1564 4533 τῇ
1599 4463 1767 4515 Klse-

209 4552 368 4621 πάτρᾳ⁵
398 4553 652 4623 ήχθοντο.
689 4553 778 4619 Ἐξ
802 4546 878 4606 ὧν
928 4553 1114 4622 μαθὼν
1145 4554 1173 4605 δ
1203 4554 1418 4622 Καῖσαρ
1446 4553 1515 4606 τά
1543 4571 1596 4606 τε
1630 4554 1762 4607 ᾰλῖια

1883 3367 2116 3421 τιιίεευιι
2155 3366 2337 3422 Caesar
2377 3381 2474 3435 per
2527 3364 2690 3417 aliam
2751 3377 2972 3418 causam
3013 3363 3148 3418 urbe
3193 3364 3452 3418 excessit;

1879 3460 2084 3515 Deinde
2129 3475 2404 3521 reversus,
2448 3459 2703 3528 praeside
2753 3458 2986 3512 militum
3023 3457 3287 3519 adhibito,
3335 3472 3453 3509 nio-

1876 3551 2031 3606 deste
2061 3551 2128 3606 de
2153 3553 2333 3622 seipse
2360 3552 2601 3610 locutus.
2630 3551 2874 3607 Sossium
2903 3561 2956 3604 et
2979 3549 3276 3604 Antonium
3308 3551 3453 3603 acri-

1879 3653 1960 3696 ter
1988 3647 2286 3710 accusavit,
2323 3660 2494 3716 seque
2522 3644 2820 3700 Antoifum
2868 3643 3071 3698 litteris
3102 3643 3330 3714 prolatis
3365 3644 3450 3696 in-

1869 3735 2137 3804 juriarum
2193 3739 2574 3793 conviclurum
2634 3752 2755 3792 esse
2813 3736 3124 3790 allirmavit.
3184 3733 3453 3790 Consules

1878 3826 2062 3895 igitur,
2103 3828 2194 3898 qui
2244 3844 2343 3883 nec
2391 3829 2775 3884 contradicere
2837 3830 3128 3888 auderent.
3181 3837 3236 3881 οι
3273 3836 3453 3882 lacere

1875 3933 1982 3971 non
2016 3929 2257 3988 possent,
2307 3923 2444 3974 urbe
2477 3920 2688 3982 relicta,
2742 3937 2848 3974 non
2883 3921 3070 3989 paucis
3106 3919 3453 3973 senatoribus

1875 4009 2286 4074 comitantibus,
2338 4014 2402 4064 ad
2461 4011 2762 4065 Antonium
2820 4027 2878 4064 se
2936 4011 3293 4065 contulerunt
3335 4029 3347 4063 :
3388 4025 3451 4064 ac

1875 4100 2113 4155 vicissim
2153 4102 2244 4155 alii
2286 4102 2525 4158 Antonio
2558 4106 2747 4160 relicto
2775 4101 2839 4158 ad
2869 4103 3138 4160 Csrsarem
3170 4100 3444 4164 abierunt,

1873 4190 2074 4247 infensi
2135 4192 2207 4248 ob
2271 4191 2554 4250 Octaviam
2615 4198 2977 4265 repudiatam,
3036 4204 3090 4250 et
3142 4193 3445 4265 Cleopatra

1871 4285 2021 4341 odio.
2073 4287 2114 4343 Ε
2148 4289 2352 4358 quibus
2399 4289 2579 4345 Caesar
2632 4306 2755 4344 eum
2810 4290 2933 4344 aliis
2965 4290 3184 4344 Antonii
3229 4293 3444 4346 areanis

1871 4378 2126 4449 cognitis,
2161 4389 2273 4433 tum
2296 4379 2455 4449 quale
2485 4388 2540 4434 et
2574 4379 2664 4432 ubi
2695 4389 3080 4433 testamentum
3113 4379 3234 4451 ejus
3256 4389 3401 4434 esset
3427 4421 3441 4445 ,

1873 4471 1925 4524 id
1963 4480 2254 4540 acceptum
2294 4471 2512 4541 publice
2568 4471 2840 4536 recitavit,
2891 4473 3107 4527 lacinus
3162 4473 3442 4542 iniquissi-

1876 4577 2023 4614 mum
2062 4577 2252 4627 ausus,
2285 4577 2460 4631 eaque
2491 4563 2816 4618 recitatione
2847 4565 3012 4618 etiam
3041 4563 3450 4617 addictissimos

209 4643 285 4696 τοῦ
329 4645 639 4710 Ἀντωνίου,
680 4647 774 4697 καὶ
796 4645 897 4706 τὰς
942 4643 1215 4714 διαθήκας
1244 4642 1433 4707 αὐτοῦ,
1465 4643 1559 4697 καὶ
1612 4646 1766 4712 παρὰ

1875 4652 2106 4706 Antonio
2136 4654 2216 4709 sic
2247 4655 2564 4716 commovit,
2595 4663 2656 4707 ut
2683 4663 2740 4708 et
2763 4655 3106 4708 consulatum
3140 4663 3195 4709 et
3227 4669 3444 4708 onmem

209 4735 296 4787 τίνι
323 4738 634 4806 ἐτύγχανον,
675 4736 835 4790 ἐλαὸέ
882 4753 940 4790 τε
966 4736 1158 4798 αὑτὰς,
1218 4737 1310 4788 καὶ
1347 4734 1586 4805 δημοσία
1647 4734 1773 4788 ἀνέ-

211 4843 325 4896 γνω,
363 4833 601 4903 πρᾶγμα
620 4830 852 4899 ποιήσας
884 4827 1371 4898 παρανομώτατον.
1406 4826 1692 4896 Τοσαύτην
1715 4826 1774 4880 δέ

211 4915 284 4970 διὰ
340 4921 407 4974 τὰ
458 4921 826 4991 γεγραμμένα
883 4919 1054 4990 ὀργήν
1111 4918 1208 4971 καὶ
1271 4919 1321 4970 οξ
1381 4917 1523 4971 πάνυ
1576 4915 1774 4988 ἐκείνῳ

213 5011 579 5079 προσκείμενοι
633 5008 988 5075 ἐνεδείξαντο,
1059 5005 1201 5060 ὥστε
1257 5006 1357 5076 τήν
1386 5022 1446 5060 τε
1479 5004 1774 5074 ,ὑπατείαν

223 5101 302 5151 καὶ
355 5102 521 5170 ἀλλην
581 5103 800 5156 ἃπασαν
861 5098 1116 5166 ἐξουσίαν
1168 5099 1476 5168 ἀφείλοντο,
1535 5098 1772 5161 καὶτοῖς

217 5191 438 5246 συνοῦσιν
461 5193 610 5264 αὑτῷ
644 5194 834 5248 ἄδειαν
893 5195 989 5246 καὶ
1045 5191 1326 5256 ἐπαίνους,
1379 5191 1476 5245 ἐάν
1534 5191 1772 5260 ἐγκατα-

215 5277 419 5337 λέπιυσιν
494 5285 695 5350 αὑτὸν,
746 5284 1113 5354 ἐψηφίσαντο·
1165 5282 1260 5336 καὶ
1321 5284 1387 5352 τῇ
1445 5282 1773 5354 Κλεοπάτρᾳ

217 5373 422 5443 πόλεμον
468 5375 802 5445 ἐπήγγειλαν
860 5375 1143 5444 ἄντικρυς,
1175 5373 1236 5438 ὃς
1289 5372 1488 5444 μᾶλλον
1519 5371 1653 5443 πρὸς
1682 5373 1772 5426 τὸν

230 5462 490 5520 Ἀντώνιον
512 5468 713 5521 ἔτεινεν
749 5467 970 5538 (ᾔδεσαν
999 5465 1110 5537 γὰρ
1143 5464 1308 5518 αὑτὸν
1354 5464 1498 5533 ὑπὲρ
1554 5465 1774 5533 ἐκείνης

219 5557 374 5612 πάντα
396 5561 736 5626 ὑποίσοντα)’
765 5561 910 5613 οὕτω
938 5558 1046 5630 γὰρ
1073 5558 1237 5610 αὐτὸν
1264 5555 1598 5610 ἐδουλώσατο
1630 5554 1770 5608 ὥστε

221 5645 401 5716 βασιλίς
447 5673 506 5708 τε
573 5653 669 5707 καὶ
725 5653 990 5706 δέσποινα
1062 5649 1156 5704 ὑπ’
1212 5649 1423 5703 ἐκείνου
1463 5647 1769 5712 καλεῖσθαι,

221 5745 528 5811 στρατιώτας
563 5763 624 5799 τε
673 5745 984 5814 Ῥωμαίους
1031 5744 1089 5796 ἐν
1117 5741 1196 5811 τῷ
1225 5740 1573 5811 δορυφορικῷ
1603 5740 1772 5810 αὐτῆς

223 5831 370 5901 ἔχειν,
420 5839 514 5892 καὶ
546 5841 667 5902 ταῖς
722 5839 915 5892 ἀσπίσι
983 5838 1204 5889 πάντων
1263 5834 1324 5886 τδ
1377 5833 1548 5900 ὄνομα
1599 5832 1771 5901 αὐτῆς

228 5921 618 5998 ἐπιγράφεσθαι.
667 5929 774 5982 Καὶ
816 5928 894 5990 εἰς
943 5929 1042 6000 τὴν
1109 5927 1318 5999 ἀγοράν
1347 5924 1401 5978 δέ
1447 5926 1564 5996 μετ’
1603 5921 1767 5977 αὖτοῦ

1875 4754 2204 4814 potestatem
2231 4747 2282 4799 ei
2309 4745 2617 4799 adimerent
2645 4763 2658 4799 :
2700 4756 2756 4800 et
2799 4748 2919 4815 ejus
2948 4746 3306 4801 familiaribus
3347 4747 3450 4801 im-

1871 4836 2174 4906 punitatem
2211 4845 2267 4891 et
2295 4836 2643 4891 laudationes
2683 4837 3072 4902 decernerent,
3105 4837 3150 4893 si
3180 4838 3330 4892 illum
3364 4855 3452 4895 rc-

1874 4927 2193 4997 liquissent:
2229 4936 2284 4982 et
2315 4929 2621 4998 Cleopatrae
2649 4929 2854 4984 bellum
2890 4939 3080 4999 aperte
3117 4930 3449 4994 indicerent,

1875 5018 2021 5088 quod
2050 5017 2117 5072 ad
2149 5019 2445 5074 Antonium
2483 5019 2666 5090 potius
2696 5020 3000 5091 spectabat,
3027 5036 3190 5091 quem
3228 5031 3452 5092 propter

1875 5111 2020 5164 illam
2051 5111 2186 5165 nihil
2219 5127 2327 5165 non
2367 5111 2680 5165 subiturum
2722 5123 2960 5168 norant:
2999 5113 3088 5169 cui
3139 5115 3209 5168 ita
3242 5117 3447 5167 servie-

1876 5202 1986 5266 bat,
2026 5213 2224 5256 utcam
2269 5211 2324 5257 et
2375 5203 2616 5274 reginam
2648 5214 2703 5259 et
2733 5204 3007 5259 dominam
3043 5207 3358 5276 appellaret,
3393 5213 3450 5257 et

1876 5295 2078 5350 milites
2128 5296 2403 5351 Romanos
2459 5297 2512 5351 in
2570 5299 2824 5354 custodia
2876 5299 3082 5354 habere
3144 5308 3446 5368 pateretur,

1874 5403 2109 5455 quorum
2139 5388 2344 5459 clypeis
2368 5387 2674 5459 Cleopatm
2709 5405 2910 5444 nomen
2947 5389 3269 5458 inscriptum
3305 5397 3446 5440 erat.

1875 5480 2144 5534 Przeterea
2178 5480 2376 5534 mulier
2409 5497 2514 5534 una
2545 5496 2671 5535 eum
2704 5498 2771 5537 eo
2807 5481 2980 5535 forum
3015 5477 3448 5549 ingrcdicbatur,

1875 5570 2035 5626 ludos
2083 5587 2188 5625 una
2225 5571 2473 5636 curabat,
2527 5573 2618 5643 jus
2653 5590 2759 5627 una
2801 5573 3039 5632 dicebat,
3090 5588 3194 5626 una
3229 5571 3449 5640 equita-

1875 5664 1989 5720 bat.
2039 5665 2094 5719 In
2129 5665 2361 5720 urbibus
2394 5665 2586 5721 lectica
2617 5666 2922 5729 ferebatur,
2971 5665 3089 5733 ipse
3122 5665 3287 5733 pedes
3321 5680 3446 5718 eum

1872 5759 2144 5812 ettnuchis
2175 5759 2532 5828 sequebatur.
2561 5759 2678 5813 Una
2707 5771 2762 5811 et
2791 5757 3139 5827 pingebatur,
3178 5765 3233 5810 et
3283 5756 3452 5824 tinge-

1875 5849 2074 5903 batur:
2117 5866 2180 5904 ac
2211 5851 2326 5919 ipse
2365 5850 2586 5919 quidem
2621 5849 2863 5904 Bacchus
2891 5859 2944 5902 et
2983 5847 3182 5909 Osiris.
3230 5849 3318 5902 illa
3351 5849 3450 5902 Isis

1873 5952 1925 5998 et
1956 5941 2108 5999 Luna
2160 5944 2474 6000 vocabatur.
2533 5943 2703 6006 Quam
2757 5941 2827 5997 ob
2879 5958 2992 5997 rem
3045 5953 3129 5996 art
3155 5943 3255 5999 bus
3305 5944 3452 5997 illius
