3910 6550
248 461 345 525 889

1533 460 1936 524 ANNALIUM
1976 462 2127 526 LIB.
2168 464 2239 527 Χ.

3387 477 3498 540 890

249 572 323 633 εις
352 567 514 623 αύτδν
545 567 910 640 ἐμϐάλλοντος
955 566 1327 637 γλυκαίνεται.
1357 567 1625 623 Κάκεῖθεν
1654 570 1733 633 είς
1763 570 1822 622 τδ

1928 568 2062 624 Cum
2093 585 2258 628 nemo
2296 580 2486 629 contra
2534 573 2762 630 classem
2797 576 3078 646 educeret,
3113 597 3294 653 neque
3340 587 3502 656 quid-

254 665 467 718 ’Δκτιον
496 662 671 716 ἔπλει.
721 661 807 724 Ὠς
835 661 881 714 δ’
919 660 1093 724 οὐδεὶς
1123 659 1247 713 οὔτε
1295 660 1568 723 άντέπλει,
1602 659 1724 714 οὔτε
1755 664 1812 726 ἐς

251 759 432 826 λόγους
469 755 559 826 ᾔει
615 755 788 825 αύτῷ,
825 755 857 827 ἢ
888 755 1025 826 πρὸς
1057 753 1239 823 μάχην
1268 752 1300 822 ἢ
1334 752 1472 823 πρὸς
1521 752 1812 822 ὁμολογίαν

249 849 635 918 ἐκκαλουμένῳ
665 847 790 910 τοὺς
850 846 1149 908 ἐναντίους,
1197 844 1462 897 κατέλαϐε
1513 846 1574 898 τὸ
1615 845 1815 915 χωρίον

251 944 400 998 τοῦτο
431 945 490 996 ἐν
519 935 564 1010 ᾧ
596 938 692 994 νῦν
713 945 859 994 ἐστιν
889 943 922 1010 ἡ
963 939 1283 1002 Νικόπολις,
1319 939 1428 990 κάκ
1456 937 1648 991 τούτου
1678 937 1815 1006 ἐφήο

250 1038 400 1107 δρευε
427 1034 508 1106 τῷ
550 1034 752 1104 Ἀκτίῳ
784 1033 926 1086 κατὰ
955 1034 1061 1102 γῆν
1088 1047 1148 1084 τε
1178 1031 1274 1084 καὶ
1313 1029 1611 1084 θάλασσαν.
1664 1029 1736 1081 T6
1760 1028 1818 1081 δὲ

251 1129 465 1181 Ἄκτιον
515 1127 566 1179 οί
635 1125 732 1202 τοῦ
805 1124 1102 1177 Ἀντωνίου
1168 1120 1820 1194 προκατελάϐοντο,,καὶ

249 1219 476 1291 πύργοις
523 1218 828 1289 ὠχύρωσαν
866 1215 1228 1286 ἑκατέρωθεν.
1288 1214 1444 1268 Ἐπεὶ
1483 1213 1542 1266 δέ
1596 1213 1695 1285 τὴν
1725 1213 1819 1266 τοῦ

251 1311 523 1379 Καίσαρος
582 1307 766 1377 ἄφιξιν
821 1307 1054 1360 ἐπύθετο
1106 1308 1136 1360 6
1200 1307 1524 1371 Ἀντώνιος,
1579 1305 1818 1376 ἠπείχθη

256 1401 386 1471 μετὰ
433 1401 543 1454 τῶν
579 1400 708 1471 περὶ
743 1399 911 1453 αὐτὸν
965 1401 1045 1463 εἰς
1075 1398 1137 1452 τὸ
1191 1399 1449 1452 Ἀκτιονο
1513 1384 1614 1450 ούκ
1661 1397 1824 1460 εὐθὺς

256 1493 428 1562 μέντοι
458 1493 553 1546 καὶ
585 1491 914 1562 ἠγωνίσατο,
955 1491 1135 1544 καίτοι
1193 1489 1289 1545 τοῦ
1335 1489 1614 1559 Καίσαρος
1659 1489 1824 1540 παντὶ

250 1586 393 1655 τόπῳ
418 1587 497 1648 είς
529 1585 716 1653 ἀγῶνα
739 1582 928 1637 τοῦτον
955 1581 1256 1651 ἐνάγοντος
1277 1597 1290 1612 θ
1337 1579 1756 1653 ἀκροϐολισμοῖς
1778 1578 1824 1631 δ’

253 1681 336 1733 ἐπὶ
367 1680 583 1744 πλείους
609 1679 822 1752 ἡμέρας
849 1679 1158 1749 ἐχρήσατο,
1195 1677 1357 1747 μέχρι
1405 1675 1725 1746 συνήθροισε
1759 1674 1826 1726 τά

256 1771 649 1843 στρατεύματα.
690 1772 746 1826 '0
779 1772 836 1824 δὲ
863 1773 1080 1840 Καῖσαρ
1122 1773 1203 1833 είς
1234 1769 1336 1839 τὴν
1371 1767 1599 1822 Ἑλλάδα
1631 1768 1734 1837 τήν
1765 1783 1824 1819 τε

255 1863 584 1919 Μακεδονίαν
638 1864 854 1935 ἔπεμψε
893 1864 1180 1935 στρατιὰν,
1236 1864 1386 1926 ὃπως
1444 1862 1581 1932 πρὸς
1641 1861 1826 1913 ἐκεῖνα

1925 679 2092 732 quam
2128 666 2210 719 vel
2269 667 2335 721 ad
2384 682 2620 736 pugnam
2679 669 2763 724 vel
2815 671 2882 726 ad
2941 672 3277 729 deditionem
3314 676 3500 737 hostes

1921 756 2246 823 provocanti
2297 759 2737 828 responderent:
2779 776 2905 818 eum
2957 767 3248 837 occupavit
3289 769 3496 836 locum,

1918 845 1972 899 in
2013 863 2121 917 qua
2175 864 2321 904 nunc
2372 859 2457 905 est
2503 851 2797 923 Nicopolis,
2855 856 3041 926 ibique
3085 857 3230 914 circa
3279 860 3496 917 Actium

1919 945 2066 992 terra
2097 940 2344 1010 marique
2369 942 2634 997 stationes
2659 944 2871 1001 habuit.
2905 947 3039 1002 Nam
3071 949 3246 1018 ipsum
3278 951 3496 1008 Actium

1919 1030 2218 1086 Antoniaui
2246 1045 2684 1104 praeoccupatum
2719 1039 2967 1094 turribus
2992 1041 3250 1112 utrinque
3283 1045 3502 1101 munie-

1921 1131 2067 1176 rant.
2103 1124 2376 1182 Antonius
2407 1127 2647 1183 adventu
2685 1128 2916 1187 Caesaris
2947 1134 3185 1203 cognito,
3220 1151 3345 1190 cum
3385 1140 3502 1195 suis

1921 1215 2137 1270 Actium
2171 1220 2525 1287 properavit:
2584 1219 2744 1290 525
2779 1224 2874 1278 sed
2910 1239 3019 1278 non
3048 1227 3235 1281 statim
3291 1245 3504 1300 pugna-

1925 1308 2022 1373 vit,
2059 1310 2312 1378 quamvis
2357 1325 2386 1364 a
2429 1310 2640 1368 Caesare
2678 1315 2854 1370 modis
2907 1317 3165 1374 omnibus
3196 1319 3501 1378 lacessere-

1924 1407 2053 1458 tur:
2095 1400 2469 1456 tumultuariis
2503 1413 2684 1458 tamen
2735 1409 2934 1476 pugnis
2972 1424 3070 1478 per
3099 1411 3219 1466 dies
3251 1414 3503 1484 complu-

1924 1506 2016 1546 res
2041 1494 2296 1557 certavit,
2331 1494 2511 1549 donec
2550 1497 2907 1552 conduxisset
2937 1515 3069 1554 suos
3099 1503 3398 1558 exercitus.
3433 1505 3503 1558 At

1923 1582 2106 1639 Caesar
2136 1585 2190 1640 in
2220 1585 2483 1641 Graeciam
2517 1598 2572 1642 et
2606 1588 2980 1644 Macedoniam
3009 1592 3159 1647 misit
3205 1595 3414 1664 c0pias,
3443 1604 3504 1650 ut

1926 1677 2226 1732 Antonium
2263 1679 2347 1733 vel
2381 1679 2611 1734 invitum
2665 1681 2796 1734 illuc
2843 1683 3208 1751 pertraheret.
3262 1685 3505 1758 Agrippa

1927 1767 2112 1823 subito
2149 1784 2372 1824 accessu
2398 1769 2650 1826 Leucade
2683 1780 2740 1827 et
2764 1773 2996 1829 navibus
3047 1775 3197 1831 illius
3226 1776 3332 1832 loci
3365 1780 3509 1847 poli-

1932 1867 2022 1914 tus
2045 1868 2150 1919 cst.
2205 1861 2396 1916 Patras
2448 1861 2616 1930 cepit,
2667 1862 2998 1920 Corinthum
3048 1867 3116 1922 ad
3169 1867 3504 1924 deditionem

257 1955 552 2028 μενετάγκῃ
583 1955 678 2009 καὶ
704 1956 910 2010 ἄκοντα
931 1957 1024 2010 τὸν
1045 1956 1354 2010 Ἀντώνιον.
1388 1954 1498 2007 Kal.
1535 1954 1564 2005 6
1589 1952 1826 2021 Ἀγρίπ-

1929 1951 2215 2021 compulit.
2250 1952 2408 2008 Titus
2453 1953 2668 2010 Marcus
2713 1966 2770 2010 et
2799 1956 3014 2014 Taurus
3043 1958 3309 2026 Statilius,
3348 1962 3505 2030 equi-

255 2064 354 2109 πας
375 2047 476 2117 τῆς
505 2064 564 2099 τε
586 2048 857 2110 Λευκάδος
886 2049 982 2101 καὶ
1008 2048 1118 2101 τῶν
1148 2049 1207 2100 ἐν
1255 2045 1428 2118 ταύτῃ
1473 2045 1699 2113 σκαφῶν
1735 2045 1821 2096 αί-

253 2139 467 2207 φνιδίως
489 2139 828 2204 ἐπιπλεύσας
856 2139 1152 2211 ἐκράτησε,
1191 2141 1285 2193 καὶ
1315 2141 1537 2209 Πάτρας
1581 2131 1696 2190 εἷλε
1730 2137 1826 2190 καὶ

251 2231 342 2294 τὴν
373 2230 638 2300 Κόρινθον
671 2234 1073 2301 παρεστήσατο.
1107 2233 1218 2284 Kal.
1251 2231 1278 2282 6
1321 2231 1486 2294 Τῖτος
1519 2231 1546 2284 6
1576 2231 1824 2301 Μάρκος.

254 2320 457 2392 Ταῦρός
517 2340 574 2376 τε
607 2325 634 2377 6
663 2323 942 2384 Στατίλιος
998 2323 1060 2376 τὸ
1108 2323 1336 2376 ἱππικὸν
1379 2321 1474 2375 τοῦ
1539 2321 1825 2375 ’Δντωνίου

252 2413 440 2482 ἀθρόον
479 2413 846 2484 ἐκδραμόντες
879 2413 1161 2484 συνέσχον,
1193 2416 1288 2468 καὶ
1311 2414 1640 2483 Φιλάδελφον
1669 2413 1828 2484 βασι-

253 2506 343 2559 λέα
372 2506 758 2577 Παφλαγονίας
785 2508 1278 2578 προσεποιήσαντο.
1315 2506 1426 2560 Kal.
1452 2509 1479 2560 6
1506 2505 1759 2575 Δομίτιος
1795 2504 1824 2556 6

253 2598 434 2662 Γναῖος
454 2603 548 2652 καὶ
579 2599 730 2654 ἄλλοι
753 2599 832 2670 τῷ
873 2600 1116 2669 Καίσαρι
1145 2597 1602 2670 προσεχώρησαν.
1651 2596 1827 2666 Φοϐηο

253 2690 360 2754 θεὶς
387 2692 484 2746 οῦν
513 2694 542 2746 6
573 2693 884 2760 ’Δντώνιος,
919 2693 994 2765 μὴ
1049 2694 1160 2746 ὅσοι
1217 2695 1275 2756 ἐς
1327 2693 1428 2762 τὴν
1485 2689 1828 2745 Μακεδονίαν

257 2785 345 2837 καὶ
366 2784 464 2855 τὴν
478 2785 698 2856 Θρᾴκην
731 2785 1090 2856 ἐπέμφθησαν
1115 2784 1246 2854 παρ’
1276 2781 1464 2850 αὑτοῦ,
1492 2781 1568 2853 τῷ
1589 2781 1828 2850 Καίσαρι

257 2877 616 2948 πρόσθωνται,
643 2879 872 2950 ὥρμησε
907 2877 1044 2949 πρὸς
1075 2875 1307 2939 αύτούς.
1358 2876 1476 2928 Κάν
1493 2873 1676 2947 τούτῳ
1702 2889 1832 2925 ναυ-

254 2970 423 3040 μαχία
450 2987 536 3032 τις
569 2970 824 3039 συνέστη,
871 2970 968 3022 καὶ
1017 2969 1168 3038 παρὰ
1199 2967 1296 3036 μέν
1327 2969 1392 3037 τῇ
1431 2964 1628 3036 πρώτη
1663 2981 1832 3034 προσ·

249 3061 375 3134 ϐολῇ
419 3061 719 3134 ἐτρέψαντο
761 3064 810 3115 οἱ
852 3061 944 3114 τοῦ
1013 3061 1302 3114 Ἀντωνίου
1369 3061 1496 3122 τοὺς
1546 3057 1829 3126 Καίσαρος

247 3153 466 3222 ὀλίγους
529 3153 712 3215 ϐντας.
769 3151 877 3205 Τοῦ
935 3152 993 3206 δέ
1037 3152 1370 3224 Ἀγρίππου,
1419 3143 1464 3219 ᾧ
1499 3152 1607 3204 πᾶν
1649 3150 1830 3202 ἀνεῖτο

249 3247 314 3300 τὸ
336 3245 432 3300 τοῦ
465 3245 742 3317 Καίσαρος
776 3246 1048 3311 ναυτικὸν,
1092 3245 1235 3299 κατὰ
1259 3247 1431 3315 τύχην
1455 3243 1830 3315 ἐπιδημήσαν-
1855 3286 1897 3343 C

247 3349 359 3397 τος,
382 3335 441 3389 ού
469 3337 629 3405 μόνον
651 3337 802 3389 οὐδὲν
827 3337 928 3407 τῆς
947 3338 1107 3408 νίκης
1133 3338 1182 3389 oi
1208 3336 1304 3390 τοῦ
1347 3337 1636 3390 Ἀντωνίου
1667 3335 1824 3390 ἀπώ-

248 3445 429 3494 ναντο,
456 3428 591 3482 ἀλλὰ
628 3431 722 3484 καὶ
742 3430 1042 3484 ἀπώλοντο.
1082 3430 1192 3483 Kal.
1213 3429 1302 3483 διὰ
1329 3429 1490 3483 τοῦτο
1514 3428 1827 3482 ἐπανελθὼν

249 3518 278 3571 6
318 3517 602 3582 ’Λντώνιος
637 3519 952 3589 ἱππομαχίᾳ
984 3521 1094 3572 τινί
1115 3521 1254 3591 πρὸς
1287 3521 1386 3591 τὴν
1417 3519 1514 3572 τοῦ
1546 3520 1829 3590 Καίσαρος

249 3605 604 3676 προφυλακὴν
633 3607 866 3678 ἡττήθη.
899 3607 1009 3660 Kal.
1045 3608 1170 3660 ἐπεὶ
1209 3607 1276 3660 τά
1327 3605 1616 3676 ἐπιτήδεια
1664 3605 1828 3658 αὑτὸν

247 3698 487 3768 ἦρξαντο
509 3699 834 3762 ἐπιλείπειν,
862 3699 1062 3771 βουλὴν
1086 3700 1391 3770 ἐποιήσατο
1428 3697 1657 3769 πότερον
1684 3695 1830 3750 κατὰ

247 3789 434 3862 χώραν
470 3791 757 3860 μείναντες
788 3791 1344 3859 διακινδυνεύσουσιν,
1389 3790 1421 3860 ἦ
1462 3789 1829 3860 μεταστάντες

247 3888 426 3956 χρόνῳ
449 3885 544 3940 τὸν
582 3886 820 3956 πόλεμον
844 3886 1188 3954 διενέγκωσι.
1224 3886 1337 3939 Καὶ
1363 3883 1520 3938 ἄλλοι
1556 3885 1655 3954 μὲν
1691 3883 1828 3938 ἄλλα

248 3977 698 4044 συνεϐούλευσαν,
749 3980 784 4050 ή
819 3979 876 4032 δέ
922 3995 986 4046 γε
1031 3977 1382 4049 Κλεοπάτρα,
1415 3975 1486 4030 τά
1538 3973 1828 4044 ἐπικαιρό-

245 4087 386 4126 τατα
421 4071 532 4125 τῶν
563 4070 776 4142 χωρίων
807 4071 1075 4140 φρουραῖς
1146 4068 1544 4140 παραδοθῆναι,
1577 4069 1672 4122 καὶ
1703 4066 1830 4129 τοὺς

245 4161 469 4225 λοιποὺς
497 4162 806 4229 συναπᾶραι
835 4163 1020 4224 αὐτοῖς
1047 4162 1128 4224 τίς
1160 4160 1263 4231 τὴν
1287 4161 1565 4228 Αἴγυπτον
1593 4157 1829 4228 συμϐου-

245 4254 515 4322 λεύσασα,
541 4256 812 4326 ἐνίκησε,
842 4255 936 4318 Εἰς
970 4253 1028 4306 δὲ
1055 4253 1260 4323 ταύτην
1291 4247 1423 4318 ἦλθε
1453 4253 1552 4320 τὴν
1603 4249 1831 4319 γνώμην

247 4347 358 4402 ὑπὸ
387 4349 633 4420 σημείων
683 4346 1071 4418 θορυϐηθεῖσα,
1097 4345 1193 4400 καὶ
1219 4346 1285 4400 ἐκ
1316 4343 1418 4414 τῆς
1445 4343 1538 4396 τοῦ
1569 4341 1830 4413 στρατεύ-

246 4460 419 4514 ματος
441 4441 682 4512 ἀθυμίας
726 4442 824 4494 καὶ
851 4438 1166 4512 ἀρρωστίας
1191 4437 1436 4501 δείσασα,
1459 4440 1552 4489 καὶ
1577 4434 1669 4488 τὸν
1710 4435 1830 4488 Ἀν-

245 4535 439 4590 τώνιον
492 4535 843 4603 ἐξεφόϐησεν.
890 4533 965 4586 Ού
1028 4531 1214 4603 μέντοι
1269 4529 1471 4600 λάθρα,
1537 4526 1660 4580 οὐδὲ
1721 4525 1828 4596 μὴν

1928 2047 2100 2094 tatum
2127 2043 2352 2098 Antonii
2404 2044 2585 2099 subita
2614 2049 2944 2104 excursione
2981 2063 3267 2120 ceperunt,
3300 2064 3354 2107 et
3379 2053 3504 2108 Phi-

1927 2133 2242 2203 ladelphum
2278 2135 2660 2207 Paphlagonia:
2697 2153 2882 2208 regem
2930 2140 2984 2195 in
3015 2155 3143 2196 suas
3179 2151 3360 2211 partes
3392 2152 3504 2198 tra-

1927 2225 2224 2280 duxcrunt.
2257 2226 2358 2282 Cn.
2393 2229 2522 2282 item
2551 2230 2820 2285 Domitius
2850 2240 2906 2286 et
2935 2232 3024 2286 alii
3051 2232 3118 2286 ad
3152 2232 3420 2289 Caesarem
3445 2250 3505 2289 se

1926 2319 2302 2376 contulerunt.
2353 2321 2576 2377 Veritus
2623 2322 2793 2393 igitur
2841 2323 3134 2390 Antonius,
3191 2341 3260 2380 ne
3296 2325 3332 2379 ii
3363 2341 3505 2396 quos

1929 2411 1986 2466 in
2032 2412 2403 2468 Macedoniam
2449 2423 2504 2468 ct
2549 2414 2842 2469 Thraciam
2885 2415 3144 2478 misisset,
3183 2414 3326 2469 idem
3355 2415 3504 2470 face-

1927 2513 2072 2570 rent,
2100 2505 2168 2560 ad
2198 2521 2294 2560 eos
2319 2508 2656 2577 properavit.
2690 2508 2906 2563 Interea
2944 2508 3238 2562 conﬂictus
3277 2509 3505 2578 quidam

1929 2601 2065 2655 mari
2115 2601 2291 2656 factus
2325 2610 2411 2656 est
2439 2619 2453 2655 :
2502 2609 2558 2655 et
2587 2600 2910 2666 Caesariani,
2959 2603 3120 2671 pauci
3155 2617 3405 2664 numero,
3435 2601 3506 2655 ab

1927 2689 2257 2744 Antonianis
2303 2690 2578 2760 principio
2619 2691 2782 2760 pulsi.
2835 2690 2940 2745 Sed
2997 2691 3228 2745 fortuito
3255 2691 3508 2760 Agrippa:

1929 2792 2289 2851 superventu.
2324 2783 2416 2850 qui
2445 2783 2540 2837 toti
2568 2782 2890 2838 Caesarianae
2917 2784 3075 2838 classi
3112 2793 3366 2854 praerat.
3432 2782 3511 2837 fa-

1929 2882 2077 2928 ctum
2095 2883 2202 2938 est,
2225 2882 2283 2928 ut
2312 2874 2389 2928 illi
2422 2889 2527 2927 non
2561 2873 2725 2928 modo
2758 2875 2970 2928 nullum
3004 2875 3242 2930 victoriae
3270 2874 3507 2930 fructum

1929 2976 2212 3035 caperent,
2238 2966 2332 3020 sed
2357 2966 2523 3020 etiam
2555 2964 2871 3021 interirent.
2898 2968 3016 3032 Qua
3044 2965 3112 3020 de
3134 2981 3300 3020 causa
3323 2979 3510 3019 rever-

1929 3073 2024 3113 sus
2053 3057 2346 3123 Antonius,
2376 3058 2616 3128 equestri
2661 3056 2963 3113 certamine
3003 3073 3130 3112 cum
3171 3055 3364 3126 primis
3387 3054 3510 3112 Cte-

1929 3153 2068 3208 saris
2093 3152 2342 3208 excubiis
2367 3168 2714 3223 congressus,
2745 3152 3056 3207 succubuit.
3099 3151 3166 3204 Et
3202 3155 3328 3220 quia
3353 3165 3510 3204 com-

1932 3253 2143 3299 meatus
2187 3244 2418 3313 penuria
2478 3243 2729 3299 laborare
2782 3243 3096 3312 incipiebat,
3145 3241 3378 3296 concilio
3421 3242 3508 3296 in-

1930 3339 2098 3394 ducto
2141 3339 2488 3400 deliberavit,
2545 3353 2615 3392 an
2671 3335 3028 3400 manendum,
3082 3343 3139 3389 et
3170 3333 3360 3388 martis
3388 3332 3506 3387 alea

1929 3429 2330 3498 periclitanda:
2383 3445 2451 3483 an
2503 3442 2636 3482 vero
2681 3427 2790 3481 alio
2841 3426 3182 3492 abeundum,
3211 3433 3270 3480 et
3298 3424 3503 3478 bellum

1931 3521 2239 3576 ducendum
2271 3531 2436 3576 esset.
2489 3519 2628 3574 Aliis
2654 3518 2806 3572 aliud
2858 3517 3232 3579 censentibus,
3270 3516 3504 3586 Cleopa-

1930 3622 2027 3667 trae
2066 3613 2338 3668 sententia
2381 3611 2534 3674 vicit,
2571 3619 2632 3666 ut
2678 3607 3164 3680 opportunissimis
3191 3607 3327 3662 locis
3360 3622 3505 3678 prae-

1931 3705 2067 3760 sidia
2103 3707 2541 3774 imponerentur,
2568 3703 2752 3758 caeteri
2780 3717 2968 3757 secum
2999 3701 3052 3754 in
3085 3699 3376 3771 Egyptum
3405 3715 3509 3753 na-

1931 3798 2201 3866 vigarent.
2231 3797 2288 3850 ld
2317 3806 2500 3850 autem
2536 3795 2752 3850 consilii
2789 3794 2956 3864 cepit,
2993 3801 3107 3846 tum
3137 3793 3284 3862 quod
3319 3791 3508 3861 prodi-

1929 3889 2033 3960 giis
2061 3889 2391 3958 quihusdam
2424 3889 2757 3950 terrebatur,
2781 3897 2895 3941 tum
2922 3886 3050 3955 quia
3101 3885 3378 3940 exercitus
3404 3884 3505 3938 de-

1932 3982 2306 4052 sperationem
2339 3991 2394 4035 et
2426 3981 2678 4035 morbum
2708 3980 2935 4035 timebat
2962 3995 2975 4031 :
3011 3977 3254 4032 Antonio
3285 3991 3506 4045 quoque

1933 4083 2200 4130 terrorem
2254 4073 2506 4128 incussit.
2561 4071 2666 4127 Sed
2699 4071 2827 4141 quia
2877 4085 3057 4140 neque
3104 4068 3268 4128 clam.
3327 4081 3506 4136 neque

1930 4166 2096 4221 etiam
2131 4172 2321 4235 aperte
2346 4173 2606 4234 tanquam
2641 4163 2913 4234 fugientes
2942 4161 3094 4216 abire
3122 4159 3401 4223 volebant,
3437 4173 3506 4212 ue

1931 4258 2102 4314 sociis
2136 4265 2405 4312 terrorem
2454 4257 2789 4322 incuterent,
2840 4254 2936 4309 sed
2996 4262 3256 4322 tanquam
3302 4251 3368 4305 ad
3403 4254 3506 4321 pu-

1931 4365 2092 4422 gnam
2150 4350 2326 4420 parati
2380 4349 2614 4404 navibus
2673 4347 2897 4417 optimis
2945 4346 3207 4407 delectis,
3264 4353 3322 4400 et
3377 4342 3507 4412 quia

1931 4444 2128 4500 morbo
2161 4454 2217 4499 et
2251 4443 2566 4514 transfugiis
2585 4442 2855 4512 remigqu
2889 4439 3214 4494 imminutus
3246 4445 3366 4491 erat
3399 4451 3506 4490 nu-

1932 4551 2142 4600 merus,
2196 4537 2426 4605 reliquis
2478 4533 2757 4599 crematis,
2810 4543 2864 4588 et
2895 4542 3058 4586 noctu
3092 4527 3509 4600 pretiosissimis

252 4629 504 4701 φανερῶς
529 4626 832 4680 ἐκπλεῦσαι
862 4625 936 4688 ὡς
970 4623 1264 4694 φεύγοντες
1301 4618 1717 4682 ἐϐουλεύσαντο,
1737 4617 1826 4668 ἴνα

1934 4629 2249 4699 quibusque
2303 4629 2472 4683 rebus
2516 4627 2655 4682 clam
2710 4624 2897 4687 illatis,
2951 4623 3017 4678 ad
3058 4623 3508 4690 navigandumse

253 4723 331 4794 μὴ
357 4725 439 4786 είς
491 4721 611 4786 δέος
662 4720 791 4782 τοὺς
838 4718 1164 4789 συμμάχους
1207 4711 1560 4785 ἐμϐάλωσινο
1597 4708 1712 4762 ἀλλ’
1749 4706 1828 4769 ὡς

247 4816 342 4872 ἐπὶ
393 4813 702 4884 ναυμαχίαν
766 4808 1334 4882 παρασκευαζόμενοι,
1400 4801 1694 4859 κάντεῦθεν
1760 4799 1830 4854 τὰ

247 4911 443 4980 ἄριστα
474 4907 582 4960 τῶν
605 4905 826 4974 σκαφῶν
848 4901 1222 4972 ἐκλεξάμενοι,
1248 4899 1330 4953 ὅτι
1374 4898 1438 4951 ἐκ
1487 4895 1589 4965 τῆς
1621 4891 1829 4963 φθορᾶς

248 5020 308 5056 τε
340 5005 435 5057 καὶ
462 5003 562 5072 τῆς
586 4997 916 5069 αὐτομολίας
959 4998 1009 5050 oi
1056 4996 1245 5065 ἐρέται
1276 4990 1613 5062 ήλάττωντο,
1659 4984 1822 5040 κατιο

255 5110 480 5165 πρησαν
507 5092 574 5147 τά
598 5090 783 5154 λοιπὰ,
813 5090 910 5144 καὶ
946 5087 1165 5157 νύκτωρ
1204 5085 1384 5138 πάντα
1414 5082 1484 5137 τά
1515 5079 1830 5151 τιμιώτατα

250 5189 526 5260 λαθραίως
567 5185 899 5256 ἐμϐαλόντες
964 5183 1171 5245 αὐτοῖς,
1229 5179 1426 5248 ἕτοιμα
1485 5177 1563 5237 είς
1595 5172 1829 5227 ἔκπλουν

253 5282 540 5351 ἐποίησαν.
568 5278 676 5332 Kal.
705 5277 832 5339 τοὺς
877 5271 1217 5344 στρατιώτας
1270 5267 1655 5339 παρεθάρρυνε
1693 5263 1832 5334 πρὸς

252 5377 348 5443 τὴν
372 5370 709 5441 ναυμαχίαν,
740 5368 1050 5438 διαλεχθεὶς
1087 5366 1268 5428 αὐτοῖς
1307 5363 1335 5414 6
1377 5360 1686 5422 ’Δντώνιος.
1721 5359 1831 5411 Kal.

253 5461 420 5525 οὕτως
451 5460 664 5519 πάντας
694 5459 793 5528 μὲν
813 5458 940 5519 τοὺς
968 5456 1219 5525 πρώτους
1249 5454 1357 5507 τῶν
1389 5451 1658 5504 συνόντων
1681 5447 1831 5518 αύτῷ

255 5551 328 5614 τίς
351 5551 450 5614 τὰς
477 5548 610 5612 ναῦς
635 5547 973 5610 ἐνεϐίϐασεν,
999 5546 1086 5599 [va
1117 5546 1188 5615 μή
1215 5562 1264 5598 τι
1294 5543 1719 5613 νεωτερίσωσιν,
1746 5542 1826 5604 ὡς

257 5644 282 5696 6
316 5645 530 5707 Δέλλιος
557 5646 650 5697 καὶ
673 5642 823 5696 ἄλλοι
857 5641 1000 5703 τινὲς
1031 5638 1504 5707 αὐτομολήσαντες
1530 5653 1543 5667 ’
1567 5636 1831 5703 παμπλη-

258 5735 362 5799 θεῖς
391 5737 449 5790 δὲ
480 5737 577 5790 zeal.
624 5734 849 5800 τοξότας
892 5735 988 5787 καὶ
1039 5731 1408 5801 σφενδονήτας
1453 5727 1550 5781 καὶ
1599 5727 1829 5790 ὁπλίτας

259 5825 556 5882 ῑνεϐίϐασε.
623 5827 882 5897 Τριήρεις
945 5823 1047 5894 μὲν
1099 5821 1209 5893 γάρ
1243 5821 1431 5889 ὀλίγας
1467 5815 1635 5889 εἶχεν,
1684 5818 1742 5873 αί
1771 5817 1830 5870 δέ

259 5915 434 5994 λοιπαὶ
462 5920 751 5993 τετρήρεις
783 5916 876 5972 καὶ
906 5916 1162 5987 δεκήρεις
1194 5909 1336 5987 ἦσαν
1370 5912 1541 5985 αύτῷ.
1605 5913 1828 5983 Καῖσαρ

1936 4715 2339 4771 instruxerunt.
2389 4715 2662 4770 Antonius
2707 4713 2914 4766 milites
2962 4726 3063 4780 pro
3121 4711 3388 4765 concione
3436 4708 3508 4764 ad

1932 4823 2170 4879 pugnam
2201 4807 2473 4871 incitavit,
2506 4815 2668 4874 atque
2712 4803 2787 4858 ita
2821 4802 3091 4873 primores
3122 4817 3316 4858 omnes
3343 4802 3507 4856 fami-

1931 4902 2152 4957 liarium
2191 4914 2420 4956 suorum
2468 4898 2522 4952 in
2575 4911 2744 4952 naves
2775 4896 3059 4965 imposuit,
3093 4903 3164 4950 ne
3201 4895 3336 4964 quid
3375 4894 3506 4949 novi

1931 4991 2298 5048 molirentur:
2340 4998 2404 5044 ut
2445 4989 2654 5044 Dellius
2683 4996 2740 5042 et
2785 4986 2879 5042 alii
2913 4987 3207 5056 transfuga:
3241 4986 3505 5041 fecerant.

1930 5084 2103 5152 Quam
2136 5083 2406 5153 plurimos
2431 5081 2595 5137 etiam
2631 5078 2961 5143 funditores,
2991 5079 3308 5150 sagittarios
3339 5085 3394 5132 et
3416 5093 3507 5130 ar-

1931 5184 2109 5229 matos
2155 5171 2439 5240 imposuit.
2494 5167 2774 5223 Triremes
2799 5167 2962 5238 526
2989 5168 3136 5222 enim
3172 5181 3376 5237 paucas
3403 5165 3504 5219 ha-

1932 5264 2117 5327 bebat,
2173 5270 2386 5317 caetera:
2436 5258 2818 5329 quadriremes
2861 5266 2917 5311 et
2974 5256 3277 5311 deciremes
3323 5262 3502 5308 erant.

1929 5353 2111 5410 Caesar
2136 5365 2328 5406 eorum
2364 5350 2732 5405 instructione
2759 5349 2894 5408 visa.
2923 5357 3116 5402 contra
3148 5361 3205 5400 se
3238 5343 3502 5414 parabat:

1930 5445 2026 5501 sed
2057 5459 2248 5500 eorum
2279 5442 2512 5498 consilio
2543 5451 2654 5496 tum
2688 5457 2752 5494 ex
2785 5439 2927 5506 aliis,
2963 5447 3077 5492 tum
3109 5452 3172 5490 ex
3203 5433 3374 5488 Dellio
3409 5447 3506 5486 co-

1930 5541 2104 5612 gnito,
2139 5535 2443 5592 exercitum
2497 5532 2860 5589 convocavit:
2918 5544 3080 5600 quem
3135 5527 3264 5580 dum
3297 5524 3362 5579 ad
3401 5539 3505 5594 pu-

1930 5645 2092 5702 gnam
2127 5629 2470 5688 cohortatur,
2507 5625 2714 5696 ingenti
2746 5621 2907 5677 imbri
2941 5629 2996 5673 et
3027 5617 3244 5673 turbine
3277 5616 3330 5669 in
3363 5617 3508 5672 clas-

1927 5740 2044 5781 sem
2093 5722 2317 5780 Antonii
2383 5722 2554 5783 illato,
2591 5724 2868 5784 resumpta
2901 5711 3123 5770 ﬁducia.
3160 5725 3352 5766 eorum
3387 5709 3508 5765 abi-

1930 5826 2048 5874 tum
2101 5812 2430 5870 observavit.
2485 5810 2733 5877 Cumque
2780 5802 3076 5860 Antoniani
3120 5801 3175 5855 in
3215 5799 3504 5871 procinctu

1933 5915 2165 5977 starent,
2206 5921 2308 5964 nec
2353 5912 2533 5960 tamen
2579 5897 2885 5972 prodirent,
2943 5895 2997 5952 in
3047 5893 3234 5952 animo
3283 5891 3502 5958 habuit,
