3910 6542
212 418 311 481 893

1448 425 1858 491 ANNALIUM
1894 431 2045 498 LIB.
2081 434 2157 495 X.

3333 449 3440 514 89$

207 531 328 602 προς
351 529 602 632 Κμίσαρα
622 530 818 602 λόγους
843 535 986 607 ὑπὲρ
1019 536 1249 609 εἰρήνης
1278 538 1627 609 κομίζοντας,
1649 544 1743 604 τοῖς

1866 546 2019 604 terim
2045 563 2328 616 cumnam,
2363 562 2422 610 et
2465 554 2653 610 sellam
2700 554 2905 628 regiam
2955 555 3125 626 misit,
3178 567 3437 632 tanquam

199 623 248 675 δὲ
269 621 518 676 συνοῦσιν
545 623 693 695 αύτῷ
712 625 977 695 χρήματα
994 642 1008 659 ⁸
1034 629 1130 683 καὶ
1151 631 1186 699 ή
1205 627 1533 700 Κλεοπάτρα
1566 633 1761 702 κρύφα

197 714 281 768 τοῦ
319 714 605 769 Ἀντωνίου
639 717 920 787 σκῆπτρον
955 719 1106 792 αὐτῷ
1154 721 1401 793 χρυσοῦν
1439 723 1537 778 καὶ
1561 724 1767 794 στέφασ

192 822 273 859 νον
300 806 491 875 ὅμοιον
547 807 640 861 καὶ
685 809 879 879 δίφρον
913 811 1190 881 βασίλειον
1234 814 1509 884 ἔπεμψεν,
1557 814 1635 880 ὡς
1665 818 1785 877 καὶ,

189 897 280 968 τὴν
307 896 487 967 ἀρχὴν
527 898 679 971 αὐτῷ
727 901 796 956 δι’
844 903 1029 961 αὐτῶν
1073 904 1314 962 διδοῦσα.
1389 908 1450 961 Ὀ
1479 906 1538 962 et
1564 908 1632 962 τά
1661 909 1761 979 μὲν
1794 968 1801 977 λ

186 988 318 1059 δῶρα
345 988 565 1053 ἔλαϐεν,
590 993 784 1049 oio)va
812 995 954 1049 αύτά
986 997 1383 1068 ποιησάμενος,
1424 999 1763 1069 ἀπεκρίνατο

183 1077 231 1131 δέ
253 1077 326 1148 τῷ
354 1078 460 1146 μὲν
494 1081 767 1153 ’Δντωνίῳ
806 1082 993 1149 οὐδὲν,
1031 1085 1363 1159 Κλεοπάτρᾳ
1408 1087 1465 1141 δὲ
1511 1089 1594 1142 ὅτι
1626 1089 1760 1143 ἀπο-

181 1170 430 1242 κτεινάσῃ
462 1171 559 1225 τὸν
618 1172 927 1240 Ἀντώνιον,
977 1175 1009 1245 ἢ
1042 1176 1359 1250 ἐκϐαλούσῃ
1390 1178 1578 1233 ἄδειαν
1616 1180 1755 1250 αὐτῇ

179 1258 348 1324 δώσει,
401 1263 504 1315 καὶ
554 1264 656 1334 τὴν
708 1264 885 1336 ἀρχὴν
938 1267 1623 1343 ἐάσειάπαρεγχείρητον.
1668 1269 1758 1325 Ἐν

177 1350 403 1422 τοσούτῳ
426 1351 485 1404 δὲ
512 1352 611 1417 τάς
644 1355 702 1406 ἐν
728 1355 807 1425 τῷ
831 1355 1112 1426 Ἀραϐικῷ
1164 1359 1348 1432 κόλπῳ
1377 1364 1769 1431 ναυπηγηθείε

179 1457 269 1506 σας
326 1445 391 1514 τῇ
431 1443 767 1519 Κλεοπάτρᾳ
819 1451 1069 1522 τριήρεις
1119 1453 1468 1517 κατέκαυσαν
1495 1453 1544 1506 oi
1591 1453 1757 1524 ’Δρά-

175 1533 289 1600 6ιοι,
312 1534 408 1588 καὶ
442 1537 548 1600 τὰς
573 1538 902 1609 ἐπικουρίας
958 1543 1010 1595 oi
1049 1541 1213 1613 δῆμοι
1248 1543 1345 1598 καὶ
1396 1543 1444 1597 οί
1496 1544 1756 1599 δυνάσται

173 1625 480 1694 ξύμπαντες
514 1628 932 1702 ἀπηρνήσαντο.
968 1632 1261 1700 Ἀντώνιος
1297 1634 1354 1687 δὲ
1383 1634 1478 1689 καὶ
1516 1636 1551 1708 ἡ
1585 1635 1754 1689 Κλεο-

174 1715 361 1789 πάτρα,
392 1718 737 1789 ἀκούσαντες
787 1723 857 1778 τὰ
888 1726 1040 1799 παρά
1087 1724 1182 1781 τοῦ
1232 1726 1514 1798 Καίσαρος
1567 1726 1753 1792 αὐτοῖς

172 1810 544 1882 ἐπεσταλμένα
572 1813 829 1887 ἔπεμψαν
856 1817 1042 1883 αὖθις,
1087 1820 1120 1890 ἠ
1176 1820 1275 1890 μὲν
1312 1821 1573 1892 χρήματα
1604 1820 1752 1891 αύτῷ

174 1901 329 1956 πολλά
359 1902 568 1959 δώσειν
590 1907 1023 1984 ὑπισχνουμένη,
1076 1915 1104 1967 ὁ
1130 1913 1191 1967 δὲ
1218 1913 1323 1982 τῆς
1354 1931 1413 1967 τε
1443 1913 1626 1983 φιλίας
1656 1915 1750 1968 καὶ

172 1996 255 2061 τῆς
285 1997 616 2063 συγγενείας
668 2000 832 2055 αὐτὸν
877 2003 1355 2076 ἀναμιμνήσκωνο
1409 2005 1504 2060 καὶ
1556 2006 1749 2061 ἑαυτὸν

171 2085 598 2157 διαχειρίσασθαι
621 2092 1017 2164 ἐπηγγέλλετο,
1048 2096 1113 2151 ἂν
1140 2096 1231 2151 διά
1253 2096 1411 2153 τοῦτο
1439 2100 1472 2169 ἠ
1498 2099 1747 2154 Κλεοπά-

171 2194 261 2247 τρα
283 2180 452 2251 σωθῇ.
487 2182 660 2238 Οὐδὲν
691 2186 878 2255 μέντοι
904 2189 1029 2243 ούδέ
1055 2190 1176 2243 τότε
1214 2190 1487 2261 Ἀντωνίῳ
1510 2192 1748 2264 ἀπεκρί-

172 2266 230 2339 θη
251 2285 266 2301 ο
294 2272 361 2341 τῇ
384 2271 441 2324 δὲ
474 2273 814 2349 Κλεοπάτρᾳ
845 2280 1017 2334 πολλὰ
1052 2282 1145 2334 καὶ
1175 2282 1298 2337 τότε
1327 2285 1594 2358 ἠπείλησε
1651 2286 1747 2340 καὶ

173 2360 442 2433 ὐπέσχετο.
479 2366 754 2438 Φοϐηθεὶς
779 2369 838 2423 δὲ
896 2370 974 2443 μὴ
1026 2373 1096 2429 τὰ
1123 2378 1385 2449 χρήματα
1436 2377 1744 2450 παμπληθῆ

172 2452 284 2507 ὄντα
299 2454 600 2531 διαφθείρῃ
632 2462 664 2528 ὴ
695 2460 1052 2533 Κλεοπάτρα,
1078 2462 1114 2519 ἃ
1135 2466 1215 2529 είς
1238 2466 1297 2520 τὸ
1327 2471 1616 2539 μνημεῖον,
1636 2469 1666 2524 ὃ
1685 2470 1745 2524 ὲν

172 2547 269 2611 τοῖς
319 2548 631 2618 βασιλείοις
684 2558 1120 2627 κατεσκεύασεν,
1177 2559 1400 2631 ἤθροισε
1453 2562 1588 2634 (καὶ
1634 2565 1745 2639 γὰρ

151 2638 330 2693 ,πάντα
374 2644 757 2700 κατακαύσειν
779 2648 995 2718 ἠπείλει
1030 2651 1150 2721 μεθ’
1189 2652 1413 2724 ἑαυτῆς,
1441 2658 1490 2709 εἰ
1515 2651 1590 2710 ὧν
1614 2638 1743 2728 βούέ

174 2731 299 2786 λοιτο
351 2735 703 2811 διαμάρτῃ),
756 2741 969 2815 Θύρσον
1008 2746 1208 2799 οἰκεῖον
1241 2746 1490 2819 ἔπεμψεν
1524 2750 1744 2818 ἐξελεύ-

175 2823 310 2895 θερον
366 2830 549 2885 πολλὰ
593 2833 826 2902 ἐροῦντα
879 2838 1017 2909 αὐτῇ
1075 2838 1461 2913 φιλάνθρωπα,
1510 2842 1607 2897 καὶ
1659 2845 1742 2898 ὅτι

174 2914 328 2987 ἔρωτα
351 2921 554 2990 τρέφει
587 2922 612 2976 ὁ
642 2925 860 2999 Καῖσαρ
892 2927 1087 2998 αὐτῆς.
1121 2929 1289 2985 Ὅθεν
1316 2931 1412 2986 καὶ
1438 2932 1498 2987 τδ
1530 2934 1743 3005 Πηλού-

175 3024 271 3062 σιον
294 3013 566 3086 κατέσχεν
603 3017 630 3070 δ
661 3019 900 3093 Καῖσαρ,
925 3022 1156 3092 δυνάμει
1186 3023 1284 3094 μὲν
1306 3022 1368 3078 τὸ
1389 3025 1739 3096 φαινόμενον,

175 3099 326 3174 λάθρα
346 3106 400 3160 δὲ
423 3108 697 3178 προδοθὲν
728 3110 837 3166 ὑπὸ
869 3114 1252 3187 Κλεοπάτρας.
1304 3117 1470 3190 Ἐρᾷν
1504 3119 1612 3191 γάρ
1641 3122 1738 3175 αύ-

1866 653 1973 693 una
2006 654 2130 694 cum
2181 640 2270 697 his
2318 642 2610 714 imperium
2657 646 2825 703 etiam
2870 646 2925 703 ei
2963 648 3222 707 traderet.
3257 649 3443 708 Caesar

1863 733 2188 790 muneribus
2238 734 2369 793 boni
2424 738 2624 796 ominis
2669 753 2836 797 causa
2884 742 3148 811 acceptis,
3198 743 3444 800 Antonio

1861 823 1998 881 nihil
2034 829 2358 898 respondit:
2394 830 2700 902 Cleopatrae
2732 835 2980 891 nuntiari
3012 837 3203 907 jussit,
3244 837 3290 892 si
3322 838 3445 893 An—

1854 917 2074 979 tonium
2122 920 2209 975 vel
2254 923 2574 989 occidisset,
2606 926 2692 980 vel
2725 927 2997 996 cjecisset,
3027 943 3089 983 se
3142 928 3441 999 impunita-

1863 1016 1972 1065 tem
1998 1013 2047 1066 ei
2083 1012 2364 1082 daturum,
2390 1028 2448 1071 et
2474 1032 2702 1088 regnum
2735 1019 3059 1075 inviolatum
3088 1020 3435 1076 relicturum.

1859 1100 2072 1159 Interea
2098 1105 2395 1163 adiﬁcatas
2415 1109 2716 1179 Cleopatrae
2738 1111 2793 1165 in
2824 1111 2948 1166 sinu
2977 1111 3217 1167 Arabico
3241 1126 3451 1178 naves,

1858 1194 2072 1250 Arabes
2131 1209 2539 1264 cremaverunt,
2590 1200 2792 1257 auxilia
2844 1202 3030 1272 populi
3082 1203 3436 1272 dynastaeque

1857 1299 2050 1343 omnes
2068 1300 2431 1359 negaverunt.
2491 1289 2733 1362 Accepto
2761 1291 2993 1349 Caesaris
3021 1308 3307 1363 responso,
3339 1293 3437 1348 de-

1857 1394 1969 1436 nuo
2006 1380 2214 1451 legatos
2266 1382 2574 1438 miserunt:
2610 1384 2914 1456 .Clcopatra
2974 1401 3224 1457 magnam
3263 1401 3438 1457 pecu-

1857 1471 2003 1529 niam
2039 1472 2330 1543 poliicens,
2376 1476 2654 1532 Antonius
2697 1477 3044 1547 cognationis
3095 1487 3152 1532 et
3179 1478 3434 1533 amicitiae

1855 1578 1981 1619 eum
2019 1566 2540 1632 commonefaciens,
2580 1583 2750 1639 seque
2785 1570 2889 1624 sibi
2919 1584 3116 1625 manus
3135 1569 3433 1624 allaturum

1854 1655 2159 1719 aiiirmans.
2181 1659 2227 1714 si
2258 1674 2391 1714 suus
2421 1659 2681 1716 interitus
2705 1661 3011 1731 Cleopatrae
3044 1663 3276 1716 salutem
3303 1662 3435 1715 alla-

1856 1756 2014 1815 turos
2047 1759 2213 1805 esset.
2250 1749 2432 1806 Caesar
2463 1767 2597 1808 vero
2638 1767 2707 1807 ne
2746 1762 2875 1807 tum
2921 1752 3145 1822 quidem
3197 1752 3434 1807 Antonio

1855 1840 2158 1912 quidquam
2190 1842 2494 1913 respondit,
2524 1843 2827 1914 Cleopatra:
2850 1859 2981 1900 vero
3012 1844 3185 1899 multa
3203 1854 3260 1901 ct
3282 1859 3432 1901 com-

1854 1932 2097 1988 minatus
2141 1944 2196 1988 et
2246 1935 2527 2004 pollicitus
2577 1946 2702 1991 est:
2754 1945 2810 1991 et
2860 1937 2990 2007 quia
3018 1937 3324 2003 metuebat,
3363 1952 3432 1993 ne

1849 2025 2051 2081 mulier
2085 2026 2364 2098 ingentem
2422 2029 2732 2097 pecuniam,
2786 2043 2948 2097 quam
2999 2029 3057 2083 in
3102 2044 3433 2086 monumen-

1851 2125 1966 2171 tum
1998 2115 2052 2171 in
2085 2117 2232 2187 regia
2261 2128 2510 2187 paratum
2557 2118 2841 2184 intulerat,
2895 2119 3144 2175 aboleret
3202 2120 3433 2190 (minata

1847 2208 1993 2263 enim
2037 2216 2180 2273 erat,
2220 2209 2328 2265 nisi
2382 2220 2638 2266 votorum
2695 2225 2924 2280 compos
2984 2212 3165 2276 ﬁeret,
3216 2228 3339 2268 eam
3371 2228 3433 2269 se

1848 2316 1958 2357 una
2010 2316 2197 2357 secum
2253 2305 2668 2371 crematuram)
2718 2304 2992 2377 Thyrsum
3043 2305 3304 2360 libertum
3359 2305 3429 2361 ad

1845 2407 1967 2448 eam
2006 2392 2175 2459 misit,
2213 2393 2309 2463 qui
2344 2402 2546 2464 praeter
2582 2395 2689 2450 alia
2722 2396 3084 2452 humanitatis
3134 2396 3319 2466 plena,
3366 2396 3433 2449 il-

1845 2484 2134 2541 ludetiam
2166 2486 2219 2542 ei
2278 2486 2510 2553 diceret,
2556 2486 2828 2544 Caesarem
2879 2503 3067 2544 amore
3112 2488 3261 2543 illius
3306 2503 3435 2545 esse

1846 2585 2088 2647 captum.
2119 2577 2210 2633 Sic
2237 2577 2457 2634 Pelusio
2486 2579 2694 2650 potitus
2720 2587 2827 2647 est,
2852 2580 3010 2650 quasi
3044 2579 3237 2635 urbem
3265 2579 3437 2652 528

1844 2669 1897 2724 vi
1932 2679 2322 2742 expugnasset,
2375 2687 2501 2727 cum
2536 2687 2729 2727 revera
2764 2673 2983 2743 prodita
3035 2682 3183 2729 esset
3209 2690 3239 2728 a
3267 2671 3430 2730 Cleo-

1846 2771 2023 2833 patra.
2059 2762 2196 2818 Nam
2227 2777 2353 2819 eum
2404 2780 2463 2820 se
2505 2765 2572 2820 ah
2609 2764 2707 2820 illo
2755 2766 2929 2820 amari
2961 2765 3228 2832 audisset,
3262 2774 3433 2836 atque

1842 2856 1964 2928 ejus
1990 2856 2269 2913 desiderio
2302 2865 2610 2923 teneretur,
2647 2858 2833 2914 statim
2861 2857 2911 2914 ei
2947 2859 3224 2915 Pelusium
3263 2857 3426 2914 dedi-

1842 2947 1942 3005 dit.
1992 2948 2267 3005 Antonius
2330 2949 2499 3021 igitur
2548 2949 2770 3015 absens,
2827 2951 3031 3006 Pelusii
3061 2949 3426 3019 occupatione

1841 3040 2082 3112 cognita,
2111 3042 2166 3097 in
2192 3042 2369 3097 reditu
2401 3051 2528 3097 ante
2551 3042 2940 3098 Alexandriam
2969 3042 3273 3112 equitatum
3305 3040 3425 3096 Cte—

1840 3133 1982 3191 saris
2015 3133 2215 3190 itinere
2248 3134 2535 3203 fatigatum
2569 3134 2721 3192 vicit.
2770 3136 2903 3191 inde
2933 3134 3174 3205 receptis
3197 3133 3423 3201 animis,

175 3196 258 3299 της
282 3199 493 3254 ἐκεῖνον
517 3201 823 3271 ἀκούσασα,
854 3207 951 3260 καὶ
992 3210 1186 3262 τούτου
1237 3211 1526 3285 ἐφιεμένη,
1573 3213 1735 3280 εὐθὺς

1843 3233 1894 3280 et
1928 3240 1996 3280 eo
2019 3227 2218 3293 fretus,
2253 3196 2399 3297 quod
2436 3227 2651 3283 litteras
2674 3227 2885 3299 sagittis
2916 3196 3187 3297 appensas
3229 3227 3283 3280 in
3331 3240 3426 3281 cae

178 3285 304 3389 αὖτῷ
332 3293 622 3362 προήκατο
652 3295 715 3349 τδ
746 3296 1071 3368 Πηλούσιον.
1132 3299 1194 3354 Ὀ
1227 3300 1273 3355 δ’
1303 3301 1399 3356 οὖν
1452 3303 1739 3371 Ἀντώνιος

1843 3328 1956 3373 stra
1981 3316 2211 3373 Cesaris
2226 3319 2532 3389 eiaculatus
2556 3327 2726 3385 esset,
2753 3319 2955 3389 quibus
2978 3331 3227 3389 magnam
3253 3332 3423 3388 pecu-

176 3378 328 3443 άπὼν,
383 3381 489 3436 καὶ
539 3383 641 3455 τὴν
690 3386 786 3440 τοῦ
839 3389 1141 3459 Πηλουσίου
1195 3393 1504 3465 κατάληψιν
1552 3397 1733 3465 γνοὺς,

175 3471 463 3530 ἐπανελθὼν
487 3477 596 3549 πρὸ
611 3478 713 3548 τῆς
737 3479 1144 3554 ’Δλεξινδρείας
1165 3486 1244 3558 τῷ
1263 3488 1503 3559 Καίσαρι
1520 3494 1736 3562 προῦπ-

175 3563 368 3636 ήντησε,
404 3569 511 3624 καὶ
556 3572 853 3641 συμϐαλὼν
906 3579 1019 3642 τοίς
1044 3577 1271 3633 ἱππεῦσι
1301 3582 1640 3653 κεκμηκόσιν
1670 3585 1736 3638 ἐκ

175 3653 259 3724 τῆς
296 3658 628 3732 ὁδοιπορίας,
661 3664 901 3737 ἐνίκησε.
934 3669 1062 3723 Κάκ
1088 3670 1279 3725 τούτου
1319 3672 1734 3746 ἀναθαρσήσας,

175 3749 255 3801 καὶ
277 3751 352 3805 ὃτι
373 3752 717 3825 τοξεύμασιν
751 3758 810 3820 ἐς
839 3759 899 3813 τὸ
926 3763 1291 3832 στρατόπεδον
1314 3765 1410 3819 τοῦ
1454 3767 1737 3838 Καίσαρος

174 3846 483 3916 γραμμάτια
511 3847 750 3920 ἔπεμψε,
803 3851 978 3907 πολλά
1014 3856 1274 3926 χρήματα
1321 3861 1435 3923 τοῖς
1470 3862 1738 3930 στρατιώ-

173 3947 277 3997 ταις
299 3938 801 4010 ἐπαγγελλόμενος,
834 3945 1134 4014 προσέμιξε
1175 3949 1273 4002 καὶ
1300 3948 1379 4018 τῷ
1416 3950 1589 4019 πεζῷ,
1638 3953 1737 4006 καὶ

174 4025 376 4100 ἡττήθη.
422 4032 541 4086 Καὶ
584 4034 613 4087 ὁ
671 4033 773 4103 μὲν
826 4034 1155 4102 ἐλαττωθεὶς
1208 4040 1471 4097 ἀπέκλινε
1503 4045 1641 4115 πρὸς
1672 4045 1736 4101 τὸ

174 4121 399 4207 ναυτικὸν
433 4122 534 4177 καὶ
559 4122 635 4185 ὡς
667 4128 1040 4197 ναυμαχήσων
1071 4131 1515 4201 παρεσκευάζετο
1539 4134 1571 4206 ἢ
1597 4136 1735 4207 πρὸς

174 4202 387 4279 Ἰϐηρίαν
419 4212 856 4286 πλευσούμενος.
888 4219 1101 4274 Γνοῦσα
1128 4221 1186 4275 δὲ
1234 4224 1395 4279 τοῦτο
1419 4226 1452 4298 ἠ
1479 4202 1733 4282 Κλεοπά-

172 4312 262 4392 τρα
305 4302 401 4367 τάς
460 4306 565 4375 μὲν
611 4306 744 4371 ναῦς
777 4308 1154 4380 αὐτομολῆσαι
1198 4315 1479 4387 ἐποίησεν,
1512 4318 1648 4392 αὑτὴ
1672 4321 1732 4375 δὲ

173 4388 239 4454 είς
252 4394 306 4446 τὸ
331 4394 492 4467 ἠρίον
515 4396 697 4452 είσέδυ
724 4399 1017 4470 αἰφνίδιον,
1043 4404 1120 4469 ὠς
1146 4406 1291 4477 τάχα
1314 4408 1409 4462 τὸν
1446 4388 1734 4466 ’Λντώνιον

174 4481 463 4571 ςροδουμένη
499 4487 841 4563 ὑπειληφότα
870 4494 1219 4564 προδίδοσθαι
1246 4498 1377 4569 παρ’
1404 4500 1734 4571 αύτῆς.Δύω

172 4570 219 4665 δὲ
245 4570 376 4646 ἦσαν
408 4581 534 4634 ἐκεῖ
555 4584 652 4634 σὺν
685 4584 822 4654 αὐτῇ
856 4585 1185 4657 θεράπαιναι
1214 4591 1308 4644 καὶ
1337 4592 1591 4665 εὐνοῦχος
1624 4592 1727 4657 εἷς.
1761 4593 1807 4649 ἰ)

174 4661 486 4724 Εἰσελθοῢσα
522 4671 578 4724 δέ
601 4672 700 4737 τὰς
732 4675 831 4744 μὲν
854 4676 1027 4748 θύρας
1058 4679 1413 4737 κατέκλεισεν
1447 4661 1732 4755 άσραλῶς,

314 4760 368 4815 δὲ
394 4764 489 4817 τὸν
518 4764 807 4821 Ἀντώνιον
836 4770 956 4833 τοὺς
994 4771 1445 4843 ἀπαγγελοῦντας
1485 4776 1733 4850 ἐπεμψεν

173 4845 245 4901 δτι
275 4853 558 4920 τέθνηκεν.
580 4859 887 4927 Πιστεύσας
907 4860 952 4914 δ’
981 4866 1211 4933 ἐκεῖνος,
1245 4869 1355 4921 τινὶ
1391 4869 1499 4923 τῶν
1524 4845 1733 4943 παράν-

175 4953 267 4993 των
312 4946 617 5019 ἐπέτρεψεν
679 4952 1003 5009 ἀποκτεῖναι
1054 4957 1241 5013 αὐτόν.
1306 4960 1395 5027 Ὠς
1427 4963 1473 5015 δ’
1522 4964 1730 5029 ἐκεῖνος

179 5033 509 5125 σπασάμενος
535 5038 597 5091 τὸ
638 5038 793 5108 ξίφος
843 5041 1039 5098 ἑαυτὸν
1064 5051 1495 5121 κατειργάσατο,
1544 5050 1727 5125 Εὖγε,

176 5113 329 5219 εἶπεν,
347 5121 395 5181 ὦ
424 5130 636 5197 Ἔρως,
673 5132 864 5202 (τοῦτο
887 5132 1085 5208 γὰρῆν
1109 5113 1286 5211 ὄνομα
1309 5143 1387 5215 τῷ
1417 5113 1727 5219 ἀνθρώπίρλ

85 5290 88 5297 .
177 5211 253 5307 δτι
266 5235 337 5286 με
366 5220 418 5275 τί
441 5223 557 5291 χρὴ
587 5224 782 5279 ποιεῖν
807 5225 1119 5297 διδάσκεις
1137 5248 1152 5263 ο
1178 5232 1274 5287 καὶ
1295 5211 1729 5307 πλήξαςγέαυτδν

176 5304 249 5361 διὰ
273 5311 370 5382 τῆς
412 5316 623 5378 κοιλίας
654 5319 735 5383 είς
762 5320 861 5390 τὴν
911 5320 1100 5393 κλίνην
1125 5325 1359 5397 ἀφῆκεν.
1386 5304 1495 5382 Ἦν
1524 5332 1582 5385 δὲ
1626 5333 1728 5386 οὐκ

179 5398 515 5493 εὐθυθάνατος
540 5409 575 5479 η
606 5409 812 5482 πληγή.
833 5411 1076 5484 Θορύϐου
1096 5415 1153 5470 δὲ
1183 5420 1503 5489 γενομένου,
1522 5423 1728 5493 ἧσθετο

178 5490 206 5583 ᾗ
236 5493 570 5570 Κλεοπάτρα,
604 5502 701 5555 καὶ
733 5502 831 5567 τὰς
855 5504 955 5573 μὲν
978 5503 1150 5577 θύρας
1172 5508 1274 5563 οὐκ
1297 5490 1554 5583 ἀνέῳξεν,
1586 5515 1727 5569 ἄνω-

183 5579 258 5635 θεν
269 5585 317 5640 δὲ
341 5590 663 5663 προκύψασα
689 5594 864 5666 (οὔπω
890 5598 998 5671 γὰρ
1019 5600 1089 5654 τά
1113 5600 1249 5672 πρὸς
1268 5605 1334 5674 τῇ
1359 5579 1531 5676 ὀροφῇ
1549 5607 1726 5678 ἐξείρ⁴

182 5678 345 5765 γαστο)
378 5684 468 5738 καὶ
505 5684 756 5755 μαθοῦσα
799 5688 861 5743 τὸ
890 5691 1136 5759 γεγονὸς,
1184 5694 1433 5761 κομίζειν
1463 5700 1626 5753 αὑτὸν
1662 5702 1721 5765 ἐς

183 5762 259 5817 τὸν
297 5770 450 5845 τάφον
501 5776 776 5835 ἐκέλευσε.
822 5780 991 5849 Γνοὺς
1032 5782 1088 5836 δέ
1135 5785 1385 5855 κάκεῖνος
1429 5788 1509 5844 ἐτι
1539 5762 1720 5856 ζῶσαν

1840 3409 1990 3463 niam
2024 3409 2296 3465 militibus
2322 3410 2729 3480 pollicebatur:
2771 3411 2940 3467 etiam
2964 3411 3177 3480 pedites
3208 3424 3429 3481 aggres-

1839 3516 1954 3565 sus.
1989 3509 2047 3556 et
2072 3502 2273 3567 victus,
2330 3518 2427 3572 spe
2473 3503 2529 3558 in
2565 3504 2793 3559 classem
2820 3503 3039 3563 collata.
3077 3503 3149 3557 ita
3173 3516 3234 3557 se
3263 3516 3424 3571 para-

1838 3593 1942 3657 vit,
1972 3594 2130 3665 quasi
2161 3605 2257 3651 aut
2301 3596 2439 3651 mari
2468 3605 2832 3666 pugnaturus,
2863 3603 2959 3651 aut
3011 3595 3066 3650 in
3101 3595 3429 3665 Hispaniam,

1837 3686 2111 3742 abiturus.
2146 3687 2227 3743 Eo
2260 3687 2556 3758 Cleopatra
2604 3687 2845 3758 cognito,
2894 3686 3111 3744 curavit
3164 3694 3225 3742 ut
3254 3701 3427 3742 naves

1837 3778 1906 3834 ad
1933 3778 2205 3835 Caesarem
2235 3781 2559 3845 transirent,
2588 3780 2705 3850 ipsa
2736 3789 3156 3836 monumentum
3194 3788 3423 3850 repente

1837 3884 1963 3924 cum
1993 3869 2210 3927 duabus
2235 3870 2453 3926 ancillis
2505 3879 2562 3925 et
2594 3887 2704 3925 uno
2728 3871 3009 3926 eunucho
3036 3870 3228 3931 subiit.
3263 3870 3422 3941 quasi

1836 3962 2138 4019 Antonium
2170 3963 2412 4028 timeret,
2459 3964 2555 4034 qui
2587 3978 2647 4020 se
2683 3964 2752 4018 ab
2794 3965 2910 4033 ipsa
2968 3963 3126 4033 prodi
3160 3971 3417 4033 putaret:

1836 4064 1889 4110 et
1917 4054 2086 4125 janua
2117 4054 2413 4126 diligenter
2442 4057 2650 4119 clausa,
2706 4055 2773 4111 ad
2831 4056 2985 4111 illum
3035 4056 3204 4119 misit,
3232 4054 3327 4124 qui
3365 4054 3423 4110 ei

1837 4146 2162 4228 nuntiarent
2211 4146 2386 4217 ipsam
2448 4162 2570 4203 esse
2605 4158 2903 4204 mortuam.
2941 4147 3097 4214 Quod
3130 4161 3259 4202 cum
3289 4161 3418 4202 cre-

1835 4236 1995 4292 deret
2024 4237 2321 4304 Antonius,
2353 4254 2412 4294 se
2445 4256 2477 4294 a
2500 4240 2741 4310 quodam
2773 4239 2951 4295 occidi
2971 4238 3155 4310 jussit.
3188 4237 3259 4293 Ut
3288 4253 3420 4293 vero

1836 4329 1929 4387 ille
1980 4331 2179 4387 stricto
2237 4332 2421 4404 gladio
2472 4334 2832 4405 semetipsum
2879 4331 3212 4390 interiecit:
3261 4332 3419 4386 Recte

1834 4438 1979 4487 vero,
2025 4423 2229 4494 inquit,
2276 4424 2414 4478 Eros
2470 4423 2546 4498 (id
2595 4426 2744 4480 enim
2797 4425 3006 4480 homini
3041 4428 3163 4480 e‘rat
3191 4440 3417 4488 nomen,

1835 4516 1982 4585 quod
2033 4516 2248 4573 Latinis
2300 4516 2559 4574 Amorem
2605 4519 2724 4575 sive
2763 4517 3089 4588 Cupidinem
3118 4517 3415 4588 signiﬁcat)

1834 4608 1960 4678 quid
2006 4609 2077 4661 sit
2123 4609 2391 4679 agendum
2425 4626 2509 4664 me
2547 4611 2741 4665 doces:
2771 4610 3035 4680 illatoque
3079 4611 3135 4665 in
3167 4620 3415 4664 ventrem

1838 4695 1974 4761 ictu,
2022 4711 2131 4752 non
2164 4698 2351 4753 statim
2397 4698 2674 4763 lethifero,
2727 4699 2934 4753 lectulo
2985 4697 3256 4752 incubuit.
3305 4698 3417 4753 Tuo

1835 4787 2014 4843 multu
2046 4796 2189 4853 orto,
2239 4787 2529 4858 Cleopatra
2575 4791 2723 4844 rores
2773 4804 2883 4843 non
2928 4791 3169 4860 aperuit,
3192 4788 3291 4851 sed
3321 4805 3416 4845 su-

1834 4894 2005 4950 perne
2032 4891 2393 4950 prospectans
2434 4881 2693 4947 (necdum
2729 4881 2876 4936 enim
2931 4891 3136 4938 tectum
3185 4882 3415 4938 absolu-

1835 4978 1952 5025 tum
1981 4970 2121 5043 erat)
2152 4987 2218 5028 eo
2249 4971 2495 5028 facinore
2525 4973 2767 5043 cognito,
2804 4974 2956 5029 illum
2990 4973 3046 5029 in
3081 4989 3419 5031 monumen-

1834 5069 1949 5116 tum
1980 5061 2170 5117 inferri
2194 5062 2360 5133 jussit
2389 5080 2403 5117 :
2439 5062 2533 5132 qui
2583 5079 2710 5118 cum
2748 5079 2867 5119 eam
2901 5064 3087 5121 vivere
3128 5066 3421 5137 cognovis-

1832 5162 1940 5217 set,
1971 5162 2031 5207 ut
2052 5154 2119 5208 ad
2155 5169 2275 5208 eam
2305 5163 2638 5225 portaretur,
2680 5157 2875 5214 oravit.
2908 5156 3043 5213 Cum
3093 5159 3292 5214 allatus
3326 5174 3421 5214 εει

1833 5254 1939 5309 set,
1970 5244 2181 5301 catenis
2232 5252 2289 5300 et
2335 5244 2562 5301 funibus
2594 5247 2663 5302 ab
2693 5262 2755 5302 ea
2787 5256 2843 5303 et
2889 5250 3160 5305 ambabus
3192 5250 3421 5306 ancillis

1830 5335 2227 5391 attrahehatur.
2277 5336 2451 5404 Quem
2495 5337 2590 5393 ubi
2625 5349 2976 5395 cruentatum
3028 5350 3086 5396 et
3118 5341 3406 5397 moribun-

1830 5427 1959 5483 dum
1985 5427 2221 5497 accepit.
2249 5436 2433 5483 vestes
2463 5444 2591 5487 suas
2625 5432 2811 5499 scidit,
2842 5442 2898 5488 et
2928 5443 3123 5504 pectus
3148 5433 3414 5490 manibus

1828 5518 2062 5589 planxit,
2117 5534 2183 5575 ac
2227 5535 2289 5575 se
2343 5521 2629 5580 laceravit.
2672 5525 2744 5581 At
2794 5526 2885 5581 ille
2938 5526 3067 5581 vino
3101 5528 3405 5597 postulato,

1828 5611 2156 5681 haustoque,
2200 5614 2468 5670 nonnulla
2524 5631 2652 5672 cum
2687 5618 2917 5673 muliere
2949 5618 3278 5684 collocutus,
3307 5637 3403 5676 ex-

1825 5702 2076 5772 spiravit.
2119 5704 2324 5769 (ἔα-εον,
2366 5705 2821 5780 Antoniiimorte
2844 5707 3119 5775 nuntiata,
3174 5712 3409 5785 illacry—

1827 5795 2042 5856 mavit:
2093 5805 2151 5853 et
2196 5796 2413 5855 litteras
2454 5799 2574 5870 ejus
2624 5798 2817 5856 amicis
2854 5799 3115 5872 recitans,
3152 5804 3409 5878 scipsuns
