  <div class='ocr_page' id='page_1' title='image "/cluster/home/n/w/nwhite01/storage/ocr_20150623/134/hvd.32044019208289/457.png"; bbox 0 0 3756 6550; ppageno 0'>
   <div class='ocr_carea' id='block_1_1' title="bbox 313 441 538 504">
    <p class='ocr_par' dir='ltr' id='par_1_1' title="bbox 313 441 538 504">
     <span class='ocr_line' id='line_1_1' title="bbox 313 441 538 504; baseline -0.018 1"><span class='ocrx_word' id='word_1_1' title='bbox 313 447 320 452; x_wconf 83' lang='grc'><strong>’</strong></span> <span class='ocrx_word' id='word_1_2' title='bbox 429 441 538 504; x_wconf 79' lang='grc'><strong>895</strong></span> 
     </span>
    </p>
   </div>
   <div class='ocr_carea' id='block_1_2' title="bbox 1704 418 3578 490">
    <p class='ocr_par' dir='ltr' id='par_1_2' title="bbox 1704 418 3578 490">
     <span class='ocr_line' id='line_1_2' title="bbox 1704 418 3578 490; baseline -0.001 0"><span class='ocrx_word' id='word_1_3' title='bbox 1704 423 2027 490; x_wconf 78' lang='lat' dir='ltr'><strong>JOANNIS</strong></span> <span class='ocrx_word' id='word_1_4' title='bbox 2067 418 2387 484; x_wconf 63' lang='lat' dir='ltr'><strong>ZONARE</strong></span> <span class='ocrx_word' id='word_1_5' title='bbox 3499 428 3578 489; x_wconf 70' lang='lat'><strong>896</strong></span> 
     </span>
    </p>
   </div>
   <div class='ocr_carea' id='block_1_3' title="bbox 430 531 2046 628">
    <p class='ocr_par' dir='ltr' id='par_1_3' title="bbox 430 546 2046 628">
     <span class='ocr_line' id='line_1_3' title="bbox 430 546 2046 628; baseline -0.002 -12"><span class='ocrx_word' id='word_1_6' title='bbox 430 559 732 624; x_wconf 73' lang='lat' dir='ltr'><strong>damnavit,</strong></span> <span class='ocrx_word' id='word_1_7' title='bbox 761 558 908 628; x_wconf 90' lang='lat' dir='ltr'><strong>quod</strong></span> <span class='ocrx_word' id='word_1_8' title='bbox 944 557 1022 613; x_wconf 86' lang='lat' dir='ltr'><strong>illi</strong></span> <span class='ocrx_word' id='word_1_9' title='bbox 1052 571 1208 628; x_wconf 69' lang='lat' dir='ltr'><strong>aequa</strong></span> <span class='ocrx_word' id='word_1_10' title='bbox 1242 562 1300 611; x_wconf 89' lang='lat' dir='ltr'><strong>et</strong></span> <span class='ocrx_word' id='word_1_11' title='bbox 1317 553 1460 624; x_wconf 67' lang='lat' dir='ltr'><strong>iusta</strong></span> <span class='ocrx_word' id='word_1_12' title='bbox 1501 546 1825 621; x_wconf 70' lang='lat' dir='ltr'><strong>postulanti.</strong></span> <span class='ocrx_word' id='word_1_13' title='bbox 1851 557 2046 612; x_wconf 66' lang='grc' dir='ltr'><strong>αντα-Ἀ</strong></span> 
     </span>
    </p>
   </div>
   <div class='ocr_carea' id='block_1_4' title="bbox 2137 531 3578 628">
    <p class='ocr_par' dir='ltr' id='par_1_4' title="bbox 2137 531 3578 612">
     <span class='ocr_line' id='line_1_4' title="bbox 2137 531 3578 612; baseline 0.006 -28"><span class='ocrx_word' id='word_1_14' title='bbox 2137 541 2303 612; x_wconf 59' lang='grc' dir='ltr'><strong>ιῠτὴν,</strong></span> <span class='ocrx_word' id='word_1_15' title='bbox 2349 535 2650 606; x_wconf 75' lang='grc' dir='ltr'><strong>παρεκάλει</strong></span> <span class='ocrx_word' id='word_1_16' title='bbox 2699 532 3028 603; x_wconf 83' lang='grc' dir='ltr'>κομισθῆναι</span> <span class='ocrx_word' id='word_1_17' title='bbox 3073 531 3202 596; x_wconf 70' lang='grc' dir='ltr'>ἐκεῖ,</span> <span class='ocrx_word' id='word_1_18' title='bbox 3239 531 3324 585; x_wconf 76' lang='grc' dir='ltr'>καὶ</span> <span class='ocrx_word' id='word_1_19' title='bbox 3358 538 3578 605; x_wconf 78' lang='grc' dir='ltr'>κομισθεὶς</span> 
     </span>
    </p>
   </div>
   <div class='ocr_carea' id='block_1_5' title="bbox 430 623 2046 725">
    <p class='ocr_par' dir='ltr' id='par_1_5' title="bbox 430 623 1643 725">
     <span class='ocr_line' id='line_1_5' title="bbox 430 623 1643 725; baseline -0.012 -14"><span class='ocrx_word' id='word_1_20' title='bbox 430 665 628 725; x_wconf 83' lang='lat' dir='ltr'><strong>ganter</strong></span> <span class='ocrx_word' id='word_1_21' title='bbox 651 623 725 708; x_wconf 84' lang='lat' dir='ltr'><strong>et</strong></span> <span class='ocrx_word' id='word_1_22' title='bbox 743 623 984 724; x_wconf 77' lang='lat' dir='ltr'><strong>superbe</strong></span> <span class='ocrx_word' id='word_1_23' title='bbox 1011 623 1336 720; x_wconf 81' lang='lat' dir='ltr'><strong>responsum</strong></span> <span class='ocrx_word' id='word_1_24' title='bbox 1368 651 1643 716; x_wconf 72' lang='lat' dir='ltr'><strong>negasset.</strong></span> 
     </span>
    </p>
   </div>
   <div class='ocr_carea' id='block_1_6' title="bbox 2137 623 3584 725">
    <p class='ocr_par' dir='ltr' id='par_1_6' title="bbox 2137 623 3584 704">
     <span class='ocr_line' id='line_1_6' title="bbox 2137 623 3584 704; baseline 0.002 -23"><span class='ocrx_word' id='word_1_25' title='bbox 2137 633 2320 704; x_wconf 74' lang='grc' dir='ltr'>ιιιραϊς</span> <span class='ocrx_word' id='word_1_26' title='bbox 2351 631 2445 684; x_wconf 76' lang='grc' dir='ltr'>καὶ</span> <span class='ocrx_word' id='word_1_27' title='bbox 2469 626 2753 690; x_wconf 74' lang='grc' dir='ltr'><strong>καλωδίοις</strong></span> <span class='ocrx_word' id='word_1_28' title='bbox 2785 625 3065 680; x_wconf 82' lang='grc' dir='ltr'>ἀνείλκετο</span> <span class='ocrx_word' id='word_1_29' title='bbox 3091 623 3213 694; x_wconf 84' lang='grc' dir='ltr'>παρ’</span> <span class='ocrx_word' id='word_1_30' title='bbox 3241 625 3388 695; x_wconf 79' lang='grc' dir='ltr'>αὐτῆς</span> <span class='ocrx_word' id='word_1_31' title='bbox 3405 630 3482 682; x_wconf 71' lang='grc' dir='ltr'>καὶ</span> <span class='ocrx_word' id='word_1_32' title='bbox 3502 631 3584 685; x_wconf 76' lang='grc' dir='ltr'><strong>τῶν</strong></span> 
     </span>
    </p>
   </div>
   <div class='ocr_carea' id='block_1_7' title="bbox 433 714 3586 818">
    <p class='ocr_par' dir='ltr' id='par_1_7' title="bbox 433 714 3586 818">
     <span class='ocr_line' id='line_1_7' title="bbox 433 714 3586 818; baseline -0.012 -18"><span class='ocrx_word' id='word_1_33' title='bbox 433 714 833 818; x_wconf 73' lang='grc' dir='ltr'>θεραπαινίδων</span> <span class='ocrx_word' id='word_1_34' title='bbox 888 714 1120 815; x_wconf 53' lang='grc' dir='ltr'>ἀμφοῖν.</span> <span class='ocrx_word' id='word_1_35' title='bbox 1159 714 1462 808; x_wconf 23' lang='grc' dir='ltr'>Δεξαμένη*</span> <span class='ocrx_word' id='word_1_36' title='bbox 1488 734 1546 789; x_wconf 80' lang='grc' dir='ltr'>δὲ</span> <span class='ocrx_word' id='word_1_37' title='bbox 1592 733 1758 788; x_wconf 77' lang='grc' dir='ltr'>αὑτὸν</span> <span class='ocrx_word' id='word_1_38' title='bbox 1808 732 2006 802; x_wconf 78' lang='grc' dir='ltr'>αἵματι</span> <span class='ocrx_word' id='word_1_39' title='bbox 2041 725 2398 798; x_wconf 70' lang='grc' dir='ltr'>πεφυρμένον</span> <span class='ocrx_word' id='word_1_40' title='bbox 2459 720 2558 775; x_wconf 81' lang='grc' dir='ltr'>καὶ</span> <span class='ocrx_word' id='word_1_41' title='bbox 2613 714 3074 779; x_wconf 80' lang='grc' dir='ltr'>δυσθανατοῦντα,</span> <span class='ocrx_word' id='word_1_42' title='bbox 3104 714 3225 818; x_wconf 57' lang='grc' dir='ltr'>το-ὺς</span> <span class='ocrx_word' id='word_1_43' title='bbox 3267 715 3472 781; x_wconf 78' lang='grc' dir='ltr'><strong>πέπλους</strong></span> <span class='ocrx_word' id='word_1_44' title='bbox 3509 739 3586 775; x_wconf 80' lang='grc' dir='ltr'><strong>πε.</strong></span> 
     </span>
    </p>
   </div>
   <div class='ocr_carea' id='block_1_8' title="bbox 437 808 3590 916">
    <p class='ocr_par' dir='ltr' id='par_1_8' title="bbox 437 808 3590 916">
     <span class='ocr_line' id='line_1_8' title="bbox 437 808 3590 916; baseline -0.01 -19"><span class='ocrx_word' id='word_1_45' title='bbox 437 808 764 916; x_wconf 71' lang='grc' dir='ltr'>ριέρῤήξατο</span> <span class='ocrx_word' id='word_1_46' title='bbox 793 843 882 896; x_wconf 74' lang='grc' dir='ltr'><strong>ἐπ’</strong></span> <span class='ocrx_word' id='word_1_47' title='bbox 920 808 1092 908; x_wconf 72' lang='grc' dir='ltr'>αὐτῷ,</span> <span class='ocrx_word' id='word_1_48' title='bbox 1127 838 1221 892; x_wconf 69' lang='grc' dir='ltr'><strong>καὶ</strong></span> <span class='ocrx_word' id='word_1_49' title='bbox 1274 835 1346 888; x_wconf 81' lang='grc' dir='ltr'>τὰ</span> <span class='ocrx_word' id='word_1_50' title='bbox 1379 832 1579 904; x_wconf 82' lang='grc' dir='ltr'>στέρνα</span> <span class='ocrx_word' id='word_1_51' title='bbox 1616 829 1849 884; x_wconf 81' lang='grc' dir='ltr'>έτυπτε⁸</span> <span class='ocrx_word' id='word_1_52' title='bbox 1911 826 2005 881; x_wconf 79' lang='grc' dir='ltr'>καὶ</span> <span class='ocrx_word' id='word_1_53' title='bbox 2042 822 2462 892; x_wconf 85' lang='grc' dir='ltr'>κατεσπάραττε</span> <span class='ocrx_word' id='word_1_54' title='bbox 2527 820 2648 880; x_wconf 79' lang='grc' dir='ltr'>ταῖς</span> <span class='ocrx_word' id='word_1_55' title='bbox 2708 816 2916 886; x_wconf 82' lang='grc' dir='ltr'>χερσίν.</span> <span class='ocrx_word' id='word_1_56' title='bbox 2964 813 3024 864; x_wconf 86' lang='grc' dir='ltr'>Ὀ</span> <span class='ocrx_word' id='word_1_57' title='bbox 3049 811 3106 865; x_wconf 75' lang='grc' dir='ltr'>δὲ</span> <span class='ocrx_word' id='word_1_58' title='bbox 3127 808 3258 865; x_wconf 70' lang='grc' dir='ltr'>οἶνον</span> <span class='ocrx_word' id='word_1_59' title='bbox 3287 815 3414 866; x_wconf 81' lang='grc' dir='ltr'>πιεῖν</span> <span class='ocrx_word' id='word_1_60' title='bbox 3440 814 3590 891; x_wconf 63' lang='grc' dir='ltr'>ᾔτησε,</span> 
     </span>
    </p>
   </div>
   <div class='ocr_carea' id='block_1_9' title="bbox 434 906 3592 1007">
    <p class='ocr_par' dir='ltr' id='par_1_9' title="bbox 434 906 3592 1007">
     <span class='ocr_line' id='line_1_9' title="bbox 434 906 3592 1007; baseline -0.011 -14"><span class='ocrx_word' id='word_1_61' title='bbox 434 906 534 994; x_wconf 58' lang='grc' dir='ltr'><strong>καί</strong></span> <span class='ocrx_word' id='word_1_62' title='bbox 725 937 818 993; x_wconf 89' lang='grc' dir='ltr'><strong>καί</strong></span> <span class='ocrx_word' id='word_1_63' title='bbox 852 955 972 991; x_wconf 82' lang='grc' dir='ltr'>τινα</span> <span class='ocrx_word' id='word_1_64' title='bbox 1003 906 1276 1007; x_wconf 84' lang='grc' dir='ltr'>ὁμιλήσας</span> <span class='ocrx_word' id='word_1_65' title='bbox 1307 935 1374 1004; x_wconf 82' lang='grc' dir='ltr'>τῇ</span> <span class='ocrx_word' id='word_1_66' title='bbox 1439 927 1771 998; x_wconf 82' lang='grc' dir='ltr'><strong>Κλεοπάτρᾳ</strong></span> <span class='ocrx_word' id='word_1_67' title='bbox 1807 924 2045 992; x_wconf 67' lang='grc' dir='ltr'>ἐξέλιπε.</span> <span class='ocrx_word' id='word_1_68' title='bbox 2083 921 2297 990; x_wconf 83' lang='grc' dir='ltr'>Καῖσαρ</span> <span class='ocrx_word' id='word_1_69' title='bbox 2354 916 2410 970; x_wconf 82' lang='grc' dir='ltr'>δὲ</span> <span class='ocrx_word' id='word_1_70' title='bbox 2443 913 2802 984; x_wconf 78' lang='grc' dir='ltr'><strong>ἀγγελθέντος</strong></span> <span class='ocrx_word' id='word_1_71' title='bbox 2833 909 2982 978; x_wconf 72' lang='grc' dir='ltr'><strong>αὐτῷ</strong></span> <span class='ocrx_word' id='word_1_72' title='bbox 3029 906 3121 962; x_wconf 80' lang='grc' dir='ltr'><strong>τοῦ</strong></span> <span class='ocrx_word' id='word_1_73' title='bbox 3155 906 3364 962; x_wconf 75' lang='grc' dir='ltr'><strong>Θανάτου</strong></span> <span class='ocrx_word' id='word_1_74' title='bbox 3400 909 3476 960; x_wconf 77' lang='grc' dir='ltr'><strong>τοῦ</strong></span> <span class='ocrx_word' id='word_1_75' title='bbox 3501 911 3592 966; x_wconf 73' lang='grc' dir='ltr'>Ἂν.</span> 
     </span>
    </p>
   </div>
   <div class='ocr_carea' id='block_1_10' title="bbox 433 1006 3595 1106">
    <p class='ocr_par' dir='ltr' id='par_1_10' title="bbox 433 1006 3595 1106">
     <span class='ocr_line' id='line_1_10' title="bbox 433 1006 3595 1106; baseline -0.011 -16"><span class='ocrx_word' id='word_1_76' title='bbox 433 1036 648 1102; x_wconf 87' lang='grc' dir='ltr'>τωνίου,</span> <span class='ocrx_word' id='word_1_77' title='bbox 685 1036 1070 1106; x_wconf 75' lang='grc' dir='ltr'><strong>ἀπεδάκρυσε,</strong></span> <span class='ocrx_word' id='word_1_78' title='bbox 1104 1033 1199 1086; x_wconf 73' lang='grc' dir='ltr'><strong>καὶ</strong></span> <span class='ocrx_word' id='word_1_79' title='bbox 1224 1031 1325 1095; x_wconf 83' lang='grc' dir='ltr'>τὰς</span> <span class='ocrx_word' id='word_1_80' title='bbox 1350 1027 1640 1091; x_wconf 72' lang='grc' dir='ltr'>ἐπιστολὰς</span> <span class='ocrx_word' id='word_1_81' title='bbox 1677 1023 1888 1079; x_wconf 71' lang='grc' dir='ltr'>ἐκείνου</span> <span class='ocrx_word' id='word_1_82' title='bbox 1926 1023 2042 1085; x_wconf 80' lang='grc' dir='ltr'>τοῖς</span> <span class='ocrx_word' id='word_1_83' title='bbox 2079 1019 2252 1089; x_wconf 86' lang='grc' dir='ltr'>φίλοις</span> <span class='ocrx_word' id='word_1_84' title='bbox 2305 1011 2699 1083; x_wconf 82' lang='grc' dir='ltr'><strong>ἀναγινώσκων</strong></span> <span class='ocrx_word' id='word_1_85' title='bbox 2744 1007 3150 1076; x_wconf 78' lang='grc' dir='ltr'><strong>κατεγίνωσκεν</strong></span> <span class='ocrx_word' id='word_1_86' title='bbox 3197 1006 3481 1070; x_wconf 81' lang='grc' dir='ltr'>έαυτοῦ,·ὠς</span> <span class='ocrx_word' id='word_1_87' title='bbox 3532 1012 3595 1063; x_wconf 80' lang='grc' dir='ltr'><strong>εὐ-</strong></span> 
     </span>
    </p>
   </div>
   <div class='ocr_carea' id='block_1_11' title="bbox 433 1101 3597 1202">
    <p class='ocr_par' dir='ltr' id='par_1_11' title="bbox 433 1101 3597 1202">
     <span class='ocr_line' id='line_1_11' title="bbox 433 1101 3597 1202; baseline -0.011 -18"><span class='ocrx_word' id='word_1_88' title='bbox 433 1133 692 1202; x_wconf 81' lang='grc' dir='ltr'><strong>γνώμονα</strong></span> <span class='ocrx_word' id='word_1_89' title='bbox 740 1101 1019 1192; x_wconf 77' lang='grc' dir='ltr'><strong>αἰτοῦντος</strong></span> <span class='ocrx_word' id='word_1_90' title='bbox 1078 1128 1290 1183; x_wconf 72' lang='grc' dir='ltr'>ἐκείνου</span> <span class='ocrx_word' id='word_1_91' title='bbox 1352 1127 1450 1181; x_wconf 74' lang='grc' dir='ltr'><strong>καὶ</strong></span> <span class='ocrx_word' id='word_1_92' title='bbox 1499 1124 1704 1189; x_wconf 87' lang='grc' dir='ltr'>δίκαια,</span> <span class='ocrx_word' id='word_1_93' title='bbox 1749 1118 1917 1176; x_wconf 77' lang='grc' dir='ltr'>αὐτοῦ</span> <span class='ocrx_word' id='word_1_94' title='bbox 1985 1117 2043 1172; x_wconf 72' lang='grc' dir='ltr'>δὲ</span> <span class='ocrx_word' id='word_1_95' title='bbox 2086 1112 2362 1188; x_wconf 82' lang='grc' dir='ltr'><strong>φορτικῶς</strong></span> <span class='ocrx_word' id='word_1_96' title='bbox 2389 1112 2485 1166; x_wconf 70' lang='grc' dir='ltr'><strong>καλ⁸</strong></span> <span class='ocrx_word' id='word_1_97' title='bbox 2542 1106 2910 1178; x_wconf 82' lang='grc' dir='ltr'><strong>ὑπερηφάνως</strong></span> <span class='ocrx_word' id='word_1_98' title='bbox 2945 1102 3191 1174; x_wconf 76' lang='grc' dir='ltr'>πρδςτὰς</span> <span class='ocrx_word' id='word_1_99' title='bbox 3218 1101 3597 1175; x_wconf 74' lang='grc' dir='ltr'>ἀποκρίσειςδια.</span> 
     </span>
    </p>
   </div>
   <div class='ocr_carea' id='block_1_12' title="bbox 436 1207 3224 1294">
    <p class='ocr_par' dir='ltr' id='par_1_12' title="bbox 436 1207 3224 1294">
     <span class='ocr_line' id='line_1_12' title="bbox 436 1207 3224 1294; baseline -0.007 -17"><span class='ocrx_word' id='word_1_100' title='bbox 436 1225 711 1294; x_wconf 81' lang='grc' dir='ltr'>κειμένου.</span> <span class='ocrx_word' id='word_1_101' title='bbox 3212 1207 3224 1217; x_wconf 75' lang='grc'><strong><em>⁸</em></strong></span> 
     </span>
    </p>
   </div>
   <div class='ocr_carea' id='block_1_13' title="bbox 506 1287 2046 1384">
    <p class='ocr_par' dir='ltr' id='par_1_13' title="bbox 506 1287 2012 1384">
     <span class='ocr_line' id='line_1_13' title="bbox 506 1287 2012 1384; baseline -0.007 -11"><span class='ocrx_word' id='word_1_102' title='bbox 506 1287 698 1373; x_wconf 55' lang='lat' dir='ltr'><strong>iXXl.</strong></span> <span class='ocrx_word' id='word_1_103' title='bbox 729 1316 1075 1372; x_wconf 87' lang='lat' dir='ltr'><strong>Proculeium</strong></span> <span class='ocrx_word' id='word_1_104' title='bbox 1113 1324 1295 1371; x_wconf 90' lang='lat' dir='ltr'><strong>autem</strong></span> <span class='ocrx_word' id='word_1_105' title='bbox 1319 1313 1386 1370; x_wconf 88' lang='lat' dir='ltr'><strong>ad</strong></span> <span class='ocrx_word' id='word_1_106' title='bbox 1414 1312 1761 1384; x_wconf 80' lang='lat' dir='ltr'><strong>Cleopatram</strong></span> <span class='ocrx_word' id='word_1_107' title='bbox 1787 1309 2012 1380; x_wconf 88' lang='lat' dir='ltr'><strong>capien-</strong></span> 
     </span>
    </p>
   </div>
   <div class='ocr_carea' id='block_1_14' title="bbox 2137 1287 3601 1384">
    <p class='ocr_par' dir='ltr' id='par_1_14' title="bbox 2193 1287 3601 1367">
     <span class='ocr_line' id='line_1_14' title="bbox 2193 1287 3601 1367; baseline -0.011 -9"><span class='ocrx_word' id='word_1_108' title='bbox 2193 1303 2320 1358; x_wconf 62' lang='grc' dir='ltr'><strong>ΛΜ.</strong></span> <span class='ocrx_word' id='word_1_109' title='bbox 2353 1297 2451 1362; x_wconf 68' lang='lat' dir='ltr'><strong>El;</strong></span> <span class='ocrx_word' id='word_1_110' title='bbox 2478 1296 2535 1351; x_wconf 74' lang='grc' dir='ltr'>δὲ</span> <span class='ocrx_word' id='word_1_111' title='bbox 2587 1295 2690 1367; x_wconf 79' lang='grc' dir='ltr'><strong>τήν</strong></span> <span class='ocrx_word' id='word_1_112' title='bbox 2722 1291 3084 1360; x_wconf 76' lang='grc' dir='ltr'><strong>Κλεοπάτραν</strong></span> <span class='ocrx_word' id='word_1_113' title='bbox 3131 1287 3329 1358; x_wconf 74' lang='grc' dir='ltr'>ἔπεμψε</span> <span class='ocrx_word' id='word_1_114' title='bbox 3379 1289 3457 1342; x_wconf 74' lang='grc' dir='ltr'>τὸν</span> <span class='ocrx_word' id='word_1_115' title='bbox 3499 1291 3601 1364; x_wconf 81' lang='grc' dir='ltr'>Προ-</span> 
     </span>
    </p>
   </div>
   <div class='ocr_carea' id='block_1_15' title="bbox 436 1379 2046 1474">
    <p class='ocr_par' dir='ltr' id='par_1_15' title="bbox 436 1379 2013 1474">
     <span class='ocr_line' id='line_1_15' title="bbox 436 1379 2013 1474; baseline -0.004 -11"><span class='ocrx_word' id='word_1_116' title='bbox 436 1409 586 1473; x_wconf 91' lang='lat' dir='ltr'><strong>dam,</strong></span> <span class='ocrx_word' id='word_1_117' title='bbox 634 1418 692 1464; x_wconf 90' lang='lat' dir='ltr'><strong>et</strong></span> <span class='ocrx_word' id='word_1_118' title='bbox 743 1409 799 1463; x_wconf 92' lang='lat' dir='ltr'><strong>in</strong></span> <span class='ocrx_word' id='word_1_119' title='bbox 842 1407 953 1463; x_wconf 89' lang='lat' dir='ltr'><strong>vita</strong></span> <span class='ocrx_word' id='word_1_120' title='bbox 996 1405 1338 1462; x_wconf 81' lang='lat' dir='ltr'><strong>retinendam</strong></span> <span class='ocrx_word' id='word_1_121' title='bbox 1384 1379 1575 1460; x_wconf 55' lang='grc' dir='ltr'>ηιίεηε</span> <span class='ocrx_word' id='word_1_122' title='bbox 1602 1402 1749 1474; x_wconf 91' lang='lat' dir='ltr'><strong>quod</strong></span> <span class='ocrx_word' id='word_1_123' title='bbox 1801 1379 2013 1471; x_wconf 66' lang='lat' dir='ltr'><strong>magnae</strong></span> 
     </span>
    </p>
   </div>
   <div class='ocr_carea' id='block_1_16' title="bbox 2137 1379 3604 1474">
    <p class='ocr_par' dir='ltr' id='par_1_16' title="bbox 2137 1379 3604 1467">
     <span class='ocr_line' id='line_1_16' title="bbox 2137 1379 3604 1467; baseline -0.007 -20"><span class='ocrx_word' id='word_1_124' title='bbox 2137 1394 2329 1467; x_wconf 79' lang='grc' dir='ltr'>ιλήῖον,</span> <span class='ocrx_word' id='word_1_125' title='bbox 2366 1391 2548 1460; x_wconf 82' lang='grc' dir='ltr'><strong>ζώσης</strong></span> <span class='ocrx_word' id='word_1_126' title='bbox 2590 1386 2763 1456; x_wconf 79' lang='grc' dir='ltr'>αὑτῆς</span> <span class='ocrx_word' id='word_1_127' title='bbox 2814 1383 3090 1456; x_wconf 86' lang='grc' dir='ltr'>κρατῆσαι</span> <span class='ocrx_word' id='word_1_128' title='bbox 3118 1379 3299 1444; x_wconf 87' lang='grc' dir='ltr'>θέλων,</span> <span class='ocrx_word' id='word_1_129' title='bbox 3360 1383 3480 1451; x_wconf 82' lang='grc' dir='ltr'><strong>μέγα</strong></span> <span class='ocrx_word' id='word_1_130' title='bbox 3507 1386 3604 1456; x_wconf 72' lang='grc' dir='ltr'>πρὸς</span> 
     </span>
    </p>
   </div>
   <div class='ocr_carea' id='block_1_17' title="bbox 439 1473 2046 1570">
    <p class='ocr_par' dir='ltr' id='par_1_17' title="bbox 439 1473 2013 1570">
     <span class='ocr_line' id='line_1_17' title="bbox 439 1473 2013 1570; baseline -0.006 -15"><span class='ocrx_word' id='word_1_131' title='bbox 439 1501 546 1555; x_wconf 88' lang='lat' dir='ltr'><strong>sibi</strong></span> <span class='ocrx_word' id='word_1_132' title='bbox 579 1501 764 1570; x_wconf 68' lang='lat' dir='ltr'><strong>gloria:</strong></span> <span class='ocrx_word' id='word_1_133' title='bbox 803 1500 923 1554; x_wconf 90' lang='lat' dir='ltr'><strong>fore</strong></span> <span class='ocrx_word' id='word_1_134' title='bbox 957 1498 1202 1569; x_wconf 89' lang='lat' dir='ltr'><strong>putabat,</strong></span> <span class='ocrx_word' id='word_1_135' title='bbox 1248 1497 1295 1553; x_wconf 87' lang='lat' dir='ltr'><strong>si</strong></span> <span class='ocrx_word' id='word_1_136' title='bbox 1343 1512 1464 1552; x_wconf 91' lang='lat' dir='ltr'><strong>eam</strong></span> <span class='ocrx_word' id='word_1_137' title='bbox 1510 1495 1563 1550; x_wconf 91' lang='lat' dir='ltr'><strong>in</strong></span> <span class='ocrx_word' id='word_1_138' title='bbox 1598 1473 1879 1563; x_wconf 83' lang='lat' dir='ltr'><strong>triumpho</strong></span> <span class='ocrx_word' id='word_1_139' title='bbox 1907 1491 2013 1546; x_wconf 88' lang='lat' dir='ltr'><strong>du-</strong></span> 
     </span>
    </p>
   </div>
   <div class='ocr_carea' id='block_1_18' title="bbox 2137 1473 3603 1570">
    <p class='ocr_par' dir='ltr' id='par_1_18' title="bbox 2137 1473 3603 1556">
     <span class='ocr_line' id='line_1_18' title="bbox 2137 1473 3603 1556; baseline -0.008 -18"><span class='ocrx_word' id='word_1_140' title='bbox 2137 1488 2273 1552; x_wconf 78' lang='grc' dir='ltr'>;όξαν</span> <span class='ocrx_word' id='word_1_141' title='bbox 2303 1483 2610 1556; x_wconf 78' lang='grc' dir='ltr'>ἡγούμενος</span> <span class='ocrx_word' id='word_1_142' title='bbox 2640 1479 2929 1548; x_wconf 81' lang='grc' dir='ltr'><strong>διαγαγεῖν</strong></span> <span class='ocrx_word' id='word_1_143' title='bbox 2963 1475 3134 1543; x_wconf 81' lang='grc' dir='ltr'>αὐτὴν</span> <span class='ocrx_word' id='word_1_144' title='bbox 3163 1474 3240 1534; x_wconf 82' lang='grc' dir='ltr'><strong>είς</strong></span> <span class='ocrx_word' id='word_1_145' title='bbox 3261 1473 3346 1526; x_wconf 72' lang='grc' dir='ltr'><strong>τὸν</strong></span> <span class='ocrx_word' id='word_1_146' title='bbox 3377 1473 3603 1544; x_wconf 76' lang='grc' dir='ltr'>θρίαμϐον.</span> 
     </span>
    </p>
   </div>
   <div class='ocr_carea' id='block_1_19' title="bbox 439 1567 2046 1648">
    <p class='ocr_par' dir='ltr' id='par_1_19' title="bbox 439 1587 2014 1648">
     <span class='ocr_line' id='line_1_19' title="bbox 439 1587 2014 1648; baseline -0.008 0"><span class='ocrx_word' id='word_1_147' title='bbox 439 1599 610 1648; x_wconf 89' lang='lat' dir='ltr'><strong>ceret.</strong></span> <span class='ocrx_word' id='word_1_148' title='bbox 644 1589 740 1646; x_wconf 85' lang='lat' dir='ltr'><strong>Illa</strong></span> <span class='ocrx_word' id='word_1_149' title='bbox 777 1605 909 1646; x_wconf 84' lang='lat' dir='ltr'><strong>vero</strong></span> <span class='ocrx_word' id='word_1_150' title='bbox 942 1589 1089 1644; x_wconf 87' lang='lat' dir='ltr'><strong>intra</strong></span> <span class='ocrx_word' id='word_1_151' title='bbox 1133 1589 1282 1644; x_wconf 89' lang='lat' dir='ltr'><strong>fores</strong></span> <span class='ocrx_word' id='word_1_152' title='bbox 1321 1587 1541 1642; x_wconf 78' lang='lat' dir='ltr'><strong>fortiter</strong></span> <span class='ocrx_word' id='word_1_153' title='bbox 1583 1587 1798 1640; x_wconf 87' lang='lat' dir='ltr'><strong>clausas</strong></span> <span class='ocrx_word' id='word_1_154' title='bbox 1841 1595 2014 1647; x_wconf 87' lang='lat' dir='ltr'><strong>stans,</strong></span> 
     </span>
    </p>
   </div>
   <div class='ocr_carea' id='block_1_20' title="bbox 2137 1567 3606 1648">
    <p class='ocr_par' dir='ltr' id='par_1_20' title="bbox 2137 1567 3606 1645">
     <span class='ocr_line' id='line_1_20' title="bbox 2137 1567 3606 1645; baseline -0.01 -11"><span class='ocrx_word' id='word_1_155' title='bbox 2137 1579 2189 1634; x_wconf 83' lang='grc' dir='ltr'><strong>Ἡ</strong></span> <span class='ocrx_word' id='word_1_156' title='bbox 2218 1579 2275 1632; x_wconf 74' lang='grc' dir='ltr'>δὲ</span> <span class='ocrx_word' id='word_1_157' title='bbox 2323 1576 2474 1640; x_wconf 80' lang='grc' dir='ltr'>έντδς</span> <span class='ocrx_word' id='word_1_158' title='bbox 2539 1575 2722 1645; x_wconf 82' lang='grc' dir='ltr'>θυρῶν</span> <span class='ocrx_word' id='word_1_159' title='bbox 2772 1568 3177 1640; x_wconf 82' lang='grc' dir='ltr'><strong>κεκλεισμένων</strong></span> <span class='ocrx_word' id='word_1_160' title='bbox 3231 1567 3443 1637; x_wconf 81' lang='grc' dir='ltr'>ίσχυρῶς</span> <span class='ocrx_word' id='word_1_161' title='bbox 3485 1571 3606 1622; x_wconf 74' lang='grc' dir='ltr'>στᾶσα</span> 
     </span>
    </p>
   </div>
   <div class='ocr_carea' id='block_1_21' title="bbox 441 1655 2046 1757">
    <p class='ocr_par' dir='ltr' id='par_1_21' title="bbox 441 1679 2018 1757">
     <span class='ocr_line' id='line_1_21' title="bbox 441 1679 2018 1757; baseline -0.006 -14"><span class='ocrx_word' id='word_1_162' title='bbox 441 1704 566 1743; x_wconf 91' lang='lat' dir='ltr'><strong>cum</strong></span> <span class='ocrx_word' id='word_1_163' title='bbox 608 1703 676 1742; x_wconf 90' lang='lat' dir='ltr'><strong>eo</strong></span> <span class='ocrx_word' id='word_1_164' title='bbox 715 1688 986 1742; x_wconf 90' lang='lat' dir='ltr'><strong>collocuta</strong></span> <span class='ocrx_word' id='word_1_165' title='bbox 1020 1694 1124 1742; x_wconf 91' lang='lat' dir='ltr'><strong>est.</strong></span> <span class='ocrx_word' id='word_1_166' title='bbox 1158 1684 1340 1741; x_wconf 81' lang='lat' dir='ltr'><strong>Caesar</strong></span> <span class='ocrx_word' id='word_1_167' title='bbox 1375 1683 1597 1755; x_wconf 89' lang='lat' dir='ltr'><strong>cognito</strong></span> <span class='ocrx_word' id='word_1_168' title='bbox 1637 1679 1864 1757; x_wconf 46' lang='lat' dir='ltr'><strong>loco‘in</strong></span> <span class='ocrx_word' id='word_1_169' title='bbox 1908 1692 2018 1750; x_wconf 90' lang='lat' dir='ltr'><strong>quo</strong></span> 
     </span>
    </p>
   </div>
   <div class='ocr_carea' id='block_1_22' title="bbox 2137 1655 3601 1757">
    <p class='ocr_par' dir='ltr' id='par_1_22' title="bbox 2137 1655 3601 1738">
     <span class='ocr_line' id='line_1_22' title="bbox 2137 1655 3601 1738; baseline -0.012 -14"><span class='ocrx_word' id='word_1_170' title='bbox 2137 1667 2362 1738; x_wconf 81' lang='grc' dir='ltr'>ῖιελέχθη</span> <span class='ocrx_word' id='word_1_171' title='bbox 2413 1664 2584 1736; x_wconf 83' lang='grc' dir='ltr'>αὐτῷ.</span> <span class='ocrx_word' id='word_1_172' title='bbox 2622 1665 2712 1726; x_wconf 81' lang='lat'><strong>&#39;0;</strong></span> <span class='ocrx_word' id='word_1_173' title='bbox 2743 1662 2802 1714; x_wconf 78' lang='grc' dir='ltr'>δὲ</span> <span class='ocrx_word' id='word_1_174' title='bbox 2833 1655 3169 1728; x_wconf 87' lang='grc' dir='ltr'>καταμαθὼν</span> <span class='ocrx_word' id='word_1_175' title='bbox 3200 1655 3286 1709; x_wconf 75' lang='grc' dir='ltr'>τὸν</span> <span class='ocrx_word' id='word_1_176' title='bbox 3316 1655 3458 1708; x_wconf 84' lang='grc' dir='ltr'>τόπον</span> <span class='ocrx_word' id='word_1_177' title='bbox 3479 1657 3601 1727; x_wconf 76' lang='grc' dir='ltr'>ἀπήγ-</span> 
     </span>
    </p>
   </div>
   <div class='ocr_carea' id='block_1_23' title="bbox 440 1747 2046 1851">
    <p class='ocr_par' dir='ltr' id='par_1_23' title="bbox 440 1747 2018 1851">
     <span class='ocr_line' id='line_1_23' title="bbox 440 1747 2018 1851; baseline -0.006 -16"><span class='ocrx_word' id='word_1_178' title='bbox 440 1791 612 1846; x_wconf 88' lang='lat' dir='ltr'><strong>esset,</strong></span> <span class='ocrx_word' id='word_1_179' title='bbox 642 1781 858 1838; x_wconf 89' lang='lat' dir='ltr'><strong>Gallum</strong></span> <span class='ocrx_word' id='word_1_180' title='bbox 886 1781 1036 1836; x_wconf 87' lang='lat' dir='ltr'><strong>misit</strong></span> <span class='ocrx_word' id='word_1_181' title='bbox 1061 1781 1153 1851; x_wconf 90' lang='lat' dir='ltr'><strong>qui</strong></span> <span class='ocrx_word' id='word_1_182' title='bbox 1181 1795 1306 1834; x_wconf 89' lang='lat' dir='ltr'><strong>cum</strong></span> <span class='ocrx_word' id='word_1_183' title='bbox 1342 1794 1407 1834; x_wconf 91' lang='lat' dir='ltr'><strong>ea</strong></span> <span class='ocrx_word' id='word_1_184' title='bbox 1434 1784 1641 1849; x_wconf 77' lang='lat' dir='ltr'><strong>ageret.</strong></span> <span class='ocrx_word' id='word_1_185' title='bbox 1683 1747 1802 1843; x_wconf 79' lang='lat' dir='ltr'><strong>Quo</strong></span> <span class='ocrx_word' id='word_1_186' title='bbox 1834 1774 1902 1828; x_wconf 88' lang='lat' dir='ltr'><strong>de</strong></span> <span class='ocrx_word' id='word_1_187' title='bbox 1931 1773 2018 1826; x_wconf 82' lang='lat' dir='ltr'><strong>in-</strong></span> 
     </span>
    </p>
   </div>
   <div class='ocr_carea' id='block_1_24' title="bbox 2137 1747 3608 1851">
    <p class='ocr_par' dir='ltr' id='par_1_24' title="bbox 2137 1747 3608 1830">
     <span class='ocr_line' id='line_1_24' title="bbox 2137 1747 3608 1830; baseline -0.01 -15"><span class='ocrx_word' id='word_1_188' title='bbox 2137 1761 2263 1830; x_wconf 61' lang='lat' dir='ltr'><strong>(erit:</strong></span> <span class='ocrx_word' id='word_1_189' title='bbox 2297 1759 2560 1830; x_wconf 84' lang='grc' dir='ltr'>Καίσαρι,</span> <span class='ocrx_word' id='word_1_190' title='bbox 2596 1755 2799 1818; x_wconf 81' lang='grc' dir='ltr'><strong>Γάλλος</strong></span> <span class='ocrx_word' id='word_1_191' title='bbox 2829 1753 2931 1824; x_wconf 75' lang='grc' dir='ltr'><strong>μὲν</strong></span> <span class='ocrx_word' id='word_1_192' title='bbox 2964 1747 3223 1819; x_wconf 76' lang='grc' dir='ltr'><strong>ἐπέμφθη</strong></span> <span class='ocrx_word' id='word_1_193' title='bbox 3268 1748 3392 1818; x_wconf 78' lang='grc' dir='ltr'>αὐτῇ</span> <span class='ocrx_word' id='word_1_194' title='bbox 3422 1748 3608 1813; x_wconf 72' lang='grc' dir='ltr'>ἐντευξό-</span> 
     </span>
    </p>
   </div>
   <div class='ocr_carea' id='block_1_25' title="bbox 441 1839 2046 1943">
    <p class='ocr_par' dir='ltr' id='par_1_25' title="bbox 441 1839 2019 1943">
     <span class='ocr_line' id='line_1_25' title="bbox 441 1839 2019 1943; baseline -0.006 -13"><span class='ocrx_word' id='word_1_195' title='bbox 441 1874 655 1930; x_wconf 86' lang='lat' dir='ltr'><strong>dustria</strong></span> <span class='ocrx_word' id='word_1_196' title='bbox 690 1889 1002 1931; x_wconf 88' lang='lat' dir='ltr'><strong>sermonem</strong></span> <span class='ocrx_word' id='word_1_197' title='bbox 1034 1839 1101 1928; x_wconf 83' lang='lat' dir='ltr'><strong>ad</strong></span> <span class='ocrx_word' id='word_1_198' title='bbox 1129 1873 1292 1943; x_wconf 78' lang='lat'><strong>529</strong></span> <span class='ocrx_word' id='word_1_199' title='bbox 1317 1871 1466 1926; x_wconf 91' lang='lat' dir='ltr'><strong>fores</strong></span> <span class='ocrx_word' id='word_1_200' title='bbox 1495 1869 1747 1925; x_wconf 80' lang='lat' dir='ltr'><strong>trahente</strong></span> <span class='ocrx_word' id='word_1_201' title='bbox 1769 1910 1782 1934; x_wconf 94' lang='lat'><strong>,</strong></span> <span class='ocrx_word' id='word_1_202' title='bbox 1815 1867 2019 1923; x_wconf 85' lang='lat' dir='ltr'><strong>Procu-</strong></span> 
     </span>
    </p>
   </div>
   <div class='ocr_carea' id='block_1_26' title="bbox 2137 1839 3609 1943">
    <p class='ocr_par' dir='ltr' id='par_1_26' title="bbox 2137 1839 3609 1920">
     <span class='ocr_line' id='line_1_26' title="bbox 2137 1839 3609 1920; baseline -0.01 -12"><span class='ocrx_word' id='word_1_203' title='bbox 2137 1871 2304 1917; x_wconf 75' lang='grc' dir='ltr'>ιενος,</span> <span class='ocrx_word' id='word_1_204' title='bbox 2336 1852 2396 1915; x_wconf 87' lang='grc' dir='ltr'><strong>δς</strong></span> <span class='ocrx_word' id='word_1_205' title='bbox 2433 1851 2677 1920; x_wconf 76' lang='grc' dir='ltr'>ἐμήκυνε</span> <span class='ocrx_word' id='word_1_206' title='bbox 2725 1845 2864 1917; x_wconf 76' lang='grc' dir='ltr'>πρὸς</span> <span class='ocrx_word' id='word_1_207' title='bbox 2901 1846 3024 1905; x_wconf 79' lang='grc' dir='ltr'>ταῖς</span> <span class='ocrx_word' id='word_1_208' title='bbox 3054 1841 3244 1910; x_wconf 77' lang='grc' dir='ltr'>θύραις</span> <span class='ocrx_word' id='word_1_209' title='bbox 3264 1839 3349 1892; x_wconf 75' lang='grc' dir='ltr'>τὸν</span> <span class='ocrx_word' id='word_1_210' title='bbox 3373 1839 3506 1907; x_wconf 83' lang='grc' dir='ltr'>λόγον</span> <span class='ocrx_word' id='word_1_211' title='bbox 3525 1841 3609 1894; x_wconf 76' lang='grc' dir='ltr'>έπε-</span> 
     </span>
    </p>
   </div>
   <div class='ocr_carea' id='block_1_27' title="bbox 443 1921 2046 2033">
    <p class='ocr_par' dir='ltr' id='par_1_27' title="bbox 443 1921 2013 2033">
     <span class='ocr_line' id='line_1_27' title="bbox 444 1921 1947 1943; baseline -0.005 -13"><span class='ocrx_word' id='word_1_212' title='bbox 444 1921 655 1930; x_wconf 78' lang='grc'>..---..-</span> <span class='ocrx_word' id='word_1_213' title='bbox 690 1921 1002 1931; x_wconf 69' lang='lat'><strong>--..---..----</strong></span> <span class='ocrx_word' id='word_1_214' title='bbox 1034 1921 1101 1928; x_wconf 59' lang='grc' dir='ltr'><strong><em>η</em></strong></span> <span class='ocrx_word' id='word_1_215' title='bbox 1129 1921 1289 1943; x_wconf 58' lang='grc' dir='ltr'><strong>,ην</strong></span> <span class='ocrx_word' id='word_1_216' title='bbox 1317 1921 1463 1926; x_wconf 58' lang='grc' dir='ltr'><strong>---η</strong></span> <span class='ocrx_word' id='word_1_217' title='bbox 1770 1921 1782 1934; x_wconf 90' lang='grc'><strong>,</strong></span> <span class='ocrx_word' id='word_1_218' title='bbox 1865 1921 1868 1922; x_wconf 64' lang='lat'><strong><em>,</em></strong></span> <span class='ocrx_word' id='word_1_219' title='bbox 1934 1921 1947 1923; x_wconf 84' lang='lat'>_</span> 
     </span>
     <span class='ocr_line' id='line_1_28' title="bbox 443 1961 2013 2033; baseline -0.004 -12"><span class='ocrx_word' id='word_1_220' title='bbox 443 1966 585 2022; x_wconf 72' lang='lat' dir='ltr'><strong>leius</strong></span> <span class='ocrx_word' id='word_1_221' title='bbox 636 1982 761 2021; x_wconf 91' lang='lat' dir='ltr'><strong>cum</strong></span> <span class='ocrx_word' id='word_1_222' title='bbox 815 1965 1028 2021; x_wconf 89' lang='lat' dir='ltr'><strong>duobus</strong></span> <span class='ocrx_word' id='word_1_223' title='bbox 1068 1964 1334 2019; x_wconf 85' lang='lat' dir='ltr'><strong>ministris</strong></span> <span class='ocrx_word' id='word_1_224' title='bbox 1391 1963 1536 2018; x_wconf 82' lang='lat' dir='ltr'><strong>scala</strong></span> <span class='ocrx_word' id='word_1_225' title='bbox 1587 1977 1684 2033; x_wconf 92' lang='lat' dir='ltr'><strong>per</strong></span> <span class='ocrx_word' id='word_1_226' title='bbox 1719 1961 2013 2016; x_wconf 83' lang='lat' dir='ltr'><strong>fenestram</strong></span> 
     </span>
    </p>
   </div>
   <div class='ocr_carea' id='block_1_28' title="bbox 2137 1921 3611 2033">
    <p class='ocr_par' dir='ltr' id='par_1_28' title="bbox 2137 1930 3611 2016">
     <span class='ocr_line' id='line_1_29' title="bbox 2137 1930 3611 2016; baseline -0.01 -15"><span class='ocrx_word' id='word_1_227' title='bbox 2137 1947 2301 2016; x_wconf 75' lang='grc' dir='ltr'>εηδες,</span> <span class='ocrx_word' id='word_1_228' title='bbox 2337 1941 2641 2013; x_wconf 74' lang='grc' dir='ltr'><strong>Προκλήϊος</strong></span> <span class='ocrx_word' id='word_1_229' title='bbox 2689 1938 2746 1992; x_wconf 84' lang='grc' dir='ltr'>δὲ</span> <span class='ocrx_word' id='word_1_230' title='bbox 2810 1936 3043 2006; x_wconf 83' lang='grc' dir='ltr'>κλίμακι</span> <span class='ocrx_word' id='word_1_231' title='bbox 3095 1931 3183 1985; x_wconf 80' lang='grc' dir='ltr'><strong>διὰ</strong></span> <span class='ocrx_word' id='word_1_232' title='bbox 3236 1930 3432 2002; x_wconf 78' lang='grc' dir='ltr'>θυρίδος</span> <span class='ocrx_word' id='word_1_233' title='bbox 3453 1932 3611 1999; x_wconf 75' lang='grc' dir='ltr'>εἰσῆλθε</span> 
     </span>
    </p>
   </div>
   <div class='ocr_carea' id='block_1_29' title="bbox 443 2023 2046 2114">
    <p class='ocr_par' dir='ltr' id='par_1_29' title="bbox 443 2051 2019 2114">
     <span class='ocr_line' id='line_1_30' title="bbox 443 2051 2019 2114; baseline -0.005 0"><span class='ocrx_word' id='word_1_234' title='bbox 443 2059 585 2114; x_wconf 88' lang='lat' dir='ltr'><strong>clam</strong></span> <span class='ocrx_word' id='word_1_235' title='bbox 634 2057 869 2112; x_wconf 89' lang='lat' dir='ltr'><strong>scandit.</strong></span> <span class='ocrx_word' id='word_1_236' title='bbox 913 2056 1051 2111; x_wconf 90' lang='lat' dir='ltr'><strong>Cum</strong></span> <span class='ocrx_word' id='word_1_237' title='bbox 1108 2071 1242 2111; x_wconf 90' lang='lat' dir='ltr'><strong>vero</strong></span> <span class='ocrx_word' id='word_1_238' title='bbox 1289 2055 1460 2109; x_wconf 91' lang='lat' dir='ltr'><strong>altera</strong></span> <span class='ocrx_word' id='word_1_239' title='bbox 1514 2069 1582 2108; x_wconf 84' lang='lat' dir='ltr'><strong>ex</strong></span> <span class='ocrx_word' id='word_1_240' title='bbox 1627 2067 1736 2107; x_wconf 90' lang='lat' dir='ltr'><strong>una</strong></span> <span class='ocrx_word' id='word_1_241' title='bbox 1791 2051 2019 2106; x_wconf 87' lang='lat' dir='ltr'><strong>inclusis</strong></span> 
     </span>
    </p>
   </div>
   <div class='ocr_carea' id='block_1_30' title="bbox 2137 2023 3613 2114">
    <p class='ocr_par' dir='ltr' id='par_1_30' title="bbox 2137 2023 3613 2114">
     <span class='ocr_line' id='line_1_31' title="bbox 2137 2023 3613 2114; baseline -0.012 -23"><span class='ocrx_word' id='word_1_242' title='bbox 2137 2036 2302 2092; x_wconf 70' lang='lat' dir='ltr'><strong>tallth</strong></span> <span class='ocrx_word' id='word_1_243' title='bbox 2330 2035 2466 2105; x_wconf 85' lang='grc' dir='ltr'><strong>μετὰ</strong></span> <span class='ocrx_word' id='word_1_244' title='bbox 2495 2033 2604 2087; x_wconf 85' lang='grc' dir='ltr'>δύω</span> <span class='ocrx_word' id='word_1_245' title='bbox 2637 2029 2951 2100; x_wconf 79' lang='grc' dir='ltr'>ὑπηρετῶν.</span> <span class='ocrx_word' id='word_1_246' title='bbox 3007 2027 3124 2095; x_wconf 85' lang='grc' dir='ltr'>Τῆς</span> <span class='ocrx_word' id='word_1_247' title='bbox 3173 2023 3227 2078; x_wconf 80' lang='grc' dir='ltr'>δὲ</span> <span class='ocrx_word' id='word_1_248' title='bbox 3260 2023 3380 2114; x_wconf 77' lang='grc' dir='ltr'>μιᾶς</span> <span class='ocrx_word' id='word_1_249' title='bbox 3405 2023 3495 2114; x_wconf 81' lang='grc' dir='ltr'><strong>τῶν</strong></span> <span class='ocrx_word' id='word_1_250' title='bbox 3516 2024 3613 2094; x_wconf 74' lang='grc' dir='ltr'>αὐτῇ</span> 
     </span>
    </p>
   </div>
   <div class='ocr_carea' id='block_1_31' title="bbox 445 2144 2022 2214">
    <p class='ocr_par' dir='ltr' id='par_1_31' title="bbox 445 2144 2022 2214">
     <span class='ocr_line' id='line_1_32' title="bbox 445 2144 2022 2214; baseline -0.004 -11"><span class='ocrx_word' id='word_1_251' title='bbox 445 2148 771 2204; x_wconf 90' lang='lat' dir='ltr'><strong>mulieribus</strong></span> <span class='ocrx_word' id='word_1_252' title='bbox 797 2149 1184 2202; x_wconf 81' lang='lat' dir='ltr'><strong>exclamasset:</strong></span> <span class='ocrx_word' id='word_1_253' title='bbox 1211 2145 1407 2200; x_wconf 77' lang='lat' dir='ltr'><strong>Misera</strong></span> <span class='ocrx_word' id='word_1_254' title='bbox 1437 2144 1746 2214; x_wconf 80' lang='lat' dir='ltr'><strong>CleOpatra,</strong></span> <span class='ocrx_word' id='word_1_255' title='bbox 1776 2145 1892 2198; x_wconf 84' lang='lat' dir='ltr'><strong>viva</strong></span> <span class='ocrx_word' id='word_1_256' title='bbox 1933 2160 2022 2197; x_wconf 88' lang='lat' dir='ltr'><strong>ca-</strong></span> 
     </span>
    </p>
   </div>
   <div class='ocr_carea' id='block_1_32' title="bbox 445 2234 2020 2310">
    <p class='ocr_par' dir='ltr' id='par_1_32' title="bbox 445 2234 2020 2310">
     <span class='ocr_line' id='line_1_33' title="bbox 445 2234 2020 2310; baseline -0.005 -16"><span class='ocrx_word' id='word_1_257' title='bbox 445 2241 604 2310; x_wconf 76' lang='lat' dir='ltr'><strong>peris,</strong></span> <span class='ocrx_word' id='word_1_258' title='bbox 661 2240 900 2310; x_wconf 81' lang='lat' dir='ltr'><strong>pugione</strong></span> <span class='ocrx_word' id='word_1_259' title='bbox 940 2255 1050 2309; x_wconf 91' lang='lat' dir='ltr'><strong>quo</strong></span> <span class='ocrx_word' id='word_1_260' title='bbox 1082 2238 1329 2294; x_wconf 87' lang='lat' dir='ltr'><strong>accincta</strong></span> <span class='ocrx_word' id='word_1_261' title='bbox 1363 2248 1513 2302; x_wconf 91' lang='lat' dir='ltr'><strong>erat,</strong></span> <span class='ocrx_word' id='word_1_262' title='bbox 1551 2253 1609 2292; x_wconf 91' lang='lat' dir='ltr'><strong>se</strong></span> <span class='ocrx_word' id='word_1_263' title='bbox 1652 2235 1818 2291; x_wconf 89' lang='lat' dir='ltr'><strong>ferire</strong></span> <span class='ocrx_word' id='word_1_264' title='bbox 1857 2234 2020 2289; x_wconf 83' lang='lat' dir='ltr'><strong>insti-</strong></span> 
     </span>
    </p>
   </div>
   <div class='ocr_carea' id='block_1_33' title="bbox 447 2330 2021 2397">
    <p class='ocr_par' dir='ltr' id='par_1_33' title="bbox 447 2330 2021 2397">
     <span class='ocr_line' id='line_1_34' title="bbox 447 2330 2021 2397; baseline -0.002 -12"><span class='ocrx_word' id='word_1_265' title='bbox 447 2334 573 2388; x_wconf 89' lang='lat' dir='ltr'><strong>tuit.</strong></span> <span class='ocrx_word' id='word_1_266' title='bbox 627 2332 736 2387; x_wconf 84' lang='lat' dir='ltr'><strong>Sed</strong></span> <span class='ocrx_word' id='word_1_267' title='bbox 796 2332 1117 2387; x_wconf 86' lang='lat' dir='ltr'><strong>Proculeius</strong></span> <span class='ocrx_word' id='word_1_268' title='bbox 1175 2332 1429 2386; x_wconf 78' lang='lat' dir='ltr'><strong>celeriter</strong></span> <span class='ocrx_word' id='word_1_269' title='bbox 1479 2330 1740 2392; x_wconf 81' lang='lat' dir='ltr'><strong>accurrit,</strong></span> <span class='ocrx_word' id='word_1_270' title='bbox 1788 2343 2021 2397; x_wconf 88' lang='lat' dir='ltr'><strong>eamque</strong></span> 
     </span>
    </p>
   </div>
   <div class='ocr_carea' id='block_1_34' title="bbox 446 2419 2022 2495">
    <p class='ocr_par' dir='ltr' id='par_1_34' title="bbox 446 2419 2022 2495">
     <span class='ocr_line' id='line_1_35' title="bbox 446 2419 2022 2495; baseline -0.005 -15"><span class='ocrx_word' id='word_1_271' title='bbox 446 2425 725 2480; x_wconf 82' lang='lat' dir='ltr'><strong>continuit</strong></span> <span class='ocrx_word' id='word_1_272' title='bbox 762 2442 777 2478; x_wconf 85' lang='lat'><strong>:</strong></span> <span class='ocrx_word' id='word_1_273' title='bbox 806 2435 1112 2495; x_wconf 88' lang='lat' dir='ltr'><strong>ereptoque</strong></span> <span class='ocrx_word' id='word_1_274' title='bbox 1166 2423 1423 2494; x_wconf 90' lang='lat' dir='ltr'><strong>pugione,</strong></span> <span class='ocrx_word' id='word_1_275' title='bbox 1453 2421 1740 2492; x_wconf 84' lang='lat' dir='ltr'><strong>inquisivit</strong></span> <span class='ocrx_word' id='word_1_276' title='bbox 1769 2436 1837 2474; x_wconf 89' lang='lat' dir='ltr'><strong>ne</strong></span> <span class='ocrx_word' id='word_1_277' title='bbox 1873 2419 2022 2489; x_wconf 89' lang='lat' dir='ltr'><strong>quod</strong></span> 
     </span>
    </p>
   </div>
   <div class='ocr_carea' id='block_1_35' title="bbox 448 2511 2022 2584">
    <p class='ocr_par' dir='ltr' id='par_1_35' title="bbox 448 2511 2022 2584">
     <span class='ocr_line' id='line_1_36' title="bbox 448 2511 2022 2584; baseline -0.004 -14"><span class='ocrx_word' id='word_1_278' title='bbox 448 2532 720 2570; x_wconf 84' lang='lat' dir='ltr'><strong>venenum</strong></span> <span class='ocrx_word' id='word_1_279' title='bbox 773 2517 1096 2572; x_wconf 81' lang='lat' dir='ltr'><strong>oecultaret.</strong></span> <span class='ocrx_word' id='word_1_280' title='bbox 1147 2515 1330 2570; x_wconf 71' lang='lat' dir='ltr'><strong>Caesar</strong></span> <span class='ocrx_word' id='word_1_281' title='bbox 1391 2513 1773 2584; x_wconf 82' lang='lat' dir='ltr'><strong>Epaphrodito</strong></span> <span class='ocrx_word' id='word_1_282' title='bbox 1821 2511 2022 2566; x_wconf 89' lang='lat' dir='ltr'><strong>liberto</strong></span> 
     </span>
    </p>
   </div>
   <div class='ocr_carea' id='block_1_36' title="bbox 450 2605 2024 2676">
    <p class='ocr_par' dir='ltr' id='par_1_36' title="bbox 450 2605 2024 2676">
     <span class='ocr_line' id='line_1_37' title="bbox 450 2605 2024 2676; baseline -0.003 -15"><span class='ocrx_word' id='word_1_283' title='bbox 450 2608 724 2662; x_wconf 80' lang='lat' dir='ltr'><strong>mandavit</strong></span> <span class='ocrx_word' id='word_1_284' title='bbox 761 2617 820 2661; x_wconf 92' lang='lat' dir='ltr'><strong>ut</strong></span> <span class='ocrx_word' id='word_1_285' title='bbox 879 2623 998 2662; x_wconf 85' lang='lat' dir='ltr'><strong>eam</strong></span> <span class='ocrx_word' id='word_1_286' title='bbox 1030 2607 1180 2661; x_wconf 88' lang='lat' dir='ltr'><strong>omni</strong></span> <span class='ocrx_word' id='word_1_287' title='bbox 1217 2605 1504 2676; x_wconf 83' lang='lat' dir='ltr'><strong>diligentia</strong></span> <span class='ocrx_word' id='word_1_288' title='bbox 1533 2605 1809 2660; x_wconf 88' lang='lat' dir='ltr'><strong>viventem</strong></span> <span class='ocrx_word' id='word_1_289' title='bbox 1842 2618 2024 2658; x_wconf 90' lang='lat' dir='ltr'><strong>asser-</strong></span> 
     </span>
    </p>
   </div>
   <div class='ocr_carea' id='block_1_37' title="bbox 450 2694 2024 2769">
    <p class='ocr_par' dir='ltr' id='par_1_37' title="bbox 450 2694 2024 2769">
     <span class='ocr_line' id='line_1_38' title="bbox 450 2694 2024 2769; baseline -0.003 -17"><span class='ocrx_word' id='word_1_290' title='bbox 450 2710 627 2759; x_wconf 86' lang='lat' dir='ltr'><strong>varet.</strong></span> <span class='ocrx_word' id='word_1_291' title='bbox 659 2712 822 2769; x_wconf 87' lang='lat' dir='ltr'><strong>atque</strong></span> <span class='ocrx_word' id='word_1_292' title='bbox 865 2701 980 2769; x_wconf 89' lang='lat' dir='ltr'><strong>ipse</strong></span> <span class='ocrx_word' id='word_1_293' title='bbox 1014 2700 1203 2752; x_wconf 86' lang='lat' dir='ltr'><strong>urbem</strong></span> <span class='ocrx_word' id='word_1_294' title='bbox 1247 2699 1528 2767; x_wconf 81' lang='lat' dir='ltr'><strong>ingressus</strong></span> <span class='ocrx_word' id='word_1_295' title='bbox 1567 2704 1674 2752; x_wconf 89' lang='lat' dir='ltr'><strong>est.</strong></span> <span class='ocrx_word' id='word_1_296' title='bbox 1719 2694 1960 2751; x_wconf 87' lang='lat' dir='ltr'><strong>Antonio</strong></span> <span class='ocrx_word' id='word_1_297' title='bbox 1993 2708 2024 2748; x_wconf 73' lang='grc' dir='ltr'>ι</span> 
     </span>
    </p>
   </div>
   <div class='ocr_carea' id='block_1_38' title="bbox 449 2788 2026 2866">
    <p class='ocr_par' dir='ltr' id='par_1_38' title="bbox 449 2788 2026 2866">
     <span class='ocr_line' id='line_1_39' title="bbox 449 2788 2026 2866; baseline -0.005 -19"><span class='ocrx_word' id='word_1_298' title='bbox 449 2791 740 2861; x_wconf 75' lang='lat' dir='ltr'><strong>Cleopatra</strong></span> <span class='ocrx_word' id='word_1_299' title='bbox 786 2792 1076 2866; x_wconf 79' lang='lat' dir='ltr'><strong>magnifico</strong></span> <span class='ocrx_word' id='word_1_300' title='bbox 1124 2801 1177 2845; x_wconf 90' lang='lat' dir='ltr'><strong>et</strong></span> <span class='ocrx_word' id='word_1_301' title='bbox 1222 2791 1372 2861; x_wconf 86' lang='lat' dir='ltr'><strong>regio</strong></span> <span class='ocrx_word' id='word_1_302' title='bbox 1415 2800 1674 2860; x_wconf 89' lang='lat' dir='ltr'><strong>apparatu</strong></span> <span class='ocrx_word' id='word_1_303' title='bbox 1731 2788 2026 2854; x_wconf 84' lang='lat' dir='ltr'><strong>tumulato,</strong></span> 
     </span>
    </p>
   </div>
   <div class='ocr_carea' id='block_1_39' title="bbox 452 2877 2022 2950">
    <p class='ocr_par' dir='ltr' id='par_1_39' title="bbox 452 2877 2022 2950">
     <span class='ocr_line' id='line_1_40' title="bbox 452 2877 2022 2950; baseline -0.005 -14"><span class='ocrx_word' id='word_1_304' title='bbox 452 2897 578 2936; x_wconf 88' lang='lat' dir='ltr'><strong>cum</strong></span> <span class='ocrx_word' id='word_1_305' title='bbox 610 2881 764 2936; x_wconf 80' lang='lat' dir='ltr'><strong>febre</strong></span> <span class='ocrx_word' id='word_1_306' title='bbox 792 2882 1070 2936; x_wconf 88' lang='lat' dir='ltr'><strong>laboraret</strong></span> <span class='ocrx_word' id='word_1_307' title='bbox 1107 2880 1250 2950; x_wconf 90' lang='lat' dir='ltr'><strong>(nam</strong></span> <span class='ocrx_word' id='word_1_308' title='bbox 1284 2891 1477 2948; x_wconf 87' lang='lat' dir='ltr'><strong>pectus</strong></span> <span class='ocrx_word' id='word_1_309' title='bbox 1500 2879 1619 2949; x_wconf 86' lang='lat' dir='ltr'><strong>ejus</strong></span> <span class='ocrx_word' id='word_1_310' title='bbox 1644 2877 2022 2932; x_wconf 80' lang='lat' dir='ltr'><strong>exulceratum</strong></span> 
     </span>
    </p>
   </div>
   <div class='ocr_carea' id='block_1_40' title="bbox 451 2966 2027 3042">
    <p class='ocr_par' dir='ltr' id='par_1_40' title="bbox 451 2966 2027 3042">
     <span class='ocr_line' id='line_1_41' title="bbox 451 2966 2027 3042; baseline -0.006 -15"><span class='ocrx_word' id='word_1_311' title='bbox 451 2980 650 3028; x_wconf 87' lang='lat' dir='ltr'><strong>eratet</strong></span> <span class='ocrx_word' id='word_1_312' title='bbox 681 2967 1096 3042; x_wconf 81' lang='lat' dir='ltr'><strong>inflammatum)</strong></span> <span class='ocrx_word' id='word_1_313' title='bbox 1117 2970 1295 3025; x_wconf 83' lang='lat' dir='ltr'><strong>inedia</strong></span> <span class='ocrx_word' id='word_1_314' title='bbox 1329 2969 1433 3024; x_wconf 89' lang='lat' dir='ltr'><strong>sibi</strong></span> <span class='ocrx_word' id='word_1_315' title='bbox 1463 2983 1653 3024; x_wconf 89' lang='lat' dir='ltr'><strong>necem</strong></span> <span class='ocrx_word' id='word_1_316' title='bbox 1686 2966 2027 3022; x_wconf 89' lang='lat' dir='ltr'><strong>consciscere</strong></span> 
     </span>
    </p>
   </div>
   <div class='ocr_carea' id='block_1_41' title="bbox 455 3061 2027 3130">
    <p class='ocr_par' dir='ltr' id='par_1_41' title="bbox 455 3061 2027 3130">
     <span class='ocr_line' id='line_1_42' title="bbox 455 3061 2027 3130; baseline -0.005 -12"><span class='ocrx_word' id='word_1_317' title='bbox 455 3064 714 3118; x_wconf 87' lang='lat' dir='ltr'><strong>instituit.</strong></span> <span class='ocrx_word' id='word_1_318' title='bbox 742 3065 861 3130; x_wconf 88' lang='lat' dir='ltr'><strong>Quo</strong></span> <span class='ocrx_word' id='word_1_319' title='bbox 883 3063 1064 3119; x_wconf 67' lang='lat' dir='ltr'><strong>Caesar</strong></span> <span class='ocrx_word' id='word_1_320' title='bbox 1087 3063 1492 3126; x_wconf 89' lang='lat' dir='ltr'><strong>animadverso,</strong></span> <span class='ocrx_word' id='word_1_321' title='bbox 1528 3061 1694 3114; x_wconf 88' lang='lat' dir='ltr'><strong>minis</strong></span> <span class='ocrx_word' id='word_1_322' title='bbox 1725 3068 1780 3114; x_wconf 89' lang='lat' dir='ltr'><strong>et</strong></span> <span class='ocrx_word' id='word_1_323' title='bbox 1817 3067 2027 3112; x_wconf 90' lang='lat' dir='ltr'><strong>terrore</strong></span> 
     </span>
    </p>
   </div>
   <div class='ocr_carea' id='block_1_42' title="bbox 455 3143 2028 3225">
    <p class='ocr_par' dir='ltr' id='par_1_42' title="bbox 455 3143 2028 3225">
     <span class='ocr_line' id='line_1_43' title="bbox 455 3143 2028 3225; baseline -0.007 -17"><span class='ocrx_word' id='word_1_324' title='bbox 455 3155 524 3209; x_wconf 89' lang='lat' dir='ltr'><strong>de</strong></span> <span class='ocrx_word' id='word_1_325' title='bbox 554 3155 746 3209; x_wconf 88' lang='lat' dir='ltr'><strong>liberis</strong></span> <span class='ocrx_word' id='word_1_326' title='bbox 791 3155 1015 3225; x_wconf 72' lang='lat' dir='ltr'><strong>injecto,</strong></span> <span class='ocrx_word' id='word_1_327' title='bbox 1070 3169 1190 3208; x_wconf 91' lang='lat' dir='ltr'><strong>eam</strong></span> <span class='ocrx_word' id='word_1_328' title='bbox 1252 3152 1423 3207; x_wconf 89' lang='lat' dir='ltr'><strong>veluti</strong></span> <span class='ocrx_word' id='word_1_329' title='bbox 1482 3148 1755 3204; x_wconf 84' lang='lat' dir='ltr'><strong>machinis</strong></span> <span class='ocrx_word' id='word_1_330' title='bbox 1790 3143 2028 3200; x_wconf 88' lang='lat' dir='ltr'><strong>admotis</strong></span> 
     </span>
    </p>
   </div>
   <div class='ocr_carea' id='block_1_43' title="bbox 455 3239 2102 3321">
    <p class='ocr_par' dir='ltr' id='par_1_43' title="bbox 455 3239 2102 3321">
     <span class='ocr_line' id='line_1_44' title="bbox 455 3239 2102 3321; baseline -0.009 -18"><span class='ocrx_word' id='word_1_331' title='bbox 455 3248 811 3318; x_wconf 83' lang='lat' dir='ltr'><strong>expugnavit,</strong></span> <span class='ocrx_word' id='word_1_332' title='bbox 859 3256 920 3302; x_wconf 93' lang='lat' dir='ltr'><strong>ut</strong></span> <span class='ocrx_word' id='word_1_333' title='bbox 965 3248 1149 3301; x_wconf 88' lang='lat' dir='ltr'><strong>cibum</strong></span> <span class='ocrx_word' id='word_1_334' title='bbox 1194 3256 1251 3301; x_wconf 91' lang='lat' dir='ltr'><strong>et</strong></span> <span class='ocrx_word' id='word_1_335' title='bbox 1299 3244 1643 3300; x_wconf 88' lang='lat' dir='ltr'><strong>curationem</strong></span> <span class='ocrx_word' id='word_1_336' title='bbox 1688 3239 2028 3302; x_wconf 90' lang='lat' dir='ltr'><strong>admitteret,</strong></span> <span class='ocrx_word' id='word_1_337' title='bbox 2060 3264 2102 3321; x_wconf 63' lang='grc' dir='ltr'>ο</span> 
     </span>
    </p>
   </div>
   <div class='ocr_carea' id='block_1_44' title="bbox 456 3330 2028 3409">
    <p class='ocr_par' dir='ltr' id='par_1_44' title="bbox 456 3330 2028 3409">
     <span class='ocr_line' id='line_1_45' title="bbox 456 3330 2028 3409; baseline -0.006 -16"><span class='ocrx_word' id='word_1_338' title='bbox 456 3355 520 3394; x_wconf 84' lang='lat' dir='ltr'><strong>ac</strong></span> <span class='ocrx_word' id='word_1_339' title='bbox 550 3340 711 3409; x_wconf 89' lang='lat' dir='ltr'><strong>paulo</strong></span> <span class='ocrx_word' id='word_1_340' title='bbox 743 3348 865 3409; x_wconf 90' lang='lat' dir='ltr'><strong>post</strong></span> <span class='ocrx_word' id='word_1_341' title='bbox 891 3339 1006 3409; x_wconf 92' lang='lat' dir='ltr'><strong>ipse</strong></span> <span class='ocrx_word' id='word_1_342' title='bbox 1039 3339 1105 3392; x_wconf 90' lang='lat' dir='ltr'><strong>ad</strong></span> <span class='ocrx_word' id='word_1_343' title='bbox 1140 3354 1260 3393; x_wconf 90' lang='lat' dir='ltr'><strong>eam</strong></span> <span class='ocrx_word' id='word_1_344' title='bbox 1300 3335 1684 3406; x_wconf 87' lang='lat' dir='ltr'><strong>alloquendam</strong></span> <span class='ocrx_word' id='word_1_345' title='bbox 1715 3333 1888 3388; x_wconf 91' lang='lat' dir='ltr'><strong>venit.</strong></span> <span class='ocrx_word' id='word_1_346' title='bbox 1931 3330 2028 3385; x_wconf 87' lang='lat' dir='ltr'><strong>llla</strong></span> 
     </span>
    </p>
   </div>
   <div class='ocr_carea' id='block_1_45' title="bbox 456 3425 2032 3500">
    <p class='ocr_par' dir='ltr' id='par_1_45' title="bbox 456 3425 2032 3500">
     <span class='ocr_line' id='line_1_46' title="bbox 456 3425 2032 3500; baseline -0.006 -15"><span class='ocrx_word' id='word_1_347' title='bbox 456 3447 588 3486; x_wconf 85' lang='lat' dir='ltr'><strong>vero</strong></span> <span class='ocrx_word' id='word_1_348' title='bbox 628 3431 682 3486; x_wconf 92' lang='lat' dir='ltr'><strong>in</strong></span> <span class='ocrx_word' id='word_1_349' title='bbox 727 3432 878 3486; x_wconf 89' lang='lat' dir='ltr'><strong>tenui</strong></span> <span class='ocrx_word' id='word_1_350' title='bbox 930 3431 1176 3500; x_wconf 85' lang='lat' dir='ltr'><strong>stragulo</strong></span> <span class='ocrx_word' id='word_1_351' title='bbox 1209 3432 1384 3485; x_wconf 90' lang='lat' dir='ltr'><strong>instar</strong></span> <span class='ocrx_word' id='word_1_352' title='bbox 1417 3427 1761 3499; x_wconf 72' lang='lat' dir='ltr'><strong>pauperculae</strong></span> <span class='ocrx_word' id='word_1_353' title='bbox 1804 3425 2032 3480; x_wconf 88' lang='lat' dir='ltr'><strong>decum-</strong></span> 
     </span>
    </p>
   </div>
   <div class='ocr_carea' id='block_1_46' title="bbox 457 3519 2032 3593">
    <p class='ocr_par' dir='ltr' id='par_1_46' title="bbox 457 3519 2032 3593">
     <span class='ocr_line' id='line_1_47' title="bbox 457 3519 2032 3593; baseline -0.005 -16"><span class='ocrx_word' id='word_1_354' title='bbox 457 3523 614 3588; x_wconf 88' lang='lat' dir='ltr'><strong>bens,</strong></span> <span class='ocrx_word' id='word_1_355' title='bbox 650 3524 854 3580; x_wconf 83' lang='lat' dir='ltr'><strong>exsiliit</strong></span> <span class='ocrx_word' id='word_1_356' title='bbox 877 3542 890 3578; x_wconf 88' lang='lat'><strong>:</strong></span> <span class='ocrx_word' id='word_1_357' title='bbox 913 3532 967 3579; x_wconf 91' lang='lat' dir='ltr'><strong>et</strong></span> <span class='ocrx_word' id='word_1_358' title='bbox 1000 3539 1122 3578; x_wconf 88' lang='lat' dir='ltr'><strong>cum</strong></span> <span class='ocrx_word' id='word_1_359' title='bbox 1147 3523 1214 3577; x_wconf 91' lang='lat' dir='ltr'><strong>ad</strong></span> <span class='ocrx_word' id='word_1_360' title='bbox 1239 3527 1356 3593; x_wconf 83' lang='lat' dir='ltr'><strong>ejus</strong></span> <span class='ocrx_word' id='word_1_361' title='bbox 1379 3537 1556 3593; x_wconf 88' lang='lat' dir='ltr'><strong>genua</strong></span> <span class='ocrx_word' id='word_1_362' title='bbox 1593 3519 1905 3589; x_wconf 85' lang='lat' dir='ltr'><strong>provoluta,</strong></span> <span class='ocrx_word' id='word_1_363' title='bbox 1939 3531 2032 3570; x_wconf 87' lang='lat' dir='ltr'><strong>re-</strong></span> 
     </span>
    </p>
   </div>
   <div class='ocr_carea' id='block_1_47' title="bbox 459 3605 2034 3684">
    <p class='ocr_par' dir='ltr' id='par_1_47' title="bbox 459 3605 2034 3684">
     <span class='ocr_line' id='line_1_48' title="bbox 459 3605 2034 3684; baseline -0.005 -16"><span class='ocrx_word' id='word_1_364' title='bbox 459 3615 722 3670; x_wconf 81' lang='lat' dir='ltr'><strong>cumbere</strong></span> <span class='ocrx_word' id='word_1_365' title='bbox 758 3615 911 3684; x_wconf 86' lang='lat' dir='ltr'><strong>jussa</strong></span> <span class='ocrx_word' id='word_1_366' title='bbox 954 3622 1120 3677; x_wconf 88' lang='lat' dir='ltr'><strong>esset,</strong></span> <span class='ocrx_word' id='word_1_367' title='bbox 1164 3629 1288 3668; x_wconf 90' lang='lat' dir='ltr'><strong>eum</strong></span> <span class='ocrx_word' id='word_1_368' title='bbox 1322 3627 1455 3667; x_wconf 90' lang='lat' dir='ltr'><strong>voce</strong></span> <span class='ocrx_word' id='word_1_369' title='bbox 1496 3611 1730 3666; x_wconf 88' lang='lat' dir='ltr'><strong>tremula</strong></span> <span class='ocrx_word' id='word_1_370' title='bbox 1773 3616 1829 3662; x_wconf 90' lang='lat' dir='ltr'><strong>et</strong></span> <span class='ocrx_word' id='word_1_371' title='bbox 1858 3605 2034 3662; x_wconf 87' lang='lat' dir='ltr'><strong>oculis</strong></span> 
     </span>
    </p>
   </div>
   <div class='ocr_carea' id='block_1_48' title="bbox 463 3695 2034 3774">
    <p class='ocr_par' dir='ltr' id='par_1_48' title="bbox 463 3695 2034 3774">
     <span class='ocr_line' id='line_1_49' title="bbox 463 3695 2034 3774; baseline -0.006 -15"><span class='ocrx_word' id='word_1_372' title='bbox 463 3706 592 3759; x_wconf 85' lang='lat' dir='ltr'><strong>lietu</strong></span> <span class='ocrx_word' id='word_1_373' title='bbox 641 3706 908 3759; x_wconf 86' lang='lat' dir='ltr'><strong>confectis</strong></span> <span class='ocrx_word' id='word_1_374' title='bbox 962 3705 1297 3759; x_wconf 84' lang='lat' dir='ltr'><strong>assidentem</strong></span> <span class='ocrx_word' id='word_1_375' title='bbox 1347 3703 1578 3774; x_wconf 88' lang='lat' dir='ltr'><strong>perinde</strong></span> <span class='ocrx_word' id='word_1_376' title='bbox 1623 3701 1821 3765; x_wconf 88' lang='lat' dir='ltr'><strong>oravit,</strong></span> <span class='ocrx_word' id='word_1_377' title='bbox 1873 3713 1937 3752; x_wconf 91' lang='lat' dir='ltr'><strong>ac</strong></span> <span class='ocrx_word' id='word_1_378' title='bbox 1987 3695 2034 3751; x_wconf 87' lang='lat' dir='ltr'><strong>si</strong></span> 
     </span>
    </p>
   </div>
   <div class='ocr_carea' id='block_1_49' title="bbox 461 3789 2038 3867">
    <p class='ocr_par' dir='ltr' id='par_1_49' title="bbox 461 3789 2038 3867">
     <span class='ocr_line' id='line_1_50' title="bbox 461 3789 2038 3867; baseline -0.005 -15"><span class='ocrx_word' id='word_1_379' title='bbox 461 3799 590 3853; x_wconf 62' lang='lat' dir='ltr'><strong>vitae</strong></span> <span class='ocrx_word' id='word_1_380' title='bbox 625 3799 977 3867; x_wconf 88' lang='lat' dir='ltr'><strong>cupidissima</strong></span> <span class='ocrx_word' id='word_1_381' title='bbox 1009 3806 1174 3861; x_wconf 89' lang='lat' dir='ltr'><strong>esset,</strong></span> <span class='ocrx_word' id='word_1_382' title='bbox 1218 3807 1496 3866; x_wconf 81' lang='lat' dir='ltr'><strong>postremo</strong></span> <span class='ocrx_word' id='word_1_383' title='bbox 1547 3793 1794 3865; x_wconf 77' lang='lat' dir='ltr'><strong>pecunia:</strong></span> <span class='ocrx_word' id='word_1_384' title='bbox 1826 3789 2038 3849; x_wconf 87' lang='lat' dir='ltr'><strong>descri-</strong></span> 
     </span>
    </p>
   </div>
   <div class='ocr_carea' id='block_1_50' title="bbox 465 3886 2035 3962">
    <p class='ocr_par' dir='ltr' id='par_1_50' title="bbox 465 3886 2035 3962">
     <span class='ocr_line' id='line_1_51' title="bbox 465 3886 2035 3962; baseline 0.001 -22"><span class='ocrx_word' id='word_1_385' title='bbox 465 3892 707 3962; x_wconf 72' lang='lat' dir='ltr'><strong>ptionem</strong></span> <span class='ocrx_word' id='word_1_386' title='bbox 737 3891 788 3944; x_wconf 91' lang='lat' dir='ltr'><strong>ei</strong></span> <span class='ocrx_word' id='word_1_387' title='bbox 821 3889 1044 3944; x_wconf 89' lang='lat' dir='ltr'><strong>obtulit.</strong></span> <span class='ocrx_word' id='word_1_388' title='bbox 1082 3888 1268 3944; x_wconf 68' lang='lat' dir='ltr'><strong>Caesar</strong></span> <span class='ocrx_word' id='word_1_389' title='bbox 1298 3905 1418 3943; x_wconf 88' lang='lat' dir='ltr'><strong>eam</strong></span> <span class='ocrx_word' id='word_1_390' title='bbox 1446 3889 1570 3941; x_wconf 70' lang='lat' dir='ltr'><strong>vita:</strong></span> <span class='ocrx_word' id='word_1_391' title='bbox 1612 3886 1868 3952; x_wconf 89' lang='lat' dir='ltr'><strong>cupidam</strong></span> <span class='ocrx_word' id='word_1_392' title='bbox 1915 3901 2035 3942; x_wconf 87' lang='lat' dir='ltr'><strong>esse</strong></span> 
     </span>
    </p>
   </div>
   <div class='ocr_carea' id='block_1_51' title="bbox 465 3979 2039 4054">
    <p class='ocr_par' dir='ltr' id='par_1_51' title="bbox 465 3979 2039 4054">
     <span class='ocr_line' id='line_1_52' title="bbox 465 3979 2039 4054; baseline -0.002 -18"><span class='ocrx_word' id='word_1_393' title='bbox 465 3992 637 4046; x_wconf 84' lang='lat' dir='ltr'><strong>ratus,</strong></span> <span class='ocrx_word' id='word_1_394' title='bbox 671 3983 890 4054; x_wconf 87' lang='lat' dir='ltr'><strong>gavisus</strong></span> <span class='ocrx_word' id='word_1_395' title='bbox 918 3991 1003 4037; x_wconf 79' lang='lat' dir='ltr'><strong>est</strong></span> <span class='ocrx_word' id='word_1_396' title='bbox 1032 4001 1044 4036; x_wconf 92' lang='lat'>:</span> <span class='ocrx_word' id='word_1_397' title='bbox 1069 3998 1133 4037; x_wconf 89' lang='lat' dir='ltr'><strong>ac</strong></span> <span class='ocrx_word' id='word_1_398' title='bbox 1176 3998 1233 4036; x_wconf 89' lang='lat' dir='ltr'><strong>se</strong></span> <span class='ocrx_word' id='word_1_399' title='bbox 1261 3981 1410 4035; x_wconf 88' lang='lat' dir='ltr'><strong>omni</strong></span> <span class='ocrx_word' id='word_1_400' title='bbox 1459 3995 1554 4050; x_wconf 87' lang='lat' dir='ltr'><strong>spe</strong></span> <span class='ocrx_word' id='word_1_401' title='bbox 1595 3980 1743 4034; x_wconf 86' lang='lat' dir='ltr'><strong>illam</strong></span> <span class='ocrx_word' id='word_1_402' title='bbox 1794 3979 2039 4049; x_wconf 85' lang='lat' dir='ltr'><strong>splendi-</strong></span> 
     </span>
    </p>
   </div>
   <div class='ocr_carea' id='block_1_52' title="bbox 463 4072 2038 4143">
    <p class='ocr_par' dir='ltr' id='par_1_52' title="bbox 463 4072 2038 4143">
     <span class='ocr_line' id='line_1_53' title="bbox 463 4072 2038 4143; baseline -0.001 -14"><span class='ocrx_word' id='word_1_403' title='bbox 463 4075 590 4130; x_wconf 88' lang='lat' dir='ltr'><strong>dius</strong></span> <span class='ocrx_word' id='word_1_404' title='bbox 615 4083 978 4129; x_wconf 90' lang='lat' dir='ltr'><strong>tractaturum</strong></span> <span class='ocrx_word' id='word_1_405' title='bbox 1010 4073 1323 4143; x_wconf 88' lang='lat' dir='ltr'><strong>pollicendo</strong></span> <span class='ocrx_word' id='word_1_406' title='bbox 1353 4072 1639 4143; x_wconf 89' lang='lat' dir='ltr'><strong>decepisse</strong></span> <span class='ocrx_word' id='word_1_407' title='bbox 1669 4080 1888 4140; x_wconf 88' lang='lat' dir='ltr'><strong>putans,</strong></span> <span class='ocrx_word' id='word_1_408' title='bbox 1919 4073 2038 4141; x_wconf 88' lang='lat' dir='ltr'><strong>ipse</strong></span> 
     </span>
    </p>
   </div>
   <div class='ocr_carea' id='block_1_53' title="bbox 467 4166 2040 4240">
    <p class='ocr_par' dir='ltr' id='par_1_53' title="bbox 467 4166 2040 4240">
     <span class='ocr_line' id='line_1_54' title="bbox 467 4166 2040 4240; baseline -0.003 -17"><span class='ocrx_word' id='word_1_409' title='bbox 467 4170 639 4240; x_wconf 85' lang='lat' dir='ltr'><strong>magis</strong></span> <span class='ocrx_word' id='word_1_410' title='bbox 685 4179 772 4225; x_wconf 92' lang='lat' dir='ltr'><strong>est</strong></span> <span class='ocrx_word' id='word_1_411' title='bbox 823 4169 1107 4239; x_wconf 87' lang='lat' dir='ltr'><strong>deceptus.</strong></span> <span class='ocrx_word' id='word_1_412' title='bbox 1157 4166 1294 4223; x_wconf 91' lang='lat' dir='ltr'><strong>Cum</strong></span> <span class='ocrx_word' id='word_1_413' title='bbox 1347 4169 1493 4222; x_wconf 88' lang='lat' dir='ltr'><strong>enim</strong></span> <span class='ocrx_word' id='word_1_414' title='bbox 1549 4168 1640 4222; x_wconf 87' lang='lat' dir='ltr'><strong>illa</strong></span> <span class='ocrx_word' id='word_1_415' title='bbox 1693 4167 2040 4237; x_wconf 86' lang='lat' dir='ltr'><strong>cognovisset</strong></span> 
     </span>
    </p>
   </div>
   <div class='ocr_carea' id='block_1_54' title="bbox 464 4259 2041 4332">
    <p class='ocr_par' dir='ltr' id='par_1_54' title="bbox 464 4259 2041 4332">
     <span class='ocr_line' id='line_1_55' title="bbox 464 4259 2041 4332; baseline -0.003 -18"><span class='ocrx_word' id='word_1_416' title='bbox 464 4277 594 4314; x_wconf 85' lang='lat' dir='ltr'><strong>eum</strong></span> <span class='ocrx_word' id='word_1_417' title='bbox 641 4268 789 4314; x_wconf 89' lang='lat' dir='ltr'><strong>terra</strong></span> <span class='ocrx_word' id='word_1_418' title='bbox 841 4276 940 4330; x_wconf 89' lang='lat' dir='ltr'><strong>per</strong></span> <span class='ocrx_word' id='word_1_419' title='bbox 985 4260 1198 4332; x_wconf 82' lang='lat' dir='ltr'><strong>Syriam</strong></span> <span class='ocrx_word' id='word_1_420' title='bbox 1231 4260 1459 4321; x_wconf 89' lang='lat' dir='ltr'><strong>iturum,</strong></span> <span class='ocrx_word' id='word_1_421' title='bbox 1509 4259 1682 4328; x_wconf 88' lang='lat' dir='ltr'><strong>ipsam</strong></span> <span class='ocrx_word' id='word_1_422' title='bbox 1729 4272 1861 4312; x_wconf 85' lang='lat' dir='ltr'><strong>vero</strong></span> <span class='ocrx_word' id='word_1_423' title='bbox 1917 4263 2041 4324; x_wconf 91' lang='lat' dir='ltr'><strong>post</strong></span> 
     </span>
    </p>
   </div>
   <div class='ocr_carea' id='block_1_55' title="bbox 468 4346 2040 4413">
    <p class='ocr_par' dir='ltr' id='par_1_55' title="bbox 468 4346 2040 4413">
     <span class='ocr_line' id='line_1_56' title="bbox 468 4346 2040 4413; baseline -0.001 -11"><span class='ocrx_word' id='word_1_424' title='bbox 468 4350 714 4404; x_wconf 88' lang='lat' dir='ltr'><strong>triduum</strong></span> <span class='ocrx_word' id='word_1_425' title='bbox 762 4351 994 4406; x_wconf 82' lang='lat' dir='ltr'><strong>Romam</strong></span> <span class='ocrx_word' id='word_1_426' title='bbox 1035 4352 1332 4405; x_wconf 88' lang='lat' dir='ltr'><strong>missurum</strong></span> <span class='ocrx_word' id='word_1_427' title='bbox 1386 4368 1399 4403; x_wconf 91' lang='lat'><strong>:</strong></span> <span class='ocrx_word' id='word_1_428' title='bbox 1449 4350 1649 4413; x_wconf 85' lang='lat' dir='ltr'><strong>oravit,</strong></span> <span class='ocrx_word' id='word_1_429' title='bbox 1695 4356 1757 4402; x_wconf 91' lang='lat' dir='ltr'><strong>ut</strong></span> <span class='ocrx_word' id='word_1_430' title='bbox 1801 4346 2040 4401; x_wconf 85' lang='lat' dir='ltr'><strong>Antonio</strong></span> 
     </span>
    </p>
   </div>
   <div class='ocr_carea' id='block_1_56' title="bbox 469 4442 2039 4514">
    <p class='ocr_par' dir='ltr' id='par_1_56' title="bbox 469 4442 2039 4514">
     <span class='ocr_line' id='line_1_57' title="bbox 469 4442 2039 4514; baseline -0.002 -17"><span class='ocrx_word' id='word_1_431' title='bbox 469 4451 764 4514; x_wconf 86' lang='lat' dir='ltr'><strong>parentare</strong></span> <span class='ocrx_word' id='word_1_432' title='bbox 794 4444 1009 4498; x_wconf 90' lang='lat' dir='ltr'><strong>liceret.</strong></span> <span class='ocrx_word' id='word_1_433' title='bbox 1042 4443 1162 4511; x_wconf 86' lang='lat' dir='ltr'><strong>Quo</strong></span> <span class='ocrx_word' id='word_1_434' title='bbox 1194 4443 1484 4513; x_wconf 88' lang='lat' dir='ltr'><strong>permisso,</strong></span> <span class='ocrx_word' id='word_1_435' title='bbox 1519 4442 1587 4496; x_wconf 91' lang='lat' dir='ltr'><strong>ad</strong></span> <span class='ocrx_word' id='word_1_436' title='bbox 1620 4448 2039 4495; x_wconf 90' lang='lat' dir='ltr'><strong>monumentum</strong></span> 
     </span>
    </p>
   </div>
   <div class='ocr_carea' id='block_1_57' title="bbox 469 4533 2042 4605">
    <p class='ocr_par' dir='ltr' id='par_1_57' title="bbox 469 4533 2042 4605">
     <span class='ocr_line' id='line_1_58' title="bbox 469 4533 2042 4605; baseline -0.001 -17"><span class='ocrx_word' id='word_1_437' title='bbox 469 4534 701 4604; x_wconf 86' lang='lat' dir='ltr'><strong>perlata,</strong></span> <span class='ocrx_word' id='word_1_438' title='bbox 749 4550 943 4605; x_wconf 89' lang='lat' dir='ltr'><strong>magno</strong></span> <span class='ocrx_word' id='word_1_439' title='bbox 986 4535 1138 4590; x_wconf 90' lang='lat' dir='ltr'><strong>luctu</strong></span> <span class='ocrx_word' id='word_1_440' title='bbox 1180 4535 1352 4598; x_wconf 86' lang='lat' dir='ltr'><strong>edito,</strong></span> <span class='ocrx_word' id='word_1_441' title='bbox 1399 4533 1691 4602; x_wconf 87' lang='lat' dir='ltr'><strong>loculoque</strong></span> <span class='ocrx_word' id='word_1_442' title='bbox 1735 4533 1955 4588; x_wconf 79' lang='lat' dir='ltr'><strong>coronis</strong></span> <span class='ocrx_word' id='word_1_443' title='bbox 1987 4539 2042 4587; x_wconf 90' lang='lat' dir='ltr'><strong>et</strong></span> 
     </span>
    </p>
   </div>
   <div class='ocr_carea' id='block_1_58' title="bbox 473 4610 2122 4718">
    <p class='ocr_par' dir='ltr' id='par_1_58' title="bbox 473 4610 2122 4718">
     <span class='ocr_line' id='line_1_59' title="bbox 473 4610 2122 4718; baseline -0.002 -34"><span class='ocrx_word' id='word_1_444' title='bbox 473 4628 687 4685; x_wconf 87' lang='lat' dir='ltr'><strong>inferiis</strong></span> <span class='ocrx_word' id='word_1_445' title='bbox 739 4640 956 4697; x_wconf 89' lang='lat' dir='ltr'><strong>ornato,</strong></span> <span class='ocrx_word' id='word_1_446' title='bbox 1019 4631 1278 4685; x_wconf 84' lang='lat' dir='ltr'><strong>balneum</strong></span> <span class='ocrx_word' id='word_1_447' title='bbox 1325 4629 1429 4684; x_wconf 90' lang='lat' dir='ltr'><strong>sibi</strong></span> <span class='ocrx_word' id='word_1_448' title='bbox 1463 4630 1640 4700; x_wconf 88' lang='lat' dir='ltr'><strong>parari</strong></span> <span class='ocrx_word' id='word_1_449' title='bbox 1671 4629 1852 4718; x_wconf 51' lang='lat' dir='ltr'><strong>iussit.</strong></span> <span class='ocrx_word' id='word_1_450' title='bbox 1900 4629 2039 4683; x_wconf 89' lang='lat' dir='ltr'><strong>Dum</strong></span> <span class='ocrx_word' id='word_1_451' title='bbox 2075 4610 2122 4669; x_wconf 78' lang='grc' dir='ltr'><strong>Ι)</strong></span> 
     </span>
    </p>
   </div>
   <div class='ocr_carea' id='block_1_59' title="bbox 468 4720 2041 4793">
    <p class='ocr_par' dir='ltr' id='par_1_59' title="bbox 468 4720 2041 4793">
     <span class='ocr_line' id='line_1_60' title="bbox 468 4720 2041 4793; baseline -0.004 -13"><span class='ocrx_word' id='word_1_452' title='bbox 468 4721 583 4780; x_wconf 86' lang='lat' dir='ltr'><strong>lota</strong></span> <span class='ocrx_word' id='word_1_453' title='bbox 613 4722 909 4788; x_wconf 87' lang='lat' dir='ltr'><strong>accumbit,</strong></span> <span class='ocrx_word' id='word_1_454' title='bbox 953 4723 1356 4793; x_wconf 87' lang='lat' dir='ltr'><strong>splendideque</strong></span> <span class='ocrx_word' id='word_1_455' title='bbox 1391 4721 1623 4792; x_wconf 89' lang='lat' dir='ltr'><strong>prandet</strong></span> <span class='ocrx_word' id='word_1_456' title='bbox 1658 4739 1672 4777; x_wconf 90' lang='lat'><strong>:</strong></span> <span class='ocrx_word' id='word_1_457' title='bbox 1709 4720 1932 4792; x_wconf 89' lang='lat' dir='ltr'><strong>quidam</strong></span> <span class='ocrx_word' id='word_1_458' title='bbox 1973 4734 2041 4774; x_wconf 81' lang='lat' dir='ltr'><strong>ex</strong></span> 
     </span>
    </p>
   </div>
   <div class='ocr_carea' id='block_1_60' title="bbox 469 4812 2042 4886">
    <p class='ocr_par' dir='ltr' id='par_1_60' title="bbox 469 4812 2042 4886">
     <span class='ocr_line' id='line_1_61' title="bbox 469 4812 2042 4886; baseline -0.003 -18"><span class='ocrx_word' id='word_1_459' title='bbox 469 4829 605 4883; x_wconf 83' lang='lat' dir='ltr'><strong>agro</strong></span> <span class='ocrx_word' id='word_1_460' title='bbox 649 4831 747 4869; x_wconf 86' lang='lat' dir='ltr'><strong>vas</strong></span> <span class='ocrx_word' id='word_1_461' title='bbox 797 4815 1022 4886; x_wconf 88' lang='lat' dir='ltr'><strong>plenum</strong></span> <span class='ocrx_word' id='word_1_462' title='bbox 1073 4813 1287 4869; x_wconf 87' lang='lat' dir='ltr'><strong>licubus</strong></span> <span class='ocrx_word' id='word_1_463' title='bbox 1332 4822 1590 4883; x_wconf 87' lang='lat' dir='ltr'><strong>portans,</strong></span> <span class='ocrx_word' id='word_1_464' title='bbox 1637 4829 1668 4867; x_wconf 85' lang='lat' dir='ltr'><strong>a</strong></span> <span class='ocrx_word' id='word_1_465' title='bbox 1717 4812 2042 4868; x_wconf 88' lang='lat' dir='ltr'><strong>custodibus</strong></span> 
     </span>
    </p>
   </div>
   <div class='ocr_carea' id='block_1_61' title="bbox 470 4903 2044 4978">
    <p class='ocr_par' dir='ltr' id='par_1_61' title="bbox 470 4903 2044 4978">
     <span class='ocr_line' id='line_1_62' title="bbox 470 4903 2044 4978; baseline -0.002 -19"><span class='ocrx_word' id='word_1_466' title='bbox 470 4909 604 4977; x_wconf 86' lang='lat' dir='ltr'><strong>quid</strong></span> <span class='ocrx_word' id='word_1_467' title='bbox 635 4907 804 4963; x_wconf 86' lang='lat' dir='ltr'><strong>ferret</strong></span> <span class='ocrx_word' id='word_1_468' title='bbox 829 4917 1074 4978; x_wconf 87' lang='lat' dir='ltr'><strong>rogatus,</strong></span> <span class='ocrx_word' id='word_1_469' title='bbox 1118 4908 1360 4963; x_wconf 89' lang='lat' dir='ltr'><strong>ostensis</strong></span> <span class='ocrx_word' id='word_1_470' title='bbox 1382 4905 1596 4962; x_wconf 83' lang='lat' dir='ltr'><strong>iicubus</strong></span> <span class='ocrx_word' id='word_1_471' title='bbox 1627 4903 1836 4974; x_wconf 79' lang='lat' dir='ltr'><strong>ingredi</strong></span> <span class='ocrx_word' id='word_1_472' title='bbox 1854 4905 2044 4973; x_wconf 87' lang='lat' dir='ltr'><strong>jussus</strong></span> 
     </span>
    </p>
   </div>
   <div class='ocr_carea' id='block_1_62' title="bbox 422 4993 2045 5069">
    <p class='ocr_par' dir='ltr' id='par_1_62' title="bbox 422 4993 2045 5069">
     <span class='ocr_line' id='line_1_63' title="bbox 422 4993 2045 5069; baseline -0.004 -16"><span class='ocrx_word' id='word_1_473' title='bbox 422 5037 432 5047; x_wconf 42' lang='grc' dir='ltr'>χ</span> <span class='ocrx_word' id='word_1_474' title='bbox 477 5007 576 5053; x_wconf 78' lang='grc' dir='ltr'>εει.</span> <span class='ocrx_word' id='word_1_475' title='bbox 623 4998 758 5053; x_wconf 84' lang='lat' dir='ltr'><strong>Post</strong></span> <span class='ocrx_word' id='word_1_476' title='bbox 802 4998 1092 5069; x_wconf 89' lang='lat' dir='ltr'><strong>prandium</strong></span> <span class='ocrx_word' id='word_1_477' title='bbox 1145 4997 1437 5068; x_wconf 84' lang='lat' dir='ltr'><strong>Cleopatra</strong></span> <span class='ocrx_word' id='word_1_478' title='bbox 1482 4996 1697 5050; x_wconf 88' lang='lat' dir='ltr'><strong>litteras</strong></span> <span class='ocrx_word' id='word_1_479' title='bbox 1730 4993 2045 5063; x_wconf 86' lang='lat' dir='ltr'><strong>obsignatas</strong></span> 
     </span>
    </p>
   </div>
   <div class='ocr_carea' id='block_1_63' title="bbox 479 5086 2042 5160">
    <p class='ocr_par' dir='ltr' id='par_1_63' title="bbox 479 5086 2042 5160">
     <span class='ocr_line' id='line_1_64' title="bbox 479 5086 2042 5160; baseline -0.005 -15"><span class='ocrx_word' id='word_1_480' title='bbox 479 5089 675 5146; x_wconf 78' lang='lat' dir='ltr'><strong>Czesari</strong></span> <span class='ocrx_word' id='word_1_481' title='bbox 709 5091 881 5157; x_wconf 87' lang='lat' dir='ltr'><strong>misit,</strong></span> <span class='ocrx_word' id='word_1_482' title='bbox 907 5091 1109 5160; x_wconf 86' lang='lat' dir='ltr'><strong>quibus</strong></span> <span class='ocrx_word' id='word_1_483' title='bbox 1134 5090 1329 5146; x_wconf 87' lang='lat' dir='ltr'><strong>orabat</strong></span> <span class='ocrx_word' id='word_1_484' title='bbox 1376 5099 1435 5144; x_wconf 92' lang='lat' dir='ltr'><strong>ut</strong></span> <span class='ocrx_word' id='word_1_485' title='bbox 1459 5104 1583 5143; x_wconf 88' lang='lat' dir='ltr'><strong>cum</strong></span> <span class='ocrx_word' id='word_1_486' title='bbox 1612 5086 1850 5139; x_wconf 84' lang='lat' dir='ltr'><strong>Antonio</strong></span> <span class='ocrx_word' id='word_1_487' title='bbox 1883 5099 2042 5153; x_wconf 88' lang='lat' dir='ltr'><strong>sepe-</strong></span> 
     </span>
    </p>
   </div>
   <div class='ocr_carea' id='block_1_64' title="bbox 474 5176 2043 5246">
    <p class='ocr_par' dir='ltr' id='par_1_64' title="bbox 474 5176 2043 5246">
     <span class='ocr_line' id='line_1_65' title="bbox 474 5176 2043 5246; baseline -0.006 -9"><span class='ocrx_word' id='word_1_488' title='bbox 474 5182 691 5238; x_wconf 68' lang='lat' dir='ltr'><strong>liretur.</strong></span> <span class='ocrx_word' id='word_1_489' title='bbox 724 5181 881 5236; x_wconf 86' lang='lat' dir='ltr'><strong>Unde</strong></span> <span class='ocrx_word' id='word_1_490' title='bbox 914 5183 1004 5237; x_wconf 91' lang='lat' dir='ltr'><strong>ille</strong></span> <span class='ocrx_word' id='word_1_491' title='bbox 1038 5183 1222 5236; x_wconf 87' lang='lat' dir='ltr'><strong>statim</strong></span> <span class='ocrx_word' id='word_1_492' title='bbox 1257 5178 1527 5235; x_wconf 78' lang='lat' dir='ltr'><strong>intellexit</strong></span> <span class='ocrx_word' id='word_1_493' title='bbox 1583 5176 1715 5246; x_wconf 90' lang='lat' dir='ltr'><strong>quid</strong></span> <span class='ocrx_word' id='word_1_494' title='bbox 1745 5184 1926 5230; x_wconf 88' lang='lat' dir='ltr'><strong>actum</strong></span> <span class='ocrx_word' id='word_1_495' title='bbox 1954 5191 2043 5229; x_wconf 84' lang='lat' dir='ltr'><strong>es-</strong></span> 
     </span>
    </p>
   </div>
   <div class='ocr_carea' id='block_1_65' title="bbox 475 5271 2042 5344">
    <p class='ocr_par' dir='ltr' id='par_1_65' title="bbox 475 5271 2042 5344">
     <span class='ocr_line' id='line_1_66' title="bbox 475 5271 2042 5344; baseline -0.004 -16"><span class='ocrx_word' id='word_1_496' title='bbox 475 5284 580 5340; x_wconf 78' lang='lat' dir='ltr'><strong>set,</strong></span> <span class='ocrx_word' id='word_1_497' title='bbox 604 5290 668 5330; x_wconf 90' lang='lat' dir='ltr'><strong>ae</strong></span> <span class='ocrx_word' id='word_1_498' title='bbox 699 5291 812 5328; x_wconf 88' lang='lat' dir='ltr'><strong>rem</strong></span> <span class='ocrx_word' id='word_1_499' title='bbox 849 5274 1127 5343; x_wconf 82' lang='lat' dir='ltr'><strong>explorari</strong></span> <span class='ocrx_word' id='word_1_500' title='bbox 1157 5274 1342 5344; x_wconf 87' lang='lat' dir='ltr'><strong>jussit.</strong></span> <span class='ocrx_word' id='word_1_501' title='bbox 1377 5272 1480 5338; x_wconf 86' lang='lat' dir='ltr'><strong>Qui</strong></span> <span class='ocrx_word' id='word_1_502' title='bbox 1520 5271 1674 5325; x_wconf 86' lang='lat' dir='ltr'><strong>missi</strong></span> <span class='ocrx_word' id='word_1_503' title='bbox 1705 5279 1886 5332; x_wconf 87' lang='lat' dir='ltr'><strong>erant,</strong></span> <span class='ocrx_word' id='word_1_504' title='bbox 1919 5284 2042 5324; x_wconf 90' lang='lat' dir='ltr'><strong>cum</strong></span> 
     </span>
    </p>
   </div>
   <div class='ocr_carea' id='block_1_66' title="bbox 477 5361 2047 5438">
    <p class='ocr_par' dir='ltr' id='par_1_66' title="bbox 477 5361 2047 5438">
     <span class='ocr_line' id='line_1_67' title="bbox 477 5361 2047 5438; baseline -0.003 -21"><span class='ocrx_word' id='word_1_505' title='bbox 477 5382 712 5438; x_wconf 82' lang='lat' dir='ltr'><strong>propere</strong></span> <span class='ocrx_word' id='word_1_506' title='bbox 740 5368 1134 5428; x_wconf 87' lang='lat' dir='ltr'><strong>aceurrissent,</strong></span> <span class='ocrx_word' id='word_1_507' title='bbox 1167 5374 1438 5418; x_wconf 90' lang='lat' dir='ltr'><strong>mortuam</strong></span> <span class='ocrx_word' id='word_1_508' title='bbox 1479 5377 1598 5417; x_wconf 88' lang='lat' dir='ltr'><strong>eam</strong></span> <span class='ocrx_word' id='word_1_509' title='bbox 1632 5364 1682 5415; x_wconf 92' lang='lat' dir='ltr'><strong>in</strong></span> <span class='ocrx_word' id='word_1_510' title='bbox 1717 5376 1884 5415; x_wconf 87' lang='lat' dir='ltr'><strong>aureo</strong></span> <span class='ocrx_word' id='word_1_511' title='bbox 1905 5361 2047 5414; x_wconf 90' lang='lat' dir='ltr'><strong>lecto</strong></span> 
     </span>
    </p>
   </div>
   <div class='ocr_carea' id='block_1_67' title="bbox 479 5452 2048 5528">
    <p class='ocr_par' dir='ltr' id='par_1_67' title="bbox 479 5452 2048 5528">
     <span class='ocr_line' id='line_1_68' title="bbox 479 5452 2048 5528; baseline -0.006 -14"><span class='ocrx_word' id='word_1_512' title='bbox 479 5460 736 5528; x_wconf 79' lang='lat' dir='ltr'><strong>regaliter</strong></span> <span class='ocrx_word' id='word_1_513' title='bbox 772 5469 1020 5514; x_wconf 88' lang='lat' dir='ltr'><strong>ornatam</strong></span> <span class='ocrx_word' id='word_1_514' title='bbox 1063 5459 1426 5520; x_wconf 88' lang='lat' dir='ltr'><strong>invenerunt,</strong></span> <span class='ocrx_word' id='word_1_515' title='bbox 1477 5455 1648 5509; x_wconf 90' lang='lat' dir='ltr'><strong>altera</strong></span> <span class='ocrx_word' id='word_1_516' title='bbox 1691 5455 1814 5522; x_wconf 76' lang='lat' dir='ltr'><strong>eius</strong></span> <span class='ocrx_word' id='word_1_517' title='bbox 1847 5452 2048 5506; x_wconf 84' lang='lat' dir='ltr'><strong>ancilla</strong></span> 
     </span>
    </p>
   </div>
   <div class='ocr_carea' id='block_1_68' title="bbox 476 5544 2048 5620">
    <p class='ocr_par' dir='ltr' id='par_1_68' title="bbox 476 5544 2048 5620">
     <span class='ocr_line' id='line_1_69' title="bbox 476 5544 2048 5620; baseline -0.004 -14"><span class='ocrx_word' id='word_1_518' title='bbox 476 5551 633 5606; x_wconf 87' lang='lat' dir='ltr'><strong>lrade</strong></span> <span class='ocrx_word' id='word_1_519' title='bbox 673 5551 740 5606; x_wconf 88' lang='lat' dir='ltr'><strong>ad</strong></span> <span class='ocrx_word' id='word_1_520' title='bbox 775 5551 942 5620; x_wconf 88' lang='lat' dir='ltr'><strong>pedes</strong></span> <span class='ocrx_word' id='word_1_521' title='bbox 968 5550 1115 5605; x_wconf 89' lang='lat' dir='ltr'><strong>illius</strong></span> <span class='ocrx_word' id='word_1_522' title='bbox 1145 5548 1481 5619; x_wconf 81' lang='lat' dir='ltr'><strong>exspirante,</strong></span> <span class='ocrx_word' id='word_1_523' title='bbox 1515 5548 1683 5602; x_wconf 86' lang='lat' dir='ltr'><strong>altera</strong></span> <span class='ocrx_word' id='word_1_524' title='bbox 1710 5544 2048 5602; x_wconf 77' lang='lat' dir='ltr'><strong>Cliarmonio</strong></span> 
     </span>
    </p>
   </div>
   <div class='ocr_carea' id='block_1_69' title="bbox 477 5637 2047 5715">
    <p class='ocr_par' dir='ltr' id='par_1_69' title="bbox 477 5637 2047 5715">
     <span class='ocr_line' id='line_1_70' title="bbox 477 5637 2047 5715; baseline -0.004 -18"><span class='ocrx_word' id='word_1_525' title='bbox 477 5661 540 5697; x_wconf 79' lang='lat' dir='ltr'><strong>cx</strong></span> <span class='ocrx_word' id='word_1_526' title='bbox 573 5644 866 5715; x_wconf 90' lang='lat' dir='ltr'><strong>gravedine</strong></span> <span class='ocrx_word' id='word_1_527' title='bbox 909 5642 1107 5711; x_wconf 85' lang='lat' dir='ltr'><strong>capitis</strong></span> <span class='ocrx_word' id='word_1_528' title='bbox 1135 5641 1249 5710; x_wconf 88' lang='lat' dir='ltr'><strong>jam</strong></span> <span class='ocrx_word' id='word_1_529' title='bbox 1294 5639 1644 5703; x_wconf 86' lang='lat' dir='ltr'><strong>labescente,</strong></span> <span class='ocrx_word' id='word_1_530' title='bbox 1694 5648 1750 5692; x_wconf 90' lang='lat' dir='ltr'><strong>et</strong></span> <span class='ocrx_word' id='word_1_531' title='bbox 1797 5637 2047 5691; x_wconf 88' lang='lat' dir='ltr'><strong>diadema</strong></span> 
     </span>
    </p>
   </div>
   <div class='ocr_carea' id='block_1_70' title="bbox 478 5729 2045 5805">
    <p class='ocr_par' dir='ltr' id='par_1_70' title="bbox 478 5729 2045 5805">
     <span class='ocr_line' id='line_1_71' title="bbox 478 5729 2045 5805; baseline -0.005 -15"><span class='ocrx_word' id='word_1_532' title='bbox 478 5736 784 5805; x_wconf 70' lang='lat' dir='ltr'><strong>Cleepatrae</strong></span> <span class='ocrx_word' id='word_1_533' title='bbox 823 5744 1149 5790; x_wconf 81' lang='lat' dir='ltr'><strong>exornantc.</strong></span> <span class='ocrx_word' id='word_1_534' title='bbox 1197 5732 1297 5788; x_wconf 87' lang='lat' dir='ltr'><strong>Cui</strong></span> <span class='ocrx_word' id='word_1_535' title='bbox 1347 5748 1470 5787; x_wconf 91' lang='lat' dir='ltr'><strong>cum</strong></span> <span class='ocrx_word' id='word_1_536' title='bbox 1501 5731 1722 5801; x_wconf 88' lang='lat' dir='ltr'><strong>quidam</strong></span> <span class='ocrx_word' id='word_1_537' title='bbox 1767 5729 1998 5784; x_wconf 81' lang='lat' dir='ltr'><strong>dixisset</strong></span> <span class='ocrx_word' id='word_1_538' title='bbox 2031 5745 2045 5782; x_wconf 91' lang='lat'>:</span> 
     </span>
    </p>
   </div>
   <div class='ocr_carea' id='block_1_71' title="bbox 489 5818 2046 5894">
    <p class='ocr_par' dir='ltr' id='par_1_71' title="bbox 489 5818 2046 5894">
     <span class='ocr_line' id='line_1_72' title="bbox 489 5818 2046 5894; baseline -0.004 -15"><span class='ocrx_word' id='word_1_539' title='bbox 489 5825 715 5880; x_wconf 80' lang='lat' dir='ltr'><strong>Pulchra</strong></span> <span class='ocrx_word' id='word_1_540' title='bbox 751 5841 870 5881; x_wconf 80' lang='lat' dir='ltr'><strong>vero</strong></span> <span class='ocrx_word' id='word_1_541' title='bbox 913 5827 1015 5878; x_wconf 74' lang='lat' dir='ltr'><strong>ista</strong></span> <span class='ocrx_word' id='word_1_542' title='bbox 1059 5830 1203 5889; x_wconf 81' lang='lat' dir='ltr'><strong>sunt,</strong></span> <span class='ocrx_word' id='word_1_543' title='bbox 1253 5822 1413 5894; x_wconf 81' lang='lat'><strong>530</strong></span> <span class='ocrx_word' id='word_1_544' title='bbox 1446 5820 1869 5878; x_wconf 74' lang='lat' dir='ltr'><strong>Cliarmonium?</strong></span> <span class='ocrx_word' id='word_1_545' title='bbox 1914 5818 2046 5873; x_wconf 85' lang='lat' dir='ltr'><strong>illa:</strong></span> 
     </span>
    </p>
   </div>
   <div class='ocr_carea' id='block_1_72' title="bbox 487 5910 2047 5986">
    <p class='ocr_par' dir='ltr' id='par_1_72' title="bbox 487 5910 2047 5986">
     <span class='ocr_line' id='line_1_73' title="bbox 487 5910 2047 5986; baseline -0.007 -11"><span class='ocrx_word' id='word_1_546' title='bbox 487 5917 879 5986; x_wconf 73' lang='lat' dir='ltr'><strong>Pulcherrima,</strong></span> <span class='ocrx_word' id='word_1_547' title='bbox 908 5915 1107 5986; x_wconf 87' lang='lat' dir='ltr'><strong>inquit,</strong></span> <span class='ocrx_word' id='word_1_548' title='bbox 1136 5925 1183 5969; x_wconf 80' lang='lat' dir='ltr'><strong>et</strong></span> <span class='ocrx_word' id='word_1_549' title='bbox 1221 5914 1410 5972; x_wconf 78' lang='lat' dir='ltr'><strong>decem</strong></span> <span class='ocrx_word' id='word_1_550' title='bbox 1438 5924 1512 5970; x_wconf 81' lang='lat' dir='ltr'><strong>tot</strong></span> <span class='ocrx_word' id='word_1_551' title='bbox 1549 5913 1758 5984; x_wconf 76' lang='lat' dir='ltr'><strong>regibus</strong></span> <span class='ocrx_word' id='word_1_552' title='bbox 1787 5910 2047 5966; x_wconf 74' lang='lat' dir='ltr'><strong>oriunda’.</strong></span> 
     </span>
    </p>
   </div>
   <div class='ocr_carea' id='block_1_73' title="bbox 2127 2112 3615 2194">
    <p class='ocr_par' dir='ltr' id='par_1_73' title="bbox 2127 2112 3615 2194">
     <span class='ocr_line' id='line_1_74' title="bbox 2127 2112 3615 2194; baseline -0.009 -15"><span class='ocrx_word' id='word_1_553' title='bbox 2127 2121 2650 2194; x_wconf 75' lang='grc' dir='ltr'>συγκαθειργμένων</span> <span class='ocrx_word' id='word_1_554' title='bbox 2679 2117 2958 2188; x_wconf 88' lang='grc' dir='ltr'>γυναικῶν</span> <span class='ocrx_word' id='word_1_555' title='bbox 2978 2113 3402 2184; x_wconf 76' lang='grc' dir='ltr'>ἀνακραγούσης,</span> <span class='ocrx_word' id='word_1_556' title='bbox 3426 2112 3615 2167; x_wconf 69' lang='grc' dir='ltr'>Τάλαινο</span> 
     </span>
    </p>
   </div>
   <div class='ocr_carea' id='block_1_74' title="bbox 2123 2205 3616 2284">
    <p class='ocr_par' dir='ltr' id='par_1_74' title="bbox 2123 2205 3616 2284">
     <span class='ocr_line' id='line_1_75' title="bbox 2123 2205 3616 2284; baseline -0.011 -10"><span class='ocrx_word' id='word_1_557' title='bbox 2123 2217 2497 2284; x_wconf 75' lang='grc' dir='ltr'><strong>Κλεοπάτρα,</strong></span> <span class='ocrx_word' id='word_1_558' title='bbox 2533 2211 2742 2284; x_wconf 57' lang='lat' dir='ltr'><strong>(my-pii,</strong></span> <span class='ocrx_word' id='word_1_559' title='bbox 2799 2210 3030 2280; x_wconf 83' lang='grc' dir='ltr'>ῶρμησε</span> <span class='ocrx_word' id='word_1_560' title='bbox 3077 2209 3176 2277; x_wconf 83' lang='grc' dir='ltr'>μὲν</span> <span class='ocrx_word' id='word_1_561' title='bbox 3232 2208 3413 2274; x_wconf 78' lang='grc' dir='ltr'>ἑαυτὴν</span> <span class='ocrx_word' id='word_1_562' title='bbox 3441 2205 3616 2269; x_wconf 77' lang='grc' dir='ltr'>πατάξαι</span> 
     </span>
    </p>
   </div>
   <div class='ocr_carea' id='block_1_75' title="bbox 2123 2298 3618 2383">
    <p class='ocr_par' dir='ltr' id='par_1_75' title="bbox 2123 2298 3618 2383">
     <span class='ocr_line' id='line_1_76' title="bbox 2123 2298 3618 2383; baseline -0.01 -18"><span class='ocrx_word' id='word_1_563' title='bbox 2123 2310 2484 2383; x_wconf 79' lang='grc' dir='ltr'>(παρέζωστο</span> <span class='ocrx_word' id='word_1_564' title='bbox 2508 2308 2616 2378; x_wconf 87' lang='grc' dir='ltr'><strong>γάρ</strong></span> <span class='ocrx_word' id='word_1_565' title='bbox 2640 2324 2693 2359; x_wconf 90' lang='grc' dir='ltr'><strong>τι</strong></span> <span class='ocrx_word' id='word_1_566' title='bbox 2718 2304 2982 2374; x_wconf 80' lang='grc' dir='ltr'>ξιφίδιον)</span> <span class='ocrx_word' id='word_1_567' title='bbox 3021 2298 3380 2368; x_wconf 82' lang='grc' dir='ltr'>προσδραμὼν</span> <span class='ocrx_word' id='word_1_568' title='bbox 3400 2299 3448 2351; x_wconf 78' lang='grc' dir='ltr'>δὲ</span> <span class='ocrx_word' id='word_1_569' title='bbox 3473 2300 3572 2367; x_wconf 66' lang='grc' dir='ltr'>αὐτῇ</span> <span class='ocrx_word' id='word_1_570' title='bbox 3600 2302 3618 2350; x_wconf 76' lang='grc' dir='ltr'>ὁ</span> 
     </span>
    </p>
   </div>
   <div class='ocr_carea' id='block_1_76' title="bbox 2123 2387 3617 2475">
    <p class='ocr_par' dir='ltr' id='par_1_76' title="bbox 2123 2387 3617 2475">
     <span class='ocr_line' id='line_1_77' title="bbox 2123 2387 3617 2475; baseline -0.014 -15"><span class='ocrx_word' id='word_1_571' title='bbox 2123 2406 2449 2475; x_wconf 77' lang='grc' dir='ltr'><strong>Προκλήϊος,</strong></span> <span class='ocrx_word' id='word_1_572' title='bbox 2468 2401 2726 2468; x_wconf 80' lang='grc' dir='ltr'>συνέσχεν</span> <span class='ocrx_word' id='word_1_573' title='bbox 2750 2398 2939 2468; x_wconf 81' lang='grc' dir='ltr'>αὐτὴν,</span> <span class='ocrx_word' id='word_1_574' title='bbox 2963 2396 3057 2448; x_wconf 71' lang='grc' dir='ltr'>καὶ</span> <span class='ocrx_word' id='word_1_575' title='bbox 3085 2391 3328 2460; x_wconf 77' lang='grc' dir='ltr'>ἀφείλετο</span> <span class='ocrx_word' id='word_1_576' title='bbox 3347 2389 3401 2442; x_wconf 74' lang='grc' dir='ltr'><strong>τὸ</strong></span> <span class='ocrx_word' id='word_1_577' title='bbox 3433 2387 3617 2455; x_wconf 54' lang='grc' dir='ltr'>ξιφίδιον,</span> 
     </span>
    </p>
   </div>
   <div class='ocr_carea' id='block_1_77' title="bbox 2125 2483 3621 2569">
    <p class='ocr_par' dir='ltr' id='par_1_77' title="bbox 2125 2483 3621 2569">
     <span class='ocr_line' id='line_1_78' title="bbox 2125 2483 3621 2569; baseline -0.013 -16"><span class='ocrx_word' id='word_1_578' title='bbox 2125 2501 2213 2554; x_wconf 59' lang='grc' dir='ltr'>καὶ</span> <span class='ocrx_word' id='word_1_579' title='bbox 2255 2499 2328 2569; x_wconf 84' lang='grc' dir='ltr'><strong>μή</strong></span> <span class='ocrx_word' id='word_1_580' title='bbox 2363 2514 2413 2550; x_wconf 87' lang='grc' dir='ltr'><strong>τι</strong></span> <span class='ocrx_word' id='word_1_581' title='bbox 2446 2493 2664 2566; x_wconf 79' lang='grc' dir='ltr'>κρύπτῃ</span> <span class='ocrx_word' id='word_1_582' title='bbox 2691 2492 2983 2561; x_wconf 87' lang='grc' dir='ltr'>φάρμακον</span> <span class='ocrx_word' id='word_1_583' title='bbox 3027 2485 3399 2557; x_wconf 75' lang='grc' dir='ltr'>έξηρεύνησεν.</span> <span class='ocrx_word' id='word_1_584' title='bbox 3431 2483 3621 2551; x_wconf 63' lang='grc' dir='ltr'>Ἐπεμψε</span> 
     </span>
    </p>
   </div>
   <div class='ocr_carea' id='block_1_78' title="bbox 2125 2573 3621 2658">
    <p class='ocr_par' dir='ltr' id='par_1_78' title="bbox 2125 2573 3621 2658">
     <span class='ocr_line' id='line_1_79' title="bbox 2125 2573 3621 2658; baseline -0.015 -11"><span class='ocrx_word' id='word_1_585' title='bbox 2125 2594 2182 2647; x_wconf 77' lang='grc' dir='ltr'>δὲ</span> <span class='ocrx_word' id='word_1_586' title='bbox 2245 2592 2463 2658; x_wconf 84' lang='grc' dir='ltr'>Καῖσαρ</span> <span class='ocrx_word' id='word_1_587' title='bbox 2527 2583 2926 2656; x_wconf 79' lang='grc' dir='ltr'><strong>Ἐπαφρόδιτον</strong></span> <span class='ocrx_word' id='word_1_588' title='bbox 2999 2577 3377 2646; x_wconf 83' lang='grc' dir='ltr'>ἀπελεύθερον,</span> <span class='ocrx_word' id='word_1_589' title='bbox 3428 2573 3621 2635; x_wconf 82' lang='grc' dir='ltr'>κελεύσας</span> 
     </span>
    </p>
   </div>
   <div class='ocr_carea' id='block_1_79' title="bbox 2129 2664 3653 2750">
    <p class='ocr_par' dir='ltr' id='par_1_79' title="bbox 2129 2664 3653 2750">
     <span class='ocr_line' id='line_1_80' title="bbox 2129 2664 3653 2750; baseline -0.016 -13"><span class='ocrx_word' id='word_1_590' title='bbox 2129 2683 2313 2748; x_wconf 80' lang='grc' dir='ltr'>ζῶσαν</span> <span class='ocrx_word' id='word_1_591' title='bbox 2347 2681 2535 2750; x_wconf 79' lang='grc' dir='ltr'>τηρεῖν</span> <span class='ocrx_word' id='word_1_592' title='bbox 2561 2678 2700 2730; x_wconf 86' lang='grc' dir='ltr'>πάνυ</span> <span class='ocrx_word' id='word_1_593' title='bbox 2727 2671 3186 2742; x_wconf 75' lang='grc' dir='ltr'>ἐπιμελούμενον,</span> <span class='ocrx_word' id='word_1_594' title='bbox 3215 2667 3365 2728; x_wconf 71' lang='grc' dir='ltr'>αὐτὸς</span> <span class='ocrx_word' id='word_1_595' title='bbox 3391 2664 3438 2718; x_wconf 77' lang='grc' dir='ltr'>δὲ</span> <span class='ocrx_word' id='word_1_596' title='bbox 3464 2665 3623 2731; x_wconf 74' lang='grc' dir='ltr'>Καῖσαρ</span> <span class='ocrx_word' id='word_1_597' title='bbox 3648 2672 3653 2680; x_wconf 91' lang='grc'><em>’</em></span> 
     </span>
    </p>
   </div>
   <div class='ocr_carea' id='block_1_80' title="bbox 2128 2759 3623 2847">
    <p class='ocr_par' dir='ltr' id='par_1_80' title="bbox 2128 2759 3623 2847">
     <span class='ocr_line' id='line_1_81' title="bbox 2128 2759 3623 2847; baseline -0.015 -17"><span class='ocrx_word' id='word_1_598' title='bbox 2128 2774 2418 2847; x_wconf 79' lang='grc' dir='ltr'>εἰσήλασεν</span> <span class='ocrx_word' id='word_1_599' title='bbox 2450 2772 2530 2834; x_wconf 89' lang='grc' dir='ltr'><strong>είς</strong></span> <span class='ocrx_word' id='word_1_600' title='bbox 2551 2769 2651 2838; x_wconf 79' lang='grc' dir='ltr'>τὴν</span> <span class='ocrx_word' id='word_1_601' title='bbox 2679 2767 2852 2820; x_wconf 77' lang='grc' dir='ltr'>πόλιν.</span> <span class='ocrx_word' id='word_1_602' title='bbox 2892 2765 3002 2818; x_wconf 77' lang='grc' dir='ltr'><strong>Καὶ</strong></span> <span class='ocrx_word' id='word_1_603' title='bbox 3023 2765 3052 2816; x_wconf 84' lang='grc' dir='ltr'>ὁ</span> <span class='ocrx_word' id='word_1_604' title='bbox 3093 2760 3372 2822; x_wconf 82' lang='grc' dir='ltr'>Ἀντώνιος</span> <span class='ocrx_word' id='word_1_605' title='bbox 3401 2759 3524 2826; x_wconf 78' lang='grc' dir='ltr'>παρὰ</span> <span class='ocrx_word' id='word_1_606' title='bbox 3553 2760 3623 2823; x_wconf 77' lang='grc' dir='ltr'>τῆς</span> 
     </span>
    </p>
   </div>
   <div class='ocr_carea' id='block_1_81' title="bbox 2129 2851 3626 2935">
    <p class='ocr_par' dir='ltr' id='par_1_81' title="bbox 2129 2851 3626 2935">
     <span class='ocr_line' id='line_1_82' title="bbox 2129 2851 3626 2935; baseline -0.015 -13"><span class='ocrx_word' id='word_1_607' title='bbox 2129 2865 2490 2935; x_wconf 78' lang='grc' dir='ltr'>Κλεοπάτρας</span> <span class='ocrx_word' id='word_1_608' title='bbox 2525 2861 2702 2929; x_wconf 81' lang='grc' dir='ltr'>ἐτάφη</span> <span class='ocrx_word' id='word_1_609' title='bbox 2752 2855 3066 2920; x_wconf 79' lang='grc' dir='ltr'>πολυτελῶς</span> <span class='ocrx_word' id='word_1_610' title='bbox 3123 2853 3219 2908; x_wconf 72' lang='grc' dir='ltr'>καὶ</span> <span class='ocrx_word' id='word_1_611' title='bbox 3251 2851 3522 2922; x_wconf 82' lang='grc' dir='ltr'>βασιλικῶς.</span> <span class='ocrx_word' id='word_1_612' title='bbox 3552 2851 3626 2901; x_wconf 83' lang='grc' dir='ltr'><strong>[Ιν-</strong></span> 
     </span>
    </p>
   </div>
   <div class='ocr_carea' id='block_1_82' title="bbox 2133 2939 3625 3031">
    <p class='ocr_par' dir='ltr' id='par_1_82' title="bbox 2133 2939 3625 3031">
     <span class='ocr_line' id='line_1_83' title="bbox 2133 2939 3625 3031; baseline -0.013 -19"><span class='ocrx_word' id='word_1_613' title='bbox 2133 2958 2306 3031; x_wconf 85' lang='grc' dir='ltr'>ρετῶν</span> <span class='ocrx_word' id='word_1_614' title='bbox 2329 2957 2386 3010; x_wconf 75' lang='grc' dir='ltr'>δὲ</span> <span class='ocrx_word' id='word_1_615' title='bbox 2417 2956 2557 3024; x_wconf 78' lang='grc' dir='ltr'>αὐτῇ</span> <span class='ocrx_word' id='word_1_616' title='bbox 2584 2953 2896 3023; x_wconf 88' lang='grc' dir='ltr'>γενομένων</span> <span class='ocrx_word' id='word_1_617' title='bbox 2933 2950 2951 3020; x_wconf 93' lang='grc'>(</span> <span class='ocrx_word' id='word_1_618' title='bbox 2976 2947 3287 3017; x_wconf 85' lang='grc' dir='ltr'>έφλέγμηνε</span> <span class='ocrx_word' id='word_1_619' title='bbox 3307 2945 3406 3016; x_wconf 85' lang='grc' dir='ltr'>γὰρ</span> <span class='ocrx_word' id='word_1_620' title='bbox 3434 2939 3625 3010; x_wconf 74' lang='grc' dir='ltr'>αὐτῆςτᾶ</span> 
     </span>
    </p>
   </div>
   <div class='ocr_carea' id='block_1_83' title="bbox 2133 3032 3629 3122">
    <p class='ocr_par' dir='ltr' id='par_1_83' title="bbox 2133 3032 3629 3122">
     <span class='ocr_line' id='line_1_84' title="bbox 2133 3032 3629 3122; baseline -0.015 -17"><span class='ocrx_word' id='word_1_621' title='bbox 2133 3051 2331 3122; x_wconf 88' lang='grc' dir='ltr'>στέρνα</span> <span class='ocrx_word' id='word_1_622' title='bbox 2365 3047 2460 3102; x_wconf 75' lang='grc' dir='ltr'>καὶ</span> <span class='ocrx_word' id='word_1_623' title='bbox 2507 3043 2757 3118; x_wconf 77' lang='grc' dir='ltr'>ήλκωτο)</span> <span class='ocrx_word' id='word_1_624' title='bbox 2779 3041 2989 3112; x_wconf 84' lang='grc' dir='ltr'>τροφῆς</span> <span class='ocrx_word' id='word_1_625' title='bbox 3033 3039 3316 3108; x_wconf 84' lang='grc' dir='ltr'>ἀπείχετο,</span> <span class='ocrx_word' id='word_1_626' title='bbox 3349 3035 3415 3098; x_wconf 83' lang='grc' dir='ltr'>ὡς</span> <span class='ocrx_word' id='word_1_627' title='bbox 3444 3032 3629 3087; x_wconf 74' lang='grc' dir='ltr'>ἐντεῦθεν</span> 
     </span>
    </p>
   </div>
   <div class='ocr_carea' id='block_1_84' title="bbox 2131 3125 3627 3214">
    <p class='ocr_par' dir='ltr' id='par_1_84' title="bbox 2131 3125 3627 3214">
     <span class='ocr_line' id='line_1_85' title="bbox 2131 3125 3627 3214; baseline -0.017 -16"><span class='ocrx_word' id='word_1_628' title='bbox 2131 3141 2477 3214; x_wconf 87' lang='grc' dir='ltr'>λυθησομένη</span> <span class='ocrx_word' id='word_1_629' title='bbox 2511 3136 2605 3191; x_wconf 81' lang='grc' dir='ltr'><strong>τοῦ</strong></span> <span class='ocrx_word' id='word_1_630' title='bbox 2645 3136 2766 3206; x_wconf 79' lang='grc' dir='ltr'>ζῇν.</span> <span class='ocrx_word' id='word_1_631' title='bbox 2806 3135 2872 3186; x_wconf 89' lang='lat' dir='ltr'><strong>&quot;O</strong></span> <span class='ocrx_word' id='word_1_632' title='bbox 2894 3131 3207 3201; x_wconf 85' lang='grc' dir='ltr'>ὑπονοήσας</span> <span class='ocrx_word' id='word_1_633' title='bbox 3240 3129 3268 3181; x_wconf 84' lang='grc' dir='ltr'><strong>ὁ</strong></span> <span class='ocrx_word' id='word_1_634' title='bbox 3300 3125 3627 3214; x_wconf 14' lang='grc' dir='ltr'>Καῖσαρῗάπει-</span> 
     </span>
    </p>
   </div>
   <div class='ocr_carea' id='block_1_85' title="bbox 2132 3213 3627 3298">
    <p class='ocr_par' dir='ltr' id='par_1_85' title="bbox 2132 3213 3627 3298">
     <span class='ocr_line' id='line_1_86' title="bbox 2132 3213 3627 3298; baseline -0.014 -13"><span class='ocrx_word' id='word_1_635' title='bbox 2132 3231 2232 3294; x_wconf 84' lang='grc' dir='ltr'>λὰς</span> <span class='ocrx_word' id='word_1_636' title='bbox 2258 3213 2400 3298; x_wconf 76' lang='grc' dir='ltr'>αὐτῇ</span> <span class='ocrx_word' id='word_1_637' title='bbox 2424 3227 2521 3280; x_wconf 71' lang='grc' dir='ltr'>καὶ</span> <span class='ocrx_word' id='word_1_638' title='bbox 2557 3225 2756 3294; x_wconf 76' lang='grc' dir='ltr'>φόϐους</span> <span class='ocrx_word' id='word_1_639' title='bbox 2789 3223 2919 3294; x_wconf 76' lang='grc' dir='ltr'>περὶ</span> <span class='ocrx_word' id='word_1_640' title='bbox 2951 3222 3063 3274; x_wconf 88' lang='grc' dir='ltr'>τῶν</span> <span class='ocrx_word' id='word_1_641' title='bbox 3093 3219 3302 3272; x_wconf 84' lang='grc' dir='ltr'>τέκνων</span> <span class='ocrx_word' id='word_1_642' title='bbox 3343 3213 3627 3286; x_wconf 78' lang='grc' dir='ltr'>προσέϐαλεν,</span> 
     </span>
    </p>
   </div>
   <div class='ocr_carea' id='block_1_86' title="bbox 2132 3307 3631 3391">
    <p class='ocr_par' dir='ltr' id='par_1_86' title="bbox 2132 3307 3631 3391">
     <span class='ocr_line' id='line_1_87' title="bbox 2132 3307 3631 3391; baseline -0.015 -13"><span class='ocrx_word' id='word_1_643' title='bbox 2132 3318 2215 3386; x_wconf 73' lang='grc' dir='ltr'>οἷς</span> <span class='ocrx_word' id='word_1_644' title='bbox 2264 3322 2447 3391; x_wconf 75' lang='grc' dir='ltr'>ἐκείνη</span> <span class='ocrx_word' id='word_1_645' title='bbox 2505 3317 2761 3388; x_wconf 84' lang='grc' dir='ltr'>καθάπερ</span> <span class='ocrx_word' id='word_1_646' title='bbox 2813 3315 3212 3386; x_wconf 82' lang='grc' dir='ltr'>μηχανήμασιν</span> <span class='ocrx_word' id='word_1_647' title='bbox 3233 3310 3539 3377; x_wconf 76' lang='grc' dir='ltr'>ὑπερείπετο,</span> <span class='ocrx_word' id='word_1_648' title='bbox 3566 3307 3631 3357; x_wconf 80' lang='grc' dir='ltr'>καὶ</span> 
     </span>
    </p>
   </div>
   <div class='ocr_carea' id='block_1_87' title="bbox 2129 3395 3631 3486">
    <p class='ocr_par' dir='ltr' id='par_1_87' title="bbox 2129 3395 3631 3486">
     <span class='ocr_line' id='line_1_88' title="bbox 2129 3395 3631 3486; baseline -0.015 -17"><span class='ocrx_word' id='word_1_649' title='bbox 2129 3415 2341 3486; x_wconf 82' lang='grc' dir='ltr'>τροφήν</span> <span class='ocrx_word' id='word_1_650' title='bbox 2383 3429 2442 3465; x_wconf 90' lang='grc' dir='ltr'><strong>τε</strong></span> <span class='ocrx_word' id='word_1_651' title='bbox 2499 3410 2594 3464; x_wconf 71' lang='grc' dir='ltr'><strong>καλ⁵</strong></span> <span class='ocrx_word' id='word_1_652' title='bbox 2633 3407 2939 3480; x_wconf 80' lang='grc' dir='ltr'>θεραπείαν</span> <span class='ocrx_word' id='word_1_653' title='bbox 2973 3404 3261 3476; x_wconf 86' lang='grc' dir='ltr'>προσίετο.</span> <span class='ocrx_word' id='word_1_654' title='bbox 3301 3395 3433 3454; x_wconf 84' lang='grc' dir='ltr'><strong>Ἧκε</strong></span> <span class='ocrx_word' id='word_1_655' title='bbox 3457 3399 3502 3452; x_wconf 78' lang='grc' dir='ltr'>δὲ</span> <span class='ocrx_word' id='word_1_656' title='bbox 3550 3397 3631 3468; x_wconf 80' lang='grc' dir='ltr'>μετ’</span> 
     </span>
    </p>
   </div>
   <div class='ocr_carea' id='block_1_88' title="bbox 2130 3489 3633 3576">
    <p class='ocr_par' dir='ltr' id='par_1_88' title="bbox 2130 3489 3633 3576">
     <span class='ocr_line' id='line_1_89' title="bbox 2130 3489 3633 3576; baseline -0.014 -16"><span class='ocrx_word' id='word_1_657' title='bbox 2130 3506 2311 3576; x_wconf 85' lang='grc' dir='ltr'><strong>ὀλίγον</strong></span> <span class='ocrx_word' id='word_1_658' title='bbox 2334 3505 2428 3558; x_wconf 78' lang='grc' dir='ltr'>καὶ</span> <span class='ocrx_word' id='word_1_659' title='bbox 2456 3503 2486 3556; x_wconf 81' lang='grc' dir='ltr'><strong>ὁ</strong></span> <span class='ocrx_word' id='word_1_660' title='bbox 2513 3503 2730 3573; x_wconf 76' lang='grc' dir='ltr'>Καῖσαρ</span> <span class='ocrx_word' id='word_1_661' title='bbox 2748 3500 2883 3570; x_wconf 80' lang='grc' dir='ltr'>αὐτῇ</span> <span class='ocrx_word' id='word_1_662' title='bbox 2915 3497 3324 3567; x_wconf 76' lang='grc' dir='ltr'>ἐντευξόμενος.</span> <span class='ocrx_word' id='word_1_663' title='bbox 3345 3493 3404 3544; x_wconf 85' lang='lat' dir='ltr'><strong>&#39;H</strong></span> <span class='ocrx_word' id='word_1_664' title='bbox 3428 3493 3495 3558; x_wconf 79' lang='grc' dir='ltr'>δὲ,</span> <span class='ocrx_word' id='word_1_665' title='bbox 3517 3489 3633 3550; x_wconf 81' lang='grc' dir='ltr'>λιτῶς</span> 
     </span>
    </p>
   </div>
   <div class='ocr_carea' id='block_1_89' title="bbox 2132 3583 3633 3662">
    <p class='ocr_par' dir='ltr' id='par_1_89' title="bbox 2132 3583 3633 3662">
     <span class='ocr_line' id='line_1_90' title="bbox 2132 3583 3633 3662; baseline -0.011 -10"><span class='ocrx_word' id='word_1_666' title='bbox 2132 3601 2192 3653; x_wconf 83' lang='grc' dir='ltr'><strong>ὲν</strong></span> <span class='ocrx_word' id='word_1_667' title='bbox 2220 3597 2430 3652; x_wconf 79' lang='grc' dir='ltr'>στιϐάδι</span> <span class='ocrx_word' id='word_1_668' title='bbox 2453 3593 2832 3662; x_wconf 84' lang='grc' dir='ltr'>κατακειμένη</span> <span class='ocrx_word' id='word_1_669' title='bbox 2857 3591 3050 3661; x_wconf 87' lang='grc' dir='ltr'>ῶσπερ</span> <span class='ocrx_word' id='word_1_670' title='bbox 3078 3589 3395 3660; x_wconf 78' lang='grc' dir='ltr'>μονοχίτων,</span> <span class='ocrx_word' id='word_1_671' title='bbox 3419 3583 3633 3654; x_wconf 78' lang='grc' dir='ltr'>ἀναπηδή-</span> 
     </span>
    </p>
   </div>
   <div class='ocr_carea' id='block_1_90' title="bbox 2136 3677 3633 3762">
    <p class='ocr_par' dir='ltr' id='par_1_90' title="bbox 2136 3677 3633 3762">
     <span class='ocr_line' id='line_1_91' title="bbox 2136 3677 3633 3762; baseline -0.013 -16"><span class='ocrx_word' id='word_1_672' title='bbox 2136 3710 2278 3746; x_wconf 88' lang='grc' dir='ltr'>σασα</span> <span class='ocrx_word' id='word_1_673' title='bbox 2334 3690 2670 3762; x_wconf 75' lang='grc' dir='ltr'>προσπίπτει</span> <span class='ocrx_word' id='word_1_674' title='bbox 2727 3685 2897 3757; x_wconf 83' lang='grc' dir='ltr'>αύτῷ,</span> <span class='ocrx_word' id='word_1_675' title='bbox 2952 3685 3267 3754; x_wconf 83' lang='grc' dir='ltr'>ὑπότρομος</span> <span class='ocrx_word' id='word_1_676' title='bbox 3297 3685 3359 3750; x_wconf 82' lang='grc' dir='ltr'>τῇ</span> <span class='ocrx_word' id='word_1_677' title='bbox 3410 3679 3551 3746; x_wconf 83' lang='grc' dir='ltr'>φωνῇ,</span> <span class='ocrx_word' id='word_1_678' title='bbox 3573 3677 3633 3727; x_wconf 73' lang='grc' dir='ltr'>καὶ</span> 
     </span>
    </p>
   </div>
   <div class='ocr_carea' id='block_1_91' title="bbox 2137 3768 3635 3853">
    <p class='ocr_par' dir='ltr' id='par_1_91' title="bbox 2137 3768 3635 3853">
     <span class='ocr_line' id='line_1_92' title="bbox 2137 3768 3635 3853; baseline -0.012 -15"><span class='ocrx_word' id='word_1_679' title='bbox 2137 3786 2498 3853; x_wconf 81' lang='grc' dir='ltr'>συντετηκυῖα</span> <span class='ocrx_word' id='word_1_680' title='bbox 2525 3785 2648 3844; x_wconf 84' lang='grc' dir='ltr'>ταῖς</span> <span class='ocrx_word' id='word_1_681' title='bbox 2679 3779 2856 3848; x_wconf 71' lang='grc' dir='ltr'>ὄψεσι.</span> <span class='ocrx_word' id='word_1_682' title='bbox 2891 3776 3268 3838; x_wconf 85' lang='grc' dir='ltr'>Κελεύσαντος</span> <span class='ocrx_word' id='word_1_683' title='bbox 3293 3774 3345 3826; x_wconf 79' lang='grc' dir='ltr'>δὲ</span> <span class='ocrx_word' id='word_1_684' title='bbox 3372 3771 3456 3824; x_wconf 80' lang='grc' dir='ltr'>τοῦ</span> <span class='ocrx_word' id='word_1_685' title='bbox 3483 3768 3635 3823; x_wconf 78' lang='grc' dir='ltr'>Καίσα-</span> 
     </span>
    </p>
   </div>
   <div class='ocr_carea' id='block_1_92' title="bbox 2138 3861 3637 3948">
    <p class='ocr_par' dir='ltr' id='par_1_92' title="bbox 2138 3861 3637 3948">
     <span class='ocr_line' id='line_1_93' title="bbox 2138 3861 3637 3948; baseline -0.012 -19"><span class='ocrx_word' id='word_1_686' title='bbox 2138 3892 2232 3948; x_wconf 86' lang='grc' dir='ltr'><strong>ρος</strong></span> <span class='ocrx_word' id='word_1_687' title='bbox 2255 3873 2616 3942; x_wconf 77' lang='grc' dir='ltr'>ἀνακλιθῆναι</span> <span class='ocrx_word' id='word_1_688' title='bbox 2651 3872 2748 3926; x_wconf 75' lang='grc' dir='ltr'>καὶ</span> <span class='ocrx_word' id='word_1_689' title='bbox 2771 3870 2940 3923; x_wconf 80' lang='grc' dir='ltr'>αὐτοῦ</span> <span class='ocrx_word' id='word_1_690' title='bbox 2965 3867 3496 3940; x_wconf 85' lang='grc' dir='ltr'>παρακαθισαμένου,</span> <span class='ocrx_word' id='word_1_691' title='bbox 3517 3861 3637 3914; x_wconf 72' lang='grc' dir='ltr'>ἐδεῖτο</span> 
     </span>
    </p>
   </div>
   <div class='ocr_carea' id='block_1_93' title="bbox 2136 3949 3638 4032">
    <p class='ocr_par' dir='ltr' id='par_1_93' title="bbox 2136 3949 3638 4032">
     <span class='ocr_line' id='line_1_94' title="bbox 2136 3949 3638 4032; baseline -0.013 -13"><span class='ocrx_word' id='word_1_692' title='bbox 2136 3964 2302 4020; x_wconf 78' lang='grc' dir='ltr'>αὑτοῦ</span> <span class='ocrx_word' id='word_1_693' title='bbox 2333 3965 2409 4030; x_wconf 83' lang='grc' dir='ltr'>ὡς</span> <span class='ocrx_word' id='word_1_694' title='bbox 2465 3964 2704 4032; x_wconf 90' lang='grc' dir='ltr'>μάλιστα</span> <span class='ocrx_word' id='word_1_695' title='bbox 2760 3960 2856 4015; x_wconf 83' lang='grc' dir='ltr'>τοῦ</span> <span class='ocrx_word' id='word_1_696' title='bbox 2885 3959 2985 4031; x_wconf 80' lang='grc' dir='ltr'><strong>ζῇν</strong></span> <span class='ocrx_word' id='word_1_697' title='bbox 3035 3957 3424 4028; x_wconf 83' lang='grc' dir='ltr'>περιεχομένη·</span> <span class='ocrx_word' id='word_1_698' title='bbox 3469 3949 3638 4013; x_wconf 56' lang='lat' dir='ltr'><strong>teme</strong></span> 
     </span>
    </p>
   </div>
   <div class='ocr_carea' id='block_1_94' title="bbox 2135 4041 3638 4129">
    <p class='ocr_par' dir='ltr' id='par_1_94' title="bbox 2135 4041 3638 4129">
     <span class='ocr_line' id='line_1_95' title="bbox 2135 4041 3638 4129; baseline -0.011 -18"><span class='ocrx_word' id='word_1_699' title='bbox 2135 4059 2244 4111; x_wconf 88' lang='grc' dir='ltr'><strong>τῶν</strong></span> <span class='ocrx_word' id='word_1_700' title='bbox 2270 4057 2573 4129; x_wconf 86' lang='grc' dir='ltr'>χρημάτων</span> <span class='ocrx_word' id='word_1_701' title='bbox 2609 4053 2935 4124; x_wconf 78' lang='grc' dir='ltr'>ἀναγραφήν</span> <span class='ocrx_word' id='word_1_702' title='bbox 2967 4052 3118 4122; x_wconf 86' lang='grc' dir='ltr'>αύτῷ</span> <span class='ocrx_word' id='word_1_703' title='bbox 3176 4049 3501 4120; x_wconf 78' lang='grc' dir='ltr'>ἐνεχείρισεν.</span> <span class='ocrx_word' id='word_1_704' title='bbox 3536 4041 3638 4096; x_wconf 76' lang='grc' dir='ltr'><strong>Ὀδὲ</strong></span> 
     </span>
    </p>
   </div>
   <div class='ocr_carea' id='block_1_95' title="bbox 2139 4129 3642 4219">
    <p class='ocr_par' dir='ltr' id='par_1_95' title="bbox 2139 4129 3642 4219">
     <span class='ocr_line' id='line_1_96' title="bbox 2139 4129 3642 4219; baseline -0.015 -17"><span class='ocrx_word' id='word_1_705' title='bbox 2139 4148 2455 4219; x_wconf 55' lang='grc' dir='ltr'>φιλοψυχεῖν</span> <span class='ocrx_word' id='word_1_706' title='bbox 2486 4146 2658 4215; x_wconf 80' lang='grc' dir='ltr'>αὐτὴν</span> <span class='ocrx_word' id='word_1_707' title='bbox 2685 4143 2934 4210; x_wconf 76' lang='grc' dir='ltr'>οἰόμενος</span> <span class='ocrx_word' id='word_1_708' title='bbox 2959 4141 3146 4213; x_wconf 73' lang='grc' dir='ltr'>ἥδετο,</span> <span class='ocrx_word' id='word_1_709' title='bbox 3180 4141 3274 4192; x_wconf 74' lang='grc' dir='ltr'><strong>καὶ</strong></span> <span class='ocrx_word' id='word_1_710' title='bbox 3299 4135 3457 4191; x_wconf 84' lang='grc' dir='ltr'>είπὼν</span> <span class='ocrx_word' id='word_1_711' title='bbox 3480 4133 3546 4186; x_wconf 73' lang='grc' dir='ltr'>ὃτι</span> <span class='ocrx_word' id='word_1_712' title='bbox 3571 4129 3642 4182; x_wconf 72' lang='grc' dir='ltr'>τά·</span> 
     </span>
    </p>
   </div>
   <div class='ocr_carea' id='block_1_96' title="bbox 2141 4221 3640 4312">
    <p class='ocr_par' dir='ltr' id='par_1_96' title="bbox 2141 4221 3640 4312">
     <span class='ocr_line' id='line_1_97' title="bbox 2141 4221 3640 4312; baseline -0.017 -17"><span class='ocrx_word' id='word_1_713' title='bbox 2141 4259 2242 4312; x_wconf 88' lang='grc' dir='ltr'><strong>σης</strong></span> <span class='ocrx_word' id='word_1_714' title='bbox 2272 4238 2486 4302; x_wconf 77' lang='grc' dir='ltr'>ἐλπίδος</span> <span class='ocrx_word' id='word_1_715' title='bbox 2512 4238 2649 4308; x_wconf 81' lang='grc' dir='ltr'>αὐτῇ</span> <span class='ocrx_word' id='word_1_716' title='bbox 2677 4235 3060 4304; x_wconf 73' lang='grc' dir='ltr'>λαμπρότερον</span> <span class='ocrx_word' id='word_1_717' title='bbox 3092 4231 3380 4303; x_wconf 82' lang='grc' dir='ltr'>χρήσεται,</span> <span class='ocrx_word' id='word_1_718' title='bbox 3423 4221 3640 4296; x_wconf 73' lang='grc' dir='ltr'>ἠπατηκέ-</span> 
     </span>
    </p>
   </div>
   <div class='ocr_carea' id='block_1_97' title="bbox 2138 4320 3640 4407">
    <p class='ocr_par' dir='ltr' id='par_1_97' title="bbox 2138 4320 3640 4407">
     <span class='ocr_line' id='line_1_98' title="bbox 2138 4320 3640 4407; baseline -0.017 -14"><span class='ocrx_word' id='word_1_719' title='bbox 2138 4355 2227 4392; x_wconf 89' lang='grc' dir='ltr'>ναι</span> <span class='ocrx_word' id='word_1_720' title='bbox 2280 4337 2378 4407; x_wconf 80' lang='grc' dir='ltr'>μὲν</span> <span class='ocrx_word' id='word_1_721' title='bbox 2419 4335 2590 4406; x_wconf 81' lang='grc' dir='ltr'>αὐτὴν</span> <span class='ocrx_word' id='word_1_722' title='bbox 2643 4334 2812 4405; x_wconf 72' lang='grc' dir='ltr'>ᾤετο·</span> <span class='ocrx_word' id='word_1_723' title='bbox 2851 4329 3053 4400; x_wconf 79' lang='grc' dir='ltr'>μᾶλλον</span> <span class='ocrx_word' id='word_1_724' title='bbox 3099 4328 3147 4381; x_wconf 81' lang='grc' dir='ltr'>δ’</span> <span class='ocrx_word' id='word_1_725' title='bbox 3191 4326 3353 4388; x_wconf 77' lang='grc' dir='ltr'>αὐτὸς</span> <span class='ocrx_word' id='word_1_726' title='bbox 3383 4320 3640 4390; x_wconf 78' lang='grc' dir='ltr'>ὲξηπάτητο.</span> 
     </span>
    </p>
   </div>
   <div class='ocr_carea' id='block_1_98' title="bbox 2138 4409 3644 4498">
    <p class='ocr_par' dir='ltr' id='par_1_98' title="bbox 2138 4409 3644 4498">
     <span class='ocr_line' id='line_1_99' title="bbox 2138 4409 3644 4498; baseline -0.013 -13"><span class='ocrx_word' id='word_1_727' title='bbox 2138 4430 2402 4486; x_wconf 83' lang='grc' dir='ltr'>Μαθοῦσα</span> <span class='ocrx_word' id='word_1_728' title='bbox 2436 4430 2546 4498; x_wconf 85' lang='grc' dir='ltr'><strong>γὰρ</strong></span> <span class='ocrx_word' id='word_1_729' title='bbox 2575 4428 2650 4489; x_wconf 84' lang='grc' dir='ltr'>ὡς</span> <span class='ocrx_word' id='word_1_730' title='bbox 2698 4427 2727 4479; x_wconf 82' lang='grc' dir='ltr'><strong>ὁ</strong></span> <span class='ocrx_word' id='word_1_731' title='bbox 2759 4428 2979 4496; x_wconf 79' lang='grc' dir='ltr'>Καῖσαρ</span> <span class='ocrx_word' id='word_1_732' title='bbox 3018 4424 3117 4495; x_wconf 85' lang='grc' dir='ltr'>μὲν</span> <span class='ocrx_word' id='word_1_733' title='bbox 3176 4420 3317 4488; x_wconf 77' lang='grc' dir='ltr'>πεζῇ</span> <span class='ocrx_word' id='word_1_734' title='bbox 3377 4417 3456 4470; x_wconf 67' lang='grc' dir='ltr'>διὰ</span> <span class='ocrx_word' id='word_1_735' title='bbox 3498 4409 3644 4478; x_wconf 66' lang='grc' dir='ltr'>Συρίας</span> 
     </span>
    </p>
   </div>
   <div class='ocr_carea' id='block_1_99' title="bbox 2143 4500 3644 4594">
    <p class='ocr_par' dir='ltr' id='par_1_99' title="bbox 2143 4500 3644 4594">
     <span class='ocr_line' id='line_1_100' title="bbox 2143 4500 3644 4594; baseline -0.016 -17"><span class='ocrx_word' id='word_1_736' title='bbox 2143 4526 2380 4594; x_wconf 78' lang='grc' dir='ltr'>ἔγνωκεν</span> <span class='ocrx_word' id='word_1_737' title='bbox 2439 4523 2684 4586; x_wconf 82' lang='grc' dir='ltr'>ἀπιέναι,</span> <span class='ocrx_word' id='word_1_738' title='bbox 2739 4517 2911 4588; x_wconf 78' lang='grc' dir='ltr'>αὐτὴν</span> <span class='ocrx_word' id='word_1_739' title='bbox 2943 4517 2988 4570; x_wconf 84' lang='grc' dir='ltr'>δ’</span> <span class='ocrx_word' id='word_1_740' title='bbox 3018 4517 3075 4578; x_wconf 67' lang='grc' dir='ltr'>ἐς</span> <span class='ocrx_word' id='word_1_741' title='bbox 3105 4514 3206 4583; x_wconf 75' lang='grc' dir='ltr'>τὴν</span> <span class='ocrx_word' id='word_1_742' title='bbox 3247 4510 3453 4580; x_wconf 83' lang='grc' dir='ltr'>Ῥώμην</span> <span class='ocrx_word' id='word_1_743' title='bbox 3492 4500 3644 4557; x_wconf 79' lang='grc' dir='ltr'>στέλλει</span> 
     </span>
    </p>
   </div>
   <div class='ocr_carea' id='block_1_100' title="bbox 2153 4593 3644 4686">
    <p class='ocr_par' dir='ltr' id='par_1_100' title="bbox 2153 4593 3644 4686">
     <span class='ocr_line' id='line_1_101' title="bbox 2153 4593 3644 4686; baseline -0.013 -18"><span class='ocrx_word' id='word_1_744' title='bbox 2153 4615 2290 4686; x_wconf 82' lang='grc' dir='ltr'>μετὰ</span> <span class='ocrx_word' id='word_1_745' title='bbox 2315 4613 2508 4683; x_wconf 87' lang='grc' dir='ltr'>τρίτην</span> <span class='ocrx_word' id='word_1_746' title='bbox 2533 4611 2770 4682; x_wconf 81' lang='grc' dir='ltr'>ἡμέραν,</span> <span class='ocrx_word' id='word_1_747' title='bbox 2799 4606 2998 4679; x_wconf 74' lang='grc' dir='ltr'>ἐδεήθη</span> <span class='ocrx_word' id='word_1_748' title='bbox 3023 4605 3310 4672; x_wconf 83' lang='grc' dir='ltr'>Καίσαρος</span> <span class='ocrx_word' id='word_1_749' title='bbox 3340 4601 3474 4658; x_wconf 84' lang='grc' dir='ltr'>ὅπως</span> <span class='ocrx_word' id='word_1_750' title='bbox 3502 4593 3644 4686; x_wconf 58' lang='grc' dir='ltr'><strong>ἐνέγκῃ</strong></span> 
     </span>
    </p>
   </div>
   <div class='ocr_carea' id='block_1_101' title="bbox 2143 4682 3645 4779">
    <p class='ocr_par' dir='ltr' id='par_1_101' title="bbox 2143 4682 3645 4779">
     <span class='ocr_line' id='line_1_102' title="bbox 2143 4682 3645 4779; baseline -0.017 -18"><span class='ocrx_word' id='word_1_751' title='bbox 2143 4682 2223 4779; x_wconf 77' lang='grc' dir='ltr'><strong>τῷ</strong></span> <span class='ocrx_word' id='word_1_752' title='bbox 2251 4682 2523 4775; x_wconf 80' lang='grc' dir='ltr'>Ἀντωνίῳ</span> <span class='ocrx_word' id='word_1_753' title='bbox 2543 4703 2694 4774; x_wconf 85' lang='grc' dir='ltr'>χοάς.</span> <span class='ocrx_word' id='word_1_754' title='bbox 2725 4700 2836 4754; x_wconf 78' lang='grc' dir='ltr'><strong>Καὶ</strong></span> <span class='ocrx_word' id='word_1_755' title='bbox 2856 4696 3284 4768; x_wconf 75' lang='grc' dir='ltr'>ἐπιτρέψαντος,</span> <span class='ocrx_word' id='word_1_756' title='bbox 3316 4690 3406 4743; x_wconf 69' lang='grc' dir='ltr'>ἐπὶ</span> <span class='ocrx_word' id='word_1_757' title='bbox 3431 4687 3509 4738; x_wconf 72' lang='grc' dir='ltr'>τὸν</span> <span class='ocrx_word' id='word_1_758' title='bbox 3527 4682 3645 4779; x_wconf 55' lang='grc' dir='ltr'>τάφον</span> 
     </span>
    </p>
   </div>
   <div class='ocr_carea' id='block_1_102' title="bbox 2145 4774 3647 4871">
    <p class='ocr_par' dir='ltr' id='par_1_102' title="bbox 2145 4774 3647 4871">
     <span class='ocr_line' id='line_1_103' title="bbox 2145 4774 3647 4871; baseline -0.019 -17"><span class='ocrx_word' id='word_1_759' title='bbox 2145 4774 2470 4871; x_wconf 77' lang='grc' dir='ltr'>κομισθεῖσα</span> <span class='ocrx_word' id='word_1_760' title='bbox 2498 4774 2695 4849; x_wconf 74' lang='grc' dir='ltr'>πολλὰ</span> <span class='ocrx_word' id='word_1_761' title='bbox 2747 4790 3094 4861; x_wconf 84' lang='grc' dir='ltr'>ὠλοφύρατο,</span> <span class='ocrx_word' id='word_1_762' title='bbox 3153 4783 3276 4840; x_wconf 79' lang='grc' dir='ltr'>εἷτα</span> <span class='ocrx_word' id='word_1_763' title='bbox 3330 4781 3542 4871; x_wconf 74' lang='grc' dir='ltr'>στέψασα</span> <span class='ocrx_word' id='word_1_764' title='bbox 3585 4774 3647 4871; x_wconf 56' lang='grc' dir='ltr'>καὶ</span> 
     </span>
    </p>
   </div>
   <div class='ocr_carea' id='block_1_103' title="bbox 2146 4863 3646 4960">
    <p class='ocr_par' dir='ltr' id='par_1_103' title="bbox 2146 4863 3646 4960">
     <span class='ocr_line' id='line_1_104' title="bbox 2146 4863 3646 4960; baseline -0.019 -14"><span class='ocrx_word' id='word_1_765' title='bbox 2146 4888 2621 4960; x_wconf 87' lang='grc' dir='ltr'>κατασπασαμένη</span> <span class='ocrx_word' id='word_1_766' title='bbox 2661 4886 2762 4955; x_wconf 82' lang='grc' dir='ltr'>τὴν</span> <span class='ocrx_word' id='word_1_767' title='bbox 2795 4887 2976 4954; x_wconf 83' lang='grc' dir='ltr'>σορὸν,</span> <span class='ocrx_word' id='word_1_768' title='bbox 3004 4881 3300 4934; x_wconf 75' lang='grc' dir='ltr'>ἐκέλευσεν</span> <span class='ocrx_word' id='word_1_769' title='bbox 3330 4875 3458 4941; x_wconf 78' lang='grc' dir='ltr'>αὐτῇ</span> <span class='ocrx_word' id='word_1_770' title='bbox 3481 4863 3646 4933; x_wconf 55' lang='grc' dir='ltr'>λουτρὶν</span> 
     </span>
    </p>
   </div>
   <div class='ocr_carea' id='block_1_104' title="bbox 2145 4961 3648 5054">
    <p class='ocr_par' dir='ltr' id='par_1_104' title="bbox 2145 4961 3648 5054">
     <span class='ocr_line' id='line_1_105' title="bbox 2145 4961 3648 5054; baseline -0.02 -15"><span class='ocrx_word' id='word_1_771' title='bbox 2145 4983 2421 5054; x_wconf 86' lang='grc' dir='ltr'>γενέσθαι.</span> <span class='ocrx_word' id='word_1_772' title='bbox 2457 4977 2787 5048; x_wconf 87' lang='grc' dir='ltr'>Λουσαμένη</span> <span class='ocrx_word' id='word_1_773' title='bbox 2816 4975 2872 5028; x_wconf 73' lang='grc' dir='ltr'>δὲ</span> <span class='ocrx_word' id='word_1_774' title='bbox 2902 4974 2998 5029; x_wconf 72' lang='grc' dir='ltr'>καὶ</span> <span class='ocrx_word' id='word_1_775' title='bbox 3027 4967 3441 5028; x_wconf 86' lang='grc' dir='ltr'>κατακλιθεῖσα,</span> <span class='ocrx_word' id='word_1_776' title='bbox 3485 4961 3648 5054; x_wconf 50' lang='grc' dir='ltr'>άρισξῡν</span> 
     </span>
    </p>
   </div>
   <div class='ocr_carea' id='block_1_105' title="bbox 2145 5046 3647 5149">
    <p class='ocr_par' dir='ltr' id='par_1_105' title="bbox 2145 5046 3647 5149">
     <span class='ocr_line' id='line_1_106' title="bbox 2145 5046 3647 5149; baseline -0.025 -17"><span class='ocrx_word' id='word_1_777' title='bbox 2145 5046 2348 5149; x_wconf 65' lang='grc' dir='ltr'>ήρίσεα</span> <span class='ocrx_word' id='word_1_778' title='bbox 2391 5046 2668 5143; x_wconf 65' lang='grc' dir='ltr'>λαμπρόν.</span> <span class='ocrx_word' id='word_1_779' title='bbox 2733 5068 2845 5124; x_wconf 82' lang='grc' dir='ltr'><strong>Καί</strong></span> <span class='ocrx_word' id='word_1_780' title='bbox 2874 5084 2957 5129; x_wconf 87' lang='grc' dir='ltr'><strong>τις</strong></span> <span class='ocrx_word' id='word_1_781' title='bbox 2981 5061 3116 5139; x_wconf 83' lang='grc' dir='ltr'>ἦκεν</span> <span class='ocrx_word' id='word_1_782' title='bbox 3144 5062 3242 5116; x_wconf 80' lang='grc' dir='ltr'><strong>ἀπ’</strong></span> <span class='ocrx_word' id='word_1_783' title='bbox 3279 5056 3440 5128; x_wconf 83' lang='grc' dir='ltr'>ἀγροῦ</span> <span class='ocrx_word' id='word_1_784' title='bbox 3467 5046 3647 5149; x_wconf 51' lang='grc' dir='ltr'>κομίξων</span> 
     </span>
    </p>
   </div>
   <div class='ocr_carea' id='block_1_106' title="bbox 2147 5141 3648 5240">
    <p class='ocr_par' dir='ltr' id='par_1_106' title="bbox 2147 5141 3648 5240">
     <span class='ocr_line' id='line_1_107' title="bbox 2147 5141 3648 5240; baseline -0.019 -17"><span class='ocrx_word' id='word_1_785' title='bbox 2147 5141 2368 5240; x_wconf 72' lang='grc' dir='ltr'>άγγεῖον</span> <span class='ocrx_word' id='word_1_786' title='bbox 2393 5141 2575 5219; x_wconf 80' lang='grc' dir='ltr'>σύκων</span> <span class='ocrx_word' id='word_1_787' title='bbox 2605 5163 2825 5232; x_wconf 81' lang='grc' dir='ltr'>μεστόν.</span> <span class='ocrx_word' id='word_1_788' title='bbox 2884 5159 3006 5212; x_wconf 90' lang='grc' dir='ltr'>Τῶν</span> <span class='ocrx_word' id='word_1_789' title='bbox 3052 5157 3108 5209; x_wconf 80' lang='grc' dir='ltr'>δὲ</span> <span class='ocrx_word' id='word_1_790' title='bbox 3165 5145 3491 5240; x_wconf 82' lang='grc' dir='ltr'>φυλάκωντί</span> <span class='ocrx_word' id='word_1_791' title='bbox 3536 5141 3648 5240; x_wconf 46' lang='grc' dir='ltr'>φίρὲι</span> 
     </span>
    </p>
   </div>
   <div class='ocr_carea' id='block_1_107' title="bbox 2147 5226 3647 5332">
    <p class='ocr_par' dir='ltr' id='par_1_107' title="bbox 2147 5226 3647 5332">
     <span class='ocr_line' id='line_1_108' title="bbox 2147 5226 3647 5332; baseline -0.02 -15"><span class='ocrx_word' id='word_1_792' title='bbox 2147 5226 2571 5332; x_wconf 71' lang='grc' dir='ltr'>ἀνακρινόντων,</span> <span class='ocrx_word' id='word_1_793' title='bbox 2605 5226 2852 5317; x_wconf 36' lang='grc' dir='ltr'>’ἐκεῖνος</span> <span class='ocrx_word' id='word_1_794' title='bbox 2897 5253 2967 5306; x_wconf 74' lang='grc' dir='ltr'>τὰ</span> <span class='ocrx_word' id='word_1_795' title='bbox 3023 5250 3166 5304; x_wconf 85' lang='grc' dir='ltr'><strong>σῦκα</strong></span> <span class='ocrx_word' id='word_1_796' title='bbox 3225 5239 3511 5332; x_wconf 81' lang='grc' dir='ltr'>ὑπέδειξεν’</span> <span class='ocrx_word' id='word_1_797' title='bbox 3555 5226 3647 5332; x_wconf 52' lang='lat' dir='ltr'><strong>(im</strong></span> 
     </span>
    </p>
   </div>
   <div class='ocr_carea' id='block_1_108' title="bbox 2149 5323 3652 5422">
    <p class='ocr_par' dir='ltr' id='par_1_108' title="bbox 2149 5323 3652 5422">
     <span class='ocr_line' id='line_1_109' title="bbox 2149 5323 3652 5422; baseline -0.015 -14"><span class='ocrx_word' id='word_1_798' title='bbox 2149 5323 2390 5422; x_wconf 77' lang='grc' dir='ltr'>εἰσάγειν</span> <span class='ocrx_word' id='word_1_799' title='bbox 2415 5323 2686 5404; x_wconf 76' lang='grc' dir='ltr'>ἐκέλευον.</span> <span class='ocrx_word' id='word_1_800' title='bbox 2713 5347 2866 5401; x_wconf 85' lang='grc' dir='ltr'>Μετὰ</span> <span class='ocrx_word' id='word_1_801' title='bbox 2891 5344 2948 5397; x_wconf 79' lang='grc' dir='ltr'>δὲ</span> <span class='ocrx_word' id='word_1_802' title='bbox 2977 5344 3037 5396; x_wconf 75' lang='grc' dir='ltr'><strong>τδ</strong></span> <span class='ocrx_word' id='word_1_803' title='bbox 3063 5343 3291 5411; x_wconf 82' lang='grc' dir='ltr'>ἄριστον</span> <span class='ocrx_word' id='word_1_804' title='bbox 3323 5338 3355 5404; x_wconf 83' lang='grc' dir='ltr'><strong>ή</strong></span> <span class='ocrx_word' id='word_1_805' title='bbox 3396 5323 3652 5422; x_wconf 57' lang='grc' dir='ltr'><strong>Κλεοπςὶξξί</strong></span> 
     </span>
    </p>
   </div>
   <div class='ocr_carea' id='block_1_109' title="bbox 2148 5409 3652 5510">
    <p class='ocr_par' dir='ltr' id='par_1_109' title="bbox 2148 5409 3652 5510">
     <span class='ocr_line' id='line_1_110' title="bbox 2148 5409 3652 5510; baseline -0.025 -11"><span class='ocrx_word' id='word_1_806' title='bbox 2148 5409 2328 5500; x_wconf 77' lang='grc' dir='ltr'>δέλτον</span> <span class='ocrx_word' id='word_1_807' title='bbox 2358 5435 2936 5508; x_wconf 89' lang='grc' dir='ltr'>κατασεσημασμένην</span> <span class='ocrx_word' id='word_1_808' title='bbox 2964 5431 3043 5502; x_wconf 77' lang='grc' dir='ltr'>τῷ</span> <span class='ocrx_word' id='word_1_809' title='bbox 3067 5409 3308 5497; x_wconf 81' lang='grc' dir='ltr'>Καίσαρι</span> <span class='ocrx_word' id='word_1_810' title='bbox 3337 5418 3538 5476; x_wconf 76' lang='grc' dir='ltr'>ἔστειλε.</span> <span class='ocrx_word' id='word_1_811' title='bbox 3556 5409 3652 5510; x_wconf 57' lang='lat' dir='ltr'><strong>Kai-</strong></span> 
     </span>
    </p>
   </div>
   <div class='ocr_carea' id='block_1_110' title="bbox 2152 5517 3654 5610">
    <p class='ocr_par' dir='ltr' id='par_1_110' title="bbox 2152 5517 3654 5610">
     <span class='ocr_line' id='line_1_111' title="bbox 2152 5517 3654 5610; baseline -0.018 -19"><span class='ocrx_word' id='word_1_812' title='bbox 2152 5555 2258 5610; x_wconf 91' lang='grc' dir='ltr'><strong>σαρ</strong></span> <span class='ocrx_word' id='word_1_813' title='bbox 2283 5536 2362 5602; x_wconf 79' lang='grc' dir='ltr'><strong>δὲ,</strong></span> <span class='ocrx_word' id='word_1_814' title='bbox 2395 5534 2472 5597; x_wconf 84' lang='grc' dir='ltr'>ὡς</span> <span class='ocrx_word' id='word_1_815' title='bbox 2505 5533 2729 5600; x_wconf 75' lang='grc' dir='ltr'>ἐνέτυχε</span> <span class='ocrx_word' id='word_1_816' title='bbox 2754 5529 2930 5590; x_wconf 84' lang='grc' dir='ltr'>λιταῖς</span> <span class='ocrx_word' id='word_1_817' title='bbox 2959 5523 3222 5595; x_wconf 85' lang='grc' dir='ltr'>δεομένης</span> <span class='ocrx_word' id='word_1_818' title='bbox 3255 5517 3418 5584; x_wconf 78' lang='grc' dir='ltr'>αὐτῆς</span> <span class='ocrx_word' id='word_1_819' title='bbox 3443 5518 3654 5610; x_wconf 46' lang='grc' dir='ltr'>συνταφης</span> 
     </span>
    </p>
   </div>
   <div class='ocr_carea' id='block_1_111' title="bbox 2148 5603 3651 5698">
    <p class='ocr_par' dir='ltr' id='par_1_111' title="bbox 2148 5603 3651 5698">
     <span class='ocr_line' id='line_1_112' title="bbox 2148 5603 3651 5698; baseline -0.024 -13"><span class='ocrx_word' id='word_1_820' title='bbox 2148 5603 2238 5684; x_wconf 76' lang='grc' dir='ltr'>ναί</span> <span class='ocrx_word' id='word_1_821' title='bbox 2263 5627 2342 5698; x_wconf 82' lang='grc' dir='ltr'><strong>τῷ</strong></span> <span class='ocrx_word' id='word_1_822' title='bbox 2374 5624 2667 5694; x_wconf 81' lang='grc' dir='ltr'>Ἀντωνίῳ,</span> <span class='ocrx_word' id='word_1_823' title='bbox 2697 5623 2833 5691; x_wconf 83' lang='grc' dir='ltr'>ταχὺ</span> <span class='ocrx_word' id='word_1_824' title='bbox 2863 5621 3063 5687; x_wconf 82' lang='grc' dir='ltr'>συνῆκε</span> <span class='ocrx_word' id='word_1_825' title='bbox 3091 5615 3152 5667; x_wconf 83' lang='grc' dir='ltr'><strong>τὸ</strong></span> <span class='ocrx_word' id='word_1_826' title='bbox 3187 5603 3651 5698; x_wconf 44' lang='grc' dir='ltr'>πεπραγμένον,.κλῑ</span> 
     </span>
    </p>
   </div>
   <div class='ocr_carea' id='block_1_112' title="bbox 2151 5688 3650 5789">
    <p class='ocr_par' dir='ltr' id='par_1_112' title="bbox 2151 5688 3650 5789">
     <span class='ocr_line' id='line_1_113' title="bbox 2151 5688 3650 5789; baseline -0.021 -13"><span class='ocrx_word' id='word_1_827' title='bbox 2151 5720 2289 5776; x_wconf 78' lang='grc' dir='ltr'>κατὰ</span> <span class='ocrx_word' id='word_1_828' title='bbox 2307 5688 2470 5789; x_wconf 72' lang='grc' dir='ltr'>τάχος</span> <span class='ocrx_word' id='word_1_829' title='bbox 2489 5688 2629 5780; x_wconf 41' lang='grc' dir='ltr'>τοὺς.</span> <span class='ocrx_word' id='word_1_830' title='bbox 2649 5688 3022 5784; x_wconf 60' lang='grc' dir='ltr'>σκεψομένους</span> <span class='ocrx_word' id='word_1_831' title='bbox 3041 5708 3101 5761; x_wconf 78' lang='grc' dir='ltr'><strong>τὸ</strong></span> <span class='ocrx_word' id='word_1_832' title='bbox 3120 5705 3416 5776; x_wconf 84' lang='grc' dir='ltr'>γενόμενον</span> <span class='ocrx_word' id='word_1_833' title='bbox 3445 5688 3650 5789; x_wconf 38' lang='grc' dir='ltr'>ἔπεμψέ·</span> 
     </span>
    </p>
   </div>
   <div class='ocr_carea' id='block_1_113' title="bbox 2153 5780 3652 5884">
    <p class='ocr_par' dir='ltr' id='par_1_113' title="bbox 2153 5780 3652 5884">
     <span class='ocr_line' id='line_1_114' title="bbox 2153 5780 3652 5884; baseline -0.033 -8"><span class='ocrx_word' id='word_1_834' title='bbox 2153 5813 2216 5869; x_wconf 80' lang='grc' dir='ltr'><strong>Οἳ</strong></span> <span class='ocrx_word' id='word_1_835' title='bbox 2238 5780 2425 5884; x_wconf 61' lang='grc' dir='ltr'><strong>δρὸμῷ</strong></span> <span class='ocrx_word' id='word_1_836' title='bbox 2455 5780 2861 5869; x_wconf 73' lang='grc' dir='ltr'>καταλαϐόντες</span> <span class='ocrx_word' id='word_1_837' title='bbox 2915 5797 3074 5876; x_wconf 74' lang='grc' dir='ltr'>εὗρον</span> <span class='ocrx_word' id='word_1_838' title='bbox 3099 5799 3277 5868; x_wconf 81' lang='grc' dir='ltr'>αὐτὴν</span> <span class='ocrx_word' id='word_1_839' title='bbox 3300 5787 3587 5884; x_wconf 67' lang='grc' dir='ltr'>τεθνηκυῖαν</span> <span class='ocrx_word' id='word_1_840' title='bbox 3611 5780 3652 5829; x_wconf 78' lang='grc' dir='ltr'><strong>ἐν</strong></span> 
     </span>
    </p>
   </div>
   <div class='ocr_carea' id='block_1_114' title="bbox 2151 5875 3648 5981">
    <p class='ocr_par' dir='ltr' id='par_1_114' title="bbox 2151 5875 3648 5981">
     <span class='ocr_line' id='line_1_115' title="bbox 2151 5875 3648 5981; baseline -0.035 -1"><span class='ocrx_word' id='word_1_841' title='bbox 2151 5875 2515 5981; x_wconf 37' lang='lat' dir='ltr'><strong>Rugii-“ilva</strong></span> <span class='ocrx_word' id='word_1_842' title='bbox 2547 5890 3314 5974; x_wconf 80' lang='grc' dir='ltr'>κεκοσμημένηνβασιλικῶς.</span> <span class='ocrx_word' id='word_1_843' title='bbox 3345 5885 3459 5942; x_wconf 87' lang='grc' dir='ltr'>Τῶν</span> <span class='ocrx_word' id='word_1_844' title='bbox 3478 5880 3525 5935; x_wconf 80' lang='grc' dir='ltr'>δὲ</span> <span class='ocrx_word' id='word_1_845' title='bbox 3541 5875 3648 5943; x_wconf 69' lang='grc' dir='ltr'>θεραι</span> 
     </span>
    </p>
   </div>
  </div>
