3910 6538
281 331 377 395 897

1533 330 1942 394 ANNALIUM
1981 333 2130 394 LIB.
2171 333 2244 394 X.

3437 343 3544 402 8'38

280 444 488 502 παινῶν
520 445 555 517 ἡ
591 445 691 517 μὲν
715 441 884 516 Εἰρὰς
919 442 1059 516 πρὸς
1091 445 1206 510 τοῖς
1227 445 1389 502 ποσὶν
1421 448 1794 522 ἀπέθνησκεν,
1829 451 1862 520 ἠ

1973 448 2062 504 liis
2085 447 2273 515 dictis,
2308 457 2362 503 et
2394 448 2510 519 ipsa
2535 449 2692 520 juxta
2729 450 2937 506 lectum
2969 451 3243 509 exanimis
3271 456 3539 512 concidit.

277 543 331 596 δὲ
365 539 680 609 Χαρμόνιον
730 537 834 610 ήδη
897 539 1300 612 καρηϐαροῦσα
1355 543 1450 596 καὶ
1509 544 1862 616 σφαλλομένη

278 629 613 698 κατεκόσμει
639 629 702 682 τδ
735 630 867 700 περὶ
913 631 1160 699 κεφαλὴν
1195 631 1409 703 ἐκείνης
1442 633 1704 704 διάδημα.
1768 635 1864 688 El-

284 722 472 784 πόντος
500 720 557 773 δέ
593 738 760 786 τινος,
787 721 958 776 Καλὰ
991 722 1200 788 ταῦτα,
1232 723 1568 793 Χαβομόνιον
1595 744 1615 792 ;
1646 727 1865 781 Κάλλι-

275 830 394 866 στα
438 813 558 881 μὲν
605 809 743 875 οὗν,
802 813 932 885 ἔφη,
977 815 1074 869 καί
1113 815 1423 884 πρέποντα
1447 817 1521 886 τῇ
1555 819 1865 872 τοσούτων

274 905 559 974 ἀπογόνῳ
583 903 924 969 βασιλέων.
953 907 1065 960 Καὶ
1091 907 1266 961 ταῦτα
1299 909 1530 963 εἰποῦσα
1577 910 1732 979 ποιρά
1764 909 1864 980 τὴν

277 999 469 1067 κλίνην
501 997 665 1050 ἔπεσε
695 997 790 1050 καὶ
818 999 980 1070 αὐτή.
1011 999 1244 1068 Λέγεται
1278 999 1335 1053 δὲ
1369 1002 1593 1066 ἀσπίδος
1623 1003 1863 1074 δήγματι

278 1092 461 1144 θανεῖν
502 1090 864 1162 κομισθείσης
893 1094 1033 1162 μετὰ
1057 1091 1166 1144 τῶν
1196 1091 1398 1147 σύκων.
1443 1095 1507 1148 Oi
1537 1095 1580 1150 δ’
1613 1097 1671 1148 ἐν
1704 1095 1864 1168 ὑδρίᾳ

275 1186 571 1255 τηρεῖσθαι
601 1185 700 1254 τὴν
731 1184 934 1238 ἀσπίδα
963 1185 1150 1255 φασὶν,
1179 1185 1432 1260 ἠλακάτῃ
1456 1188 1512 1241 δὲ
1556 1191 1730 1260 χρυσῇ
1763 1193 1863 1260 τῆς

281 1277 644 1344 Κλεοπάτρας
672 1277 1088 1348 ἐκκαλουμένης
1125 1279 1299 1349 αὐτὴν
1344 1281 1440 1333 καὶ
1473 1281 1862 1352 ἀγριαινούσης

275 1371 608 1440 ὁρμήσασαν
639 1370 880 1441 ἐμφῦναι
917 1371 1087 1440 αὐτῆς
1120 1371 1197 1442 τῷ
1229 1372 1498 1444 βραχίονι.
1541 1375 1776 1442 Λέγεται
1804 1375 1861 1430 δὲ

279 1464 374 1515 καὶ
402 1462 700 1534 φάρμακον
755 1464 926 1532 αὐτὴν
977 1463 1124 1533 ἔχειν
1176 1465 1236 1517 ἐν
1276 1466 1524 1535 κνήστιδι
1557 1467 1733 1538 κοίλῃ,
1769 1468 1864 1521 καὶ

278 1553 376 1622 τὴν
407 1553 672 1624 κνήστιδα
701 1553 967 1624 κρύπτειν
990 1557 1056 1625 τῇ
1089 1554 1256 1625 κόμῃ.
1295 1555 1354 1608 Ὅ
1379 1555 1435 1610 δὲ
1480 1556 1618 1608 Δίων
1640 1556 1863 1628 βελόνην

279 1644 452 1714 αὐτὴν
480 1639 624 1697 εἶναί
655 1662 845 1715 φησιν,
940 1647 1038 1710 τὰς
1067 1647 1260 1717 τρίχας
1285 1648 1521 1718 ἀνεῖρεν,
1552 1648 1616 1719 ίῷ
1639 1667 1861 1721 περικε·

279 1736 614 1806 χρισμένην,
666 1736 899 1806 δύναμιν
926 1735 1126 1807 ἔχοντι,
1157 1737 1224 1790 ἂν
1273 1737 1505 1808 αἵματος
1533 1739 1762 1811 ᾶψηται,
1787 1741 1862 1804 ὼς

1964 541 2162 596 Fertur
2205 551 2390 597 autem
2434 542 2726 612 Cleopatra
2769 557 2954 599 morsu
3008 546 3216 614 aspidis
3266 549 3544 618 serpentis

1965 633 2232 703 periisse,
2269 649 2376 688 una
2427 651 2551 689 cum
2596 635 2812 692 iicubus
2858 637 3066 692 allata:
3100 639 3194 694 alii
3247 641 3298 693 in
3349 641 3542 712 hydria

1963 733 2295 780 asservatam
2327 725 2555 781 tradunt
2590 727 2863 797 aspidem,
2894 737 2949 782 et
2978 729 3100 782 colu
3128 745 3294 784 aurea
3321 730 3545 786 lacessi-

1963 826 2073 871 tam
2108 828 2164 871 et
2220 818 2493 872 irritatam
2557 820 2679 890 ejus
2727 820 3014 875 brachium
3065 823 3347 878 mordicus
3399 827 3541 878 arri-

1963 906 2171 974 puisse.
2217 906 2431 962 Dicitur
2470 917 2528 963 et
2570 924 2844 964 venenum
2901 911 2957 964 in
2995 912 3218 968 cultello
3264 927 3401 968 cavo
3447 914 3544 968 ha-

1963 997 2173 1062 buisse,
2206 1013 2369 1068 quem
2401 1002 2602 1070 capillo
2636 1003 3018 1058 occultaverit.
3058 1005 3196 1060 Dion
3237 1015 3422 1061 autem
3454 1023 3539 1060 rc-

1961 1088 2067 1144 l‘ert
2113 1105 2272 1144 acum
2325 1107 2432 1161 qua
2479 1094 2738 1164 capillum
2795 1096 3253 1163 discriminaret,
3327 1112 3543 1153 veneno

1964 1179 2246 1236 inunctam
2275 1180 2444 1238 fuisse
2468 1201 2483 1238 :
2511 1187 2668 1254 cujus
2701 1188 2898 1240 veneni
2924 1203 2988 1242 ea
3010 1189 3096 1250 _vis
3124 1198 3294 1254 esset,
3327 1198 3386 1243 ut
3411 1205 3538 1247 cum

1962 1274 2286 1344 sanguinem
2333 1277 2640 1347 attigisset,
2693 1279 2985 1335 celerrime
3031 1291 3086 1335 et
3140 1281 3365 1336 minima
3411 1295 3538 1336 cum

1963 1364 2216 1420 molestia
2247 1366 2475 1421 exitium
2503 1369 2746 1424 aﬂ’erret.
2772 1371 3063 1442 Utcunque
3087 1372 3176 1437 sit,
3204 1373 3294 1428 illa
3318 1372 3483 1442 periit
3520 1388 3537 1426 :

1961 1457 2168 1514 veritas
2209 1459 2514 1529 ignoratur,
2561 1463 2668 1516 nisi
2703 1466 2848 1534 quod
2888 1466 2941 1519 in
2991 1467 3112 1536 ejus
3160 1465 3388 1521 brachio
3416 1466 3540 1522 dum

1964 1551 2174 1604 vibices
2204 1559 2397 1607 tenues
2429 1561 2486 1606 et
2523 1553 2772 1610 obscura:
2799 1565 3190 1626 apparuerunt,
3225 1557 3280 1612 in
3303 1573 3538 1628 corpore

1963 1641 2114 1694 nulla
2175 1642 2374 1696 veneni
2434 1642 2637 1698 indicia
2690 1656 2816 1699 sunt
2874 1646 3252 1701 animadversa
3297 1647 3538 1716 tneque

1965 1746 2195 1800 serpens
2227 1731 2342 1802 ipse
2377 1746 2630 1805 repertus
2663 1745 2771 1802 est,
2801 1737 2904 1791 nisi
2935 1738 3080 1808 quod
3111 1737 3362 1795 nonnulli
3391 1738 3542 1792 dixe-

278 1830 514 1902 τάχιστα
539 1830 636 1884 καὶ
661 1829 984 1884 ἀλυπότατα
1018 1831 1288 1903 φθείρειν.
1364 1833 1430 1886 'H
1467 1834 1565 1904 μὲν
1591 1831 1684 1888 οὖν
1707 1834 1862 1887 ἀπὼ-

1973 1831 2114 1887 runt,
2153 1837 2210 1878 se
2254 1832 2461 1880 tractus
2509 1827 2657 1883 illius
2687 1830 2955 1899 quosdam
3004 1830 3157 1901 juxta
3207 1844 3379 1894 mare,
3429 1843 3542 1897 quo

277 1919 436 1974 λετοο
503 1921 566 1974 τὸ
623 1921 669 1975 δ’
719 1921 919 1992 ἀληθὲς
974 1922 1074 1976 οὐκ
1104 1922 1378 1995 ἐγνώσθη,
1427 1925 1574 1996 ἢὸτι
1609 1929 1738 1996 περὶ
1769 1928 1862 1979 τὸν

278 2016 498 2086 ἐκείνης
527 2015 789 2087 βραχίονα
815 2016 910 2069 δύο
937 2016 1148 2086 νυγμαὶ
1174 2015 1440 2088 ὤφθησαν
1471 2018 1669 2072 λεπταί
1689 2037 1744 2072 τε
1769 2020 1864 2072 καὶ

276 2108 546 2178 ἀμυδραὶ,
577 2108 701 2161 οὐδὲ
726 2107 782 2161 δὲ
803 2108 1098 2180 φαρμάκου
1129 2127 1180 2162 τι
1206 2115 1434 2178 σημεῖον
1456 2111 1586 2180 περὶ
1615 2111 1676 2164 τὺ
1701 2112 1864 2182 σῶμα

277 2199 498 2269 ἐκείνης
558 2199 876 2270 ἐξήνθησεν,
931 2199 1056 2253 οὔτε
1095 2201 1158 2254 τὸ
1189 2200 1377 2272 θηρίον
1439 2203 1660 2275 εὑρέθη,
1709 2207 1758 2258 εἰ
1787 2207 1860 2277 μή

278 2311 435 2357 τινας
476 2295 718 2364 συρμοὺς
742 2294 908 2348 αὐτοῦ
937 2296 1089 2365 παρά
1116 2295 1418 2361 θάλασσαν,
1502 2299 1560 2350 τὸ
1589 2299 1864 2368 δωμάτιον

280 2385 514 2456 ἀφεώρα
546 2393 641 2439 καὶ
677 2386 893 2457 θυρίδες
927 2382 1098 2458 ἦσαν,
1145 2388 1272 2441 ίδεῖν
1303 2389 1564 2457 ἔφασκον.
1597 2390 1863 2445 Eine-4t

281 2477 338 2531 δέ
362 2478 423 2544 ἐξ
444 2478 670 2537 ἀσπίδος
695 2479 862 2550 αὐτὴν
887 2479 1094 2544 θανεῖν,
1125 2481 1206 2533 ὅτι
1237 2481 1411 2536 πολὶά
1445 2485 1636 2552 πρώην
1665 2484 1863 2554 συνῆγε

283 2568 566 2638 θανάσιμα
601 2570 900 2640 φάρμακα,
931 2571 1025 2622 καὶ⁵
1061 2571 1236 2624 ταῦτα
1274 2575 1388 2634 τοῖς
1440 2573 1864 2643 κατεψηφισμέ-

281 2673 398 2721 νοις
429 2657 660 2711 θανατον
691 2658 1030 2730 προθὸαλλεο
1063 2662 1158 2713 καὶ
1193 2661 1261 2713 τὰ
1299 2661 1398 2730 μέν
1430 2661 1696 2734 ὠκύμορα
1729 2681 1864 2717 κατ-

287 2747 620 2818 ελάμϐανεν,
677 2750 934 2820 ὀδυνηρὸν
978 2751 1022 2804 δ’
1089 2753 1366 2819 ἐπάγοντα
1417 2753 1671 2818 θάνατον,
1717 2757 1786 2808 τὰ
1808 2754 1866 2808 δέ

287 2843 569 2910 πραότερα
628 2841 750 2910 μὲν,
803 2843 892 2896 διὰ
938 2845 1130 2914 χρόνον
1183 2843 1239 2896 δέ
1276 2860 1339 2912 γε
1379 2847 1865 2918 κατεργαζόμεναο

288 2934 452 3003 μόνον
477 2934 522 2987 δ’
542 2934 764 3006 εὖρισκε
790 2936 846 2988 τὸ
870 2936 1056 3006 δῆγμα
1084 2937 1181 3006 τῆς
1207 2937 1431 3000 ἀσπίδος
1453 2938 1582 2992 ἀνευ
1611 2938 1865 3010 σπασμιῦ

287 3027 458 3096 κάρον
494 3027 714 3098 ὑπνώδη
741 3029 1107 3098 ἐφελκόμενον
1137 3030 1324 3101 ἱδρῶτι
1359 3030 1609 3101 μαλακῷ,
1634 3032 1730 3086 καὶ
1758 3032 1868 3084 τῶν

287 3117 664 3188 αἰσθητηρίων
693 3118 930 3189 ἀμαυρώ
945 3136 1021 3171 ςει
1057 3119 1258 3190 ῥαδίως
1291 3121 1867 3192 ἀπονεκροῦν.Ἀκούο

289 3227 388 3273 σας
411 3173 466 3262 δέ
487 3173 760 3282 ὁ..Καῖσαρ
791 3173 890 3282 την
924 3173 1181 3282 τελεύτὴν
1212 3173 1404 3282 αὐτῆς,
1436 3173 1864 3282 ἐξεπλάγηῑκαὶ
1895 3173 1939 3235 c

285 3303 566 3372 φάρμακα
590 3302 668 3371 τῷ
724 3301 937 3372 σώματι
975 3304 1069 3355 καὶ
1098 3303 1328 3373 emaci),-
1353 3306 1676 3374 ἐπήνεγκεν.
1709 3307 1773 3360 Οί
1806 3307 1864 3360 δὲ

285 3396 478 3463 ψύλλοι
519 3397 710 3467 ἄνδρες
745 3397 852 3450 sici
884 3399 1058 3468 (γυνὴ
1095 3399 1204 3469 γὰρ
1233 3401 1334 3469 τὴν
1381 3398 1610 3469 δύναμιν
1657 3401 1865 3469 ταύτην

287 3489 438 3559 ἔχειν
461 3489 523 3542 οὑ
554 3491 850 3560 πέφυκεν),
910 3491 1242 3546 δύνανταιδέ
1301 3490 1483 3546 πάντα
1537 3493 1617 3546 ἰὸν
1664 3495 1866 3557 παντὸς

290 3581 552 3653 ἑρπετοῦ,
587 3584 715 3652 πρὶν
741 3583 921 3636 θανεῖν
945 3582 1036 3636 τὸν
1065 3583 1394 3653 δεδηγμένον
1430 3583 1462 3653 ἢ
1498 3576 1866 3656 τετρωμένον,

291 3675 569 3746 ἐκμυζᾷν,
596 3677 689 3728 καὶ
720 3675 877 3728 αὐτοί
911 3691 972 3728 τε
1007 3674 1082 3746 μὴ
1115 3674 1474 3746 βλάπτεσθαι,
1503 3678 1598 3729 καὶ
1651 3677 1742 3729 τὸν
1765 3692 1867 3728 πε-

292 3768 694 3838 φαρμαγμένον
741 3767 1092 3837 θεραπεύειν.
1127 3767 1356 3822 Φύονται
1385 3768 1444 3822 δὲ
1493 3767 1554 3832 ἐξ
1595 3766 1865 3839 ἀλλήλων,

291 3860 393 3912 καὶ
430 3858 782 3930 δοκιμάζουσι
817 3860 885 3913 τὰ
914 3858 1272 3930 γεννηθέντα,
1307 3860 1338 3932 ἢ
1375 3859 1516 3930 μετά
1551 3859 1730 3930 ὄφεων
1769 3863 1871 3930 ἐμ-

292 3952 589 4023 ϐληθέντα,
626 3952 664 4022 ἢ
690 3953 786 4005 καὶ
835 3950 946 4004 τῶν
973 3951 1310 4022 σπαργάνων
1337 3952 1518 4005 αὐτῶν
1547 3950 1870 4022 ἐπιϐληθέν-

292 4065 406 4101 των
445 4045 672 4105 ίοθόλοις
701 4047 874 4100 τισίν⁹
906 4043 1030 4098 οὔτε
1064 4047 1173 4118 γὰρ
1209 4044 1289 4114 τῷ
1317 4044 1467 4098 παιδὶ
1491 4043 1869 4114 λυμαίνονται,

292 4141 394 4194 καὶ
446 4139 551 4192 ὑπὸ
596 4139 695 4209 τῆς
747 4137 972 4209 ἐσθῆτος
1002 4138 1168 4192 αὑτοῦ
1231 4137 1526 4207 ναρκῶσιν.
1559 4136 1620 4190 '0
1653 4136 1751 4207 μὲν
1777 4132 1872 4190 οὖν

294 4234 520 4302 Καῖσαρ
550 4229 650 4297 ἐπὶΔ
669 4233 736 4302 τῇ
762 4229 862 4300 τῆς
897 4229 1155 4299 γυναικὸς
1183 4229 1412 4301 τελευτῇ
1476 4227 1743 4301 ἠχθέσθη,
1776 4228 1875 4282 καὶ

296 4325 404 4396 τὴν
433 4321 650 4392 ἐκείνης
671 4321 954 4388 εὐγένειαν
978 4316 1282 4389 ἐθαύμαζε,
1307 4319 1402 4372 καί⁵
1426 4318 1767 4388 συνταφῆναι
1795 4315 1874 4385 τῷ

311 4413 590 4485 Ἀντωνίῳ
615 4411 875 4465 ἐκέλευσε
904 4411 1215 4474 πολυτελῶς
1238 4410 1334 4464 καὶ
1357 4409 1673 4481 βασιλικῶς.
1704 4410 1878 4464 Ἐντί-

1965 1919 2231 1973 conclave
2299 1919 2655 1987 aspectabat,
2714 1930 2770 1974 et
2825 1920 3084 1977 fenestra:
3140 1928 3338 1986 erant,
3403 1936 3540 1977 con-

1964 2014 2230 2082 spexisse.
2268 2012 2539 2068 Caeterum
2584 2015 2904 2083 conjectura
2955 2015 3078 2081 fuit,
3135 2033 3256 2074 eam
3329 2022 3540 2092 aspidis

1966 2120 2153 2159 morsu
2185 2106 2439 2176 periisse,
2465 2105 2610 2174 quod
2642 2107 2812 2160 multa
2836 2108 3062 2164 lethalia
3086 2127 3295 2166 venena
3321 2115 3537 2182 pridem

1965 2197 2308 2267 collegerat,
2364 2213 2540 2267 eaque
2589 2197 2862 2253 damnatis
2908 2201 3105 2270 capitis
3158 2207 3538 2274 proponebat,

1965 2303 2202 2358 quorum
2230 2289 2337 2343 alia
2375 2297 2606 2342 mortem
2638 2291 2875 2344 celerem
2905 2306 3030 2345 cum
3062 2307 3262 2363 magno
3288 2297 3538 2350 cruciatu

1969 2379 2270 2446 afferrent,
2329 2380 2436 2435 alia
2488 2381 2705 2436 mitiora
2746 2384 3066 2442 tardiorem.
3123 2385 3308 2440 Solum
3357 2398 3541 2443 autem

1967 2487 2212 2527 morsum
2243 2471 2450 2541 aspidis
2476 2472 2819 2539 observarat,
2847 2484 3138 2530 veternum
3169 2477 3538 2546 soporiferum

1969 2580 2094 2619 cum
2131 2564 2278 2618 molli
2312 2563 2514 2620 sudore
2543 2566 2684 2620 citra
2720 2567 3140 2623 convulsiouem
3175 2569 3458 2634 inducere,
3484 2582 3540 2626 et

1970 2655 2228 2710 sensibus
2263 2654 2537 2710 hebetatis
2568 2655 2766 2711 leviter
2793 2657 3164 2726 exstinguere.
3201 2659 3383 2714 Cir-sar
3421 2662 3543 2731 ejus

1971 2745 2199 2800 interitu
2232 2746 2424 2800 audito
2457 2747 2763 2816 obstupuit,
2797 2758 2852 2804 et
2893 2749 3148 2804 cadaveri
3201 2751 3444 2806 remedia
3487 2761 3544 2808 et

1969 2837 2174 2906 psyllos
2205 2837 2476 2892 adhibuit.
2507 2837 2669 2908 Psylli
2698 2848 2881 2893 autem
2909 2840 3014 2893 viri
3038 2848 3169 2895 sunt
3196 2842 3366 2912 (nulla
3390 2845 3538 2898 enim

1971 2927 2171 2982 mulier
2201 2943 2268 2982 ea
2312 2927 2366 2981 vi
2411 2928 2638 2997 prmdita
2691 2929 2796 2997 est)
2842 2931 2937 3000 qui
2985 2931 3221 3001 quodvis
3267 2949 3542 2988 venenum

1969 3019 2216 3089 cnjusvis
2265 3021 2564 3090 serpentis,
2599 3021 2920 3091 priusquam
2971 3024 3018 3077 is
3063 3024 3155 3094 qui
3200 3040 3416 3080 morsus
3447 3037 3542 3081 aut

1975 3114 2293 3167 vulneratus
2325 3123 2430 3180 est,
2463 3114 2748 3178 moriatur,
2784 3116 3119 3186 exsugendo,
3165 3133 3265 3173 nec
3309 3120 3407 3189 ipsi
3443 3121 3538 3174 la:-

1972 3204 2202 3270 duntur,
2239 3214 2295 3260 et
2317 3207 2549 3261 venenis
2579 3206 2782 3262 infecto
2817 3209 3050 3262 salutem
3098 3209 3361 3264 aderunt.
3408 3213 3545 3267 Pro-

1972 3307 2242 3367 pagantur
2288 3298 2378 3352 alii
2421 3313 2489 3352 ex
2524 3299 2665 3362 aliis,
2710 3309 2768 3352 et
2813 3301 2978 3355 fmtus
3011 3302 3317 3370 explorant,
3358 3305 3444 3358 vel
3487 3306 3540 3358 in

1972 3397 2260 3458 serpentes
2291 3391 2594 3460 conjectos,
2628 3392 2710 3446 vel
2748 3408 2941 3446 eorum
2969 3393 3153 3449 fasciis
3192 3396 3545 3465 serpentibus

1974 3482 2194 3550 injectis
2228 3500 2242 3537 :
2280 3485 2374 3552 qui
2403 3500 2507 3540 nec
2541 3501 2772 3554 puerum
2806 3485 3030 3550 lmdunt,
3075 3495 3132 3542 et
3179 3488 3426 3544 vestibus
3476 3490 3544 3545 il-

1971 3572 2081 3627 lius
2113 3575 2244 3630 tecti
2277 3584 2620 3646 torpescunt.
2652 3577 2838 3634 Caesar
2862 3579 3030 3650 igitur
3059 3580 3363 3651 Cleopatrae
3384 3583 3543 3637 obitu

1973 3665 2170 3732 doluit,
2202 3683 2526 3739 generosam
2552 3671 2672 3742 ejus
2694 3671 2936 3727 indolem
2962 3673 3287 3742 admiratus,
3313 3690 3545 3747 eamque

1974 3759 2265 3830 magniﬁce
2291 3762 2660 3832 regaliterque
2685 3779 2808 3820 cum
2833 3765 3073 3821 Antonio
3102 3769 3325 3836 sepeliri
3356 3769 3544 3839 jussit.

1975 3853 2115 3910 Sunt
2137 3862 2194 3912 et
2218 3856 2432 3926 ancillae
2455 3857 2611 3926 jussu
2640 3856 2787 3911 illius
2814 3857 3174 3913 honoriﬁcam
3204 3861 3546 3929 sepulturam

1975 3954 2260 4002 assecutae.
2306 3947 2458 4001 Obiit
2486 3945 2776 4017 Cieopatra
2817 3963 2992 4004 annos
3021 3951 3164 4005 unde
3213 3967 3279 4005 ιι.
3323 3963 3471 4020 nata,
3512 3967 3546 4008 e

1976 4037 2180 4108 quibus
2205 4053 2244 4092 ιι
2271 4047 2324 4093 et
2352 4055 2421 4093 xx
2473 4039 2746 4110 regnavit,
2781 4041 3020 4110 amplius
3047 4058 3133 4096 xtv
3157 4057 3282 4096 cum
3306 4043 3549 4099 Antonio

1976 4130 2292 4202 imperavit.
2315 4133 2619 4188 Antonium
2645 4149 2778 4190 vero
2801 4133 2893 4189 alii
2919 4149 3002 4200 ιιι,
3027 4135 3119 4189 alii
3147 4151 3196 4190 vt
3213 4145 3272 4190 et
3293 4151 3324 4190 ι.
3345 4136 3548 4193 vixisse

1979 4237 2155 4278 annos
2185 4223 2428 4280 tradunt.
2459 4224 2616 4296 531
2649 4225 2780 4297 Ejus
2801 4241 2868 4280 ex
2896 4226 3084 4281 Fulvia
3128 4226 3300 4282 lilium
3351 4229 3548 4301 Antyl-

1979 4313 2117 4380 lum,
2141 4324 2199 4370 et
2235 4314 2542 4385 Cleopatrae
2593 4316 2764 4371 illium
2799 4315 3192 4381 Caesarionem,
3240 4316 3424 4372 Caesar
3467 4317 3552 4374 iu—

1981 4405 2217 4462 terl‘ecit.
2252 4406 2543 4479 Cleopatra
2573 4418 2742 4480 atque
2772 4409 3012 4464 Antonio
3043 4411 3110 4466 ad
3142 4411 3290 4465 hunc
3326 4411 3551 4465 modum

301 4518 408 4573 μου
453 4501 510 4554 δὲ
559 4501 654 4553 καὶ
703 4501 758 4554 αἱ
812 4499 1144 4569 θεράπαιναι
1195 4499 1372 4569 ταφῆς
1427 4499 1641 4569 ἐτυχον,
1666 4501 1871 4554 ἐκείνου

1983 4497 2235 4563 sublatis,
2269 4499 2563 4556 Alexandri
2613 4503 2756 4572 regis
2785 4516 2985 4571 corpus
3027 4501 3163 4555 vidit
3205 4510 3260 4556 et
3291 4510 3552 4555 attrecta-

299 4594 734 4664 προστάξαντος.
757 4589 1118 4662 Ἐτελεύτησε
1167 4590 1224 4644 δὲ
1259 4589 1588 4662 Κλεοπάτρα
1637 4593 1736 4661 μὲν
1757 4608 1880 4645 τεσ-

305 4684 754 4756 σαρακοντοῦτις,
785 4684 903 4747 ἐνὸς
933 4683 1169 4749 δέοντος,
1198 4681 1404 4736 τούτων
1455 4681 1552 4736 δύο
1581 4682 1678 4736 καὶ
1707 4683 1883 4738 εῐκοσι

307 4777 704 4850 βασιλεύσασα,
729 4775 902 4829 πλείω
928 4775 987 4828 δέ
1015 4775 1124 4828 τῶν
1155 4774 1579 4845 δεκατεσσάρων
1612 4762 1884 4846 Ἀντωνίῳ

309 4871 644 4940 συνάρξασα.
705 4865 994 4924 Ἀντώνιον
1049 4865 1108 4919 δέ
1156 4865 1206 4918 οἱ
1239 4866 1340 4935 μὲν
1389 4864 1469 4933 ἐξ,
1521 4867 1570 4919 oi
1619 4866 1676 4919 δέ
1705 4869 1886 4936 τρισὶν

309 4962 644 5030 ὑπερϐαλεῖν
666 4975 801 5029 φασι
835 4961 904 5013 τὰ
935 4960 1297 5029 πεντήκοντα.
1331 4957 1435 5010 Τὸν
1465 4957 1522 5010 δέ
1549 4957 1643 5011 τοῦ
1683 4957 1887 5011 Ἀντω·

309 5059 427 5112 νίου
456 5059 572 5110 υίὸν
598 5056 858 5109 ’Δντυλον
882 5054 973 5108 τὸν
1001 5057 1065 5106 ἐκ
1090 5054 1189 5123 τῆς
1215 5052 1504 5119 Φουλϐίας,
1535 5053 1630 5106 καὶ
1671 5053 1762 5108 τὸν
1786 5053 1889 5123 τῆς

313 5151 680 5221 Κλεοπάτρας
713 5149 803 5202 τὸν
827 5147 1180 5218 Καισαρίωνα
1219 5147 1248 5200 ό
1287 5148 1506 5218 Καῖσαρ
1545 5148 1886 5202 ἀπέκτεινεν.

310 5248 599 5308 Ἀντώνιος
628 5244 726 5314 μὲν
747 5237 840 5296 οὖν
863 5241 959 5296 καὶ
984 5241 1317 5312 Κλεοπάτρα
1346 5240 1524 5305 οὕτως
1546 5240 1886 5312 ἀπήλλαξαν.

315 5342 538 5409 Καῖσαρ
569 5337 630 5390 δέ
657 5336 748 5390 τὸν
774 5335 868 5387 τοῦ
899 5333 1251 5405 Ἀλεξάνδρου
1285 5333 1378 5387 τοῦ
1408 5332 1674 5404 βασιλέως
1699 5333 1892 5403 νεκρὸν

317 5431 425 5489 εἶδε
473 5433 568 5485 καὶ
615 5426 937 5501 προσήψατο
965 5427 1154 5480 αὐτοῦ.
1191 5426 1272 5478 Τὰ
1319 5425 1375 5478 δὲ
1405 5425 1512 5477 τῶν
1539 5425 1891 5494 Πτολεμαίων

321 5527 576 5596 σώματα,
625 5523 803 5576 καίτοι
855 5521 962 5574 τῶν
1001 5517 1399 5588 Ἀλεξανδρέων
1465 5515 1640 5582 δεῖξαί
1701 5517 1750 5570 οἱ
1797 5517 1892 5571 καὶ

320 5622 495 5675 ταῦτα
525 5615 920 5688 βουληθέντων,
955 5613 1081 5666 ίδεῖν
1102 5613 1203 5664 οὐκ
1234 5609 1524 5679 ἠθέλησεν,
1585 5611 1756 5664 είπων
1809 5611 1893 5664 ὃτι

320 5710 609 5776 Βασιλέα,
637 5705 774 5762 ἀλλ’
797 5707 868 5759 οὐ
899 5701 1153 5770 νεκροὺς
1175 5699 1324 5754 ἰδεῖν
1349 5699 1718 5768 ἐπεθύμησα.
1759 5700 1894 5754 Οὐδὲ

320 5803 399 5874 τῷ
427 5801 609 5856 Ἀπιδι
639 5801 883 5870 ἐντυχεῖν
912 5797 1162 5868 ἐπείσθη,
1203 5795 1378 5865 λέγων
1424 5796 1504 5850 ὅτι
1534 5795 1724 5864 Θεοὺς,
1780 5795 1895 5850 ἀλλ’

1984 4589 2083 4642 vit.
2131 4589 2555 4645 Ptolemaeorum
2612 4593 2778 4644 etiam
2821 4590 3208 4645 Alexandrinis
3257 4591 3553 4644 ostendere

1983 4679 2316 4747 volentibus,
2345 4683 2620 4737 recusavit
2647 4699 2660 4736 :
2686 4680 2753 4736 Se
2780 4684 2921 4736 enim
2974 4697 3146 4752 regem
3199 4681 3372 4735 videre
3409 4681 3556 4749 cupi-

1985 4771 2141 4836 uisae,
2170 4788 2275 4825 non
2325 4773 2603 4827 cadauera.
2639 4773 2828 4842 Neque
2872 4774 3100 4842 Apidcm
3134 4771 3284 4826 adire
3337 4773 3551 4826 voluit:

1986 4861 2133 4932 quod
2168 4863 2322 4929 deos,
2366 4880 2477 4918 non
2521 4863 2688 4920 boves
2724 4865 2956 4920 adorare
2981 4862 3551 4935 consuevissetJEgy-

1985 4963 2141 5025 ptum
2179 4956 2523 5011 tributariam
2545 4955 2692 5022 fecit,
2723 4965 2780 5012 et
2804 4955 3090 5026 pecuniam
3119 4971 3358 5019 omnem,
3393 4971 3545 5024 quant

1988 5047 2065 5102 ibi
2117 5047 2407 5103 maximam
2464 5049 2692 5118 reperit,
2744 5063 2932 5103 secum
2993 5048 3194 5103 avexit.
3257 5048 3444 5102 Rebus
3501 5047 3555 5100 in

1986 5137 2218 5210 Egypto
2265 5155 2366 5194 suo
2413 5139 2686 5194 arbitratu
2747 5124 3034 5205 ordinatis,
3086 5154 3187 5208 per
3241 5139 3451 5210 Syriam
3500 5138 3555 5192 in

1989 5232 2172 5287 Asiam
2222 5231 2380 5296 abiit,
2427 5232 2612 5302 ibique
2658 5231 2996 5287 hibernavit.
3043 5231 3277 5287 Romani
3325 5244 3454 5285 vero
3501 5237 3558 5284 et

1994 5332 2131 5390 tum,
2163 5334 2220 5380 et
2263 5324 2418 5396 prius
2461 5325 2652 5390 etiam,
2692 5324 2970 5380 Actiacam
3015 5324 3301 5380 victoriam
3357 5321 3558 5390 adepto

1992 5417 2260 5486 plurimos
2314 5416 2551 5472 honores
2589 5416 2974 5472 decreverunt.
3035 5415 3150 5470 Sub
3207 5420 3447 5468 aestatem
3500 5412 3556 5467 in

1992 5505 2254 5562 Graeciam
2285 5517 2342 5562 et
2370 5507 2580 5562 Italiam
2619 5509 2851 5580 trajecit.
2899 5507 2977 5561 Eo
3017 5506 3242 5559 Romam
3284 5503 3556 5572 ingresso,

1993 5600 2231 5669 populus
2265 5601 2628 5665 sacriﬁcavit,
2662 5610 2718 5654 et
2745 5599 2935 5654 consul
2965 5597 3161 5651 bovem
3202 5593 3509 5649 immolavit
3539 5609 3554 5648 :

1994 5690 2142 5762 quod
2187 5691 2323 5745 nulli
2371 5693 2522 5760 prius
2569 5693 2864 5746 acciderat.
2907 5687 3270 5756 Triumphum
3321 5701 3418 5753 per
3463 5686 3562 5740 tri-

1996 5786 2166 5841 duum
2208 5786 2339 5856 egit,
2386 5801 2599 5856 pompa:
2633 5800 2824 5841 omnes
2855 5784 3096 5838 illustres
3131 5781 3356 5835 fuerunt
3388 5798 3400 5834 :
3437 5788 3560 5833 tan-
