3910 6586
233 348 320 416 901
528 406 539 411 ,
1435 341 1837 406 ANNALIUM
1873 338 2020 400 LIB.
2062 339 2137 402 Χ.
3344 348 3450 410 902

232 462 359 532 αὐτῷ
397 462 493 532 τὴν
532 456 824 514 Ὀκταϐίαν
859 456 1154 529 συνῴκισε.
1191 456 1303 512 Kal
1332 457 1430 527 τῆς
1469 456 1766 526 γερουσίας

1871 460 2015 518 rant,
2067 465 2181 506 uno
2228 449 2454 506 decreto
2506 450 2747 508 abolevit
2799 456 3003 511 omnia.
3043 457 3190 524 Quas
3236 460 3309 518 ob
3359 478 3448 519 res

230 556 493 625 πρόκριτος
539 550 813 621 ἐπεκλήθη
866 550 894 601 ὑ
934 550 1173 621 Καῖσαρ,
1206 548 1281 613 ὡς
1329 550 1384 602 ὲν
1434 552 1500 622 τῇ
1550 549 1769 620 ἁκριῦεἰ

1874 558 2000 598 cum
2034 544 2295 600 laudibus
2330 548 2381 598 in
2416 546 2616 601 coelum
2647 548 2963 614 ell'erretur,
3008 554 3234 625 majoris
3281 558 3446 612 etiam

227 645 543 719 δημοκρατίᾳ
585 644 910 712 νενόμιστο,
947 642 1083 697 ἄλλα
1138 661 1199 696 τε
1244 642 1415 696 πολλὰ
1472 643 1769 713 πεποίηκεν

1872 634 2102 690 honoris
2128 636 2408 692 desiderio
2442 638 2735 708 imperiunm
2771 657 2802 695 a
2836 642 3149 700 volentibus
3195 649 3445 718 accipere

227 741 294 803 εις
318 737 471 806 τιμὴν
509 736 609 804 τῆς
653 735 872 806 Ῥώμης
906 736 1000 788 καὶ
1041 735 1151 788 τῶν
1198 735 1452 799 πολιτῶν,
1489 735 1583 787 καὶ
1631 734 1769 804 χρή-

1875 729 2227 795 desideravit,
2264 748 2329 788 ac
2354 734 2633 791 ueinvitis
2679 736 2950 807 imperare
2977 741 3280 809 videretur,
3313 745 3417 799 sub

230 847 353 899 ματα
411 827 621 890 πολλοῖς
686 827 800 879 τῶν
858 826 1091 880 πολιτῶν
1142 826 1434 898 ἐχαρίσατο
1500 822 1769 896 λαμπρῶς

1871 823 2081 878 ornatis
2139 823 2348 879 intimis
2399 826 2536 886 suis.
2595 828 2891 897 septimum
2939 833 3132 887 consul
3183 834 3242 888 in
3289 836 3442 891 curia

229 920 586 991 πενητεύσασι,
618 920 687 973 τά
730 936 789 972 τε
844 919 1050 972 παλαιὰ
1103 919 1410 987 συμῦὁλαια
1440 917 1548 972 τῶν
1578 920 1655 981 είς
1709 918 1769 970 τὸ

1871 913 2203 983 deprecatus
2231 926 2312 972 est
2346 917 2640 988 imperium
2672 940 2683 973 :
2726 930 2782 976 et
2812 938 3026 978 summa
3055 940 3241 979 rerum
3293 930 3438 998 opti~

226 1013 379 1069 κοινὸν
410 1012 736 1081 ὀφειλόντων
773 1010 1082 1065 κατέκαυσε
1109 1028 1124 1043 ⁸
1157 1013 1253 1065 καὶ
1284 1012 1381 1064 ὅσα
1408 1010 1502 1064 ἐπὶ
1529 1009 1766 1063 Λεπίδου

1871 1006 2510 1076 matibusdemaudata,
2540 1027 2636 1066 eos
2681 1015 2919 1084 rogavit,
2968 1025 3028 1069 ut
3071 1032 3229 1088 aequo
3258 1019 3442 1073 animo

226 1107 302 1159 καὶ
342 1103 622 1158 Ἀντωνίου
677 1103 877 1167 ἀδίκως
910 1103 1184 1172 ἐγένοντο,
1218 1101 1288 1156 δι’
1328 1102 1447 1165 ἐνὸς
1478 1100 1769 1173 προγράμ-

1871 1110 1931 1151 se
1959 1096 2228 1166 privatam
2266 1101 2432 1155 vitam
2464 1118 2632 1172 agerc
2660 1117 3007 1174 paterentur.
3060 1110 3129 1164 At
3163 1121 3443 1167 senatores

225 1212 371 1268 ματος
419 1196 712 1249 κατέλυσεν
758 1194 995 1250 ἅπαντα.
1031 1196 1143 1249 Kal
1184 1197 1277 1249 ἐπὶ
1317 1197 1526 1259 τούτοις
1566 1195 1769 1266 ὑμνού-

1871 1189 1992 1258 ejus
2025 1192 2357 1247 sententiam
2387 1196 2585 1263 partim
2628 1198 2889 1265 scientes,
2925 1203 3124 1269 partim
3156 1207 3445 1276 suspican-

224 1303 384 1358 μενος,
418 1285 507 1340 ἵνα
544 1287 749 1357 μᾶλλον
785 1287 1070 1357 τιμηθείη,
1114 1287 1207 1340 καὶ
1244 1285 1377 1358 παρ’
1406 1287 1643 1341 ἑκόντων
1671 1286 1769 1356 τὴν

1874 1289 1976 1345 les,
2003 1281 2095 1335 alii
2131 1298 2362 1354 arguere
2392 1286 2675 1352 nolebant,
2718 1290 2811 1345 alii
2845 1291 3131 1348 timebant.
3167 1295 3303 1351 Cum
3341 1299 3439 1370 igi-

222 1380 497 1450 μοναρχίαν
569 1380 756 1434 λασεῖν
833 1379 1206 1452 ἐπεθύμησεν.
1275 1380 1365 1444 Ὠς
1439 1379 1514 1452 μὴ
1582 1378 1769 1452 δοκοίη

1871 1380 1959 1426 tur
1992 1374 2041 1426 ei
2072 1374 2301 1430 credere
2331 1377 2420 1431 alii
2448 1379 2736 1448 (ingerent,
2768 1383 2860 1437 alii
2893 1400 3119 1442 necesse
3152 1388 3441 1458 haberent,

220 1472 434 1524 ἀκόντων
463 1470 679 1542 ἄρχειν,
699 1471 796 1526 καὶ
824 1475 950 1536 τοὺς
975 1473 1125 1544 αὑτῷ
1159 1472 1395 1543 μάλιστα
1420 1473 1766 1542 ἐπιτηδείους

1871 1462 2163 1534 imperium
2214 1470 2454 1524 retinere
2508 1483 2734 1527 coactus
2784 1483 2868 1529 est
2916 1479 3147 1535 scilicet.
3196 1482 3315 1550 Quo
3376 1491 3442 1539 ad

221 1565 650 1634 παρασκευάσας,
685 1566 766 1626 είς
795 1564 893 1634 τὴν
931 1565 1225 1633 γερουσίαν
1263 1565 1512 1634 εἰσῆλθεν
1538 1564 1769 1634 ἕϐδομον

1871 1556 2019 1613 hunc
2051 1559 2272 1613 modum
2307 1577 2337 1615 a
2373 1575 2568 1617 senatu
2598 1566 2911 1637 populoque
2952 1569 3189 1633 ﬁrmato,
3226 1588 3442 1631 omnem

219 1656 504 1722 ὑπατεύων,
536 1657 634 1708 καὶ
664 1658 1079 1727 παραιτεῖσθαι,
1123 1656 1298 1724 λέγων
1329 1657 1427 1725 τὴν
1465 1658 1767 1727 μοναρχίαν

1872 1649 2190 1716 rcipublica:
2229 1667 2418 1707 curam
2459 1654 2513 1709 in
2553 1671 2610 1711 se
2644 1660 2907 1729 suscepit.
2941 1661 3260 1719 Prurincias
3296 1666 3448 1720 infir-

217 1746 296 1797 καὶ
325 1748 493 1798 πάντα
527 1744 634 1796 ὑπὸ
676 1749 790 1807 τοῖς
821 1743 1070 1816 ἀρίστοις
1113 1749 1308 1811 ποιεῖν,
1341 1745 1517 1800 ἐδέετο
1560 1748 1767 1799 τούτων

1873 1741 2096 1806 miores,
2128 1753 2189 1796 ut
2221 1755 2446 1813 pacatas
2479 1755 2536 1800 et
2588 1748 2862 1815 imbelles,
2898 1754 3153 1821 attribuit
3186 1759 3399 1813 senatui
3431 1779 3444 1813 :

214 1837 443 1903 δέξασθαι
469 1839 638 1891 αὑτοῦ
671 1841 780 1913 ,τὴν
814 1841 914 1910 τῆς
958 1839 1261 1910 μοναρχίας
1300 1840 1583 1894 ἀπόθεσιν.
1616 1841 1680 1893 Οἱ
1709 1841 1764 1894 δὲ

1873 1832 2172 1899 ﬁrmiores,
2208 1844 2268 1889 ut
2294 1838 2635 1906 periculosas
2664 1850 2718 1895 ct
2754 1858 2949 1912 parum
2980 1854 3146 1913 tutas,
3199 1847 3315 1916 ipse
3355 1865 3445 1903 re.

214 1931 298 2000 τῆς
326 1930 543 2001 βουλῆς,
582 1932 631 1983 οἱ
663 1931 763 2000 μὲν
798 1930 1000 1994 εἰδότες
1029 1931 1129 2003 τὴν
1157 1929 1387 2003 γνώμην
1417 1930 1608 1996 αὑτοῦ,
1641 1932 1691 1984 οί
1720 1932 1767 1985 δ’

1874 1922 2055 1978 tinuit.
2096 1924 2149 1979 Id
2180 1942 2247 1980 eo
2280 1929 2616 1997 pertinebat,
2653 1931 2810 2003 533
2844 1942 2903 1988 ut
2930 1946 3157 1992 senatus
3191 1940 3421 2008 pulcher

214 2022 618 2089 ὑποπτεύοντες,
652 2024 699 2077 οἱ
733 2024 833 2093 μὲν
860 2021 1078 2093 ἐλέγξαι
1120 2024 1285 2077 atith
1329 2024 1431 2077 οὐκ
1459 2023 1768 2091 ἐϐούλοντο,

214 2115 253 2166 oi
284 2113 325 2167 δ’
353 2114 718 2171 ἐδεδοίκεσαν.
752 2114 915 2168 Ὅθεν
963 2115 1057 2169 καὶ
1108 2115 1383 2170 πιστεύειν
1411 2115 1562 2187 αὑτῷ
1592 2118 1640 2169 oi
1667 2116 1770 2187 μὲν

214 2208 540 2273 ἐπλάττοντο,
575 2210 625 2261 οί
665 2206 722 2260 δὲ
773 2208 1167 2279 ⁴ὴναγκύιζοντο,
1205 2208 1300 2262 καὶ
1351 2208 1577 2262 ἐόίασαν
1609 2208 1770 2279 δῆθεν

214 2299 353 2352 αὑτὸν
401 2300 722 2371 αὑταρχείν.
758 2303 867 2354 Καὶ
917 2303 1018 2370 τὴν
1077 2301 1178 2370 μὲν
1238 2302 1540 2371 ἡγεμονίαν
1593 2300 1771 2365 οὕτως

216 2390 344 2461 παρά
376 2407 433 2444 τε
462 2390 567 2461 τῆς
602 2391 893 2462 γερουσίας
929 2392 1021 2444 καὶ
1046 2391 1141 2444 τοῦ
1169 2389 1344 2461 δήμου
1368 2391 1766 2456 ἐϐεϐαιώσατο,

215 2482 293 2534 καὶ
325 2482 418 2550 τὴν
477 2482 744 2553 φροντίδα
804 2483 985 2535 πᾶσαν
1042 2481 1151 2533 τῶν
1202 2480 1397 2533 κοινῶν
1448 2481 1765 2547 ὑπεδέξατο.

215 2572 316 2627 Τῶν
345 2573 388 2627 δ’
412 2574 590 2628 ἐθνῶν
632 2576 701 2627 τὰ
741 2575 842 2645 μὲν
878 2575 1247 2644 ἀσθενέστερα
1287 2574 1363 2637 ὡς
1400 2576 1658 2646 εἰρηναῖα
1704 2592 1764 2628 τε

213 2665 291 2719 καὶ
331 2666 585 2735 ἀπόλεμα
642 2667 976 2735 προσένειμε
1011 2667 1078 2736 τῇ
1121 2664 1285 2735 βουλῇ
1309 2679 1324 2695 ’
1357 2662 1427 2718 τὰ
1465 2664 1512 2718 δ’
1554 2664 1773 2736 ἰσχυρό-

212 2773 326 2827 τερα
377 2756 450 2821 ὡς
481 2756 807 2810 ἐπικίνδυνα
862 2755 1006 2828 τάχα
1064 2755 1158 2808 καὶ
1216 2753 1464 2824 σφαλερὰ
1494 2755 1768 2825 κατέσχεν

216 2848 379 2910 αύτδς,
413 2848 644 2917 δοκήσει
697 2848 796 2918 μὲν
831 2847 981 2910 ὅπως
1022 2848 1055 2918 η
1102 2846 1367 2918 γερουσία
1399 2847 1468 2900 τὰ
1503 2847 1768 2900 κάλλιστα

216 2935 298 3004 τῆς
323 2937 495 3008 ἀρχῆς
531 2936 816 3006 καρπῷτο,
866 2934 1014 3005 αὑτῷ
1058 2934 1103 2987 δ’
1147 2935 1198 2987 οἱ
1253 2936 1401 2988 πόνοι
1442 2935 1768 3000 ἐπίκεινται,

213 3031 267 3099 τῇ
312 3028 355 3081 δ’
410 3028 672 3100 ἀληθείᾳ,
722 3028 810 3081 ἵνα
864 3029 1070 3083 ἐκεῖνοι
1124 3027 1224 3100 μὲν
1281 3029 1378 3082 καὶ
1432 3026 1626 3081 ἄοπλοι
1677 3028 1770 3082 καὶ

214 3123 389 3192 ἄμαχοι
416 3115 579 3186 ὦσιν,
597 3121 761 3186 αὐτὸς
787 3122 844 3174 δὲ
873 3124 966 3175 καὶ
993 3121 1133 3175 ὅπλα
1155 3120 1257 3193 ἔχῃ
1289 3123 1385 3175 καὶ
1422 3121 1768 3191 στρατιώτας

214 3214 382 3285 τρέφῃ.
409 3215 535 3267 Ἵνα
558 3215 615 3267 δὲ
651 3216 726 3287 μή
763 3232 817 3268 τι
853 3214 1184 3284 μοναρχικὸν
1229 3212 1412 3284 δοκοίη
1442 3215 1681 3284 φρονεῖν,
1712 3216 1769 3277 ἐς

216 3306 331 3359 δέκα·
352 3307 442 3377 ἐτη
489 3307 593 3378 τὴν
627 3306 801 3378 ἀρχὴν
826 3308 934 3359 τῶν
961 3305 1424 3376 ἀπονεμηθέντων
1454 3304 1602 3375 αὒτῷ
1631 3321 1768 3357 κατ-

216 3399 425 3462 εδέξατο.
477 3398 739 3469 Τοσούτῳ
790 3401 901 3470 γὰρ
972 3399 1150 3469 χρόνῳ
1212 3398 1355 3451 αὑτὰ
1407 3398 1770 3467 καταστήσειν

216 3490 478 3562 ὑπέσχετο,
524 3490 888 3561 λόγῳ-ταῦτα
946 3488 1444 3559 ἐπαγγελλόμενος.
1494 3488 1607 3555 Τῆς
1660 3486 1770 3558 γὰρ

214 3583 469 3647 δεκαετίας
498 3580 865 3653 περανθείσης
895 3581 1059 3653 ἔτερα
1088 3570 1253 3633 πέντε
1295 3579 1390 3651 ἔτη
1423 3618 1440 3644 ,
1470 3574 1570 3632 εἶτ’
1611 3576 1770 3642 αὖθις

215 3675 373 3740 πέντε,
400 3677 500 3729 καὶ
544 3674 684 3743 μετὰ
713 3674 874 3727 τοῦτο
917 3674 1053 3727 δέκα
1098 3673 1196 3726 καὶ
1236 3672 1404 3742 ἔτερα
1439 3671 1603 3725 πάλιν
1639 3689 1768 3724 πενο

1874 2016 2030 2071 rimis
2057 2016 2289 2095 imperii
2308 2021 2560 2089 partibus
2589 2023 2715 2084 frui.
2760 2026 2875 2095 ipse
2908 2028 3127 2084 labores
3172 2032 3447 2089 susurrem

1871 2107 2156 2162 videretur
2189 2128 2203 2163 :
2238 2092 2364 2163 cum
2411 2110 2464 2164 id
2518 2113 2640 2183 ejus
2680 2116 2974 2170 consilium
3030 2130 3196 2186 esset,
3260 2130 3318 2177 ut
3368 2123 3444 2177 iili

1871 2199 2116 2255 inermes
2148 2210 2204 2256 et
2244 2201 2495 2258 imbelles
2525 2214 2711 2260 essent
2733 2248 2746 2271 ,
2785 2208 2900 2277 ipse
2931 2226 3081 2264 arma
3109 2221 3356 2279 teneret,
3390 2225 3444 2269 et

1872 2290 2078 2345 milites
2105 2293 2293 2349 aleret.
2327 2293 2405 2347 Ac
2435 2309 2506 2348 ne
2532 2295 2664 2364 quid
2696 2297 2905 2368 regium
2947 2316 3055 2369 prae
3082 2318 3138 2356 se
3160 2302 3354 2369 ferret,
3390 2305 3442 2358 in

1869 2383 2187 2452 provincias
2214 2385 2319 2439 sibi
2349 2387 2645 2444 attributas
2679 2388 2973 2459 imperium
3009 2393 3075 2446 ad
3108 2393 3439 2449 decennium

1869 2477 2105 2546 accepit,
2139 2488 2348 2548 quanto
2393 2488 2640 2550 tempore
2676 2497 2733 2536 se
2764 2483 2885 2538 illas
2922 2495 3246 2552 pacaturum
3284 2490 3442 2558 polli-

1869 2567 2123 2621 cebatur.
2155 2566 2261 2623 Sed
2294 2585 2358 2624 ea
2392 2569 2650 2626 nimirum
2682 2573 2849 2627 verba
2876 2585 3053 2631 erant.
3088 2575 3269 2631 Finito
3294 2578 3441 2632 enim

1870 2659 2165 2723 decennio,
2222 2662 2709 2732 quinquennium:
2749 2663 2947 2719 deinde
3000 2665 3232 2720 alterum
3281 2667 3445 2737 quin—

1869 2752 2196 2820 quennium,
2242 2764 2366 2822 post
2414 2754 2742 2809 decennium
2785 2773 2800 2811 :
2837 2772 2962 2811 mox
2998 2757 3105 2812 alia
3148 2758 3447 2829 quinquies

1869 2845 1919 2899 ei
1955 2843 2176 2900 decreta
2225 2856 2375 2911 sunt,
2416 2856 2480 2900 ut
2526 2847 2922 2903 deccnniorum
2956 2852 3308 2905 successione
3348 2866 3449 2922 per

1873 2953 2091 2993 omnem
2130 2949 2344 2994 mtatem
2377 2942 2528 2995 solus
2575 2956 2761 2995 rerum
2810 2941 3103 3012 potiretur.
3169 2940 3329 2999 Unde
3369 2943 3451 2997 fa-

1874 3037 2023 3084 clum
2039 3039 2143 3093 est,
2165 3039 2225 3084 ut
2256 3030 2618 3102 imperatores
2639 3033 2731 3102 qui
2761 3032 2914 3086 illum
2942 3032 3117 3088 secuti
3145 3041 3447 3099 suntpcum

1877 3120 1934 3174 in
1985 3135 2203 3176 omnem
2258 3130 2475 3179 aetatem
2530 3134 2875 3190 crearentur,
2939 3134 3121 3180 tamen
3171 3125 3447 3180 decimum

1874 3225 2149 3280 quemque
2180 3226 2385 3266 annum
2432 3212 2630 3267 festum
2667 3224 2911 3285 agerent,
2966 3217 3259 3284 imperium
3293 3215 3452 3287 quasi

1874 3303 2224 3356 renavantes.
2284 3303 2425 3356 Tum
2478 3315 2680 3373 praeter
2730 3307 2936 3359 multos
2988 3306 3127 3361 alios
3186 3306 3448 3369 honores,

1872 3392 2036 3446 etiam
2072 3394 2353 3462 Augustus
2379 3403 2464 3448 est
2495 3395 2936 3464 cognominatus.
2983 3394 3121 3449 Nam
3167 3408 3295 3450 cum
3345 3378 3451 3451 R09

1873 3486 2056 3539 mulus
2099 3485 2206 3539 dici
2258 3497 2508 3555 cuperet,
2538 3494 2593 3541 et
2645 3495 2826 3540 tamen
2873 3487 3248 3557 suspicionem
3296 3488 3447 3558 regni

1871 3578 2155 3647 concupiti
2186 3578 2383 3632 vitaret
2408 3577 2661 3648 (Romani
2689 3579 2835 3634 enim
2862 3594 2986 3634 cum
3015 3580 3192 3649 ipsum
3218 3595 3448 3649 regnum

1873 3676 2213 3739 paterentur,
2247 3683 2448 3723 nomen
2482 3669 2634 3739 regni
2667 3668 3091 3738 aversabantur)
3126 3684 3189 3724 ea
3222 3668 3446 3740 quidem

1798 3166 1840 3224 C

214 3767 348 3830 τάκις
397 3765 513 3838 (86)
560 3765 713 3834 αὑτῷ
743 3764 1043 3835 ἐψηφίσθη,
1076 3764 1218 3818 ὥστε
1262 3765 1328 3833 τῇ
1364 3754 1480 3815 ’τῶν
1510 3763 1773 3832 δεκαετη-

216 3857 357 3927 ρίδων
394 3858 620 3929 διαδοχῇ
672 3856 761 3911 διὰ
816 3857 934 3928 βίου
995 3855 1340 3929 μοναρχῆσαι
1395 3853 1581 3909 αὐτόν.
1627 3857 1774 3908 Κάν-

212 3948 381 4003 τεῦθεν
425 3950 526 4004 καὶ
559 3950 613 4003 οι
665 3948 783 4020 μετ’
815 3950 979 4002 αὑτὸν
1001 3946 1429 4019 αὐτοκράτορες,
1464 3946 1646 3999 καίτοι
1680 3946 1770 4000 διὰ

216 4039 313 4108 βίον
345 4041 830 4111 ἀποδεικνύμενοι,
881 4040 1034 4111 ὅμως
1082 4037 1173 4093 διὰ
1211 4036 1321 4091 τῶν
1354 4037 1486 4089 δέκα
1521 4036 1659 4089 ἑτῶν
1682 4037 1771 4089 ἀεὶ

215 4130 484 4204 ἑώρταζον,
517 4134 598 4196 ὠς
629 4129 787 4193 αὖθις
819 4132 942 4184 τότε
972 4128 1070 4201 τὴν
1098 4128 1404 4201 ἠγεμονίαν
1431 4125 1768 4197 ἀνανεούμε-

217 4238 300 4276 νοι.
329 4226 508 4278 Πολλὰ
541 4224 599 4277 δὲ
626 4225 720 4278 καὶ
744 4224 867 4276 τότε
891 4224 972 4286 είς
1015 4221 1184 4291 τιμὴν
1211 4217 1490 4289 ἐψηφίσθη
1531 4215 1610 4288 τῷ
1636 4217 1774 4270 Καί-

217 4333 343 4387 σαρι,
375 4320 469 4371 καὶ
520 4317 837 4384 Αὔγουστος
879 4315 1183 4386 ἐπεκλήθη.
1244 4311 1461 4381 Ἐφίετο
1509 4311 1609 4382 μὲν
1662 4312 1770 4381 γὰρ

224 4407 484 4476 Ῥωμύλος
512 4408 904 4478 ὀνομασθῆναι,
927 4406 1250 4476 αίσθόμενος
1272 4404 1328 4458 δὲ
1367 4401 1771 4458 ὑποπτεύεσθαι

1872 3760 2240 3829 appellatione
2270 3761 2568 3828 abstinuit;
2597 3763 2903 3832 Augustum
2936 3769 3121 3816 autem
3164 3776 3223 3816 se
3262 3761 3451 3832 appel-

1871 3850 1973 3904 lari
2026 3852 2226 3918 voluit,
2264 3860 2325 3906 ut
2365 3852 2602 3906 humana
2653 3851 2975 3907 conditione
3023 3853 3305 3923 majorem.
3357 3851 3452 3907 Sic

1872 3942 2021 3995 enim
2073 3941 2420 3997 sanctissima
2458 3956 2687 4011 qumque
2716 3930 2773 3996 et
2800 3956 3031 3997 summa:
3052 3951 3056 3955 ‘
3079 3942 3449 3997 venerationis

1872 4036 2156 4091 dicuntur.
2195 4035 2596 4105 Imperatorum
2647 4034 2990 4089 domicilium
3039 4034 3302 4105 palatium
3355 4050 3450 4089 vo.

1875 4136 2053 4192 catur,
2085 4127 2232 4196 quod
2261 4125 2315 4180 in
2352 4133 2537 4181 monte
2576 4126 2826 4181 Palatino
2860 4125 3062 4190 Caesar,
3095 4134 3156 4181 ut
3196 4134 3253 4182 et
3314 4124 3446 4181 Fau-

1871 4218 2049 4274 Stulus
2090 4216 2313 4272 Romuli
2345 4216 2629 4279 nutritius,
2666 4215 2974 4279 habitabat,
3020 4216 3208 4286 ibique
3251 4212 3471 4287 πιπτει,οέ

1873 4311 2016 4366 rium
2071 4309 2334 4365 habebat.
2390 4306 2758 4374 Quamobrem
2802 4307 2907 4362 etsi
2960 4307 3261 4378 imperator
3316 4306 3473 4377 alibi,

1873 4400 2186 4463 dlverterit,
2220 4406 2404 4455 tamen
2427 4399 2547 4471 ejus
2571 4399 2871 4468 hospitium
2900 4398 2954 4454 id
2980 4414 3179 4454 nomen
3211 4398 3448 4454 obtinet.

216 4501 269 4551 ἐκ
314 4502 502 4555 τούτου
557 4502 657 4571 τῆς
708 4498 987 4570 βασιλείας
1035 4496 1349 4567 ἐπιθυμεῖν,
1383 4496 1452 4567 (οἱ
1483 4498 1592 4565 γὰρ
1635 4495 1769 4548 Ῥω-

1876 4492 2066 4549 Omnis
2093 4500 2276 4547 autem
2314 4498 2580 4561 potestas,
2606 4507 2728 4560 qua:
2757 4492 3070 4566 consulum,
3097 4492 3446 4547 tribunorum

221 4596 350 4659 μαῖοι
378 4595 670 4666 πράγματι
713 4595 814 4663 μὲν
840 4595 910 4646 τὰ
932 4589 1046 4644 τῶν
1088 4588 1535 4660 βασιλευομένων
1567 4585 1769 4657 ὑπέμε-

1873 4581 2075 4652 plebis,
2143 4596 2461 4645 censorum,
2517 4591 2844 4637 caeterorum
2906 4582 3145 4652 denique
3201 4584 3449 4637 omnium

216 4699 310 4747 νον,
334 4685 410 4755 τῷ
431 4685 477 4738 δ’
517 4685 744 4753 ὀνόματι
777 4680 1028 4752 ἤχθοντο)
1056 4678 1328 4747 ἀπέσχετο
1354 4676 1449 4730 τοῦ
1498 4675 1769 4744 Ῥωμύλος

1872 4674 2003 4729 olim
2057 4673 2258 4739 fuerat,
2314 4673 2371 4726 in
2424 4672 2789 4741 imperatores
2818 4684 2904 4727 est
2946 4673 3229 4727 translata.
3265 4672 3447 4744 Atque

220 4773 580 4848 ἱπικληθῆναι,
629 4776 721 4828 καὶ
770 4772 1081 4840 Αὖγουστος
1135 4766 1425 4823 καλεῖσθαι
1475 4766 1768 4837 ἠθέλησεν,

1874 4765 2011 4821 illud
2056 4766 2221 4819 etiam
2272 4764 2353 4819 eis
2387 4762 2597 4826 datum,
2640 4772 2701 4817 ut
2750 4762 2963 4834 legibus
3014 4763 3184 4819 soluti
3236 4774 3449 4830 essent,

219 4865 283 4929 ὡς
331 4869 421 4921 καὶ
476 4867 667 4922 πλεῖόν
713 4883 769 4919 τι
819 4866 854 4937 ἦ
909 4864 1055 4918 κατὰ
1104 4860 1433 4930 ἀνθρώπους
1484 4857 1769 4928 ὑπάρχων.

1872 4873 1977 4913 nec
2009 4856 2121 4910 ullo
2152 4855 2475 4926 praescripto
2515 4861 2855 4908 tenerentur.

228 4959 392 5016 ἰίάντα
433 4963 544 5033 γὰρ
590 4964 662 5016 τὰ
719 4960 990 5032 ίερώτατα
1030 4956 1125 5010 καὶ
1173 4953 1452 5023 σεϐάσμια
1492 4950 1781 5019 Αὑγουστα
1812 4948 2279 5023 προσαγορεύεται
2303 4966 2319 4981 ·
2383 4945 2444 5012 ἐξ
2482 4941 2655 5016 οὗπερ
2685 4945 2778 5036 καὶ
2820 4944 3093 4999 Σὲὸαστον
3153 4948 3453 5018 προσεῖπον

224 5054 370 5109 αὑτὸν
421 5057 529 5110 ἀπὸ
575 5054 679 5117 τοῦ,
742 5050 1092 5115 σεδάζεσθαι,
1146 5044 1588 5116 ὲξελληνίζοντές
1648 5060 1763 5107 πως
1801 5044 1990 5113 ὥσπερ
2040 5043 2168 5094 τινα
2221 5039 2442 5093 σεπτὸν.
2482 5036 2633 5092 Ἡδὲ
2680 5036 2791 5090 τῶν
2830 5036 3253 5108 αὐτοκρατόρων
3310 5055 3449 5091 κατ⁹

218 5149 349 5201 οικία
398 5150 661 5203 παλάτιον
710 5145 1026 5218 ὠνομάσθη.
1059 5145 1140 5197 ὅτι
1172 5140 1230 5194 ἐν
1295 5155 1356 5191 τε
1403 5134 1481 5208 τῷ
1515 5133 1761 5206 παλατίῴ
1800 5136 2082 5208 λεγομένῳ
2151 5133 2292 5205 δρει,
2361 5134 2419 5183 ὲν
2526 5130 2865 5192 Φαυστοῦλος
2908 5128 3062 5200 ᾤκει,
3097 5130 3193 5183 καὶ
3234 5131 3352 5185 ἐκεῖ
3382 5132 3448 5185 τὸ

224 5243 530 5312 στρατήγιον
581 5236 718 5310 εἶχε,
754 5217 853 5291 καὶ
907 5237 993 5290 διὰ
1045 5232 1228 5296 τοῦτο,
1258 5230 1362 5285 κᾶν
1411 5229 1597 5284 ἄλλοθί
1639 5246 1741 5282 που
1794 5231 1824 5282 ὁ
1864 5226 2222 5296 αὐτοκράτωρ
2270 5222 2538 5295 καταλύῃ,
2578 5222 2678 5295 τὴν
2743 5221 2840 5275 τοῦ
2886 5220 3148 5279 παλατίου
3194 5220 3387 5293 κλῆσιν
3414 5221 3450 5292 ἠ

223 5339 502 5405 καταγωγὴ
536 5335 704 5391 αὑτοῦ
761 5333 897 5402 ἔχει.
926 5331 1082 5384 Πᾶσα
1112 5326 1168 5381 δὲ
1203 5321 1422 5392 ἐξουσία
1463 5322 1498 5393 ἦ
1549 5339 1609 5375 τε
1652 5325 1765 5385 τοῖς
1804 5323 2030 5383 ὑπάτοις
2096 5318 2158 5370 τὸ
2224 5315 2459 5371 παλαιὺν
2501 5315 2755 5385 διδομένη
2791 5313 2884 5367 καὶ
2918 5315 2951 5384 ἡ
2983 5315 3094 5376 τοῖς
3122 5313 3446 5405 δημάρχοις

224 5431 304 5483 καὶ
347 5432 380 5500 ἡ
428 5403 538 5491 τρίς
575 5428 835 5498 τιμηταῖς
889 5425 982 5477 καὶ
1023 5424 1138 5484 τοῖς
1181 5419 1363 5479 ἄλλοις
1418 5416 1591 5468 ἅπασι
1633 5418 1747 5480 τοῖς
1814 5413 2213 5484 αὐτοκράτορσι
2262 5410 2494 5468 δέδοται.
2563 5408 2676 5462 Καὶ
2762 5406 2985 5479 προσέτι
3041 5404 3138 5458 καὶ
3192 5403 3448 5462 λελύσθαι

1392 5580 1594 5643 Varias
1615 5577 1926 5640 lectiones
1965 5581 2028 5638 et
2065 5582 2255 5638 notae.

290 5716 390 5787 (86)
434 5718 530 5772 Kal
558 5717 730 5786 ἕτερα
754 5714 941 5787 πάλιν
965 5707 1269 5772 πεντάκις.
1301 5705 1377 5759 lta
1407 5703 1518 5758 duo
1552 5701 1686 5768 Reg.
1751 5715 1769 5754 ε

1871 5698 2088 5754 Ζοιιιοτι.
2158 5696 2387 5751 Wolﬁus
2437 5695 2597 5749 πέντε
2636 5690 2909 5747 ediderat.
2960 5687 3109 5743 Alter
3168 5684 3303 5753 Reg.
3356 5681 3451 5738 καὶ

224 5783 553 5841 ἕτερα-πᾶλιν
588 5783 684 5841 καί).
709 5786 988 5844 πεντάκις-
