  <div class='ocr_page' id='page_1' title='image "/cluster/home/n/w/nwhite01/storage/ocr_20150623/134/hvd.32044019208289/461.png"; bbox 0 0 3910 6544; ppageno 0'>
   <div class='ocr_carea' id='block_1_1' title="bbox 465 313 573 378">
    <p class='ocr_par' dir='ltr' id='par_1_1' title="bbox 465 313 573 378">
     <span class='ocr_line' id='line_1_1' title="bbox 465 313 573 378; baseline -0.019 0"><span class='ocrx_word' id='word_1_1' title='bbox 465 313 573 378; x_wconf 78' lang='lat'><strong>903</strong></span> 
     </span>
    </p>
   </div>
   <div class='ocr_carea' id='block_1_2' title="bbox 1735 282 2057 354">
    <p class='ocr_par' dir='ltr' id='par_1_2' title="bbox 1735 286 2057 354">
     <span class='ocr_line' id='line_1_2' title="bbox 1735 286 2057 354; baseline 0 0"><span class='ocrx_word' id='word_1_2' title='bbox 1735 286 2057 354; x_wconf 82' lang='lat' dir='ltr'><strong>JOANNIS</strong></span> 
     </span>
    </p>
   </div>
   <div class='ocr_carea' id='block_1_3' title="bbox 2160 282 3698 354">
    <p class='ocr_par' dir='ltr' id='par_1_3' title="bbox 2160 282 3698 348">
     <span class='ocr_line' id='line_1_3' title="bbox 2160 282 3698 348; baseline -0.001 -1"><span class='ocrx_word' id='word_1_3' title='bbox 2160 285 2424 347; x_wconf 69' lang='lat' dir='ltr'><strong>)NARA!</strong></span> <span class='ocrx_word' id='word_1_4' title='bbox 3605 282 3698 348; x_wconf 78' lang='grc' dir='ltr'><strong>9οι</strong></span> 
     </span>
    </p>
   </div>
   <div class='ocr_carea' id='block_1_4' title="bbox 459 385 3701 496">
    <p class='ocr_par' dir='ltr' id='par_1_4' title="bbox 459 385 3701 496">
     <span class='ocr_line' id='line_1_4' title="bbox 459 385 3701 496; baseline -0.015 -12"><span class='ocrx_word' id='word_1_5' title='bbox 459 430 570 484; x_wconf 80' lang='grc' dir='ltr'><strong>τῶν</strong></span> <span class='ocrx_word' id='word_1_6' title='bbox 604 425 782 496; x_wconf 82' lang='grc' dir='ltr'><strong>νόμων</strong></span> <span class='ocrx_word' id='word_1_7' title='bbox 812 420 972 487; x_wconf 78' lang='grc' dir='ltr'><strong>ἐδόθη</strong></span> <span class='ocrx_word' id='word_1_8' title='bbox 1001 392 1212 482; x_wconf 80' lang='grc' dir='ltr'><strong>αὐτοῖς,</strong></span> <span class='ocrx_word' id='word_1_9' title='bbox 1252 409 1533 468; x_wconf 80' lang='grc' dir='ltr'><strong>τουτέστιν</strong></span> <span class='ocrx_word' id='word_1_10' title='bbox 1568 405 1892 474; x_wconf 88' lang='grc' dir='ltr'><strong>ἐλευθέρους</strong></span> <span class='ocrx_word' id='word_1_11' title='bbox 1953 397 2062 452; x_wconf 82' lang='grc' dir='ltr'><strong>ἀπὸ</strong></span> <span class='ocrx_word' id='word_1_12' title='bbox 2101 397 2280 467; x_wconf 80' lang='grc' dir='ltr'><strong>πάσης</strong></span> <span class='ocrx_word' id='word_1_13' title='bbox 2342 395 2451 450; x_wconf 84' lang='grc' dir='ltr'><strong>τῶν</strong></span> <span class='ocrx_word' id='word_1_14' title='bbox 2481 392 2663 464; x_wconf 68' lang='grc' dir='ltr'><strong>νᾶμων</strong></span> <span class='ocrx_word' id='word_1_15' title='bbox 2695 389 2944 463; x_wconf 76' lang='grc' dir='ltr'><strong>ἀνάγκης</strong></span> <span class='ocrx_word' id='word_1_16' title='bbox 2966 385 3132 456; x_wconf 77' lang='grc' dir='ltr'><strong>εἶναι,</strong></span> <span class='ocrx_word' id='word_1_17' title='bbox 3161 388 3262 444; x_wconf 71' lang='grc' dir='ltr'><strong>καὶ</strong></span> <span class='ocrx_word' id='word_1_18' title='bbox 3299 387 3488 462; x_wconf 77' lang='grc' dir='ltr'><strong>μηδενὶ</strong></span> <span class='ocrx_word' id='word_1_19' title='bbox 3515 393 3701 448; x_wconf 54' lang='lat' dir='ltr'><strong>suam</strong></span> 
     </span>
    </p>
   </div>
   <div class='ocr_carea' id='block_1_5' title="bbox 463 522 800 593">
    <p class='ocr_par' dir='ltr' id='par_1_5' title="bbox 463 522 800 593">
     <span class='ocr_line' id='line_1_5' title="bbox 463 522 800 593; baseline -0.027 -12"><span class='ocrx_word' id='word_1_20' title='bbox 463 522 768 593; x_wconf 84' lang='grc' dir='ltr'><strong>ἐνέχεσθαι.</strong></span> <span class='ocrx_word' id='word_1_21' title='bbox 798 569 800 571; x_wconf 89' lang='grc'><strong>.</strong></span> 
     </span>
    </p>
   </div>
   <div class='ocr_carea' id='block_1_6' title="bbox 530 569 2057 677">
    <p class='ocr_par' dir='ltr' id='par_1_6' title="bbox 530 569 2045 677">
     <span class='ocr_line' id='line_1_6' title="bbox 530 569 2045 677; baseline -0.02 -5"><span class='ocrx_word' id='word_1_22' title='bbox 798 569 938 677; x_wconf 76' lang='grc' dir='ltr'><strong>¹Ωιιο</strong></span> <span class='ocrx_word' id='word_1_23' title='bbox 971 607 1061 662; x_wconf 91' lang='lat' dir='ltr'><strong>die</strong></span> <span class='ocrx_word' id='word_1_24' title='bbox 1095 604 1278 661; x_wconf 64' lang='lat' dir='ltr'><strong>Caesar</strong></span> <span class='ocrx_word' id='word_1_25' title='bbox 1308 601 1590 670; x_wconf 83' lang='lat' dir='ltr'><strong>Augustus</strong></span> <span class='ocrx_word' id='word_1_26' title='bbox 1618 590 2045 671; x_wconf 77' lang='lat' dir='ltr'><strong>cognominatus</strong></span> 
     </span>
    </p>
   </div>
   <div class='ocr_carea' id='block_1_7' title="bbox 2160 569 3706 677">
    <p class='ocr_par' dir='ltr' id='par_1_7' title="bbox 2221 569 3706 646">
     <span class='ocr_line' id='line_1_7' title="bbox 2221 569 3706 646; baseline -0.004 -12"><span class='ocrx_word' id='word_1_27' title='bbox 2221 579 2346 634; x_wconf 85' lang='lat' dir='ltr'><strong>Al&quot;.</strong></span> <span class='ocrx_word' id='word_1_28' title='bbox 2390 577 2521 630; x_wconf 85' lang='grc' dir='ltr'><strong>Ὅτε</strong></span> <span class='ocrx_word' id='word_1_29' title='bbox 2571 574 2628 627; x_wconf 83' lang='grc' dir='ltr'><strong>δέ</strong></span> <span class='ocrx_word' id='word_1_30' title='bbox 2685 571 2999 642; x_wconf 78' lang='grc' dir='ltr'><strong>Αὔγουστος</strong></span> <span class='ocrx_word' id='word_1_31' title='bbox 3054 569 3352 642; x_wconf 77' lang='grc' dir='ltr'><strong>ἐπεκλήθη</strong></span> <span class='ocrx_word' id='word_1_32' title='bbox 3409 572 3438 626; x_wconf 86' lang='grc' dir='ltr'>ὀ</span> <span class='ocrx_word' id='word_1_33' title='bbox 3493 574 3706 646; x_wconf 79' lang='grc' dir='ltr'><strong>Καῖσαρ,</strong></span> 
     </span>
    </p>
   </div>
   <div class='ocr_carea' id='block_1_8' title="bbox 462 683 2041 774">
    <p class='ocr_par' dir='ltr' id='par_1_8' title="bbox 462 683 2041 774">
     <span class='ocr_line' id='line_1_8' title="bbox 462 683 2041 774; baseline -0.019 -8"><span class='ocrx_word' id='word_1_34' title='bbox 462 721 570 774; x_wconf 84' lang='lat' dir='ltr'><strong>est,</strong></span> <span class='ocrx_word' id='word_1_35' title='bbox 632 716 800 762; x_wconf 88' lang='lat' dir='ltr'><strong>noctu</strong></span> <span class='ocrx_word' id='word_1_36' title='bbox 855 715 1112 774; x_wconf 71' lang='lat' dir='ltr'><strong>n&#39;iagnum</strong></span> <span class='ocrx_word' id='word_1_37' title='bbox 1177 694 1492 768; x_wconf 79' lang='lat' dir='ltr'><strong>prodigium</strong></span> <span class='ocrx_word' id='word_1_38' title='bbox 1531 689 1765 744; x_wconf 75' lang='lat' dir='ltr'><strong>exstitit.</strong></span> <span class='ocrx_word' id='word_1_39' title='bbox 1822 683 2041 739; x_wconf 82' lang='lat' dir='ltr'><strong>Tiberis</strong></span> 
     </span>
    </p>
   </div>
   <div class='ocr_carea' id='block_1_9' title="bbox 465 777 2043 858">
    <p class='ocr_par' dir='ltr' id='par_1_9' title="bbox 465 777 2043 858">
     <span class='ocr_line' id='line_1_9' title="bbox 465 777 2043 858; baseline -0.019 0"><span class='ocrx_word' id='word_1_40' title='bbox 465 802 614 858; x_wconf 90' lang='lat' dir='ltr'><strong>enim</strong></span> <span class='ocrx_word' id='word_1_41' title='bbox 643 799 826 855; x_wconf 84' lang='lat' dir='ltr'><strong>omnia</strong></span> <span class='ocrx_word' id='word_1_42' title='bbox 856 795 1110 849; x_wconf 63' lang='lat' dir='ltr'><strong>Romanae</strong></span> <span class='ocrx_word' id='word_1_43' title='bbox 1144 788 1294 843; x_wconf 88' lang='lat' dir='ltr'><strong>urbis</strong></span> <span class='ocrx_word' id='word_1_44' title='bbox 1327 786 1487 856; x_wconf 91' lang='lat' dir='ltr'><strong>plana</strong></span> <span class='ocrx_word' id='word_1_45' title='bbox 1521 782 1638 836; x_wconf 91' lang='lat' dir='ltr'><strong>loca</strong></span> <span class='ocrx_word' id='word_1_46' title='bbox 1675 779 1754 835; x_wconf 82' lang='lat' dir='ltr'><strong>sic</strong></span> <span class='ocrx_word' id='word_1_47' title='bbox 1795 777 2043 832; x_wconf 88' lang='lat' dir='ltr'><strong>inunda-</strong></span> 
     </span>
    </p>
   </div>
   <div class='ocr_carea' id='block_1_10' title="bbox 464 869 2044 958">
    <p class='ocr_par' dir='ltr' id='par_1_10' title="bbox 464 869 2044 958">
     <span class='ocr_line' id='line_1_10' title="bbox 464 869 2044 958; baseline -0.018 -10"><span class='ocrx_word' id='word_1_48' title='bbox 464 893 566 958; x_wconf 89' lang='lat' dir='ltr'><strong>vit,</strong></span> <span class='ocrx_word' id='word_1_49' title='bbox 606 899 666 946; x_wconf 95' lang='lat' dir='ltr'><strong>ut</strong></span> <span class='ocrx_word' id='word_1_50' title='bbox 694 888 1102 958; x_wconf 74' lang='lat' dir='ltr'><strong>navigarentur.</strong></span> <span class='ocrx_word' id='word_1_51' title='bbox 1139 880 1259 949; x_wconf 86' lang='lat' dir='ltr'><strong>Quo</strong></span> <span class='ocrx_word' id='word_1_52' title='bbox 1295 887 1447 932; x_wconf 89' lang='lat' dir='ltr'><strong>vates</strong></span> <span class='ocrx_word' id='word_1_53' title='bbox 1499 872 1753 944; x_wconf 92' lang='lat' dir='ltr'><strong>portendi</strong></span> <span class='ocrx_word' id='word_1_54' title='bbox 1807 869 2044 924; x_wconf 79' lang='lat' dir='ltr'><strong>atlirma-</strong></span> 
     </span>
    </p>
   </div>
   <div class='ocr_carea' id='block_1_11' title="bbox 467 958 2043 1040">
    <p class='ocr_par' dir='ltr' id='par_1_11' title="bbox 467 958 2043 1040">
     <span class='ocr_line' id='line_1_11' title="bbox 467 958 2043 1040; baseline -0.018 0"><span class='ocrx_word' id='word_1_55' title='bbox 467 992 597 1040; x_wconf 90' lang='lat' dir='ltr'><strong>runt</strong></span> <span class='ocrx_word' id='word_1_56' title='bbox 655 983 769 1036; x_wconf 82' lang='lat' dir='ltr'><strong>fore</strong></span> <span class='ocrx_word' id='word_1_57' title='bbox 833 988 893 1032; x_wconf 93' lang='lat' dir='ltr'><strong>ut</strong></span> <span class='ocrx_word' id='word_1_58' title='bbox 947 976 1142 1029; x_wconf 80' lang='lat' dir='ltr'><strong>urbem</strong></span> <span class='ocrx_word' id='word_1_59' title='bbox 1200 969 1584 1039; x_wconf 82' lang='lat' dir='ltr'><strong>ampliﬁcaret,</strong></span> <span class='ocrx_word' id='word_1_60' title='bbox 1649 973 1706 1018; x_wconf 92' lang='lat' dir='ltr'><strong>et</strong></span> <span class='ocrx_word' id='word_1_61' title='bbox 1767 969 1936 1016; x_wconf 86' lang='lat' dir='ltr'><strong>totam</strong></span> <span class='ocrx_word' id='word_1_62' title='bbox 1987 958 2043 1012; x_wconf 91' lang='lat' dir='ltr'><strong>in</strong></span> 
     </span>
    </p>
   </div>
   <div class='ocr_carea' id='block_1_12' title="bbox 467 1049 2044 1145">
    <p class='ocr_par' dir='ltr' id='par_1_12' title="bbox 467 1049 2044 1145">
     <span class='ocr_line' id='line_1_12' title="bbox 467 1049 2044 1145; baseline -0.02 -15"><span class='ocrx_word' id='word_1_63' title='bbox 467 1082 737 1145; x_wconf 82' lang='lat' dir='ltr'><strong>potestate</strong></span> <span class='ocrx_word' id='word_1_64' title='bbox 768 1085 864 1125; x_wconf 85' lang='lat' dir='ltr'><strong>sua</strong></span> <span class='ocrx_word' id='word_1_65' title='bbox 910 1066 1161 1126; x_wconf 85' lang='lat' dir='ltr'><strong>haberet.</strong></span> <span class='ocrx_word' id='word_1_66' title='bbox 1194 1061 1245 1116; x_wconf 89' lang='lat' dir='ltr'><strong>Is</strong></span> <span class='ocrx_word' id='word_1_67' title='bbox 1273 1073 1402 1114; x_wconf 86' lang='lat' dir='ltr'><strong>vero</strong></span> <span class='ocrx_word' id='word_1_68' title='bbox 1435 1071 1560 1112; x_wconf 91' lang='lat' dir='ltr'><strong>cum</strong></span> <span class='ocrx_word' id='word_1_69' title='bbox 1605 1053 1710 1108; x_wconf 88' lang='lat' dir='ltr'><strong>alia</strong></span> <span class='ocrx_word' id='word_1_70' title='bbox 1753 1050 1822 1104; x_wconf 89' lang='lat' dir='ltr'><strong>ad</strong></span> <span class='ocrx_word' id='word_1_71' title='bbox 1871 1049 2044 1117; x_wconf 71' lang='lat' dir='ltr'><strong>impeo</strong></span> 
     </span>
    </p>
   </div>
   <div class='ocr_carea' id='block_1_13' title="bbox 470 1144 2042 1233">
    <p class='ocr_par' dir='ltr' id='par_1_13' title="bbox 470 1144 2042 1233">
     <span class='ocr_line' id='line_1_13' title="bbox 470 1144 2042 1233; baseline -0.019 -11"><span class='ocrx_word' id='word_1_72' title='bbox 470 1144 616 1221; x_wconf 80' lang='lat' dir='ltr'><strong>rium</strong></span> <span class='ocrx_word' id='word_1_73' title='bbox 676 1159 1025 1233; x_wconf 81' lang='lat' dir='ltr'><strong>pertinentia,</strong></span> <span class='ocrx_word' id='word_1_74' title='bbox 1091 1161 1153 1210; x_wconf 90' lang='lat' dir='ltr'><strong>ut</strong></span> <span class='ocrx_word' id='word_1_75' title='bbox 1210 1152 1305 1224; x_wconf 90' lang='lat' dir='ltr'><strong>qui</strong></span> <span class='ocrx_word' id='word_1_76' title='bbox 1362 1146 1674 1204; x_wconf 87' lang='lat' dir='ltr'><strong>volentibus</strong></span> <span class='ocrx_word' id='word_1_77' title='bbox 1724 1144 2042 1213; x_wconf 89' lang='lat' dir='ltr'><strong>imperaret,</strong></span> 
     </span>
    </p>
   </div>
   <div class='ocr_carea' id='block_1_14' title="bbox 467 1235 2044 1312">
    <p class='ocr_par' dir='ltr' id='par_1_14' title="bbox 467 1235 2044 1312">
     <span class='ocr_line' id='line_1_14' title="bbox 467 1235 2044 1312; baseline -0.018 1"><span class='ocrx_word' id='word_1_78' title='bbox 467 1257 704 1312; x_wconf 84' lang='lat' dir='ltr'><strong>alacrius</strong></span> <span class='ocrx_word' id='word_1_79' title='bbox 760 1248 1169 1307; x_wconf 81' lang='lat' dir='ltr'><strong>administravit</strong></span> <span class='ocrx_word' id='word_1_80' title='bbox 1223 1261 1238 1298; x_wconf 89' lang='lat'><strong>:</strong></span> <span class='ocrx_word' id='word_1_81' title='bbox 1295 1253 1411 1299; x_wconf 89' lang='lat' dir='ltr'><strong>tum</strong></span> <span class='ocrx_word' id='word_1_82' title='bbox 1478 1241 1634 1310; x_wconf 75' lang='lat' dir='ltr'><strong>leges</strong></span> <span class='ocrx_word' id='word_1_83' title='bbox 1689 1235 1890 1298; x_wconf 84' lang='lat' dir='ltr'><strong>sanxit,</strong></span> <span class='ocrx_word' id='word_1_84' title='bbox 1942 1245 2044 1286; x_wconf 91' lang='lat' dir='ltr'><strong>nec</strong></span> 
     </span>
    </p>
   </div>
   <div class='ocr_carea' id='block_1_15' title="bbox 469 1321 2044 1413">
    <p class='ocr_par' dir='ltr' id='par_1_15' title="bbox 469 1321 2044 1413">
     <span class='ocr_line' id='line_1_15' title="bbox 469 1321 2044 1413; baseline -0.018 -10"><span class='ocrx_word' id='word_1_85' title='bbox 469 1358 652 1403; x_wconf 79' lang='lat' dir='ltr'><strong>tamen</strong></span> <span class='ocrx_word' id='word_1_86' title='bbox 685 1351 877 1413; x_wconf 88' lang='lat' dir='ltr'><strong>suapte</strong></span> <span class='ocrx_word' id='word_1_87' title='bbox 904 1337 1232 1395; x_wconf 87' lang='lat' dir='ltr'><strong>auctoritate</strong></span> <span class='ocrx_word' id='word_1_88' title='bbox 1262 1347 1453 1389; x_wconf 90' lang='lat' dir='ltr'><strong>omnes</strong></span> <span class='ocrx_word' id='word_1_89' title='bbox 1475 1371 1489 1395; x_wconf 90' lang='lat'><strong>,</strong></span> <span class='ocrx_word' id='word_1_90' title='bbox 1543 1328 1640 1385; x_wconf 87' lang='lat' dir='ltr'><strong>sed</strong></span> <span class='ocrx_word' id='word_1_91' title='bbox 1675 1326 1940 1396; x_wconf 87' lang='lat' dir='ltr'><strong>quasdam</strong></span> <span class='ocrx_word' id='word_1_92' title='bbox 1975 1321 2044 1376; x_wconf 90' lang='lat' dir='ltr'><strong>ad</strong></span> 
     </span>
    </p>
   </div>
   <div class='ocr_carea' id='block_1_16' title="bbox 472 1417 2040 1511">
    <p class='ocr_par' dir='ltr' id='par_1_16' title="bbox 472 1417 2040 1511">
     <span class='ocr_line' id='line_1_16' title="bbox 472 1417 2040 1511; baseline -0.017 -18"><span class='ocrx_word' id='word_1_93' title='bbox 472 1439 736 1511; x_wconf 88' lang='lat' dir='ltr'><strong>populum</strong></span> <span class='ocrx_word' id='word_1_94' title='bbox 767 1433 916 1496; x_wconf 88' lang='lat' dir='ltr'><strong>tulit,</strong></span> <span class='ocrx_word' id='word_1_95' title='bbox 954 1442 1014 1485; x_wconf 89' lang='lat' dir='ltr'><strong>ut</strong></span> <span class='ocrx_word' id='word_1_96' title='bbox 1045 1445 1164 1500; x_wconf 73' lang='lat' dir='ltr'><strong>qua:</strong></span> <span class='ocrx_word' id='word_1_97' title='bbox 1191 1426 1568 1496; x_wconf 85' lang='lat' dir='ltr'><strong>displicerent,</strong></span> <span class='ocrx_word' id='word_1_98' title='bbox 1597 1435 1661 1476; x_wconf 90' lang='lat' dir='ltr'><strong>ea</strong></span> <span class='ocrx_word' id='word_1_99' title='bbox 1693 1417 1992 1487; x_wconf 77' lang='lat' dir='ltr'><strong>corrigeret</strong></span> <span class='ocrx_word' id='word_1_100' title='bbox 2026 1429 2040 1466; x_wconf 87' lang='lat'>:</span> 
     </span>
    </p>
   </div>
   <div class='ocr_carea' id='block_1_17' title="bbox 473 1507 2043 1589">
    <p class='ocr_par' dir='ltr' id='par_1_17' title="bbox 473 1507 2043 1589">
     <span class='ocr_line' id='line_1_17' title="bbox 473 1507 2043 1589; baseline -0.015 -6"><span class='ocrx_word' id='word_1_101' title='bbox 473 1507 698 1583; x_wconf 77' lang='lat' dir='ltr'><strong>hortans</strong></span> <span class='ocrx_word' id='word_1_102' title='bbox 738 1539 952 1588; x_wconf 87' lang='lat' dir='ltr'><strong>omnes,</strong></span> <span class='ocrx_word' id='word_1_103' title='bbox 1003 1530 1064 1576; x_wconf 91' lang='lat' dir='ltr'><strong>ut</strong></span> <span class='ocrx_word' id='word_1_104' title='bbox 1103 1517 1265 1589; x_wconf 66' lang='grc'><strong>534</strong></span> <span class='ocrx_word' id='word_1_105' title='bbox 1312 1519 1356 1572; x_wconf 91' lang='lat' dir='ltr'><strong>si</strong></span> <span class='ocrx_word' id='word_1_106' title='bbox 1391 1513 1524 1586; x_wconf 89' lang='lat' dir='ltr'><strong>quid</strong></span> <span class='ocrx_word' id='word_1_107' title='bbox 1574 1511 1771 1566; x_wconf 87' lang='lat' dir='ltr'><strong>melius</strong></span> <span class='ocrx_word' id='word_1_108' title='bbox 1815 1507 2043 1571; x_wconf 85' lang='lat' dir='ltr'><strong>scirent,</strong></span> 
     </span>
    </p>
   </div>
   <div class='ocr_carea' id='block_1_18' title="bbox 472 1603 2048 1674">
    <p class='ocr_par' dir='ltr' id='par_1_18' title="bbox 472 1603 2048 1674">
     <span class='ocr_line' id='line_1_18' title="bbox 472 1603 2048 1674; baseline -0.01 0"><span class='ocrx_word' id='word_1_109' title='bbox 472 1626 782 1674; x_wconf 78' lang='lat' dir='ltr'><strong>monerent.</strong></span> <span class='ocrx_word' id='word_1_110' title='bbox 809 1614 1077 1670; x_wconf 87' lang='lat' dir='ltr'><strong>Consules</strong></span> <span class='ocrx_word' id='word_1_111' title='bbox 1103 1612 1232 1666; x_wconf 90' lang='lat' dir='ltr'><strong>item</strong></span> <span class='ocrx_word' id='word_1_112' title='bbox 1261 1618 1316 1664; x_wconf 93' lang='lat' dir='ltr'><strong>et</strong></span> <span class='ocrx_word' id='word_1_113' title='bbox 1343 1623 1373 1662; x_wconf 93' lang='lat' dir='ltr'><strong>e</strong></span> <span class='ocrx_word' id='word_1_114' title='bbox 1400 1606 1615 1662; x_wconf 80' lang='lat' dir='ltr'><strong>ca:teris</strong></span> <span class='ocrx_word' id='word_1_115' title='bbox 1640 1603 2048 1674; x_wconf 78' lang='lat' dir='ltr'><strong>magistratibus</strong></span> 
     </span>
    </p>
   </div>
   <div class='ocr_carea' id='block_1_19' title="bbox 473 1697 2046 1782">
    <p class='ocr_par' dir='ltr' id='par_1_19' title="bbox 473 1697 2046 1782">
     <span class='ocr_line' id='line_1_19' title="bbox 473 1697 2046 1782; baseline -0.01 -16"><span class='ocrx_word' id='word_1_116' title='bbox 473 1711 754 1782; x_wconf 78' lang='lat' dir='ltr'><strong>singulos,</strong></span> <span class='ocrx_word' id='word_1_117' title='bbox 787 1718 843 1763; x_wconf 88' lang='lat' dir='ltr'><strong>et</strong></span> <span class='ocrx_word' id='word_1_118' title='bbox 875 1723 904 1761; x_wconf 91' lang='lat' dir='ltr'><strong>e</strong></span> <span class='ocrx_word' id='word_1_119' title='bbox 936 1714 1248 1761; x_wconf 88' lang='lat' dir='ltr'><strong>senatorum</strong></span> <span class='ocrx_word' id='word_1_120' title='bbox 1286 1715 1518 1756; x_wconf 90' lang='lat' dir='ltr'><strong>numero</strong></span> <span class='ocrx_word' id='word_1_121' title='bbox 1550 1713 1619 1752; x_wconf 80' lang='lat' dir='ltr'><strong>xv</strong></span> <span class='ocrx_word' id='word_1_122' title='bbox 1669 1697 1736 1750; x_wconf 91' lang='lat' dir='ltr'><strong>ad</strong></span> <span class='ocrx_word' id='word_1_123' title='bbox 1782 1705 2046 1750; x_wconf 83' lang='lat' dir='ltr'><strong>semestre</strong></span> 
     </span>
    </p>
   </div>
   <div class='ocr_carea' id='block_1_20' title="bbox 476 1786 2046 1862">
    <p class='ocr_par' dir='ltr' id='par_1_20' title="bbox 476 1786 2046 1862">
     <span class='ocr_line' id='line_1_20' title="bbox 476 1786 2046 1862; baseline -0.012 -7"><span class='ocrx_word' id='word_1_124' title='bbox 476 1803 530 1856; x_wconf 88' lang='lat' dir='ltr'><strong>in</strong></span> <span class='ocrx_word' id='word_1_125' title='bbox 557 1799 849 1855; x_wconf 85' lang='lat' dir='ltr'><strong>consilium</strong></span> <span class='ocrx_word' id='word_1_126' title='bbox 877 1795 1148 1859; x_wconf 82' lang='lat' dir='ltr'><strong>adhibuit,</strong></span> <span class='ocrx_word' id='word_1_127' title='bbox 1179 1801 1241 1847; x_wconf 93' lang='lat' dir='ltr'><strong>ut</strong></span> <span class='ocrx_word' id='word_1_128' title='bbox 1270 1807 1368 1862; x_wconf 92' lang='lat' dir='ltr'><strong>per</strong></span> <span class='ocrx_word' id='word_1_129' title='bbox 1398 1804 1493 1844; x_wconf 90' lang='lat' dir='ltr'><strong>eos</strong></span> <span class='ocrx_word' id='word_1_130' title='bbox 1518 1786 1772 1842; x_wconf 89' lang='lat' dir='ltr'><strong>omnibus</strong></span> <span class='ocrx_word' id='word_1_131' title='bbox 1799 1799 1861 1839; x_wconf 88' lang='lat' dir='ltr'><strong>ea</strong></span> <span class='ocrx_word' id='word_1_132' title='bbox 1893 1799 2046 1839; x_wconf 90' lang='lat' dir='ltr'><strong>com-</strong></span> 
     </span>
    </p>
   </div>
   <div class='ocr_carea' id='block_1_21' title="bbox 478 1875 2043 1959">
    <p class='ocr_par' dir='ltr' id='par_1_21' title="bbox 478 1875 2043 1959">
     <span class='ocr_line' id='line_1_21' title="bbox 478 1875 2043 1959; baseline -0.013 -12"><span class='ocrx_word' id='word_1_133' title='bbox 478 1893 810 1952; x_wconf 90' lang='lat' dir='ltr'><strong>municaret,</strong></span> <span class='ocrx_word' id='word_1_134' title='bbox 874 1905 997 1959; x_wconf 77' lang='lat' dir='ltr'><strong>qua:</strong></span> <span class='ocrx_word' id='word_1_135' title='bbox 1056 1882 1406 1940; x_wconf 87' lang='lat' dir='ltr'><strong>deliberanda</strong></span> <span class='ocrx_word' id='word_1_136' title='bbox 1468 1887 1694 1943; x_wconf 90' lang='lat' dir='ltr'><strong>essent,</strong></span> <span class='ocrx_word' id='word_1_137' title='bbox 1766 1875 2043 1930; x_wconf 85' lang='lat' dir='ltr'><strong>interdum</strong></span> 
     </span>
    </p>
   </div>
   <div class='ocr_carea' id='block_1_22' title="bbox 477 1969 2048 2053">
    <p class='ocr_par' dir='ltr' id='par_1_22' title="bbox 477 1969 2048 2053">
     <span class='ocr_line' id='line_1_22' title="bbox 477 1969 2048 2053; baseline -0.011 -14"><span class='ocrx_word' id='word_1_138' title='bbox 477 1985 644 2039; x_wconf 87' lang='lat' dir='ltr'><strong>etiam</strong></span> <span class='ocrx_word' id='word_1_139' title='bbox 671 1985 761 2053; x_wconf 89' lang='lat' dir='ltr'><strong>jus</strong></span> <span class='ocrx_word' id='word_1_140' title='bbox 790 1997 912 2035; x_wconf 88' lang='lat' dir='ltr'><strong>cum</strong></span> <span class='ocrx_word' id='word_1_141' title='bbox 941 1981 1022 2034; x_wconf 86' lang='lat' dir='ltr'><strong>eis</strong></span> <span class='ocrx_word' id='word_1_142' title='bbox 1048 1978 1200 2031; x_wconf 77' lang='lat' dir='ltr'><strong>dixit.</strong></span> <span class='ocrx_word' id='word_1_143' title='bbox 1227 1976 1362 2030; x_wconf 85' lang='lat' dir='ltr'><strong>Nam</strong></span> <span class='ocrx_word' id='word_1_144' title='bbox 1390 1981 1612 2028; x_wconf 88' lang='lat' dir='ltr'><strong>senatus</strong></span> <span class='ocrx_word' id='word_1_145' title='bbox 1652 1969 1818 2023; x_wconf 90' lang='lat' dir='ltr'><strong>etiam</strong></span> <span class='ocrx_word' id='word_1_146' title='bbox 1858 1983 1955 2038; x_wconf 91' lang='lat' dir='ltr'><strong>per</strong></span> <span class='ocrx_word' id='word_1_147' title='bbox 1989 1983 2048 2022; x_wconf 91' lang='lat' dir='ltr'><strong>se</strong></span> 
     </span>
    </p>
   </div>
   <div class='ocr_carea' id='block_1_23' title="bbox 479 2062 2050 2144">
    <p class='ocr_par' dir='ltr' id='par_1_23' title="bbox 479 2062 2050 2144">
     <span class='ocr_line' id='line_1_23' title="bbox 479 2062 2050 2144; baseline -0.009 -15"><span class='ocrx_word' id='word_1_148' title='bbox 479 2077 734 2144; x_wconf 76' lang='lat' dir='ltr'><strong>suﬂ‘ragia</strong></span> <span class='ocrx_word' id='word_1_149' title='bbox 797 2073 1054 2128; x_wconf 81' lang='lat' dir='ltr'><strong>ferebat:</strong></span> <span class='ocrx_word' id='word_1_150' title='bbox 1098 2069 1288 2139; x_wconf 79' lang='lat' dir='ltr'><strong>legatis</strong></span> <span class='ocrx_word' id='word_1_151' title='bbox 1345 2081 1563 2136; x_wconf 88' lang='lat' dir='ltr'><strong>quoque</strong></span> <span class='ocrx_word' id='word_1_152' title='bbox 1611 2072 1668 2118; x_wconf 90' lang='lat' dir='ltr'><strong>et</strong></span> <span class='ocrx_word' id='word_1_153' title='bbox 1721 2062 2050 2117; x_wconf 87' lang='lat' dir='ltr'><strong>caduceato-</strong></span> 
     </span>
    </p>
   </div>
   <div class='ocr_carea' id='block_1_24' title="bbox 483 2154 2050 2234">
    <p class='ocr_par' dir='ltr' id='par_1_24' title="bbox 483 2154 2050 2234">
     <span class='ocr_line' id='line_1_24' title="bbox 483 2154 2050 2234; baseline -0.01 -14"><span class='ocrx_word' id='word_1_154' title='bbox 483 2167 638 2220; x_wconf 86' lang='lat' dir='ltr'><strong>ribus</strong></span> <span class='ocrx_word' id='word_1_155' title='bbox 673 2163 972 2234; x_wconf 90' lang='lat' dir='ltr'><strong>respondit.</strong></span> <span class='ocrx_word' id='word_1_156' title='bbox 1005 2161 1249 2229; x_wconf 86' lang='lat' dir='ltr'><strong>Populus</strong></span> <span class='ocrx_word' id='word_1_157' title='bbox 1278 2156 1525 2227; x_wconf 84' lang='lat' dir='ltr'><strong>quamvis</strong></span> <span class='ocrx_word' id='word_1_158' title='bbox 1551 2155 1618 2209; x_wconf 90' lang='lat' dir='ltr'><strong>ad</strong></span> <span class='ocrx_word' id='word_1_159' title='bbox 1663 2154 1882 2209; x_wconf 90' lang='lat' dir='ltr'><strong>comitia</strong></span> <span class='ocrx_word' id='word_1_160' title='bbox 1913 2168 2050 2207; x_wconf 82' lang='lat' dir='ltr'><strong>con-</strong></span> 
     </span>
    </p>
   </div>
   <div class='ocr_carea' id='block_1_25' title="bbox 481 2245 2048 2322">
    <p class='ocr_par' dir='ltr' id='par_1_25' title="bbox 481 2245 2048 2322">
     <span class='ocr_line' id='line_1_25' title="bbox 481 2245 2048 2322; baseline -0.007 -12"><span class='ocrx_word' id='word_1_161' title='bbox 481 2258 715 2322; x_wconf 82' lang='lat' dir='ltr'><strong>veniret,</strong></span> <span class='ocrx_word' id='word_1_162' title='bbox 749 2255 885 2309; x_wconf 87' lang='lat' dir='ltr'><strong>nihil</strong></span> <span class='ocrx_word' id='word_1_163' title='bbox 924 2264 1102 2307; x_wconf 82' lang='lat' dir='ltr'><strong>tamen</strong></span> <span class='ocrx_word' id='word_1_164' title='bbox 1138 2253 1452 2320; x_wconf 82' lang='lat' dir='ltr'><strong>gerebatur,</strong></span> <span class='ocrx_word' id='word_1_165' title='bbox 1483 2247 1628 2318; x_wconf 89' lang='lat' dir='ltr'><strong>quod</strong></span> <span class='ocrx_word' id='word_1_166' title='bbox 1679 2247 1755 2300; x_wconf 90' lang='lat' dir='ltr'><strong>illi</strong></span> <span class='ocrx_word' id='word_1_167' title='bbox 1789 2245 2048 2314; x_wconf 89' lang='lat' dir='ltr'><strong>displice-</strong></span> 
     </span>
    </p>
   </div>
   <div class='ocr_carea' id='block_1_26' title="bbox 482 2337 2050 2415">
    <p class='ocr_par' dir='ltr' id='par_1_26' title="bbox 482 2337 2050 2415">
     <span class='ocr_line' id='line_1_26' title="bbox 482 2337 2050 2415; baseline -0.007 -14"><span class='ocrx_word' id='word_1_168' title='bbox 482 2357 586 2401; x_wconf 91' lang='lat' dir='ltr'><strong>ret.</strong></span> <span class='ocrx_word' id='word_1_169' title='bbox 647 2346 992 2415; x_wconf 78' lang='lat' dir='ltr'><strong>Magistratus</strong></span> <span class='ocrx_word' id='word_1_170' title='bbox 1048 2342 1246 2412; x_wconf 87' lang='lat' dir='ltr'><strong>partim</strong></span> <span class='ocrx_word' id='word_1_171' title='bbox 1305 2341 1422 2410; x_wconf 90' lang='lat' dir='ltr'><strong>ipse</strong></span> <span class='ocrx_word' id='word_1_172' title='bbox 1473 2338 1803 2406; x_wconf 74' lang='lat' dir='ltr'><strong>designavit,</strong></span> <span class='ocrx_word' id='word_1_173' title='bbox 1850 2337 2050 2407; x_wconf 89' lang='lat' dir='ltr'><strong>partim</strong></span> 
     </span>
    </p>
   </div>
   <div class='ocr_carea' id='block_1_27' title="bbox 483 2430 2055 2507">
    <p class='ocr_par' dir='ltr' id='par_1_27' title="bbox 483 2430 2055 2507">
     <span class='ocr_line' id='line_1_27' title="bbox 483 2430 2055 2507; baseline -0.005 -16"><span class='ocrx_word' id='word_1_174' title='bbox 483 2438 717 2492; x_wconf 88' lang='lat' dir='ltr'><strong>arbitrio</strong></span> <span class='ocrx_word' id='word_1_175' title='bbox 757 2437 943 2507; x_wconf 80' lang='lat' dir='ltr'><strong>pepuli</strong></span> <span class='ocrx_word' id='word_1_176' title='bbox 999 2433 1365 2506; x_wconf 80' lang='lat' dir='ltr'><strong>designandos</strong></span> <span class='ocrx_word' id='word_1_177' title='bbox 1418 2432 1667 2502; x_wconf 90' lang='lat' dir='ltr'><strong>permisit</strong></span> <span class='ocrx_word' id='word_1_178' title='bbox 1717 2430 1820 2484; x_wconf 89' lang='lat' dir='ltr'><strong>:in</strong></span> <span class='ocrx_word' id='word_1_179' title='bbox 1859 2430 1913 2484; x_wconf 85' lang='lat' dir='ltr'><strong>id</strong></span> <span class='ocrx_word' id='word_1_180' title='bbox 1968 2430 2055 2484; x_wconf 88' lang='lat' dir='ltr'><strong>in-</strong></span> 
     </span>
    </p>
   </div>
   <div class='ocr_carea' id='block_1_28' title="bbox 482 2518 2055 2595">
    <p class='ocr_par' dir='ltr' id='par_1_28' title="bbox 482 2518 2055 2595">
     <span class='ocr_line' id='line_1_28' title="bbox 482 2518 2055 2595; baseline -0.006 -12"><span class='ocrx_word' id='word_1_181' title='bbox 482 2537 688 2591; x_wconf 89' lang='lat' dir='ltr'><strong>tentus,</strong></span> <span class='ocrx_word' id='word_1_182' title='bbox 727 2543 796 2580; x_wconf 90' lang='lat' dir='ltr'><strong>ne</strong></span> <span class='ocrx_word' id='word_1_183' title='bbox 832 2526 1028 2595; x_wconf 88' lang='lat' dir='ltr'><strong>inepti,</strong></span> <span class='ocrx_word' id='word_1_184' title='bbox 1054 2540 1191 2579; x_wconf 78' lang='lat' dir='ltr'><strong>neve</strong></span> <span class='ocrx_word' id='word_1_185' title='bbox 1224 2540 1320 2594; x_wconf 90' lang='lat' dir='ltr'><strong>per</strong></span> <span class='ocrx_word' id='word_1_186' title='bbox 1351 2523 1618 2577; x_wconf 90' lang='lat' dir='ltr'><strong>ambitum</strong></span> <span class='ocrx_word' id='word_1_187' title='bbox 1655 2528 1711 2574; x_wconf 92' lang='lat' dir='ltr'><strong>et</strong></span> <span class='ocrx_word' id='word_1_188' title='bbox 1739 2518 2055 2590; x_wconf 82' lang='lat' dir='ltr'><strong>largitiones</strong></span> 
     </span>
    </p>
   </div>
   <div class='ocr_carea' id='block_1_29' title="bbox 483 2611 2052 2687">
    <p class='ocr_par' dir='ltr' id='par_1_29' title="bbox 483 2611 2052 2687">
     <span class='ocr_line' id='line_1_29' title="bbox 483 2611 2052 2687; baseline -0.004 -17"><span class='ocrx_word' id='word_1_189' title='bbox 483 2618 652 2687; x_wconf 83' lang='lat' dir='ltr'><strong>aliqui</strong></span> <span class='ocrx_word' id='word_1_190' title='bbox 695 2626 1038 2670; x_wconf 72' lang='lat' dir='ltr'><strong>crearentur.</strong></span> <span class='ocrx_word' id='word_1_191' title='bbox 1084 2615 1286 2670; x_wconf 86' lang='lat' dir='ltr'><strong>Gentes</strong></span> <span class='ocrx_word' id='word_1_192' title='bbox 1331 2612 1592 2682; x_wconf 88' lang='lat' dir='ltr'><strong>quasdam</strong></span> <span class='ocrx_word' id='word_1_193' title='bbox 1644 2627 1742 2681; x_wconf 91' lang='lat' dir='ltr'><strong>per</strong></span> <span class='ocrx_word' id='word_1_194' title='bbox 1791 2611 2052 2680; x_wconf 89' lang='lat' dir='ltr'><strong>semetip-</strong></span> 
     </span>
    </p>
   </div>
   <div class='ocr_carea' id='block_1_30' title="bbox 483 2701 2052 2776">
    <p class='ocr_par' dir='ltr' id='par_1_30' title="bbox 483 2701 2052 2776">
     <span class='ocr_line' id='line_1_30' title="bbox 483 2701 2052 2776; baseline -0.002 -15"><span class='ocrx_word' id='word_1_195' title='bbox 483 2723 626 2773; x_wconf 86' lang='lat' dir='ltr'><strong>sum,</strong></span> <span class='ocrx_word' id='word_1_196' title='bbox 669 2710 864 2776; x_wconf 87' lang='lat' dir='ltr'><strong>partim</strong></span> <span class='ocrx_word' id='word_1_197' title='bbox 906 2722 1003 2776; x_wconf 91' lang='lat' dir='ltr'><strong>per</strong></span> <span class='ocrx_word' id='word_1_198' title='bbox 1047 2707 1184 2759; x_wconf 92' lang='lat' dir='ltr'><strong>alios</strong></span> <span class='ocrx_word' id='word_1_199' title='bbox 1231 2705 1477 2758; x_wconf 75' lang='lat' dir='ltr'><strong>Romano</strong></span> <span class='ocrx_word' id='word_1_200' title='bbox 1526 2702 1754 2772; x_wconf 90' lang='lat' dir='ltr'><strong>imperio</strong></span> <span class='ocrx_word' id='word_1_201' title='bbox 1795 2701 2052 2772; x_wconf 86' lang='lat' dir='ltr'><strong>subjecit.</strong></span> 
     </span>
    </p>
   </div>
   <div class='ocr_carea' id='block_1_31' title="bbox 485 2793 2056 2868">
    <p class='ocr_par' dir='ltr' id='par_1_31' title="bbox 485 2793 2056 2868">
     <span class='ocr_line' id='line_1_31' title="bbox 485 2793 2056 2868; baseline -0.003 -18"><span class='ocrx_word' id='word_1_202' title='bbox 485 2799 553 2850; x_wconf 88' lang='lat' dir='ltr'><strong>At</strong></span> <span class='ocrx_word' id='word_1_203' title='bbox 581 2797 793 2868; x_wconf 61' lang='lat' dir='ltr'><strong>[Egypti</strong></span> <span class='ocrx_word' id='word_1_204' title='bbox 821 2806 1019 2868; x_wconf 65' lang='lat' dir='ltr'><strong>prmtor</strong></span> <span class='ocrx_word' id='word_1_205' title='bbox 1041 2797 1218 2850; x_wconf 71' lang='lat' dir='ltr'><strong>Ailius</strong></span> <span class='ocrx_word' id='word_1_206' title='bbox 1243 2794 1429 2850; x_wconf 81' lang='lat' dir='ltr'><strong>Gallus</strong></span> <span class='ocrx_word' id='word_1_207' title='bbox 1453 2793 1803 2863; x_wconf 80' lang='lat' dir='ltr'><strong>expeditione</strong></span> <span class='ocrx_word' id='word_1_208' title='bbox 1835 2793 1890 2847; x_wconf 90' lang='lat' dir='ltr'><strong>in</strong></span> <span class='ocrx_word' id='word_1_209' title='bbox 1921 2795 2056 2847; x_wconf 85' lang='lat' dir='ltr'><strong>Ara-</strong></span> 
     </span>
    </p>
   </div>
   <div class='ocr_carea' id='block_1_32' title="bbox 485 2884 2056 2956">
    <p class='ocr_par' dir='ltr' id='par_1_32' title="bbox 485 2884 2056 2956">
     <span class='ocr_line' id='line_1_32' title="bbox 485 2884 2056 2956; baseline -0.003 -14"><span class='ocrx_word' id='word_1_210' title='bbox 485 2889 628 2943; x_wconf 90' lang='lat' dir='ltr'><strong>biam</strong></span> <span class='ocrx_word' id='word_1_211' title='bbox 669 2889 928 2952; x_wconf 89' lang='lat' dir='ltr'><strong>Felicem,</strong></span> <span class='ocrx_word' id='word_1_212' title='bbox 962 2887 1050 2942; x_wconf 89' lang='lat' dir='ltr'><strong>cui</strong></span> <span class='ocrx_word' id='word_1_213' title='bbox 1091 2886 1261 2941; x_wconf 88' lang='lat' dir='ltr'><strong>Sabas</strong></span> <span class='ocrx_word' id='word_1_214' title='bbox 1294 2886 1616 2956; x_wconf 88' lang='lat' dir='ltr'><strong>imperabat,</strong></span> <span class='ocrx_word' id='word_1_215' title='bbox 1648 2895 1920 2955; x_wconf 88' lang='lat' dir='ltr'><strong>suscepta,</strong></span> <span class='ocrx_word' id='word_1_216' title='bbox 1953 2884 2056 2940; x_wconf 90' lang='lat' dir='ltr'><strong>etsi</strong></span> 
     </span>
    </p>
   </div>
   <div class='ocr_carea' id='block_1_33' title="bbox 487 2963 2059 3042">
    <p class='ocr_par' dir='ltr' id='par_1_33' title="bbox 487 2963 2059 3042">
     <span class='ocr_line' id='line_1_33' title="bbox 487 2963 2059 3042; baseline -0.003 -6"><span class='ocrx_word' id='word_1_217' title='bbox 487 2984 537 3036; x_wconf 89' lang='lat' dir='ltr'><strong>ei</strong></span> <span class='ocrx_word' id='word_1_218' title='bbox 577 2980 869 3035; x_wconf 90' lang='lat' dir='ltr'><strong>resistebat</strong></span> <span class='ocrx_word' id='word_1_219' title='bbox 901 2996 1087 3042; x_wconf 88' lang='lat' dir='ltr'><strong>nemo,</strong></span> <span class='ocrx_word' id='word_1_220' title='bbox 1122 2995 1228 3032; x_wconf 93' lang='lat' dir='ltr'><strong>non</strong></span> <span class='ocrx_word' id='word_1_221' title='bbox 1265 2963 1623 3033; x_wconf 8' lang='lat' dir='ltr'><strong>tamenicitra</strong></span> <span class='ocrx_word' id='word_1_222' title='bbox 1646 2993 1949 3033; x_wconf 68' lang='lat' dir='ltr'><strong>aerumnam</strong></span> <span class='ocrx_word' id='word_1_223' title='bbox 1975 2987 2059 3032; x_wconf 87' lang='lat' dir='ltr'><strong>est</strong></span> 
     </span>
    </p>
   </div>
   <div class='ocr_carea' id='block_1_34' title="bbox 489 3069 2058 3145">
    <p class='ocr_par' dir='ltr' id='par_1_34' title="bbox 489 3069 2058 3145">
     <span class='ocr_line' id='line_1_34' title="bbox 489 3069 2058 3145; baseline -0.001 -19"><span class='ocrx_word' id='word_1_224' title='bbox 489 3087 834 3145; x_wconf 74' lang='lat' dir='ltr'><strong>pregressus.</strong></span> <span class='ocrx_word' id='word_1_225' title='bbox 869 3069 1000 3124; x_wconf 85' lang='lat' dir='ltr'><strong>Nam</strong></span> <span class='ocrx_word' id='word_1_226' title='bbox 1035 3080 1092 3125; x_wconf 87' lang='lat' dir='ltr'><strong>et</strong></span> <span class='ocrx_word' id='word_1_227' title='bbox 1121 3070 1437 3134; x_wconf 90' lang='lat' dir='ltr'><strong>solitudine,</strong></span> <span class='ocrx_word' id='word_1_228' title='bbox 1471 3078 1526 3126; x_wconf 89' lang='lat' dir='ltr'><strong>et</strong></span> <span class='ocrx_word' id='word_1_229' title='bbox 1569 3070 1701 3124; x_wconf 89' lang='lat' dir='ltr'><strong>solis</strong></span> <span class='ocrx_word' id='word_1_230' title='bbox 1733 3069 1952 3134; x_wconf 90' lang='lat' dir='ltr'><strong>ardere,</strong></span> <span class='ocrx_word' id='word_1_231' title='bbox 2004 3078 2058 3124; x_wconf 91' lang='lat' dir='ltr'><strong>et</strong></span> 
     </span>
    </p>
   </div>
   <div class='ocr_carea' id='block_1_35' title="bbox 489 3162 2059 3236">
    <p class='ocr_par' dir='ltr' id='par_1_35' title="bbox 489 3162 2059 3236">
     <span class='ocr_line' id='line_1_35' title="bbox 489 3162 2059 3236; baseline -0.003 -16"><span class='ocrx_word' id='word_1_232' title='bbox 489 3182 630 3236; x_wconf 87' lang='lat' dir='ltr'><strong>aqua</strong></span> <span class='ocrx_word' id='word_1_233' title='bbox 691 3164 958 3219; x_wconf 90' lang='lat' dir='ltr'><strong>insalubri</strong></span> <span class='ocrx_word' id='word_1_234' title='bbox 1016 3165 1218 3218; x_wconf 90' lang='lat' dir='ltr'><strong>milites</strong></span> <span class='ocrx_word' id='word_1_235' title='bbox 1282 3165 1524 3234; x_wconf 79' lang='lat' dir='ltr'><strong>graviter</strong></span> <span class='ocrx_word' id='word_1_236' title='bbox 1575 3171 1703 3217; x_wconf 84' lang='lat' dir='ltr'><strong>sunt</strong></span> <span class='ocrx_word' id='word_1_237' title='bbox 1755 3162 1961 3227; x_wconf 82' lang='lat' dir='ltr'><strong>amicti,</strong></span> <span class='ocrx_word' id='word_1_238' title='bbox 2001 3169 2059 3215; x_wconf 90' lang='lat' dir='ltr'><strong>ut</strong></span> 
     </span>
    </p>
   </div>
   <div class='ocr_carea' id='block_1_36' title="bbox 2146 666 3709 747">
    <p class='ocr_par' dir='ltr' id='par_1_36' title="bbox 2146 666 3709 747">
     <span class='ocr_line' id='line_1_36' title="bbox 2146 666 3709 747; baseline -0.004 -18"><span class='ocrx_word' id='word_1_239' title='bbox 2146 676 2374 747; x_wconf 79' lang='grc' dir='ltr'><strong>σημεῖον</strong></span> <span class='ocrx_word' id='word_1_240' title='bbox 2429 671 2489 725; x_wconf 89' lang='grc' dir='ltr'><strong>ού</strong></span> <span class='ocrx_word' id='word_1_241' title='bbox 2551 670 2752 740; x_wconf 76' lang='grc' dir='ltr'><strong>μικρὸν</strong></span> <span class='ocrx_word' id='word_1_242' title='bbox 2805 669 2925 722; x_wconf 86' lang='grc' dir='ltr'><strong>τότε</strong></span> <span class='ocrx_word' id='word_1_243' title='bbox 2983 667 3129 722; x_wconf 82' lang='grc' dir='ltr'><strong>κατά</strong></span> <span class='ocrx_word' id='word_1_244' title='bbox 3160 667 3263 739; x_wconf 85' lang='grc' dir='ltr'><strong>τὴν</strong></span> <span class='ocrx_word' id='word_1_245' title='bbox 3311 666 3484 722; x_wconf 81' lang='grc' dir='ltr'><strong>νύκτα</strong></span> <span class='ocrx_word' id='word_1_246' title='bbox 3515 671 3709 740; x_wconf 81' lang='grc' dir='ltr'><strong>ἐκείνην</strong></span> 
     </span>
    </p>
   </div>
   <div class='ocr_carea' id='block_1_37' title="bbox 2141 761 3710 838">
    <p class='ocr_par' dir='ltr' id='par_1_37' title="bbox 2141 761 3710 838">
     <span class='ocr_line' id='line_1_37' title="bbox 2141 761 3710 838; baseline -0.001 -17"><span class='ocrx_word' id='word_1_247' title='bbox 2141 768 2384 838; x_wconf 79' lang='grc' dir='ltr'><strong>ἐγένετο.</strong></span> <span class='ocrx_word' id='word_1_248' title='bbox 2445 764 2505 816; x_wconf 82' lang='grc' dir='ltr'>Ὀ</span> <span class='ocrx_word' id='word_1_249' title='bbox 2561 762 2668 834; x_wconf 84' lang='grc' dir='ltr'><strong>γὰρ</strong></span> <span class='ocrx_word' id='word_1_250' title='bbox 2723 761 2969 832; x_wconf 88' lang='grc' dir='ltr'><strong>Τίϐερις,</strong></span> <span class='ocrx_word' id='word_1_251' title='bbox 3015 761 3352 831; x_wconf 85' lang='grc' dir='ltr'><strong>πελαγίσας,</strong></span> <span class='ocrx_word' id='word_1_252' title='bbox 3405 764 3578 816; x_wconf 76' lang='grc' dir='ltr'><strong>πᾶσαν</strong></span> <span class='ocrx_word' id='word_1_253' title='bbox 3625 767 3710 836; x_wconf 78' lang='grc' dir='ltr'><strong>τὴν</strong></span> 
     </span>
    </p>
   </div>
   <div class='ocr_carea' id='block_1_38' title="bbox 2143 853 3711 927">
    <p class='ocr_par' dir='ltr' id='par_1_38' title="bbox 2143 853 3711 927">
     <span class='ocr_line' id='line_1_38' title="bbox 2143 853 3711 927; baseline -0.002 -14"><span class='ocrx_word' id='word_1_254' title='bbox 2143 859 2367 914; x_wconf 78' lang='grc' dir='ltr'><strong>πεδιάδα</strong></span> <span class='ocrx_word' id='word_1_255' title='bbox 2397 857 2497 927; x_wconf 79' lang='grc' dir='ltr'><strong>τῆς</strong></span> <span class='ocrx_word' id='word_1_256' title='bbox 2528 854 2747 926; x_wconf 84' lang='grc' dir='ltr'><strong>Ῥώμης</strong></span> <span class='ocrx_word' id='word_1_257' title='bbox 2778 854 3079 910; x_wconf 82' lang='grc' dir='ltr'><strong>κατέλαϐεν</strong></span> <span class='ocrx_word' id='word_1_258' title='bbox 3109 853 3261 908; x_wconf 83' lang='grc' dir='ltr'><strong>ὥστε</strong></span> <span class='ocrx_word' id='word_1_259' title='bbox 3299 854 3585 908; x_wconf 83' lang='grc' dir='ltr'><strong>πλεῖσθαι·</strong></span> <span class='ocrx_word' id='word_1_260' title='bbox 3626 859 3711 913; x_wconf 82' lang='grc' dir='ltr'><strong>καὶ</strong></span> 
     </span>
    </p>
   </div>
   <div class='ocr_carea' id='block_1_39' title="bbox 2141 940 3708 1020">
    <p class='ocr_par' dir='ltr' id='par_1_39' title="bbox 2141 940 3708 1020">
     <span class='ocr_line' id='line_1_39' title="bbox 2141 940 3708 1020; baseline -0.005 -16"><span class='ocrx_word' id='word_1_261' title='bbox 2141 952 2188 1005; x_wconf 89' lang='grc' dir='ltr'><strong>οί</strong></span> <span class='ocrx_word' id='word_1_262' title='bbox 2223 950 2445 1020; x_wconf 82' lang='grc' dir='ltr'><strong>μάντεις</strong></span> <span class='ocrx_word' id='word_1_263' title='bbox 2484 947 2566 1000; x_wconf 85' lang='grc' dir='ltr'><strong>ὅτι</strong></span> <span class='ocrx_word' id='word_1_264' title='bbox 2599 961 2659 998; x_wconf 87' lang='grc' dir='ltr'><strong>τε</strong></span> <span class='ocrx_word' id='word_1_265' title='bbox 2699 945 2792 998; x_wconf 72' lang='grc' dir='ltr'><strong>ἐπὶ</strong></span> <span class='ocrx_word' id='word_1_266' title='bbox 2827 943 2971 1013; x_wconf 84' lang='grc' dir='ltr'><strong>μέγα</strong></span> <span class='ocrx_word' id='word_1_267' title='bbox 2999 941 3257 1012; x_wconf 76' lang='grc' dir='ltr'><strong>αὐξήσει,</strong></span> <span class='ocrx_word' id='word_1_268' title='bbox 3299 945 3395 994; x_wconf 75' lang='grc' dir='ltr'><strong>καὶ</strong></span> <span class='ocrx_word' id='word_1_269' title='bbox 3420 940 3506 995; x_wconf 79' lang='grc' dir='ltr'><strong>ὅτι</strong></span> <span class='ocrx_word' id='word_1_270' title='bbox 3544 943 3708 996; x_wconf 77' lang='grc' dir='ltr'><strong>πᾶσαν</strong></span> 
     </span>
    </p>
   </div>
   <div class='ocr_carea' id='block_1_40' title="bbox 2141 1033 3710 1114">
    <p class='ocr_par' dir='ltr' id='par_1_40' title="bbox 2141 1033 3710 1114">
     <span class='ocr_line' id='line_1_40' title="bbox 2141 1033 3710 1114; baseline -0.003 -19"><span class='ocrx_word' id='word_1_271' title='bbox 2141 1042 2241 1114; x_wconf 81' lang='grc' dir='ltr'><strong>τὴν</strong></span> <span class='ocrx_word' id='word_1_272' title='bbox 2298 1040 2457 1093; x_wconf 87' lang='grc' dir='ltr'><strong>πόλιν</strong></span> <span class='ocrx_word' id='word_1_273' title='bbox 2516 1035 2841 1106; x_wconf 86' lang='grc' dir='ltr'><strong>ύποχειρίαν</strong></span> <span class='ocrx_word' id='word_1_274' title='bbox 2893 1033 3029 1102; x_wconf 73' lang='grc' dir='ltr'><strong>ἕξει,</strong></span> <span class='ocrx_word' id='word_1_275' title='bbox 3068 1036 3138 1088; x_wconf 84' lang='grc' dir='ltr'><strong>ἐκ</strong></span> <span class='ocrx_word' id='word_1_276' title='bbox 3199 1034 3399 1087; x_wconf 86' lang='grc' dir='ltr'><strong>τούτου</strong></span> <span class='ocrx_word' id='word_1_277' title='bbox 3442 1037 3710 1104; x_wconf 82' lang='grc' dir='ltr'><strong>προεῖπον.</strong></span> 
     </span>
    </p>
   </div>
   <div class='ocr_carea' id='block_1_41' title="bbox 2155 1127 3712 1199">
    <p class='ocr_par' dir='ltr' id='par_1_41' title="bbox 2155 1127 3712 1199">
     <span class='ocr_line' id='line_1_41' title="bbox 2155 1127 3712 1199; baseline -0.003 -13"><span class='ocrx_word' id='word_1_278' title='bbox 2155 1133 2215 1186; x_wconf 89' lang='lat'><strong>&#39;0</strong></span> <span class='ocrx_word' id='word_1_279' title='bbox 2245 1131 2300 1186; x_wconf 79' lang='grc' dir='ltr'><strong>δὲ</strong></span> <span class='ocrx_word' id='word_1_280' title='bbox 2339 1133 2408 1187; x_wconf 89' lang='grc' dir='ltr'><strong>τά</strong></span> <span class='ocrx_word' id='word_1_281' title='bbox 2444 1149 2502 1184; x_wconf 90' lang='grc' dir='ltr'><strong>τε</strong></span> <span class='ocrx_word' id='word_1_282' title='bbox 2533 1130 2670 1185; x_wconf 78' lang='grc' dir='ltr'><strong>ἄλλα</strong></span> <span class='ocrx_word' id='word_1_283' title='bbox 2698 1129 2766 1182; x_wconf 84' lang='grc' dir='ltr'><strong>τὰ</strong></span> <span class='ocrx_word' id='word_1_284' title='bbox 2809 1129 2876 1198; x_wconf 76' lang='grc' dir='ltr'><strong>τῇ</strong></span> <span class='ocrx_word' id='word_1_285' title='bbox 2928 1128 3070 1198; x_wconf 76' lang='grc' dir='ltr'><strong>ἀρχῇ</strong></span> <span class='ocrx_word' id='word_1_286' title='bbox 3126 1127 3485 1196; x_wconf 82' lang='grc' dir='ltr'><strong>προσήκοντα</strong></span> <span class='ocrx_word' id='word_1_287' title='bbox 3530 1128 3712 1199; x_wconf 85' lang='grc' dir='ltr'><strong>προθυ-</strong></span> 
     </span>
    </p>
   </div>
   <div class='ocr_carea' id='block_1_42' title="bbox 2147 1217 3714 1297">
    <p class='ocr_par' dir='ltr' id='par_1_42' title="bbox 2147 1217 3714 1297">
     <span class='ocr_line' id='line_1_42' title="bbox 2147 1217 3714 1297; baseline -0.002 -20"><span class='ocrx_word' id='word_1_288' title='bbox 2147 1225 2378 1297; x_wconf 85' lang='grc' dir='ltr'><strong>μότερον</strong></span> <span class='ocrx_word' id='word_1_289' title='bbox 2424 1222 2719 1292; x_wconf 78' lang='grc' dir='ltr'><strong>ἔπραττεν,</strong></span> <span class='ocrx_word' id='word_1_290' title='bbox 2769 1220 2846 1282; x_wconf 83' lang='grc' dir='ltr'><strong>ὡς</strong></span> <span class='ocrx_word' id='word_1_291' title='bbox 2895 1217 3194 1272; x_wconf 82' lang='grc' dir='ltr'><strong>ἐθελόντων</strong></span> <span class='ocrx_word' id='word_1_292' title='bbox 3229 1219 3438 1289; x_wconf 83' lang='grc' dir='ltr'><strong>ἄρχων,</strong></span> <span class='ocrx_word' id='word_1_293' title='bbox 3473 1219 3565 1272; x_wconf 73' lang='grc' dir='ltr'><strong>καὶ</strong></span> <span class='ocrx_word' id='word_1_294' title='bbox 3613 1221 3714 1274; x_wconf 73' lang='grc' dir='ltr'><strong>ἐνο-</strong></span> 
     </span>
    </p>
   </div>
   <div class='ocr_carea' id='block_1_43' title="bbox 2149 1308 3706 1386">
    <p class='ocr_par' dir='ltr' id='par_1_43' title="bbox 2149 1308 3706 1386">
     <span class='ocr_line' id='line_1_43' title="bbox 2149 1308 3706 1386; baseline -0.004 -15"><span class='ocrx_word' id='word_1_295' title='bbox 2149 1315 2491 1386; x_wconf 76' lang='grc' dir='ltr'><strong>μοθέτειοού</strong></span> <span class='ocrx_word' id='word_1_296' title='bbox 2546 1315 2728 1385; x_wconf 86' lang='grc' dir='ltr'><strong>μέντοι</strong></span> <span class='ocrx_word' id='word_1_297' title='bbox 2794 1312 2973 1364; x_wconf 84' lang='grc' dir='ltr'><strong>πάντα</strong></span> <span class='ocrx_word' id='word_1_298' title='bbox 3011 1308 3475 1379; x_wconf 86' lang='grc' dir='ltr'><strong>ἐθελογνωμονῶν</strong></span> <span class='ocrx_word' id='word_1_299' title='bbox 3536 1311 3706 1381; x_wconf 82' lang='grc' dir='ltr'><strong>ἐνομο-</strong></span> 
     </span>
    </p>
   </div>
   <div class='ocr_carea' id='block_1_44' title="bbox 2148 1399 3710 1470">
    <p class='ocr_par' dir='ltr' id='par_1_44' title="bbox 2148 1399 3710 1470">
     <span class='ocr_line' id='line_1_44' title="bbox 2148 1399 3710 1470; baseline -0.005 -10"><span class='ocrx_word' id='word_1_300' title='bbox 2148 1407 2317 1470; x_wconf 82' lang='grc' dir='ltr'><strong>θέτει,</strong></span> <span class='ocrx_word' id='word_1_301' title='bbox 2347 1405 2461 1459; x_wconf 80' lang='grc' dir='ltr'><strong>ἀλλ’</strong></span> <span class='ocrx_word' id='word_1_302' title='bbox 2496 1403 2644 1458; x_wconf 76' lang='grc' dir='ltr'><strong>ἐστιν</strong></span> <span class='ocrx_word' id='word_1_303' title='bbox 2687 1402 2722 1456; x_wconf 86' lang='grc' dir='ltr'><strong>δι</strong></span> <span class='ocrx_word' id='word_1_304' title='bbox 2771 1400 2868 1455; x_wconf 59' lang='grc' dir='ltr'><strong>καὶ⁸</strong></span> <span class='ocrx_word' id='word_1_305' title='bbox 2916 1401 2975 1463; x_wconf 91' lang='grc' dir='ltr'><strong>ἐς</strong></span> <span class='ocrx_word' id='word_1_306' title='bbox 3006 1399 3068 1452; x_wconf 74' lang='grc' dir='ltr'><strong>τὸ</strong></span> <span class='ocrx_word' id='word_1_307' title='bbox 3114 1400 3387 1470; x_wconf 80' lang='grc' dir='ltr'><strong>δημόσιον</strong></span> <span class='ocrx_word' id='word_1_308' title='bbox 3435 1399 3710 1468; x_wconf 86' lang='grc' dir='ltr'><strong>προετίθει,</strong></span> 
     </span>
    </p>
   </div>
   <div class='ocr_carea' id='block_1_45' title="bbox 2145 1490 3713 1566">
    <p class='ocr_par' dir='ltr' id='par_1_45' title="bbox 2145 1490 3713 1566">
     <span class='ocr_line' id='line_1_45' title="bbox 2145 1490 3713 1566; baseline -0.004 -14"><span class='ocrx_word' id='word_1_309' title='bbox 2145 1501 2292 1561; x_wconf 84' lang='grc' dir='ltr'><strong>ὅπως</strong></span> <span class='ocrx_word' id='word_1_310' title='bbox 2329 1497 2393 1550; x_wconf 77' lang='grc' dir='ltr'><strong>ἄν</strong></span> <span class='ocrx_word' id='word_1_311' title='bbox 2413 1515 2466 1550; x_wconf 86' lang='grc' dir='ltr'><strong>τι</strong></span> <span class='ocrx_word' id='word_1_312' title='bbox 2501 1496 2574 1566; x_wconf 81' lang='grc' dir='ltr'><strong>μὴ</strong></span> <span class='ocrx_word' id='word_1_313' title='bbox 2611 1494 2804 1565; x_wconf 83' lang='grc' dir='ltr'><strong>ἀρέσῃ,</strong></span> <span class='ocrx_word' id='word_1_314' title='bbox 2825 1491 3214 1563; x_wconf 79' lang='grc' dir='ltr'><strong>ἐπανορθώσῃ,</strong></span> <span class='ocrx_word' id='word_1_315' title='bbox 3247 1493 3345 1544; x_wconf 78' lang='grc' dir='ltr'><strong>καὶ</strong></span> <span class='ocrx_word' id='word_1_316' title='bbox 3369 1490 3713 1561; x_wconf 81' lang='grc' dir='ltr'><strong>προετρέπετο</strong></span> 
     </span>
    </p>
   </div>
   <div class='ocr_carea' id='block_1_46' title="bbox 2153 1580 3708 1658">
    <p class='ocr_par' dir='ltr' id='par_1_46' title="bbox 2153 1580 3708 1658">
     <span class='ocr_line' id='line_1_46' title="bbox 2153 1580 3708 1658; baseline -0.007 -13"><span class='ocrx_word' id='word_1_317' title='bbox 2153 1591 2336 1645; x_wconf 88' lang='grc' dir='ltr'><strong>πάντα</strong></span> <span class='ocrx_word' id='word_1_318' title='bbox 2388 1584 2781 1658; x_wconf 89' lang='grc' dir='ltr'><strong>συμϐουλεύειν</strong></span> <span class='ocrx_word' id='word_1_319' title='bbox 2830 1583 2978 1654; x_wconf 78' lang='grc' dir='ltr'><strong>αὐτῷ</strong></span> <span class='ocrx_word' id='word_1_320' title='bbox 3014 1583 3068 1635; x_wconf 82' lang='grc' dir='ltr'><strong>εῐ</strong></span> <span class='ocrx_word' id='word_1_321' title='bbox 3095 1581 3184 1645; x_wconf 89' lang='grc' dir='ltr'><strong>τίς</strong></span> <span class='ocrx_word' id='word_1_322' title='bbox 3216 1599 3273 1634; x_wconf 83' lang='grc' dir='ltr'><strong>τι</strong></span> <span class='ocrx_word' id='word_1_323' title='bbox 3304 1580 3524 1652; x_wconf 77' lang='grc' dir='ltr'><strong>ἄμεινον</strong></span> <span class='ocrx_word' id='word_1_324' title='bbox 3571 1582 3708 1651; x_wconf 89' lang='grc' dir='ltr'><strong>γνοίη</strong></span> 
     </span>
    </p>
   </div>
   <div class='ocr_carea' id='block_1_47' title="bbox 2148 1673 3710 1744">
    <p class='ocr_par' dir='ltr' id='par_1_47' title="bbox 2148 1673 3710 1744">
     <span class='ocr_line' id='line_1_47' title="bbox 2148 1673 3710 1744; baseline -0.008 -7"><span class='ocrx_word' id='word_1_325' title='bbox 2148 1681 2336 1738; x_wconf 80' lang='grc' dir='ltr'><strong>αὑτοῦ.</strong></span> <span class='ocrx_word' id='word_1_326' title='bbox 2395 1682 2504 1734; x_wconf 71' lang='grc' dir='ltr'><strong>Καὶ</strong></span> <span class='ocrx_word' id='word_1_327' title='bbox 2544 1678 2671 1742; x_wconf 80' lang='grc' dir='ltr'><strong>τοὺς</strong></span> <span class='ocrx_word' id='word_1_328' title='bbox 2727 1678 2968 1740; x_wconf 81' lang='grc' dir='ltr'><strong>ὑπάτους</strong></span> <span class='ocrx_word' id='word_1_329' title='bbox 3017 1677 3116 1729; x_wconf 81' lang='grc' dir='ltr'><strong>καὶ</strong></span> <span class='ocrx_word' id='word_1_330' title='bbox 3159 1676 3230 1728; x_wconf 89' lang='grc' dir='ltr'><strong>ἐκ</strong></span> <span class='ocrx_word' id='word_1_331' title='bbox 3270 1674 3382 1728; x_wconf 85' lang='grc' dir='ltr'><strong>τῶν</strong></span> <span class='ocrx_word' id='word_1_332' title='bbox 3421 1673 3589 1728; x_wconf 81' lang='grc' dir='ltr'><strong>ἄλλων</strong></span> <span class='ocrx_word' id='word_1_333' title='bbox 3626 1675 3710 1744; x_wconf 76' lang='grc' dir='ltr'><strong>ἀρ‹</strong></span> 
     </span>
    </p>
   </div>
   <div class='ocr_carea' id='block_1_48' title="bbox 2147 1761 3710 1848">
    <p class='ocr_par' dir='ltr' id='par_1_48' title="bbox 2147 1761 3710 1848">
     <span class='ocr_line' id='line_1_48' title="bbox 2147 1761 3710 1848; baseline -0.008 -18"><span class='ocrx_word' id='word_1_334' title='bbox 2147 1777 2353 1848; x_wconf 87' lang='grc' dir='ltr'><strong>χόντων</strong></span> <span class='ocrx_word' id='word_1_335' title='bbox 2381 1773 2480 1828; x_wconf 75' lang='grc' dir='ltr'><strong>ἕνα</strong></span> <span class='ocrx_word' id='word_1_336' title='bbox 2507 1773 2637 1842; x_wconf 82' lang='grc' dir='ltr'><strong>παρ’</strong></span> <span class='ocrx_word' id='word_1_337' title='bbox 2669 1761 2946 1834; x_wconf 80' lang='grc' dir='ltr'><strong>ἑκάστων,</strong></span> <span class='ocrx_word' id='word_1_338' title='bbox 2987 1770 3084 1823; x_wconf 62' lang='grc' dir='ltr'><strong>καλ⁵</strong></span> <span class='ocrx_word' id='word_1_339' title='bbox 3123 1769 3191 1822; x_wconf 83' lang='grc' dir='ltr'><strong>ἐκ</strong></span> <span class='ocrx_word' id='word_1_340' title='bbox 3235 1766 3331 1821; x_wconf 82' lang='grc' dir='ltr'><strong>τοῦ</strong></span> <span class='ocrx_word' id='word_1_341' title='bbox 3373 1766 3482 1820; x_wconf 87' lang='grc' dir='ltr'><strong>τῶν</strong></span> <span class='ocrx_word' id='word_1_342' title='bbox 3509 1767 3710 1837; x_wconf 75' lang='grc' dir='ltr'><strong>βουλευο</strong></span> 
     </span>
    </p>
   </div>
   <div class='ocr_carea' id='block_1_49' title="bbox 2149 1857 3707 1935">
    <p class='ocr_par' dir='ltr' id='par_1_49' title="bbox 2149 1857 3707 1935">
     <span class='ocr_line' id='line_1_49' title="bbox 2149 1857 3707 1935; baseline -0.005 -15"><span class='ocrx_word' id='word_1_343' title='bbox 2149 1868 2260 1920; x_wconf 83' lang='grc' dir='ltr'><strong>τῶν</strong></span> <span class='ocrx_word' id='word_1_344' title='bbox 2293 1865 2538 1935; x_wconf 79' lang='grc' dir='ltr'><strong>πλήθους</strong></span> <span class='ocrx_word' id='word_1_345' title='bbox 2569 1861 2970 1916; x_wconf 86' lang='grc' dir='ltr'><strong>πεντεκαίδεκα</strong></span> <span class='ocrx_word' id='word_1_346' title='bbox 3001 1857 3352 1930; x_wconf 89' lang='grc' dir='ltr'><strong>συμϐούλους</strong></span> <span class='ocrx_word' id='word_1_347' title='bbox 3383 1859 3437 1922; x_wconf 86' lang='grc' dir='ltr'><strong>ἐς</strong></span> <span class='ocrx_word' id='word_1_348' title='bbox 3466 1858 3707 1929; x_wconf 79' lang='grc' dir='ltr'><strong>ἑξάμηνον</strong></span> 
     </span>
    </p>
   </div>
   <div class='ocr_carea' id='block_1_50' title="bbox 2151 1945 3707 2029">
    <p class='ocr_par' dir='ltr' id='par_1_50' title="bbox 2151 1945 3707 2029">
     <span class='ocr_line' id='line_1_50' title="bbox 2151 1945 3707 2029; baseline -0.005 -19"><span class='ocrx_word' id='word_1_349' title='bbox 2151 1945 2600 2029; x_wconf 74' lang='grc' dir='ltr'><strong>παρελάμϐανεν,</strong></span> <span class='ocrx_word' id='word_1_350' title='bbox 2621 1953 2762 2007; x_wconf 82' lang='grc' dir='ltr'><strong>ὥστε</strong></span> <span class='ocrx_word' id='word_1_351' title='bbox 2792 1953 2860 2006; x_wconf 80' lang='grc' dir='ltr'><strong>δι’</strong></span> <span class='ocrx_word' id='word_1_352' title='bbox 2893 1953 3076 2005; x_wconf 82' lang='grc' dir='ltr'><strong>αὐτῶν</strong></span> <span class='ocrx_word' id='word_1_353' title='bbox 3107 1952 3207 2005; x_wconf 79' lang='grc' dir='ltr'><strong>καὶ</strong></span> <span class='ocrx_word' id='word_1_354' title='bbox 3245 1952 3382 2004; x_wconf 71' lang='grc' dir='ltr'><strong>πᾶσι</strong></span> <span class='ocrx_word' id='word_1_355' title='bbox 3420 1949 3707 2003; x_wconf 78' lang='grc' dir='ltr'><strong>κοινοῦσθαι</strong></span> 
     </span>
    </p>
   </div>
   <div class='ocr_carea' id='block_1_51' title="bbox 2150 2039 3705 2120">
    <p class='ocr_par' dir='ltr' id='par_1_51' title="bbox 2150 2039 3705 2120">
     <span class='ocr_line' id='line_1_51' title="bbox 2150 2039 3705 2120; baseline -0.008 -15"><span class='ocrx_word' id='word_1_356' title='bbox 2150 2052 2219 2105; x_wconf 80' lang='grc' dir='ltr'><strong>τά</strong></span> <span class='ocrx_word' id='word_1_357' title='bbox 2257 2050 2643 2120; x_wconf 55' lang='grc' dir='ltr'><strong>βουλευέμενα.</strong></span> <span class='ocrx_word' id='word_1_358' title='bbox 2680 2046 2835 2098; x_wconf 82' lang='grc' dir='ltr'><strong>Ἐστι</strong></span> <span class='ocrx_word' id='word_1_359' title='bbox 2881 2042 2927 2098; x_wconf 91' lang='grc' dir='ltr'><strong>δ’</strong></span> <span class='ocrx_word' id='word_1_360' title='bbox 2972 2045 3061 2097; x_wconf 84' lang='grc' dir='ltr'><strong>ὅτε</strong></span> <span class='ocrx_word' id='word_1_361' title='bbox 3093 2043 3192 2095; x_wconf 73' lang='grc' dir='ltr'><strong>καὶ</strong></span> <span class='ocrx_word' id='word_1_362' title='bbox 3224 2040 3443 2104; x_wconf 73' lang='grc' dir='ltr'><strong>ἐδίκαζε</strong></span> <span class='ocrx_word' id='word_1_363' title='bbox 3476 2039 3587 2110; x_wconf 81' lang='grc' dir='ltr'><strong>μετ’</strong></span> <span class='ocrx_word' id='word_1_364' title='bbox 3622 2040 3705 2093; x_wconf 83' lang='grc' dir='ltr'><strong>αύ-</strong></span> 
     </span>
    </p>
   </div>
   <div class='ocr_carea' id='block_1_52' title="bbox 2152 2129 3703 2208">
    <p class='ocr_par' dir='ltr' id='par_1_52' title="bbox 2152 2129 3703 2208">
     <span class='ocr_line' id='line_1_52' title="bbox 2152 2129 3703 2208; baseline -0.009 -14"><span class='ocrx_word' id='word_1_365' title='bbox 2152 2142 2280 2194; x_wconf 86' lang='grc' dir='ltr'><strong>τῶν.</strong></span> <span class='ocrx_word' id='word_1_366' title='bbox 2319 2140 2543 2208; x_wconf 83' lang='grc' dir='ltr'><strong>Ἐκρινε</strong></span> <span class='ocrx_word' id='word_1_367' title='bbox 2603 2137 2704 2206; x_wconf 87' lang='grc' dir='ltr'><strong>μέν</strong></span> <span class='ocrx_word' id='word_1_368' title='bbox 2759 2134 2866 2206; x_wconf 83' lang='grc' dir='ltr'><strong>γὰρ</strong></span> <span class='ocrx_word' id='word_1_369' title='bbox 2914 2133 3009 2186; x_wconf 72' lang='grc' dir='ltr'><strong>καὶ</strong></span> <span class='ocrx_word' id='word_1_370' title='bbox 3069 2131 3200 2186; x_wconf 87' lang='grc' dir='ltr'><strong>καθ’</strong></span> <span class='ocrx_word' id='word_1_371' title='bbox 3247 2129 3451 2201; x_wconf 79' lang='grc' dir='ltr'><strong>ἑαυτὴν</strong></span> <span class='ocrx_word' id='word_1_372' title='bbox 3480 2133 3510 2200; x_wconf 76' lang='grc' dir='ltr'>ἡ</span> <span class='ocrx_word' id='word_1_373' title='bbox 3544 2131 3703 2201; x_wconf 73' lang='grc' dir='ltr'><strong>βουλή.</strong></span> 
     </span>
    </p>
   </div>
   <div class='ocr_carea' id='block_1_53' title="bbox 2163 2219 3703 2300">
    <p class='ocr_par' dir='ltr' id='par_1_53' title="bbox 2163 2219 3703 2300">
     <span class='ocr_line' id='line_1_53' title="bbox 2163 2219 3703 2300; baseline -0.009 -15"><span class='ocrx_word' id='word_1_374' title='bbox 2163 2233 2274 2285; x_wconf 72' lang='grc' dir='ltr'><strong>Καὶ</strong></span> <span class='ocrx_word' id='word_1_375' title='bbox 2300 2228 2622 2300; x_wconf 86' lang='grc' dir='ltr'><strong>πρεσϐείαις</strong></span> <span class='ocrx_word' id='word_1_376' title='bbox 2654 2226 2749 2278; x_wconf 72' lang='grc' dir='ltr'><strong>καὶ</strong></span> <span class='ocrx_word' id='word_1_377' title='bbox 2780 2223 3104 2296; x_wconf 82' lang='grc' dir='ltr'><strong>κηρυκείαις</strong></span> <span class='ocrx_word' id='word_1_378' title='bbox 3142 2222 3534 2292; x_wconf 77' lang='grc' dir='ltr'><strong>ἐχρημάτιζεν.</strong></span> <span class='ocrx_word' id='word_1_379' title='bbox 3565 2219 3624 2274; x_wconf 81' lang='grc' dir='ltr'>Ὀ</span> <span class='ocrx_word' id='word_1_380' title='bbox 3654 2237 3703 2272; x_wconf 92' lang='grc' dir='ltr'><strong>τε</strong></span> 
     </span>
    </p>
   </div>
   <div class='ocr_carea' id='block_1_54' title="bbox 2152 2311 3702 2393">
    <p class='ocr_par' dir='ltr' id='par_1_54' title="bbox 2152 2311 3702 2393">
     <span class='ocr_line' id='line_1_54' title="bbox 2152 2311 3702 2393; baseline -0.009 -17"><span class='ocrx_word' id='word_1_381' title='bbox 2152 2325 2321 2393; x_wconf 68' lang='grc' dir='ltr'><strong>δῆμος</strong></span> <span class='ocrx_word' id='word_1_382' title='bbox 2374 2322 2455 2383; x_wconf 80' lang='grc' dir='ltr'><strong>είς</strong></span> <span class='ocrx_word' id='word_1_383' title='bbox 2492 2319 2590 2382; x_wconf 81' lang='grc' dir='ltr'><strong>τὰς</strong></span> <span class='ocrx_word' id='word_1_384' title='bbox 2641 2315 2999 2388; x_wconf 82' lang='grc' dir='ltr'><strong>ἀρχαιρεσίας</strong></span> <span class='ocrx_word' id='word_1_385' title='bbox 3049 2314 3403 2382; x_wconf 78' lang='grc' dir='ltr'><strong>συνελέγετο,</strong></span> <span class='ocrx_word' id='word_1_386' title='bbox 3438 2313 3496 2365; x_wconf 84' lang='grc' dir='ltr'><strong>οὐ</strong></span> <span class='ocrx_word' id='word_1_387' title='bbox 3545 2311 3702 2381; x_wconf 84' lang='grc' dir='ltr'><strong>μέντοι</strong></span> 
     </span>
    </p>
   </div>
   <div class='ocr_carea' id='block_1_55' title="bbox 2154 2403 3703 2485">
    <p class='ocr_par' dir='ltr' id='par_1_55' title="bbox 2154 2403 3703 2485">
     <span class='ocr_line' id='line_1_55' title="bbox 2154 2403 3703 2485; baseline -0.01 -17"><span class='ocrx_word' id='word_1_388' title='bbox 2154 2414 2458 2485; x_wconf 84' lang='grc' dir='ltr'><strong>ἐπράττετό</strong></span> <span class='ocrx_word' id='word_1_389' title='bbox 2491 2430 2542 2464; x_wconf 91' lang='grc' dir='ltr'><strong>τι</strong></span> <span class='ocrx_word' id='word_1_390' title='bbox 2577 2411 2605 2464; x_wconf 80' lang='grc' dir='ltr'>ὃ</span> <span class='ocrx_word' id='word_1_391' title='bbox 2645 2411 2718 2480; x_wconf 81' lang='grc' dir='ltr'><strong>μὴ</strong></span> <span class='ocrx_word' id='word_1_392' title='bbox 2767 2409 2965 2477; x_wconf 87' lang='grc' dir='ltr'><strong>ἐκείνῳ</strong></span> <span class='ocrx_word' id='word_1_393' title='bbox 3025 2405 3261 2476; x_wconf 71' lang='grc' dir='ltr'><strong>ἤρεσκε.</strong></span> <span class='ocrx_word' id='word_1_394' title='bbox 3321 2403 3427 2456; x_wconf 75' lang='grc' dir='ltr'><strong>Καὶ</strong></span> <span class='ocrx_word' id='word_1_395' title='bbox 3469 2403 3585 2465; x_wconf 75' lang='grc' dir='ltr'><strong>τοὺς</strong></span> <span class='ocrx_word' id='word_1_396' title='bbox 3618 2403 3703 2472; x_wconf 80' lang='grc' dir='ltr'><strong>ἄρ-</strong></span> 
     </span>
    </p>
   </div>
   <div class='ocr_carea' id='block_1_56' title="bbox 2157 2491 3698 2574">
    <p class='ocr_par' dir='ltr' id='par_1_56' title="bbox 2157 2491 3698 2574">
     <span class='ocr_line' id='line_1_56' title="bbox 2157 2491 3698 2574; baseline -0.012 -11"><span class='ocrx_word' id='word_1_397' title='bbox 2157 2509 2348 2574; x_wconf 78' lang='grc' dir='ltr'><strong>ξοντας</strong></span> <span class='ocrx_word' id='word_1_398' title='bbox 2384 2505 2508 2568; x_wconf 77' lang='grc' dir='ltr'><strong>τοὺς</strong></span> <span class='ocrx_word' id='word_1_399' title='bbox 2561 2503 2660 2572; x_wconf 76' lang='grc' dir='ltr'><strong>μὲν</strong></span> <span class='ocrx_word' id='word_1_400' title='bbox 2689 2502 2854 2563; x_wconf 70' lang='grc' dir='ltr'><strong>αὐτὸς</strong></span> <span class='ocrx_word' id='word_1_401' title='bbox 2887 2496 3292 2570; x_wconf 83' lang='grc' dir='ltr'><strong>προεϐάλλετο,</strong></span> <span class='ocrx_word' id='word_1_402' title='bbox 3328 2496 3452 2558; x_wconf 76' lang='grc' dir='ltr'><strong>τοὺς</strong></span> <span class='ocrx_word' id='word_1_403' title='bbox 3479 2494 3532 2548; x_wconf 76' lang='grc' dir='ltr'><strong>δὲ</strong></span> <span class='ocrx_word' id='word_1_404' title='bbox 3568 2495 3618 2554; x_wconf 85' lang='grc' dir='ltr'><strong>ἐς</strong></span> <span class='ocrx_word' id='word_1_405' title='bbox 3647 2491 3698 2546; x_wconf 79' lang='grc' dir='ltr'><strong>τὸ</strong></span> 
     </span>
    </p>
   </div>
   <div class='ocr_carea' id='block_1_57' title="bbox 2156 2586 3697 2664">
    <p class='ocr_par' dir='ltr' id='par_1_57' title="bbox 2156 2586 3697 2664">
     <span class='ocr_line' id='line_1_57' title="bbox 2156 2586 3697 2664; baseline -0.012 -7"><span class='ocrx_word' id='word_1_406' title='bbox 2156 2601 2334 2657; x_wconf 79' lang='grc' dir='ltr'><strong>κοινὸν</strong></span> <span class='ocrx_word' id='word_1_407' title='bbox 2380 2598 2641 2664; x_wconf 75' lang='grc' dir='ltr'><strong>ἐποιεῖτο,</strong></span> <span class='ocrx_word' id='word_1_408' title='bbox 2681 2593 3114 2664; x_wconf 78' lang='grc' dir='ltr'><strong>ἐπιμελούμενος</strong></span> <span class='ocrx_word' id='word_1_409' title='bbox 3162 2591 3308 2643; x_wconf 79' lang='grc' dir='ltr'><strong>ὥστε</strong></span> <span class='ocrx_word' id='word_1_410' title='bbox 3367 2586 3490 2657; x_wconf 84' lang='grc' dir='ltr'><strong>μήτ’</strong></span> <span class='ocrx_word' id='word_1_411' title='bbox 3534 2586 3697 2639; x_wconf 78' lang='grc' dir='ltr'><strong>ἀνεπιο</strong></span> 
     </span>
    </p>
   </div>
   <div class='ocr_carea' id='block_1_58' title="bbox 2155 2676 3698 2764">
    <p class='ocr_par' dir='ltr' id='par_1_58' title="bbox 2155 2676 3698 2764">
     <span class='ocr_line' id='line_1_58' title="bbox 2155 2676 3698 2764; baseline -0.01 -18"><span class='ocrx_word' id='word_1_412' title='bbox 2155 2694 2356 2764; x_wconf 68' lang='grc' dir='ltr'><strong>τήδειοι</strong></span> <span class='ocrx_word' id='word_1_413' title='bbox 2393 2689 2518 2762; x_wconf 83' lang='grc' dir='ltr'><strong>μήτ’</strong></span> <span class='ocrx_word' id='word_1_414' title='bbox 2545 2691 2607 2743; x_wconf 86' lang='grc' dir='ltr'><strong>ἐκ</strong></span> <span class='ocrx_word' id='word_1_415' title='bbox 2650 2682 3179 2758; x_wconf 77' lang='grc' dir='ltr'><strong>παρακελεύσεωςῆ</strong></span> <span class='ocrx_word' id='word_1_416' title='bbox 3217 2683 3312 2735; x_wconf 74' lang='grc' dir='ltr'><strong>καὶ</strong></span> <span class='ocrx_word' id='word_1_417' title='bbox 3347 2683 3422 2733; x_wconf 81' lang='grc' dir='ltr'><strong>-ἐκ</strong></span> <span class='ocrx_word' id='word_1_418' title='bbox 3457 2676 3698 2748; x_wconf 72' lang='grc' dir='ltr'><strong>δεκασμοῦ</strong></span> 
     </span>
    </p>
   </div>
   <div class='ocr_carea' id='block_1_59' title="bbox 2157 2767 3700 2848">
    <p class='ocr_par' dir='ltr' id='par_1_59' title="bbox 2157 2767 3700 2848">
     <span class='ocr_line' id='line_1_59' title="bbox 2157 2767 3700 2848; baseline -0.012 -11"><span class='ocrx_word' id='word_1_419' title='bbox 2157 2782 2600 2837; x_wconf 81' lang='grc' dir='ltr'><strong>ἀποδείκνυνται.</strong></span> <span class='ocrx_word' id='word_1_420' title='bbox 2647 2780 2757 2831; x_wconf 80' lang='grc' dir='ltr'><strong>Καὶ</strong></span> <span class='ocrx_word' id='word_1_421' title='bbox 2786 2777 2912 2848; x_wconf 77' lang='grc' dir='ltr'><strong>ἔθνη</strong></span> <span class='ocrx_word' id='word_1_422' title='bbox 2944 2775 3013 2828; x_wconf 71' lang='grc' dir='ltr'><strong>τὰ</strong></span> <span class='ocrx_word' id='word_1_423' title='bbox 3047 2777 3151 2845; x_wconf 76' lang='grc' dir='ltr'><strong>μὲν</strong></span> <span class='ocrx_word' id='word_1_424' title='bbox 3204 2773 3273 2826; x_wconf 83' lang='grc' dir='ltr'><strong>δι’</strong></span> <span class='ocrx_word' id='word_1_425' title='bbox 3299 2771 3512 2835; x_wconf 78' lang='grc' dir='ltr'><strong>ἑαυτοῦ,</strong></span> <span class='ocrx_word' id='word_1_426' title='bbox 3558 2769 3618 2821; x_wconf 81' lang='grc' dir='ltr'><strong>τά</strong></span> <span class='ocrx_word' id='word_1_427' title='bbox 3654 2767 3700 2819; x_wconf 81' lang='grc' dir='ltr'><strong>δέ</strong></span> 
     </span>
    </p>
   </div>
   <div class='ocr_carea' id='block_1_60' title="bbox 2158 2858 3698 2942">
    <p class='ocr_par' dir='ltr' id='par_1_60' title="bbox 2158 2858 3698 2942">
     <span class='ocr_line' id='line_1_60' title="bbox 2158 2858 3698 2942; baseline -0.011 -16"><span class='ocrx_word' id='word_1_428' title='bbox 2158 2873 2224 2927; x_wconf 87' lang='grc' dir='ltr'><strong>δι’</strong></span> <span class='ocrx_word' id='word_1_429' title='bbox 2253 2873 2456 2942; x_wconf 86' lang='grc' dir='ltr'><strong>ἐτέρων</strong></span> <span class='ocrx_word' id='word_1_430' title='bbox 2500 2873 2568 2941; x_wconf 82' lang='grc' dir='ltr'><strong>τῇ</strong></span> <span class='ocrx_word' id='word_1_431' title='bbox 2607 2867 2898 2939; x_wconf 85' lang='grc' dir='ltr'><strong>Ῥωμαίων</strong></span> <span class='ocrx_word' id='word_1_432' title='bbox 2933 2864 3211 2938; x_wconf 73' lang='grc' dir='ltr'><strong>ἡγεμονίᾳ</strong></span> <span class='ocrx_word' id='word_1_433' title='bbox 3253 2864 3536 2928; x_wconf 76' lang='grc' dir='ltr'><strong>ὑπέταξεν.</strong></span> <span class='ocrx_word' id='word_1_434' title='bbox 3577 2858 3698 2912; x_wconf 83' lang='grc' dir='ltr'><strong>’0δέ</strong></span> 
     </span>
    </p>
   </div>
   <div class='ocr_carea' id='block_1_61' title="bbox 2159 2951 3695 3034">
    <p class='ocr_par' dir='ltr' id='par_1_61' title="bbox 2159 2951 3695 3034">
     <span class='ocr_line' id='line_1_61' title="bbox 2159 2951 3695 3034; baseline -0.01 -19"><span class='ocrx_word' id='word_1_435' title='bbox 2159 2963 2260 3034; x_wconf 82' lang='grc' dir='ltr'><strong>τῆς</strong></span> <span class='ocrx_word' id='word_1_436' title='bbox 2299 2961 2579 3030; x_wconf 82' lang='grc' dir='ltr'><strong>Αἰγύπτου</strong></span> <span class='ocrx_word' id='word_1_437' title='bbox 2625 2959 2812 3030; x_wconf 81' lang='grc' dir='ltr'><strong>ἄρχων</strong></span> <span class='ocrx_word' id='word_1_438' title='bbox 2847 2957 3029 3020; x_wconf 71' lang='grc' dir='ltr'><strong>Αἴλιος</strong></span> <span class='ocrx_word' id='word_1_439' title='bbox 3072 2957 3114 3008; x_wconf 89' lang='grc' dir='ltr'><strong>Γ</strong></span> <span class='ocrx_word' id='word_1_440' title='bbox 3118 2957 3284 3018; x_wconf 82' lang='grc' dir='ltr'><strong>άλλος</strong></span> <span class='ocrx_word' id='word_1_441' title='bbox 3327 2953 3419 3005; x_wconf 80' lang='grc' dir='ltr'><strong>ἐπὶ</strong></span> <span class='ocrx_word' id='word_1_442' title='bbox 3470 2951 3695 3021; x_wconf 73' lang='grc' dir='ltr'><strong>’Δριϐίαν</strong></span> 
     </span>
    </p>
   </div>
   <div class='ocr_carea' id='block_1_62' title="bbox 2161 3047 3696 3126">
    <p class='ocr_par' dir='ltr' id='par_1_62' title="bbox 2161 3047 3696 3126">
     <span class='ocr_line' id='line_1_62' title="bbox 2161 3047 3696 3126; baseline -0.008 -18"><span class='ocrx_word' id='word_1_443' title='bbox 2161 3055 2264 3126; x_wconf 78' lang='grc' dir='ltr'><strong>τὴν</strong></span> <span class='ocrx_word' id='word_1_444' title='bbox 2311 3051 2640 3121; x_wconf 77' lang='grc' dir='ltr'><strong>Εὐδαίμονα,</strong></span> <span class='ocrx_word' id='word_1_445' title='bbox 2685 3047 2753 3125; x_wconf 75' lang='grc' dir='ltr'><strong>ἧς</strong></span> <span class='ocrx_word' id='word_1_446' title='bbox 2800 3051 2973 3114; x_wconf 81' lang='grc' dir='ltr'><strong>Σάϐος</strong></span> <span class='ocrx_word' id='word_1_447' title='bbox 3013 3049 3360 3113; x_wconf 89' lang='grc' dir='ltr'><strong>ἐϐασίλευεν,</strong></span> <span class='ocrx_word' id='word_1_448' title='bbox 3410 3047 3696 3114; x_wconf 75' lang='grc' dir='ltr'><strong>ἐστράτευσε</strong></span> 
     </span>
    </p>
   </div>
   <div class='ocr_carea' id='block_1_63' title="bbox 2159 3137 3698 3214">
    <p class='ocr_par' dir='ltr' id='par_1_63' title="bbox 2159 3137 3698 3214">
     <span class='ocr_line' id='line_1_63' title="bbox 2159 3137 3698 3214; baseline -0.008 -13"><span class='ocrx_word' id='word_1_449' title='bbox 2159 3150 2302 3210; x_wconf 87' lang='grc' dir='ltr'><strong>τότε,</strong></span> <span class='ocrx_word' id='word_1_450' title='bbox 2339 3147 2435 3201; x_wconf 74' lang='grc' dir='ltr'><strong>καὶ</strong></span> <span class='ocrx_word' id='word_1_451' title='bbox 2463 3146 2638 3205; x_wconf 78' lang='grc' dir='ltr'><strong>οὐδεὶς</strong></span> <span class='ocrx_word' id='word_1_452' title='bbox 2671 3145 2772 3214; x_wconf 81' lang='grc' dir='ltr'><strong>μὲν</strong></span> <span class='ocrx_word' id='word_1_453' title='bbox 2802 3143 3037 3198; x_wconf 79' lang='grc' dir='ltr'><strong>ἐνώπιον</strong></span> <span class='ocrx_word' id='word_1_454' title='bbox 3063 3142 3235 3196; x_wconf 71' lang='grc' dir='ltr'><strong>αἰτοῦ</strong></span> <span class='ocrx_word' id='word_1_455' title='bbox 3278 3142 3410 3210; x_wconf 79' lang='grc' dir='ltr'><strong>ἔστη</strong></span> <span class='ocrx_word' id='word_1_456' title='bbox 3439 3141 3540 3192; x_wconf 81' lang='grc' dir='ltr'><strong>τῶν</strong></span> <span class='ocrx_word' id='word_1_457' title='bbox 3567 3137 3698 3190; x_wconf 82' lang='grc' dir='ltr'><strong>πολε-</strong></span> 
     </span>
    </p>
   </div>
   <div class='ocr_carea' id='block_1_64' title="bbox 490 3226 2057 3326">
    <p class='ocr_par' dir='ltr' id='par_1_64' title="bbox 490 3255 2054 3326">
     <span class='ocr_line' id='line_1_64' title="bbox 490 3255 2054 3326; baseline -0.002 -15"><span class='ocrx_word' id='word_1_458' title='bbox 490 3257 723 3311; x_wconf 71' lang='lat' dir='ltr'><strong>maxima</strong></span> <span class='ocrx_word' id='word_1_459' title='bbox 759 3271 884 3326; x_wconf 91' lang='lat' dir='ltr'><strong>pars</strong></span> <span class='ocrx_word' id='word_1_460' title='bbox 914 3256 1185 3310; x_wconf 85' lang='lat' dir='ltr'><strong>exercitus</strong></span> <span class='ocrx_word' id='word_1_461' title='bbox 1213 3272 1279 3309; x_wconf 84' lang='lat' dir='ltr'><strong>ex</strong></span> <span class='ocrx_word' id='word_1_462' title='bbox 1314 3255 1508 3309; x_wconf 88' lang='lat' dir='ltr'><strong>morbo</strong></span> <span class='ocrx_word' id='word_1_463' title='bbox 1535 3271 1645 3325; x_wconf 92' lang='lat' dir='ltr'><strong>quo</strong></span> <span class='ocrx_word' id='word_1_464' title='bbox 1675 3255 1854 3326; x_wconf 86' lang='lat' dir='ltr'><strong>capita</strong></span> <span class='ocrx_word' id='word_1_465' title='bbox 1884 3255 2054 3308; x_wconf 83' lang='lat' dir='ltr'><strong>exsic-</strong></span> 
     </span>
    </p>
   </div>
   <div class='ocr_carea' id='block_1_65' title="bbox 2160 3226 3696 3326">
    <p class='ocr_par' dir='ltr' id='par_1_65' title="bbox 2167 3226 3696 3308">
     <span class='ocr_line' id='line_1_65' title="bbox 2167 3226 3696 3308; baseline -0.007 -18"><span class='ocrx_word' id='word_1_466' title='bbox 2167 3239 2324 3308; x_wconf 89' lang='grc' dir='ltr'><strong>μίων,</strong></span> <span class='ocrx_word' id='word_1_467' title='bbox 2353 3237 2415 3290; x_wconf 81' lang='grc' dir='ltr'><strong>οὐ</strong></span> <span class='ocrx_word' id='word_1_468' title='bbox 2450 3235 2556 3306; x_wconf 82' lang='grc' dir='ltr'><strong>μὴν</strong></span> <span class='ocrx_word' id='word_1_469' title='bbox 2599 3234 2819 3296; x_wconf 80' lang='grc' dir='ltr'><strong>ἀπόνως</strong></span> <span class='ocrx_word' id='word_1_470' title='bbox 2851 3231 3170 3304; x_wconf 77' lang='grc' dir='ltr'><strong>προύχώρει</strong></span> <span class='ocrx_word' id='word_1_471' title='bbox 3197 3249 3211 3262; x_wconf 87' lang='grc'><strong>·</strong></span> <span class='ocrx_word' id='word_1_472' title='bbox 3243 3233 3278 3302; x_wconf 81' lang='grc' dir='ltr'>ἦ</span> <span class='ocrx_word' id='word_1_473' title='bbox 3310 3248 3367 3284; x_wconf 87' lang='grc' dir='ltr'><strong>τε</strong></span> <span class='ocrx_word' id='word_1_474' title='bbox 3393 3231 3496 3298; x_wconf 77' lang='grc' dir='ltr'><strong>γὰρ</strong></span> <span class='ocrx_word' id='word_1_475' title='bbox 3519 3226 3696 3296; x_wconf 70' lang='grc' dir='ltr'><strong>ἐρημία</strong></span> 
     </span>
    </p>
   </div>
   <div class='ocr_carea' id='block_1_66' title="bbox 489 3347 2056 3418">
    <p class='ocr_par' dir='ltr' id='par_1_66' title="bbox 489 3347 2056 3418">
     <span class='ocr_line' id='line_1_66' title="bbox 489 3347 2056 3418; baseline 0.001 -16"><span class='ocrx_word' id='word_1_476' title='bbox 489 3349 782 3414; x_wconf 87' lang='lat' dir='ltr'><strong>cabantur,</strong></span> <span class='ocrx_word' id='word_1_477' title='bbox 835 3349 1106 3403; x_wconf 88' lang='lat' dir='ltr'><strong>interiret.</strong></span> <span class='ocrx_word' id='word_1_478' title='bbox 1161 3349 1210 3402; x_wconf 91' lang='lat' dir='ltr'><strong>Is</strong></span> <span class='ocrx_word' id='word_1_479' title='bbox 1263 3351 1466 3404; x_wconf 78' lang='lat' dir='ltr'><strong>multos</strong></span> <span class='ocrx_word' id='word_1_480' title='bbox 1508 3350 1691 3404; x_wconf 87' lang='lat' dir='ltr'><strong>statim</strong></span> <span class='ocrx_word' id='word_1_481' title='bbox 1735 3347 2056 3418; x_wconf 88' lang='lat' dir='ltr'><strong>perimebat.</strong></span> 
     </span>
    </p>
   </div>
   <div class='ocr_carea' id='block_1_67' title="bbox 493 3441 2062 3511">
    <p class='ocr_par' dir='ltr' id='par_1_67' title="bbox 493 3441 2062 3511">
     <span class='ocr_line' id='line_1_67' title="bbox 493 3441 2062 3511; baseline -0.002 -15"><span class='ocrx_word' id='word_1_482' title='bbox 493 3442 551 3496; x_wconf 87' lang='lat' dir='ltr'><strong>Si</strong></span> <span class='ocrx_word' id='word_1_483' title='bbox 583 3443 674 3511; x_wconf 90' lang='lat' dir='ltr'><strong>qui</strong></span> <span class='ocrx_word' id='word_1_484' title='bbox 711 3457 839 3496; x_wconf 90' lang='lat' dir='ltr'><strong>vere</strong></span> <span class='ocrx_word' id='word_1_485' title='bbox 867 3441 1194 3504; x_wconf 75' lang='lat' dir='ltr'><strong>evadebant,</strong></span> <span class='ocrx_word' id='word_1_486' title='bbox 1230 3443 1284 3495; x_wconf 91' lang='lat' dir='ltr'><strong>in</strong></span> <span class='ocrx_word' id='word_1_487' title='bbox 1318 3457 1510 3495; x_wconf 89' lang='lat' dir='ltr'><strong>eorum</strong></span> <span class='ocrx_word' id='word_1_488' title='bbox 1541 3441 1740 3511; x_wconf 89' lang='lat' dir='ltr'><strong>pedes,</strong></span> <span class='ocrx_word' id='word_1_489' title='bbox 1773 3449 1885 3494; x_wconf 90' lang='lat' dir='ltr'><strong>toto</strong></span> <span class='ocrx_word' id='word_1_490' title='bbox 1934 3441 2062 3494; x_wconf 88' lang='lat' dir='ltr'><strong>reli—</strong></span> 
     </span>
    </p>
   </div>
   <div class='ocr_carea' id='block_1_68' title="bbox 492 3533 2060 3603">
    <p class='ocr_par' dir='ltr' id='par_1_68' title="bbox 492 3533 2060 3603">
     <span class='ocr_line' id='line_1_68' title="bbox 492 3533 2060 3603; baseline 0 -17"><span class='ocrx_word' id='word_1_491' title='bbox 492 3549 602 3603; x_wconf 92' lang='lat' dir='ltr'><strong>quo</strong></span> <span class='ocrx_word' id='word_1_492' title='bbox 635 3549 866 3603; x_wconf 90' lang='lat' dir='ltr'><strong>corpore</strong></span> <span class='ocrx_word' id='word_1_493' title='bbox 897 3533 1179 3599; x_wconf 90' lang='lat' dir='ltr'><strong>incolumi,</strong></span> <span class='ocrx_word' id='word_1_494' title='bbox 1219 3533 1522 3600; x_wconf 88' lang='lat' dir='ltr'><strong>desidebat,</strong></span> <span class='ocrx_word' id='word_1_495' title='bbox 1547 3549 1752 3603; x_wconf 89' lang='lat' dir='ltr'><strong>eosque</strong></span> <span class='ocrx_word' id='word_1_496' title='bbox 1787 3533 2060 3587; x_wconf 76' lang='lat' dir='ltr'><strong>vexabat:</strong></span> 
     </span>
    </p>
   </div>
   <div class='ocr_carea' id='block_1_69' title="bbox 491 3623 2061 3690">
    <p class='ocr_par' dir='ltr' id='par_1_69' title="bbox 491 3623 2061 3690">
     <span class='ocr_line' id='line_1_69' title="bbox 491 3623 2061 3690; baseline 0.001 -14"><span class='ocrx_word' id='word_1_497' title='bbox 491 3639 598 3678; x_wconf 90' lang='lat' dir='ltr'><strong>nec</strong></span> <span class='ocrx_word' id='word_1_498' title='bbox 636 3624 807 3677; x_wconf 86' lang='lat' dir='ltr'><strong>ullum</strong></span> <span class='ocrx_word' id='word_1_499' title='bbox 839 3633 957 3678; x_wconf 85' lang='lat' dir='ltr'><strong>erat</strong></span> <span class='ocrx_word' id='word_1_500' title='bbox 989 3624 1295 3678; x_wconf 89' lang='lat' dir='ltr'><strong>remedium</strong></span> <span class='ocrx_word' id='word_1_501' title='bbox 1329 3624 1498 3690; x_wconf 89' lang='lat' dir='ltr'><strong>aliud,</strong></span> <span class='ocrx_word' id='word_1_502' title='bbox 1531 3624 1637 3678; x_wconf 88' lang='lat' dir='ltr'><strong>nisi</strong></span> <span class='ocrx_word' id='word_1_503' title='bbox 1686 3633 1744 3678; x_wconf 92' lang='lat' dir='ltr'><strong>ut</strong></span> <span class='ocrx_word' id='word_1_504' title='bbox 1769 3623 1890 3678; x_wconf 85' lang='lat' dir='ltr'><strong>oleo</strong></span> <span class='ocrx_word' id='word_1_505' title='bbox 1934 3624 2061 3678; x_wconf 92' lang='lat' dir='ltr'><strong>vino</strong></span> 
     </span>
    </p>
   </div>
   <div class='ocr_carea' id='block_1_70' title="bbox 493 3714 2062 3786">
    <p class='ocr_par' dir='ltr' id='par_1_70' title="bbox 493 3714 2062 3786">
     <span class='ocr_line' id='line_1_70' title="bbox 493 3714 2062 3786; baseline 0.001 -17"><span class='ocrx_word' id='word_1_506' title='bbox 493 3721 798 3782; x_wconf 72' lang='lat' dir='ltr'><strong>temperato</strong></span> <span class='ocrx_word' id='word_1_507' title='bbox 843 3714 1256 3785; x_wconf 80' lang='lat' dir='ltr'><strong>inungerentur.</strong></span> <span class='ocrx_word' id='word_1_508' title='bbox 1302 3714 1362 3770; x_wconf 76' lang='grc' dir='ltr'><strong>ιιι</strong></span> <span class='ocrx_word' id='word_1_509' title='bbox 1405 3731 1536 3770; x_wconf 86' lang='lat' dir='ltr'><strong>vero</strong></span> <span class='ocrx_word' id='word_1_510' title='bbox 1587 3718 1881 3786; x_wconf 88' lang='lat' dir='ltr'><strong>perpaucis</strong></span> <span class='ocrx_word' id='word_1_511' title='bbox 1927 3732 2062 3786; x_wconf 83' lang='lat' dir='ltr'><strong>sup-</strong></span> 
     </span>
    </p>
   </div>
   <div class='ocr_carea' id='block_1_71' title="bbox 497 3805 2062 3878">
    <p class='ocr_par' dir='ltr' id='par_1_71' title="bbox 497 3805 2062 3878">
     <span class='ocr_line' id='line_1_71' title="bbox 497 3805 2062 3878; baseline 0.003 -20"><span class='ocrx_word' id='word_1_512' title='bbox 497 3805 715 3876; x_wconf 88' lang='lat' dir='ltr'><strong>petebat</strong></span> <span class='ocrx_word' id='word_1_513' title='bbox 747 3823 763 3861; x_wconf 88' lang='lat'><strong>:</strong></span> <span class='ocrx_word' id='word_1_514' title='bbox 795 3821 920 3860; x_wconf 89' lang='lat' dir='ltr'><strong>nam</strong></span> <span class='ocrx_word' id='word_1_515' title='bbox 953 3819 1018 3860; x_wconf 89' lang='lat' dir='ltr'><strong>ea</strong></span> <span class='ocrx_word' id='word_1_516' title='bbox 1063 3807 1213 3878; x_wconf 84' lang='lat' dir='ltr'><strong>regio</strong></span> <span class='ocrx_word' id='word_1_517' title='bbox 1254 3815 1508 3862; x_wconf 90' lang='lat' dir='ltr'><strong>neutrum</strong></span> <span class='ocrx_word' id='word_1_518' title='bbox 1539 3808 1731 3878; x_wconf 74' lang='lat' dir='ltr'><strong>gignit,</strong></span> <span class='ocrx_word' id='word_1_519' title='bbox 1777 3823 1954 3877; x_wconf 88' lang='lat' dir='ltr'><strong>neque</strong></span> <span class='ocrx_word' id='word_1_520' title='bbox 1985 3807 2062 3862; x_wconf 90' lang='lat' dir='ltr'><strong>illi</strong></span> 
     </span>
    </p>
   </div>
   <div class='ocr_carea' id='block_1_72' title="bbox 496 3895 2061 3966">
    <p class='ocr_par' dir='ltr' id='par_1_72' title="bbox 496 3895 2061 3966">
     <span class='ocr_line' id='line_1_72' title="bbox 496 3895 2061 3966; baseline 0.003 -20"><span class='ocrx_word' id='word_1_521' title='bbox 496 3909 747 3964; x_wconf 79' lang='lat' dir='ltr'><strong>magnam</strong></span> <span class='ocrx_word' id='word_1_522' title='bbox 789 3896 1001 3964; x_wconf 90' lang='lat' dir='ltr'><strong>copiam</strong></span> <span class='ocrx_word' id='word_1_523' title='bbox 1042 3905 1433 3966; x_wconf 70' lang='lat' dir='ltr'><strong>prazpararant.</strong></span> <span class='ocrx_word' id='word_1_524' title='bbox 1477 3895 1537 3950; x_wconf 90' lang='lat' dir='ltr'><strong>ln</strong></span> <span class='ocrx_word' id='word_1_525' title='bbox 1586 3911 1650 3951; x_wconf 90' lang='lat' dir='ltr'><strong>ea</strong></span> <span class='ocrx_word' id='word_1_526' title='bbox 1698 3897 1790 3952; x_wconf 88' lang='lat' dir='ltr'><strong>lue</strong></span> <span class='ocrx_word' id='word_1_527' title='bbox 1845 3897 2061 3951; x_wconf 88' lang='lat' dir='ltr'><strong>barbari</strong></span> 
     </span>
    </p>
   </div>
   <div class='ocr_carea' id='block_1_73' title="bbox 495 3985 2066 4058">
    <p class='ocr_par' dir='ltr' id='par_1_73' title="bbox 495 3985 2066 4058">
     <span class='ocr_line' id='line_1_73' title="bbox 495 3985 2066 4058; baseline 0.004 -21"><span class='ocrx_word' id='word_1_528' title='bbox 495 4000 738 4056; x_wconf 85' lang='lat' dir='ltr'><strong>quoque,</strong></span> <span class='ocrx_word' id='word_1_529' title='bbox 773 3985 1010 4057; x_wconf 87' lang='lat' dir='ltr'><strong>receptis</strong></span> <span class='ocrx_word' id='word_1_530' title='bbox 1037 3987 1175 4043; x_wconf 91' lang='lat' dir='ltr'><strong>locis</strong></span> <span class='ocrx_word' id='word_1_531' title='bbox 1201 4003 1322 4058; x_wconf 70' lang='lat' dir='ltr'><strong>quae</strong></span> <span class='ocrx_word' id='word_1_532' title='bbox 1353 3987 1674 4054; x_wconf 85' lang='lat' dir='ltr'><strong>amiserant,</strong></span> <span class='ocrx_word' id='word_1_533' title='bbox 1713 4003 1904 4044; x_wconf 87' lang='lat' dir='ltr'><strong>eorum</strong></span> <span class='ocrx_word' id='word_1_534' title='bbox 1937 3988 2066 4045; x_wconf 84' lang='lat' dir='ltr'><strong>reli-</strong></span> 
     </span>
    </p>
   </div>
   <div class='ocr_carea' id='block_1_74' title="bbox 499 4077 2066 4150">
    <p class='ocr_par' dir='ltr' id='par_1_74' title="bbox 499 4077 2066 4150">
     <span class='ocr_line' id='line_1_74' title="bbox 499 4077 2066 4150; baseline 0.004 -20"><span class='ocrx_word' id='word_1_535' title='bbox 499 4077 655 4146; x_wconf 89' lang='lat' dir='ltr'><strong>quias</strong></span> <span class='ocrx_word' id='word_1_536' title='bbox 683 4079 905 4148; x_wconf 81' lang='lat' dir='ltr'><strong>regione</strong></span> <span class='ocrx_word' id='word_1_537' title='bbox 931 4079 1280 4148; x_wconf 82' lang='lat' dir='ltr'><strong>expulerunt.</strong></span> <span class='ocrx_word' id='word_1_538' title='bbox 1313 4079 1593 4150; x_wconf 75' lang='lat' dir='ltr'><strong>Augustus</strong></span> <span class='ocrx_word' id='word_1_539' title='bbox 1617 4095 1750 4134; x_wconf 89' lang='lat' dir='ltr'><strong>vero</strong></span> <span class='ocrx_word' id='word_1_540' title='bbox 1775 4079 2066 4136; x_wconf 89' lang='lat' dir='ltr'><strong>undecimo</strong></span> 
     </span>
    </p>
   </div>
   <div class='ocr_carea' id='block_1_75' title="bbox 499 4169 2065 4239">
    <p class='ocr_par' dir='ltr' id='par_1_75' title="bbox 499 4169 2065 4239">
     <span class='ocr_line' id='line_1_75' title="bbox 499 4169 2065 4239; baseline 0 -15"><span class='ocrx_word' id='word_1_541' title='bbox 499 4171 782 4224; x_wconf 88' lang='lat' dir='ltr'><strong>consulatu</strong></span> <span class='ocrx_word' id='word_1_542' title='bbox 813 4169 931 4224; x_wconf 86' lang='lat' dir='ltr'><strong>sine</strong></span> <span class='ocrx_word' id='word_1_543' title='bbox 969 4169 1078 4222; x_wconf 88' lang='lat' dir='ltr'><strong>ulla</strong></span> <span class='ocrx_word' id='word_1_544' title='bbox 1109 4183 1204 4238; x_wconf 89' lang='lat' dir='ltr'><strong>spe</strong></span> <span class='ocrx_word' id='word_1_545' title='bbox 1236 4169 1428 4223; x_wconf 76' lang='lat' dir='ltr'><strong>Salutis</strong></span> <span class='ocrx_word' id='word_1_546' title='bbox 1450 4179 1757 4239; x_wconf 71' lang='lat' dir='ltr'><strong>aagrotans,</strong></span> <span class='ocrx_word' id='word_1_547' title='bbox 1798 4179 1859 4224; x_wconf 90' lang='lat' dir='ltr'><strong>ut</strong></span> <span class='ocrx_word' id='word_1_548' title='bbox 1894 4171 2065 4224; x_wconf 88' lang='lat' dir='ltr'><strong>mori-</strong></span> 
     </span>
    </p>
   </div>
   <div class='ocr_carea' id='block_1_76' title="bbox 499 4258 2067 4328">
    <p class='ocr_par' dir='ltr' id='par_1_76' title="bbox 499 4258 2067 4328">
     <span class='ocr_line' id='line_1_76' title="bbox 499 4258 2067 4328; baseline 0.002 -16"><span class='ocrx_word' id='word_1_549' title='bbox 499 4269 656 4313; x_wconf 91' lang='lat' dir='ltr'><strong>turus</strong></span> <span class='ocrx_word' id='word_1_550' title='bbox 703 4268 1092 4313; x_wconf 88' lang='lat' dir='ltr'><strong>testamentum</strong></span> <span class='ocrx_word' id='word_1_551' title='bbox 1130 4258 1297 4323; x_wconf 78' lang='lat' dir='ltr'><strong>fecit,</strong></span> <span class='ocrx_word' id='word_1_552' title='bbox 1338 4273 1440 4313; x_wconf 90' lang='lat' dir='ltr'><strong>nec</strong></span> <span class='ocrx_word' id='word_1_553' title='bbox 1484 4259 1702 4328; x_wconf 91' lang='lat' dir='ltr'><strong>imperii</strong></span> <span class='ocrx_word' id='word_1_554' title='bbox 1751 4274 2067 4316; x_wconf 88' lang='lat' dir='ltr'><strong>successore</strong></span> 
     </span>
    </p>
   </div>
   <div class='ocr_carea' id='block_1_77' title="bbox 417 4347 2068 4421">
    <p class='ocr_par' dir='ltr' id='par_1_77' title="bbox 417 4347 2068 4421">
     <span class='ocr_line' id='line_1_77' title="bbox 417 4347 2068 4421; baseline 0.001 -18"><span class='ocrx_word' id='word_1_555' title='bbox 417 4416 422 4421; x_wconf 25' lang='grc' dir='ltr'><strong><em>τ</em></strong></span> <span class='ocrx_word' id='word_1_556' title='bbox 499 4349 612 4403; x_wconf 90' lang='lat' dir='ltr'><strong>ullo</strong></span> <span class='ocrx_word' id='word_1_557' title='bbox 645 4347 839 4402; x_wconf 88' lang='lat' dir='ltr'><strong>relicto</strong></span> <span class='ocrx_word' id='word_1_558' title='bbox 872 4365 886 4400; x_wconf 91' lang='lat'><strong>:</strong></span> <span class='ocrx_word' id='word_1_559' title='bbox 917 4347 1163 4400; x_wconf 89' lang='lat' dir='ltr'><strong>libellum</strong></span> <span class='ocrx_word' id='word_1_560' title='bbox 1194 4350 1248 4401; x_wconf 92' lang='lat' dir='ltr'><strong>in</strong></span> <span class='ocrx_word' id='word_1_561' title='bbox 1283 4363 1392 4417; x_wconf 90' lang='lat' dir='ltr'><strong>quo</strong></span> <span class='ocrx_word' id='word_1_562' title='bbox 1442 4348 1684 4417; x_wconf 74' lang='lat' dir='ltr'><strong>legiones</strong></span> <span class='ocrx_word' id='word_1_563' title='bbox 1719 4357 1774 4403; x_wconf 92' lang='lat' dir='ltr'><strong>et</strong></span> <span class='ocrx_word' id='word_1_564' title='bbox 1824 4349 2068 4418; x_wconf 85' lang='lat' dir='ltr'><strong>publicos</strong></span> 
     </span>
    </p>
   </div>
   <div class='ocr_carea' id='block_1_78' title="bbox 498 4433 2070 4508">
    <p class='ocr_par' dir='ltr' id='par_1_78' title="bbox 498 4433 2070 4508">
     <span class='ocr_line' id='line_1_78' title="bbox 498 4433 2070 4508; baseline 0.004 -20"><span class='ocrx_word' id='word_1_565' title='bbox 498 4433 710 4488; x_wconf 88' lang='lat' dir='ltr'><strong>reditus</strong></span> <span class='ocrx_word' id='word_1_566' title='bbox 736 4433 1154 4504; x_wconf 81' lang='lat' dir='ltr'><strong>perscripserat,</strong></span> <span class='ocrx_word' id='word_1_567' title='bbox 1190 4434 1374 4490; x_wconf 84' lang='lat' dir='ltr'><strong>Pisoni</strong></span> <span class='ocrx_word' id='word_1_568' title='bbox 1408 4435 1653 4501; x_wconf 90' lang='lat' dir='ltr'><strong>tradidit,</strong></span> <span class='ocrx_word' id='word_1_569' title='bbox 1687 4437 1941 4508; x_wconf 66' lang='lat' dir='ltr'><strong>Agrippae</strong></span> <span class='ocrx_word' id='word_1_570' title='bbox 1973 4455 2070 4494; x_wconf 91' lang='lat' dir='ltr'><strong>an-</strong></span> 
     </span>
    </p>
   </div>
   <div class='ocr_carea' id='block_1_79' title="bbox 499 4523 2069 4592">
    <p class='ocr_par' dir='ltr' id='par_1_79' title="bbox 499 4523 2069 4592">
     <span class='ocr_line' id='line_1_79' title="bbox 499 4523 2069 4592; baseline 0.006 -15"><span class='ocrx_word' id='word_1_571' title='bbox 499 4523 694 4577; x_wconf 90' lang='lat' dir='ltr'><strong>nulum</strong></span> <span class='ocrx_word' id='word_1_572' title='bbox 732 4524 996 4592; x_wconf 80' lang='lat' dir='ltr'><strong>porrexit.</strong></span> <span class='ocrx_word' id='word_1_573' title='bbox 1044 4523 1150 4578; x_wconf 92' lang='lat' dir='ltr'><strong>Sed</strong></span> <span class='ocrx_word' id='word_1_574' title='bbox 1192 4525 1260 4580; x_wconf 89' lang='lat' dir='ltr'><strong>ab</strong></span> <span class='ocrx_word' id='word_1_575' title='bbox 1290 4524 1529 4581; x_wconf 87' lang='lat' dir='ltr'><strong>Antonio</strong></span> <span class='ocrx_word' id='word_1_576' title='bbox 1575 4526 1724 4582; x_wconf 76' lang='lat' dir='ltr'><strong>Musa</strong></span> <span class='ocrx_word' id='word_1_577' title='bbox 1772 4528 2069 4586; x_wconf 87' lang='lat' dir='ltr'><strong>lotionibus</strong></span> 
     </span>
    </p>
   </div>
   <div class='ocr_carea' id='block_1_80' title="bbox 2162 3317 3696 3398">
    <p class='ocr_par' dir='ltr' id='par_1_80' title="bbox 2162 3317 3696 3398">
     <span class='ocr_line' id='line_1_80' title="bbox 2162 3317 3696 3398; baseline -0.01 -15"><span class='ocrx_word' id='word_1_578' title='bbox 2162 3330 2256 3382; x_wconf 81' lang='grc' dir='ltr'><strong>καὶ</strong></span> <span class='ocrx_word' id='word_1_579' title='bbox 2284 3327 2311 3379; x_wconf 87' lang='grc' dir='ltr'>ὁ</span> <span class='ocrx_word' id='word_1_580' title='bbox 2336 3326 2487 3398; x_wconf 72' lang='grc' dir='ltr'><strong>ἥλιος</strong></span> <span class='ocrx_word' id='word_1_581' title='bbox 2518 3324 2588 3378; x_wconf 90' lang='grc' dir='ltr'><strong>τά</strong></span> <span class='ocrx_word' id='word_1_582' title='bbox 2630 3341 2688 3377; x_wconf 81' lang='grc' dir='ltr'><strong>τε</strong></span> <span class='ocrx_word' id='word_1_583' title='bbox 2711 3323 2904 3388; x_wconf 70' lang='grc' dir='ltr'><strong>ὕδατα,</strong></span> <span class='ocrx_word' id='word_1_584' title='bbox 2936 3323 3099 3391; x_wconf 79' lang='grc' dir='ltr'><strong>φύσιν</strong></span> <span class='ocrx_word' id='word_1_585' title='bbox 3129 3325 3340 3378; x_wconf 86' lang='grc' dir='ltr'><strong>άτοπον</strong></span> <span class='ocrx_word' id='word_1_586' title='bbox 3369 3320 3562 3391; x_wconf 75' lang='grc' dir='ltr'><strong>ἔχοντα,</strong></span> <span class='ocrx_word' id='word_1_587' title='bbox 3587 3317 3696 3384; x_wconf 76' lang='grc' dir='ltr'><strong>σφό-</strong></span> 
     </span>
    </p>
   </div>
   <div class='ocr_carea' id='block_1_81' title="bbox 2160 3409 3694 3492">
    <p class='ocr_par' dir='ltr' id='par_1_81' title="bbox 2160 3409 3694 3492">
     <span class='ocr_line' id='line_1_81' title="bbox 2160 3409 3694 3492; baseline -0.007 -19"><span class='ocrx_word' id='word_1_588' title='bbox 2160 3421 2262 3492; x_wconf 88' lang='grc' dir='ltr'><strong>δρα</strong></span> <span class='ocrx_word' id='word_1_589' title='bbox 2312 3417 2512 3479; x_wconf 79' lang='grc' dir='ltr'><strong>αὐτοὺς</strong></span> <span class='ocrx_word' id='word_1_590' title='bbox 2554 3413 3028 3486; x_wconf 83' lang='grc' dir='ltr'><strong>ἐταλαιπώρησεν,</strong></span> <span class='ocrx_word' id='word_1_591' title='bbox 3060 3414 3204 3468; x_wconf 80' lang='grc' dir='ltr'><strong>ὥστε</strong></span> <span class='ocrx_word' id='word_1_592' title='bbox 3251 3414 3315 3466; x_wconf 85' lang='grc' dir='ltr'><strong>τὸ</strong></span> <span class='ocrx_word' id='word_1_593' title='bbox 3358 3414 3534 3466; x_wconf 83' lang='grc' dir='ltr'><strong>πλεῖον</strong></span> <span class='ocrx_word' id='word_1_594' title='bbox 3577 3409 3694 3478; x_wconf 61' lang='lat'><strong>&lt;90:-</strong></span> 
     </span>
    </p>
   </div>
   <div class='ocr_carea' id='block_1_82' title="bbox 2166 3500 3694 3582">
    <p class='ocr_par' dir='ltr' id='par_1_82' title="bbox 2166 3500 3694 3582">
     <span class='ocr_line' id='line_1_82' title="bbox 2166 3500 3694 3582; baseline -0.008 -19"><span class='ocrx_word' id='word_1_595' title='bbox 2166 3511 2322 3582; x_wconf 87' lang='grc' dir='ltr'><strong>ρῆναι</strong></span> <span class='ocrx_word' id='word_1_596' title='bbox 2384 3509 2484 3578; x_wconf 83' lang='grc' dir='ltr'><strong>τῆς</strong></span> <span class='ocrx_word' id='word_1_597' title='bbox 2527 3508 2822 3577; x_wconf 72' lang='grc' dir='ltr'><strong>στρατιᾶςο</strong></span> <span class='ocrx_word' id='word_1_598' title='bbox 2880 3506 2942 3559; x_wconf 83' lang='grc' dir='ltr'><strong>τὸ</strong></span> <span class='ocrx_word' id='word_1_599' title='bbox 2995 3506 3051 3559; x_wconf 80' lang='grc' dir='ltr'><strong>δὲ</strong></span> <span class='ocrx_word' id='word_1_600' title='bbox 3106 3507 3348 3576; x_wconf 86' lang='grc' dir='ltr'><strong>νόσημα,</strong></span> <span class='ocrx_word' id='word_1_601' title='bbox 3405 3507 3466 3574; x_wconf 80' lang='grc' dir='ltr'><strong>τῇ</strong></span> <span class='ocrx_word' id='word_1_602' title='bbox 3517 3500 3694 3568; x_wconf 67' lang='grc' dir='ltr'><strong>κεφαλῇ</strong></span> 
     </span>
    </p>
   </div>
   <div class='ocr_carea' id='block_1_83' title="bbox 2163 3591 3691 3673">
    <p class='ocr_par' dir='ltr' id='par_1_83' title="bbox 2163 3591 3691 3673">
     <span class='ocr_line' id='line_1_83' title="bbox 2163 3591 3691 3673; baseline -0.007 -18"><span class='ocrx_word' id='word_1_603' title='bbox 2163 3601 2492 3672; x_wconf 81' lang='grc' dir='ltr'><strong>ἐνσκῆπτον,</strong></span> <span class='ocrx_word' id='word_1_604' title='bbox 2519 3600 2807 3673; x_wconf 80' lang='grc' dir='ltr'><strong>ἐξήραινεν</strong></span> <span class='ocrx_word' id='word_1_605' title='bbox 2841 3599 3037 3670; x_wconf 77' lang='grc' dir='ltr'><strong>αὐτὴν,</strong></span> <span class='ocrx_word' id='word_1_606' title='bbox 3067 3600 3168 3654; x_wconf 70' lang='grc' dir='ltr'><strong>καὶ</strong></span> <span class='ocrx_word' id='word_1_607' title='bbox 3215 3598 3443 3658; x_wconf 78' lang='grc' dir='ltr'><strong>πολλοὺς</strong></span> <span class='ocrx_word' id='word_1_608' title='bbox 3487 3595 3575 3665; x_wconf 74' lang='grc' dir='ltr'><strong>μὲν</strong></span> <span class='ocrx_word' id='word_1_609' title='bbox 3611 3591 3691 3646; x_wconf 75' lang='lat' dir='ltr'><strong>ati-</strong></span> 
     </span>
    </p>
   </div>
   <div class='ocr_carea' id='block_1_84' title="bbox 2161 3685 3693 3764">
    <p class='ocr_par' dir='ltr' id='par_1_84' title="bbox 2161 3685 3693 3764">
     <span class='ocr_line' id='line_1_84' title="bbox 2161 3685 3693 3764; baseline -0.008 -16"><span class='ocrx_word' id='word_1_610' title='bbox 2161 3696 2290 3748; x_wconf 83' lang='grc' dir='ltr'><strong>τίκα</strong></span> <span class='ocrx_word' id='word_1_611' title='bbox 2319 3695 2573 3750; x_wconf 81' lang='grc' dir='ltr'><strong>ἀπώλλυε</strong></span> <span class='ocrx_word' id='word_1_612' title='bbox 2594 3709 2608 3723; x_wconf 81' lang='lat'>&#39;</span> <span class='ocrx_word' id='word_1_613' title='bbox 2643 3693 2752 3747; x_wconf 88' lang='grc' dir='ltr'><strong>τῶν</strong></span> <span class='ocrx_word' id='word_1_614' title='bbox 2781 3692 2837 3746; x_wconf 85' lang='grc' dir='ltr'><strong>δὲ</strong></span> <span class='ocrx_word' id='word_1_615' title='bbox 2882 3694 3326 3764; x_wconf 80' lang='grc' dir='ltr'><strong>περιγενομένων</strong></span> <span class='ocrx_word' id='word_1_616' title='bbox 3370 3693 3426 3753; x_wconf 89' lang='grc' dir='ltr'><strong>ἐς</strong></span> <span class='ocrx_word' id='word_1_617' title='bbox 3455 3689 3518 3742; x_wconf 77' lang='grc' dir='ltr'><strong>τά</strong></span> <span class='ocrx_word' id='word_1_618' title='bbox 3556 3685 3693 3752; x_wconf 80' lang='grc' dir='ltr'><strong>σκέλη</strong></span> 
     </span>
    </p>
   </div>
   <div class='ocr_carea' id='block_1_85' title="bbox 2165 3777 3692 3856">
    <p class='ocr_par' dir='ltr' id='par_1_85' title="bbox 2165 3777 3692 3856">
     <span class='ocr_line' id='line_1_85' title="bbox 2165 3777 3692 3856; baseline -0.009 -17"><span class='ocrx_word' id='word_1_619' title='bbox 2165 3785 2381 3856; x_wconf 66' lang='grc' dir='ltr'><strong>κατῄει,</strong></span> <span class='ocrx_word' id='word_1_620' title='bbox 2410 3784 2560 3840; x_wconf 73' lang='grc' dir='ltr'><strong>ἅπαν</strong></span> <span class='ocrx_word' id='word_1_621' title='bbox 2588 3783 2652 3838; x_wconf 81' lang='grc' dir='ltr'><strong>τὸ</strong></span> <span class='ocrx_word' id='word_1_622' title='bbox 2691 3783 2899 3853; x_wconf 80' lang='grc' dir='ltr'><strong>μεταξὺ</strong></span> <span class='ocrx_word' id='word_1_623' title='bbox 2954 3783 3049 3836; x_wconf 82' lang='grc' dir='ltr'><strong>τοῦ</strong></span> <span class='ocrx_word' id='word_1_624' title='bbox 3086 3783 3344 3854; x_wconf 84' lang='grc' dir='ltr'><strong>σώματος</strong></span> <span class='ocrx_word' id='word_1_625' title='bbox 3383 3777 3692 3849; x_wconf 82' lang='grc' dir='ltr'><strong>ὑπερϐαίνον,</strong></span> 
     </span>
    </p>
   </div>
   <div class='ocr_carea' id='block_1_86' title="bbox 2165 3869 3692 3950">
    <p class='ocr_par' dir='ltr' id='par_1_86' title="bbox 2165 3869 3692 3950">
     <span class='ocr_line' id='line_1_86' title="bbox 2165 3869 3692 3950; baseline -0.001 -16"><span class='ocrx_word' id='word_1_626' title='bbox 2165 3879 2261 3934; x_wconf 75' lang='grc' dir='ltr'><strong>καὶ</strong></span> <span class='ocrx_word' id='word_1_627' title='bbox 2291 3879 2476 3942; x_wconf 77' lang='grc' dir='ltr'><strong>αὐτοῖς</strong></span> <span class='ocrx_word' id='word_1_628' title='bbox 2530 3877 2858 3950; x_wconf 82' lang='grc' dir='ltr'><strong>ἐλυμαίνετο</strong></span> <span class='ocrx_word' id='word_1_629' title='bbox 2883 3891 2897 3906; x_wconf 74' lang='grc' dir='ltr'><strong>ο</strong></span> <span class='ocrx_word' id='word_1_630' title='bbox 2934 3876 3073 3945; x_wconf 84' lang='grc' dir='ltr'><strong>ίσμά</strong></span> <span class='ocrx_word' id='word_1_631' title='bbox 3112 3893 3176 3930; x_wconf 88' lang='grc' dir='ltr'><strong>τε</strong></span> <span class='ocrx_word' id='word_1_632' title='bbox 3219 3875 3372 3930; x_wconf 81' lang='grc' dir='ltr'><strong>οὐδὲν</strong></span> <span class='ocrx_word' id='word_1_633' title='bbox 3402 3869 3522 3946; x_wconf 77' lang='grc' dir='ltr'><strong>ἦνῆ</strong></span> <span class='ocrx_word' id='word_1_634' title='bbox 3559 3869 3604 3922; x_wconf 77' lang='grc' dir='ltr'><strong>εἶ</strong></span> <span class='ocrx_word' id='word_1_635' title='bbox 3627 3885 3692 3932; x_wconf 83' lang='grc' dir='ltr'><strong>τις</strong></span> 
     </span>
    </p>
   </div>
   <div class='ocr_carea' id='block_1_87' title="bbox 2166 3962 3692 4042">
    <p class='ocr_par' dir='ltr' id='par_1_87' title="bbox 2166 3962 3692 4042">
     <span class='ocr_line' id='line_1_87' title="bbox 2166 3962 3692 4042; baseline -0.008 -16"><span class='ocrx_word' id='word_1_636' title='bbox 2166 3972 2345 4027; x_wconf 76' lang='grc' dir='ltr'><strong>ἔλαιον</strong></span> <span class='ocrx_word' id='word_1_637' title='bbox 2374 3975 2502 4041; x_wconf 83' lang='grc' dir='ltr'><strong>οῐνῳ</strong></span> <span class='ocrx_word' id='word_1_638' title='bbox 2535 3972 2878 4042; x_wconf 82' lang='grc' dir='ltr'><strong>μεμιγμένον</strong></span> <span class='ocrx_word' id='word_1_639' title='bbox 2908 3970 3189 4041; x_wconf 74' lang='grc' dir='ltr'><strong>ἠλείψατο.</strong></span> <span class='ocrx_word' id='word_1_640' title='bbox 3222 3971 3302 4023; x_wconf 81' lang='grc' dir='ltr'><strong>Τὰ</strong></span> <span class='ocrx_word' id='word_1_641' title='bbox 3345 3969 3402 4022; x_wconf 80' lang='grc' dir='ltr'><strong>δέ</strong></span> <span class='ocrx_word' id='word_1_642' title='bbox 3448 3967 3573 4020; x_wconf 77' lang='grc' dir='ltr'><strong>πάνυ</strong></span> <span class='ocrx_word' id='word_1_643' title='bbox 3601 3962 3692 4015; x_wconf 81' lang='grc' dir='ltr'><strong>ὀλί-</strong></span> 
     </span>
    </p>
   </div>
   <div class='ocr_carea' id='block_1_88' title="bbox 2166 4055 3691 4138">
    <p class='ocr_par' dir='ltr' id='par_1_88' title="bbox 2166 4055 3691 4138">
     <span class='ocr_line' id='line_1_88' title="bbox 2166 4055 3691 4138; baseline -0.004 -18"><span class='ocrx_word' id='word_1_644' title='bbox 2166 4083 2285 4136; x_wconf 88' lang='grc' dir='ltr'><strong>γοις</strong></span> <span class='ocrx_word' id='word_1_645' title='bbox 2314 4061 2405 4138; x_wconf 78' lang='grc' dir='ltr'><strong>ἦν.</strong></span> <span class='ocrx_word' id='word_1_646' title='bbox 2440 4065 2515 4118; x_wconf 85' lang='grc' dir='ltr'><strong>Ἦ</strong></span> <span class='ocrx_word' id='word_1_647' title='bbox 2561 4081 2619 4118; x_wconf 89' lang='grc' dir='ltr'><strong>τε</strong></span> <span class='ocrx_word' id='word_1_648' title='bbox 2665 4067 2776 4134; x_wconf 85' lang='grc' dir='ltr'><strong>γὰρ</strong></span> <span class='ocrx_word' id='word_1_649' title='bbox 2819 4063 2973 4134; x_wconf 82' lang='grc' dir='ltr'><strong>χώρα</strong></span> <span class='ocrx_word' id='word_1_650' title='bbox 3006 4064 3295 4134; x_wconf 71' lang='grc' dir='ltr'><strong>οὐδε-τερον</strong></span> <span class='ocrx_word' id='word_1_651' title='bbox 3331 4059 3505 4114; x_wconf 78' lang='grc' dir='ltr'><strong>αὐτῶν</strong></span> <span class='ocrx_word' id='word_1_652' title='bbox 3546 4055 3691 4125; x_wconf 74' lang='grc' dir='ltr'><strong>φέρειν</strong></span> 
     </span>
    </p>
   </div>
   <div class='ocr_carea' id='block_1_89' title="bbox 2169 4151 3692 4229">
    <p class='ocr_par' dir='ltr' id='par_1_89' title="bbox 2169 4151 3692 4229">
     <span class='ocr_line' id='line_1_89' title="bbox 2169 4151 3692 4229; baseline -0.006 -17"><span class='ocrx_word' id='word_1_653' title='bbox 2169 4157 2443 4222; x_wconf 86' lang='grc' dir='ltr'><strong>κάκείνοις</strong></span> <span class='ocrx_word' id='word_1_654' title='bbox 2473 4158 2571 4211; x_wconf 86' lang='grc' dir='ltr'><strong>ούκ</strong></span> <span class='ocrx_word' id='word_1_655' title='bbox 2593 4158 2804 4226; x_wconf 76' lang='grc' dir='ltr'><strong>ἄφθονα</strong></span> <span class='ocrx_word' id='word_1_656' title='bbox 2837 4158 3011 4211; x_wconf 81' lang='grc' dir='ltr'><strong>ταῦτα</strong></span> <span class='ocrx_word' id='word_1_657' title='bbox 3045 4157 3572 4229; x_wconf 80' lang='grc' dir='ltr'><strong>προπαρεσκεύαστο.</strong></span> <span class='ocrx_word' id='word_1_658' title='bbox 3597 4151 3692 4203; x_wconf 75' lang='grc' dir='ltr'><strong>Κάν</strong></span> 
     </span>
    </p>
   </div>
   <div class='ocr_carea' id='block_1_90' title="bbox 2166 4244 3692 4320">
    <p class='ocr_par' dir='ltr' id='par_1_90' title="bbox 2166 4244 3692 4320">
     <span class='ocr_line' id='line_1_90' title="bbox 2166 4244 3692 4320; baseline -0.008 -17"><span class='ocrx_word' id='word_1_659' title='bbox 2166 4249 2246 4319; x_wconf 83' lang='grc' dir='ltr'><strong>τῷ</strong></span> <span class='ocrx_word' id='word_1_660' title='bbox 2279 4249 2424 4319; x_wconf 79' lang='grc' dir='ltr'><strong>πόνῳ</strong></span> <span class='ocrx_word' id='word_1_661' title='bbox 2452 4248 2628 4320; x_wconf 88' lang='grc' dir='ltr'><strong>τούτῳ</strong></span> <span class='ocrx_word' id='word_1_662' title='bbox 2657 4249 2750 4303; x_wconf 78' lang='grc' dir='ltr'><strong>καὶ</strong></span> <span class='ocrx_word' id='word_1_663' title='bbox 2771 4251 2820 4302; x_wconf 79' lang='lat' dir='ltr'><strong>oi</strong></span> <span class='ocrx_word' id='word_1_664' title='bbox 2848 4248 3116 4320; x_wconf 81' lang='grc' dir='ltr'><strong>βάρϐαροι</strong></span> <span class='ocrx_word' id='word_1_665' title='bbox 3164 4250 3348 4318; x_wconf 83' lang='grc' dir='ltr'><strong>σφίσιν</strong></span> <span class='ocrx_word' id='word_1_666' title='bbox 3369 4244 3692 4311; x_wconf 77' lang='grc' dir='ltr'><strong>ἐπιτιθέμενοι</strong></span> 
     </span>
    </p>
   </div>
   <div class='ocr_carea' id='block_1_91' title="bbox 2167 4333 3691 4411">
    <p class='ocr_par' dir='ltr' id='par_1_91' title="bbox 2167 4333 3691 4411">
     <span class='ocr_line' id='line_1_91' title="bbox 2167 4333 3691 4411; baseline -0.003 -21"><span class='ocrx_word' id='word_1_667' title='bbox 2167 4340 2238 4393; x_wconf 84' lang='grc' dir='ltr'><strong>τά</strong></span> <span class='ocrx_word' id='word_1_668' title='bbox 2263 4354 2326 4391; x_wconf 84' lang='grc' dir='ltr'><strong>τε</strong></span> <span class='ocrx_word' id='word_1_669' title='bbox 2365 4337 2542 4410; x_wconf 89' lang='grc' dir='ltr'><strong>χωρία</strong></span> <span class='ocrx_word' id='word_1_670' title='bbox 2575 4338 2610 4392; x_wconf 76' lang='grc' dir='ltr'><strong>ἀ</strong></span> <span class='ocrx_word' id='word_1_671' title='bbox 2640 4341 2768 4408; x_wconf 81' lang='grc' dir='ltr'><strong>πρὶν</strong></span> <span class='ocrx_word' id='word_1_672' title='bbox 2795 4340 3078 4411; x_wconf 81' lang='grc' dir='ltr'><strong>ἀφῄρηντο</strong></span> <span class='ocrx_word' id='word_1_673' title='bbox 3109 4341 3456 4411; x_wconf 84' lang='grc' dir='ltr'><strong>ἐκομίσαντο,</strong></span> <span class='ocrx_word' id='word_1_674' title='bbox 3481 4333 3562 4387; x_wconf 76' lang='grc' dir='ltr'><strong>καὶ</strong></span> <span class='ocrx_word' id='word_1_675' title='bbox 3588 4333 3691 4385; x_wconf 71' lang='grc' dir='ltr'><strong>τοὺς</strong></span> 
     </span>
    </p>
   </div>
   <div class='ocr_carea' id='block_1_92' title="bbox 2169 4417 3689 4502">
    <p class='ocr_par' dir='ltr' id='par_1_92' title="bbox 2169 4417 3689 4502">
     <span class='ocr_line' id='line_1_92' title="bbox 2169 4417 3689 4502; baseline -0.005 -20"><span class='ocrx_word' id='word_1_676' title='bbox 2169 4429 2628 4499; x_wconf 83' lang='grc' dir='ltr'><strong>περιλειφθέντας</strong></span> <span class='ocrx_word' id='word_1_677' title='bbox 2683 4431 2747 4482; x_wconf 82' lang='grc' dir='ltr'><strong>ἐκ</strong></span> <span class='ocrx_word' id='word_1_678' title='bbox 2806 4432 2904 4500; x_wconf 83' lang='grc' dir='ltr'><strong>τῆς</strong></span> <span class='ocrx_word' id='word_1_679' title='bbox 2975 4431 3165 4502; x_wconf 79' lang='grc' dir='ltr'><strong>χώρας</strong></span> <span class='ocrx_word' id='word_1_680' title='bbox 3232 4430 3510 4500; x_wconf 83' lang='grc' dir='ltr'><strong>ἐξήλασαν.</strong></span> <span class='ocrx_word' id='word_1_681' title='bbox 3570 4422 3621 4474; x_wconf 89' lang='lat'><strong>&#39;0</strong></span> <span class='ocrx_word' id='word_1_682' title='bbox 3656 4417 3689 4469; x_wconf 85' lang='grc' dir='ltr'><strong>δ’</strong></span> 
     </span>
    </p>
   </div>
   <div class='ocr_carea' id='block_1_93' title="bbox 2171 4511 3688 4589">
    <p class='ocr_par' dir='ltr' id='par_1_93' title="bbox 2171 4511 3688 4589">
     <span class='ocr_line' id='line_1_93' title="bbox 2171 4511 3688 4589; baseline -0.003 -15"><span class='ocrx_word' id='word_1_683' title='bbox 2171 4520 2486 4589; x_wconf 76' lang='grc' dir='ltr'><strong>Αὔγουστος</strong></span> <span class='ocrx_word' id='word_1_684' title='bbox 2546 4521 2832 4575; x_wconf 82' lang='grc' dir='ltr'><strong>ἑνδέκατον</strong></span> <span class='ocrx_word' id='word_1_685' title='bbox 2890 4523 3202 4586; x_wconf 79' lang='grc' dir='ltr'><strong>ὑπατεύσας</strong></span> <span class='ocrx_word' id='word_1_686' title='bbox 3265 4523 3525 4588; x_wconf 83' lang='grc' dir='ltr'><strong>ἐνόσησεν,</strong></span> <span class='ocrx_word' id='word_1_687' title='bbox 3575 4511 3688 4564; x_wconf 74' lang='grc' dir='ltr'><strong>ὥστε</strong></span> 
     </span>
    </p>
   </div>
   <div class='ocr_carea' id='block_1_94' title="bbox 499 4603 2057 4687">
    <p class='ocr_par' dir='ltr' id='par_1_94' title="bbox 499 4615 2057 4687">
     <span class='ocr_line' id='line_1_94' title="bbox 499 4615 2057 4687; baseline 0.006 -20"><span class='ocrx_word' id='word_1_688' title='bbox 499 4623 556 4668; x_wconf 90' lang='lat' dir='ltr'><strong>et</strong></span> <span class='ocrx_word' id='word_1_689' title='bbox 596 4616 910 4684; x_wconf 87' lang='lat' dir='ltr'><strong>potionibus</strong></span> <span class='ocrx_word' id='word_1_690' title='bbox 940 4615 1150 4687; x_wconf 77' lang='lat' dir='ltr'><strong>frigidis</strong></span> <span class='ocrx_word' id='word_1_691' title='bbox 1180 4626 1264 4672; x_wconf 90' lang='lat' dir='ltr'><strong>est</strong></span> <span class='ocrx_word' id='word_1_692' title='bbox 1293 4627 1593 4675; x_wconf 88' lang='lat' dir='ltr'><strong>recreatus.</strong></span> <span class='ocrx_word' id='word_1_693' title='bbox 1638 4619 1753 4686; x_wconf 84' lang='lat' dir='ltr'><strong>Qua</strong></span> <span class='ocrx_word' id='word_1_694' title='bbox 1791 4621 1859 4676; x_wconf 93' lang='lat' dir='ltr'><strong>de</strong></span> <span class='ocrx_word' id='word_1_695' title='bbox 1907 4636 2057 4677; x_wconf 75' lang='lat' dir='ltr'><strong>causa</strong></span> 
     </span>
    </p>
   </div>
   <div class='ocr_carea' id='block_1_95' title="bbox 2160 4603 3690 4687">
    <p class='ocr_par' dir='ltr' id='par_1_95' title="bbox 2177 4603 3690 4685">
     <span class='ocr_line' id='line_1_95' title="bbox 2177 4603 3690 4685; baseline -0.015 -15"><span class='ocrx_word' id='word_1_696' title='bbox 2177 4613 2300 4684; x_wconf 84' lang='grc' dir='ltr'><strong>μηδ’</strong></span> <span class='ocrx_word' id='word_1_697' title='bbox 2351 4612 2546 4667; x_wconf 83' lang='grc' dir='ltr'><strong>ἐλπίδα</strong></span> <span class='ocrx_word' id='word_1_698' title='bbox 2587 4616 2737 4684; x_wconf 80' lang='grc' dir='ltr'><strong>σχεῖν</strong></span> <span class='ocrx_word' id='word_1_699' title='bbox 2786 4613 3085 4685; x_wconf 87' lang='grc' dir='ltr'><strong>σωτηρίας,</strong></span> <span class='ocrx_word' id='word_1_700' title='bbox 3139 4615 3233 4667; x_wconf 76' lang='grc' dir='ltr'><strong>καὶ</strong></span> <span class='ocrx_word' id='word_1_701' title='bbox 3276 4611 3350 4676; x_wconf 82' lang='grc' dir='ltr'><strong>ὡς</strong></span> <span class='ocrx_word' id='word_1_702' title='bbox 3394 4603 3690 4670; x_wconf 79' lang='grc' dir='ltr'><strong>τελευτήσων</strong></span> 
     </span>
    </p>
   </div>
   <div class='ocr_carea' id='block_1_96' title="bbox 500 4707 2070 4785">
    <p class='ocr_par' dir='ltr' id='par_1_96' title="bbox 500 4707 2070 4785">
     <span class='ocr_line' id='line_1_96' title="bbox 500 4707 2070 4785; baseline 0.006 -25"><span class='ocrx_word' id='word_1_703' title='bbox 500 4708 750 4762; x_wconf 88' lang='lat' dir='ltr'><strong>medicus</strong></span> <span class='ocrx_word' id='word_1_704' title='bbox 794 4717 850 4762; x_wconf 91' lang='lat' dir='ltr'><strong>et</strong></span> <span class='ocrx_word' id='word_1_705' title='bbox 904 4707 973 4762; x_wconf 89' lang='lat' dir='ltr'><strong>ab</strong></span> <span class='ocrx_word' id='word_1_706' title='bbox 1011 4709 1104 4763; x_wconf 91' lang='lat' dir='ltr'><strong>illo</strong></span> <span class='ocrx_word' id='word_1_707' title='bbox 1133 4717 1188 4762; x_wconf 92' lang='lat' dir='ltr'><strong>et</strong></span> <span class='ocrx_word' id='word_1_708' title='bbox 1226 4725 1256 4763; x_wconf 89' lang='lat' dir='ltr'><strong>a</strong></span> <span class='ocrx_word' id='word_1_709' title='bbox 1289 4721 1484 4765; x_wconf 88' lang='lat' dir='ltr'><strong>senatu</strong></span> <span class='ocrx_word' id='word_1_710' title='bbox 1532 4714 1843 4781; x_wconf 88' lang='lat' dir='ltr'><strong>pecuniam,</strong></span> <span class='ocrx_word' id='word_1_711' title='bbox 1889 4723 1946 4768; x_wconf 91' lang='lat' dir='ltr'><strong>et</strong></span> <span class='ocrx_word' id='word_1_712' title='bbox 1978 4715 2070 4785; x_wconf 80' lang='lat' dir='ltr'><strong>jus</strong></span> 
     </span>
    </p>
   </div>
   <div class='ocr_carea' id='block_1_97' title="bbox 502 4800 2070 4874">
    <p class='ocr_par' dir='ltr' id='par_1_97' title="bbox 502 4800 2070 4874">
     <span class='ocr_line' id='line_1_97' title="bbox 502 4800 2070 4874; baseline 0.005 -22"><span class='ocrx_word' id='word_1_713' title='bbox 502 4801 653 4852; x_wconf 82' lang='lat' dir='ltr'><strong>aurei</strong></span> <span class='ocrx_word' id='word_1_714' title='bbox 685 4800 894 4865; x_wconf 91' lang='lat' dir='ltr'><strong>annuli,</strong></span> <span class='ocrx_word' id='word_1_715' title='bbox 931 4802 1183 4869; x_wconf 85' lang='lat' dir='ltr'><strong>quamvis</strong></span> <span class='ocrx_word' id='word_1_716' title='bbox 1217 4802 1544 4869; x_wconf 87' lang='lat' dir='ltr'><strong>libertinus,</strong></span> <span class='ocrx_word' id='word_1_717' title='bbox 1578 4805 1789 4874; x_wconf 89' lang='lat' dir='ltr'><strong>accepit</strong></span> <span class='ocrx_word' id='word_1_718' title='bbox 1824 4823 1837 4859; x_wconf 89' lang='lat'><strong>:</strong></span> <span class='ocrx_word' id='word_1_719' title='bbox 1868 4805 2070 4860; x_wconf 89' lang='lat' dir='ltr'><strong>immu-</strong></span> 
     </span>
    </p>
   </div>
   <div class='ocr_carea' id='block_1_98' title="bbox 501 4887 2071 4966">
    <p class='ocr_par' dir='ltr' id='par_1_98' title="bbox 501 4887 2071 4966">
     <span class='ocr_line' id='line_1_98' title="bbox 501 4887 2071 4966; baseline 0.008 -26"><span class='ocrx_word' id='word_1_720' title='bbox 501 4887 672 4942; x_wconf 87' lang='lat' dir='ltr'><strong>nitate</strong></span> <span class='ocrx_word' id='word_1_721' title='bbox 696 4897 753 4942; x_wconf 88' lang='lat' dir='ltr'><strong>et</strong></span> <span class='ocrx_word' id='word_1_722' title='bbox 781 4891 882 4959; x_wconf 91' lang='lat' dir='ltr'><strong>ipsi</strong></span> <span class='ocrx_word' id='word_1_723' title='bbox 912 4898 966 4944; x_wconf 89' lang='lat' dir='ltr'><strong>et</strong></span> <span class='ocrx_word' id='word_1_724' title='bbox 994 4892 1223 4946; x_wconf 91' lang='lat' dir='ltr'><strong>medicis</strong></span> <span class='ocrx_word' id='word_1_725' title='bbox 1255 4893 1513 4948; x_wconf 88' lang='lat' dir='ltr'><strong>omnibus</strong></span> <span class='ocrx_word' id='word_1_726' title='bbox 1536 4903 1592 4949; x_wconf 90' lang='lat' dir='ltr'><strong>et</strong></span> <span class='ocrx_word' id='word_1_727' title='bbox 1629 4903 1741 4950; x_wconf 90' lang='lat' dir='ltr'><strong>tum</strong></span> <span class='ocrx_word' id='word_1_728' title='bbox 1765 4906 1820 4950; x_wconf 93' lang='lat' dir='ltr'><strong>et</strong></span> <span class='ocrx_word' id='word_1_729' title='bbox 1877 4897 1932 4950; x_wconf 90' lang='lat' dir='ltr'><strong>in</strong></span> <span class='ocrx_word' id='word_1_730' title='bbox 1970 4913 2071 4966; x_wconf 90' lang='lat' dir='ltr'><strong>po-</strong></span> 
     </span>
    </p>
   </div>
   <div class='ocr_carea' id='block_1_99' title="bbox 503 4981 2074 5046">
    <p class='ocr_par' dir='ltr' id='par_1_99' title="bbox 503 4981 2074 5046">
     <span class='ocr_line' id='line_1_99' title="bbox 503 4981 2074 5046; baseline 0.007 -14"><span class='ocrx_word' id='word_1_731' title='bbox 503 4987 709 5033; x_wconf 89' lang='lat' dir='ltr'><strong>sterum</strong></span> <span class='ocrx_word' id='word_1_732' title='bbox 737 4981 880 5034; x_wconf 86' lang='lat' dir='ltr'><strong>data.</strong></span> <span class='ocrx_word' id='word_1_733' title='bbox 913 4982 990 5036; x_wconf 83' lang='lat' dir='ltr'><strong>Ita</strong></span> <span class='ocrx_word' id='word_1_734' title='bbox 1021 4996 1399 5046; x_wconf 88' lang='lat' dir='ltr'><strong>conservatus.</strong></span> <span class='ocrx_word' id='word_1_735' title='bbox 1435 4995 1815 5041; x_wconf 87' lang='lat' dir='ltr'><strong>testamentum</strong></span> <span class='ocrx_word' id='word_1_736' title='bbox 1853 4989 1908 5042; x_wconf 91' lang='lat' dir='ltr'><strong>in</strong></span> <span class='ocrx_word' id='word_1_737' title='bbox 1941 5003 2074 5043; x_wconf 89' lang='lat' dir='ltr'><strong>con-</strong></span> 
     </span>
    </p>
   </div>
   <div class='ocr_carea' id='block_1_100' title="bbox 503 5069 2070 5145">
    <p class='ocr_par' dir='ltr' id='par_1_100' title="bbox 503 5069 2070 5145">
     <span class='ocr_line' id='line_1_100' title="bbox 503 5069 2070 5145; baseline 0.007 -21"><span class='ocrx_word' id='word_1_738' title='bbox 503 5069 688 5124; x_wconf 88' lang='lat' dir='ltr'><strong>cilium</strong></span> <span class='ocrx_word' id='word_1_739' title='bbox 737 5071 945 5125; x_wconf 92' lang='lat' dir='ltr'><strong>illatum</strong></span> <span class='ocrx_word' id='word_1_740' title='bbox 1024 5075 1238 5128; x_wconf 90' lang='lat' dir='ltr'><strong>recitari</strong></span> <span class='ocrx_word' id='word_1_741' title='bbox 1281 5077 1469 5145; x_wconf 89' lang='lat' dir='ltr'><strong>jussit,</strong></span> <span class='ocrx_word' id='word_1_742' title='bbox 1523 5086 1584 5131; x_wconf 91' lang='lat' dir='ltr'><strong>ut</strong></span> <span class='ocrx_word' id='word_1_743' title='bbox 1635 5079 1953 5134; x_wconf 86' lang='lat' dir='ltr'><strong>ostenderet</strong></span> <span class='ocrx_word' id='word_1_744' title='bbox 2013 5095 2070 5135; x_wconf 90' lang='lat' dir='ltr'><strong>se</strong></span> 
     </span>
    </p>
   </div>
   <div class='ocr_carea' id='block_1_101' title="bbox 503 5163 2072 5238">
    <p class='ocr_par' dir='ltr' id='par_1_101' title="bbox 503 5163 2072 5238">
     <span class='ocr_line' id='line_1_101' title="bbox 503 5163 2072 5238; baseline 0.007 -23"><span class='ocrx_word' id='word_1_745' title='bbox 503 5163 716 5216; x_wconf 89' lang='lat' dir='ltr'><strong>nullum</strong></span> <span class='ocrx_word' id='word_1_746' title='bbox 753 5177 1124 5220; x_wconf 86' lang='lat' dir='ltr'><strong>successorem</strong></span> <span class='ocrx_word' id='word_1_747' title='bbox 1174 5169 1463 5238; x_wconf 87' lang='lat' dir='ltr'><strong>scripsisse</strong></span> <span class='ocrx_word' id='word_1_748' title='bbox 1498 5187 1512 5224; x_wconf 92' lang='lat'><strong>:</strong></span> <span class='ocrx_word' id='word_1_749' title='bbox 1544 5169 1638 5225; x_wconf 90' lang='lat' dir='ltr'><strong>sed</strong></span> <span class='ocrx_word' id='word_1_750' title='bbox 1667 5171 1719 5225; x_wconf 91' lang='lat' dir='ltr'><strong>id</strong></span> <span class='ocrx_word' id='word_1_751' title='bbox 1769 5186 1802 5226; x_wconf 86' lang='lat' dir='ltr'><strong>a</strong></span> <span class='ocrx_word' id='word_1_752' title='bbox 1851 5174 2072 5227; x_wconf 90' lang='lat' dir='ltr'><strong>nemine</strong></span> 
     </span>
    </p>
   </div>
   <div class='ocr_carea' id='block_1_102' title="bbox 504 5251 2074 5334">
    <p class='ocr_par' dir='ltr' id='par_1_102' title="bbox 504 5251 2074 5334">
     <span class='ocr_line' id='line_1_102' title="bbox 504 5251 2074 5334; baseline 0.008 -27"><span class='ocrx_word' id='word_1_753' title='bbox 504 5251 707 5308; x_wconf 85' lang='lat' dir='ltr'><strong>lectum</strong></span> <span class='ocrx_word' id='word_1_754' title='bbox 736 5265 840 5309; x_wconf 91' lang='lat' dir='ltr'><strong>est.</strong></span> <span class='ocrx_word' id='word_1_755' title='bbox 868 5256 1026 5311; x_wconf 82' lang='lat' dir='ltr'><strong>Anno</strong></span> <span class='ocrx_word' id='word_1_756' title='bbox 1057 5261 1309 5329; x_wconf 91' lang='lat' dir='ltr'><strong>sequenti</strong></span> <span class='ocrx_word' id='word_1_757' title='bbox 1343 5278 1466 5316; x_wconf 90' lang='lat' dir='ltr'><strong>cum</strong></span> <span class='ocrx_word' id='word_1_758' title='bbox 1501 5273 1654 5332; x_wconf 90' lang='lat' dir='ltr'><strong>peste</strong></span> <span class='ocrx_word' id='word_1_759' title='bbox 1706 5275 1762 5318; x_wconf 90' lang='lat' dir='ltr'><strong>et</strong></span> <span class='ocrx_word' id='word_1_760' title='bbox 1810 5264 1951 5319; x_wconf 81' lang='lat' dir='ltr'><strong>fame</strong></span> <span class='ocrx_word' id='word_1_761' title='bbox 1975 5281 2074 5334; x_wconf 90' lang='lat' dir='ltr'><strong>per</strong></span> 
     </span>
    </p>
   </div>
   <div class='ocr_carea' id='block_1_103' title="bbox 508 5347 2073 5425">
    <p class='ocr_par' dir='ltr' id='par_1_103' title="bbox 508 5347 2073 5425">
     <span class='ocr_line' id='line_1_103' title="bbox 508 5347 2073 5425; baseline 0.007 -26"><span class='ocrx_word' id='word_1_762' title='bbox 508 5356 673 5400; x_wconf 88' lang='lat' dir='ltr'><strong>totam</strong></span> <span class='ocrx_word' id='word_1_763' title='bbox 706 5347 914 5402; x_wconf 83' lang='lat' dir='ltr'><strong>Italiam</strong></span> <span class='ocrx_word' id='word_1_764' title='bbox 949 5350 1313 5418; x_wconf 85' lang='lat' dir='ltr'><strong>laboraretur,</strong></span> <span class='ocrx_word' id='word_1_765' title='bbox 1358 5353 1584 5409; x_wconf 79' lang='lat' dir='ltr'><strong>Romani</strong></span> <span class='ocrx_word' id='word_1_766' title='bbox 1628 5356 1916 5425; x_wconf 87' lang='lat' dir='ltr'><strong>opinantes</strong></span> <span class='ocrx_word' id='word_1_767' title='bbox 1960 5372 2073 5410; x_wconf 86' lang='lat' dir='ltr'><strong>non</strong></span> 
     </span>
    </p>
   </div>
   <div class='ocr_carea' id='block_1_104' title="bbox 506 5437 2068 5517">
    <p class='ocr_par' dir='ltr' id='par_1_104' title="bbox 506 5437 2068 5517">
     <span class='ocr_line' id='line_1_104' title="bbox 506 5437 2068 5517; baseline 0.008 -27"><span class='ocrx_word' id='word_1_768' title='bbox 506 5437 663 5492; x_wconf 89' lang='lat' dir='ltr'><strong>aliam</strong></span> <span class='ocrx_word' id='word_1_769' title='bbox 713 5438 871 5510; x_wconf 84' lang='lat'><strong>535</strong></span> <span class='ocrx_word' id='word_1_770' title='bbox 900 5457 1090 5496; x_wconf 87' lang='lat' dir='ltr'><strong>eorum</strong></span> <span class='ocrx_word' id='word_1_771' title='bbox 1139 5446 1405 5500; x_wconf 89' lang='lat' dir='ltr'><strong>malorum</strong></span> <span class='ocrx_word' id='word_1_772' title='bbox 1445 5461 1568 5502; x_wconf 88' lang='lat' dir='ltr'><strong>esse</strong></span> <span class='ocrx_word' id='word_1_773' title='bbox 1613 5463 1854 5513; x_wconf 88' lang='lat' dir='ltr'><strong>causam,</strong></span> <span class='ocrx_word' id='word_1_774' title='bbox 1903 5462 2068 5517; x_wconf 88' lang='lat' dir='ltr'><strong>quam</strong></span> 
     </span>
    </p>
   </div>
   <div class='ocr_carea' id='block_1_105' title="bbox 507 5531 2071 5608">
    <p class='ocr_par' dir='ltr' id='par_1_105' title="bbox 507 5531 2071 5608">
     <span class='ocr_line' id='line_1_105' title="bbox 507 5531 2071 5608; baseline 0.009 -27"><span class='ocrx_word' id='word_1_775' title='bbox 507 5531 653 5597; x_wconf 87' lang='lat' dir='ltr'><strong>quod</strong></span> <span class='ocrx_word' id='word_1_776' title='bbox 693 5532 969 5602; x_wconf 76' lang='lat' dir='ltr'><strong>Augustus</strong></span> <span class='ocrx_word' id='word_1_777' title='bbox 1021 5545 1133 5589; x_wconf 86' lang='lat' dir='ltr'><strong>tum</strong></span> <span class='ocrx_word' id='word_1_778' title='bbox 1186 5553 1404 5608; x_wconf 89' lang='lat' dir='ltr'><strong>quoque</strong></span> <span class='ocrx_word' id='word_1_779' title='bbox 1455 5541 1644 5594; x_wconf 86' lang='lat' dir='ltr'><strong>consul</strong></span> <span class='ocrx_word' id='word_1_780' title='bbox 1697 5555 1805 5594; x_wconf 89' lang='lat' dir='ltr'><strong>non</strong></span> <span class='ocrx_word' id='word_1_781' title='bbox 1854 5549 2071 5595; x_wconf 82' lang='lat' dir='ltr'><strong>creatus</strong></span> 
     </span>
    </p>
   </div>
   <div class='ocr_carea' id='block_1_106' title="bbox 508 5623 2072 5707">
    <p class='ocr_par' dir='ltr' id='par_1_106' title="bbox 508 5623 2072 5707">
     <span class='ocr_line' id='line_1_106' title="bbox 508 5623 2072 5707; baseline 0.006 -32"><span class='ocrx_word' id='word_1_782' title='bbox 508 5630 685 5686; x_wconf 88' lang='lat' dir='ltr'><strong>esset,</strong></span> <span class='ocrx_word' id='word_1_783' title='bbox 717 5623 1037 5707; x_wconf 84' lang='lat' dir='ltr'><strong>dictatorem</strong></span> <span class='ocrx_word' id='word_1_784' title='bbox 1075 5643 1200 5682; x_wconf 90' lang='lat' dir='ltr'><strong>eum</strong></span> <span class='ocrx_word' id='word_1_785' title='bbox 1234 5630 1416 5686; x_wconf 86' lang='lat' dir='ltr'><strong>dicere</strong></span> <span class='ocrx_word' id='word_1_786' title='bbox 1447 5631 1740 5686; x_wconf 87' lang='lat' dir='ltr'><strong>voluerunt</strong></span> <span class='ocrx_word' id='word_1_787' title='bbox 1771 5650 1783 5686; x_wconf 93' lang='lat'>:</span> <span class='ocrx_word' id='word_1_788' title='bbox 1817 5639 1870 5686; x_wconf 88' lang='lat' dir='ltr'><strong>et</strong></span> <span class='ocrx_word' id='word_1_789' title='bbox 1909 5647 2072 5686; x_wconf 81' lang='lat' dir='ltr'><strong>sena-</strong></span> 
     </span>
    </p>
   </div>
   <div class='ocr_carea' id='block_1_107' title="bbox 509 5710 2069 5790">
    <p class='ocr_par' dir='ltr' id='par_1_107' title="bbox 509 5710 2069 5790">
     <span class='ocr_line' id='line_1_107' title="bbox 509 5710 2069 5790; baseline 0.008 -29"><span class='ocrx_word' id='word_1_790' title='bbox 509 5715 626 5763; x_wconf 88' lang='lat' dir='ltr'><strong>tum</strong></span> <span class='ocrx_word' id='word_1_791' title='bbox 656 5710 710 5763; x_wconf 91' lang='lat' dir='ltr'><strong>in</strong></span> <span class='ocrx_word' id='word_1_792' title='bbox 738 5717 888 5768; x_wconf 85' lang='lat' dir='ltr'><strong>curia</strong></span> <span class='ocrx_word' id='word_1_793' title='bbox 921 5717 1237 5773; x_wconf 89' lang='lat' dir='ltr'><strong>conclusum</strong></span> <span class='ocrx_word' id='word_1_794' title='bbox 1269 5721 1372 5776; x_wconf 90' lang='lat' dir='ltr'><strong>hoc</strong></span> <span class='ocrx_word' id='word_1_795' title='bbox 1411 5721 1710 5778; x_wconf 90' lang='lat' dir='ltr'><strong>decernere</strong></span> <span class='ocrx_word' id='word_1_796' title='bbox 1748 5731 2069 5790; x_wconf 79' lang='lat' dir='ltr'><strong>coegerunt,</strong></span> 
     </span>
    </p>
   </div>
   <div class='ocr_carea' id='block_1_108' title="bbox 2172 4688 3686 4777">
    <p class='ocr_par' dir='ltr' id='par_1_108' title="bbox 2172 4688 3686 4777">
     <span class='ocr_line' id='line_1_108' title="bbox 2172 4688 3686 4777; baseline -0.006 -19"><span class='ocrx_word' id='word_1_797' title='bbox 2172 4704 2401 4770; x_wconf 85' lang='grc' dir='ltr'><strong>διέθετο,</strong></span> <span class='ocrx_word' id='word_1_798' title='bbox 2459 4705 2554 4759; x_wconf 78' lang='grc' dir='ltr'><strong>καὶ</strong></span> <span class='ocrx_word' id='word_1_799' title='bbox 2621 4705 2869 4777; x_wconf 86' lang='grc' dir='ltr'><strong>διάδοχον</strong></span> <span class='ocrx_word' id='word_1_800' title='bbox 2921 4706 3022 4775; x_wconf 84' lang='grc' dir='ltr'><strong>μὲν</strong></span> <span class='ocrx_word' id='word_1_801' title='bbox 3075 4705 3270 4759; x_wconf 80' lang='grc' dir='ltr'><strong>οὐδένα</strong></span> <span class='ocrx_word' id='word_1_802' title='bbox 3324 4698 3576 4762; x_wconf 82' lang='grc' dir='ltr'><strong>ἀπέδειξε,</strong></span> <span class='ocrx_word' id='word_1_803' title='bbox 3627 4688 3686 4757; x_wconf 73' lang='grc' dir='ltr'><strong>τῷ</strong></span> 
     </span>
    </p>
   </div>
   <div class='ocr_carea' id='block_1_109' title="bbox 2179 4792 3688 4870">
    <p class='ocr_par' dir='ltr' id='par_1_109' title="bbox 2179 4792 3688 4870">
     <span class='ocr_line' id='line_1_109' title="bbox 2179 4792 3688 4870; baseline 0.001 -18"><span class='ocrx_word' id='word_1_804' title='bbox 2179 4799 2416 4853; x_wconf 86' lang='grc' dir='ltr'><strong>Πείσωνι</strong></span> <span class='ocrx_word' id='word_1_805' title='bbox 2460 4799 2519 4851; x_wconf 77' lang='grc' dir='ltr'><strong>δὲ</strong></span> <span class='ocrx_word' id='word_1_806' title='bbox 2556 4799 2656 4862; x_wconf 87' lang='grc' dir='ltr'><strong>τάς</strong></span> <span class='ocrx_word' id='word_1_807' title='bbox 2685 4816 2744 4852; x_wconf 89' lang='grc' dir='ltr'><strong>τε</strong></span> <span class='ocrx_word' id='word_1_808' title='bbox 2786 4800 3048 4870; x_wconf 88' lang='grc' dir='ltr'><strong>δυνάμεις</strong></span> <span class='ocrx_word' id='word_1_809' title='bbox 3075 4799 3292 4861; x_wconf 78' lang='grc' dir='ltr'><strong>καὶτὰς</strong></span> <span class='ocrx_word' id='word_1_810' title='bbox 3336 4792 3511 4853; x_wconf 80' lang='grc' dir='ltr'><strong>κοινὰς</strong></span> <span class='ocrx_word' id='word_1_811' title='bbox 3549 4797 3688 4854; x_wconf 72' lang='grc' dir='ltr'><strong>προσ·</strong></span> 
     </span>
    </p>
   </div>
   <div class='ocr_carea' id='block_1_110' title="bbox 2175 4878 3690 4963">
    <p class='ocr_par' dir='ltr' id='par_1_110' title="bbox 2175 4878 3690 4963">
     <span class='ocr_line' id='line_1_110' title="bbox 2175 4878 3690 4963; baseline -0.003 -19"><span class='ocrx_word' id='word_1_812' title='bbox 2175 4892 2330 4955; x_wconf 75' lang='grc' dir='ltr'><strong>όδους</strong></span> <span class='ocrx_word' id='word_1_813' title='bbox 2387 4893 2468 4955; x_wconf 83' lang='grc' dir='ltr'><strong>είς</strong></span> <span class='ocrx_word' id='word_1_814' title='bbox 2525 4890 2732 4961; x_wconf 85' lang='grc' dir='ltr'><strong>βιϐλίον</strong></span> <span class='ocrx_word' id='word_1_815' title='bbox 2777 4892 2996 4963; x_wconf 76' lang='grc' dir='ltr'><strong>γράψας</strong></span> <span class='ocrx_word' id='word_1_816' title='bbox 3036 4892 3230 4954; x_wconf 82' lang='grc' dir='ltr'><strong>ἐδωκε,</strong></span> <span class='ocrx_word' id='word_1_817' title='bbox 3265 4888 3342 4956; x_wconf 81' lang='grc' dir='ltr'><strong>τῷ</strong></span> <span class='ocrx_word' id='word_1_818' title='bbox 3369 4885 3411 4938; x_wconf 77' lang='grc' dir='ltr'><strong>δ’</strong></span> <span class='ocrx_word' id='word_1_819' title='bbox 3451 4878 3690 4946; x_wconf 57' lang='grc' dir='ltr'><strong>Ἀγρίππᾳ</strong></span> 
     </span>
    </p>
   </div>
   <div class='ocr_carea' id='block_1_111' title="bbox 2171 4967 3687 5054">
    <p class='ocr_par' dir='ltr' id='par_1_111' title="bbox 2171 4967 3687 5054">
     <span class='ocr_line' id='line_1_111' title="bbox 2171 4967 3687 5054; baseline -0.01 -16"><span class='ocrx_word' id='word_1_820' title='bbox 2171 4987 2263 5038; x_wconf 63' lang='grc' dir='ltr'><strong>τὶν</strong></span> <span class='ocrx_word' id='word_1_821' title='bbox 2291 4984 2580 5038; x_wconf 84' lang='grc' dir='ltr'><strong>δακτύλιον</strong></span> <span class='ocrx_word' id='word_1_822' title='bbox 2607 4984 2960 5054; x_wconf 85' lang='grc' dir='ltr'><strong>ἐνεχείρισεν.</strong></span> <span class='ocrx_word' id='word_1_823' title='bbox 2997 4983 3285 5044; x_wconf 79' lang='grc' dir='ltr'><strong>’Δντὼνιος</strong></span> <span class='ocrx_word' id='word_1_824' title='bbox 3311 4978 3366 5031; x_wconf 88' lang='grc' dir='ltr'><strong>δέ</strong></span> <span class='ocrx_word' id='word_1_825' title='bbox 3391 4992 3469 5036; x_wconf 80' lang='grc' dir='ltr'><strong>τις</strong></span> <span class='ocrx_word' id='word_1_826' title='bbox 3499 4967 3687 5024; x_wconf 77' lang='grc' dir='ltr'><strong>Μούσας</strong></span> 
     </span>
    </p>
   </div>
   <div class='ocr_carea' id='block_1_112' title="bbox 2177 5052 3690 5146">
    <p class='ocr_par' dir='ltr' id='par_1_112' title="bbox 2177 5052 3690 5146">
     <span class='ocr_line' id='line_1_112' title="bbox 2177 5052 3690 5146; baseline -0.011 -15"><span class='ocrx_word' id='word_1_827' title='bbox 2177 5078 2322 5131; x_wconf 77' lang='grc' dir='ltr'><strong>οὕτω</strong></span> <span class='ocrx_word' id='word_1_828' title='bbox 2363 5078 2552 5140; x_wconf 86' lang='grc' dir='ltr'><strong>κακῶς</strong></span> <span class='ocrx_word' id='word_1_829' title='bbox 2583 5077 2747 5129; x_wconf 79' lang='grc' dir='ltr'><strong>αὐτὸν</strong></span> <span class='ocrx_word' id='word_1_830' title='bbox 2793 5077 3146 5146; x_wconf 87' lang='grc' dir='ltr'><strong>διακείμενον</strong></span> <span class='ocrx_word' id='word_1_831' title='bbox 3182 5064 3579 5144; x_wconf 78' lang='grc' dir='ltr'><strong>ψυχρολουσίαις</strong></span> <span class='ocrx_word' id='word_1_832' title='bbox 3615 5052 3690 5146; x_wconf 42' lang='grc' dir='ltr'><strong>καί</strong></span> 
     </span>
    </p>
   </div>
   <div class='ocr_carea' id='block_1_113' title="bbox 2177 5138 3688 5240">
    <p class='ocr_par' dir='ltr' id='par_1_113' title="bbox 2177 5138 3688 5240">
     <span class='ocr_line' id='line_1_113' title="bbox 2177 5138 3688 5240; baseline -0.007 -17"><span class='ocrx_word' id='word_1_833' title='bbox 2177 5138 2574 5240; x_wconf 79' lang='grc' dir='ltr'><strong>ψυχροποσίαις</strong></span> <span class='ocrx_word' id='word_1_834' title='bbox 2639 5167 2943 5238; x_wconf 69' lang='grc' dir='ltr'><strong>ἀνέρρωσε.</strong></span> <span class='ocrx_word' id='word_1_835' title='bbox 2980 5138 3088 5219; x_wconf 48' lang='grc' dir='ltr'><strong>’Διὸ</strong></span> <span class='ocrx_word' id='word_1_836' title='bbox 3140 5138 3536 5232; x_wconf 38' lang='grc' dir='ltr'><strong>καὶ-’χρηματα</strong></span> <span class='ocrx_word' id='word_1_837' title='bbox 3582 5138 3688 5212; x_wconf 69' lang='grc' dir='ltr'><strong>παρ’</strong></span> 
     </span>
    </p>
   </div>
   <div class='ocr_carea' id='block_1_114' title="bbox 2179 5241 3688 5333">
    <p class='ocr_par' dir='ltr' id='par_1_114' title="bbox 2179 5241 3688 5333">
     <span class='ocr_line' id='line_1_114' title="bbox 2179 5241 3688 5333; baseline -0.015 -20"><span class='ocrx_word' id='word_1_838' title='bbox 2179 5259 2347 5313; x_wconf 81' lang='grc' dir='ltr'><strong>αὐτοῦ</strong></span> <span class='ocrx_word' id='word_1_839' title='bbox 2386 5275 2444 5312; x_wconf 84' lang='grc' dir='ltr'><strong>τε</strong></span> <span class='ocrx_word' id='word_1_840' title='bbox 2482 5260 2580 5312; x_wconf 74' lang='grc' dir='ltr'><strong>καὶ</strong></span> <span class='ocrx_word' id='word_1_841' title='bbox 2607 5260 2763 5328; x_wconf 68' lang='grc' dir='ltr'><strong>παρὰ</strong></span> <span class='ocrx_word' id='word_1_842' title='bbox 2809 5258 2909 5327; x_wconf 83' lang='grc' dir='ltr'><strong>τῆς</strong></span> <span class='ocrx_word' id='word_1_843' title='bbox 2963 5257 3160 5328; x_wconf 82' lang='grc' dir='ltr'><strong>βουλῆς</strong></span> <span class='ocrx_word' id='word_1_844' title='bbox 3203 5253 3378 5316; x_wconf 77' lang='grc' dir='ltr'><strong>ἔλαϐε,</strong></span> <span class='ocrx_word' id='word_1_845' title='bbox 3417 5247 3501 5301; x_wconf 74' lang='grc' dir='ltr'><strong>καὶ</strong></span> <span class='ocrx_word' id='word_1_846' title='bbox 3529 5241 3688 5333; x_wconf 42' lang='lat' dir='ltr'><strong>5am?-</strong></span> 
     </span>
    </p>
   </div>
   <div class='ocr_carea' id='block_1_115' title="bbox 2178 5338 3684 5425">
    <p class='ocr_par' dir='ltr' id='par_1_115' title="bbox 2178 5338 3684 5425">
     <span class='ocr_line' id='line_1_115' title="bbox 2178 5338 3684 5425; baseline -0.009 -20"><span class='ocrx_word' id='word_1_847' title='bbox 2178 5354 2313 5415; x_wconf 84' lang='grc' dir='ltr'><strong>λίοις</strong></span> <span class='ocrx_word' id='word_1_848' title='bbox 2365 5353 2608 5422; x_wconf 87' lang='grc' dir='ltr'><strong>χρυσοῖς,</strong></span> <span class='ocrx_word' id='word_1_849' title='bbox 2661 5348 3030 5420; x_wconf 79' lang='grc' dir='ltr'><strong>ἀπελεύθερος</strong></span> <span class='ocrx_word' id='word_1_850' title='bbox 3079 5347 3174 5414; x_wconf 85' lang='grc' dir='ltr'><strong>ὢν,</strong></span> <span class='ocrx_word' id='word_1_851' title='bbox 3211 5341 3478 5412; x_wconf 79' lang='grc' dir='ltr'><strong>ἐπετράπη</strong></span> <span class='ocrx_word' id='word_1_852' title='bbox 3522 5338 3684 5425; x_wconf 47' lang='grc' dir='ltr'><strong>κεχρο-</strong></span> 
     </span>
    </p>
   </div>
   <div class='ocr_carea' id='block_1_116' title="bbox 2182 5425 3685 5509">
    <p class='ocr_par' dir='ltr' id='par_1_116' title="bbox 2182 5425 3685 5509">
     <span class='ocr_line' id='line_1_116' title="bbox 2182 5425 3685 5509; baseline 0.002 -12"><span class='ocrx_word' id='word_1_853' title='bbox 2182 5445 2330 5507; x_wconf 89' lang='grc' dir='ltr'><strong>σθαι,</strong></span> <span class='ocrx_word' id='word_1_854' title='bbox 2377 5443 2632 5498; x_wconf 87' lang='grc' dir='ltr'><strong>ἀτέλειάν</strong></span> <span class='ocrx_word' id='word_1_855' title='bbox 2669 5459 2728 5494; x_wconf 88' lang='grc' dir='ltr'><strong>τε</strong></span> <span class='ocrx_word' id='word_1_856' title='bbox 2776 5442 2928 5509; x_wconf 81' lang='grc' dir='ltr'><strong>αύτῷ</strong></span> <span class='ocrx_word' id='word_1_857' title='bbox 2981 5443 3216 5503; x_wconf 73' lang='grc' dir='ltr'><strong>καὶτοῖς</strong></span> <span class='ocrx_word' id='word_1_858' title='bbox 3265 5435 3550 5505; x_wconf 68' lang='grc' dir='ltr'><strong>ὁμοτέχνοις</strong></span> <span class='ocrx_word' id='word_1_859' title='bbox 3595 5425 3685 5509; x_wconf 48' lang='grc' dir='ltr'><strong>Ὗς</strong></span> 
     </span>
    </p>
   </div>
   <div class='ocr_carea' id='block_1_117' title="bbox 2180 5503 3682 5605">
    <p class='ocr_par' dir='ltr' id='par_1_117' title="bbox 2180 5503 3682 5605">
     <span class='ocr_line' id='line_1_117' title="bbox 2180 5503 3682 5605; baseline -0.021 -14"><span class='ocrx_word' id='word_1_860' title='bbox 2180 5537 2297 5591; x_wconf 80' lang='grc' dir='ltr'><strong>οὖσι</strong></span> <span class='ocrx_word' id='word_1_861' title='bbox 2316 5503 2422 5591; x_wconf 34' lang='grc' dir='ltr'><strong>’καὶ</strong></span> <span class='ocrx_word' id='word_1_862' title='bbox 2453 5538 2563 5598; x_wconf 81' lang='grc' dir='ltr'><strong>τοῖς</strong></span> <span class='ocrx_word' id='word_1_863' title='bbox 2593 5535 2874 5605; x_wconf 81' lang='grc' dir='ltr'><strong>ἐσομένοις</strong></span> <span class='ocrx_word' id='word_1_864' title='bbox 2898 5503 3259 5603; x_wconf 78' lang='grc' dir='ltr'><strong>παρέσχοντο.</strong></span> <span class='ocrx_word' id='word_1_865' title='bbox 3286 5503 3429 5581; x_wconf 70' lang='grc' dir='ltr'><strong>Οὕτω</strong></span> <span class='ocrx_word' id='word_1_866' title='bbox 3454 5517 3504 5572; x_wconf 81' lang='grc' dir='ltr'><strong>δέ</strong></span> <span class='ocrx_word' id='word_1_867' title='bbox 3526 5503 3682 5605; x_wconf 54' lang='grc' dir='ltr'><strong>σωθεὶς</strong></span> 
     </span>
    </p>
   </div>
   <div class='ocr_carea' id='block_1_118' title="bbox 2180 5597 3681 5698">
    <p class='ocr_par' dir='ltr' id='par_1_118' title="bbox 2180 5597 3681 5698">
     <span class='ocr_line' id='line_1_118' title="bbox 2180 5597 3681 5698; baseline -0.022 -14"><span class='ocrx_word' id='word_1_868' title='bbox 2180 5632 2260 5693; x_wconf 87' lang='grc' dir='ltr'><strong>είς</strong></span> <span class='ocrx_word' id='word_1_869' title='bbox 2293 5629 2357 5683; x_wconf 71' lang='grc' dir='ltr'><strong>τὸ</strong></span> <span class='ocrx_word' id='word_1_870' title='bbox 2394 5628 2670 5698; x_wconf 83' lang='grc' dir='ltr'><strong>συνέδριον</strong></span> <span class='ocrx_word' id='word_1_871' title='bbox 2693 5597 2816 5690; x_wconf 46' lang='grc' dir='ltr'><strong>’τὰς</strong></span> <span class='ocrx_word' id='word_1_872' title='bbox 2849 5597 3120 5695; x_wconf 69' lang='grc' dir='ltr'><strong>διαθηκας</strong></span> <span class='ocrx_word' id='word_1_873' title='bbox 3144 5623 3440 5690; x_wconf 81' lang='grc' dir='ltr'><strong>εἰσήνεγκε,</strong></span> <span class='ocrx_word' id='word_1_874' title='bbox 3468 5604 3550 5698; x_wconf 80' lang='grc' dir='ltr'><strong>καὶ</strong></span> <span class='ocrx_word' id='word_1_875' title='bbox 3577 5597 3681 5698; x_wconf 30' lang='lat' dir='ltr'><strong>Mili-</strong></span> 
     </span>
    </p>
   </div>
   <div class='ocr_carea' id='block_1_119' title="bbox 2183 5694 3678 5791">
    <p class='ocr_par' dir='ltr' id='par_1_119' title="bbox 2183 5694 3678 5791">
     <span class='ocr_line' id='line_1_119' title="bbox 2183 5694 3678 5791; baseline -0.025 -15"><span class='ocrx_word' id='word_1_876' title='bbox 2183 5720 2502 5791; x_wconf 82' lang='grc' dir='ltr'><strong>γνωσθῆναι</strong></span> <span class='ocrx_word' id='word_1_877' title='bbox 2524 5694 2848 5790; x_wconf 84' lang='grc' dir='ltr'><strong>ἐπέτρεπεν,</strong></span> <span class='ocrx_word' id='word_1_878' title='bbox 2881 5694 3289 5788; x_wconf 85' lang='grc' dir='ltr'><strong>ἐνδεικνύμενος</strong></span> <span class='ocrx_word' id='word_1_879' title='bbox 3315 5710 3389 5762; x_wconf 80' lang='grc' dir='ltr'><strong>ὅτι</strong></span> <span class='ocrx_word' id='word_1_880' title='bbox 3418 5694 3583 5755; x_wconf 82' lang='grc' dir='ltr'><strong>οὐδένα</strong></span> <span class='ocrx_word' id='word_1_881' title='bbox 3602 5695 3678 5750; x_wconf 78' lang='grc' dir='ltr'><strong>της</strong></span> 
     </span>
    </p>
   </div>
  </div>
