3910 6564
242 343 344 410 905

1538 348 1944 411 ANNALIUM
1976 348 2121 419 LIB.
2168 350 2240 420 Χ,

3397 361 3505 426 906

242 457 407 525 αρχῆς
435 453 693 526 διὰδοχον
722 453 1120 510 καταλέλοιπεν
1138 471 1151 485 ’
1174 453 1237 508 οὗ
1267 453 1454 525 μέντοι
1483 454 1578 508 καὶ
1603 456 1819 523 άνέγνω

1931 473 2165 530 eumque
2196 467 2427 515 orarunt
2457 470 2518 518 ut
2547 471 2604 518 et
2635 460 2958 521 dictatorem
2999 476 3055 524 et
3085 470 3166 525 rei
3196 471 3499 528 frumenta-

255 550 413 609 αυτάς
440 563 551 611 τις.
576 546 750 617 Λιμοῦ
771 548 829 601 δὲ
870 544 949 618 τῷ
982 548 1116 618 ἑξῆς
1152 547 1266 601 ἔτει
1298 546 1394 601 καὶ
1434 545 1628 616 λοιμοῦ
1660 563 1819 615 γενο-

257 636 415 703 μένου
441 635 504 689 ιν
545 635 692 708 πάσῃ
720 639 788 709 τῇ
838 637 1066 707 Ἰταλίᾳ,
1105 636 1433 707 νομίσαντες
1467 635 1520 699 oi
1553 635 1821 705 Ῥωμαῖοι

254 727 349 780 οὐκ
376 726 557 791 ἄλλως
600 727 773 781 ταῦτα
805 728 1241 799 συμϐεϐηκέναι,
1267 729 1301 799 ἢ
1336 727 1420 780 ὅτι
1454 726 1530 797 μὴ
1571 728 1666 779 καὶ
1697 727 1822 781 τότε

253 818 584 873 ὑπατεύοντα
619 820 714 873 τὸν
740 818 1076 889 Αὔγουστον,
1122 818 1286 890 ἔσχον
1314 819 1613 889 δικτάτορα
1659 819 1822 873 αὐτὸν

249 912 520 983 ἠθέλησαν
551 914 1033 983 προχειρίσασθαι,
1060 915 1157 968 καὶ
1199 914 1301 983 τὴν
1361 913 1562 984 βουλήν
1622 915 1705 976 είς
1760 913 1823 966 τὸ

250 1002 524 1072 συνέδριον
566 1005 1031 1070 κατακλείσαντες
1080 1004 1407 1075 ἠνάγκασαν
1448 1003 1609 1058 τοῦτο
1648 1001 1819 1073 ψηφί-

249 1096 473 1151 σασθαιο
537 1101 634 1153 καὶ
681 1098 831 1169 αὐτῷ
891 1098 1203 1171 προσῆλθον
1257 1097 1505 1168 δεόμενοι
1559 1095 1821 1166 λεχθῆναι

245 1187 534 1263 δικτάτορα
562 1192 657 1245 καὶ
678 1193 777 1262 τῆς
801 1192 895 1244 τοῦ
923 1191 1073 1245 σίτου
1103 1190 1427 1260 συναγωγῆς
1455 1187 1820 1260 ἐπιμελητήν.

247 1282 350 1333 Καὶ
383 1281 446 1345 ὃς
490 1283 592 1353 τὴν
635 1283 738 1351 μὲν
790 1280 886 1336 τοῦ
934 1281 1085 1336 σίτου
1130 1282 1391 1353 φροντίδα
1442 1279 1679 1346 ἐδέξατο,
1723 1279 1823 1348 τὴν

1934 549 2032 607 riae
2075 557 2492 620 procuratorem
2544 567 2605 608 se
2651 554 2760 609 dici
2808 565 3109 625 pateretur.
3139 558 3193 614 Is
3223 575 3361 616 vero
3402 577 3504 616 an-

1930 652 2089 692 neme
2120 638 2466 694 curationem
2497 643 2765 712 suscepit,
2790 644 3117 700 dictaturam
3150 650 3462 718 repudiavit
3489 671 3502 707 :

1930 739 1987 784 et
2032 744 2159 783 cum
2198 744 2380 801 neque
2421 731 2815 799 dissuadendo,
2843 753 3021 808 neque
3071 741 3313 811 rogando
3340 744 3497 813 quid-

1930 834 2093 888 quam
2147 821 2461 889 proﬁceret,
2510 835 2719 880 vestem
2768 841 2925 880 suam
2995 828 3300 897 laceravit,
3356 845 3505 889 recte

1932 912 2341 984 prudenterque
2380 917 2551 972 vitato
2582 917 2762 973 inviso
2794 932 2850 973 et
2877 919 3071 976 odioso
3103 925 3348 990 nomine,
3379 940 3503 981 cum

1926 1002 2253 1084 dignitatem
2317 1013 2373 1060 et
2428 1016 2758 1076 potestatem
2816 1009 3092 1066 dictatura
3162 1015 3505 1084 superiorem

1923 1081 2230 1150 obtineret.
2273 1095 2532 1163 Quidam,
2579 1099 2675 1169 qui
2712 1099 2942 1157 insidias
2993 1104 3044 1158 ei
3093 1081 3503 1179 compararant,

1925 1185 2136 1241 indicta
2165 1199 2331 1242 causa
2364 1188 2560 1243 exsilio
2586 1191 2805 1246 multati
2826 1234 2841 1255 ,
2889 1209 2989 1250 nec
3019 1197 3194 1253 multo
3239 1207 3365 1270 post
3394 1217 3506 1256 una

1928 1289 2057 1331 cum
2088 1274 2396 1346 coniuratis
2431 1276 2713 1335 interiecti
2748 1291 2900 1337 sunt.

245 1372 589 1443 δικτατορίαν
609 1374 668 1428 δὲ
699 1375 761 1427 οὐ
790 1377 1127 1446 προσήκατο.
1156 1373 1298 1426 Ἀλλ’
1328 1374 1452 1427 ἐπεὶ
1515 1373 1654 1445 μήτε
1713 1368 2098 1440 διαλεγόμενος
2135 1367 2342 1433 αὐτοῖς.
2396 1368 2531 1439 μήτε
2571 1370 2825 1442 δεόμενος
2863 1373 3074 1441 ἔπειθε,
3139 1378 3240 1449 τὴν
3303 1380 3508 1454 ἐσθῆτα

249 1462 563 1536 διέρρηξεν.
614 1465 821 1536 Ὀρθιὶς
872 1465 983 1537 γὰρ
1039 1465 1136 1519 καὶ
1182 1463 1426 1528 συνετῶς
1476 1464 1539 1518 τὸ
1598 1461 1828 1534 μισητὸν
1866 1460 1966 1528 τῆς
2029 1458 2373 1527 ἐπικλήσεως
2396 1458 2701 1527 ἐφυλάξατο
2753 1463 2848 1515 κοιλ⁵
2873 1464 3184 1534 ὲπίφθονον,
3215 1467 3358 1540 ὑπὲρ
3379 1473 3507 1534 τοὺς

236 1554 567 1624 ,δικτάτορας
589 1555 732 1627 ἔχων
763 1556 864 1626 τὴν
894 1556 1147 1623 ἐξουσίαν
1214 1555 1310 1610 καὶ
1370 1558 1470 1627 τὴν
1533 1561 1721 1626 τιμήν.
1790 1550 2118 1619 Ἑπιϐουλὴν
2164 1549 2221 1603 δὲ
2270 1551 2395 1604 κατ’
2440 1552 2606 1605 αὐτοῦ
2651 1558 3080 1626 συστησαμένων
3124 1561 3307 1629 τινῶν,
3349 1563 3508 1629 αὐτοι

243 1662 294 1698 τε
325 1646 422 1698 καὶ
444 1647 496 1699 oi
534 1647 847 1718 συνωμόται
874 1648 1090 1719 ἐρήμην
1117 1648 1336 1719 ἣλωσαν
1365 1648 1443 1711 ὡς
1475 1645 1821 1715 φευξόμενοι,
1854 1642 1921 1696 ού
1960 1637 2145 1709 πολλῷ
2175 1639 2220 1692 δ’
2260 1636 2493 1710 ὕστερον
2519 1643 2943 1717 ἀπεσφάγησαν.

305 1739 426 1793 ΔΔ’.
457 1739 623 1793 Μετὰ
644 1739 817 1794 ταῦτα
844 1741 887 1793 δ’
912 1743 993 1804 είς
1049 1741 1306 1795 Σικελίαν
1331 1736 1487 1811 ἦλθε.
1530 1741 1708 1795 Κάκεῖ
1739 1739 1828 1793 ὕν-

2009 1730 2252 1787 XXXIV.
2281 1732 2488 1789 Deinde
2516 1749 2640 1789 cum
2666 1737 2722 1790 in
2764 1736 2950 1792 Sicilia
2977 1740 3214 1809 abesset,
3251 1743 3306 1799 in
3334 1748 3508 1803 comi-

242 1846 325 1893 τος
352 1831 381 1883 ὀ
409 1830 597 1902 δῆμος
624 1831 737 1885 τῶν
780 1831 1072 1899 Ῥωμαίων
1122 1834 1250 1897 τοὺς
1304 1821 1551 1897 ὑπάτους
1584 1846 1826 1903 χειροτοο

1938 1819 2032 1875 tiis
2060 1822 2447 1878 consularibus
2486 1820 2688 1879 seditio
2739 1835 2861 1881 orta
2917 1839 3046 1885 est:
3077 1841 3138 1887 ut
3189 1834 3275 1888 vel
3325 1850 3394 1891 ex
3440 1853 3509 1893 eo

241 1921 341 1976 νῶν
370 1923 731 1990 ἐστασίασεν,
757 1923 833 1988 ώς
868 1923 1164 1979 κάντεῦθεν
1217 1926 1497 1997 δειχθῆναι
1559 1926 1643 1980 δτι
1691 1924 1824 1978 ἀδύ-

240 2030 396 2067 νατον
426 2010 499 2086 ἦν
528 2017 1089 2087 δημοκρατουμένους
1122 2017 1323 2083 αὐτοὺς
1368 2016 1629 2087 σωθῆναι.
1671 2013 1831 2070 Οὕτω

241 2105 345 2175 γάρ
373 2104 732 2177 ἐθορύϐησαν
783 2107 880 2160 καὶ
942 2106 1163 2162 ἅπαντα
1232 2105 1631 2179 συνετάραξαν,
1687 2105 1830 2160 ὥστε

242 2197 335 2252 καὶ
363 2196 457 2251 τδν
482 2198 802 2268 Αὔγουστον
829 2200 934 2253 ὑπὸ
962 2200 1072 2254 τῶν
1102 2200 1396 2271 ὲμφρόνων
1431 2198 1829 2269 ἀνακληθῆναι.

240 2288 666 2361 ’Δγανακτήσας
692 2290 738 2345 δ’
764 2292 858 2345 επὶ
910 2291 1088 2363 τούτῳ
1114 2294 1143 2346 ὁ
1167 2291 1510 2361 Αὔγουστος,
1566 2292 1662 2345 καὶ
1695 2291 1831 2361 μήτε

244 2382 325 2435 ἀεὶ
339 2386 406 2455 τῇ
445 2383 648 2455 Ῥώμῃ
675 2384 960 2455 σχολάζειν
983 2385 1305 2455 δυνάμενος,
1346 2384 1475 2455 μήτ’
1499 2383 1567 2440 αὖ
1596 2385 1830 2456 ἄναρχον

242 2472 406 2543 αὐτὴν
443 2473 810 2528 καταλείπειν
839 2475 1076 2546 τολμῶν,
1110 2475 1294 2547 ἐζήτει
1333 2476 1471 2548 αὐτῇ
1538 2475 1831 2544 ἐπιστῆσαί

241 2580 377 2618 τινα.
424 2564 547 2617 Καὶ
591 2564 775 2636 ἔκρινε
808 2566 909 2636 μὲν
968 2569 1063 2622 τὸν
1117 2568 1436 2639 ’Δγρίππαν
1498 2569 1636 2640 πρὸς
1697 2570 1830 2623 αὐτὸ

244 2654 708 2724 ἐπιτηδειότατον,
755 2656 1040 2729 βουληθεὶς
1063 2658 1120 2712 δὲ
1152 2659 1248 2712 καὶ
1274 2660 1462 2730 μεῖζον
1497 2660 1647 2730 αὐτῷ
1678 2678 1833 2731 περι-

243 2745 406 2799 θεῖναι
433 2747 687 2818 ἁξίωμα,
714 2749 803 2804 ἵνα
829 2751 893 2803 ἐκ
922 2750 1115 2806 τούτου
1145 2752 1276 2822 ῥᾷον
1300 2751 1481 2805 αὐτῶν
1505 2752 1670 2824 ἄρχῃ,
1698 2769 1831 2806 κατ-

242 2839 562 2906 ηνάγκασεν
620 2840 785 2895 αὐτὸν
823 2843 923 2914 τὴν
979 2848 1213 2911 γυναῖκα
1272 2845 1499 2914 ἀφέντα.
1555 2848 1622 2916 τῇ
1668 2843 1830 2898 αὐτοῦ

246 2927 472 3000 θυγατρὶ
510 2931 838 3003 συνοικῆσαι
866 2937 933 3004 τῇ
965 2933 1184 3006 Ἰουλίᾳ,
1225 2937 1319 2989 καὶ
1349 2938 1408 2999 ὲς
1462 2934 1561 3005 τὴν
1609 2934 1830 3004 Ῥώμην

244 3022 434 3076 αὐτίκα
458 3023 564 3076 ἐπί
587 3041 646 3077 τε
681 3025 760 3094 τῷ
786 3025 951 3096 γάμῳ
984 3029 1076 3081 καὶ
1098 3029 1192 3080 ἐπὶ
1232 3032 1299 3099 τῇ
1333 3028 1706 3101 μεταχειρίσει
1729 3028 1830 3097 τῆς

244 3113 443 3175 πόλεως
463 3115 716 3186 ἔπεμψε,
737 3116 827 3169 διά
854 3133 915 3171 τε
944 3118 1113 3172 τᾶλλα
1144 3121 1241 3174 καὶ
1263 3120 1346 3175 ὃτι
1395 3120 1681 3192 Μαικήνας
1708 3115 1830 3172 εἷπε

244 3202 313 3273 τῷ
374 3205 651 3277 Καίσαρι,
698 3207 773 3270 ὠς
832 3209 1196 3276 Τηλικοῦτον
1261 3211 1451 3266 αὐτὸν
1496 3211 1830 3278 πεποίηκας

248 3294 396 3351 ὥστε
425 3298 465 3368 ἦ
502 3302 772 3368 γαμϐρόν
802 3318 919 3355 σου
950 3303 1227 3371 γενέσθαι
1263 3303 1500 3373 χρῆναι,
1547 3302 1586 3371 ἢ
1614 3320 1830 3372 φονευ-

243 3387 437 3457 θῆναι.
482 3385 812 3462 Ἀγρίππας
849 3393 942 3447 οὖν
972 3394 1220 3448 οίδοῦντα
1249 3394 1426 3466 εὑρὼν
1452 3396 1509 3448 ὲν
1536 3398 1603 3467 τῇ
1643 3394 1832 3468 Ῥώμῃ

243 3479 308 3534 τά
324 3482 641 3552 πράγματα
663 3486 1058 3557 κατεστήσατο.
1122 3485 1181 3541 '0
1228 3487 1273 3540 δ’
1317 3486 1632 3555 Αὔγουστος
1660 3486 1732 3540 τά
1770 3490 1829 3541 ἐν

242 3575 304 3644 τῇ
337 3575 575 3645 Σικελίᾳ.
604 3576 911 3648 διοικήσας,
936 3580 1016 3642 είς
1036 3578 1138 3650 τὴν
1203 3578 1434 3633 Ἐλλάδα
1479 3578 1825 3650 ἐπεραιώθη,

244 3666 407 3719 καὶτὸ
446 3666 770 3739 Ἑλληνικὸν
791 3669 1069 3738 διαγαγὼν
1102 3671 1185 3734 είς
1223 3670 1322 3742 τὴν
1352 3670 1536 3741 Σάμον
1568 3670 1826 3725 ἔπλευσε.

245 3757 415 3813 Κάκεῖ
433 3761 743 3829 χειμάσας,
761 3763 840 3825 είς
864 3762 967 3832 τὴν
993 3761 1184 3815 Ἀσίαν
1210 3765 1267 3815 ἐν
1297 3762 1375 3832 τῷ
1397 3761 1825 3832 ίαριὲκομίσθη,

245 3851 333 3902 καὶ
366 3850 435 3903 τὰ
461 3852 592 3903 ἐκεῖ
617 3851 713 3904 καὶ
739 3851 810 3904 τὰ
846 3854 903 3905 ἐν
934 3856 998 3925 τῇ
1035 3852 1263 3925 Βιθυνία
1286 3851 1498 3919 διέταξε
1546 3855 1642 3907 καὶ
1700 3853 1829 3917 τοὺς

247 3939 592 4012 κυζικηνοὺς
629 3941 988 4008 ἐδουλώσατο,
1017 3944 1101 3998 ὃτι
1157 3944 1461 4014 Ῥωμαίους
1492 3943 1647 4006 τινὰς
1719 3960 1826 4012 μα-

248 4031 617 4097 στιγώσαντες
637 4033 912 4089 ἔκτειναν.
944 4034 1018 4088 Τὸ
1040 4035 1177 4089 αὐτὸ
1199 4036 1257 4089 δὲ
1292 4036 1387 4088 καὶ
1431 4037 1546 4100 τοῖς
1607 4035 1829 4107 Τυρίοις

248 4122 467 4187 καὶτοῖς
503 4123 785 4189 Σιδωνίοις
816 4128 1096 4198 ἐποίησεν,
1122 4130 1180 4182 ἑν
1207 4131 1274 4201 τῇ
1305 4129 1477 4200 Συρία
1514 4130 1832 4199 γενόμενος.

259 4209 317 4265 Ἠ
352 4213 558 4267 Ἰουλία
583 4214 642 4267 δὲ
685 4217 780 4269 τὸν
812 4217 975 4273 Γάϊον
1002 4220 1175 4273 ἔτεκε.
1209 4220 1319 4274 Καὶ
1349 4221 1377 4274 ὁ
1403 4218 1712 4290 Αὔγουστος
1734 4218 1829 4273 ὲθο

246 4302 346 4355 νῶν
372 4306 475 4373 ήγε
486 4305 684 4374 μονίας
713 4308 822 4359 τισὶ
841 4308 1092 4372 δεδωκὼς
1120 4311 1427 4380 ἐπανῆλθεν
1474 4312 1556 4375 είς
1618 4312 1824 4383 Σάμονο

246 4394 401 4448 κάκεῖ
421 4397 528 4448 καὶ
541 4394 704 4458 αὖθις
728 4398 987 4469 ὲχείμασε
1013 4402 1107 4453 καὶ
1154 4400 1324 4455 πολλὰ
1369 4402 1662 4474 διῴκησεν.
1693 4404 1826 4473 Ἀφ-

1932 1913 2286 1983 perspicuum
2315 1924 2485 1981 esset,
2538 1916 2818 1974 Romanos
2865 1920 3038 1976 libera
3094 1926 3371 1994 republica
3424 1928 3513 1982 in-

1931 2005 2180 2060 columes
2203 2020 2323 2061 esse
2351 2021 2462 2061 non
2502 2023 2683 2077 posse.
2717 2009 2793 2064 ita
2823 2011 2971 2065 enim
3001 2015 3318 2073 tumuituati
3351 2028 3503 2084 sunt,

1932 2095 2007 2151 ita
2040 2096 2335 2153 turbarunt
2354 2099 2561 2167 omnia,
2592 2110 2652 2156 ut
2674 2103 2957 2175 Augustus
2994 2122 3024 2161 a
3055 2110 3508 2178 prudentioribus

1932 2197 2330 2245 accerseretur.
2370 2190 2425 2245 ld
2467 2192 2660 2263 iniquo
2687 2195 2870 2252 ferens
2913 2200 3121 2267 animo,
3166 2219 3291 2258 cum
3324 2221 3506 2274 neque

1933 2274 2120 2333 Romae
2165 2293 2384 2350 semper
2422 2296 2618 2338 vacare
2647 2296 2868 2354 posset,
2917 2305 3098 2360 neque
3144 2294 3336 2349 urbem
3386 2297 3507 2353 sine

1932 2370 2256 2440 magistratu
2326 2371 2643 2444 relinquere
2712 2378 2993 2449 auderet,
3031 2383 3099 2438 de
3146 2385 3353 2455 aliquo,
3413 2392 3506 2446 cui

1932 2473 2201 2516 summam
2236 2477 2421 2518 rerum
2470 2465 2778 2533 mandaret,
2807 2470 3102 2541 deligendo
3155 2478 3502 2537 deliberavit.

1932 2551 2103 2616 Quam
2134 2551 2203 2608 ad
2236 2567 2351 2608 rem
2377 2567 2504 2609 cum
2553 2556 2874 2627 aptissimus
2919 2563 3157 2635 Agrippa
3198 2569 3505 2636 videretur,

1931 2653 1988 2696 et
2019 2657 2128 2712 quo
2173 2645 2365 2715 majori
2406 2656 2556 2702 esset
2603 2652 2955 2719 auctoritate,
2991 2655 3311 2726 dignitatem
3359 2663 3507 2720 illius

1932 2748 2134 2804 augere
2188 2736 2373 2803 vellet,
2404 2753 2531 2793 eum
2581 2742 2781 2813 coegit,
2835 2747 3024 2803 relicta
3060 2765 3256 2816 uxore,
3301 2753 3503 2810 Juliam

1935 2829 2100 2884 tiliam
2132 2831 2354 2895 ducere,
2386 2848 2450 2887 ac
2475 2835 2662 2889 statim
2689 2837 2916 2894 Romam
2941 2851 2999 2896 et
3028 2844 3095 2898 ad
3128 2848 3348 2916 nuptias
3378 2865 3508 2904 con-

1935 2924 2253 2990 trahendas,
2275 2935 2334 2982 et
2361 2926 2430 2982 ad
2460 2929 2838 2999 magistratum
2865 2933 3192 3003 ineundum,
3214 2939 3360 3011 (cum
3385 2943 3509 2996 aliis

1934 3016 2001 3069 de
2033 3018 2237 3081 causis,
2277 3028 2390 3073 tum
2419 3019 2564 3090 quod
2598 3020 2862 3079 Maecenas
2890 3027 3126 3092 dixerat,
3159 3045 3277 3084 eum
3298 3040 3507 3086 tantum

1932 3123 2042 3161 esse
2069 3108 2269 3176 factum
2292 3109 2356 3162 ab
2387 3110 2499 3177 ipso
2530 3109 2767 3178 Cmam,
2799 3122 2859 3168 ut
2896 3125 2990 3169 aut
3018 3136 3268 3188 generum
3320 3123 3504 3193 deligi,

1936 3207 2030 3251 aut
2065 3199 2232 3252 occidi
2262 3208 2549 3268 oporteret,
2581 3202 2873 3274 ablegavit.
2905 3208 3147 3278 Agrippa
3179 3210 3356 3279 igitur.
3385 3228 3502 3269 rem

1929 3289 2227 3344 Romanam
2264 3291 2616 3348 ﬂuctuantem
2646 3297 2974 3366 composuit,
2999 3298 3276 3371 Augustus
3307 3303 3503 3360 Sicilia

1928 3383 2179 3439 ordinata
2224 3385 2279 3439 in
2341 3386 2606 3441 Graeciam
2670 3390 2886 3460 trajecit
2942 3410 2958 3446 :
3007 3409 3115 3463 qua
3183 3397 3504 3465 constituta,

1929 3476 2150 3532 Samum
2201 3480 2500 3549 navigavit.
2563 3481 2754 3551 Ibique
2819 3484 3001 3541 hieme
3049 3486 3261 3554 exacta,
3331 3507 3503 3547 verno

1932 3577 2179 3640 tempore
2216 3572 2271 3626 in
2301 3571 2486 3626 Asiam
2520 3574 2821 3643 profectus,
2857 3592 2982 3632 cum
3008 3594 3130 3635 eam
3161 3582 3500 3652 provinciam

1929 3667 1987 3714 et
2018 3659 2328 3730 Bithyniam
2369 3664 2701 3729 ordinasset,
2747 3664 3049 3737 Cyzicenos
3094 3670 3150 3725 in
3181 3671 3503 3729 servitutem

1929 3749 2165 3821 redegit,
2199 3752 2346 3821 quod
2369 3753 2648 3810 Romanos
2671 3756 2822 3812 cives
2851 3758 3037 3830 ﬂagris
3071 3776 3241 3818 caesos
3280 3765 3490 3820 occide-

1932 3854 2076 3901 rant.
2121 3846 2329 3902 Eodem
2379 3848 2544 3903 modo
2593 3849 2789 3921 Tyrios
2845 3861 2902 3907 et
2952 3853 3230 3918 Sidonios,
3272 3872 3397 3912 cum
3445 3862 3503 3914 in

1932 3936 2144 4010 Syriam
2198 3940 2460 4003 venisset.
2508 3944 2784 3998 tractavitt
2837 3930 3058 4001 interea
3107 3947 3250 4002 Julia
3309 3950 3502 4005 Caium

1930 4029 2148 4099 peperit
2183 4046 2196 4082 :
2227 4036 2507 4100 Augustus
2530 4070 2546 4095 ,
2581 4031 2674 4086 ubi
2709 4040 2890 4088 certos
2919 4034 3173 4090 homines
3206 4039 3456 4106 provinci
3479 4054 3508 4095 s

1930 4117 2202 4187 praefecit,
2239 4118 2424 4173 denuo
2474 4118 2622 4175 Sami
2675 4121 3005 4190 hibernavit,
3071 4125 3259 4196 ibique
3318 4129 3508 4185 multis

1932 4211 2167 4280 negotiis
2194 4218 2253 4265 et
2301 4211 2556 4281 plurimis
2586 4212 2958 4284 legationibus
3003 4216 3294 4274 audiendis
3340 4235 3506 4276 oecu-

1933 4309 2094 4371 patus
2127 4301 2249 4357 fuit.
2282 4302 2421 4358 Tum
2468 4303 2584 4358 indi
2630 4304 2929 4361 amicitiam
2962 4322 3089 4363 cum
3131 4323 3200 4364 eo
3228 4309 3501 4376 fecerunt,

1935 4392 2229 4463 tigridibus
2285 4394 2433 4449 dono
2478 4394 2667 4451 datis:
2701 4410 2840 4466 quas
2891 4397 3124 4453 Romani
3177 4407 3294 4457 tum
3344 4401 3508 4476 536

250 4482 418 4539 ίκοντο
449 4488 569 4558 γὰρ
587 4488 826 4544 άνταῦθα
854 4491 1142 4562 πρεσϐεῖαι
1167 4492 1437 4547 πλείσταν
1461 4498 1554 4548 καὶ
1583 4496 1634 4549 οἱ
1659 4495 1820 4550 Ἰνδοὶ

1932 4485 2172 4553 primum
2209 4485 2486 4540 viderunt.
2536 4486 2723 4542 Romae
2765 4497 2947 4544 autem
2977 4490 3160 4545 denuo
3200 4493 3506 4557 tumultua-

245 4572 357 4626 τότε
386 4577 580 4644 φιλίαν
608 4579 957 4649 ἐποιήσαντο,
992 4579 1141 4652 δῶρα
1159 4582 1475 4651 πέμψαντες
1491 4582 1627 4636 ἄλλα
1645 4601 1704 4637 τε
1728 4587 1823 4637 καὶ

246 4667 474 4738 τίγρεις,
509 4668 728 4739 πρῶτον
751 4671 876 4724 τότε
922 4670 1217 4743 Ῥωμαίοις
1247 4672 1530 4741 ὀφθείσας.
1569 4673 1736 4737 Αὖθίς
1764 4692 1823 4729 τε

249 4759 429 4824 στάσις
459 4763 524 4815 ἐν
545 4763 613 4833 τῇ
651 4760 841 4837 Ῥώμῃ
866 4765 1089 4835 συνέϐη,
1121 4765 1215 4819 καὶ
1238 4767 1444 4833 σφαγαὶ
1459 4766 1715 4836 γεγόνασι
1736 4768 1827 4822 διά

247 4851 339 4912 τὰς
356 4854 470 4906 τῶν
513 4853 736 4909 ὑπάτων
770 4856 1155 4926 ἀρχαιρεσίας.
1200 4855 1405 4911 Μαθὼν
1456 4852 1551 4912 οὖν
1602 4859 1757 4913 ταῦθ’
1795 4863 1824 4914 6

250 4940 489 5013 Καῖσαρ,
524 4944 621 4998 καὶ
658 4944 889 5000 συνιδὼν
911 4946 994 5000 δτι
1026 4945 1178 5000 οὐδὲν
1209 4948 1384 5017 πέρας
1411 4949 1701 5019 γενήσεται
1727 4948 1823 5003 τοῦ

254 5033 443 5101 κακοῦ,
468 5036 552 5099 είς
573 5038 673 5108 τὴν
709 5038 928 5108 Ῥώμην
957 5038 1194 5109 ἠπείχθη
1225 5040 1319 5094 καὶ
1358 5040 1518 5103 αὐτὸς
1542 5041 1824 5106 ἀπέδειξεν

257 5124 486 5184 ὕπατον.
514 5130 669 5184 Ἐπεὶ
698 5131 755 5185 δὲ
777 5133 1085 5202 ύπαντῆσαι
1107 5133 1258 5203 αύτῷ
1289 5133 1490 5196 πάντες
1512 5151 1824 5205 παρεσκευ-

256 5218 462 5285 ἁζοντο,
487 5222 709 5294 νύκτωρ
738 5226 817 5289 είς
847 5225 946 5297 τὴν
996 5226 1155 5279 πόλιν
1207 5227 1583 5298 ἀνεκομίσθη·
1644 5228 1673 5281 ὃ
1727 5227 1825 5282 καὶ

255 5311 509 5377 πολλάκις
548 5315 796 5385 ἐποίησε,
831 5319 926 5371 καὶ
959 5316 1120 5383 ἐξιὼν
1149 5316 1243 5371 τοῦ
1280 5317 1473 5382 ἄστεος
1504 5319 1599 5373 καὶ
1655 5320 1826 5372 ὲπανο

258 5398 367 5467 ιὼν,
395 5403 484 5458 ἵνα
536 5406 729 5476 μηδενὶ
749 5408 977 5479 ὀχληρὸς
1000 5409 1110 5480 εἴη.
1151 5405 1287 5462 Εἶτα
1312 5409 1421 5463 τῶν
1457 5412 1674 5480 τρόπων
1702 5411 1824 5465 km-

259 5493 490 5566 μελητὴς
532 5499 627 5550 καί
671 5499 907 5569 τιμητὴς
946 5502 1026 5564 είς
1081 5499 1411 5554 πενταετίαν
1446 5501 1823 5571 παρακληθεὶς

255 5581 671 5659 ἐχειροτονήθηο
707 5590 805 5659 τὴν
840 5589 897 5643 δὲ
923 5591 1032 5642 τῶν
1082 5591 1304 5644 ὑπάτων
1361 5590 1525 5661 τιμὴν
1568 5590 1657 5645 διά
1704 5591 1820 5662 βίου

257 5672 431 5729 ἔλαϐε.
483 5679 662 5732 Τινῶν
684 5679 732 5733 δ’
763 5681 945 5743 αἰτίας
980 5680 1219 5751 σχόντων
1268 5680 1645 5735 ἐπιϐουλεύειν
1671 5681 1822 5752 αὐτῷ

257 5767 346 5819 λαὶ
369 5767 448 5839 τῷ
472 5769 785 5843 ’Δγρίππᾳ,
812 5772 1006 5836 ἄλλους
1033 5771 1133 5840 μέν
1163 5787 1316 5834 τινας
1371 5771 1659 5828 ἐδικαίωσε
1678 5788 1695 5806 ⁸
1727 5773 1820 5831 τὸν

567 5870 841 5931 Ρηιοι..
886 5868 1005 5931 Gtt.
1035 5868 1385 5936 CXXXIV.

1931 4585 2047 4630 tum
2093 4585 2178 4631 est
2225 4577 2296 4631 ob
2328 4577 2552 4633 comitia
2601 4580 2933 4643 consularia,
2981 4590 3038 4635 et
3090 4580 3268 4636 caedes
3322 4583 3499 4639 facta.

1927 4666 2047 4733 Quo
2070 4667 2291 4738 cognito
2326 4669 2508 4725 Caesar
2530 4711 2544 4735 ,
2577 4671 2704 4740 quia
2744 4673 2954 4726 nullum
2993 4673 3120 4727 mali
3171 4672 3335 4729 ﬁnem
3382 4677 3501 4732 fore

1928 4758 2274 4828 providebat,
2329 4759 2560 4814 Romam
2618 4777 2852 4831 propere
2897 4763 3223 4830 contendit,
3275 4775 3334 4821 et
3385 4766 3502 4838 ipse

1927 4851 2215 4905 consulem
2248 4850 2574 4921 designavit.
2611 4853 2675 4906 Et
2714 4853 2842 4922 quia
2877 4869 2935 4908 se
2982 4869 3174 4910 omnes
3207 4867 3264 4909 ut
3305 4872 3503 4927 proce-

1926 4940 2121 4995 derent
2164 4941 2384 4996 obviam
2449 4942 2735 5008 parabant,
2784 4952 2948 4998 noctu
3011 4945 3290 5015 ingressus
3346 4961 3435 5005 est
3484 4966 3500 5004 :

1925 5041 2090 5101 atque
2125 5032 2178 5087 id
2215 5044 2321 5087 Iam
2360 5034 2415 5087 in
2456 5050 2684 5103 egressu
2716 5051 2877 5104 quam
2921 5038 3165 5108 ingressu
3203 5041 3359 5096 urbis
3398 5057 3503 5097 εαξη·

1927 5126 2051 5195 pius
2080 5126 2233 5192 fecit,
2264 5144 2333 5182 ne
2362 5129 2621 5198 cuiquam
2664 5137 2813 5183 esset
2835 5132 3036 5198 gravis.
3062 5120 3285 5187 Deinde
3318 5135 3501 5202 preci-

1926 5215 2030 5271 bus
2057 5215 2128 5270 ab
2171 5230 2240 5272 eo
2271 5216 2621 5287 impetratum
2652 5228 2759 5283 est,
2812 5228 2872 5272 ut
2917 5234 3132 5274 morum
3180 5224 3499 5291 magistrum

1925 5317 1985 5366 et
2009 5323 2296 5364 censorem
2330 5309 2386 5363 in
2412 5308 2849 5379 quinquennium
2882 5325 2941 5366 se
2969 5312 3143 5365 creari
3168 5322 3450 5382 pateretur
3479 5329 3495 5367 :

1924 5401 2268 5457 consularem
2321 5416 2453 5456 vero
2517 5401 2839 5472 dignitatem
2898 5403 2953 5456 in
3007 5414 3225 5458 omnem
3282 5414 3497 5460 atatem

1924 5496 2157 5564 accepit.
2199 5487 2340 5550 Cum
2372 5494 2598 5565 quidam
2629 5495 2701 5549 ob
2745 5495 2993 5557 insidias,
3023 5511 3161 5564 quas
3205 5505 3263 5550 et
3308 5495 3410 5566 ipsi
3442 5506 3500 5551 et

1926 5586 2176 5656 Agrippa
2202 5585 2487 5650 iecissent,
2531 5586 2777 5642 accusati
2818 5595 3026 5649 essent,
3060 5586 3198 5640 alios
3229 5587 3497 5656 quosdam

1926 5677 2200 5747 supplicio
2253 5677 2440 5733 ail'ecit
2474 5695 2488 5732 :
2524 5677 2793 5748 Lepidum
2853 5685 3037 5731 autem
3084 5691 3210 5731 cum
3258 5678 3380 5732 alis
3427 5679 3498 5735 de
3546 5710 3553 5719 -

1924 5769 2130 5837 causis,
2175 5779 2289 5825 tum
2337 5770 2409 5826 ob
2457 5770 2686 5825 insidias
2734 5784 2766 5822 a
2813 5766 2927 5822 tilio
2977 5767 3126 5824 illius
3173 5768 3280 5826 sibi
3324 5769 3498 5825 iactas

3091 5861 3169 5924 29
