3910 6552
462 290 560 355 9H

1723 286 2049 350 JOANNIS
2086 285 2418 350 ZONARIE

3613 298 3708 360 912

463 417 635 467 retur,
701 403 818 473 ipse
870 401 927 456 in
976 400 1171 456 ordine
1220 401 1463 472 equestri
1533 417 1751 456 omnem
1826 410 2035 457 aetatem

2149 399 2415 470 θούμενος
2437 398 2544 454 ὑπὸ
2562 399 2670 455 τῶν
2695 399 2889 470 φίλων,
2912 399 3052 454 ἀλλά
3100 399 3318 473 ἔχαιρε.
3356 401 3620 472 Μέγιστον
3661 410 3710 463 δὲ

457 513 615 569 aequo
647 498 831 551 animo
879 496 1081 568 exegit.
1116 497 1395 566 Augustus
1432 511 1558 550 cum
1593 494 1782 550 Caium
1815 505 1873 550 et
1926 494 2039 549 Lu-

457 589 605 643 cium
663 597 926 658 nepotes,
993 586 1327 656 eosdemque
1381 586 1522 640 illius
1563 584 1874 654 adoptivos,
1928 600 2036 638 non

459 697 594 735 suos
623 679 828 734 imitari
863 693 1044 734 mores
1081 677 1294 733 videret
1347 677 1470 747 (nec
1503 679 1648 731 enim
1698 675 2039 731 luxuriosius

355 829 372 853 ς
458 773 722 827 duntaxat
744 815 758 837 ,
791 772 882 826 sed
932 772 1168 826 ferocius
1191 771 1354 826 etiam
1392 785 1450 826 se
1484 769 1795 841 gerebant),
1828 784 2037 840 eosque

460 876 521 919 ut
564 866 826 934 privatos,
876 865 1236 917 modestiores
1293 861 1524 923 reddere
1583 861 1866 916 statuisset
1897 878 1910 914 :
1941 861 2039 916 tri-

459 959 726 1014 bunitiam
797 967 1118 1028 potestatem
1172 957 1226 1011 in
1301 955 1742 1025 quinquennium
1811 953 2036 1007 Tiberio

459 1053 728 1116 decrevit,
759 1063 816 1107 et
844 1050 1158 1106 Armeniam
1186 1049 1349 1120 539
1374 1057 1496 1119 post
1530 1047 1784 1118 Tigranis
1817 1046 2032 1101 obitum

441 1131 751 1202 alienatam
804 1144 1080 1198 attribuit.
1134 1143 1336 1198 Verum
1373 1158 1436 1198 ea
1487 1157 1546 1196 re
1588 1140 1725 1194 nihil
1779 1140 2030 1209 profecit.

454 1240 592 1294 Nam
620 1247 675 1294 et
702 1237 859 1308 pueri
887 1252 1012 1292 cum
1052 1251 1115 1292 se
1158 1234 1356 1306 negligi
1406 1244 1686 1304 putarent,
1715 1232 1768 1298 ei
1801 1246 2034 1288 succen-

453 1332 649 1388 sebant
681 1349 695 1385 :
728 1342 786 1385 et
819 1330 1076 1386 Tiberius
1123 1328 1340 1385 illorum
1382 1327 1518 1381 iram
1548 1326 1792 1390 veritus,
1841 1326 1894 1379 in
1929 1325 2034 1380 Ar-

454 1425 692 1480 meniam
756 1437 866 1478 non
918 1421 1076 1487 abiit,
1129 1421 1222 1476 sed
1288 1419 1543 1475 Rhodum
1599 1429 1684 1472 est
1737 1418 2029 1487 profectus.

455 1520 734 1586 Augustus
767 1529 898 1569 vero
937 1529 1079 1567 anno
1110 1511 1360 1582 sequenti
1392 1511 1781 1566 duodecimum
1817 1509 2030 1570 consul,

453 1609 651 1666 Caium
685 1616 809 1680 toga
838 1607 982 1660 virili
1015 1606 1142 1660 data
1187 1607 1240 1659 in
1269 1606 1479 1660 curiam
1509 1603 1830 1666 adductum,
1875 1602 2032 1671 prin-

455 1699 632 1768 cipem
676 1698 983 1763 iuventutis
1012 1694 1356 1765 designavit,
1388 1703 1446 1747 et
1494 1691 1811 1763 praefectum
1857 1691 2032 1745 tribus

2147 494 2244 564 τῆς
2276 493 2478 565 ἀρετῆς
2500 492 2595 546 τοῦ
2626 492 2914 562 Μαικήνου
2949 493 3169 563 δεῖγμα,
3199 495 3389 565 δτιτῷ
3418 512 3479 548 τε
3527 499 3714 566 Αὐγού-

2147 603 2258 656 στῳ
2289 585 2425 656 πρὶς
2460 584 2558 648 τὰς
2587 585 2768 655 ὁρμάς
2812 585 2980 640 αὑτοῦ
3026 587 3433 657 ἀνθιστάμενος
3465 589 3711 659 ᾠκείωτο,

2145 679 2383 743 καὶτοῖς
2415 677 2600 742 ἄλλοις
2653 679 2860 733 ἅπασιν
2914 681 3144 750 ἤρεσκε,
3205 683 3308 736 καὶ
3348 683 3433 736 ὅτι
3490 683 3713 738 πλεῖστον

2144 769 2276 838 παρ’
2309 767 2457 837 αύτῷ
2488 768 2761 840 δυνηθεὶς,
2783 771 2859 832 ῶς
2886 771 3158 840 καὶτιμὰς
3191 771 3416 836 πολλοῖς
3441 775 3535 826 καὶ
3559 776 3711 846 ἀρχάς

2142 858 2350 924 δοῦναι,
2381 861 2545 924 αὑτὸς
2574 863 2634 915 ἐν
2662 861 2739 930 τῷ
2765 861 2871 914 τῶν
2924 864 3140 918 ἱππέων
3167 864 3316 918 τέλει
3360 867 3597 920 κατεϐίω
3633 871 3716 922 καὶ

2141 955 2236 1023 οὐχ
2287 954 2755 1025 ὑπερεφρόνησεν.
2811 957 2986 1026 Ὀρῶν
3019 957 3076 1011 δὲ
3106 959 3134 1010 6
3173 957 3488 1026 Αὔγουστος
3527 961 3613 1012 τόν
3660 979 3712 1014 τε

2143 1043 2310 1098 Γάϊον
2344 1047 2436 1098 καὶ
2460 1045 2549 1099 τὸν
2575 1047 2808 1102 Λούκιον
2829 1049 2953 1110 τοὺς
2993 1049 3256 1116 ἐγγόνους
3280 1049 3470 1113 αὐτοῦ,
3511 1049 3600 1114 οὒς
3630 1052 3712 1105 καὶ

2143 1137 2516 1208 υἱοθετήσατο,
2545 1138 2620 1209 μὴ
2643 1140 2712 1193 τά
2766 1140 2873 1212 ἢθη
2924 1141 3224 1212 ζηλοῦντας
3276 1142 3448 1196 αὐτοῦ
3498 1143 3578 1213 (ού
3614 1145 3708 1215 γὰρ

2139 1229 2436 1298 ἁδρότερον
2462 1231 2649 1300 διῆγον
2677 1232 2860 1300 μόνον,
2896 1231 3033 1285 ἀλλά
3058 1234 3151 1286 καὶ
3188 1232 3596 1303 ἐθρασύνοντο),
3628 1237 3713 1287 καὶ

2141 1319 2421 1392 βουληθεὶς
2443 1322 2642 1386 αὐτοὺς
2662 1327 3134 1394 σωφρονεστέρους
3155 1324 3372 1387 θέσθαι,
3391 1324 3469 1388 ὡς
3493 1324 3708 1391 ἰδιώτας,

2138 1412 2216 1482 τῷ
2241 1411 2476 1484 Τιϐερίῳ
2498 1415 2576 1476 είς
2610 1413 2770 1468 πέντε
2799 1415 2890 1483 ἔτη
2945 1414 3045 1486 τὴν
3093 1415 3451 1486 δημαρχικὴν
3484 1415 3710 1479 ἐξουσίαν

2138 1500 2422 1570 ἀπένειμε,
2457 1504 2550 1555 καὶ
2592 1503 2690 1573 τὴν
2731 1503 3022 1574 Ἀρμενίαν
3079 1503 3543 1577 άλλοτριουμένην
3585 1505 3710 1572 μετά

2138 1594 2231 1648 τὸν
2253 1593 2349 1648 τοῦ
2380 1595 2650 1664 Τιγράνου
2695 1596 2926 1652 θάνατον
2957 1598 3447 1667 προσεκλήρωσεν.
3480 1598 3634 1653 Οὐδὲν
3667 1598 3708 1651 δ’

2139 1685 2202 1739 ὲκ
2223 1685 2415 1738 τούτου
2438 1685 2717 1741 ἀπώνατο.
2757 1687 2821 1740 Ui
2857 1687 2955 1758 μὲν
2990 1689 3097 1759 γάρ
3136 1689 3337 1749 παῖδες
3379 1687 3704 1758 παρορᾶσθαι

453 1803 577 1840 esse
608 1787 792 1856 jussit,
824 1801 1080 1855 annoque
1121 1793 1240 1854 post
1279 1783 1450 1838 Lucio
1479 1785 1601 1852 ejus
1624 1781 1780 1837 fratri
1811 1781 2035 1837 eosdem

2141 1776 2393 1842 δόξαντες
2428 1778 2680 1848 ἤχθοντο.
2725 1779 2783 1833 '0
2810 1781 2864 1834 δὲ
2901 1781 3156 1852 Τιϐέριος
3191 1781 3293 1851 τὴν
3336 1782 3506 1851 ὀργὴν
3544 1781 3705 1834 αὐτῶν

456 1881 697 1934 honores
728 1879 899 1933 dedit.
940 1877 1146 1945 Populo
1175 1886 1528 1944 congregato,
1555 1883 1612 1929 et
1640 1875 1886 1944 quwdam
1912 1889 2035 1928 cor-

457 1970 554 2037 rigi
594 1969 926 2038 postulante.
958 1984 1021 2021 ea
1056 1967 1122 2020 de
1158 1983 1319 2022 causa
1363 1965 1600 2020 tribunis
1629 1966 1694 2018 ad
1725 1966 2032 2035 Augustum

456 2057 661 2114 missis.
696 2056 808 2124 ipse
841 2056 1020 2119 venit,
1053 2065 1106 2108 et
1143 2069 1264 2124 qua:
1309 2053 1588 2123 petebant,
1625 2070 1730 2107 una
1782 2071 1907 2108 eum
1953 2056 2035 2111 eis

455 2147 823 2200 consideravit
865 2165 878 2200 :
911 2163 1016 2216 qua
1044 2164 1102 2201 re
1137 2162 1328 2201 omnes
1364 2157 1492 2200 sunt
1518 2146 1797 2202 delectati.
1830 2147 2030 2203 Juliam

458 2241 647 2304 ﬁliam,
678 2241 958 2294 lasciviam
993 2241 1114 2307 ejus
1136 2238 1421 2311 mgerrime
1457 2239 1640 2293 ferens
1663 2281 1678 2304 ,
1712 2240 1765 2294 in
1804 2241 2037 2296 insulam

458 2335 720 2403 relegavit
758 2353 770 2388 :
815 2350 940 2388 cum
994 2349 1168 2402 eaque
1214 2343 1391 2387 mater
1450 2331 1738 2388 Scribonia
1783 2333 1927 2388 ultro
1983 2334 2036 2389 in

454 2425 707 2478 exsilium
739 2424 893 2477 abiit.
946 2423 1022 2476 Ex
1058 2422 1397 2477 amatoribus
1440 2425 1560 2492 ejus
1604 2421 1811 2477 Julium
1863 2424 2038 2479 Anto-

454 2517 628 2580 nium,
663 2525 717 2569 et
765 2515 904 2568 alios
945 2514 1122 2569 claros
1160 2515 1304 2569 viros
1340 2524 1402 2569 ut
1440 2531 1669 2585 regnum
1714 2515 2039 2572 aﬂ'ectantes

457 2608 754 2670 interfecit,
788 2615 1015 2662 cateros
1055 2606 1110 2661 in
1148 2606 1358 2662 insulas
1393 2607 1676 2678 relegavit.

2137 1871 2403 1942 ἐφοϐήθη,
2431 1872 2511 1925 διὸ
2535 1871 2648 1926 οὔτ’
2673 1874 2753 1935 είς
2785 1872 3084 1944 Ἀρμενίαν
3111 1873 3474 1945 ἀπεληλύθει,
3499 1874 3608 1928 ἀλλ’
3634 1876 3704 1938 είς

2150 1962 2331 2014 Ῥόδον
2353 1964 2600 2032 ἀφίκετο.
2657 1963 2752 2035 Τῷ
2784 1965 2830 2018 δ’
2857 1966 3054 2036 ὲφεξῆς
3077 1966 3197 2020 ἔτει
3241 1966 3539 2020 δωδέκατον
3575 1967 3701 2018 ὐπα-

2135 2053 2314 2106 τεύων
2367 2057 2395 2108 6
2455 2055 2791 2124 Αὔγουστος,
2857 2061 2936 2122 είς
2988 2059 3114 2122 τοὺς
3167 2058 3412 2128 ἐφήϐους
3445 2059 3528 2111 τὸν
3560 2057 3700 2110 Γάϊον
3751 2059 3757 2065 ’

2137 2146 2320 2214 ἔταξε,
2351 2150 2442 2202 καὶ
2470 2151 2528 2212 ἐς
2551 2150 2611 2204 τὸ
2641 2150 3026 2222 βουλευτήριον
3055 2151 3173 2221 ἅμα
3195 2153 3460 2220 είσήγαγε
3492 2152 3577 2203 καὶ
3593 2151 3701 2219 πρό-

2134 2253 2323 2307 κριτον
2358 2238 2606 2309 ἀπέφηνε
2628 2240 2725 2310 τῆς
2750 2241 3025 2310 νεότητος,
3067 2241 3292 2312 ῖλαρχόν
3326 2259 3385 2294 τε
3415 2242 3577 2310 φυλῆς
3604 2240 3696 2306 (88)

2140 2328 2406 2397 γενέσθαι
2428 2330 2724 2403 ἐπέτρεψε,
2751 2333 2846 2386 καὶ
2879 2334 2998 2403 μετ’
3028 2334 3285 2387 ἐνιαυτὸν
3314 2335 3408 2387 καὶ
3437 2334 3466 2385 6
3494 2332 3696 2393 Λούκιος

2133 2419 2234 2484 τάς
2265 2422 2432 2492 τιμάς
2455 2423 2578 2478 ὅσαι
2609 2423 2687 2494 τῷ
2716 2425 2864 2494 Γαῖῳ
2895 2426 2972 2496 τῷ
2999 2425 3220 2497 ἀδελφῷ
3270 2425 3438 2480 αὑτοῦ
3471 2425 3693 2486 ἐδίδοντο,

2136 2514 2350 2568 ἐλαϐεν.
2399 2515 2806 2587 Ἀθροισθέντος
2839 2519 2894 2571 δὲ
2921 2517 3015 2570 τοῦ
3044 2519 3244 2588 δήμου,
3281 2524 3376 2572 καὶ
3409 2517 3694 2586 ἐπανορθω-

2138 2607 2299 2678 θῆναι
2321 2625 2476 2672 τινας
2500 2608 2802 2676 ἀξιοῦντος,
2827 2612 2924 2664 καὶ
2952 2609 3080 2673 τοὺς
3111 2610 3430 2682 δημάρχους
3455 2609 3538 2662 διὰ
3559 2607 3695 2661 τοῦτο

457 2705 594 2769 πρὸς
616 2702 707 2754 τὸν
729 2699 1046 2770 Αὔγουστον
1079 2699 1420 2771 πέμψαντος,
1453 2695 1618 2771 ἦλθεν
1667 2701 1901 2765 ἐκεῖνος,
1943 2701 2038 2755 καὶ⁵
2071 2703 2202 2771 περί
2263 2698 2342 2758 ὧν
2391 2701 2603 2755 ἐδέοντο
2633 2701 2788 2770 σφίσι
2819 2702 3270 2772 συνδιεσκέψατο.
3303 2704 3414 2756 Καὶ
3434 2703 3519 2754 ἐπὶ
3540 2701 3691 2767 τούτῳ

454 2795 706 2865 ἥσθησαν
735 2793 994 2856 ἅπαντες.
1041 2793 1153 2864 Τὴν
1182 2792 1238 2846 δὲ
1293 2792 1571 2864 θυγατέρα
1603 2793 1833 2847 Ἰουλίαν
1883 2795 2318 2863 άσελγαίνουσαν
2394 2795 2660 2865 φωράσας
2725 2796 3140 2868 ύτερωργίσθη·
3189 2796 3287 2850 καὶ
3357 2794 3561 2862 ἐκείνην
3607 2792 3691 2868 μὲν

455 2889 535 2950 εἰς
567 2886 729 2956 νῆσον
749 2886 1041 2955 ἀπήγαγεν
1085 2885 1403 2954 ὑπερόριον,
1541 2883 1638 2938 καὶ
1691 2885 1724 2952 ἡ
1779 2885 1966 2958 μήτηρ
2012 2886 2046 2956 ἡ
2086 2885 2396 2956 Σκριϐωνία
2465 2883 2669 2939 ἑκοῦσα
2717 2865 3132 2949 συνεξέπλευσε.
3175 2886 3300 2937 Τῶν
3351 2885 3406 2936 δὲ
3443 2865 3690 2953 χρησαμέῖ

455 3001 562 3036 νων
595 2982 732 3052 αὐτῇ
765 2982 855 3034 τὸν
881 2979 982 3050 μὲν
1010 2976 1230 3031 Ἰούλιον
1258 2975 1548 3030 ’Λντώνιον
1577 2977 1820 3030 ἔκτεινεν
1841 2978 2036 3041 ἄλλους
2080 2978 2142 3031 τέ
2165 2994 2318 3041 τινας
2363 2978 2645 3046 ἐπιφανεῖς
2676 2977 2900 3042 ἄνδρας,
2922 2977 2998 3041 ὡς
3032 2977 3131 3046 τῆς
3175 2975 3477 3046 μοναρχίας
3499 2973 3689 3042 ἐφιεμέ-

455 3093 602 3140 νους,
635 3076 760 3136 τοὺς
787 3072 842 3126 δὲ
889 3071 1109 3134 λοιποὺς
1139 3071 1218 3133 εἰς
1250 3071 1447 3140 νήσους
1477 3071 1628 3134 τινάς
1675 3071 2017 3142 ὑπερώρισε.

529 3169 768 3226 XXXVI.
807 3166 942 3222 Cum
981 3165 1226 3220 Armenii
1283 3164 1637 3228 defecissent,
1665 3178 1723 3221 et
1755 3183 1785 3220 a
1814 3166 2034 3221 Parthis

2215 3162 2358 3232 ΔΕΓ.
2385 3163 2508 3216 Τῶν
2529 3164 2834 3236 Ἀρμενίων
2861 3163 2920 3216 δὲ
2971 3163 3440 3231 νεωτερισάντων,
3467 3160 3554 3214 καὶ
3596 3160 3686 3212 τῶν

454 3269 778 3356 iuvarentur
806 3297 822 3324 ,
866 3273 929 3312 ea
969 3271 1026 3310 re
1056 3255 1270 3321 dolens,
1322 3256 1462 3326 quid
1490 3267 1676 3356 ageret
1707 3259 2035 3330 ambigebat.

2152 3260 2385 3330 Πάρθων
2411 3259 2592 3322 αὐτοῖς
2623 3256 3054 3328 συνεργούντων,
3092 3257 3282 3325 ἀλγῶν
3313 3257 3406 3310 ἐπὶ
3445 3255 3635 3316 τούτοις
3662 3253 3686 3304 6

470 3353 581 3407 Nec
604 3351 753 3405 enim
804 3350 921 3417 ipse
974 3355 1198 3415 propter
1253 3357 1596 3402 senectutem
1622 3347 1823 3402 bellum
1856 3363 2035 3420 gerere

2147 3351 2477 3419 Αὔγουστος,
2495 3353 2693 3421 ἠπόρει
2715 3351 2766 3403 τί
2789 3351 2856 3406 ἂν
2875 3352 3079 3425 πράξῃ.
3105 3349 3247 3404 Οὔτε
3263 3351 3372 3419 γάρ
3385 3350 3532 3410 αὐτὸς
3547 3363 3686 3415 στρα-

458 3453 719 3516 poterat:
783 3450 838 3495 et
861 3439 1140 3503 Tiberius,
1176 3449 1237 3492 ut
1282 3439 1490 3494 dictum
1527 3450 1634 3506 est,
1665 3440 1778 3508 jam
1803 3457 2047 3497 secesse-

457 3546 563 3600 rat,
606 3549 707 3588 nec
751 3533 919 3586 alium
965 3546 1032 3584 ex
1065 3530 1475 3601 potentioribus
1510 3531 1731 3587 mittere
1778 3532 2036 3588 audebat.

455 3628 622 3680 Caius
656 3638 786 3678 vero
821 3630 877 3676 et
909 3619 1115 3676 Lucius
1151 3620 1556 3684 adolescentes.
1608 3632 1666 3677 et
1709 3638 1897 3678 rerum
1934 3623 2040 3678 im-

458 3719 617 3789 periti
643 3726 824 3772 erant.
855 3709 1056 3770 Verum
1082 3724 1313 3784 urgente
1343 3714 1695 3780 necessitate,
1725 3713 1918 3770 Caium
1942 3715 2042 3772 de-

456 3811 611 3882 legit,
647 3817 918 3880 potestate
968 3807 1349 3878 proconsulari
1385 3818 1441 3862 et
1473 3823 1646 3863 uxore
1675 3806 1826 3873 data,
1882 3818 2038 3865 utea

455 3920 678 3976 quoque
716 3919 776 3958 re
809 3901 1048 3973 dignitas
1095 3901 1217 3972 ejus
1257 3910 1573 3972 augeretur,
1605 3911 1662 3956 et
1706 3901 2039 3956 consiliariis

456 3995 754 4067 adjunctis.
806 3994 857 4048 is
906 3995 1010 4048 iter
1044 3993 1342 4064 ingressus,
1373 3993 1444 4048 ab
1488 3994 1746 4048 omnibus
1777 4002 1841 4048 ut.
1869 3996 2040 4064 impe-

458 4089 658 4144 ratoris
689 4103 881 4158 nepos,
921 4103 986 4141 ac
1016 4087 1200 4156 potius
1237 4085 1406 4152 ﬁlius,
1441 4087 1746 4141 honoriﬁce
1773 4096 2038 4157 exceptus

455 4191 560 4234 cst.
593 4179 850 4233 Tiberius
893 4178 1060 4232 etiam
1108 4176 1307 4230 Chium
1345 4178 1585 4246 trajecit,
1626 4188 1682 4232 et
1718 4179 2038 4232 adolescen-

461 4283 568 4327 tem
604 4271 796 4334 coluit,
826 4270 1112 4338 purgando
1145 4268 1512 4337 suspiciones,
1545 4279 1602 4323 et
1630 4270 1902 4324 submisse
1933 4271 2036 4324 hu-

457 4363 773 4430 militerque
800 4377 858 4414 se
888 4359 1152 4429 gerendo.
1193 4358 1330 4414 Cum
1367 4361 1422 4412 in
1456 4359 1665 4431 Syriam
1693 4362 1952 4428 venisset,
1981 4371 2036 4416 et

458 4451 593 4508 nihil
656 4449 904 4521 prarclari
965 4451 1268 4519 gessisset,
1327 4451 1524 4506 vulnus
1583 4453 1818 4521 accepit.
1875 4453 2035 4510 Addo

2145 3446 2335 3497 τεῦσαι
2389 3440 2503 3507 οἷός
2558 3461 2618 3496 τε
2653 3441 2722 3513 ἦν
2782 3443 2872 3497 διά
2907 3445 3110 3514 γῆρας,
3144 3443 3173 3496 ὃ
3205 3460 3263 3495 τε
3319 3441 3578 3510 Τιϐέριος.
3620 3437 3684 3498 ὡς

2145 3535 2386 3606 εἴρηται,
2429 3535 2668 3606 μετέστη
2697 3535 2823 3606 ἤδη,
2849 3535 3011 3590 ἄλλον
3063 3535 3121 3588 δέ
3178 3551 3304 3588 τινα
3353 3532 3554 3602 πέμψαι
3593 3528 3683 3580 τῶν

2142 3626 2389 3680 δυνατῶν
2421 3627 2523 3680 ούκ
2545 3627 2772 3697 ἐτόλμα.
2817 3627 2877 3680 ’0
2909 3627 3074 3691 Γάϊος
3094 3627 3152 3681 δὲ
3188 3629 3287 3680 καὶ
3310 3628 3338 3679 ό
3363 3625 3575 3683 Λούκιος
3591 3622 3678 3671 νέοι

2142 3719 2236 3774 καὶ
2260 3719 2603 3790 πραγμάτων
2631 3720 2932 3788 ἐτύγχανον
2955 3719 3201 3791 ἄπειροι.
3232 3719 3496 3786 Ἀνάγκης
3520 3715 3559 3767 δ’
3577 3715 3681 3766 ἑπι-

2142 3811 2404 3880 κειμένης
2432 3811 2522 3864 τὸν
2543 3811 2704 3865 Γάϊον
2723 3812 2920 3878 εἵλετο,
2954 3813 3045 3865 καὶ
3072 3813 3172 3882 τήν
3195 3829 3258 3865 τε
3293 3809 3532 3875 ἰξουσίαν
3555 3802 3679 3872 αὑτῷ

2140 3903 2240 3974 τὴν
2269 3903 2585 3957 ἀνθύπατον
2615 3906 2713 3958 καὶ
2739 3907 2978 3973 γυναῖκα
3005 3904 3236 3969 ἔδωκεν,
3269 3905 3354 3958 ενα
3387 3904 3492 3956 κάκ
3516 3899 3678 3952 τούτου

2138 4011 2193 4048 τι
2234 3997 2521 4068 προσλάϐῃ
2547 3997 2789 4067 ἀξίωμα,
2812 4000 2907 4052 καί
2935 3999 2984 4051 oi
3016 3998 3359 4067 συμϐούλους
3389 3990 3676 4066 προσέταξεν

2148 4087 2258 4140 Καὶ
2289 4088 2317 4139 ό
2345 4085 2446 4155 μὲν
2476 4089 2792 4157 άφωρμὴθη
2824 4089 3062 4156 ἐντίμως
3091 4091 3252 4160 παρά
3282 4089 3490 4142 πάντων
3523 4080 3678 4136 ὑποδε-

2140 4178 2393 4249 χόμενος,
2424 4172 2514 4232 οἷα
2559 4178 2655 4232 τοῦ
2680 4180 3084 4252 αὐτοκράτορος
3109 4182 3355 4250 ἔγγονος,
3388 4179 3418 4248 ἦ
3445 4174 3531 4230 καὶ
3571 4173 3676 4232 παῖς

2140 4267 2516 4339 νομιζόμενος.
2549 4270 2705 4324 Kal-16
2733 4269 2988 4340 Τιϐέριος
3005 4271 3050 4325 δ’
3089 4273 3148 4334 ἐς
3169 4271 3308 4325 Χίον
3340 4268 3518 4331 ἐλθὼν,
3541 4261 3676 4316 αὐτὸν

2137 4359 2494 4431 ἐθεράπευσε,
2534 4359 2632 4424 τὰς
2687 4362 2924 4431 ὑποψίας
2987 4364 3418 4433 ἀποτριϐόμενος
3449 4398 3463 4422 ,
3497 4350 3665 4408 ὑποπβ

2137 4466 2289 4504 πτων
2332 4467 2393 4504 τε
2426 4451 2515 4505 διὰ
2551 4450 2711 4505 τοῦτο
2759 4453 2859 4504 καὶ
2887 4453 3337 4522 ταπεινούμενος.
3365 4436 3674 4502 ’Λπελθὼνδὲ

457 4544 627 4607 enim,
657 4541 747 4611 qui
796 4540 1044 4610 Artagira
1079 4539 1319 4606 tenebat,
1349 4554 1474 4592 eum
1531 4522 1830 4594 ad'mmnia
1867 4541 2035 4610 pelle-

2143 4543 2225 4605 si;
2256 4543 2356 4613 τὴν
2385 4543 2586 4614 Συρίαν
2621 4544 2716 4596 καὶ
2753 4545 2918 4615 μηδὲν
2946 4547 3093 4614 μέγα
3128 4539 3502 4614 κατωρθωκὼς
3529 4529 3674 4600 ὲτρὼ-

458 4646 629 4695 ctum.
659 4645 914 4702 tanquam
945 4629 1131 4685 arcani
1157 4629 1364 4701 aliquid
1383 4629 1651 4694 dicturus,
1686 4631 2030 4686 vulneravit:

456 4741 522 4782 ac
563 4727 608 4781 is
637 4725 858 4796 quidem
889 4723 1025 4777 urbe
1050 4736 1358 4792 expugnata
1389 4731 1584 4790 captus
1607 4731 1712 4777 est.
1741 4722 1908 4778 Caius
1931 4739 2034 4777 au-

367 4799 372 4804 .
460 4828 593 4883 tem,
638 4827 692 4870 et
737 4817 848 4884 jam
901 4814 1107 4884 alioqui
1145 4828 1339 4882 parum
1397 4812 1552 4867 firma
1606 4813 1941 4880 valetudine,
1977 4821 2034 4868 et

459 4908 811 4962 dissolutiore
866 4906 1114 4974 ingenio,
1168 4921 1234 4960 ex
1298 4904 1524 4958 vulnere
1578 4905 1908 4973 agrotavit:
1977 4914 2034 4960 et

461 5001 636 5052 multo
669 4997 920 5052 hebetior
950 4997 1150 5061 iactus,
1182 4996 1480 5065 postulavit
1532 5005 1592 5050 ut
1621 4995 1892 5066 privatam
1926 4997 2033 5052 sibi

460 5092 626 5146 vitam
667 5091 853 5144 liceret
880 5106 1062 5158 agere.
1096 5088 1151 5142 ld
1201 5088 1480 5158 Augustus
1510 5089 1797 5159 aegerrime
1831 5089 2034 5157 ferens,

461 5201 588 5240 eum
641 5185 894 5238 hortatus
946 5189 1031 5236 est
1086 5191 1167 5245 ut,
1223 5183 1279 5234 in
1327 5181 1540 5234 Italiam
1574 5197 1852 5247 reversus,
1890 5183 2040 5252 quod

2144 4633 2234 4703 θηο
2271 4636 2477 4689 Ἀδδων
2533 4637 2643 4707 γάρ
2695 4653 2779 4701 τις
2831 4637 2901 4691 τὰ
2941 4639 3274 4708 Ἀρτάγειρα
3319 4633 3548 4700 κατέχων
3594 4624 3676 4675 ύπ·

2140 4727 2382 4794 ηγάγετο
2428 4729 2582 4798 παρὰ
2630 4727 2692 4782 τὸ
2739 4732 2916 4800 τεῖχος
2941 4730 3033 4783 τὸν
3077 4730 3260 4790 Γάϊον,
3287 4726 3357 4785 ὥς
3389 4741 3440 4776 τι
3485 4715 3674 4788 φράσων

2142 4820 2476 4890 ἀπόρρητον,
2502 4819 2600 4872 καὶ
2622 4818 2786 4872 αὑτὸν
2813 4819 3074 4890 ἔτρωσεν.
3112 4820 3173 4873 '0
3209 4820 3306 4889 μὲν
3338 4815 3447 4875 οὖν,
3479 4807 3669 4871 πολιορσ

2145 4913 2357 4981 κηθεὶς,
2388 4912 2527 4981 ἥλω.
2569 4913 2630 4967 ‘0
2657 4913 2714 4966 δὲ
2746 4913 2909 4976 Γάϊος
2939 4913 3200 4983 ἐνόσησεν
3228 4916 3292 4965 ἐκ
3342 4907 3433 4962 τοῦ
3461 4898 3672 4971 τραύμα-

2143 5021 2259 5068 τος,
2292 5005 2386 5057 καὶ
2407 5003 2585 5066 ἄλλως
2622 5004 2810 5074 μέντοι
2838 5005 2915 5076 μὴ
2941 5004 3018 5058 ὣν
3056 5005 3315 5069 ύγιεινὸς.
3358 4998 3443 5052 Διὸ
3488 4992 3568 5046 καὶ
3591 4984 3672 5052 τὴν

2143 5095 2389 5149 διάνοιαν
2417 5095 2727 5162 ἐξελέλυτο,
2750 5098 2847 5151 καὶ
2882 5097 3062 5167 πολλῷ
3089 5098 3288 5168 μᾶλλον
3317 5077 3666 5168 ἀπημϐλύνθη,

2148 5186 2247 5238 καὶ
2281 5185 2578 5239 ἰδιωτεύειν
2601 5184 2779 5256 ὴξίου²
2809 5187 2953 5240 ὥστε
3001 5167 3098 5241 τὸν
3127 5185 3446 5256 Αὔγουστον,
3473 5167 3668 5240 “simu”

1645 5334 1846 5396 Variae
1879 5335 2184 5399 lectiones
2213 5344 2272 5401 et
2298 5347 2488 5400 noue.

531 5466 644 5535 (88)
689 5466 975 5535 ἰλαρχίν
1002 5482 1065 5518 τε
1094 5465 1318 5533 φυλῆς.
1354 5464 1670 5535 Prtefectum
1709 5469 1874 5522 tribus
1905 5485 2032 5521 ver-

460 5533 787 5593 tit-Wolﬁus
823 5553 835 5586 :
868 5533 1107 5588 Sevirum
1152 5536 1338 5587 turmis
1387 5533 1622 5603 equitum
1670 5549 1886 5593 vertere
1932 5539 2032 5591 de-

462 5609 646 5662 iuuisse
673 5605 959 5660 contendit
996 5603 1244 5675 Valesius
1289 5605 1354 5657 ad
1403 5606 1672 5675 Excerpta
1710 5609 1935 5666 Dionis.
1966 5624 2032 5661 ex

460 5677 768 5746 Capitolino
799 5676 854 5728 in
901 5676 1130 5746 Marco;
1171 5674 1449 5727 Conantem
1480 5674 1667 5746 Serum
1712 5677 1836 5730 Pius
1885 5678 2036 5731 Mar-

465 5743 584 5800 cum
615 5747 941 5812 desiqnavit,
979 5752 1028 5797 ει
1064 5743 1289 5800 Cwsaris
1313 5745 1670 5811 apucllatiouc
1710 5748 1956 5814 donavit,
1989 5758 2036 5802 et

2138 5468 2376 5524 Sevirum
2409 5471 2594 5524 turmis
2635 5473 2873 5542 equitum
2925 5471 3073 5527 Rom.
3117 5473 3233 5534 jam
3271 5466 3516 5524 consulem

2140 5549 2363 5610 gnatum
2398 5543 2616 5596 creavit.
2664 5527 2791 5606 Ubi,
2836 5543 3046 5612 inquit,
3095 5527 3251 5598 Sevir
3297 5551 3482 5612 nomen

2141 5605 2362 5664 videtur
2412 5612 2582 5666 fuisse
2609 5652 2624 5670 .
2671 5605 2861 5666 cui'et
2906 5605 3160 5666 l'udorum
3199 5608 3506 5669 Seviraiium
3553 5605 3663 5650 cum

2143 5683 2513 5752 competebant,
2558 5691 2696 5738 teste
2725 5684 2920 5739 eodem
2945 5684 3275 5755 Capitolino-
