3910 6542
212 495 306 560 913

1435 476 1837 541 ANNALIUM
1878 476 2024 537 LIB.
2056 478 2129 537 X.
2178 512 2185 517 -

210 609 465 677 γήσαντα,
496 595 908 670 προτρέψασθαι
956 594 1125 663 αυτῷ,
1175 594 1233 659 ἐς
1263 580 1633 662 τῆν”ιταλίαν
1676 584 1754 639 ἐλ-

1872 588 2037 644 veliet
2083 602 2292 662 ageret.
2348 592 2442 647 Ille
2470 606 2605 648 vero
2636 606 2775 648 nave
2815 594 3066 650 oneraria
3124 584 3179 649 in
3223 593 3445 667 Lyciam

208 700 378 760 δόντα,
420 692 684 764 πράττειν
716 689 747 742 6
790 686 1061 755 βούλοιτο.
1117 685 1180 739 '0
1238 685 1297 737 δὲ
1343 684 1401 745 ἐς
1435 678 1649 735 Λυκίαν
1703 679 1763 731 ἐν

205 788 375 845 ὁλκάδι
416 784 817 856 παρέπλευσεν,
862 779 994 835 ἔνθα
1041 779 1106 851 δὴ
1152 778 1250 832 καὶ
1304 775 1661 847 μετήλλαξεν.
1701 772 1762 825 '0

204 883 255 934 δὲ
287 878 516 941 Λούκιος
544 879 571 930 6
612 874 843 944 ἀδελφὸς
892 872 1056 928 αὐτοῦ
1089 868 1436 942 προαπέσϐη,
1499 864 1764 936 ἐξαίφνης

205 972 335 1042 νόσῳ
363 969 677 1024 ἀποθανών.
707 967 785 1020 Ἥ
830 984 891 1019 τε
921 961 1018 1019 οὖν
1076 962 1241 1017 Λιϐία
1275 961 1371 1015 ἐπὶ
1409 959 1487 1030 τῷ
1542 958 1763 1028 θανάτῳ

200 1062 395 1116 τούτων
439 1056 802 1128 ὑπωπτεύθη,
825 1058 930 1111 καὶ
966 1058 995 1111 6
1024 1053 1279 1125 Τιϐέριος
1305 1053 1366 1106 οὐ
1398 1050 1610 1123 πολλῷ
1625 1050 1762 1120 πρό-

202 1173 348 1227 τερον
373 1157 439 1208 ὲκ
482 1153 596 1222 τῆς
635 1152 825 1207 Ῥόδου
863 1151 1000 1220 πρὸς
1062 1147 1162 1218 τὴν
1209 1145 1432 1216 Ῥώμην
1465 1144 1763 1211 ὑπονοστή-

207 1268 317 1312 σας.
358 1248 533 1308 Αὐτός
577 1264 637 1299 τε
664 1245 776 1315 γὰρ
806 1244 906 1313 τῆς
932 1241 1020 1295 διὰ
1052 1240 1163 1296 τῶν
1208 1238 1429 1312 ἄστρων
1487 1236 1761 1308 μαντνκῆς

195 1343 577 1415 ἐμπειρότατος
615 1335 707 1411 ἦν,
751 1338 845 1392 καὶ
909 1335 1189 1408 Θράσυλον
1252 1330 1402 1403 εἶχεν
1447 1329 1619 1403 ἄνδρα
1658 1331 1769 1399 τὴν·

194 1434 553 1507 ἀστρολογίαν
582 1433 906 1504 ἀκρότατον·
963 1428 1088 1484 ὅθεν
1116 1429 1211 1483 καὶ
1249 1427 1322 1482 τὰ
1352 1424 1536 1495 ἐαυτῷ
1565 1423 1656 1478 καὶ
1687 1420 1758 1477 τὰ

193 1526 410 1588 ἐκείνοις
452 1524 720 1594 μέλλοντα
786 1520 1111 1594 συμϐαίνειν
1166 1516 1458 1587 ἠπίστατο.
1523 1515 1758 1583 Λέγεται

191 1617 310 1685 γοῦν
339 1618 443 1683 ὅτι,
477 1614 767 1687 βουληθείς
811 1631 943 1668 ποτε
997 1613 1026 1666 6
1072 1611 1328 1682 Τιϐέριος
1382 1611 1441 1663 ὲν
1473 1610 1539 1678 τῇ
1578 1606 1748 1677 Ῥόδῳ

191 1710 272 1763 τὸν
321 1707 612 1778 Θράσυλον
670 1706 782 1760 ἀπὸ
836 1705 931 1760 τοῦ
979 1705 1194 1774 τείχους
1246 1699 1434 1765 ὤσειν,
1463 1699 1541 1763 ὼς
1593 1696 1761 1769 μόνον

193 1801 459 1855 συνειδότα
500 1801 717 1871 ὅσαπερ
751 1800 979 1865 ἐνενόει,
1015 1794 1498 1869 σκυθρωπάσαντά
1527 1807 1588 1845 τε
1631 1786 1758 1844 ἰδὼν

190 1893 358 1957 αὐτὸν,
388 1892 557 1964 ἤρετο
584 1892 665 1947 διό
688 1909 743 1945 τι
771 1890 1038 1959 συνένηφε
1073 1908 1088 1957 ;
1123 1887 1230 1943 Τοῦ
1263 1888 1321 1942 δὲ
1360 1884 1608 1941 κίνδυνόν
1634 1900 1756 1937 τινα

190 1946 882 2055 πρωρέξινιὶπηρωτημένον
901 1946 1049 2052 αῦτῷ
1076 1946 1699 2050 ξρήσαντοςῴθαύμασεν
1728 1976 1765 2028 δ’
1787 1946 1833 2008 Β

190 2078 449 2149 Τιϐέριος,
480 2079 584 2133 καὶ
612 2078 847 2147 φυλάξαι
889 2079 1054 2132 αὐτὸν
1074 2075 1254 2147 ἐαυτῷ
1283 2075 1374 2129 διὰ
1401 2077 1501 2136 τὰς
1532 2069 1773 2135 ἐλπίδας

189 2170 456 2239 ⁴ἠθέλησεν.
490 2169 658 2225 Ἀλλά
691 2169 865 2224 ταῦτα
896 2170 994 2241 μὲν
1019 2168 1182 2223 οὕτω.
1228 2168 1288 2222 Ὃ
1321 2168 1380 2221 δὲ
1429 2165 1762 2234 Αὔγουστος,

186 2259 438 2330 δεσπότης
473 2260 584 2314 ὑπὸ
614 2259 710 2313 τοῦ
762 2258 935 2331 δήμου
986 2258 1330 2331 ὀνομασθείς,
1385 2259 1480 2315 καὶ
1522 2255 1759 2311 ἀπειπά-

192 2370 333 2422 μενος
389 2351 603 2423 μηδένα
644 2351 781 2421 πρὸς
824 2350 986 2405 αὑτὸν
1036 2350 1344 2423 κεχρῆσθαι
1375 2352 1550 2423 τούτῳ
1579 2351 1644 2423 δὴ
1673 2351 1753 2423 τῷ

188 2445 553 2517 προσρήματι,
594 2443 775 2516 χιλίας
819 2461 881 2498 τε
915 2444 1014 2499 καῗι
1061 2445 1430 2508 πεντακοσίας
1483 2443 1761 2513 μυριάδας

188 2538 420 2609 δραχμῶν
450 2537 688 2600 ἀτόκους
714 2538 830 2601 τοῖς
876 2535 1156 2608 δεομένοις
1204 2535 1462 2600 δανείσας
1514 2536 1602 2590 ἐπ’
1661 2535 1757 2608 ἐτη

187 2630 314 2700 τρέα,
343 2631 602 2700 ἐπῃνεῖτο
644 2628 797 2700 παρὰ
820 2628 1057 2695 πάντων,
1079 2627 1174 2685 καὶ
1198 2627 1541 2700 ἐσεμνύνετο.
1565 2626 1764 2683 Δύνον-

189 2738 265 2775 ται
293 2722 347 2776 δι
404 2721 560 2793 παρὰ
600 2721 900 2791 Ῥωμαίοις
922 2722 980 2775 ai
1015 2721 1303 2776 είκοσικαὶ
1325 2720 1489 2775 πέντε
1519 2721 1760 2792 δραχμαὶ

190 2812 403 2884 χρυσοῦν
434 2816 684 2884 νόμισμα
717 2814 796 2880 ἓν,
825 2814 974 2886 παρὰ
1025 2814 1084 2868 δέ
1114 2817 1228 2878 τοῖς
1273 2814 1538 2882 Ἕλλησιν
1584 2813 1761 2869 εἴκοσι

193 2906 433 2978 δραχμῶν
465 2908 497 2960 6
543 2909 685 2961 Δίων
714 2907 852 2980 φησὶ
880 2907 940 2961 τὸ
973 2907 1211 2979 χρυσοῦν
1243 2906 1618 2962 ἀλλάσσεσθαι
1663 2908 1756 2961 νό-

195 3015 374 3067 μισμα.
406 2999 572 3053 Μετὰ
606 2999 665 3051 δὲ
709 2998 886 3052 ταῦτα
925 2995 1200 3052 Κελτικοῦ
1251 2996 1494 3066 πολέμου
1533 3012 1758 3068 κεκινη-

193 3090 352 3156 μένον,
379 3091 474 3145 καὶ
497 3091 668 3153 αὐτὸς
700 3089 807 3144 ὑπό
856 3107 915 3144 τε
948 3090 1137 3160 γήρως
1165 3091 1260 3143 καὶ
1286 3089 1441 3143 νόσου
1473 3088 1755 3160 κεκμηκὸς

191 3183 308 3251 ἔχων
325 3185 381 3236 τδ
416 3184 582 3254 σῶμα
607 3184 702 3237 καὶ
729 3182 1129 3252 ἐκστρατεῦσαι
1162 3182 1238 3254 μὴ
1277 3177 1389 3246 οἷός
1427 3199 1490 3236 τε
1520 3179 1623 3245 ὢν,
1662 3181 1759 3234 τὸν

1869 679 2133 737 advectus
2161 684 2324 749 obiit,
2365 682 2539 740 Lucio
2587 678 2760 743 fratre
2799 681 2973 759 ’ξω
3003 687 3126 756 ejus
3153 684 3449 756 repentino

1818 798 1825 807 ι
1870 774 2066 829 morbo
2086 776 2244 845 prius
2261 780 2557 837 exstincto.
2593 781 2748 838 Unde
2782 780 2935 834 Livia
2961 788 3019 834 et
3041 778 3302 833 Tiberius
3334 792 3445 832 non

1868 866 2042 922 multo
2074 877 2203 925 ante
2229 872 2426 928 Rhodo
2454 889 2708 930 reversus
2757 873 3077 944 suspicione
3107 887 3218 926 non
3248 884 3449 926 carue-

1868 966 2020 1016 runt.
2070 960 2208 1016 Nam
2255 977 2383 1018 cum
2429 975 2487 1019 et
2518 965 2635 1035 ipse
2673 964 3034 1020 divinationis
3071 978 3136 1018 ex
3166 961 3449 1018 sideribus

1868 1052 2239 1121 peritissimus
2259 1067 2429 1122 esset,
2472 1065 2534 1116 et
2552 1059 2901 1132 Thrasyllum
2943 1061 3123 1114 virum
3180 1058 3236 1113 in
3265 1067 3445 1113 astro-

1865 1143 2008 1216 logia
2039 1160 2313 1203 summum
2347 1165 2534 1207 secum
2569 1152 2838 1208 haberet:
2868 1151 3002 1223 quid
3034 1160 3091 1208 et
3117 1150 3229 1207 sibi
3249 1159 3307 1206 et
3338 1149 3448 1205 illis

1864 1247 2195 1293 eventurum
2239 1251 2409 1306 esset,
2459 1244 2804 1312 praesciebat.
2862 1244 3007 1300 illud
3034 1254 3188 1300 certe
3218 1241 3449 1313 quidem

1862 1327 2080 1388 fertur:
2122 1345 2247 1386 cum
2273 1334 2572 1405 aliquando
2595 1336 3152 1409 Rhodi-Thrasyllum
3194 1337 3262 1391 de
3286 1346 3455 1391 muro

1862 1420 2212 1492 praecipitare
2245 1422 2300 1477 in
2335 1426 2522 1481 animo
2554 1427 2803 1492 haberet,
2831 1435 2892 1483 ut
2941 1427 3121 1483 solum
3154 1428 3443 1499 cogitatio-

1863 1526 1996 1566 num
2043 1528 2268 1569 suarum
2319 1517 2628 1583 conscium,
2675 1527 2731 1573 et
2789 1534 2916 1574 eum
2951 1519 3163 1574 tristem
3193 1518 3441 1582 vidisset,

1865 1604 2106 1661 tristitia:
2149 1620 2373 1663 causam
2407 1625 2675 1681 rogasse:
2718 1610 2812 1681 qui
2869 1625 2996 1665 cum
3045 1611 3463 1680 respondisset.‘

1863 1710 2120 1766 magnum
2145 1697 2251 1753 sibi
2286 1699 2598 1769 perieulum
2654 1700 2970 1764 imminere,
2996 1726 3001 1731 -
3026 1700 3313 1757 Tiberium
3344 1701 3448 1756 ad—

1862 1789 2162 1847 miratione
2220 1791 2488 1856 scientia),
2524 1803 2581 1849 et
2614 1806 2842 1865 propter
2890 1808 3043 1865 spem
3098 1793 3461 1865 principatus-

1861 1880 2004 1951 apud
2054 1896 2115 1937 se
2171 1882 2489 1939 retinuisse.
2539 1883 2647 1940 Sed
2680 1885 2795 1940 haec
2844 1888 3133 1941 hactenus.
3164 1885 3455 1957 Augustus-

1864 1987 1996 2029 vero
2037 1989 2164 2029 cum
2195 1974 2413 2030 Domini
2447 1977 2872 2046 appellationem
2899 1994 2931 2033 a
2961 1981 3169 2049 popqu
3194 1977 3461 2059 Romano“

1863 2064 1971 2121 sibi
2007 2063 2268 2120 tributam
2315 2067 2665 2136 repudiasset
2697 2108 2713 2135 ,
2743 2069 3125 2140 vetuissetque
3154 2083 3225 2125 ne
3253 2084 3284 2124 a
3313 2058 3451 2140 qun-
3562 2058 3565 2061 ’

1862 2172 2027 2226 quam
2085 2157 2156 2212 ita
2215 2159 2662 2228 compellaretur,
2721 2171 2775 2215 et
2828 2161 3204 2233 indigentibus
3260 2158 3457 2216 decies'

1862 2249 2160 2319 quinquies
2189 2259 2426 2306 centena
2468 2251 2636 2306 millia
2681 2253 3071 2310 drachmarum
3114 2253 3238 2308 sine
3274 2266 3443 2307 usura

1863 2340 1921 2395 in
1951 2341 2251 2397 triennium
2278 2350 2585 2398 mutuasset
2610 2358 2625 2398 :
2650 2344 2721 2398 ab
2745 2344 3004 2399 omnibus
3031 2342 3363 2400 laudabatur
3389 2353 3456 2398 et

1861 2433 2268 2490 celebrabatur.
2304 2435 2500 2492 Valent
2540 2445 2727 2491 autem
2772 2437 2923 2509 apud
2974 2438 3254 2494 Romanos
3281 2438 3446 2509 quin-

1861 2526 2018 2583 dena:
2064 2526 2348 2584 drachma:
2405 2541 2578 2583 unum
2627 2545 2859 2587 aureum
2913 2544 3246 2586 nummum:
3297 2529 3444 2602 apud

1860 2617 2080 2675 Graecos
2105 2632 2286 2677 autem
2331 2623 2542 2680 vicenis
2583 2624 2863 2679 drachmis
2893 2638 3121 2680 aureum
3151 2632 3457 2678 nummum‘

1860 2714 2190 2782 permutari,
2226 2714 2425 2771 scribit
2467 2716 2629 2772 Dion.
2679 2715 2812 2773 Post
2858 2716 2975 2773 haec
3020 2715 3234 2773 Gallico
3295 2714 3443 2772 bello

1860 2813 2005 2868 orto,
2066 2821 2192 2861 cum
2221 2807 2295 2862 ob
2330 2823 2537 2880 corpus
2587 2819 2643 2866 et
2672 2809 2830 2865 senio
2881 2817 2940 2867 et
2985 2810 3181 2865 morbo
3212 2809 3440 2870 fessum.

1859 2898 1979 2968 ipse
2002 2897 2206 2956 ducere
2251 2903 2556 2958 exercitum
2621 2918 2729 2958 non
2762 2913 2969 2973 posset,
3002 2902 3285 2958 Tiberium
3320 2917 3442 2973 paro

1859 2991 1957 3045 tim
1992 2992 2127 3063 ipsis
2152 2995 2342 3050 .rebus
2376 2994 2724 3067 urgentibus,
2773 2995 2972 3068 partim
3004 2995 3165 3052 Julia:
3195 2995 3459 3066 impulsni

1859 3081 1989 3154 (jam
2039 3085 2188 3139 enim
2236 3085 2305 3141 ab
2342 3086 2541 3142 exsilio
2589 3094 2850 3140 revocata
2897 3084 3038 3157 erat)
3098 3085 3445 3155 adoptatum,

1857 3182 2048 3230 contra
2079 3175 2263 3232 Gallos
2292 3177 2464 3232 misit.
2512 3176 2736 3233 Veritus
2781 3185 2967 3232 autem
3027 3192 3098 3232 ne
3142 3175 3191 3232 is
3219 3191 3317 3246 per
3347 3191 3447 3232 su:

192 3271 420 3344 Τιϐέριον
449 3277 530 3346 πῆ
570 3274 669 3345 μὲν
706 3274 812 3332 ὑπὸ
848 3274 959 3329 τῶν
987 3278 1333 3347 πραγμάτων
1350 3274 1746 3342 ἀναγκασθεὶς,

1857 3268 2104 3338 perbiam
2152 3269 2279 3323 novi
2327 3269 2538 3340 aliquid
2586 3269 2901 3336 moliretur,
2953 3270 3117 3325 etiam
3148 3268 3442 3325 Germani-

190 3367 257 3437 πῆ
284 3368 325 3422 δ’
355 3370 459 3424 ὑπὸ
487 3373 595 3437 τῆς
641 3368 873 3433 Ἰουλίας
898 3368 1255 3431 ἀναπεισθεὶς
1286 3370 1304 3436 (
1329 3366 1429 3439 ήδη
1461 3368 1575 3437 γὰρ
1605 3364 1751 3436 αὓτη

190 3458 245 3513 ὲκ
281 3460 370 3529 τῆς
410 3460 712 3532 ὑπερορίας
769 3458 1082 3530 κατήχθη),
1111 3458 1489 3529 υίοθετήσατο,
1525 3457 1619 3511 καὶ
1651 3455 1753 3527 τὴν

190 3549 268 3603 ἐπὶ
290 3555 405 3613 τοὺς
432 3552 684 3616 Κελτοὺς
705 3544 1067 3622 ἐκστρατείαν
1098 3549 1417 3621 ἐπέτρεψεν.
1451 3548 1756 3602 ἰ’ποπτεύ-

192 3659 275 3708 σας
315 3644 368 3697 δὲ
401 3645 473 3715 μή
510 3662 566 3697 τι
602 3642 896 3717 νεοχμώσῃ
939 3645 968 3696 6
999 3642 1253 3715 Τιϐέριος
1291 3641 1746 3712 ὑπερφρονήσας,

193 3735 381 3787 καὶτὸν
426 3734 779 3804 Γερμανικὸν
816 3734 909 3786 τὸν
963 3731 1204 3804 Δρούσου
1249 3730 1418 3785 παῖδα
1466 3731 1752 3801 εἰσεποιήο

192 3842 322 3879 σατο.
371 3826 686 3896 Πράσσοντι
724 3823 785 3877 δὲ
816 3822 1012 3889 ταῦτα,
1062 3823 1215 3878 ἄλλοι
1267 3838 1328 3876 τε
1393 3822 1491 3876 καὶ
1553 3821 1745 3885 Γναῖος

191 3922 462 3992 Κορνήλιος
495 3921 595 3976 τοῦ
630 3920 866 3991 μεγάλου
898 3920 1188 3992 Πομπηΐου
1254 3905 1611 3990 θυγατριδοῦς
1654 3919 1755 3972 ἐπ-

190 4011 516 4070 εὸοὗλευσαν.
544 4014 687 4085 Μήτ’
713 4013 807 4068 οῦν
839 4016 1160 4068 ἀποκτεῖναι
1183 4013 1325 4081 σφᾶς
1354 4011 1553 4066 ἐθέλων
1570 4010 1752 4082 (οὐδὲν

190 4104 282 4174 γὰρ
306 4107 367 4159 ἐκ
394 4108 506 4159 τῶν
540 4105 934 4177 ἀπολλυμένων
968 4103 1118 4176 ἐώρα
1143 4104 1282 4174 πρὸς
1314 4102 1620 4174 ἀσφάλειαν
1649 4101 1751 4157 αὐ-

188 4195 254 4267 τῷ
282 4197 759 4269 κατορθούμενον),
794 4197 920 4268 μήτ’
950 4194 1218 4250 ἀπολῦσαι
1256 4194 1499 4268 θαρρῶν,
1541 4195 1630 4251 ἴνα
1667 4194 1744 4268 μὴ

190 4292 267 4342 καὶ
288 4290 477 4356 ἄλλους
524 4294 591 4346 ὲκ
613 4290 810 4345 τούτου
850 4291 937 4357 ἐφ’
961 4289 1157 4344 ἑαυτὸν
1199 4290 1595 4360 ἐπισπάσηται,
1628 4288 1747 4343 οὔθ’

191 4383 379 4453 ἡμέρας
410 4385 822 4457 ἀφροντιστεῖν,
854 4382 979 4438 οὗτε
1004 4383 1199 4447 νυκτὸς
1233 4382 1466 4452 ἠδύνατο
1484 4384 1738 4455 ἠρεμεῖν.

190 4472 332 4528 Ταῦθ’
361 4478 393 4545 ή
419 4474 589 4530 Λιϐία
639 4475 849 4545 δρῶσα,
900 4474 1070 4545 ήρετο
1128 4472 1317 4535 αὐτὸν,
1349 4474 1403 4526 τί
1435 4474 1519 4525 ὅτι
1548 4472 1612 4527 οὗ
1647 4489 1747 4527 κα-

190 4568 382 4638 θεύδεις
422 4570 488 4624 '0
507 4569 590 4635 δὲ,
625 4569 722 4633 Τίς
750 4566 850 4631 ἂν,
879 4564 1056 4632 εἷπεν,
1099 4562 1147 4622 ὦ
1183 4567 1384 4635 γύναι,
1418 4563 1542 4620 κᾶν
1605 4565 1751 4621 ἐδιάὲ

1858 3374 1984 3414 eum
2017 3360 2175 3415 Drusi
2215 3361 2386 3416 tilium
2422 3361 2727 3431 adoptavit.
2758 3361 2884 3416 Haec
2911 3359 3120 3430 agenti,
3159 3376 3285 3415 cum
3322 3360 3441 3425 alii;

1858 3465 1975 3507 tum
2009 3451 2113 3507 Cn.
2152 3451 2446 3508 Cornelius
2506 3452 2755 3522 Pompeii
2792 3451 2973 3523 Magni
3009 3467 3079 3508 ex
3107 3452 3217 3507 ﬁlia
3245 3466 3438 3523 nepos.

1855 3555 1986 3602 sunt
2014 3545 2284 3600 insidiati.
2318 3544 2468 3613 Quos
2501 3559 2628 3601 cum
2662 3558 2767 3602 nec
2798 3545 3056 3601 occidere
3110 3546 3272 3602 vellet
3316 3545 3443 3618 (ne-

1855 3653 1964 3709 que
1995 3637 2145 3694 enim
2175 3639 2465 3696 securitati
2494 3654 2609 3696 sua:
2641 3638 2869 3694 interitu
2892 3638 3112 3694 illorum
3136 3638 3438 3709 quidquam

1854 3733 2067 3788 consuli
2093 3732 2337 3802 videbat)
2364 3747 2467 3788 nec
2498 3732 2787 3788 absolvere
2817 3732 3072 3799 auderet,
3100 3746 3171 3788 ne
3194 3732 3449 3804 plurium.

1853 3839 1918 3880 ea
1940 3824 2167 3880 lenitate
2199 3836 2391 3880 contra
2415 3840 2475 3880 se
2497 3825 2727 3880 audacia
2751 3824 3186 3881 conﬁrmaretur
3211 3843 3224 3879 :
3257 3840 3445 3895 neque
3532 3816 3543 3829 ’

1852 3916 2089 3972 interdiu
2145 3932 2395 3980 securus,
2447 3933 2628 3987 neque
2670 3927 2839 3972 noctu
2870 3918 3094 3987 quietus
3126 3932 3249 3974 csse
3276 3925 3438 3987 pote-

1851 4016 1957 4062 rat.
1988 4005 2122 4073 Quae
2145 4023 2271 4062 cum
2302 4005 2459 4061 Livia
2488 4007 2720 4067 videret.
2760 4007 2987 4078 rogabat
3023 4022 3128 4078 qua
3178 4007 3248 4062 de
3271 4023 3439 4063 causa

1852 4108 2020 4154 noctu
2050 4112 2161 4153 non
2193 4099 2487 4155 dormiret.
2559 4098 2661 4154 Cui
2719 4098 2850 4154 ille:
2902 4097 3183 4164 Quisnam,
3234 4099 3437 4169 inquit,

1853 4188 2065 4253 mulier,
2105 4189 2247 4243 inter
2281 4196 2356 4242 tot
2403 4190 2575 4244 hostes
2620 4187 2707 4244 vel
2750 4187 3034 4243 minimam
3082 4189 3261 4259 capiat
3289 4189 3441 4258 qui'eé

1851 4290 1976 4347 tem,
2006 4289 2057 4336 et
2086 4283 2141 4336 in
2170 4290 2283 4336 tam
2315 4280 2896 4353 frequentibusinaidiis
2921 4282 2946 4335 1’
2975 4280 3115 4335 Tum
3143 4279 3256 4344 illa,
3293 4280 3437 4335 mult

1852 4375 1924 4431 tis
1960 4389 2025 4429 ea
2072 4375 2142 4430 de
2177 4391 2237 4430 re
2278 4373 2469 4430 verbis
2502 4373 2686 4440 factis,
2722 4374 2978 4444 denique
3011 4373 3313 4439 consuluit,
3368 4388 3438 4429 ne

1851 4483 2016 4541 quem
2045 4466 2426 4523 insidiatorem
2449 4466 2749 4531 occideret.
2780 4466 2879 4524 sed
2905 4467 3016 4522 alio
3042 4466 3242 4537 quovis
3273 4466 3439 4522 modo

1850 4575 1950 4617 eos
1979 4561 2297 4631 castigaret.
2332 4574 2404 4616 ne
2428 4560 2564 4630 quid
2619 4559 2891 4631 ejusmodi
2939 4559 3205 4630 deinceps
3272 4574 3440 4615 cona-

189 4677 377 4729 χιστον
424 4660 800 4732 ἀτρεμήσειε,
837 4660 1167 4726 τοσούτους
1197 4658 1355 4729 ἔχων
1380 4657 1633 4728 ἐχθροὺς
1661 4659 1754 4714 καί

1865 4663 2081 4717 rentur,
2145 4650 2302 4724 541
2354 4652 2517 4707 venia
2570 4652 2625 4707 in
2677 4651 2873 4721 primis
2925 4661 2981 4707 et
3019 4650 3434 4707 benefaciendo.

190 4751 323 4805 οὔτω
358 4751 639 4821 συνεχῶς
691 4749 1293 4817 ἐπιϐουλευόμενος;
1340 4746 1410 4801 Ἦ
1466 4747 1525 4800 δέ
1576 4747 1749 4801 πολλὰ

194 4839 276 4903 μὲν
308 4842 428 4911 περὶ
454 4840 651 4894 τούτου
698 4835 950 4907 διελέχθη
980 4833 1153 4904 αὐτῷ,
1184 4833 1500 4890 τελευταῖον
1522 4833 1581 4888 δέ
1605 4835 1747 4905 γνῶ.

196 4945 287 4999 μην
307 4932 474 4986 ἔδωκε
538 4930 757 4998 θανάτῳ
789 4932 896 4999 μὲν
928 4927 1138 4999 μηδένα
1160 4925 1271 4981 τῶν
1297 4926 1557 4980 τοιούτων
1585 4926 1747 4981 κολά-

192 5015 307 5083 ζειν,
343 5023 546 5095 ἑτέρως
570 5021 630 5076 δέ
671 5038 786 5080 πως
810 5019 1009 5081 αὐτοὺς
1036 5020 1415 5092 σωφρονίζειν,
1444 5018 1585 5073 ὥστε
1634 5035 1744 5090 μη-

193 5112 294 5165 κέτι
320 5116 563 5170 τοιοῦτόν
602 5134 655 5170 τι
689 5116 1048 5188 ἐξαμαρτεῖν,
1078 5114 1173 5167 καὶ
1224 5111 1463 5182 μάλιστα
1496 5108 1745 5181 συγγνώ-

200 5213 264 5271 μῃ
312 5204 400 5255 καὶ
437 5205 736 5269 εὐποιίαις.
768 5207 853 5260 οὐ
880 5206 993 5273 γὰρ
1032 5202 1264 5256 πείθειν
1294 5200 1334 5273 ἢ
1365 5200 1743 5272 ἀναγκάζειν,

194 5284 303 5361 ἔφη,
329 5294 532 5363 φιλεῖν
558 5294 625 5349 τὸ
658 5297 837 5366 ξίφος
876 5294 1012 5349 τινὰ
1039 5294 1383 5363 δεδύνηται,
1433 5294 1600 5349 ἀλλὰ
1636 5293 1747 5348 τόν

191 5378 291 5446 μέν
337 5386 739 5460 κολαζόμενον
771 5388 1103 5453 ἀπόλλυσι,
1136 5386 1243 5453 τὰς
1270 5385 1340 5441 δὲ
1369 5386 1447 5455 δὴ
1475 5386 1597 5440 τῶν
1632 5385 1745 5443 ἄλ·

197 5474 307 5526 λων
348 5478 554 5549 ψυχὰς
609 5478 928 5549 (LL/latpr
968 5480 1076 5535 τοῦ
1135 5478 1520 5545 κολάζοντος.
1581 5479 1739 5534 Ἐπεί

194 5567 329 5633 μηδὲ
371 5559 673 5640 φιλοῦσιν,
707 5573 798 5629 ὅτι
853 5572 1291 5641 ὲδικαιώθησαν
1338 5572 1547 5641 ἕτεροι,
1602 5572 1742 5628 ἀλλ’

198 5656 609 5732 ἀπεχθάνονται
633 5665 898 5738 μᾶλλον,
928 5666 1020 5721 ὅτι
1050 5666 1237 5736 φόϐος
1271 5665 1369 5720 καὶ
1410 5664 1618 5732 αὐτοῖς
1654 5666 1748 5720 ir-

1852 4746 2140 4815 Nunquam
2157 4743 2318 4807 enim,
2348 4741 2551 4812 inquit,
2580 4741 2791 4813 gladius
2814 4743 3064 4814 cuiquam
3085 4745 3171 4797 sui
3200 4758 3436 4797 amorem

1852 4834 2175 4908 persuadere"
2203 4840 2296 4888 aut
2331 4841 2643 4904 extorquere
2695 4834 2863 4904 potuit
2888 4848 2909 4888 :
2940 4834 3034 4887 sed
3075 4850 3195 4889 eum
3223 4838 3314 4904 qui
3340 4848 3440 4906 pu-

1850 4929 1996 4983 nitur
2028 4925 2223 4998 perdit,
2269 4932 2580 4980 caeterorum
2613 4926 2832 4980 animot-
2869 4925 2936 4980 ab
2988 4942 3049 4980 eo
3095 4929 3187 4998 qui
3245 4944 3432 4998 paruas

1852 5020 2035 5086 sumit,
2069 5017 2294 5073 alienat.
2327 5016 2511 5088 Neque
2535 5020 2674 5073 enim
2695 5021 2929 5091 profecto
2954 5022 3017 5075 ob
3048 5021 3280 5076 aliorum
3309 5036 3438 5091 sap-

1851 5111 2012 5184 plicia
2041 5125 2231 5165 amare
2261 5110 2541 5177 incipiunt,
2569 5109 2660 5165 sed
2685 5110 2914 5166 oderunt
2950 5114 3119 5184 magis
3152 5114 3213 5168 ob
3239 5123 3435 5168 metam
3504 5102 3538 5171 .’

1849 5205 1948 5261 sibi
1975 5218 2180 5276 quoque
2200 5202 2611 5273 impendentem.
2639 5201 2769 5258 Haec
2797 5214 2854 5260 et
2883 5204 2938 5259 id
2970 5221 3147 5276 genus
3183 5206 3288 5261 alia
3321 5207 3435 5259 dis-

1850 5298 2058 5355 serenti
2089 5297 2258 5355 Livia:
2282 5297 2692 5370 obtemperavit
2721 5298 3025 5372 Augustus,
3064 5311 3122 5356 et
3153 5315 3279 5356 reos
3308 5316 3431 5354 nm-

1853 5403 1951 5445 nes
2001 5389 2190 5445 verbis
2235 5388 2532 5459 castigatos
2588 5388 2840 5444 dimisit:
2889 5388 3208 5446 Cornelium
3259 5387 3429 5442 etiam

1849 5482 2131 5537 consulem
2160 5481 2490 5552 designavit,
2543 5496 2670 5537 cum
2715 5482 3001 5552 superstiti
3030 5497 3099 5535 ex
3135 5480 3279 5536 Julia
3317 5480 3430 5536 tilia

1850 5584 1906 5629 et
1936 5574 2173 5645 Agrippa
2205 5574 2419 5643 nepoti,
2458 5590 2624 5644 quem
2655 5574 2950 5646 Agrippam
2982 5572 3311 5641 nominavit,
3345 5583 3433 5629 to-

1853 5681 1975 5738 gam
2010 5664 2225 5720 virilem
2260 5663 2528 5721 dedisset.
2594 5710 2599 5714 .

202 5752 384 5811 τεῦθεν
405 5760 752 5831 ἐπήρτηται.
801 5760 1039 5817 Τοιαῦτα
1086 5759 1258 5816 πολλὰ
1317 5761 1418 5830 τῆς
1487 5760 1681 5825 Λιϐίας
1743 5761 2032 5829 εἰπούσης,
2089 5759 2119 5811 6
2172 5757 2487 5826 Αὔγουστος
2536 5757 2766 5829 ἐπείσθη
2820 5758 2998 5830 αὐτῇ,
3071 5759 3169 5813 καὶ
3221 5760 3431 5826 πάντας

203 5843 354 5916 ἀφῆκε
383 5856 503 5919 τοὺς
563 5855 872 5922 ὑπαιτίους,
900 5854 1081 5925 λόγοις
1115 5852 1454 5925 νουθετήσας
1508 5853 1727 5919 αὐτοὺς,
1767 5854 1861 5909 τὶν
1917 5852 1976 5907 δέ
2042 5867 2107 5922 γε
2142 5850 2449 5923 Κορνήλιον
2478 5852 2572 5906 καὶ
2601 5849 2807 5905 ὕπατον
2834 5850 3254 5923 προσαπέδειξε.
3318 5853 3432 5910 Καὶ

3343 483 3450 550 9η
3542 528 3555 541 .
