3756 6552
415 423 526 487 919

1715 418 2042 482 ΙΟΑΝΝΙΞ
2083 421 2407 481 ΖΟΝΑΒΒ

3497 443 3580 508 920

410 532 561 590 Livia
591 548 696 588 non
747 532 930 588 statim
976 533 1212 603 aperuit.
1245 531 1418 587 verita
1477 546 1543 586 ne
1570 530 1702 601 quid
1751 531 1893 586 absel

2112 531 2300 587 ἰϐαλεν.
2326 532 2441 586 Εἶτ’
2463 527 2556 588 οὖν
2577 533 2772 600 οὕτως,
2806 533 2911 589 εἰτ’
2941 535 3114 604 ἄλλως
3133 541 3481 618 ἀρρωστήσας,
3501 559 3595 614 τότε

411 625 469 679 in
503 623 770 680 Dalmatia
799 623 1021 678 Tiberio
1057 633 1373 688 novaretur,
1419 622 1514 678 sed
1557 621 1612 675 in
1663 622 1783 691 ejus
1807 635 1982 690 usque

417 717 654 773 reditum
684 718 899 772 celavit.
940 717 1220 772 Cadavere
1257 716 1483 770 Romam
1513 715 1742 784 perlato.
1777 716 1985 770 Drusus

413 819 798 864 testamentum
831 810 949 875 ejus
1002 823 1030 862 a
1061 808 1371 862 Vestalibus
1411 807 1739 877 virginibus,
1773 804 1982 878 quae'id

408 897 789 961 asservabant,
846 896 1012 968 544
1049 908 1334 966 acceptum
1390 897 1442 950 in
1521 898 1728 952 curiam
1776 899 1982 952 attulit.

409 987 465 1041 Id
512 988 705 1058 sigillis
736 987 806 1042 ab
841 988 906 1042 iis
960 987 1054 1057 qui
1106 1003 1169 1041 ea
1223 987 1618 1058 impresserant
1665 989 1984 1060 recognitis,

409 1067 670 1132 audiente
721 1086 911 1132 senatu
964 1078 1255 1132 recitatum
1301 1088 1406 1134 est.
1466 1079 1607 1134 Sunt
1647 1089 1703 1135 et
1751 1091 1989 1150 quatuor

409 1171 530 1241 ejus
561 1169 731 1224 libelli
764 1169 819 1224 in
855 1169 1065 1224 curiam
1117 1170 1267 1225 allati
1297 1187 1312 1226 :
1346 1187 1585 1241 quorum
1617 1188 1760 1227 unus
1799 1173 1989 1243 sepul-

409 1273 547 1317 turaa
572 1261 840 1317 rationem
877 1262 1293 1332 prazscribebat.
1345 1263 1487 1318 alter
1519 1273 1638 1319 acta
1666 1265 1787 1336 ejus
1815 1266 1994 1320 conti-

413 1355 598 1412 nebat.
628 1356 686 1410 In
723 1357 886 1412 tertio
933 1356 1162 1417 milites.
1191 1355 1401 1410 reditus
1427 1367 1484 1411 et
1509 1356 1788 1427 impensas
1821 1358 1993 1426 publi-

411 1460 504 1498 cas
557 1445 980 1515 perscripserat,
1033 1455 1089 1500 et
1146 1445 1394 1515 pecunia:
1440 1461 1734 1500 numerum
1767 1462 1888 1516 qua:
1935 1447 1989 1500 in

415 1537 694 1592 thesauris
717 1547 884 1592 esset.
911 1536 1150 1604 Quartus
1201 1538 1458 1593 mandata
1491 1538 1560 1593 ad
1609 1539 1896 1594 Tiberium
1939 1548 1994 1593 et

413 1628 676 1699 populum
711 1627 1047 1683 continebat.
1104 1629 1200 1683 Ilis
1231 1630 1411 1694 lectis,
1460 1630 1627 1685 funus
1651 1631 1852 1684 elatum
1887 1641 1991 1697 est,

410 1722 694 1776 orationes
757 1721 1017 1777 funebres
1055 1740 1084 1778 ο
1141 1724 1318 1778 Druso
1368 1732 1422 1779 et
1488 1723 1711 1778 Tiberio
1769 1724 1990 1779 habitzr.

412 1812 617 1868 Deinde
651 1828 853 1883 corpus
897 1815 1016 1885 ejus
1074 1825 1378 1870 crematum
1438 1824 1560 1869 est:
1614 1830 1678 1869 ac
1730 1823 1844 1869 tum
1882 1831 1992 1870 non

2090 625 2220 686 τοὺς
2242 625 2492 690 ἑταίρους
2508 627 2825 697 συνήθροισε
2841 629 2936 682 καὶ
2952 630 2987 684 ἃ
3005 630 3252 699 ἠϐούλετο
3271 640 3452 708 τούτοις
3465 647 3601 704 διαλεο

2085 717 2263 784 χθεὶς,
2293 717 2445 781 τέλος
2476 719 2600 787 ἔφη,
2623 719 2702 772 ὅτι
2727 718 2853 786 Τὴν
2879 721 3112 791 Ῥώμην
3135 729 3598 804 πηλίνηνπαραλα,

2086 809 2224 900 ϐίον,
2248 810 2488 876 ..ῖιθθ-ην
2515 810 2657 879 ὑμῖν
2677 815 3038 880 καταλείπω,
3057 816 3224 888 τὸτῆς
3249 822 3406 894 ἀρχῆς
3427 827 3603 900 ἰσχυρὸν

2092 899 2188 952 τοῦ
2244 900 2406 967 λόγου
2460 902 2895 971 ἐνδεικνυμένου.
2949 906 3023 958 Οὐ
3059 910 3235 977 μέντοι
3282 913 3366 965 τὸν
3414 899 3601 979 θάνατον

2091 991 2258 1045 αὑτοῦ
2305 993 2504 1045 αὐτίκα
2534 997 2566 1062 ἡ
2609 995 2775 1049 Λιϐία
2809 995 3062 1065 ιξέφηνεο
3115 1001 3416 1069 φοδηθεῖσα’
3469 1011 3529 1080 μή
3562 1032 3600 1068 τι

2088 1085 2442 1157 νεωτερισθῇ,
2493 1088 2551 1139 ἐν
2602 1087 2886 1160 Δαλματίᾳ
2925 1089 3019 1142 τοῦ
3072 1091 3315 1159 Τιϐερίου
3356 1096 3600 1171 διάγοντος,

2089 1175 2226 1229 ἀλλὰ
2248 1176 2586 1248 συνέκρυψεν
2609 1179 2774 1232 αὑτὸν
2805 1182 2998 1251 μέχρις
3029 1181 3232 1248 ἐκεῖνος
3271 1186 3490 1256 ἀφίκετο.
3532 1195 3601 1248 Ἀ.

2093 1271 2522 1338 νακομισθέντος
2546 1271 2602 1324 δὲ
2633 1271 2727 1324 τοῦ
2762 1270 3010 1342 σώματος
3049 1274 3214 1328 αὑτοῦ
3254 1277 3329 1340 εἰς
3373 1280 3460 1349 τὴν
3498 1281 3602 1337 Ῥῶ.

2094 1377 2224 1430 μην,
2267 1362 2366 1423 τὰς
2413 1361 2680 1432 διαθήκας
2717 1365 2884 1418 αὐτοῦ
2915 1367 2943 1419 ό
2980 1365 3216 1436 Δροῦσος
3265 1370 3326 1422 ἐκ
3391 1372 3486 1426 τῶν
3518 1377 3605 1429 ἀει.

2100 1451 2386 1520 παρθένων
2442 1453 2552 1507 τῶν
2605 1456 2703 1524 τῆς
2763 1456 2981 1519 Ἑστίας
3037 1459 3248 1529 ἰερειῶν
3289 1458 3373 1523 αἷς
3418 1467 3605 1534 παρετέ.

2094 1543 2274 1596 θειντο
2304 1545 2542 1616 εἰληφὼς
2577 1548 2658 1609 εἰς
2691 1547 2750 1600 τδ
2777 1548 3055 1619 συνέδριον
3096 1550 3390 1620 εἰσήνεγκε,
3415 1557 3498 1608 καὶ
3529 1559 3605 1622 τὰς

2095 1637 2396 1708 σφραγῖδας
2445 1640 2492 1692 οἱ
2538 1641 3063 1710 κατασημηνάμενοι
3135 1643 3496 1710 ἐπεσκέψαντο,
3536 1650 3607 1702 καὶ

2094 1727 2515 1798 ἀνεγνώσθησαν
2558 1732 2614 1781 ἐν
2643 1731 2865 1802 ἐπηκόῳ
2895 1732 2990 1784 τοῦ
3025 1733 3314 1802 συνεδρίου.
3358 1735 3605 1808 Ἐκομίσοη

2095 1817 2138 1870 δ’
2163 1819 2241 1880 είς
2272 1817 2332 1870 τὸ
2380 1818 2659 1890 συνέδριον
2704 1821 2799 1873 καὶ
2841 1819 3022 1890 βιϐλία
3071 1821 3236 1874 αὑτοῦ
3279 1823 3513 1894 τέσσαρα·
3550 1821 3606 1879 ὧν

411 1904 594 1967 multi,
628 1915 750 1975 post
787 1921 982 1961 omnes
1006 1907 1286 1972 luxerunt,
1318 1907 1614 1968 recordati.
1648 1922 1776 1962 eum
1811 1923 1894 1961 om

2121 1910 2154 1961 ηδ
2197 1911 2296 1979 μὲν
2323 1909 2382 1962 ἓν
2415 1910 2484 1963 τά
2511 1912 2641 1981 περί
2667 1911 2767 1981 τῆς
2791 1913 2969 1981 ταφῆς
3007 1912 3331 1978 διετάττετο,
3366 1913 3421 1966 τδ
3443 1915 3480 1966 δ’
3515 1917 3604 1970 ἐτε-

409 1999 515 2052 bus
541 2013 762 2053 accessu
783 1998 1020 2065 facilem,
1059 2001 1246 2054 multis
1267 2001 1558 2071 pecuniam
1580 2002 1988 2071 suppeditasse,

409 2089 602 2145 amicis
636 2104 911 2146 summum
945 2090 1212 2147 honorem
1257 2092 1536 2155 habuisse,
1569 2094 1773 2164 gratias
1811 2094 1991 2164 egisse

410 2180 476 2234 iis
525 2196 554 2234 a
600 2180 805 2250 quibus
857 2180 1032 2250 ipsius
1089 2189 1271 2236 errata
1326 2183 1786 2251 corrigerentur,
1838 2192 1896 2237 ut
1935 2191 1992 2237 et.

323 2309 330 2314 -
406 2270 762 2324 Athenodoro
806 2271 928 2326 viro
976 2272 1236 2342 sapienti,
1290 2273 1380 2327 tali
1417 2273 1484 2328 de
1537 2289 1720 2328 causa.
1774 2275 1990 2329 Pronus

407 2369 524 2416 erat
553 2362 607 2417 in
635 2363 930 2428 Venerem,
954 2374 1009 2418 et
1041 2364 1300 2420 mulieres
1331 2366 1397 2420 ad
1430 2382 1554 2421 eum
1584 2383 1721 2436 quas
1744 2367 1987 2430 volebat,

409 2456 462 2508 in
491 2456 648 2510 tectis
691 2457 904 2512 lecticis
930 2457 1128 2520 allatae,
1166 2458 1222 2512 in
1261 2457 1379 2527 ejus
1410 2459 1708 2513 thalamum
1741 2459 1986 2514 adduce-

409 2549 634 2613 bantur,
665 2550 870 2620 quibus
905 2550 972 2604 ad
1002 2550 1289 2606 libidinem
1314 2549 1664 2606 abutebatur.
1695 2551 1867 2622 Igitur
1886 2551 1987 2604 ali-

410 2641 630 2711 quando
671 2643 979 2707 mulierem,
1011 2645 1168 2715 cujus
1189 2660 1376 2700 amore
1407 2653 1602 2714 captus
1628 2651 1766 2706 erat,
1803 2659 1989 2698 accer-

409 2734 556 2795 sivit.
591 2735 748 2805 cujus
774 2735 1032 2790 maritttm
1058 2735 1448 2790 Athenodorus
1482 2751 1584 2806 pro
1615 2736 1986 2790 familiaritate

410 2827 713 2892 invisurus,
749 2842 873 2881 cum
926 2837 981 2883 et
1029 2829 1206 2897 ipsum
1252 2837 1308 2884 et
1362 2843 1586 2883 uxorem
1641 2829 1988 2899 indignantes

411 2919 712 2974 invenisset
741 2922 863 2989 (nec
897 2919 1043 2975 enim
1076 2921 1337 2976 resistere
1384 2921 1684 2992 poterant),
1730 2921 1986 2976 mmroris

408 3027 574 3067 causa
623 3012 861 3083 cognita,
899 3028 994 3068 eos
1037 3014 1336 3084 tranquillo
1382 3014 1569 3068 animo
1621 3029 1742 3068 esse
1780 3013 1980 3082 jussit:

407 3117 467 3156 se
503 3102 650 3157 enim
679 3103 857 3173 ipsum
892 3104 1196 3176 Augustum
1223 3119 1600 3168 accessurum,
1633 3114 1690 3160 et
1736 3106 1857 3175 ejus
1879 3104 1984 3158 im-

409 3204 592 3264 petum
645 3212 1054 3266 reprcssurum.
1096 3199 1272 3252 Allata
1307 3198 1523 3264 lectica,
1563 3198 1980 3260 Athenodorus,

410 3287 590 3356 gladio
619 3300 846 3359 accepto
883 3307 982 3361 pro
1011 3291 1265 3356 muliere,
1298 3291 1570 3346 inscendit
1600 3310 1612 3348 :
1649 3306 1822 3360 eaque
1855 3291 1983 3344 dili-

409 3390 599 3450 genter
625 3382 732 3450 ιριςί
778 3384 951 3454 jussa.
1009 3385 1074 3438 ad
1105 3385 1330 3456 Augusti
1363 3384 1660 3438 thalamum
1689 3393 1771 3437 est
1802 3384 1982 3454 perla-

412 3486 518 3530 tus.
554 3474 656 3538 Qui
697 3491 820 3530 cum
865 3477 1010 3531 illam
1055 3478 1379 3543 aperuisset,
1439 3476 1528 3531 ille
1573 3476 1766 3530 stricto
1802 3475 1982 3546 gladio

405 3567 705 3624 exsiliens:
739 3567 916 3630 Itane,
945 3569 1141 3639 inquit.
1177 3585 1280 3622 non
1313 3570 1465 3622 times
1528 3583 1592 3621 ne
1623 3574 1673 3620 te
1705 3567 1895 3638 aliquis
1910 3568 1984 3621 sic

405 3655 667 3726 ingressus
689 3658 932 3713 occidat?
957 3657 1012 3713 Id
1039 3659 1237 3713 factum
1262 3658 1538 3728 Augustus
1562 3674 1668 3712 non
1694 3659 1856 3712 modo
1875 3672 1985 3712 non

403 3759 543 3814 aegre
569 3747 716 3808 tulit.
743 3764 841 3804 nec
859 3748 1274 3803 Athenodorum
1297 3750 1605 3819 obfurgavxt
1631 3765 1644 3805 :
1670 3751 1761 3803 sed
1781 3758 1837 3803 et
1865 3763 1989 3819 gra-

406 3836 510 3892 ‘ias
536 3840 585 3894 ei
622 3840 754 3911 egit,
805 3850 861 3895 et
887 3841 1188 3896 modestior
1244 3842 1421 3898 factus
1464 3849 1566 3896 est.
1625 3841 1760 3896 Eum
1791 3841 1981 3912 igitur,

2097 2019 2191 2072 ρον
2227 2005 2324 2065 τὰς
2378 2003 2607 2074 πράξεις
2640 2002 2707 2066 ἃς
2735 2003 2994 2075 εἴργαστο
3025 2003 3253 2074 διεξῄει·
3293 2005 3366 2075 τῷ
3389 2005 3441 2058 δέ
3479 2010 3605 2078 τρίτῳ

2093 2099 2164 2149 τὰ
2199 2095 2306 2148 τῶν
2336 2099 2683 2166 στρατιωτῶν
2711 2103 2804 2150 καὶ
2829 2098 2897 2150 τά
2954 2097 3064 2150 τῶν
3125 2097 3394 2168 προσόδων
3441 2099 3519 2152 καὶ
3556 2102 3606 2153 τὰ

2089 2187 2199 2242 τῶν
2252 2187 2626 2258 ἀναλωμάτων
2677 2188 2788 2241 τῶν
2841 2188 3121 2259 δημοσίων
3171 2188 3414 2255 συνέταξε
3459 2191 3531 2242 καὶ
3561 2192 3607 2244 τὸ

2093 2277 2298 2348 πλῆθος
2328 2278 2437 2330 τῶν
2471 2282 2529 2332 ἐν
2554 2280 2666 2338 τοῖς
2711 2277 3008 2350 θησαυροῖς
3041 2278 3355 2348 χρημάτωνο
3390 2277 3442 2330 τὸ
3467 2278 3513 2330 δὲ
3542 2280 3606 2332 τέ-

2095 2385 2294 2439 ταρτον
2336 2369 2554 2434 ἐντολάς
2587 2373 2830 2441 περιεῖχε
2856 2371 2934 2441 τῷ
2957 2369 3219 2440 Τιϐερίῳ,
3249 2371 3338 2422 καὶ
3366 2369 3436 2440 τῷ
3477 2371 3601 2438 κοινῷ

2091 2463 2434 2531 ἐπισκήψεις.
2496 2464 2714 2516 Τούτων
2777 2464 2822 2516 δ’
2872 2463 3332 2532 ἀναγνωσθέντων
3375 2463 3404 2533 ἡ
3440 2463 3604 2532 ἐκφορὰ

2087 2553 2299 2622 γέγονε,
2349 2553 2447 2608 καὶ
2476 2554 2754 2623 ἐπιτάφιοι
2781 2554 3097 2625 ἐρρήθησαν
3129 2553 3276 2623 παρά
3306 2553 3393 2606 τοῦ
3420 2553 3605 2624 Δρούσου

2087 2647 2181 2698 καὶ
2211 2645 2362 2714 παρὰ
2407 2644 2503 2698 τοῦ
2562 2645 2840 2715 Τιϐερίου.
2877 2641 3010 2698 Εἶτα
3056 2645 3265 2715 ἐκαύθη
3293 2644 3350 2696 τὸ
3380 2645 3512 2716 σῶμα
3535 2646 3598 2699 αὖ-

2084 2737 2203 2790 τοῦο
2263 2740 2358 2790 καὶ
2410 2738 2601 2801 πένθος
2659 2739 2782 2790 τότε
2839 2737 2938 2808 μὲν
2986 2738 3047 2790 ού
3107 2737 3312 2802 πολλοὶ,
3346 2736 3540 2805 ὖττερον
3562 2737 3603 2788 δὲ

2087 2830 2286 2894 πάντες
2342 2829 2522 2902 ἔσχον,
2564 2830 2927 2901 μεμνημένοι,
2977 2831 3062 2883 ὅτι
3094 2847 3153 2882 τε
3205 2833 3364 2883 πᾶσιν
3425 2829 3605 2898 εὐπρόσ-

2085 2922 2204 2984 οδος
2237 2917 2326 2992 ἦν,
2357 2924 2450 2976 καὶ
2501 2920 2716 2986 πολλοῖς
2773 2923 3005 2992 ἐπήρκει
3047 2923 3104 2985 ἐς
3145 2922 3413 2992 χρήματα,
3442 2923 3518 2973 καὶ
3546 2922 3606 2973 ὅτι

2088 3008 2208 3061 λίαν
2273 3010 2441 3079 ἐτίμα
2490 3010 2619 3074 τοὺς
2675 3010 2885 3080 φίλους,
2939 3012 3035 3066 καὶ
3113 3012 3340 3082 χάριτας
3390 3010 3606 3080 ὡμολόγει

2087 3104 2200 3164 τοῖς
2225 3100 2388 3154 αύτδν
2425 3101 2830 3171 ϐιορθουμένόις
2859 3103 2942 3171 ἐφ’
2993 3097 3076 3166 οἷς
3119 3103 3406 3171 ἐσφάλλετο
3426 3118 3437 3130 ·
3459 3101 3604 3170 ὥσπερ

2088 3193 2284 3263 καὶτῷ
2335 3193 2690 3265 Ἀθηνοδώρῳ
2717 3194 2874 3264 ἀνδρὶ
2929 3194 3078 3264 σοφῷ
3126 3195 3221 3246 ἐπὶ
3265 3193 3429 3264 τοιᾷδε
3477 3193 3605 3262 αἰτίᾳ.

2089 3287 2480 3356 Εύκατάφορος
2514 3288 2650 3356 πρὸς
2693 3289 2759 3338 τὰ
2785 3285 3076 3356 ἀφροδίσια
3115 3281 3206 3356 ἦν,
3261 3286 3352 3338 καί
3387 3286 3430 3337 οἰ
3459 3288 3607 3351 γυναῖ-

2088 3395 2184 3442 κες
2237 3378 2564 3446 ἐκομίζοντο
2607 3378 2673 3442 ἃς
2705 3378 2957 3431 ἐϐούλετο
2986 3381 3045 3431 ἐν
3077 3378 3433 3446 καταστέγοις
3461 3379 3606 3447 (popa!-

2087 3488 2189 3538 0t;,
2222 3475 2316 3525 καὶ
2343 3472 2520 3534 οὕτως
2563 3473 2645 3536 εἰς
2695 3473 2784 3526 τδν
2834 3472 2999 3525 αὑτοῦ
3052 3473 3343 3542 εἰσήγοντο
3395 3471 3605 3539 θάλαμον.

2099 3563 2341 3626 Ἐκεῖνος
2388 3564 2444 3616 δὲ
2482 3567 2686 3626 ταύτας
2733 3564 2894 3632 ὲξῆγέ
2925 3582 2984 3617 τε
3037 3566 3136 3618 καὶ
3173 3565 3443 3634 ἐκέχρητο.
3478 3562 3607 3631 Ἠρά-

2093 3655 2196 3724 σθη
2224 3655 2354 3723 γοῦν
2386 3670 2516 3707 ποτε
2549 3655 2806 3723 γυναικὸς
2842 3656 2934 3709 καὶ
2984 3656 3202 3725 έπεμψε
3238 3656 3416 3709 λαϐεῖν
3458 3655 3605 3720 αὐτήν.

2103 3746 2190 3798 Ἐν
2213 3745 2388 3816 τούτῳ
2416 3745 2473 3799 δὲ
2509 3746 2538 3798 ὁ
2576 3745 2963 3815 Ἀθηνόδωρος,
2998 3746 3076 3816 τῷ
3111 3747 3209 3816 τῆς
3241 3745 3479 3813 γυναικὸς
3501 3743 3608 3794 ἐκεί-

2090 3855 2186 3908 νης
2221 3837 2377 3909 ἀνδρὶ
2424 3836 2662 3907 συνήθης
2707 3835 2786 3889 ὢν
2835 3838 3024 3907 ἔτυχεν
3065 3839 3320 3892 ἀπελθὼν
3363 3837 3446 3890 τὸν
3484 3833 3604 3904 φίλον

403 3947 527 3985 cum
562 3932 630 3986 ob
663 3932 798 3998 haec,
826 3941 938 3986 tum
968 3933 1038 3987 ob
1092 3934 1197 3988 alia
1226 3934 1409 4004 plura,
1432 3941 1486 3987 et
1510 3931 1654 4003 quod
1694 3931 1880 3987 Tiberi

2122 3930 2378 4000 ψάμενος,
2408 3929 2505 3982 καὶ
2537 3928 2875 4000 ἀσχάλλοντα
2905 3929 3084 4001 εὑρὼν
3129 3932 3380 3984 κάκεῖνον
3427 3929 3505 3980 καὶ
3533 3925 3605 3994 τὴν

402 4039 777 4082 successorem
801 4027 939 4098 ejus,
973 4027 1140 4082 alium
1164 4037 1294 4082 sunt
1318 4027 1550 4098 experti,
1575 4025 1885 4080 desideraru

2122 4023 2327 4074 'uvaixa
2360 4020 2442 4088 (οὐ
2493 4019 2604 4092 γὰρ
2657 4020 2921 4089 ἠδύναντο
2953 4019 3306 4092 ἀντιστῆναι)
3334 4021 3425 4091 τὴν
3467 4017 3605 4072 αἰτίαν

399 4115 501 4188 τῆς
535 4117 711 4192 λύπης
742 4121 993 4176 ἐπύθετο.
1052 4120 1162 4174 Kal
1215 4119 1424 4191 μαθὼν,
1483 4121 1713 4192 ἠρεμεῖν
1758 4118 1955 4178 αὐτοὺς
2019 4115 2325 4169 ἐκέλευσεν.
2366 4111 2540 4176 Αὐτός
2594 4112 2705 4182 γάρ
2769 4114 3028 4168 ἀπελθεῖν
3090 4114 3222 4184 ἔφη,
3260 4115 3388 4180 πρὸς
3413 4107 3604 4164 τδνΔῦ-

401 4228 653 4279 γουστον,
712 4216 808 4269 καὶ
846 4215 945 4288 τὴν
994 4215 1158 4269 αὐτοῦ
1216 4215 1555 4285 ἀποστρέψαι
1609 4213 1807 4283 ὁρμήν.
1843 4210 1954 4264 Kal
1993 4208 2347 4279 κομισθέντος
2389 4206 2482 4260 τοῦ
2510 4206 2850 4275 καταστέγου
2890 4206 3103 4276 δίφρου,
3159 4208 3235 4268 ὡς
3273 4207 3370 4276 τῆς
3399 4201 3604 4274 γυναικὶ.

401 4303 458 4357 ἐν
494 4307 643 4376 αύτῴ
696 4307 1169 4380 εἰσελευσομένης,
1223 4307 1536 4378 εἰσῆλθενό
1571 4305 1964 4374 Ἀθηνόδωρος,
2001 4305 2094 4357 καὶ
2163 4301 2318 4371 ξίφος
2386 4299 2568 4352 λαϐὼν
2627 4300 2720 4352 καὶ
2777 4299 3278 4369 κατακαλυφθῆναι
3327 4300 3411 4351 τὸν
3455 4298 3606 4364 δίφρον

402 4398 649 4470 ἀκριϐῶς
681 4399 945 4468 ἐπιτάξας
1009 4399 1154 4455 οὕτω
1205 4402 1342 4473 πρὸς
1375 4401 1466 4454 τὸν
1519 4399 1615 4452 τοῦ
1659 4397 1972 4466 Αὐγούστου
2009 4395 2308 4462 κεκόμιστο
2364 4393 2630 4464 θάλαμον.
2696 4390 2941 4444 Ἐκείνου
3011 4391 3070 4444 δέ
3147 4392 3243 4444 τδν
3299 4392 3475 4459 δίφρον
3501 4389 3606 4440 ἀπο·

399 4491 772 4556 καλύπτοντος
825 4491 1059 4563 ξιφήρης
1116 4493 1522 4563 ἐκπεπήδηκεν,
1589 4491 1758 4544 εἰπών
1789 4485 1968 4543 Ἐἶτα
2006 4491 2078 4543 οὐ
2144 4485 2321 4558 φοϐῇ,
2355 4485 2440 4555 μή
2474 4487 2566 4552 τίς
2603 4501 2678 4540 σε
2708 4485 2897 4550 οὕτως
2937 4487 3235 4540 εισελθὼν
3276 4483 3598 4546 ἀποκτει’νῃ;

411 4585 471 4637 '0
503 4582 550 4635 δ’
578 4581 886 4654 Αὔγουστος
924 4585 984 4638 οὐ
1032 4586 1196 4656 μόνον
1241 4585 1343 4637 οὐκ
1381 4582 1654 4656 ὠργίσθη,
1724 4583 1834 4636 οὐδ’
1910 4581 2139 4635 ἐκάκισε
2199 4580 2291 4632 τὸν
2359 4577 2754 4648 Ἀθηνόδωρον,
2779 4577 2916 4631 ἀλλά
2945 4577 3040 4630 καὶ
3085 4578 3248 4649 χάριν
3305 4577 3436 4644 ἔγνω
3473 4573 3605 4642 αὐτῷ.

407 4675 502 4728 καὶ
553 4677 998 4750 σωφρονέστερος
1039 4678 1256 4746 γέγονε.
1290 4677 1389 4729 Διά
1413 4675 1588 4730 ταῦτα
1641 4679 1840 4743 τοίνυν,
1873 4676 1968 4730 καὶ
2003 4675 2142 4729 ἄλλα
2213 4673 2270 4726 δὲ
2334 4671 2507 4726 πλείω
2541 4672 2772 4725 ἐπόθουν
2805 4671 2991 4736 αὑτὸν,
3024 4670 3118 4725 καὶ
3160 4672 3244 4725 ὅτι
3281 4669 3371 4722 τοῦ
3399 4667 3604 4737 Τιϐερίου

403 4769 522 4840 μετ’
547 4769 710 4823 αὐτὸν
742 4772 1183 4842 μοναρχήσαντος
1213 4769 1310 4839 οὐχ
1361 4769 1549 4838 ὁμοίου
1575 4770 1970 4841 ἐπειράθησαν.
2069 4783 2079 4807 '-

471 4859 718 4917 XXXIX.
765 4863 923 4917 Anno
979 4861 1194 4932 imperii
1225 4862 1454 4934 Augusti
1487 4879 1619 4928 χιιι,
1648 4862 1814 4917 homo
1886 4863 1954 4916 fa-

2149 4853 2278 4911 ΛΘ’.
2327 4854 2417 4908 Ἐν
2444 4854 2500 4908 δὲ
2529 4853 2610 4925 τῷ
2637 4853 3061 4926 τεσσαρακοστῷ
3089 4851 3328 4922 δευτέρῳ
3381 4849 3480 4902 ἔτει
3523 4848 3598 4916 τῆς

401 4960 523 5005 ctus
549 4960 607 5006 et
636 4959 797 5007 natus
830 4963 915 5008 est
964 4952 1230 5007 Dominus
1282 4965 1474 5008 noster
1520 4964 1577 5010 et
1633 4954 1777 5010 Deus
1817 4953 1884 5009 .le

2123 4948 2387 5019 ὒγούστου
2426 4946 2728 5017 μοναρχίας
2775 4946 2974 5017 ἐτέχθη
3012 4943 3482 5016 ἐνανθρωπήσαςό
3512 4941 3603 4992 Κύ-

399 5041 676 5105 Christus,
707 5051 931 5099 auctore
974 5041 1215 5098 Eusebio
1265 5045 1574 5115 Pamphilo.
1634 5046 1728 5117 qui
1765 5061 1892 5101 eum
1918 5045 1974 5100 in

401 5130 775 5188 Ecclesiastica
823 5133 1052 5188 historia
1101 5149 1208 5188 Lvn
1248 5150 1424 5190 annos
1449 5137 1625 5192 solum
1661 5153 1844 5191 rerum
1877 5151 1976 5207 po-

399 5224 560 5276 titum
614 5239 734 5278 esse
781 5223 974 5289 refert,
1026 5238 1148 5278 cum
1181 5224 1272 5278 alii
1316 5241 1437 5281 xuv
1471 5226 1733 5281 duntaxat
1773 5243 1972 5282 nume-

398 5325 542 5372 rent.
588 5317 790 5372 Verum
838 5317 1113 5372 dissensio
1162 5319 1286 5374 inde
1331 5320 1736 5390 exsistit,quod
1781 5320 1870 5375 alii
1900 5321 1970 5376 ab

399 5408 619 5462 Actiaca
655 5407 876 5463 domum
927 5407 1157 5463 victoria
1213 5424 1504 5465 numerare
1535 5410 1827 5480 incipiunt,
1860 5426 1969 5480 quo

2074 5059 2184 5113 ριος
2243 5037 2530 5110 ἡμῶνκαὶ
2565 5038 2698 5101 Θεὸς
2753 5038 2967 5110 Ἰησοῦς
3024 5038 3281 5107 Χριστὸς,
3352 5034 3480 5088 κατὰ
3529 5031 3599 5082 τὸν

2070 5133 2357 5206 Παμφίλου
2381 5131 2660 5195 Εύσέϐιον,
2693 5129 2751 5193 ὃς
2781 5131 2838 5182 ἐν
2853 5132 2918 5200 τῇ
2952 5124 3456 5197 Ἔκκλησιαστικῇ
3475 5127 3605 5178 ιστο-

2061 5226 2165 5294 ρίᾳ
2205 5227 2297 5278 καὶ
2355 5224 2696 5293 πεντήκοντα
2749 5221 2843 5276 καὶ
2898 5221 3040 5292 ἐτττά
3091 5221 3190 5288 ἐτη
3228 5219 3385 5271 αὑτὸν
3435 5213 3603 5282 ἱστορεῖ

2081 5317 2444 5389 μοναρχῆσαι,
2477 5315 2585 5367 τῶν
2615 5314 2792 5368 ἀλλων
2820 5314 3064 5384 τέσσαρα
3094 5313 3189 5365 ἐπὶ
3239 5309 3600 5378 τεσσαράκοντα

2077 5407 2147 5461 τά
2177 5409 2277 5476 τῆς
2314 5407 2616 5478 μοναρχίας
2646 5403 2814 5460 αὑτοῦ
2859 5405 3242 5476 ἀριθμούντων
3281 5404 3390 5472 ἐτη.
3424 5401 3598 5453 Γίνεται

397 5509 649 5569 tempore
691 5514 820 5553 vere
874 5499 1142 5569 imperare
1179 5499 1337 5575 545
1368 5501 1555 5570 οωρίι,
1602 5501 1875 5556 Romanar

2105 5503 2128 5552 ὲ
2159 5500 2191 5570 ἠ
2218 5499 2485 5568 διαφωνία
2511 5497 2783 5563 ἐντεῦθεν,
2811 5499 2893 5551 ὅτι
2917 5498 2967 5550 οἰ
2997 5497 3094 5568 μὲν
3119 5495 3270 5549 ἄλλοι
3299 5494 3394 5566 τήν
3421 5506 3588 5563 μοναρ-

397 5586 678 5657 legionum
731 5589 882 5644 solus
921 5591 1098 5644 factus
1127 5591 1406 5646 dominus.
1457 5591 1730 5646 Eusebius
1765 5607 1880 5646 verc

2112 5591 2193 5646 ίαν
2245 5590 2323 5661 τῷ
2355 5591 2590 5662 Καίσαρι
2628 5591 2965 5658 ἐλογίσαντο,
3012 5587 3197 5655 ἐξότου
3247 5583 3498 5656 ναυμαχίξ
3541 5581 3587 5632 ίν

399 5693 618 5745 quoque
651 5686 863 5747 tempus
897 5692 1242 5746 annumerat,
1281 5698 1392 5752 quo
1425 5697 1549 5736 cum
1581 5681 1822 5736 Antonio
1855 5699 1882 5753 ε

2108 5685 2286 5755 Ακτίῳ
2325 5683 2544 5754 ἐνίκησε
2571 5683 2663 5736 τὸν
2709 5681 3019 5745 Ἀντώνιον,
3049 5682 3136 5736 ὅτε
3169 5681 3266 5735 καὶ
3291 5680 3364 5742 ὡς
3412 5671 3591 5742 ἀληθῶς

400 5765 474 5820 sit
517 5766 847 5836 imperium:
888 5772 1033 5840 quod
1071 5781 1185 5828 tum
1231 5787 1453 5843 quoque
1504 5772 1597 5826 illo
1651 5772 1708 5826 in
1739 5772 1883 5844 [Egy]

2107 5776 2439 5846 μονάρχησε,
2498 5777 2661 5847 μόνος
2707 5775 2820 5830 τῶν
2866 5774 3189 5845 Ῥωμαϊκῶν
3210 5771 3485 5842 ταγμάτων
3519 5780 3590 5832 τι·

398 5860 572 5916 otium
619 5871 832 5933 agente,
875 5876 933 5920 et
981 5867 1265 5921 amoribus
1318 5866 1624 5937 Cleopatrae
1673 5865 1881 5924 serviet:

2108 5869 2292 5941 ἅμενος
2347 5867 2554 5941 κύριος·
2604 5868 2632 5922 ὁ
2665 5867 2943 5932 Ἐὐσέϐιος
2981 5867 3038 5923 δὲ
3067 5866 3160 5923 καὶ
3219 5864 3311 5921 τδν
3337 5860 3509 5934 χρόνον
3545 5853 3591 5908 δν
