3910 6556
211 430 299 494 921

1462 431 1874 494 ANNALIUM
1913 431 2060 492 LIB.
2099 433 2208 492 XI.

3333 437 3440 502 922

210 540 422 610 συνῆρξε
477 538 558 609 τῷ
613 540 884 612 Ἀντωνίῳ
923 545 988 613 τῇ
1049 542 1320 614 μοναρχίᾳ
1377 545 1754 617 προστίθησιν1

1866 561 1990 615 quae
2019 545 2097 600 illi
2134 559 2298 601 causa
2325 544 2583 602 interitus
2611 544 2738 613 fuit,
2776 561 2936 619 aeque
2967 549 3158 606 fecerit
3193 566 3316 622 qua:
3344 566 3444 607 vo—
3519 609 3525 622 __

205 636 270 697 ὡς
293 634 379 686 καὶ
401 633 523 686 τότε
544 633 640 686 τοῦ
660 634 974 702 Αὐγούστου
1003 635 1102 690 ὅσα
1132 636 1385 690 ἐϐούλετο
1409 638 1759 706 πράττοντος,

202 726 390 780 ἐκείνου
419 730 486 795 τῇ
513 728 778 798 Δίγύπτῳ
812 730 1171 799 σχολάζοντος
1203 730 1300 782 κα)⁸
1335 729 1412 800 τῷ
1441 732 1544 801 τῆς
1577 731 1754 783 Κλεο-

203 819 394 886 πάτρας
423 817 771 884 δουλεύοντος
801 819 988 891 ἔρωτι,
1023 821 1092 874 δι’
1121 821 1181 875 ὃν
1211 823 1308 875 καὶ
1343 821 1614 876 ἀπώλετο.
1655 821 1763 876 Οὐ-

201 929 292 972 τιυς
315 909 404 963 οὖν
429 911 526 964 καὶ
557 911 616 964 ἰν
644 912 722 982 τῷ
746 912 1169 985 τεσσαρακοστῷ
1215 914 1468 986 δευτέρῳ
1513 916 1624 968 ἔτει
1659 914 1767 985 τῆς

201 1001 482 1070 μοναρχίας
533 1002 633 1056 τοῦ
666 1004 948 1075 Καίσαρος
985 1005 1277 1075 ἱστόρησεν
1325 1007 1354 1058 ὁ
1384 1005 1642 1064 Εὐσέϐιος
1667 1005 1760 1060 τὸν

197 1091 413 1159 Χριστὸν
444 1093 777 1164 γεννηθῆναι
806 1095 866 1146 τὸ
904 1096 1048 1149 κατὰ
1081 1095 1285 1166 σάρκα·
1320 1098 1369 1148 εί
1399 1095 1508 1167 γὰρ
1565 1112 1760 1149 τεσσα-

200 1184 413 1253 ράκοντα
443 1186 540 1238 καὶ
572 1187 848 1257 τέσσαρας
879 1189 1123 1258 φαίημεν
1151 1189 1278 1250 τοὺς
1303 1187 1404 1256 τῆς
1453 1188 1759 1258 μοναρχίας

197 1278 458 1340 ἐνιαυτοὺς
504 1279 762 1346 γενέσθαι
793 1280 887 1334 τοῦ
923 1280 1227 1352 Καίσαρος,
1277 1281 1337 1334 οὐ
1368 1281 1515 1335 κατὰ
1544 1281 1606 1334 τὸ
1635 1297 1759 1334 τεσ-

197 1367 521 1435 σαρακοστὸν
553 1368 808 1436 δεύτερον
863 1371 984 1434 ἔτος
1038 1372 1072 1441 ἡ
1109 1371 1404 1440 ἐπιφάνεια
1433 1371 1624 1440 γέγονε
1659 1370 1756 1424 τοῦ

197 1456 384 1527 Κυρίου
416 1461 512 1512 καὶ
544 1460 798 1531 Σωτῆρος
821 1462 1002 1534 ήμῶν,
1036 1462 1176 1516 ἀλλά
1225 1460 1368 1516 κατὰ
1417 1462 1478 1515 τὸ
1513 1461 1758 1516 είκοστδν

193 1546 393 1600 ἔννατον
444 1549 570 1612 ἔτος
617 1552 914 1621 συμϐαίνει
956 1553 1218 1624 τεχθῆναι
1265 1553 1359 1606 τὸν
1399 1551 1626 1622 Κύριον.
1668 1552 1758 1613 Ὠς

193 1641 286 1708 γὰρ
321 1641 347 1691 ὁ
379 1637 675 1706 θεσπέσιος
723 1643 1115 1715 εὐαγγελιστὴς
1175 1644 1382 1714 ἱστορεῖ
1425 1644 1662 1707 Λουκᾶς,
1697 1642 1756 1695 ἐν

191 1729 283 1782 ἔτει
307 1733 786 1806 πεντεκαιδεκάτῳ
813 1736 913 1805 τῆς
959 1734 1256 1806 ἡγεμονίας
1303 1734 1558 1806 Τιϐερίου
1617 1733 1754 1785 Καί-

193 1835 334 1888 στρος
363 1823 456 1874 τὸν
487 1825 730 1893 Χριστὸν
759 1828 786 1879 ό
829 1827 1082 1898 Ἰωάννης
1108 1827 1394 1888 ἐϐάπτισε,
1445 1826 1750 1896 τριάκοντα

1865 637 2055 692 luerit.
2083 637 2175 692 Sic
2209 637 2376 708 igitur
2407 653 2554 694 anno
2585 655 2694 694 xui
2734 640 2950 710 imperii
2985 643 3216 699 Caesaris
3245 657 3442 698 narra-
3513 629 3524 640 ”

1864 730 1946 784 vit
1972 730 2246 786 Eusebius
2279 731 2562 786 Christum
2589 734 2897 788 secundum
2940 750 3161 790 carnem
3189 749 3310 790 esse
3342 750 3433 789 nan

1864 828 2002 874 tum.
2057 821 2191 876 Nam
2234 821 2280 875 si
2333 821 2547 891 imperii
2593 823 2713 892 ejus
2750 839 2924 879 annos
2955 841 3082 879 xuv
3115 833 3441 890 statuamus,

1863 908 2134 964 adventus
2176 921 2234 965 et
2280 911 2541 967 nativitas
2569 913 2784 970 Domini
2810 924 2866 970 et
2900 915 3208 972 Servatoris
3244 919 3441 986 nostri,
3482 961 3495 975 .

1861 1018 1970 1057 non
2005 1004 2058 1056 in
2085 1019 2291 1058 annum
2327 1021 2457 1066 xut,
2495 992 2590 1060 sed
2628 1007 2683 1060 in
2718 1023 2922 1061 nonum
2967 1017 3025 1063 et
3077 1026 3145 1062 xx
3177 1011 3343 1066 cadit.
3375 1011 3445 1068 Ut

1859 1094 2004 1148 enim
2077 1104 2299 1150 sanctus
2331 1096 2511 1152 Lucas
2559 1100 2892 1168 evangelista
2944 1111 3153 1165 narrat,
3200 1101 3443 1158 Joannes

1859 1184 2145 1242 Christum
2173 1202 2320 1242 anno
2346 1204 2414 1242 xv
2447 1189 2663 1259 imperii
2695 1189 2901 1246 Tiberii
2948 1192 3288 1260 baptizavit:
3331 1209 3445 1263 quo

1860 1286 2107 1347 tempore
2140 1293 2335 1344 annos,
2364 1279 2559 1334 eodem
2579 1289 2833 1345 auctore,
2861 1281 3113 1338 Christus
3141 1299 3248 1338 xxx
3274 1295 3442 1340 natus

1861 1368 1985 1431 fuit,
2021 1369 2214 1437 utjam
2245 1386 2316 1424 xv
2344 1372 2472 1424 anni
2501 1371 2570 1426 de
2603 1389 2707 1426 xxx
2747 1389 2814 1428 ex
2851 1374 3081 1443 imperio
3107 1375 3339 1440 Tiberii,
3372 1391 3443 1430 xv

1858 1459 2055 1528 reliqui
2082 1459 2150 1514 de
2181 1476 2304 1515 xuv
2329 1463 2488 1516 annis
2511 1463 2739 1534 Augusti
2773 1473 3082 1520 sumantur.
3118 1466 3274 1533 Unde
3303 1481 3441 1521 con-

1857 1558 1984 1612 stat,
2017 1549 2086 1604 de
2124 1549 2193 1604 iis
2219 1559 2434 1607 restare
2463 1569 2639 1609 annos
2670 1571 2817 1609 xxtx.
2849 1555 3086 1610 Proinde
3114 1573 3260 1611 anno
3285 1558 3442 1612 vice-
3535 1571 3542 1576 '

1857 1642 2000 1696 simo
2028 1656 2174 1696 nono
2201 1642 2510 1699 conﬁrmati
2543 1645 2760 1715 imperii
2793 1647 3025 1703 Caesaris
3068 1647 3323 1718 Augusti,
3355 1665 3444 1704 se-

1857 1733 2098 1790 cundum
2150 1751 2397 1799 carnem,
2457 1751 2525 1792 ex
2583 1752 2804 1806 semper
2854 1739 3096 1809 Virgine,
3151 1748 3207 1794 et
3254 1749 3444 1796 sancta

1856 1825 2025 1881 Maria
2085 1827 2319 1898 Deipara
2370 1837 2562 1884 natum
2619 1845 2744 1886 esse
2789 1831 3082 1885 Dominum
3133 1830 3443 1902 deprehen-

188 1909 224 1959 δ’
251 1907 311 1980 ἦν
345 1913 485 1967 ἐτῶν
525 1916 617 1970 ὅτε
670 1918 1003 1989 ἐϐαπτίσθη,
1047 1919 1192 1972 κατὰ
1226 1919 1320 1972 τὸν
1369 1917 1535 1970 αὐτὸν
1583 1916 1752 1986 εὐαγ-
1787 1911 1828 1966 Β
1858 1919 2036 1976 ditur.

189 2006 443 2078 τελιστήν.
476 2009 647 2065 Ὥστε
677 2011 862 2067 λοιπὸν
886 2015 1014 2078 τοὺς
1057 2014 1158 2084 μὲν
1202 2012 1604 2068 πεντεκαίδεκα
1667 2014 1778 2066 τῶν
1810 2013 2109 2085 τριάκοντα
2179 2016 2445 2071 ἐνιαυτῶν
2478 2019 2544 2071 ἐκ
2571 2017 2681 2071 τῶν
2728 2018 2829 2088 τῆς
2875 2019 3178 2089 αὐταρχίας
3206 2016 3302 2071 τοῦ
3347 2016 3446 2070 Τι-

187 2102 350 2171 θερίου
380 2106 596 2174 χρόνων
624 2107 1019 2178 λαμϐάνεσθαι,
1070 2108 1196 2172 τοὺς
1229 2109 1286 2162 δέ
1315 2123 1379 2177 γε
1411 2108 1634 2170 λοιποὺς
1682 2109 2076 2164 πεντεκαίδεκα
2107 2113 2172 2164 ἐκ
2206 2112 2315 2164 τῶν
2368 2111 2464 2166 τοῦ
2512 2112 2827 2181 Αὐγούστου
2883 2114 3292 2184 τεσσαράκοντα
3350 2113 3445 2168 καὶ

187 2201 446 2271 τεσσάρων
502 2202 981 2274 καταλογίζεσθαι.
1042 2204 1341 2275 Συμϐαίνει
1388 2205 1571 2259 τοίνυν
1614 2205 1741 2267 τοὺς
1781 2203 1841 2269 ἐξ
1903 2206 2086 2260 αὐτῶν
2158 2207 2734 2278 περιλιμπανομένους
2763 2209 2920 2264 ἐννέα
2966 2205 3104 2263 εἶναι
3161 2210 3256 2262 καὶ
3303 2208 3441 2263 εἴκοι

192 2305 284 2343 σιν.
328 2293 415 2345 Ἐν
473 2295 612 2362 γοῦν
671 2296 751 2368 τῷ
804 2296 1036 2366 εἰκοστῷ
1086 2298 1296 2368 ἐννάτῳ
1345 2298 1447 2362 τῆς
1524 2296 1786 2367 ἀκριϐοῦς
1833 2298 2135 2370 μοναρχίας
2177 2298 2272 2352 τοῦ
2343 2301 2620 2370 Καίσαρος
2672 2302 3012 2370 Αὐγούστου,
3073 2301 3441 2370 καταλαμϐά-

187 2403 316 2438 νεται
358 2388 626 2460 τεχθῆναι
648 2390 711 2443 τὸ
735 2390 878 2444 κατὰ
927 2392 1111 2463 σάρκα
1141 2393 1206 2445 ἐκ
1244 2392 1346 2462 τῆς
1379 2390 1746 2462 ἁειπαρθὲνου
1780 2392 1876 2444 καὶ
1926 2393 2091 2461 ἁγίας
2143 2393 2367 2462 Μαρίας
2388 2395 2656 2448 Θεοτὸκου
2689 2394 2782 2448 τὸν
2811 2394 3037 2457 Κύριον.

1210 2710 1568 2798 LIBER
1651 2709 2384 2800 UNDECIMUS.

245 2902 316 2958 Α.
353 2900 416 2955 '0
464 2901 568 2972 μὲν
621 2901 714 2956 οῦν
762 2900 1071 2971 Αὔγουστος
1101 2902 1339 2970 ἁπεϐίω,
1381 2903 1455 2966 ὡς
1487 2903 1740 2973 είρηται’

1926 2903 1968 2957 l.
2003 2902 2253 2973 Augusto
2281 2902 2348 2958 ad
2390 2900 2538 2957 hunc
2567 2902 2816 2965 modum,
2840 2919 2948 2972 quo
2981 2905 3292 2973 expositum
3325 2915 3435 2966 est,

188 2993 272 3062 τὴν
319 2993 373 3047 δὲ
429 2995 742 3066 μοναρχίαν
777 2997 805 3048 ὁ
840 2995 1090 3068 Τιϐέριος
1142 2995 1436 3061 διεδέξατο,
1468 2995 1527 3059 ὃς
1577 2995 1745 3047 εὐπτιι⁴

1859 2994 2135 3061 dcl’uncto,
2186 2997 2477 3066 imperium
2526 2996 2784 3051 Tiberius
2832 2998 3101 3067 suscepit,
3155 3015 3223 3053 ex
3277 3009 3445 3068 gente

189 3085 354 3156 τρίδης
403 3087 506 3156 μὲν
552 3084 646 3160 ἦν,
691 3090 786 3142 καὶ
828 3087 1183 3154 πεπαίδευτο,
1214 3088 1312 3157 τὴν
1339 3088 1396 3141 δὲ
1422 3086 1653 3158 γνώμην
1683 3081 1753 3156 ἦν

191 3178 592 3245 ποικιλώτατος,
632 3180 912 3244 ἐναντίους
946 3183 1012 3250 τῇ
1043 3181 1367 3252 προαιρέσει
1405 3182 1531 3244 τοὺς
1558 3180 1753 3248 λόγους

194 3272 522 3342 ποιούμενος.
569 3266 670 3326 Ὧν
713 3273 824 3346 γάρ
878 3274 1150 3341 ἐϐούλετο,
1217 3276 1479 3328 τάναντία
1541 3274 1752 3341 ἔλεγεν,

192 3362 304 3417 ἄλλα
345 3365 446 3434 μὲν
500 3363 712 3418 κεύθων
752 3365 863 3434 (89)
883 3367 965 3419 ἐνὶ
1001 3366 1219 3437 φρεσὶν,
1277 3366 1413 3420 ἄλλα
1461 3365 1518 3419 δὲ
1542 3364 1748 3432 λέγων’

193 3457 274 3509 καὶ
322 3456 644 3528 ὀργίζεσθαι
693 3458 1188 3530 προσποιούμενος,
1221 3460 1281 3513 ἐν
1326 3455 1408 3522 οἷς
1440 3459 1541 3511 οὐκ
1579 3457 1753 3526 ώργί-

193 3547 322 3611 ζετοο
350 3550 450 3601 καὶ
499 3551 559 3601 ἐν
606 3542 688 3610 οἷς
735 3548 1030 3619 ἐθυμοῦτο,
1083 3549 1556 3620 σχηματιζόμενος
1582 3548 1754 3603 ἐπιεί-

192 3655 361 3693 κειανο
413 3642 508 3694 καὶ
551 3641 631 3705 ὡς
673 3641 1008 3697 οἰκειότατον
1039 3643 1190 3712 ἐώρα
1227 3643 1319 3695 τὸν
1349 3642 1621 3713 ἔχθιστον,
1655 3643 1752 3698 καὶ¹

190 3732 254 3794 ὡς
300 3734 720 3807 ἁλλοτριωτάτῳ
769 3737 1146 3808 προσεφέρετο
1197 3736 1276 3808 τῷ
1328 3738 1594 3810 φιλτάτῳ.
1641 3739 1754 3793 Και

192 3826 276 3879 οὐκ
326 3827 484 3898 ὴξίου
536 3829 651 3892 τοῖς
685 3827 869 3892 ἄλλοις
919 3828 1078 3895 δῆλον
1131 3825 1273 3883 εἷναί
1309 3831 1441 3884 οίτδ
1472 3832 1750 3902 φρόνημα,

193 3917 329 3972 τοῦτο
372 3921 682 3992 προσήκειν
715 3920 794 3990 τῷ
849 3920 1213 3991 αὐταρχοῦντι
1259 3923 1498 3993 φρονῶν.
1537 3925 1646 3977 Καὶ
1675 3923 1750 3976 εί-

194 4024 242 4060 τε
265 4028 340 4074 τις
364 4013 684 4083 ἠναντιοῦτο
711 4009 793 4076 οἷς
825 4013 1033 4082 ἔλεγεν,
1066 4014 1186 4068 εἴτε
1241 4014 1347 4086 μὴν
1379 4016 1474 4068 καὶ
1505 4015 1748 4087 συνῄνει,

199 4102 466 4176 μεμίσητο.
502 4104 653 4166 Τέως
695 4105 741 4158 δ’
781 4103 875 4158 οὖν
913 4106 995 4169 είς
1041 4107 1112 4159 τά
1147 4107 1491 4175 στρατόπεδα
1529 4108 1626 4161 κα)⁵
1665 4108 1749 4170 είς

195 4192 250 4244 τὰ
277 4193 400 4264 ἔθνη
435 4194 618 4248 πάντα
651 4193 726 4258 ὡς
776 4195 1140 4266 αὐτοκράτωρ
1187 4196 1388 4250 αὐτίκα
1439 4196 1747 4261 ἐπέστειλε,

201 4284 266 4378 μη
298 4287 469 4353 λέγων
515 4285 881 4378 αὐτοκράτωρ
921 4283 1084 4378 εἶναι.
1127 4288 1420 4358 Ψηφισθὲν
1453 4288 1563 4359 γὰρ
1597 4287 1748 4359 αὐτῷ
1782 4322 1826 4378 D

198 4373 277 4426 καὶ
309 4375 464 4429 τοῦτο
499 4376 640 4448 μετὰ
672 4377 781 4430 τῶν
813 4376 987 4431 ἄλλων
1031 4377 1316 4448 ὀνομάτων
1355 4381 1457 4432 οὐκ
1508 4380 1746 4446 ἐδέξατο,

200 4466 279 4518 καὶ
323 4470 390 4521 τά
428 4469 526 4538 τῆς
576 4470 754 4540 ἀρχῆς
797 4469 1018 4522 διοικῶν
1059 4469 1299 4534 ἅπαντα,
1349 4471 1518 4540 μηδὲν
1565 4473 1751 4534 αὐτοῖς

201 4556 384 4612 δεῖσθαι
417 4560 596 4629 ἔλεγε.
634 4562 746 4614 Καὶ
773 4560 982 4631 ταύτης
1021 4561 1344 4626 ἐξίστασθαι
1383 4562 1751 4632 ἐκομψεύετο,

201 4653 281 4703 καὶ
305 4653 389 4705 διὰ
432 4655 532 4724 τὴν
567 4653 789 4725 ἡλικίαν
824 4655 906 4726 (ἓξ
938 4657 1045 4726 γὰρ
1087 4657 1183 4708 καὶ
1225 4659 1568 4728 πεντήκοντα
1611 4659 1750 4710 ἐτῶν

203 4737 277 4813 ἦν)
308 4745 398 4798 καὶ
445 4747 512 4799 δι’
554 4746 915 4816 άμϐλυωπίαν
941 4764 956 4780 ο
1009 4748 1262 4801 πλεῖστον
1319 4749 1426 4820 γὰρ
1471 4751 1528 4802 ἐν
1571 4751 1754 4806 σκότει

205 4831 413 4901 βλέπων,
437 4838 694 4906 ἐλάχιστα
723 4838 822 4907 τὴν
854 4839 1070 4907 ἡμέραν
1101 4836 1268 4906 ἐώρα.
1295 4832 1427 4890 Εἶτα
1455 4839 1752 4902 κοινωνοὺς

207 4927 306 4997 ᾔτει
359 4932 454 5001 τῆς
503 4931 684 5000 ἀρχῆς
736 4932 829 4983 κα)⁸
893 4931 1285 5001 συνάρχοντας,
1339 4931 1492 4985 οὐδὲν
1548 4933 1754 4985 τούτων

208 5020 407 5088 ποιῆσαι
455 5021 688 5089 μέλλων,
735 5017 854 5072 ἀλλ’
892 5019 978 5071 ὅτι
1031 5036 1093 5072 τε
1125 5017 1358 5071 ὓπουλον
1405 5014 1552 5088 εἶχεν
1599 5013 1752 5090 ἦθος,

209 5110 289 5160 καὶ
311 5111 386 5164 ὅτι
415 5113 510 5165 καὶ
558 5112 632 5164 τά
663 5109 1054 5180 στρατεύματα
1082 5110 1152 5164 τά
1183 5127 1240 5163 τε
1270 5113 1329 5163 ἐν
1359 5111 1628 5184 Παννονίᾳ
1661 5113 1758 5164 καὶ

211 5199 260 5252 ἐν
278 5201 542 5273 Γερμανίᾳ
573 5202 888 5264 ὑπώπτευε,
921 5204 1018 5256 καὶ
1049 5203 1142 5255 τὸν
1168 5202 1511 5274 Γερμανικὸν
1543 5204 1755 5271 ἐδεδίει,

210 5295 293 5360 τῆς
323 5295 626 5366 Γερμανίας
656 5294 894 5364 ἄρχοντα
932 5293 1077 5360 τότε,
1116 5296 1214 5347 καὶ
1248 5297 1362 5358 τοῖς
1395 5295 1759 5367 στρατιώταις

211 5385 528 5455 φιλούμενον.
578 5385 691 5439 Καὶ
733 5387 822 5439 διὰ
866 5385 1039 5440 ταῦτα
1084 5387 1236 5440 οὐδὲν
1279 5386 1355 5450 ὡς
1396 5388 1758 5459 αὐτοκράτωρ

212 5477 420 5549 ἔπραττε
468 5479 746 5551 φανερῶς,
775 5477 913 5532 ἀλλὰ
945 5479 1041 5534 καὶ
1073 5481 1252 5535 νοσεῖν
1281 5479 1757 5550 προσποιούμενος

214 5571 454 5643 οίκουρῶν
528 5567 636 5643 ἦν,
681 5570 774 5624 καὶ
822 5569 1123 5642 διέμελλεν,
1189 5571 1255 5626 ἵν’
1307 5572 1367 5626 ἐν
1426 5571 1604 5626 ἐλπίδι
1661 5572 1759 5626 τοῦ

1855 3086 2110 3155 patricia,
2156 3087 2358 3140 litteris
2419 3088 2694 3153 eruditus,
2748 3088 2846 3142 sed
2898 3088 3118 3156 ingenio
3174 3105 3441 3159 perquam

1853 3178 2028 3241 vario,
2078 3177 2228 3231 aliud
2277 3177 2425 3247 loqui
2454 3178 2602 3232 aliud
2646 3179 2856 3234 sentire
2897 3180 3120 3244 solitus,
3151 3191 3374 3249 pectore
3407 3197 3442 3235 a

1852 3269 2041 3338 lingua
2071 3268 2484 3324 dissentiente:
2545 3286 2670 3324 cum
2720 3287 2832 3325 non
2878 3272 3242 3337 irascebatur,
3300 3273 3438 3328 iram

1853 3361 2119 3415 simulans
2149 3379 2162 3415 :
2215 3379 2338 3416 cum
2386 3371 2696 3416 commotus
2726 3373 2866 3427 erat,
2919 3363 3204 3418 lenitatem
3239 3380 3349 3434 pra:
3379 3381 3444 3420 se

1850 3454 2075 3508 ferens:
2128 3454 2573 3510 inimicissimum
2637 3456 2711 3508 ita
2775 3455 2998 3510 intuens
3052 3466 3112 3509 ut
3161 3457 3437 3511 amicissi—

1854 3562 2046 3600 mum:
2100 3558 2156 3602 et
2217 3548 2640 3611 amicissimum,
2691 3556 2750 3602 ut
2793 3548 3214 3605 alienissimum.
3249 3549 3440 3618 Neque

1850 3635 2000 3689 enim
2029 3636 2297 3706 principis
2327 3638 2572 3691 animum
2621 3637 2747 3692 aliis
2798 3652 2920 3694 esse
2955 3639 3236 3710 cognitum
3269 3654 3438 3708 opor-

1876 3744 1970 3784 cre
2020 3730 2414 3786 arbitrabatur.
2451 3729 2690 3785 Proinde
2741 3731 2858 3786 sive
2907 3731 3290 3797 adversarerc,
3321 3730 3439 3786 sive

1851 3822 2186 3877 assentirere
2216 3823 2364 3876 illius
2390 3823 2651 3887 orationi,
2679 3823 2868 3878 odium
2897 3824 3232 3879 incurreres.
3268 3824 3347 3877 Ac
3369 3822 3439 3876 ad

1851 3911 2098 3979 legiones
2123 3923 2178 3966 et
2211 3927 2405 3968 omnes
2456 3923 2648 3984 gentes
2700 3915 2886 3968 statim
2931 3923 2987 3969 ut
3024 3915 3327 3984 imperator
3357 3912 3442 3966 le~

1855 4013 2008 4072 gatos
2033 4004 2206 4067 misit,
2238 4005 2587 4059 dissimulato
2618 4006 2972 4076 imperatoris
3004 4008 3254 4070 nomine,
3287 4005 3437 4075 quod

1856 4113 1962 4152 una
1996 4112 2121 4152 cum
2156 4097 2372 4152 caeteris
2400 4097 2506 4152 sibi
2531 4097 2816 4153 decretum
2850 4096 3182 4168 repudiavit.
3213 4097 3434 4151 Etcum

1854 4196 2031 4244 totum
2069 4188 2366 4259 imperium
2389 4187 2824 4255 administraret,
2852 4189 2989 4242 nihil
3019 4189 3124 4244 sibi
3152 4203 3293 4258 opus
3314 4203 3439 4242 esse

1854 4280 1994 4336 dixit
2028 4280 2261 4351 imperio
2291 4298 2306 4335 :
2341 4295 2520 4350 eoque
2546 4295 2606 4336 se
2631 4295 2915 4336 cessurum
2949 4295 3070 4337 esse
3096 4319 3113 4346 ,
3146 4289 3262 4334 tum
3318 4292 3442 4349 pro-

1855 4384 1979 4446 pter
2018 4384 2235 4430 aatatem
2268 4376 2464 4446 (annos
2494 4377 2644 4431 enim
2674 4392 2724 4430 vr
2779 4385 2836 4430 et
2869 4392 2900 4430 ι.
2926 4384 3088 4431 natus
3136 4374 3299 4445 erat),
3321 4383 3435 4428 tum

1858 4477 2082 4536 propter
2113 4467 2287 4522 aciem
2315 4468 2603 4524 oculorum
2631 4467 2996 4536 obtusiorcm,
3023 4469 3268 4539 jactavit.
3299 4466 3437 4520 Nam

1855 4559 1910 4613 in
1941 4561 2187 4615 tenebris
2217 4561 2544 4631 plurimum,
2575 4562 2632 4616 in
2661 4562 2786 4616 luce
2817 4563 3107 4616 minimum
3142 4560 3428 4615 cernebat.

1854 4652 2062 4707 Deinde
2091 4654 2272 4709 socios
2300 4664 2357 4708 et
2389 4656 2629 4725 collegas
2663 4654 2879 4724 imperii
2917 4653 3081 4724 546
3113 4652 3438 4721 postulavit.
3503 4701 3510 4706 .

1854 4744 2003 4808 Haec,
2037 4750 2289 4816 quamvis
2331 4756 2590 4801 neutrum
2626 4747 2680 4801 in
2723 4746 2910 4800 animo
2937 4747 3184 4808 haberet,
3239 4747 3438 4814 pa-rtim

1854 4849 2084 4907 propter
2130 4839 2407 4893 occultum
2442 4838 2745 4909 ingenium,
2808 4837 3005 4906 partim
3047 4837 3117 4891 ob
3147 4835 3440 4892 Germani-

1856 4941 1950 4980 cas
1982 4935 2038 4981 et
2086 4927 2433 4981 Pannonicas
2478 4927 2725 4997 legiones
2777 4942 2914 4996 quas
2944 4937 3228 4996 suspectas
3270 4929 3439 4982 habe-

1857 5018 1971 5083 bat,
1995 5026 2051 5071 et
2081 5019 2390 5074 Germanici
2429 5028 2576 5074 metu
2627 5018 2888 5085 faciebat,
2921 5021 3016 5090 qui
3052 5029 3167 5074 tum
3214 5020 3439 5076 Germa-

1857 5111 1962 5165 niae
2001 5126 2219 5180 praeses,
2269 5111 2473 5166 charus
2526 5121 2644 5166 erat
2711 5111 3001 5168 militibus.
3039 5113 3134 5167 liis
3175 5113 3342 5184 igitur
3372 5115 3440 5169 de

1859 5203 2062 5265 causis,
2106 5203 2244 5257 nihil
2280 5213 2470 5273 aperte
2513 5218 2614 5274 pro
2649 5203 2882 5275 imperio
2932 5204 3340 5271 faciebatzsed
3384 5218 3440 5261 ct

1861 5295 2115 5350 morbum
2168 5296 2434 5352 simulans
2478 5296 2627 5352 domi
2675 5312 2734 5352 se
2783 5297 3124 5359 continebat,
3171 5306 3228 5351 et
3257 5310 3440 5349 moras

1861 5391 2135 5454 nectebat,
2161 5399 2223 5444 ut
2254 5406 2521 5446 novarum
2551 5407 2736 5446 rerum
2761 5391 2974 5463 cupidi,
3004 5397 3291 5458 sperantes
3310 5403 3437 5442 eum

1863 5484 2012 5537 ultro
2055 5483 2436 5554 depositurum
2483 5485 2799 5555 imperium,
2831 5482 3202 5552 quiescerent,
3262 5478 3440 5534 donec

1865 5577 2232 5646 principatum
2281 5576 2350 5632 ab
2397 5577 2547 5634 omni
2601 5590 2754 5648 parte
2807 5575 3097 5630 llrmasset.
3141 5567 3279 5626 Tum
3310 5583 3440 5628 vero

1375 5737 1570 5800 Variae
1613 5735 1922 5803 lectiones
1965 5749 2026 5805 et
2061 5751 2254 5807 notae.

274 5857 373 5926 (89)
404 5861 660 5920 Κεύθων.
695 5862 772 5918 Ex
805 5863 1038 5918 Homero
1063 5861 1222 5920 Iliad.
1262 5879 1302 5926 ι,
1323 5880 1376 5918 v.
1422 5864 1505 5921 l5.
