3910 6554
470 432 573 494 927

1742 427 2066 488 JOANNIS
2104 427 2426 488 ZONARE

3606 439 3695 500 923

472 547 593 610 rio,
655 543 1026 612 suspicionem
1087 543 1242 598 necis
1297 541 1610 598 Germanici
1659 539 1886 594 abolere
1952 553 2048 594 cu-

2152 537 2243 591 καὶ
2271 537 2395 591 οὔτε
2422 555 2476 592 τι
2501 538 2638 610 πρὸς
2660 539 2752 593 τὸν
2791 537 3031 611 Δροῦσον
3070 540 3393 611 έπίφθονον,
3428 543 3548 597 οὔτε
3579 551 3696 618 πρὸς

475 639 684 707 piente,
714 638 768 691 in
819 647 1070 692 senatum
1093 636 1384 700 adductus,
1417 649 1568 689 mora
1592 633 1760 703 petita
1787 673 1801 696 ,
1843 641 2046 688 semet-

476 731 656 800 ipsqu
694 731 992 785 interfecit.
1053 728 1412 784 Germanicus
1461 737 1576 781 trcs
1611 726 1839 795 reliquit
1878 725 2042 788 ﬁlios,

474 837 614 890 quos
637 823 915 891 Augustus
944 823 997 875 in
1028 829 1360 874 testamento
1393 834 1493 873 suo
1523 819 1770 874 Casares
1800 818 2049 887 appella-

479 912 574 965 vit.
620 913 825 966 Eorum
884 924 1015 967 natu
1065 912 1338 966 maximus
1371 911 1516 965 Nero
1557 923 1673 965 tum
1708 911 1928 963 virilem
1963 919 2049 961 to-

479 1019 598 1072 gam
637 1005 890 1074 sumpsit.
921 1006 998 1058 Ac
1038 1003 1103 1057 ad
1142 1004 1246 1058 hoc
1288 1018 1462 1072 usque
1507 1011 1722 1072 tempus
1767 1001 1929 1072 549
1957 1002 2049 1054 Ti-

482 1096 670 1149 berius
693 1097 929 1165 plurima
961 1111 1108 1150 recte
1141 1094 1292 1156 fecit.
1319 1097 1371 1149 in
1398 1096 1589 1165 paucis
1619 1094 1874 1163 deliquit.
1909 1093 2049 1148 Gcr-

478 1188 695 1241 iuauico
726 1203 858 1242 vero
883 1204 914 1243 e
957 1188 1137 1242 medio
1173 1188 1410 1248 sublato,
1442 1186 1703 1255 paulatim
1737 1199 1918 1238 mores
1950 1185 2052 1236 im-

479 1281 728 1334 mutavit.
775 1279 912 1334 Nam
949 1289 1292 1335 cumcaetera
1340 1295 1534 1348 aspere
1573 1278 1882 1347 imperavit,
1935 1285 2047 1330 tum

476 1389 572 1428 eos
603 1390 631 1427 a
664 1374 867 1444 quibus
903 1374 987 1426 vel
1018 1374 1134 1442 ipse
1172 1374 1258 1427 vel
1290 1372 1468 1434 Livia,
1502 1371 1587 1424 vel
1623 1372 1907 1440 Augustus
1930 1369 2050 1424 sive

478 1467 628 1520 dicto
661 1467 779 1521 sive
813 1466 959 1521 facto
992 1465 1182 1520 violati
1213 1477 1421 1528 essent,
1464 1471 1720 1532 tanquam
1754 1461 2051 1530 impietatis

479 1574 603 1613 rcos
633 1559 934 1613 crudeliter
981 1559 1289 1613 tractavit:
1344 1566 1535 1612 contra
1577 1555 1902 1609 insidiarum
1956 1569 2052 1608 su-

477 1662 697 1719 spectos
725 1651 1102 1714 inexorabilis,
1134 1649 1378 1704 Tandem
1428 1649 1731 1702 ostendens
1753 1646 2050 1715 aliquibus

478 1758 537 1796 se
567 1745 706 1798 velle
731 1743 870 1796 mori
893 1743 1128 1812 aliquos,
1159 1743 1382 1797 illorum
1411 1757 1578 1811 opera
1603 1741 1705 1794 hos
1730 1739 2048 1794 occidebat:

481 1836 644 1906 idque
661 1853 769 1891 non
791 1836 1462 1892 dissimulanterl'aciebat.
1482 1837 1772 1890 Potentum
1799 1835 2047 1888 omnium

479 1930 624 1984 diem
681 1939 737 1985 et
796 1930 986 1983 horam
1029 1929 1264 1983 natalem
1319 1928 1671 1997 inquirebat,
1719 1927 1916 1996 itaque:
1939 1927 2048 1982 fata

480 2025 748 2094 cujusque
787 2024 1098 2094 indagabat.
1127 2023 1365 2079 Proinde
1392 2022 1576 2078 Galba-
1602 2021 1694 2090 qui
1723 2029 1847 2091 post
1873 2020 2050 2088 impe-

479 2115 642 2180 ravit,
671 2117 888 2170 obviam
929 2116 1124 2176 factus,
1167 2115 1308 2168 dixit
1336 2131 1349 2168 :
1393 2115 1460 2168 Et
1497 2125 1552 2168 tu
1581 2115 1871 2183 aliquando
1897 2115 2050 2182 prino

478 2209 716 2275 tipatam
745 2208 1065 2278 degustabis.
1109 2206 1366 2276 Pcpercit
1399 2216 1582 2261 autem
1635 2207 1708 2270 ei,
1744 2208 1870 2276 quia
1901 2207 2052 2261 dice-

480 2301 593 2364 bat,
615 2317 741 2356 eum
768 2301 823 2354 in
852 2309 1157 2364 senectute,
1193 2308 1248 2354 et
1278 2300 1440 2368 longe
1470 2309 1595 2368 post
1631 2315 1793 2353 suum
1835 2299 2050 2354 obitum

479 2390 903 2460 imperaturum.
936 2389 1146 2444 Deinde
1180 2405 1304 2445 cum
1337 2391 1512 2444 Druso
1540 2390 1892 2444 consulatum
1927 2405 2054 2460 ges.

477 2483 570 2545 sit,
600 2482 744 2537 unde
777 2483 933 2536 multi
973 2482 1130 2536 Drusi
1170 2482 1456 2536 interitum
1499 2481 1842 2536 diviuarunt.
1879 2482 2054 2537 Nemo

477 2575 626 2629 enim
677 2575 887 2630 Tiberii
929 2575 984 2627 in
1025 2575 1312 2628 consulatu
1342 2574 1547 2643 collega
1577 2575 1872 2629 violentam
1903 2590 2056 2630 mor-

479 2678 587 2723 tem
613 2667 846 2720 evitarat
867 2686 881 2719 :
905 2668 1189 2735 posteuim
1220 2683 1431 2722 veneno
1463 2667 1646 2737 periit.
1668 2668 1802 2722 Nam
1824 2668 2057 2725 Seianus

478 2757 726 2826 quidam,
755 2758 920 2811 homo
943 2759 1082 2826 apud
1113 2758 1395 2812 Tiberium
1428 2769 1620 2825 potens
1653 2768 1709 2812 et
1743 2760 2052 2828 superbus,

479 2863 604 2902 cum
638 2848 812 2902 Druso
839 2849 1136 2918 aliquando
1169 2851 1382 2916 alapam
1441 2849 1730 2913 dedisset,
1776 2867 1951 2920 eaque
1987 2853 2056 2908 de

479 2955 644 2994 causa
691 2950 747 2994 et
789 2941 968 3009 ipsum
1013 2951 1069 2996 et
1121 2942 1403 2997 Tiberium
1436 2953 1728 3009 metueret,
1782 2947 2056 3017 simulque

480 3045 752 3104 speraret.
798 3036 976 3088 Druso
1011 3034 1251 3096 sublato,
1287 3033 1571 3089 Tiberium
1617 3036 1720 3090 sibi
1756 3038 1926 3107 magis
1954 3053 2054 3108 op-

481 3135 778 3194 portunum
827 3124 990 3178 fore:
1040 3140 1142 3194 per
1177 3125 1444 3194 quosdam
1479 3126 1767 3182 ministros
1815 3138 1870 3182 et
1917 3145 2056 3183 uxo-

480 3233 632 3282 rem,
689 3218 803 3273 sive
840 3218 1040 3273 Iuliam
1077 3218 1191 3273 sive
1223 3219 1434 3273 Liviam
1471 3221 1620 3286 (nam
1660 3222 1962 3292 scriptores
1997 3223 2051 3278 in
2084 3248 2120 3292 ι,

479 3309 704 3363 nomine
730 3309 970 3375 variant)
1002 3320 1195 3379 stupro
1226 3309 1332 3364 sibi
1363 3310 1665 3380 cognitam,
1698 3329 1973 3367 venenum
1998 3314 2050 3368 ei

478 3399 813 3469 propinavit.
875 3399 1007 3469 Ejus
1047 3400 1126 3454 sic
1177 3401 1353 3455 necati
1401 3413 1632 3457 mortem
1686 3403 1941 3459 Tiberius
1995 3406 2049 3460 in

477 3488 634 3543 curia
664 3489 1008 3558 deploravit,
1055 3500 1112 3544 et
1149 3491 1422 3545 Neronem
1445 3508 1511 3547 ac
1546 3493 1784 3549 Drusum
1819 3493 2051 3550 Germa-

480 3583 587 3636 nici
639 3583 845 3637 liberos
870 3583 1086 3636 senatui
1135 3583 1562 3638 commendavit.
1610 3586 1845 3640 Drusum
1882 3587 2049 3641 cada-

476 3689 606 3729 vere
632 3675 750 3742 ejus
786 3690 886 3742 pro
924 3675 1118 3728 rostris
1149 3676 1457 3742 proposito,
1483 3677 1627 3731 Nero
1663 3694 1834 3747 gener
1858 3678 2052 3734 lauda-

472 3764 571 3817 vit.
602 3763 873 3818 Caeterum
906 3764 1027 3833 ejus
1070 3764 1331 3819 interitus
1373 3767 1562 3821 multis
1607 3785 1774 3824 causa
1820 3769 1928 3824 fuit
1969 3771 2052 3824 in-

474 3855 692 3918 teritus,
745 3855 891 3924 quod
943 3856 1063 3924 ejus
1120 3872 1253 3912 nece
1310 3858 1475 3912 lmtati
1521 3875 1644 3915 esse
1699 3861 2048 3921 viderentur.

472 3945 606 4001 Nam
659 3960 858 4016 prmter
890 3949 1027 4004 alios
1073 3951 1315 4018 multos,
1366 3953 1532 4007 etiam
1585 3955 1881 4026 Agrippina
1923 3975 2048 4014 cum

467 4023 683 4098 liberis,
727 4039 836 4092 lilio
866 4048 998 4092 natu
1034 4041 1265 4095 minimo
1307 4053 1560 4113 excepto,
1594 4023 1804 4100 interiit
1835 4067 1848 4103 :
1889 4049 2050 4106 Tibe-

472 4129 556 4182 rio
607 4141 800 4185 contra
853 4133 1034 4202 ipsum
1084 4134 1449 4189 vehementer
1489 4136 1704 4192 irritato
1739 4155 1768 4192 a
1825 4140 2046 4208 Seiano,

470 4223 562 4291 qui
598 4223 687 4276 illa
724 4239 848 4276 cum
874 4225 1066 4280 liberis
1100 4227 1315 4282 sublata
1339 4267 1356 4293 ,
1387 4242 1544 4297 spem
1571 4230 1811 4300 conjugii
1854 4232 2046 4298 Liviae,

468 4314 647 4367 vidu:e
686 4315 846 4368 Drusi
871 4357 884 4374 ,
913 4332 1078 4384 quam
1122 4317 1435 4382 adamabat,
1493 4327 1550 4372 et
1589 4319 1804 4388 imperii
1845 4322 2046 4390 alebat,

469 4419 593 4459 cum
635 4404 896 4458 Tiberius
943 4407 1153 4460 nullum
1191 4423 1569 4463 successorem
1605 4409 1854 4466 haberet.
1909 4412 2045 4466 Nam

471 4505 722 4563 nepotem
759 4512 824 4550 ex
868 4497 999 4562 lilio,
1033 4509 1090 4552 ut
1121 4500 1492 4554 adulterinum
1532 4502 1726 4557 oderat
1756 4520 1771 4560 :
1823 4512 1880 4557 et
1910 4505 2049 4561 alios

2143 629 2234 682 τὸν
2267 629 2522 700 Τιϐέριον
2551 632 2725 685 έποίει
2751 631 3042 686 ἐπίϐουλον
3069 650 3085 666 ο
3115 634 3216 687 καὶ
3245 634 3545 704 δυνάμενος
3566 644 3698 708 παρά

2145 736 2204 772 τε
2229 720 2339 772 τῶν
2373 723 2723 791 στρατιωτῶν
2753 723 2995 777 ἑκόντων
3027 725 3122 776 καὶ
3151 724 3254 794 τῆς
3283 724 3478 794 βουλῆς
3503 729 3698 783 καὶτοῦ

2144 810 2316 880 δήμου
2366 811 2466 882 τὴν
2511 813 2687 883 ἀρχὴν
2725 814 2823 886 τὴν
2877 816 3266 887 αὐτοκράτορα
3304 817 3586 886 λήψεσθαι,
3614 823 3701 876 οὐκ

2144 905 2428 975 ἠθέλησεν.
2473 906 2533 960 '0
2561 907 2618 960 δὲ
2642 907 2852 961 Πείσων
2882 909 3060 980 χρόνῳ
3089 909 3326 978 ὕστερον
3351 913 3430 974 εἰς
3453 914 3548 982 τὴν
3577 913 3702 966 Ῥώ-

2150 1014 2257 1066 μην
2290 998 2702 1066 ἀνακομισθεὶς,
2739 999 2835 1052 καὶ
2889 1002 2983 1054 ἐπὶ
3035 1001 3116 1072 τῷ
3149 1002 3301 1072 φόνῳ
3355 1003 3450 1056 τοῦ
3508 1005 3703 1074 Γερμα-

2146 1089 2297 1141 νικοῦ
2337 1090 2418 1152 είς
2455 1092 2516 1142 τὸ
2548 1089 2931 1163 βουλευτήριον
2962 1095 3055 1146 ὑπ’
3097 1093 3270 1148 αὑτοῦ
3330 1094 3424 1147 τοῦ
3469 1096 3703 1167 Τιϐερίου

2147 1179 2437 1247 εἰσαχθεὶς,
2467 1180 2894 1251 διακρουομένου
2947 1183 3048 1253 τὴν
3080 1183 3324 1253 ὑποψίαν
3377 1185 3476 1254 τὴν
3517 1186 3604 1240 ἐπὶ
3645 1192 3702 1257 τῇ

2149 1271 2324 1341 φθορᾷ
2378 1273 2472 1324 τοῦ
2527 1273 2893 1344 Γερμανικοῦ,
2955 1276 3052 1328 καὶ
3113 1275 3394 1346 ἀναϐολὴν
3461 1278 3704 1346 αἰτήσας,

2151 1362 2342 1416 ἑαυτὸν
2370 1367 2773 1436 κατεχρήσατο.
2826 1366 2952 1421 Ἐπὶ
2983 1369 3132 1438 τρισὶ
3154 1367 3200 1420 δ’
3255 1368 3430 1420 υίέσιν
3461 1372 3488 1421 ὁ
3514 1369 3707 1438 Γερμα-

2151 1457 2296 1514 νικὸς
2322 1457 2804 1528 ἑτελεύτησεν,οὒς
2823 1461 2852 1513 δ
2869 1459 3183 1530 Αὔγουστος
3206 1463 3266 1514 έν
3293 1463 3417 1522 ταῖς
3445 1461 3708 1530 διαθήκαις

2150 1547 2314 1602 αὐτοῦ
2391 1549 2644 1619 ὠνόμασε
2719 1551 3034 1619 Καίσαρας.
3097 1551 3322 1604 Τούτων
3392 1553 3420 1604 ὁ
3492 1552 3707 1621 πρεσϐύ-

2151 1656 2306 1702 τατος
2356 1639 2548 1710 Νέρων
2589 1639 2730 1692 κατά
2785 1643 2877 1694 τὸν
2925 1643 3119 1711 χρόνον
3173 1643 3390 1694 ἐκεῖνον
3435 1643 3542 1702 τοῖς
3592 1643 3708 1710 ἐφή-

2152 1732 2269 1794 ϐοις
2331 1731 2746 1802 κατηριθμήθη.
2799 1733 2980 1804 Μέχρι
3054 1733 3158 1801 μὲν
3220 1733 3318 1786 οὖν
3380 1733 3474 1786 τοῦ
3532 1735 3704 1802 χρόνου

2151 1819 2345 1876 τούτου
2378 1825 2607 1880 πλεῖστα
2633 1826 2892 1896 χρηστάὁ
2926 1826 3179 1897 Τιϐέριος
3216 1827 3447 1896 ἔπραξε,
3480 1828 3568 1879 καὶ
3591 1828 3702 1898 βραο

2154 1916 2253 1985 χέα
2287 1915 2617 1985 ἐξήμαρτεν.
2664 1918 2816 1971 Ἐπεὶ
2850 1919 2898 1972 δ’
2939 1921 2969 1972 δ
3014 1920 3361 1991 Γερμανικὸς
3402 1922 3630 1976 ἐκποδῶν
3661 1925 3703 1975 oi

2153 2008 2390 2075 ἐγένετο,
2444 2010 2562 2062 κατ’
2613 2009 2796 2079 ὀλίγον
2845 2010 3127 2081 ἠλλοίωτο.
3190 2013 3274 2066 Τά
3323 2030 3382 2068 τε
3443 2015 3547 2084 γὰρ
3591 2014 3704 2068 ἄλλα

2154 2099 2361 2167 ἀγρίως
2392 2095 2551 2172 ἦρχε,
2583 2103 2678 2156 καὶ⁵
2707 2107 2818 2166 τοῖς
2841 2105 2921 2168 είς
2949 2104 3116 2157 αὐτὸν
3153 2104 3187 2175 ἢ
3215 2104 3316 2176 τὴν
3343 2107 3548 2176 μητέρα
3575 2108 3603 2177 ἢ
3628 2108 3705 2160 τὸν

2155 2191 2462 2260 Αὔγουστον
2525 2194 2762 2264 πράξασί
2818 2213 2872 2249 τι
2932 2197 2966 2265 ἢ
3022 2197 3279 2250 εἰποῦσιν
3344 2199 3704 2268 ἀνεπιτήδειον,

2154 2284 2380 2354 ἀπηνῶς
2429 2285 2506 2350 ὡς
2555 2288 2858 2358 ἀσεϐήσασι
2913 2291 3313 2360 προσεφέρετο,
3351 2293 3442 2345 καὶ
3485 2293 3562 2354 εἰς
3599 2291 3703 2354 τοὺς

2155 2378 2559 2448 ύπονοηθέντας
2617 2380 2994 2436 ἐπιϐουλεύειν
3031 2382 3185 2452 αύτῷ
3223 2384 3588 2454 ἀπαραίτητος
3626 2380 3699 2452 ἦν.

2158 2470 2298 2541 Ἤδη
2330 2471 2384 2523 δὲ
2411 2471 2507 2525 καὶ
2533 2473 2946 2544 ἐνδεικνύμενος
2975 2491 3121 2528 τισιν
3151 2476 3239 2528 ὅτι
3273 2475 3515 2545 βούλεται
3541 2475 3703 2528 τεθνά-

2155 2579 2242 2615 ναι
2298 2565 2470 2627 τινάς,
2500 2564 2570 2617 δι’
2617 2565 2842 2620 ἐκείνων
2903 2568 3049 2636 σφᾶς
3100 2570 3455 2634 ἀπεκτίννυε,
3491 2569 3577 2622 καὶ
3619 2569 3702 2622 οὐκ

2159 2653 2416 2708 ἐλάνθανε
2467 2655 2640 2708 ταῦτα
2696 2658 2887 2713 ποιῶν.
2929 2659 3197 2728 Ἑξήταζέ
3244 2675 3301 2714 τε
3340 2661 3445 2713 τῶν
3489 2660 3698 2713 δυνατῶν

2157 2746 2390 2799 ἑκάστου
2422 2748 2522 2817 τὴν
2547 2747 2762 2820 ἡμέραν
2795 2749 2892 2802 καὶ
2931 2749 3031 2819 τὴν
3062 2751 3218 2820 ὥραν
3247 2752 3308 2804 ὲν
3425 2752 3700 2819 γεγέννητο,

2157 2839 2254 2890 καὶ
2287 2837 2432 2892 οὕτω
2479 2839 2540 2892 τὸ
2587 2840 2956 2911 πεπρωμένον
3002 2843 3222 2914 ἑκάστῳ
3258 2845 3545 2912 έξηρεύναα
3581 2843 3698 2896 ὥστε

2159 2934 2256 2987 καὶ
2285 2934 2361 3004 τῷ
2382 2933 2564 3006 Γάλϐα
2585 2934 2664 3006 τῷ
2690 2936 2828 3006 μετά
2854 2935 3465 3016 ταῦτααύταρχήααντι
3490 2939 3699 3005 ἀπαντή-

2159 3045 2280 3092 σας,
2319 3027 2448 3098 ἔφη,
2501 3029 2609 3083 Kal
2657 3030 2740 3084 σύ
2795 3045 2941 3084 ποτε
2993 3028 3104 3098 τῆς
3151 3031 3472 3100 ἡγεμονίας
3516 3031 3695 3097 γεύσῃ.

2171 3119 2456 3190 Ἐφείσκτο
2494 3120 2552 3174 δὲ
2595 3121 2785 3187 αὑτοῦ,
2825 3122 2997 3191 λέγων
3031 3125 3114 3177 ὅτι
3156 3125 3216 3176 έν
3261 3124 3434 3194 γήρᾳ,
3470 3123 3556 3176 καὶ
3584 3121 3696 3189 μετὰ

2157 3216 2293 3269 πολὺ
2359 3219 2460 3288 τῆς
2519 3217 2776 3286 τελευτῆς
2833 3218 2999 3272 αὑτοῦ
3057 3218 3240 3290 ἄρξει.
3293 3213 3422 3271 Εἶτα
3460 3217 3586 3286 μετὰ
3621 3212 3696 3267 τοῦ

2158 3311 2394 3378 Δρούσου
2430 3309 2734 3364 ὑπάτευσεν
2766 3313 2794 3363 δ
2814 3311 3089 3382 Τιϐέριος,
3122 3311 3250 3366 ὅθεν
3287 3310 3466 3364 πολλοὶ
3493 3311 3576 3361 τθιν
3602 3307 3696 3360 δλε-
3767 3307 3770 3310 ’

2157 3396 2286 3469 θρον
2321 3400 2383 3450 έκ
2432 3398 2624 3452 τούτου
2662 3398 2756 3452 τοῦ
2794 3400 3034 3471 Δρούσου
3077 3399 3576 3471 προεμαντεύσαντο
3635 3395 3694 3449 οὑ

2157 3490 2268 3560 γάρ
2325 3491 2474 3543 ἐστιν
2527 3492 2677 3554 ὅστις
2727 3491 2838 3545 τῶν
2890 3495 3420 3549 συνυπατευσάντων
3469 3489 3602 3559 αύτῷ
3643 3487 3694 3540 ού

2161 3581 2350 3649 βιαίως
2375 3583 2619 3636 ἀπέθανε
2639 3598 2654 3614 ο
2683 3583 2821 3652 μετά
2853 3583 3025 3638 ταῦτα
3057 3587 3168 3657 γὰρ
3193 3586 3467 3659 φαρμάκῳ
3490 3582 3691 3637 διώλετο.

2157 3671 2380 3734 Σεῖανδς
2418 3672 2528 3743 γάρ
2573 3691 2657 3737 τις
2697 3675 2844 3743 μέγα
2877 3677 3030 3746 παρὰ
3072 3679 3149 3748 τῷ
3191 3679 3427 3749 Τιϐερίῳ
3460 3674 3692 3747 δυνηθεὶς,

2159 3763 2252 3815 καὶ
2296 3762 2601 3830 ὑπέρογκος
2642 3765 2895 3834 γεγονὼς,
2935 3767 3044 3832 πὺξ
3087 3769 3242 3840 αύτῷ
3279 3787 3406 3822 ποτε
3465 3765 3690 3828 ἐντείνας,

2158 3855 2266 3906 κάκ
2293 3854 2485 3908 τούτου
2525 3856 2710 3920 δείσας
2753 3859 3007 3913 κάκεῖνον
3052 3861 3273 3914 καὶτὸν
3303 3860 3558 3930 Τιϐέριον,
3597 3859 3692 3925 ἅμα

2157 3945 2252 3998 καὶ
2279 3947 2657 4016 προσδοκήσας
2684 3949 2750 4003 ἂν
2775 3949 2866 4004 τδν
2885 3950 3122 4021 Δροῦσον
3147 3953 3562 4023 κατεργάσηται.
3587 3949 3692 4018 ῥᾷον

2160 4039 2644 4108 μεταχειρίσασθαι
2678 4041 2773 4096 τὸν
2808 4043 3080 4116 Τιϐέριον,
3133 4045 3425 4117 φάρμακόν
3476 4063 3523 4097 τι
3569 4037 3690 4107 αὐτῷ

2155 4129 2244 4182 διά
2294 4147 2456 4184 τινων
2505 4131 2860 4203 θεραπόντων
2905 4137 3000 4189 καὶ
3044 4137 3135 4192 διὰ
3191 4139 3290 4208 τῆς
3341 4135 3596 4205 γυναικὸς,
3637 4132 3690 4199 ἦν

2170 4222 2415 4286 Ἰουλίαν,
2438 4225 2616 4295 ἕτεροι
2654 4226 2711 4279 δὲ
2753 4227 2949 4282 Λιϐίαν
2980 4229 3256 4301 γράφουσι
3295 4231 3405 4298 (καὶ
3435 4229 3534 4295 γὰρ
3562 4220 3688 4293 ἐμοί·

2157 4331 2317 4383 Χευεν
2341 4317 2538 4386 αὐτὴν)
2568 4319 2789 4373 ἔδωκεν.
2836 4318 2891 4374 Ὀ
2922 4322 3024 4390 μὲν
3049 4322 3143 4377 οὗν
3164 4322 3337 4385 οὕτως
3369 4319 3609 4374 ἀπώλετο.
3642 4312 3686 4362 ’0

2155 4406 2213 4458 δέ
2244 4423 2305 4474 γε
2331 4407 2586 4479 Τιϐέριος
2613 4411 2695 4474 είς
2729 4410 2790 4464 τὸ
2820 4413 3100 4483 συνέδριον
3130 4415 3473 4484 ἀφικόμενος,
3512 4402 3684 4460 ἐκεῖνόν

2155 4513 2214 4549 τε
2246 4497 2594 4568 ἀπωδύρατο,
2628 4501 2722 4552 καὶ
2753 4502 2844 4554 τὸν
2869 4501 3104 4573 Νέρωνα
3134 4504 3228 4557 τόν
3263 4520 3323 4556 τε
3348 4499 3566 4570 Δροῦσον
3581 4493 3684 4554 τοὺς

471 4587 675 4641 multos
723 4587 846 4641 aliis
893 4598 1056 4657 atque
1089 4591 1211 4645 aliis
1254 4591 1322 4645 de
1352 4592 1568 4658 causis,
1622 4593 1718 4648 sed
1766 4594 2047 4664 plerisque

2153 4587 2250 4641 τοῦ
2287 4590 2626 4660 Γερμανικοῦ
2659 4593 2856 4656 παῖδας
2897 4597 2963 4664 τῇ
2996 4597 3262 4666 γερουσίᾳ
3293 4587 3680 4664 παρακατέθετο,

472 4679 744 4739 conlictis,
781 4680 866 4733 vel
917 4679 970 4732 in
1020 4680 1272 4735 exsilium
1312 4683 1584 4747 mittebat,
1613 4685 1698 4739 vel
1742 4686 2048 4741 occidebat.

469 4768 770 4834 Quemdam
810 4772 904 4841 qui
943 4771 1171 4827 Caesaris
1223 4782 1280 4828 et
1321 4774 1554 4846 Augusti
1593 4793 1676 4831 res
1708 4788 1913 4848 gestas,
1948 4796 2048 4834 ne-

471 4877 579 4929 que
613 4864 913 4931 quidquam
962 4873 1142 4920 tamen
1175 4877 1368 4922 contra
1411 4883 1509 4924 eos
1555 4871 1879 4940 scripserat,
1916 4887 2050 4942 sup-

472 4951 638 5020 plicio
667 4955 851 5009 all‘ccit
877 4973 888 5008 :
925 4964 983 5010 et
1013 4956 1190 5026 ipsum
1222 4958 1384 5028 550
1413 4961 1702 5030 scriptum,
1729 4963 2046 5034 ubicunque

470 5045 715 5112 reperire
753 5045 957 5115 potuit,
993 5049 1225 5108 exussit.
1276 5052 1422 5120 quod
1461 5053 1588 5107 illus
1623 5070 1729 5109 non
1766 5067 2041 5113 ornasset.

470 5136 770 5204 Plerosque
805 5138 964 5205 quasi
994 5138 1101 5192 sibi
1141 5141 1576 5205 malcdixisscnt,
1616 5146 1896 5203 interiecit
1933 5166 1946 5203 :
1987 5159 2044 5205 et

472 5228 713 5283 Sabinus
763 5229 990 5298 quidam
1045 5231 1116 5286 ob
1166 5233 1479 5303 hujusmodi
1507 5237 1717 5293 crimen
1753 5240 1808 5295 in
1858 5256 2041 5296 carce-

468 5337 582 5373 rem
631 5324 914 5393 conjectus
947 5331 1004 5377 et
1034 5329 1253 5379 occisus
1304 5337 1408 5394 est,
1440 5338 1496 5384 et
1541 5331 1780 5387 cadaver
1813 5335 1934 5404 ejus
1985 5335 2041 5389 in

466 5411 712 5466 Tiberim
763 5414 1062 5486 abjectum,
1100 5416 1155 5470 ld
1197 5417 1412 5476 facinus
1457 5437 1582 5477 cum
1629 5440 1728 5494 per
1778 5441 1836 5480 se
1883 5438 2038 5481 atrox

464 5505 667 5567 visum,
711 5517 826 5561 tum
858 5523 954 5577 per
993 5508 1184 5564 Sabini
1217 5527 1410 5567 canem
1443 5519 1686 5572 atrocius
1725 5518 1950 5574 factum.
1990 5521 2041 5575 ls

463 5597 611 5650 enim
654 5615 780 5653 cum
816 5599 954 5655 hero
976 5617 1077 5655 suo
1108 5618 1388 5658 carcerem
1419 5607 1700 5678 ingressus
1733 5619 1839 5672 est,
1873 5622 1929 5666 et
1955 5613 2042 5666 in-

465 5688 696 5744 terfecto
739 5691 968 5756 assedit,
1009 5703 1068 5746 et
1097 5708 1163 5746 eo
1193 5694 1245 5747 in
1281 5697 1643 5764 proﬂuentem
1681 5702 1897 5771 abjecto
1921 5703 2037 5766 ipse

465 5792 686 5845 quoque
717 5792 778 5832 sc
809 5778 1150 5848 praecipitem
1177 5780 1353 5840 dedit.
1393 5786 1518 5842 llacc
1549 5804 1718 5856 pauca
1739 5794 1807 5844 de
1846 5792 2037 5847 multis

467 5877 896 5926 commemorata
922 5880 1072 5927 sunt.
1102 5869 1254 5929 Livia
1294 5888 1479 5934 autem
1513 5897 1660 5935 anno
1689 5882 1867 5938 relatis
1892 5899 1943 5938 γι
1977 5895 2035 5940 ct

2153 4683 2245 4734 καὶ
2277 4681 2340 4734 τὸ
2379 4683 2544 4752 σῶμα
2579 4683 2674 4738 τοῦ
2708 4686 2952 4756 Δρούσου
2984 4689 3262 4760 προύτέθη
3299 4688 3392 4740 ἐπὶ
3424 4683 3510 4737 τοῦ
3535 4683 3684 4751 βήμα-

2151 4790 2242 4836 τος
2265 4790 2281 4806 ⁸
2313 4774 2410 4827 καὶ
2439 4777 2466 4829 ὁ
2497 4775 2690 4846 Νέρων
2730 4778 2980 4849 γαμϐρὸς
3007 4779 3173 4833 αὑτοῦ
3211 4780 3288 4834 ὢν
3320 4775 3560 4833 ἐπαίνους
3609 4764 3681 4820 ἐπ’

2149 4865 2300 4936 αὐτῷ
2328 4863 2508 4922 εἶπεν.
2545 4868 2604 4922 '0
2640 4869 2696 4922 δὲ
2735 4870 2802 4939 δὴ
2849 4870 3081 4934 θάνατος
3107 4872 3272 4926 αὐτοῦ
3306 4870 3509 4930 πολλοῖς
3535 4861 3681 4920 αἴτιος

2152 4959 2382 5013 θανάτου
2409 4959 2649 5028 ἐγένετο,
2688 4962 2764 5026 ὡς
2819 4965 3107 5033 ὲφησθεῖσι
3153 4970 3218 5038 τῇ
3249 4963 3484 5031 ἀπωλείᾳ
3519 4951 3675 5011 αὑτοῧο

2150 5052 2344 5104 Πολλοί
2371 5069 2430 5104 τε
2461 5053 2572 5123 γὰρ
2610 5055 2706 5107 καὶ
2750 5055 2899 5109 ἄλλοι
2947 5057 3224 5121 διώλοντο,
3267 5058 3358 5111 καὶ⁵
3390 5045 3676 5120 ’Λγριππίνα

2152 5143 2290 5213 μετά
2313 5141 2421 5195 τῶν
2441 5144 2648 5198 παίδων
2683 5147 2879 5215 αὐτῆς,
2908 5148 3005 5201 τοῦ
3039 5151 3305 5204 νεωτάτου
3333 5145 3507 5217 χωρίς·
3527 5133 3673 5192 Πολλά

2149 5235 2257 5303 γάρ
2300 5233 2422 5288 κατ’
2451 5236 2620 5306 αὐτῆς
2651 5239 2680 5290 ὁ
2713 5239 2934 5303 Σεῖανδς
2978 5241 3267 5310 παρώξυνε
3305 5240 3393 5293 τὸν
3441 5231 3670 5299 Τιϐέριον,

2149 5325 2534 5397 προσδοκήσας
2565 5329 2786 5396 ἐκείνης
2824 5332 2964 5400 μετά
2993 5332 3103 5385 τῶν
3128 5334 3332 5387 τέκνων
3365 5321 3669 5393 ἀπολομένης

2146 5421 2212 5488 τῇ
2245 5437 2304 5472 τε
2336 5420 2503 5491 Λιϐίᾳ
2531 5423 2876 5492 συνοικήσειν
2898 5427 2963 5495 τῇ
2989 5425 3082 5478 τοῦ
3115 5426 3346 5498 Δρούσου
3373 5415 3587 5490 γυναικὶ.
3611 5403 3667 5478 ἧς

2142 5512 2272 5582 ἦρα,
2305 5513 2400 5565 καὶ
2435 5513 2498 5565 τὸ
2527 5515 2728 5584 κράτος
2755 5515 2918 5580 ἕξειν,
2949 5518 3176 5588 μηδενὸς
3206 5519 3282 5589 τῷ
3313 5511 3528 5582 Τιϐερίῳ
3553 5519 3662 5568 τυγ-

2142 5605 2399 5672 χάνοντος
2432 5605 2699 5676 διαδόχου.
2733 5608 2838 5660 Τὸν
2885 5609 2990 5678 γὰρ
3040 5611 3218 5665 ὑϊδοῦν
3267 5608 3436 5678 ἐμίσει
3482 5603 3550 5660 ὡς
3585 5593 3662 5645 καὶ

2144 5695 2428 5764 μοιχίδιον,
2453 5699 2545 5750 καὶ
2574 5700 2768 5762 ἀλλους
2797 5700 2854 5754 δὲ
2890 5702 3118 5766 πολλοὺς
3148 5703 3240 5758 ἐπὶ
3271 5700 3444 5758 ἀλλαις
3476 5690 3557 5744 καὶ
3579 5684 3654 5736 ἀλι

2140 5790 2261 5856 λαις
2307 5794 2533 5861 αἰτίαις,
2563 5798 2686 5860 ταῖς
2712 5796 2770 5850 δέ
2802 5814 2864 5864 γε
2899 5799 3110 5852 πλείοσι
3153 5791 3552 5857 πεπλασμέναις,
3577 5774 3654 5830 καὶ

2138 5884 2495 5954 ἐφυγάδευσε,
2521 5887 2614 5941 καὶ
2639 5889 2932 5958 διέφθειρε.
2965 5891 3072 5945 Καί
3095 5909 3234 5957 τινα,
3263 5890 3338 5942 ὅτι
3364 5883 3419 5938 τὰ
3442 5875 3522 5932 τοῦ
3542 5863 3655 5923 καί·
