3910 6540
200 341 296 403 933

1445 337 1851 412 ANNALIUM
1892 352 2038 415 LIB.
2082 337 2182 416 xi.
2269 405 2274 409 .

3337 355 3443 422 934

205 454 494 524 Ῥωμαίοις
526 454 913 518 θεοποιεῑσθαι.
958 460 1035 527 μὴ
1085 459 1208 529 οὐχὶ
1259 461 1426 534 ψήφῳ
1475 465 1575 534 τῆς
1623 480 1743 532 συγ-

1856 467 2038 520 balum
2071 475 2222 520 esset.
2257 466 2516 522 Tiberius
2548 466 2735 538 igitur,
2777 483 2902 522 cum
2940 483 3139 524 nomen
3170 469 3438 528 Christia~

195 547 384 618 κλήτου
435 547 530 600 καὶ
583 547 838 618 δόγματι.
881 549 1102 620 Ταύτης
1155 551 1200 604 δ’
1231 550 1322 604 οῦν
1383 555 1763 626 ἀπωσαμένης

196 641 278 692 τὸν
306 638 433 710 περὶ
457 637 550 691 τοῦ
588 639 840 708 Σωτῆρος
865 641 1026 711 ήμῶν
1055 643 1236 710 λόγον,
1268 645 1360 697 τὸν
1407 646 1662 716 Τιϐέριον
1693 648 1762 719 ἢν

194 731 278 782 καὶ
310 730 504 801 πρώην
552 725 667 801 εἶχε
699 734 930 804 γνώμην
965 736 1310 806 τηρήσαντα,
1349 739 1518 808 μηδὲν
1558 739 1761 793 ἄτοπον

195 823 322 875 κατὰ
358 822 458 891 τῆς
489 823 727 892 Χριστοῦ
757 826 1110 890 διδασκαλίας
1143 830 1450 898 ἐπινοῆσαι.
1484 832 1758 902 Μάρτυρα

190 916 229 966 δ’
250 915 336 966 ἐπὶ
362 914 574 977 τούτοις
615 917 853 987 παράγει
874 919 1268 989 Τερτουλιανὸν
1299 925 1326 974 ὁ
1357 922 1638 990 Εὐσέϐιος,
1667 925 1764 978 ἇν-

193 1007 283 1076 δρα
322 1006 598 1077 Ῥωμαῖον
630 1010 726 1062 καὶ
756 1010 855 1064 ἕνα
884 1010 996 1064 τῶν
1041 1011 1101 1064 ὲν
1142 1015 1208 1083 τῇ
1251 1013 1438 1084 Ῥώμῃ
1468 1014 1758 1085 λαμπρῶν,

189 1102 238 1151 ὲν
278 1104 574 1172 συγγραφῇ
617 1119 724 1154 τινι
766 1104 900 1172 παρ’
935 1104 1100 1158 αὐτοῦ
1149 1105 1433 1177 ὲκτεθείσῃ
1471 1107 1756 1178 Ῥωμαϊκῇ

189 1191 468 1261 διαλέκτῳ,
523 1195 928 1269 μεταϐληθεέσῃ
959 1197 1005 1250 δ’
1036 1201 1115 1260 εἰς
1148 1199 1246 1268 τὴν
1289 1198 1518 1252 Ἐλλάδα
1557 1203 1759 1269 φωνὴν,

187 1283 399 1349 λέγοντα
426 1284 602 1340 ταῦτα
629 1305 641 1318 ·
677 1290 948 1342 Παλαιὸν
977 1284 1056 1358 ἦν
1100 1292 1310 1358 δόγμα,
1341 1290 1575 1358 μηδένα
1612 1292 1760 1345 Θεὸν

186 1377 295 1426 ὑπό
333 1391 440 1430 του
475 1379 914 1445 καθιεροῦσθαι,
942 1383 1086 1448 πρὶν
1109 1382 1229 1437 ὺπό
1260 1381 1369 1450 τῆς
1406 1384 1758 1452 συγκλήτου

1860 571 2059 610 norum
2101 557 2156 609 in
2197 557 2466 611 mundum
2498 557 2804 628 ingressum
2847 570 3030 625 esset,
3065 560 3117 613 id
3152 561 3439 615 decretum

1857 663 1924 704 ex
1949 651 2264 716 Palaestina,
2293 653 2386 708 ubi
2420 653 2657 723 primum
2685 661 2866 707 ortum
2898 662 3039 718 erat,
3078 654 3183 707 sibi
3218 654 3445 706 numin-

1861 750 1999 807 tum,
2027 757 2152 796 cum
2191 752 2384 796 senatu
2427 742 2861 797 communicavit
2905 785 2920 810 ,
2979 744 3124 796 haud
3180 742 3444 797 dissimu-

1858 831 2002 896 lans,
2070 833 2295 903 probari
2328 834 2432 888 sibi
2470 834 2522 887 id
2559 835 2920 904 praeconium.
2963 834 3082 900 Quo
3133 849 3162 888 a
3217 843 3437 898 senatu,

1861 922 2121 990 quoniam
2158 923 2210 976 id
2245 926 2361 993 ipse
2394 938 2504 976 non
2547 924 2860 993 probasset,
2891 925 3203 993 repudiato,
3237 923 3442 977 nihilo-

1859 1014 2044 1068 minus
2077 1015 2130 1068 in
2165 1015 2358 1069 eadem
2421 1017 2692 1070 sententia
2745 1016 3069 1086 permansit,
3102 1013 3443 1070 Christiano-

1862 1121 1984 1160 rum
2022 1108 2444 1162 accusatoribus
2482 1118 2713 1162 mortem
2754 1109 3144 1164 comminatus.
3179 1106 3304 1160 Haec
3347 1106 3442 1160 Ti-

1859 1198 2074 1252 berium
2123 1199 2321 1254 fecisse
2347 1199 2642 1264 Eusebius,
2679 1199 2970 1253 divinitate
3000 1197 3309 1253 Servatoris
3341 1211 3442 1249 no-

1861 1292 1959 1347 εινί
2017 1299 2072 1346 et
2115 1294 2524 1347 resurrectione
2581 1307 2648 1346 ex
2679 1293 2913 1346 mortuis
2945 1291 3187 1362 cOguita,
3235 1304 3266 1344 e
3302 1289 3436 1344 Ter-

1862 1382 2079 1437 tulliani
2111 1384 2336 1452 scriptis
2370 1393 2792 1439 commemorat.

184 1468 534 1540 δοκιμασθῇ.
593 1471 654 1526 Ὀ
687 1473 938 1542 Τιϐέριος
1013 1471 1127 1544 οῦν,
1197 1475 1283 1547 ἐφ’
1344 1469 1406 1530 οὗ
1454 1478 1514 1532 τὸ
1559 1479 1668 1531 τῶν
1720 1476 2065 1548 Χριστιανῶν
2115 1477 2286 1545 ὄνομα
2320 1479 2400 1540 είς
2447 1477 2538 1530 τὸν
2587 1477 2794 1546 κόσμον
2839 1475 3196 1544 εἰσεληλύθει,
3237 1476 3439 1543 ἀγγελ-

185 1559 356 1624 θέντος
400 1561 550 1631 αὐτξι
602 1565 668 1617 ὲκ
720 1566 1091 1637 Παλαιστίνης
1131 1569 1224 1622 τοῦ
1269 1569 1540 1642 δόγματος
1595 1569 1783 1623 τούτου
1825 1567 1954 1620 ἔνθα
2006 1567 2221 1640 πρῶτον
2268 1567 2490 1640 ἤρξατο,
2561 1570 2626 1639 τῇ
2677 1567 2964 1638 συγκλήτῳ
3014 1567 3436 1647 ἀνεκοινώσατο,

183 1651 324 1721 δῆλος
354 1653 432 1707 ὢν
484 1653 718 1719 ἐκείνοις
748 1656 823 1719 ὡς
855 1658 1152 1726 ἀρέσκεται
1218 1660 1296 1731 τῷ
1339 1660 1674 1732 κηρύγματι.

1763 1657 1828 1711 Ἦ
1867 1658 1925 1711 δὲ
1980 1657 2283 1729 σύγκλητος
2336 1657 2460 1710 ἐπεὶ
2514 1657 2615 1710 οὐκ
2677 1656 2813 1728 αὐτὴ
2869 1655 3219 1724 δεδοκιμάκει
3277 1657 3438 1710 τοῦτο

184 1745 448 1802 ἀπώσατο.
502 1747 561 1801 ’0
604 1747 661 1801 δὲ
687 1749 745 1802 ὲν
777 1752 842 1819 τῇ
875 1751 1012 1821 αὐτῇ
1045 1751 1241 1823 γνώμῃ
1284 1752 1502 1823 ἔμεινεν
1559 1751 1861 1821 ἀπειλήσας
1928 1751 2160 1805 θάνατον
2218 1751 2333 1813 τοῖς
2382 1750 2492 1802 τῶν
2524 1749 2864 1820 Χριστιανῶν
2888 1750 3234 1818 κατηγόροις·
3265 1749 3438 1803 ταῦτα

181 1839 207 1890 ὁ
254 1839 512 1904 Εὐσέϐιος
549 1842 771 1910 ποιῆσαι
813 1843 907 1895 τὸν
941 1844 1191 1912 Τιϐέριον
1237 1847 1462 1916 ἱστορεῖ,
1509 1845 1748 1916 μαθόντα
1787 1846 1917 1917 περὶ
1991 1845 2090 1914 τῆς
2137 1843 2393 1914 θεότητος
2439 1839 2545 1896 τοῦ
2603 1843 2856 1914 Σωτῆρος
2901 1845 3062 1916 ήμῶν
3107 1844 3200 1896 καὶ
3245 1846 3344 1917 τῆς
3373 1847 3437 1898 ἐκ

179 1933 375 2004 νεκρῶν
412 1935 588 1988 αὑτοῦ
619 1937 992 2004 ἀναστάσεως,
1021 1940 1085 1991 ὲκ
1117 1939 1218 2010 τῆς
1247 1939 1340 1993 τοῦ
1391 1939 1749 2012 Τερτυλιανοῦ
1791 1941 2118 2010 συγγραφῆς
2152 1942 2289 1995 αὐτά
2313 1941 2690 2008 ἐκλεξάμενος.

244 2028 312 2079 Δ’.
343 2027 451 2078 Καὶ
482 2029 509 2078 ὁ
546 2027 648 2096 μὲν
683 2029 932 2101 Τιϐέριος
977 2029 1151 2096 οὕτως
1198 2033 1430 2087 ἀπεϐίω.
1482 2031 1743 2098 Διεδέξατι

1935 2033 2024 2088 IV.
2069 2033 2297 2087 Tiberio
2335 2033 2403 2086 ad
2463 2033 2610 2087 hunc
2671 2032 2894 2086 modum
2943 2034 3224 2100 defuncto,
3271 2034 3436 2091 Caius

184 2119 233 2172 δὲ
261 2120 422 2172 αὐτὸν
458 2121 488 2172 ό
522 2121 682 2183 Γαῖος
712 2123 739 2173 ὁ
767 2122 862 2175 τοῦ
897 2123 1242 2194 Γερμανικοῦ
1286 2127 1498 2197 καὶτῆς
1528 2127 1752 2196 ’Λγριπει

185 2212 329 2280 πίνης
384 2215 544 2276 παῖς,
602 2211 664 2264 ὃν
720 2214 814 2267 καὶ
871 2214 1212 2286 Γερμανικὸν
1272 2219 1365 2271 καὶ
1409 2218 1750 2285 Καλλιγόλαν

183 2302 546 2373 ἐπωνόμαζον.
590 2305 652 2356 El
709 2304 817 2378 γάρ
869 2309 964 2359 καὶ
1019 2309 1046 2360 ὁ
1087 2309 1342 2380 Τιϐέριος
1389 2312 1588 2384 καὶτῷ
1634 2311 1749 2382 ἰδίῳ

183 2396 375 2466 ἐγγόνῳ
403 2396 488 2466 τῷ
520 2397 761 2466 Τιϐερίῳ
796 2397 894 2470 τὴν
934 2399 1238 2471 αὑταρχίαν
1283 2402 1592 2468 κατέλιπεν,
1630 2403 1747 2456 ἀλλ’

178 2491 204 2538 ό
231 2488 379 2552 Γάϊος
416 2491 523 2549 τὰς
560 2490 826 2560 διαθήκας
873 2491 1037 2545 αὐτοῦ
1077 2497 1156 2558 είς
1190 2493 1249 2548 τὸ
1291 2495 1565 2566 συνέδριον
1611 2495 1750 2566 πέμ-

178 2581 292 2648 ψας,
316 2579 564 2651 ἀκύρους
616 2582 994 2652 παρεσκεύασε
1039 2585 1312 2653 γενέσθαι,
1349 2585 1425 2648 ὡς
1459 2603 1748 2657 παραφρο-

183 2673 427 2743 νήσαντος
451 2712 469 2736 ,
519 2669 609 2726 οἷα
653 2673 808 2727 παιδὶ
932 2676 1058 2745 μηδ’
1088 2677 1350 2732 εἰσελθεῖν
1398 2678 1525 2747 ἐξῆν
1573 2680 1652 2741 είς
1687 2677 1749 2731 τὸ

185 2768 576 2837 βοδλευτήριον,
621 2769 813 2838 ἄρχειν
841 2769 952 2822 τῶν
993 2769 1281 2838 Ῥωμαίων
1333 2771 1744 2842 ἐπιτρέψαντος.

187 2858 279 2927 Τῆς
324 2859 420 2926 μὲν
474 2855 569 2911 οῦν
611 2861 787 2928 ἀρχῆς
817 2861 979 2912 αὑτὸν
1012 2859 1184 2925 οὕτως
1213 2863 1411 2915 αὐτίκα
1445 2862 1744 2936 παρέλυσε,

183 2950 262 3000 καὶ
307 2949 453 3018 μετὰ
493 2950 653 3002 τοῦτο
696 2954 1156 3022 εἰσποιησάμενος
1191 2955 1531 3018 ἀπέκτεινεν,
1559 2955 1632 3018 ὡς
1659 2973 1744 3008 τεο

183 3037 416 3106 λευτῆσαι
453 3039 620 3092 αὐτὸν
654 3040 978 3111 εὐξάμενον.
1019 3043 1295 3114 Χρήματα
1325 3045 1382 3098 δὲ
1412 3045 1583 3098 πολλὰ
1631 3049 1746 3110 τοῖς

185 3128 534 3197 στρατιώταις
570 3132 664 3184 καὶ
701 3131 782 3202 τῷ
829 3133 988 3204 δήμῳ
1021 3134 1282 3205 διένειμε,
1319 3137 1385 3190 τὰ
1422 3137 1524 3204 μὲν
1553 3140 1616 3191 ὲκ
1639 3140 1746 3192 τῶν

184 3220 411 3290 Τιϐερίου
473 3223 770 3293 διαθηκῶν,
815 3227 883 3277 τὰ
914 3226 970 3279 δὲ
1001 3229 1065 3280 ἐκ
1115 3228 1221 3281 τῶν
1251 3229 1349 3299 τῆς
1392 3231 1604 3296 Λιϐίας,
1637 3231 1672 3285 ἃ
1718 3235 1746 3286 ὁ

185 3313 412 3384 Τιϐέριος
443 3317 508 3368 οὐ
541 3317 805 3387 παρέσχε.
841 3320 949 3372 Καὶ
980 3320 1141 3391 εἴπερ
1173 3323 1266 3374 καὶ
1296 3323 1362 3375 τὰ
1391 3323 1554 3377 λοιπά
1599 3324 1745 3377 δεόν-

184 3420 271 3468 τως
323 3407 608 3478 ἀνήλισκε,
664 3409 996 3478 μεγαλόνους
1046 3413 1113 3465 ἂν
1165 3414 1260 3466 καὶ
1314 3415 1740 3486 μεγαλοπρεπὴς

184 3494 325 3560 ἔδοξε.
361 3497 486 3551 Νῦν
535 3499 616 3552 δι
653 3501 745 3553 καὶ
797 3501 876 3562 είς
927 3503 1204 3573 όρχηστάς
1261 3504 1355 3558 καὶ
1393 3505 1595 3569 ἵππους
1645 3506 1741 3561 καὶ

185 3592 531 3659 μονομάχους,
562 3593 656 3643 καὶ
685 3595 1075 3665 τοιουτότροπα
1113 3597 1276 3665 ἕτερα
1315 3597 1606 3666 ἀπλήστως
1644 3599 1739 3651 δα-

185 3681 365 3747 πανῶν,
395 3683 498 3735 καὶ
528 3683 653 3746 τοὺς
678 3683 989 3755 θησαυροὺς
1031 3688 1304 3756 μεγάλους
1335 3691 1625 3757 γεγονότας
1650 3691 1739 3746 διὰ

186 3772 406 3842 βραχέοςχ
440 3775 767 3842 ἐξεκένωσε,
802 3781 896 3831 καὶ
943 3781 1136 3833 ἑαυτὸν
1163 3781 1614 3854 προσεξήλεγξεν,
1657 3787 1740 3840 ὅτι

185 3862 410 3936 εὐχερείᾳ
448 3869 546 3918 καὶ
591 3868 817 3938 ἀκρισίᾳ
870 3871 1102 3922 κάκεῖνα
1151 3874 1443 3940 πεποίηκε.
1478 3877 1588 3929 Καὶ
1629 3878 1743 3932 οὐδ’

185 3956 231 4015 ἐς
262 3956 441 4025 τρίτον
467 3957 589 4020 ἔτος
625 3959 791 4030 μέρος
827 3961 1004 4012 αὐτῶν
1037 3978 1092 4014 τι
1124 3963 1404 4028 διέσωσεν,
1433 3966 1546 4018 ἀλλ’
1577 3969 1740 4034 εὐθὺς

185 4047 499 4114 παμπόλλων
534 4049 900 4121 προσεδεήθη.
929 4051 1018 4119 Τῷ
1049 4051 1096 4105 δ’
1121 4054 1272 4124 αὐτῷ
1309 4058 1498 4128 τρόπῳ
1546 4062 1640 4112 καὶ
1679 4062 1739 4125 ἐς

185 4137 240 4190 ιὰ
268 4139 394 4195 ἀλλα
448 4142 740 4212 ἐκέχρητο.
791 4143 1206 4213 Μοιχικὼτατός
1259 4164 1318 4198 τε
1367 4149 1479 4219 γὰρ
1523 4152 1736 4222 ἀνδρῶν

185 4230 475 4301 γενόμενος,
525 4233 622 4286 καὶ
653 4237 890 4302 γυναῖκα
929 4235 1057 4304 μίαν
1111 4237 1212 4307 μὲν
1242 4239 1496 4308 ἀρπάσας
1537 4243 1739 4296 ἐκδιδο-

189 4320 336 4392 μένην
381 4323 563 4394 ἀνδρὶ,
602 4325 767 4388 ἄλλας
817 4326 873 4379 δὲ
907 4327 1008 4398 ήδη
1039 4329 1396 4400 ὲκδεδομένας
1428 4335 1523 4385 καὶ
1564 4351 1741 4387 συνοι-

189 4412 362 4476 πιούσας
419 4418 568 4483 τισὶν
629 4418 989 4484 ἀποσπάσας,
1043 4420 1182 4490 πλὴν
1243 4425 1370 4491 μιᾶς
1420 4424 1519 4488 τὰς
1570 4425 1737 4491 ἄλλας

188 4503 390 4575 ἐμίσησε
412 4523 428 4538 ο
485 4511 705 4571 πάντως
737 4512 850 4582 (90)
879 4511 924 4562 δ’
953 4512 1020 4566 ἂν
1067 4514 1330 4584 κάκείνην
1360 4517 1644 4587 ἐμίσησεν,
1686 4522 1735 4573 εί

185 4596 262 4647 ἐπὶ
305 4600 462 4654 πλέον
507 4599 812 4654 ὲϐεϐιώκει.
842 4604 949 4656 Καὶ
983 4606 1040 4666 ἐς
1072 4605 1168 4674 τὴν
1229 4607 1464 4678 μητέρα,
1498 4612 1591 4662 καὶ
1634 4611 1734 4673 τὰς

1853 2122 2160 2178 Germanici
2187 2132 2238 2178 et
2264 2123 2577 2194 Agrippina:
2599 2122 2764 2186 filius,
2785 2123 2877 2192 qui
2910 2122 3348 2179 ethrmanicus
3378 2135 3435 2180 et

1854 2215 2017 2286 553
2060 2214 2282 2284 (Ialgula
2326 2216 2776 2285 cognominatur,
2806 2216 3094 2270 successit.
3136 2217 3249 2271 Etsi
3284 2217 3431 2272 enim

1854 2306 2137 2373 Tiberius,
2171 2307 2336 2361 etiam
2380 2306 2605 2360 Tiberio
2659 2307 2845 2376 nepoti
2897 2307 3200 2378 reliquerat
3258 2309 3433 2377 impe-

1850 2400 2016 2464 rium,
2068 2409 2247 2454 tamen
2302 2398 2468 2453 Caius
2523 2409 2851 2454 testamento
2904 2400 3025 2465 ejus
3073 2408 3132 2453 ut
3183 2399 3341 2455 deliri
3375 2401 3430 2456 in

1852 2493 2062 2546 curiam
2102 2492 2291 2555 misso,
2323 2492 2527 2555 eﬂ‘ecit,
2583 2503 2642 2548 ut
2676 2493 3014 2556 aboleretur,
3055 2494 3201 2563 quod
3235 2509 3430 2563 puero,

1850 2583 1937 2637 cui
1970 2600 2068 2654 per
2094 2591 2309 2638 aetatem
2339 2584 2575 2637 necdum
2611 2583 2822 2653 ingredi
2855 2583 3064 2637 curiam
3093 2584 3434 2653 liceret,|l’.o.

1851 2691 2071 2730 manum
2109 2677 2398 2746 imperium
2437 2678 2767 2746 reliquisset.
2804 2679 2984 2747 Atque
3039 2679 3112 2731 ita
3146 2678 3430 2749 principa.

1850 2779 1965 2823 tum
1997 2769 2048 2822 ei
2077 2767 2260 2822 statim
2285 2767 2510 2822 ademit.
2546 2770 2694 2834 Post,
2724 2771 3041 2840 adoptatum
3095 2771 3376 2826 interfecit
3407 2813 3424 2836 ,

1849 2873 1909 2916 ut
1936 2861 2027 2930 qui
2061 2861 2237 2929 ipsum
2272 2861 2410 2914 mori
2445 2871 2708 2932 optasset.
2757 2864 3001 2933 Magnam
3052 2864 3342 2934 pecuniam
3374 2876 3433 2918 et

1849 2952 2116 3007 militibus
2147 2961 2201 3004 et
2233 2951 2456 3020 p0pulo,
2496 2955 2692 3022 partim
2726 2971 2791 3008 ex
2829 2954 3061 3017 Tiberii,
3105 2958 3302 3024 partim
3357 2969 3424 3008 ex

1850 3044 2016 3098 Livia:
2047 3050 2375 3098 testamento
2408 3045 2653 3099 nondum
2701 3061 2730 3098 a
2761 3045 2984 3099 Tiberio
3034 3053 3377 3098 numeratam
3409 3084 3424 3108 ,

1849 3136 2152 3193 distribuit.
2195 3134 2353 3205 Quod
2385 3137 2428 3190 si
2466 3137 2732 3206 reliquam
2769 3136 2934 3190 etiam
2968 3175 2982 3200 ,
3043 3133 3116 3189 ita
3144 3145 3204 3188 ut
3259 3135 3427 3190 dece-

1850 3227 1961 3291 bat,
1999 3229 2401 3302 insumpsisset,
2439 3229 2818 3297 magnanimus
2867 3237 2921 3281 et
2972 3225 3295 3296 magnificus
3335 3242 3426 3282 es-

1842 3325 1931 3374 "set
1971 3321 2209 3379 habitus.
2239 3321 2396 3376 Nunc
2425 3319 2655 3374 inﬁnitis
2703 3318 2966 3387 impensis
3003 3320 3054 3372 in
3091 3319 3380 3373 saltatores
3408 3360 3424 3383 ,

1850 3426 2044 3480 equos,
2073 3412 2428 3484 gladiatores,
2464 3421 2520 3466 et
2560 3411 2617 3464 id
2641 3425 2812 3480 genus
2841 3410 2944 3463 alia
2976 3409 3135 3464 factis
3165 3451 3180 3477 ,
3219 3418 3274 3464 et
3309 3411 3426 3465 the-

1853 3519 2048 3559 sauros
2082 3505 2349 3558 maximos
2378 3503 2650 3565 exhausit,
2681 3510 2736 3555 et
2765 3501 2856 3556 illa
2898 3519 3114 3572 quoque
3147 3520 3206 3559 se
3253 3512 3425 3559 teme-

1852 3595 2016 3650 ritate
2043 3605 2098 3651 et
2137 3596 2356 3651 levitate
2385 3594 2622 3666 quadam
2661 3592 2856 3648 fecisse
2913 3593 3234 3648 declaravit.
3287 3594 3424 3648 Nam

1849 3689 2082 3758 publica:
2115 3688 2362 3759 pecunias
2407 3703 2510 3743 nee
2561 3687 2616 3741 in
2669 3686 2893 3741 tertium
2947 3701 3152 3740 annum
3215 3699 3424 3756 partem

1852 3781 2020 3836 ullam
2055 3781 2306 3847 retinuit,
2340 3781 2435 3836 sed
2467 3779 2648 3835 statim
2676 3779 2862 3833 multis
2887 3794 3049 3848 egere
3107 3779 3296 3848 coepit.
3330 3781 3415 3834 lis-

1849 3870 1972 3924 dem
2015 3870 2259 3924 moribus
2309 3869 2474 3924 etiam
2523 3869 2646 3922 aliis
2696 3867 2752 3921 in
2808 3867 2973 3922 rebus
3001 3909 3015 3932 ,
3058 3875 3113 3922 et
3156 3869 3426 3923 maximus

1846 3964 2063 4017 adulter
2127 3961 2276 4016 fuit:
2323 3970 2381 4016 et
2426 3977 2552 4016 cum
2607 3960 2898 4014 mulierem
2948 3958 3242 4029 quamdam
3302 3961 3422 4015 viro

1845 4054 2172 4122 desponsam
2228 4054 2545 4122 rapuisset,
2607 4053 2742 4107 alias
2796 4053 2907 4122 jam
2962 4051 3199 4106 elocatas
3245 4059 3301 4105 et
3363 4052 3420 4106 in

1845 4147 2101 4217 conjugio
2139 4147 2386 4200 viventes
2438 4160 2470 4200 a
2521 4145 2734 4200 maritis
2760 4143 3118 4198 abstraxisset
3149 4184 3163 4208 ,
3195 4155 3425 4198 canoras

1841 4250 2040 4290 omnes
2063 4235 2190 4289 odio
2225 4243 2553 4303 prosecutus
2599 4243 2722 4295 est,
2765 4247 2875 4286 una
2923 4241 3194 4302 excepta:
3251 4248 3419 4302 quam

1843 4338 1900 4384 et
1929 4330 2099 4398 ipsam
2154 4329 2343 4399 utique
2387 4343 2590 4383 osurus
2632 4326 2771 4391 fuit,
2825 4329 2870 4382 si
2927 4325 3136 4381 diutius
3169 4325 3422 4381 vixisset.

1844 4422 1983 4490 Erga
2016 4401 2264 4483 matrem,
2296 4433 2514 4474 sorores
2558 4425 2615 4472 et
2673 4418 2852 4472 aviam
2901 4416 3197 4470 Antoniam
3247 4417 3422 4471 multa

1842 4513 1933 4584 pie
1970 4511 2101 4566 fecit
2137 4535 2147 4566 :
2185 4519 2326 4579 post,
2356 4511 2533 4565 aviam
2575 4526 2604 4564 a
2636 4526 2744 4580 qua
2784 4510 3109 4580 obiurgatus
3145 4517 3302 4571 erat,
3341 4510 3414 4563 ad

1842 4617 2036 4658 necem
2071 4602 2437 4656 voluntariam
2470 4603 2754 4670 compulit.
2795 4600 3030 4654 Sorores
3055 4614 3250 4654 omnes
3285 4615 3413 4653 eor-

187 4688 420 4760 ἀδελφάς,
451 4697 551 4763 τήν
595 4711 653 4746 τε
688 4693 858 4765 τήθην
904 4695 1006 4766 τὴν
1042 4698 1332 4751 ’Δντωνίαν
1380 4701 1554 4753 πολλά
1580 4704 1739 4756 εὐσεο

1848 4695 2012 4764 rupit,
2041 4703 2097 4748 et
2136 4696 2270 4748 duas
2323 4693 2376 4747 in
2418 4693 2654 4748 insulam
2711 4694 2972 4763 relegavit
3007 4709 3023 4744 :
3066 4707 3190 4745 nam
3245 4691 3415 4746 tertia

185 4779 278 4844 εὼς
305 4784 678 4854 ἐνδειξάμενος
703 4803 716 4817 °
763 4789 905 4857 μετά
937 4788 1111 4844 ταῦτα
1142 4790 1241 4859 τὴν
1285 4793 1386 4861 μὲν
1415 4793 1584 4864 τήθην
1612 4797 1735 4848 ἑπι-

186 4876 471 4944 τιμήσσσάν
521 4895 574 4930 τι
619 4879 768 4949 αὑτῷ
811 4883 892 4944 είς
934 4882 1182 4952 ἀνάγκην
1219 4884 1472 4937 ἑκουσίου
1503 4883 1734 4940 θανάτου

190 4967 487 5038 κατέστησε.
542 4970 654 5034 Τάς
709 4970 947 5041 ἀδελφὰς
991 4972 1049 5025 δὲ
1105 4974 1333 5044 φθείρας
1369 4975 1605 5041 ἁπάσας,
1655 4979 1736 5042 είς

190 5053 331 5122 νῆσον
358 5062 454 5123 τὰς
487 5059 600 5114 δύω
633 5062 1007 5116 κατέκλεισενο
1058 5066 1089 5134 ή
1139 5067 1247 5136 γὰρ
1290 5070 1447 5138 τρίτη
1503 5085 1734 5138 προετει-

190 5144 376 5218 θνήκει,
423 5153 517 5204 καὶ
558 5152 694 5207 ἄλλα
741 5153 914 5208 πολλὰ
962 5155 1192 5209 τοιαῦτα
1228 5157 1476 5226 ἐποίησε.
1507 5160 1617 5212 Καὶ
1643 5160 1736 5214 τὸν

191 5239 414 5305 Τιϐέριον
452 5245 526 5308 ὡς
564 5245 772 5316 ἀσελγῆ
819 5248 914 5300 καὶ
945 5249 1232 5318 μιαιφόνον
1261 5249 1562 5316 διέϐαλλεν,
1593 5251 1734 5306 ὥστε

193 5334 272 5384 καὶ
296 5335 478 5400 ἀλλους
500 5340 564 5391 ἐκ
597 5340 790 5392 τούτου
818 5339 1131 5409 χαριεῖσθαί
1159 5341 1208 5394 οί
1237 5343 1568 5412 νομίσαντας
1596 5361 1732 5416 προσ

194 5430 467 5500 πετεστέρᾳ
494 5433 780 5504 παρρησίᾳ
805 5432 1136 5502 χρήσασθαι.
1169 5429 1302 5488 Εἶτα
1324 5435 1514 5506 ἐπῄνει
1549 5453 1608 5489 τε
1642 5440 1734 5490 καὶ

194 5516 480 5586 ἐσέμνυνεν,
505 5521 645 5576 ὥστε
683 5528 776 5576 καὶ
800 5539 1024 5574 κολασαι
1049 5525 1199 5586 τινας
1236 5527 1320 5592 ἐφ’
1344 5522 1423 5588 οἷς
1454 5527 1574 5578 κατ’
1596 5527 1737 5579 ὲκεί-

1839 4789 1996 4860 prius
2034 4787 2271 4841 obierat.
2306 4786 2386 4841 Ac
2417 4787 2587 4840 multa
2627 4786 2676 4839 id
2705 4801 2876 4855 genus
2921 4783 3072 4839 fecit.
3127 4783 3263 4838 Cum
3317 4784 3418 4839 Ti-

1837 4879 2050 4935 berium
2083 4890 2140 4932 ut
2173 4879 2512 4933 Iuwriosum
2538 4888 2593 4931 et
2628 4877 2960 4931 homicidam
2993 4875 3410 4940 criminaretur,

1835 4973 1928 5026 alii
1954 4988 2175 5041 quoque
2229 4987 2288 5025 se
2321 4971 2396 5024 illi
2433 4982 2645 5040 gratum
2681 4971 2926 5024 facturos
2977 4970 3125 5036 rati,
3183 4971 3416 5026 liberius

1838 5065 1892 5119 in
1918 5080 2043 5120 eum
2081 5074 2209 5118 sunt
2237 5065 2458 5118 invecti.
2499 5063 2709 5118 Deinde
2743 5065 3001 5118 eumdem
3055 5065 3302 5119 laudavit
3359 5073 3416 5120 et

1837 5157 2153 5219 celebravit,
2187 5166 2242 5209 et
2267 5171 2456 5226 poenas
2495 5155 2562 5209 de
2595 5156 2662 5209 iis
2686 5157 2921 5224 sumpsit
2971 5157 3064 5228 qui
3112 5156 3192 5211 illi
3245 5156 3404 5210 male-

1839 5247 2113 5302 dixerant.
2155 5247 2288 5302 Male
2328 5248 2395 5303 de
2429 5262 2496 5301 eo
2533 5250 2824 5316 loquentes
2860 5247 3252 5318 vituperabat,
3285 5248 3408 5301 lau-

1837 5341 2031 5394 dantes
2056 5339 2286 5404 oderat,
2329 5347 2388 5393 ut
2419 5340 2628 5394 amicos
2673 5339 2842 5394 illius.
2895 5340 3140 5410 Magnam
3195 5339 3408 5392 turbam

1835 5448 2028 5487 eorum
2071 5433 2164 5501 qui
2209 5432 2492 5486 Tiberium
2547 5442 2735 5487 contra
2768 5443 2976 5502 patrem
3006 5472 3020 5494 ,
3073 5440 3303 5485 matrem
3354 5440 3412 5486 et

1839 5523 2037 5579 fratres
2056 5527 2176 5595 ejus
2203 5525 2506 5590 irritarant,
2534 5525 2735 5580 occidit
2759 5543 2770 5578 :
2792 5523 3040 5595 quamvis
3064 5537 3120 5577 se
3135 5521 3408 5591 placatum

1348 5682 1546 5744 Vaiim
1573 5681 1882 5762 lectiones
1923 5690 1985 5744 et
2020 5692 2205 5744 notas.

255 5791 352 5860 (90)
382 5796 636 5865 Πάντως.
667 5799 742 5853 lta
793 5816 921 5856 :uss.
969 5802 1130 5857 codd.
1163 5801 1393 5860 Wolfius
1428 5805 1632 5868 πάντας
1662 5804 1931 5864 ediderat.
