3756 6546
443 333 552 397 935

1707 314 2032 378 JOANNIS
2066 314 2391 376 ΖΟΝΑΒᾹΞ

2573 193 2650 217 -εε

3511 329 3591 394 93ὓ

443 448 525 501 eis
553 458 702 508 esse,
728 456 1034 510 eorumque
1057 436 1274 494 litteras
1305 449 1580 492 cremasse
1603 433 1835 489 diceret.
1861 434 2022 488 Tem-

2153 450 2216 485 ου
2264 431 2601 508 εἰρήκεσαν,
2639 427 2738 482 καὶ
2782 429 2910 492 τοὺς
2972 426 3396 501 βλασφημοῦντας
3439 440 3600 502 ὲκεῖνον

446 537 535 592 nia
569 535 673 590 sibi
705 542 760 589 et
784 531 1054 588 sacriﬁcia
1110 540 1170 585 ut
1209 530 1314 584 deo
1366 526 1483 581 fieri
1531 526 1716 595 jussit.
1773 524 1830 579 Si
1884 525 2016 594 quid

447 629 760 698 petebatur,
791 624 1136 678 irascebatur
1163 639 1178 687 ;
1223 622 1269 675 si
1300 620 1440 675 nihil
1485 618 1796 686 petebatur,
1826 631 2020 670 rursus

441 717 836 779 .Zuccensebat.
869 714 976 767 Res
1002 712 1265 783 quasdam
1317 710 1609 764 celerrime
1665 707 2014 778 aggredieba-

455 820 566 873 tur,
619 807 911 863 nonnullas
947 805 1260 859 tardissime
1315 802 1676 870 suseipiebat.
1726 801 2020 856 Pecuniam

455 914 514 956 ut
541 917 640 970 per
669 913 936 955 summam
979 895 1344 949 temeritatem
1379 893 1701 948 effundebat
1729 933 1744 956 ,
1792 893 1866 947 ita
1905 909 2025 947 sor-

443 990 737 1046 .didissime
796 987 1168 1056 comparabat.
1221 985 1385 1056 554
1455 986 1588 1039 Tam
1645 985 2026 1039 adulatoribus

454 1100 616 1153 quam
654 1080 1020 1134 monitoribus
1072 1092 1140 1132 ex
1186 1092 1346 1146 aaquo
1401 1085 1458 1130 et
1506 1076 1923 1140 delectabatur,
1972 1085 2028 1130 et

454 1176 860 1231 nllendebatur.
891 1172 1086 1226 Multos
1119 1169 1458 1240 gravissimis
1503 1169 1841 1223 facinoribus
1893 1182 2027 1222 con-

455 1265 679 1319 strictos
713 1264 1009 1332 puniebat,
1048 1263 1251 1315 multos
1294 1262 1455 1330 plane
1505 1260 1749 1314 insontes
1811 1259 2030 1314 occide-

457 1361 570 1412 bat.
601 1357 916 1410 Amicorum
949 1355 1073 1408 aliis
1109 1354 1399 1409 immodice
1429 1353 1819 1407 assentabatur
1850 1391 1866 1416 ,
1892 1352 2034 1406 alios

457 1449 720 1505 extremis
750 1447 1098 1502 contumeliis
1131 1445 1420 1500 alliciebat.
1473 1445 1588 1498 Tali
1637 1445 1877 1514 denique
1933 1445 2036 1500 im~

461 1541 701 1613 peratori
734 1549 846 1594 tum
876 1537 1108 1592 Romani
1136 1547 1267 1592 sunt
1297 1537 1509 1598 traditi,
1559 1544 1618 1590 ut
1647 1535 1853 1589 Tiberii
1903 1534 2038 1588 faci-

462 1651 594 1690 nora
628 1633 983 1704 quantumvis
1016 1631 1223 1685 atrocia
1271 1645 1302 1684 a
1354 1628 1471 1684 Caii
1525 1628 1832 1684 sceleribus
1885 1635 2037 1681 tanto

464 1722 754 1777 intervallo
779 1722 1156 1780 vincerentur,
1192 1728 1403 1788 quanto
1453 1717 1732 1788 Augustus
1780 1717 2038 1787 princeps

2117 522 2370 588 ἐκάκιζε,
2419 521 2516 576 καὶ⁵
2558 521 2686 584 τοὺς
2755 519 3110 583 ἐπαινοῦντας
3148 523 3219 586 ὡς
3253 525 3419 593 φίλους
3443 533 3601 593 ἐκείνου

2120 616 2324 685 ἐμίσει,
2371 613 2470 668 καὶ
2516 611 2872 683 παμπληθεῖς
2917 611 3202 666 ἀπέκτεινε
3245 617 3346 668 τῶν
3379 624 3498 677 κατά
3535 629 3604 681 τοῦ

2123 704 2348 774 πατρὸς,
2401 701 2498 756 καὶ
2537 703 2638 772 τῆς
2680 699 2909 772 μητρὸς,
2946 701 3039 753 καὶ
3075 701 3182 752 τῶν
3226 704 3443 772 ἀδελφῶν
3483 711 3607 766 αὐτοῦ

2121 795 2216 848 τὸν
2258 795 2509 865 Τιϐέριον
2542 793 2928 862 ἐρεθισάντων,
2967 791 3143 844 καίτοι
3184 794 3277 863 τὴν
3305 795 3451 867 ὀργὴν
3475 801 3611 866 αὐτοῖς

2122 889 2338 956 ἀφεῖναι
2367 886 2564 954 λέγων,
2595 886 2778 938 καὶτά
2805 885 3109 954 γράμματα
3134 887 3443 952 καταφλέξαι
3461 892 3611 948 αὐτῶν·

2125 981 2238 1033 Καὶ
2272 981 2432 1042 ναοὺς
2479 979 2536 1030 δὲ
2577 977 2755 1047 ἐαυτῷ
2801 977 2894 1030 καὶ
2937 976 3128 1039 θυσίας
3165 976 3237 1041 ὡς
3279 977 3386 1048 Θεῷ
3422 981 3614 1049 γίνεσθαι

2128 1070 2433 1124 ἐκέλευσεν.
2484 1069 2816 1138 Αίτούμενός
2870 1069 2930 1122 τέ
2978 1086 3032 1121 τι
3079 1067 3361 1138 ὠργίζετο,
3395 1072 3478 1125 καὶ
3501 1073 3615 1140 αὖθις

2131 1164 2330 1233 ὲμηνία
2357 1161 2431 1224 ὠς
2467 1161 2542 1230 μὴ
2565 1159 2909 1230 αἰτούμενος·
2942 1159 3070 1224 ὀξύς
3094 1160 3141 1212 τ’
3170 1161 3256 1214 ἐπί
3285 1181 3423 1226 τινας
3447 1168 3617 1236 πράξεις

2131 1256 2378 1326 ἐφέρετο,
2408 1255 2504 1308 καὶ
2544 1255 2856 1308 νωθέστατα
2889 1253 3037 1317 ἐνίας
3075 1255 3434 1326 μεταχείριστο
3454 1274 3466 1290 ·
3504 1262 3558 1315 τά
3579 1282 3620 1317 τε

2132 1350 2391 1420 χρήματα
2438 1348 2534 1402 καὶ
2583 1347 2950 1416 ἀφειδέστατα
3003 1347 3280 1418 ἀνήλισκε,
3310 1351 3396 1403 καὶ
3425 1354 3622 1424 ῥυπαρά).

2134 1461 2269 1496 τατα
2289 1441 2684 1512 ἠργυρολόγει,
2706 1442 2821 1502 τοῖς
2843 1457 2900 1492 τε
2929 1440 3260 1493 θωπεύουσιν
3286 1442 3430 1495 αὐτὸν
3451 1445 3622 1510 καὶτοῖς

2137 1533 2671 1604 παρρησιαζομένοις
2695 1534 2791 1584 καὶ
2814 1532 3011 1602 ἢχθετο
3033 1533 3234 1602 ὁμοίως
3263 1535 3350 1586 καὶ
3378 1536 3526 1605 tato,
3549 1540 3623 1593 Καὶ

2139 1625 2365 1686 πολλοὺς
2395 1626 2494 1696 μὲν
2528 1625 2742 1696 μεγάλα
2770 1626 3141 1695 ἀδικήσαντας
3195 1626 3431 1692 ἐκόλασε,
3457 1631 3624 1696 πολλοὺς

2140 1717 2196 1771 δὲ
2234 1718 2398 1789 μηδὲν
2442 1718 2773 1787 ἠδικηκότας
2809 1717 3122 1771 ἀπέκτεινε.
3174 1719 3278 1771 Kal
3321 1720 3419 1771 τῶν
3457 1724 3626 1792 ἑταίρων

468 1825 702 1882 utroque
731 1810 924 1864 melior
959 1809 1282 1862 habebatur.
1311 1806 1444 1861 Nam
1499 1806 1754 1861 Tiberius
1803 1807 2037 1875 impera-

2153 1810 2268 1874 τοὺς
2298 1812 2398 1881 μὲν
2425 1809 2885 1878 ὑπερεκολάκευε,
2905 1811 3032 1874 τοὺς
3055 1809 3115 1863 δὲ
3143 1810 3472 1882 ὑπερύϐριζε.
3491 1815 3627 1867 Tomi-

468 1905 581 1966 bat,
604 1913 660 1957 et
685 1904 917 1956 aliorum
950 1901 1256 1955 ministerio
1281 1900 1347 1954 ad
1378 1899 1702 1968 explendam
1750 1899 2039 1954 libidinem

469 2014 621 2052 suam
657 1997 932 2051 utebatur.
967 1994 1224 2049 AtCaius
1273 1993 1479 2064 aurigis
1544 2001 1600 2046 et
1648 1992 2045 2065 gladiatoribus

469 2090 734 2158 parebat,
769 2097 824 2142 et
867 2087 1221 2141 saltatoribus
1262 2085 1590 2154 cat-terisque
1642 2084 1878 2139 scenicis
1929 2099 2046 2138 ser-

468 2183 675 2237 viebat.
719 2181 965 2250 Apellem
1005 2179 1228 2248 quidem
1270 2177 1641 2248 tragmdorum
1703 2179 1824 2249 ejus
1867 2178 2046 2232 aetatis

468 2272 797 2341 principem,
831 2271 996 2324 etiam
1025 2269 1080 2323 in
1114 2267 1337 2338 publico
1388 2282 1607 2336 semper
1655 2267 1898 2322 habebat
1946 2283 2037 2323 se-

468 2379 594 2419 cum
631 2383 644 2419 :
675 2379 738 2418 ac
778 2363 1031 2433 privatim
1063 2371 1119 2416 et
1155 2361 1246 2416 ille
1273 2369 1330 2416 et
1361 2368 1548 2415 caeteri
1592 2376 1694 2430 pro
1718 2362 2048 2416 auctoritate

474 2457 746 2511 faciebant
776 2471 862 2520 ea,
897 2471 1019 2524 qua:
1053 2453 1107 2508 id
1141 2469 1316 2523 genus
1346 2454 1631 2508 hominum
1675 2453 1801 2508 data
1829 2453 2050 2508 licentia

471 2549 677 2603 audere
707 2549 866 2602 solet.
895 2547 972 2601 Ac
1007 2545 1278 2616 principio
1309 2545 1532 2616 quidem
1569 2559 1628 2601 se
1674 2545 1783 2601 illis
1831 2555 1888 2601 et
1925 2562 2050 2618 spe-

473 2649 738 2694 ctatorem
765 2649 820 2694 et
848 2639 1157 2693 auditorem
1189 2637 1488 2707 prabebat,
1519 2647 1576 2692 et
1625 2637 1907 2708 aliquibus
1961 2638 2051 2694 vel

477 2732 692 2786 favebat
717 2731 802 2786 vel
836 2730 1250 2785 adversabatur.
1283 2729 1494 2784 Deinde
1518 2739 1701 2784 autem
1751 2739 1807 2785 et
1851 2747 2053 2787 currus

475 2825 725 2896 agitavit.
756 2833 811 2880 et
844 2840 967 2879 cum
994 2823 1392 2893 gladiatoribus
1415 2829 1468 2877 in
1498 2839 1720 2878 arenam
1746 2825 2049 2888 descendit,

473 2930 532 2972 et
569 2918 822 2980 saltavit,
857 2925 914 2972 et
970 2917 1266 2988 tragcedias
1320 2917 1456 2982 egit.
1484 2916 1665 2988 Semel
1717 2918 2055 2988 primoribus

475 3015 720 3068 senatus,
757 3014 817 3056 ut
845 3005 900 3058 in
940 3020 997 3058 re
1035 3006 1332 3058 admodum
1365 3005 1508 3059 seria
1546 3015 1711 3060 noctu
1747 3009 2051 3074 accersitis,

477 3091 716 3147 saltavit.
739 3091 814 3144 Ea
831 3107 976 3147 anno
997 3107 1107 3162 quo
1128 3092 1383 3149 Tiberius
1412 3094 1572 3159 obiit,
1603 3097 1845 3163 senatui,
1881 3114 2053 3168 eque-

477 3183 575 3236 stri
606 3182 788 3236 ordini
816 3192 870 3237 et
898 3184 1041 3252 plebi
1077 3194 1392 3241 assentatus
1425 3197 1510 3242 est
1541 3228 1554 3248 ,
1587 3203 1792 3242 annum
1822 3205 1991 3261 agens
2021 3206 2053 3246 ν

475 3281 532 3327 et
562 3289 649 3338 xx,
686 3283 742 3328 et
773 3275 988 3330 vinctos
1017 3292 1238 3331 carcere
1265 3277 1490 3342 eduxit,
1523 3288 1580 3334 et
1631 3281 1862 3336 crimina
1915 3283 2055 3338 laesae

476 3365 779 3436 majestatis
813 3367 1054 3432 sustulit,
1082 3368 1282 3423 litteris
1315 3369 1522 3424 Tiberii
1551 3387 1614 3426 ea
1643 3371 1710 3427 de
1739 3389 1798 3428 re
1840 3389 2053 3430 crema-

478 3452 570 3518 tis,
610 3465 668 3508 ut
695 3456 898 3524 aiebat,
928 3473 1066 3528 quas
1095 3458 1164 3512 ob
1190 3474 1278 3513 res
1313 3460 1662 3518 laudabatur.

478 3546 1002 3615 μεταπεμψάμενος,
1033 3549 1343 3620 ὠρχήσατο.
1393 3549 1480 3604 Ἐν
1506 3554 1604 3623 μὲν
1657 3548 1750 3607 οὖν
1785 3554 1862 3626 τῷ
1918 3557 2027 3611 ἔτει

475 3642 600 3703 τοὺς
639 3641 860 3705 ἱππέας,
921 3641 1017 3696 καὶ
1063 3643 1154 3696 τὸν
1201 3644 1371 3714 δῆμον
1422 3647 1737 3714 ἐκολάκευε,
1793 3651 2049 3720 πέμπτον

2144 1919 2222 1972 τῳ
2275 1900 2330 1955 δὲ
2385 1901 2444 1955 τὸ
2491 1900 2712 1970 σύμπαν
2751 1901 2800 1953 οι
2856 1901 3120 1969 Ῥωμαῖοι
3177 1899 3294 1952 τότε
3328 1903 3630 1971 παρεδόθησαν

2147 1993 2530 2064 αὐτοκράτορι,
2565 1992 2707 2046 ὥστε
2761 1993 2831 2047 τὰ
2887 1993 2982 2046 τοῦ
3036 1992 3288 2063 Τιϐερίου
3338 1993 3475 2061 ἔργα,
3505 1999 3631 2052 καίτοι

2145 2085 2404 2139 δοκοῦντα
2458 2085 2806 2156 παγχάλεπα,
2847 2083 3106 2138 τοσοῦτον
3145 2086 3213 2138 τά
3239 2083 3331 2138 τοῦ
3356 2087 3495 2140 Γαΐου
3525 2107 3636 2158 -πσρ-

2147 2181 2410 2245 ενεγκείν,
2460 2179 2584 2231 ὅσον
2626 2177 2859 2248 κρείττω
2895 2178 3122 2231 ἐκείνων
3168 2177 3236 2230 τὰ
3271 2179 3360 2231 τοῦ
3395 2179 3633 2248 Αὐγούστου

2149 2264 2285 2322 εῖναι
2315 2269 2552 2325 ἐδόκουν.
2581 2269 2828 2339 Τιϐέριος
2853 2270 2953 2338 μὲν
2977 2268 3088 2339 γὰρ
3114 2264 3272 2341 ἦρχε,
3290 2271 3489 2333 καὶτοῖς
3507 2271 3635 2334 ἄλλοις

2149 2361 2452 2432 ὑπηρέταις
2505 2364 2641 2434 πρὸς
2686 2363 2748 2416 τὸ
2791 2362 2956 2416 αὑτοῦ
3014 2363 3284 2435 ἐκέχρητο
3337 2363 3558 2436 βούλημα.
3595 2367 3634 2418 '0

2151 2454 2310 2518 Γάϊος
2343 2456 2400 2508 δὲ
2429 2457 2627 2526 ἠρχετο
2655 2455 2750 2526 μὲν
2776 2455 2880 2508 ὑπὸ
2912 2454 3021 2508 τῶν
3053 2454 3637 2525 ἀρματηλατούντων,κιὶ

2153 2546 2258 2599 ὑπὸ
2288 2546 2394 2600 τῶν
2422 2547 2900 2617 ὁπλομαχούντων·
2923 2547 3178 2602 ἐδούλευε
3205 2547 3260 2601 δὲ
3290 2549 3375 2599 καὶ
3398 2550 3496 2610 τοῖς
3520 2549 3638 2617 ὀρχη-

2153 2640 2306 2703 σταῖς
2341 2639 2577 2702 καὶτοῖς
2629 2639 2838 2703 λοιποῖς
2887 2643 3000 2703 τοῖς
3042 2640 3176 2710 περὶ
3221 2641 3317 2707 τὴν
3359 2643 3546 2711 σκηνήν.
3569 2640 3638 2690 Tia

2155 2731 2286 2800 γοῦν
2326 2731 2592 2800 Ἀπελλῆν
2623 2732 2732 2785 τῶν
2769 2733 2894 2785 τότε
2924 2731 3221 2803 τραγῳδῶν
3247 2731 3334 2784 τὸν
3357 2729 3640 2798 εὐδοκιμώτα-

2154 2841 2247 2876 τον
2279 2826 2372 2877 καὶ
2405 2824 2746 2894 δημοσιεύων
2806 2823 3032 2878 συνόντα
3083 2822 3234 2893 αύτῷ
3280 2818 3411 2892 εἶχεν
3456 2821 3540 2885 ἀεὶ,
3575 2821 3638 2873 καὶ

2155 2916 2326 2986 χωρὶς
2361 2915 2463 2985 μὲν
2497 2918 2722 2979 ἐκεῖνος,
2759 2916 2933 2987 χωρὶς
2960 2916 3004 2969 δ’
3038 2917 3090 2969 oi
3123 2915 3320 2976 λοιποὶ,
3351 2914 3490 2967 πάνθ’
3511 2915 3584 2966 ὅσα
3600 2913 3643 2964 ἃν

2154 3007 2388 3061 τοιοῦτοι
2423 3009 2739 3079 δυνηθέντες
2757 3009 3114 3080 τολμήσειαν,
3135 3007 3462 3076 ἐπ’,ὲξουσξας
3476 3007 3646 3060 ἐποίουν.

2159 3100 2267 3153 Kal
2293 3099 2472 3153 αὐτῶν
2510 3100 2579 3154 τὰ
2610 3101 2708 3170 μὲν
2743 3100 2939 3170 πρῶτα
2965 3100 3168 3172 θεατὴς
3206 3103 3297 3154 καὶ
3323 3101 3553 3170 ἀκροατὴς
3573 3098 3648 3166 l1!-

2159 3209 2302 3256 νετο,
2341 3193 2730 3257 συσπουδάζων
2777 3195 2871 3247 καὶ
2917 3195 3354 3258 ἀντιστασιάζων
3381 3193 3518 3246 τισίν.
3560 3187 3648 3244 illa

2159 3283 2256 3337 καὶ
2293 3283 2514 3354 ἅρματα
2562 3285 2732 3356 ήλασε
2781 3286 2876 3338 καὶ
2925 3287 3360 3356 ἐμονομάχησεν,
3411 3285 3591 3355 ὀρχήσει
3613 3301 3649 3334 τε
3716 3347 3717 3356 1

2160 3376 2427 3448 ἐκέχρητο
2450 3377 2544 3431 καὶ
2578 3377 2890 3448 τραγῳδίαν
2927 3379 3273 3450 ὑπεκρίνετο.
3307 3379 3468 3444 ’Δπαξ
3501 3378 3545 3432 δὲ
3568 3378 3651 3438 τοὺς

2159 3469 2411 3539 πρώτους
2440 3473 2539 3542 τῆς
2562 3470 2855 3541 γερουσίας
2885 3473 3084 3534 νυκτὸς
3113 3473 3190 3534 ὼς
3221 3473 3312 3526 ἐπί
3358 3489 3409 3524 τι
3433 3471 3651 3538 ἀναγκῶν

2092 3560 2152 3612 ἐν
2189 3553 2233 3628 ᾧ
2281 3563 2309 3614 ὁ
2357 3560 2607 3632 Τιϐέριος
2645 3560 2987 3632 ἐτελεύτησε,
3023 3562 3158 3626 τούς
3205 3579 3265 3616 τε
3320 3562 3566 3633 βουλευτὰς
3595 3545 3653 3610 καὶ

2092 3655 2188 3707 καὶ
2257 3655 2504 3709 εἰκοστὸν
2569 3656 2749 3712 ἀνύων
2783 3659 3053 3713 ἐνιαυτόν.
3083 3659 3195 3713 Kal
3220 3659 3345 3722 τοὺς
3373 3660 3425 3710 ὲν
3447 3658 3653 3724 δεσμωτη·

481 3729 615 3796 ρίοις
642 3730 902 3798 ἀπέλυσε,
929 3733 998 3789 τά
1023 3751 1083 3788 τε
1113 3735 1435 3808 ἐγκλήματα
1469 3739 1566 3810 τῆς
1598 3741 1852 3806 ἀσεϐείας
1881 3743 2171 3812 κατέλυσε,
2233 3748 2330 3801 καὶ
2397 3749 2467 3802 τά
2525 3751 2656 3821 περὶ⁵
2685 3751 2850 3804 αὑτὸν
2883 3750 2980 3804 τοῦ
3009 3751 3264 3822 Τιϐερίου
3321 3749 3594 3821 γράμματα,
3610 3745 3655 3804 ὡς

477 3820 687 3890 ἔλεγεν,
719 3823 971 3878 ἔκαυσεν·
1008 3828 1259 3899 ὲπηνείτό
1290 3847 1349 3883 τε
1376 3832 1470 3884 ἐπὶ
1492 3831 1721 3897 τούτοις.

548 3918 614 3973 ν.
671 3919 876 3975 Deinde
927 3923 1274 3979 consulatum
1356 3929 1560 3997 gessit,
1617 3932 1789 3986 ascito
1847 3933 2057 4003 collega

478 4009 705 4064 Claudio
765 4022 979 4083 patruo.
1037 4015 1089 4071 Is
1132 4018 1280 4072 enim
1325 4035 1452 4074 cum
1504 4037 1677 4092 eques
1725 4034 1906 4090 esset,
1939 4036 2055 4082 tum

479 4103 718 4172 primum
758 4115 816 4160 et
838 4107 1029 4161 consul
1063 4119 1119 4162 et
1147 4122 1371 4165 senator
1401 4115 1577 4168 factus
1607 4126 1688 4172 est
1711 4157 1726 4179 ,
1781 4132 1956 4172 annos
2003 4134 2056 4173 νι

481 4203 538 4247 et
576 4210 641 4248 zz.
675 4206 858 4251 natus.
891 4199 960 4252 At
989 4215 1148 4254 socer
1186 4203 1304 4270 ejus
1353 4203 1424 4256 M.
1473 4204 1735 4270 Sillanus,
1770 4223 1800 4260 a
1835 4208 2059 4263 Tiberio

483 4283 538 4337 in
574 4299 790 4339 summo
817 4287 1027 4342 honore
1059 4289 1280 4344 habitus
1302 4331 1316 4356 ,
1348 4291 1481 4347 Caio
1515 4303 1628 4348 tum
1681 4298 1751 4352 ob
1799 4298 2056 4354 virtutem

484 4385 599 4429 tum
633 4376 703 4430 ob
739 4377 1056 4434 afﬁnitatem
1088 4383 1300 4452 gravis,
1329 4399 1456 4439 cum
1503 4386 1721 4458 injuriis
1757 4399 1815 4445 et
1857 4402 2057 4448 contu-

483 4471 662 4525 meliis
705 4471 1029 4542 agitaretur,
1083 4478 1326 4546 seipsum
1381 4480 1681 4540 interfecit.
1717 4483 1883 4541 Caius
1925 4503 2057 4543 vero

482 4562 592 4615 tilia
643 4563 762 4632 ejus
811 4565 1007 4634 ejecta,
1053 4566 1367 4622 Corneliam
1411 4570 1722 4628 Orestinam
1765 4578 1945 4640 duxit,
2000 4580 2055 4635 in

483 4653 618 4722 ipsis
653 4654 879 4723 nuptiis,
909 4672 1047 4727 quas
1085 4674 1192 4713 una
1243 4661 1596 4730 celebrabat,
1637 4665 1700 4722 C.
1758 4668 2057 4740 Calpurnio

481 4744 667 4800 Pisoni
695 4762 900 4815 SpOllSO
931 4760 1200 4820 ereptam.
1230 4753 1491 4820 Quamvis
1513 4767 1697 4814 autem
1726 4763 1850 4818 talis
1879 4776 2052 4828 esset,

485 4847 662 4890 tamen
708 4841 970 4895 nonnulla
1011 4842 1172 4899 laude
1210 4845 1370 4916 digna
1422 4847 1571 4907 fecit.
1627 4852 1762 4907 Nam
1801 4855 2058 4911 incendio

483 4941 607 4981 cum
667 4930 937 4987 militibus
987 4937 1284 5002 exstincto,
1335 4942 1648 4999 sublevavit
1694 4961 1789 5000 eos
1857 4949 2060 5014 quibus

484 5019 626 5090 ignis
667 5035 934 5080 nocuerat
970 5044 984 5081 :
1017 5037 1072 5082 et
1107 5033 1351 5098 equestri
1386 5035 1579 5089 ordine
1620 5036 1686 5090 ad
1731 5041 2059 5104 paucitatem

483 5115 742 5182 redacto,
780 5121 1091 5188 prmcipuos
1130 5139 1198 5176 ex
1237 5124 1496 5180 universo
1542 5126 1776 5195 imperio
1825 5132 2064 5186 accersi-

488 5223 572 5273 os,
598 5210 653 5264 in
701 5225 830 5264 eum
861 5213 1066 5281 allegit,
1097 5224 1152 5268 et
1183 5216 1444 5286 suffragia
1479 5220 1826 5274 comitiorum
1859 5227 2062 5293 populo

481 5301 766 5366 restituit,
794 5312 850 5356 et
880 5304 986 5356 alia
1024 5303 1076 5357 id
1109 5321 1283 5374 genus
1322 5307 1473 5377 egit,
1511 5325 1634 5378 quae
1677 5327 1801 5366 cum
1847 5313 2064 5372 delictis

479 5389 645 5460 555
682 5402 1000 5463 comparata
1032 5395 1185 5449 nullo
1212 5395 1268 5448 in
1299 5413 1529 5453 numero
1559 5411 1742 5455 erunt.
1776 5403 1911 5458 Nam
1938 5421 2064 5460 cum

479 5482 685 5537 multos
719 5483 1022 5551 occideret,
1057 5487 1318 5542 acerbum
1354 5489 1408 5543 id
1444 5491 1666 5560 quidem
1697 5503 1818 5548 erat
1857 5505 2063 5552 tantam

480 5572 666 5642 perire
719 5575 1138 5633 multitudinem
1185 5595 1199 5632 :
1242 5579 1339 5634 sed
1391 5582 1525 5636 illud
1574 5586 1746 5640 multo
1786 5588 2062 5654 acerbius,

481 5665 631 5734 quod
683 5667 929 5724 caedibus
981 5685 1156 5740 usque
1187 5671 1327 5728 adeo
1386 5674 1797 5744 delectabatur,
1842 5690 1899 5736 et
1940 5697 2066 5752 spe-

478 5758 697 5814 ctaculo
741 5761 1031 5832 sanguinis
1057 5764 1250 5820 satiari
1281 5781 1392 5821 non
1428 5779 1663 5838 p0terat.
1696 5771 1831 5828 Nam
1867 5789 1929 5829 ea
1960 5792 2066 5830 sa:-

2232 3931 2310 3988 E'.
2359 3927 2492 3987 Είτα
2531 3934 2628 3988 καὶ
2671 3935 2967 4003 ὑπάτευσε,
3021 3935 3114 3989 τὸν
3167 3936 3310 3989 Θεῖον
3347 3941 3429 3988 τὸν
3464 3932 3658 3987 Κλαύδιον

2167 4024 2515 4104 προσλαϐών.
2553 4021 2721 4090 Οὗτος
2755 4028 2865 4098 γὰρ
2913 4030 3112 4090 ἱππεύς
3149 4029 3227 4082 ὢν
3263 4030 3377 4081 τότε
3406 4027 3582 4096 πρῶτον
3600 4024 3659 4075 καὶ

2163 4117 2439 4171 ὑπάτευσε
2499 4117 2596 4170 καὶ
2657 4119 3001 4187 ἐϐούλευσεν,
3057 4121 3122 4185 ἒξ
3185 4122 3279 4174 καὶ
3334 4117 3659 4188 τεσσαράκοντα

2163 4211 2300 4262 ἑτῶν
2351 4211 2611 4277 γεγονώς.
2659 4210 2718 4265 Ὀ
2758 4212 2817 4265 δὲ
2863 4212 2927 4283 δὴ
2985 4214 3254 4282 πενθερὸς
3304 4212 3456 4266 αὐτοῦ
3501 4211 3660 4278 Μάρκος

2159 4302 2412 4367 Σιλανὸς,
2443 4305 2632 4373 ἐπειδὴ
2665 4304 2836 4375 βαρὺς
2875 4307 3025 4374 αύτῷ
3072 4308 3179 4361 ὑπὸ
3207 4325 3266 4360 τε
3295 4309 3391 4376 τῆς
3415 4305 3578 4376 ἀρετῆς
3601 4301 3661 4354 καὶ

2167 4391 2272 4444 ὑπὸ
2301 4393 2404 4461 τῆς
2445 4395 2771 4462 συγγενείας
2807 4391 2896 4466 ἦν,
2945 4398 3480 4470 προπηλακιζόμενὸς
3521 4412 3565 4448 τε
3603 4392 3662 4443 iu".

2093 4475 2136 4529 ο
2164 4485 2676 4558 περιυϐριζόμενος,
2714 4489 3082 4559 διεχειρίσατο
3128 4492 3344 4553 ἑαυτὸν,
3372 4489 3525 4543 καίτοι
3558 4484 3661 4553 παΡά

2167 4576 2262 4630 τοῦ
2289 4578 2539 4648 Τιϐερίου
2573 4580 2780 4648 σφόδρα
2818 4581 3157 4651 τιμώμενος.
3202 4583 3261 4635 ὐ
3289 4583 3343 4635 δὲ
3375 4581 3460 4634 καὶ
3489 4579 3566 4647 τὴν
3602 4575 3663 4625 θυ-

2168 4671 2382 4740 γατέρα
2410 4671 2578 4725 αὐτοῦ
2613 4672 2888 4735 ἐκϐαλὼν,
2923 4675 3100 4745 ἔγημε
3155 4674 3453 4744 Κορνηλίαν
3492 4666 3662 4738 Ὀρεστί-

2168 4779 2286 4828 ναν,
2313 4763 2380 4831 ἢν
2425 4766 2483 4817 ὲν
2531 4767 2714 4828 αὐτοῖς
2747 4769 2859 4830 τοῖς
2891 4769 3090 4838 γάμοις
3135 4771 3456 4838 ἀφήρπασεν
3481 4763 3555 4826 οὒς
3580 4778 3663 4813 συν·

2171 4852 2418 4924 εώρταζε
2447 4855 2525 4925 τῷ
2559 4857 2958 4929 ὲγγεγυημένῳ
3009 4860 3183 4929 αὐτὴν
3214 4861 3360 4926 Γαΐῳ
3388 4850 3662 4920 Καλπουρνξῳ

2172 4947 2429 4999 Πείσωνι.
2449 4947 2643 5001 Καίτοι
2662 4948 2719 5002 δὲ
2739 4948 2978 5013 τοιοῦτος
2997 4951 3096 5015 ὢν,
3116 4951 3321 5022 ἔπραξέ
3340 4968 3450 5004 τινα
3468 4950 3545 5000 καὶ
3560 4944 3663 4996 ἐπσέο

2169 5053 2263 5090 νου
2290 5037 2437 5101 ἄξια·
2469 5039 2828 5110 Ἐμπρησμὸν
2853 5042 2960 5114 γὰρ
2987 5044 3252 5113 μετὰτῶν
3283 5038 3585 5112 στρατιωτῶν
3599 5049 3662 5084 κε-

2170 5130 2462 5194 τασδέσαςι
2486 5133 2762 5203 ἐπήρκεσε
2785 5137 2899 5198 τοῖς
2929 5136 3259 5205 ζημιωθεῖσι
3278 5151 3291 5165 ·
3315 5134 3404 5188 τοῦ
3429 5149 3479 5184 τε
3505 5131 3588 5180 τῶν
3607 5127 3662 5177 Ξτ-

2172 5221 2316 5274 πέων
2353 5222 2544 5286 τέλους
2585 5225 3034 5296 ὀλιγανδροῦντος
3071 5227 3132 5293 ἐξ
3164 5228 3379 5296 ἁπάσης
3411 5222 3556 5292 ἀρχῆς
3583 5216 3663 5272 τοὺς

2171 5313 2422 5384 πρώτους
2442 5319 2944 5389 μεταπεμψάμενος
2963 5321 3310 5386 κατελέξατο,
3330 5319 3513 5378 καὶτὰς
3535 5315 3667 5382 ἀρχαιυ

2174 5407 2361 5476 ρεσίας
2379 5407 2455 5478 τῷ
2471 5409 2628 5479 δήμῳ
2648 5412 2903 5464 ἀπέδωκε
2925 5429 2938 5444 ο
2965 5415 3060 5466 καὶ
3075 5413 3209 5468 ἀλλα
3223 5413 3342 5464 τινα
3361 5407 3554 5460 τοιαῦτα
3566 5397 3666 5453 ἐποί-

2169 5515 2325 5567 ησεν.
2356 5499 2620 5554 ’Υπαίτια
2633 5502 2688 5555 δὲ
2703 5503 2997 5574 εἰργάσατο
3011 5500 3491 5565 πολλαπλάσια,καὶ
3507 5492 3667 5550 πολλοὺς

2178 5591 2529 5646 ἀπέκτεινεν.
2568 5587 2676 5645 Ἦν
2721 5593 2778 5646 δὲ
2813 5594 2876 5647 οὐ
2922 5594 2982 5647 τὸ
3011 5595 3208 5664 πλῆθος
3237 5596 3342 5648 τῶν
3367 5585 3665 5654 ἀπολλυμένων

2180 5682 2322 5737 οὕτω
2337 5683 2530 5736 δεινόν’
2548 5686 2728 5739 καίτοι
2743 5687 2917 5741 δεινὸν
2937 5687 3019 5755 ὃν,
3035 5688 3354 5755 ἀλλ’δτιιτοῖς
3372 5701 3424 5737 τε
3443 5682 3585 5752 φόνοις
3600 5671 3664 5724 “'3’

2175 5777 2283 5834 τῶν
2305 5779 2654 5853 ὑπερέχαιρε,
2675 5782 2774 5836 καὶ
2796 5782 3086 5854 ἀπλήστως
3103 5781 3212 5855 εἶχε
3230 5784 3326 5855 τῆς
3339 5779 3539 5843 θέαςτοῦ
3553 5771 3661 5838 αἷμα·
