3910 6590
234 431 325 493 937

1465 418 1871 482 ANNALIUM
1907 423 2046 484 LlB.
2082 420 2186 481 XL

3342 435 3448 498 9'8

231 565 330 610 τις.
377 542 510 598 ’Υπδ
539 539 668 610 γοῦν
723 537 1012 609 ὠμότητος
1062 535 1428 590 ἐπιλιπόντων
1485 536 1617 590 ποτὲ
1664 537 1773 589 τῶν

1883 537 2009 592 vilia
2035 539 2160 604 luit,
2189 548 2248 594 ut
2291 554 2416 595 cum
2452 540 2748 612 aliquando
2776 543 3126 600 condemnati
3177 561 3285 603 non
3315 551 3450 604 satis

227 640 331 697 τοῖς
361 635 565 704 θηρίοις
596 633 658 684 ἐκ
689 629 990 698 καταδίκης
1019 627 1337 698 διδομένων,
1385 627 1668 682 ἐκέλευσεν
1708 631 1774 682 ἐκ

227 727 308 778 τοῦ
340 725 506 795 ὄχλου
538 721 628 776 τοῦ
653 723 764 784 τοῖς
803 719 998 790 ίκρίοις
1026 720 1458 790 προστετηκότος
1491 736 1774 790 συναρπα-

225 815 398 886 σθῆναι
427 830 598 876 τινας,
639 811 736 864 καὶ
770 809 1190 880 παραϐληθῆναι
1222 810 1424 871 αὐτοῖς.
1460 810 1572 863 Καὶ
1624 809 1776 872 ὃπως

223 909 348 978 μήτε
380 903 777 974 ἐπιϐοήσασθαι
807 903 948 975 μήτε
974 902 1329 956 αἰτιάσασθαι
1355 901 1654 971 δυνηθῶσι,
1675 901 1776 964 τὰς

221 999 452 1069 γλώσσας
490 996 673 1052 αὐτῶν
725 997 1138 1067 προαπέτεμον.
1179 994 1416 1057 Πολλοὺς
1443 994 1501 1046 δὲ
1556 995 1652 1047 καὶ
1685 993 1774 1047 διὰ

220 1094 305 1154 τὰς
333 1090 517 1153 οὐσίας
544 1089 821 1158 ἐφόνευεν,
857 1087 1002 1159 ἕτερ’
1039 1089 1177 1143 ἄττα
1219 1087 1406 1156 σφίσιν
1428 1087 1773 1155 ἐπεγκαλῶν.

221 1183 318 1239 Καὶ
340 1185 366 1236 ὀ
395 1183 492 1253 τῆς
527 1181 862 1252 Δρουσίλλης
904 1181 1006 1252 τῆς
1045 1180 1282 1251 ἀδελφῆς
1307 1180 1538 1244 θάνατος
1568 1180 1630 1232 ού
1659 1179 1777 1250 μεί-

216 1295 298 1341 ονς
347 1275 676 1346 διέφθειρεν,
735 1270 768 1348 ᾖ
821 1274 1055 1346 συνῴκει
1117 1275 1215 1345 μὲν
1267 1273 1495 1344 Μάρκος
1548 1272 1777 1336 Λέπιδος

218 1369 426 1422 παιδικὰ
464 1366 584 1438 ἅμα
616 1368 780 1422 αὑτοῦ
831 1371 926 1422 καὶ
959 1367 1198 1440 ἐραστὴς
1229 1366 1326 1432 ὢν,
1373 1369 1544 1436 συνῆν
1587 1367 1644 1419 δὲ
1679 1367 1776 1420 καὶ

215 1459 440 1522 arato:
495 1455 874 1511 ἀποθανοῦσαν
933 1455 1028 1510 οὖν
1085 1456 1298 1509 πολλῶν
1327 1456 1424 1525 μὲν
1457 1455 1551 1507 καὶ
1601 1453 1777 1509 ἄλλων

213 1551 447 1620 ἠξίωσεν,
473 1546 596 1602 εἶτα
620 1550 713 1602 καὶ
743 1548 1046 1602 ἀπεθέωσε.
1097 1547 1231 1602 Μετ’
1260 1547 1445 1616 ὀλίγον
1483 1548 1541 1601 δὲ
1601 1547 1775 1617 ἔγημε

214 1643 396 1696 Δολίαν
443 1643 739 1709 Παυλῖναν,
767 1643 928 1697 αὑτὸν
955 1643 1045 1696 τὸν
1074 1643 1246 1713 ἄνδρα
1282 1643 1456 1713 αὐτῆς
1501 1642 1775 1711 ἐγγυῆσαι

215 1736 348 1806 αὐτῷ
379 1736 478 1806 τὴν
507 1740 748 1806 γυναῖκα
787 1735 1003 1806 βιάσας,
1036 1736 1125 1790 ἴνα
1155 1736 1252 1808 μὴ,
1296 1736 1564 1804 ἀνέγγυον
1602 1733 1774 1805 αὐτὴν

213 1827 396 1891 λαὸὼν,
424 1829 826 1900 παρανομήσῃ.
873 1829 961 1880 Ἐν
1015 1829 1276 1898 στενωπῷ
1314 1828 1371 1880 δέ
1408 1845 1539 1881 ποτε
1602 1829 1774 1898 πηλὸν

1881 630 2037 684 multi
2069 641 2289 696 essent,
2320 630 2412 702 qui
2458 633 2650 688 bestiis
2694 635 3104 704 objicerentur,
3146 637 3368 708 juberet
3415 657 3449 697 e

1879 724 2039 778 turba
2077 739 2198 794 quas
2231 725 2489 781 tabulatis
2515 727 2846 792 inhaerebat,
2875 729 3085 799 aliquot
3112 730 3222 785 illis
3244 732 3407 804 objici
3432 751 3448 788 :

1876 815 2078 882 quibus
2114 831 2183 869 ne
2221 817 2509 872 vociferari
2552 827 2608 873 et
2648 820 2898 889 quiritari
2930 832 3190 890 possent,
3237 823 3454 895 linguas

1879 906 1934 960 in
1988 907 2178 977 primis
2239 909 2509 978 praecidit.
2561 910 2760 968 Multos
2809 913 2916 967 alia
2958 929 3122 969 causa
3165 918 3451 982 simulata,

1877 1008 2103 1068 propter
2147 999 2287 1055 bona
2322 1003 2545 1058 occidit.
2582 1004 2729 1058 Mors
2759 1021 2979 1076 quoque
3013 1007 3260 1062 Drus’llm
3293 1025 3454 1064 soro-

1880 1091 1955 1144 ris
2006 1091 2145 1161 ejus.
2201 1107 2310 1146 nou
2370 1094 2560 1161 paucis
2609 1095 2777 1150 exitio
2806 1095 2930 1161 fuit,
2971 1114 3092 1168 qua:
3138 1099 3205 1152 Μ.
3249 1099 3454 1171 Lepido

1877 1181 1998 1252 ejus
2031 1182 2240 1237 amasio
2273 1183 2435 1238 simul
2472 1194 2528 1239 et
2556 1187 2786 1241 amatori
2821 1198 3012 1258 nupta,
3039 1188 3193 1244 fratri
3233 1208 3454 1261 quoque

1878 1275 1962 1328 sui
1999 1275 2213 1345 copiam
2259 1275 2514 1332 faciebat.
2567 1280 2698 1333 Eam
2749 1291 3020 1336 mortuam
3077 1293 3274 1352 praeter
3317 1283 3455 1338 alios

1880 1369 2120 1424 honores
2164 1370 2218 1424 in
2261 1387 2555 1425 numerum
2602 1373 2829 1428 deorum
2863 1376 3070 1429 retulit.
3110 1376 3278 1430 Paulo
3331 1386 3454 1446 post

1878 1460 2106 1515 Lolliam
2156 1463 2440 1517 Paulinam
2475 1464 2669 1528 duxit,
2716 1475 2908 1522 coacto
2959 1471 3156 1522 marito
3200 1469 3339 1539 ejus.
3395 1477 3456 1522 ut

1877 1566 1997 1604 eam
2061 1551 2168 1605 sibi
2220 1552 2734 1622 desponderetzne
2779 1555 2834 1609 in
2886 1555 3034 1627 leges
3085 1559 3456 1614 committeret
3527 1576 3532 1581 ·

1877 1644 2109 1711 scilicet,
2137 1645 2182 1700 si
2212 1661 2333 1700 eam
2360 1646 2477 1700 sine
2506 1647 2857 1716 sponsalibus
2884 1649 3149 1704 duxisset.
3180 1650 3315 1706 Cum
3353 1653 3454 1705 ali-

1876 1737 2099 1809 quando
2140 1741 2195 1794 in
2221 1742 2514 1811 angiportu
2548 1743 2779 1796 multum
2815 1745 2957 1798 caeni
2984 1743 3248 1805 vidisset,
3293 1746 3345 1799 id
3395 1747 3454 1802 in
3545 1801 3548 1804 .

1875 1832 2050 1887 sedilis
2089 1840 2146 1886 et
2193 1833 2314 1902 ejus
2357 1835 2450 1903 qui
2502 1834 2605 1888 viis
2671 1836 2972 1906 purgandis
3024 1848 3252 1906 prteerat
3295 1840 3454 1894 vesti-

214 1919 362 1971 πολὺν
400 1918 762 1988 θεασάμενος,
787 1919 1074 1973 ἐκέλευσεν
1102 1919 1267 1972 αὑτὸν
1292 1921 1374 1981 εἰς
1399 1919 1468 1972 τὰ
1497 1919 1593 1972 τοῦ
1641 1922 1773 1987 ἀγο-

1883 1934 2057 1980 menla
2095 1927 2293 1996 conjici
2323 1927 2507 1997 jussit.
2560 1927 2698 1981 Tum
2742 1939 2923 1982 autem
2957 1930 3132 1984 a-dilis
3165 1940 3281 1986 erat
3345 1930 3456 1987 Vc-

217 2011 573 2081 ρανομοῦντος
639 2011 761 2064 τότε
821 2011 913 2064 καὶ
973 2012 1070 2082 τῆς
1109 2012 1217 2065 τῶν
1271 2012 1408 2066 ὁδῶν
1451 2013 1772 2084 καθάροεως

214 2103 636 2174 ἐπιμελουμένου
695 2105 893 2174 ίμάτια
945 2105 1308 2176 ὲμὸληθῆναι.
1362 2105 1774 2170 Οὐεσπασιανὸς

212 2194 259 2247 δὲ
285 2199 396 2248 τότε
427 2191 496 2267 ἦν
537 2197 917 2269 ἀγορανομῶν·
952 2197 1091 2252 ὥστε
1149 2198 1396 2268 ὕστερον,
1425 2198 1636 2252 ἐκείνου
1680 2201 1775 2252 καὶ

213 2292 270 2342 τὰ
295 2295 597 2361 πράγματα
621 2297 1010 2366 τεταραγμένα
1036 2296 1128 2348 καὶ
1160 2296 1487 2366 πεφυρμένα
1528 2297 1776 2367 παραλα-

214 2383 383 2449 ϐόντος
413 2388 510 2440 καὶ
543 2389 1012 2460 καταστήσαντος,
1046 2389 1224 2452 ἔδοξεν
1252 2389 1352 2441 οὐκ
1383 2389 1534 2443 ἀθεεὶ
1563 2389 1623 2442 τὸ
1653 2389 1773 2442 τότε

215 2476 416 2544 συμὸὰν
464 2478 778 2547 γεγονέναι,
822 2478 939 2532 ἀλλ’
971 2481 1234 2552 ἄντικρυς
1273 2481 1424 2550 αὑτῷ
1473 2481 1573 2553 τὴν
1620 2481 1776 2535 πόλιν

218 2566 336 2639 πρὸς
368 2569 749 2640 ἐπανόρθωσιν
781 2571 938 2642 παρά
969 2573 1130 2624 Γαΐου
1178 2571 1616 2642 ἐγχειρισθῆναι.
1646 2575 1776 2645 Διη-

217 2659 370 2724 νεκῶς
401 2661 458 2713 δὲ
503 2661 739 2725 πολλοὺς
769 2664 796 2716 ὁ
830 2663 990 2727 Γάϊος
1015 2665 1261 2738 ἐφόνευε,
1290 2665 1384 2716 καὶ
1411 2659 1481 2734 ἦν
1511 2663 1616 2728 ἔξω
1666 2665 1775 2717 τῶν

217 2753 374 2821 φόνων
408 2754 594 2822 οὐδὲν,
639 2756 736 2809 καὶ
780 2756 903 2810 οὐδὲ
976 2755 1056 2826 τῷ
1123 2757 1320 2827 πλήθει
1357 2771 1411 2809 τι
1465 2757 1773 2828 ἐχαρίζετο,

216 2843 438 2898 κάκεῖνοι
467 2847 615 2900 πάνυ
641 2848 791 2920 αὐτῷ
820 2849 1221 2920 ἀπηχθάνοντο.
1304 2851 1484 2906 Πολλά
1523 2852 1624 2920 μὲν
1666 2852 1777 2921 γὰρ

217 2937 297 2990 καὶ
324 2939 453 2994 ἄλλα
480 2941 636 3012 αὐτῷ
671 2943 746 3012 μὴ
774 2943 1082 3012 ἀρέσκοντα
1110 2943 1300 3011 ἔλεγόν
1338 2960 1398 2996 τε
1448 2946 1542 2998 καί
1571 2945 1777 3016 ἔπρατο

214 3048 311 3083 τον·
343 3033 475 3105 πρὸς
507 3033 570 3088 δὲ
610 3037 721 3098 τοῖς
760 3037 1064 3106 ἠγανάκτει
1113 3037 1302 3100 δεινῶς
1351 3039 1436 3090 ὅτι
1490 3038 1777 3101 δοκοῦντες

217 3123 524 3192 μεγαλύνειν
579 3125 760 3190 αύτδν,
811 3127 1112 3180 Νεανίσκε
1136 3127 1468 3196 Αὕγουστε,
1512 3127 1774 3182 ἐπεϐόων.

1878 2018 2166 2087 spasianus
2192 2017 2318 2088 :qui
2346 2033 2472 2071 cum
2503 2029 2646 2088 post.
2680 2019 2974 2089 imperium
3015 2037 3233 2092 quoque
3268 2023 3456 2079 turba-

1879 2117 1993 2164 tum
2022 2119 2078 2166 et
2107 2110 2398 2166 confusum
2431 2108 2812 2180 tranquillitati
2843 2113 3158 2166 restitutum
3189 2115 3455 2169 adornas-

1877 2210 1981 2264 set,
2045 2203 2177 2258 illud
2230 2217 2340 2258 non
2391 2203 2510 2258 siue
2564 2205 2791 2260 numine
2855 2205 3081 2266 factum,
3129 2207 3225 2261 sed
3293 2208 3454 2276 plane

1877 2295 2065 2350 civitas
2101 2296 2152 2350 ei
2199 2295 2266 2351 ad
2305 2295 2626 2367 corrigenda
2661 2296 2788 2351 vitia
2825 2297 3027 2352 tradita
3063 2311 3186 2353 esse
3233 2315 3262 2354 a
3295 2299 3452 2360 Caio.

1877 2390 2197 2460 putabatur.
2227 2390 2471 2446 Gadium
2501 2391 2716 2445 nullum
2764 2390 2999 2446 faciebat
3049 2391 3272 2447 modum
3300 2434 3312 2454 ,
3352 2408 3455 2448 nec

1875 2483 1998 2552 ejus
2024 2481 2343 2538 dominatus
2373 2482 2521 2536 aliud
2554 2499 2717 2552 quam
2754 2483 3070 2539 carnificina
3101 2495 3224 2540 erat
3255 2503 3270 2542 :
3299 2497 3354 2540 ct
3394 2497 3455 2541 ut

1879 2575 2024 2644 plebi
2057 2575 2205 2629 nulla
2237 2575 2290 2629 in
2326 2590 2383 2630 re
2429 2575 2862 2646 gratificabatur,
2898 2577 2978 2631 sic
3031 2577 3106 2630 illi
3155 2577 3450 2631 admodum

1880 2667 2090 2722 invisus
2121 2676 2259 2722 erat.
2294 2669 2371 2722 Ac
2418 2676 2621 2737 praeter
2660 2667 2763 2722 alia
2802 2668 2972 2722 multa
3025 2669 3169 2724 dicta
3213 2678 3268 2724 et
3314 2669 3455 2724 facta

1879 2761 2107 2814 minime
2137 2768 2310 2831 grata,
2344 2759 2477 2813 illud
2508 2760 2792 2830 :egerrime
2821 2759 3066 2824 ferebat,
3103 2760 3248 2830 quod
3287 2776 3460 2830 popu-

1879 2853 1964 2906 lus
1993 2867 2092 2922 per
2142 2852 2383 2922 speciem
2434 2851 2664 2905 honoris
2713 2848 3100 2907 acclamabat':
3139 2852 3456 2907 Adolescens

1880 2945 2135 3016 Auguste.
2169 2945 2282 3000 Nec
2315 2943 2462 3000 enim
2503 2959 2561 2999 se
2591 2943 2807 2998 felicem
2839 2944 3126 3013 praedicari
3171 2944 3453 3010 credebat,

1880 3037 2025 3107 quod
2071 3035 2396 3091 adolescens
2432 3036 2778 3106 imperaret;
2837 3031 2934 3090 se'd
2987 3036 3257 3100 accusari,
3306 3039 3455 3106 quod

1884 3131 2094 3187 tantilla
2125 3137 2284 3186 aetate
2341 3137 2550 3184 tantum
2600 3127 2891 3196 imperium
2941 3126 3234 3181 obtineret.
3278 3126 3455 3183 Pecu-

216 3215 277 3266 Οὐ
301 3216 406 3283 γὰρ
437 3216 853 3286 μακαρίζεσθαι
907 3219 1116 3286 ἡγεῖτο,
1174 3217 1256 3270 ὃτι
1290 3219 1406 3282 νέος
1438 3217 1512 3270 ὢν
1542 3220 1776 3288 ὲμονάρ-

1883 3226 2026 3278 niam
2067 3223 2263 3293 quovis
2297 3221 2462 3276 modo
2485 3220 2729 3290 parabat,
2761 3220 2896 3274 alias
2922 3228 3088 3288 atque
3141 3219 3274 3274 alias
3307 3236 3457 3290 qua:-

215 3323 304 3376 χει,
329 3307 440 3359 ἀλλ’
471 3309 838 3377 ἐγκαλεῖσθαι
871 3310 954 3362 ὅτι
995 3312 1052 3362 έν
1091 3309 1276 3382 ἡλικίᾳ
1302 3311 1530 3383 τοιαύτῃ
1581 3311 1773 3382 τηλικοε

215 3399 362 3472 αύτην
392 3398 550 3473 εἶχεν
576 3404 775 3473 ἀρχήν.
819 3405 1193 3474 Ἐχρημάτιζε
1230 3405 1276 3457 δ’
1320 3407 1384 3457 ἐκ
1410 3406 1614 3476 τρόπου
1644 3423 1777 3459 παν-

214 3492 310 3557 τὸς,
330 3495 472 3566 ἀργυ
487 3497 681 3566 ρισμοῦ
707 3495 894 3550 ἄλλοτε
918 3496 1437 3569 ἄλλαςὲφευρίσκων
1463 3498 1654 3564 λαϐὰς,
1682 3500 1777 3552 καὶ

218 3587 429 3659 ἀζήμιος
481 3589 592 3642 τῶν
627 3590 689 3658 γέ
712 3607 764 3642 τι
794 3592 1025 3662 ἐχόντων
1041 3591 1215 3654 οὐδεῖς
1242 3592 1342 3644 οὐκ
1373 3592 1532 3660 ἀνὴρ,
1552 3593 1612 3644 οὐ
1640 3592 1778 3662 γυνὴ

215 3681 622 3736 καταλέλειπτο*
685 3684 788 3736 κᾶν
837 3701 992 3746 τινας
1051 3683 1110 3737 δὲ
1167 3681 1275 3734 τῶν
1329 3682 1778 3752 ἀφηλικεστέρων

215 3769 300 3842 ζῇν
336 3774 440 3839 εῐα,
484 3773 621 3827 ἀλλά
659 3775 908 3844 πατέρας
941 3792 1001 3828 τε
1035 3775 1128 3828 καὶ
1166 3775 1420 3828 -πάππου
1461 3816 1476 3840 ,
1528 3777 1775 3846 μητέρας

214 3879 265 3915 τε
298 3867 587 3936 ὀνομάζων
618 3868 713 3920 καὶ
743 3866 937 3936 τήθας,
974 3869 1072 3921 καὶ
1119 3868 1328 3932 ζῶντας
1377 3868 1776 3938 ὲξεκαρποῦτο,

217 3963 297 4012 καὶ
323 3960 709 4016 τελευτώντων
746 3963 844 4026 τὰς
875 3964 1066 4026 οὐσίας
1105 3963 1490 4034 ἐκληρονόμει,
1547 3950 1780 4018 Ἐλάσαι

217 4049 265 4103 δὲ
318 4053 406 4115 διὰ
459 4055 566 4125 τῆς
614 4053 896 4126 θαλάσσης
942 4056 1148 4126 τρόπον
1178 4056 1302 4108 τινὰ
1334 4057 1429 4109 καὶ⁵
1458 4055 1782 4110 διιππεῦσαι

228 4142 556 4214 ἐπεθύμησε,
593 4146 688 4200 καὶ
727 4145 1045 4216 ἐγεφύρωσε
1075 4148 1138 4200 τὸ
1206 4147 1411 4217 μεταξὺ
1452 4147 1560 4201 τῶν
1596 4148 1786 4202 Ποτιό-

221 4225 314 4281 λων
348 4237 437 4288 καὶ
479 4235 587 4289 τῶν
613 4236 861 4291 Βαύλων.
883 4237 958 4290 Τὸ
985 4237 1043 4290 δὲ
1073 4239 1276 4308 χωρίον
1315 4239 1472 4292 τοῦτο
1529 4257 1785 4294 καταντι-

220 4324 375 4395 πέραν
407 4328 511 4397 τῆς
547 4328 758 4393 πόλεώς
797 4331 936 4396 ἐστι,
975 4331 1156 4401 διέχον
1193 4332 1368 4401 αὐτῆς
1415 4332 1666 4395 σταδίους
1725 4333 1784 4399 ἓξ

222 4417 530 4482 καὶεῖκοσι.
584 4422 747 4474 Πλοία
788 4422 844 4474 δὲ
875 4425 956 4484 είς
991 4424 1092 4494 τὴν
1124 4425 1370 4494 γέφυραν
1409 4424 1478 4476 τὰ
1537 4425 1636 4494 μὲν
1687 4442 1785 4478 κα·-

223 4510 572 4580 τεσκευάσθη,
619 4513 686 4565 τὰ
715 4513 770 4566 δὲ
807 4514 1092 4585 ἡθροίσθη.
1137 4515 1255 4583 Ἀφ’
1279 4508 1450 4586 οὗπερ
1504 4517 1596 4569 καὶ
1625 4516 1786 4586 λιμδς

1885 3322 2003 3368 stus
2037 3313 2353 3368 occasiones
2396 3323 2644 3382 captans,
2695 3326 2872 3381 neque
2912 3312 3202 3381 quisquam
3235 3313 3319 3368 vel
3371 3313 3457 3367 vir

1879 3405 1963 3460 vel
1999 3405 2197 3459 mulier
2233 3404 2459 3458 multam
2493 3403 2808 3474 effugiebat.
2869 3403 3024 3468 Quod
3058 3403 3103 3457 si
3144 3419 3283 3473 quos
3333 3419 3458 3474 pro-

1881 3495 2138 3550 vectioris
2170 3496 2346 3550 astatis
2391 3495 2579 3549 vivere
2629 3493 2966 3564 patiebatur,
3024 3508 3120 3547 eos
3171 3503 3353 3563 patres
3400 3505 3459 3550 et

1881 3601 2035 3653 avos,
2069 3596 2126 3642 et
2158 3596 2359 3640 matres
2381 3594 2437 3640 et
2462 3587 2612 3640 avias
2635 3585 2979 3655 appellando,
3014 3593 3126 3639 tum
3154 3588 3454 3642 viventium

1881 3679 2062 3734 adhuc
2092 3679 2252 3734 bonis
2291 3678 2598 3741 fruebatur,
2633 3685 2744 3731 tum
2795 3677 3182 3734 defunctorum
3228 3679 3462 3734 haeredi-

1884 3784 2050 3828 tatem
2082 3775 2366 3828 cernebat.
2401 3773 2538 3827 Cum
2575 3772 2626 3825 ei
2656 3771 2832 3826 libido
2868 3772 3187 3827 incessisset
3219 3773 3271 3826 in
3319 3773 3457 3829 mari

1883 3866 2066 3936 aliquo
2095 3865 2256 3920 modo
2287 3865 2571 3936 aurigandi
2614 3875 2671 3920 et
2713 3867 3033 3936 equitandi,
3073 3866 3273 3920 fretum
3311 3868 3457 3938 quod

1885 3959 2029 4012 inter
2055 3959 2314 4012 Puteolos
2345 3966 2401 4013 et
2435 3958 2632 4012 Baulos
2660 3967 2766 4021 est,
2798 3966 2964 4028 ponte
2995 3959 3198 4029 junxit.
3240 3961 3288 4013 ls
3329 3975 3456 4014 vero

1884 4051 2040 4106 locus
2069 4067 2099 4106 e
2134 4050 2355 4122 regione
2388 4051 2550 4122 556
2577 4051 2729 4106 urbis
2751 4060 2858 4117 est,
2891 4068 2940 4105 νι
2979 4061 3034 4106 et
3056 4068 3123 4105 xx
3148 4053 3341 4106 sradiis
3387 4052 3456 4107 ab

1883 4159 1948 4199 ea
1995 4143 2225 4198 distans.
2274 4141 2354 4198 Ad
2387 4159 2514 4198 eum
2553 4151 2771 4212 pontem
2822 4157 2947 4197 cum
2993 4144 3206 4215 navigia
3260 4145 3458 4215 partim

1885 4235 2174 4302 aedificata,
2208 4237 2406 4305 partim
2461 4243 2721 4290 convecta
2771 4245 2974 4301 essent,
3048 4237 3240 4307 ingens
3289 4238 3462 4293 fames

1887 4329 1942 4383 in
1976 4336 2088 4383 tota
2120 4328 2295 4394 ltalia,
2339 4336 2395 4382 et
2435 4328 2620 4382 Romae
2668 4328 2723 4381 in
2770 4328 2964 4398 primis
3013 4329 3135 4382 fuit.
3181 4330 3297 4399 Ipse
3331 4345 3462 4384 vero

1886 4421 2205 4482 Alexandri,
2240 4431 2299 4476 ut
2328 4419 2530 4485 aiebat,
2585 4421 2864 4474 thoracem
2923 4421 3172 4487 indutus,
3209 4434 3264 4476 et
3296 4437 3463 4488 super

1887 4529 1955 4568 eo
1997 4515 2337 4586 chlamydem
2392 4514 2622 4568 sericam
2675 4513 2936 4583 purpurei
2996 4515 3238 4577 coloris,
3290 4515 3463 4570 nutlto

227 4598 276 4649 ἐν
300 4617 355 4652 τε
397 4607 462 4672 τῇ
501 4603 705 4675 Ἰταλίᾳ
744 4608 836 4660 καὶ
867 4609 924 4659 ὲν
955 4610 1021 4677 τῇ
1067 4606 1254 4679 Ῥώμῃ
1297 4607 1530 4676 μάλιστα
1564 4607 1778 4678 ἰσχυρὸς

1890 4622 2048 4668 auro,
2101 4605 2288 4660 multis
2318 4605 2520 4660 Indicis
2563 4608 2794 4676 gemmis
2839 4615 3110 4667 ornatam,
3162 4606 3340 4675 gladio
3369 4624 3463 4661 ac-

225 4689 448 4755 ὲγένετο.
501 4694 561 4746 ’0
590 4695 646 4747 δὲ
683 4699 774 4749 τὸν
796 4697 889 4750 τοῦ
933 4699 1314 4771 Ἀλεξάνδρου,
1339 4699 1414 4762 ὡς
1453 4699 1608 4768 ἔλεγε
1643 4700 1780 4769 (91),

227 4781 437 4854 θώρακα
479 4788 866 4858 ἐνδυσάμενος,
897 4792 990 4844 καὶ
1021 4792 1107 4844 ἐπ’
1141 4793 1289 4862 αὑτῷ
1317 4790 1567 4861 χλαμύδα
1625 4807 1782 4861 σηρι-

224 4878 316 4944 κὴν
346 4879 593 4949 ἁλουργῆ
643 4881 776 4935 πολὺ
816 4882 912 4952 μὲν
943 4885 1184 4952 χρυσίον,
1236 4883 1462 4944 πολλοὺς
1491 4883 1548 4935 δὲ
1603 4881 1784 4944 λίθους

238 4965 483 5033 Ἰνδικοὺς
514 4971 766 5041 ἔχουσαν,
800 4973 894 5026 καὶ
957 4973 1109 5042 ξίφος
1166 4973 1638 5044 περιζωσάμενος,
1689 4971 1787 5024 καὶ

1890 4699 2103 4754 cinctus
2131 4720 2145 4753 ς
2179 4707 2508 4768 sumptoque
2541 4699 2760 4768 clypeo,
2787 4707 2841 4752 et
2870 4713 3076 4766 querna
3123 4713 3324 4751 corona
3379 4714 3464 4752 re-

1893 4790 2139 4854 dimitus,
2178 4789 2504 4842 festinanter
2537 4789 2591 4842 in
2629 4789 2821 4841 urbem
2862 4788 3016 4857 quasi
3051 4797 3240 4842 contra
3276 4788 3463 4843 hostes

1894 4895 2019 4932 cum
2073 4880 2308 4933 maximo
2339 4878 2586 4948 equitum
2618 4889 2672 4932 et
2702 4878 2944 4947 peditum
2971 4890 3307 4933 armatorum
3357 4895 3462 4933 nu-

1895 4983 2048 5023 mero
2095 4968 2344 5022 introivit
2375 4986 2389 5022 :
2427 4976 2484 5021 et
2517 4967 2641 5020 aliis
2675 4967 2728 5020 id
2763 4980 2938 5036 genus
2987 4966 3154 5020 rebus
3188 4981 3285 5034 pro
3328 4979 3464 5018 con-

227 5058 418 5114 ἀσπίδα
475 5063 681 5128 λαὸὼν,
738 5065 859 5135 δρυῖ
912 5083 972 5117 τε
1011 5065 1528 5135 στεφανωσάμενος,
1587 5066 1778 5134 σπουδῇ

1891 5058 2047 5114 cione
2082 5057 2390 5128 gloriando,
2430 5057 2652 5112 Darium
2683 5065 2740 5111 et
2771 5058 3005 5111 Xerxem
3041 5055 3270 5120 derisit,
3318 5054 3462 5124 quod

229 5153 466 5226 καθάπερ
501 5156 596 5208 ἐπὶ
621 5157 887 5227 πολεμίαν
919 5159 997 5220 είς
1023 5159 1123 5227 τὴν
1147 5158 1302 5210 πόλιν
1333 5159 1610 5227 εἰσήλασε,
1641 5173 1778 5226 παμ·

1893 5153 2010 5222 ipse
2054 5153 2214 5222 longe
2252 5153 2425 5222 majus
2455 5167 2619 5219 quam
2669 5151 2748 5204 illi
2797 5164 3032 5219 spatium
3091 5148 3256 5201 maris
3301 5156 3464 5216 ponte

230 5244 439 5314 πληθεῖς
481 5251 671 5313 ἱππεῖς
719 5266 779 5303 τε
815 5251 907 5304 καὶ
952 5249 1149 5314 πεζοὺς
1182 5251 1558 5318 ὡπλισμένους
1589 5248 1794 5316 ἑπαγό-

233 5352 402 5406 μενος,
429 5345 520 5394 καὶ
559 5342 694 5395 ἄλλα
720 5343 777 5396 δέ
808 5361 929 5396 τινα
952 5343 1180 5396 τοιαῦτα
1210 5344 1444 5412 ποιήσας
1475 5341 1570 5394 καὶ
1595 5341 1788 5394 ἑαυτὸν

232 5431 608 5503 ἀποσεμνύνας
667 5439 725 5489 ὲν
754 5438 1069 5508 δημηγορίᾳ
1097 5437 1185 5490 διά
1224 5437 1397 5488 ταῦτα
1451 5436 1510 5497 ές
1547 5435 1638 5486 τὸν
1690 5436 1790 5486 Δα-

234 5526 365 5592 ρεῖον
395 5528 486 5580 καὶ
517 5526 609 5578 τὸν
629 5527 835 5597 Ξέρξην
856 5529 960 5581 ἀπέ
972 5545 1188 5582 σκωπτε
1203 5545 1244 5590 θ,
1269 5527 1343 5590 ὡς
1383 5525 1790 5578 πολλαπλάσιον

235 5616 265 5684 ἢ
306 5619 494 5673 ἐκεῖνοι
518 5622 614 5690 τῆς
655 5620 932 5690 θαλάσσης
967 5623 1164 5690 μέτρον
1189 5619 1385 5684 ζεύξας
1418 5619 1600 5681 αὑτός.
1631 5617 1793 5671 Αἰτίαι

1897 5253 2240 5314 occupasset.
2288 5243 2340 5298 Is
2385 5255 2606 5313 quoque
2647 5257 2786 5312 pons
2833 5241 3018 5294 multis
3067 5255 3231 5293 causa
3273 5227 3463 5290 mortis

1898 5335 2127 5390 exstitit.
2160 5333 2293 5388 Nam
2331 5332 2563 5403 pecunia
2593 5333 2648 5386 in
2684 5344 2809 5386 eum
2847 5337 3120 5398 msmupta
3151 5327 3462 5381 innumera-

1898 5428 2015 5489 bili,
2057 5428 2218 5493 longe
2251 5427 2500 5496 pluribus
2527 5434 2751 5494 proliter
2783 5435 3004 5477 umuas
3035 5430 3114 5475 est
3155 5417 3463 5472 insidiatus.

1901 5522 2087 5590 Itaque
2119 5519 2283 5575 Juuio
2326 5517 2514 5572 Prisco
2565 5528 2796 5586 przetore
2847 5514 2971 5568 aliis
3017 5510 3235 5580 quidem
3282 5508 3455 5562 crimi—

1903 5617 2068 5670 nibus
2104 5623 2382 5680 accusato,
2432 5611 2526 5666 sed
2574 5627 2670 5680 pro
2719 5605 2885 5661 divite
2932 5603 3259 5665 iuter‘ceto;
3307 5599 3463 5655 Caus

1398 5765 1591 5824 Vat-ire
1630 5766 1932 5825 lectiones
1968 5769 2028 5823 et
2071 5767 2258 5820 notae.

302 5880 410 5955 (9|)
449 5886 546 5953 Ὠς
577 5886 768 5955 ἔλεγε.
800 5887 958 5941 Dion.
992 5887 1087 5940 lib.
1121 5902 1232 5948 Lux,
1268 5902 1323 5956 p.
1357 5888 1484 5943 G55.

547 5983 812 6042 Pn'ROL.
861 5982 978 6042 Gn.
1018 5981 1347 6048 CXXXIV.
