3910 6538
133 433 226 495 9ίὸ
1356 425 1761 486 ANNALIUM
1802 426 1945 485 LIB.
1990 423 2095 487 XL

3271 423 3377 492 946

130 542 578 615 δημοκρατεῖσθαι
610 542 809 606 ἐδόκει,
849 541 898 593 οἱ
929 540 986 594 δὲ
1039 537 1436 610 μοναρχεῖσθαι
1471 539 1566 590 καὶ
1596 535 1688 589 αὓο

1799 536 2091 606 imperium
2127 537 2375 602 laudant,
2401 547 2458 592 et
2489 553 2554 592 ex
2595 537 2684 592 his
2711 537 2803 590 alii
2837 537 3007 592 alium
3034 538 3375 608 praeferunt:

130 640 200 699 θις
227 635 464 704 ἔκρινον.
505 635 614 686 Καὶ
650 633 859 685 τούτων
888 632 938 684 οἱ
976 629 1076 702 μὲν
1123 629 1298 694 τόνδε,
1331 629 1381 680 οἱ
1433 626 1492 681 δὲ
1539 626 1690 678 τόνδε

129 723 354 794 ᾑροῦντο.
393 724 514 776 Κάν
537 722 707 794 τούτῳ
735 720 1066 792 στρατιῶταί
1119 735 1265 782 τινες
1290 719 1370 781 είς
1403 716 1466 770 τδ
1513 715 1688 769 παλά-

124 835 240 880 τιον,
270 816 358 869 ἵνα
398 833 452 869 τι
506 816 886 884 διαρπάσωσιν
933 813 1373 882 εἰσπηδήσαντες
1423 801 1586 880 εὖρον
1634 809 1692 862 ὲν

125 911 350 978 σκοτεινῇ
404 909 592 980 γωνίᾳ
634 907 1161 977 κατακρυπτόμενόν
1218 923 1321 959 που
1355 905 1448 958 τὸν
1503 902 1691 958 Κλαύ-

123 1002 217 1053 διον
243 1001 445 1072 (συνῆν
468 1002 582 1074 γὰρ
627 1001 707 1073 τῷ
736 1002 882 1072 Γαΐῳ
916 1001 1009 1055 τοῦ
1059 1000 1290 1071 θεάτρου
1324 998 1689 1068 ἐξερχομένῳ,

125 1096 205 1146 καὶ
229 1095 323 1162 τὴν
356 1095 614 1165 ταραχὴν
643 1094 905 1165 φοϐηθεὶς
959 1091 1324 1164 κατεκρύϐη),
1385 1091 1479 1144 καὶ
1525 1090 1695 1155 ἐξεῖλ-

125 1204 205 1240 κον
236 1185 398 1240 αὑτὸν
459 1187 540 1258 μὴ
594 1187 798 1251 εἰδότες
829 1189 977 1251 ὅστις
1018 1182 1108 1258 ἦν·
1170 1185 1396 1255 γνόντες
1446 1185 1502 1238 δὲ
1535 1185 1695 1237 αὐτο·

123 1278 350 1350 κράτορά
380 1297 444 1332 τε
480 1282 964 1352 προσηγόρευσαν,
994 1281 1090 1335 καὶ
1117 1283 1176 1344 ὲς
1218 1283 1281 1334 τὸ
1314 1279 1685 1352 στρατόπεδον

119 1372 328 1439 ἤγαγον,
362 1373 466 1425 καὶ
505 1373 580 1442 μή
641 1389 792 1438 τινος
838 1373 1216 1437 ἐνδοιάσαντος
1272 1373 1510 1437 ἅπαντες
1544 1372 1694 1445 αὐτῷ

120 1464 171 1513 τι»
197 1462 392 1532 κράτος
424 1463 755 1529 δεδώκασιν,
792 1465 866 1529 ὡς
901 1468 965 1519 ἐκ
993 1465 1185 1534 γένους
1213 1464 1328 1518 δντι
1381 1463 1690 1535 βασιλικοῦ,

123 1556 199 1608 καὶ
227 1556 582 1628 νομιζομένῳ
613 1559 868 1614 ἐπιεικεῖ.
907 1558 968 1611 Εἰ
1008 1561 1116 1630 γὰρ
1165 1559 1260 1612 καὶ
1311 1557 1568 1611 ἀνεδύετο
1599 1558 1694 1612 καὶ

120 1647 412 1716 ἀντέλεγεν,
441 1650 566 1704 ἀλλ’
589 1651 714 1705 ὅσον
750 1651 1003 1718 ἐξίστατο
1029 1651 1125 1704 καὶ
1147 1650 1464 1717 ἀντέκειτο,
1487 1650 1684 1704 τοσοῦ-

120 1755 195 1791 τον
222 1740 425 1809 μᾶλλον
461 1741 947 1811 ἀντεφιλονείκουν
995 1743 1044 1796 οί
1077 1739 1416 1813 στρατιῶται
1449 1741 1524 1812 μὴ
1557 1745 1696 1812 παρ’

119 1831 300 1895 ἑτέρων
329 1831 525 1886 λαϐεῖν
547 1835 956 1905 αὐτοκράτορα,
993 1833 1110 1888 ἀλλ’
1134 1836 1291 1888 αὐτοὶ¹
1319 1833 1504 1888 δοῦναι
1529 1836 1686 1887 πᾶσι.

122 1923 197 1976 Atil
224 1925 312 1977 καὶ
371 1925 554 1990 ἄκων,
594 1926 670 1990 ὡς
721 1927 920 1992 ἐδόκει,
976 1927 1250 1997 ὖπέκυψε.
1295 1926 1578 1990 Μαθόντες
1635 1926 1691 1980 δὲ

123 2016 198 2067 καὶ
223 2016 270 2067 οἱ
310 2014 524 2071 ὕπατοι
547 2018 641 2072 καὶ
703 2019 752 2072 ol
812 2019 1124 2090 βουλευταὶ,
1171 2019 1273 2090 ἥδη
1327 2017 1692 2089 προκατειλῆ-

125 2104 236 2171 φθαι
267 2104 366 2174 τὴν
399 2107 606 2179 ἀρχὴν,
645 2108 742 2161 καὶ
777 2109 934 2163 αὐτοὶ
977 2107 1368 2180 ὡμολόγησαν.
1409 2109 1521 2162 Καὶ
1549 2108 1694 2161 οὕτω

125 2196 353 2266 Τιϐέριος
382 2199 658 2264 Κλαύδιος
684 2201 880 2270 Νέρων
910 2199 1274 2273 Γερμανικὸς,
1328 2203 1354 2255 ὁ
1392 2198 1490 2254 τοῦ
1529 2199 1696 2272 Δρού-

127 2304 204 2341 σου
223 2289 313 2342 τοῦ
338 2292 440 2360 τῆς
471 2292 673 2358 Λιϐίας
705 2294 818 2365 (95)
850 2293 969 2348 υἱοῦ
999 2296 1150 2360 παῖς,
1182 2296 1282 2365 τῆς
1313 2293 1694 2365 αύτοκρατοῦς

129 2383 284 2454 ἀρχῆς
331 2384 558 2454 ἔτυχεν,
595 2386 746 2456 ἄγων
805 2388 926 2452 ετος
977 2389 1372 2460 πεντηκοστόν.
1445 2387 1696 2457 Ἐγένετο

125 2475 172 2535 δὲ
195 2477 285 2543 τὴν
304 2477 489 2550 ψυχὴν
520 2481 584 2534 ού
617 2480 841 2550 φαῦλος,
873 2482 1010 2536 ἀλλά
1035 2484 1132 2537 καὶ
1161 2485 1219 2537 ἐν
1244 2482 1466 2554 παιδείᾳ
1521 2483 1696 2553 ἤσκη-

127 2584 194 2633 τι,
221 2567 353 2622 ὥστε
383 2573 483 2624 καὶ
510 2573 830 2645 συγγράψαι
858 2574 998 2630 τινά.
1026 2573 1100 2628 Τὸ
1132 2574 1189 2628 δὲ
1223 2574 1383 2644 σῶμα
1415 2574 1680 2644 νοσώδης,

129 2662 315 2717 1:ine
349 2666 872 2740 ὲγυνσιικοκρστήθη
925 2667 1048 2740 ἅμα
1093 2668 1189 2722 καὶ
1228 2667 1693 2740 ἐδουλοκρατήθην

134 2754 210 2806 ita
244 2757 334 2809 καὶ
362 2759 428 2811 ὲκ
457 2760 673 2814 παίδων
711 2760 768 2813 ἐν
791 2779 852 2814 τε
882 2762 1140 2834 νοσηλείᾳ
1168 2762 1264 2816 καὶ
1297 2763 1354 2816 ἐν
1388 2761 1538 2834 φόϐῳ
1566 2762 1698 2816 πολ-

131 2843 194 2915 λῴ
222 2851 462 2920 τραφείς.
528 2853 842 2907 Κάντεῦθεν
898 2854 1158 2926 εὐήθειαν
1215 2856 1314 2910 καὶ
1361 2855 1455 2908 ἐπὶ
1508 2855 1695 2911 πλεῖον

134 2939 212 3007 τῆς
252 2942 509 3012 ἀληθείας
547 2947 1086 3018 προσποιησάμενος,
1135 2948 1232 3001 καὶ
1279 2947 1447 3020 ἧθους
1501 2950 1697 3020 χαυνό-

136 3047 264 3099 τητα,
287 3034 423 3106 ὅπερ
457 3041 559 3091 καὶ
587 3039 748 3103 αὐτὸς
785 3043 844 3093 ἐν
871 3043 938 3112 τῇ
984 3039 1148 3112 βουλῇ
1208 3041 1555 3113 ὡμολόγησε’
1602 3043 1697 3097 καί.

137 3125 273 3178 πολὺν
304 3128 402 3198 μὲν
430 3130 637 3201 χρόνον
676 3136 741 3204 τῇ
775 3132 914 3203 τηθῇ
949 3132 1124 3204 Λιϐίᾳ
1174 3133 1344 3188 πολὺν
1377 3134 1434 3187 δὲ
1474 3137 1540 3206 τῇ
1585 3154 1692 3208 μη·

1797 629 2010 684 interea
2046 627 2248 685 milites
2281 629 2492 700 aliquot
2541 631 2750 700 impetu
2797 631 2850 684 in
2905 631 3166 700 palatium
3217 630 3380 703 560

1795 721 1960 786 facto,
2015 730 2074 776 ut
2126 722 2334 792 aliquid
2384 730 2666 792 raperent,
2708 720 3001 778 Claudium
3040 722 3094 775 in
3139 721 3380 776 obscuro

1795 815 1996 886 angulo
2019 815 2326 871 latitantem
2357 823 2706 886 repererunt.
2739 815 2874 870 Nam
2907 831 3031 871 cum
3063 814 3196 870 Caio
3222 814 3380 868 thea-

1796 917 1884 963 tro
1939 910 2193 974 exierat,
2248 909 2601 979 tumultuque
2665 908 2892 964 territus
2940 923 2997 963 se
3050 908 3378 962 oceultarat.

1797 1001 1935 1056 Eum
1971 1001 2138 1073 igitur
2166 1010 2578 1072 protraxerunt,
2627 1001 2802 1070 ignari
2837 1001 2962 1069 quis
2993 1009 3140 1055 esset
3173 1018 3186 1054 :
3221 999 3379 1069 agni-

1797 1103 1938 1158 tum,
1994 1093 2384 1164 imperatorem
2434 1094 2765 1150 salutarunt.
2811 1092 2870 1146 In
2903 1100 3082 1147 castra
3113 1092 3381 1162 perducto

1795 1188 1934 1242 citra
1965 1187 2130 1242 ullam
2179 1187 2583 1242 dubitationem
2623 1202 2816 1242 omnes
2847 1186 3178 1241 detulerunt
3201 1185 3380 1254 impe-

1797 1279 1961 1345 rium,
1995 1278 2143 1348 quod
2194 1289 2250 1334 et
2295 1278 2530 1334 Cmsarei
2570 1278 2792 1349 generis
2841 1286 3006 1340 esset,
3041 1284 3096 1331 et
3138 1277 3380 1332 clemens

1799 1372 2120 1427 haberetur.
2162 1372 2273 1428 Etsi
2321 1372 2472 1427 enim
2511 1371 2804 1426 recusabat
2849 1379 2905 1425 et
2957 1370 3336 1441 refragabatur
3364 1411 3378 1433 ,

1797 1472 1980 1519 tamen
2011 1473 2281 1534 quantum
2312 1464 2403 1520 ille
2437 1463 2804 1528 renitebatur,
2843 1478 3013 1532 seque
3044 1462 3380 1534 opponebat,

1797 1566 2010 1612 tantum
2052 1557 2257 1612 milites
2307 1557 2741 1622 contendebant,
2779 1573 2848 1612 ne
2893 1557 2962 1611 ab
2990 1556 3110 1611 aliis
3147 1558 3381 1626 impera-

1797 1659 1970 1704 torem
2002 1649 2340 1720 acciperent,
2379 1649 2475 1705 sed
2512 1649 2615 1720 ipsi
2647 1649 2908 1704 omnibus
2937 1649 3156 1704 darent.
3192 1647 3382 1718 Itaque

1797 1745 2006 1800 invitus
2031 1744 2276 1810 tandem,
2309 1752 2370 1799 ut
2394 1759 2508 1815 prce
2533 1758 2592 1798 se
2620 1742 2856 1808 ferebat,
2884 1741 2993 1797 illis
3023 1741 3212 1796 cessit.
3238 1740 3382 1796 Con-

1797 1838 1945 1894 sules
1991 1853 2122 1894 vero
2179 1847 2236 1893 et
2287 1849 2574 1893 senatores
2626 1835 2720 1891 ubi
2766 1837 2878 1908 jam
2937 1845 3383 1906 prmoccupatum

1795 1949 1916 1987 esse
1962 1931 2256 2002 imperium
2295 1931 2636 1995 didicerunt,
2681 1929 2785 1999 ipsi
2819 1944 3040 1999 quoque
3095 1927 3382 1983 renuntia-

1798 2024 1934 2078 tioui
1963 2024 2085 2096 ejus
2118 2031 2249 2079 sunt
2284 2024 2513 2079 assensi.
2549 2023 2628 2077 Ita
2656 2021 2916 2077 Tiberius
2937 2021 3201 2078 Claudius
3239 2021 3383 2076 Nero

1795 2113 2176 2177 Germanicus,
2207 2114 2376 2170 Livia)
2405 2129 2472 2170 ex
2512 2115 2690 2168 Druso
2723 2129 2922 2182 nepos,
2971 2113 3266 2183 imperiunt
3297 2118 3383 2167 est

1796 2205 2050 2276 adeptus,
2082 2221 2230 2261 anno
2261 2205 2441 2262 :etatis
2491 2205 2976 2276 quinquagesimo.
3028 2204 3252 2275 Ingenio
3280 2205 3383 2259 fuit

1797 2315 1909 2355 non
1961 2300 2391 2366 contemnendo,
2432 2308 2488 2356 et
2535 2299 2847 2370 disciplinis
2889 2299 2962 2354 ita
2997 2299 3274 2362 eruditus,
3324 2306 3383 2352 ut

1797 2394 2048 2464 quzedam
2075 2393 2490 2464 conscripserit.
2523 2392 2795 2448 Caeterum
2838 2391 3155 2447 valetudine
3188 2407 3381 2462 parum

1799 2492 1979 2556 lirma,
2012 2491 2340 2546 mulieribus
2377 2499 2434 2546 et
2455 2490 2633 2546 servis
2689 2503 2889 2560 parere
2921 2487 3140 2552 solitus,
3176 2495 3236 2541 ut
3269 2487 3382 2558 jam

1799 2585 1926 2641 inde
1962 2602 1990 2640 a
2023 2586 2262 2656 pueritia
2321 2586 2376 2639 in
2412 2583 2624 2640 morbis
2667 2593 2724 2639 et
2768 2597 2966 2653 magno
2999 2591 3146 2635 metu
3180 2580 3376 2634 educa-

1799 2688 1908 2735 tus.
1947 2679 2105 2737 Unde
2136 2678 2528 2750 simpliciorem
2561 2687 2618 2734 et
2651 2669 3104 2732 dissolutioribus
3137 2673 3384 2728 moribus

1798 2787 1858 2828 se
1907 2787 2033 2828 esse
2084 2771 2261 2837 ﬁnxit,
2311 2787 2477 2843 quam
2520 2786 2714 2826 revera
2748 2770 2872 2831 l‘uit.
2901 2768 3049 2840 quod
3082 2777 3138 2823 et
3174 2768 3290 2838 ipse
3325 2767 3380 2820 in

1799 2878 1996 2924 senatu
2028 2868 2315 2924 confessus
2345 2875 2470 2924 est:
2529 2867 2752 2938 vitaque
2776 2867 2940 2938 longo
2973 2874 3223 2936 tempore
3258 2881 3382 2919 cum

1799 2963 1918 3018 avia
1949 2961 2104 3017 Livia
2135 2969 2189 3017 et
2220 2961 2457 3016 Antonia
2487 2969 2662 3016 matre
2701 2975 2765 3015 ac
2797 2959 3020 3015 libertis
3067 2967 3210 3021 acta,
3243 2957 3381 3012 nihil

1800 3055 2042 3126 ingenuo
2066 3053 2292 3125 dignum
2322 3070 2436 3124 pra:
2475 3069 2533 3109 se
2576 3053 2722 3108 tulit.
2759 3053 2897 3108 Sunt
2944 3053 2992 3108 ei
3030 3062 3086 3107 et
3123 3051 3384 3106 mulieres

1799 3155 1857 3202 et
1895 3147 2080 3202 liberti
2116 3147 2169 3201 in
2206 3147 2707 3216 compotationibus
2752 3153 2809 3201 et
2852 3161 2910 3200 re
2961 3160 3194 3198 verenea
3251 3143 3382 3198 insi-

134 3223 202 3287 τρὶ
247 3223 536 3298 ’Δντωνίᾳ,
583 3227 698 3290 τοῖς
759 3225 807 3280 τ’
834 3225 1228 3298 ἀπελευθέροις
1263 3228 1691 3298 συνδιαιτηθεὶς,

1801 3239 1960 3304 diati,
1990 3239 2193 3310 quibus
2219 3240 2468 3310 utrisque
2510 3237 2696 3294 satiari
2729 3254 2839 3293 non
2872 3244 3108 3308 poterat.
3152 3235 3233 3290 Ad
3269 3236 3382 3290 hmc

137 3311 258 3364 οὐδὲν
293 3315 776 3387 ἑλευθεροπρεπὲς
815 3318 1193 3373 ἐπεδείκνυτο.
1276 3319 1622 3374 Ἐπετίθεντο
1650 3321 1694 3374 δ’

138 3403 260 3475 αὐτῷ
303 3408 356 3460 αἱ
409 3410 689 3478 γυναῖκές
746 3427 807 3464 τε
847 3412 942 3464 καὶ
973 3411 1022 3464 οἱ
1059 3409 1422 3484 ἀπελεύθεροι
1476 3414 1533 3466 ἐν
1572 3415 1697 3479 ταῖς

138 3498 308 3566 μίξεσι,
347 3503 462 3556 κάν
515 3505 629 3567 τοῖς
663 3502 870 3568 πότοις.
913 3504 1062 3560 Πάνυ
1097 3505 1206 3575 γάρ
1261 3505 1557 3576 ἀπλήστως
1589 3506 1697 3575 ἀμ-

140 3592 348 3662 φοτέροις
360 3596 715 3668 προσέκειτο,
733 3597 867 3668 πρὸς
884 3597 938 3650 δὲ
957 3601 1049 3650 καὶ
1063 3597 1268 3651 δειλίαν
1286 3592 1418 3670 εἷχε.
1439 3598 1696 3661 Τοιοῦτος

140 3683 180 3735 ιι
199 3689 442 3757 πεφυκὼς
463 3690 561 3758 (ὡς
589 3690 863 3746 συνελόντι
895 3692 1093 3762 εἰπεῖν)
1117 3693 1269 3765 ὅμως
1295 3695 1396 3746 οὐκ
1412 3693 1571 3763 ὀλίγα
1600 3694 1696 3749 καὶ

139 3775 328 3845 δεόντως
371 3783 677 3854 ἔπραττεν,
733 3785 927 3850 ὁσάκις
965 3788 1076 3839 τῶν
1126 3787 1438 3858 εἰρημένων
1502 3787 1696 3841 παθῶν

144 3868 224 3932 ἔξω
252 3874 478 3943 ἐγίνετο,
513 3879 608 3931 καὶ
647 3877 844 3932 ἑαυτοῦ
880 3879 1130 3951 ἐκράτει.
1167 3881 1284 3934 Οὔκ
1310 3881 1473 3944 εὐθὺς
1509 3882 1695 3952 μέντοι

147 3962 204 4024 sl;
235 3966 321 4036 τὴν
369 3968 578 4038 βουλὴν
614 3971 887 4039 εἰσῆλθεν,
952 3971 1091 4024 ἀλλὰ
1158 3972 1298 4042 μετᾶ
1359 3971 1695 4044 τριακοστὴν

150 4053 338 4127 ἡμέραν,
369 4061 464 4114 διά
498 4079 558 4115 τε
592 4063 683 4116 τὸν
715 4063 875 4116 Γάϊον
925 4063 1102 4127 οὕτως
1135 4063 1457 4118 ἀπολωλότα
1482 4063 1691 4130 δεδιὼς,

150 4150 311 4205 alim
345 4155 497 4217 τινὲς
530 4156 728 4210 ἑαυτοῦ
775 4157 1022 4227 βελτίους
1049 4160 1128 4222 είς
1177 4161 1277 4230 τὴν
1319 4159 1495 4230 ἀρχὴν
1543 4160 1696 4229 παρὰ

157 4240 224 4308 τῆς
249 4243 436 4320 βουλῆς
475 4248 898 4320 ὠνομάσθησαν.
947 4251 1109 4304 ’Λλλὰ
1139 4251 1210 4304 τά
1266 4270 1326 4304 τε
1367 4252 1505 4305 ἄλλα
1538 4252 1697 4321 ἀκρι-

152 4331 232 4397 εῶς
257 4339 607 4406 ἐφυλάσσετο,
637 4343 731 4395 καὶ
760 4344 967 4406 πάντας
996 4345 1122 4407 τοὺς
1153 4343 1301 4414 αύτῷ
1362 4343 1690 4413 προσιόντας

153 4422 438 4492 ἐρευνᾶσθαι
464 4433 666 4496 ἐποίει,
697 4437 770 4505 μή
803 4451 856 4486 τι
891 4434 1122 4504 ξιφίδιον
1149 4435 1339 4505 ἔχωσι,
1370 4435 1466 4488 xal
1497 4436 1554 4487 ὲν
1582 4438 1694 4497 τοῖς

153 4524 436 4587 συμποσίοις
468 4529 810 4593 στρατιώτας
838 4521 984 4597 εἶχεν
1033 4527 1182 4596 αὑτῷ
1211 4525 1494 4589 συνόνταςο
1538 4525 1566 4577 ὃ
1598 4527 1694 4578 κα)⁵

154 4613 263 4674 μετὰ
289 4616 463 4669 ταῦτα
503 4617 734 4686 ἐγίνετο.
772 4620 835 4671 Ἢ
866 4620 922 4672 δὲ
950 4619 1056 4671 τῶν
1089 4619 1335 4688 ξιφιδίων
1363 4619 1562 4688 ἔρευνα
1605 4618 1693 4670 διά

155 4701 526 4762 υὺεσπασιανοῦ
589 4709 886 4764 ἐπαύσατο.
951 4711 1054 4764 Τὸν
1123 4710 1223 4782 μὲν
1277 4707 1371 4764 οὗν
1433 4711 1698 4780 Χαιρέαν,

157 4797 226 4848 καί
268 4817 412 4866 τινας
470 4803 666 4867 ἄλλους
724 4804 1072 4864 ἀπέκτεινεν,
1126 4804 1186 4857 ού
1227 4803 1318 4856 διὰ
1369 4803 1458 4855 τὸν
1513 4803 1694 4867 Γάϊον,

158 4886 440 4964 ἀλλ’ἑαυτῷ
477 4896 780 4964 ἀσφάλειαν
814 4897 1289 4968 προμηθούμενος.
1348 4896 1460 4950 Καὶ
1501 4898 1528 4950 ὁ
1595 4897 1695 4948 Σαο

159 4976 272 5044 εἶνος
307 4985 357 5037 δὲ
411 4987 555 5040 ἑκὼν
607 4987 869 5052 ἀπέθανε,
915 4990 988 5058 μὴ
1043 4988 1288 5055 ἀξιώσας
1341 4987 1696 5050 κολασθέντος

160 5071 234 5124 τοῦ
278 5077 510 5149 Χαιρέου
555 5079 732 5142 ἀὐτὸς
779 5083 1069 5149 περιεῖναι.
1137 5081 1248 5142 Τὰς
1281 5079 1338 5133 δὲ
1378 5079 1472 5132 τοῦ
1530 5080 1568 5131 Γ
1572 5080 1695 5132 αῒου

161 5161 352 5235 ἀδελφὰς
391 5173 494 5243 τήν
526 5189 584 5225 τε
630 5173 1000 5243 ’Λγριππίνιν
1030 5173 1125 5226 καὶ
1171 5172 1270 5244 τὴν
1338 5172 1564 5225 Ἰουλίαν
1591 5188 1693 5224 κα-

164 5261 374 5329 ταγαγὼν
400 5267 465 5318 ὲκ
504 5265 605 5333 τῆς
639 5265 961 5334 ὑπερορίας,
997 5265 1220 5328 καὶτὰς
1267 5265 1458 5329 οὐσίας
1503 5265 1698 5326 αὑταῖς

163 5348 395 5424 ἀπέδωκε,
426 5359 524 5413 καὶ
561 5361 688 5424 τοὺς
721 5358 918 5422 ἄλλους
949 5359 1076 5422 τοὺς
1112 5359 1444 5418 ἐκπεσόντας
1495 5356 1698 5427 ὁμοίιος

165 5449 423 5520 κατήγαγε.
464 5453 573 5506 Καὶ
603 5453 728 5513 τοὺς
765 5451 824 5506 ὲν
866 5451 1113 5520 εἱρκταῖς
1159 5449 1483 5521 δεδεμένους
1518 5451 1696 5518 ἀκρι-

1803 3334 2030 3390 timidus
2071 3334 2198 3389 fuit.
2233 3333 2496 3400 Quamvis
2522 3342 2706 3388 autem
2748 3334 2970 3404 (utrem
3011 3331 3200 3403 paucis
3228 3347 3378 3388 com.

1799 3427 2030 3498 plectar)
2069 3427 2192 3482 talis
2221 3437 2408 3482 esset:
2460 3435 2640 3482 tamen
2675 3427 2843 3481 multa
2885 3434 3193 3496 opportune
3229 3425 3381 3485 fecit.

1799 3519 2018 3590 quoties
2053 3519 2203 3574 vitiis
2229 3520 2349 3574 istis
2371 3519 2612 3586 evitatis,
2646 3518 2729 3575 sui
2757 3519 2901 3590 juris
2928 3517 3051 3572 fuit.
3083 3517 3139 3572 In
3171 3517 3381 3572 curiam

1800 3628 1909 3666 non
1942 3612 2151 3676 statim,
2178 3612 2274 3667 sed
2309 3612 2590 3668 tricesimo
2626 3612 2717 3667 die
2743 3621 2864 3682 post
2915 3613 3085 3676 venit,
3119 3620 3235 3664 tum
3263 3609 3381 3665 Caii

1801 3705 2029 3760 interitu
2060 3705 2310 3769 territus,
2338 3712 2452 3760 tum
2479 3704 2625 3775 quod
2650 3704 2821 3776 aliqui
2845 3705 2961 3775 ipso
2992 3704 3057 3760 ad
3086 3703 3380 3774 imperium

1800 3796 2044 3865 aptiores
2077 3811 2104 3847 a
2137 3805 2329 3850 senatu
2377 3795 2646 3850 nominati
2679 3805 2858 3850 erant.
2893 3794 3032 3851 Cum
3067 3794 3282 3850 caeteris
3327 3793 3380 3846 in

1800 3889 1968 3943 rebus
1997 3897 2254 3944 accurate
2306 3905 2365 3943 se
2415 3889 2702 3951 custodiit,
2740 3899 2852 3942 tum
2880 3903 3072 3942 omnes
3115 3903 3144 3942 a
3180 3886 3380 3959 quibus

1798 3979 2064 4041 adiretur,
2089 3977 2272 4032 excuti
2309 3978 2488 4048 iussit,
2526 3995 2593 4032 ne
2623 3978 2766 4032 sicas
2801 3978 3048 4032 ferrent:
3091 3985 3146 4031 ct
3176 3975 3388 4029 milites

1798 4072 1862 4125 a«l
1898 4070 2148 4125 convivia
2181 4085 2368 4124 secum
2399 4069 2645 4133 adduxit,
2678 4070 2823 4140 quod
2865 4069 3126 4140 deinceps
3159 4085 3378 4139 quoque

1799 4161 2024 4215 factum.
2082 4159 2334 4215 Sicarum
2362 4174 2497 4215 vero
2532 4160 2819 4230 inquisitio
2855 4176 2952 4229 per
2985 4159 3379 4229 Vespasianum

1798 4253 2016 4307 sublata
2046 4261 2150 4307 est.
2184 4252 2469 4306 Chaeream
2498 4260 2555 4306 et
2584 4251 2794 4321 aliquot
2824 4251 2964 4306 alios
2994 4249 3218 4312 occidit,
3270 4266 3378 4302 non

1801 4349 1859 4394 ut
1887 4336 2005 4394 Caii
2047 4354 2238 4394 necem
2286 4340 2670 4405 ulcisceretur,
2707 4339 2803 4394 sed
2845 4349 2905 4394 ut
2936 4339 3216 4394 securitati
3270 4354 3379 4392 sua’

1798 4430 2112 4484 consultum
2150 4437 2317 4484 esset.
2349 4428 2590 4485 Sabinus
2617 4429 2761 4484 ultro
2803 4430 2908 4485 sibi
2945 4445 3142 4483 manus
3172 4430 3378 4488 attulit.

1801 4521 2086 4592 indignum
2130 4531 2304 4585 ratus,
2330 4522 2376 4576 si
2408 4521 2632 4577 Chaerea
2661 4523 2955 4577 interfecto
2985 4531 3267 4591 superstes
3300 4538 3382 4576 es-

1800 4621 1906 4667 set.
1943 4613 2058 4668 Caii
2092 4629 2313 4668 sorores
2343 4616 2699 4684 Agrippinam
2733 4614 2890 4686 561
2924 4623 2977 4668 et
3000 4614 3198 4670 Juliam
3225 4629 3382 4667 revo-

1800 4705 1966 4768 cavit,
2010 4705 2167 4758 bonis
2193 4707 2487 4760 restitutis.
2537 4706 2740 4762 Eodem
2792 4706 2954 4760 modo
2980 4716 3206 4763 αιτιοι-οε
3243 4720 3382 4774 quo-

1804 4815 1911 4868 que
1960 4800 2180 4854 exsules
2231 4799 2506 4854 tractavit.
2565 4800 2674 4854 Eos
2717 4799 2810 4872 qui
2863 4800 2917 4853 in
2948 4813 3167 4852 carcere
3209 4798 3380 4852 vincti

1804 4898 1984 4953 erant,
2033 4897 2290 4943 accurate
2337 4890 2685 4959 exploravit:
2732 4905 2830 4959 per
2863 4889 3196 4944 calumniam
3227 4888 3382 4946 dela‘

1805 4993 1890 5038 tos
1936 4983 2167 5048 dimisit,
2203 4991 2390 5038 sontes
2421 4983 2692 5053 supplicio
2721 4983 2924 5039 aﬂ‘ccit.
2962 4984 3208 5044 Venena,
3239 4998 3379 5052 quo-

1805 5089 1926 5128 rum
1963 5089 2157 5142 magna
2203 5073 2360 5142 copia
2412 5073 2464 5128 in
2514 5073 2629 5128 Caii
2687 5075 2909 5130 scriniis
2939 5085 3022 5131 est
3056 5083 3290 5144 reperta.
3325 5082 3380 5128 est

1805 5166 2020 5220 libellos
2052 5166 2393 5233 Protogenis.
2430 5183 2592 5237 quem
2623 5169 2786 5224 etiam
2833 5170 3055 5231 occidit,
3090 5165 3375 5222 cremavit.

1806 5257 2044 5326 Scripta,
2067 5273 2189 5327 qua.-
2211 5256 2374 5312 Caius
2400 5274 2456 5312 se
2486 5275 2759 5314 cremasse
2793 5262 3108 5320 allirmarat.
3137 5266 3378 5326 reperta,

1806 5349 2022 5404 senatui
2073 5349 2338 5410 ostendit,
2400 5350 2741 5422 legeudaque
2789 5363 2895 5408 tam
2951 5353 3020 5406 iis
3068 5369 3097 5406 a
3153 5349 3377 5417 quibus.

1804 5458 1968 5513 quam
1999 5441 2066 5495 iis
2100 5452 2288 5495 contra
2315 5458 2452 5511 quos
2475 5444 2675 5514 scripta
2707 5456 2886 5510 erant,
2914 5442 3198 5502 exhibuit:
3229 5457 3378 5511 post-

1323 5563 1524 5626 V'arite
1556 5559 1862 5623 lectiones
1913 5542 2205 5616 et—nolaa.

226 5688 316 5757 (95)
344 5695 564 5760 Λιϐίας.
594 5693 765 5748 Recte
793 5695 1014 5764 quidem
1041 5711 1054 5748 :
1089 5708 1214 5764 nam
1247 5689 1456 5746 Tiberii
1485 5685 1702 5744 Claudii

170 5754 366 5817 Neronis
403 5754 540 5818 uxor
566 5765 671 5818 fuit
701 5754 854 5819 Livia
881 5765 1143 5819 Drusilla.
1173 5763 1374 5817 Verum
1415 5776 1548 5814 mss.
1579 5773 1703 5811 om-

170 5841 248 5907 j-cs
275 5831 409 5904 llegii
433 5845 489 5892 et
509 5834 753 5907 Culbert.
790 5846 850 5889 nt
880 5846 937 5889 et
959 5835 1099 5888 intra
1130 5850 1192 5907 p._
1220 5833 1321 5888 185
1343 5841 1398 5886 ct
1433 5830 1704 5907 190,109.

171 5897 264 5954 λίαν
297 5897 572 5963 verberam
606 5904 906 5970 praeferunt
942 5922 953 5957 :
987 5921 1087 5960 nec
1118 5897 1235 5961 scio
1265 5920 1331 5959 an
1363 5919 1428 5960 ex
1483 5897 1703 5972 ingenio

1811 5678 2045 5750 Wolﬁus
2070 5678 2264 5739 Λιϐίας
2290 5682 2601 5750 reposuerit
2628 5701 2639 5735 :
2676 5691 2826 5738 certe
2849 5680 3105 5738 eumdem
3132 5695 3380 5735 errorem

1804 5759 1954 5806 errat
1977 5749 2370 5804 Constantinus
2393 5751 2441 5804 M
2463 5767 2670 5806 unasses
2697 5771 2710 5806 :

1917 5820 2058 5891 Γυνὴ
2084 5836 2168 5880 τις
2199 5821 2560 5891 ἐπαφρόδιτος
2591 5824 2912 5887 συνέζευκτο
2943 5840 3007 5891 γα
3023 5822 3184 5891 μὲτη,

1918 5886 2106 5960 Νέρων
2140 5886 2361 5961 ἐκείνης
2395 5886 2462 5960 ἦν
2492 5893 2650 5964 ἀνὴρ,
2689 5895 2872 5966 ἐκείνη
2899 5886 3202 5949 δὲἰοιλία.
