3910 6550
183 419 280 484 953

1419 412 1826 478 ANNALIUM
1865 414 2012 480 LIB.
2059 417 2166 481 XL

3317 418 3424 482 954

183 532 272 601 τὴν
295 527 635 582 Πεσσαλίναν
663 508 1018 597 ἀναιρεθῆναι
1040 524 1388 596 ποιήσαντες.
1418 521 1747 592 Δεδογμένου

1864 522 2082 581 Claudio
2115 535 2174 582 ut
2206 526 2289 583 vir
2338 527 2515 582 bonus
2541 523 2943 591 bonorabatur,
2990 544 3092 584 nec
3125 545 3232 584 non
3265 527 3428 584 Oeta-

182 625 232 676 ιι
262 621 360 692 ἤδη
395 620 495 674 τοῦ
553 619 753 690 γάμου,
806 619 1083 682 δείσαντες
1132 618 1222 672 τὸν
1277 617 1498 669 Σιλανὸν
1527 614 1630 667 ὑπὸ
1655 610 1749 664 τοῦ

184 710 439 768 Κλαυδίου
473 710 783 780 τιμώμενον
831 708 907 772 ὡς
961 709 1130 779 ἄνδρα
1157 706 1376 775 ἀγαθὸν,
1418 704 1536 776 ἅμα
1567 705 1622 757 δέ
1655 703 1752 755 καὶ

181 809 272 876 τήν
305 804 602 858 Ὀκταϐίαν
630 802 729 874 τὴν
760 802 1040 873 θυγατέρα
1075 799 1264 864 αὐτοῦ,
1289 799 1366 869 τῷ
1393 800 1490 867 τῆς
1516 797 1749 868 Ἀγριπ-

183 900 333 967 πίνης
361 896 465 966 υίῷ
499 894 576 966 τῷ
597 895 834 967 Δομιτίῳ
866 897 1272 965 προμνώμενοι,
1335 888 1751 961 ἐγγεγυημένην

181 990 251 1060 τῷ
275 987 505 1059 Σιλανῷ,
535 988 780 1041 πείθουσι
807 988 896 1041 τὸν
920 987 1206 1050 Κλαύδιον,
1231 987 1306 1048 ὡς
1328 979 1752 1038 ἐπιϐ.υλεύοντά

181 1081 340 1136 οίτδν
401 1081 630 1134 Σιλανὸν
690 1081 1036 1137 ἀποκτείναι.
1095 1079 1396 1152 Γενομένου
1439 1079 1495 1131 δὲ
1535 1077 1749 1140 τούτου,

180 1174 361 1242 λόγους
392 1175 452 1226 ἐν
481 1176 550 1245 τῇ
583 1174 744 1246 βουλῇ
773 1175 800 1227 ό
829 1173 1136 1236 Οὐϊτέλλιος
1164 1173 1480 1243 ἐποιήσατο,
1505 1172 1587 1224 ὅτι
1614 1187 1752 1240 συμ-

181 1269 328 1336 φέρει
390 1268 472 1338 τῷ
525 1269 711 1338 κοινῷ,
771 1268 949 1337 γῆμαι
999 1267 1091 1320 τὸν
1152 1265 1442 1320 Κλαύδιον.
1503 1263 1607 1316 Καὶ
1655 1262 1753 1333 τὴν

191 1356 552 1428 Ἀγριππίναν
575 1358 883 1426 ἐπιτηδείαν
905 1359 985 1423 εἰς
1010 1355 1482 1424 τοῦτο’ἀπέφαινε,
1515 1354 1612 1409 καὶ
1632 1354 1752 1425 βιά-

182 1448 367 1503 σασθαι
415 1450 607 1519 σφίσιν
663 1450 825 1504 αὐτὸν
848 1451 942 1504 ἐπὶ
989 1451 1082 1504 τὸν
1130 1452 1308 1522 γάμον
1348 1449 1750 1504 συνεϐούλευεν.

179 1538 454 1594 Ἐντεῦθεν
481 1541 822 1612 ὁρμηθέντες
853 1541 904 1593 οἱ
934 1540 1244 1611 βουλευταὶ,
1284 1540 1423 1610 πρὸς
1450 1538 1540 1592 τὸν
1571 1537 1752 1592 Κλαύ-

178 1635 279 1688 διον
306 1629 498 1705 ἦλθον,
538 1636 632 1688 καὶ
654 1635 978 1704 ἠνάγκασαν
1003 1631 1164 1706 δῆθεν
1197 1633 1362 1686 αὑτὸν
1413 1632 1611 1702 γῆμαι.
1641 1629 1753 1683 Kal

178 1729 428 1801 ψήφισμα
455 1731 787 1800 ἐποιήσαντο
840 1729 1043 1796 ἐξεῖναι
1113 1727 1409 1798 Ῥωμαίοις
1464 1723 1751 1793 ἀδελφιδᾶς

1852 619 1997 673 viam
2046 618 2213 674 ﬁliam
2259 620 2382 690 ejus
2433 619 2644 676 Sillano
2690 620 3045 690 desponsam,
3112 621 3428 691 Agrippina:

1854 709 1969 766 ﬁlio
2015 713 2254 767 Domitio
2303 713 2414 780 jam
2454 721 2579 768 ante
2611 713 2988 768 destinantes:
3036 712 3267 768 Claudio
3302 728 3429 780 per-

1851 800 2110 867 suadent,
2145 810 2206 856 ut
2239 801 2504 858 Sillanqu
2560 819 2659 874 pro
2689 803 3014 859 insidiatore
3045 802 3280 857 occidat.
3310 801 3431 868 Quo

1852 892 2021 960 facto,
2071 895 2322 952 Vitellius
2370 899 2426 952 itt
2468 909 2660 953 senatu
2708 899 3019 967 proposuit,
3048 910 3167 951 esse
3197 911 3226 948 e.
3262 910 3431 963 repu-

1856 987 2020 1050 blica.
2051 998 2112 1043 ut
2139 987 2402 1044 Claudius
2431 1006 2656 1044 uxorem
2689 990 2888 1044 ducat:
2918 999 2974 1044 et
3000 987 3356 1058 Agrippinam
3379 983 3431 1038 ei

1853 1079 1971 1134 fore
2019 1080 2271 1135 idoneam
2325 1081 2724 1152 pronuntiavit,
2783 1090 2952 1152 utque
2996 1079 3183 1134 adeas
3211 1076 3434 1147 nuptias

1854 1171 2172 1239 adigeretur
2227 1183 2423 1228 auctor
2473 1174 2597 1229 fuit.
2656 1173 2732 1228 Ita
2778 1183 3063 1229 senatores
3096 1186 3332 1242 propere
3364 1166 3433 1222 ad

1853 1262 2143 1320 Claudium
2176 1263 2453 1325 abierunt,
2488 1281 2725 1334 eumque
2755 1272 3050 1335 coegerent
3090 1262 3323 1323 scilicet,
3375 1268 3437 1313 ut

1855 1358 2270 1412 matrimonium
2303 1359 2655 1414 contraheret
2691 1376 2705 1412 :
2756 1360 2898 1413 facto
2930 1353 3435 1418 senatusconsulto,

1856 1461 1914 1505 ut
1942 1450 2176 1504 fratrum
2225 1459 2281 1504 et
2342 1466 2596 1505 sororum
2629 1451 2766 1505 tilias
2792 1451 2994 1504 ducere
3028 1447 3187 1519 565
3222 1447 3434 1509 liceret,

1855 1542 2002 1612 quod
2034 1550 2162 1597 ante
2207 1542 2440 1598 vetitum
2492 1552 2630 1597 erat.
2675 1542 2918 1597 Peractis
2965 1525 3194 1610 nuptiis,
3241 1535 3439 1592 mulier

1855 1635 2060 1707 ingenii
2098 1635 2464 1699 callidissimi,
2513 1634 2804 1692 Claudium
2857 1634 3014 1704 plane
3050 1633 3102 1686 in
3140 1645 3236 1684 sua
3277 1627 3437 1695 quasi

1856 1729 2024 1784 verba
2068 1729 2257 1800 jurare
2294 1729 2510 1799 coegit:
2566 1728 2774 1782 amicos
2822 1728 2963 1798 ejus,
3017 1725 3217 1796 partim
3263 1729 3438 1786 metu,

179 1825 397 1893 ἄγεσθαι
417 1839 434 1856 ο
471 1823 737 1898 πρότερον
766 1823 876 1894 γὰρ
918 1821 1250 1876 ἐκεκώλυτο.
1321 1821 1412 1884 Ὠς
1440 1819 1484 1872 δ’
1513 1820 1541 1872 ὁ
1577 1816 1750 1888 γάμος

1864 1821 2057 1892 partim
2105 1821 2394 1877 beneﬁciis
2425 1821 2531 1876 sibi
2573 1820 2910 1875 conciliavit.
2943 1819 3193 1886 Denique
3222 1815 3442 1868 Britan-

180 1917 452 1989 ἐτελέσθη,
482 1922 579 1972 τόν
619 1935 679 1971 τε
728 1917 1000 1972 Κλαύδιον
1033 1916 1443 1988 ἐσφετερίσατο,
1471 1914 1750 1984 δεινοτάτη

180 2008 304 2063 οὖσα
361 2009 658 2080 πράγμασι
712 2009 971 2080 χρῆσθαι,
1003 2008 1098 2063 καὶ
1155 2008 1291 2079 πρὸς
1349 2008 1443 2070 οὓς
1488 2005 1751 2070 εὐνοϊκῶς

181 2101 378 2163 insito;
435 2098 572 2170 εἶχε,
634 2102 762 2163 τοὺς
815 2101 915 2171 μέν
959 2101 1130 2172 φόϐῳ,
1162 2101 1287 2163 τοὺς
1315 2100 1372 2154 δὲ
1407 2098 1754 2169 εὐεργεσίαις

183 2193 507 2264 ᾠκειώσατο.
535 2194 646 2247 Kal
666 2195 818 2258 τέλος
846 2194 938 2248 τὸν
963 2195 1060 2265 μὲν
1078 2194 1441 2265 Βρεττανικὸν
1471 2193 1562 2247 τὸν
1586 2195 1756 2247 παῖδα.

183 2285 336 2340 αἶ.τοῦ
357 2285 435 2348 ὼς
459 2287 568 2339 τῶν
593 2287 869 2356 τυχόντων
893 2286 1016 2341 τινὰ
1041 2286 1338 2356 τρέφεσθαι
1364 2287 1537 2340 ἐποίει
1562 2286 1622 2354 (ό
1643 2286 1755 2358 γὰρ

184 2377 360 2449 ἐτερος
391 2378 588 2446 έθανε)
615 2379 706 2433 τὸν
737 2380 792 2434 δὲ
825 2380 1076 2451 Δομίτιον
1115 2380 1238 2434 τότε
1270 2378 1368 2450 μὲν
1397 2378 1648 2450 γαμϐρὸν
1681 2379 1756 2451 τῷ

188 2471 434 2543 Κλαυδίῳ
465 2473 767 2540 ἀπέδειξεν,
808 2473 1038 2544 ὕστερον
1071 2473 1128 2527 δέ
1169 2472 1264 2526 καὶ
1291 2473 1625 2545 εἰσεποίησε,
1661 2473 1757 2528 καὶ

188 2565 541 2636 είσποιήσασα
573 2564 650 2637 τῷ
683 2565 935 2635 Κλαυδίῳ
971 2566 1136 2620 αὐτὸν
1168 2567 1262 2618 καὶ
1290 2567 1426 2637 πρὸς
1460 2567 1519 2620 τὸ
1553 2566 1756 2637 κράτος

190 2656 426 2727 ἐξήσκει,
456 2659 554 2710 καὶ
579 2659 730 2728 παρᾶ
759 2657 836 2728 τῷ
867 2658 1072 2728 Σενέκα
1099 2657 1463 2723 ἐξεπαίδευεν.
1511 2657 1756 2728 Ἀμύθη-

191 2753 273 2804 τόν
295 2767 350 2803 τε
380 2749 612 2804 πλοῦτον
647 2749 954 2819 συνέλεγεν,
988 2751 1111 2804 οὐδὲ
1140 2751 1240 2820 τὴν
1282 2751 1552 2820 τυχοῦσαν
1583 2749 1756 2820 λαϐὴν

193 2841 270 2894 ἐπ’
295 2842 634 2913 ἀργυρισμῷ
678 2843 1122 2910 παραλείπουσα,
1173 2842 1400 2906 πολλοὺς
1432 2844 1487 2896 δὲ
1527 2844 1621 2896 καὶ
1660 2861 1759 2911 φο-

193 2935 414 2988 νεύουσα
463 2934 551 2988 διὰ
587 2935 848 3006 χρήματα
868 2951 884 2966 ο
933 2936 1036 3005 ήδη
1093 2935 1150 2989 δέ
1182 2953 1335 2996 τινας
1367 2934 1462 2987 καὶ
1494 2938 1756 3002 γυναῖκας

195 3025 606 3095 ζηλοτυπήσασα
635 3025 864 3080 ἔκτεινε.
896 3025 1007 3095 Τὴν
1039 3027 1167 3094 γοῦν
1189 3025 1460 3081 Παυλίναν
1490 3024 1588 3093 τὴν
1620 3026 1753 3078 Λολ-

194 3119 303 3172 λίαν
337 3119 736 3183 ἀποκτείνασα,
761 3118 861 3173 καὶ
889 3118 988 3189 τὴν
1011 3119 1253 3190 κεφαλὴν
1281 3119 1450 3188 αὐτῆς
1479 3118 1758 3188 κομισθεῖ-

199 3226 285 3264 σαν
315 3211 391 3283 μὴ
427 3211 764 3282 γνωρίσασα,
797 3211 858 3263 τό
886 3227 944 3264 τε
1001 3209 1180 3280 στόμα
1224 3209 1396 3278 αὐτῆς
1449 3210 1586 3280 αὐτὴ
1639 3209 1760 3270 ταῖς

199 3304 373 3372 χερσὶν
399 3302 626 3372 ἀνέῳξε,
660 3303 753 3356 καὶ
782 3302 909 3365 τοὺς
944 3302 1162 3366 ὀδόντας
1194 3300 1573 3370 ἐπεσκέψατο,
1613 3299 1761 3364 ίδίως

199 3409 303 3456 πως
333 3394 579 3464 ἔχοντας.
615 3394 771 3448 Μετὰ
803 3393 979 3447 ταῦτα
1027 3393 1086 3447 δέ
1139 3395 1234 3447 καλ⁸
1297 3393 1615 3462 Λὺγοῦσταν
1661 3395 1762 3465 τὴν

209 3485 562 3558 ’Δγριππίναν
610 3487 638 3538 ό
677 3486 943 3550 Κλαύδιος
988 3487 1320 3554 ἐπεκάλεσε,
1381 3489 1477 3541 καὶ
1522 3487 1614 3542 τὸν
1648 3488 1764 3541 υίδν

203 3581 359 3651 αὐτῆς
388 3580 861 3650 εἰσποιησάμενος,
905 3582 1259 3653 μετωνόμασε
1296 3581 1546 3652 Τιϐέριον
1578 3581 1765 3636 Κλαύ-

201 3672 300 3726 διον
344 3673 576 3743 Νέρωνα
615 3673 850 3744 Δροῦσον
883 3674 1221 3744 Γερμανικὸν
1284 3677 1560 3747 Καίσαρα,
1599 3677 1767 3746 μηδὲν

205 3766 484 3835 φροντίσας
513 3766 597 3819 ὅτι
629 3765 882 3819 καίεσθαι
912 3767 940 3818 ὀ
965 3766 1196 3838 οὐρανὸς
1228 3767 1327 3839 τὴν
1369 3770 1587 3839 ἡμέραν
1618 3771 1764 3822 ὲκεί-

203 3875 288 3928 νην
315 3859 478 3926 ἔδοξε.
509 3860 622 3914 Καὶ
647 3859 787 3931 μετὰ
810 3860 972 3914 τοῦτο
1001 3863 1099 3932 τὴν
1131 3863 1410 3932 θυγατέρα
1438 3864 1536 3935 τὴν
1576 3865 1770 3919 Ὀκταο

205 3947 316 4001 ϐίαν
345 3950 420 4012 είς
442 3949 631 4019 ἕτερόν
655 3966 708 4002 τι
727 3950 886 4018 γένος
920 3949 1258 4018 εἰσαγαγὼν,
1289 3950 1379 4005 ἴνα
1405 3951 1481 4022 μὴ
1504 3951 1768 4022 ἀδελφοῦς

205 4038 515 4104 συνοικίζειν
545 4040 702 4110 δοκῇ,
753 4041 1088 4112 ἐνεγγύησεν
1122 4041 1293 4112 αὐτῷ.
1347 4043 1682 4108 ⁹Αγριππίνα
1713 4043 1769 4098 δὲ

205 4132 296 4184 καὶ
315 4133 691 4207 Καλπουρνίαν
713 4137 952 4202 γυναῖκα
973 4134 1084 4187 τῶν
1115 4135 1348 4202 πρώτων
1369 4135 1766 4203 ἐφυγάδευσεν,

205 4223 232 4294 ἢ
261 4224 330 4286 ὡς
355 4226 688 4294 λέγεταικαὶ
717 4229 1061 4291 ἀπέκτεινεν,
1085 4228 1272 4298 ἐπειδὴ
1292 4228 1354 4281 τδ
1374 4229 1567 4291 κάλλος
1598 4228 1770 4297 αὐτῆς

207 4315 230 4366 δ
263 4317 514 4382 Κλαύδιος
546 4317 827 4389 ἐθαύμασε
859 4320 956 4372 καὶ
987 4319 1246 4392 ἐπῄνεσε.
1283 4321 1392 4374 Τοῦ
1421 4321 1478 4374 δὲ
1518 4321 1771 4393 Νέρωνος

1855 1917 2040 1970 uicum
2074 1915 2386 1985 privignum
2423 1914 2642 1984 plebeio
2678 1930 2830 1968 more
2862 1911 3085 1967 educari
3133 1911 3265 1964 fecit
3292 1909 3440 1977 (nam

1855 2007 1998 2060 alter
2025 2005 2261 2079 obierat)
2292 2007 2592 2061 Domitium
2624 2015 2810 2061 autem
2843 2014 2956 2060 tum
2989 2019 3251 2075 generum
3281 2000 3446 2057 Clau-

1855 2099 1932 2155 dii
1980 2099 2310 2170 designavit,
2360 2107 2485 2170 post
2525 2100 2690 2154 etiam
2746 2096 3127 2168 adoptandum
3187 2092 3441 2149 curavit:

1855 2211 1966 2264 quo
2011 2194 2180 2258 facto,
2226 2193 2486 2247 eumdem
2520 2191 2586 2246 ad
2618 2191 2912 2262 imperium
2964 2189 3067 2244 sub
3102 2194 3442 2258 praeceptore

1858 2291 2069 2345 Seneca
2094 2288 2322 2342 erudiit.
2356 2286 2585 2342 Divitias
2614 2285 2792 2356 coegit
2823 2282 3152 2343 ineﬂ'abiles,
3180 2295 3248 2333 tte
3279 2277 3444 2331 levis-

1857 2383 1996 2438 sima
2031 2381 2255 2452 quidem
2309 2379 2557 2450 pecunia:
2589 2376 2853 2432 facienda:
2881 2372 3173 2428 occasione
3215 2377 3443 2440 praetcr-

1858 2477 2047 2540 missa,
2097 2474 2286 2528 multis
2341 2473 2508 2528 etiam
2539 2471 2787 2543 pecunia:
2818 2483 2983 2523 causa
3011 2463 3232 2519 occisis.
3269 2462 3446 2515 luter-

1857 2567 1987 2622 fecit
2039 2564 2206 2620 etiam
2258 2564 2523 2618 mulieres
2569 2559 2865 2614 nonnullas
2921 2573 2986 2611 ex
3047 2552 3338 2623 zelotypia,
3381 2555 3445 2602 ut

1858 2654 2090 2712 Lolliam
2129 2655 2414 2710 Paulinam
2442 2695 2457 2719 ,
2501 2654 2659 2724 cujus
2686 2659 2851 2720 caput
2882 2649 2948 2703 ad
2981 2663 3038 2702 se
3067 2646 3287 2700 allatum
3317 2657 3442 2697 cum

1858 2765 1970 2805 non
2013 2757 2359 2820 agnosceret,
2393 2745 2513 2801 suis
2545 2743 2802 2799 manibus
2841 2755 2903 2795 os
2943 2738 3182 2808 aperuit,
3219 2743 3278 2789 ut
3309 2734 3446 2788 den-

1859 2854 1944 2897 tes
1975 2843 2266 2912 aspiceret,
2301 2853 2538 2910 quorum
2584 2833 2884 2908 peculiaris
2914 2841 3034 2888 erat
3059 2832 3250 2885 series.
3283 2827 3447 2881 Poste

1861 2936 1978 2990 haec
2026 2934 2329 3004 Augustam
2380 2928 2677 3001 appellavit
2732 2925 3088 2997 Agrippinam
3143 2918 3448 2976 Claudius:

1859 3039 1914 3082 et
1949 3027 2120 3081 lilium
2149 3026 2268 3096 ejus
2317 3023 2664 3093 adoptatum,
2707 3020 2993 3074 Tiberium
3022 3014 3313 3072 Claudium
3339 3010 3448 3066 Ne-

1863 3135 2054 3173 ronem
2091 3117 2322 3172 Drusum
2368 3113 2754 3171 Germanicum
2808 3110 3077 3166 Caesarem
3121 3102 3448 3164 nominavit,

1861 3213 2002 3268 nihil
2043 3212 2318 3274 turbatus,
2364 3209 2512 3278 quod
2564 3223 2632 3262 eo
2680 3206 2769 3261 die
2799 3205 2999 3260 cwlum
3048 3201 3242 3256 ardere
3269 3197 3449 3251 visum

1862 3317 1970 3366 est.
2027 3306 2238 3362 Deinde
2287 3303 2454 3357 tiliam
2507 3300 2791 3358 Octaviam
2855 3297 2908 3352 in
2965 3297 3128 3351 aliam
3187 3291 3452 3347 familiam

1864 3401 2202 3470 adoptatum,
2235 3411 2307 3450 ne
2358 3395 2587 3449 fratrem
2636 3402 2693 3446 et
2721 3405 2971 3445 sororem
3004 3385 3266 3456 copulare
3297 3381 3452 3435 vidc-

1866 3505 2043 3559 retur,
2085 3491 2135 3547 ei
2171 3487 2486 3560 despondit.
2522 3484 2823 3556 Agrippina
2854 3479 3205 3550 Calpurniam
3234 3487 3454 3553 quoque

1867 3587 2176 3661 principem
2228 3592 2536 3638 matronam
2586 3579 2675 3634 vel
2707 3577 2761 3631 in
2790 3575 3046 3630 exsilium
3083 3569 3219 3641 egit,
3249 3567 3358 3630 vel,
3395 3572 3456 3618 ut

1867 3681 2068 3744 fertur,
2095 3678 2264 3734 etiam
2293 3674 2502 3732 occidit
2527 3692 2539 3728 :
2594 3670 2741 3742 quod
2783 3667 3047 3722 Claudius
3073 3663 3195 3733 ejus
3222 3661 3455 3714 formam

1868 3772 2173 3828 admiratus
2222 3777 2390 3832 esset,
2439 3782 2504 3822 ac
2553 3763 2852 3820 laudasset.
2883 3759 3003 3827 Quo
3031 3758 3120 3812 die
3154 3756 3300 3811 Nero
3330 3753 3459 3819 (hoc

1870 3865 2019 3921 enim
2067 3879 2266 3918 nomen
2304 3861 2416 3916 fere
2456 3856 2776 3928 usurpatur)
2819 3853 3040 3908 virilem
3077 3863 3256 3920 togam
3307 3861 3460 3901 sum-

1880 3958 2014 4029 psit,
2044 3967 2190 4012 terra
2222 3956 2331 4010 late
2378 3965 2646 4008 concussa
2675 3957 2781 4010 est,
2814 3953 2870 4001 et
2898 3955 3063 4000 noctu
3104 3940 3363 3994 omnibus
3389 3951 3458 3990 ex

1871 4064 2029 4118 aequo
2060 4044 2545 4101 terror'incussus.
2575 4037 2969 4095 Crescentibus
2996 4033 3231 4088 Neronis
3255 4030 3458 4100 opibus

1873 4139 2230 4197 Britannicus
2251 4136 2374 4192 sine
2408 4133 2520 4188 ullo
2553 4133 2767 4186 honore
2801 4130 3020 4200 penitus
3052 4124 3458 4194 negligebatur,

1873 4232 2147 4288 ministris
2183 4231 2302 4299 ejus
2341 4227 2411 4281 ab
2441 4224 2738 4295 Agrippina
2771 4219 2968 4291 partim
3002 4215 3225 4286 fugatis,
3259 4209 3460 4283 partim

1875 4327 2094 4384 occisis.
2150 4321 2404 4379 Sosibius
2449 4327 2658 4380 autem,
2685 4315 2772 4369 cui
2813 4310 3071 4367 educatio
3095 4316 3151 4364 et
3181 4303 3462 4361 institutio

209 4407 384 4475 (τοῦτο
403 4412 511 4482 γὰρ
544 4412 604 4466 τὸ
632 4411 806 4480 δνομα
839 4412 929 4466 ἐπ’
961 4411 1112 4484 αὐτῷ
1135 4412 1488 4484 ἐξενίκησεν)
1536 4415 1596 4478 ἐς
1643 4415 1762 4478 τοὺς

1879 4419 2024 4474 illius
2059 4414 2314 4470 mandata
2359 4416 2499 4471 erat,
2530 4405 2688 4477 quasi
2724 4402 2927 4458 Neroni
2976 4399 3271 4455 insidiatus
3291 4403 3461 4459 esset,

210 4501 427 4572 ἐφήϐους
448 4503 841 4575 ἐγγραφέντος,
869 4508 1010 4558 κατὰ
1037 4503 1136 4576 τὴν
1167 4505 1382 4575 ἡμέραν
1405 4507 1460 4558 ἐν
1482 4499 1516 4579 ᾖ
1546 4505 1773 4577 ἐνεγράο

213 4596 373 4664 amab
397 4595 675 4666 δαιμόνιον
709 4597 810 4668 τήν
846 4613 906 4650 τε
941 4599 1044 4668 γῆν
1091 4598 1184 4651 ἐπὶ
1243 4597 1380 4651 πολὺ
1432 4597 1630 4660 ἔσεισε,
1683 4599 1778 4652 καὶ

214 4689 363 4756 φόϐον
391 4688 588 4751 νυκτὸς
621 4690 788 4743 πᾶσιν
812 4691 1014 4760 ὁμοίως
1049 4690 1294 4745 ἐνέϐαλε.
1318 4691 1515 4761 Νέρων
1551 4691 1652 4761 μὲν
1680 4685 1776 4745 οὖν

211 4779 406 4848 ηὔξετο,
444 4780 806 4852 Βρεττανικὸς
843 4782 899 4834 δέ
928 4779 1051 4836 οὗτε
1080 4783 1203 4836 τινὰ
1236 4782 1404 4854 τιμὴν
1429 4780 1554 4836 οὔτε
1580 4782 1779 4852 ἐπιμέ-

212 4871 346 4926 λειαν
395 4869 582 4944 εἶχενο
645 4876 678 4944 ἡ
707 4874 818 4946 γὰρ
860 4875 1198 4946 Ἀγριππίνα
1253 4877 1381 4938 τοὺς
1409 4877 1779 4945 περιέποντας

218 4963 360 5039 αὑτὸν
381 4967 508 5030 τοὺς
536 4965 635 5036 μὶν
655 4965 910 5038 ἐξήλασε,
938 4967 1064 5030 τοὺς
1105 4966 1162 5020 δὲ
1195 4968 1290 5022 καὶ
1319 4968 1610 5021 ἀπέκτεινε
1633 4985 1648 5000 ·
1681 4969 1776 5022 καὶ

215 5057 290 5108 τὸν
321 5060 579 5114 Σωσίϐιον
609 5061 744 5132 (99),
784 5054 829 5128 ᾧ
878 5062 910 5130 ἡ
944 5061 1119 5130 τροφὴ
1145 5060 1310 5116 αὑτοῦ
1343 5063 1437 5114 καὶ
1467 5063 1498 5132 ὴ
1557 5061 1775 5115 παιδεία

219 5152 622 5218 προσετέτακτο,
684 5151 1048 5220 κατέσφαξεν,
1084 5153 1159 5218 ὡς
1192 5153 1272 5223 τῷ
1301 5154 1517 5224 Νέρωνι
1549 5153 1774 5208 ἐπιϐου-

217 5239 441 5299 λεύοντα.
477 5245 589 5298 Kal
619 5244 942 5316 παραδοῦσα
973 5245 1136 5300 αὐτὸν
1169 5241 1250 5310 οἷς
1278 5247 1490 5316 ἤθελεν,
1531 5247 1653 5301 οὒτε
1697 5247 1778 5318 τῷ

218 5336 366 5405 πατρὶ
385 5338 657 5416 συνεῖναι,
691 5335 817 5391 οὔτε
872 5338 1224 5408 δημοσιεύειν
1279 5340 1390 5394 εἷα.
1427 5338 1691 5393 Ἦδύνατο
1717 5341 1776 5394 δὲ

221 5424 382 5482 πάντα
408 5427 502 5482 τοῦ
541 5427 811 5482 Κλαυδίου
851 5429 1150 5499 κρατοῦσα,
1197 5431 1290 5484 καὶ
1333 5431 1427 5485 τὸν
1462 5419 1778 5500 Νάρκισσον

216 5519 301 5570 καὶ
330 5519 420 5574 τὸν
456 5519 746 5576 Πάλλαντα
776 5521 1200 5593 οίκειωσαμένη.
1243 5523 1303 5577 '0
1337 5523 1446 5593 γὰρ
1477 5522 1780 5589 Κάλλιστος

1878 4509 2207 4566 interfectus
2252 4513 2360 4560 est.
2415 4499 2799 4555 Britannicum
2843 4509 2977 4549 vero
3004 4493 3072 4546 iis
3103 4490 3462 4545 commissum

1879 4617 2022 4674 quos
2047 4601 2162 4670 ipse
2189 4595 2476 4668 probabat,
2505 4607 2607 4646 nec
2632 4605 2758 4646 cum
2784 4599 2939 4659 patre
2962 4586 3168 4647 vivere,
3203 4599 3304 4636 nec
3334 4596 3468 4651 pro-

1879 4670 1999 4750 dire
2035 4693 2090 4747 in
2122 4690 2404 4761 publicum
2436 4701 2596 4757 passa
2631 4690 2737 4738 est.
2784 4682 3009 4736 Poterat
3035 4686 3222 4731 autem
3247 4670 3462 4736 omnia,

1879 4800 2006 4842 cum
2043 4781 2276 4839 Claudio
2321 4778 2729 4837 dominaretur,
2780 4779 2835 4827 et
2896 4769 3212 4825 Narcissum
3247 4781 3312 4821 ac
3341 4765 3468 4821 Pal-

1880 4877 2088 4932 lantem
2122 4873 2332 4927 amicos
2367 4868 2623 4923 haberet.
2654 4865 2790 4921 Nam
2835 4862 3119 4923 Callistus,
3163 4859 3466 4930 potentiam

1886 4968 2180 5024 maximam
2207 4963 2461 5033 adeptus,
2491 4959 2728 5014 obierat.
2763 4954 3034 5024 Astrologi
3067 4963 3181 5007 tum
3224 4959 3335 5006 tota
3364 4950 3472 5004 Ita-

1881 5064 1955 5119 lia
1991 5059 2132 5131 pulsi
2168 5063 2317 5118 sunt,
2374 5062 2430 5108 et
2477 5052 2570 5121 qui
2627 5065 2724 5105 eos
2762 5047 3167 5111 consulebant,
3225 5041 3466 5098 multati.

1867 5153 2166 5211 Caratacus
2190 5145 2416 5217 quidam
2460 5141 2830 5194 Barbarorum
2875 5136 3141 5208 princeps
3174 5143 3386 5204 captus,
3415 5139 3472 5184 et

1876 5251 2109 5306 Romam
2137 5245 2362 5304 ductus,
2398 5239 2614 5294 veniam
2646 5253 2675 5288 a
2699 5231 2930 5289 Claudio
2965 5228 3301 5300 impetravit.
3329 5223 3466 5278 Cum

1879 5341 2148 5400 dimissus
2180 5343 2350 5399 esset,
2375 5342 2431 5389 et
2462 5332 2650 5386 Romm
2685 5327 3036 5398 Splendorem
3066 5329 3231 5391 atque
3265 5315 3467 5385 ampli-

1875 5435 2126 5491 tudinem
2173 5429 2336 5500 566
2380 5425 2805 5496 perlustrasset:
2861 5418 3034 5482 Itane,
3087 5414 3286 5483 inquit,
3351 5425 3472 5462 rum

1877 5527 1988 5582 luet:
2018 5531 2068 5579 et
2114 5518 2417 5591 hujutmodi
2453 5515 2713 5578 habeatis,
2749 5519 2930 5566 nostra
2959 5505 3225 5579 tuguriola
3277 5519 3471 5556 concu-

1323 5685 1526 5750 Variaa
1546 5686 1860 5749 lectiones
1905 5692 1970 5746 et
2035 5690 2229 5745 notaa.

281 5809 384 5881 (99)
413 5811 521 5884 Kal
562 5811 670 5884 τὸν
703 5813 1015 5868 Σωσίϐιον.
1069 5814 1147 5868 Ita
1181 5814 1532 5884 reposuimus
1554 5830 1619 5869 ett
1652 5829 1784 5868 mss.

233 5878 437 5952 Rcsfet
457 5882 614 5940 Colb.
639 5884 732 5940 ubi
761 5884 991 5942 Wolﬁus
1015 5878 1272 5940 Σωσξκιοῖι
1297 5902 1580 5956 perperam
1615 5903 1627 5937 :
1661 5899 1786 5940 nam

1897 5809 2156 5864 Sosibium
2189 5815 2388 5862 vocant
2417 5805 2579 5861 etiam
2605 5802 2850 5867 Tacitus,
2896 5797 2990 5854 lib.
3034 5810 3109 5860 ιι,
3162 5799 3220 5849 et
3280 5789 3379 5845 Dio
3407 5787 3463 5844 in

1899 5880 2185 5951 Escerptis
2211 5877 2535 5942 Valesianis,
2555 5890 2606 5946 p.
2639 5873 2765 5930 678.
