3910 6546
225 394 332 460 957

1469 396 1875 485 ANNALIUM
1917 397 2061 462 LIB.
2103 401 2212 462 XI.

3365 396 3473 459 958

221 506 313 578 ἐτη
340 507 434 560 ἐπὶ
477 506 656 576 τρισὶν
689 507 954 576 ἐξήκοντα
980 510 1076 561 καὶ.
1110 508 1288 579 μῆνας
1317 508 1411 563 δύο
1455 513 1550 562 καὶ⁵
1577 505 1791 583 ἡμέρας

1902 512 2101 567 domini
2134 521 2341 568 custos.
2387 510 2496 569 Sed
2529 510 2765 569 Claudio
2789 509 3085 572 defuncto,
3120 515 3178 564 et
3212 508 3330 578 ipse
3362 516 3474 563 sta-

218 597 603 668 τρισκαίδεκα,
639 598 1000 668 αὕταρχήσας
1029 601 1076 653 δ’
1105 602 1388 664 ἐνιαυτοὺς
1421 603 1795 670 τρισκαίδεκα,

219 691 396 758 μῆνάς
413 707 472 742 τε
489 689 633 742 ὀκτὼ
655 690 751 743 καὶ
774 691 879 759 ήμέ
891 708 989 760 ρας
1011 692 1206 746 εἴκοσι.
1227 692 1419 747 Ταῦτα
1435 694 1490 748 δὲ
1516 697 1549 764 ἡ
1571 694 1800 764 Ἀγριπ-

219 781 350 832 πενα
374 779 671 845 πεποίηκε,
697 783 790 833 τὸν
824 780 1140 848 Νάρκισσον
1164 783 1245 846 είς
1301 785 1634 852 Καμπανίαν
1659 801 1798 854 προ-

217 871 511 938 πέμψατα,
555 871 630 933 ὡς
661 873 774 934 τοῖς
837 872 1026 925 ὕδασιν
1056 874 1174 926 ἐκεῖ
1199 875 1338 945 πρὸς
1367 875 1467 946 τὴν
1517 875 1798 946 ποδάγραν

214 964 583 1033 χ·ρησόμενον;
615 965 692 1016 Οὐ
725 965 835 1035 γάρ
865 980 996 1018 ποτε
1024 967 1293 1036 παρόντος
1313 968 1523 1021 ἐκείνου
1553 967 1798 1021 τοιοῦτόν

210 1069 262 1105 τι
295 1054 629 1124 δεδρακέναι
659 1055 880 1126 ἴσχυσεν
906 1057 994 1119 ἂν,
1019 1057 1263 1120 τοιοῦτος
1286 1057 1379 1111 τοῦ
1410 1057 1672 1112 δεσπότου
1698 1057 1800 1126 φύ-

211 1143 310 1209 λαξ
335 1147 636 1217 ἐτύγχανε.
672 1146 942 1212 Θανόντος
971 1147 1028 1201 δέ
1083 1148 1177 1203 τοῦ
1212 1149 1482 1202 Κλαυδίου
1512 1151 1608 1202 καὶ
1633 1151 1798 1212 αὐτὸς

209 1236 376 1299 εὐθὺς
439 1237 736 1308 διεφθάρη,
797 1240 1058 1308 μέγιστον
1115 1239 1386 1308 δυνηθείς.
1438 1239 1554 1310 Πρὸ
1611 1241 1668 1294 δὲ
1701 1241 1796 1294 τοῦ

213 1329 498 1397 σφαγῆναι
521 1329 686 1398 ἔργον
709 1330 966 1400 λαμπρὸν
995 1329 1344 1402 διεπράξατο.
1377 1332 1459 1385 Τὰ
1482 1334 1590 1403 γὰρ
1616 1333 1799 1404 γράμ-

215 1436 362 1489 ματα
417 1419 517 1473 τοῦ
567 1422 842 1476 Κλαυδίου
893 1423 996 1475 ὅσα
1039 1424 1330 1493 ἀπόρρητα
1387 1424 1531 1477 κατά
1580 1441 1639 1476 τε
1698 1425 1797 1493 τῆς

223 1514 602 1586 Ἀγριππίνης
659 1517 754 1569 καὶ
808 1516 932 1569 καθ’
967 1518 1172 1587 ἐτέρων
1197 1517 1362 1570 τινῶν
1392 1518 1552 1587 ἔχων,
1586 1511 1674 1572 οἷα
1700 1517 1798 1581 τὰς

209 1606 514 1670 ἐπιστολὰς
572 1607 740 1660 αὐτοῦ
773 1609 1014 1674 διοικῶν,
1073 1611 1289 1664 ἅπαντα
1323 1611 1795 1681 προκατέκαυσεν.

221 1696 473 1768 Ἐσςράγη
504 1698 560 1752 δὲ
587 1699 738 1769 παρὰ
761 1699 838 1768 τῷ
867 1701 964 1768 τῆς
990 1701 1340 1768 Μεσσαλίνης
1367 1702 1639 1772 μνημείῳ,
1659 1703 1796 1774 ὅπερ

210 1792 272 1843 ἐκ
301 1792 608 1862 συντυχίας
639 1793 984 1862 συνενεχθὲν,
1016 1793 1197 1859 ἔδοξεν
1225 1795 1309 1856 εἰς
1337 1795 1437 1864 τὴν
1466 1795 1685 1864 ἐκείνης
1712 1813 1787 1849 τι·

215 1883 434 1952 μωρίαν
469 1856 749 1950 γενέσθαι.
781 1856 977 1955 ’άξοθηί
1003 1856 1195 1954 μέντοι
1226 1856 1474 1957 κομήτης
1501 1856 1677 1958 ἀστὴ-ρ
1696 1887 1798 1944 ,ἐπὶ
1826 1856 1872 1914 Β

211 1976 492 2038 πλεῖστον,
530 1977 625 2028 καὶ
651 1976 832 2046 ψεκας
859 1978 1198 2047 αἱματώδης,
1229 1980 1327 2032 καὶ
1367 1979 1611 2048 σκηπτὸς
1645 1981 1704 2041 ἐς
1736 1980 1799 2033 τὸ

211 2067 577 2138 δορυφορικὸν
613 2071 839 2139 σημεῖον
881 2069 1108 2124 ἐνέπεσε
1129 2111 1145 2138 ,
1193 2072 1288 2124 καὶ
1315 2071 1460 2142 ἕτερ’
1485 2072 1622 2126 ἄττα
1671 2087 1798 2126 συν-

213 2160 412 2213 ἔπεσεν
433 2161 470 2215 ἃ.
498 2165 700 2232 σημεῖα
721 2163 820 2232 τῆς
839 2163 1107 2217 Κλαυδίου
1131 2163 1390 2234 τελευτῆς
1411 2166 1795 2234 ἐλογίσθησαν.

213 2251 423 2304 Τούτου
450 2252 583 2320 γοῦν
614 2253 1012 2324 μοναρχοῦντος
1062 2255 1158 2308 καὶ
1219 2255 1422 2319 Θευδᾶς
1455 2257 1672 2326 ἐγένετο
1696 2299 1710 2322 ,
1736 2252 1799 2312 οὗ

213 2343 308 2396 καὶ
339 2345 372 2396 ὁ
401 2344 550 2408 θεῖος
575 2345 791 2408 Λουκᾶς
825 2347 882 2399 ἐν
909 2349 1029 2406 ταῖς
1057 2346 1297 2420 Πράξεσι
1333 2351 1627 2420 μέμνηται,
1653 2350 1748 2403 καὶ
1771 2352 1800 2404 ὁ

225 2434 495 2507 Ἰώσηπος
516 2440 573 2490 ἐν
599 2439 678 2510 τῷ
709 2441 1181 2511 ἐννεακαιδεκάτῳ
1212 2442 1357 2511 λόγῳ
1383 2444 1484 2514 τῆς
1527 2443 1800 2512 Ἀρχαιο-

214 2528 425 2596 λογιας
458 2530 685 2594 ἱστορεῖ,
731 2530 908 2598 γόητα
965 2531 1130 2585 αὑτὸν
1158 2532 1290 2588 ὄντα
1315 2534 1548 2598 πολλοὺς
1577 2536 1799 2607 ἀπατῆ-

217 2635 332 2684 σαι,
360 2618 471 2682 ἕως
500 2620 670 2683 Φᾶδος
705 2623 732 2673 ὁ
757 2621 857 2691 τῆς
886 2621 1150 2688 Ἰουδαίας
1199 2625 1498 2696 ἐπίτροπος
1534 2627 1655 2699 ἴλην
1707 2630 1799 2682 i1:-

217 2713 364 2765 πέων
393 2713 621 2782 πέμψας
666 2715 896 2779 πολλοὺς
918 2715 1028 2769 τῶν
1081 2719 1212 2789 περὶ
1237 2720 1400 2772 αὐτὸν
1431 2721 1634 2786 ἀνεῖλε,
1667 2723 1800 2775 πολ-

213 2803 340 2867 λοὺς
362 2805 410 2858 δ’
457 2805 764 2876 ἐζώγρησε,
807 2807 904 2861 καὶ
955 2807 1124 2862 αὑτοῦ
1155 2809 1213 2862 δέ
1254 2810 1350 2863 τοῦ
1381 2813 1556 2868 Θευδᾶ
1585 2815 1804 2886 ζωγρη-

217 2893 402 2958 θέντος
462 2897 563 2964 τὴν
595 2896 773 2967 κάραν
807 2897 1075 2969 ἀπέτεμε.
1111 2901 1221 2954 Καὶ
1273 2903 1454 2972 Σίμων
1485 2904 1530 2957 δ’
1559 2909 1586 2958 ὁ
1610 2907 1801 2975 Μάγος

219 2987 309 3039 ἐπὶ
359 2988 555 3040 τούτου
614 2988 708 3041 τοῦ
771 2990 1037 3059 βασιλέως
1077 2995 1141 3063 τῇ
1217 2995 1404 3066 Ῥώμῃ
1451 2998 1801 3070 ἐπιδημήσας

218 3082 451 3146 πολλοὺς
504 3084 614 3136 τῶν
666 3085 836 3155 αὐτὴν
893 3087 1188 3142 οἰκούντων
1218 3092 1500 3160 γοητείαις
1547 3094 1799 3167 ἠπάτησε

1904 603 1997 658 tim
2042 603 2283 671 interiit,
2337 619 2464 660 cum
2512 619 2782 659 summam
2832 601 3130 673 potentiam
3181 602 3471 656 tenuisset.

1897 695 2206 764 Antequam
2247 706 2433 750 autem
2483 694 2872 758 occideretur,
2925 692 3205 762 egregium
3259 691 3475 747 facinus

1897 785 2093 842 edidit.
2123 785 2258 842 Nam
2289 787 2501 842 litteras
2537 786 2753 842 Claudii
2792 799 3024 840 arcanas
3051 793 3243 838 contra
3276 781 3477 850 Agrip-

1898 880 2084 950 pinam
2117 889 2174 937 ct
2199 881 2337 936 alios
2364 882 2606 951 scriptas
2629 878 2917 944 cremavit,
2943 894 3101 948 quas.
3150 885 3213 931 ut
3248 877 3343 946 qui
3396 875 3474 928 illi

1897 970 2044 1027 eSset
2072 972 2140 1026 ab
2169 973 2438 1042 epistolis.
2466 988 2660 1028 omnes
2688 971 2946 1026 habebat.
2978 971 3076 1024 Est
3111 978 3297 1023 autem
3321 968 3475 1038 juxta

1902 1063 2202 1119 Messalinae
2247 1065 2565 1132 sepulcrum
2627 1062 3003 1117 interfectus:
3043 1061 3190 1130 quod
3248 1057 3477 1113 fortuito

1898 1156 2128 1218 factum,
2183 1155 2236 1208 in
2292 1155 2442 1208 illius
2496 1154 2763 1209 ultionem
2814 1152 3084 1207 accidisse
3128 1152 3308 1204 visum
3367 1157 3472 1202 est.

1897 1245 2124 1302 Cometa
2175 1246 2497 1315 longissimo
2534 1254 2783 1317 tempore
2813 1247 3088 1316 apparuit,
3119 1252 3176 1299 et
3214 1243 3473 1296 vexillum

1898 1338 2198 1393 satellitum
2226 1338 2396 1409 guttis
2433 1338 2753 1408 sanguineis
2792 1337 3079 1400 infectum,
3121 1347 3176 1390 et
3224 1334 3292 1389 de
3332 1331 3476 1387 caelo

1899 1439 2126 1484 tactum.
2160 1428 2525 1499 Contigerunt
2567 1437 2624 1482 et
2673 1429 2726 1482 id
2758 1444 2934 1497 genus
2962 1427 3102 1491 alia,
3154 1439 3274 1495 qua:
3321 1424 3478 1492 signa

1905 1522 2164 1577 interitus
2221 1522 2437 1577 Claudii
2488 1521 2848 1592 putabantur.
2904 1520 3020 1575 Sub
3067 1519 3174 1572 hoc
3225 1516 3476 1586 principe

1899 1613 2156 1670 Theudas
2177 1616 2406 1678 exstitit,
2432 1616 2591 1686 cujus
2612 1617 2673 1669 D.
2708 1614 2892 1669 Lucas
2915 1613 2968 1666 in
2998 1611 3150 1666 Actis
3175 1608 3432 1664 meminit
3457 1624 3472 1662 :

1897 1717 1954 1764 et
1991 1708 2268 1778 Josopbus
2312 1708 2707 1779 Antiquitatum
2759 1707 2904 1762 libro
2962 1721 3048 1759 xix
3093 1703 3295 1766 refert,
3347 1714 3474 1755 eum

1900 1800 2068 1856 fuisse
2117 1802 2497 1870 impostorem,
2550 1801 2644 1871 qui
2699 1801 2905 1854 multos
2950 1795 3255 1855 seduxerit,
3301 1793 3479 1847 donec

1901 1895 2081 1949 Fadus
2112 1894 2315 1950 ludatis
2355 1904 2703 1964 procurator,
2741 1891 2924 1946 missis
2948 1889 3230 1958 equilibus
3277 1884 3479 1938 mullos

1899 1991 2020 2058 ejus
2069 1997 2374 2042 sectatores
2415 1987 2721 2050 occiderit,
2771 1985 2974 2038 multos
3029 1981 3278 2050 ceperit,
3310 1986 3478 2044 atque

1901 2080 2004 2150 ipsi
2041 2079 2282 2134 Theudae
2315 2086 2481 2148 caput
2513 2076 2835 2147 amputarit.
2881 2073 3068 2129 Simon
3100 2084 3320 2140 quoque
3366 2068 3479 2120 Ma-

1901 2189 2001 2246 gus
2030 2175 2131 2229 hoc
2162 2173 2470 2242 imperante
2520 2171 2707 2224 Romae
2757 2176 3041 2229 versatus,
3091 2163 3293 2217 multos
3337 2173 3477 2227 prae-

1900 2266 2082 2336 stigiis
2111 2266 2372 2334 deceptos
2403 2265 2454 2316 in
2497 2277 2651 2317 suam
2683 2268 2888 2316 sectam
2922 2254 3208 2327 perlraxit.
3243 2250 3299 2306 Id
3329 2246 3480 2319 quod

1898 2358 2153 2415 Justinus
2181 2355 2546 2427 philosophus
2574 2364 2631 2408 et
2662 2361 2870 2423 martyr
2898 2352 2952 2404 in
2987 2347 3320 2402 Defensione
3351 2340 3482 2396 reli-

1900 2453 2082 2524 gionis
2123 2459 2322 2504 nostra;
2349 2448 2416 2503 ad
2445 2446 2745 2504 Antonium
2786 2443 3067 2503 declarat,
3114 2439 3203 2493 his
3248 2433 3476 2489 verbis:

1903 2543 2030 2598 Post
2081 2541 2293 2596 Domini
2355 2540 2412 2594 in
2465 2538 2652 2593 caelum
2703 2534 3117 2605 assumptionem
3145 2568 3160 2594 ,
3213 2527 3480 2582 daemones

1901 2635 2159 2707 quosdam
2190 2633 2424 2687 homines
2450 2630 2812 2685 subornarunt
2833 2668 2846 2688 ,
2885 2625 2975 2691 qui
3002 2639 3058 2677 se
3093 2621 3213 2674 deos
3240 2632 3351 2671 esse
3393 2614 3482 2668 di-

1901 2737 2076 2782 cereut
2108 2742 2126 2780 :
2150 2727 2242 2795 qui
2271 2725 2402 2778 adeo
2443 2741 2474 2777 a
2505 2722 2645 2776 vobis
2670 2722 2807 2791 pulsi
2830 2735 2935 2772 non
2963 2726 3111 2777 sunt,
3140 2722 3196 2766 ut
3219 2713 3293 2766 eis
3317 2711 3484 2764 hono-

1903 2836 2013 2874 rem
2049 2818 2360 2874 habueritis.
2403 2816 2641 2881 Quorum
2669 2830 2696 2867 e
2729 2826 2948 2866 numero
2993 2809 3092 2880 fuit
3137 2805 3320 2861 Simon
3376 2800 3484 2855 Sa-

1903 2913 2238 2974 maritanus,
2288 2926 2317 2962 e
2354 2923 2490 2980 pago
2534 2906 2751 2963 Gittano
2780 2920 2799 2958 :
2826 2904 2917 2974 qui
2953 2917 3074 2955 cum
3121 2897 3214 2952 sub
3257 2895 3482 2950 Claudio

1903 3005 2116 3061 (lassare
2145 3004 2444 3057 daemonum
2472 3015 2634 3070 opera
2665 2995 2929 3051 miracula
2958 2992 3240 3052 edidisset,
3273 2989 3329 3042 in
3353 2984 3482 3038 urbe

1903 3113 2076 3159 vestra
2108 3099 2445 3169 imperatrice
2471 3095 2658 3159 Roma,
2683 3094 2813 3146 deus
2845 3100 2919 3144 est
2955 3087 3164 3142 habitus
3186 3100 3205 3138 :
3227 3083 3471 3136 decreta-

220 3179 310 3230 καὶ
335 3177 748 3248 ἐσφετερίσατο.
784 3182 946 3251 Δηλοί
980 3181 1038 3234 δὲ
1078 3181 1240 3235 τοῦτο
1271 3180 1557 3246 Ἰουστῖνος
1592 3187 1620 3239 ὁ
1651 3187 1799 3255 φιλό-

1903 3211 2003 3259 que
2033 3194 2079 3246 ei
2106 3201 2286 3246 statua
2321 3192 2377 3244 in
2419 3186 2589 3242 Tiberi
2614 3188 2774 3256 ﬂuvio
2803 3185 2941 3237 inter
2977 3180 3108 3232 duo:
3157 3183 3360 3246 pontes,
3396 3170 3481 3224 cui

221 3271 383 3338 σοφός
410 3287 471 3323 τε
497 3274 609 3324 καί⁵
643 3258 857 3344 μάρτυς
907 3276 966 3328 ἐν
1007 3277 1072 3345 τῇ
1125 3277 1263 3346 πρδς
1309 3279 1627 3332 Ἀντωνῖνον
1657 3281 1801 3351 ὑπὲρ

221 3364 313 3418 τοῦ
344 3364 468 3416 καθ’
497 3367 644 3434 ἡμᾶς
676 3366 946 3435 δόγματος
977 3369 1264 3440 ἀπολογίᾳ,
1317 3371 1546 3440 γράφων
1591 3373 1764 3426 ταῦτα
1784 3389 1798 3404 ·

221 3457 328 3510 Kal
356 3457 508 3526 μετὰ
537 3457 984 3526 τὴν-ἀνάληψιν
1012 3459 1120 3512 τοῦ
1167 3461 1390 3528 Κυρίου
1411 3464 1498 3527 εἰς
1519 3464 1798 3530 οὐρανὸν,

222 3549 675 3615 προεϐάλλοντο
711 3553 764 3604 οι
802 3549 1086 3620 δαίμονες
1129 3553 1484 3622 ἀνθρώπους
1513 3555 1679 3620 τινὰς
1701 3554 1800 3609 λέο

219 3658 436 3709 τοντας
488 3642 743 3708 ἑαυτοὺς
789 3641 947 3698 εἶναι
1006 3645 1200 3711 θεοὺς,
1252 3645 1310 3700 οἳ
1358 3649 1432 3700 οὐ
1456 3649 1651 3716 μόνον
1687 3651 1800 3704 οὐκ

221 3731 601 3801 ἐδιώχθησαν
637 3737 736 3804 ὑφ’
785 3736 972 3804 ὑμῶν,
1028 3738 1192 3791 ἀλλὰ
1214 3739 1308 3792 καὶ
1341 3737 1514 3807 τιμῆς
1542 3739 1801 3808 ἠξιώθη-

223 3841 379 3879 σανσ
411 3823 500 3881 ὧν
529 3823 610 3891 εἷς
643 3830 736 3882 καί
773 3832 968 3898 Σίμων
994 3834 1026 3884 ὀ
1050 3833 1356 3900 Σαμαρεὺς
1384 3835 1417 3886 ό
1451 3833 1567 3887 ἀπὸ
1599 3832 1800 3902 κώμης

225 3918 468 3981 Γιττῶν,
495 3919 564 3982 ὂς
595 3920 694 3973 ἐπὶ
722 3922 1027 3975 Κλαυδίου
1069 3924 1368 3990 Καίσαρος
1408 3922 1504 3976 διὰ
1530 3923 1641 3991 τῆς
1680 3923 1802 3976 τῶν

230 4012 524 4082 δαιμόνων
554 4016 858 4083 ἐνεργείας
902 4013 1190 4083 δυνάμεις
1227 4015 1489 4084 μαγικὰς
1539 4015 1800 4084 ποιήσας

1912 3285 2160 3340 Romanis
2200 3283 2387 3336 litteris
2417 3279 2726 3347 inscriptum
2759 3283 2855 3339 est,
2889 3271 3095 3326 Simoni
3131 3273 3230 3319 deo
3269 3269 3478 3317 sancto.

1905 3380 2104 3433 Petrus
2132 3360 2354 3446 quoque
2403 3374 2568 3445 568
2602 3371 2704 3427 sub
2735 3368 2965 3425 Claudio
2996 3367 3183 3420 Roma!
3223 3357 3483 3414 salutaris

1906 3468 2162 3540 praeconii
2214 3468 2424 3522 semina
2476 3463 2713 3534 sparsit,
2765 3460 2854 3515 cui
2895 3457 3053 3511 multi
3109 3470 3174 3509 cx
3218 3446 3482 3506 Romanis

1907 3560 2065 3615 [idem
2109 3559 2424 3613 habuerunt
2458 3573 2473 3610 :
2507 3557 2694 3624 itaque
2739 3550 2989 3606 doctrina
3038 3542 3304 3616 principis
3349 3555 3484 3607 apo-

1904 3654 2173 3708 stolorum
2206 3650 2351 3721 capti
2391 3657 2540 3708 sunt.
2569 3657 2630 3702 ut
2656 3646 2790 3701 solis
2819 3645 2940 3714 ejus
2970 3639 3157 3694 verbis
3185 3650 3295 3690 non
3345 3645 3482 3686 cm:-

1907 3749 2062 3810 Ienti,
2096 3745 2338 3798 Marcum
2377 3741 2711 3813 apostolum,
2749 3735 2896 3792 Petri
2945 3732 3200 3789 comitem
3227 3767 3242 3790 .
3286 3737 3484 3779 8‘0""

1907 3845 2032 3892 rent
2067 3845 2127 3891 ut
2175 3835 2477 3890 conciones
2521 3831 2720 3887 summi
2753 3829 2855 3884 viri
2889 3825 3109 3895 scriptis
3147 3819 3432 3876 mandaret
3461 3826 3480 3868 :

1906 3939 2072 3998 atque
2105 3929 2160 3982 in
2191 3942 2356 3982 causa
2392 3931 2614 3989 essent,
2650 3932 2710 3976 ut
2735 3921 2902 3976 Marci
2945 3913 3300 3984 Evangelium
3340 3922 3481 3963 con-

1909 4021 2270 4085 scriberetur,
2304 4015 2767 4088 quemadmodum
2801 4011 2968 4066 refert
2997 4005 3292 4062 Eusebius.

228 4107 296 4160 ἑν
329 4107 402 4178 τῇ
428 4113 600 4164 πόλει
630 4109 798 4179 ὑμῶν
828 4109 905 4179 τῇ
925 4111 1206 4174 βασιλίδι
1250 4111 1462 4180 Ῥώμῃ,
1505 4111 1642 4178 θεὸς
1706 4113 2021 4184 ἐνομίσθη,
2083 4115 2183 4169 καί
2241 4086 2548 4181 ἀνδριάντι
2575 4108 2712 4178 παρ’
2757 4105 2902 4176 ὑμῖν
2965 4101 3264 4169 τετίμηται
3304 4093 3372 4147 ἐν
3401 4086 3481 4154 τῷ

237 4202 472 4269 Τιϐέριδι
497 4201 740 4270 ποταμῷ
793 4203 1022 4272 μεταξὺ
1089 4201 1208 4256 τῶν
1251 4202 1362 4258 δύο
1407 4204 1684 4273 γεφυρῶν
1754 4183 2054 4277 ἱσταμένῳ
2081 4246 2097 4273 ,
2165 4205 2506 4276 γράμμασιν
2561 4194 3040 4271 ἐπιγεγραμμένῳ
3113 4183 3482 4258 Ῥωμαῖκοῖςι

231 4297 440 4364 Σίμωνι
471 4297 588 4364 δέῳ
606 4298 846 4368 σάτκτῳ
865 4317 879 4331 ο
909 4301 1047 4368 ὅπερ
1072 4298 1570 4370 ἐξελληνιζόμενον,
1625 4301 1830 4372 Σίμωνι
1870 4302 1979 4373 θεῴ
2039 4303 2179 4374 ἁγίῳ
2204 4302 2374 4373 δηλοῖ.
2409 4301 2519 4355 Καὶ
2551 4301 2580 4352 ὁ
2616 4299 2819 4366 Πέτρος
2841 4296 2898 4348 δέ
2923 4293 3018 4346 ἐπὶ
3045 4286 3306 4342 Κλαυδίου
3329 4280 3483 4350 πρῶ-

229 4408 316 4445 τον
361 4393 679 4462 ἐπεδήμησε
735 4397 802 4464 τῇ
871 4393 1084 4467 Ῥώμῃ,
1119 4394 1182 4448 τὺ
1241 4397 1510 4466 σωτήριον
1576 4396 1841 4468 κήρυγμα
1873 4398 2332 4465 ἐγκατασπείρων
2397 4395 2560 4463 αὐτῇ,
2609 4391 2705 4446 καὶ
2763 4388 2840 4458 τῷ
2887 4387 3027 4456 φωτὶ
3079 4383 3176 4451 τῆς
3226 4375 3484 4448 ἀληθείας

232 4490 590 4558 καταυγάζων
613 4493 712 4553 τὰς
742 4490 982 4554 διανοίας
1009 4490 1115 4544 τῶν
1147 4493 1205 4544 ἐν
1237 4492 1398 4562 αὐτῇ,
1468 4491 1545 4554 ὡς
1615 4495 1708 4547 καὶ
1774 4493 2001 4557 πολλοὺς
2057 4493 2348 4546 πιστεῦσαι
2373 4489 2482 4543 τῶν
2518 4485 2832 4556 Ῥωμαίων,
2871 4482 2970 4534 καὶ
2990 4479 3160 4540 οὕτως
3195 4475 3397 4528 ἁλῶναι
3418 4472 3482 4538 τῇ

229 4582 542 4652 διδασκαλίᾳ
563 4583 658 4636 τοῦ
699 4584 1002 4653 κορυφαίου
1039 4583 1146 4636 τῶν
1186 4585 1502 4637 ἀποστόλων
1545 4584 1622 4648 ὡς
1660 4585 1798 4656 μηδὲ
1834 4589 1947 4649 τοῖς
2005 4587 2187 4653 λόγοις
2249 4583 2416 4638 αὐτοῦ
2469 4577 2806 4651 ἁρκεσθῆναι
2839 4573 3048 4643 μόνοις.
3099 4565 3489 4636 παρικῑήτεσι

230 4675 281 4728 δὲ
324 4675 461 4745 πρὸς
494 4676 722 4744 Μάρκον
770 4674 1079 4746 χρήσασθαι
1123 4677 1214 4728 τὸν
1247 4676 1548 4730 ἀπόστολον
1598 4654 1797 4730 ὀπαδὸν
1841 4678 1972 4732 ὄντα
2028 4678 2262 4748 Πέτρου,
2323 4675 2604 4744 ἔγγραφον
2635 4671 2818 4728 αὐτοῖς
2865 4667 2960 4732 τῆς
3029 4661 3120 4714 τοῦ
3183 4654 3482 4727 κορυφαίου

227 4768 567 4832 δ.δασκαλίας
595 4769 849 4822 ἐκθέσθαι
887 4769 1211 4838 ὑπόμνημα,
1247 4769 1342 4824 καὶ
1366 4771 1567 4835 αὐτοὺς
1627 4770 1840 4836 αἰτίους
1877 4771 2132 4841 γενέσθαι
2161 4771 2260 4840 τῆς
2291 4768 2386 4822 τοῦ
2412 4765 2556 4820 κατὰ
2583 4763 2810 4833 Μάρκον
2841 4754 3173 4824 Εὑαγγελίου
3242 4763 3485 4816 συγγρα-

230 4866 354 4935 φῆς.
383 4863 541 4916 Οὕτω
565 4861 719 4915 ταῦθ’
753 4863 1036 4935 ἱστόρησεν
1058 4868 1086 4918 ὁ
1115 4865 1394 4928 Εὐσέϐιος.

294 4957 394 5014 lB'.
432 4961 540 5012 Καὶ
569 4959 836 5021 Κλαύδιος
885 4960 982 5030 μὲν
1009 4961 1067 5013 δν
1122 4962 1336 5032 εἴρηται
1390 4963 1590 5033 τρόπον
1620 4962 1678 5027 ἐξ
1699 4964 1793 5016 ἁν-

1973 4960 2092 5015 Χίῐ.
2138 4955 2369 5014 Claudio
2393 4953 2459 5007 ad
2487 4951 2636 5006 hunc
2666 4945 2910 5009 modum,
2944 4950 3001 4997 ut
3039 4939 3347 5010 expositum
3376 4944 3486 4997 est.

231 5051 459 5122 θρώπων
496 5051 714 5120 ἐγένετο
733 5069 748 5082 ·
784 5054 882 5122 τὴν
907 5053 951 5106 δ’
981 5055 1280 5123 ἡγεμονίαν
1310 5056 1499 5126 Νέρων
1523 5056 1799 5127 ἐσφετερί-

1909 5055 2076 5107 rebus
2134 5047 2389 5104 humanis
2454 5052 2752 5110 exempto,
2815 5039 2961 5094 Nero
3014 5035 3307 5104 adoptivus
3367 5033 3484 5098 ejus

234 5159 356 5196 σατο
387 5143 487 5210 τῆς
532 5144 900 5211 ’Δγριππίνης
953 5145 1156 5216 σπουδῇ
1181 5187 1195 5208 ,
1247 5147 1361 5209 υίὸς
1394 5147 1562 5218 αὐτῆς
1610 5146 1686 5200 ὦν
1717 5150 1799 5201 καὶ

1909 5145 2086 5204 filius.
2119 5139 2429 5209 Agrippinae
2455 5134 2646 5189 matris
2675 5147 2843 5201 opera
2887 5130 2994 5184 sibi
3024 5126 3329 5182 vindicavit
3376 5124 3482 5177 im-

230 5236 540 5305 εἰσποιητὸς
573 5237 703 5297 παῖς
732 5234 808 5304 τῷ
839 5234 1092 5305 Κλαυδίῳ
1123 5238 1435 5306 γενόμενος,
1463 5239 1572 5292 τῶν
1603 5257 1658 5291 τε
1685 5241 1807 5293 δια-

231 5327 409 5395 θηκῶν
433 5327 530 5379 τοῦ
563 5327 832 5379 Κλαυδίου
861 5327 1269 5394 ἀφανισθεισῶν
1292 5331 1382 5383 καὶ
1403 5333 1496 5384 τοῦ
1518 5333 1808 5404 Βρεττανι-

232 5416 325 5468 κοῦ
356 5415 912 5486 παρηγκωνισμένου,
939 5416 996 5479 ὃς
1025 5420 1244 5487 γνήσιος
1271 5415 1338 5490 ἦν
1373 5420 1466 5475 τοῦ
1513 5422 1806 5486 τεθνεῶτος

232 5509 359 5573 υίῆς,
389 5511 445 5560 ὲν
476 5509 702 5577 παιδικῇ
733 5508 827 5577 ἐτη
851 5509 1136 5577 τυγχάνων
1159 5513 1221 5576 τῇ
1253 5513 1456 5583 ἡλικίᾳ.
1491 5514 1597 5565 Τοῦ
1623 5515 1810 5584 Νέρω-

230 5617 310 5665 νος
335 5603 389 5655 δέ
415 5604 822 5674 αὐτοκράτορος
851 5623 944 5660 και
979 5605 1294 5672 Αὐγούστου
1325 5607 1430 5658 ὑπό
1455 5623 1513 5658 τε
1540 5607 1642 5676 τῆς
1672 5607 1803 5676 βου-

1906 5237 2144 5308 perium,
2177 5229 2393 5286 Claudii
2423 5234 2755 5282 testamento
2797 5222 3024 5284 abolito,
3067 5230 3123 5275 et
3165 5215 3488 5272 Britannico

1905 5339 2109 5390 amoto,
2145 5325 2240 5395 qui
2272 5337 2568 5394 germanus
2603 5317 2847 5374 defuncti
2888 5317 3032 5370 lilius
3056 5355 3069 5376 ,
3098 5313 3345 5383 pueritiae
3383 5323 3482 5362 an-

1904 5436 2005 5475 nos
2037 5418 2279 5472 nondum
2310 5423 2639 5469 excesserat.
2677 5413 2894 5466 Nerone
2933 5425 2963 5462 a
2997 5416 3190 5462 senatu
3235 5415 3290 5458 et
3329 5403 3481 5456 mih-

1907 5513 2053 5569 tibus
2080 5511 2413 5578 imperatore
2442 5515 2500 5560 et
2535 5508 2786 5575 Augusto
2827 5503 3105 5557 declarato
3132 5537 3146 5561 ,
3182 5496 3484 5565 Agrippina

1903 5604 2194 5673 imperium
2221 5601 2324 5656 sub
2358 5602 2506 5654 illius
2534 5600 2754 5653 nomine
2789 5595 3205 5654 administrans,
3257 5594 3473 5644 venalia

233 5697 322 5761 λῆς
350 5699 444 5750 καὶ
468 5701 566 5768 τῆς
593 5701 850 5768 στρατιᾶς
892 5699 1421 5769 ἀναγορευθέντος,ή
1468 5699 1799 5769 ’Λγριππίνκ

1902 5694 2094 5750 imbuit
2146 5694 2330 5747 omnia
2374 5711 2388 5746 :
2431 5693 2524 5747 sed
2578 5701 2824 5758 tempore
2883 5685 3217 5756 procedente
3268 5683 3493 5736 Seneca-

235 5787 405 5842 πάντα
436 5789 506 5842 τὰ
530 5792 596 5860 τῇ
625 5792 768 5861 ἀρχῇ
823 5791 1170 5861 προσήκοντα
1223 5789 1410 5859 διῴκει
1460 5789 1540 5859 τῷ
1589 5789 1799 5842 ἐκείνου

1902 5786 2193 5857 praefectus
2221 5784 2543 5842 satellitum.
2581 5789 2634 5835 ct
2665 5781 2874 5833 Burrus
2913 5775 3175 5846 magister
3200 5774 3434 5830 Neronis
3459 5814 3474 5830 .

236 5879 456 5953 ὀνόματι
481 5882 790 5955 καπηλεύου
800 5899 867 5938 σα
892 5882 1085 5939 πάντα.
1115 5885 1397 5954 Προϊόντος
1417 5882 1474 5938 δὲ
1499 5881 1591 5938 τοῦ
1612 5880 1799 5953 χρόνον

1902 5880 1990 5935 illa
2038 5880 2313 5945 submota,
2376 5875 2670 5945 imperium
2717 5869 2962 5941 quandiu
3017 5869 3215 5936 licuit,
3267 5872 3488 5941 optime-
