3756 6546
373 375 482 439 959

1631 371 1958 435 JOANNIS
1997 365 2324 430 ZONAIUE

2056 365 2324 428 )NAIUE
3486 367 3576 431 960

371 495 681 556 gesserunt.
715 487 860 544 Nero
889 488 1038 545 enim
1067 503 1191 544 cum
1224 501 1405 543 rerum
1431 485 1720 557 potiretur,
1760 484 1949 538 admo—
1978 489 2018 542 A
2051 486 2078 536 ὁ
2111 482 2347 542 Σενέκας
2371 480 2612 550 ἔπαρχος
2638 477 2714 532 ὢν

2056 486 2078 536 δ
2111 482 2347 542 Σενέκας
2371 480 2612 550 ἔπαρχος
2638 477 2714 532 ὢν
2743 475 2837 531 τοῦ
2859 471 3243 546 ὼρυφορικώ,
3272 475 3361 528 καὶ
3388 476 3413 528 ὁ
3437 477 3580 548 Βοῦῥ.

373 579 506 632 dum
534 581 856 636 adolescens
888 583 1082 650 (annos
1111 579 1258 636 enim
1298 589 1412 634 tum
1443 594 1552 633 xvu
1590 576 1863 644 habebat)
1891 583 1947 629 et

370 670 472 725 otii
532 687 698 742 quam
755 673 960 742 negotii
1019 672 1326 733 amantior,
1378 669 1697 736 indulgebat
1748 670 1943 739 genio,

372 761 626 828 amabat,
654 764 1103 827 comessabatur,
1144 762 1383 830 potabat,
1417 761 1564 816 ludis
1606 760 1949 830 gladiatoriis

373 862 428 905 et
463 853 808 909 circensibus
843 853 1090 917 vacabat,
1136 869 1247 908 non
1281 853 1499 924 angusti
1542 853 1711 908 animi
1757 853 1943 917 homo,

375 927 484 997 sed.
527 953 906 1014 sumptuosus,
953 961 1018 1000 ac
1074 945 1261 1016 potius
1310 945 1592 1016 prodigus.
1643 943 1814 1015 Cujus
1860 944 1948 999 vel

374 1033 505 1088 illud
539 1048 922 1106 argumentum
962 1047 1068 1100 est,
1109 1037 1255 1106 quod
1297 1035 1388 1091 uni
1418 1051 1486 1090 ex
1525 1035 1812 1090 sodalibus
1865 1034 1950 1089 bis

373 1126 573 1180 millies
592 1137 650 1181 et
677 1127 1030 1198 quingenties
1054 1129 1200 1184 mille
1226 1129 1516 1185 drachmas
1543 1129 1755 1200 argenti
1784 1128 1946 1184 simul

372 1217 488 1272 dari
512 1219 695 1288 jussit.
716 1219 852 1275 Cum
883 1237 1013 1275 vero
1050 1222 1348 1292 Agrippina
1381 1221 1672 1292 pecuniam
1702 1230 1945 1276 coactam

371 1306 422 1358 ei
463 1309 876 1375 proponendam
927 1319 1208 1375 curasset,
1267 1318 1326 1364 ut
1375 1320 1524 1364 tanta
1571 1325 1785 1364 summa
1831 1310 1950 1364 visa

373 1406 612 1451 mutaret
668 1399 1011 1454 consilium:
1055 1403 1144 1456 ille
1202 1419 1260 1456 re
1315 1403 1633 1468 intellecta,
1697 1402 1948 1473 rogavit,

373 1487 646 1552 Quantum
703 1500 836 1544 esset
886 1492 988 1546 id?
1037 1510 1161 1548 cum
1207 1494 1493 1550 didicisset
1533 1512 1547 1549 :
1591 1494 1949 1565 Ignorabam,

373 1581 593 1650 inquit,
631 1599 714 1636 me
749 1594 860 1638 tam
905 1603 1096 1654 parum
1134 1587 1393 1651 donasse,
1441 1602 1506 1642 ac
1545 1603 1815 1642 summam
1851 1587 1952 1642 du-

372 1672 564 1740 plicari
604 1675 790 1743 jussit.
835 1677 914 1730 Eo
965 1687 1125 1746 pacto
1172 1679 1302 1734 ﬁsco
1353 1679 1611 1736 celeriter
1655 1681 1949 1746 exhausto,

371 1764 631 1822 celeriter
678 1769 837 1822 novis
888 1768 1153 1825 fatienda:
1205 1773 1452 1840 pecunia:
1493 1772 1804 1827 rationibus
1849 1772 1952 1828 fuit

371 1871 533 1926 opus.
598 1859 786 1929 Itaque
863 1861 1084 1916 insolita
1147 1864 1430 1933 vectigalia
1492 1864 1675 1920 ubivis
1745 1865 1949 1936 exegit.

373 1948 671 2019 Agrippina
702 1968 854 2017 vero,
885 1964 944 2007 ut
968 1967 1087 2008 erat
1112 1957 1453 2022 avarissima,
1482 1957 1840 2013 vehementer
1871 1959 1954 2013 in-

373 2039 656 2126 dignante,
685 2046 1045 2101 corradeuda:
1073 2047 1179 2103 sibi
1223 2050 1474 2118 pecuniae
1507 2050 1819 2122 ademptam
1855 2067 1953 2107 oc-

370 2134 696 2202 casionem,
731 2147 788 2194 et
819 2140 1153 2196 comminata
1188 2156 1246 2197 se
1280 2142 1659 2199 Britannicum
1711 2144 1953 2215 impera-

371 2235 550 2282 torem
603 2229 870 2285 facturam
901 2249 917 2287 :
947 2232 1092 2288 Nero
1123 2236 1370 2301 territus,
1404 2237 1558 2292 illum
1591 2253 1805 2294 veneno
1823 2254 1951 2294 sus-

374 2320 515 2375 tulit.
579 2322 832 2389 Quicum
862 2327 1048 2381 statim
1080 2327 1423 2400 diriguisset,
1447 2341 1505 2386 et
1531 2347 1630 2400 pro
1655 2333 1954 2405 epileptico

370 2413 685 2481 cﬂ’erretur,
714 2434 840 2474 cum
875 2419 1083 2476 livores
1107 2437 1175 2476 ex
1215 2437 1429 2478 veneno
1472 2425 1528 2479 in
1570 2441 1806 2496 corpore
1851 2431 1953 2499 ap-

375 2521 659 2576 parerent,
706 2528 876 2584 gypso
929 2514 1190 2570 inunctus
1237 2532 1335 2587 per
1379 2518 1560 2573 forum
1609 2523 1950 2590 gestabatur.

375 2599 431 2652 ld
469 2600 651 2656 adhuc
686 2605 980 2672 liquidum,
1013 2608 1208 2678 ingens
1231 2609 1414 2678 pluvia
1440 2626 1670 2680 prorsus
1695 2611 1949 2676 detersit,

375 2701 436 2744 ut
467 2690 678 2748 facinus
707 2710 815 2750 non
849 2705 1058 2752 tantum
1093 2698 1256 2770 569
1285 2701 1575 2756 audiretur
1599 2743 1612 2768 ,
1647 2705 1741 2758 sed
1786 2705 1952 2758 etiam

373 2780 553 2836 oculis
581 2795 925 2840 cerneretur.
963 2789 1091 2843 Post
1119 2790 1286 2844 etiam
1327 2801 1556 2846 matrem
1601 2793 1952 2864 Agrippinam

374 2889 474 2943 per
503 2875 764 2932 libertum
809 2881 1101 2936 Anicetum
1147 2885 1371 2940 sustulit
1407 2903 1421 2939 :
1451 2902 1575 2956 quin
1622 2903 1747 2942 cum
1789 2890 1956 2945 taedis

377 2967 692 3024 ministrum
728 2971 925 3028 adesse
957 2975 1341 3041 intellexisset,
1375 2978 1616 3034 lacerata
1648 2990 1821 3046 veste,
1849 2999 1954 3037 nu-

375 3059 617 3132 datoque
647 3073 836 3120 ventre
861 3083 876 3122 :
907 3065 1085 3132 Hunc,
1117 3069 1275 3134 hunc,
1308 3071 1509 3141 inquit,
1540 3072 1788 3139 Anicete,
1816 3075 1951 3145 feri,

2052 576 2144 644 ρος
2173 573 2498 636 διδάσκαλος
2545 568 2642 625 τοῦ
2691 570 2970 640 Νέρωνος,
3022 567 3124 636 τὴν
3180 564 3279 636 μὶν
3340 564 3582 621 ἐπαυσανο

2051 667 2206 719 αὐτοὶ
2230 664 2288 718 δέ
2317 663 2420 732 τὴν
2451 663 2625 734 ἀρχὴν
2657 661 2866 731 ήνυσαν
2894 661 3093 728 ἄριστα
3123 657 3211 726 ἐφ’
3239 657 3586 727 ὃσονπερὲβο.

2049 755 2312 824 γήθησαν.
2352 755 2413 808 '0
2436 755 2543 824 γὰρ
2562 754 2756 824 Νέρων
2783 751 3052 815 νεώτατος
3079 749 3361 818 τυγχάνων
3383 748 3452 803 ὅτ’
3481 752 3576 818 ὲμο

2050 848 2328 918 νάρκησεν
2384 847 2891 916 (ἑπτακαιδέκατον
2923 844 3036 914 γὰρ
3069 842 3187 904 ἔτος
3221 839 3320 912 ἦγε
3377 843 3480 895 τότε
3507 843 3591 911 τῆς

2050 941 2270 1011 ἡλικίας
2301 940 2468 995 αὑτοῦ
2489 943 2527 1009 ),
2555 941 2649 994 καὶ
2679 941 2815 1010 μήτε
2843 935 3327 1008 φιλοπραγματίας
3353 933 3444 1000 ὢν,
3465 937 3594 1004 ἐτρύ-

2052 1052 2128 1104 φα
2162 1034 2259 1089 καὶ
2287 1034 2396 1105 ἦρα
2428 1034 2524 1088 καὶ
2549 1031 2829 1102 ἐκώμαζε,
2853 1031 2951 1086 καὶ
2980 1030 3202 1099 ἐμέθυε,
3258 1026 3352 1080 καὶ
3384 1044 3592 1096 μονομα-

2051 1126 2200 1198 χίαις
2232 1129 2328 1181 καὶ
2377 1125 2768 1196 ἱπποδρομίαις
2822 1121 3108 1194 ἐσχόλαζε.
3165 1119 3596 1182 Πολυδάπανοςδέ

2053 1221 2148 1272 καὶ
2179 1219 2240 1272 ού
2278 1219 2600 1289 μικρόφρων
2653 1212 2744 1288 ἦν,
2771 1216 2910 1270 ἀλλά
2942 1215 3144 1286 μᾶλλον
3197 1212 3594 1280 ἀσωτευόμενος.

2053 1311 2370 1382 Τεκμήριον
2404 1310 2482 1374 δὲ,
2504 1312 2612 1364 τινὶ
2632 1311 2742 1364 τῶν
2780 1309 2911 1379 περὶ
2938 1307 3102 1361 αὐτὸν
3132 1306 3464 1374 πεντήκοντα
3504 1304 3600 1375 ἅμα

2052 1405 2147 1458 καὶ
2176 1402 2461 1466 διακοσίας
2487 1401 2757 1474 μυριάδας
2808 1401 3077 1472 ἀργυρίου
3099 1398 3324 1468 δοθῆναι
3351 1395 3600 1462 κελεύσας,

2053 1497 2303 1567 ἐπειδὴὴ
2354 1495 2692 1566 Ἀγριππίνα
2735 1494 3044 1566 ἀθροίσασα
3093 1491 3155 1544 τὸ
3187 1488 3470 1560 ἀργύριον,
3495 1488 3602 1540 ἐνὼο

2055 1606 2180 1644 πιον
2210 1589 2377 1642 αὐτοῦ
2405 1588 2635 1659 τεθῆναι
2666 1587 2994 1657 πεποίηκεν,
3013 1584 3082 1638 ἶν’
3117 1583 3320 1655 ἀθρόον
3354 1580 3472 1635 ἰδὼν
3495 1582 3602 1636 αὐτὸ

2058 1682 2460 1754 μεταϐάληται,
2521 1683 2704 1744 συνεὶς
2754 1682 2960 1744 ἐκεῖνος
3019 1680 3184 1749 ἤρετο
3229 1678 3430 1732 Πόσον
3452 1678 3532 1744 ειη
3549 1678 3604 1730 τὸ

2056 1777 2375 1845 κείμενον;
2415 1774 2512 1828 καὶ
2545 1772 2756 1844 μαθὼν,
2801 1772 3130 1842 Ἥγνόησα,
3195 1766 3377 1829 εἶπεν,
3434 1769 3606 1838 ὀλίγον

2055 1869 2208 1922 οὕτω
2237 1866 2695 1938 κεχαρισμένος,
2717 1866 2811 1920 καὶ
2840 1862 3311 1932 διπλασιασθῆναι
3335 1861 3604 1914 ἐκέλευσεν.

2055 1961 2212 2016 Οὕτω
2237 1961 2294 2016 δέ
2323 1962 2461 2031 ταχὺ
2488 1959 2619 2023 τοὺς
2643 1958 2957 2030 βασιλικοὺς
2985 1957 3283 2028 ἐξήντλησε
3315 1953 3606 2023 θησαυροὺς,

2054 2055 2192 2124 ταχὺ
2221 2053 2278 2106 δέ
2307 2051 2488 2124 πόρων
2520 2050 2716 2120 ἐδεήθη
2763 2047 2988 2114 καινῶν,
3047 2048 3142 2101 καὶ
3203 2046 3339 2114 τέλη
3371 2044 3465 2097 οὐκ
3502 2043 3608 2096 εἰθι-

2058 2146 2236 2215 σμένα
2265 2143 2532 2198 πάντοθεν
2559 2142 2865 2211 ἐξελέγετο.
2917 2139 3031 2211 Τῆς
3059 2139 3105 2193 δ’
3158 2137 3518 2208 ’Δγριππίνης
3544 2136 3609 2188 ὅτι

2059 2237 2136 2310 μὴ
2205 2237 2602 2308 ἀργυρολογεῖν
2651 2234 2910 2306 ἠδύνατο,
2971 2231 3450 2304 φυλαργυρωτάτη
3481 2224 3609 2292 οὖσα,

2057 2331 2384 2402 περιθύμως
2442 2328 2818 2401 ὀργισθείσης,
2869 2327 2968 2382 καὶ
3019 2322 3491 2395 άπειλησαμένης,
3538 2323 3612 2374 τὸν

2055 2424 2422 2496 Βρεττανικὸν
2452 2423 2840 2494 αὐτοκράτορα
2891 2419 3290 2488 καταστήσειν.
3326 2414 3560 2486 φοϐηθείς
3589 2415 3613 2466 6

2056 2517 2255 2589 Νέρων
2285 2517 2576 2570 ἀπέκτεινε
2608 2515 2892 2586 φαρμάκῳ
2916 2513 3084 2568 αὐτόν
3103 2529 3117 2543 ο
3163 2512 3262 2564 καὶ
3292 2512 3323 2564 ὁ
3353 2510 3446 2580 μὲν
3467 2525 3614 2577 παρα-

2055 2607 2246 2676 χρῆμα
2267 2604 2538 2674 ἁπέψυξε,
2571 2605 2669 2660 καὶ
2691 2605 2933 2676 φοράδην
2981 2605 3060 2668 ὡς
3089 2602 3400 2672 ἐπίληπτος
3426 2601 3614 2652 ἐκκεκό-

2059 2714 2242 2767 μιστο.
2295 2698 2385 2752 Ἐν
2407 2698 2464 2750 δέ
2492 2714 2557 2765 γε
2584 2700 2651 2769 τῇ
2684 2697 2895 2770 ἐκφορᾷ
2924 2695 3048 2749 ἐπεὶ
3095 2694 3352 2756 πελιδνὸς
3395 2691 3492 2744 ὑπὸ
3538 2689 3614 2744 τοῦ

2058 2789 2352 2860 φαρμάκου
2405 2787 2623 2858 γέγονε,
2674 2787 2834 2858 γύψῳ
2888 2785 3138 2859 χρισῡιὶς
3167 2785 3260 2840 διά
3312 2785 3413 2854 τῆς
3441 2783 3614 2852 ἀγορᾶς

2056 2884 2244 2956 ἤγετο.
2291 2882 2477 2946 ’Υετὺς
2529 2881 2589 2935 δέ
2629 2881 2798 2944 πολὺς
2833 2881 3008 2951 ὑγρᾶς
3039 2879 3122 2933 ἐτι
3152 2880 3252 2949 τῆς
3281 2876 3457 2944 γύψου
3479 2875 3616 2944 οὖςης

2057 2974 2362 3040 ἐπιπεσὼν,
2398 2975 2620 3030 ἃπασαν
2643 2975 2862 3047 ἐκείνην
2893 2974 3208 3028 άπέκλυσεν
3234 2989 3248 3002 ·
3276 2970 3420 3025 ὥστε
3450 2970 3504 3022 τὸ
3527 2969 3615 3022 δει-

2057 3070 2147 3126 νδν
2177 3071 2251 3142 μὴ
2282 3071 2446 3140 μόνον
2469 3069 2790 3136 ἀκούεσθαι,
2813 3067 2953 3122 ἀλλά
2972 3068 3069 3121 καὶ
3092 3066 3354 3138 ὁρᾶσθαι.
3383 3063 3618 3130 Ὕστερον

380 3152 524 3254 ηαοά
565 3151 834 3254 Neronem
865 3161 1087 3229 peperit.
1151 3159 1224 3218 Ea
1273 3161 1582 3228 interfecta,
1639 3165 1786 3221 Nero
1838 3168 1955 3237 ipse
1983 3194 2024 3254 ο
2057 3162 2116 3216 δὲ
2147 3163 2241 3216 καὶ
2265 3163 2366 3234 τὴν
2390 3163 2607 3233 μητέρα
2636 3162 2734 3233 τὴν

2057 3162 2116 3216 δέ
2147 3163 2241 3216 καὶ
2265 3163 2366 3234 τὴν
2390 3163 2607 3233 μητέρα
2636 3162 2737 3233 τὴν
2788 3159 3182 3232 Ἀγριππίναν,
3218 3157 3318 3211 τὸν
3354 3153 3619 3211 ἀπελεύθε-

374 3241 577 3299 intueri
628 3245 842 3304 facinus
892 3251 1095 3318 voluit,
1145 3269 1378 3324 eamque
1427 3271 1646 3311 omnem
1687 3258 1951 3314 nudatam
1986 3241 2024 3254 ’”
2062 3273 2154 3325 ρον
2179 3257 2464 3327 ’Δνίκητον
2489 3255 2712 3328 πέμψας

2062 3273 2154 3325 ρον
2179 3257 2464 3327 Ἀνίκητον
2489 3255 2712 3328 πέμψας
2737 3255 3127 3326 διεχειρίσατο.
3153 3254 3226 3307 Ἦ
3257 3251 3354 3305 τὸν
3374 3251 3618 3321 πεμφθέν-

373 3337 753 3406 perlustravit,
784 3351 841 3397 et
884 3344 1112 3399 vulnera
1156 3348 1484 3404 numeravit.
1536 3351 1713 3406 Noctu
1766 3363 1952 3408 autem

376 3426 448 3482 ita
475 3429 826 3499 turbabatur,
853 3448 910 3489 ut
934 3452 1002 3490 ex
1027 3437 1171 3492 lecto
1195 3441 1447 3494 exsiliret
1473 3456 1584 3511 prae
1607 3444 1948 3499 terroribus:

371 3529 428 3572 ct
460 3522 648 3579 Romte
677 3527 868 3584 multis
909 3529 965 3584 in
1013 3529 1148 3586 locis
1179 3547 1209 3586 a
1255 3533 1587 3602 quibusdam
1629 3535 1768 3589 clam
1812 3536 1952 3590 scri-

373 3610 614 3668 bebatur
646 3634 659 3670 :

529 3708 652 3764 Tres
693 3715 1002 3779 matricidar,
1034 3713 1256 3777 Orestes.
1295 3719 1562 3776 Alcmenen
1587 3763 1602 3786 ,
1637 3720 1796 3776 Nero.

2060 3365 2132 3404 τα
2189 3347 2394 3412 ἰδοῦσα,
2451 3348 2549 3403 καὶ
2600 3347 2806 3417 γνοῦσα
2867 3347 2956 3417 ἐφ’
2984 3348 3093 3418 ὅτῳ
3139 3346 3294 3416 ἣκει,
3325 3345 3424 3416 τὴν
3445 3343 3617 3411 ἐσθῆτα

2062 3446 2218 3514 περιέ
2228 3443 2419 3515 ρῤηξε,
2453 3444 2551 3497 καὶ
2572 3443 2672 3514 τὴν
2699 3443 2948 3514 γαστέρα
2998 3439 3473 3510 ἀπογυμνώσασα·
3500 3438 3619 3492 Παῖς

2059 3537 2310 3604 ταύτην,
2341 3535 2468 3606 ἔφη,
2510 3536 2799 3604 Ἀνίκητε,
2841 3535 3001 3601 παῖε,
3042 3534 3134 3589 ὅτι
3166 3532 3419 3604 Νέρωνα
3455 3532 3616 3586 ἔτεκε.

2061 3630 2232 3698 Καὶή
2278 3631 2377 3698 μὲν
2404 3629 2645 3700 ἐσφάγη,
2685 3631 2713 3682 ὁ
2742 3629 2800 3683 δέ
2826 3630 3023 3701 Νέρων
3080 3628 3176 3682 καὶ
3228 3627 3504 3694 αὐτόπτης
3543 3622 3618 3675 τοῦ

2065 3723 2419 3794 τολμήματος
2471 3725 2686 3791 γέγονε,
2724 3725 2820 3777 καὶ
2877 3724 3058 3777 πᾶσαν
3083 3717 3193 3775 εἶδε
3223 3717 3513 3791 γυμνώσας
3543 3713 3619 3767 καὶ

373 3800 670 3871 τραύματα
704 3803 1067 3878 ἐξηρίθμησε.
1103 3811 1236 3875 Ταῖς
1303 3812 1358 3865 δέ
1395 3813 1544 3877 νυξὶν
1587 3814 1996 3885 ἐξεταράττετο,
2041 3815 2181 3868 ὥστε
2212 3818 2306 3869 καὶ
2359 3817 2425 3868 ἐκ
2477 3818 2576 3886 τῆς
2611 3817 2774 3887 εὐνῆς
2805 3816 3091 3887 ἀναπηδᾷν
3139 3816 3236 3869 καὶ
3298 3805 3621 3884 ἐκδειματοῦ-

375 3894 518 3948 σθαι.
554 3896 644 3950 Ἐν
690 3895 747 3950 δέ
811 3902 878 3971 τῇ
948 3900 1138 3975 Ῥώμῃ
1195 3904 1494 3976 πολλαχόθι
1545 3907 1821 3976 ἐγράφετο
1885 3907 2037 3978 παρά
2063 3924 2220 3962 τινων
2251 3907 2500 3976 ἀφανῶς.

1311 4047 1534 4118 Νέρων,
1574 4048 1882 4118 Ὀρέστης,
1925 4048 2285 4118 Ἀλκμαίων,
2311 4050 2734 4120 μητροκτόνοι.

371 4180 674 4251 Augustam
703 4181 984 4238 Octaviam
1008 4183 1222 4238 Claudii
1256 4185 1456 4249 tiliam,
1507 4199 1734 4240 uxorem
1767 4200 1948 4250 suam,

374 4274 701 4341 repudiavit.
732 4274 866 4328 Nam
895 4274 1154 4328 Sabinam
1201 4278 1511 4330 adamatam
1545 4318 1558 4338 ,
1588 4279 1779 4330 uxoris
1827 4277 1951 4331 loco

376 4363 582 4418 habere
631 4364 854 4418 voluit:
905 4381 1027 4434 qua:
1071 4366 1240 4423 verita
1297 4381 1366 4420 ne
1422 4367 1513 4421 illa
1553 4377 1952 4434 revocaretur,

369 4457 803 4513 calumniatores
834 4459 1180 4522 subornavit,
1207 4475 1236 4512 a
1264 4459 1468 4528 quibus
1512 4470 1573 4514 et
1599 4461 1858 4517 adulterii
1893 4472 1951 4518 et

2057 4187 2167 4240 Καὶ
2193 4185 2292 4256 τὴν
2322 4185 2644 4254 Αὐγούσταν
2682 4184 2977 4239 ὐκταόίαν
3004 4185 3105 4256 τὴν
3137 4187 3234 4239 τοῦ
3267 4186 3528 4240 Κλαυδίου
3543 4185 3620 4238 θν-

2056 4281 2285 4349 γατέρα,
2326 4282 2426 4350 τὴν
2455 4277 2651 4334 ἑαυτοῦ
2686 4282 2925 4348 γυναῖκα
2961 4281 3357 4351 ἀπεπέμψατο.
3393 4280 3500 4347 Τῆς
3528 4279 3619 4346 γὰρ

2057 4372 2293 4442 Σαόίνης
2349 4371 2510 4444 ἐρῶν,
2559 4371 2754 4443 ηοελεν
2807 4374 2944 4442 αὐτῇ
3003 4377 3243 4426 συνεῖναι
3281 4374 3355 4437 ὠς
3403 4371 3616 4441 γαμετῇ.

2059 4464 2298 4516 Δείσασα
2337 4463 2392 4517 δέ
2423 4465 2455 4534 ή
2496 4463 2701 4518 Σαδίνα
2734 4466 2807 4534 μή
2840 4481 2969 4517 ποτε
3001 4465 3034 4534 ὴ
3075 4464 3339 4517 Ὀκταϐία
3366 4462 3614 4533 μετακλη-

374 4548 627 4605 venelicii
653 4561 1008 4607 accusaretur
1027 4593 1043 4617 ,
1080 4568 1142 4605 ae
1199 4554 1379 4622 primo
1429 4554 1780 4626 relegandam
1809 4599 1822 4616 ,
1855 4557 1953 4612 de-
1979 4547 2031 4608 D
2058 4553 2201 4624 θείη,
2225 4555 2561 4624 κατηγόρους
2592 4555 2680 4608 ἐπ’
2703 4574 2734 4609 α

2058 4553 2201 4624 θείη,
2225 4555 2561 4624 κατηγόρους
2592 4555 2680 4608 ἐπ’
2703 4556 2837 4626 αὐτῇ
2874 4558 2968 4610 καὶ
3002 4557 3220 4626 μνιιχίας
3249 4559 3345 4610 καὶ
3380 4553 3610 4626 γοητείας

377 4639 506 4696 inde
533 4641 893 4697 occidendam
926 4645 1169 4698 curavit.
1202 4645 1329 4700 Post
1372 4645 1487 4715 ipsa
1539 4647 1704 4702 etiam
1754 4647 1953 4706 Sabina

373 4748 406 4786 a
435 4732 650 4788 Nerone
682 4735 968 4791 interiecta
1002 4745 1107 4800 est,
1132 4752 1257 4791 cum
1295 4737 1351 4792 in
1400 4753 1523 4794 eam
1582 4751 1952 4812 pnegnautem

374 4824 620 4880 calcibus
647 4825 976 4893 insiliisset,
1020 4844 1180 4898 quam
1223 4829 1446 4898 quidem
1495 4832 1659 4903 longo
1707 4843 1955 4902 tempore

375 4917 515 4972 luxit
544 4935 559 4972 :
593 4935 656 4974 ac
697 4930 983 4992 tantopere
1015 4921 1385 4986 desideravit,
1427 4934 1489 4980 ut
1521 4926 1798 4995 principio
1827 4941 1954 4980 mu-

375 5011 568 5066 lierem
624 5013 703 5068 illi
771 5014 1010 5071 similem
1068 5017 1188 5087 ejus
1251 5017 1376 5072 loco
1435 5027 1694 5073 teneret:
1753 5019 1955 5075 deinde

377 5121 612 5174 puerum
638 5107 958 5162 libertinum
981 5150 994 5173 ,
1028 5109 1252 5164 nomine
1280 5113 1518 5179 Sporum
1542 5151 1556 5171 ,
1583 5111 1821 5164 exsectis
1873 5112 1956 5166 vi-

376 5198 574 5252 rilibus
603 5215 826 5254 uxorem
855 5200 1126 5268 duceret,
1163 5203 1310 5272 quod
1364 5203 1412 5257 is
1460 5217 1681 5271 quoque
1737 5202 1955 5260 Sabinae

371 5300 523 5346 esset
547 5292 764 5358 similis,
795 5311 1108 5365 quanquam
1160 5297 1276 5366 ipse
1323 5294 1471 5350 Nero
1521 5295 1840 5368 Pythagorae
1889 5297 1957 5351 li-

378 5381 537 5440 berto
564 5386 860 5456 nupsisset.
896 5385 958 5442 Hi
993 5387 1104 5442 duo
1131 5388 1300 5457 igitur
1351 5402 1457 5441 una
1500 5402 1617 5442 rem
1677 5387 1956 5444 habebant

373 5493 500 5534 cum
534 5481 770 5545 Nerone,
804 5483 1136 5553 Pythagoras
1165 5493 1223 5537 ut
1265 5484 1366 5546 vir,
1401 5483 1608 5552 Sporus
1639 5494 1698 5540 ut
1729 5487 1952 5542 mulier.

379 5571 606 5626 Publice
636 5573 846 5627 cithara
871 5573 1094 5636 cecinit,
1123 5574 1375 5642 quamvis
1407 5575 1599 5646 exigua
1631 5587 1689 5632 et
1713 5579 1952 5634 obscura

375 5677 513 5718 Voce
574 5665 858 5734 prteditus.
926 5666 984 5720 In
1041 5665 1192 5720 circo
1251 5665 1544 5737 aurigavit.
1599 5669 1840 5742 'lrajecit
1895 5673 1949 5727 in

374 5754 665 5822 Graciam,
696 5774 806 5813 non
841 5768 900 5812 ut
922 5759 1159 5828 majores
1185 5759 1292 5819 sui,
1323 5760 1415 5813 sed
1442 5760 1698 5823 saltandi,
1725 5764 1952 5818 citharae

378 5849 683 5920 pulsaudae,
715 5851 976 5922 pra-comi
1013 5851 1274 5921 faciendi,
1303 5852 1636 5924 agettda'quc
1672 5855 1952 5924 tragmdia:

2057 4644 2290 4714 ψευδοῦς
2322 4648 2798 4716 παρεσκευάσατο.
2839 4647 2949 4702 Καὶ
2977 4648 3040 4700 τὸ
3079 4650 3178 4716 μὲν
3216 4647 3432 4718 πρῶτον
3460 4661 3614 4715 φυγα-

2057 4738 2316 4808 δευθῆναι
2371 4740 2563 4809 αὐτὴν,
2614 4739 2806 4792 ἔπειτα
2867 4741 2961 4793 καὶ
3018 4740 3296 4809 σφαγῆναι
3355 4740 3610 4807 ἐποίηςεν.

2059 4831 2192 4888 Εἶτα
2235 4834 2326 4886 καὶ
2393 4834 2531 4904 αὐτὴ
2565 4836 2599 4904 ἡ
2641 4833 2845 4886 Σαδίνα
2889 4833 3124 4902 ἐκτάνθη
3179 4833 3285 4886 ὑπὸ
3324 4832 3415 4885 τοῦ
3455 4831 3614 4896 Νέρω-

2058 4944 2147 4989 νος
2171 4942 2186 4958 ⁶
2231 4925 2437 4996 κυούσῃ
2493 4923 2604 4992 γὰρ
2635 4925 2772 4994 αὐτῇ
2818 4923 2919 4988 λάξ
2948 4925 3218 4992 ἐνέθορεν.
3265 4923 3388 4976 Ἐπὶ
3415 4922 3540 4974 πολὺ
3566 4919 3612 4972 δὲ

2059 5020 2328 5074 θανοῦσαν
2364 5019 2690 5087 ἐπένθησεν·
2719 5017 2893 5080 οὕτως
2922 5017 2966 5068 δ’
2996 5017 3165 5086 αὐτὴν
3193 5017 3458 5085 ἐπόθησεν
3490 5013 3612 5066 ὥστε

2056 5108 2124 5161 τά
2159 5109 2259 5175 μὲν
2301 5108 2490 5176 πρῶτα
2529 5109 2765 5175 γυναῖκά
2789 5125 2913 5161 τινα
2939 5111 3226 5178 προσφερῆ
3259 5108 3446 5178 ἐκείνῃ
3478 5118 3611 5175 μετε·

2059 5201 2312 5271 πέμψατο
2347 5203 2440 5254 καὶ
2473 5201 2652 5272 ἔσχεν.
2692 5203 2929 5254 Ἔπειτα
2957 5201 3123 5253 παῖδα
3151 5199 3534 5270 ἀπελεύθερον.
3559 5195 3610 5248 ὃν

2059 5297 2265 5367 Σπόρον
2308 5294 2612 5364 ὠνόμαζεν,
2647 5293 2899 5363 ἐκτεμὼν
2931 5293 3160 5362 ἔγημεν,
3187 5295 3368 5362 ἐπειδὴ
3410 5293 3499 5346 καὶ
3525 5289 3607 5344 αὖ·

2055 5388 2144 5450 τὸς
2180 5389 2245 5457 τῇ
2275 5386 2480 5456 Σαϐίνῃ
2510 5385 2694 5455 ἐῴκει,
2730 5383 2934 5456 καίπερ
2965 5385 3260 5456 Πυθαγόρᾳ
3286 5386 3388 5439 τινὶ
3417 5384 3608 5449 ἐξελευ-

2058 5483 2201 5552 θὲρῳ
2222 5479 2756 5550 γεγαμημένος.Καὶ
2784 5481 3126 5547 συνεγίνοντο
3152 5481 3267 5548 ἄμα
3291 5478 3362 5549 τῷ
3385 5478 3604 5548 Νέρωνι.

2056 5574 2382 5644 Πυθαγόρας
2420 5572 2519 5642 μὲν
2563 5572 2638 5635 ὡς
2683 5571 2847 5642 ἀνὴρ,
2881 5572 3091 5644 Σπόρος
3121 5572 3177 5624 δέ
3209 5572 3283 5636 ὡς
3329 5571 3480 5641 γυνή.
3510 5569 3605 5621 Καὶ

2053 5667 2424 5740 ἐκιθαρῴδησε
2458 5666 2514 5718 δὲ
2560 5664 2822 5735 δημοσία,
2861 5665 3041 5718 καίτοι
3079 5666 3254 5736 βραχὺ
3309 5664 3396 5716 καὶ
3447 5661 3602 5728 μέὶαν

2055 5760 2291 5828 φώνημα
2323 5759 2481 5828 ἔχων·
2516 5758 2609 5811 καὶ
2646 5759 2706 5810 ἐν
2735 5757 2813 5828 τῷ
2855 5757 3199 5827 ἱπποδρομίῳ
3234 5753 3602 5829 ηρματηλάιη·

2058 5871 2170 5908 σεν.
2218 5850 2562 5923 Ἐπεραιῴθη
2590 5849 2644 5904 δὲ
2671 5851 2768 5907 καὶ
2797 5851 2931 5923 πρὸς
2963 5849 3062 5921 τὴν
3109 5847 3346 5916 Ἑλλάδα,
3377 5843 3521 5897 οὗτοι
3543 5854 3596 5906 γε
