3910 6556
209 459 214 466 δ
279 375 384 438 961

1509 378 1919 441 ANNALIUM
1961 380 2109 442 LIB.
2150 382 2258 442 XI.

3431 391 3539 455 962

275 488 349 551 ὡς
401 489 450 538 οἱ
505 486 759 557 πρόγονοι
803 485 993 554 αὑτοῦ,
1029 486 1260 542 ἀλλ’ὲπὶ
1312 485 1566 559 ὀρχήσει,
1621 490 1718 544 καὶ
1762 492 1831 544 ἐπ

1959 504 2146 548 causa.
2179 492 2293 548 Nec
2317 491 2466 547 enim
2497 491 2549 547 ei
2588 494 2760 548 Roma
2805 492 2941 549 satis
2982 494 3164 565 ampla
3223 504 3343 552 erat
3371 515 3390 554 :
3439 500 3536 555 sed

276 577 672 648 κιθαρῳδήσει,
699 579 930 650 κηρύξει
969 597 1029 632 τε
1065 580 1162 633 καὶ
1202 581 1510 651 τραγῳδίας
1541 583 1853 652 ὑποκρίσει.

275 671 353 724 Οὐ
411 672 524 741 γὰρ
587 672 748 742 ἤρκει
795 672 948 742 σὺτῷ
999 674 1032 743 ὴ
1078 673 1292 742 Ῥώμη,
1343 672 1460 726 ἀλλ’
1509 673 1704 744 ἐδεήθη
1759 673 1855 726 καὶ

274 764 664 834 ἐκστρατείας,
697 763 783 817 ἵνα
809 765 906 816 καὶ
929 763 1334 835 Περιοδονίκης,
1371 764 1446 828 ὼς
1477 764 1657 832 ἔλεγε.
1691 765 1853 834 γένηο

273 874 382 910 ται.
435 856 598 909 Ἀλλά
637 856 688 909 τί
741 857 807 908 ἄν
832 873 916 918 τις
956 855 1080 908 καθ’
1114 855 1348 908 ἕκαστον
1387 855 1536 923 λέγοι
1578 855 1688 909 τῶν
1719 853 1851 924 παρ’

270 945 487 999 ἐκείνου
543 944 978 1016 πραττομένων;
1027 945 1210 998 πάντα
1258 945 1370 1015 γὰρ
1414 945 1623 1012 ἁπλῶς,
1669 949 1769 1000 ὅσα
1800 945 1851 998 oi

267 1036 537 1103 τυχόντες
612 1035 1047 1104 ὑποκρίνονται,
1122 1039 1376 1100 κάκεῖνος
1420 1037 1576 1106 ἔλεγέ
1649 1056 1706 1092 τε
1757 1039 1852 1092 καλ⁸

210 1133 213 1137 ’
265 1125 512 1195 ἔπραττε
542 1167 557 1190 ,
612 1128 707 1179 καὶ
756 1129 961 1196 ἔπασχε
991 1166 1006 1190 ,
1038 1127 1178 1196 πλὴν
1238 1127 1360 1180 καθ’
1427 1128 1551 1181 ὅσον
1616 1131 1849 1200 χρυσαῖς

262 1217 442 1270 ἐδεῖτο
504 1218 800 1272 ἁλύσεσινο
841 1220 902 1271 οὐ
948 1220 1058 1288 γὰρ
1088 1221 1294 1290 ἔπρεπε
1341 1219 1633 1290 Ῥωμαίων
1691 1221 1853 1274 αὐτο-

259 1311 512 1380 κράτορα
536 1311 784 1381 σιδηραῖς
833 1312 1058 1366 δεῖσθαι.
1096 1311 1444 1382 Στρατιὼτης
1474 1313 1532 1364 δέ
1564 1329 1679 1378 τις,
1721 1313 1850 1366 ἰδὼν

257 1403 430 1455 αὑτὸν
470 1405 602 1458 ποτὲ
625 1406 931 1475 δεδεμένον,
959 1406 1452 1476 ἡγανάκτησε,καὶ
1480 1405 1849 1475 προσδραμὼν

255 1494 483 1553 ἔλυσεν.
511 1498 740 1570 Ἕτερος
769 1501 845 1565 δὲ,
879 1505 1145 1573 ἐρομένου
1177 1505 1316 1566 τινος
1353 1503 1418 1557 Τί
1447 1503 1610 1557 ποιεῖ
1665 1505 1698 1556 d
1735 1506 1846 1557 αὺ-

253 1591 606 1662 τοκράτωρ;
639 1597 975 1668 ἀπεκρίνατο
1029 1599 1114 1652 ὅτι
1166 1600 1376 1653 Τίκτει.
1425 1598 1684 1652 Τοιοῦτον
1737 1599 1848 1668 γάρ

252 1701 303 1736 τι
331 1686 672 1757 ὑπεκρίνετο
703 1690 849 1744 τότε.
883 1689 1127 1759 Ἤρξατο
1160 1690 1214 1742 δὲ
1249 1691 1342 1744 καὶ
1376 1691 1467 1743 τὸν
1518 1689 1729 1758 Ἰσθμὸν
1749 1690 1848 1759 τῆς

255 1777 687 1850 Πελοποννήσου
765 1781 1033 1851 διορύξαι,
1095 1784 1298 1850 καίπερ
1359 1783 1470 1836 τῶν
1540 1782 1846 1853 ἀνθρώπων

1957 584 2310 654 expeditione
2337 595 2458 640 erat
2485 601 2648 656 opus,
2681 599 2740 642 ut
2777 587 3168 644 Periodonices
3201 631 3217 656 ,
3268 589 3374 646 boc
3411 602 3535 657 est.

1956 678 2159 746 passim
2197 679 2396 743 victor,
2430 689 2492 733 ut
2521 680 2731 746 aiebat,
2758 680 3040 736 evaderet.
3098 679 3206 736 Sed
3251 685 3378 754 quis
3401 679 3534 739 Asin-

1954 768 2079 837 gula
2114 769 2235 838 ejus
2263 768 2402 824 facta
2435 772 2771 826 enumeret?
2813 773 2948 828 Num
2983 789 3094 828 uno
3126 774 3318 836 verbo.
3368 776 3536 845 quiil-

1953 861 2084 930 qttiil
2117 862 2256 916 viles
2291 862 2598 918 histriones
2633 874 3058 936 repraesentant,
3087 880 3152 921 ea
3191 865 3374 920 omnia
3418 867 3536 936 ipse

1951 963 2008 1008 et
2035 953 2257 1008 dicebat
2291 964 2349 1010 et
2380 954 2616 1010 faciebat
2649 966 2706 1010 et
2740 957 3011 1012 tolerabat
3036 997 3052 1020 ,
3090 957 3198 1013 nisi
3244 960 3393 1028 quod
3436 974 3538 1012 au-

1953 1043 2065 1096 reis
2095 1043 2308 1098 catenis
2333 1044 2683 1116 vinciebatur
2727 1063 2742 1102 :
2770 1063 2894 1100 nam
2925 1047 3120 1102 ferreae
3153 1047 3528 1104 Romanorum

1952 1132 2339 1202 imperatorem
2396 1136 2540 1192 haud
2599 1138 2937 1194 decuissent.
2989 1139 3303 1208 Aliquando
3364 1140 3536 1212 igitur

1951 1225 2111 1280 miles
2141 1227 2388 1281 vinetum
2425 1230 2815 1298 conspicatus.
2855 1246 2965 1299 prae
3005 1230 3383 1298 indignatione
3440 1248 3538 1286 ac-

1951 1318 2162 1380 currit,
2210 1333 2450 1390 eumque
2489 1321 2676 1376 solvit.
2731 1321 2891 1376 Alius
2944 1323 3314 1392 interrogatus
3343 1364 3358 1385 .
3405 1324 3534 1392 quid

1950 1420 2128 1481 ageret
2167 1412 2480 1480 imperator,
2536 1412 2844 1480 respondit,
2892 1429 3010 1466 eum
3055 1416 3346 1482 parturire.
3397 1415 3533 1470 Par-

1952 1512 2066 1556 tum
2101 1504 2250 1558 enim
2280 1511 2396 1556 tum
2442 1504 2901 1573 reprzesentabat.
2953 1505 3130 1575 Coepit
3171 1507 3338 1561 etiam
3395 1507 3535 1562 Isth-

1948 1609 2098 1648 mum
2135 1594 2463 1664 perl‘odere;
2489 1610 2519 1648 a
2559 1611 2670 1664 quo
2696 1611 2820 1650 cum
2849 1597 3101 1651 homines
3142 1598 3528 1662 abhorrerent,

1948 1683 2112 1756 57o
2145 1697 2364 1756 sumpto
2391 1686 2570 1758 ligone
2607 1689 2722 1756 ipse
2768 1687 2956 1743 fodere
2997 1691 3164 1759 coepit
3194 1729 3210 1751 ,
3273 1691 3531 1760 idemque

1949 1795 2051 1834 suo
2077 1781 2329 1848 exemplo
2365 1780 2546 1835 facere
2580 1791 2814 1835 caeteros
2847 1783 3046 1852 coegit.
3096 1783 3292 1838 Fertur
3343 1793 3529 1838 autem

248 1871 586 1925 ὀκνούντων.
625 1873 824 1926 Λαϐὼν
877 1872 971 1928 οὖν
1011 1876 1171 1938 αὐτὸς
1227 1876 1501 1940 δίκελλαν,
1543 1875 1638 1928 καί
1667 1891 1721 1927 τι
1744 1875 1831 1928 καὶ

1945 1873 2168 1942 sanguis
2193 1872 2478 1926 ebulliiSee
2505 1911 2520 1936 ,
2555 1888 2679 1926 ctttn
2712 1882 2857 1927 terra
2899 1876 3140 1944 primum
3185 1885 3527 1946 tattgcretur,

248 1964 599 2032 ἀνασκάψας,
635 1963 820 2018 ἔπεισι
881 1972 974 2019 καί
1017 1968 1142 2030 τοὺς
1181 1967 1372 2029 ἄλλους
1411 1967 1624 2040 ἀνάγκη
1673 1966 1837 2020 αὐτὴν

251 2058 629 2126 μιμήσασθαι.
689 2057 840 2130 Αἷμα
895 2061 952 2113 δὲ
983 2065 1098 2124 τοῖς
1123 2061 1360 2132 πρώτοις
1409 2061 1716 2132 ἁψαμένοις
1738 2060 1836 2129 τῆς

1945 1977 2000 2022 et
2033 1967 2270 2036 gannitus
2292 1975 2347 2020 et
2378 1970 2619 2032 mugitus
2645 1967 2940 2022 exauditus
2992 1982 3114 2023 esse
3141 2008 3158 2035 ,
3211 1978 3268 2022 et
3309 1977 3528 2039 spectra

1942 2061 2116 2115 multa
2147 2059 2493 2128 apparuisse.

246 2149 352 2216 γῆς
421 2149 642 2219 λέγεται
713 2153 1015 2208 ἀναϐλύσαι
1054 2157 1151 2208 καὶ
1216 2156 1465 2225 οἰμωγὰς
1529 2157 1626 2209 καὶ
1695 2151 2024 2226 μυκηομοὺς
2063 2152 2452 2218 ἐξακούεσθαι,
2498 2151 2596 2205 καὶ
2643 2151 2883 2206 εἰδώλων
2917 2153 3174 2223 γενέσθαι
3224 2131 3528 2226 φαντασίαν

247 2243 490 2300 πολλῶν.

316 2339 423 2391 1Γ¹.
487 2334 656 2402 Οὗτος
718 2343 934 2414 πρῶτος
1004 2347 1098 2399 καὶ
1146 2346 1241 2400 τοῦ
1293 2348 1438 2401 κατά
1482 2347 1830 2419 Χριστιανῶν

245 2431 458 2502 ἤρξατο
491 2433 756 2504 διωγμοῦ,
790 2437 886 2490 καὶ
913 2439 1116 2508 Πέτρον
1143 2441 1239 2492 καὶ
1271 2441 1481 2493 Παῦλον
1508 2443 1634 2502 τοὺς
1668 2457 1834 2510 κορυο

245 2524 451 2591 φαίους
485 2527 596 2578 τῶν
651 2529 968 2582 ἀποστόλων
1022 2533 1314 2585 ἀπέκτεινε
1361 2535 1503 2586 κατά
1545 2533 1637 2584 τὸν
1667 2531 1832 2584 αὐτὸν

244 2617 466 2686 καιρὸν,
523 2617 598 2682 ὡς
646 2620 674 2672 ὁ
721 2621 980 2685 Εὑσέόιος
1035 2624 1270 2693 ἱστορεῖ,
1331 2626 1396 2677 ἐκ
1451 2625 1832 2694 παλαιοτέρων

247 2711 621 2780 συγγραφέων
648 2713 958 2783 μαρτυρίας
1011 2717 1300 2787 παράγων.
1344 2717 1564 2787 ’Έτεροι
1593 2718 1648 2770 δὲ
1685 2717 1828 2770 κατὰ

243 2800 340 2872 τὴν
361 2801 538 2872 αὐτὴν
561 2804 778 2876 ἡμέραν
813 2809 949 2875 φασὶ
981 2809 1336 2880 τελειωθῆναι
1372 2811 1467 2864 καὶ
1503 2809 1674 2878 ἄμφω
1697 2812 1827 2872 τοὺς

2009 2338 2149 2396 ΧΙὶΙ.
2184 2339 2283 2395 llic
2315 2341 2719 2410 persecutionis
2753 2343 3198 2399 Christianorum
3241 2343 3522 2415 princeps,

1937 2433 2161 2488 Petrum
2189 2441 2244 2486 et
2278 2432 2506 2486 Paulum
2540 2434 2819 2504 principes
2861 2436 3244 2505 apostolorum
3295 2434 3526 2491 interfe-

1909 2526 2034 2588 'cit,
2065 2527 2259 2580 eodem
2302 2533 2575 2594 tempore,
2608 2535 2668 2579 ut
2699 2525 2978 2580 Eusebius
3037 2542 3104 2581 ex
3157 2526 3521 2597 antiquorum

1939 2618 2272 2674 testimoniis
2322 2618 2544 2674 asserit.
2575 2618 2712 2672 Nam
2758 2618 2853 2672 alii
2899 2619 3095 2673 eodem
3155 2619 3383 2690 quidem
3432 2619 3524 2674 die

1935 2719 2231 2779 utrumque
2273 2719 2713 2763 consummatum
2742 2724 2865 2764 esse
2895 2709 3164 2772 tradunt.
3219 2710 3318 2766 sed
3372 2726 3521 2766 anno

1933 2801 2177 2857 diverso.
2206 2802 2335 2855 Post
2370 2802 2618 2866 Petrum,
2654 2803 2867 2871 primus
2895 2803 3142 2872 pontifex
3176 2803 3348 2859 Linus
3383 2802 3518 2860 fuit.

244 2893 607 2958 ἀποστόλους,
658 2895 714 2948 έν
772 2897 919 2968 ἄλλῳ
981 2899 1039 2952 δὲ
1094 2899 1205 2953 ἔτει
1255 2905 1348 2956 καὶ
1379 2902 1546 2974 ἄλλῳ.
1580 2904 1735 2956 Μετὰ
1773 2901 1831 2956 δὲ

1936 2894 2080 2950 Nero
2107 2894 2290 2949 adhuc
2314 2894 2369 2948 in
2399 2893 2610 2949 Graecia
2637 2894 2870 2964 degens.
2922 2894 3344 2964 Vespasianum,
3384 2910 3521 2950 con-

245 2983 456 3054 Πέτρον
493 2987 710 3057 πρῶτος
746 2990 1038 3062 ἀρχιερεὺς
1074 2993 1176 3061 τῆς
1208 2994 1429 3064 Ῥώμης
1462 2997 1490 3048 ὁ
1517 2996 1680 3059 Λίνος
1706 2995 1830 3063 ἐγέ-

243 3090 387 3127 νετο.
419 3077 544 3129 Ἔτι
571 3079 616 3131 δ’
648 3082 705 3132 ἐν
724 3085 789 3151 τῇ
839 3081 1053 3137 Ἐλλάδι
1081 3085 1234 3149 ὄντος
1269 3085 1366 3139 τοῦ
1402 3087 1655 3157 Νέρωνος
1695 3089 1829 3141 Ἰου-

242 3167 383 3221 δαίοι
423 3171 506 3234 εἰς
564 3169 842 3243 προῦπτον
879 3177 1219 3248 ἀπέστησαν,
1251 3181 1348 3234 καὶ
1377 3181 1466 3234 ἐπ’
1490 3183 1687 3246 αὐτοὺς
1737 3183 1828 3236 τὸν

244 3265 664 3320 Οὐεσπασιανὸν
718 3269 958 3339 έπεμψε.
1005 3274 1116 3328 Καὶ
1167 3276 1217 3327 oi
1245 3277 1304 3328 ἐν
1334 3278 1400 3347 τῇ
1445 3276 1747 3347 Βρεττανίᾳ
1769 3277 1826 3330 δὲ

245 3357 338 3408 καὶ
368 3360 416 3410 οἱ
449 3359 689 3414 Γαλάται
721 3361 1085 3434 βαρυνόμενοι
1119 3371 1240 3432 ταῖς
1273 3369 1556 3438 εἰσφοραῖς
1617 3370 1828 3440 ήσχαλ-

245 3448 335 3502 λον
380 3453 444 3504 ἐκ
477 3452 745 3518 πλείονος,
771 3459 864 3510 καὶ
892 3459 1282 3531 ἐφλέγμαινον.
1317 3463 1475 3526 Γάϊος
1509 3464 1566 3517 δὲ
1611 3464 1828 3528 Ἰούλιος

245 3544 459 3612 Οεἰτ·ιδιξ
511 3548 612 3615 (i),
645 3549 784 3621 ἀνὴρ
833 3553 973 3605 κατᾶ
1004 3554 1097 3606 τὸν
1136 3556 1354 3627 πατέρα
1395 3556 1690 3628 βουλευτὴς
1714 3559 1826 3613 τῶν

254 3637 572 3708 Ῥωμαίων,
599 3644 744 3714 ὁρῶν
770 3649 897 3710 τοὺς
927 3649 1235 3719 ὁμοφύλους
1263 3651 1510 3716 Γαλάτας
1542 3653 1827 3726 ὀργῶντας

245 3731 384 3801 πρὸς
437 3735 800 3801 ἀποστασίαν,
859 3739 929 3792 δι’
979 3737 1053 3794 ὧν
1100 3742 1523 3815 ἐδημηγόρησεν
1567 3745 1826 3817 ἠρέθισεν

245 3825 466 3892 αὐτοὺς,
515 3831 610 3882 καὶ
633 3828 865 3900 ὥρκωσε
923 3836 1103 3888 πάντα
1161 3837 1302 3908 ὑπὲρ
1354 3839 1452 3908 τῆς
1483 3839 1685 3909 βουλῆς
1730 3841 1826 3893 καὶ

244 3915 339 3969 τοῦ
357 3919 528 3990 δήμου
555 3922 661 3975 τῶν
684 3923 972 3994 Ῥωμαίων
1005 3932 1272 3996 ποιήσειν,
1301 3930 1397 3983 καὶ
1424 3929 1645 3995 ἑαυτὸν,
1674 3931 1741 3985 ἄν
1771 3948 1825 3984 τι

249 4014 398 4081 παρὰ
453 4014 628 4068 ταῦτα
677 4017 883 4088 πράξῃ,
921 4019 1229 4088 φονεύσειν.
1308 4023 1698 4096 Αὑτοκράτορα
1767 4025 1833 4080 δὲ

250 4102 460 4158 Γάλϐαν
509 4107 602 4159 τὸν
654 4108 966 4178 Σερουΐλιον
1017 4111 1109 4164 τὸν
1147 4112 1474 4168 Σουλπίκιον
1505 4117 1820 4189 προεχειρίο

249 4209 395 4302 cat-to,
428 4195 724 4302 γενόμενον
751 4197 818 4302 ἐξ
839 4199 1217 4302 ,είίπατριδῶη
1257 4204 1352 4256 καὶ
1383 4205 1504 4258 τότε
1553 4210 1653 4277 τῆς
1690 4209 1824 4279 Ἰὅη-
1855 4248 1898 4302 D

250 4285 366 4352 ρίας
424 4287 684 4359 ἄρχοντα.
751 4292 861 4346 Καὶ
894 4292 954 4353 ὃς
997 4293 1097 4366 τὴν
1126 4297 1425 4366 ἠγεμονίαν
1455 4299 1696 4365 ἐδέξατο,
1719 4303 1822 4355 οὐκ

245 4378 474 4448 ἠθέλησε
507 4381 565 4432 δὲ
616 4383 718 4445 τὰς
766 4385 862 4452 τῆς
900 4387 1206 4456 αὐταρχίας
1229 4387 1549 4461 ἐπικλήσεις
1581 4393 1822 4461 προσλα-

250 4470 358 4522 ϐεῖν
407 4474 554 4525 τότε.
621 4473 734 4544 Τῆς
793 4475 839 4528 δ’
895 4479 1241 4545 ἀποστασίας
1283 4485 1756 4555 παρατεινομένης
1795 4488 1824 4539 ὁ

257 4563 462 4630 cavete
489 4567 682 4619 ἑαυτὸν
703 4568 1008 4637 ἀπέσφαξε,
1051 4573 1163 4625 τῶν
1215 4573 1332 4643 μετ’
1353 4576 1521 4628 αὑτοῦ
1551 4593 1823 4647 στρατιω-

257 4654 358 4706 τῶν
402 4657 868 4714 κινδυνευσάντων
931 4663 1364 4736 ὑπεραλγήσας,
1422 4667 1516 4720 καὶ
1571 4673 1712 4739 πρὸς
1761 4672 1822 4724 τὺ

255 4742 527 4814 δαιμόνιον
576 4749 998 4822 ἀγανακτήσας,
1057 4754 1140 4806 ὅτι
1193 4757 1441 4811 τοιούτου
1494 4761 1823 4832 πράγματος

254 4835 576 4909 ὀριγνηθεὶς,
611 4841 705 4894 τοῦ
731 4845 823 4896 τὸν
851 4845 1082 4916 Νέρωνα
1109 4848 1364 4904 καθελεῖν
1394 4853 1488 4905 καὶ
1513 4854 1643 4917 τοὺς
1686 4855 1819 4908 Ῥω-

261 4931 445 5022 μαίους
506 4933 874 5004 ἐλευθερῶσαι
917 4939 1020 4993 οὐκ
1053 4940 1366 5007 ἐξετέλεσεν
1389 4946 1542 5000 αὐτό.
1567 4947 1818 5022 Τοσαύτη

253 5019 350 5090 γὰρ
385 5023 668 5096 προθυμίᾳ
697 5028 834 5098 πρὸς
880 5029 1042 5084 τοῦτο
1079 5032 1376 5104 ἐχρήσατο,
1409 5035 1551 5090 ὥστε
1586 5038 1682 5091 τοῦ
1708 5019 1819 5091 Ns;

257 5128 413 5180 ρωνος
440 5117 724 5182 διακοσίας
772 5121 867 5173 καὶ
907 5125 1251 5192 πεντήκοντα
1305 5129 1573 5199 μυριάδας
1619 5133 1814 5201 ἐπικη-

255 5205 501 5274 ρύξαντος
549 5212 630 5282 τῷ
688 5213 788 5284 τὴν
858 5219 1104 5288 κεφαλὴν
1157 5222 1308 5290 αὐτῷ
1375 5225 1661 5294 κομίσοντι
1719 5226 1815 5279 τοῦ

253 5302 543 5368 Οὐίνδικος,
576 5308 781 5370 ἐκεῖνος
816 5309 921 5380 ἔφη
954 5312 1035 5363 ὅτι
1077 5312 1132 5364 '0
1159 5314 1406 5381 Νέρωνα
1426 5317 1815 5387 ἀποκτείνας,

254 5393 342 5445 καί
362 5396 473 5463 τὴν
499 5398 738 5454 ἐκείνου
761 5404 1017 5470 κομίσας
1059 5423 1163 5474 μοι
1203 5409 1482 5477 κεφαλὴν
1525 5411 1638 5476 τὴν
1661 5412 1819 5480 ἐμὴν

253 5489 635 5563 ἀντιλήψεται
698 5497 995 5567 κεφαλήν.
1034 5500 1094 5553 '0
1127 5499 1182 5553 δὲ
1235 5499 1450 5570 Νέρων,
1495 5501 1685 5570 μαθὼν
1720 5505 1817 5557 καὶ

1936 2996 2021 3042 ira
2057 2987 2298 3050 Judzeos,
2331 2988 2425 3056 qui
2455 2988 2566 3056 jatn
2596 2997 2787 3054 aperte
2814 2986 3156 3051 defecerant,
3198 2987 3369 3043 misit.
3401 2986 3521 3041 Bri-

1935 3082 2085 3134 tanni
2123 3097 2346 3150 quoque
2369 3091 2425 3135 et
2451 3080 2590 3136 Galli
2624 3079 3011 3134 exactionibus
3035 3080 3248 3151 gravari
3282 3096 3341 3136 se
3371 3118 3387 3143 ,
3415 3079 3522 3135 ini-

1932 3175 2058 3242 quis
2091 3183 2148 3228 et
2171 3175 2503 3228 exulceratis
2527 3175 2728 3238 animis
2781 3175 3158 3242 patiebantur.
3207 3173 3396 3243 Itaque
3451 3173 3517 3230 G.

1928 3268 2111 3324 Julius
2143 3268 2355 3323 Vindex
2377 3268 2640 3324 senatorii
2669 3268 2901 3333 ordinis,
2940 3277 3002 3322 ut
3033 3279 3090 3322 et
3128 3277 3286 3338 pater
3311 3267 3516 3335 fuerat,

1930 3361 2225 3432 populares
2255 3375 2385 3415 suos
2409 3360 2522 3432 jam
2549 3370 2676 3414 ante
2725 3359 2794 3414 ad
2849 3359 3218 3414 defectionem
3277 3376 3521 3432 propen-

1930 3468 2023 3509 sos
2053 3493 2068 3520 ,
2106 3453 2284 3524 magis
2313 3453 2482 3507 etiam
2529 3452 2900 3508 concionibus
2949 3453 3256 3523 instigavit.
3310 3455 3520 3527 jureju-

1931 3547 2103 3602 rando
2133 3548 2378 3613 adactos,
2413 3561 2472 3602 se
2501 3561 2604 3616 pro
2634 3556 2832 3603 senatu
2891 3548 3206 3618 populoque
3261 3547 3514 3604 Romano

1928 3641 2179 3696 facturos
2209 3654 2333 3697 esse
2361 3641 2547 3696 omnia
2585 3661 2598 3696 :
2631 3650 2686 3696 et
2722 3643 2926 3712 ipsum,
2961 3641 3007 3696 si
3036 3641 3170 3712 quid
3223 3656 3385 3697 secus
3435 3641 3518 3696 fe-

1928 3734 2147 3799 cisset,
2193 3735 2502 3791 occisuros.
2574 3735 2973 3806 Imperatorem
3036 3749 3168 3790 vero
3216 3735 3513 3792 Servilium

1928 3826 2233 3897 Sulpicium
2272 3827 2498 3882 Galbam
2531 3828 2844 3898 designavit
2870 3869 2887 3895 ,
2940 3831 3118 3883 virum
3165 3828 3461 3898 patricium
3495 3865 3512 3894 ,

1931 3930 2050 3974 tum
2079 3920 2356 3990 Hispaniae
2387 3929 2680 3990 praetorem
2717 3937 2733 3975 :
2764 3935 2830 3974 ac
2878 3920 2926 3976 is
2961 3919 3336 3991 principatum
3385 3918 3513 3988 qui-

1925 4011 2050 4066 dem
2080 4013 2344 4081 suscepit,
2385 4012 2481 4068 sed
2515 4012 2731 4081 imperii
2763 4021 3136 4082 cognomenta
3184 4020 3299 4065 tum
3351 4025 3513 4065 assu-

1925 4120 2078 4160 mere
2105 4105 2302 4160 noluit.
2332 4105 2469 4162 Cum
2502 4115 2686 4160 autem
2716 4106 2956 4162 defectio
2980 4106 3130 4161 lente
3159 4106 3510 4173 procederet.

1924 4198 2142 4254 Vindex
2175 4213 2286 4269 prae
2323 4198 2514 4253 dolore
2540 4206 2770 4269 propter
2802 4197 3040 4254 militum
3094 4213 3322 4253 suorum
3355 4197 3510 4268 peri-

1928 4293 2113 4348 culum
2161 4291 2268 4347 sibi
2319 4291 2423 4362 ipsi
2463 4306 2663 4346 manus
2707 4291 2928 4356 attulit,
2989 4289 3226 4345 fortuna;
3275 4290 3458 4346 iratus
3490 4331 3508 4357 ,

1927 4385 2073 4455 quod
2111 4393 2219 4438 tam
2249 4384 2574 4454 praeclarum
2608 4383 2824 4438 facinus
2852 4381 3141 4438 occidendi
3174 4381 3412 4437 Neronis
3452 4392 3513 4438 et

1926 4477 2114 4547 populi
2147 4477 2382 4532 Romani
2419 4475 2695 4530 liberandi
2728 4475 2795 4530 ad
2820 4475 3030 4530 exitum
3060 4475 3366 4544 perducere
3391 4489 3505 4529 non

1923 4570 2218 4640 potuisset.
2243 4568 2400 4635 Quod
2427 4576 2580 4623 tanta
2607 4568 2896 4623 alacritate
2945 4567 3017 4622 ab
3065 4581 3135 4622 eo
3187 4575 3508 4635 susceptum

1924 4663 2050 4726 fuit,
2085 4669 2144 4715 ut
2173 4677 2300 4716 eum
2339 4660 2482 4716 Nero
2511 4660 2597 4715 bis
2629 4660 2829 4715 millies
2875 4669 2931 4714 et
2959 4658 3308 4728 quingenties
3359 4658 3510 4713 tnille

1925 4751 2214 4806 dracltmas
2237 4752 2287 4804 ei
2327 4750 2700 4819 promitteret,
2735 4749 2831 4818 qui
2888 4749 2993 4803 sibi
3050 4748 3299 4803 Vindicis
3343 4757 3512 4818 caput

1923 4841 2219 4905 attulisset,
2249 4841 2472 4907 dixerit,
2502 4856 2558 4895 se
2581 4841 2644 4896 ei.
2672 4842 2764 4911 qui
2816 4839 3042 4895 Neronis
3091 4840 3356 4911 interfecti
3410 4839 3511 4894 sibi

1922 4943 2081 5004 caput
2116 4933 2418 4998 attulisset,
2453 4950 2609 4989 suum
2645 4941 2808 5004 caput
2831 4933 3058 4988 vicissim
3085 4932 3343 4987 daturum
3375 4947 3508 4988 esse.

1922 5043 2068 5098 Nero
2093 5059 2226 5098 vero
2257 5060 2383 5099 cum
2435 5043 2754 5100 Petronium
2804 5058 3028 5114 quoque
3055 5083 3071 5107 ,
3130 5050 3324 5098 contra
3363 5040 3510 5096 sedi-

1924 5137 2096 5191 tiosos
2129 5152 2250 5192 cutn
2283 5138 2473 5209 majori
2505 5147 2661 5210 parte
2693 5139 2977 5209 copiarum
3013 5137 3358 5209 praemissum
3381 5177 3396 5202 ,
3435 5135 3506 5189 ad

1921 5227 2150 5283 Galbam
2175 5227 2444 5285 defecisse
2476 5229 2844 5300 cognovisset,
2883 5245 2977 5301 spe
3024 5243 3301 5284 armorum
3355 5226 3508 5297 abjeo

1921 5331 2032 5386 cta,
2068 5321 2124 5375 in
2154 5323 2338 5376 animo
2372 5322 2589 5390 habuit,
2624 5335 2818 5378 senatu
2856 5323 3074 5388 occiso,
3107 5331 3164 5376 et
3225 5319 3363 5374 urbe
3415 5318 3506 5371 in-

1919 5430 2108 5479 censa,
2145 5416 2400 5485 navigare
2431 5417 2817 5472 Alexandriam
2847 5433 2859 5469 :
2897 5425 3062 5486 atque
3097 5412 3300 5484 adjecit
3333 5426 3348 5464 :
3382 5409 3503 5480 Etsi

1920 5507 2144 5577 imperio
2176 5509 2547 5576 exciderimus,
2581 5516 2757 5562 tamen
2790 5506 2902 5561 illic
2937 5523 3025 5560 ars
3057 5519 3149 5558 nos
3199 5501 3323 5557 alet.
3369 5500 3502 5567 ρυω

1445 5661 1640 5723 Variae
1693 5661 2003 5730 lectiones
2045 5676 2106 5729 et
2141 5677 2332 5731 nota).

320 5810 391 5874 (ί)
432 5814 697 5879 Οὐΐνὸιξ.
759 5816 862 5882 Qui
896 5818 1074 5883 Βίνδιξ
1141 5820 1300 5876 Dioni
1353 5821 1450 5876 lib.
1494 5837 1645 5886 Lxm,
1689 5836 1810 5891 pag.
1851 5821 1976 5876 725i.
