  <div class='ocr_page' id='page_1' title='image "/cluster/home/n/w/nwhite01/storage/ocr_20150623/134/hvd.32044019208289/492.png"; bbox 0 0 3910 6564; ppageno 0'>
   <div class='ocr_carea' id='block_1_1' title="bbox 210 382 304 447">
    <p class='ocr_par' dir='ltr' id='par_1_1' title="bbox 210 382 304 447">
     <span class='ocr_line' id='line_1_1' title="bbox 210 382 304 447; baseline -0.021 0"><span class='ocrx_word' id='word_1_1' title='bbox 210 382 304 447; x_wconf 70' lang='grc'><strong>965</strong></span> 
     </span>
    </p>
   </div>
   <div class='ocr_carea' id='block_1_2' title="bbox 1436 376 2167 441">
    <p class='ocr_par' dir='ltr' id='par_1_2' title="bbox 1436 376 2167 441">
     <span class='ocr_line' id='line_1_2' title="bbox 1436 376 2167 441; baseline 0.003 -2"><span class='ocrx_word' id='word_1_2' title='bbox 1436 377 1831 440; x_wconf 67' lang='lat' dir='ltr'><strong>ANNAUUM</strong></span> <span class='ocrx_word' id='word_1_3' title='bbox 1880 378 2022 437; x_wconf 66' lang='lat' dir='ltr'><strong>LIB.</strong></span> <span class='ocrx_word' id='word_1_4' title='bbox 2063 376 2167 441; x_wconf 78' lang='lat' dir='ltr'><strong>XL</strong></span> 
     </span>
    </p>
   </div>
   <div class='ocr_carea' id='block_1_3' title="bbox 3329 386 3436 448">
    <p class='ocr_par' dir='ltr' id='par_1_3' title="bbox 3329 386 3436 448">
     <span class='ocr_line' id='line_1_3' title="bbox 3329 386 3436 448; baseline -0.028 0"><span class='ocrx_word' id='word_1_5' title='bbox 3329 386 3436 448; x_wconf 67' lang='lat'><strong>966</strong></span> 
     </span>
    </p>
   </div>
   <div class='ocr_carea' id='block_1_4' title="bbox 205 489 1766 568">
    <p class='ocr_par' dir='ltr' id='par_1_4' title="bbox 205 489 1765 568">
     <span class='ocr_line' id='line_1_4' title="bbox 205 489 1765 568; baseline -0.004 -14"><span class='ocrx_word' id='word_1_6' title='bbox 205 502 331 562; x_wconf 72' lang='lat' dir='ltr'><strong>viai;</strong></span> <span class='ocrx_word' id='word_1_7' title='bbox 379 495 704 566; x_wconf 69' lang='grc' dir='ltr'>σῖρατιῶττιι</span> <span class='ocrx_word' id='word_1_8' title='bbox 737 494 1182 568; x_wconf 70' lang='grc' dir='ltr'>προττητάμενοι</span> <span class='ocrx_word' id='word_1_9' title='bbox 1237 489 1409 549; x_wconf 72' lang='grc' dir='ltr'>Αὖλον</span> <span class='ocrx_word' id='word_1_10' title='bbox 1457 495 1765 547; x_wconf 52' lang='grc' dir='ltr'>Οὐϊτέλλιον</span> 
     </span>
    </p>
   </div>
   <div class='ocr_carea' id='block_1_5' title="bbox 1866 489 3442 568">
    <p class='ocr_par' dir='ltr' id='par_1_5' title="bbox 1871 494 3442 566">
     <span class='ocr_line' id='line_1_5' title="bbox 1871 494 3442 566; baseline 0.006 -23"><span class='ocrx_word' id='word_1_11' title='bbox 1871 494 2217 562; x_wconf 74' lang='lat' dir='ltr'><strong>prndmtem,</strong></span> <span class='ocrx_word' id='word_1_12' title='bbox 2271 494 2592 565; x_wconf 86' lang='lat' dir='ltr'><strong>adoptatum</strong></span> <span class='ocrx_word' id='word_1_13' title='bbox 2622 494 2784 566; x_wconf 71' lang='lat'><strong>572</strong></span> <span class='ocrx_word' id='word_1_14' title='bbox 2836 494 3106 551; x_wconf 74' lang='lat' dir='ltr'><strong>Czrsarem</strong></span> <span class='ocrx_word' id='word_1_15' title='bbox 3163 496 3326 553; x_wconf 82' lang='lat' dir='ltr'><strong>dixit.</strong></span> <span class='ocrx_word' id='word_1_16' title='bbox 3382 499 3442 553; x_wconf 81' lang='lat' dir='ltr'><strong>id</strong></span> 
     </span>
    </p>
   </div>
   <div class='ocr_carea' id='block_1_6' title="bbox 206 588 1763 662">
    <p class='ocr_par' dir='ltr' id='par_1_6' title="bbox 206 588 1763 662">
     <span class='ocr_line' id='line_1_6' title="bbox 206 588 1763 662; baseline -0.003 -17"><span class='ocrx_word' id='word_1_17' title='bbox 206 590 579 662; x_wconf 71' lang='grc' dir='ltr'>ἐπανέστησαν.</span> <span class='ocrx_word' id='word_1_18' title='bbox 616 590 677 642; x_wconf 85' lang='grc' dir='ltr'>Ὀ</span> <span class='ocrx_word' id='word_1_19' title='bbox 699 588 791 642; x_wconf 73' lang='grc' dir='ltr'><strong>οὖν</strong></span> <span class='ocrx_word' id='word_1_20' title='bbox 826 589 863 641; x_wconf 88' lang='grc' dir='ltr'><strong>Γ</strong></span> <span class='ocrx_word' id='word_1_21' title='bbox 865 589 1062 653; x_wconf 38' lang='lat' dir='ltr'><strong>ditia“,</strong></span> <span class='ocrx_word' id='word_1_22' title='bbox 1108 588 1209 660; x_wconf 73' lang='grc' dir='ltr'><strong>τὴν</strong></span> <span class='ocrx_word' id='word_1_23' title='bbox 1256 588 1630 641; x_wconf 80' lang='grc' dir='ltr'>ἐπανάστασιν</span> <span class='ocrx_word' id='word_1_24' title='bbox 1659 603 1763 641; x_wconf 85' lang='grc' dir='ltr'>πυ·</span> 
     </span>
    </p>
   </div>
   <div class='ocr_carea' id='block_1_7' title="bbox 208 677 1760 750">
    <p class='ocr_par' dir='ltr' id='par_1_7' title="bbox 208 677 1760 750">
     <span class='ocr_line' id='line_1_7' title="bbox 208 677 1760 750; baseline -0.001 -17"><span class='ocrx_word' id='word_1_25' title='bbox 208 682 416 750; x_wconf 84' lang='grc' dir='ltr'>θόμενος</span> <span class='ocrx_word' id='word_1_26' title='bbox 447 716 464 739; x_wconf 88' lang='lat'><strong>,</strong></span> <span class='ocrx_word' id='word_1_27' title='bbox 540 677 776 732; x_wconf 81' lang='grc' dir='ltr'>Λούκιον</span> <span class='ocrx_word' id='word_1_28' title='bbox 854 679 1105 731; x_wconf 83' lang='grc' dir='ltr'>Πείσωνα</span> <span class='ocrx_word' id='word_1_29' title='bbox 1176 678 1467 731; x_wconf 76' lang='grc' dir='ltr'><strong>νεανίσκον</strong></span> <span class='ocrx_word' id='word_1_30' title='bbox 1516 678 1760 745; x_wconf 79' lang='grc' dir='ltr'>εὐγενῆ,</span> 
     </span>
    </p>
   </div>
   <div class='ocr_carea' id='block_1_8' title="bbox 204 767 1763 841">
    <p class='ocr_par' dir='ltr' id='par_1_8' title="bbox 204 767 1763 841">
     <span class='ocr_line' id='line_1_8' title="bbox 204 767 1763 841; baseline -0.004 -15"><span class='ocrx_word' id='word_1_31' title='bbox 204 772 424 838; x_wconf 74' lang='grc' dir='ltr'>ἐπιεικῆ,</span> <span class='ocrx_word' id='word_1_32' title='bbox 472 770 740 841; x_wconf 76' lang='grc' dir='ltr'>φρόνιμον</span> <span class='ocrx_word' id='word_1_33' title='bbox 774 769 1158 840; x_wconf 78' lang='grc' dir='ltr'>υίοθετήσατο.</span> <span class='ocrx_word' id='word_1_34' title='bbox 1205 768 1305 821; x_wconf 73' lang='grc' dir='ltr'><strong>καὶ</strong></span> <span class='ocrx_word' id='word_1_35' title='bbox 1335 767 1588 833; x_wconf 72' lang='grc' dir='ltr'>ἀπέδειξε</span> <span class='ocrx_word' id='word_1_36' title='bbox 1625 769 1763 822; x_wconf 83' lang='grc' dir='ltr'>Καί-</span> 
     </span>
    </p>
   </div>
   <div class='ocr_carea' id='block_1_9' title="bbox 204 860 1805 932">
    <p class='ocr_par' dir='ltr' id='par_1_9' title="bbox 204 860 1805 932">
     <span class='ocr_line' id='line_1_9' title="bbox 204 860 1805 932; baseline 0.001 -19"><span class='ocrx_word' id='word_1_37' title='bbox 204 860 429 932; x_wconf 69' lang='grc' dir='ltr'><strong>σιρα.⁹0</strong></span> <span class='ocrx_word' id='word_1_38' title='bbox 456 862 512 915; x_wconf 77' lang='grc' dir='ltr'><strong>δὲ</strong></span> <span class='ocrx_word' id='word_1_39' title='bbox 546 861 734 914; x_wconf 79' lang='grc' dir='ltr'>Ὄθων</span> <span class='ocrx_word' id='word_1_40' title='bbox 758 864 787 914; x_wconf 80' lang='grc' dir='ltr'><em>ὁ</em></span> <span class='ocrx_word' id='word_1_41' title='bbox 811 861 1038 930; x_wconf 76' lang='grc' dir='ltr'>Μάρκος</span> <span class='ocrx_word' id='word_1_42' title='bbox 1081 863 1110 913; x_wconf 79' lang='grc' dir='ltr'><strong><em>ὁ</em></strong></span> <span class='ocrx_word' id='word_1_43' title='bbox 1136 860 1414 925; x_wconf 79' lang='grc' dir='ltr'>Σαλούῖος,</span> <span class='ocrx_word' id='word_1_44' title='bbox 1445 861 1763 929; x_wconf 73' lang='grc' dir='ltr'>ἀγανακτή-</span> <span class='ocrx_word' id='word_1_45' title='bbox 1802 922 1805 925; x_wconf 27' lang='grc' dir='ltr'>λ</span> 
     </span>
    </p>
   </div>
   <div class='ocr_carea' id='block_1_10' title="bbox 205 951 1761 1023">
    <p class='ocr_par' dir='ltr' id='par_1_10' title="bbox 205 951 1761 1023">
     <span class='ocr_line' id='line_1_10' title="bbox 205 951 1761 1023; baseline -0.002 -16"><span class='ocrx_word' id='word_1_46' title='bbox 205 971 291 1015; x_wconf 78' lang='grc' dir='ltr'><strong>σας</strong></span> <span class='ocrx_word' id='word_1_47' title='bbox 304 954 382 1006; x_wconf 74' lang='grc' dir='ltr'><strong>ὅτι</strong></span> <span class='ocrx_word' id='word_1_48' title='bbox 410 951 484 1023; x_wconf 76' lang='grc' dir='ltr'>μὴ</span> <span class='ocrx_word' id='word_1_49' title='bbox 514 952 681 1016; x_wconf 69' lang='grc' dir='ltr'>αὐτὸς</span> <span class='ocrx_word' id='word_1_50' title='bbox 710 953 815 1006; x_wconf 79' lang='grc' dir='ltr'>ὑπὸ</span> <span class='ocrx_word' id='word_1_51' title='bbox 844 952 940 1005; x_wconf 83' lang='grc' dir='ltr'>τοῦ</span> <span class='ocrx_word' id='word_1_52' title='bbox 973 952 1181 1006; x_wconf 71' lang='grc' dir='ltr'>Γάλϐου</span> <span class='ocrx_word' id='word_1_53' title='bbox 1208 952 1525 1023; x_wconf 71' lang='grc' dir='ltr'>υίοθετήθη,</span> <span class='ocrx_word' id='word_1_54' title='bbox 1560 951 1761 1006; x_wconf 76' lang='grc' dir='ltr'>ἐπανέ-</span> 
     </span>
    </p>
   </div>
   <div class='ocr_carea' id='block_1_11' title="bbox 203 1042 1763 1115">
    <p class='ocr_par' dir='ltr' id='par_1_11' title="bbox 203 1042 1763 1115">
     <span class='ocr_line' id='line_1_11' title="bbox 203 1042 1763 1115; baseline 0 -18"><span class='ocrx_word' id='word_1_55' title='bbox 203 1062 292 1113; x_wconf 79' lang='grc' dir='ltr'><strong>στη</strong></span> <span class='ocrx_word' id='word_1_56' title='bbox 321 1042 488 1113; x_wconf 78' lang='grc' dir='ltr'>αὐτῷ,</span> <span class='ocrx_word' id='word_1_57' title='bbox 518 1043 817 1115; x_wconf 84' lang='grc' dir='ltr'>τριάκοντα</span> <span class='ocrx_word' id='word_1_58' title='bbox 856 1044 1052 1113; x_wconf 83' lang='grc' dir='ltr'>μόνους</span> <span class='ocrx_word' id='word_1_59' title='bbox 1082 1043 1424 1115; x_wconf 80' lang='grc' dir='ltr'><strong>στρατιώτας</strong></span> <span class='ocrx_word' id='word_1_60' title='bbox 1468 1043 1763 1114; x_wconf 71' lang='grc' dir='ltr'>ἑτοιμασά-</span> 
     </span>
    </p>
   </div>
   <div class='ocr_carea' id='block_1_12' title="bbox 205 1134 1761 1206">
    <p class='ocr_par' dir='ltr' id='par_1_12' title="bbox 205 1134 1761 1206">
     <span class='ocr_line' id='line_1_12' title="bbox 205 1134 1761 1206; baseline 0.001 -21"><span class='ocrx_word' id='word_1_61' title='bbox 205 1152 371 1205; x_wconf 80' lang='grc' dir='ltr'>μενος.</span> <span class='ocrx_word' id='word_1_62' title='bbox 411 1135 566 1188; x_wconf 63' lang='grc' dir='ltr'>Ἐπεὶ</span> <span class='ocrx_word' id='word_1_63' title='bbox 617 1136 727 1205; x_wconf 82' lang='grc' dir='ltr'><strong>γὰρ</strong></span> <span class='ocrx_word' id='word_1_64' title='bbox 766 1135 951 1188; x_wconf 77' lang='grc' dir='ltr'>θύοντι</span> <span class='ocrx_word' id='word_1_65' title='bbox 976 1134 1054 1206; x_wconf 82' lang='grc' dir='ltr'>τῷ</span> <span class='ocrx_word' id='word_1_66' title='bbox 1098 1135 1281 1206; x_wconf 77' lang='grc' dir='ltr'>Γάλϐᾳ</span> <span class='ocrx_word' id='word_1_67' title='bbox 1310 1136 1468 1205; x_wconf 75' lang='grc' dir='ltr'>μόνος</span> <span class='ocrx_word' id='word_1_68' title='bbox 1490 1135 1600 1187; x_wconf 87' lang='grc' dir='ltr'>τῶν</span> <span class='ocrx_word' id='word_1_69' title='bbox 1639 1134 1761 1205; x_wconf 80' lang='grc' dir='ltr'>βον-</span> 
     </span>
    </p>
   </div>
   <div class='ocr_carea' id='block_1_13' title="bbox 201 1225 1759 1300">
    <p class='ocr_par' dir='ltr' id='par_1_13' title="bbox 201 1225 1759 1300">
     <span class='ocr_line' id='line_1_13' title="bbox 201 1225 1759 1300; baseline -0.001 -21"><span class='ocrx_word' id='word_1_70' title='bbox 201 1226 392 1279; x_wconf 73' lang='grc' dir='ltr'>λευτῶν</span> <span class='ocrx_word' id='word_1_71' title='bbox 417 1225 569 1297; x_wconf 79' lang='grc' dir='ltr'><strong>αὐτῷ</strong></span> <span class='ocrx_word' id='word_1_72' title='bbox 592 1228 864 1298; x_wconf 70' lang='grc' dir='ltr'>παρέστη,</span> <span class='ocrx_word' id='word_1_73' title='bbox 899 1229 995 1281; x_wconf 73' lang='grc' dir='ltr'>καὶ</span> <span class='ocrx_word' id='word_1_74' title='bbox 1025 1226 1122 1281; x_wconf 76' lang='grc' dir='ltr'>τοῦ</span> <span class='ocrx_word' id='word_1_75' title='bbox 1151 1228 1405 1300; x_wconf 82' lang='grc' dir='ltr'>ίερόπτου</span> <span class='ocrx_word' id='word_1_76' title='bbox 1439 1226 1759 1281; x_wconf 78' lang='grc' dir='ltr'>ἐπιϐουλευ-</span> 
     </span>
    </p>
   </div>
   <div class='ocr_carea' id='block_1_14' title="bbox 204 1318 1762 1391">
    <p class='ocr_par' dir='ltr' id='par_1_14' title="bbox 204 1318 1762 1391">
     <span class='ocr_line' id='line_1_14' title="bbox 204 1318 1762 1391; baseline 0.001 -22"><span class='ocrx_word' id='word_1_77' title='bbox 204 1318 451 1386; x_wconf 62' lang='grc' dir='ltr'>θήσεσθαι</span> <span class='ocrx_word' id='word_1_78' title='bbox 480 1318 648 1372; x_wconf 82' lang='grc' dir='ltr'>αὐτὸν</span> <span class='ocrx_word' id='word_1_79' title='bbox 675 1320 926 1381; x_wconf 70' lang='grc' dir='ltr'>εἰπόντες</span> <span class='ocrx_word' id='word_1_80' title='bbox 958 1319 1190 1391; x_wconf 69' lang='grc' dir='ltr'>ἤκουσε,</span> <span class='ocrx_word' id='word_1_81' title='bbox 1235 1319 1330 1372; x_wconf 81' lang='grc' dir='ltr'><strong>καὶ</strong></span> <span class='ocrx_word' id='word_1_82' title='bbox 1365 1318 1762 1388; x_wconf 77' lang='grc' dir='ltr'><strong>παραινοῦντος</strong></span> 
     </span>
    </p>
   </div>
   <div class='ocr_carea' id='block_1_15' title="bbox 202 1407 1762 1481">
    <p class='ocr_par' dir='ltr' id='par_1_15' title="bbox 202 1407 1762 1481">
     <span class='ocr_line' id='line_1_15' title="bbox 202 1407 1762 1481; baseline 0.001 -21"><span class='ocrx_word' id='word_1_83' title='bbox 202 1407 327 1460; x_wconf 80' lang='grc' dir='ltr'>οἶκοι</span> <span class='ocrx_word' id='word_1_84' title='bbox 368 1411 567 1477; x_wconf 81' lang='grc' dir='ltr'>μεῖναι,</span> <span class='ocrx_word' id='word_1_85' title='bbox 598 1411 695 1463; x_wconf 76' lang='grc' dir='ltr'><strong>καὶ</strong></span> <span class='ocrx_word' id='word_1_86' title='bbox 731 1410 955 1480; x_wconf 78' lang='grc' dir='ltr'>μηδαμῆ</span> <span class='ocrx_word' id='word_1_87' title='bbox 993 1409 1313 1481; x_wconf 79' lang='grc' dir='ltr'><strong>προελθεῖν·</strong></span> <span class='ocrx_word' id='word_1_88' title='bbox 1352 1408 1665 1479; x_wconf 75' lang='grc' dir='ltr'>κατέδραμέ</span> <span class='ocrx_word' id='word_1_89' title='bbox 1696 1422 1762 1462; x_wconf 69' lang='grc' dir='ltr'><strong>τε</strong></span> 
     </span>
    </p>
   </div>
   <div class='ocr_carea' id='block_1_16' title="bbox 203 1497 1760 1572">
    <p class='ocr_par' dir='ltr' id='par_1_16' title="bbox 203 1497 1760 1572">
     <span class='ocr_line' id='line_1_16' title="bbox 203 1497 1760 1572; baseline 0.001 -22"><span class='ocrx_word' id='word_1_90' title='bbox 203 1499 375 1563; x_wconf 61' lang='grc' dir='ltr'>εὐθὺς,</span> <span class='ocrx_word' id='word_1_91' title='bbox 403 1500 478 1562; x_wconf 76' lang='grc' dir='ltr'>ὡς</span> <span class='ocrx_word' id='word_1_92' title='bbox 518 1501 607 1553; x_wconf 82' lang='grc' dir='ltr'>ἐπ’</span> <span class='ocrx_word' id='word_1_93' title='bbox 670 1502 803 1553; x_wconf 86' lang='grc' dir='ltr'>ἄλλο</span> <span class='ocrx_word' id='word_1_94' title='bbox 853 1518 904 1556; x_wconf 88' lang='grc' dir='ltr'>τι</span> <span class='ocrx_word' id='word_1_95' title='bbox 940 1502 1023 1565; x_wconf 85' lang='grc' dir='ltr'><strong>είς</strong></span> <span class='ocrx_word' id='word_1_96' title='bbox 1051 1502 1114 1554; x_wconf 83' lang='grc' dir='ltr'>τὸ</span> <span class='ocrx_word' id='word_1_97' title='bbox 1155 1500 1519 1572; x_wconf 82' lang='grc' dir='ltr'>στρατόπεδον</span> <span class='ocrx_word' id='word_1_98' title='bbox 1556 1497 1760 1566; x_wconf 84' lang='grc' dir='ltr'>ἀπιὼν,</span> 
     </span>
    </p>
   </div>
   <div class='ocr_carea' id='block_1_17' title="bbox 202 1590 1763 1663">
    <p class='ocr_par' dir='ltr' id='par_1_17' title="bbox 202 1590 1763 1663">
     <span class='ocr_line' id='line_1_17' title="bbox 202 1590 1763 1663; baseline 0.003 -23"><span class='ocrx_word' id='word_1_99' title='bbox 202 1594 285 1640; x_wconf 72' lang='grc' dir='ltr'>καὶ</span> <span class='ocrx_word' id='word_1_100' title='bbox 310 1590 417 1643; x_wconf 76' lang='grc' dir='ltr'><strong>ὑπὸ</strong></span> <span class='ocrx_word' id='word_1_101' title='bbox 462 1591 573 1642; x_wconf 83' lang='grc' dir='ltr'><strong>τῶν</strong></span> <span class='ocrx_word' id='word_1_102' title='bbox 610 1593 1086 1663; x_wconf 69' lang='grc' dir='ltr'>συνομωμοκότων</span> <span class='ocrx_word' id='word_1_103' title='bbox 1118 1592 1274 1663; x_wconf 88' lang='grc' dir='ltr'><strong>αύτῷ</strong></span> <span class='ocrx_word' id='word_1_104' title='bbox 1303 1593 1652 1663; x_wconf 81' lang='grc' dir='ltr'><strong>στρατιωτῶν</strong></span> <span class='ocrx_word' id='word_1_105' title='bbox 1681 1594 1763 1657; x_wconf 85' lang='grc' dir='ltr'><strong>είς</strong></span> 
     </span>
    </p>
   </div>
   <div class='ocr_carea' id='block_1_18' title="bbox 200 1679 1763 1756">
    <p class='ocr_par' dir='ltr' id='par_1_18' title="bbox 200 1679 1763 1756">
     <span class='ocr_line' id='line_1_18' title="bbox 200 1679 1763 1756; baseline 0.004 -24"><span class='ocrx_word' id='word_1_106' title='bbox 200 1679 255 1732; x_wconf 79' lang='grc' dir='ltr'>τὸ</span> <span class='ocrx_word' id='word_1_107' title='bbox 304 1684 484 1756; x_wconf 78' lang='grc' dir='ltr'>τεῖχος</span> <span class='ocrx_word' id='word_1_108' title='bbox 543 1683 796 1754; x_wconf 71' lang='grc' dir='ltr'>εἰσήχθη,</span> <span class='ocrx_word' id='word_1_109' title='bbox 856 1685 957 1737; x_wconf 75' lang='grc' dir='ltr'><strong>καὶ</strong></span> <span class='ocrx_word' id='word_1_110' title='bbox 1003 1685 1131 1747; x_wconf 77' lang='grc' dir='ltr'>τοὺς</span> <span class='ocrx_word' id='word_1_111' title='bbox 1186 1684 1383 1748; x_wconf 78' lang='grc' dir='ltr'>ἄλλους</span> <span class='ocrx_word' id='word_1_112' title='bbox 1425 1686 1763 1754; x_wconf 80' lang='grc' dir='ltr'><strong>στρατιώτας</strong></span> 
     </span>
    </p>
   </div>
   <div class='ocr_carea' id='block_1_19' title="bbox 202 1776 1761 1849">
    <p class='ocr_par' dir='ltr' id='par_1_19' title="bbox 202 1776 1761 1849">
     <span class='ocr_line' id='line_1_19' title="bbox 202 1776 1761 1849; baseline 0.003 -22"><span class='ocrx_word' id='word_1_113' title='bbox 202 1776 664 1845; x_wconf 77' lang='grc' dir='ltr'>προσαναπείσας,</span> <span class='ocrx_word' id='word_1_114' title='bbox 694 1776 727 1848; x_wconf 75' lang='grc' dir='ltr'>ἢ</span> <span class='ocrx_word' id='word_1_115' title='bbox 766 1776 967 1846; x_wconf 80' lang='grc' dir='ltr'>μᾶλλον</span> <span class='ocrx_word' id='word_1_116' title='bbox 996 1779 1196 1843; x_wconf 82' lang='grc' dir='ltr'>εἰπεῖν,</span> <span class='ocrx_word' id='word_1_117' title='bbox 1225 1779 1597 1849; x_wconf 73' lang='grc' dir='ltr'>ἐκπριάμενος</span> <span class='ocrx_word' id='word_1_118' title='bbox 1630 1779 1761 1832; x_wconf 70' lang='grc' dir='ltr'><strong>πολ⁵</strong></span> 
     </span>
    </p>
   </div>
   <div class='ocr_carea' id='block_1_20' title="bbox 198 1867 1762 1942">
    <p class='ocr_par' dir='ltr' id='par_1_20' title="bbox 198 1867 1762 1942">
     <span class='ocr_line' id='line_1_20' title="bbox 198 1867 1762 1942; baseline 0.004 -23"><span class='ocrx_word' id='word_1_119' title='bbox 198 1867 303 1929; x_wconf 86' lang='grc' dir='ltr'>λαῖς</span> <span class='ocrx_word' id='word_1_120' title='bbox 327 1869 683 1937; x_wconf 70' lang='grc' dir='ltr'>ὑποσχέσεσι,</span> <span class='ocrx_word' id='word_1_121' title='bbox 740 1869 874 1940; x_wconf 84' lang='grc' dir='ltr'>παρ’</span> <span class='ocrx_word' id='word_1_122' title='bbox 912 1868 1140 1925; x_wconf 75' lang='grc' dir='ltr'>ἐκείνων</span> <span class='ocrx_word' id='word_1_123' title='bbox 1182 1888 1241 1924; x_wconf 88' lang='grc' dir='ltr'><strong>τε</strong></span> <span class='ocrx_word' id='word_1_124' title='bbox 1289 1872 1636 1942; x_wconf 84' lang='grc' dir='ltr'>παραχρῆμα</span> <span class='ocrx_word' id='word_1_125' title='bbox 1666 1874 1762 1927; x_wconf 81' lang='grc' dir='ltr'>καὶ</span> 
     </span>
    </p>
   </div>
   <div class='ocr_carea' id='block_1_21' title="bbox 199 1960 1763 2035">
    <p class='ocr_par' dir='ltr' id='par_1_21' title="bbox 199 1960 1763 2035">
     <span class='ocr_line' id='line_1_21' title="bbox 199 1960 1763 2035; baseline 0.003 -20"><span class='ocrx_word' id='word_1_126' title='bbox 199 1961 294 2015; x_wconf 63' lang='grc' dir='ltr'><strong>τῶν</strong></span> <span class='ocrx_word' id='word_1_127' title='bbox 317 1960 493 2015; x_wconf 75' lang='grc' dir='ltr'>ἄλλων</span> <span class='ocrx_word' id='word_1_128' title='bbox 523 1961 683 2015; x_wconf 75' lang='grc' dir='ltr'>ἔλασε</span> <span class='ocrx_word' id='word_1_129' title='bbox 716 1963 815 2035; x_wconf 76' lang='grc' dir='ltr'>τὴν</span> <span class='ocrx_word' id='word_1_130' title='bbox 839 1964 1041 2034; x_wconf 79' lang='grc' dir='ltr'><strong>ἀρχήν.</strong></span> <span class='ocrx_word' id='word_1_131' title='bbox 1079 1964 1139 2017; x_wconf 87' lang='lat'><strong>&#39;0</strong></span> <span class='ocrx_word' id='word_1_132' title='bbox 1161 1963 1372 2027; x_wconf 80' lang='grc' dir='ltr'>Γάλϐας</span> <span class='ocrx_word' id='word_1_133' title='bbox 1392 1964 1450 2018; x_wconf 80' lang='grc' dir='ltr'><strong>δὲ</strong></span> <span class='ocrx_word' id='word_1_134' title='bbox 1474 1965 1665 2035; x_wconf 87' lang='grc' dir='ltr'>μαθὼν</span> <span class='ocrx_word' id='word_1_135' title='bbox 1695 1967 1763 2021; x_wconf 79' lang='grc' dir='ltr'><strong>τὰ</strong></span> 
     </span>
    </p>
   </div>
   <div class='ocr_carea' id='block_1_22' title="bbox 201 2053 1763 2127">
    <p class='ocr_par' dir='ltr' id='par_1_22' title="bbox 201 2053 1763 2127">
     <span class='ocr_line' id='line_1_22' title="bbox 201 2053 1763 2127; baseline 0.004 -22"><span class='ocrx_word' id='word_1_136' title='bbox 201 2056 566 2123; x_wconf 71' lang='grc' dir='ltr'>πρασσόμενα,</span> <span class='ocrx_word' id='word_1_137' title='bbox 597 2053 844 2125; x_wconf 79' lang='grc' dir='ltr'>ἐπεμψεν</span> <span class='ocrx_word' id='word_1_138' title='bbox 873 2057 951 2119; x_wconf 87' lang='grc' dir='ltr'><strong>είς</strong></span> <span class='ocrx_word' id='word_1_139' title='bbox 974 2056 1037 2109; x_wconf 83' lang='grc' dir='ltr'><strong>τὸ</strong></span> <span class='ocrx_word' id='word_1_140' title='bbox 1076 2056 1445 2127; x_wconf 87' lang='grc' dir='ltr'>στρατόπεδόν</span> <span class='ocrx_word' id='word_1_141' title='bbox 1472 2074 1646 2125; x_wconf 88' lang='grc' dir='ltr'>τινας,</span> <span class='ocrx_word' id='word_1_142' title='bbox 1685 2058 1763 2122; x_wconf 81' lang='grc' dir='ltr'>ὡς</span> 
     </span>
    </p>
   </div>
   <div class='ocr_carea' id='block_1_23' title="bbox 205 2146 1763 2218">
    <p class='ocr_par' dir='ltr' id='par_1_23' title="bbox 205 2146 1763 2218">
     <span class='ocr_line' id='line_1_23' title="bbox 205 2146 1763 2218; baseline 0.003 -23"><span class='ocrx_word' id='word_1_143' title='bbox 205 2147 524 2214; x_wconf 80' lang='grc' dir='ltr'><strong>μεταπεῖσαι</strong></span> <span class='ocrx_word' id='word_1_144' title='bbox 557 2149 683 2209; x_wconf 70' lang='grc' dir='ltr'>τοὺς</span> <span class='ocrx_word' id='word_1_145' title='bbox 712 2148 772 2199; x_wconf 85' lang='grc' dir='ltr'><strong>ἐν</strong></span> <span class='ocrx_word' id='word_1_146' title='bbox 815 2146 970 2218; x_wconf 79' lang='grc' dir='ltr'><strong>αὐτῷ</strong></span> <span class='ocrx_word' id='word_1_147' title='bbox 1002 2147 1394 2217; x_wconf 73' lang='grc' dir='ltr'><strong>δυνησόμενος.</strong></span> <span class='ocrx_word' id='word_1_148' title='bbox 1438 2149 1557 2201; x_wconf 76' lang='grc' dir='ltr'>Κάν</span> <span class='ocrx_word' id='word_1_149' title='bbox 1587 2147 1763 2218; x_wconf 82' lang='grc' dir='ltr'>τούτῳ</span> 
     </span>
    </p>
   </div>
   <div class='ocr_carea' id='block_1_24' title="bbox 201 2237 1765 2313">
    <p class='ocr_par' dir='ltr' id='par_1_24' title="bbox 201 2237 1765 2313">
     <span class='ocr_line' id='line_1_24' title="bbox 201 2237 1765 2313; baseline 0.004 -25"><span class='ocrx_word' id='word_1_150' title='bbox 201 2237 527 2308; x_wconf 72' lang='grc' dir='ltr'><strong>στρατιώτης</strong></span> <span class='ocrx_word' id='word_1_151' title='bbox 554 2256 636 2302; x_wconf 86' lang='grc' dir='ltr'><strong>τις</strong></span> <span class='ocrx_word' id='word_1_152' title='bbox 682 2241 889 2308; x_wconf 82' lang='grc' dir='ltr'>γυμνὸν</span> <span class='ocrx_word' id='word_1_153' title='bbox 907 2241 969 2293; x_wconf 77' lang='grc' dir='ltr'>τὸ</span> <span class='ocrx_word' id='word_1_154' title='bbox 990 2240 1145 2310; x_wconf 80' lang='grc' dir='ltr'>ξίφος</span> <span class='ocrx_word' id='word_1_155' title='bbox 1172 2241 1265 2295; x_wconf 74' lang='grc' dir='ltr'><strong>καὶ</strong></span> <span class='ocrx_word' id='word_1_156' title='bbox 1289 2240 1609 2313; x_wconf 73' lang='grc' dir='ltr'>ᾑμαγμένον</span> <span class='ocrx_word' id='word_1_157' title='bbox 1634 2243 1765 2295; x_wconf 79' lang='grc' dir='ltr'>ἀνα-</span> 
     </span>
    </p>
   </div>
   <div class='ocr_carea' id='block_1_25' title="bbox 198 2328 1763 2402">
    <p class='ocr_par' dir='ltr' id='par_1_25' title="bbox 198 2328 1763 2402">
     <span class='ocr_line' id='line_1_25' title="bbox 198 2328 1763 2402; baseline 0.006 -24"><span class='ocrx_word' id='word_1_158' title='bbox 198 2328 394 2394; x_wconf 79' lang='grc' dir='ltr'>τείνων,</span> <span class='ocrx_word' id='word_1_159' title='bbox 414 2330 721 2402; x_wconf 78' lang='grc' dir='ltr'><strong>προσῆλθεν</strong></span> <span class='ocrx_word' id='word_1_160' title='bbox 747 2332 914 2402; x_wconf 79' lang='grc' dir='ltr'>αύτῷ,</span> <span class='ocrx_word' id='word_1_161' title='bbox 937 2332 1161 2402; x_wconf 80' lang='grc' dir='ltr'><strong>φάσκων</strong></span> <span class='ocrx_word' id='word_1_162' title='bbox 1175 2348 1193 2363; x_wconf 80' lang='grc'><em>’</em></span> <span class='ocrx_word' id='word_1_163' title='bbox 1213 2332 1452 2402; x_wconf 75' lang='grc' dir='ltr'>Θάρσει,</span> <span class='ocrx_word' id='word_1_164' title='bbox 1475 2334 1763 2398; x_wconf 78' lang='grc' dir='ltr'>αὐτοκρὰ·</span> 
     </span>
    </p>
   </div>
   <div class='ocr_carea' id='block_1_26' title="bbox 197 2422 1766 2494">
    <p class='ocr_par' dir='ltr' id='par_1_26' title="bbox 197 2422 1766 2494">
     <span class='ocr_line' id='line_1_26' title="bbox 197 2422 1766 2494; baseline -0.008 -3"><span class='ocrx_word' id='word_1_165' title='bbox 197 2439 317 2490; x_wconf 72' lang='grc' dir='ltr'><strong>τωρ.</strong></span> <span class='ocrx_word' id='word_1_166' title='bbox 350 2424 578 2479; x_wconf 80' lang='grc' dir='ltr'><strong>Ὄθωνα</strong></span> <span class='ocrx_word' id='word_1_167' title='bbox 600 2425 712 2494; x_wconf 78' lang='grc' dir='ltr'><strong>γὰρ</strong></span> <span class='ocrx_word' id='word_1_168' title='bbox 744 2426 1089 2481; x_wconf 76' lang='grc' dir='ltr'>ἀπέκτεινα.</span> <span class='ocrx_word' id='word_1_169' title='bbox 1120 2426 1424 2491; x_wconf 76' lang='grc' dir='ltr'>Πιστεύσας</span> <span class='ocrx_word' id='word_1_170' title='bbox 1456 2422 1550 2482; x_wconf 70' lang='grc' dir='ltr'>οὖν</span> <span class='ocrx_word' id='word_1_171' title='bbox 1579 2430 1605 2480; x_wconf 85' lang='grc' dir='ltr'>ὁ</span> <span class='ocrx_word' id='word_1_172' title='bbox 1631 2427 1766 2480; x_wconf 75' lang='grc' dir='ltr'>Γάλ-</span> 
     </span>
    </p>
   </div>
   <div class='ocr_carea' id='block_1_27' title="bbox 199 2514 1765 2592">
    <p class='ocr_par' dir='ltr' id='par_1_27' title="bbox 199 2514 1765 2592">
     <span class='ocr_line' id='line_1_27' title="bbox 199 2514 1765 2592; baseline 0.004 -26"><span class='ocrx_word' id='word_1_173' title='bbox 199 2514 303 2579; x_wconf 73' lang='grc' dir='ltr'>ϐας,</span> <span class='ocrx_word' id='word_1_174' title='bbox 323 2517 400 2578; x_wconf 85' lang='grc' dir='ltr'><strong>είς</strong></span> <span class='ocrx_word' id='word_1_175' title='bbox 418 2516 482 2568; x_wconf 73' lang='grc' dir='ltr'>τὸ</span> <span class='ocrx_word' id='word_1_176' title='bbox 496 2516 844 2572; x_wconf 79' lang='grc' dir='ltr'>Καπιτώλιον</span> <span class='ocrx_word' id='word_1_177' title='bbox 859 2519 932 2582; x_wconf 85' lang='grc' dir='ltr'>ὡς</span> <span class='ocrx_word' id='word_1_178' title='bbox 954 2518 1132 2573; x_wconf 82' lang='grc' dir='ltr'>θύσων</span> <span class='ocrx_word' id='word_1_179' title='bbox 1148 2518 1312 2590; x_wconf 72' lang='grc' dir='ltr'>ώρμη</span> <span class='ocrx_word' id='word_1_180' title='bbox 1324 2536 1408 2584; x_wconf 89' lang='grc' dir='ltr'><strong>σε,</strong></span> <span class='ocrx_word' id='word_1_181' title='bbox 1432 2521 1526 2573; x_wconf 76' lang='grc' dir='ltr'>καὶ</span> <span class='ocrx_word' id='word_1_182' title='bbox 1546 2521 1605 2572; x_wconf 79' lang='grc' dir='ltr'><strong>ἐν</strong></span> <span class='ocrx_word' id='word_1_183' title='bbox 1624 2520 1765 2592; x_wconf 76' lang='grc' dir='ltr'>μέσῃ</span> 
     </span>
    </p>
   </div>
   <div class='ocr_carea' id='block_1_28' title="bbox 194 2610 1765 2682">
    <p class='ocr_par' dir='ltr' id='par_1_28' title="bbox 194 2610 1765 2682">
     <span class='ocr_line' id='line_1_28' title="bbox 194 2610 1765 2682; baseline 0.003 -24"><span class='ocrx_word' id='word_1_184' title='bbox 194 2611 257 2678; x_wconf 81' lang='grc' dir='ltr'><strong>τῇ</strong></span> <span class='ocrx_word' id='word_1_185' title='bbox 295 2610 469 2679; x_wconf 79' lang='grc' dir='ltr'>ἀγορᾷ</span> <span class='ocrx_word' id='word_1_186' title='bbox 492 2610 906 2681; x_wconf 80' lang='grc' dir='ltr'><strong>ἀπαντήσαντες</strong></span> <span class='ocrx_word' id='word_1_187' title='bbox 928 2611 1081 2682; x_wconf 84' lang='grc' dir='ltr'>αύτῷ</span> <span class='ocrx_word' id='word_1_188' title='bbox 1126 2613 1223 2664; x_wconf 71' lang='grc' dir='ltr'><strong>καὶ</strong></span> <span class='ocrx_word' id='word_1_189' title='bbox 1257 2614 1443 2675; x_wconf 82' lang='grc' dir='ltr'>ἱππεῖς</span> <span class='ocrx_word' id='word_1_190' title='bbox 1484 2612 1584 2665; x_wconf 76' lang='grc' dir='ltr'>καὶ</span> <span class='ocrx_word' id='word_1_191' title='bbox 1609 2611 1765 2677; x_wconf 79' lang='grc' dir='ltr'>πεζοὶ</span> 
     </span>
    </p>
   </div>
   <div class='ocr_carea' id='block_1_29' title="bbox 199 2702 1768 2777">
    <p class='ocr_par' dir='ltr' id='par_1_29' title="bbox 199 2702 1768 2777">
     <span class='ocr_line' id='line_1_29' title="bbox 199 2702 1768 2777; baseline 0.004 -24"><span class='ocrx_word' id='word_1_192' title='bbox 199 2704 305 2755; x_wconf 80' lang='grc' dir='ltr'>ἐκεῖ</span> <span class='ocrx_word' id='word_1_193' title='bbox 332 2702 672 2772; x_wconf 69' lang='grc' dir='ltr'>τὸνγέροντα</span> <span class='ocrx_word' id='word_1_194' title='bbox 699 2703 793 2757; x_wconf 77' lang='grc' dir='ltr'>τὸν</span> <span class='ocrx_word' id='word_1_195' title='bbox 823 2705 1162 2767; x_wconf 54' lang='lat' dir='ltr'><strong>Sara-romam</strong></span> <span class='ocrx_word' id='word_1_196' title='bbox 1195 2706 1482 2777; x_wconf 79' lang='grc' dir='ltr'><strong>ἀρχιερέα,</strong></span> <span class='ocrx_word' id='word_1_197' title='bbox 1506 2709 1600 2759; x_wconf 82' lang='grc' dir='ltr'><strong>τὸν</strong></span> <span class='ocrx_word' id='word_1_198' title='bbox 1627 2705 1768 2761; x_wconf 80' lang='grc' dir='ltr'>Καί-</span> 
     </span>
    </p>
   </div>
   <div class='ocr_carea' id='block_1_30' title="bbox 203 2793 1762 2865">
    <p class='ocr_par' dir='ltr' id='par_1_30' title="bbox 203 2793 1762 2865">
     <span class='ocr_line' id='line_1_30' title="bbox 203 2793 1762 2865; baseline 0.004 -22"><span class='ocrx_word' id='word_1_199' title='bbox 203 2808 351 2862; x_wconf 81' lang='grc' dir='ltr'>σαρα,</span> <span class='ocrx_word' id='word_1_200' title='bbox 368 2795 465 2846; x_wconf 69' lang='grc' dir='ltr'>τὸν</span> <span class='ocrx_word' id='word_1_201' title='bbox 497 2794 742 2865; x_wconf 82' lang='grc' dir='ltr'>αύτοκρά</span> <span class='ocrx_word' id='word_1_202' title='bbox 752 2811 880 2864; x_wconf 70' lang='lat' dir='ltr'><strong>copo.</strong></span> <span class='ocrx_word' id='word_1_203' title='bbox 902 2794 1117 2849; x_wconf 80' lang='grc' dir='ltr'>πολλῶν</span> <span class='ocrx_word' id='word_1_204' title='bbox 1136 2793 1389 2865; x_wconf 76' lang='grc' dir='ltr'><strong>ὁρώντων</strong></span> <span class='ocrx_word' id='word_1_205' title='bbox 1410 2794 1721 2865; x_wconf 76' lang='grc' dir='ltr'>κατέκοψαν</span> <span class='ocrx_word' id='word_1_206' title='bbox 1744 2811 1762 2828; x_wconf 79' lang='grc' dir='ltr'><strong>ο</strong></span> 
     </span>
    </p>
   </div>
   <div class='ocr_carea' id='block_1_31' title="bbox 200 2886 1766 2961">
    <p class='ocr_par' dir='ltr' id='par_1_31' title="bbox 200 2886 1766 2961">
     <span class='ocr_line' id='line_1_31' title="bbox 200 2886 1766 2961; baseline 0.004 -25"><span class='ocrx_word' id='word_1_207' title='bbox 200 2886 285 2937; x_wconf 76' lang='grc' dir='ltr'>καὶ</span> <span class='ocrx_word' id='word_1_208' title='bbox 314 2886 412 2955; x_wconf 74' lang='grc' dir='ltr'><strong>τὴν</strong></span> <span class='ocrx_word' id='word_1_209' title='bbox 426 2886 675 2958; x_wconf 77' lang='grc' dir='ltr'>κεφαλὴν</span> <span class='ocrx_word' id='word_1_210' title='bbox 692 2888 1095 2958; x_wconf 69' lang='grc' dir='ltr'><strong>ἀποκόψαντες,</strong></span> <span class='ocrx_word' id='word_1_211' title='bbox 1121 2888 1296 2960; x_wconf 84' lang='grc' dir='ltr'>κοντῷ</span> <span class='ocrx_word' id='word_1_212' title='bbox 1317 2888 1605 2961; x_wconf 85' lang='grc' dir='ltr'>ἐνέπειραν</span> <span class='ocrx_word' id='word_1_213' title='bbox 1626 2904 1641 2920; x_wconf 84' lang='grc'><strong>·</strong></span> <span class='ocrx_word' id='word_1_214' title='bbox 1670 2891 1766 2942; x_wconf 79' lang='grc' dir='ltr'>καὶ</span> 
     </span>
    </p>
   </div>
   <div class='ocr_carea' id='block_1_32' title="bbox 201 2976 1767 3051">
    <p class='ocr_par' dir='ltr' id='par_1_32' title="bbox 201 2976 1767 3051">
     <span class='ocr_line' id='line_1_32' title="bbox 201 2976 1767 3051; baseline 0.001 -22"><span class='ocrx_word' id='word_1_215' title='bbox 201 2978 342 3047; x_wconf 81' lang='grc' dir='ltr'>ὁμὲν</span> <span class='ocrx_word' id='word_1_216' title='bbox 369 2976 547 3042; x_wconf 82' lang='grc' dir='ltr'>οὕτως</span> <span class='ocrx_word' id='word_1_217' title='bbox 599 2978 868 3050; x_wconf 78' lang='grc' dir='ltr'>ἐφονεύθη</span> <span class='ocrx_word' id='word_1_218' title='bbox 916 2978 1075 3032; x_wconf 84' lang='grc' dir='ltr'>τοῦτο</span> <span class='ocrx_word' id='word_1_219' title='bbox 1126 2979 1287 3051; x_wconf 88' lang='grc' dir='ltr'>μόνον</span> <span class='ocrx_word' id='word_1_220' title='bbox 1323 2979 1494 3031; x_wconf 88' lang='grc' dir='ltr'>είπών</span> <span class='ocrx_word' id='word_1_221' title='bbox 1518 2994 1535 3011; x_wconf 75' lang='grc' dir='ltr'><strong><em>ο</em></strong></span> <span class='ocrx_word' id='word_1_222' title='bbox 1559 2978 1669 3043; x_wconf 73' lang='grc' dir='ltr'><strong>Καὶ</strong></span> <span class='ocrx_word' id='word_1_223' title='bbox 1707 2976 1767 3032; x_wconf 84' lang='grc' dir='ltr'><strong>τί</strong></span> 
     </span>
    </p>
   </div>
   <div class='ocr_carea' id='block_1_33' title="bbox 200 3068 1765 3139">
    <p class='ocr_par' dir='ltr' id='par_1_33' title="bbox 200 3068 1765 3139">
     <span class='ocr_line' id='line_1_33' title="bbox 200 3068 1765 3139; baseline 0 -18"><span class='ocrx_word' id='word_1_224' title='bbox 200 3069 376 3123; x_wconf 62' lang='grc' dir='ltr'>καλὸν</span> <span class='ocrx_word' id='word_1_225' title='bbox 429 3071 732 3139; x_wconf 64' lang='lat' dir='ltr'><strong>excitum;</strong></span> <span class='ocrx_word' id='word_1_226' title='bbox 797 3070 1065 3126; x_wconf 67' lang='grc' dir='ltr'>Ἀπέθανε</span> <span class='ocrx_word' id='word_1_227' title='bbox 1118 3069 1174 3123; x_wconf 76' lang='grc' dir='ltr'><strong>δὲ</strong></span> <span class='ocrx_word' id='word_1_228' title='bbox 1223 3072 1317 3124; x_wconf 67' lang='grc' dir='ltr'><strong>καὶ</strong></span> <span class='ocrx_word' id='word_1_229' title='bbox 1347 3070 1377 3123; x_wconf 85' lang='grc' dir='ltr'><strong>ό</strong></span> <span class='ocrx_word' id='word_1_230' title='bbox 1406 3068 1641 3136; x_wconf 81' lang='grc' dir='ltr'><strong>Πείσων,</strong></span> <span class='ocrx_word' id='word_1_231' title='bbox 1670 3069 1765 3122; x_wconf 78' lang='grc' dir='ltr'>καὶ</span> 
     </span>
    </p>
   </div>
   <div class='ocr_carea' id='block_1_34' title="bbox 1865 582 3443 660">
    <p class='ocr_par' dir='ltr' id='par_1_34' title="bbox 1865 582 3443 660">
     <span class='ocr_line' id='line_1_34' title="bbox 1865 582 3443 660; baseline 0.005 -22"><span class='ocrx_word' id='word_1_232' title='bbox 1865 585 1935 639; x_wconf 79' lang='grc' dir='ltr'><strong>Μ.</strong></span> <span class='ocrx_word' id='word_1_233' title='bbox 1970 586 2186 642; x_wconf 79' lang='lat' dir='ltr'><strong>Salvius</strong></span> <span class='ocrx_word' id='word_1_234' title='bbox 2210 586 2357 643; x_wconf 88' lang='lat' dir='ltr'><strong>Otho</strong></span> <span class='ocrx_word' id='word_1_235' title='bbox 2386 603 2529 658; x_wconf 78' lang='lat' dir='ltr'><strong>tegre</strong></span> <span class='ocrx_word' id='word_1_236' title='bbox 2560 582 2768 652; x_wconf 80' lang='lat' dir='ltr'><strong>ferens,</strong></span> <span class='ocrx_word' id='word_1_237' title='bbox 2803 588 2948 657; x_wconf 83' lang='lat' dir='ltr'><strong>quod</strong></span> <span class='ocrx_word' id='word_1_238' title='bbox 2978 589 3096 658; x_wconf 89' lang='lat' dir='ltr'><strong>ipse</strong></span> <span class='ocrx_word' id='word_1_239' title='bbox 3147 589 3443 660; x_wconf 75' lang='lat' dir='ltr'><strong>adoptatus</strong></span> 
     </span>
    </p>
   </div>
   <div class='ocr_carea' id='block_1_35' title="bbox 1863 680 3442 744">
    <p class='ocr_par' dir='ltr' id='par_1_35' title="bbox 1863 680 3442 744">
     <span class='ocr_line' id='line_1_35' title="bbox 1863 680 3442 744; baseline 0.004 -13"><span class='ocrx_word' id='word_1_240' title='bbox 1863 693 1974 731; x_wconf 86' lang='lat' dir='ltr'><strong>non</strong></span> <span class='ocrx_word' id='word_1_241' title='bbox 2009 687 2175 744; x_wconf 82' lang='lat' dir='ltr'><strong>esset,</strong></span> <span class='ocrx_word' id='word_1_242' title='bbox 2207 680 2534 735; x_wconf 83' lang='lat' dir='ltr'><strong>seditionem</strong></span> <span class='ocrx_word' id='word_1_243' title='bbox 2574 680 2761 742; x_wconf 77' lang='lat' dir='ltr'><strong>movit</strong></span> <span class='ocrx_word' id='word_1_244' title='bbox 2797 696 2899 739; x_wconf 73' lang='lat' dir='ltr'><strong>xu</strong></span> <span class='ocrx_word' id='word_1_245' title='bbox 2931 680 3201 736; x_wconf 80' lang='lat' dir='ltr'><strong>duntaxat</strong></span> <span class='ocrx_word' id='word_1_246' title='bbox 3244 683 3442 737; x_wconf 82' lang='lat' dir='ltr'><strong>militi-</strong></span> 
     </span>
    </p>
   </div>
   <div class='ocr_carea' id='block_1_36' title="bbox 1865 767 3441 830">
    <p class='ocr_par' dir='ltr' id='par_1_36' title="bbox 1865 767 3441 830">
     <span class='ocr_line' id='line_1_36' title="bbox 1865 767 3441 830; baseline 0.005 -8"><span class='ocrx_word' id='word_1_247' title='bbox 1865 767 1969 824; x_wconf 85' lang='lat' dir='ltr'><strong>bus</strong></span> <span class='ocrx_word' id='word_1_248' title='bbox 1998 769 2189 825; x_wconf 83' lang='lat' dir='ltr'><strong>lretus.</strong></span> <span class='ocrx_word' id='word_1_249' title='bbox 2228 771 2364 826; x_wconf 85' lang='lat' dir='ltr'><strong>Nam</strong></span> <span class='ocrx_word' id='word_1_250' title='bbox 2410 786 2534 827; x_wconf 89' lang='lat' dir='ltr'><strong>cum</strong></span> <span class='ocrx_word' id='word_1_251' title='bbox 2591 772 2775 827; x_wconf 63' lang='lat' dir='ltr'><strong>Galba;</strong></span> <span class='ocrx_word' id='word_1_252' title='bbox 2818 772 3120 827; x_wconf 88' lang='lat' dir='ltr'><strong>immolanti</strong></span> <span class='ocrx_word' id='word_1_253' title='bbox 3171 774 3323 829; x_wconf 89' lang='lat' dir='ltr'><strong>solus</strong></span> <span class='ocrx_word' id='word_1_254' title='bbox 3372 790 3441 830; x_wconf 78' lang='lat' dir='ltr'><strong>ex</strong></span> 
     </span>
    </p>
   </div>
   <div class='ocr_carea' id='block_1_37' title="bbox 1871 862 3439 935">
    <p class='ocr_par' dir='ltr' id='par_1_37' title="bbox 1871 862 3439 935">
     <span class='ocr_line' id='line_1_37' title="bbox 1871 862 3439 935; baseline 0.006 -22"><span class='ocrx_word' id='word_1_255' title='bbox 1871 862 2221 916; x_wconf 82' lang='lat' dir='ltr'><strong>senatoribus</strong></span> <span class='ocrx_word' id='word_1_256' title='bbox 2254 872 2460 929; x_wconf 82' lang='lat' dir='ltr'><strong>astans,</strong></span> <span class='ocrx_word' id='word_1_257' title='bbox 2498 866 2807 933; x_wconf 78' lang='lat' dir='ltr'><strong>aruspicem</strong></span> <span class='ocrx_word' id='word_1_258' title='bbox 2850 865 3077 920; x_wconf 87' lang='lat' dir='ltr'><strong>insidias</strong></span> <span class='ocrx_word' id='word_1_259' title='bbox 3101 865 3152 920; x_wconf 90' lang='lat' dir='ltr'><strong>ei</strong></span> <span class='ocrx_word' id='word_1_260' title='bbox 3185 867 3439 935; x_wconf 75' lang='lat' dir='ltr'><strong>portendi</strong></span> 
     </span>
    </p>
   </div>
   <div class='ocr_carea' id='block_1_38' title="bbox 1862 951 3443 1023">
    <p class='ocr_par' dir='ltr' id='par_1_38' title="bbox 1862 951 3443 1023">
     <span class='ocr_line' id='line_1_38' title="bbox 1862 951 3443 1023; baseline 0.006 -18"><span class='ocrx_word' id='word_1_261' title='bbox 1862 951 2047 1007; x_wconf 68' lang='lat' dir='ltr'><strong>dicere</strong></span> <span class='ocrx_word' id='word_1_262' title='bbox 2074 953 2339 1016; x_wconf 84' lang='lat' dir='ltr'><strong>audisset,</strong></span> <span class='ocrx_word' id='word_1_263' title='bbox 2369 969 2434 1009; x_wconf 90' lang='lat' dir='ltr'><strong>ac</strong></span> <span class='ocrx_word' id='word_1_264' title='bbox 2465 969 2690 1009; x_wconf 88' lang='lat' dir='ltr'><strong>monere</strong></span> <span class='ocrx_word' id='word_1_265' title='bbox 2723 965 2783 1008; x_wconf 94' lang='lat' dir='ltr'><strong>ut</strong></span> <span class='ocrx_word' id='word_1_266' title='bbox 2808 955 2956 1010; x_wconf 90' lang='lat' dir='ltr'><strong>domi</strong></span> <span class='ocrx_word' id='word_1_267' title='bbox 3000 965 3246 1012; x_wconf 89' lang='lat' dir='ltr'><strong>maneret</strong></span> <span class='ocrx_word' id='word_1_268' title='bbox 3275 998 3291 1023; x_wconf 89' lang='lat'><strong>,</strong></span> <span class='ocrx_word' id='word_1_269' title='bbox 3336 972 3443 1015; x_wconf 84' lang='lat' dir='ltr'><strong>nec</strong></span> 
     </span>
    </p>
   </div>
   <div class='ocr_carea' id='block_1_39' title="bbox 1864 1046 3438 1119">
    <p class='ocr_par' dir='ltr' id='par_1_39' title="bbox 1864 1046 3438 1119">
     <span class='ocr_line' id='line_1_39' title="bbox 1864 1046 3438 1119; baseline 0.005 -24"><span class='ocrx_word' id='word_1_270' title='bbox 1864 1057 2096 1112; x_wconf 82' lang='lat' dir='ltr'><strong>usquam</strong></span> <span class='ocrx_word' id='word_1_271' title='bbox 2147 1046 2626 1115; x_wconf 80' lang='lat' dir='ltr'><strong>progrederetur:</strong></span> <span class='ocrx_word' id='word_1_272' title='bbox 2683 1048 2869 1104; x_wconf 82' lang='lat' dir='ltr'><strong>statim</strong></span> <span class='ocrx_word' id='word_1_273' title='bbox 2920 1048 3074 1118; x_wconf 87' lang='lat' dir='ltr'><strong>quasi</strong></span> <span class='ocrx_word' id='word_1_274' title='bbox 3121 1064 3223 1119; x_wconf 88' lang='lat' dir='ltr'><strong>per</strong></span> <span class='ocrx_word' id='word_1_275' title='bbox 3276 1049 3438 1103; x_wconf 85' lang='lat' dir='ltr'><strong>aliam</strong></span> 
     </span>
    </p>
   </div>
   <div class='ocr_carea' id='block_1_40' title="bbox 1864 1134 3443 1206">
    <p class='ocr_par' dir='ltr' id='par_1_40' title="bbox 1864 1134 3443 1206">
     <span class='ocr_line' id='line_1_40' title="bbox 1864 1134 3443 1206; baseline 0.001 -20"><span class='ocrx_word' id='word_1_276' title='bbox 1864 1147 2084 1187; x_wconf 82' lang='lat' dir='ltr'><strong>causam</strong></span> <span class='ocrx_word' id='word_1_277' title='bbox 2118 1134 2175 1187; x_wconf 91' lang='lat' dir='ltr'><strong>in</strong></span> <span class='ocrx_word' id='word_1_278' title='bbox 2202 1144 2382 1189; x_wconf 85' lang='lat' dir='ltr'><strong>castra</strong></span> <span class='ocrx_word' id='word_1_279' title='bbox 2415 1136 2664 1190; x_wconf 65' lang='lat' dir='ltr'><strong>decurrit</strong></span> <span class='ocrx_word' id='word_1_280' title='bbox 2688 1177 2702 1200; x_wconf 94' lang='lat'><strong>,</strong></span> <span class='ocrx_word' id='word_1_281' title='bbox 2730 1147 2787 1190; x_wconf 90' lang='lat' dir='ltr'><strong>et</strong></span> <span class='ocrx_word' id='word_1_282' title='bbox 2835 1151 2865 1189; x_wconf 91' lang='lat' dir='ltr'><strong>a</strong></span> <span class='ocrx_word' id='word_1_283' title='bbox 2909 1136 3211 1206; x_wconf 79' lang='lat' dir='ltr'><strong>coniuratis</strong></span> <span class='ocrx_word' id='word_1_284' title='bbox 3251 1135 3443 1190; x_wconf 81' lang='lat' dir='ltr'><strong>militi-</strong></span> 
     </span>
    </p>
   </div>
   <div class='ocr_carea' id='block_1_41' title="bbox 1864 1221 3440 1297">
    <p class='ocr_par' dir='ltr' id='par_1_41' title="bbox 1864 1221 3440 1297">
     <span class='ocr_line' id='line_1_41' title="bbox 1864 1221 3440 1297; baseline 0.003 -20"><span class='ocrx_word' id='word_1_285' title='bbox 1864 1221 1972 1278; x_wconf 86' lang='lat' dir='ltr'><strong>bus</strong></span> <span class='ocrx_word' id='word_1_286' title='bbox 1995 1224 2049 1277; x_wconf 90' lang='lat' dir='ltr'><strong>in</strong></span> <span class='ocrx_word' id='word_1_287' title='bbox 2078 1225 2439 1280; x_wconf 89' lang='lat' dir='ltr'><strong>munitionem</strong></span> <span class='ocrx_word' id='word_1_288' title='bbox 2477 1237 2753 1297; x_wconf 82' lang='lat' dir='ltr'><strong>receptus,</strong></span> <span class='ocrx_word' id='word_1_289' title='bbox 2787 1227 3002 1282; x_wconf 72' lang='lat' dir='ltr'><strong>caeteris</strong></span> <span class='ocrx_word' id='word_1_290' title='bbox 3049 1242 3268 1296; x_wconf 83' lang='lat' dir='ltr'><strong>quoque</strong></span> <span class='ocrx_word' id='word_1_291' title='bbox 3311 1242 3440 1296; x_wconf 84' lang='lat' dir='ltr'><strong>per-</strong></span> 
     </span>
    </p>
   </div>
   <div class='ocr_carea' id='block_1_42' title="bbox 1863 1316 3440 1389">
    <p class='ocr_par' dir='ltr' id='par_1_42' title="bbox 1863 1316 3440 1389">
     <span class='ocr_line' id='line_1_42' title="bbox 1863 1316 3440 1389; baseline 0.001 -20"><span class='ocrx_word' id='word_1_292' title='bbox 1863 1316 2066 1380; x_wconf 84' lang='lat' dir='ltr'><strong>suasis,</strong></span> <span class='ocrx_word' id='word_1_293' title='bbox 2091 1327 2206 1377; x_wconf 87' lang='lat' dir='ltr'><strong>aut.</strong></span> <span class='ocrx_word' id='word_1_294' title='bbox 2247 1325 2306 1371; x_wconf 91' lang='lat' dir='ltr'><strong>ut</strong></span> <span class='ocrx_word' id='word_1_295' title='bbox 2334 1319 2539 1374; x_wconf 80' lang='lat' dir='ltr'><strong>rectius</strong></span> <span class='ocrx_word' id='word_1_296' title='bbox 2573 1319 2750 1374; x_wconf 84' lang='lat' dir='ltr'><strong>dicam</strong></span> <span class='ocrx_word' id='word_1_297' title='bbox 2780 1358 2798 1387; x_wconf 92' lang='lat'><strong>,</strong></span> <span class='ocrx_word' id='word_1_298' title='bbox 2830 1319 3041 1388; x_wconf 79' lang='lat' dir='ltr'><strong>magnis</strong></span> <span class='ocrx_word' id='word_1_299' title='bbox 3086 1318 3440 1389; x_wconf 84' lang='lat' dir='ltr'><strong>pollicitatio-</strong></span> 
     </span>
    </p>
   </div>
   <div class='ocr_carea' id='block_1_43' title="bbox 1863 1408 3439 1481">
    <p class='ocr_par' dir='ltr' id='par_1_43' title="bbox 1863 1408 3439 1481">
     <span class='ocr_line' id='line_1_43' title="bbox 1863 1408 3439 1481; baseline 0.002 -19"><span class='ocrx_word' id='word_1_300' title='bbox 1863 1408 2030 1465; x_wconf 84' lang='lat' dir='ltr'><strong>nibus</strong></span> <span class='ocrx_word' id='word_1_301' title='bbox 2060 1410 2281 1480; x_wconf 89' lang='lat' dir='ltr'><strong>emptis,</strong></span> <span class='ocrx_word' id='word_1_302' title='bbox 2314 1410 2614 1481; x_wconf 83' lang='lat' dir='ltr'><strong>imperator</strong></span> <span class='ocrx_word' id='word_1_303' title='bbox 2657 1413 2843 1467; x_wconf 90' lang='lat' dir='ltr'><strong>statim</strong></span> <span class='ocrx_word' id='word_1_304' title='bbox 2866 1413 3136 1466; x_wconf 81' lang='lat' dir='ltr'><strong>salutatus</strong></span> <span class='ocrx_word' id='word_1_305' title='bbox 3179 1423 3284 1468; x_wconf 77' lang='lat' dir='ltr'><strong>est.</strong></span> <span class='ocrx_word' id='word_1_306' title='bbox 3316 1410 3439 1477; x_wconf 87' lang='lat' dir='ltr'><strong>Quo</strong></span> 
     </span>
    </p>
   </div>
   <div class='ocr_carea' id='block_1_44' title="bbox 1858 1498 3441 1574">
    <p class='ocr_par' dir='ltr' id='par_1_44' title="bbox 1858 1498 3441 1574">
     <span class='ocr_line' id='line_1_44' title="bbox 1858 1498 3441 1574; baseline 0.003 -19"><span class='ocrx_word' id='word_1_307' title='bbox 1858 1498 2032 1555; x_wconf 80' lang='lat' dir='ltr'><strong>Galba</strong></span> <span class='ocrx_word' id='word_1_308' title='bbox 2054 1502 2296 1573; x_wconf 80' lang='lat' dir='ltr'><strong>cognito,</strong></span> <span class='ocrx_word' id='word_1_309' title='bbox 2327 1504 2594 1574; x_wconf 87' lang='lat' dir='ltr'><strong>quosdam</strong></span> <span class='ocrx_word' id='word_1_310' title='bbox 2628 1505 2681 1558; x_wconf 93' lang='lat' dir='ltr'><strong>in</strong></span> <span class='ocrx_word' id='word_1_311' title='bbox 2709 1515 2883 1560; x_wconf 85' lang='lat' dir='ltr'><strong>castra</strong></span> <span class='ocrx_word' id='word_1_312' title='bbox 2915 1506 3083 1567; x_wconf 86' lang='lat' dir='ltr'><strong>misit,</strong></span> <span class='ocrx_word' id='word_1_313' title='bbox 3117 1505 3209 1574; x_wconf 82' lang='lat' dir='ltr'><strong>qni</strong></span> <span class='ocrx_word' id='word_1_314' title='bbox 3239 1505 3351 1558; x_wconf 87' lang='lat' dir='ltr'><strong>mi;i</strong></span> <span class='ocrx_word' id='word_1_315' title='bbox 3379 1518 3441 1559; x_wconf 87' lang='lat' dir='ltr'><strong>es</strong></span> 
     </span>
    </p>
   </div>
   <div class='ocr_carea' id='block_1_45' title="bbox 1863 1594 3525 1666">
    <p class='ocr_par' dir='ltr' id='par_1_45' title="bbox 1863 1594 3525 1666">
     <span class='ocr_line' id='line_1_45' title="bbox 1863 1594 3525 1666; baseline 0.001 -18"><span class='ocrx_word' id='word_1_316' title='bbox 1863 1608 1894 1647; x_wconf 91' lang='lat' dir='ltr'><strong>a</strong></span> <span class='ocrx_word' id='word_1_317' title='bbox 1928 1594 2206 1651; x_wconf 86' lang='lat' dir='ltr'><strong>sententia</strong></span> <span class='ocrx_word' id='word_1_318' title='bbox 2250 1595 2619 1652; x_wconf 88' lang='lat' dir='ltr'><strong>dimoverent.</strong></span> <span class='ocrx_word' id='word_1_319' title='bbox 2674 1596 2882 1653; x_wconf 85' lang='lat' dir='ltr'><strong>Interea</strong></span> <span class='ocrx_word' id='word_1_320' title='bbox 2927 1612 3059 1651; x_wconf 88' lang='lat' dir='ltr'><strong>vero</strong></span> <span class='ocrx_word' id='word_1_321' title='bbox 3112 1597 3270 1652; x_wconf 74' lang='lat' dir='ltr'><strong>miles</strong></span> <span class='ocrx_word' id='word_1_322' title='bbox 3313 1597 3442 1666; x_wconf 70' lang='lat' dir='ltr'><strong>qui—</strong></span> <span class='ocrx_word' id='word_1_323' title='bbox 3519 1637 3525 1644; x_wconf 94' lang='lat'><strong>.</strong></span> 
     </span>
    </p>
   </div>
   <div class='ocr_carea' id='block_1_46' title="bbox 1865 1683 3442 1756">
    <p class='ocr_par' dir='ltr' id='par_1_46' title="bbox 1865 1683 3442 1756">
     <span class='ocr_line' id='line_1_46' title="bbox 1865 1683 3442 1756; baseline 0.004 -19"><span class='ocrx_word' id='word_1_324' title='bbox 1865 1683 1989 1738; x_wconf 84' lang='lat' dir='ltr'><strong>dam</strong></span> <span class='ocrx_word' id='word_1_325' title='bbox 2029 1699 2154 1740; x_wconf 90' lang='lat' dir='ltr'><strong>cum</strong></span> <span class='ocrx_word' id='word_1_326' title='bbox 2185 1685 2367 1756; x_wconf 80' lang='lat' dir='ltr'><strong>gladio</strong></span> <span class='ocrx_word' id='word_1_327' title='bbox 2408 1695 2645 1742; x_wconf 89' lang='lat' dir='ltr'><strong>cruento</strong></span> <span class='ocrx_word' id='word_1_328' title='bbox 2694 1703 2821 1743; x_wconf 90' lang='lat' dir='ltr'><strong>eum</strong></span> <span class='ocrx_word' id='word_1_329' title='bbox 2866 1690 3142 1752; x_wconf 78' lang='lat' dir='ltr'><strong>accessit,</strong></span> <span class='ocrx_word' id='word_1_330' title='bbox 3179 1702 3244 1743; x_wconf 86' lang='lat' dir='ltr'><strong>ac</strong></span> <span class='ocrx_word' id='word_1_331' title='bbox 3290 1688 3442 1744; x_wconf 81' lang='lat' dir='ltr'><strong>Bono</strong></span> 
     </span>
    </p>
   </div>
   <div class='ocr_carea' id='block_1_47' title="bbox 1868 1776 3441 1848">
    <p class='ocr_par' dir='ltr' id='par_1_47' title="bbox 1868 1776 3441 1848">
     <span class='ocr_line' id='line_1_47' title="bbox 1868 1776 3441 1848; baseline 0.001 -16"><span class='ocrx_word' id='word_1_332' title='bbox 1868 1778 2047 1832; x_wconf 79' lang='lat' dir='ltr'><strong>animo</strong></span> <span class='ocrx_word' id='word_1_333' title='bbox 2075 1793 2151 1841; x_wconf 78' lang='lat' dir='ltr'><strong>es,</strong></span> <span class='ocrx_word' id='word_1_334' title='bbox 2192 1777 2368 1848; x_wconf 82' lang='lat' dir='ltr'><strong>inquit</strong></span> <span class='ocrx_word' id='word_1_335' title='bbox 2397 1819 2414 1844; x_wconf 87' lang='lat'><strong>,</strong></span> <span class='ocrx_word' id='word_1_336' title='bbox 2446 1778 2739 1848; x_wconf 78' lang='lat' dir='ltr'><strong>imperator</strong></span> <span class='ocrx_word' id='word_1_337' title='bbox 2760 1821 2775 1837; x_wconf 89' lang='lat'><strong>.</strong></span> <span class='ocrx_word' id='word_1_338' title='bbox 2801 1776 3053 1833; x_wconf 68' lang='lat' dir='ltr'><strong>OtIaoncm</strong></span> <span class='ocrx_word' id='word_1_339' title='bbox 3088 1777 3228 1832; x_wconf 78' lang='lat' dir='ltr'><strong>enim</strong></span> <span class='ocrx_word' id='word_1_340' title='bbox 3254 1779 3441 1835; x_wconf 79' lang='lat' dir='ltr'><strong>occidi.</strong></span> 
     </span>
    </p>
   </div>
   <div class='ocr_carea' id='block_1_48' title="bbox 1793 1839 3442 1940">
    <p class='ocr_par' dir='ltr' id='par_1_48' title="bbox 1793 1839 3442 1940">
     <span class='ocr_line' id='line_1_48' title="bbox 1793 1839 3442 1940; baseline 0 -15"><span class='ocrx_word' id='word_1_341' title='bbox 1793 1839 1836 1894; x_wconf 75' lang='grc' dir='ltr'>Β</span> <span class='ocrx_word' id='word_1_342' title='bbox 1866 1870 2021 1936; x_wconf 83' lang='lat' dir='ltr'><strong>Quod</strong></span> <span class='ocrx_word' id='word_1_343' title='bbox 2048 1839 2217 1926; x_wconf 86' lang='lat' dir='ltr'><strong>Galba</strong></span> <span class='ocrx_word' id='word_1_344' title='bbox 2244 1839 2498 1936; x_wconf 70' lang='lat' dir='ltr'><strong>credens,</strong></span> <span class='ocrx_word' id='word_1_345' title='bbox 2524 1839 2669 1925; x_wconf 33' lang='lat' dir='ltr'><strong>Icum</strong></span> <span class='ocrx_word' id='word_1_346' title='bbox 2720 1870 2776 1925; x_wconf 91' lang='lat' dir='ltr'><strong>in</strong></span> <span class='ocrx_word' id='word_1_347' title='bbox 2823 1870 3157 1940; x_wconf 87' lang='lat' dir='ltr'><strong>Capitolium</strong></span> <span class='ocrx_word' id='word_1_348' title='bbox 3213 1869 3282 1926; x_wconf 88' lang='lat' dir='ltr'><strong>ad</strong></span> <span class='ocrx_word' id='word_1_349' title='bbox 3326 1885 3442 1925; x_wconf 81' lang='lat' dir='ltr'><strong>rem</strong></span> 
     </span>
    </p>
   </div>
   <div class='ocr_carea' id='block_1_49' title="bbox 1865 1961 3446 2033">
    <p class='ocr_par' dir='ltr' id='par_1_49' title="bbox 1865 1961 3446 2033">
     <span class='ocr_line' id='line_1_49' title="bbox 1865 1961 3446 2033; baseline -0.001 -17"><span class='ocrx_word' id='word_1_350' title='bbox 1865 1963 2107 2018; x_wconf 77' lang='lat' dir='ltr'><strong>divinam</strong></span> <span class='ocrx_word' id='word_1_351' title='bbox 2130 1963 2440 2020; x_wconf 81' lang='lat' dir='ltr'><strong>faciendam</strong></span> <span class='ocrx_word' id='word_1_352' title='bbox 2470 1971 2813 2033; x_wconf 83' lang='lat' dir='ltr'><strong>properaret.</strong></span> <span class='ocrx_word' id='word_1_353' title='bbox 2845 1963 2901 2017; x_wconf 90' lang='lat' dir='ltr'><strong>in</strong></span> <span class='ocrx_word' id='word_1_354' title='bbox 2933 1961 3118 2016; x_wconf 90' lang='lat' dir='ltr'><strong>medio</strong></span> <span class='ocrx_word' id='word_1_355' title='bbox 3147 1961 3272 2017; x_wconf 81' lang='lat' dir='ltr'><strong>foro</strong></span> <span class='ocrx_word' id='word_1_356' title='bbox 3301 2002 3316 2023; x_wconf 83' lang='lat'><strong>,</strong></span> <span class='ocrx_word' id='word_1_357' title='bbox 3352 1975 3446 2031; x_wconf 86' lang='lat' dir='ltr'><strong>pe-</strong></span> 
     </span>
    </p>
   </div>
   <div class='ocr_carea' id='block_1_50' title="bbox 1864 2050 3442 2127">
    <p class='ocr_par' dir='ltr' id='par_1_50' title="bbox 1864 2050 3442 2127">
     <span class='ocr_line' id='line_1_50' title="bbox 1864 2050 3442 2127; baseline -0.003 -18"><span class='ocrx_word' id='word_1_358' title='bbox 1864 2054 2039 2111; x_wconf 89' lang='lat' dir='ltr'><strong>ditum</strong></span> <span class='ocrx_word' id='word_1_359' title='bbox 2074 2067 2130 2110; x_wconf 90' lang='lat' dir='ltr'><strong>et</strong></span> <span class='ocrx_word' id='word_1_360' title='bbox 2151 2057 2400 2127; x_wconf 83' lang='lat' dir='ltr'><strong>equitum</strong></span> <span class='ocrx_word' id='word_1_361' title='bbox 2427 2070 2684 2113; x_wconf 88' lang='lat' dir='ltr'><strong>occursu.</strong></span> <span class='ocrx_word' id='word_1_362' title='bbox 2715 2068 2904 2115; x_wconf 78' lang='lat' dir='ltr'><strong>senex.</strong></span> <span class='ocrx_word' id='word_1_363' title='bbox 2928 2053 3149 2115; x_wconf 85' lang='lat' dir='ltr'><strong>consul,</strong></span> <span class='ocrx_word' id='word_1_364' title='bbox 3177 2050 3442 2121; x_wconf 75' lang='lat' dir='ltr'><strong>pontifex,</strong></span> 
     </span>
    </p>
   </div>
   <div class='ocr_carea' id='block_1_51' title="bbox 1864 2141 3549 2219">
    <p class='ocr_par' dir='ltr' id='par_1_51' title="bbox 1864 2141 3549 2219">
     <span class='ocr_line' id='line_1_51' title="bbox 1864 2141 3549 2219; baseline -0.004 -17"><span class='ocrx_word' id='word_1_365' title='bbox 1864 2145 2068 2212; x_wconf 53' lang='lat' dir='ltr'><strong>C&#39;rsar,</strong></span> <span class='ocrx_word' id='word_1_366' title='bbox 2105 2149 2426 2219; x_wconf 86' lang='lat' dir='ltr'><strong>imperator,</strong></span> <span class='ocrx_word' id='word_1_367' title='bbox 2457 2146 2644 2202; x_wconf 89' lang='lat' dir='ltr'><strong>multis</strong></span> <span class='ocrx_word' id='word_1_368' title='bbox 2676 2144 3119 2215; x_wconf 84' lang='lat' dir='ltr'><strong>inspectantibus</strong></span> <span class='ocrx_word' id='word_1_369' title='bbox 3150 2154 3237 2198; x_wconf 80' lang='lat' dir='ltr'><strong>est</strong></span> <span class='ocrx_word' id='word_1_370' title='bbox 3264 2141 3444 2198; x_wconf 87' lang='lat' dir='ltr'><strong>trnci-</strong></span> <span class='ocrx_word' id='word_1_371' title='bbox 3542 2180 3549 2185; x_wconf 60' lang='grc' dir='ltr'><strong>ο</strong></span> 
     </span>
    </p>
   </div>
   <div class='ocr_carea' id='block_1_52' title="bbox 1865 2232 3443 2307">
    <p class='ocr_par' dir='ltr' id='par_1_52' title="bbox 1865 2232 3443 2307">
     <span class='ocr_line' id='line_1_52' title="bbox 1865 2232 3443 2307; baseline -0.006 -11"><span class='ocrx_word' id='word_1_372' title='bbox 1865 2241 2027 2296; x_wconf 87' lang='lat' dir='ltr'><strong>datus</strong></span> <span class='ocrx_word' id='word_1_373' title='bbox 2066 2257 2081 2295; x_wconf 87' lang='lat'><strong>:</strong></span> <span class='ocrx_word' id='word_1_374' title='bbox 2116 2246 2282 2307; x_wconf 86' lang='lat' dir='ltr'><strong>caput</strong></span> <span class='ocrx_word' id='word_1_375' title='bbox 2311 2236 2431 2307; x_wconf 88' lang='lat' dir='ltr'><strong>ejus</strong></span> <span class='ocrx_word' id='word_1_376' title='bbox 2456 2245 2619 2291; x_wconf 77' lang='lat' dir='ltr'><strong>conto</strong></span> <span class='ocrx_word' id='word_1_377' title='bbox 2670 2234 2977 2304; x_wconf 63' lang='lat' dir='ltr'><strong>praeﬁxum.</strong></span> <span class='ocrx_word' id='word_1_378' title='bbox 3029 2232 3165 2286; x_wconf 89' lang='lat' dir='ltr'><strong>Cum</strong></span> <span class='ocrx_word' id='word_1_379' title='bbox 3220 2233 3443 2288; x_wconf 80' lang='lat' dir='ltr'><strong>occide-</strong></span> 
     </span>
    </p>
   </div>
   <div class='ocr_carea' id='block_1_53' title="bbox 1868 2322 3446 2394">
    <p class='ocr_par' dir='ltr' id='par_1_53' title="bbox 1868 2322 3446 2394">
     <span class='ocr_line' id='line_1_53' title="bbox 1868 2322 3446 2394; baseline -0.004 -10"><span class='ocrx_word' id='word_1_380' title='bbox 1868 2338 2042 2390; x_wconf 70' lang='lat' dir='ltr'><strong>retur,</strong></span> <span class='ocrx_word' id='word_1_381' title='bbox 2075 2327 2212 2381; x_wconf 88' lang='lat' dir='ltr'><strong>nihil</strong></span> <span class='ocrx_word' id='word_1_382' title='bbox 2247 2326 2395 2380; x_wconf 88' lang='lat' dir='ltr'><strong>aliud</strong></span> <span class='ocrx_word' id='word_1_383' title='bbox 2433 2325 2652 2380; x_wconf 82' lang='lat' dir='ltr'><strong>locutus</strong></span> <span class='ocrx_word' id='word_1_384' title='bbox 2672 2332 2795 2389; x_wconf 89' lang='lat' dir='ltr'><strong>est,</strong></span> <span class='ocrx_word' id='word_1_385' title='bbox 2845 2322 2954 2379; x_wconf 88' lang='lat' dir='ltr'><strong>nisi</strong></span> <span class='ocrx_word' id='word_1_386' title='bbox 2988 2339 3003 2378; x_wconf 90' lang='lat'><strong>:</strong></span> <span class='ocrx_word' id='word_1_387' title='bbox 3047 2322 3253 2394; x_wconf 83' lang='lat' dir='ltr'><strong>Ecquid</strong></span> <span class='ocrx_word' id='word_1_388' title='bbox 3312 2323 3446 2379; x_wconf 83' lang='lat' dir='ltr'><strong>mali</strong></span> 
     </span>
    </p>
   </div>
   <div class='ocr_carea' id='block_1_54' title="bbox 1862 2413 3442 2488">
    <p class='ocr_par' dir='ltr' id='par_1_54' title="bbox 1862 2413 3442 2488">
     <span class='ocr_line' id='line_1_54' title="bbox 1862 2413 3442 2488; baseline -0.001 -17"><span class='ocrx_word' id='word_1_389' title='bbox 1862 2420 1964 2488; x_wconf 75' lang='lat' dir='ltr'><strong>feci</strong></span> <span class='ocrx_word' id='word_1_390' title='bbox 1986 2420 2011 2474; x_wconf 72' lang='lat'><strong>.9</strong></span> <span class='ocrx_word' id='word_1_391' title='bbox 2037 2417 2206 2473; x_wconf 87' lang='lat' dir='ltr'><strong>Periit</strong></span> <span class='ocrx_word' id='word_1_392' title='bbox 2240 2416 2405 2470; x_wconf 82' lang='lat' dir='ltr'><strong>etiam</strong></span> <span class='ocrx_word' id='word_1_393' title='bbox 2433 2415 2576 2481; x_wconf 88' lang='lat' dir='ltr'><strong>Piso,</strong></span> <span class='ocrx_word' id='word_1_394' title='bbox 2611 2425 2667 2471; x_wconf 90' lang='lat' dir='ltr'><strong>et</strong></span> <span class='ocrx_word' id='word_1_395' title='bbox 2694 2415 2784 2469; x_wconf 84' lang='lat' dir='ltr'><strong>alii</strong></span> <span class='ocrx_word' id='word_1_396' title='bbox 2822 2413 3000 2468; x_wconf 90' lang='lat' dir='ltr'><strong>multi.</strong></span> <span class='ocrx_word' id='word_1_397' title='bbox 3039 2413 3136 2469; x_wconf 75' lang='lat' dir='ltr'><strong>His</strong></span> <span class='ocrx_word' id='word_1_398' title='bbox 3179 2413 3442 2483; x_wconf 75' lang='lat' dir='ltr'><strong>peractis.</strong></span> 
     </span>
    </p>
   </div>
   <div class='ocr_carea' id='block_1_55' title="bbox 1866 2505 3444 2578">
    <p class='ocr_par' dir='ltr' id='par_1_55' title="bbox 1866 2505 3444 2578">
     <span class='ocr_line' id='line_1_55' title="bbox 1866 2505 3444 2578; baseline -0.004 -12"><span class='ocrx_word' id='word_1_399' title='bbox 1866 2510 2069 2566; x_wconf 89' lang='lat' dir='ltr'><strong>milites</strong></span> <span class='ocrx_word' id='word_1_400' title='bbox 2091 2509 2269 2578; x_wconf 87' lang='lat' dir='ltr'><strong>capita</strong></span> <span class='ocrx_word' id='word_1_401' title='bbox 2308 2508 2529 2567; x_wconf 86' lang='lat' dir='ltr'><strong>illorum</strong></span> <span class='ocrx_word' id='word_1_402' title='bbox 2561 2507 2614 2561; x_wconf 90' lang='lat' dir='ltr'><strong>in</strong></span> <span class='ocrx_word' id='word_1_403' title='bbox 2655 2515 2829 2562; x_wconf 89' lang='lat' dir='ltr'><strong>castra</strong></span> <span class='ocrx_word' id='word_1_404' title='bbox 2854 2506 2922 2560; x_wconf 90' lang='lat' dir='ltr'><strong>ad</strong></span> <span class='ocrx_word' id='word_1_405' title='bbox 2963 2505 3235 2561; x_wconf 78' lang='lat' dir='ltr'><strong>Othonem</strong></span> <span class='ocrx_word' id='word_1_406' title='bbox 3284 2514 3342 2560; x_wconf 88' lang='lat' dir='ltr'><strong>et</strong></span> <span class='ocrx_word' id='word_1_407' title='bbox 3387 2506 3444 2560; x_wconf 90' lang='lat' dir='ltr'><strong>in</strong></span> 
     </span>
    </p>
   </div>
   <div class='ocr_carea' id='block_1_56' title="bbox 1866 2598 3443 2668">
    <p class='ocr_par' dir='ltr' id='par_1_56' title="bbox 1866 2598 3443 2668">
     <span class='ocr_line' id='line_1_56' title="bbox 1866 2598 3443 2668; baseline -0.004 -9"><span class='ocrx_word' id='word_1_408' title='bbox 1866 2602 2080 2660; x_wconf 85' lang='lat' dir='ltr'><strong>curiam</strong></span> <span class='ocrx_word' id='word_1_409' title='bbox 2137 2601 2468 2656; x_wconf 75' lang='lat' dir='ltr'><strong>attulerunt.</strong></span> <span class='ocrx_word' id='word_1_410' title='bbox 2539 2599 2753 2666; x_wconf 86' lang='lat' dir='ltr'><strong>Quibus</strong></span> <span class='ocrx_word' id='word_1_411' title='bbox 2818 2598 3161 2656; x_wconf 68' lang='lat' dir='ltr'><strong>consternati,</strong></span> <span class='ocrx_word' id='word_1_412' title='bbox 3216 2606 3443 2668; x_wconf 84' lang='lat' dir='ltr'><strong>patres,</strong></span> 
     </span>
    </p>
   </div>
   <div class='ocr_carea' id='block_1_57' title="bbox 1865 2688 3444 2759">
    <p class='ocr_par' dir='ltr' id='par_1_57' title="bbox 1865 2688 3444 2759">
     <span class='ocr_line' id='line_1_57' title="bbox 1865 2688 3444 2759; baseline -0.004 -10"><span class='ocrx_word' id='word_1_413' title='bbox 1865 2694 2052 2749; x_wconf 66' lang='lat' dir='ltr'><strong>laetitia</strong></span> <span class='ocrx_word' id='word_1_414' title='bbox 2082 2692 2361 2755; x_wconf 87' lang='lat' dir='ltr'><strong>simulata,</strong></span> <span class='ocrx_word' id='word_1_415' title='bbox 2394 2689 2589 2748; x_wconf 86' lang='lat' dir='ltr'><strong>Othoni</strong></span> <span class='ocrx_word' id='word_1_416' title='bbox 2622 2689 2807 2744; x_wconf 88' lang='lat' dir='ltr'><strong>omnia</strong></span> <span class='ocrx_word' id='word_1_417' title='bbox 2854 2704 2977 2759; x_wconf 72' lang='lat' dir='ltr'><strong>quae</strong></span> <span class='ocrx_word' id='word_1_418' title='bbox 3025 2688 3093 2744; x_wconf 88' lang='lat' dir='ltr'><strong>ad</strong></span> <span class='ocrx_word' id='word_1_419' title='bbox 3148 2688 3444 2759; x_wconf 87' lang='lat' dir='ltr'><strong>imperium</strong></span> 
     </span>
    </p>
   </div>
   <div class='ocr_carea' id='block_1_58' title="bbox 1862 2777 3447 2854">
    <p class='ocr_par' dir='ltr' id='par_1_58' title="bbox 1862 2777 3447 2854">
     <span class='ocr_line' id='line_1_58' title="bbox 1862 2777 3447 2854; baseline -0.004 -15"><span class='ocrx_word' id='word_1_420' title='bbox 1862 2783 2192 2854; x_wconf 80' lang='lat' dir='ltr'><strong>pertinent,</strong></span> <span class='ocrx_word' id='word_1_421' title='bbox 2250 2781 2643 2836; x_wconf 83' lang='lat' dir='ltr'><strong>decreverunt.</strong></span> <span class='ocrx_word' id='word_1_422' title='bbox 2700 2778 2891 2849; x_wconf 76' lang='lat' dir='ltr'><strong>Neque</strong></span> <span class='ocrx_word' id='word_1_423' title='bbox 2951 2793 3086 2834; x_wconf 80' lang='lat' dir='ltr'><strong>vero</strong></span> <span class='ocrx_word' id='word_1_424' title='bbox 3145 2777 3447 2833; x_wconf 86' lang='lat' dir='ltr'><strong>obscurum</strong></span> 
     </span>
    </p>
   </div>
   <div class='ocr_carea' id='block_1_59' title="bbox 1866 2887 3447 2961">
    <p class='ocr_par' dir='ltr' id='par_1_59' title="bbox 1866 2887 3447 2961">
     <span class='ocr_line' id='line_1_59' title="bbox 1866 2887 3447 2961; baseline -0.006 -12"><span class='ocrx_word' id='word_1_425' title='bbox 1866 2901 2008 2961; x_wconf 87' lang='lat' dir='ltr'><strong>erat,</strong></span> <span class='ocrx_word' id='word_1_426' title='bbox 2044 2908 2171 2949; x_wconf 87' lang='lat' dir='ltr'><strong>eum</strong></span> <span class='ocrx_word' id='word_1_427' title='bbox 2203 2891 2419 2947; x_wconf 84' lang='lat' dir='ltr'><strong>senatui</strong></span> <span class='ocrx_word' id='word_1_428' title='bbox 2459 2891 2570 2944; x_wconf 84' lang='lat' dir='ltr'><strong>vim</strong></span> <span class='ocrx_word' id='word_1_429' title='bbox 2596 2890 2829 2954; x_wconf 83' lang='lat' dir='ltr'><strong>fecisse,</strong></span> <span class='ocrx_word' id='word_1_430' title='bbox 2876 2900 2934 2943; x_wconf 90' lang='lat' dir='ltr'><strong>et</strong></span> <span class='ocrx_word' id='word_1_431' title='bbox 2975 2887 3317 2959; x_wconf 83' lang='lat' dir='ltr'><strong>petulantius</strong></span> <span class='ocrx_word' id='word_1_432' title='bbox 3362 2898 3447 2943; x_wconf 87' lang='lat' dir='ltr'><strong>at-</strong></span> 
     </span>
    </p>
   </div>
   <div class='ocr_carea' id='block_1_60' title="bbox 1867 2980 3447 3055">
    <p class='ocr_par' dir='ltr' id='par_1_60' title="bbox 1867 2980 3447 3055">
     <span class='ocr_line' id='line_1_60' title="bbox 1867 2980 3447 3055; baseline -0.003 -15"><span class='ocrx_word' id='word_1_433' title='bbox 1867 2999 1977 3055; x_wconf 87' lang='lat' dir='ltr'><strong>que</strong></span> <span class='ocrx_word' id='word_1_434' title='bbox 2011 2984 2270 3040; x_wconf 85' lang='lat' dir='ltr'><strong>acerbius</strong></span> <span class='ocrx_word' id='word_1_435' title='bbox 2294 2984 2418 3054; x_wconf 87' lang='lat' dir='ltr'><strong>ipso</strong></span> <span class='ocrx_word' id='word_1_436' title='bbox 2435 2982 2654 3038; x_wconf 85' lang='lat' dir='ltr'><strong>Nerone</strong></span> <span class='ocrx_word' id='word_1_437' title='bbox 2680 2983 3081 3053; x_wconf 85' lang='lat' dir='ltr'><strong>imperaturum</strong></span> <span class='ocrx_word' id='word_1_438' title='bbox 3104 2996 3246 3037; x_wconf 85' lang='lat' dir='ltr'><strong>esse.</strong></span> <span class='ocrx_word' id='word_1_439' title='bbox 3273 2980 3447 3036; x_wconf 79' lang='lat' dir='ltr'><strong>Galba</strong></span> 
     </span>
    </p>
   </div>
   <div class='ocr_carea' id='block_1_61' title="bbox 1867 3073 3448 3146">
    <p class='ocr_par' dir='ltr' id='par_1_61' title="bbox 1867 3073 3448 3146">
     <span class='ocr_line' id='line_1_61' title="bbox 1867 3073 3448 3146; baseline -0.002 -15"><span class='ocrx_word' id='word_1_440' title='bbox 1867 3090 2046 3131; x_wconf 85' lang='lat' dir='ltr'><strong>annos</strong></span> <span class='ocrx_word' id='word_1_441' title='bbox 2078 3077 2427 3146; x_wconf 74' lang='lat' dir='ltr'><strong>septuaginta</strong></span> <span class='ocrx_word' id='word_1_442' title='bbox 2455 3074 2619 3138; x_wconf 85' lang='lat' dir='ltr'><strong>duos,</strong></span> <span class='ocrx_word' id='word_1_443' title='bbox 2648 3074 2769 3130; x_wconf 84' lang='lat' dir='ltr'><strong>dies</strong></span> <span class='ocrx_word' id='word_1_444' title='bbox 2802 3084 2913 3130; x_wconf 88' lang='lat' dir='ltr'><strong>tres</strong></span> <span class='ocrx_word' id='word_1_445' title='bbox 2946 3082 3002 3129; x_wconf 89' lang='lat' dir='ltr'><strong>et</strong></span> <span class='ocrx_word' id='word_1_446' title='bbox 3024 3073 3215 3144; x_wconf 75' lang='lat' dir='ltr'><strong>viginti</strong></span> <span class='ocrx_word' id='word_1_447' title='bbox 3261 3082 3448 3138; x_wconf 80' lang='lat' dir='ltr'><strong>natus,</strong></span> 
     </span>
    </p>
   </div>
   <div class='ocr_carea' id='block_1_62' title="bbox 202 3160 1766 3238">
    <p class='ocr_par' dir='ltr' id='par_1_62' title="bbox 202 3160 1762 3234">
     <span class='ocr_line' id='line_1_62' title="bbox 202 3160 1762 3234; baseline 0 -21"><span class='ocrx_word' id='word_1_448' title='bbox 202 3160 339 3213; x_wconf 77' lang='grc' dir='ltr'>ἄλλοι</span> <span class='ocrx_word' id='word_1_449' title='bbox 387 3163 595 3232; x_wconf 82' lang='grc' dir='ltr'>συχνοί.</span> <span class='ocrx_word' id='word_1_450' title='bbox 649 3165 756 3216; x_wconf 77' lang='grc' dir='ltr'><strong>Καὶ</strong></span> <span class='ocrx_word' id='word_1_451' title='bbox 792 3161 1102 3234; x_wconf 79' lang='grc' dir='ltr'><strong>πράξαντες</strong></span> <span class='ocrx_word' id='word_1_452' title='bbox 1126 3161 1300 3216; x_wconf 80' lang='grc' dir='ltr'>ταῦτα</span> <span class='ocrx_word' id='word_1_453' title='bbox 1325 3163 1373 3215; x_wconf 88' lang='grc' dir='ltr'><strong>οί</strong></span> <span class='ocrx_word' id='word_1_454' title='bbox 1406 3161 1762 3233; x_wconf 85' lang='grc' dir='ltr'>στρατιῶται,</span> 
     </span>
    </p>
   </div>
   <div class='ocr_carea' id='block_1_63' title="bbox 1866 3160 3447 3238">
    <p class='ocr_par' dir='ltr' id='par_1_63' title="bbox 1872 3165 3447 3238">
     <span class='ocr_line' id='line_1_63' title="bbox 1872 3165 3447 3238; baseline -0.001 -16"><span class='ocrx_word' id='word_1_455' title='bbox 1872 3166 2087 3238; x_wconf 88' lang='lat' dir='ltr'><strong>imperii</strong></span> <span class='ocrx_word' id='word_1_456' title='bbox 2116 3182 2306 3221; x_wconf 85' lang='lat' dir='ltr'><strong>mense</strong></span> <span class='ocrx_word' id='word_1_457' title='bbox 2334 3181 2502 3233; x_wconf 82' lang='grc' dir='ltr'>ιιοιιο,</span> <span class='ocrx_word' id='word_1_458' title='bbox 2528 3175 2586 3223; x_wconf 89' lang='lat' dir='ltr'><strong>et</strong></span> <span class='ocrx_word' id='word_1_459' title='bbox 2623 3165 2713 3220; x_wconf 86' lang='lat' dir='ltr'><strong>die</strong></span> <span class='ocrx_word' id='word_1_460' title='bbox 2765 3165 2984 3227; x_wconf 84' lang='lat' dir='ltr'><strong>decimo</strong></span> <span class='ocrx_word' id='word_1_461' title='bbox 3032 3165 3194 3221; x_wconf 88' lang='lat' dir='ltr'><strong>tertio</strong></span> <span class='ocrx_word' id='word_1_462' title='bbox 3219 3204 3238 3233; x_wconf 88' lang='lat'><strong>,</strong></span> <span class='ocrx_word' id='word_1_463' title='bbox 3293 3165 3447 3220; x_wconf 80' lang='lat' dir='ltr'><strong>hanc</strong></span> 
     </span>
    </p>
   </div>
   <div class='ocr_carea' id='block_1_64' title="bbox 204 3252 1766 3325">
    <p class='ocr_par' dir='ltr' id='par_1_64' title="bbox 204 3252 1764 3325">
     <span class='ocr_line' id='line_1_64' title="bbox 204 3252 1764 3325; baseline 0.003 -21"><span class='ocrx_word' id='word_1_464' title='bbox 204 3252 292 3317; x_wconf 80' lang='grc' dir='ltr'><strong>τάς</strong></span> <span class='ocrx_word' id='word_1_465' title='bbox 324 3270 381 3306; x_wconf 90' lang='grc' dir='ltr'><strong>τε</strong></span> <span class='ocrx_word' id='word_1_466' title='bbox 441 3256 686 3324; x_wconf 71' lang='grc' dir='ltr'>κεφαλὰς</span> <span class='ocrx_word' id='word_1_467' title='bbox 724 3255 953 3309; x_wconf 77' lang='grc' dir='ltr'>ἐκείνων</span> <span class='ocrx_word' id='word_1_468' title='bbox 1008 3254 1418 3324; x_wconf 84' lang='grc' dir='ltr'>ἀποτεμόντες,</span> <span class='ocrx_word' id='word_1_469' title='bbox 1477 3254 1615 3325; x_wconf 84' lang='grc' dir='ltr'>πρὸς</span> <span class='ocrx_word' id='word_1_470' title='bbox 1669 3254 1764 3309; x_wconf 71' lang='grc' dir='ltr'><strong>τὶν</strong></span> 
     </span>
    </p>
   </div>
   <div class='ocr_carea' id='block_1_65' title="bbox 1866 3252 2331 3325">
    <p class='ocr_par' dir='ltr' id='par_1_65' title="bbox 1870 3256 2331 3313">
     <span class='ocr_line' id='line_1_65' title="bbox 1870 3256 2331 3313; baseline 0 -2"><span class='ocrx_word' id='word_1_471' title='bbox 1870 3258 2082 3313; x_wconf 80' lang='lat' dir='ltr'><strong>exitum</strong></span> <span class='ocrx_word' id='word_1_472' title='bbox 2113 3256 2331 3312; x_wconf 88' lang='lat' dir='ltr'><strong>habuit.</strong></span> 
     </span>
    </p>
   </div>
   <div class='ocr_carea' id='block_1_66' title="bbox 208 3346 3446 3427">
    <p class='ocr_par' dir='ltr' id='par_1_66' title="bbox 208 3346 3446 3427">
     <span class='ocr_line' id='line_1_66' title="bbox 208 3346 3446 3427; baseline 0.003 -27"><span class='ocrx_word' id='word_1_473' title='bbox 208 3346 404 3401; x_wconf 80' lang='grc' dir='ltr'>Ὄθωνα</span> <span class='ocrx_word' id='word_1_474' title='bbox 459 3350 629 3413; x_wconf 79' lang='grc' dir='ltr'>αὐτὰς</span> <span class='ocrx_word' id='word_1_475' title='bbox 670 3351 728 3404; x_wconf 87' lang='grc' dir='ltr'><strong>ἐν</strong></span> <span class='ocrx_word' id='word_1_476' title='bbox 749 3349 836 3421; x_wconf 78' lang='grc' dir='ltr'><strong>,τῷ</strong></span> <span class='ocrx_word' id='word_1_477' title='bbox 860 3350 1211 3421; x_wconf 83' lang='grc' dir='ltr'>στρατοπέδῳ</span> <span class='ocrx_word' id='word_1_478' title='bbox 1261 3349 1357 3404; x_wconf 78' lang='grc' dir='ltr'>καὶ</span> <span class='ocrx_word' id='word_1_479' title='bbox 1424 3351 1507 3414; x_wconf 83' lang='grc' dir='ltr'><strong>είς</strong></span> <span class='ocrx_word' id='word_1_480' title='bbox 1577 3348 1640 3404; x_wconf 83' lang='grc' dir='ltr'><strong>τὸ</strong></span> <span class='ocrx_word' id='word_1_481' title='bbox 1711 3353 1990 3427; x_wconf 82' lang='grc' dir='ltr'>συνέδριον</span> <span class='ocrx_word' id='word_1_482' title='bbox 2060 3354 2352 3424; x_wconf 82' lang='grc' dir='ltr'>ἐκόμισαν,</span> <span class='ocrx_word' id='word_1_483' title='bbox 2420 3352 2564 3407; x_wconf 79' lang='grc' dir='ltr'>ὥστε</span> <span class='ocrx_word' id='word_1_484' title='bbox 2612 3352 2740 3417; x_wconf 78' lang='grc' dir='ltr'>τοὺς</span> <span class='ocrx_word' id='word_1_485' title='bbox 2790 3351 3089 3424; x_wconf 79' lang='grc' dir='ltr'>βουλευτὰς</span> <span class='ocrx_word' id='word_1_486' title='bbox 3156 3354 3446 3409; x_wconf 74' lang='grc' dir='ltr'>καταπλαο</span> 
     </span>
    </p>
   </div>
   <div class='ocr_carea' id='block_1_67' title="bbox 204 3439 3442 3519">
    <p class='ocr_par' dir='ltr' id='par_1_67' title="bbox 204 3439 3442 3519">
     <span class='ocr_line' id='line_1_67' title="bbox 204 3439 3442 3519; baseline 0.002 -28"><span class='ocrx_word' id='word_1_487' title='bbox 204 3439 383 3507; x_wconf 85' lang='grc' dir='ltr'>γέντας</span> <span class='ocrx_word' id='word_1_488' title='bbox 440 3441 658 3513; x_wconf 79' lang='grc' dir='ltr'><strong>χαίρειν</strong></span> <span class='ocrx_word' id='word_1_489' title='bbox 706 3460 767 3496; x_wconf 84' lang='grc' dir='ltr'><strong>τε</strong></span> <span class='ocrx_word' id='word_1_490' title='bbox 820 3445 1263 3513; x_wconf 79' lang='grc' dir='ltr'>προσποιεῖσθαι,</span> <span class='ocrx_word' id='word_1_491' title='bbox 1300 3444 1396 3496; x_wconf 78' lang='grc' dir='ltr'>καὶ</span> <span class='ocrx_word' id='word_1_492' title='bbox 1445 3444 1524 3515; x_wconf 80' lang='grc' dir='ltr'><strong>τῷ</strong></span> <span class='ocrx_word' id='word_1_493' title='bbox 1594 3444 1799 3500; x_wconf 87' lang='grc' dir='ltr'>Ὄθωνι</span> <span class='ocrx_word' id='word_1_494' title='bbox 1837 3448 2017 3503; x_wconf 81' lang='grc' dir='ltr'>πάντα</span> <span class='ocrx_word' id='word_1_495' title='bbox 2078 3446 2149 3501; x_wconf 81' lang='grc' dir='ltr'>τὰ</span> <span class='ocrx_word' id='word_1_496' title='bbox 2211 3448 2351 3518; x_wconf 78' lang='grc' dir='ltr'>πρὸς</span> <span class='ocrx_word' id='word_1_497' title='bbox 2404 3447 2509 3519; x_wconf 78' lang='grc' dir='ltr'><strong>τὴν</strong></span> <span class='ocrx_word' id='word_1_498' title='bbox 2546 3445 2726 3518; x_wconf 72' lang='grc' dir='ltr'>ἀρχὴν</span> <span class='ocrx_word' id='word_1_499' title='bbox 2790 3445 3028 3515; x_wconf 80' lang='grc' dir='ltr'>φέροντα</span> <span class='ocrx_word' id='word_1_500' title='bbox 3074 3443 3442 3517; x_wconf 74' lang='grc' dir='ltr'>ψηφίσασθαιο</span> 
     </span>
    </p>
   </div>
   <div class='ocr_carea' id='block_1_68' title="bbox 206 3534 3450 3611">
    <p class='ocr_par' dir='ltr' id='par_1_68' title="bbox 206 3534 3450 3611">
     <span class='ocr_line' id='line_1_68' title="bbox 206 3534 3450 3611; baseline 0.002 -27"><span class='ocrx_word' id='word_1_501' title='bbox 206 3534 310 3586; x_wconf 82' lang='grc' dir='ltr'>υύκ</span> <span class='ocrx_word' id='word_1_502' title='bbox 343 3535 596 3589; x_wconf 78' lang='grc' dir='ltr'>ἐλάνθανε</span> <span class='ocrx_word' id='word_1_503' title='bbox 635 3535 691 3590; x_wconf 75' lang='grc' dir='ltr'><strong>δὲ</strong></span> <span class='ocrx_word' id='word_1_504' title='bbox 749 3536 833 3589; x_wconf 84' lang='grc' dir='ltr'><strong>ὅτι</strong></span> <span class='ocrx_word' id='word_1_505' title='bbox 878 3535 1041 3600; x_wconf 75' lang='grc' dir='ltr'>αὐτὸς</span> <span class='ocrx_word' id='word_1_506' title='bbox 1094 3536 1196 3608; x_wconf 76' lang='grc' dir='ltr'><strong>τὴν</strong></span> <span class='ocrx_word' id='word_1_507' title='bbox 1271 3535 1468 3607; x_wconf 83' lang='grc' dir='ltr'>βουλὴν</span> <span class='ocrx_word' id='word_1_508' title='bbox 1520 3536 1793 3606; x_wconf 75' lang='grc' dir='ltr'>ἐϐιάζετο,</span> <span class='ocrx_word' id='word_1_509' title='bbox 1833 3544 1929 3594; x_wconf 68' lang='lat' dir='ltr'><strong>uol.</strong></span> <span class='ocrx_word' id='word_1_510' title='bbox 1966 3539 2045 3604; x_wconf 79' lang='grc' dir='ltr'>ὡς</span> <span class='ocrx_word' id='word_1_511' title='bbox 2089 3540 2492 3611; x_wconf 75' lang='grc' dir='ltr'>ἀσελγέστερον</span> <span class='ocrx_word' id='word_1_512' title='bbox 2549 3539 2645 3594; x_wconf 75' lang='grc' dir='ltr'>καὶ</span> <span class='ocrx_word' id='word_1_513' title='bbox 2676 3538 3008 3611; x_wconf 74' lang='grc' dir='ltr'>πικρότερον</span> <span class='ocrx_word' id='word_1_514' title='bbox 3062 3536 3159 3591; x_wconf 80' lang='grc' dir='ltr'>τοῦ</span> <span class='ocrx_word' id='word_1_515' title='bbox 3193 3538 3450 3609; x_wconf 83' lang='grc' dir='ltr'>Νέρωνος</span> 
     </span>
    </p>
   </div>
   <div class='ocr_carea' id='block_1_69' title="bbox 204 3625 3450 3706">
    <p class='ocr_par' dir='ltr' id='par_1_69' title="bbox 204 3625 3450 3706">
     <span class='ocr_line' id='line_1_69' title="bbox 204 3625 3450 3706; baseline 0.001 -25"><span class='ocrx_word' id='word_1_516' title='bbox 204 3628 373 3697; x_wconf 73' lang='grc' dir='ltr'>ἄρξειν</span> <span class='ocrx_word' id='word_1_517' title='bbox 394 3630 607 3697; x_wconf 76' lang='grc' dir='ltr'>ἔμελλε.</span> <span class='ocrx_word' id='word_1_518' title='bbox 639 3630 677 3683; x_wconf 86' lang='grc' dir='ltr'><strong><em>Γ</em></strong></span> <span class='ocrx_word' id='word_1_519' title='bbox 680 3629 821 3702; x_wconf 71' lang='grc' dir='ltr'><strong>ἀλὸᾳ</strong></span> <span class='ocrx_word' id='word_1_520' title='bbox 867 3630 968 3701; x_wconf 81' lang='grc' dir='ltr'>μὲν</span> <span class='ocrx_word' id='word_1_521' title='bbox 1001 3625 1095 3685; x_wconf 83' lang='grc' dir='ltr'><strong>οὖν</strong></span> <span class='ocrx_word' id='word_1_522' title='bbox 1144 3629 1374 3698; x_wconf 81' lang='grc' dir='ltr'>ζὴσαντι</span> <span class='ocrx_word' id='word_1_523' title='bbox 1419 3629 1515 3700; x_wconf 72' lang='grc' dir='ltr'>ἔτη</span> <span class='ocrx_word' id='word_1_524' title='bbox 1575 3631 1672 3685; x_wconf 81' lang='grc' dir='ltr'>δύο</span> <span class='ocrx_word' id='word_1_525' title='bbox 1732 3633 1830 3686; x_wconf 77' lang='grc' dir='ltr'><strong>καὶ</strong></span> <span class='ocrx_word' id='word_1_526' title='bbox 1866 3633 2268 3706; x_wconf 73' lang='grc' dir='ltr'>ἐϐδομήκοντα,</span> <span class='ocrx_word' id='word_1_527' title='bbox 2294 3634 2393 3688; x_wconf 84' lang='grc' dir='ltr'>καὶ</span> <span class='ocrx_word' id='word_1_528' title='bbox 2419 3632 2640 3705; x_wconf 72' lang='grc' dir='ltr'>ἡμέρας</span> <span class='ocrx_word' id='word_1_529' title='bbox 2662 3634 2814 3703; x_wconf 65' lang='lat' dir='ltr'><strong>spei;</strong></span> <span class='ocrx_word' id='word_1_530' title='bbox 2841 3629 2938 3684; x_wconf 78' lang='grc' dir='ltr'>καὶ</span> <span class='ocrx_word' id='word_1_531' title='bbox 2962 3627 3190 3695; x_wconf 76' lang='grc' dir='ltr'>εἴκοσιν,</span> <span class='ocrx_word' id='word_1_532' title='bbox 3219 3630 3450 3700; x_wconf 65' lang='grc' dir='ltr'>ἄρξαντι</span> 
     </span>
    </p>
   </div>
   <div class='ocr_carea' id='block_1_70' title="bbox 205 3720 2041 3799">
    <p class='ocr_par' dir='ltr' id='par_1_70' title="bbox 205 3720 2041 3799">
     <span class='ocr_line' id='line_1_70' title="bbox 205 3720 2041 3799; baseline 0.006 -26"><span class='ocrx_word' id='word_1_533' title='bbox 205 3720 254 3775; x_wconf 80' lang='grc' dir='ltr'><strong>δὲ</strong></span> <span class='ocrx_word' id='word_1_534' title='bbox 288 3724 451 3795; x_wconf 73' lang='grc' dir='ltr'>μῆνας</span> <span class='ocrx_word' id='word_1_535' title='bbox 469 3724 626 3778; x_wconf 84' lang='grc' dir='ltr'>ἐννέα</span> <span class='ocrx_word' id='word_1_536' title='bbox 661 3726 754 3778; x_wconf 72' lang='grc' dir='ltr'>καὶ</span> <span class='ocrx_word' id='word_1_537' title='bbox 778 3725 994 3795; x_wconf 72' lang='grc' dir='ltr'>ἡμέρας</span> <span class='ocrx_word' id='word_1_538' title='bbox 1022 3724 1396 3796; x_wconf 77' lang='grc' dir='ltr'>τρισκαίδεκα,</span> <span class='ocrx_word' id='word_1_539' title='bbox 1427 3725 1588 3779; x_wconf 86' lang='grc' dir='ltr'>τοῦτο</span> <span class='ocrx_word' id='word_1_540' title='bbox 1604 3725 1759 3791; x_wconf 81' lang='grc' dir='ltr'>τέλος</span> <span class='ocrx_word' id='word_1_541' title='bbox 1801 3729 2041 3799; x_wconf 75' lang='grc' dir='ltr'>ἐγένετο.</span> 
     </span>
    </p>
   </div>
   <div class='ocr_carea' id='block_1_71' title="bbox 268 3812 1766 3890">
    <p class='ocr_par' dir='ltr' id='par_1_71' title="bbox 268 3812 1762 3887">
     <span class='ocr_line' id='line_1_71' title="bbox 268 3812 1762 3887; baseline 0.003 -20"><span class='ocrx_word' id='word_1_542' title='bbox 268 3812 358 3868; x_wconf 83' lang='grc' dir='ltr'><strong>ΙΕ⁸.</strong></span> <span class='ocrx_word' id='word_1_543' title='bbox 402 3816 462 3872; x_wconf 84' lang='grc'><strong>’0</strong></span> <span class='ocrx_word' id='word_1_544' title='bbox 492 3816 549 3870; x_wconf 80' lang='grc' dir='ltr'><strong>δὲ</strong></span> <span class='ocrx_word' id='word_1_545' title='bbox 585 3813 767 3871; x_wconf 81' lang='grc' dir='ltr'>Ὄθων</span> <span class='ocrx_word' id='word_1_546' title='bbox 818 3821 1069 3885; x_wconf 78' lang='grc' dir='ltr'>μετέγνω</span> <span class='ocrx_word' id='word_1_547' title='bbox 1138 3815 1236 3885; x_wconf 81' lang='grc' dir='ltr'>μὲν</span> <span class='ocrx_word' id='word_1_548' title='bbox 1276 3819 1366 3868; x_wconf 79' lang='grc' dir='ltr'><strong>ἐπὶ</strong></span> <span class='ocrx_word' id='word_1_549' title='bbox 1398 3818 1511 3879; x_wconf 76' lang='grc' dir='ltr'>τοῖς</span> <span class='ocrx_word' id='word_1_550' title='bbox 1546 3833 1762 3887; x_wconf 57' lang='grc' dir='ltr'>πεπρα-</span> 
     </span>
    </p>
   </div>
   <div class='ocr_carea' id='block_1_72' title="bbox 1866 3812 3447 3890">
    <p class='ocr_par' dir='ltr' id='par_1_72' title="bbox 1935 3817 3447 3890">
     <span class='ocr_line' id='line_1_72' title="bbox 1935 3817 3447 3890; baseline -0.001 -15"><span class='ocrx_word' id='word_1_551' title='bbox 1935 3820 2053 3878; x_wconf 79' lang='lat' dir='ltr'><strong>XV.</strong></span> <span class='ocrx_word' id='word_1_552' title='bbox 2086 3821 2384 3888; x_wconf 79' lang='lat' dir='ltr'><strong>Othonem,</strong></span> <span class='ocrx_word' id='word_1_553' title='bbox 2420 3836 2548 3878; x_wconf 81' lang='lat' dir='ltr'><strong>cum</strong></span> <span class='ocrx_word' id='word_1_554' title='bbox 2580 3829 2706 3877; x_wconf 80' lang='lat' dir='ltr'><strong>exta</strong></span> <span class='ocrx_word' id='word_1_555' title='bbox 2729 3817 3060 3877; x_wconf 74' lang='lat' dir='ltr'><strong>sacrificanti</strong></span> <span class='ocrx_word' id='word_1_556' title='bbox 3101 3833 3295 3890; x_wconf 87' lang='lat' dir='ltr'><strong>parum</strong></span> <span class='ocrx_word' id='word_1_557' title='bbox 3324 3817 3447 3874; x_wconf 82' lang='lat' dir='ltr'><strong>fau-</strong></span> 
     </span>
    </p>
   </div>
   <div class='ocr_carea' id='block_1_73' title="bbox 206 3909 1766 3984">
    <p class='ocr_par' dir='ltr' id='par_1_73' title="bbox 206 3909 1762 3981">
     <span class='ocr_line' id='line_1_73' title="bbox 206 3909 1762 3981; baseline 0.001 -18"><span class='ocrx_word' id='word_1_558' title='bbox 206 3909 432 3979; x_wconf 69' lang='grc' dir='ltr'>γμίνοις,</span> <span class='ocrx_word' id='word_1_559' title='bbox 460 3910 573 3963; x_wconf 83' lang='grc' dir='ltr'><strong>τῶν</strong></span> <span class='ocrx_word' id='word_1_560' title='bbox 605 3910 764 3981; x_wconf 78' lang='grc' dir='ltr'>ἱερῶν</span> <span class='ocrx_word' id='word_1_561' title='bbox 797 3909 947 3979; x_wconf 85' lang='grc' dir='ltr'>αύτῷ</span> <span class='ocrx_word' id='word_1_562' title='bbox 985 3910 1169 3963; x_wconf 84' lang='grc' dir='ltr'>θύοντι</span> <span class='ocrx_word' id='word_1_563' title='bbox 1202 3911 1458 3981; x_wconf 83' lang='grc' dir='ltr'>πονηρῶν</span> <span class='ocrx_word' id='word_1_564' title='bbox 1485 3910 1762 3979; x_wconf 74' lang='grc' dir='ltr'><strong>ὀφθέντων</strong></span> 
     </span>
    </p>
   </div>
   <div class='ocr_carea' id='block_1_74' title="bbox 1866 3909 3444 3984">
    <p class='ocr_par' dir='ltr' id='par_1_74' title="bbox 1866 3911 3444 3984">
     <span class='ocr_line' id='line_1_74' title="bbox 1866 3911 3444 3984; baseline 0 -18"><span class='ocrx_word' id='word_1_565' title='bbox 1866 3920 1945 3966; x_wconf 84' lang='lat' dir='ltr'><strong>sta</strong></span> <span class='ocrx_word' id='word_1_566' title='bbox 1977 3921 2184 3979; x_wconf 85' lang='lat' dir='ltr'><strong>essent,</strong></span> <span class='ocrx_word' id='word_1_567' title='bbox 2209 3912 2428 3982; x_wconf 86' lang='lat' dir='ltr'><strong>aliaque</strong></span> <span class='ocrx_word' id='word_1_568' title='bbox 2458 3914 2613 3984; x_wconf 83' lang='lat' dir='ltr'><strong>signa</strong></span> <span class='ocrx_word' id='word_1_569' title='bbox 2660 3913 3048 3983; x_wconf 88' lang='lat' dir='ltr'><strong>apparuissent</strong></span> <span class='ocrx_word' id='word_1_570' title='bbox 3073 3950 3088 3974; x_wconf 91' lang='lat'><strong>,</strong></span> <span class='ocrx_word' id='word_1_571' title='bbox 3136 3911 3444 3980; x_wconf 85' lang='lat' dir='ltr'><strong>perpetrati</strong></span> 
     </span>
    </p>
   </div>
   <div class='ocr_carea' id='block_1_75' title="bbox 209 4001 1766 4077">
    <p class='ocr_par' dir='ltr' id='par_1_75' title="bbox 209 4001 1761 4075">
     <span class='ocr_line' id='line_1_75' title="bbox 209 4001 1761 4075; baseline 0.002 -20"><span class='ocrx_word' id='word_1_572' title='bbox 209 4004 293 4056; x_wconf 71' lang='grc' dir='ltr'>καὶ</span> <span class='ocrx_word' id='word_1_573' title='bbox 319 4004 488 4059; x_wconf 84' lang='grc' dir='ltr'>ἄλλων</span> <span class='ocrx_word' id='word_1_574' title='bbox 518 4003 764 4075; x_wconf 80' lang='grc' dir='ltr'>σημείων</span> <span class='ocrx_word' id='word_1_575' title='bbox 784 4004 934 4074; x_wconf 81' lang='grc' dir='ltr'>αύτῷ</span> <span class='ocrx_word' id='word_1_576' title='bbox 973 4005 1286 4072; x_wconf 83' lang='grc' dir='ltr'>γενομένων</span> <span class='ocrx_word' id='word_1_577' title='bbox 1308 4019 1320 4034; x_wconf 88' lang='grc'><strong>·</strong></span> <span class='ocrx_word' id='word_1_578' title='bbox 1344 4003 1460 4056; x_wconf 75' lang='grc' dir='ltr'>ἀλλ’</span> <span class='ocrx_word' id='word_1_579' title='bbox 1486 4005 1587 4057; x_wconf 69' lang='grc' dir='ltr'>οὔκ</span> <span class='ocrx_word' id='word_1_580' title='bbox 1612 4001 1761 4075; x_wconf 78' lang='grc' dir='ltr'>εἶχεν</span> 
     </span>
    </p>
   </div>
   <div class='ocr_carea' id='block_1_76' title="bbox 1866 4001 3448 4077">
    <p class='ocr_par' dir='ltr' id='par_1_76' title="bbox 1866 4003 3448 4077">
     <span class='ocr_line' id='line_1_76' title="bbox 1866 4003 3448 4077; baseline -0.002 -17"><span class='ocrx_word' id='word_1_581' title='bbox 1866 4005 2122 4061; x_wconf 77' lang='lat' dir='ltr'><strong>facinoris</strong></span> <span class='ocrx_word' id='word_1_582' title='bbox 2146 4007 2402 4077; x_wconf 72' lang='lat' dir='ltr'><strong>pmnituit</strong></span> <span class='ocrx_word' id='word_1_583' title='bbox 2431 4023 2446 4061; x_wconf 90' lang='lat'><strong>:</strong></span> <span class='ocrx_word' id='word_1_584' title='bbox 2473 4005 2568 4061; x_wconf 86' lang='lat' dir='ltr'><strong>sed</strong></span> <span class='ocrx_word' id='word_1_585' title='bbox 2590 4005 2854 4075; x_wconf 89' lang='lat' dir='ltr'><strong>imperio,</strong></span> <span class='ocrx_word' id='word_1_586' title='bbox 2900 4003 3047 4074; x_wconf 89' lang='lat' dir='ltr'><strong>quod</strong></span> <span class='ocrx_word' id='word_1_587' title='bbox 3100 4003 3271 4058; x_wconf 88' lang='lat' dir='ltr'><strong>semel</strong></span> <span class='ocrx_word' id='word_1_588' title='bbox 3322 4018 3448 4058; x_wconf 69' lang='grc' dir='ltr'>ευσ-</span> 
     </span>
    </p>
   </div>
   <div class='ocr_carea' id='block_1_77' title="bbox 211 4094 1766 4169">
    <p class='ocr_par' dir='ltr' id='par_1_77' title="bbox 211 4094 1760 4169">
     <span class='ocr_line' id='line_1_77' title="bbox 211 4094 1760 4169; baseline 0.001 -21"><span class='ocrx_word' id='word_1_589' title='bbox 211 4095 278 4160; x_wconf 82' lang='grc' dir='ltr'><strong>είς</strong></span> <span class='ocrx_word' id='word_1_590' title='bbox 298 4097 387 4166; x_wconf 73' lang='grc' dir='ltr'>τὴν</span> <span class='ocrx_word' id='word_1_591' title='bbox 421 4095 598 4168; x_wconf 77' lang='grc' dir='ltr'>ἀρχὴν</span> <span class='ocrx_word' id='word_1_592' title='bbox 632 4095 733 4169; x_wconf 69' lang='grc' dir='ltr'><strong>ἤδη</strong></span> <span class='ocrx_word' id='word_1_593' title='bbox 752 4094 1013 4150; x_wconf 79' lang='grc' dir='ltr'>εἰσελθὼν</span> <span class='ocrx_word' id='word_1_594' title='bbox 1041 4095 1321 4161; x_wconf 81' lang='grc' dir='ltr'>ἀναδῦναι,</span> <span class='ocrx_word' id='word_1_595' title='bbox 1356 4096 1449 4148; x_wconf 75' lang='grc' dir='ltr'><strong>καὶ</strong></span> <span class='ocrx_word' id='word_1_596' title='bbox 1482 4096 1760 4166; x_wconf 77' lang='grc' dir='ltr'>ἐνέμεινεν</span> 
     </span>
    </p>
   </div>
   <div class='ocr_carea' id='block_1_78' title="bbox 1866 4094 3442 4169">
    <p class='ocr_par' dir='ltr' id='par_1_78' title="bbox 1866 4095 3442 4169">
     <span class='ocr_line' id='line_1_78' title="bbox 1866 4095 3442 4169; baseline -0.003 -15"><span class='ocrx_word' id='word_1_597' title='bbox 1866 4106 2079 4169; x_wconf 86' lang='lat' dir='ltr'><strong>ceptum</strong></span> <span class='ocrx_word' id='word_1_598' title='bbox 2104 4099 2381 4169; x_wconf 82' lang='lat' dir='ltr'><strong>deponere</strong></span> <span class='ocrx_word' id='word_1_599' title='bbox 2410 4113 2520 4152; x_wconf 91' lang='lat' dir='ltr'><strong>non</strong></span> <span class='ocrx_word' id='word_1_600' title='bbox 2549 4097 2751 4152; x_wconf 87' lang='lat' dir='ltr'><strong>licebat</strong></span> <span class='ocrx_word' id='word_1_601' title='bbox 2815 4105 3028 4151; x_wconf 88' lang='lat' dir='ltr'><strong>retento</strong></span> <span class='ocrx_word' id='word_1_602' title='bbox 3054 4136 3068 4157; x_wconf 90' lang='lat'><strong>.</strong></span> <span class='ocrx_word' id='word_1_603' title='bbox 3098 4110 3289 4166; x_wconf 75' lang='lat' dir='ltr'><strong>pmnas</strong></span> <span class='ocrx_word' id='word_1_604' title='bbox 3332 4095 3442 4150; x_wconf 74' lang='lat' dir='ltr'><strong>&#39;dc-</strong></span> 
     </span>
    </p>
   </div>
   <div class='ocr_carea' id='block_1_79' title="bbox 212 4187 1766 4261">
    <p class='ocr_par' dir='ltr' id='par_1_79' title="bbox 212 4187 1766 4260">
     <span class='ocr_line' id='line_1_79' title="bbox 212 4187 1766 4260; baseline 0.003 -20"><span class='ocrx_word' id='word_1_605' title='bbox 212 4188 353 4259; x_wconf 77' lang='grc' dir='ltr'>αὐτῇ,</span> <span class='ocrx_word' id='word_1_606' title='bbox 391 4191 485 4244; x_wconf 76' lang='grc' dir='ltr'>καὶ</span> <span class='ocrx_word' id='word_1_607' title='bbox 507 4189 667 4260; x_wconf 80' lang='grc' dir='ltr'>δίκην</span> <span class='ocrx_word' id='word_1_608' title='bbox 686 4189 937 4243; x_wconf 83' lang='grc' dir='ltr'>δέδωκεν.</span> <span class='ocrx_word' id='word_1_609' title='bbox 985 4187 1073 4243; x_wconf 82' lang='grc' dir='ltr'>Ἐν</span> <span class='ocrx_word' id='word_1_610' title='bbox 1102 4188 1313 4249; x_wconf 71' lang='grc' dir='ltr'>τούτοις</span> <span class='ocrx_word' id='word_1_611' title='bbox 1330 4189 1387 4243; x_wconf 80' lang='grc' dir='ltr'>δέ</span> <span class='ocrx_word' id='word_1_612' title='bbox 1408 4206 1515 4257; x_wconf 88' lang='grc' dir='ltr'>τις,</span> <span class='ocrx_word' id='word_1_613' title='bbox 1551 4190 1766 4246; x_wconf 86' lang='grc' dir='ltr'>πλασά-</span> 
     </span>
    </p>
   </div>
   <div class='ocr_carea' id='block_1_80' title="bbox 1866 4187 3448 4261">
    <p class='ocr_par' dir='ltr' id='par_1_80' title="bbox 1866 4188 3448 4261">
     <span class='ocr_line' id='line_1_80' title="bbox 1866 4188 3448 4261; baseline -0.002 -15"><span class='ocrx_word' id='word_1_614' title='bbox 1866 4191 1968 4246; x_wconf 86' lang='lat' dir='ltr'><strong>dit.</strong></span> <span class='ocrx_word' id='word_1_615' title='bbox 2003 4191 2216 4248; x_wconf 84' lang='lat' dir='ltr'><strong>interea</strong></span> <span class='ocrx_word' id='word_1_616' title='bbox 2279 4191 2506 4261; x_wconf 85' lang='lat' dir='ltr'><strong>quidam</strong></span> <span class='ocrx_word' id='word_1_617' title='bbox 2559 4190 2633 4245; x_wconf 89' lang='lat' dir='ltr'><strong>ob</strong></span> <span class='ocrx_word' id='word_1_618' title='bbox 2681 4189 3138 4244; x_wconf 87' lang='lat' dir='ltr'><strong>lineamentorum</strong></span> <span class='ocrx_word' id='word_1_619' title='bbox 3197 4188 3448 4257; x_wconf 76' lang='lat' dir='ltr'><strong>corporis</strong></span> 
     </span>
    </p>
   </div>
   <div class='ocr_carea' id='block_1_81' title="bbox 214 4278 1766 4353">
    <p class='ocr_par' dir='ltr' id='par_1_81' title="bbox 214 4279 1766 4353">
     <span class='ocr_line' id='line_1_81' title="bbox 214 4279 1766 4353; baseline 0.001 -20"><span class='ocrx_word' id='word_1_620' title='bbox 214 4295 353 4348; x_wconf 81' lang='grc' dir='ltr'>μενος</span> <span class='ocrx_word' id='word_1_621' title='bbox 372 4282 565 4352; x_wconf 79' lang='grc' dir='ltr'>Νέρων</span> <span class='ocrx_word' id='word_1_622' title='bbox 600 4279 741 4336; x_wconf 76' lang='grc' dir='ltr'>εἶναι</span> <span class='ocrx_word' id='word_1_623' title='bbox 793 4283 857 4334; x_wconf 89' lang='grc' dir='ltr'><strong>ἐκ</strong></span> <span class='ocrx_word' id='word_1_624' title='bbox 896 4280 1000 4351; x_wconf 78' lang='grc' dir='ltr'>τῆς</span> <span class='ocrx_word' id='word_1_625' title='bbox 1035 4281 1171 4353; x_wconf 74' lang='grc' dir='ltr'>πρὸς</span> <span class='ocrx_word' id='word_1_626' title='bbox 1211 4280 1303 4333; x_wconf 75' lang='grc' dir='ltr'><strong>τὸν</strong></span> <span class='ocrx_word' id='word_1_627' title='bbox 1336 4280 1567 4353; x_wconf 87' lang='grc' dir='ltr'>Νέρωνα</span> <span class='ocrx_word' id='word_1_628' title='bbox 1598 4280 1766 4352; x_wconf 78' lang='grc' dir='ltr'>οὔσης</span> 
     </span>
    </p>
   </div>
   <div class='ocr_carea' id='block_1_82' title="bbox 1866 4278 3445 4353">
    <p class='ocr_par' dir='ltr' id='par_1_82' title="bbox 1867 4278 3445 4350">
     <span class='ocr_line' id='line_1_82' title="bbox 1867 4278 3445 4350; baseline -0.003 -12"><span class='ocrx_word' id='word_1_629' title='bbox 1867 4283 2285 4339; x_wconf 84' lang='lat' dir='ltr'><strong>similitudinem</strong></span> <span class='ocrx_word' id='word_1_630' title='bbox 2321 4297 2380 4339; x_wconf 88' lang='lat' dir='ltr'><strong>se</strong></span> <span class='ocrx_word' id='word_1_631' title='bbox 2415 4283 2685 4338; x_wconf 87' lang='lat' dir='ltr'><strong>Neronem</strong></span> <span class='ocrx_word' id='word_1_632' title='bbox 2737 4293 2861 4336; x_wconf 91' lang='lat' dir='ltr'><strong>esse</strong></span> <span class='ocrx_word' id='word_1_633' title='bbox 2902 4278 3221 4350; x_wconf 79' lang='lat' dir='ltr'><strong>professus,</strong></span> <span class='ocrx_word' id='word_1_634' title='bbox 3274 4286 3445 4333; x_wconf 89' lang='lat' dir='ltr'><strong>totam</strong></span> 
     </span>
    </p>
   </div>
   <div class='ocr_carea' id='block_1_83' title="bbox 214 4370 1766 4446">
    <p class='ocr_par' dir='ltr' id='par_1_83' title="bbox 214 4373 1766 4446">
     <span class='ocr_line' id='line_1_83' title="bbox 214 4373 1766 4446; baseline 0.002 -19"><span class='ocrx_word' id='word_1_635' title='bbox 214 4373 487 4446; x_wconf 71' lang='grc' dir='ltr'>ἐμφερείας</span> <span class='ocrx_word' id='word_1_636' title='bbox 515 4373 690 4444; x_wconf 82' lang='grc' dir='ltr'>αύτῷ,</span> <span class='ocrx_word' id='word_1_637' title='bbox 714 4374 814 4445; x_wconf 82' lang='grc' dir='ltr'><strong>τὴν</strong></span> <span class='ocrx_word' id='word_1_638' title='bbox 845 4374 1073 4428; x_wconf 85' lang='grc' dir='ltr'>Ἐλλάδα</span> <span class='ocrx_word' id='word_1_639' title='bbox 1099 4374 1283 4443; x_wconf 84' lang='grc' dir='ltr'>ὀλίγου</span> <span class='ocrx_word' id='word_1_640' title='bbox 1304 4376 1485 4428; x_wconf 86' lang='grc' dir='ltr'>πᾶσαν</span> <span class='ocrx_word' id='word_1_641' title='bbox 1512 4375 1766 4446; x_wconf 80' lang='grc' dir='ltr'>ἐτάραξε,</span> 
     </span>
    </p>
   </div>
   <div class='ocr_carea' id='block_1_84' title="bbox 1866 4370 3446 4446">
    <p class='ocr_par' dir='ltr' id='par_1_84' title="bbox 1866 4370 3446 4444">
     <span class='ocr_line' id='line_1_84' title="bbox 1866 4370 3446 4444; baseline -0.003 -15"><span class='ocrx_word' id='word_1_642' title='bbox 1866 4389 2005 4444; x_wconf 89' lang='lat' dir='ltr'><strong>pene</strong></span> <span class='ocrx_word' id='word_1_643' title='bbox 2032 4373 2295 4429; x_wconf 68' lang='lat' dir='ltr'><strong>Graeciam</strong></span> <span class='ocrx_word' id='word_1_644' title='bbox 2350 4372 2749 4429; x_wconf 83' lang='lat' dir='ltr'><strong>conturbavit:</strong></span> <span class='ocrx_word' id='word_1_645' title='bbox 2796 4380 2854 4426; x_wconf 88' lang='lat' dir='ltr'><strong>et</strong></span> <span class='ocrx_word' id='word_1_646' title='bbox 2909 4385 3075 4425; x_wconf 90' lang='lat' dir='ltr'><strong>manu</strong></span> <span class='ocrx_word' id='word_1_647' title='bbox 3120 4370 3446 4425; x_wconf 86' lang='lat' dir='ltr'><strong>sicariorum</strong></span> 
     </span>
    </p>
   </div>
   <div class='ocr_carea' id='block_1_85' title="bbox 214 4462 1766 4539">
    <p class='ocr_par' dir='ltr' id='par_1_85' title="bbox 214 4464 1766 4537">
     <span class='ocr_line' id='line_1_85' title="bbox 214 4464 1766 4537; baseline 0.003 -22"><span class='ocrx_word' id='word_1_648' title='bbox 214 4466 295 4516; x_wconf 73' lang='grc' dir='ltr'><strong>καὶ</strong></span> <span class='ocrx_word' id='word_1_649' title='bbox 357 4469 514 4536; x_wconf 83' lang='grc' dir='ltr'>χεῖρα</span> <span class='ocrx_word' id='word_1_650' title='bbox 566 4465 896 4536; x_wconf 85' lang='grc' dir='ltr'>κακούργων</span> <span class='ocrx_word' id='word_1_651' title='bbox 937 4464 1154 4536; x_wconf 81' lang='grc' dir='ltr'>ἀνδρῶν</span> <span class='ocrx_word' id='word_1_652' title='bbox 1207 4464 1494 4537; x_wconf 78' lang='grc' dir='ltr'>ἀθροίσας,</span> <span class='ocrx_word' id='word_1_653' title='bbox 1526 4466 1664 4537; x_wconf 82' lang='grc' dir='ltr'>πρὸς</span> <span class='ocrx_word' id='word_1_654' title='bbox 1699 4466 1766 4519; x_wconf 84' lang='grc' dir='ltr'><strong>τὰ</strong></span> 
     </span>
    </p>
   </div>
   <div class='ocr_carea' id='block_1_86' title="bbox 1866 4462 3446 4539">
    <p class='ocr_par' dir='ltr' id='par_1_86' title="bbox 1866 4462 3446 4539">
     <span class='ocr_line' id='line_1_86' title="bbox 1866 4462 3446 4539; baseline -0.002 -18"><span class='ocrx_word' id='word_1_655' title='bbox 1866 4474 2204 4536; x_wconf 83' lang='lat' dir='ltr'><strong>comparata,</strong></span> <span class='ocrx_word' id='word_1_656' title='bbox 2240 4464 2308 4520; x_wconf 90' lang='lat' dir='ltr'><strong>ad</strong></span> <span class='ocrx_word' id='word_1_657' title='bbox 2353 4465 2607 4539; x_wconf 84' lang='lat' dir='ltr'><strong>Syriacas</strong></span> <span class='ocrx_word' id='word_1_658' title='bbox 2654 4463 2903 4534; x_wconf 81' lang='lat' dir='ltr'><strong>legiones</strong></span> <span class='ocrx_word' id='word_1_659' title='bbox 2951 4463 3286 4533; x_wconf 86' lang='lat' dir='ltr'><strong>properavit.</strong></span> <span class='ocrx_word' id='word_1_660' title='bbox 3337 4462 3446 4518; x_wconf 84' lang='lat' dir='ltr'><strong>Sed</strong></span> 
     </span>
    </p>
   </div>
   <div class='ocr_carea' id='block_1_87' title="bbox 217 4553 1766 4629">
    <p class='ocr_par' dir='ltr' id='par_1_87' title="bbox 217 4556 1766 4629">
     <span class='ocr_line' id='line_1_87' title="bbox 217 4556 1766 4629; baseline 0.002 -20"><span class='ocrx_word' id='word_1_661' title='bbox 217 4557 265 4609; x_wconf 79' lang='grc' dir='ltr'><strong>ἐν</strong></span> <span class='ocrx_word' id='word_1_662' title='bbox 306 4562 369 4629; x_wconf 72' lang='grc' dir='ltr'>τῇ</span> <span class='ocrx_word' id='word_1_663' title='bbox 425 4560 599 4629; x_wconf 74' lang='grc' dir='ltr'>Συρίᾳ</span> <span class='ocrx_word' id='word_1_664' title='bbox 652 4557 991 4627; x_wconf 75' lang='grc' dir='ltr'>στρατόπεδα</span> <span class='ocrx_word' id='word_1_665' title='bbox 1024 4556 1315 4626; x_wconf 72' lang='grc' dir='ltr'>ὥρμησεν.</span> <span class='ocrx_word' id='word_1_666' title='bbox 1365 4557 1453 4610; x_wconf 79' lang='grc' dir='ltr'>Ἐν</span> <span class='ocrx_word' id='word_1_667' title='bbox 1494 4558 1687 4628; x_wconf 75' lang='grc' dir='ltr'>Κύδνῳ</span> <span class='ocrx_word' id='word_1_668' title='bbox 1709 4557 1766 4612; x_wconf 82' lang='grc' dir='ltr'><strong>δὲ</strong></span> 
     </span>
    </p>
   </div>
   <div class='ocr_carea' id='block_1_88' title="bbox 1866 4553 3448 4629">
    <p class='ocr_par' dir='ltr' id='par_1_88' title="bbox 1870 4553 3448 4627">
     <span class='ocr_line' id='line_1_88' title="bbox 1870 4553 3448 4627; baseline -0.003 -15"><span class='ocrx_word' id='word_1_669' title='bbox 1870 4572 1997 4612; x_wconf 85' lang='lat' dir='ltr'><strong>eum</strong></span> <span class='ocrx_word' id='word_1_670' title='bbox 2028 4556 2403 4627; x_wconf 87' lang='lat' dir='ltr'><strong>Calphurnius</strong></span> <span class='ocrx_word' id='word_1_671' title='bbox 2433 4559 2487 4610; x_wconf 87' lang='lat' dir='ltr'><strong>iu</strong></span> <span class='ocrx_word' id='word_1_672' title='bbox 2520 4556 2751 4626; x_wconf 82' lang='lat' dir='ltr'><strong>trajeCtu</strong></span> <span class='ocrx_word' id='word_1_673' title='bbox 2790 4553 2967 4625; x_wconf 83' lang='lat' dir='ltr'><strong>Cydni</strong></span> <span class='ocrx_word' id='word_1_674' title='bbox 2998 4554 3174 4608; x_wconf 80' lang='lat' dir='ltr'><strong>amnis</strong></span> <span class='ocrx_word' id='word_1_675' title='bbox 3198 4568 3448 4622; x_wconf 86' lang='lat' dir='ltr'><strong>compre-</strong></span> 
     </span>
    </p>
   </div>
   <div class='ocr_carea' id='block_1_89' title="bbox 218 4646 1767 4719">
    <p class='ocr_par' dir='ltr' id='par_1_89' title="bbox 218 4646 1767 4719">
     <span class='ocr_line' id='line_1_89' title="bbox 218 4646 1767 4719; baseline 0.001 -19"><span class='ocrx_word' id='word_1_676' title='bbox 218 4649 593 4719; x_wconf 82' lang='grc' dir='ltr'>περαιούμενον</span> <span class='ocrx_word' id='word_1_677' title='bbox 652 4649 817 4703; x_wconf 78' lang='grc' dir='ltr'>αὐτὸν</span> <span class='ocrx_word' id='word_1_678' title='bbox 860 4649 889 4701; x_wconf 86' lang='grc' dir='ltr'><strong>ό</strong></span> <span class='ocrx_word' id='word_1_679' title='bbox 941 4647 1326 4717; x_wconf 80' lang='grc' dir='ltr'>Καλπούρνιος</span> <span class='ocrx_word' id='word_1_680' title='bbox 1366 4646 1630 4702; x_wconf 79' lang='grc' dir='ltr'>συνέλαϐε</span> <span class='ocrx_word' id='word_1_681' title='bbox 1668 4648 1767 4702; x_wconf 79' lang='grc' dir='ltr'>καὶ</span> 
     </span>
    </p>
   </div>
   <div class='ocr_carea' id='block_1_90' title="bbox 220 4737 1767 4810">
    <p class='ocr_par' dir='ltr' id='par_1_90' title="bbox 220 4737 1767 4810">
     <span class='ocr_line' id='line_1_90' title="bbox 220 4737 1767 4810; baseline 0.001 -18"><span class='ocrx_word' id='word_1_682' title='bbox 220 4740 540 4796; x_wconf 78' lang='grc' dir='ltr'>ἀπέκτεινεν.</span> <span class='ocrx_word' id='word_1_683' title='bbox 579 4741 640 4795; x_wconf 87' lang='lat' dir='ltr'><strong>&#39;O</strong></span> <span class='ocrx_word' id='word_1_684' title='bbox 672 4741 730 4794; x_wconf 73' lang='grc' dir='ltr'><strong>δὲ</strong></span> <span class='ocrx_word' id='word_1_685' title='bbox 763 4740 943 4794; x_wconf 87' lang='grc' dir='ltr'>Ὄθων</span> <span class='ocrx_word' id='word_1_686' title='bbox 993 4739 1172 4810; x_wconf 83' lang='grc' dir='ltr'>λάθρα</span> <span class='ocrx_word' id='word_1_687' title='bbox 1232 4737 1464 4801; x_wconf 74' lang='grc' dir='ltr'>πολλοὺς</span> <span class='ocrx_word' id='word_1_688' title='bbox 1495 4739 1631 4809; x_wconf 77' lang='grc' dir='ltr'>πρὸς</span> <span class='ocrx_word' id='word_1_689' title='bbox 1674 4738 1767 4794; x_wconf 81' lang='grc' dir='ltr'><strong>τὸν</strong></span> 
     </span>
    </p>
   </div>
   <div class='ocr_carea' id='block_1_91' title="bbox 221 4833 1769 4905">
    <p class='ocr_par' dir='ltr' id='par_1_91' title="bbox 221 4833 1769 4905">
     <span class='ocr_line' id='line_1_91' title="bbox 221 4833 1769 4905; baseline 0.003 -22"><span class='ocrx_word' id='word_1_690' title='bbox 221 4833 503 4888; x_wconf 67' lang='grc' dir='ltr'>θὸῖτέλλιον</span> <span class='ocrx_word' id='word_1_691' title='bbox 520 4833 614 4887; x_wconf 72' lang='grc' dir='ltr'>ἐπὶ</span> <span class='ocrx_word' id='word_1_692' title='bbox 637 4834 951 4905; x_wconf 75' lang='grc' dir='ltr'>καταλλαγῇ</span> <span class='ocrx_word' id='word_1_693' title='bbox 976 4833 1245 4904; x_wconf 69' lang='grc' dir='ltr'>ἔπεμψεν.</span> <span class='ocrx_word' id='word_1_694' title='bbox 1287 4833 1376 4897; x_wconf 84' lang='grc' dir='ltr'>Ὠς</span> <span class='ocrx_word' id='word_1_695' title='bbox 1407 4833 1464 4886; x_wconf 81' lang='grc' dir='ltr'><strong>δὲ</strong></span> <span class='ocrx_word' id='word_1_696' title='bbox 1486 4834 1586 4886; x_wconf 70' lang='grc' dir='ltr'>οὐκ</span> <span class='ocrx_word' id='word_1_697' title='bbox 1617 4834 1715 4887; x_wconf 84' lang='grc' dir='ltr'><strong>ἐπε</strong></span> <span class='ocrx_word' id='word_1_698' title='bbox 1726 4833 1769 4886; x_wconf 87' lang='grc' dir='ltr'>ί-</span> 
     </span>
    </p>
   </div>
   <div class='ocr_carea' id='block_1_92' title="bbox 223 4921 1767 5000">
    <p class='ocr_par' dir='ltr' id='par_1_92' title="bbox 223 4921 1767 5000">
     <span class='ocr_line' id='line_1_92' title="bbox 223 4921 1767 5000; baseline 0.002 -25"><span class='ocrx_word' id='word_1_699' title='bbox 223 4921 346 4990; x_wconf 75' lang='grc' dir='ltr'>θετο,</span> <span class='ocrx_word' id='word_1_700' title='bbox 411 4928 755 5000; x_wconf 74' lang='grc' dir='ltr'>πρεσϐευτὰς</span> <span class='ocrx_word' id='word_1_701' title='bbox 824 4927 1114 4982; x_wconf 84' lang='grc' dir='ltr'>ἀπέστειλε</span> <span class='ocrx_word' id='word_1_702' title='bbox 1187 4927 1461 4996; x_wconf 82' lang='grc' dir='ltr'>φανερῶς.</span> <span class='ocrx_word' id='word_1_703' title='bbox 1511 4924 1651 4980; x_wconf 79' lang='grc' dir='ltr'>Οθτε</span> <span class='ocrx_word' id='word_1_704' title='bbox 1708 4924 1767 4978; x_wconf 71' lang='grc' dir='ltr'><strong>δέ</strong></span> 
     </span>
    </p>
   </div>
   <div class='ocr_carea' id='block_1_93' title="bbox 225 5015 1769 5090">
    <p class='ocr_par' dir='ltr' id='par_1_93' title="bbox 225 5015 1769 5090">
     <span class='ocr_line' id='line_1_93' title="bbox 225 5015 1769 5090; baseline -0.001 -23"><span class='ocrx_word' id='word_1_705' title='bbox 225 5017 535 5090; x_wconf 80' lang='grc' dir='ltr'>ἀπεκρίνατό</span> <span class='ocrx_word' id='word_1_706' title='bbox 573 5036 628 5072; x_wconf 88' lang='grc' dir='ltr'>τι</span> <span class='ocrx_word' id='word_1_707' title='bbox 685 5018 845 5081; x_wconf 82' lang='grc' dir='ltr'>αὐτὸς</span> <span class='ocrx_word' id='word_1_708' title='bbox 895 5015 1368 5079; x_wconf 75' lang='grc' dir='ltr'>Οὐϊτέλλιος,οθτε</span> <span class='ocrx_word' id='word_1_709' title='bbox 1421 5015 1769 5084; x_wconf 81' lang='grc' dir='ltr'>ἀντέπεμψεν</span> 
     </span>
    </p>
   </div>
   <div class='ocr_carea' id='block_1_94' title="bbox 225 5103 1768 5179">
    <p class='ocr_par' dir='ltr' id='par_1_94' title="bbox 225 5103 1768 5179">
     <span class='ocr_line' id='line_1_94' title="bbox 225 5103 1768 5179; baseline 0 -22"><span class='ocrx_word' id='word_1_710' title='bbox 225 5108 419 5173; x_wconf 75' lang='grc' dir='ltr'>αὐτούς.</span> <span class='ocrx_word' id='word_1_711' title='bbox 475 5106 607 5163; x_wconf 80' lang='grc' dir='ltr'>Εἶτα</span> <span class='ocrx_word' id='word_1_712' title='bbox 664 5107 911 5179; x_wconf 73' lang='grc' dir='ltr'>επεμψεν</span> <span class='ocrx_word' id='word_1_713' title='bbox 944 5107 1126 5161; x_wconf 83' lang='grc' dir='ltr'>Ὄθων</span> <span class='ocrx_word' id='word_1_714' title='bbox 1180 5105 1337 5177; x_wconf 80' lang='grc' dir='ltr'>ἰσχὺν</span> <span class='ocrx_word' id='word_1_715' title='bbox 1385 5105 1528 5158; x_wconf 81' lang='grc' dir='ltr'>κατά</span> <span class='ocrx_word' id='word_1_716' title='bbox 1561 5103 1667 5175; x_wconf 80' lang='grc' dir='ltr'>γῆν</span> <span class='ocrx_word' id='word_1_717' title='bbox 1707 5119 1768 5157; x_wconf 81' lang='grc' dir='ltr'>τε</span> 
     </span>
    </p>
   </div>
   <div class='ocr_carea' id='block_1_95' title="bbox 226 5195 1765 5271">
    <p class='ocr_par' dir='ltr' id='par_1_95' title="bbox 226 5195 1765 5271">
     <span class='ocr_line' id='line_1_95' title="bbox 226 5195 1765 5271; baseline -0.002 -20"><span class='ocrx_word' id='word_1_718' title='bbox 226 5200 307 5251; x_wconf 69' lang='grc' dir='ltr'><strong>καὶ</strong></span> <span class='ocrx_word' id='word_1_719' title='bbox 330 5203 464 5256; x_wconf 79' lang='grc' dir='ltr'>κατὰ</span> <span class='ocrx_word' id='word_1_720' title='bbox 480 5202 786 5267; x_wconf 86' lang='grc' dir='ltr'>θάλασσαν,</span> <span class='ocrx_word' id='word_1_721' title='bbox 840 5198 1051 5271; x_wconf 80' lang='grc' dir='ltr'>ἡττήθη</span> <span class='ocrx_word' id='word_1_722' title='bbox 1083 5199 1141 5252; x_wconf 81' lang='grc' dir='ltr'><strong>δὲ</strong></span> <span class='ocrx_word' id='word_1_723' title='bbox 1183 5198 1275 5252; x_wconf 76' lang='grc' dir='ltr'><strong>διὰ</strong></span> <span class='ocrx_word' id='word_1_724' title='bbox 1302 5196 1671 5268; x_wconf 75' lang='grc' dir='ltr'>πολυαρχίαν,</span> <span class='ocrx_word' id='word_1_725' title='bbox 1705 5195 1765 5249; x_wconf 83' lang='grc' dir='ltr'><strong>ού</strong></span> 
     </span>
    </p>
   </div>
   <div class='ocr_carea' id='block_1_96' title="bbox 227 5288 1770 5367">
    <p class='ocr_par' dir='ltr' id='par_1_96' title="bbox 227 5288 1770 5367">
     <span class='ocr_line' id='line_1_96' title="bbox 227 5288 1770 5367; baseline 0.001 -24"><span class='ocrx_word' id='word_1_726' title='bbox 227 5290 283 5344; x_wconf 77' lang='grc' dir='ltr'><strong>δι’</strong></span> <span class='ocrx_word' id='word_1_727' title='bbox 326 5295 621 5361; x_wconf 77' lang='grc' dir='ltr'>ἀσθένειαν,</span> <span class='ocrx_word' id='word_1_728' title='bbox 661 5296 768 5348; x_wconf 80' lang='grc' dir='ltr'>κάκ</span> <span class='ocrx_word' id='word_1_729' title='bbox 801 5298 900 5367; x_wconf 84' lang='grc' dir='ltr'><strong>τῆς</strong></span> <span class='ocrx_word' id='word_1_730' title='bbox 958 5295 1181 5365; x_wconf 83' lang='grc' dir='ltr'>Ῥώμης</span> <span class='ocrx_word' id='word_1_731' title='bbox 1232 5292 1290 5346; x_wconf 82' lang='grc' dir='ltr'><strong>δὲ</strong></span> <span class='ocrx_word' id='word_1_732' title='bbox 1341 5291 1639 5362; x_wconf 80' lang='grc' dir='ltr'>ἐξωρμήθη</span> <span class='ocrx_word' id='word_1_733' title='bbox 1673 5288 1770 5344; x_wconf 77' lang='grc' dir='ltr'>καὶ</span> 
     </span>
    </p>
   </div>
   <div class='ocr_carea' id='block_1_97' title="bbox 227 5384 1770 5461">
    <p class='ocr_par' dir='ltr' id='par_1_97' title="bbox 227 5384 1770 5461">
     <span class='ocr_line' id='line_1_97' title="bbox 227 5384 1770 5461; baseline -0.003 -22"><span class='ocrx_word' id='word_1_734' title='bbox 227 5388 333 5451; x_wconf 63' lang='grc' dir='ltr'>τοὺς</span> <span class='ocrx_word' id='word_1_735' title='bbox 366 5390 606 5460; x_wconf 80' lang='grc' dir='ltr'>πρώτους</span> <span class='ocrx_word' id='word_1_736' title='bbox 664 5387 922 5461; x_wconf 83' lang='grc' dir='ltr'>ἐξήγαγε.</span> <span class='ocrx_word' id='word_1_737' title='bbox 961 5388 1143 5455; x_wconf 80' lang='grc' dir='ltr'>Μέρος</span> <span class='ocrx_word' id='word_1_738' title='bbox 1173 5385 1229 5439; x_wconf 82' lang='grc' dir='ltr'>ὂέ</span> <span class='ocrx_word' id='word_1_739' title='bbox 1277 5402 1329 5438; x_wconf 89' lang='grc' dir='ltr'><strong>τι</strong></span> <span class='ocrx_word' id='word_1_740' title='bbox 1359 5386 1459 5455; x_wconf 80' lang='grc' dir='ltr'>τῆς</span> <span class='ocrx_word' id='word_1_741' title='bbox 1485 5384 1770 5453; x_wconf 83' lang='grc' dir='ltr'>δυνάμεως</span> 
     </span>
    </p>
   </div>
   <div class='ocr_carea' id='block_1_98' title="bbox 228 5472 1772 5552">
    <p class='ocr_par' dir='ltr' id='par_1_98' title="bbox 228 5472 1772 5552">
     <span class='ocr_line' id='line_1_98' title="bbox 228 5472 1772 5552; baseline -0.016 -9"><span class='ocrx_word' id='word_1_742' title='bbox 228 5478 295 5543; x_wconf 67' lang='grc' dir='ltr'><strong>τῷ</strong></span> <span class='ocrx_word' id='word_1_743' title='bbox 325 5481 539 5552; x_wconf 78' lang='grc' dir='ltr'>Πρόκλῳ</span> <span class='ocrx_word' id='word_1_744' title='bbox 562 5481 711 5546; x_wconf 79' lang='grc' dir='ltr'>δοὺς,</span> <span class='ocrx_word' id='word_1_745' title='bbox 751 5480 917 5541; x_wconf 82' lang='grc' dir='ltr'>αὐτὸς</span> <span class='ocrx_word' id='word_1_746' title='bbox 971 5477 1311 5547; x_wconf 83' lang='grc' dir='ltr'>ἀνεχώρησε,</span> <span class='ocrx_word' id='word_1_747' title='bbox 1347 5475 1530 5543; x_wconf 80' lang='grc' dir='ltr'>λέγων</span> <span class='ocrx_word' id='word_1_748' title='bbox 1564 5475 1637 5543; x_wconf 80' lang='grc' dir='ltr'>μὴ</span> <span class='ocrx_word' id='word_1_749' title='bbox 1674 5472 1772 5540; x_wconf 77' lang='grc' dir='ltr'><strong>φέ-</strong></span> 
     </span>
    </p>
   </div>
   <div class='ocr_carea' id='block_1_99' title="bbox 234 5562 1771 5641">
    <p class='ocr_par' dir='ltr' id='par_1_99' title="bbox 234 5562 1771 5641">
     <span class='ocr_line' id='line_1_99' title="bbox 234 5562 1771 5641; baseline -0.003 -24"><span class='ocrx_word' id='word_1_750' title='bbox 234 5582 331 5633; x_wconf 84' lang='grc' dir='ltr'>ρειν</span> <span class='ocrx_word' id='word_1_751' title='bbox 356 5571 528 5641; x_wconf 81' lang='grc' dir='ltr'>μάχην</span> <span class='ocrx_word' id='word_1_752' title='bbox 557 5571 769 5641; x_wconf 84' lang='grc' dir='ltr'>ἀνδρῶν</span> <span class='ocrx_word' id='word_1_753' title='bbox 803 5567 1092 5640; x_wconf 73' lang='grc' dir='ltr'>ὁμοφύλων</span> <span class='ocrx_word' id='word_1_754' title='bbox 1121 5567 1268 5619; x_wconf 75' lang='grc' dir='ltr'>ἰδεῖν.</span> <span class='ocrx_word' id='word_1_755' title='bbox 1307 5563 1471 5617; x_wconf 82' lang='grc' dir='ltr'>Ὅθεν</span> <span class='ocrx_word' id='word_1_756' title='bbox 1497 5562 1771 5631; x_wconf 81' lang='grc' dir='ltr'>μαλακίαν</span> 
     </span>
    </p>
   </div>
   <div class='ocr_carea' id='block_1_100' title="bbox 232 5654 1769 5732">
    <p class='ocr_par' dir='ltr' id='par_1_100' title="bbox 232 5654 1769 5732">
     <span class='ocr_line' id='line_1_100' title="bbox 232 5654 1769 5732; baseline -0.003 -23"><span class='ocrx_word' id='word_1_757' title='bbox 232 5661 375 5715; x_wconf 80' lang='grc' dir='ltr'>αὐτοῦ</span> <span class='ocrx_word' id='word_1_758' title='bbox 406 5665 765 5732; x_wconf 79' lang='grc' dir='ltr'>καταγνόντες</span> <span class='ocrx_word' id='word_1_759' title='bbox 787 5663 836 5715; x_wconf 89' lang='grc' dir='ltr'>οἱ</span> <span class='ocrx_word' id='word_1_760' title='bbox 856 5661 1190 5732; x_wconf 82' lang='grc' dir='ltr'>στρατιῶται</span> <span class='ocrx_word' id='word_1_761' title='bbox 1214 5656 1309 5710; x_wconf 80' lang='grc' dir='ltr'><strong>καὶ</strong></span> <span class='ocrx_word' id='word_1_762' title='bbox 1324 5658 1373 5708; x_wconf 76' lang='grc' dir='ltr'>οξ</span> <span class='ocrx_word' id='word_1_763' title='bbox 1407 5654 1769 5724; x_wconf 77' lang='grc' dir='ltr'>στρατάρχαι,</span> 
     </span>
    </p>
   </div>
   <div class='ocr_carea' id='block_1_101' title="bbox 232 5743 1772 5823">
    <p class='ocr_par' dir='ltr' id='par_1_101' title="bbox 232 5743 1772 5823">
     <span class='ocr_line' id='line_1_101' title="bbox 232 5743 1772 5823; baseline -0.004 -22"><span class='ocrx_word' id='word_1_764' title='bbox 232 5752 485 5807; x_wconf 72' lang='grc' dir='ltr'>οὺὸὲντῶν</span> <span class='ocrx_word' id='word_1_765' title='bbox 518 5747 770 5808; x_wconf 66' lang='grc' dir='ltr'>’δεόντων</span> <span class='ocrx_word' id='word_1_766' title='bbox 818 5752 1088 5823; x_wconf 70' lang='grc' dir='ltr'>ἔπραξαν,</span> <span class='ocrx_word' id='word_1_767' title='bbox 1134 5748 1251 5802; x_wconf 84' lang='grc' dir='ltr'>ἀλλ’</span> <span class='ocrx_word' id='word_1_768' title='bbox 1301 5746 1639 5816; x_wconf 80' lang='grc' dir='ltr'>ἡττήθησαν,</span> <span class='ocrx_word' id='word_1_769' title='bbox 1675 5743 1772 5796; x_wconf 78' lang='grc' dir='ltr'>καὶ</span> 
     </span>
    </p>
   </div>
   <div class='ocr_carea' id='block_1_102' title="bbox 233 5834 1772 5916">
    <p class='ocr_par' dir='ltr' id='par_1_102' title="bbox 233 5834 1772 5916">
     <span class='ocr_line' id='line_1_102' title="bbox 233 5834 1772 5916; baseline -0.006 -21"><span class='ocrx_word' id='word_1_770' title='bbox 233 5846 327 5909; x_wconf 71' lang='grc' dir='ltr'>τοῖς</span> <span class='ocrx_word' id='word_1_771' title='bbox 341 5851 425 5901; x_wconf 72' lang='grc' dir='ltr'><strong>τοῦ</strong></span> <span class='ocrx_word' id='word_1_772' title='bbox 442 5848 752 5904; x_wconf 82' lang='grc' dir='ltr'>Οὐϊτελλίου</span> <span class='ocrx_word' id='word_1_773' title='bbox 781 5840 1322 5916; x_wconf 83' lang='grc' dir='ltr'>ἐπεκηρυκεύσαντο,</span> <span class='ocrx_word' id='word_1_774' title='bbox 1346 5840 1440 5891; x_wconf 80' lang='grc' dir='ltr'>καὶ</span> <span class='ocrx_word' id='word_1_775' title='bbox 1466 5834 1772 5907; x_wconf 76' lang='grc' dir='ltr'>ἀνεμίχθη-</span> 
     </span>
    </p>
   </div>
   <div class='ocr_carea' id='block_1_103' title="bbox 1868 4642 3448 4703">
    <p class='ocr_par' dir='ltr' id='par_1_103' title="bbox 1868 4642 3448 4703">
     <span class='ocr_line' id='line_1_103' title="bbox 1868 4642 3448 4703; baseline -0.004 -1"><span class='ocrx_word' id='word_1_776' title='bbox 1868 4648 2102 4702; x_wconf 88' lang='lat' dir='ltr'><strong>hensum</strong></span> <span class='ocrx_word' id='word_1_777' title='bbox 2130 4647 2428 4703; x_wconf 82' lang='lat' dir='ltr'><strong>interfecit.</strong></span> <span class='ocrx_word' id='word_1_778' title='bbox 2461 4646 2530 4701; x_wconf 77' lang='lat' dir='ltr'><strong>At</strong></span> <span class='ocrx_word' id='word_1_779' title='bbox 2559 4645 2703 4701; x_wconf 89' lang='lat' dir='ltr'><strong>Otho</strong></span> <span class='ocrx_word' id='word_1_780' title='bbox 2733 4646 2873 4700; x_wconf 89' lang='lat' dir='ltr'><strong>clam</strong></span> <span class='ocrx_word' id='word_1_781' title='bbox 2904 4643 3108 4698; x_wconf 88' lang='lat' dir='ltr'><strong>multos</strong></span> <span class='ocrx_word' id='word_1_782' title='bbox 3150 4642 3217 4697; x_wconf 89' lang='lat' dir='ltr'><strong>ad</strong></span> <span class='ocrx_word' id='word_1_783' title='bbox 3275 4642 3448 4697; x_wconf 85' lang='lat' dir='ltr'><strong>Vitel-</strong></span> 
     </span>
    </p>
   </div>
   <div class='ocr_carea' id='block_1_104' title="bbox 1867 4730 3447 4800">
    <p class='ocr_par' dir='ltr' id='par_1_104' title="bbox 1867 4730 3447 4800">
     <span class='ocr_line' id='line_1_104' title="bbox 1867 4730 3447 4800; baseline -0.003 -10"><span class='ocrx_word' id='word_1_784' title='bbox 1867 4734 2001 4790; x_wconf 87' lang='lat' dir='ltr'><strong>lium</strong></span> <span class='ocrx_word' id='word_1_785' title='bbox 2076 4734 2541 4789; x_wconf 88' lang='lat' dir='ltr'><strong>reeonciliandum</strong></span> <span class='ocrx_word' id='word_1_786' title='bbox 2574 4772 2590 4798; x_wconf 94' lang='lat'><strong>,</strong></span> <span class='ocrx_word' id='word_1_787' title='bbox 2657 4748 2783 4788; x_wconf 89' lang='lat' dir='ltr'><strong>cum</strong></span> <span class='ocrx_word' id='word_1_788' title='bbox 2848 4731 2989 4785; x_wconf 86' lang='lat' dir='ltr'><strong>nihil</strong></span> <span class='ocrx_word' id='word_1_789' title='bbox 3044 4730 3447 4800; x_wconf 87' lang='lat' dir='ltr'><strong>impetrasset,</strong></span> 
     </span>
    </p>
   </div>
   <div class='ocr_carea' id='block_1_105' title="bbox 1867 4821 3448 4898">
    <p class='ocr_par' dir='ltr' id='par_1_105' title="bbox 1867 4821 3448 4898">
     <span class='ocr_line' id='line_1_105' title="bbox 1867 4821 3448 4898; baseline -0.003 -18"><span class='ocrx_word' id='word_1_790' title='bbox 1867 4834 2057 4897; x_wconf 87' lang='lat' dir='ltr'><strong>aperte</strong></span> <span class='ocrx_word' id='word_1_791' title='bbox 2102 4827 2314 4898; x_wconf 71' lang='lat' dir='ltr'><strong>legatos</strong></span> <span class='ocrx_word' id='word_1_792' title='bbox 2375 4827 2543 4880; x_wconf 86' lang='lat' dir='ltr'><strong>misit.</strong></span> <span class='ocrx_word' id='word_1_793' title='bbox 2605 4823 2753 4890; x_wconf 88' lang='lat' dir='ltr'><strong>Quos</strong></span> <span class='ocrx_word' id='word_1_794' title='bbox 2802 4837 2926 4877; x_wconf 92' lang='lat' dir='ltr'><strong>cum</strong></span> <span class='ocrx_word' id='word_1_795' title='bbox 2990 4821 3243 4877; x_wconf 79' lang='lat' dir='ltr'><strong>Vitellius</strong></span> <span class='ocrx_word' id='word_1_796' title='bbox 3294 4822 3448 4876; x_wconf 88' lang='lat' dir='ltr'><strong>nullo</strong></span> 
     </span>
    </p>
   </div>
   <div class='ocr_carea' id='block_1_106' title="bbox 1870 4912 3443 4990">
    <p class='ocr_par' dir='ltr' id='par_1_106' title="bbox 1870 4912 3443 4990">
     <span class='ocr_line' id='line_1_106' title="bbox 1870 4912 3443 4990; baseline -0.006 -14"><span class='ocrx_word' id='word_1_797' title='bbox 1870 4933 2135 4990; x_wconf 88' lang='lat' dir='ltr'><strong>responso</strong></span> <span class='ocrx_word' id='word_1_798' title='bbox 2166 4918 2423 4989; x_wconf 80' lang='lat' dir='ltr'><strong>dignatus</strong></span> <span class='ocrx_word' id='word_1_799' title='bbox 2447 4927 2615 4981; x_wconf 80' lang='lat' dir='ltr'><strong>esset,</strong></span> <span class='ocrx_word' id='word_1_800' title='bbox 2644 4925 2816 4985; x_wconf 89' lang='lat' dir='ltr'><strong>atque</strong></span> <span class='ocrx_word' id='word_1_801' title='bbox 2864 4913 3029 4969; x_wconf 88' lang='lat' dir='ltr'><strong>etiam</strong></span> <span class='ocrx_word' id='word_1_802' title='bbox 3078 4912 3398 4968; x_wconf 84' lang='lat' dir='ltr'><strong>retinuisset</strong></span> <span class='ocrx_word' id='word_1_803' title='bbox 3427 4930 3443 4967; x_wconf 87' lang='lat'><strong>:</strong></span> 
     </span>
    </p>
   </div>
   <div class='ocr_carea' id='block_1_107' title="bbox 1871 5005 3448 5081">
    <p class='ocr_par' dir='ltr' id='par_1_107' title="bbox 1871 5005 3448 5081">
     <span class='ocr_line' id='line_1_107' title="bbox 1871 5005 3448 5081; baseline -0.003 -14"><span class='ocrx_word' id='word_1_804' title='bbox 1871 5012 2047 5081; x_wconf 87' lang='lat' dir='ltr'><strong>copiis</strong></span> <span class='ocrx_word' id='word_1_805' title='bbox 2079 5021 2225 5066; x_wconf 89' lang='lat' dir='ltr'><strong>terra</strong></span> <span class='ocrx_word' id='word_1_806' title='bbox 2254 5010 2502 5079; x_wconf 87' lang='lat' dir='ltr'><strong>marique</strong></span> <span class='ocrx_word' id='word_1_807' title='bbox 2532 5006 2694 5080; x_wconf 80' lang='lat'><strong>573</strong></span> <span class='ocrx_word' id='word_1_808' title='bbox 2728 5005 2910 5061; x_wconf 87' lang='lat' dir='ltr'><strong>missis</strong></span> <span class='ocrx_word' id='word_1_809' title='bbox 2933 5046 2949 5071; x_wconf 95' lang='lat'><strong>,</strong></span> <span class='ocrx_word' id='word_1_810' title='bbox 2997 5021 3106 5060; x_wconf 90' lang='lat' dir='ltr'><strong>non</strong></span> <span class='ocrx_word' id='word_1_811' title='bbox 3156 5020 3223 5061; x_wconf 75' lang='lat' dir='ltr'><strong>ex</strong></span> <span class='ocrx_word' id='word_1_812' title='bbox 3272 5005 3448 5062; x_wconf 85' lang='lat' dir='ltr'><strong>imbe-</strong></span> 
     </span>
    </p>
   </div>
   <div class='ocr_carea' id='block_1_108' title="bbox 1869 5096 3444 5171">
    <p class='ocr_par' dir='ltr' id='par_1_108' title="bbox 1869 5096 3444 5171">
     <span class='ocr_line' id='line_1_108' title="bbox 1869 5096 3444 5171; baseline -0.005 -11"><span class='ocrx_word' id='word_1_813' title='bbox 1869 5104 2117 5167; x_wconf 87' lang='lat' dir='ltr'><strong>cillitate,</strong></span> <span class='ocrx_word' id='word_1_814' title='bbox 2149 5101 2247 5158; x_wconf 88' lang='lat' dir='ltr'><strong>sed</strong></span> <span class='ocrx_word' id='word_1_815' title='bbox 2286 5109 2510 5171; x_wconf 86' lang='lat' dir='ltr'><strong>propter</strong></span> <span class='ocrx_word' id='word_1_816' title='bbox 2534 5100 2735 5153; x_wconf 89' lang='lat' dir='ltr'><strong>ducum</strong></span> <span class='ocrx_word' id='word_1_817' title='bbox 2791 5096 3207 5153; x_wconf 88' lang='lat' dir='ltr'><strong>multitudinem</strong></span> <span class='ocrx_word' id='word_1_818' title='bbox 3242 5098 3444 5161; x_wconf 84' lang='lat' dir='ltr'><strong>victus,</strong></span> 
     </span>
    </p>
   </div>
   <div class='ocr_carea' id='block_1_109' title="bbox 1871 5187 3446 5267">
    <p class='ocr_par' dir='ltr' id='par_1_109' title="bbox 1871 5187 3446 5267">
     <span class='ocr_line' id='line_1_109' title="bbox 1871 5187 3446 5267; baseline -0.004 -16"><span class='ocrx_word' id='word_1_819' title='bbox 1871 5196 1988 5267; x_wconf 89' lang='lat' dir='ltr'><strong>ipse</strong></span> <span class='ocrx_word' id='word_1_820' title='bbox 2018 5195 2191 5249; x_wconf 81' lang='lat' dir='ltr'><strong>Roma</strong></span> <span class='ocrx_word' id='word_1_821' title='bbox 2221 5207 2347 5248; x_wconf 90' lang='lat' dir='ltr'><strong>cum</strong></span> <span class='ocrx_word' id='word_1_822' title='bbox 2382 5191 2717 5264; x_wconf 88' lang='lat' dir='ltr'><strong>primoribus</strong></span> <span class='ocrx_word' id='word_1_823' title='bbox 2738 5204 2992 5262; x_wconf 76' lang='lat' dir='ltr'><strong>egressus</strong></span> <span class='ocrx_word' id='word_1_824' title='bbox 3024 5199 3111 5245; x_wconf 89' lang='lat' dir='ltr'><strong>est</strong></span> <span class='ocrx_word' id='word_1_825' title='bbox 3139 5187 3165 5245; x_wconf 73' lang='grc' dir='ltr'>τ’</span> <span class='ocrx_word' id='word_1_826' title='bbox 3195 5199 3252 5245; x_wconf 90' lang='lat' dir='ltr'><strong>et</strong></span> <span class='ocrx_word' id='word_1_827' title='bbox 3289 5199 3446 5258; x_wconf 82' lang='lat' dir='ltr'><strong>parte</strong></span> 
     </span>
    </p>
   </div>
   <div class='ocr_carea' id='block_1_110' title="bbox 1870 5278 3445 5350">
    <p class='ocr_par' dir='ltr' id='par_1_110' title="bbox 1870 5278 3445 5350">
     <span class='ocr_line' id='line_1_110' title="bbox 1870 5278 3445 5350; baseline -0.006 -9"><span class='ocrx_word' id='word_1_828' title='bbox 1870 5286 2105 5342; x_wconf 88' lang='lat' dir='ltr'><strong>militum</strong></span> <span class='ocrx_word' id='word_1_829' title='bbox 2128 5284 2326 5338; x_wconf 88' lang='lat' dir='ltr'><strong>Proclo</strong></span> <span class='ocrx_word' id='word_1_830' title='bbox 2363 5284 2509 5347; x_wconf 87' lang='lat' dir='ltr'><strong>data,</strong></span> <span class='ocrx_word' id='word_1_831' title='bbox 2548 5281 2814 5346; x_wconf 87' lang='lat' dir='ltr'><strong>recessit,</strong></span> <span class='ocrx_word' id='word_1_832' title='bbox 2841 5294 2900 5335; x_wconf 89' lang='lat' dir='ltr'><strong>se</strong></span> <span class='ocrx_word' id='word_1_833' title='bbox 2948 5294 3184 5350; x_wconf 79' lang='lat' dir='ltr'><strong>pugnam</strong></span> <span class='ocrx_word' id='word_1_834' title='bbox 3242 5278 3445 5332; x_wconf 84' lang='lat' dir='ltr'><strong>civium</strong></span> 
     </span>
    </p>
   </div>
   <div class='ocr_carea' id='block_1_111' title="bbox 1870 5369 3442 5444">
    <p class='ocr_par' dir='ltr' id='par_1_111' title="bbox 1870 5369 3442 5444">
     <span class='ocr_line' id='line_1_111' title="bbox 1870 5369 3442 5444; baseline -0.008 -10"><span class='ocrx_word' id='word_1_835' title='bbox 1870 5382 2020 5435; x_wconf 88' lang='lat' dir='ltr'><strong>inter</strong></span> <span class='ocrx_word' id='word_1_836' title='bbox 2046 5391 2104 5432; x_wconf 89' lang='lat' dir='ltr'><strong>se</strong></span> <span class='ocrx_word' id='word_1_837' title='bbox 2136 5376 2322 5429; x_wconf 87' lang='lat' dir='ltr'><strong>videre</strong></span> <span class='ocrx_word' id='word_1_838' title='bbox 2354 5370 2511 5444; x_wconf 73' lang='lat' dir='ltr'><strong>posSe</strong></span> <span class='ocrx_word' id='word_1_839' title='bbox 2540 5386 2769 5443; x_wconf 58' lang='lat' dir='ltr'><strong>negans.</strong></span> <span class='ocrx_word' id='word_1_840' title='bbox 2802 5371 2994 5436; x_wconf 76' lang='lat' dir='ltr'><strong>Itaque</strong></span> <span class='ocrx_word' id='word_1_841' title='bbox 3025 5370 3225 5424; x_wconf 88' lang='lat' dir='ltr'><strong>milites</strong></span> <span class='ocrx_word' id='word_1_842' title='bbox 3250 5378 3308 5423; x_wconf 91' lang='lat' dir='ltr'><strong>et</strong></span> <span class='ocrx_word' id='word_1_843' title='bbox 3333 5369 3442 5422; x_wconf 87' lang='lat' dir='ltr'><strong>du-</strong></span> 
     </span>
    </p>
   </div>
   <div class='ocr_carea' id='block_1_112' title="bbox 1870 5458 3448 5540">
    <p class='ocr_par' dir='ltr' id='par_1_112' title="bbox 1870 5458 3448 5540">
     <span class='ocr_line' id='line_1_112' title="bbox 1870 5458 3448 5540; baseline -0.006 -17"><span class='ocrx_word' id='word_1_844' title='bbox 1870 5485 1963 5525; x_wconf 86' lang='lat' dir='ltr'><strong>ces</strong></span> <span class='ocrx_word' id='word_1_845' title='bbox 1995 5468 2261 5540; x_wconf 81' lang='lat' dir='ltr'><strong>ignaviam</strong></span> <span class='ocrx_word' id='word_1_846' title='bbox 2292 5468 2410 5537; x_wconf 79' lang='lat' dir='ltr'><strong>ejus</strong></span> <span class='ocrx_word' id='word_1_847' title='bbox 2442 5466 2682 5534; x_wconf 69' lang='lat' dir='ltr'><strong>pertaesi,</strong></span> <span class='ocrx_word' id='word_1_848' title='bbox 2719 5480 2779 5519; x_wconf 85' lang='lat' dir='ltr'><strong>re</strong></span> <span class='ocrx_word' id='word_1_849' title='bbox 2842 5464 2982 5517; x_wconf 87' lang='lat' dir='ltr'><strong>male</strong></span> <span class='ocrx_word' id='word_1_850' title='bbox 3016 5471 3190 5528; x_wconf 69' lang='lat' dir='ltr'><strong>gesta,</strong></span> <span class='ocrx_word' id='word_1_851' title='bbox 3240 5461 3306 5514; x_wconf 87' lang='lat' dir='ltr'><strong>ad</strong></span> <span class='ocrx_word' id='word_1_852' title='bbox 3351 5458 3448 5515; x_wconf 79' lang='lat' dir='ltr'><strong>Vi-</strong></span> 
     </span>
    </p>
   </div>
   <div class='ocr_carea' id='block_1_113' title="bbox 1874 5551 3447 5624">
    <p class='ocr_par' dir='ltr' id='par_1_113' title="bbox 1874 5551 3447 5624">
     <span class='ocr_line' id='line_1_113' title="bbox 1874 5551 3447 5624; baseline -0.007 -8"><span class='ocrx_word' id='word_1_853' title='bbox 1874 5562 2127 5616; x_wconf 82' lang='lat' dir='ltr'><strong>tellianos</strong></span> <span class='ocrx_word' id='word_1_854' title='bbox 2184 5558 2522 5613; x_wconf 82' lang='lat' dir='ltr'><strong>defecerunt.</strong></span> <span class='ocrx_word' id='word_1_855' title='bbox 2591 5558 2744 5624; x_wconf 84' lang='lat' dir='ltr'><strong>Quod</strong></span> <span class='ocrx_word' id='word_1_856' title='bbox 2802 5570 2928 5611; x_wconf 89' lang='lat' dir='ltr'><strong>cum</strong></span> <span class='ocrx_word' id='word_1_857' title='bbox 2982 5570 3155 5623; x_wconf 79' lang='lat' dir='ltr'><strong>eques</strong></span> <span class='ocrx_word' id='word_1_858' title='bbox 3220 5551 3447 5622; x_wconf 87' lang='lat' dir='ltr'><strong>quidam</strong></span> 
     </span>
    </p>
   </div>
   <div class='ocr_carea' id='block_1_114' title="bbox 1871 5642 3446 5718">
    <p class='ocr_par' dir='ltr' id='par_1_114' title="bbox 1871 5642 3446 5718">
     <span class='ocr_line' id='line_1_114' title="bbox 1871 5642 3446 5718; baseline -0.008 -10"><span class='ocrx_word' id='word_1_859' title='bbox 1871 5651 2075 5708; x_wconf 86' lang='lat' dir='ltr'><strong>Othoni</strong></span> <span class='ocrx_word' id='word_1_860' title='bbox 2110 5650 2439 5713; x_wconf 84' lang='lat' dir='ltr'><strong>nuntiasset,</strong></span> <span class='ocrx_word' id='word_1_861' title='bbox 2463 5659 2628 5718; x_wconf 86' lang='lat' dir='ltr'><strong>atque</strong></span> <span class='ocrx_word' id='word_1_862' title='bbox 2658 5649 2704 5702; x_wconf 86' lang='lat' dir='ltr'><strong>is</strong></span> <span class='ocrx_word' id='word_1_863' title='bbox 2735 5661 2841 5700; x_wconf 87' lang='lat' dir='ltr'><strong>non</strong></span> <span class='ocrx_word' id='word_1_864' title='bbox 2876 5645 3130 5700; x_wconf 86' lang='lat' dir='ltr'><strong>crederet</strong></span> <span class='ocrx_word' id='word_1_865' title='bbox 3158 5660 3171 5696; x_wconf 89' lang='lat'><strong>:</strong></span> <span class='ocrx_word' id='word_1_866' title='bbox 3208 5642 3446 5706; x_wconf 80' lang='lat' dir='ltr'><strong>Utinam,</strong></span> 
     </span>
    </p>
   </div>
   <div class='ocr_carea' id='block_1_115' title="bbox 1875 5734 3446 5812">
    <p class='ocr_par' dir='ltr' id='par_1_115' title="bbox 1875 5734 3446 5812">
     <span class='ocr_line' id='line_1_115' title="bbox 1875 5734 3446 5812; baseline -0.006 -16"><span class='ocrx_word' id='word_1_867' title='bbox 1875 5743 2074 5812; x_wconf 81' lang='lat' dir='ltr'><strong>inquit,</strong></span> <span class='ocrx_word' id='word_1_868' title='bbox 2109 5741 2308 5804; x_wconf 70' lang='lat' dir='ltr'><strong>Ca&#39;sar,</strong></span> <span class='ocrx_word' id='word_1_869' title='bbox 2344 5742 2454 5794; x_wconf 78' lang='lat' dir='ltr'><strong>[uec</strong></span> <span class='ocrx_word' id='word_1_870' title='bbox 2488 5739 2626 5809; x_wconf 74' lang='lat' dir='ltr'><strong>falsa</strong></span> <span class='ocrx_word' id='word_1_871' title='bbox 2653 5748 2858 5802; x_wconf 75' lang='lat' dir='ltr'><strong>essent,</strong></span> <span class='ocrx_word' id='word_1_872' title='bbox 2907 5752 3076 5805; x_wconf 83' lang='lat' dir='ltr'><strong>seque</strong></span> <span class='ocrx_word' id='word_1_873' title='bbox 3120 5734 3302 5790; x_wconf 66' lang='lat' dir='ltr'><strong>staziln</strong></span> <span class='ocrx_word' id='word_1_874' title='bbox 3358 5736 3446 5787; x_wconf 89' lang='lat' dir='ltr'><strong>in-</strong></span> 
     </span>
    </p>
   </div>
   <div class='ocr_carea' id='block_1_116' title="bbox 1880 5820 3448 5897">
    <p class='ocr_par' dir='ltr' id='par_1_116' title="bbox 1880 5820 3448 5897">
     <span class='ocr_line' id='line_1_116' title="bbox 1880 5820 3448 5897; baseline -0.008 -7"><span class='ocrx_word' id='word_1_875' title='bbox 1880 5834 2114 5891; x_wconf 78' lang='lat' dir='ltr'><strong>terfecit.</strong></span> <span class='ocrx_word' id='word_1_876' title='bbox 2146 5832 2353 5887; x_wconf 85' lang='lat' dir='ltr'><strong>Deinde</strong></span> <span class='ocrx_word' id='word_1_877' title='bbox 2381 5820 2505 5886; x_wconf 87' lang='lat' dir='ltr'><strong>eum</strong></span> <span class='ocrx_word' id='word_1_878' title='bbox 2529 5845 2721 5884; x_wconf 88' lang='lat' dir='ltr'><strong>omnes</strong></span> <span class='ocrx_word' id='word_1_879' title='bbox 2743 5829 2810 5883; x_wconf 89' lang='lat' dir='ltr'><strong>de</strong></span> <span class='ocrx_word' id='word_1_880' title='bbox 2866 5841 3060 5897; x_wconf 78' lang='lat' dir='ltr'><strong>pugnae</strong></span> <span class='ocrx_word' id='word_1_881' title='bbox 3100 5838 3298 5882; x_wconf 78' lang='lat' dir='ltr'><strong>eventu</strong></span> <span class='ocrx_word' id='word_1_882' title='bbox 3336 5841 3448 5880; x_wconf 88' lang='lat' dir='ltr'><strong>non</strong></span> 
     </span>
    </p>
   </div>
  </div>
