3756 6544
133 430 210 491 ιιι
1271 415 1681 476 ANNALIUM

1725 416 1873 478 LIB.
1929 417 2039 477 x1.
3191 427 3307 497 mo

129 567 192 610 τις
239 540 339 595 καθ’
387 536 599 589 ἕκαστον
655 529 836 585 αὐτῶν
879 529 1210 598 καταλέγοις
1263 532 1426 584 ὁπότε
1485 531 1612 602 πρδς

1857 534 2080 598 millies,
2131 535 2385 598 centies,
2438 535 2802 606 quinquagies
2857 546 3087 595 centena
3134 544 3302 600 millia

133 639 306 692 πάντων
340 627 664 698 ὡμολόγηται
753 623 848 677 δύο
902 623 1167 694 μυριάδας
1221 623 1497 694 μυριάδων
1534 625 1626 676 καὶ

127 729 268 802 χιλίας
293 717 634 779 παντακοσίας
657 715 734 786 (6)
755 719 813 768 ἐν
833 715 911 788 τῷ
928 716 1026 784 τῆς
1046 716 1220 786 ἀρχῆς
1246 715 1410 768 αὑτοῦ
1449 715 1627 787 χρόνῳ

124 824 166 878 ἐς
190 819 240 870 τὰ
263 815 438 867 δεῖπνα
469 807 628 862 αὐτὸν
659 805 1117 876 δεδαπανηκέναι.
1167 805 1430 867 Πολλάκις
1455 807 1509 858 δέ
1535 807 1628 858 καὶ

123 908 221 980 παρ’
241 907 394 968 ἄλλοις
427 902 676 962 εἱστιᾶτο,
711 901 806 954 xal
848 900 946 970 τῆς
996 899 1166 985 αὐτῆς
1224 899 1440 970 ἡμέρας
1475 898 1625 953 ἄλλοι

122 1003 195 1072 μὲν
221 994 585 1067 ἀκρατίσασθαι
625 993 886 1062 παρεῖχον
927 990 1098 1061 αὐτῷ,
1121 990 1272 1045 ἄλλοι
1317 991 1374 1044 δέ
1399 989 1626 1061 ἀριστῆ-

120 1114 201 1156 est,
240 1093 394 1159 ἐτεροι
424 1087 476 1140 δὲ
501 1087 735 1151 δεῖπνον,
764 1086 858 1138 καὶ
906 1083 1084 1154 ἐτεροι
1125 1083 1463 1153 μεταδόρπιά
1504 1102 1626 1136 τινα

117 1182 376 1254 πλησμονῆς
411 1177 750 1248 παραμύθια.
786 1176 943 1230 Οὔτοι
971 1177 1028 1231 δὲ
1065 1176 1238 1247 βιοὺς,
1272 1176 1374 1229 οὐκ
1399 1176 1626 1246 ἄμοιρος

113 1275 162 1349 ἦν
217 1272 506 1325 παντάπασι
557 1269 654 1322 καὶ
703 1268 886 1322 καλῶν
942 1268 1141 1339 ἔργων.
1188 1268 1262 1320 To'
1293 1284 1353 1320 τε
1391 1267 1501 1338 γὰρ
1533 1267 1626 1319 ἐπὶ

111 1369 329 1435 Νέρωνος,
360 1364 446 1414 καὶ
477 1361 534 1415 τδ
559 1361 650 1414 ἐπὶ
690 1360 920 1422 Γάλϐου,
953 1359 1049 1414 τοῦ
1085 1377 1145 1412 τε
1184 1359 1429 1423 Ὄθωνος
1455 1359 1625 1413 κοπέν

110 1456 304 1524 νόμισμα
350 1453 630 1521 ἐτήρησεν,
694 1451 797 1504 οὐκ
862 1451 1190 1518 ἀγανακτῶν
1241 1452 1365 1513 ταῖς
1417 1449 1623 1502 εἰκόσιν

109 1548 249 1600 αὐτῶν
273 1563 285 1576 ο
315 1545 402 1596 καὶ
427 1545 525 1596 ὅσα
545 1543 687 1596 τισὶν
721 1541 1076 1614 ἐδεδώρηντο,
1127 1539 1382 1610 ἐφύλαξε,
1418 1539 1624 1612 μηδένα

110 1640 235 1710 μηδὲν
261 1635 593 1706 ἀφελόμενος.
634 1637 745 1690 Καὶ
773 1634 898 1689 οὔτε
961 1634 1030 1688 τὰ
1060 1636 1123 1687 ἐκ
1152 1634 1260 1687 τῶν
1299 1631 1622 1686 συντελειῶν

110 1729 430 1800 ἀποφληθέντα
473 1727 779 1799 ἀπῄτησεν,
821 1727 947 1781 οὔτε
999 1727 1190 1781 οὐσίαν
1220 1725 1362 1788 τινὸς
1393 1725 1624 1797 ἐδήμευ-

111 1842 191 1887 σεν,
212 1823 404 1890 ὀλίγους
455 1821 553 1890 μὲν
584 1819 727 1872 πάνυ
757 1820 866 1873 τῶν
901 1819 971 1873 τά
1003 1819 1246 1881 Ὄθωνος
1295 1817 1622 1887 πραξάντων

111 1913 400 1976 ἀποκτείνας,
446 1911 579 1981 μηδέ
629 1910 728 1974 τὰς
773 1909 999 1963 ἐκείνων
1046 1908 1230 1978 μέντοι
1278 1905 1468 1970 οὐσίας
1495 1906 1620 1970 τοὺς

107 2006 426 2076 προσήκοντας
476 2003 628 2071 σφῶν
677 2003 1090 2074 ἀποστερήσας.
1120 2002 1229 2056 Καὶ
1258 2003 1372 2065 τοῖς
1399 1999 1621 2062 οἰκείοις

103 2097 144 2152 δὲ
187 2097 277 2150 τῶν
326 2095 587 2166 πρότερόν
637 2112 769 2148 ποτε
801 2093 1226 2148 θανατωθέντων
1297 2093 1620 2161 ἐδωρήσατο

107 2192 239 2242 πάντα
264 2190 352 2241 ὅσα
381 2189 436 2240 ἐν
472 2171 551 2258 τῷ
596 2187 841 2257 δημοσίῳ
899 2185 1155 2257 εὕρηντο.
1199 2183 1342 2237 Ἀλλ’
1369 2184 1491 2237 οὐδὲ
1521 2186 1620 2246 τὰς

102 2280 309 2349 διαθήκας
328 2279 428 2332 τῶν
471 2277 1027 2349 ἀντιπολεμησάντων
1085 2274 1236 2344 αὐτῷ
1283 2276 1377 2329 καὶ
1417 2275 1474 2327 ἐν
1499 2275 1618 2334 ταῖς

102 2373 258 2442 μάχαις
286 2371 545 2424 πεσόντων
572 2372 835 2443 ᾐτιάσατο
872 2387 886 2402 ·
917 2369 1264 2439 ἀπηγόρευσε
1296 2367 1352 2420 δὲ
1384 2368 1479 2421 καὶ
1505 2370 1617 2428 τοῖς

101 2463 374 2532 βουλευταῖς,
408 2465 501 2516 καὶ
536 2467 648 2528 τοῖς
681 2464 910 2515 ἱππεῦσι
951 2462 1282 2533 μονομαχεῖν
1312 2459 1345 2531 ἢ
1371 2459 1429 2510 ἐν
1451 2459 1618 2531 ὀρχή-

99 2566 200 2620 στρᾳ
225 2551 338 2605 θέαν
369 2554 488 2605 τινα
529 2555 859 2622 παρασχεῖν.
881 2551 990 2604 Καὶ
1016 2549 1106 2603 διά
1133 2549 1307 2602 ταῦτα
1342 2550 1614 2619 ἐπῃνεῖτο.

105 2645 198 2696 Ἐπὶ
222 2642 407 2702 τούτοις
453 2643 702 2714 ἠγγέλθη
749 2641 898 2713 αὐτῷ
929 2644 963 2713 ὴ
1003 2643 1061 2694 ἐν
1105 2641 1339 2712 Ἰουδαία
1370 2640 1490 2694 κατ’
1519 2639 1616 2692 αὐ-

97 2734 164 2786 τοῦ
205 2735 582 2798 ἐπανάστασις.
641 2734 749 2788 Καὶ
796 2734 986 2795 δεινῶς
1035 2733 1317 2786 κατέδεισε
1341 2731 1409 2784 δι’
1447 2729 1617 2800 αὐτὴν

96 2826 229 2878 ἄλλων
251 2844 300 2878 τε
318 2826 640 2896 συμϐάντων
670 2827 931 2895 σημείων,
957 2825 1161 2893 κάὶξτῆς
1185 2823 1416 2895 σελήνης
1467 2823 1616 2891 παρά

98 2917 142 2969 τὸ
164 2918 461 2992 καθεστηκὸς
488 2919 576 2982 δίς
602 2917 973 2972 ἐκλελοιπέναι
1002 2916 1374 2986 δοξάσης.Καὶ
1402 2916 1508 2986 γὰρ
1525 2933 1616 2968 τε-

95 3009 278 3079 ταρταὶα
305 3012 392 3062 καὶ
426 3010 695 3081 ἐϐδομαία
725 3010 993 3078 ἐσκιάσθη
1016 3024 1030 3039 ·
1058 3009 1243 3080 ἡλίους
1264 3025 1323 3060 τε
1351 3008 1470 3076 ἅμα
1495 3009 1615 3060 τότε

95 3099 198 3155 εἶδον
221 3103 274 3156 ἐκ
300 3122 354 3158 τε
395 3104 510 3158 τῶν
553 3105 830 3158 ἀνατολῶν
880 3105 974 3159 καὶ
1001 3104 1067 3157 ἐκ
1100 3103 1209 3156 τῶν
1239 3103 1485 3174 δυσμῶν,
1524 3102 1617 3154 τὸν

97 3190 171 3258 μὲν
189 3192 365 3263 ἀσθενῆ
388 3195 478 3248 καὶ
510 3195 712 3266 ὠχρὸν,
758 3193 850 3248 τὸν
900 3193 944 3246 δ’
971 3193 1031 3260 ἐξ
1057 3193 1335 3247 ἀνατολῶν
1369 3193 1613 3263 ἰσχυρόν.
1644 3227 1687 3284 c

104 3286 330 3360 Ἐπράχθη
359 3289 412 3344 δὲ
444 3291 522 3344 τὰ
540 3294 638 3361 τῆς
671 3289 1098 3353 ἐπαναστάσεως
1125 3285 1243 3342 ὦδε.
1273 3292 1614 3342 Οὐεσπασια-

96 3379 158 3441 νὸς
191 3381 238 3430 ἐν
280 3381 507 3454 Ἰουδαίᾳ
560 3382 875 3450 διατρίϐων,
903 3381 1000 3452 (ὡς
1043 3381 1150 3451 γὰρ
1177 3381 1280 3450 ήδη
1309 3378 1612 3450 ἱστόρηται,

93 3471 204 3538 παρὰ
238 3472 477 3543 Νέρωνος
518 3470 586 3545 ἦν
615 3476 791 3526 ἐκεῖσε
838 3471 1050 3535 σταλεὶς
1095 3470 1182 3524 διὰ
1205 3471 1301 3539 τὴν
1336 3468 1444 3522 τῶν
1480 3471 1615 3521 Ἰουο

92 3559 216 3617 δαίων
243 3566 599 3633 ἀποστασίαν)
623 3563 702 3636 τῷ
747 3564 846 3634 μὲν
873 3563 1054 3633 Γάλϐα
1083 3562 1490 3634 αὖταρχήσαντι
1523 3562 1616 3614 τὸν

90 3655 172 3706 υἱδν
213 3655 410 3726 ἔπεμψε
460 3658 624 3709 Τῖτον
676 3654 1051 3727 προσεροῦντα
1103 3655 1266 3707 αὐτόν
1309 3670 1322 3684 ·
1382 3653 1615 3706 ἐπανελ-

91 3748 232 3810 θόντος
255 3749 306 3802 δέ
334 3749 426 3802 τοῦ
447 3750 637 3813 Τίτου,
679 3749 803 3802 ἐπεὶ
834 3749 956 3801 καθ’
986 3747 1104 3801 όδὸν
1137 3745 1482 3817 ἐμεμαθήκει
1516 3744 1614 3814 τὴν

87 3841 156 3891 τοῦ
186 3841 477 3894 Οὐῐτελλίου
509 3843 601 3894 καὶ
648 3840 742 3894 τοῦ
778 3841 1020 3903 Ὄθωνος
1051 3841 1444 3902 ἐπανάστασιν,
1480 3838 1614 3909 πρὶς

91 3935 340 4003 μοναρχίαν
368 3937 463 3988 καὶ
503 3934 672 3996 αὐτὸς
699 3933 935 4004 ὡρμήθη
989 3932 1130 3986 κατά
1173 3933 1265 3984 τὸν
1298 3932 1494 3984 Δίωνα.
1525 3931 1615 3993 Ὠς

88 4023 164 4075 δ’ὁ
199 4027 442 4096 Ἰώσηπος
471 4030 536 4080 ἐν
570 4030 635 4098 τῇ
665 4027 762 4098 τῆς
793 4026 1052 4089 ἁλώσεως
1094 4025 1303 4096 ἱστορίᾳ
1337 4025 1526 4096 φησὶν,
1565 4025 1618 4077 οἱ

88 4115 175 4180 μετ’
200 4119 351 4171 αὖτοῦ
412 4119 777 4190 στρατιῶται,
845 4117 1109 4190 μαθόντες
1145 4118 1274 4179 τοὺς
1315 4117 1414 4186 μέν
1460 4118 1518 4168 ἐν
1546 4117 1612 4185 τῇ

85 4205 274 4280 Εὲρὼπη
303 4211 560 4275 Γαλάτας
613 4211 1018 4271 στασιάσαντας
1071 4207 1284 4262 Γάλϐαν
1334 4208 1614 4280 προχειρί-

85 4299 238 4353 σασθαι
269 4302 670 4374 αὐτοκράτορα,
697 4304 824 4366 τοὺς
849 4301 894 4354 δ’
927 4304 984 4354 ἐν
1010 4301 1290 4372 Γερμανίᾳ
1321 4316 1614 4370 στρατευο-

85 4390 236 4456 μένους
285 4393 618 4447 ἀνθελέσθαι
674 4395 765 4448 τὸν
810 4395 1138 4460 Οὐϊτέλλιον,
1192 4395 1317 4458 τοὺς
1349 4395 1395 4448 δ’
1441 4395 1500 4446 ἐν
1545 4395 1612 4463 τῇ

88 4480 238 4555 Ῥώμῃ
277 4484 730 4556 προχειρίσασθαι
754 4485 991 4547 Ὄθωνα,
1023 4486 1116 4538 καὶ
1146 4484 1299 4537 αὐτοὶ
1332 4485 1432 4554 τὴν
1481 4502 1614 4554 μον-

1732 622 2117 678 drachmarum
2163 624 2219 678 in
2265 638 2452 679 emnas
2514 624 2894 696 insumpsisse.
2957 628 3109 701 δεῖρε
3139 635 3303 690 etiam

1729 715 1875 782 apud
1920 715 2056 770 alios
2092 716 2418 772 convivatus
2450 727 2534 772 est
2563 737 2574 771 :
2617 719 2922 789 eodemque
2967 721 3056 777 die
3087 724 3228 780 alius
3253 729 3306 782 ei

1723 803 2089 873 jentaculum,
2132 806 2274 860 alius
2324 807 2636 876 prandium,
2680 809 2823 862 alius
2879 825 3115 876 caenam,
3165 815 3308 871 alius

1729 894 1956 950 bellaria
1987 907 2110 966 post
2147 913 2383 960 ccenam,
2414 898 2481 952 ad
2511 899 2822 954 leniendam
2853 903 3136 971 crapulam
3165 920 3307 976 pra:-

1729 989 1989 1044 buerunt.
2029 991 2174 1045 Inter
2204 992 2321 1047 haec
2343 993 2475 1046 vitia
2506 993 2738 1048 virtutes
2769 993 2817 1049 ei
2846 1010 2954 1048 non
2987 994 3305 1052 defuerunt.

1727 1080 2007 1134 Monetam
2039 1083 2186 1135 enim
2215 1083 2317 1138 sub
2345 1083 2584 1149 Nerone,
2625 1085 2818 1149 Galba,
2847 1085 3061 1142 Othone
3083 1097 3308 1158 percus-

1727 1187 1842 1228 sam
1880 1173 2131 1236 retinuit,
2161 1176 2494 1246 imaginibus
2529 1193 2718 1232 eorum
2751 1178 2887 1232 nihil
2919 1178 3201 1234 oﬂvnsus:
3250 1191 3309 1234 et

1726 1279 1848 1333 quae
1877 1265 2160 1334 aliquibus
2186 1266 2386 1320 donata
2431 1267 2669 1333 fuerant,
2721 1268 2904 1322 omnia
2943 1277 3060 1323 rata
3090 1270 3304 1334 habuit,

1728 1370 1907 1424 neque
1940 1355 2196 1424 cuiquam
2251 1357 2554 1427 quidquam
2598 1358 2828 1428 eripuit.
2864 1358 3052 1429 Neque
3091 1375 3155 1414 ea
3183 1376 3308 1430 qua:

1725 1462 1792 1501 ex
1822 1449 2329 1504 eontributionibns
2377 1450 2724 1504 debebantur
2759 1453 2963 1523 exegit,
2992 1469 3174 1524 neque
3203 1471 3305 1510 cu-

1719 1539 1976 1610 jusquam
2025 1541 2169 1596 bona
2213 1541 2558 1610 publicavit:
2609 1543 2801 1611 paucis
2841 1544 3108 1599 duntaxat
3132 1545 3308 1601 Otho-

1724 1629 1902 1684 niana:
1953 1629 2212 1684 factionis
2257 1632 2474 1696 occisis,
2512 1647 2692 1700 neque
2725 1640 2903 1686 tamen
2935 1648 3128 1688 eorum
3164 1634 3306 1688 bona

1725 1722 1974 1790 cognatis
2001 1723 2230 1793 eripuit.
2284 1724 2490 1778 Eorum
2540 1725 2672 1778 item
2719 1725 2988 1795 cognatis,
3029 1727 3122 1794 qui
3153 1726 3308 1796 prius

1725 1813 1893 1868 occisi
1947 1815 2187 1880 fuerant,
2237 1832 2302 1871 ea
2349 1817 2592 1871 restituit
2644 1817 2851 1879 omnia,
2887 1833 3010 1888 quae
3043 1819 3224 1876 adhuc
3250 1821 3308 1875 in

1730 1906 1951 1976 publico
1980 1908 2423 1978 reperiebantur.
2470 1909 2658 1980 Neque
2703 1920 3028 1965 testamenta
3053 1911 3310 1966 adversa-

1729 1998 1962 2062 riorum,
2015 1999 2110 2070 qui
2142 1999 2196 2053 in
2235 2001 2378 2056 bello
2410 2000 2752 2067 ceciderant,
2789 2002 3169 2072 reprehendit.
3206 2004 3309 2058 Ve-

1729 2091 1835 2148 tuit
1879 2108 1949 2148 ne
1995 2101 2279 2148 senatores
2323 2103 2380 2150 et
2414 2094 2632 2164 equites
2671 2095 2725 2148 in
2782 2109 2946 2149 arena
2977 2104 3304 2166 pugnarent.

1725 2192 1820 2236 aut
1851 2182 1904 2236 in
1924 2183 2204 2238 orchestra
2231 2198 2289 2238 se
2313 2183 2640 2253 spectandos
2668 2183 2980 2253 praeberent
3004 2202 3018 2238 :
3047 2194 3213 2254 atque
3234 2184 3309 2239 ob

1725 2274 1842 2330 haec
1872 2275 2224 2330 laudabatur.
2257 2275 2520 2330 Nuntiato
2551 2284 2702 2330 motu
2728 2275 2979 2341 Judaieo,
3015 2275 3068 2331 in
3107 2291 3309 2347 magno

1725 2374 1937 2421 terrore
1968 2366 2092 2429 fuit,
2125 2383 2249 2421 cum
2279 2367 2349 2421 ob
2380 2367 2483 2420 alia
2536 2367 2807 2437 prodigia,
2853 2378 2966 2422 tum
2997 2369 3144 2438 quod
3177 2370 3306 2424 luna

1723 2459 1810 2514 bis
1837 2459 2107 2514 defecisse
2155 2469 2355 2528 praeter
2399 2460 2623 2514 solitum
2659 2460 2977 2524 videbatur,
3020 2471 3077 2515 et
3109 2471 3307 2530 quarto

1722 2561 1778 2605 et
1810 2551 2048 2620 septimo
2080 2549 2170 2604 die
2197 2549 2511 2605 obscurata.
2570 2551 2745 2605 Simul
2799 2552 2964 2605 etiam
3014 2551 3125 2605 duo
3157 2555 3307 2605 soles

1721 2642 1847 2708 visi,
1887 2644 2026 2697 alter
2054 2643 2124 2697 ab
2152 2657 2377 2704 occasu.
2419 2643 2559 2697 alter
2605 2642 2673 2698 ab
2700 2643 2957 2698 oriente:
3014 2644 3106 2698 ille
3149 2644 3306 2698 infir-

1723 2751 1846 2790 mns
1873 2744 1927 2789 et
1956 2735 2214 2804 pallidus,
2266 2734 2427 2805 575
2483 2735 2576 2788 hic
2609 2736 2893 2790 robustus.
2951 2735 3128 2790 Motus
3157 2735 3310 2791 illius

1724 2825 1839 2881 haec
1887 2827 2028 2880 ratio
2075 2826 2198 2880 fuit.
2231 2827 2599 2896 Vespasianus
2629 2827 2683 2881 in
2717 2827 2902 2881 Judaea
2936 2827 3162 2898 degens,
3195 2844 3307 2898 quo

1722 2934 1850 2974 eum
1885 2933 1914 2972 a
1948 2918 2164 2972 Nerone
2187 2927 2414 2988 promer
2435 2918 2748 2972 Judznorum
2773 2919 3142 2974 defectionem
3171 2921 3306 2975 mis-

1723 3025 1844 3065 sum
1879 3009 2051 3063 fuisse
2092 3011 2204 3079 jam
2255 3009 2516 3072 diximus,
2569 3008 2740 3063 filium
2772 3009 2954 3065 Titum
2983 3010 3049 3064 ad
3082 3011 3306 3066 Galbam

1723 3100 2079 3156 salutandum
2108 3100 2278 3154 misit.
2308 3100 2433 3154 Tito
2468 3110 2654 3154 autem
2691 3118 2916 3157 reverso
2951 3105 3098 3157 (nam
3131 3105 3184 3158 in
3220 3105 3307 3159 via

1723 3193 2053 3248 seditionem
2103 3190 2338 3246 Othonis
2390 3201 2447 3246 et
2499 3193 2701 3246 Vitellii
2751 3193 3052 3264 didicerat)
3083 3204 3142 3250 et
3189 3197 3307 3266 ipse

1722 3285 1807 3354 (ut
1833 3285 1970 3340 Dion
2004 3285 2194 3352 refert)
2241 3299 2469 3355 regnum
2525 3285 2826 3340 all‘eetavit.
2881 3284 3124 3356 Josepho
3178 3302 3307 3343 vero

1719 3388 1944 3434 auctore
1989 3379 2046 3432 in
2093 3377 2308 3432 excidio
2335 3375 2584 3439 Iudaico,
2622 3377 2825 3432 milites
2873 3380 2993 3448 ejus
3019 3395 3144 3434 cum
3197 3397 3306 3434 an-

1721 3472 1957 3536 dissent,
1987 3486 2015 3525 a
2049 3469 2220 3526 Gallis
2260 3469 2545 3538 Europazis
2577 3466 2802 3524 Galbam
2839 3486 2937 3540 per
2975 3473 3304 3528 seditionem

1723 3565 2114 3634 imperatorem
2142 3578 2265 3618 esse
2303 3571 2572 3624 creatum,
2609 3577 2637 3614 a
2693 3561 3034 3618 Germanicis
3079 3565 3308 3636 legioni-

1723 3655 1828 3712 bus
1866 3656 2167 3718 Vitellium,
2219 3672 2249 3710 a
2293 3656 2557 3711 Romanis
2593 3655 2867 3711 Othonem
2898 3673 2911 3709 :
2949 3657 3048 3726 ipsi
3085 3673 3305 3728 quoque

1724 3763 1825 3803 suo
1852 3747 1977 3802 duci
2016 3748 2310 3818 imperium
2369 3749 2778 3815 decreverunt,
2822 3757 2986 3818 atque
3014 3749 3139 3805 aliis
3168 3751 3306 3807 alios

1723 3841 2153 3907 concitantibus,
2217 3841 2606 3911 Vespasianum
2665 3841 3052 3911 imperatorem
3103 3844 3307 3898 saluta-

1722 3944 1898 3998 runt,
1940 3933 2145 3990 hortati
2209 3943 2268 3988 ut
2297 3933 2628 4010 periclitanti
2679 3934 2998 4003 reipublicae
3037 3935 3304 3990 subveni-

1724 4039 1832 4084 ret.
1889 4026 2204 4098 Refraganti
2269 4027 2476 4082 tribuni
2533 4027 2855 4082 institerunt
2907 4044 2922 4081 :
2988 4036 3045 4083 et
3099 4029 3305 4084 milites

1723 4119 1932 4174 strictis
1973 4119 2201 4172 ensibus
2245 4119 2666 4172 circumstantes
2690 4157 2704 4180 ,
2766 4127 2998 4170 mortem
3035 4131 3164 4172 sunt
3203 4120 3306 4171 mi-

1722 4211 1863 4267 nati.
1894 4211 2058 4265 Paret
2091 4209 2278 4279 igitur,
2309 4218 2366 4263 et
2395 4209 2632 4278 primum
2661 4207 2726 4261 ad
2755 4207 2974 4279 Egypti
3009 4217 3300 4278 praetorem

1724 4302 1945 4368 scribit,
1976 4317 2088 4373 quo
2139 4302 2262 4355 loco
2293 4316 2383 4355 res
2416 4315 2527 4354 sua:
2554 4301 2665 4354 sint
2695 4318 2708 4353 :
2747 4315 2777 4354 a
2807 4316 2917 4369 quo
2945 4301 3129 4354 statim
3162 4302 3306 4355 salu-

1725 4407 1872 4452 tatus
1901 4405 1984 4452 est
2031 4397 2352 4466 imperator.
2388 4394 2596 4449 Deinde
2628 4391 2933 4446 hlutianutu
2961 4392 3133 4464 Syrite
3163 4409 3305 4463 prse-

1727 4497 1904 4542 torem
1931 4487 1988 4541 in
2027 4487 2237 4540 Italiam
2264 4495 2453 4539 contra
2483 4485 2762 4539 Vitellium
2798 4483 2984 4538 mittit.
3018 4483 3137 4552 Quo
3165 4493 3304 4536 tem—

79 4573 235 4640 αρχίαν
263 4574 335 4643 τῷ
387 4574 640 4642 σφετέρῳ
669 4572 958 4644 στρατηγῷ
994 4573 1349 4643 ἐψηφίσαντο,
1390 4573 1485 4625 καὶ
1511 4590 1562 4624 πε

1821 4593 1857 4632 'e
1901 4577 2204 4645 Josephum
2257 4574 2568 4638 Hebraeum,
2624 4591 2807 4644 quem,
2860 4574 3080 4630 vivente
3123 4575 3304 4630 adhuc

79 4668 479 4738 ρακροτὴσαντες
515 4669 800 4739 ἀλλήλους,
821 4669 1197 4740 ἀνηγόρευσαν
1232 4671 1322 4722 τὸν
1367 4671 1613 4723 Οὐεσπα-

79 4758 226 4812 σιανὸν
248 4761 650 4833 αὐτοκράτορα,
678 4761 774 4814 καὶ
807 4760 1002 4826 σώζειν
1052 4761 1148 4832 τὴν
1178 4761 1286 4814 τῶν
1323 4761 1614 4832 Ῥωμαίων

78 4847 338 4919 ἠγεμονίαν
376 4852 802 4908 κινδυνεύουσαν
839 4852 1208 4924 παρεκάλουν.
1250 4854 1611 4924 Ἀρνουμένου

75 4936 109 4988 δ’
131 4942 342 5009 ἐκείνου,
363 4947 414 4998 oi
460 4946 558 5016 μέν
583 4947 849 5017 ἡγεμόνες
879 4947 1252 5017 προσέκειντο,
1279 4947 1329 4998 oi
1362 4946 1420 5000 δέ
1446 4963 1612 5016 στρα-

74 5033 232 5087 τιῶται
289 5038 685 5109 περιχυθέντες
751 5039 998 5109 ξιφήρεις
1070 5037 1280 5091 ἀνελεῖν
1354 5039 1614 5108 ἠπείλουν

75 5122 226 5179 αὐτόν.
259 5129 522 5183 Πείθεται
551 5125 666 5193 οὖν,
706 5131 802 5182 καὶ
832 5131 1049 5200 πρῶτον
1075 5129 1153 5201 τῷ
1189 5129 1289 5200 τὴν
1321 5131 1494 5202 ἀρχὴν
1525 5131 1621 5202 τῆς

75 5217 317 5284 Αἰγύπτου
351 5221 399 5274 ίθ
415 5222 594 5274 ύνοντι
628 5221 934 5274 ἐπιστέλλει
963 5221 1091 5292 περὶ
1143 5221 1251 5274 τῶν
1275 5224 1397 5275 κατ’
1432 5221 1618 5290 αὐτὸν,

71 5316 145 5360 καί
207 5311 260 5374 ὃς
309 5313 476 5376 εὐθὺς
551 5313 927 5385 ἀνηγόρευσεν
993 5313 1158 5367 αὑτὸν
1215 5314 1617 5385 αὐτοκράτορα.

73 5400 449 5467 Οὐεσπασιανὸς
479 5404 562 5468 δέ,
600 5405 761 5458 τοῦτο
797 5404 1008 5477 μαθὼν,
1035 5407 1124 5458 τὶν
1155 5407 1254 5476 μέν
1291 5407 1389 5477 τῆς
1418 5408 1618 5478 Συρίας

71 5489 342 5564 ἡγούμενον
404 5496 714 5552 Μουκιανὸν
777 5499 857 5562 είς
901 5496 1002 5568 τὴν
1067 5496 1301 5551 Ἰταλίαν
1384 5500 1478 5551 ἐπὶ
1525 5496 1616 5552 τδν

1720 4668 1959 4732 Nerone,
2014 4668 2405 4737 imperatorem
2450 4683 2507 4722 se
2553 4669 2830 4737 appellare
2861 4681 3081 4731 ausum,
3121 4669 3302 4735 capti-

1720 4777 1851 4817 vum
1891 4760 2076 4815 adhuc
2106 4760 2161 4814 in
2191 4759 2432 4815 vinculis
2466 4760 2708 4822 tenebat,
2739 4759 2812 4821 ob
2855 4773 2975 4814 eam
3007 4758 3306 4813 divinatio-

1716 4869 1844 4910 nem
1891 4851 2028 4908 solvi
2077 4851 2262 4922 jussit.
2322 4851 2449 4904 Tito
2498 4865 2631 4904 vero
2671 4849 2948 4914 hortante,
3010 4859 3071 4904 ut
3099 4849 3148 4903 ei
3192 4866 3301 4904 una

1717 4963 1841 5002 cum
1870 4946 2019 5017 fcrro
2045 4947 2211 5001 etiam
2248 4942 2892 5014 ignominia-demeretur
2913 4942 3080 5013 (quod
3110 4942 3295 5005 fiebat,

1717 5054 1840 5094 cum
1879 5037 2100 5092 vincula
2132 5050 2242 5090 non
2274 5035 2654 5098 solvebantur,
2689 5033 2788 5088 sed
2822 5033 3247 5088 dissecabantur
3281 5051 3294 5084 :

1719 5138 1886 5198 atque
1916 5128 1972 5182 in
2010 5143 2107 5182 eos
2140 5125 2534 5195 usurpabatur,
2567 5124 2662 5192 qui
2697 5137 2796 5193 per
2833 5123 3091 5193 injuriam
3128 5124 3296 5177 vincti

1719 5220 1950 5293 essent),
1983 5219 2324 5290 approbante
2360 5217 2716 5287 Vespasiano,
2748 5215 2970 5290 quidam
2993 5214 3174 5271 securi
3209 5229 3300 5269 ca-

1723 5322 1906 5366 tenam
1955 5309 2242 5366 dissecuit.
2292 5308 2564 5379 Josephus
2593 5307 2740 5361 enim
2781 5307 2866 5376 (ut
2913 5305 3028 5375 ipse
3067 5309 3295 5367 narrat),

1715 5420 1841 5459 cum
1881 5406 1935 5458 in
1968 5402 2142 5457 sacris
2171 5398 2395 5455 Litteris
2432 5397 2716 5452 oraculum
2743 5395 3060 5466 reperisset,
3091 5394 3204 5447 fore
3239 5401 3301 5445 ut

1714 5495 1942 5565 quidam
1962 5511 2026 5550 ex
2053 5494 2241 5549 iudica
2264 5490 2385 5548 orbi
2416 5499 2688 5546 terrarum
2719 5487 3046 5557 imperaret,
3081 5484 3134 5540 id
3165 5499 3291 5537 ora-

1197 5657 1399 5720 Varitn
1445 5658 1752 5720 lectiones
1799 5663 2084 5719 etnotae.

132 5781 198 5851 (6)
231 5785 354 5838 Δύω
382 5785 674 5855 μυριάδας
699 5783 1007 5854 μυριάδων
1035 5783 1134 5838 καί
1166 5785 1366 5852 χιλίας
1397 5799 1618 5840 πεντα-

77 5855 281 5922 κοσίας.
323 5856 421 5911 Sic
451 5873 578 5913 mss.
649 5859 782 5927 Reg.
816 5863 872 5910 et
927 5855 1081 5909 Colb.
1139 5855 1305 5910 Wolf.
1337 5856 1624 5927 legendum

378 5959 642 6017 ΡΑτιιοι..
692 5959 809 6015 (in.
860 5954 1195 6016 CXXXIV.

1726 5784 1953 5853 putabat
2008 5783 2128 5852 δισχ
2154 5783 2293 5849 λίας,
2337 5793 2397 5837 ut
2449 5797 2512 5836 ea
2565 5794 2778 5835 summa
2805 5773 3090 5842 conﬂetnr,
3133 5790 3297 5845 quam

1739 5855 1961 5908 Tacitus
1994 5861 2166 5923 ponit.

2905 5945 2978 6004 31
