3910 6566
243 460 352 522 Ἔδῗῆ

1458 465 1860 525 ANNALIUM
1903 465 2049 524 ΜΒ.
2096 464 2210 524 X1.
3391 464 3491 525 971

239 593 333 627 -και
391 574 471 643 τῷ
521 575 833 646 Δομετιανῴ
890 577 1196 647 συνδιῳκει.
1254 579 1621 649 Αὐτοκράτωρ
1673 597 1731 632 τε
1787 583 1813 632 δ

1921 595 2040 634 cum
2072 579 2381 634 Domitiano
2417 577 2810 647 rempublicam
2840 579 3097 649 capessit.
3129 578 3502 650 Vespasianus

241 667 652 729 Οὐεσπασιανὸς
680 667 777 720 καὶ
810 668 942 734 πρὸς
971 671 1069 731 τῆς
1113 670 1310 740 βουλῆς
1361 671 1680 741 εὐφημήθη,
1720 671 1815 723 καὶ

249 757 521 826 Καίσαρες
565 758 593 811 ὅ
621 775 678 811 τε
703 760 860 823 Τίτος
881 761 975 812 καὶ
1005 765 1030 812 ὀ
1055 762 1380 830 Δομετιανὸς
1413 761 1818 834 ἐπεκλήθησαν.

259 849 315 900 ’0
347 850 403 901 δὲ
456 851 766 913 Μουκιανὸς
814 851 1041 921 ἀδελφὸς
1073 854 1222 922 παρὰ
1256 853 1351 905 τοῦ
1399 853 1818 906 Οὐεσπασιανοῦ

246 939 579 1007 ὠνομάζετο,
614 942 710 994 καί⁵
741 939 989 1007 ἐξουσίαν
1019 943 1205 1013 εἴληφε
1250 943 1406 997 πάνθ’
1433 945 1533 997 ὅσα
1568 944 1820 996 ἐϐούλετο

246 1031 507 1100 πράττειν
537 1034 631 1084 καὶ
664 1033 921 1101 γράφειν,
958 1034 1018 1084 τὸ
1067 1033 1237 1103 δνομα
1272 1035 1367 1085 τοῦ
1409 1035 1818 1105 αὐτοκράτορος

245 1123 401 1190 μόνον
443 1122 909 1191 ἐπιγραφόμενος,
943 1127 1035 1178 καὶ
1062 1125 1150 1178 διὰ
1201 1125 1359 1178 τοῦτο
1406 1127 1500 1179 καὶ
1533 1127 1820 1180 δακτύλιον

243 1212 564 1281 πεμφθέντα
595 1216 644 1266 οί
671 1216 882 1285 ἐφόρει,
920 1217 1010 1271 ἵνα
1047 1217 1108 1270 τὸ
1148 1217 1618 1288 αὐτοκρατορικδν
1643 1220 1820 1291 σφρά-

243 1322 415 1375 γισμα
463 1308 718 1379 λαμϐάνῃ
767 1310 838 1363 τά
900 1313 1336 1382 συμϐαινόμενα.
1406 1317 1624 1381 Πολλοῖς
1686 1317 1818 1385 γοῦν

243 1399 418 1469 ἀρχάς
461 1419 534 1460 ,τε
583 1405 679 1456 καὶ
719 1407 1071 1477 ἐπιτροπείας
1097 1409 1258 1472 αὐτὸς
1307 1411 1400 1462 καὶ
1428 1412 1454 1463 ὁ
1493 1413 1821 1480 Δομετιανὸς

228 1493 446 1557 ,ἑόοσαν,
475 1496 570 1549 καὶ
603 1497 874 1567 ἐπάρχους
901 1499 1091 1564 ἄλλους
1121 1501 1208 1553 ἐπ’
1229 1502 1410 1565 ἄλλοις
1449 1505 1543 1556 καὶ
1580 1503 1819 1566 ὑπάτους

242 1585 550 1650 ἀπέδειξαν,
615 1589 689 1652 ὡς
740 1591 896 1643 αὐτοὶ
973 1593 1398 1662 αὐταρχοῦντες.
1476 1595 1640 1648 Ὥστε
1729 1595 1818 1648 τὸν

242 1677 655 1734 Οὐεσπασιανὸν
687 1684 992 1737 ἐπιστεῖλαι
1023 1684 1100 1753 τῷ
1133 1687 1452 1755 Δομετιανῷ
1499 1688 1581 1740 ὄτι
1633 1687 1819 1751 Χάριν

239 1768 350 1834 ἔχω
379 1787 501 1832 σοι,
546 1773 784 1840 τέκνον,
816 1776 904 1829 ὅτι
922 1793 998 1844 με
1023 1777 1128 1845 ἐᾷς·
1164 1779 1395 1849 ἄρχειν,
1445 1780 1543 1835 καί
1585 1781 1820 1835 οὐδέπω

236 1879 308 1930 με
345 1865 786 1931 καταλέλινκας.
835 1868 923 1932 Ἐς
1000 1871 1057 1924 δὲ
1137 1872 1234 1943 τὴν
1304 1871 1716 1942 Ἀλεξάνδρειαν
1788 1879 1813 1927 ο

1924 686 1954 725 a
2000 683 2193 726 senatu
2227 671 2525 742 imperator
2549 672 2819 728 salutatus
2850 691 2862 726 :
2898 672 3007 726 duo
3032 672 3152 743 ejus
3183 671 3300 735 ﬁlii,
3325 672 3508 728 Cazsa-

1923 779 2012 819 res
2038 765 2409 836 cognominati
2444 777 2594 820 sunt.
2626 764 2902 820 Mntianus
2940 780 3072 819 vero
3135 763 3303 820 frater
3333 782 3359 816 a
3397 765 3506 819 Vc-

1925 857 2179 926 spasiano
2228 857 2552 921 vocabatur,
2580 866 2802 926 accepta
2864 865 3133 926 potestate
3184 855 3406 926 quidvis
3452 865 3508 909 et

1923 950 2120 1020 agendi
2153 961 2208 1004 et
2239 949 2600 1014 decernendi,
2647 959 2861 1004 tantum
2896 949 3246 1018 imperatoris
3283 949 3507 1001 nomine

1923 1040 2244 1110 praescripto
2271 1058 2283 1092 :
2347 1057 2522 1110 eaque
2552 1041 2618 1094 de
2651 1057 2814 1095 causa
2843 1040 3069 1093 missum
3098 1038 3204 1093 sibi
3235 1037 3504 1092 annulum

1925 1135 2193 1204 gestabat.
2223 1143 2282 1187 ut
2314 1135 2568 1188 mandata
2593 1134 2950 1203 imperatorio
2978 1133 3182 1186 annulo
3213 1131 3503 1201 signaren-

1927 1235 2038 1283 tur.
2071 1227 2242 1297 Igitur
2275 1227 2391 1296 ipse
2422 1235 2476 1280 et
2510 1227 2858 1281 Domit-ianus
2890 1226 3240 1298 magistratus
3281 1232 3336 1277 et
3368 1237 3506 1293 pra:-

1925 1317 2166 1372 fecturas
2196 1315 2385 1369 multis
2416 1315 2708 1380 dederunt,
2742 1324 2796 1368 et
2825 1313 2961 1366 alios
3002 1321 3166 1382 atque
3198 1310 3336 1363 alios
3369 1325 3506 1377 prie-

1924 1412 2073 1468 sides
2099 1420 2154 1465 et
2182 1409 2438 1464 consules
2470 1409 2848 1478 designarunt,
2879 1422 2987 1459 non
3025 1420 3188 1459 secus
3220 1419 3281 1457 ac
3318 1402 3360 1456 si
3404 1403 3507 1470 ipsi

1925 1522 2108 1561 rerum
2164 1505 2496 1574 potirentur.
2568 1501 2723 1555 Unde
2774 1499 3146 1568 Vespasianus
3193 1495 3505 1550 Domitiano

1922 1597 2160 1668 scripsit,
2184 1595 2249 1650 Se
2269 1595 2348 1648 illi
2373 1595 2562 1648 habere
2580 1594 2834 1662 gratiam,
2855 1591 2992 1660 quod
3007 1607 3059 1642 se
3081 1591 3341 1658 imperare
3360 1595 3506 1656 pate-

1924 1703 2094 1756 retur,
2117 1693 2338 1743 necdum
2361 1687 2582 1757 imperio
2596 1685 2900 1756 pepulisset.
2918 1680 3302 1736 Alexandriam
3323 1689 3504 1732 autem

1923 1798 2047 1836 cum
2061 1781 2323 1841 venisset,
2342 1795 2591 1849 magnam
2609 1775 2897 1846 pecuniam
2917 1775 3116 1844 Coegit,
3130 1773 3283 1826 nullo
3297 1779 3505 1841 quae-1n

1926 1873 2083 1942 577
2101 1871 2492 1942 prmtertuisso,
2510 1868 2871 1938 vectigalibus
2890 1865 3220 1937 quibusdam
3239 1867 3506 1919 obsoletis

241 1952 656 2020 Οὐεσπασιανὸς
707 1959 1042 2028 ἀφικόμενος
1103 1939 1366 2032 χρηματα
1397 1939 1572 2018 πολλά
1609 1966 1815 2019 ἐκεῖθεν

1927 1963 2218 2028 restitutis,
2254 1964 2472 2017 usitatis
2501 1963 2868 2031 exaggeratis,
2889 1970 2944 2014 et
2977 1961 3135 2014 novis
3161 1958 3508 2027 excogitatis.

238 2046 673 2116 ἠργυρολόγησε,
700 2051 1182 2123 χρηματιζόμενος
1242 2055 1533 2123 πάντοθεν,
1565 2057 1661 2111 καὶ
1689 2058 1817 2128 τέλη

238 2139 407 2192 πολλὰ
431 2143 500 2193 τὰ
534 2143 633 2211 μὲν
668 2144 1066 2215 ἐκλελειμμένα
1121 2147 1479 2215 ἀνενεώσατο,
1521 2149 1592 2203 τά
1635 2149 1692 2203 δὲ
1728 2151 1822 2203 καὶ

237 2233 572 2304 νομιζόμενα
626 2237 1096 2309 προσεπηύξησε,
1159 2241 1322 2293 καινά
1400 2258 1458 2294 τε
1522 2242 1821 2312 προσέθετο

236 2326 416 2398 ἕτερα.
449 2330 522 2382 Τὸ
552 2331 596 2384 δ’
629 2332 762 2385 αὐτὸ
801 2333 961 2386 τοῦτο
991 2337 1087 2388 καὶ⁹
1110 2337 1170 2388 ἐν
1191 2338 1256 2406 τῇ
1285 2335 1420 2408 ἄλλῃ
1459 2337 1712 2406 ὑπηκόῳ,
1751 2337 1817 2407 τῇ

235 2435 293 2472 τε
337 2418 538 2490 Ἰταλίᾳ
565 2423 658 2474 καὶ
685 2424 824 2494 αὐτῇ
864 2426 929 2493 τῇ
985 2423 1172 2496 Ῥώμῃ
1205 2425 1346 2494 μετὰ
1376 2425 1547 2478 ταῦτα
1571 2427 1818 2498 ἐποίησε.

239 2511 346 2580 Ἰὴν
371 2512 474 2582 μὲν
500 2509 595 2566 οὖν
654 2514 932 2580 Αἴγυπτον
977 2516 1044 2569 δι’
1076 2518 1263 2586 ὀλίγου
1296 2519 1702 2588 κατεστήσατο,
1725 2519 1821 2572 καὶ

241 2605 386 2654 σῖτον
425 2604 596 2658 πολὺν
650 2607 733 2669 είς
790 2606 891 2678 τὴν
938 2608 1162 2679 Ῥώμην
1216 2607 1464 2678 ἐπεμψεν
1497 2609 1592 2661 ἀπ’
1626 2610 1818 2677 αὐτῆς.

239 2699 338 2752 Τὸν
381 2701 439 2754 δὲ
495 2702 614 2756 υἱὸν
668 2705 835 2758 αὐτοῦ
871 2705 1030 2760 Τῖτον
1058 2707 1141 2770 είς
1191 2707 1549 2779 Ἱεροσόλυμα
1585 2707 1820 2760 καταλε-

237 2793 444 2859 λοιπὼς
473 2798 748 2866 πορθῆσαι
781 2800 946 2866 αὐτὰ,
975 2802 1074 2869 τὴν
1103 2799 1328 2854 ἐκείνων
1377 2803 1642 2871 ἀνέμενεν
1680 2800 1819 2854 ἀλω-

239 2902 344 2950 σιν,
378 2884 468 2938 ἴνα
493 2888 632 2955 μετὰ
649 2886 743 2940 τοῦ
779 2888 926 2952 υἱέος
949 2889 1224 2964 ἐπανέλθῃ
1252 2891 1388 2958 πρὸς
1437 2890 1538 2962 τὴν
1573 2890 1814 2960 Ῥώμην.

238 2978 578 3048 Τρισομένου
602 2980 658 3033 δὲ
685 2981 881 3050 χρόνου
901 2982 961 3035 ἐν
986 2984 1051 3052 τῇ
1079 2981 1389 3053 πολιορκίᾳ,
1411 2983 1504 3035 τὸν
1537 2983 1636 3052 μὲν
1661 2983 1699 3035 Τ
1705 2988 1817 3036 ἴτον

237 3072 292 3122 ὲν
324 3073 388 3141 τῇ
424 3071 757 3143 Παλαιστίνῃ
785 3071 1078 3127 κατέλιπεν
1100 3089 1111 3101 ·
1147 3074 1310 3138 αὐτὸς
1344 3075 1400 3128 δὲ
1434 3074 1652 3138 ὁλκάδος
1692 3078 1818 3127 ἐπι·-

233 3162 356 3224 6ὶις,
384 3167 440 3225 ἐς
467 3165 677 3217 Λυκίαν
711 3165 965 3233 ἔπλευσε,
996 3165 1252 3220 κάκεῖθεν
1282 3166 1351 3219 τὰ
1395 3167 1495 3238 μὲν
1550 3166 1706 3237 πεζῇ,
1748 3167 1816 3220 τά

230 3253 287 3305 δὲ
313 3255 667 3324 πληῖζόμενος
703 3259 784 3320 είς
815 3258 877 3310 τὸ
924 3259 1246 3327 Βρεντέσιον
1281 3260 1568 3331 ἐκομίσθη.
1610 3260 1812 3313 Ἐλθὼν
1841 3296 1882 3350 C

233 3345 278 3397 δ’
313 3349 370 3408 ἐς
413 3346 630 3418 Ῥώμην
681 3351 775 3403 καὶ
827 3352 941 3413 τοῖς
994 3351 1360 3422 στρατιώταις
1393 3352 1491 3404 καὶ
1543 3351 1623 3423 τῷ
1654 3352 1812 3424 δήμῳ

237 3437 554 3508 τνιρέσχηκε
607 3439 836 3512 δωρεὰς,
870 3442 1060 3496 καὶτὰ
1105 3445 1311 3515 τεμένη
1344 3445 1438 3496 καὶ
1482 3446 1551 3496 τά
1575 3444 1816 3515 δημόσια

234 3528 370 3597 ἔργα
407 3532 474 3583 τὰ
501 3534 850 3602 πεπονηκότα
874 3534 1242 3606 ἀνελάμϐανε,
1270 3539 1366 3592 καὶ
1400 3539 1467 3591 τὰ
1485 3538 1588 3609 ήδη
1612 3540 1816 3611 ἐφθαρ-

241 3623 380 3689 μένα
412 3623 854 3690 ἑπανεσκεύαζε,
895 3627 992 3678 καὶ
1049 3628 1496 3700 συντελουμένοις
1527 3632 1713 3694 αὐτοῖς
1754 3633 1816 3685 οὐ

234 3713 294 3764 1b
331 3715 531 3768 ἑαυτοῦ
577 3716 896 3790 ἐπέγραφεν
925 3722 1116 3792 ὄνομα,
1167 3724 1304 3778 ἀλλά
1333 3725 1394 3778 τὸ
1430 3726 1541 3781 τῶν
1581 3726 1817 3799 πρώτως

231 3805 654 3878 δομησαμένων.
719 3812 832 3876 Τάς
895 3830 955 3866 τε
1007 3817 1194 3872 οὐσίας
1243 3819 1355 3872 τῶν
1381 3820 1816 3874 ἐναντιωθέντων

231 3899 406 3970 αὐτῷ,
432 3902 528 3954 καὶ
561 3904 618 3954 ἐν
641 3906 761 3968 ταῖς
805 3905 1005 3977 μάχαις
1069 3926 1128 3961 τε
1169 3912 1448 3966 πεσόντων
1483 3914 1594 3975 τοῖς
1626 3913 1815 3967 παισὶν

231 3993 460 4044 ἐκείνων
507 3995 674 4064 ἢτοίς
708 3996 888 4061 ἄλλοις
916 3999 1140 4064 οἰκείοις
1190 4003 1387 4071 ἀφῆκε.
1432 4005 1540 4058 Καὶ
1573 4005 1641 4058 τά
1675 4023 1815 4077 συμ-

231 4085 428 4138 δόλοιια
475 4089 545 4140 τὰ
579 4088 658 4159 τῷ
712 4090 957 4161 δημοσίῳ
991 4097 1340 4164 προσήκοντα
1373 4098 1811 4170 προσδιέφθειρε.

231 4179 689 4251 Ηεγαλοπρεπώς
719 4183 776 4237 δὲ
816 4185 895 4246 είς
917 4186 981 4238 τὸ
1027 4187 1207 4240 κοινὸν
1239 4188 1571 4257 ἀναλίσκων,
1601 4192 1816 4247 εὐτελέ-

233 4288 410 4326 στατα
465 4274 710 4344 διῃτᾶτο,
743 4281 836 4330 καὶ
884 4279 1037 4331 οὐδὲν
1071 4279 1176 4344 ἔξω
1206 4281 1315 4336 τῶν
1350 4285 1663 4352 ἀναγκαίων
1689 4287 1812 4339 ἐδα-

234 4365 405 4420 πάνα.
442 4361 552 4419 Ἦν
608 4367 664 4420 δὲ
723 4367 846 4422 οὐτε
907 4371 965 4435 ἐξ
1033 4372 1269 4440 εὐγενῶν
1353 4373 1475 4428 οὔτε
1534 4377 1810 4442 πλούσιος.

237 4458 455 4520 Πάντας
489 4458 546 4510 δὲ
568 4444 695 4518 τοὺς
726 4463 1054 4531 προσιόντας
1080 4465 1230 4532 αὐτῷ
1262 4468 1646 4537 προσεδέχετο.
1689 4471 1812 4535 Τοῖς

231 4551 289 4602 δὲ
322 4551 496 4617 φίλοις
547 4554 641 4605 καὶ
670 4555 777 4624 προ
826 4557 924 4625 τῆς
957 4556 1032 4608 ’ἐω
1062 4559 1156 4609 καὶ
1190 4559 1282 4610 ἐπὶ
1322 4560 1418 4628 τῆς
1450 4562 1610 4633 εὐνῆς
1646 4580 1813 4616 κατα-

1924 2057 2078 2125 Quod
2117 2056 2319 2111 deinde
2368 2057 2421 2109 in
2463 2054 2587 2108 aliis
2623 2068 2848 2124 quoque
2885 2050 3214 2122 provinciis,
3258 2051 3314 2104 in
3348 2051 3502 2104 ltalia

1924 2161 1980 2206 et
2012 2151 2200 2204 Romae
2236 2149 2389 2204 fecit.
2412 2147 2646 2218 Egypto
2681 2163 2851 2217 parvo
2895 2157 3141 2220 tempore
3186 2145 3507 2207 constituta,

1923 2258 2174 2312 magnam
2200 2241 2326 2295 inde
2344 2239 2606 2294 frumenti
2627 2239 2839 2308 copiam
2863 2237 3092 2292 Romam
3112 2236 3286 2290 misit.
3309 2236 3506 2289 Filium

1926 2337 2112 2392 Titum
2147 2336 2210 2389 ad
2245 2335 2612 2405 Oppugnanda
2637 2331 3012 2404 Hierosolyma
3035 2331 3280 2400 reliquit,
3315 2342 3374 2383 ut
3402 2346 3507 2384 una

1924 2448 2049 2488 cum
2091 2431 2238 2486 eoin
2277 2429 2467 2483 urbem
2526 2436 2918 2482 reverteretur.
2971 2425 3074 2481 Sed
3122 2440 3246 2479 cum
3294 2423 3509 2478 obsidio

1924 2527 2023 2581 diu
2069 2524 2407 2587 traheretur,
2443 2521 2565 2576 sine
2611 2521 2705 2574 illo
2733 2535 2871 2574 nave
2903 2519 3153 2573 oneraria
3197 2518 3251 2571 in
3288 2516 3507 2587 Lyciam

1925 2619 2100 2675 venit.
2133 2618 2266 2672 lude
2295 2617 2493 2686 partim
2524 2622 2696 2678 terra,
2728 2613 2928 2683 partim
2959 2611 3094 2664 mari
3125 2608 3505 2663 Brundusium

1915 2703 2155 2783 'appulit.
2213 2711 2444 2764 Romam
2498 2707 2806 2778 ingressus,
2863 2691 3137 2757 militibus
3190 2709 3247 2756 et
3302 2700 3508 2769 populo

1925 2822 2153 2864 munera
2193 2803 2364 2858 dedit.
2403 2800 2628 2870 Templa
2669 2798 3003 2868 publicaque
3059 2809 3225 2864 opera
3278 2794 3505 2846 ruinosa

1924 2899 2142 2956 refecit.
2180 2895 2455 2956 rEdificia,
2498 2907 2740 2963 quorum
2770 2891 3124 2946 fundamenta
3152 2889 3295 2958 jacta
3325 2895 3506 2948 erant,

1923 2992 2172 3064 perfecit,
2199 3006 2309 3044 non
2339 3003 2463 3051 suo,
2495 2987 2590 3041 sed
2626 3001 2818 3040 eorum
2850 2984 2943 3054 qui
2973 2982 3302 3036 inchoarant
3327 2978 3506 3032 nomi-

1922 3084 2085 3138 nibus
2123 3079 2427 3149 inscriptis.
2463 3078 2611 3131 Bona
2653 3073 3120 3137 adversariorum,
3151 3071 3242 3140 qui
3274 3069 3326 3121 in
3362 3083 3507 3138 prae-

1921 3177 2012 3231 liis
2044 3174 2587 3234 ceciderant,eoruut
2624 3167 2819 3223 liberis
2853 3175 2949 3220 aut
2980 3164 3224 3235 cognatis
3260 3162 3506 3232 reliquit,

1920 3268 2157 3338 publicis
2193 3269 2358 3321 etiam
2404 3265 2527 3319 acris
2551 3261 2715 3317 alieni
2761 3260 2961 3316 tabulis
3002 3258 3246 3313 abolitis.
3286 3256 3508 3310 Publice

1921 3358 2268 3430 magnificus,
2318 3356 2574 3425 privatim
2633 3352 2957 3407 tenuissime
3008 3349 3276 3405 vivebat:
3325 3365 3508 3418 neque

1922 3453 2064 3507 ullos
2110 3461 2386 3520 sumptus,
2423 3447 2529 3502 nisi
2585 3444 2956 3511 necessarios,
3006 3444 3264 3504 faciebat,
3302 3459 3506 3513 genere

1920 3556 2076 3600 ortus
2108 3559 2286 3613 neque
2330 3537 2525 3605 nobili,
2565 3553 2746 3609 neque
2788 3538 3086 3606 locuplete.
3122 3537 3204 3590 Ab
3246 3537 3505 3591 omnibus

1919 3636 2061 3691 adiri
2107 3651 2164 3690 se
2213 3634 2561 3704 patiebatur.
2592 3632 2729 3686 Cum
2772 3631 2964 3686 amicis
2997 3641 3123 3684 ante
3158 3646 3410 3684 auroram
3450 3629 3504 3683 in

1919 3725 2121 3781 lectulo
2161 3723 2455 3788 recubans,
2493 3721 2938 3792 colloqnebatur.
2982 3720 3178 3775 Palatii
3223 3720 3371 3773 fores
3409 3735 3505 3788 per

1921 3824 2096 3869 totum
2125 3813 2273 3868 diem
2304 3815 2589 3884 patebant,
2621 3811 2742 3867 sine
2776 3813 2887 3865 ullo
2915 3812 3170 3867 custode.
3205 3811 3278 3864 Ut
3308 3809 3504 3880 paucis

1919 3906 2224 3970 absolvam,
2256 3905 2543 3959 curatione
2578 3904 2902 3974 reipublicae
2948 3903 3215 3974 princeps
3245 3886 3507 3973 agnosce-

1918 3999 2130 4054 batur:
2170 3999 2451 4060 comitate,
2502 3995 2672 4063 victu,
2719 3997 2982 4067 cultuque
3027 4014 3056 4050 a
3105 3997 3321 4051 ueteris
3363 3997 3504 4051 nihil

1918 4085 2229 4142 ditferebat.
2266 4085 2659 4152 Hierosolymis
2690 4086 3042 4154 expugnatis,
3073 4100 3196 4139 cum
3231 4085 3355 4137 Tito
3390 4084 3503 4139 filio

1922 4179 2260 4250 triumphum
2297 4176 2456 4231 duxit
2489 4177 2619 4231 :cui
2649 4176 2995 4230 Domitianus
3044 4192 3263 4246 quoque
3304 4177 3502 4232 consul

1917 4287 2063 4343 equo
2107 4270 2368 4342 singulari
2416 4268 2690 4324 interfuit.
2721 4270 2913 4323 Postea
2951 4268 3239 4340 magistros
3267 4278 3320 4322 et
3350 4266 3505 4320 Lati-

1917 4381 2110 4418 narum
2128 4373 2183 4416 et
2202 4363 2516 4419 Griecarum
2537 4362 2958 4432 disciplinarum
2982 4359 3170 4416 Romae
3191 4360 3503 4424 constituit,

1919 4455 2160 4511 decretis
2191 4473 2255 4510 ex
2286 4457 2486 4510 azrario
2524 4455 2831 4525 stipendiis.
2856 4452 2963 4508 Sed
2992 4453 3290 4520 Mutiauus,
3321 4453 3503 4522 philo-

1918 4548 2108 4617 sophis
2175 4547 2383 4602 acriter
2408 4547 2706 4612 accusatis,
2748 4547 2933 4602 effecit
2997 4556 3057 4601 ut
3108 4563 3214 4599 nuo
3254 4546 3505 4599 Musonio

234 4646 491 4710 κείμενος
529 4647 868 4713 συνεγίνετο,
910 4650 1003 4701 καὶ
1061 4652 1119 4703 αἱ
1182 4651 1342 4722 θύραι
1371 4654 1478 4704 τῶν
1520 4655 1810 4724 βασιλείων

1921 4647 2170 4706 excepto,
2201 4636 2428 4691 eosdem
2458 4636 2594 4691 urbe
2619 4636 2872 4706 pelleret.
2908 4637 3168 4690 Avaritia:
3199 4637 3411 4690 crimen
3437 4653 3503 4690 ex

231 4736 584 4805 ἡνεῳγμέναι
606 4737 690 4791 διὰ
724 4741 906 4810 πάσης
953 4743 1050 4810 τῆς
1084 4744 1298 4814 ἡμέρας
1319 4741 1484 4814 ἦσαν,
1524 4748 1617 4800 καὶ
1643 4765 1809 4818 φρουο

236 4827 324 4891 ρος
350 4827 451 4876 οὐκ
507 4821 575 4896 ἦν
620 4828 677 4878 ὲν
708 4829 923 4892 αὐταῖς.
955 4833 1029 4883 Τό
1057 4849 1116 4884 τε
1158 4833 1381 4903 σύμπαν
1430 4836 1496 4904 τῇ
1551 4837 1649 4905 μὲν
1677 4853 1812 4905 προ-

234 4915 347 4984 νοίᾳ
379 4916 488 4966 τῶν
524 4917 722 4970 κοινῶν
777 4922 1136 4992 αὐτοκράτωρ
1183 4927 1493 4995 νενόμιστο,
1531 4927 1611 4990 είς
1645 4927 1811 4980 τᾶλλα

233 5003 289 5056 δὲ
320 5007 497 5059 πάντα
530 5008 707 5071 κοινὸς
731 5012 826 5064 καὶ
853 5013 1137 5076 ίσοδίαιτος
1162 5010 1230 5085 ἦν
1275 5023 1388 5079 τοῖς
1423 5015 1654 5081 λοιποῖς.
1691 5019 1811 5071 Τῶν

235 5097 278 5147 δ’
311 5098 702 5170 Ἰεροσολύμων
749 5103 1009 5170 ἁλόντων,
1039 5107 1070 5156 ὁ
1103 5108 1258 5171 ’ἱίτος
1313 5111 1392 5172 είς
1441 5111 1538 5181 τὴν
1576 5111 1810 5164 Ἰταλίαν

236 5188 552 5242 ἐπανελθὼν
577 5190 646 5242 τά
708 5191 960 5245 ἐπινίκια
1011 5194 1175 5258 αὐτός
1201 5213 1259 5248 τε
1302 5199 1396 5251 καὶ
1430 5199 1458 5251 ὁ
1513 5200 1696 5270 πατὴρ
1727 5202 1808 5269 ἐφ’

237 5275 482 5346 ἅρματος
526 5277 814 5349 ἔπεμψανο
876 5281 1194 5351 συνέπεμπε
1223 5283 1278 5336 δὲ
1321 5285 1507 5354 σφίσιν
1543 5287 1683 5339 αὐτά
1717 5287 1811 5339 καὶ

238 5368 266 5417 ὁ
302 5371 633 5437 Δομετιανὸς
671 5373 958 5425 ὐπατεύων
1020 5375 1111 5425 ἐπὶ
1170 5374 1418 5441 κέλητος.
1454 5377 1608 5429 Μετά
1655 5379 1810 5430 τοῦτο

240 5458 591 5524 διδασκάλους
623 5465 681 5515 ὲν
712 5465 779 5534 τῇ
833 5463 1024 5537 Ῥώμῃ
1057 5467 1150 5518 καὶ
1177 5466 1275 5536 τῆς
1314 5468 1559 5520 Λατίνων
1588 5473 1678 5522 καὶ
1710 5471 1810 5536 τὴς

250 5547 569 5623 Ἑλληνικῆς
633 5554 879 5619 παιδείας
937 5558 1268 5626 κατέστησε,
1335 5559 1526 5627 μισθὸν
1591 5563 1655 5614 ἐκ
1713 5561 1809 5614 τοῦ

239 5640 497 5712 δημοσίου
562 5646 850 5716 φέροντας.
903 5649 1253 5722 Κατηγορίαν
1314 5650 1370 5703 δὲ
1424 5654 1451 5704 ὁ
1497 5653 1810 5716 Μουκιανῖις

241 5735 348 5787 τῶν
397 5737 702 5807 φιλοσόφων
753 5739 954 5810 πολλὴν
1020 5743 1427 5814 ποιησάμενος,
1471 5744 1659 5798 ἔπεισε
1718 5747 1812 5800 τὸν

245 5830 652 5888 Οὐεσπασιανὸν
713 5834 965 5899 ἐξελάσαι
1022 5837 1220 5902 αὐτοὺς
1262 5839 1360 5908 τῆς
1429 5839 1669 5910 Ῥώμης,
1714 5843 1810 5893 καὶ

1924 4747 1990 4785 eo
2015 4730 2214 4794 subiit,
2269 4729 2416 4799 quod
2469 4730 2690 4784 decreta
2738 4729 2844 4784 sibi
2890 4745 2919 4781 a
2960 4729 3287 4798 quihusdam
3323 4740 3503 4783 statua

1924 4824 2102 4893 pretio
2145 4839 2239 4878 CCL
2282 4823 2517 4876 millium
2550 4821 2972 4887 drachmarum,
3019 4837 3182 4874 manu
3219 4831 3444 4876 extenta
3477 4838 3491 4874 :

1919 4916 2205 4970 Pecuniam
2231 4916 2357 4968 milii
2378 4917 2523 4981 date,
2548 4915 2748 4984 inquit,
2776 4932 2903 4968 nam
2926 4913 3201 4969 ha’c’illius
3229 4924 3301 4969 est
3334 4916 3496 4969 basis.

1916 5007 2040 5061 Tito
2072 5006 2184 5062 filio
2213 5007 2284 5062 ob
2317 5007 2634 5061 institutum
2670 5007 2905 5078 vectigal
2936 5009 3218 5078 quoddam
3253 5025 3498 5064 succcn-

1915 5101 2082 5158 scnti.
2120 5115 2321 5154 aureos
2351 5100 2481 5154 inde
2515 5109 2869 5168 comparatos
2906 5101 3169 5165 ostendit,
3207 5118 3269 5154 ac
3297 5104 3502 5172 pericu-

1917 5197 2028 5246 lum
2061 5194 2234 5262 facere
2255 5194 2420 5262 jussit
2461 5211 2529 5247 an
2560 5193 2762 5246 olerent
2793 5194 2818 5248 ?
2853 5194 3090 5248 Aleinus
3126 5207 3179 5246 et
3213 5194 3502 5247 Marcellus

1932 5286 2290 5340 insidiatores
2319 5287 2439 5356 ejus
2468 5287 2798 5357 deprehensi
2834 5300 2961 5342 sunt
2997 5302 3098 5340 :ac
3134 5287 3360 5340 Aleinus
3393 5286 3501 5337 Titi

1910 5380 2067 5448 jussu
2097 5378 2148 5432 itt
2173 5379 2375 5448 palatio
2406 5380 2764 5446 interfectus;
2787 5382 3076 5436 Marcellus
3101 5381 3310 5450 judicio
3342 5382 3498 5434 dam-

1916 5481 2097 5536 natus,
2145 5474 2412 5527 novacula
2450 5474 2554 5528 sibi
2593 5476 2773 5544 gulam
2808 5475 3082 5545 praecidit.
3126 5474 3496 5542 Vespasianus

1915 5579 1983 5617 ex
2019 5562 2162 5618 febri
2211 5563 2471 5630 decessit,
2507 5567 2618 5630 vel,
2658 5575 2718 5619 ut
2755 5566 2846 5620 alii
2875 5567 2942 5620 de
2976 5566 3098 5620 Tito
3129 5567 3495 5630 mentiuntur,

1917 5672 2132 5712 veneno
2165 5657 2220 5710 in
2249 5657 2504 5712 convivio
2537 5658 2754 5712 hausto.
2798 5657 3130 5728 Objurgatus
3169 5675 3198 5711 a
3238 5659 3490 5722 medi-cis,

1916 5748 2064 5816 quod
2101 5748 2155 5800 in
2197 5747 2361 5818 578
2393 5749 2588 5803 morbo
2619 5750 2806 5802 omnia
2831 5744 3014 5801 tu'unia
3052 5747 3229 5802 obiret
3265 5766 3276 5802 :
3312 5747 3495 5820 Impe-

1915 5840 2493 5910 mtarem,respondit,
2523 5852 2751 5894 stantem
2781 5844 3204 5913 moriopnrtcre.
3235 5843 3494 5898 Exstinc-
