3910 6566
418 319 447 327 ς

265 370 369 493 ιθςῇ

1496 418 1901 479 ANNALIUM
1951 403 2239 483 LIBIXI.

3405 412 3512 479 978

268 530 588 593 ἀναϐάλλει,
630 532 758 584 ὅταν
791 531 989 602 ἀθρόον
1051 531 1314 604 ύςριζήση.
1357 534 1465 587 Καὶ
1499 533 1680 595 λίθους
1712 537 1844 590 ἀνα-

1953 540 2180 608 primum
2223 540 2466 612 ingentia
2500 556 2627 596 saxa
2658 539 3007 602 exsilierunt,
3038 536 3238 593 deinde
3283 551 3513 609 magnus

271 626 502 693 πέμπει,
533 624 667 677 ὅταν
696 622 802 677 ὑπὸ
828 624 1138 694 πνεύματος
1167 626 1330 696 ἀρθῇ,
1368 626 1494 696 ὴχεῖ
1531 643 1589 680 τε
1624 629 1718 682 καὶ
1746 628 1846 701 βοᾷ

271 715 783 787 συμπεπιλημένας.
838 716 955 771 ἀλλ’
1002 717 1202 787 ἀραιάς
1252 719 1345 772 καὶ
1403 719 1696 789 ἐλευθέρας
1746 721 1845 785 τάς

272 808 541 872 ἀνσπνοάς
572 809 714 881 ἔχον.
741 807 995 862 Τοιοῦτον
1019 809 1119 879 μέν
1140 810 1254 862 ἐστι
1279 809 1336 862 τὸ
1365 810 1609 865 Βέσϐιον.
1639 811 1771 864 Τότε
1789 811 1845 866 δέ

271 902 477 965 κτύπος
517 899 757 965 ἐξαίσιος
784 900 1047 972 ἐξαπίνης
1082 899 1160 964 ὡς
1183 902 1292 956 τῶν
1323 903 1464 973 δρῶν
1507 903 1845 974 συμπιπτόν-

268 1008 375 1045 των
427 992 755 1061 ἐξηκούσθη.
811 990 920 1046 Καὶ
981 993 1237 1063 ἀνέθορον
1286 992 1501 1062 πρῶτον
1563 995 1662 1063 μὲν
1706 993 1844 1047 λίθοι

268 1083 687 1153 ὕπερμεγέθεις,
715 1082 906 1136 ἔπειτα
933 1082 1042 1153 πῦρ
1073 1084 1208 1137 πολὺ
1234 1083 1328 1137 καὶ
1352 1087 1559 1149 καπνὸς
1588 1087 1844 1152 ἄπλετος,

269 1174 339 1237 ὡς
364 1176 455 1227 κα)⁵
480 1174 574 1227 τὸν
598 1174 749 1245 ἥλιον
770 1173 1207 1247 συγκρυφθῆνοιι,
1243 1177 1335 1230 καὶ
1362 1177 1559 1240 σκότος
1585 1179 1646 1230 ἐκ
1669 1178 1843 1248 φωτὸς

268 1263 547 1333 γενέσθαι.
599 1265 710 1318 Καὶ
753 1265 929 1336 τέφρα
971 1265 1027 1319 δὲ
1069 1266 1384 1338 ἀνεφυσήθη
1433 1267 1734 1338 ἀμύθητος,
1770 1268 1846 1332 ὡς

266 1357 363 1427 τῆς
410 1373 468 1408 τε
501 1356 606 1426 γῆς
636 1355 732 1409 καὶ
774 1357 869 1426 τῆς
907 1356 1185 1428 θαλάσσης
1214 1359 1310 1413 καὶ
1342 1357 1434 1411 τοῦ
1470 1360 1633 1430 ἀέρος
1680 1375 1847 1413 κατα-

268 1447 637 1515 σκεδασθῆναι
675 1448 898 1513 παντὸς,
940 1450 1035 1502 καὶ
1081 1449 1209 1512 τοὺς
1254 1449 1444 1521 ίχθύας
1489 1452 1558 1503 τά
1590 1468 1654 1504 τε
1683 1450 1846 1521 ὄρνεα

262 1541 657 1611 διαφθαρῆναι.
704 1541 799 1595 καὶ
843 1541 953 1595 δύω
994 1542 1198 1611 πόλεις,
1232 1542 1293 1595 τὸ
1342 1559 1402 1595 τε
1455 1543 1847 1614 Ἑρκουλάνεον

263 1636 363 1688 καὶ
414 1636 543 1696 τοὺς
591 1633 931 1704 Πομπηΐους,
975 1635 1032 1688 ἐν
1073 1633 1285 1706 θεάτρῳ
1332 1634 1424 1688 τοῦ
1460 1635 1636 1706 δημου
1664 1637 1847 1693 αὐτῶν

265 1723 608 1795 καθημένου,
637 1725 1085 1798 καταχωσθῆναι.
1115 1727 1363 1798 Τοσαύτη
1402 1727 1447 1781 δ’
1477 1723 1544 1801 ἦν
1584 1730 1615 1800 ή
1647 1729 1845 1800 τέφρα,

265 1818 409 1870 ὥστε
454 1834 509 1870 τι
553 1818 735 1888 αὐτῆς,
764 1821 857 1872 καὶ
888 1820 945 1883 ἐς
978 1818 1254 1891 Ἀφρικὴν
1289 1820 1464 1875 ἐλθεῖν
1510 1821 1603 1875 καὶ
1637 1822 1717 1886 είς
1743 1823 1847 1877 Συ-

1948 630 2087 700 ignis
2111 642 2168 685 et
2202 629 2387 686 fumus
2427 632 2747 694 immensus,
2774 637 2833 684 ut
2884 629 2968 684 sol
3001 628 3373 684 occultaretur
3398 667 3414 691 ,
3458 634 3512 681 et

1945 720 2038 773 lux
2070 721 2122 774 in
2163 723 2422 777 tenebras
2465 730 2904 778 converteretur.
2942 720 3039 776 Est
3084 730 3142 775 et
3177 719 3385 774 cineris
3432 718 3515 774 vis

1949 812 2244 870 ineﬁ‘abilis
2278 813 2474 877 effusa,
2505 828 2615 885 quo
2653 813 2709 868 in
2738 828 2888 877 aere,
2929 821 3076 867 terra
3119 820 3178 866 et
3231 809 3368 864 mari
3398 809 3517 863 dis-

1945 907 2146 975 sipato,
2172 905 2351 976 pisces
2379 915 2435 961 et
2457 906 2715 960 volucres
2741 904 3027 975 perierunt
3056 921 3070 958 :
3095 909 3151 958 et
3180 901 3290 956 duo
3314 899 3516 970 oppida

1948 997 2317 1053 Herculanum
2347 1007 2403 1052 et.
2434 996 2703 1068 Pompeii,
2741 996 2944 1066 populo
2976 994 3029 1049 in
3079 995 3293 1048 theatro
3338 993 3520 1047 consi-

1947 1088 2132 1146 dente.
2163 1099 2294 1143 sunt
2325 1102 2608 1157 oppressa.
2657 1087 2895 1143 Tantum
2932 1100 3096 1155 porro
3140 1085 3346 1139 cineris
3390 1083 3514 1147 fuit,

1946 1191 2009 1239 ut
2046 1184 2390 1253 aliquantum
2431 1182 2597 1237 etiam
2634 1180 2688 1235 in
2727 1180 2991 1243 Africam,
3034 1179 3088 1233 in
3123 1177 3418 1248 Egyptum
3461 1185 3521 1233 et

1947 1274 2181 1345 Syriam,
2210 1274 2491 1345 ipsamque
2518 1274 2746 1328 Romam
2779 1271 3115 1342 perferretur
3150 1288 3163 1324 :
3202 1267 3347 1325 unde
3419 1283 3519 1335 pe-

1950 1364 2199 1420 stilentia
2234 1372 2527 1419 consecuta
2554 1372 2665 1418 est.
2701 1363 2858 1417 Titus
2888 1378 3017 1417 vero
3035 1360 3329 1431 Campanis
3367 1358 3521 1414 colo-

1949 1474 2048 1515 nos
2083 1457 2256 1521 misit,
2291 1466 2345 1512 et
2382 1456 2644 1527 pecunias
2682 1454 2930 1521 donavit,
2971 1469 3162 1508 eorum
3213 1452 3526 1523 prmsertim

1947 1547 2042 1616 qui
2097 1546 2216 1601 sine
2270 1545 2587 1601 liazredibus
2636 1544 3033 1599 decesserant:
3067 1543 3181 1615 ipse
3227 1559 3256 1599 a
3299 1542 3522 1598 nemine

1948 1638 2273 1710 quidquam,
2302 1637 2407 1693 etsi
2440 1637 2597 1693 multi
2642 1636 2930 1701 oﬁ'crrent,
2956 1635 3190 1706 accepit.
3227 1633 3393 1689 Multa
3423 1650 3525 1703 νυσ-

1949 1730 2094 1785 blica
2136 1728 2369 1786 aediﬁcia
2416 1727 2485 1782 de.
2533 1743 2636 1784 suo
2679 1725 2953 1783 exstruxit
2990 1744 3004 1781 :
3047 1724 3208 1780 ludos
3243 1725 3526 1781 mirabiles

1949 1822 2101 1886 fecit,
2132 1814 2186 1877 in
2209 1821 2412 1892 quibus
2432 1820 2683 1893 globulos
2702 1821 2913 1891 ligneos
2936 1818 3251 1890 dejicicliat.
3292 1817 3349 1872 in
3386 1831 3527 1887 quo-

267 1909 396 1978 ρίαν
434 1909 530 1962 καὶ
560 1910 640 1973 εἰς
666 1910 767 1982 τὴν
805 1909 1080 1979 Αἴγυπτον
1112 1911 1207 1965 καὶ
1237 1913 1317 1976 είς
1356 1913 1530 1985 αὐτὴν
1575 1914 1673 1984 τὴν
1712 1913 1844 1968 Ῥώ-

1953 1931 2072 1971 rum
2107 1915 2230 1970 aliis
2259 1914 2522 1970 esculenti
2549 1913 2777 1982 aliquid.
2802 1913 2922 1967 aliis
2945 1911 3134 1975 vestis,
3157 1910 3279 1966 aliis
3305 1924 3531 1977 aurum,

268 2021 402 2074 μην,
436 2005 495 2070 ἐξ
518 2001 587 2077 ἦς
615 2004 844 2078 ὕστερον
872 1996 1031 2077 λοίμιῖ
1047 2007 1144 2077 δης
1168 2007 1322 2072 νόσος
1352 2007 1671 2083 ἐνέσκηψεν.
1704 2008 1767 2063 Ὃ
1795 2009 1844 2063 δ’

263 2090 359 2148 οὖν
390 2096 549 2158 Τῖτος
581 2102 687 2161 τοῖς
719 2099 1046 2169 Καμπανοίς
1076 2100 1169 2152 καὶ
1198 2102 1446 2164 οἰκιστὰς
1481 2100 1722 2171 έπεμψε,
1750 2099 1845 2154 καὶ

266 2187 530 2258 χρήματα
564 2189 873 2261 ἐδωρήσατο
911 2191 1046 2246 ἄλλα
1073 2209 1133 2245 τε
1167 2192 1260 2246 καὶ
1304 2192 1373 2245 τὰ
1414 2193 1522 2246 τῶν
1549 2192 1849 2265 ἀκληρονο-

272 2278 487 2345 μήτων.
522 2275 692 2341 Αὐτὸς
722 2280 777 2332 δὲ
806 2281 960 2334 οὐδὲν
990 2282 1118 2353 παρ’
1147 2282 1381 2349 ούδενδς,
1411 2283 1592 2338 καίτοι
1632 2283 1846 2337 πολλῶν

269 2368 545 2436 διδόντων,
591 2370 831 2436 ἐδέξατο.
867 2374 911 2425 Π
945 2372 1046 2426 λλά
1091 2373 1147 2427 δὲ
1194 2374 1303 2428 τῶν
1343 2375 1620 2447 δημοσίων
1666 2375 1847 2449 ἔργων

267 2460 571 2531 ἀνέστησεν
609 2462 843 2529 οἴκοθεν,
868 2465 962 2519 καὶ
980 2465 1198 2535 ἀγῶνας
1221 2467 1445 2538 ἐποίησε
1472 2468 1845 2539 θαυμαστοὺς,

270 2553 331 2604 ἐν
356 2546 437 2614 οἷς
473 2556 701 2626 σφαιρία
731 2554 919 2622 ξύλινα
958 2557 1130 2627 μικρὰ
1158 2557 1365 2613 ἀνωθεν
1401 2559 1674 2630 ἐῤῥίπτει,
1708 2560 1851 2633 σύμ-

270 2644 427 2697 ϐολον
465 2645 658 2716 ἔχοντα
690 2649 749 2701 τὺ
782 2647 882 2720 μὲν
916 2649 1181 2721 ἐδωδίμου
1216 2650 1381 2716 τινὸς,
1417 2651 1479 2704 τὸ
1512 2651 1568 2706 δέ
1596 2653 1847 2725 ἐσθῆτος,

273 2737 401 2791 ἄλλο
423 2740 654 2809 χρυσοῦ,
705 2738 907 2805 ἵππων,
956 2741 1287 2811 ὑποζυγίων,
1328 2743 1715 2815 βοσκημάτων,
1756 2745 1853 2798 ἀν-

269 2830 552 2900 δραπόδων
574 2846 589 2862 ο
619 2831 655 2886 ἀ
692 2832 742 2885 oi
792 2831 1136 2902 ἁρπάζοντες
1172 2834 1307 2905 πρὸς
1342 2835 1466 2899 τοὺς
1489 2835 1726 2906 δοτῆρας
1762 2835 1854 2889 αὐ·

270 2921 379 2973 τῶν
410 2922 715 2992 ἀπάγοντες
752 2923 812 2975 τὸ
844 2925 1329 2997 ἐπιγεγραμμένον
1360 2926 1687 2996 ἐλάμδανον.
1717 2924 1855 2980 Τού-

270 3031 365 3066 του
393 3014 507 3067 ἐστὶ
535 3016 629 3068 καὶ
660 3018 690 3086 ἡ
720 3015 963 3086 ἀοίδιμος
984 3019 1165 3088 ἐκείνη
1189 3018 1338 3086 φωνὴ
1363 3019 1642 3083 εἰπόντος·
1669 3018 1856 3089 Σήμεο

266 3118 379 3172 μον
415 3107 528 3159 οὐκ
575 3107 971 3175 ἐϐασίλευσα,
1017 3109 1146 3165 ἐπεὶ
1185 3108 1406 3165 οὐδένα
1452 3109 1851 3180 εὐηργέτησα.

273 3198 480 3253 Τούτου
528 3200 608 3273 τῷ
648 3201 851 3275 πρώτῳ
884 3203 995 3257 ἔτει
1027 3204 1185 3267 Δῖνος
1224 3205 1253 3258 δ
1289 3202 1508 3279 πρῶτος
1554 3203 1854 3267 ἐπίσκοπος

272 3295 374 3362 τῆς
403 3260 708 3363 Ῥωμαίων.
723 3260 1050 3365 Ἐκκλησίας
1070 3260 1348 3351 τελευτῶν.
1367 3260 1715 3367 Ἀνεγκλητῳ
1734 3260 1757 3366 ⁷(
1769 3260 1851 3365 15⁵
1880 3260 1924 3320 c

272 3384 375 3456 τὴν
427 3386 844 3458 ἀρχιερωσύνην
905 3388 1211 3458 παρέδωκε.
1258 3388 1349 3456 Τῷ
1392 3388 1443 3441 δ’
1478 3388 1853 3459 ἐπιγενομένη)

273 3476 389 3531 ἔτει
414 3479 750 3549 μετήλλαξεν
781 3483 807 3534 ὁ
831 3483 1009 3544 Τίτος,
1042 3481 1119 3545 ὡς
1149 3481 1249 3552 μιν
1282 3481 1436 3551 φήμη
1468 3482 1681 3552 κρατεῖ,
1714 3479 1852 3552 πρὸς

1945 2008 2098 2078 equi.
2117 2009 2389 2080 iumenta,
2418 2006 2679 2077 pecudes,
2724 2006 2999 2076 mancipia
3035 2003 3303 2072 inscripta
3344 2010 3527 2066 erant,

1947 2115 2068 2173 quae
2099 2100 2192 2170 qui
2218 2108 2538 2170 rapuerant,
2570 2113 2695 2154 eum
2730 2098 2799 2153 ad
2826 2098 3238 2167 dispensatores
3267 2094 3529 2165 pertulis-

1946 2199 2095 2257 sent,
2117 2207 2178 2247 ea
2197 2192 2560 2263 accipiebant,
2590 2206 2712 2261 quae
2736 2190 3004 2258 inscripta
3031 2196 3212 2243 erant.
3240 2184 3414 2257 Hujus
3438 2193 3531 2243 est

1947 2283 2111 2339 etiam
2138 2283 2412 2339 celebrata
2438 2283 2527 2337 illa
2557 2298 2681 2345 vox,
2705 2297 2828 2336 cum
2851 2279 3014 2337 dixit:
3044 2278 3209 2333 Hodie
3237 2294 3340 2331 non
3363 2278 3535 2345 impe-

1950 2377 2084 2441 ravi,
2117 2377 2241 2446 quia
2281 2377 2477 2429 nemini
2506 2374 2751 2444 benefeci.
2783 2371 2970 2426 Primo
3000 2372 3119 2442 ejus
3147 2384 3293 2424 anno
3314 2368 3486 2423 Linus
3509 2404 3529 2435 ,

1950 2466 2162 2537 primus
2209 2466 2581 2521 Romanorum
2611 2466 2907 2536 episcopus
2930 2504 2945 2530 ,
2992 2461 3235 2516 moriens
3267 2460 3530 2516 thronum

1950 2557 2214 2613 Anacleto
2259 2557 2506 2627 reliquit.
2550 2555 2710 2615 Anno
2748 2554 3006 2625 sequenti
3056 2551 3301 2608 decessit
3346 2550 3530 2617 Titus,

1952 2650 2039 2704 vel
2088 2647 2307 2705 insidiis
2354 2647 2561 2713 fratris,
2612 2646 2699 2702 vel
2745 2662 2813 2702 ex
2869 2646 3084 2700 morbo.
3133 2644 3172 2699 Δ
3216 2641 3541 2699 Domitiano.

1951 2750 2102 2796 certe
2129 2740 2354 2814 quidem
2381 2741 2597 2810 spirans
2625 2738 2810 2794 adhuc
2835 2779 2849 2803 ,
2895 2753 3021 2793 cum
3054 2737 3264 2791 diutius
3299 2736 3542 2797 forsitan-

1951 2835 2141 2890 vivere
2174 2842 2381 2905 posset,
2418 2833 2472 2887 in
2498 2833 2693 2888 cistam
2719 2831 2850 2886 nive
2872 2825 3091 2902 plenam
3116 2839 3197 2885 est
3223 2830 3533 2900 coniectus,

1954 2925 2112 2998 quasi
2141 2925 2369 2980 morbus
2406 2923 2884 2997 refrigerationem
2924 2923 3255 2994 postularet.
3298 2919 3545 2975 Moritu-.

1956 3034 2052 3074 rus
2088 3034 2142 3072 se
2181 3034 2345 3072 unum
2394 3016 2648 3087 quiddam
2694 3031 2933 3088 peccasse
2980 3014 3141 3080 dixit,
3192 3012 3338 3083 quod
3371 3011 3535 3082 quale

1957 3119 2130 3177 esset,
2177 3125 2291 3164 non
2348 3109 2665 3180 explicavit.
2717 3107 2950 3177 Quidam
3002 3106 3062 3165 id,
3113 3106 3180 3160 ad
3241 3105 3535 3167 Domitiam

1954 3201 2148 3257 fratris
2190 3214 2447 3267 uxorem,
2480 3214 2662 3275 quam
2694 3196 2964 3261 duxerat.
3002 3196 3292 3260 referunt;
3326 3197 3418 3250 alii
3463 3195 3535 3252 ad

1959 3293 2363 3360 Domitianum,
2392 3306 2556 3365 quem
2602 3300 2788 3363 aperte
2828 3290 2931 3352 sibi
2991 3290 3381 3354 insidiantem,
3423 3305 3536 3353 non

1958 3385 2287 3458 peremisset
2313 3399 2502 3455 :aquo
2523 3393 2579 3442 et
2601 3384 2719 3453 ipse
2746 3382 2982 3449 interiit,
3014 3390 3071 3443 et
3093 3381 3402 3447 Romanum
3436 3378 3543 3443 in),

1959 3477 2177 3550 perium
2213 3477 2308 3539 tali
2342 3477 2463 3531 viro
2494 3475 2746 3532 tradidit.

201 3623 211 3629 .
270 3573 367 3626 τοῦ
418 3573 650 3646 ἀδελφοῦ
700 3574 1145 3645 ἐπιϐουλευθεὶς,
1189 3575 1264 3640 ὡς
1297 3576 1343 3631 δ’
1381 3575 1514 3630 ἔνιοι
1552 3576 1850 3647 γράφουσι,
1891 3576 2152 3649 νοσήσας.
2192 3573 2478 3640 Ἐμπνουν
2514 3573 2709 3642 μέντοι.
2764 3569 2928 3631 αὐτὸν
2965 3569 3047 3625 ἐτι
3075 3568 3205 3623 ὄντα
3271 3571 3363 3631 καὶ.
3393 3567 3537 3637 τάχα

272 3666 368 3719 καὶ
396 3668 779 3739 περιγενέσθαι
835 3669 1131 3740 δυνάμενον
1182 3670 1239 3733 ἐς
1288 3667 1536 3746 λάρνακα
1604 3668 1794 3744 πλήρη
1864 3668 2050 3745 χιόνος
2099 3668 2126 3721 ὁ
2173 3664 2501 3736 Δομετιανὸς
2531 3662 2808 3729 ἐνέϐαλεν,
2841 3663 2915 3729 ὡς
2945 3663 3207 3735 δεομένης
3236 3662 3336 3734 τῆς
3376 3662 3535 3717 νόσου

271 3758 415 3828 τάχα
461 3759 606 3823 me;
637 3761 1001 3832 περιψύξεως.
1036 3761 1359 3835 Ἀποψύχων
1393 3763 1448 3815 δὲ
1481 3763 1658 3822 εἰπεῖν
1730 3762 1951 3832 λέγεται
2012 3762 2099 3822 ὅτι
2162 3759 2272 3813 Ἐν
2299 3759 2493 3830 μόνον
2525 3756 2991 3827 ἐπλημμέλησα.
3054 3757 3120 3819 Τί
3168 3756 3225 3815 δὲ
3272 3756 3432 3810 τοῦτο
3468 3754 3538 3827 ἦν

279 3853 345 3907 ού
380 3852 705 3924 διεσάφησε.
743 3856 901 3920 Τινὲς
936 3857 1035 3929 μὲν
1100 3852 1196 3911 οὖν
1265 3856 1519 3926 λέγουσιν
1592 3858 1675 3910 ὅτι
1721 3857 1822 3923 τὴν
1891 3854 2156 3926 Δομετίαν
2214 3854 2337 3924 ἔσχε
2383 3853 2483 3922 τὴν
2528 3854 2763 3921 γυναῖκα
2803 3850 2898 3906 τοῦ
2948 3850 3219 3921 ἀδελφοῦ·
3256 3850 3432 3921 ἕτεροι
3479 3847 3537 3902 δὲ

273 3949 359 4002 δτι
418 3948 511 4002 τδν
571 3950 900 4019 Δομετιανὸν
983 3951 1083 4005 οὐκ
1128 3951 1474 4016 ἀπέκτεινεν,
1550 3950 1973 4007 ἐπιϐουλεύοντά
2028 3950 2078 4009 οι
2139 3948 2348 4018 σαφῶς,
2405 3945 2522 3999 ἀλλ’
2574 3945 2737 4008 αὑτός
2786 3962 2845 3999 τε
2895 3944 2987 3999 ὕπ’
3048 3943 3261 3998 ἐκείνου
3321 3942 3540 4014 ἐφθάρη

274 4040 373 4092 καὶ
421 4040 520 4107 τὴν
574 4041 865 4112 Ῥωμαίων
894 4042 1069 4115 ἀρχὴν
1113 4044 1266 4116 ἀνδρὶ
1294 4044 1521 4116 τοιούτῳ
1565 4043 1856 4110 ἐξέδωκεν.

350 4131 450 4184 ιε’.
498 4133 622 4187 Ἔτι
679 4133 813 4202 γοῦν
865 4135 961 4189 τοῦ
1010 4136 1172 4191 Τίτου
1225 4137 1579 4208 ἐμπνέοντος,
1629 4137 1709 4201 είς
1758 4134 1851 4207 τὴν

2033 4135 2177 4191 XIX.
2217 4136 2268 4196 Is
2293 4135 2419 4194 Tito
2452 4132 2636 4190 adhuc
2675 4131 2923 4205 spirante
2954 4131 3184 4188 Romam
3216 4127 3491 4200 equitavit
3515 4146 3551 4196 επ

283 4222 511 4293 Ῥώμην
552 4224 867 4293 ἀφίππευσε
903 4228 999 4281 καὶ
1036 4230 1115 4293 είς
1151 4229 1213 4282 τὸ
1248 4229 1614 4301 στρατόπεδον
1643 4228 1859 4307 εἰσελη-

272 4315 406 4368 λυθε
447 4317 543 4370 καὶ
576 4319 672 4388 τὴν
705 4319 992 4388 ἐπίκλησιν
1022 4322 1117 4374 καὶ
1144 4320 1247 4393 τὴν
1287 4320 1540 4387 ἐξουσίαν
1565 4320 1662 4375 τοῦ
1700 4320 1850 4378 αὐτο·

273 4404 549 4474 κράτορος
598 4404 807 4461 ἔλασεν.
835 4404 943 4462 Ἦν
988 4408 1047 4465 δέ
1093 4408 1302 4485 θρασὺς
1346 4412 1440 4464 κα)⁸
1479 4409 1718 4482 ὀργίλος,
1761 4410 1857 4471 καὶ

277 4494 588 4559 ἐπίϐουλος,
616 4496 712 4550 καὶ
741 4497 1034 4568 κρυψίνους
1055 4513 1071 4531 ⁸
1107 4498 1398 4577 ἄνθρωπον
1428 4500 1485 4554 δέ
1509 4500 1733 4572 ἐφίλησε
1758 4500 1861 4571 μὲν

275 4588 498 4658 ἀληθῶς
530 4588 722 4643 οὐδένα
753 4590 893 4661 πλήν
913 4606 1078 4646 τινων
1099 4591 1397 4663 γυναικῶν.
1437 4591 1767 4649 Ἐπλάττετο
1799 4590 1858 4645 δέ

280 4680 506 4751 ἀγαπᾷν
549 4679 608 4734 δν
659 4680 895 4750 μάλιστα
941 4686 1149 4737 κτεῖναι
1177 4683 1388 4755 ἢθελεν.
1428 4684 1694 4746 ’Λπιστος
1725 4681 1859 4751 γοῦν

281 4772 382 4826 κει)⁸
407 4772 542 4839 πρδς
584 4773 707 4837 τοὺς
749 4771 1142 4843 χαριζομένους
1168 4774 1318 4849 αύτῷ
1381 4774 1478 4828 καὶ
1519 4773 1858 4844 ὑπηρετοῦν-

281 4880 381 4926 τας
440 4867 521 4929 εἰς
566 4866 638 4919 τά
683 4866 966 4922 δεινότατα
993 4863 1080 4940 ἦν.
1114 4870 1225 4923 Καὶ
1256 4870 1417 4923 ὁπότε
1457 4870 1600 4933 τινὲς
1641 4869 1790 4940 αὐτῷ
1822 4869 1856 4941 ἢ

282 4957 519 5010 πλεῖστα
557 4958 844 5028 πορίσειαν
881 4960 1144 5031 χρήματα
1186 4961 1218 5031 ἢ
1251 4959 1480 5024 πολλοὺς
1512 4963 1858 5034 συκοφαντή-

285 5063 462 5110 eam,
489 5046 712 5110 τούτους
738 5050 1035 5115 ἐκτίννυεν,
1070 5049 1138 5104 ἶν’
1163 5049 1255 5104 ὑπ’
1291 5051 1473 5104 αὐτῶν
1521 5051 1700 5120 μόνων
1727 5050 1857 5121 δοκῇ

286 5140 607 5208 προσαίνειν
648 5141 719 5195 τά
756 5142 1093 5215 ἀδικήματα.
1118 5144 1389 5208 Κάκιστος
1425 5144 1482 5197 δέ
1504 5144 1580 5198 ὢν
1612 5146 1706 5198 καὶ
1735 5145 1861 5209 τοὺς

284 5231 384 5287 τοῦ
429 5235 639 5304 πατρὸς
692 5234 787 5288 καὶ
842 5235 935 5289 τοῦ
982 5235 1212 5305 ἀδελφοῦ
1246 5237 1434 5304 φίλους
1478 5237 1690 5306 ἀτίμως
1722 5233 1857 5306 εἶχε,

283 5323 411 5385 τοὺς
440 5322 497 5376 δὲ
527 5325 624 5377 καὶ
656 5322 903 5378 διώλεσε.
942 5325 1055 5379 Καὶ
1089 5324 1188 5398 τὴν
1220 5328 1450 5394 γυναῖκα
1479 5324 1646 5380 αὐτοῦ
1695 5329 1862 5393 Δομι-

283 5412 408 5466 τίαν
432 5413 508 5478 ὡς
537 5415 632 5468 ἐπὶ⁴
659 5413 877 5486 μοιχείᾳ
905 5415 1295 5488 ἀπεπέμψατο,
1327 5418 1418 5471 τὸν
1450 5419 1622 5493 Πάριν
1644 5418 1736 5474 τὸν
1767 5419 1861 5491 ὁρ-

1956 4239 2259 4300 castraque‘
2286 4230 2571 4299 ingressus
2593 4268 2609 4289 ,
2637 4235 2694 4283 et
2734 4231 3160 4297 cognomentum
3187 4230 3245 4279 et
3288 4228 3538 4293 potestas

1957 4331 2067 4379 tem
2099 4321 2450 4393 imperatoris
2473 4318 2688 4391 accepit
2716 4336 2732 4374 :
2764 4317 2933 4373 homo
2969 4315 3149 4372 audax
3170 4355 3185 4382 ,
3213 4313 3537 4382 iracundus,

1957 4412 2269 4480 insidiator,
2305 4410 2521 4468 occulti
2553 4408 2778 4482 ingenii,
2822 4408 3134 4464 mortalium
3152 4405 3429 4464 neminem
3467 4419 3540 4463 ex

1957 4505 2141 4558 animo
2178 4502 2435 4574 diligens,
2472 4509 2676 4573 praeter
2716 4499 2977 4554 mulieres
3018 4495 3284 4568 quaedam
3327 4511 3343 4550 :
3384 4510 3540 4552 sum-

1958 4609 2109 4649 mum
2165 4609 2295 4665 erga
2346 4607 2444 4648 eos
2493 4606 2636 4662 quos
2682 4590 2918 4649 maxime
2966 4586 3215 4658 perditos
3253 4585 3537 4655 cupiebat,

1958 4704 2201 4745 amorem
2233 4689 2500 4743 simulans
2532 4707 2547 4741 :
2577 4684 2782 4741 inﬁdus
2811 4684 2878 4739 iis
2899 4683 2994 4753 qui
3026 4680 3128 4752 ipsi
3158 4679 3541 4752 gratiﬁcabau-

1961 4789 2070 4845 tur,
2121 4787 2177 4835 et
2222 4780 2278 4835 in
2310 4778 2478 4833 rebus
2513 4777 2678 4855 580
2709 4772 3075 4830 atrocissimis
3111 4786 3334 4844 operam
3365 4786 3538 4827 nava-

1960 4869 2116 4925 bant.
2143 4868 2278 4928 Nam
2305 4866 2401 4943 qui
2424 4866 2715 4927 maximam
2741 4862 2791 4917 ei
2825 4860 3110 4932 pecuniam
3140 4858 3537 4929 procurabant.

1960 4969 2057 5015 aut
2102 4958 2306 5012 multos
2336 4954 2841 5016 calumniabantur,
2870 4967 2968 5006 eos
2996 4949 3284 5006 occidebat
3310 4987 3327 5011 ,
3359 4956 3419 5003 ut
3465 4948 3557 5009 ab.

1963 5052 2071 5107 illis
2091 5046 2585 5120 duntaxatinjuriae
2611 5044 2887 5118 proﬁcisci
2916 5042 3255 5098 viderentur.
3276 5041 3455 5097 Patris
3479 5049 3537 5107 et

1962 5143 2146 5198 fratris
2173 5142 2403 5206 amicos,
2453 5147 2513 5195 ut
2539 5139 2705 5194 homo
2742 5137 3035 5208 pessimus,
3068 5136 3267 5207 partim
3297 5132 3534 5204 ignomi-

1960 5237 2119 5293 niose
2138 5226 2431 5298 tractabat,
2448 5235 2647 5305 partim
2665 5233 2974 5288 occidebat.
2990 5231 3226 5288 Uxorem
3244 5225 3539 5294 Domitiam

1966 5342 2063 5397 per
2085 5341 2304 5381 causam
2332 5323 2591 5379 adulterii
2615 5321 2945 5394 repudiavit,
2972 5319 3170 5375 Paride
3197 5317 3453 5371 saltatore
3476 5312 3534 5366 in

1964 5418 2143 5474 media
2165 5418 2254 5473 via
2275 5417 2424 5472 illius
2445 5431 2609 5471 causa
2632 5415 2838 5471 occiso.
2861 5415 3000 5471 Cum
3029 5411 3139 5466 ﬁlia
3163 5408 3348 5463 fratris
3368 5404 3533 5471 Julia,

1475 5570 1676 5633 Variae
1708 5570 2016 5634 lectiones
2053 5576 2115 5635 et
2149 5576 2344 5633 notae.

362 5687 477 5760 (l3)
496 5760 506 5762 ς
525 5691 922 5761 Ἀνεγκλήτῳ.
952 5692 1031 5749 Ita
1061 5694 1228 5750 etiam
1266 5704 1379 5750 tres
1406 5709 1539 5750 mss.
1568 5707 1731 5762 quem
1753 5708 1856 5748 no-

289 5762 395 5835 stri
422 5760 583 5835 vulgo
609 5760 929 5835 Anacletuin
963 5774 1180 5835 vocant,
1214 5765 1378 5835 quasi.
1401 5760 1856 5835 istiusPontiﬁcis

1957 5691 2258 5749 crediderit
2282 5691 2543 5747 Zonaras.
2572 5689 2666 5747 Sic
2692 5704 2860 5760 porro
2888 5686 3127 5760 scriptos
3181 5682 3404 5760 Eusebii
3433 5698 3532 5739 co.-

1956 5763 2109 5818 diees
2155 5765 2415 5834 praeferre
2465 5767 2655 5821 monet
2696 5752 2872 5815 'llenr.
2924 5752 3183 5819 Valesius.
3206 5753 3273 5809 ad
3303 5752 3400 5815 lib.
3440 5768 3537 5823 tu,

292 5830 526 5891 Romani
572 5847 773 5889 nomen
820 5832 1173 5895 affectatione
1215 5830 1455 5909 quadam
1508 5834 1849 5893 cﬂ'erendum
1953 5848 2075 5912 cap.
2112 5830 2203 5895 i3.
