3756 6548
398 343 504 402 979

1665 293 1991 410 ΙΟᾸΝΝΙΒ
2029 349 2351 411 ΖΟΝΑΡιίΕ

3100 340 3133 357 ο

3491 350 3572 435 ξιξ-θ

402 464 664 527 tanquam
706 473 895 524 uxore,
939 458 1085 514 haud
1120 459 1534 519 dissimulanter
1565 464 1944 523 remltabebat

2077 465 2282 537 χηστὴν
2322 467 2379 521 ἐν
2416 467 2557 541 μέσῃ
2587 471 2652 538 τῇ
2686 469 2789 539 6δῷ
2818 470 2887 522 δι’
2907 469 3076 539 αὐτὴν
3106 471 3375 540 φονεύσας,
3408 480 3497 535 Καὶ
3524 490 3575 558 τῇ

398 546 603 601 Deinde
626 562 657 601 a
692 549 893 618 populo
923 560 1202 615 exoratus,
1238 552 1293 606 in
1326 552 1555 623 gratiam
1582 567 1707 606 eum
1738 552 1969 607 Domitia

281 685 284 688 .
394 640 578 703 rediit,
599 640 692 695 scd
711 641 868 696 Julia:
886 644 1286 700 consuetudine
1310 644 1484 700 nihilo
1507 645 1693 700 secius
1714 661 1845 720 usus
1861 656 1968 700 est.

393 729 451 784 lu
471 730 699 787 Galliam
721 734 1020 803 profectus,
1043 746 1099 790 et
1124 745 1273 791 trans
1296 737 1574 804 Rhenum,
1598 754 1757 808 agros
1776 753 1968 793 eorum

393 835 517 875 cum
563 824 766 893 quibus
798 841 899 894 pax
932 826 1328 889 intercedebat,
1363 828 1676 898 populatus,
1707 828 1863 898 quasi
1912 842 1970 882 re

396 914 654 982 praeclare
671 924 821 983 gesta
841 914 1386 984 superbiebat,aucto
1405 917 1677 972 militibus
1693 917 1970 987 stipendio

393 1002 464 1056 ob
524 1004 805 1057 victoriam
858 1006 1091 1060 scilicet.
1144 1006 1279 1062 Nam
1324 1023 1449 1063 cum
1493 1009 1577 1063 eis
1625 1017 1971 1079 septuagenae

391 1095 573 1162 quinte
599 1094 871 1150 drachma:
908 1098 1278 1165 solverentur,
1340 1110 1604 1157 centenas
1642 1102 1759 1156 dari
1782 1102 1968 1173 jussit.

388 1186 558 1256 Cujus
592 1188 898 1258 largitionis
933 1206 1057 1245 cum
1098 1192 1448 1261 pmnituisset
1474 1235 1487 1260 ,
1523 1194 1817 1264 stipendiis
1858 1211 1967 1250 non

389 1279 715 1343 imminutis,
743 1283 837 1335 sed
868 1298 1097 1339 numero
1121 1286 1355 1339 tnilitum
1388 1294 1700 1353 contracto,
1736 1296 1968 1358 utraque

389 1384 448 1425 re
475 1372 795 1441 reipublicae
861 1375 1095 1429 multum
1149 1377 1580 1434 incommodavit
1617 1379 1804 1449 :quod
1868 1394 1970 1433 nec

387 1461 521 1516 satis
555 1470 714 1516 erant
743 1464 836 1533 qui
872 1480 991 1519 eam
1022 1464 1415 1532 defenderent,
1442 1478 1495 1524 et
1526 1484 1717 1538 magna
1762 1468 1971 1537 stipen-

388 1551 485 1607 dia
533 1554 899 1634 accipiebant.
950 1556 1057 1613 Eos
1095 1575 1126 1613 a
1155 1560 1357 1630 quibus
1388 1561 1810 1623 observabatur,
1844 1568 1899 1615 et
1938 1575 1968 1613 a

387 1645 591 1713 quibus
620 1648 1004 1721 negligebatur
1028 1692 1042 1715 ,
1073 1666 1140 1706 ex
1171 1667 1330 1723 aequo
1362 1652 1555 1708 oderat
1605 1670 1618 1707 :
1669 1654 1870 1709 alteros
1912 1661 1970 1707 ut

385 1741 722 1811 adulatores,
760 1746 964 1801 alteros
1012 1755 1077 1811 ut,
1116 1757 1551 1818 contemptores.
1582 1747 1758 1802 Falsis
1790 1745 1966 1801 victo.

390 1834 783 1906 riisjictandis
812 1840 1158 1896 consulatum
1193 1842 1248 1895 in
1280 1841 1632 1906 decennium,
1673 1853 1962 1895 censuram
2002 1828 2040 1882 Β

386 1941 486 1995 per
520 1940 739 1983 omnem
774 1939 989 1986 aetatem
1023 1933 1256 2001 accepit.
1299 1931 1451 1986 Multi
1480 1930 1846 2003 provinciales
1893 1930 1964 1985 ob

387 2018 659 2075 violentas
711 2021 1028 2079 exactiones
1061 2022 1406 2088 defecerunt,
1460 2033 1521 2078 ut
1570 2025 1909 2080 Nasamones
1949 2043 1962 2079 :

385 2112 478 2180 qui
511 2123 563 2167 et
608 2123 909 2182 quaestores
955 2116 1302 2185 occiderunt,
1347 2128 1402 2174 et
1448 2118 1720 2174 Numidiae
1767 2129 1965 2189 praetoa

388 2219 502 2257 rem
546 2205 798 2262 Flaccum
833 2210 906 2264 ita
938 2209 1212 2277 vicerunt,
1251 2220 1311 2267 ut
1342 2212 1538 2268 castris
1566 2214 1688 2283 ejus
1714 2213 1964 2283 potiren-

388 2302 479 2349 tur
513 2297 565 2351 in
595 2297 798 2368 quibus
839 2315 960 2355 cum
998 2315 1201 2371 praeter
1240 2303 1348 2359 alia
1389 2304 1618 2369 cibaria,
1667 2304 1778 2358 vini
1828 2319 1964 2375 quo-

385 2402 493 2457 que
523 2390 735 2460 copiam
783 2395 1155 2462 reperissent,
1185 2395 1441 2452 inebriati
1488 2396 1961 2451 obdormiveruut.

385 2478 506 2546 Quo
545 2481 774 2538 Flaccus
819 2486 1060 2553 cognito,
1113 2503 1211 2543 eos
1257 2503 1546 2560 aggressus
1587 2489 1965 2545 internecione

386 2572 609 2637 delevit,
640 2589 705 2630 ac
737 2591 805 2630 ne
850 2577 1060 2633 imbelli
1094 2579 1317 2650 quidem
1342 2581 1490 2637 aetati
1535 2579 1802 2651 pepercit.
1845 2579 1964 2645 Quo

386 2682 644 2726 tuceessu
690 2672 868 2729 elatus
896 2674 1261 2743 Domitianus,
1292 2676 1357 2731 ad
1392 2685 1640 2732 senatum
1698 2674 1837 2731 dixit
1905 2690 1965 2729 se

387 2761 790 2819 Nasamonibus
820 2765 930 2820 vita
965 2768 1338 2824 interdixisse.
1371 2768 1490 2824 .lam
1519 2770 1668 2824 enim
1700 2770 1872 2824 Deum
1907 2785 1965 2824 se

386 2855 670 2924 perhiberi
698 2858 938 2924 volebat,
970 2868 1027 2916 et
1052 2861 1225 2915 Deum
1252 2876 1316 2916 ac
1348 2861 1639 2917 Dominum
1689 2861 1964 2916 nominari

390 2962 740 3018 summOperc
762 2950 1068 3007 lcetabatur.
1094 2953 1270 3023 Atque
1287 2953 1404 3008 haec
1434 2969 1543 3008 non
1575 2963 1786 3009 tantum
1816 2952 1967 3009 dice-

2074 557 2328 629 ἀδελφιδῇ
2357 559 2556 632 Ἰουλίᾳ
2584 561 2695 631 (Η)
2728 563 2890 631 συνῆν
2916 562 3392 633 ἀπαρακαλύπτως,
3418 570 3480 635 ὼς
3503 593 3578 641 γει.

2076 657 2234 726 μετῇ.
2274 651 2405 710 Εἶτα
2431 658 2716 726 δεηθέντος
2751 657 2844 711 τοῦ
2886 658 3060 727 δήμου
3100 660 3393 730 κατηλλάγη
3426 666 3579 741 μέντῇ

2071 749 2322 821 Δομιτίᾳ,
2353 750 2552 820 ἐχρῆτο
2583 750 2628 804 δ’
2657 751 2811 805 οὐδὲν
2842 746 3007 822 ἦττον
3035 754 3101 822 τῇ
3146 753 3350 825 Ἰουλίᾳ.
3379 756 3474 810 Καὶ
3508 778 3584 828 με.

2070 840 2141 893 τὰ
2178 838 2353 896 ταῦτα
2396 844 2475 906 είς
2504 841 2776 897 Γαλατίαν
2804 840 3134 914 ἐξορμήσας,
3180 845 3271 897 καὶ
3298 844 3585 918 λεηλατήσας

2070 934 2193 985 τινὰ
2222 932 2330 985 τῶν
2365 934 2542 1003 πέραν
2581 933 2770 1005 Ῥήνου
2793 935 2903 987 τῶν
2939 936 3261 1007 ἐνσπόνδων,
3290 937 3508 1006 ώγκοῦτο
3530 942 3588 1006 ὣς

2069 1043 2123 1078 τι
2156 1026 2304 1094 μέγα
2336 1025 2741 1097 κατωρθωκὼς,
2782 1027 2873 1078 καὶ
2916 1028 3029 1085 τοῖς
3067 1027 3413 1094 στρατιώταις
3452 1029 3589 1099 ἐπηύ.

2074 1114 2204 1187 ξησε
2254 1115 2355 1185 τὴν
2406 1116 2743 1188 μισθοφορὰν
2805 1117 2950 1187 τάχα
2981 1116 3070 1169 διὰ
3119 1116 3215 1188 τὴν
3260 1117 3423 1188 νίκην.
3453 1119 3588 1177 Πέντε

2072 1210 2181 1278 γὰρ
2206 1209 2299 1263 καὶ
2326 1208 2699 1279 ἑϐδομήκοντα
2720 1208 2969 1279 δραχμὰς
2996 1208 3229 1261 ἑκάστου
3249 1207 3589 1277 λαμϐάνοντος,

2072 1299 2268 1355 ἑκατὸν
2306 1300 2566 1355 ἐκέλευσε
2592 1299 2854 1354 δίδοσθαι.
2883 1297 3296 1369 Μεταμεληθεὶς
3318 1299 3372 1351 δέ
3392 1302 3478 1369 τὴν
3512 1305 3589 1373 μὲι

2074 1393 2348 1465 ποσότητα
2387 1393 2487 1445 οὐκ
2517 1391 2772 1463 ἐμείωσε.
2804 1392 2865 1445 τὸ
2891 1391 2950 1444 δὲ
2989 1390 3192 1461 πλῆθος
3216 1391 3321 1445 τῶν
3361 1408 3592 1460 στρατευο-

2074 1485 2253 1557 μένων
2306 1483 2640 1538 συνέστειλε.
2686 1483 2797 1538 Καὶ
2832 1482 3178 1554 ἑκατέρωθεν
3222 1485 3421 1552 μεγάλα
3446 1485 3497 1537 τὸ
3518 1487 3591 1558 δηο

2073 1579 2264 1650 μόσιον
2305 1575 2530 1646 ἔϐλαψε,
2557 1576 2686 1646 μήθ’
2725 1576 2946 1639 ἱκανοὺς
2974 1576 3102 1638 τοὺς
3134 1574 3430 1645 ἀμύνοντας
3455 1579 3590 1647 αὐτῷ,

2070 1671 2164 1725 καὶ
2204 1668 2432 1732 τούτους
2479 1666 2922 1739 μεγαλομίσθους
2966 1667 3225 1734 ποιήσας.
3258 1666 3365 1719 Καὶ
3394 1670 3492 1732 τοῖς
3525 1669 3593 1722 θε-

2072 1760 2371 1833 ραπεύουσι
2400 1760 2457 1813 δὲ
2492 1760 2588 1814 καὶ
2611 1763 2723 1825 τοῖς
2754 1762 2829 1833 μὴ
2851 1761 3186 1831 ἀμφοτέροις
3207 1759 3397 1828 ὁμοίως
3419 1761 3594 1831 manu,

2069 1856 2179 1917 τοῖς
2234 1854 2332 1923 μὲν
2382 1856 2461 1919 ὡς
2500 1852 2829 1916 θωπεύουσι,
2855 1855 2969 1916 τοῖς
2999 1852 3057 1907 δὲ
3091 1853 3168 1916 ώς
3216 1853 3593 1920 καταφρονοῦσι.

2068 1949 2245 2013 Νίκας
2289 1950 2348 2003 δὲ
2387 1949 2602 2019 ψευδεῖς
2634 1947 3128 2020 προσποιούμενος,
3168 1946 3372 2011 ὕπατος
3405 1948 3489 2017 μὲν
3527 1949 3594 2000 ἐπ’

2067 2043 2163 2113 ετη
2190 2042 2341 2106 δέκα,
2368 2026 2604 2113 τιμητὴς
2632 2040 2691 2094 δι
2719 2040 2807 2093 διὰ
2851 2038 2967 2109 βίον
2991 2039 3416 2109 κεχειροτόνητο.
3442 2037 3595 2095 Πολλοὶ

2066 2137 2122 2189 δὲ
2179 2136 2289 2188 τῶν
2355 2133 2634 2190 ὑποτελῶν
2676 2132 2973 2205 Ῥωμαίοις
3019 2132 3338 2200 ἀφίσταντο,
3378 2132 3596 2202 χρήματα

2070 2229 2259 2299 βιαίως
2291 2225 2691 2299 πρασσόμενοι,
2722 2224 2797 2288 ὡς
2818 2226 2915 2279 καὶ
2935 2225 2984 2278 οἱ
3018 2222 3382 2293 Νασαμῶνες.
3409 2223 3526 2284 Tati;
3547 2241 3595 2277 τε

2068 2314 2176 2383 γὰρ
2226 2313 2336 2367 τῶν
2379 2311 2679 2384 χρημάτων
2733 2310 3054 2381 πράκτορας
3105 2307 3384 2378 ἐφθειραν,
3421 2309 3597 2362 καὶτὸν

2069 2406 2365 2478 Νουμιδίας
2392 2406 2632 2476 ἄρχοντα
2657 2403 2904 2458 Φλάκκον
2937 2400 3239 2456 ἐπελθόντα
3264 2400 3434 2468 σφίσιν
3456 2401 3591 2471 ἡττη-

2072 2519 2172 2557 σαν
2201 2499 2374 2563 οὕτως
2403 2500 2478 2561 ώς
2504 2498 2778 2568 πορθῆσαι
2817 2498 2913 2550 καὶ
2937 2494 3000 2549 τὸ
3034 2494 3416 2567 στρατόπεδον.
3441 2493 3598 2563 Εὐρύν-

2067 2610 2158 2655 τες
2189 2593 2246 2646 δέ
2280 2593 2338 2645 ἐν
2367 2588 2515 2660 αὐτῷ
2537 2589 2707 2645 τᾶλλα
2732 2605 2793 2642 τε
2820 2587 3102 2659 ἐπιτήδεια
3135 2585 3238 2640 καὶ
3258 2581 3600 2653 οἶνονςέμπλη.

2070 2672 2289 2748 σθέντες
2314 2681 2594 2737 ὕπνωσσν.
2618 2681 2730 2734 Καὶ
2747 2680 2909 2748 γνοὺς
2930 2681 2958 2733 ό
2973 2678 3225 2741 Φλάκκος
3249 2675 3401 2731 τοῦτο
3418 2677 3600 2729 ἐπέθετο

2067 2776 2253 2839 αὐτοῖς
2286 2774 2381 2828 καὶ
2402 2772 2610 2835 πάντας
2642 2770 2892 2824 ἀπώλεσε
2915 2770 3012 2824 καὶ
3031 2771 3163 2832 τοὺς
3189 2768 3492 2839 ἀπομάχους
3511 2767 3597 2836 (l5)

2065 2866 2377 2938 διέφθειρεν
2404 2865 2678 2926 ἅπαντας.
2723 2862 2842 2932 Ἐφ’
2870 2856 2914 2930 ᾧ
2940 2864 2967 2916 ό
2998 2860 3330 2933 Δομετιανὸς
3364 2858 3600 2928 ἐπαρθεὶς,

2066 2955 2191 3012 εἶπε
2226 2957 2364 3028 πρὸς
2392 2959 2492 3024 τὴν
2523 2954 2721 3025 βουλὴν
2752 2953 2835 3009 ὅτι
2864 2952 3223 3023 Νασαμῶνας
3252 2952 3361 3026 (16)
3396 2951 3601 3004 ἐκώλυσα

391 3041 611 3102 bantur,
647 3039 743 3096 sed
777 3042 941 3097 etiam
975 3043 1365 3116 pingebautur.
1396 3044 1532 3101 Cum
1567 3045 1620 3100 in
1646 3045 1944 3116 spectaculi

2072 3048 2228 3105 εἶναι.
2277 3048 2418 3119 Ἤδη
2447 3050 2557 3119 γὰρ
2597 3048 2694 3102 καὶ
2764 3046 2885 3109 θεὸς
2948 3045 3103 3117 ἠξίου
3162 3044 3490 3115 νομίζεσθαι,
3530 3044 3604 3096 καὶ

392 3144 585 3201 magna
600 3132 781 3202 pluvia
796 3142 852 3188 et
870 3143 1165 3206 tempestas
1177 3137 1360 3193 subito
1379 3138 1963 3209 erupisset,neminem

390 3222 674 3278 discedere
702 3233 799 3280 aut
827 3226 965 3283 alias
992 3234 1174 3284 vestes
1198 3227 1431 3284 induere
1462 3244 1678 3300 passus,
1718 3229 1837 3300 ipse
1868 3246 1967 3301 pc-

393 3317 553 3372 nulas
574 3318 809 3374 subinde
828 3322 1059 3376 mutavit
1093 3337 1110 3375 :
1138 3322 1283 3377 unde
1313 3322 1471 3379 multi
1498 3324 1626 3380 laesa
1650 3324 1966 3380 valetudine

394 3407 695 3477 perierunt.
719 3408 828 3464 Eos
845 3425 985 3480 quos
1008 3411 1293 3482 suppliciis
1327 3411 1528 3475 aﬂ‘ecit,
1563 3429 1729 3469 nemo
1768 3430 1967 3470 nume-

392 3518 516 3557 rare
538 3510 745 3571 queat:
789 3518 853 3560 ac
885 3503 1029 3559 inter
1056 3514 1286 3563 caeteros
1331 3506 1402 3561 ob
1448 3508 1707 3564 adulterii
1754 3509 1966 3565 crimen

394 3595 551 3651 multi
578 3596 882 3665 locupletes
912 3596 1071 3667 581
1101 3607 1156 3653 et
1190 3597 1293 3654 viri
1322 3607 1377 3656 et
1408 3600 1702 3666 mulieres,
1729 3617 1967 3672 quarum

395 3692 611 3759 aliquas
639 3689 756 3760 ipse
794 3700 1198 3761 constupraret,
1227 3707 1418 3764 pmnas
1438 3692 1726 3750 dederunt.
1751 3697 1892 3752 Sunt
1914 3704 1969 3751 et

392 3782 515 3836 aliis
545 3781 613 3837 de
637 3781 820 3837 causis
848 3783 1008 3836 multi
1032 3792 1085 3838 et
1122 3783 1336 3840 multati
1380 3793 1436 3839 et
1478 3784 1779 3841 interfecti.
1830 3786 1966 3841 Nam

394 3866 597 3926 mulier
613 3873 861 3943 quaedam
881 3874 1029 3944 quod
1051 3889 1108 3929 se
1126 3884 1253 3931 ante
1275 3875 1422 3931 illius
1438 3885 1675 3933 statuam
1698 3877 1968 3944 exuisset,

395 3966 579 4020 occisa
606 3975 691 4022 est
720 3982 735 4020 :
766 3967 932 4033 alius,
960 3977 1019 4023 ut
1038 3984 1164 4024 cum
1185 3970 1476 4042 astrologis
1505 3971 1832 4027 collocutus.
1860 3971 1971 4028 Me-

392 4059 531 4112 tium
560 4058 876 4128 quemdam,
910 4076 1071 4130 quem
1102 4077 1288 4116 rerum
1316 4064 1622 4134 potiturum
1661 4080 1782 4121 esse
1824 4064 1969 4120 fama

394 4148 536 4214 erat,
572 4150 875 4221 relegatum
908 4152 1149 4218 occidit,
1201 4169 1300 4223 per
1340 4171 1460 4210 eam
1510 4171 1733 4212 causam
1758 4196 1772 4221 ,
1820 4157 1969 4227 quod

397 4239 589 4294 urbem
627 4248 900 4296 terrarum
939 4242 993 4296 in
1021 4244 1264 4300 cubiculi
1298 4245 1382 4300 sui
1409 4246 1717 4317 parietibus
1760 4248 1968 4319 pictum

402 4330 648 4387 haberet.
712 4333 1011 4389 Rhetorem
1087 4335 1402 4406 quemdam,
1465 4337 1614 4409 quod
1669 4339 1962 4395 exercendi

2067 3140 2333 3211 δεσπότης
2368 3138 2724 3209 καλούμενος,
2752 3138 2847 3191 καὶ
2885 3136 3011 3198 θεὸς
3045 3132 3604 3205 ὑπερηγάλλετο.Τιιῦ-

2069 3252 2137 3287 τα
2159 3233 2218 3286 οὐ
2250 3233 2410 3303 μόνον
2441 3231 2677 3300 ἐλέγετο,
2711 3228 2844 3283 ἀλλὰ
2870 3228 2969 3283 καὶ
2995 3228 3293 3300 ἐγράφετο.
3330 3226 3413 3280 Ἐν
3439 3225 3489 3279 δὲ
3508 3224 3603 3296 θέᾳ,

2070 3324 2228 3380 ὑετοῦ
2261 3322 2460 3378 πολλοῦ
2492 3324 2588 3377 καὶ
2615 3320 2885 3392 χειμῶνος
2915 3321 3150 3391 σφοδροῦ
3193 3320 3450 3389 ἐξαίφνης
3483 3333 3605 3386 γενο-

2073 3418 2258 3489 μένου,
2293 3416 2485 3470 οὐδένα
2516 3416 2701 3469 εἴασεν
2731 3416 2794 3469 ὲκ
2816 3416 2912 3487 τῆς
2950 3415 3077 3478 θέας
3108 3412 3500 3482 ἀπαλλαγῆναι,
3515 3405 3605 3463 ἀλλ’

2072 3510 2233 3575 αὐτὸς
2259 3508 2506 3580 μανδὺας
2536 3507 2965 3578 ἀλλασσόμενος,
2997 3508 3238 3568 ἐκείνοις
3268 3505 3416 3559 οὐδὲν
3438 3519 3608 3573 μεταμ-

2070 3601 2372 3673 φιάσασθαι
2401 3598 2764 3672 παρεχώρησε
2784 3614 2802 3631 ο
2829 3597 3136 3653 κάντεῦθεν
3167 3592 3608 3664 πο).λοὶ,νοσήσαν-

2070 3711 2183 3761 τες,
2231 3691 2615 3763 ἐτελεύτησαν.
2658 3691 2796 3753 Τοὺς
2838 3690 2883 3743 δ’
2947 3689 3039 3742 ὑπ’
3077 3688 3249 3742 αὑτοῦ
3292 3685 3607 3745 κολασθέντας

2069 3789 2170 3842 οὐκ
2216 3786 2282 3841 ἄν
2319 3803 2404 3849 τις
2444 3781 2919 3855 ἐξαριθμήσασθαι
2966 3779 3205 3845 δύναιτο,
3248 3776 3500 3865 συχνοὶδέ
3535 3775 3607 3827 καὶ

2073 3881 2265 3951 ἀνδρες
2291 3878 2385 3932 καὶ
2419 3879 2672 3943 γυναῖκες
2695 3874 2805 3930 τῶν
2836 3874 3111 3928 πλουσίων
3150 3873 3249 3926 ἐπὶ
3280 3869 3486 3943 μοιχείᾳ
3509 3871 3609 3921 ἑκο-

2070 3972 2347 4042 λάσθησαν
2373 3987 2389 4003 ·
2421 3963 2496 4024 ὧν
2540 3968 2680 4023 ἔνιαι
2737 3966 2833 4024 καὶ
2881 3967 2975 4020 ὑπ’
3014 3964 3179 4019 αὐτοῦ
3227 3962 3606 4035 ἐμοιχεύθησιν.

2075 4066 2184 4120 Καὶ
2222 4064 2414 4130 ἄλλαις
2437 4063 2483 4116 δ’
2528 4062 2731 4124 αἰτίαις
2765 4059 2951 4114 πολλοὶ
2994 4062 3089 4112 καὶ
3120 4056 3498 4128 ἐζημιώθησαν
3536 4053 3610 4106 καὶ

2072 4157 2364 4213 ἀπέθανον.
2396 4153 2538 4225 Γυνὴ
2576 4153 2684 4224 γάρ
2711 4168 2815 4218 τις,
2838 4150 2921 4204 ὅτι
2949 4151 3194 4205 ἐναντίον
3231 4151 3437 4211 είκόνος
3476 4142 3612 4199 auaui

2074 4250 2407 4316 ἀπεδύσατο,
2440 4246 2744 4319 ἐφονεύθηο
2788 4249 2882 4299 καὶ
2938 4244 3125 4316 ἕτερος
3176 4245 3256 4309 ώς
3302 4242 3610 4315 ἀστρολόγοις

2076 4342 2394 4415 ὡμιληκώς.
2428 4342 2631 4397 Μέτιον
2672 4340 2729 4393 δέ
2769 4357 2915 4403 τινα,
2947 4337 3006 4392 δν
3043 4328 3264 4409 ήφήμη
3310 4332 3611 4407 μοναρχῆσαι

398 4422 606 4495 ingenii
632 4440 795 4481 causa
823 4435 1015 4482 contra
1053 4438 1314 4500 tyrannos
1352 4430 1752 4498 declamasset,
1794 4431 1944 4501 capiti

2081 4403 2298 4507 μέλλειν
2324 4403 2647 4505 ἐκήρυττεν,
2695 4428 2947 4500 ἐξορίσας
2993 4403 3324 4498 ἐφόνευσεν,-
3350 4403 3612 4493 ἐγκαλέσας

400 4517 674 4573 multavit.
725 4517 879 4574 Multi
936 4519 1006 4575 ob
1066 4521 1430 4593 philosophia!
1471 4522 1718 4578 studium
1791 4524 1976 4594 perie-

400 4620 553 4673 runt,
590 4614 769 4693 pulsis
803 4602 1050 4686 reliquis.
1101 4617 1180 4672 Ad
1234 4618 1384 4675 hunc
1431 4618 1655 4674 modum
1702 4619 1974 4690 grassanti

400 4702 869 4762 i'nsidiai'smictm
916 4714 1046 4771 sunt
1096 4724 1127 4763 a
1175 4708 1471 4766 Parthenio
1499 4720 1554 4766 et
1586 4710 1974 4782 Sigerocubi-

400 4796 506 4850 culi
546 4784 890 4864 custodibus,
939 4811 995 4856 ct
1045 4801 1115 4856 ab
1154 4800 1371 4858 Entello
1414 4804 1508 4874 qui
1548 4820 1577 4859 a
1624 4804 1826 4860 libellis
1853 4812 1976 4861 erat

395 4891 732 4962 reipublicaa,
764 4901 820 4949 et
851 4911 881 4950 a
913 4896 1192 4967 Stephano
1232 4898 1452 4955 liberto.
1499 4900 1701 4955 Earum
1749 4901 1978 4957 insidia-

395 4998 521 5038 tum
552 4993 608 5039 et
643 4985 877 5041 Domitia
915 5004 1075 5053 uxor,
1111 4999 1168 5044 et
1213 4991 1506 5048 Norbanus
1556 4993 1881 5062 praefectus,
1923 5004 1979 5049 et

396 5075 605 5147 collega
644 5078 937 5135 Petronius
976 5083 1183 5137 conscii
1237 5082 1480 5139 fuerunt.
1524 5082 1663 5140 Nam
1713 5085 1974 5151 Domitia,

400 5181 523 5237 quae
555 5182 613 5223 se
654 5169 885 5225 invisam
919 5172 997 5226 illi
1028 5189 1150 5229 esse
1186 5175 1375 5239 sciret,
1413 5176 1616 5232 caedem
1671 5178 1976 5244 metuebat,

402 5260 620 5317 caneris
682 5278 790 5318 non
853 5265 1094 5334 amplius
1148 5281 1276 5321 eum
1334 5267 1714 5338 diligentibus.
1780 5269 1978 5326 Fertur

2073 4528 2224 4599 αὐτῷ
2250 4529 2335 4582 ὅτι
2370 4530 2427 4580 ἐν
2462 4528 2574 4589 τοῖς
2599 4523 2696 4578 τοῦ
2727 4523 2986 4588 κοιτῶνος
3014 4521 3219 4592 τοίχοις
3246 4517 3360 4589 εἶχε
3397 4531 3610 4585 γεγραμο

2076 4621 2244 4692 μένην
2273 4620 2372 4693 τὴν
2398 4618 2744 4687 οἰκουμένην.
2766 4616 2878 4670 Καὶ
2912 4616 3171 4684 σοφιστήν
3192 4629 3336 4678 τινα,
3361 4613 3441 4665 ὅτι
3461 4604 3610 4661 ἀσκῶν

2076 4715 2313 4785 μελέτην
2345 4711 2489 4767 κατὰ
2526 4711 2809 4781 τυράννων
2844 4706 3244 4777 συνεγράῷατο,
3276 4704 3482 4770 θανάτῳ
3516 4695 3604 4751 ἐκό-

2072 4809 2226 4864 λασε.
2261 4806 2453 4861 Πολλοὶ
2492 4804 2548 4856 δὲ
2576 4804 2668 4856 καὶ
2696 4802 2771 4866 ώς
2798 4798 3217 4871 φιλοσοφοῦντες
3247 4798 3509 4854 διώλοντο,
3538 4790 3610 4844 καὶ

2071 4901 2120 4955 οἱ
2154 4900 2329 4952 λοιποὶ
2361 4896 2727 4967 ἐξηλάθησαν.
2768 4893 3006 4947 Τοιαῦτα
3030 4892 3089 4946 δὲ
3127 4889 3385 4961 πράττων
3420 4883 3610 4940 £12560»-

2073 4993 2241 5062 λεύθη
2271 4991 2426 5060 παρά
2463 5007 2523 5042 τε
2561 4985 2864 5059 Παρθενίου
2894 4986 2991 5040 καὶ
3017 4985 3255 5054 Σιγήρου
3287 4980 3396 5037 τῶν
3427 4972 3610 5048 προκοί-

2074 5102 2184 5139 των
2228 5083 2418 5147 αὑτοῦ,
2448 5080 2542 5136 καὶ
2588 5079 2871 5134 Ἐντέλλου
2914 5076 3009 5129 τοῦ
3039 5077 3109 5130 τὰ
3137 5075 3236 5145 τῆς
3266 5071 3438 5142 ἀρχῆς
3464 5062 3609 5139 βιϐλία

2073 5178 2378 5240 διέποντος,
2413 5174 2510 5228 καὶ
2549 5172 2825 5242 Στεφάνου
2859 5170 3250 5239 ἀπελευθέρου.
3286 5165 3398 5235 Τὴν
3435 5161 3479 5214 δ’
3517 5160 3610 5211 ἐπι-

2075 5268 2273 5339 ϐουλὴν
2301 5266 2424 5322 οὔτε
2450 5268 2483 5338 ἡ
2517 5267 2656 5338 γυνὴ
2691 5263 2857 5319 αὑτοῦ
2888 5260 3115 5334 Δομιτία
3146 5259 3433 5331 ἠγνόησεν,
3462 5244 3610 5306 οὖτεὸ

1574 5431 1779 5493 Varia)
1816 5431 2122 5494 lectiones
2155 5438 2215 5494 et
2261 5437 2451 5494 notae.

474 5586 701 5662 (14)Τῇ
755 5588 1006 5662 Δἀδελφῇ
1061 5591 1295 5659 Ἰουλίᾳ.
1347 5594 1494 5647 Alter
1554 5597 1735 5650 codex.
1788 5594 1965 5662 inquit

399 5655 1126 5732 Wolﬁus,_habet_dt6é)t?,ot6ﬁ,
1154 5670 1202 5716 et
1231 5655 1305 5720 sic
1334 5663 1612 5730 legendum
1633 5680 1697 5721 ea:
1721 5655 1972 5721 Suetonio

400 5738 637 5801 constat.
664 5730 739 5782 Ita
771 5730 933 5801 etiam
966 5730 1167 5799 legitur
1192 5736 1247 5788 in
1276 5735 1460 5801 Regiis
1499 5743 1555 5788 ct
1584 5735 1771 5792 Colbet
1791 5748 1897 5790 tco.

436 5800 449 5815 “
473 5800 583 5871 (ib)
629 5799 1015 5870 ’Λπομὰχους.
1067 5803 1157 5859 δίο
1189 5820 1317 5859 mss.
1362 5799 1498 5875 Reg.
1535 5816 1591 5860 et
1617 5806 1773 5861 Culb.
1802 5808 1971 5861 ἁπτο-

2079 5594 2304 5665 μάγους.
2336 5596 2474 5649 alter
2499 5611 2539 5665 e_
2563 5592 2870 5665 Wollianis,
2886 5580 3587 5665 gsedperpcrarrinrartulit.

2148 5656 2683 5733 (ἰωΝασιιμῶνας.
2714 5664 2848 5718 Vide
2879 5656 3213 5734 Scaligerum
3234 5658 3298 5713 ad
3326 5656 3606 5714 Eusebium,

2076 5752 2199 5807 pag.
2232 5737 2361 5802 205,
2393 5736 2430 5789 2
2459 5735 2597 5791 edit.
