3910 6556
393 296 575 377 ’983

468 519 664 575 Christi
694 537 876 593 regno,
907 525 1200 595 cujusmodi
1224 530 1278 582 id
1309 531 1486 584 esset?
1515 539 1564 585 et
1603 535 1723 596 ubi,
1751 543 1799 589 et
1831 538 2044 606 quando

460 615 802 670 revolandum
823 617 849 669 Ρ
879 619 934 672 id
961 636 1064 673 non
1096 638 1205 675 esse
1236 624 1587 690 mundanum,
1621 625 1908 695 dixerunt,
1953 646 2045 683 ne-

459 723 558 775 que
595 717 884 776 terrenum,
909 712 1000 764 sed
1028 712 1231 766 calcate
1251 754 1266 780 ,
1298 722 1346 768 et
1380 717 1432 769 in
1462 723 1910 774 consummatione
1940 739 2044 777 ste-

462 799 703 854 culorum
736 803 1093 860 revelandum.
1129 807 1221 860 His
1254 809 1449 863 auditis
1482 809 1840 878 Domitianus,
1874 831 1958 869 eos
1982 817 2042 871 ob

457 891 721 948 vilitatem
762 899 1094 969 contempsit,
1132 906 1180 952 et
1214 899 1402 955 liberos
1428 901 1648 969 dimisit,
1698 913 1748 958 et
1801 923 2042 975 persecu-

461 986 656 1044 tionem
681 987 844 1041 edicto
871 987 1113 1046 inhibuit.
1147 990 1217 1046 Ut
1243 1002 1426 1049 autem
1460 995 1731 1064 pessimus
1773 997 1913 1066 fuit,
1963 1000 2038 1056 ita

1739 325 2062 390 JOANNIS
2101 332 2427 401 ΖΟΝΛΒΞ,

462 427 660 488 laboris
686 439 999 501 argumento
1028 438 1388 494 ostenderunt.
1431 438 1754 513 Interrogati
1781 445 1947 500 etiam
1979 449 2044 501 de

2148 454 2380 524 ἱστορῶν
2419 456 2446 506 ὁ
2486 456 2745 522 Εὐσέϐιος
2783 459 2904 530 (17).
2949 461 3006 514 τὸ

3599 360 3693 423 984

3011 481 3039 514 ν
3089 465 3437 536 Ἡγήσιππον
3483 476 3698 543 παράγει

2143 543 2374 612 λέγοντα
2418 545 2624 612 οὕτως·
2659 551 2788 604 Ἔτι
2818 551 2888 604 δὲ
2935 555 3234 622 περιῆσαν
3280 561 3483 614 υἱωνοί
3527 565 3700 622 Ἰούδα

2141 635 2248 688 τοῦ
2269 637 2422 692 κατὰ
2442 637 2642 706 σάρκα
2682 643 3017 712 λεγομένου
3046 647 3314 717 ἀδελφοῦ
3345 652 3451 704 τοῦ
3482 658 3704 725 Κιψίου,

2142 726 2250 792 οὕς
2273 745 2433 796 τινες
2467 732 2926 803 προσήγγειλαν
2953 738 3032 803 ὡς
3063 739 3130 792 ἐκ
3162 741 3376 809 γένους
3415 743 3588 811 ὄντας
3615 752 3708 801 Δα-

2142 817 2256 871 είδ.
2299 821 2552 888 Τούτους
2581 825 2733 891 πρὸς
2759 829 2948 881 αὐτὸν
2985 830 3279 899 ἀχθέντας
3311 837 3343 887 ό
3380 838 3710 907 Δομετιανός

2140 908 2315 977 ἤρετο
2343 913 2394 964 εἰ
2409 911 2477 965 ἐκ
2511 915 2689 967 Δαϐἰὸ
2715 919 2858 985 εἱσι,
2903 920 3002 972 καί
3031 921 3376 981 κατέθεντο.
3420 929 3714 995 Προσεπὴιι

2140 1018 2284 1069 ρετο
2339 999 2455 1058 οὖν
2493 1007 2694 1074 πόσας
2729 1008 3048 1079 κέκτηνται
3103 1013 3349 1083 κτήσεις
3379 1018 3477 1070 καί
3521 1023 3712 1074 πόσων

459 1077 628 1138 vitam
662 1077 932 1134 violenter
981 1081 1205 1152 abrupit
1241 1101 1254 1138 :
1289 1085 1435 1152 quod
1479 1087 1689 1143 utinam
1739 1099 1865 1146 ante
1919 1107 2041 1148 sus-

2148 1097 2474 1164 εὐποροῦσι
2501 1100 2840 1169 χρημάτωνο
2879 1077 2934 1159 ol
2963 1105 3015 1159 δ’
3046 1077 3285 1177 ἔφασαν
3313 1077 3714 1182 ἐννακισχίλια

387 1176 394 1177 ’
458 1177 679 1236 ceptum
709 1168 1000 1242 imperium
1030 1173 1234 1230 factum
1257 1180 1436 1234 esset!

2148 1187 2400 1256 δηνάρια
2448 1191 2749 1260 ὑπάρχειν
2785 1197 2993 1262 αὐτοῖς
3027 1200 3206 1267 μόνα,
3249 1201 3351 1254 καὶ
3396 1202 3581 1258 ταῦτα
3615 1207 3714 1258 οὐκ

455 1259 525 1309 ἐν
547 1259 852 1328 ἀργυρίοις
891 1261 1076 1332 ἔχειν,
1137 1268 1275 1325 ἀλλ’
1338 1271 1408 1324 ἐν
1455 1271 1804 1344 διατιμήσει
1857 1277 1971 1346 γῆς
2045 1272 2119 1350 ἦς
2154 1281 2380 1346 αὐτούς
2440 1299 2500 1335 τε
2557 1259 3571 1362 διατρέφεσθαι,ρῠτύυργοῦντας,
3627 1289 3713 1350 καὶ

456 1352 599 1419 τοὺς
628 1358 853 1424 φόρους
882 1360 1187 1430 εἰσφέρειν
1214 1381 1228 1394 ·
1290 1367 1386 1420 καὶ
1417 1367 1531 1436 τὴν
1582 1370 1700 1424 τῶν
1733 1371 1952 1440 χειρῶν
2013 1372 2081 1425 δὲ
2117 1375 2459 1443 τραχύτητα
2490 1352 2886 1436 ἐπεδείκνυον
2947 1352 3058 1452 τῆς
3106 1352 3474 1456 αὐτουργίας
3503 1352 3714 1457 nuptii-

454 1460 609 1511 ριον.
654 1450 1082 1525 Ἐρωτηθέντες
1110 1455 1181 1508 δὲ
1207 1458 1305 1511 καὶ
1335 1460 1468 1530 περὶ
1502 1460 1608 1531 τῆς
1633 1465 1740 1520 τοῦ
1781 1468 2039 1534 Χριστοῦ
2073 1469 2422 1536 βασιλείας,
2492 1475 2665 1527 ὁποία
2696 1495 2790 1544 τις
2816 1477 2911 1546 εἴη
2963 1450 3065 1533 καί
3099 1481 3204 1533 ποῖ
3233 1450 3519 1535 udi-adre:
3545 1450 3715 1551 φανη-

456 1538 710 1610 σομένη,
746 1544 817 1597 οὑ
842 1549 1147 1617 κοσμικὴν
1184 1551 1382 1620 αὐτὴν
1409 1551 1564 1610 εἶναι
1595 1557 1723 1611 οὐδ’
1771 1558 2041 1628 ἐπίγειον
2111 1562 2532 1632 ἀπεκρίναντο,
2581 1564 2719 1623 ἀλλ’
2766 1538 3160 1640 εποινράνιον,
3236 1576 3338 1629 ἐπὶ
3415 1538 3715 1644 συντελείᾳ

456 1631 579 1687 τῶν
618 1637 850 1696 αἰώνων
883 1647 1342 1716 φανησομένην.
1391 1651 1516 1720 Ἐφ’
1545 1646 1635 1719 οἷς
1663 1654 1744 1718 ὡς
1777 1656 2044 1708 εὐτελῶν
2079 1657 2281 1712 αὐτῶν
2337 1663 2804 1732 καταφρονήσας
2871 1631 2937 1720 ό⁷
2961 1631 3326 1737 Δομετιανὸς
3384 1631 3715 1738 ἐλευθέρους

457 1729 679 1800 ἀφῆκε,
704 1735 803 1788 καὶ
836 1739 943 1792 τὸν
983 1739 1242 1811 διωγμὸν
1298 1746 1711 1816 προστάγματι
1739 1748 2033 1804 ἔπαυσεν.
2083 1751 2143 1805 '0
2205 1751 2307 1823 μὲν
2337 1751 2429 1809 οὖν
2487 1729 2748 1822 κακιστος
2779 1729 3049 1829 γεγονὼς-
3100 1729 3612 1835 βιαίωςνάπέρῤηξε
3630 1729 3714 1838 τὴν

459 1819 627 1898 ζωὴν,
658 1829 732 1890 ὡς
761 1829 875 1883 εἴθε
903 1835 996 1884 καὶ
1027 1835 1248 1906 πρὸτῆς
1283 1839 1618 1910 μοναρχίαςε

533 1921 655 1977 XX.
695 1924 799 1991 Qui
827 1937 1012 1983 autem
1039 1929 1357 1988 Domitiano
1387 1935 1818 2007 insidiabantur,
1857 1938 1912 1995 id
1965 1938 2045 1994 fa-

2217 1939 2302 1992 K'.
2371 1940 2437 1992 'H
2493 1939 2540 1992 δ’
2595 1941 2866 2013 ἡγεμονία
2936 1943 3017 2005 είς
3082 1941 3338 2015 Νερούαν
3402 1945 3705 2013 μετήνεκτο,

461 2012 624 2069 cinus
655 2031 766 2071 non
797 2018 953 2088 prius
980 2019 1140 2092 583
1163 2026 1428 2096 aggressi,
1462 2043 1628 2098 quam
1665 2041 1876 2085 certum
1911 2047 2042 2086 suc-

461 2120 738 2162 cessorem
767 2110 912 2165 nacti
939 2121 1145 2178 essent,
1183 2116 1555 2187 principatum
1595 2120 1788 2176 Nervae
1829 2122 2040 2193 optimo

463 2206 520 2251 et
561 2198 910 2257 nobilissimo
941 2203 1058 2258 viro
1099 2203 1446 2276 detulerunt,
1493 2212 1588 2281 qui
1616 2212 1688 2268 ob
1720 2213 2041 2283 praedictum

461 2289 534 2344 ab
559 2293 848 2364 astrologis
877 2295 1168 2367 imperium
1199 2316 1337 2370 pene
1374 2303 1648 2373 periisset.
1699 2306 2045 2364 Domitianus

459 2383 607 2437 enim
641 2387 886 2441 omnium
919 2390 1233 2461 principum
1263 2395 1526 2452 natalitiis
1551 2397 1750 2454 diebus
1795 2408 1850 2454 et
1889 2400 2044 2456 horis

462 2473 735 2546 indagatis
773 2496 785 2531 :
823 2494 888 2534 ea
936 2497 1158 2552 quoque
1204 2484 1272 2540 de
1324 2501 1487 2542 causa
1535 2505 1644 2544 non
1690 2506 1916 2562 paucos,
1950 2494 2044 2564 qui

462 2577 718 2646 petentes
769 2570 887 2626 fore
927 2575 1298 2644 putabantur,
1340 2580 1598 2646 sustulit,
1644 2583 1938 2640 occidisset
1991 2593 2046 2639 et

464 2662 632 2727 hunc,
687 2663 789 2717 nisi
837 2666 1145 2736 astrologus
1197 2668 1420 2738 quidam
1473 2672 1550 2726 illi
1604 2673 1743 2729 bene
1793 2677 2045 2746 cupiens,

464 2768 590 2808 eum
645 2754 788 2808 intra
838 2771 1043 2825 paucos
1083 2757 1202 2812 dies
1241 2774 1362 2814 esse
1419 2763 1750 2818 moriturum
1794 2767 2042 2822 dixisset.

463 2841 619 2910 Quod
655 2857 779 2898 cum
813 2860 1009 2903 verum.
1045 2861 1166 2902 esse
1212 2847 1484 2917 crederet,
1528 2854 1675 2908 caede
1717 2856 1838 2925 ejus
1877 2856 2048 2910 absti-

465 2935 608 2998 nuit,
641 2950 806 3004 quem
831 2937 942 3006 jam
976 2938 1046 2996 ab
1089 2939 1206 3008 ipsa
1237 2949 1432 2996 natura
1465 2944 1622 3013 quasi
1654 2947 1859 3016 capitis
1892 2948 2042 3002 dam-

466 3036 657 3094 natum
689 3045 809 3089 esse
855 3033 1107 3102 putabat:
1155 3035 1335 3096 Nerva
1371 3047 1554 3098 autem
1588 3040 1660 3096 ob
1691 3057 1812 3096 eam
1843 3045 2045 3114 praedi-

466 3120 729 3180 ctionem.
774 3122 993 3186 facilius
1043 3128 1368 3195 persuaderi
1415 3130 1520 3185 sibi
1569 3147 1764 3201 passus
1801 3145 1904 3197 est.
1963 3144 2043 3203 ut,

465 3213 540 3268 Dc
554 3213 782 3268 mitiano
813 3215 1128 3282 interfecto,
1162 3219 1347 3274 statim
1389 3224 1699 3292 susciperet
1727 3226 2042 3296 imperium.

466 3303 636 3377 Cujus
657 3307 832 3376 prima
862 3325 994 3364 cura
1025 3311 1148 3377 fuit,
1180 3320 1241 3366 ut
1275 3313 1344 3368 ab
1379 3314 1473 3370 illo
1506 3325 1658 3372 actos
1685 3317 1740 3372 in
1769 3321 2044 3390 exsilium,

468 3409 694 3461 decreto
737 3412 1042 3470 revocaret,
1093 3404 1254 3460 bonis
1292 3407 1458 3460 etiam
1506 3410 1797 3465 restitutis.
1853 3413 2048 3470 Patres

466 3508 601 3555 vero
631 3495 929 3565 conscripti
969 3496 1210 3553 honores
1244 3498 1557 3555 Domitiano
1591 3505 1847 3559 decretos
1890 3520 2049 3561 sena-

471 3586 815 3640 tusconsulto
851 3587 1208 3660 abrogarunt.
1254 3590 1394 3645 Tum
1427 3591 1593 3647 etiam
1648 3610 1876 3666 magnus
1915 3613 2050 3668 apo-

467 3677 644 3730 stolus
674 3677 915 3732 Joannes
944 3693 975 3732 e
1005 3679 1252 3737 Pattnico
1279 3681 1474 3736 exsilio
1499 3683 1778 3753 Ephesum
1814 3687 2046 3744 rediisse

466 3767 663 3822 fertur.
687 3767 871 3828 Nerva.
892 3779 948 3823 et
971 3771 1202 3846 iustitia:
1231 3787 1444 3839 amans,
1480 3783 1534 3829 et
1567 3775 1785 3832 alienus
1815 3777 1886 3835 ab
1922 3795 2049 3834 ava-

470 3858 597 3913 ritia
651 3858 774 3918 fuit.
826 3859 959 3915 Nam
1016 3876 1142 3915 cum
1205 3862 1445 3930 Atticus,
1509 3865 1745 3922 Herodis
1806 3868 2049 3927 rhetoris

468 3962 626 4022 pater
652 3953 735 4023 (ut
765 3953 1132 4011 Philostratus
1171 3955 1226 4011 in
1274 3957 1604 4029 libroquem
1652 3961 1725 4014 De
1774 3964 2046 4020 rhetorum

467 4047 576 4102 uita
633 4044 936 4116 inscripsit,
991 4046 1182 4118 refert)
1233 4047 1384 4110 domi
1431 4065 1545 4105 suae
1593 4050 1871 4122 ingentem
1931 4055 2051 4110 the-

467 4149 691 4190 saurum
749 4137 1065 4206 reperisset,
1116 4151 1185 4194 ne
1242 4138 1376 4208 quid
1421 4155 1494 4202 ex
1537 4155 1604 4194 eo
1661 4139 1898 4209 periculi
1941 4143 2046 4198 sibi

467 4236 752 4291 crearetur
778 4227 998 4291 timens,
1028 4227 1220 4286 Nerva:
1244 4230 1505 4300 scripsit:
1553 4232 1851 4289 Thesaurus
1897 4255 1928 4290 a
1968 4253 2048 4291 me

468 4321 721 4375 iuventua
739 4327 834 4372 est.
871 4318 1010 4384 Quid
1034 4335 1156 4390 ergo
1180 4321 1372 4390 jubea.’
1415 4321 1466 4376 ei
1501 4325 1789 4395 rescripsit
1829 4327 2042 4384 Nerva:

474 4395 630 4467 Utere
672 4409 916 4473 invento.
953 4407 1089 4464 Cum
1133 4410 1223 4464 ille
1282 4412 1528 4476 nondum
1586 4429 1817 4471 securus
1866 4417 2046 4474 denuo

472 4500 822 4570 scripsisset:
853 4499 919 4553 At
944 4502 1295 4566 conditionem
1328 4519 1498 4565 meam
1518 4509 1783 4560 inventum
1800 4519 2045 4578 superat;

2146 2031 2320 2098 ἄνδρα
2345 2030 2442 2085 καὶ
2482 2032 2873 2099 εὐγενέστατον
2902 2035 2997 2086 καὶ
3029 2036 3477 2090 ἐπιεικέστατον.
3527 2037 3586 2090 (ll
3615 2037 3710 2107 γὰρ

2144 2123 2224 2194 τῷ
2274 2124 2584 2194 Δομετιανῷ
2624 2123 3065 2191 ἐπιϐουλεύοντες
3117 2127 3180 2180 οὐ
3258 2127 3527 2199 πρότερον
3565 2127 3710 2197 ἔργον

2145 2214 2377 2284 ἥψαντο,
2407 2216 2537 2286 πρὶν
2570 2216 2658 2270 τὸν
2690 2216 3073 2287 διαδεξόμενον
3109 2219 3218 2288 τὴν
3246 2219 3551 2288 αὐταρχίαν
3599 2219 3705 2271 ἐϐε-

2147 2305 2479 2360 ϐαιώσαντο.
2511 2302 2718 2362 Ἦλθον
2749 2307 2841 2361 οῦν
2880 2309 2973 2360 ἐπὶ
3011 2311 3104 2362 τὸν
3135 2309 3414 2381 Νερούαν,
3454 2310 3510 2372 ὃς
3533 2313 3710 2381 ἀστρο-

2145 2397 2323 2466 λόγων
2351 2399 2433 2451 ὅτι
2488 2404 2825 2469 μοναρχήσει
2883 2403 3200 2468 φησάντων,
3253 2401 3455 2472 μικροῦ
3508 2401 3708 2455 διώλετο

2147 2487 2233 2542 ἄν.
2270 2489 2328 2541 ’0
2357 2492 2466 2558 γὰρ
2492 2491 2820 2557 Δομετιανὸς
2854 2490 3074 2545 πάντων
3098 2495 3207 2546 τῶν
3259 2492 3496 2563 πρώτων
3533 2493 3624 2556 τάς
3653 2510 3706 2547 τε

2147 2579 2364 2650 ἡμέρας
2401 2579 2497 2631 καὶ
2522 2579 2620 2642 τὰς
2640 2579 2790 2652 ὥρας
2821 2581 2878 2632 ὲν
2909 2575 2995 2645 αἷς
3027 2581 3367 2653 ἐγεγένηντο
3395 2583 3703 2642 διασκοπῶν.

2161 2671 2266 2724 οὐκ
2299 2670 2514 2740 ὀλίγους
2571 2673 2684 2726 κάκ
2737 2673 2928 2726 τούτου
2955 2673 3064 2727 τῶν
3107 2675 3487 2745 ἐλπιζομένων
3519 2675 3572 2729 ἐν
3615 2692 3704 2730 τινι

2146 2764 2374 2833 δυνάμει
2429 2763 2649 2818 ἔσεσθαι
2687 2765 3080 2837 προανήλισκε.
3116 2767 3226 2820 Καὶ
3250 2767 3446 2821 τοῦτον
3473 2767 3704 2821 ἀπέκτει-

2147 2873 2236 2911 νεν
2271 2856 2355 2921 ἂν,
2404 2859 2452 2910 εί
2486 2859 2560 2928 μή
2612 2876 2698 2921 τις
2742 2859 2850 2911 τῶν
2901 2859 3256 2931 ἀστρολόγων
3310 2861 3462 2931 αὐτῷ
3519 2860 3697 2915 εὐνοῶν

2147 2950 2252 3021 ἔφη
2281 2952 2361 3004 ὅτι
2407 2951 2472 3005 δι’
2507 2952 2704 3020 ὀλίγων
2752 2951 2976 3023 ἡμερῶν
3024 2953 3372 3026 τελευτήσει·
3429 2955 3703 3014 πιστεύσας

2147 3043 2256 3114 γὰρ
2299 3043 2477 3106 ὅντως
2535 3042 2682 3096 τοῦτ’
2746 3043 2992 3111 ἔσεσθαι,
3039 3045 3141 3098 οὐκ
3194 3045 3435 3115 ἠθέλησε
3481 3046 3704 3099 κάκεῖνον

2149 3135 2576 3203 πεφονευκέναι,
2623 3135 2699 3196 ὡς
2753 3135 2975 3200 πάντως
3017 3137 3157 3206 μετὰ
3221 3137 3426 3209 μικρὸν
3479 3135 3706 3206 τεθνηξό-

2147 3241 2333 3294 μενον.
2393 3226 2492 3280 Διά
2523 3223 2698 3279 ταῦτα
2727 3225 2862 3294 γοῦν
2919 3227 3053 3298 ῥᾷον
3085 3227 3318 3281 ἔπεισαν
3351 3227 3512 3281 αὐτὸν
3541 3225 3703 3279 συνθέ-

2151 3319 2273 3372 σθαι
2302 3320 2367 3388 τῇ
2408 3321 2508 3390 τῆς
2561 3320 2862 3389 ἡγεμονίας
2908 3321 3182 3392 γαταδοχῇ
3223 3336 3236 3350 ·
3274 3322 3370 3375 καὶ
3430 3320 3700 3390 φθαρέντος

2147 3410 2243 3464 τοῦ
2270 3411 2599 3478 Δομετιανοῦ
2623 3411 2784 3474 εὐθὺς
2814 3411 2977 3474 αὐτὸς
3001 3411 3103 3484 τὴν
3135 3412 3446 3484 αὐταρχίαν
3482 3413 3697 3479 ἐδέξατο,

2150 3503 2243 3554 καὶ
2277 3502 2391 3563 τοῖς
2422 3501 2515 3554 ὑπ’
2547 3502 2756 3555 ἐκείνου
2784 3502 3088 3569 ἐξελαθεῖσι
3129 3503 3368 3573 δόγματι
3411 3503 3701 3558 ἐπανελθεῖν

2150 3597 2350 3665 ἐφῆκε,
2391 3594 2485 3647 καὶ
2511 3594 2610 3656 τὰς
2661 3594 2852 3659 οὐσίας
2897 3594 3222 3651 ἀπολαϐεῖν.
3286 3598 3350 3650 Ἡ
3383 3596 3439 3649 δέ
3485 3613 3544 3665 γε
3581 3594 3695 3658 σύγ.

2149 3687 2348 3757 κλητος
2387 3686 2785 3759 καθαιρεθῆναι
2815 3687 2914 3752 τὰς
2941 3689 3273 3758 Δομετιανοῦ
3320 3689 3484 3758 τιμὰς
3528 3685 3700 3757 ἐψηφί-

2153 3795 2306 3834 σατο.
2353 3778 2488 3833 Τότε
2543 3779 2724 3833 τοίνυν
2755 3779 2847 3834 καὶ
2891 3779 2984 3834 τὸν
3044 3780 3218 3851 μέγαν
3275 3780 3567 3834 ἀπόστολον
3601 3779 3698 3830 Ἰω-

2149 3872 2315 3940 άννην
2343 3872 2453 3925 ἀπὸ
2481 3872 2578 3941 τῆς
2606 3873 2665 3925 ἐν
2717 3875 2784 3943 τῇ
2836 3873 3046 3944 Πάτμῳ
3077 3874 3380 3944 ὑπερορίας
3413 3872 3562 3940 λόγος
3601 3868 3698 3938 ἔχει

2149 3963 2470 4018 ἐπανελθεῖν
2519 3963 2658 4034 πρὸς
2699 3964 2800 4036 τὴν
2859 3965 3116 4034 Ἔφεσον.
3167 3961 3278 4018 Ἦν
3311 3965 3368 4018 δὲ
3413 3969 3439 4018 ό
3480 3961 3697 4034 Νερούας

2152 4057 2482 4126 φιλοδίκαιος
2539 4057 2636 4110 καὶ
2679 4057 2983 4128 χρημάτων
3033 4057 3131 4127 οὐχ
3187 4055 3418 4127 ἥττητο.
3480 4054 3695 4109 Ἐκεῖνον

2149 4150 2256 4217 γὰρ
2294 4146 2723 4219 μοναρχοῦντος,
2767 4147 3014 4210 ’Δττικὸς
3060 4147 3088 4198 ὁ
3113 4145 3206 4200 τοῦ
3243 4143 3501 4215 σοφιστοῦ
3541 4140 3698 4211 Ἡρώ-

2147 4239 2236 4292 δου
2279 4239 2484 4310 πατὴρ,
2543 4238 2618 4303 ὡς
2669 4237 3086 4310 ὁΦιλόστρατος
3146 4238 3203 4290 ἐν
3265 4239 3381 4298 τοῖς
3429 4234 3559 4304 βίοις
3605 4231 3696 4284 τῶν

2149 4329 2419 4398 σοφιστῶν
2475 4328 2845 4401 ἀνεγράψατο,
2903 4326 3183 4398 θησαυροῦ
3215 4343 3268 4379 τι
3305 4322 3464 4396 εὗρεν
3498 4325 3583 4377 ἐπὶ
3611 4320 3694 4389 τῆς

2147 4421 2324 4485 οίκίας
2357 4421 2550 4492 χρῆμα
2603 4421 2904 4492 ἀμύθητον.
2950 4419 3063 4472 Καὶ
3094 4417 3360 4488 φοϐηθεὶς
3407 4415 3601 4486 ἔγραψε
3630 4410 3695 4479 τῷ

2147 4513 2366 4586 Νερούα
2396 4514 2470 4575 ὡς
2499 4513 2816 4582 Θησαυρὸς
2846 4513 2944 4566 ἐπί
2974 4511 3086 4579 τῆς
3117 4512 3312 4575 οἰκίας
3341 4507 3548 4579 εὑρέθη
3588 4516 3694 4574 μοι’

471 4591 763 4662 respondit
815 4592 1153 4662 imperator:
1192 4596 1372 4648 Etiam
1423 4595 1656 4651 abutere.
1706 4597 1820 4661 Hoc
1865 4603 2040 4671 impe-

2148 4607 2204 4660 τί
2233 4603 2348 4662 οὖν
2371 4607 2639 4672 κελεύεις
2671 4607 2804 4675 περὶ
2856 4605 3066 4660 αὑτοῦ.
3125 4606 3237 4658 Καὶ
3284 4604 3341 4666 ὃς
3383 4595 3691 4669 ἀντέγραψε

474 4693 652 4750 rante,
701 4685 980 4740 secundus
1031 4685 1440 4749 Alexandrinus
1490 4687 1785 4760 episcopus
1831 4693 2046 4757 Abilius

473 4774 620 4828 diem
656 4789 819 4837 suum
854 4775 1018 4838 obiit,
1062 4785 1120 4831 et
1167 4777 1348 4830 Cerdo
1392 4779 1513 4849 ejus
1548 4780 1809 4837 Ecclesia:
1840 4785 2047 4853 guber-

475 4865 758 4926 nationem
803 4867 1069 4936 suscepit.
1105 4866 1464 4930 Antiocheme
1514 4869 1772 4932 Ecclesia:
1809 4873 2048 4942 lgnatius

477 4967 593 5012 tum
642 4956 890 5028 praefuit,
931 4959 1015 5012 vir
1061 4959 1171 5014 Deo
1228 4961 1446 5030 plenus,
1500 4963 1778 5017 secundus
1826 4972 1881 5017 et
1931 4965 2048 5035 ipse

473 5053 596 5120 ejus
622 5051 728 5105 loci
759 5051 1052 5120 episcopus
1078 5063 1199 5122 post
1231 5054 1523 5108 Evodium.
1559 5055 1828 5121 Similiter
1860 5056 2049 5116 Hiero.-

477 5127 822 5214 solymitanaé
883 5158 1101 5212 quoque
1163 5143 1407 5198 fidelium
1475 5146 1737 5201 Ecclesia:
1813 5149 2050 5221 Sytneon

479 5234 717 5306 praefuit,
764 5233 906 5288 alter.
945 5243 1002 5289 et
1052 5233 1141 5289 hic
1175 5251 1204 5291 a
1241 5247 1472 5310 cognato
1513 5237 1718 5292 Jacobo
1744 5239 1838 5310 qui
1881 5240 2053 5302 frater

477 5325 693 5383 Domini
747 5324 971 5392 dicitur,
1006 5327 1384 5397 episcopatum
1433 5331 1681 5393 sortitus.
1736 5331 1835 5388 Hic
1880 5333 2054 5404 impe-

480 5427 630 5472 rator
669 5419 1102 5488 compositiones
1147 5419 1518 5489 gladiatorum
1565 5421 1870 5478 interdixit.
1906 5423 2054 5479 Nihil

480 5511 589 5580 egit
611 5510 714 5566 nisi
741 5511 808 5566 de
839 5510 1114 5566 sententia
1138 5511 1447 5582 principum
1481 5523 1818 5568 senatorum.
1855 5513 2053 5586 Legem

2146 4698 2274 4768 Χρῶ
2309 4699 2386 4766 τῷ
2431 4701 2741 4769 εὑρήματι.
2786 4700 2846 4752 '0
2880 4697 2925 4752 δ’
2970 4698 3050 4751 ἔτι
3095 4696 3421 4766 εὐλαϐηθεὶς
3483 4690 3695 4762 ἔγραψεν

2146 4789 2323 4854 αὖθις
2363 4793 2528 4846 Ἀλλ’
2561 4792 2714 4860 ὑπὲρ
2763 4791 2868 4862 ἐμὲ
2901 4790 3180 4861 τυγχάνει
3219 4789 3286 4844 τό
3314 4785 3584 4856 εὑρεθένο
3612 4781 3691 4836 καὶ

2148 4891 2180 4951 ὁ¹
2213 4887 2577 4958 αὐτοκράτωρ,
2617 4886 2754 4956 πρὸς
2785 4874 3108 4951 τοῦτοξΚαί
3161 4880 3457 4950 καταχρῶ,
3489 4875 3692 4932 ἀντεπέ-

2151 4979 2347 5031 στειλε.
2390 4978 2594 5034 Τούτου
2637 4975 3016 5046 βασιλεύοντος
3045 4977 3073 5028 ό
3112 4974 3366 5045 δεύτερος
3416 4971 3690 5026 ἐπίσκοπος

2159 5063 2568 5134 Ἀλεξανδρείας
2631 5063 2866 5128 Ἀϐίλιος
2907 5064 3210 5133 μετήλλαξε
3258 5063 3356 5134 τὴν
3404 5060 3560 5130 ζωὴν,
3611 5054 3689 5108 καὶ

2149 5156 2372 5225 Κέρδων
2430 5156 2529 5224 τῆς
2586 5156 2704 5208 ἐκεῖ
2751 5156 3080 5228 Ἐκκλησίας
3132 5155 3396 5226 προέστη.
3435 5153 3539 5220 Τῆς
3566 5147 3608 5201 δ’
3635 5147 3682 5197 ἐν

2165 5243 2465 5315 Ἀντιοχείᾳ
2512 5243 2846 5320 Ἐκκλησίας
2892 5245 3163 5314 Ἰγνάτιος
3220 5247 3340 5300 τότε
3383 5247 3410 5298 ό
3448 5239 3688 5308 Θεοφόρος

2151 5321 2470 5407 προῒκστατο,
2517 5336 2772 5404 δεύτερος
2803 5341 2896 5393 καὶ
2919 5339 3072 5404 οὗτος
3106 5340 3404 5401 ἐπίσκοπος
3432 5337 3542 5390 ἐκεῖ
3568 5327 3685 5402 μετά

2152 5428 2373 5480 Εὐόδιον
2430 5428 2858 5501 γνωριζόμενος,
2929 5431 3165 5502 Ὁμοίως
3223 5431 3280 5485 δὲ
3337 5431 3429 5484 καὶ
3482 5425 3575 5523 ἰῆς
3631 5420 3684 5523 ἐν

2167 5519 2574 5590 Ἱεροσολύμοις
2647 5522 2756 5577 τῶν
2839 5522 3046 5583 πιστῶν
3101 5523 3421 5601 Ἐκκλησίας
3491 5517 3686 5583 Συμεὼν

1663 5673 1858 5734 Variae
1895 5673 2206 5737 lcetiones
2234 5685 2292 5737 ct
2326 5683 2509 5739 noue.

553 5775 661 5849 (l7)
705 5777 1009 5843 Εὑσέϐιις.
1047 5777 1169 5834 Lib.
1207 5795 1288 5846 ιιι,
1313 5795 1430 5853 cap.
1456 5780 1538 5837 20.
