3756 6558
138 367 223 430 985
1308 379 1711 442 ANNALIUM
1751 387 1897 448 LIB.
1936 390 2044 452 χι.
2614 382 2617 385 ’
3236 407 3346 472 986

137 480 366 546 ἐξηγεῖτο,
406 473 650 545 δεύτερος
704 477 798 530 καὶ
848 478 1002 545 οὗτος
1052 483 1190 551 μετά
1266 486 1358 539 τὸν
1417 507 1619 560 συγγεν

1871 505 1908 560 t,
1944 514 2013 553 ne
2048 499 2175 569 quis
2205 500 2261 556 in
2308 503 2558 560 Romano
2597 505 2834 579 imperio
2858 521 3156 581 castretur,
3205 532 3345 577 neve

159 570 385 626 Ἰάκωϐον
427 571 517 622 τὸν
553 569 779 638 ἀδελφὺν
822 574 914 626 τοῦ
966 576 1173 646 Κυρίου
1219 578 1514 651 λεγόμενον
1563 587 1642 657 τὴ·

1864 605 1991 643 .rum
2031 598 2128 644 aut
2180 608 2431 649 sororum
2475 595 2615 654 ﬁlias
2662 599 2865 657 ducere
2912 604 3096 661 liceat.
3130 609 3262 664 Cum
3293 628 3347 668 -a

135 662 400 728 ἐπισκοπὴν
435 661 727 731 λελογχὼς.
759 665 918 736 Παρὰ
953 668 1144 722 τούτου
1189 672 1286 725 τοῦ
1321 677 1618 744 αύτοκράτς

1862 682 2060 749 purnio
2089 682 2310 754 Crasso,
2354 697 2410 742 et
2455 689 2578 745 aliis
2613 691 2842 749 insidias
2876 695 2994 752 ﬁeri
3025 698 3340 770 deprehen-

138 772 211 825 ρος
233 755 279 805 al
325 753 647 822 μονομαχίαι
695 754 789 807 καὶ
822 756 1088 825 ὴτούτων
1131 759 1229 814 θέα
1263 763 1620 839 ἀπηγορεύθη

1855 781 1954 836 set,
1991 775 2074 830 eis
2101 776 2155 830 in
2192 781 2506 848 spectaculo
2535 785 2772 853 quodam
2809 790 3056 857 proxime
3081 807 3139 847 se
3174 793 3338 866 585.

134 865 232 898 σαν,
282 844 548 913 Ἐπραττε
588 843 644 896 δὲ
674 845 826 932 ούδὲν
862 847 1087 918 γνώμης
1129 852 1263 924 ἄτερ
1321 856 1427 908 τῶν
1462 858 1614 930 ἐξόχιι

1862 863 2073 930 locatis,
2098 883 2260 924 enses
2300 871 2355 925 in
2390 888 2584 929 manus
2618 877 2864 942 tradidit,
2920 881 3125 951 ignaris

129 939 214 992 τῶν
239 936 325 1005 τῆς
357 936 570 1007 βουλῆς.
601 929 772 1000 Οὗτος
803 941 1165 1012 ἐνομοθέτησε
1198 946 1290 998 καὶ
1317 946 1377 999 τὸ
1422 949 1496 1018 μή
1532 929 1612 1003 τιν

1865 953 1976 1018 icii,
2009 965 2067 1010 ut
2112 958 2365 1015 viderent
2412 963 2624 1018 scilicet
2653 982 2722 1020 an
2753 929 2973 1035 nam:
3014 971 3141 1028 facti
3177 954 3343 1042 atqtie

128 1035 180 1086 ti
209 1030 484 1097 παιδογόνα
522 1032 686 1104 μόρια
729 1034 882 1101 παρὰ
942 1036 1238 1106 Ῥωμαίοις
1276 1039 1611 1111 έκτέμνεσθα

1873 1050 1908 1102 ti
1935 1062 2120 1106 essent
2148 1071 2162 1106 :
2195 1069 2318 1108 cum
2353 1073 2544 1114 revera
2594 1061 2874 1129 innueret,
2925 1079 3158 1122 mortem
3214 1087 3243 1124 a
3287 1086 3347 1126 sa

129 1125 240 1193 μήτε
271 1121 369 1192 μὴν
400 1121 632 1188 ἄγεσθαι
685 1125 820 1193 πρὸς
848 1125 1027 1196 γάμον
1050 1128 1340 1201 ἀδελφιδῆν
1370 1132 1415 1203 (1
1429 1133 1506 1202 8).
1549 1134 1612 1186 Φο

1872 1142 2061 1195 temni.
2091 1143 2283 1200 Aiebat
2313 1159 2495 1204 autem
2525 1168 2582 1205 se
2616 1154 2691 1208 ita
2716 1164 3051 1226 temperasse,
3089 1170 3146 1214 ut
3185 1163 3347 1216 etiam

128 1217 269 1284 ράτας
322 1213 376 1264 δὲ
435 1214 532 1266 τὸν
580 1214 958 1284 Καλπούρνιον
1015 1221 1270 1290 Κράσσον
1313 1224 1410 1276 καὶ
1469 1225 1611 1279 ἄλλοι

1862 1233 1996 1323 οείιο
2038 1235 2258 1304 imperio
2301 1242 2462 1293 vitam
2495 1244 2765 1312 privatam
2821 1257 2932 1301 tuto
2964 1262 3134 1320 posset
3165 1269 3345 1323 agere.

123 1301 541 1364 ἐπιϐουλεύοντάς
557 1305 628 1365 oi,
655 1302 712 1357 ἓν
733 1321 839 1358 τινι
870 1306 972 1378 θέᾳ
993 1309 1219 1379 πλησίον
1247 1313 1410 1366 αὐτοῦ
1435 1316 1606 1368 καθίσι

1861 1322 1870 1375 l
1904 1341 2028 1378 cum
2062 1327 2132 1381 ob
2160 1345 2372 1386 morum
2419 1333 2703 1390 lenitatem
2742 1349 2796 1394 et
2829 1351 3043 1396 aetatem
3094 1354 3344 1399 contem-

121 1394 288 1454 αὐτοὺς
317 1393 483 1462 μήπω
512 1395 742 1462 γνόντας
781 1397 864 1450 ὅτι
896 1399 1276 1471 πεφώρανται,
1310 1403 1441 1474 ξίφη
1475 1407 1604 1459 αὐτο

1865 1423 2008 1481 etur,
2033 1418 2302 1490 Capitolio
2320 1440 2641 1494 conscenso,
2665 1432 3021 1487 exclamavit:
3050 1434 3200 1500 Quod
3218 1438 3347 1502 felix

121 1481 440 1550 ἐνεχείρισεν,
473 1482 563 1535 tua
590 1485 730 1555 τάχα
765 1487 931 1541 ῐδοιεν
959 1489 1100 1542 αὐτὰ
1134 1491 1184 1543 si
1217 1491 1278 1544 εὖ
1306 1493 1600 1564 ὲξείργαστ

1864 1517 2099 1579 stumque
2135 1515 2202 1566 sit
2235 1519 2443 1570 senatui
2471 1520 2788 1591 populoque,
2825 1523 2899 1578 ill.
2949 1481 3160 1595 Ulme
3204 1481 3347 1581 λίαν-

120 1595 166 1630 τε
202 1578 285 1630 καὶ
314 1578 599 1648 τέθηκταιο
635 1585 702 1652 τῇ
738 1581 783 1634 δ’
814 1583 1063 1656 ἀληθείᾳ,
1087 1581 1174 1637 ἵνα
1195 1588 1375 1653 γνοῖεν
1401 1586 1475 1649 ὠς
1497 1605 1600 1640 κατ

1863 1613 1882 1649 t
1910 1597 2202 1668 Trajanum
2229 1602 2441 1674 adopto.
2471 1578 2616 1662 'Dein
2657 1578 2929 1665 émsarem
2966 1578 3184 1682 quoque
3218 1629 3346 1669 eum

122 1668 427 1738 πεφρόνηταί
478 1672 529 1723 oi
583 1672 611 1723 ό
651 1672 901 1736 θάνατος.
961 1674 1157 1743 Ἔλεγε
1211 1675 1268 1730 δὲ
1323 1677 1406 1729 ὅτι
1470 1676 1605 1731 Οὔτε

1864 1687 2084 1754 ιριιονὶι,
2116 1691 2279 1762 eique
2311 1710 2408 1749 sua
2442 1710 2607 1752 manu
2649 1698 3002 1756 Germaniam
3047 1711 3164 1757 tum
3197 1703 3347 1759 obti-

119 1759 246 1832 ἦρξα
276 1761 428 1817 ὥστε
467 1765 770 1822 δύνασθαι
801 1765 904 1821 καί
932 1768 1050 1838 τὴν
1074 1769 1273 1837 ἀρχὴν
1305 1770 1602 1824 ἀποθέσθο

721 1786 770 1820 αι
801 1765 904 1821 καί
932 1768 1050 1838 τὴν
1074 1769 1273 1837 ἀρχὴν
1305 1770 1660 1834 ἀποθέσθαι,
1765 1777 1917 1831 nenti
1943 1780 2164 1850 scripsit

121 1860 195 1912 καί
226 1860 502 1928 ἀσφαλῶς
527 1863 889 1920 ἰδιωτεῦσαι.
924 1866 1022 1918 Διά
1054 1865 1109 1918 δὲ
1149 1869 1364 1938 τρόπων
1396 1867 1740 1940 χρηστότητα
1778 1875 1872 1926 καὶ
1911 1877 2089 1945 γῆρας
2140 1879 2276 1950 βαθὺ
2324 1885 2860 1956 καταφρονούμενος,
2910 1887 3118 1950 ἀναϐὰς
3147 1889 3227 1952 είς
3286 1887 3350 1940 τὸ

122 1955 434 2010 Καπιτώλιον
487 1957 812 2028 ἐξεϐόησεν·
855 1959 1077 2030 Ἀγαθῆ
1106 1961 1254 2030 τύχῃ
1310 1959 1419 2028 τῆς
1458 1979 1521 2015 τε
1563 1962 1806 2033 ,ϐουλῆς
1858 1971 1955 2022 καὶ
2039 1971 2144 2025 τοῦ
2208 1973 2400 2042 δήμου
2471 1978 2714 2048 Μάρκον
2769 1983 3033 2035 Οὐλπιον
3081 1981 3354 2049 Νερούαν

124 2055 382 2124 Τραϊανὸν
412 2055 821 2126 είσποιοῦμαι.
853 2052 986 2111 Εἶτα
1017 2061 1114 2113 καὶ
1144 2060 1402 2130 Καίσαρα
1471 2064 1698 2116 ἀνεῖπεν
1733 2063 1918 2130 αὐτὸν,
1977 2068 2071 2121 καὶ
2099 2071 2430 2145 αὐτοχείρως
2470 2075 2751 2130 ἐπέστειλε
2782 2075 2860 2147 τῷ
2899 2077 3054 2149 ἀνδρὶ⁵
3079 2077 3178 2148 τῆς
3205 2077 3348 2150 Γερ-

125 2151 286 2222 μανίας
310 2151 532 2221 ἄρχοντι
571 2151 696 2204 τότε
731 2166 744 2181 ·
3216 2169 3218 2171 ’

181 2270 395 2324 Tim-nar
422 2268 645 2322 Δαναοί
675 2268 787 2338 ἐμὰ
807 2267 1042 2337 δάκρυα
1077 2268 1245 2322 σοῖσι
1266 2268 1591 2334 βέλεσσιν.

1837 2271 2046 2328 Sentiat
2073 2281 2132 2330 ob
2161 2275 2426 2349 lacrymas
2458 2290 2666 2336 nostras
2696 2294 2786 2335 tua
2815 2280 3019 2350 spicula
3056 2280 3272 2336 Graius.

177 2383 362 2452 Ἀρξας
385 2381 480 2436 οὖν
514 2383 764 2451 Νερούας
794 2384 879 2452 ἐφ’
914 2383 1015 2438 ἕνα
1051 2384 1297 2438 ἐνιαυτὸν
1325 2387 1419 2438 καὶ
1474 2385 1660 2456 μηνῶν

1864 2389 1916 2443 iit
1974 2405 2040 2445 ex
2104 2392 2355 2447 morbo:
2411 2394 2705 2464 imperavit
2766 2411 2971 2450 annum
3031 2411 3227 2462 unum,
3288 2403 3347 2452 et

119 2476 406 2546 τετρακτὺν,
483 2475 790 2546 μετήλλαξε
847 2475 948 2546 τὴν
1013 2476 1160 2548 ζωὴν
1216 2479 1493 2547 νοσήσας,
1565 2496 1600 2533 κ

1588 2481 1663 2552 tat
1766 2497 1984 2538 menses
2022 2499 2098 2550 ιν,
2129 2483 2362 2556 Trajano
2396 2486 2729 2557 imperatore
2761 2489 3071 2558 designato.

120 2565 456 2636 αὐτοκράτορα
485 2567 584 2618 τὸν
614 2567 885 2634 Τραϊανὸν
923 2567 1385 2637 προϐαλλόμενος.

176 2658 289 2711 KA'.
343 2658 618 2727 Τραϊανὸς
665 2659 721 2711 δὲ
766 2657 826 2711 τὸ
861 2659 1017 2726 γένος
1063 2655 1244 2713 εἷλκεν
1298 2661 1358 2727 ἐξ
1393 2661 1659 2732 Ἰϐηρίας,

1865 2679 1978 2736 iXl.
2012 2681 2284 2752 Trajanus
2315 2697 2490 2754 genus
2515 2697 2581 2736 ex
2610 2681 2874 2751 Hispania
2917 2680 3151 2746 ducens,
3200 2692 3348 2734 anno

118 2749 334 2818 δεύτερον
362 2749 480 2812 ἔτος
498 2749 654 2816 ἄγων
675 2750 770 2803 ἐπὶ
803 2752 1229 2822 τεσσαρακοστῷ
1259 2753 1368 2806 ἀπὸ
1393 2755 1600 2822 γενέσει

1859 2772 1942 2826 Itis
1970 2788 2078 2826 xui
2112 2774 2347 2842 imperio
2377 2774 2586 2843 potitus
2610 2783 2714 2835 est,
2757 2773 2812 2826 in
2854 2773 2976 2842 ipso
3007 2772 3178 2827 animi
3214 2788 3342 2828 cor-

120 2842 190 2893 ὅτε
216 2839 304 2910 τῆς
327 2841 636 2911 αὑταρχίας
661 2840 986 2912 τετύχηκεν,
1027 2841 1162 2919 dict’
1197 2845 1254 2895 ἐν
1302 2845 1455 2916 ἀκμῇ
1498 2846 1603 2900 αύτι

1860 2864 2025 2934 ’ἱειιυε
2076 2839 2284 2936 vigore.
2330 2839 2395 2920 et
2436 2880 2466 2918 a
2509 2839 3043 2935 juvenili-audacia,
3091 2874 3148 2920 et
3180 2865 3343 2920 senili

123 2929 354 2986 εἶναικαὶ
397 2935 496 3002 τῆς
555 2934 736 3003 ψυχῆς
777 2935 872 2986 καὶ
911 2934 1006 2986 τοῦ
1054 2934 1327 3006 σώματος,
1371 2939 1466 2991 καὶ
1522 2940 1606 3008 μήι

1861 2929 2016 3012 ordia
2067 2929 2306 3013 alienus.
2351 2929 2524 3012 Bonis
2559 2958 2829 3012 honorem
2881 2957 3156 3012 habebat:
3201 2956 3342 3012 bene

121 3024 319 3091 θράσους
350 3025 454 3078 ὑπὸ
481 3026 738 3092 νεότητος
767 3026 1134 3093 πίμπλασθαι,
1172 3028 1294 3098 μήτ’
1327 3030 1430 3083 ὑπὸ
1457 3032 1604 3101 γήροπ

1860 3059 1992 3104 actus
2027 3066 2161 3120 erga
2203 3065 2414 3113 omnes,
2460 3051 2736 3103 neminem
2782 3049 3027 3109 timebat,
3068 3048 3343 3103 neminem

121 3117 475 3185 ἀμϐλύνεσθαι.
562 3118 761 3187 Ἐτίμα
821 3119 882 3193 δὲ
936 3121 1063 3180 τοὺς
1115 3121 1376 3189 ἀγαθοὺς,
1451 3127 1543 3178 καὶ
1598 3145 1604 3175 l

1860 3151 1976 3196 παις
2002 3117 2277 3197 delatores
2305 3141 2714 3206 contemnebat,
2735 3157 2842 3196 non
2865 3141 3122 3211 proclivis
3137 3149 3254 3196 erat
3277 3141 3343 3194 ad

120 3213 230 3281 πρὸς
280 3211 486 3274 πάντας
535 3213 943 3282 διατιθέμενος,
1007 3214 1125 3266 οὔτ’
1187 3216 1446 3269 ἐδεδοίκει
1483 3219 1603 3271 τινὰ

1862 3235 2101 3290 :undiam
2123 3253 2136 3289 :
2158 3236 2335 3289 aliena
2362 3235 2588 3304 pecunia
2609 3249 2764 3304 asque
2784 3249 2847 3288 ae
2866 3233 3107 3288 caedibus
3128 3234 3345 3303 injustis

117 3304 215 3356 οὔτε
244 3305 345 3374 μὴν
368 3305 740 3375 ἀπηχθάνετο,
770 3303 894 3358 οὔτε
927 3309 1180 3376 προσεῖχε
1205 3310 1316 3370 τοῖς
1341 3309 1600 3362 διαϐἀλλο

1859 3329 2076 3383 .tinebat
2104 3347 2117 3382 :
2155 3303 2407 3398 quamvis
2440 3341 2636 3397 magno
2669 3327 2873 3390 animo,
2921 3340 3225 3395 magnoque
3253 3324 3342 3378 in-

118 3414 200 3463 σιν,
229 3397 334 3449 οὒτ’
360 3394 428 3468 ἦν
461 3397 773 3468 ὀξύρροπος
809 3400 944 3469 πρὸς
979 3400 1174 3469 ὀργὴν,
1203 3401 1311 3452 τῶν
1347 3418 1409 3454 τε
1437 3419 1601 3483 χρημς

1860 3419 1924 3473 ιίο
1950 3394 2232 3489 praeditus,
2282 3418 2338 3471 in
2375 3418 2516 3481 vias,
2536 3394 2772 3485 vportus,
2813 3394 3090 3485 operaque
3123 3415 3343 3485 publica

115 3506 200 3540 των
243 3489 345 3541 τῶν
402 3489 708 3559 ἀλλοτρίων
767 3491 860 3544 ίτα
903 3491 1000 3544 καὶ
1064 3491 1242 3561 φόνων
1288 3493 1398 3546 τῶν
1453 3494 1598 3548 ἀδίκι

1860 3525 1989 3578 gnos
2011 3518 2263 3578 sumptus
2283 3508 2508 3563 faceret.
2527 3507 2662 3562 Cum
2681 3509 2886 3562 circum
2903 3516 3214 3576 equestrem
3234 3505 3343 3560 col-

114 3581 355 3652 ἀπείχετο·
395 3582 584 3636 καίτοι
635 3582 994 3652 μεγαλόφρων
1053 3584 1146 3636 καὶ
1200 3585 1597 3656 μεγαλογνώμο

1859 3617 1975 3656 sum
2029 3601 2408 3664 instaurasset,
2464 3601 2841 3670 maioremque
2887 3608 2944 3652 et
2974 3596 3342 3666 pulchriorem

114 3675 393 3744 γενόμενος,
420 3675 525 3728 καὶ
553 3677 610 3726 ὲν
648 3674 788 3737 ὁδοῖς
817 3677 913 3728 καὶ
968 3677 1024 3728 ὲν
1048 3675 1234 3745 λιμέσι
1267 3677 1359 3730 καὶ
1401 3678 1460 3730 ὲν
1486 3678 1597 3747 δημ

1862 3695 2006 3759 isset,
2033 3693 2331 3762 inscripsit,
2350 3707 2409 3748 se
2429 3691 2624 3747 fecisse
2644 3698 2876 3753 tantum,
2902 3698 2960 3743 ut
2983 3689 3218 3758 populus
3236 3689 3345 3743 Bo.-

116 3765 226 3829 σίοις
248 3767 682 3836 οἰκοδομήμασιν
713 3767 958 3842 ἐδαπάνα
983 3767 1174 3823 πολλά.
1216 3770 1324 3822 Καὶ
1346 3769 1534 3841 ἐπειδὴ
1564 3787 1594 3822 τ

1857 3801 1960 3842 nus
1972 3786 2102 3840 satis
2117 3784 2278 3855 spatii
2298 3785 2548 3839 haberet.
2567 3783 2736 3854 Magis
2755 3783 2975 3854 gavisus
2993 3789 3078 3837 est
3093 3797 3150 3836 se
3170 3781 3340 3836 amari

113 3859 160 3911 ὲν
178 3862 234 3928 τῇ
267 3857 452 3930 Ῥώμῃ
504 3859 841 3929 ἱππόδρομον
874 3861 1151 3930 φθαρέντα
1189 3861 1447 3930 ἀνήγειρε
1488 3861 1596 3931 μείς

1858 3893 1926 3932 tm
1961 3877 2216 3931 honorari
2240 3895 2252 3930 :
2278 3876 2514 3930 subditis
2547 3875 2768 3939 charus,
2795 3874 3046 3928 hostibus
3078 3871 3341 3928 terribilis

114 3965 160 4001 τε
188 3951 271 4002 καὶ
295 3950 817 4020 περικαλλέστερον,
852 3950 1168 4020 ἐπέγραψεν
1206 3952 1358 4021 αύτῷ
1377 3954 1460 4005 ὅτι
1497 3952 1597 4018 ἐξα

1858 3985 1884 4024 e
1914 3969 2109 4024 voluit.
2140 3967 2399 4034 Quamvis
2434 3967 2723 4037 disciplina
2747 3967 3056 4020 litterarum
3087 3964 3341 4019 eruditus

115 4041 282 4094 κοῦντα
306 4041 382 4111 τῷ
417 4041 536 4095 τῶν
577 4041 863 4111 Ῥωμαίων
898 4041 1057 4113 δήμῳ
1103 4043 1347 4114 ἐποίησε.
1380 4045 1488 4098 Καὶ
1523 4046 1598 4112 μᾶ

1854 4078 1877 4116 τι
1907 4068 2048 4116 esset
2071 4098 2088 4125 ,
2129 4075 2244 4114 rem
2281 4060 2454 4129 ipsam
2489 4067 2671 4114 tamen
2703 4067 2760 4112 et
2792 4059 2947 4111 novit
2978 4064 3035 4111 et
3064 4055 3337 4110 exercuit.

114 4134 186 4186 λον
205 4135 380 4206 ἔχαιρε
413 4135 748 4206 φιλούμενος
779 4135 813 4206 ἢ
848 4135 1182 4206 τιμώμενος,
1237 4140 1330 4190 καὶ
1369 4139 1596 4205 ἀγαπητ

1854 4154 1888 4208 Ii
1921 4153 2025 4208 fuit
2062 4152 2297 4217 avidior,
2330 4151 2426 4207 sed
2458 4153 2596 4207 citra
2635 4152 2962 4207 ebrietatem
2990 4169 3004 4203 :
3037 4163 3337 4220 puerorum

112 4226 274 4296 ἢθελεν
291 4224 435 4282 εἶναι
450 4230 568 4289 τοῖς
593 4227 874 4297 ὑπηκόοις,
902 4232 1015 4291 τοῖς
1037 4228 1317 4298 πολεμίοις
1335 4229 1392 4282 δὲ
1404 4229 1595 4300 φοϐερά

1855 4259 1995 4316 gnus
2025 4253 2259 4307 amator,
2295 4243 2392 4298 sed
2447 4244 2587 4298 citra
2636 4243 2961 4313 cujusquam
3007 4239 3335 4295 molestiam.

113 4319 202 4387 Τῆς
225 4321 316 4388 μὲν
365 4317 462 4373 οὖν
504 4324 562 4374 ὲν
607 4319 787 4388 λόγοις
822 4319 1076 4384 παιδείας
1129 4321 1191 4374 ού
1227 4324 1558 4392 μετέσχηκε,
1593 4347 1596 4357 ι

1851 4352 1907 4390 ιη
1930 4336 2015 4390 vir
2043 4335 2340 4391 bellicosus
2371 4343 2542 4399 esset,
2573 4341 2630 4390 et
2652 4350 2743 4388 res
2776 4348 3002 4404 magnas
3027 4331 3291 4403 gessisset
3318 4347 3334 4385 :

110 4409 146 4460 δ’
183 4411 329 4480 ἔργον
356 4413 531 4482 αὐτῆς
575 4413 668 4465 καὶ
725 4412 998 4481 ἠπίστατο
1029 4414 1125 4466 καὶ
1153 4413 1466 4482 εἰργάζετο.
1493 4416 1593 4468 Οίνη

1876 4422 2168 4492 disciplina
2218 4424 2421 4478 milites
2472 4423 2814 4486 continebat,
2862 4414 2942 4478 ne
2994 4437 3093 4478 eos
3148 4421 3336 4478 elierri

111 4503 146 4555 δ’
174 4506 475 4576 ἡττώμενος
502 4509 686 4576 νήφων
722 4502 813 4580 ἦν·
855 4507 950 4560 καὶ
995 4508 1334 4578 ιπτοημένος
1375 4509 1504 4579 περὶ
1535 4526 1594 4580 με

1861 4517 1965 4570 mis
1997 4527 2303 4585 pateretur.
2339 4517 2576 4572 Uxorem
2609 4516 2881 4571 Plotinam
2918 4514 3137 4568 habuit.
3185 4514 3339 4568 Bello

114 4597 273 4665 ράκια,
311 4599 509 4652 ούδένα
540 4599 804 4666 ἐλύπησε.
870 4601 1240 4670 Φιλοπόλεμος
1289 4601 1347 4654 δὲ
1389 4599 1597 4668 γεγονὼ

1857 4619 2050 4669 gressus
2069 4614 2155 4659 est
2174 4606 2366 4669 Dacas,
2401 4622 2496 4660 seu
2516 4607 2711 4669 Dacos,
2733 4607 3034 4660 secundum
3068 4604 3247 4670 Iones,
3278 4612 3340 4659 ut

113 4691 191 4740 καὶ
223 4690 445 4743 πλεῖστα
479 4691 885 4762 κατωρθωκὼς,
931 4694 1032 4746 οὐκ
1058 4695 1149 4747 εἷα
1166 4695 1290 4756 τοὺς
1314 4694 1596 4764 στρατιώτε

1856 4691 2046 4760 pianus
2078 4694 2158 4748 ait
2184 4710 2316 4748 um
2342 4695 2598 4749 Romana:
2618 4695 3075 4750 Historiaalibro:
3104 4694 3251 4763 quod
3282 4703 3339 4748 et

113 4779 474 4850 ὑπερφρονεῖν,
524 4783 695 4848 οὕτως
745 4785 1034 4856 ἐγκρατῶς
1058 4787 1239 4840 αὐτῶν
1257 4783 1449 4859 ἦρχεν.
1486 4783 1595 4840 Ἦν

1855 4799 1946 4838 tua
1979 4784 2187 4839 tributa
2222 4786 2468 4855 pendere
2511 4788 2820 4850 recusabat,
2873 4795 2932 4840 et
2968 4801 3161 4840 eorum
3192 4785 3336 4842 facta

111 4865 234 4936 αὐτῷ
259 4871 392 4942 γυνὴ
422 4871 690 4926 Πλωτίνα.
719 4874 1091 4944 Ἒστράτευσε
1138 4877 1321 4946 μέντοι
1345 4879 1438 4932 ἐπὶ
1453 4879 1594 4932 Δάκα

1858 4879 1954 4933 isci
1995 4878 2274 4947 cupiebat.
2299 4879 2470 4948 Cujus
2494 4878 2789 4934 adventum
2825 4879 3132 4934 Decebalus
3157 4881 3336 4948 gentis

109 4955 379 5023 ῆΔακοὺς,
429 4963 572 5015 κατά
606 4961 820 5028 Ἴωνας,
870 4963 944 5026 ὡς
977 4966 1005 5017 ὁ
1036 4964 1338 5028 ’Λππιανὸς
1363 4968 1420 5020 ὲν
1460 4967 1540 5037 τῷ
1569 4986 1592 5021 ε

1851 4984 1881 5024 s
1926 4969 2186 5038 princeps
2221 4969 2448 5022 timuit:
2481 4984 2590 5023 non
2635 4969 2880 5038 ignarus,
2919 4969 3218 5038 Trajanqu
3243 4969 3333 5024 νίσ-

114 5050 267 5118 κοστῷ
297 5051 464 5122 τρίτῳ
507 5052 651 5122 λόγῳ
682 5055 785 5122 τῆς
835 5056 1150 5125 Ῥωμαῖκῆς
1185 5057 1454 5129 Ἱστορίας
1493 5077 1597 5129 φησ

1850 5077 1885 5115 n
1934 5076 2056 5116 esse
2094 5061 2171 5115 rei
2207 5060 2418 5116 bellicae
2469 5061 2891 5130 peritissimum.
2946 5063 3130 5131 Pugna
3179 5077 3333 5116 com-

113 5139 232 5222 μήτε
263 5145 526 5213 χρήματα
551 5143 588 5199 ἀ
622 5147 880 5210 ὲπετείως
911 5147 1216 5216 ἐλάμϐανον
1242 5151 1440 5204 διδόναι
1466 5154 1596 5206 αύτο

1842 5169 1947 5218 ssa,
1988 5154 2218 5208 Romani
2270 5154 2472 5210 multos
2519 5154 2706 5209 hostes
2751 5153 3100 5218 occiderunt,
3155 5152 3325 5222 535

111 5217 437 5298 ἀνεχόμενος,
472 5234 566 5286 καὶ
605 5234 761 5298 δίκας
806 5222 1206 5306 είσπράξασθαι
1235 5239 1342 5292 τῶν
1395 5259 1594 5311 πεπρα·

1847 5261 1858 5301 :
1913 5245 2204 5315 pauciores
2253 5261 2321 5300 ex
2377 5245 2511 5316 ipsis
2547 5245 2823 5299 vulnerati
2878 5256 3049 5300 sunt:
3087 5259 3330 5313 quorum

115 5317 272 5384 μένων
321 5323 507 5387 αὐτοῖς
553 5327 918 5398 ίμειρὸμενος.
951 5331 1262 5401 Πυθόμενος
1292 5329 1387 5387 οὖν
1432 5335 1461 5387 ό
1496 5337 1598 5388 Δεκ

1839 5349 1907 5392 ita
1971 5339 2268 5392 multitudo
2321 5337 2446 5404 fuit,
2499 5347 2560 5392 ut
2611 5353 2738 5394 cum
2795 5339 2981 5393 fascia:
3035 5337 3322 5400 deessent,

113 5411 270 5478 ϐαλος,
292 5415 348 5478 ὃς
379 5419 570 5471 Δακῶν
614 5416 775 5492 ἦρχε,
806 5423 906 5492 τὴν
939 5424 1034 5477 τοῦ
1065 5425 1341 5496 Τραϊανοῦ
1389 5427 1532 5481 κατά
1562 5445 1592 5480 τ

1843 5431 2028 5499 aianus
2075 5445 2146 5485 ne
2200 5445 2313 5486 sute
2345 5429 2568 5499 quidem
2619 5431 2760 5486 vesti
2798 5429 3130 5499 pepercerit.
3183 5427 3326 5483 Cum

113 5501 274 5570 ἔθνους
298 5509 494 5581 ὁρμὴν,
528 5511 753 5580 ἔδεισεν,
782 5514 937 5578 εἰδὼς
965 5514 1057 5569 τὸν
1086 5517 1252 5587 ἀνδρα
1279 5535 1596 5589 στρατηγικι

1847 5523 1990 5577 nmis
2017 5523 2401 5579 cacuminibus
2430 5538 2627 5595 magno
2657 5523 2848 5580 labore
2877 5521 3184 5592 occupatis,
3221 5520 3329 5596 ipsi

1282 5671 1480 5732 Varia)
1518 5670 1824 5733 lectiones
1861 5681 1920 5735 et
1955 5682 2146 5737 notae.

171 5784 273 5855 (l8)
312 5785 687 5859 ’Δδελφιδιξικ
719 5789 854 5847 Vide
877 5791 1185 5862 Cujaciuzn,
1245 5793 1343 5850 lib.
1379 5807 1500 5861 vttt,
1551 5793 1654 5851 Obs

592 5787 687 5857 ἠν.
719 5789 854 5847 Vide
877 5791 1185 5862 Cujaciuzn,
1245 5793 1343 5850 lib.
1379 5807 1500 5861 vm,
1551 5793 1782 5852 Observ.
1819 5813 1938 5868 cap.
1982 5797 2073 5856 28.
