3910 6582
175 443 264 507 9⁸3

1445 445 1864 505 ANNALIUM‘
1890 445 2018 504 LIB
2083 447 2184 504 Χί.

3297 451 3400 516 99i

173 560 255 609 κὺν
293 551 459 608 αὑτοῦ
511 553 607 608 καὶ
640 556 672 624 ἡ
706 553 1002 625 ἐπιμέλεια
1049 552 1144 606 καὶ
1189 552 1250 607 τὸ
1303 554 1724 626 μεγαλοπρεπὲς

1839 555 2162 624 ῑηεὶρὶοὺηι,
2197 565 2374 624 cmp'a
2413 555 2676 623 sedebat,
2716 571 2848 626 epes
2889 558 3094 614 nemini
3130 575 3228 631 per
3261 564 3405 634 inju-

172 647 254 698 καὶ
302 645 336 713 ἡ
385 643 634 716 δεξιότης
661 659 676 674 ⁸
726 647 819 699 καὶ
863 646 928 698 τὸ
971 644 1097 714 μήτ’
1128 643 1292 716 ἄρξαι
1323 645 1568 714 πολέμου
1628 647 1722 708 καὶ

169 738 283 796 τοὺς
345 733 660 802 ὴργμένους
739 734 1136 788 καταπαῦσαι·
1195 733 1291 788 καὶ
1361 736 1442 787 ὅτι
1507 732 1723 798 οὐδενὸς

168 827 349 888 ἀδὲκως
375 817 631 892 ἀφείλετο
658 827 941 895 χρήματα,
977 825 1115 880 ἀλλὰ
1165 826 1259 879 καὶ
1291 826 1512 890 πολλοῖς
1547 829 1724 898 παρὲ-

169 933 331 986 σχετο,
376 915 612 985 μάλιστα
647 917 1009 988 αύθορμήτως
1057 918 1153 971 καὶ
1201 919 1327 988 μηδ’
1373 917 1720 986 αἰτούμενος,

125 989 140 1002 ’
169 1010 258 1063 καὶ
279 1008 461 1060 πόλεσι
520 1008 860 1078 συμμάχοισί
909 1025 967 1061 τε
1012 1007 1108 1062 καὶ
1150 1008 1450 1078 ύποφόροις
1491 1010 1722 1071 πάσαις,

165 1099 235 1162 ὡς
263 1099 454 1162 εἰπεῖν,
491 1097 854 1168 ἐπεκούρησε,
881 1102 1000 1161 ταῖς
1034 1100 1135 1168 μὲν
1172 1099 1320 1170 ὕδωρ
1355 1099 1715 1167 καταγαγὼν,

165 1195 276 1254 ni;
321 1191 378 1244 δὲ
411 1193 642 1261 λιμένας
675 1193 1066 1264 οἰκοδομήσας,
1123 1197 1246 1256 ταῖς
1301 1195 1362 1246 δὲ
1419 1197 1564 1246 σῖτον
1629 1197 1725 1247 καὶ

167 1285 292 1352 ἔργα
346 1283 443 1335 καὶ
497 1284 760 1352 χρήματα
823 1286 918 1338 καὶ
981 1285 1146 1354 τιμὰς
1187 1285 1330 1348 δούς
1365 1285 1518 1356 (24)·
1549 1285 1628 1355 τῷ
1662 1303 1724 1337 τε

165 1377 311 1444 δήμῳ
333 1376 444 1428 τῶν
473 1376 759 1444 Ῥωμαίων
790 1377 850 1429 οὐ
888 1377 1268 1442 θωπευτικῶς,
1297 1378 1414 1431 ἀλλ’
1445 1378 1727 1448 ἐμὸριθῶς

167 1468 550 1538 προςεφέρετο.
599 1469 711 1524 Καί
765 1469 896 1522 ποτέ
951 1486 1003 1522 τι
1065 1469 1307 1524 αἰτοῦντι
1363 1470 1726 1540 θρασύτερον,

165 1561 257 1612 οὐκ
282 1560 522 1630 ἔνειμεν,
555 1561 672 1614 ἀλλ’
707 1563 886 1615 είπεῖν
927 1561 1185 1615 ἐκέλευσε
1233 1562 1313 1634 τῷ
1345 1563 1549 1634 κήρυκι
1579 1567 1726 1616 Σιω-

167 1653 428 1722 πήσατε·
461 1653 540 1716 ὼς
583 1652 630 1707 δ’
668 1651 821 1707 οὐδὲν
865 1654 1114 1717 είπόντος
1157 1654 1396 1718 ἐκείνου,
1435 1654 1535 1725 τὴν
1567 1657 1727 1724 χεῖρα

168 1745 221 1798 δὲ
271 1745 673 1808 ἀνατείναντος,
721 1745 1065 1815 ἐσιώπησαν,
1118 1746 1178 1799 ού
1227 1747 1391 1816 μόνον
1442 1748 1585 1800 κατὰ
1631 1745 1727 1800 τοῦ

167 1838 398 1908 κήρυκος
458 1838 560 1891 οὐκ
616 1837 940 1909 ἐξὼργιστο,
975 1838 1051 1902 ὡς
1111 1838 1185 1910 μὴ
1251 1840 1616 1910 πεποιηκότος
1666 1840 1728 1893 τὸ

167 1929 468 1995 κελευσθὲν,
497 1929 635 1982 ἀλλὰ
661 1933 756 1983 καὶ
790 1929 960 2000 τιμῆς
1005 1931 1098 1983 τὸν
1125 1930 1297 2000 ἄνδρα
1340 1931 1597 2002 ἠξίωσεν,
1647 1932 1727 1984 ὅτι
1761 1912 1804 1968 Β

174 2021 199 2072 ὃ
223 2017 286 2090 ἦν
318 2019 470 2090 αὐτῷ
504 2020 828 2089 βουλόμενον
854 2021 1041 2092 ἤνυσε,
1077 2020 1155 2091 μὴ
1185 2023 1424 2092 ἐκφήνας
1454 2023 1514 2074 τὸ
1557 2023 1729 2092 τραχὺ

169 2112 256 2166 τοῦ
307 2113 705 2181 κελεύσματος.
766 2114 840 2166 Ού
893 2115 1002 2185 γὰρ
1054 2115 1380 2184 ἠγανάκτει,
1422 2117 1474 2167 εί
1525 2133 1576 2168 τι
1640 2117 1732 2169 καὶ

173 2203 317 2275 παρὰ
377 2203 613 2274 γνώμην
667 2202 835 2256 αὑτοῦ
903 2203 1042 2273 πρός
1116 2220 1263 2266 τινος
1328 2203 1559 2272 ἐγίνετο,
1608 2203 1731 2257 τὸδ’

170 2296 391 2368 ἀφεώρα
425 2297 566 2369 πρὸς
614 2295 780 2350 αὑτοῦ
831 2295 1182 2350 λισιτέλειαν.
1217 2298 1523 2367 Παριόντος
1554 2297 1598 2352 δ’
1631 2298 1733 2350 αὺ-

169 2391 258 2444 τοῦ
292 2408 426 2443 ποτε
466 2390 605 2459 γυνή
655 2406 742 2449 τις
804 2390 1004 2454 ἐδέετο,
1061 2390 1156 2444 καὶ
1207 2391 1456 2452 εἰπόντος
1518 2389 1593 2452 ὡς
1651 2391 1734 2444 Οὐ

170 2483 462 2552 σχολάζω,
514 2481 882 2552 ἀνέκραξενή
927 2482 1087 2552 γυνὴ,
1141 2483 1248 2537 Καὶ
1291 2482 1376 2551 μὴ
1411 2483 1732 2548 βασίλευε.

179 2578 233 2630 '0
264 2577 322 2629 δέ
345 2578 544 2630 αὐτίκα
573 2593 633 2628 τε
663 2575 935 2644 ἐστράφη,
964 2577 1055 2628 καὶ
1083 2577 1354 2647 προσέσχε
1380 2579 1446 2648 τῇ
1479 2573 1732 2647 δεομένῃ.

172 2673 273 2725 Καὶ
307 2672 483 2724 πάντα
512 2672 580 2723 τὰ
623 2671 837 2741 μεγάλα
863 2672 955 2725 καὶ
988 2673 1261 2738 ἀναγκαῖα
1289 2673 1391 2724 οὐκ
1431 2670 1563 2740 ίδίᾳ,
1595 2670 1735 2724 ἀλλὰ

175 2765 306 2834 μετὰ
333 2765 442 2818 τῶν
475 2764 778 2834 βουλευτῶν
814 2764 1074 2835 ἔπραττε.
1107 2763 1215 2816 Καὶ
1248 2763 1390 2834 μετὰ
1428 2763 1539 2816 τῶν
1581 2762 1736 2834 πρώο

171 2873 269 2908 των
301 2855 548 2919 ἐδίκαζεν
581 2857 688 2909 ἀπὸ
735 2855 998 2927 βήματος,
1032 2855 1173 2910 ὥστε
1209 2855 1632 2924 δημοσιεύεσθαι
1666 2856 1736 2909 τὰ

172 2948 462 3016 γινόμεναο
492 2950 584 3001 καὶ
620 2951 734 3011 τοῖς
773 2948 1001 3011 ὑπάτοις
1041 2948 1416 3011 συνδικάζουσι
1448 2947 1560 3018 (25)
1596 2963 1740 3017 περ·

174 3039 392 3107 εγίνετο,
431 3039 518 3094 ἀεί
580 3057 644 3092 τε
679 3041 808 3110 περὶ
851 3039 1016 3093 αὐτὸν
1048 3040 1175 3102 τοὺς
1205 3040 1459 3109 ἀρίστους
1495 3036 1609 3110 εἷχε
1642 3041 1739 3092 καὶ

174 3135 278 3195 τοῖς
316 3132 559 3203 ἀρίστοις
593 3131 949 3185 συνεδείπνει.
979 3132 1087 3185 Καὶ
1119 3129 1188 3202 ἦν
1217 3132 1367 3203 αὐτῴ
1407 3132 1614 3202 πλῆρες
1653 3131 1740 3183 λό-

1834 644 1970 696 riam
1999 643 2269 712 eripiebat
2295 683 2309 709 ,
2349 645 2443 699 sed
2471 649 2649 709 potius
2678 648 2882 710 multis,
2919 649 3062 703 ultro
3094 655 3402 720 praesertim

1827 746 1935 786 non
1967 743 2207 803 rogatus.
2233 735 2495 790 donabat.
2523 736 2761 792 Urbibus
2784 739 3064 803 erunibus,
3097 741 3211 795 sive
3235 742 3402 798 sociis

1826 823 1944 876 sive
1991 824 2349 893 vectigalibus
2392 841 2551 895 Opem
2598 828 2810 883 ferebat
2843 848 2855 880 :
2891 830 3013 884 aliis
3056 845 3197 900 aqua
3231 832 3406 886 intro-

1827 912 2114 978 duccuda,
2166 915 2292 968 aliis
2343 918 2616 986 portubus
2668 921 3062 982 exstruendis.
3129 924 3255 977 aliis
3290 925 3407 978 fru-

1827 1015 2048 1067 mento,
2117 1009 2416 1077 Operibus,
2483 1011 2754 1078 pecunia,
2817 1012 3124 1068 honoribus
3185 1015 3403 1071 dandis.

1827 1099 2105 1155 Adversus
2149 1104 2410 1171 populum
2464 1104 2773 1159 Romanum
2822 1121 2932 1160 non
2971 1109 3266 1174 submisse,
3306 1110 3401 1164 sed

1829 1209 1928 1262 pro
1966 1197 2294 1250 auctoritate
2333 1212 2391 1251 se
2423 1199 2695 1268 gerebat:
2730 1200 2819 1254 cui
2853 1202 3061 1270 aliquid
3104 1203 3404 1272 aliquando

1829 1285 2095 1341 audacius
2126 1289 2428 1356 postulanti
2463 1305 2569 1343 non
2603 1295 2793 1352 cessit,
2823 1292 2916 1346 scd
2951 1308 3256 1362 praeconem
3287 1296 3397 1349 edi-

1828 1393 1954 1433 cere
1981 1380 2143 1448 jussit
2171 1399 2185 1433 :
2223 1381 2429 1436 Tacete.
2449 1382 2552 1448 Qui
2589 1399 2710 1437 cum
2740 1385 2879 1439 nihil
2904 1386 3145 1452 locutus,
3179 1396 3402 1441 extenta

1831 1478 2046 1526 tantum
2090 1487 2253 1526 manu
2303 1473 2584 1530 silentium
2631 1476 2892 1531 fecisset:
2936 1493 3044 1531 non
3087 1479 3249 1533 modo
3291 1496 3402 1533 non

1829 1563 2152 1616 succenSuit
2215 1563 2448 1627 homini,
2505 1566 2662 1634 quasi
2730 1565 2881 1621 dicto
2939 1569 3118 1621 minus
3171 1569 3404 1623 audiens

1829 1653 2045 1718 fuisset,
2082 1655 2179 1710 sed
2211 1665 2267 1710 et
2301 1657 2566 1710 honorem
2602 1657 2817 1722 habuit,
2845 1660 2990 1727 quod
3024 1659 3075 1712 id
3105 1662 3401 1724 effecisset,

1829 1744 1977 1814 quod
2008 1746 2282 1810 voluerat,
2315 1747 2656 1802 dissimulata
2688 1749 2904 1817 imperii
2945 1750 3260 1819 asperitate.
3297 1751 3408 1806 Ne-

1830 1852 1938 1905 que
1970 1838 2120 1892 enim
2165 1854 2308 1908 aegre
2349 1839 2590 1904 ferebat,
2630 1840 2675 1894 si
2711 1842 2841 1910 quid
2889 1842 2960 1895 ab
2995 1844 3180 1912 aliquo
3215 1853 3406 1898 contra

1831 1947 1985 1986 suam
2029 1931 2361 1986 sententiam
2394 1930 2581 1993 fiebat,
2611 1934 2774 1986 modo
2819 1934 2885 1987 ad
2925 1934 3215 1988 utilitatem
3250 1951 3404 1990 suam

1833 2033 2128 2093 spectaret.
2169 2024 2498 2078 Praeterieris
2540 2024 2859 2093 aliquando,
2905 2041 3030 2078 cum
3075 2028 3290 2080 mulieri
3327 2029 3409 2080 in-

1833 2113 2144 2182 terpellanti
2195 2114 2295 2167 sibi
2330 2131 2433 2167 non
2475 2131 2586 2168 esse
2625 2117 2790 2168 otium
2823 2116 3075 2181 dixisset,
3109 2128 3272 2187 atque
3315 2119 3404 2171 illa

1833 2207 2166 2262 exclamaret
2195 2226 2207 2260 :
2244 2207 2672 2276 Ergoimperare
2707 2206 2842 2271 noli,
2875 2209 3058 2264 statim
3084 2224 3406 2274 conversus,

1834 2313 1954 2354 eam
2006 2300 2238 2354 audivit.
2289 2298 2494 2355 Omnes
2552 2315 2641 2354 res
2694 2316 2920 2370 magnas
2970 2310 3026 2354 et
3069 2300 3408 2356 necessarias

1835 2406 1944 2446 non
1979 2390 2144 2460 589
2184 2392 2399 2461 privato
2437 2393 2688 2457 consilio,
2724 2394 2819 2448 sed
2851 2395 3204 2448 senatoribus
3243 2394 3408 2448 adhi-

1837 2482 1970 2538 bitis
1999 2483 2127 2554 egit.
2153 2483 2290 2539 Cum
2321 2485 2770 2556 primoribusjus
2806 2502 2904 2554 pro
2943 2485 3204 2540 tribunali
3242 2485 3409 2553 dixit,

1838 2583 1902 2628 ut
1971 2584 2093 2629 acta
2162 2575 2602 2645 publicarentur.
2660 2573 2999 2632 Consulibus
3057 2580 3111 2631 in
3167 2579 3409 2633 concilio

1837 2664 2038 2720 adfuit.
2062 2665 2290 2735 Semper
2325 2667 2618 2736 optimates
2660 2666 2804 2736 apud
2848 2682 2906 2721 se
2943 2668 3156 2732 habuit,
3193 2679 3249 2724 et
3283 2685 3409 2724 cum

1838 2755 2182 2827 principibus
2233 2766 2400 2826 atque
2453 2757 2680 2826 optimis
2731 2759 3098 2813 coiictenavit.
3144 2759 3410 2814 Convivia

1837 2850 1957 2920 ejus
1994 2851 2153 2920 plena
2184 2859 2342 2920 erant
2366 2865 2682 2905 sermonum
2719 2850 2898 2904 omnis
2922 2851 3161 2920 generis.
3192 2851 3412 2906 Amicos

1839 2941 2078 3008 graviter
2105 2951 2436 3012 aegrotantes
2470 2941 2761 3006 invisebat,
2797 2942 3148 2995 familiarium
3185 2955 3410 2996 suorum

1843 3033 2235 3088 festivitatibus
2262 3034 2532 3088 interesse
2567 3033 2802 3088 solebat.
2838 3035 3067 3088 Romam
3105 3033 3195 3087 ubi
3233 3032 3408 3099 venit,

1841 3125 2110 3195 quidquid
2151 3125 2282 3179 fisco
2328 3125 2687 3194 imperatorio
2719 3134 2775 3180 et
2806 3125 3002 3179 aerario
3034 3125 3280 3178 Romano
3313 3123 3413 3178 de-

174 3241 279 3291 γων
318 3223 677 3277 παντοδαπῶν
727 3224 790 3276 τὸ
832 3223 1129 3278 συσσίτιον.
1163 3224 1302 3285 Τούς
1349 3240 1408 3275 τε
1457 3224 1600 3276 πάνυ
1645 3241 1736 3275 νο-

1843 3216 2093 3279 bebatur,
2131 3216 2388 3271 abolevit.
2436 3217 2755 3271 Provincias
2796 3224 2853 3270 et
2893 3216 3061 3271 urbes
3096 3215 3314 3279 invisit,
3355 3223 3414 3269 ct

179 3313 397 3376 σοῦντας
443 3313 552 3365 τῶν
607 3312 776 3380 φίλων
825 3313 1219 3376 ἐπεσκέπτετο,
1266 3310 1362 3364 καὶ
1418 3311 1738 3380 συνδιῃτᾶτο

176 3405 274 3458 τῶν
301 3406 548 3476 συνήθων
573 3407 687 3468 τοῖς
717 3404 1090 3476 ἑορτάζουσιν.
1129 3403 1285 3457 Ἐπεὶ
1315 3401 1360 3456 δ’
1386 3404 1444 3466 ἐς
1471 3401 1570 3473 την
1609 3400 1742 3454 Ῥώο

179 3514 280 3568 μην
308 3492 435 3568 ἧκε,
462 3497 794 3568 χρεοκοπίαν
828 3497 1064 3567 ἐκήρυξε
1111 3498 1226 3559 τοῖς
1260 3494 1486 3563 ὅφλουσι
1518 3494 1630 3566 (26)
1661 3492 1740 3563 τῷ

181 3589 435 3658 βασιλικῷ
459 3589 670 3659 ταμείῳ
695 3588 791 3644 καὶ
813 3588 890 3660 τῷ
910 3588 1154 3659 δημοσίῳ
1179 3586 1256 3658 τῷ
1277 3587 1385 3641 τῶν
1421 3587 1736 3655 Ῥωμαίων.

180 3676 312 3735 Εἶτα
336 3682 414 3743 εἰς
445 3681 614 3750 ἄλλην
643 3680 702 3746 ἐξ
738 3680 904 3749 ἄλλης
935 3679 1138 3748 φοιτῶν
1181 3678 1478 3748 ἐπαρχίαν,
1508 3679 1602 3731 καὶ
1635 3679 1737 3740 τὰς

178 3771 356 3842 χώρας
381 3773 772 3835 ἐπεσκέπτετο,
792 3771 886 3825 καὶ
914 3771 1012 3834 τὰς
1039 3771 1244 3835 πόλεις,
1271 3772 1366 3824 καὶ
1406 3769 1743 3840 μετεσκεύα-

181 3863 264 3926 ζεν
289 3863 522 3916 ἕκαστον
563 3861 703 3932 πρὸς
734 3863 795 3915 τὸ
829 3860 1058 3932 βέλτιον.
1087 3861 1196 3913 Καὶ
1236 3860 1298 3913 ού
1333 3859 1402 3913 τὰ
1445 3859 1601 3912 κοινὰ
1632 3857 1741 3911 τῶν

181 3955 552 4027 στρατοπέδων
591 3955 782 4025 ἐφὼρα
811 3955 884 4008 δι”
908 3952 1103 4007 ἐαυτοῦ
1139 3952 1230 4006 καὶ
1271 3951 1501 4020 ἐξήταζε
1553 3951 1737 4020 μόνον,

181 4049 307 4102 ἀλλὰ
327 4051 420 4103 καὶ
453 4050 522 4103 τὰ
556 4047 650 4102 τοῦ
697 4047 818 4102 καθ’
863 4047 1118 4103 ἕκαστον.
1180 4045 1290 4100 Καὶ
1318 4045 1477 4108 ὅσους
1511 4044 1646 4114 πρὸς
1681 4044 1744 4096 τὸ

184 4142 470 4214 ἁδρότερον
497 4139 754 4213 εὕρισκεν
784 4140 1292 4215 ἐκδεδιῃτημένους,
1318 4137 1455 4208 πρὸς
1487 4137 1550 4192 τὸ
1579 4153 1744 4207 στρα-

183 4232 569 4301 τιωτικώτερον
632 4231 836 4300 μετῆγε
894 4230 986 4283 καὶ
1011 4226 1438 4300 μετερρύθμιζε,
1485 4229 1580 4281 καὶ
1632 4229 1743 4280 ἐδί-

185 4321 370 4375 δασκεν
409 4321 552 4391 ἅπερ
583 4320 690 4375 ἐδει
741 4322 936 4377 ποιεῖν.
965 4321 1076 4373 Καὶ
1101 4320 1228 4380 τοὺς
1261 4319 1362 4390 μὲν
1402 4318 1589 4388 ἐτίμα,
1617 4320 1745 4382 τοὺς

186 4411 236 4465 δέ
265 4413 554 4476 ἐνουθέτει,
585 4414 678 4466 καὶ
705 4413 926 4485 διῃτᾶτο
965 4411 1356 4481 σκληρότερον,
1397 4411 1465 4464 ἵν’
1496 4410 1646 4481 ὁρὼῃ
1677 4411 1739 4463 ab

113 4495 119 4502 ’
188 4505 570 4572 στρατιωτικὸν
613 4505 802 4569 αὑτὸν,
836 4504 929 4556 καὶ
960 4502 1104 4557 οὕτω
1151 4503 1468 4556 διαιτᾶσθαι
1519 4504 1742 4556 κάκεῖνο

187 4595 427 4661 ἐθίζοιτο.

187 4687 454 4756 ἐποίησεν,
482 4688 558 4750 ὡς
599 4687 697 4740 καὶ
745 4688 988 4740 ἱπποτῶν
1027 4687 1148 4756 ἴλην
1177 4686 1274 4740 σύν
1310 4703 1374 4754 γε
1418 4689 1529 4750 τοῖς
1559 4685 1745 4750 ὅπλοις

185 4776 270 4830 τὸν
299 4778 508 4849 Ἵστρον
539 4777 798 4850 εὐμαρῶς
825 4778 1206 4849 διανήξασθαι,
1241 4778 1336 4832 καὶ
1377 4779 1505 4841 τοὺς
1536 4778 1748 4848 βαρϐά-

1841 3309 2024 3362 omnia
2053 3308 2106 3363 in
2143 3308 2341 3362 melius
2367 3310 2638 3376 provexit.
2666 3309 2784 3362 Non
2821 3308 3100 3362 exercitus
3124 3306 3412 3372 duntaxat,

1841 3399 1936 3452 sed
1992 3399 2158 3452 etiam
2219 3399 2560 3468 singulorum
2617 3399 2851 3452 militum
2913 3398 3131 3468 negotia
3199 3415 3298 3468 per
3353 3414 3413 3454 se

1841 3491 2108 3545 lustrabat
2140 3500 2306 3559 atque
2347 3491 2664 3544 excutiebat
2696 3507 2709 3543 :
2756 3499 2811 3544 et
2843 3505 2985 3559 quos
3012 3489 3080 3547 ad
3117 3490 3406 3545 mollitiem

1841 3583 2147 3640 declinasse
2195 3583 2444 3644 videbat,
2483 3582 2616 3651 quid
2659 3582 2932 3651 agendum
2972 3590 3120 3636 esset
3162 3583 3411 3643 edoctos,

1843 3676 1910 3731 ad
1942 3677 2232 3731 militarem
2257 3675 2626 3745 frugalitatem
2653 3673 2974 3739 reducebat,
3007 3673 3144 3729 alios
3173 3675 3417 3729 honora-

1842 3771 1957 3836 bat,
1997 3771 2137 3827 alios
2175 3771 2501 3841 castigabat.
2530 3771 2796 3841 Asperius
2829 3783 2885 3827 et
2918 3771 3035 3842 ipse
3069 3772 3314 3836 vivebat,
3348 3783 3416 3826 ut

1843 3878 1946 3918 suo
1975 3863 2227 3932 exemplo
2263 3863 2469 3918 milites
2516 3863 2583 3918 ad
2625 3863 2871 3918 eamdem
2919 3863 3100 3918 victus
3144 3864 3416 3918 rationem

1843 3953 2232 4010 assuefaceret.
2295 3955 2374 4010 Eo
2431 3965 2592 4026 pacto
2648 3957 2850 4010 milites
2905 3957 3039 4010 tales
3091 3956 3308 4021 eﬂ'ecit,
3355 3964 3420 4010 ut

1847 4056 2026 4100 turma
2091 4044 2340 4115 equitum
2386 4045 2587 4100 Istrum
2630 4046 2686 4100 in
2733 4047 2902 4100 armis
2939 4045 3098 4100 facile
3127 4054 3414 4100 ,tranaret.

1845 4136 1965 4202 Quo
1997 4136 2311 4206 spectaculo
2337 4138 2557 4192 attoniti
2600 4137 2843 4200 barbari,
2872 4136 2923 4192 ei
2952 4135 3239 4192 arbitrium
3268 4135 3418 4191 defe-

1848 4227 2045 4282 rebant
2087 4228 2623 4289 controversiarum.
2666 4228 2738 4282 ob
2788 4243 2926 4298 quas
2973 4228 3114 4282 bella
3167 4228 3315 4282 inter
3357 4241 3418 4282 se

1845 4319 2128 4388 gerebant.
2180 4318 2307 4373 Fuit
2353 4319 2522 4374 etiam
2570 4319 2852 4374 venationi
2901 4317 3154 4382 deditus,
3205 4317 3261 4372 in
3310 4332 3418 4386 qua

1847 4410 2094 4465 membra
2129 4410 2339 4480 aliquot
2369 4409 2569 4481 fregit:
2608 4419 2664 4466 et
2696 4411 2751 4465 in
2791 4410 2960 4483 Mysia
2999 4410 3193 4464 urbem
3225 4408 3418 4464 condi-

1847 4505 1950 4569 dit,
1989 4521 2152 4575 quam
2189 4505 2419 4560 Adriani
2460 4507 2784 4562 venationes
2823 4505 3143 4574 appellavit.
3189 4503 3324 4560 Cum
3362 4504 3418 4557 in

504 4595 785 4650 Ἐντεῦθεν
854 4597 982 4659 τοὺς
1053 4594 1395 4664 στρατιώτας
1468 4593 1736 4658 τοιούτους

1849 4595 2084 4668 Egypto
2127 4598 2376 4668 Pompeii
2418 4598 2597 4668 Magni
2637 4599 2952 4668 sepulcrum
2985 4598 3287 4666 collapsum
3331 4597 3423 4648 vi-

1854 4688 2049 4754 disset,
2081 4688 2343 4744 defuncto
2378 4699 2438 4744 ut
2469 4690 2624 4745 heroi
2661 4690 2966 4745 immolavit
2991 4707 3004 4743 :
3027 4697 3084 4742 et
3115 4688 3222 4743 hoc
3257 4703 3420 4742 versu

1850 4780 2234 4850 pronuntiato,

191 4881 308 4935 ρους
333 4869 486 4922 ταῦθ’
502 4871 747 4940 ὁρῶντας
771 4857 1358 4940 ἐκπλήττεσθαι,ῶστε
1384 4868 1479 4923 καὶ
1508 4870 1745 4939 χρᾶσθαι
1782 4869 2082 4942 διαλλακτῇ
2148 4871 2324 4942 τούτῳ
2355 4871 2435 4942 τῷ
2491 4873 2879 4945 αὐτοκράτορι,
2917 4873 3005 4941 ἐφ’
3043 4870 3126 4937 οἷς
3173 4872 3424 4942 ἀλλήλοις

192 4965 658 5036 ἐκπεπολέμωντο.
698 4964 1031 5029 Ἐσπούδαζε
1057 4964 1116 5017 δὲ
1144 4965 1238 5018 καὶ
1271 4965 1401 5036 περὶ
1433 4965 1628 5035 θήρας,
1665 4964 1741 5029 ὡς
1780 4967 1839 5019 ἐν
1888 4965 2118 5030 ταύταις
2157 4966 2252 5020 καί
2322 4970 2448 5022 τινά
2493 4969 2544 5022 oi
2615 4968 2754 5039 μέλη
2803 4967 3162 5038 κατεαγῆνκι.
3213 4969 3318 5022 Καὶ
3365 4971 3426 5022 ἐν

1447 5123 1644 5204 Varia:
1676 5142 1978 5207 lectiones
2021 5151 2084 5206 et
2123 5149 2317 5206 notae.

261 5344 363 5418 (26)
386 5343 534 5418 Ταῖς
569 5343 842 5418 dictator
868 5341 968 5418 καί
994 5341 1160 5411 ἔργα,
1199 5335 1300 5394 καί
1329 5336 1620 5418 χρήματα,
1650 5336 1748 5418 καί

197 5407 537 5483 τιιὶὰξδούςῖ.
588 5414 820 5470 Wolﬁus
872 5407 1258 5483 Epya'niunera
1296 5407 1508 5483 vertit:
1566 5407 1748 5483 malim

198 5477 364 5554 operti,
397 5497 457 5540 ut
488 5477 706 5554 publica
737 5477 1134 5554 intelligantur,
1162 5495 1282 5548 quae
1314 5477 1601 5530 civitatum
1637 5480 1749 5528 uti-

197 5551 325 5607 litati
356 5551 722 5610 construenda
750 5553 977 5607 curabat
999 5551 1287 5618 'l‘rajanus.

266 5625 368 5694 (‘25)
397 5622 848 5682 Συνδικάζουσι.
895 5621 973 5675 Ita
1005 5616 1136 5674 mss.
1166 5616 1348 5694 _codd.
1376 5624 1430 5670 et
1461 5623 1630 5694 recte,
1656 5631 1749 5669 ne-

200 5688 300 5760 que
325 5688 466 5750 enim
487 5695 648 5749 video
669 5709 769 5748 cur
793 5705 982 5744 vocem
1015 5691 1278 5742 asterisco
1326 5688 1531 5760 notarit
1582 5688 1755 5760 inter-

204 5757 321 5828 pres
350 5783 364 5818 ι
391 5766 597 5836 quippe
636 5763 978 5825 συνδικάζειν
993 5759 1318 5814 dicebautur
1340 5757 1452 5812 duo
1476 5757 1748 5822 consules,
1771 5785 1774 5790 -

1845 5338 1939 5407 qui
1956 5336 2598 5406 unajudiciisprzeerant,
2617 5337 2823 5407 quibus
2837 5341 3099 5394 intererat
3118 5337 3418 5391 Adrianus.

1924 5408 2033 5476 (26)
2073 5407 2196 5472 Τοῖς
2225 5407 2508 5475 ὄφλουσι.
2544 5408 2870 5476 Spartianus
2909 5432 2918 5463 :
2949 5408 3030 5461 Ad
3075 5408 3422 5476 colligendam

1849 5487 2023 5530 autent
2054 5478 2288 5548 gratiam
2324 5477 2453 5548 nihil
2482 5481 2912 5548 pra'termittens,
2967 5477 3235 5548 inﬁnitam
3265 5494 3424 5546 pecii-

1850 5547 1995 5602 niam
2031 5563 2147 5618 qtae
2170 5547 2295 5613 ﬁsco
2320 5547 2630 5607 debebatur,
2667 5550 2885 5618 privatis
2918 5547 3228 5618 debitoribus
3263 5586 3276 5600 .
3309 5586 3315 5600 .
3354 5585 3370 5598 .
3404 5585 3419 5600 .

1849 5619 2068 5670 remisit.
2111 5617 2170 5670 Id
2203 5632 2367 5685 porro
2411 5627 2524 5670 tum
2557 5629 2739 5671 actum
2792 5618 2971 5686 innuit
2997 5617 3254 5683 Zonaras,
3297 5632 3420 5671 cum

1852 5688 2080 5743 Ruinam
2110 5689 2282 5752 venit,
2310 5688 2457 5757 quod
2488 5688 2756 5742 hausitex
2789 5688 2982 5743 Dione.
