3756 6588
392 360 532 447 ltili

1664 370 1992 439 JOANNIS
2020 365 2347 436 ΖΟΝΑΗᾸΞ

3436 397 3541 485 uti

382 488 717 555 militabant,
763 488 835 546 ob
866 499 1069 546 motam
1111 490 1441 549 seditionem
1477 492 1781 565 objurgati,
1816 490 1907 545 mil

2042 486 2160 546 ,τὸν
2199 490 2366 561 ἄνδρα
2413 492 2443 546 ὁ
2480 492 2744 564 Κόμοδος.
2792 492 3075 565 Περένν;ο;
3121 494 3327 557 δέὁτοῦ
3361 508 3543 586 Δορυφο.

380 582 713 654 quingentos
748 582 833 639 sui
860 582 1074 639 ordinis
1104 584 1160 639 in
1194 584 1402 641 Italiam
1443 585 1736 647 miserunt,
1760 584 1915 657 quibt

2071 583 2231 654 ρικοῦ
2285 585 2494 656 ἄρχων,
2566 586 2660 639 τοῦ
2730 587 2976 657 Κομόδου
3047 586 3431 664 ἁρματηλασίαις
3475 582 3546 662 καὶ

378 676 569 731 Romae
595 675 1174 748 appropinquantibus
1201 678 1538 737 Commodus
1570 679 1790 736 obviam
1826 695 1959 750 pro-

2065 675 2376 745 ἀσελγείαις
2434 677 2805 749 ἐσχολακότος,
2857 677 3190 749 ἠναγκάζετο
3241 687 3301 739 τὰ
3346 705 3397 742 τε
3428 710 3549 766 στρα.

376 767 556 824 fectus
582 784 597 822 :
631 766 749 834 Qua
775 768 837 823 de
858 786 1021 824 causa
1048 771 1256 834 venitis.
1299 772 1499 842 inquit,
1530 770 1912 827 commilitones

2068 768 2320 834 τιωτικὰ,
2371 771 2468 824 καὶ
2518 770 2589 825 τὰ
2636 770 2729 825 τοῦ
2785 772 2967 825 κοινοῦ
3025 771 3248 829 διοικεῖν.
3280 778 3338 830 Εί
3372 800 3417 836 τι
3455 791 3551 853 γηῇν

374 859 621 925 Quicum
641 859 1075 931 respondissent,
1093 879 1153 917 eo
1174 880 1230 917 se
1251 863 1453 927 adesse,
1495 865 1633 937 quod
1666 865 1915 921 Peremzit

2062 863 2176 925 τοῖς
2259 864 2623 932 στρατιώταις

374 953 422 1005 ei
448 952 813 1018 insidiaretur,
847 954 1085 1009 credidit
1115 954 1228 1016 ille.
1251 955 1544 1028 virumque
1566 958 1675 1013 illis
1705 957 1956 1014 dedidit:

372 1055 402 1096 a
453 1044 657 1112 quibus
706 1046 1059 1102 excruciatus
1102 1048 1335 1114 interiit,
1391 1064 1517 1105 cum
1572 1051 1954 1123 magistratum

373 1134 775 1192 modestissime
809 1147 865 1192 ct
896 1138 1255 1210 integerrime
1288 1143 1572 1213 gessisset.
1598 1143 1720 1212 Quo
1746 1154 1952 1211 ametn,

367 1225 686 1293 Caesariani,
737 1243 974 1298 quorum
1029 1231 1140 1287 dux
1186 1242 1241 1289 et
1273 1244 1467 1291 auctor
1497 1244 1618 1291 erat
1660 1235 1951 1300 Cleander,

367 1317 521 1372 nullo
567 1317 817 1376 facinore
861 1321 1289 1379 abstinuerunt:
1325 1326 1550 1396 impune
1582 1327 1768 1383 omnia
1814 1344 1952 1381 ven-

365 1409 584 1476 dentes,
625 1420 682 1467 et
721 1412 864 1469 nihil
910 1430 1020 1471 non
1066 1416 1356 1486 audentes,
1412 1419 1560 1488 quod
1604 1420 1864 1491 superbia
1898 1429 1952 1475 et

364 1501 541 1559 libido
581 1505 874 1563 suasisset.
904 1506 1178 1565 Cleander
1203 1525 1337 1567 vero
1364 1526 1394 1566 a
1423 1510 1642 1568 fortuna
1676 1513 1732 1568 in
1775 1513 1950 1568 altum

362 1594 640 1663 sublatus,
684 1606 742 1653 et
770 1598 999 1655 donavit
1035 1609 1093 1656 et
1139 1601 1392 1659 vendidit
1419 1604 1731 1659 senatorias
1766 1604 1950 1677 digni-

362 1695 527 1755 tates,
552 1689 961 1761 eXpeditiones,
990 1693 1374 1765 praefecturas,
1396 1696 1734 1767 provincias,
1763 1697 1949 1753 omnia

361 1781 623 1853 denique.
661 1783 740 1841 Ac
771 1786 1025 1842 nonnulli
1059 1787 1321 1844 omnibus
1351 1789 1467 1845 suis
1492 1789 1658 1846 bonis
1691 1790 1942 1848 ordinem

362 1878 715 1935 senatorium
752 1880 1161 1937 redemerunt:
1209 1891 1269 1937 ut
1308 1881 1376 1938 de
1408 1883 1560 1940 Julio
1593 1882 1796 1940 Solone
1841 1885 1941 1940 bo-

360 1970 510 2029 mine
549 1971 949 2029 obscurissime
1012 1974 1328 2043 diceretur,
1387 1990 1513 2032 eum
1562 1976 1724 2033 bonis
1780 1974 1945 2049 599

357 2064 634 2135 ademptis
663 2064 719 2120 in
748 2064 959 2121 curiam
1018 2067 1320 2137 relegatum
1367 2083 1509 2124 esse.
1560 2066 1828 2124 Consules
1884 2068 1940 2125 in

357 2166 526 2211 unum
547 2171 752 2211 annum
772 2172 874 2213 xxv
892 2156 1220 2229 designavit,
1246 2159 1393 2229 quod
1415 2174 1519 2216 nec
1540 2169 1668 2217 ante
1691 2175 1794 2216 uec
1818 2171 1944 2233 post

357 2258 597 2318 unquam
630 2247 833 2305 factum
876 2260 984 2306 est.
1022 2250 1212 2322 itaque
1242 2254 1476 2323 pecunia
1511 2254 1756 2324 undique
1784 2255 1942 2311 colli-

354 2340 530 2410 genda
552 2355 779 2411 magnas
816 2356 953 2413 opes
978 2351 1065 2398 est
1088 2342 1346 2415 adeptus,
1382 2344 1451 2400 de
1478 2345 1682 2415 quibus
1705 2347 1941 2418 plurima

353 2429 653 2488 Commodo
686 2439 742 2489 et
762 2432 884 2502 ejus
901 2434 1229 2492 concubinis
1261 2435 1541 2493 donabat.
1571 2437 1940 2496 Nihilosecius

352 2532 533 2578 tamen
562 2523 618 2578 in
654 2530 807 2579 tanto
830 2524 1066 2582 fortuna:
1113 2526 1332 2599 fastigio
1360 2527 1729 2600 ignominiose
1750 2531 1937 2602 periit.

352 2612 489 2671 Nam
543 2631 670 2672 cum
726 2632 965 2673 annonae
1020 2619 1256 2688 penuria
1323 2621 1514 2677 Romae
1566 2623 1936 2692 laboraretur,

351 2709 643 2781 Dionysius
663 2710 932 2783 Papyrius
960 2710 1038 2765 rei
1062 2710 1442 2770 frumentaria:
1470 2714 1789 2785 praefectus,
1813 2732 1936 2773 eam

350 2802 523 2873 magis
548 2802 852 2858 coarctavit
878 2820 890 2856 :
921 2811 981 2856 ut
1026 2802 1324 2869 Cleander,
1370 2812 1630 2876 tanquam
1685 2807 1760 2864 ob
1790 2807 1936 2864 furtu

348 2892 620 2948 malorum
650 2902 847 2951 auctor
874 2903 930 2949 et
983 2896 1194 2954 invisius
1228 2884 1456 2967 populo,
1489 2897 1711 2955 facilius
1762 2900 1937 2957 inter-

348 2987 475 3042 iret.
508 2985 683 3042 Ludis
709 2987 879 3059 igitur
902 2987 1263 3045 Circensibus
1292 3004 1424 3045 cum
1447 2991 1577 3062 equi
1602 2992 1716 3063 jam
1741 3007 1938 3049 excur-

346 3077 461 3137 suri
478 3088 688 3144 essent,
714 3078 1012 3139 multitudo
1029 3096 1331 3150 puerorum
1352 3081 1406 3136 in
1428 3083 1640 3138 circum
1669 3087 1933 3153 accurrit,

2715 862 2933 934 ἀπήντα
3017 879 3119 915 που
3171 865 3429 940 δυσχερὲς,
3485 880 3549 931 ἐπ’

2060 953 2267 1007 ἐκεῖνον
2348 953 2509 1008 τοῦτο
2598 955 2863 1027 ἀνέφερον
2889 994 2906 1020 ,
2970 955 3064 1009 καὶ
3138 956 3352 1028 ἐμηνίων
3422 968 3551 1038 αὐτῷ,

2059 1045 2122 1098 Οί
2213 1045 2271 1098 ἐν
2347 1045 2645 1119 Βρεττανίᾳ
2733 1048 2914 1101 τοίνυν
2996 1049 3307 1119 στρατιῶται
3377 1064 3552 1115 stacta.

2056 1135 2267 1204 ζοντες,
2297 1139 2388 1192 καὶ
2440 1138 2529 1193 διὰ
2581 1138 2742 1194 τοῦτο
2796 1138 3228 1211 ἐπιτιμηθέντες,
3284 1145 3457 1214 χιλίους
3484 1152 3554 1204 ἐπὶ

2055 1231 2442 1295 πεντακοσίοις
2472 1230 2530 1299 ἐξ
2577 1230 2791 1287 ἑαυτῶν
2824 1234 2907 1296 είς
2939 1230 3040 1304 τὴν
3093 1230 3308 1288 Ἰταλίαν
3339 1236 3553 1309 ἔπεμψαν,

2052 1316 2136 1388 οἷς
2188 1327 2254 1396 τῇ
2316 1322 2502 1397 Ῥώμῃ
2560 1325 2929 1397 πλησιάσασιν
2978 1326 3006 1378 ό
3039 1324 3269 1396 Κὸμοὸος
3332 1334 3555 1400 προῦπήν.

2051 1432 2185 1487 τησε
2215 1419 2310 1472 καὶ⁵
2334 1413 2510 1486 εἶπεν,
2556 1414 2634 1473 Ὦ
2662 1417 3122 1488 συστρατιῶται,
3160 1420 3213 1472 τί
3252 1421 3556 1492 ,ϐουλόμενοι

2052 1508 2348 1580 πάρεστη
2379 1511 2430 1564 oi
2451 1509 2531 1576 δὲ,
2565 1512 2853 1581 Ἦκομεν,
2883 1509 3116 1580 ἔφασαν,
3176 1510 3299 1565 ἐπεί
3332 1529 3419 1567 σοι
3457 1516 3555 1568 ἑαιο

2051 1601 2322 1656 ϐουλεύει
2349 1602 2670 1670 Περέννιος
2687 1617 2703 1634 ·
2736 1601 2831 1656 καὶ
2849 1602 2907 1667 ὃς
2932 1601 3182 1672 ἐπείσθη,
3211 1603 3402 1657 καὶτὸν
3426 1607 3557 1678 ἄνδρα

2050 1689 2332 1756 ἐξέδωκεν.
2393 1691 2505 1747 Καὶ
2546 1694 2595 1747 oi
2644 1694 2984 1766 στρατιῶται
3042 1691 3207 1747 αὐτὸν
3236 1694 3322 1748 καὶ
3347 1696 3558 1766 ᾐκίσαντο

2047 1785 2143 1840 καὶ
2185 1785 2517 1857 κατέκοψαν,
2565 1786 2897 1856 διαγαγόντα
2955 1786 3054 1857 τὴν
3088 1786 3259 1857 ἀρχὴν
3304 1787 3560 1859 ἀδωρότατά

2047 1896 2104 1932 τε
2146 1878 2239 1932 καὶ⁵
2267 1879 2710 1950 σωφρονέστατα.
2745 1871 2932 1951 Οὗπερ
2964 1877 3359 1945 άπαλλάγοντες
3384 1882 3426 1931 oi
3448 1882 3555 1934 Και-

2047 1961 2364 2039 σάρειοι,ὧν
2380 1971 2409 2023 ὁ
2426 1970 2735 2043 Κλέανδρος
2758 1970 3190 2042 κορυφαιότατος
3215 1970 3473 2038 ἐτύγχανεν
3485 1970 3557 2036 ὢν,

2045 2061 2195 2116 ἆπαν
2218 2061 2389 2130 ἔδρων
2427 2062 2705 2132 χείριστον
2735 2062 2905 2125 ἀδεῶς
2926 2077 2940 2092 ·
2995 2058 3176 2113 πάντα
3214 2058 3317 2131 γὰρ
3347 2059 3557 2124 ἐπώλουν,

2044 2152 2138 2205 καὶ
2171 2151 2394 2225 ὕϐριζον
2425 2152 2521 2207 καὶ
2546 2152 2892 2223 ⁴ἠσέλγαινον.
2942 2151 3003 2206 '0
3036 2150 3095 2204 δὲ
3134 2149 3417 2221 Κλέανδρος
3450 2152 3559 2220 μέγα

2044 2243 2150 2297 ὑπὸ
2172 2244 2271 2315 τῆς
2300 2243 2469 2315 τύχης
2499 2243 2712 2317 ἀρθεὶς,
2748 2244 2844 2296 καὶ
2890 2243 3211 2314 ἐχαρίσατο,
3243 2242 3335 2295 καὶ
3358 2241 3559 2312 ἐπώλησι

2046 2335 2296 2407 βουλείας
2346 2335 2482 2405 (46),
2518 2337 2830 2407 στρατείας,
2879 2334 3259 2406 ἐπιτροπείας,
3296 2331 3559 2404 ἡγεμονίας,

2042 2434 2136 2486 καὶ
2166 2430 2352 2494 ἁπλῶς
2387 2427 2700 2499 ξύμπαντα.
2733 2428 2826 2483 καί
2855 2445 3000 2493 τινες
3035 2432 3254 2483 πάντων
3286 2419 3358 2480 ὧν
3377 2421 3494 2495 εἶχον
3515 2426 3560 2478 τὸ

2043 2527 2329 2600 βουλευταὶ
2379 2525 2635 2595 γενέσθαι
2687 2525 2985 2598 ἐπρίαντο·
3045 2523 3193 2577 ὥστε
3243 2523 3332 2577 καὶ
3354 2521 3561 2592 λεχθῆναι

2040 2621 2133 2674 ἐπὶ
2169 2618 2373 2690 Ἰουλίῳ
2397 2619 2596 2672 Σόλωνι
2622 2617 2979 2687 ἀφανεστάτῳ
3004 2614 3184 2684 ἀνδρὶ,
3206 2614 3285 2667 ὅτι
3309 2611 3399 2681 τὴν
3413 2611 3563 2665 οὐσίαν

2038 2712 2380 2785 ἀφαιρεθεὶς,
2415 2711 2688 2781 ἐξωρίσθη
2715 2710 2795 2772 είς
2816 2708 2878 2763 τὸ
2908 2708 3214 2779 Συνέδριον.
3248 2706 3349 2758 Καὶ
3370 2703 3562 2764 ὑπάτους

2038 2806 2118 2867 είς
2170 2802 2268 2858 ἕνα
2316 2802 2564 2858 ἐνιαυτὸν
2610 2801 2786 2855 εἴκοσι
2855 2799 2950 2854 καὶ
3006 2798 3173 2853 πέντε
3250 2791 3563 2858 άπέδειξεν.ὃ

2041 2897 2180 2968 μήτε
2253 2894 2519 2966 πρότερον
2570 2893 2709 2964 μήτε
2761 2891 2892 2946 ποτὲ
2943 2889 3175 2961 ὕστερον
3207 2886 3297 2956 ἐγέ
3330 2883 3563 2939 aemiliv-

2036 2988 2190 3042 τοθεν
2225 2984 2321 3042 οὖν
2341 2984 2728 3057 ἀργυρολογῶν
2759 2985 3029 3053 ἐκτήσατο
3055 2979 3369 3053 πάμπολλα,
3391 2977 3469 3046 ἀφ’
3508 2968 3564 3027 ὧν

2038 3084 2265 3137 πλεῖστα
2293 3081 2373 3153 τῷ
2407 3099 2465 3134 τε
2518 3080 2745 3150 Κομόδῳ
2784 3079 2957 3133 ἐδίδου
2994 3077 3090 3131 καὶ
3117 3079 3239 3139 ταῖς
3278 3070 3429 3127 αὐτοῦ
3460 3068 3567 3122 itai-

347 3185 487 3241 quos
525 3186 718 3242 magna
755 3172 1008 3243 quaedam
1062 3173 1217 3245 virgo
1259 3182 1417 3231 torvo
1460 3177 1615 3232 vultu
1667 3176 1915 3248 ducebat,

2042 3173 2265 3237 λακαῐς·
2333 3173 2511 3226 καίτοι
2549 3171 2594 3223 δ’
2622 3168 2796 3231 οὕτως
2857 3168 2964 3223 ὑπὸ
3013 3170 3118 3239 τῆς
3183 3166 3348 3235 τύχης
3394 3160 3565 3229 ἀρθεὶς.

344 3279 467 3335 quze
495 3264 595 3321 dea
623 3267 971 3336 postmodum
996 3268 1205 3325 credita
1236 3280 1324 3327 est
1350 3287 1364 3324 :
1398 3280 1636 3342 ortoque
1666 3288 1696 3328 a
1724 3275 1918 3344 pueris

343 3358 607 3422 clamore.
634 3361 875 3431 populus
904 3362 1073 3416 etiam
1104 3362 1417 3420 vociferans
1451 3364 1519 3420 ad
1563 3364 1930 3423 Commodum

345 3453 403 3506 in
455 3452 726 3511 suburbio
785 3463 1038 3526 agentem
1093 3456 1401 3524 contendit,
1445 3473 1510 3512 ac
1546 3457 1626 3513 illi
1662 3458 1933 3529 benepre-

342 3550 521 3610 catus,
565 3542 840 3601 Cleandro
872 3545 1025 3602 diras
1073 3555 1159 3602 est
1204 3546 1564 3617 imprecatus.
1614 3548 1923 3619 Imperator
1980 3614 1985 3619 ,

339 3647 478 3690 vero
504 3637 770 3693 satellites
794 3644 988 3694 contra
1007 3652 1104 3693 eos
1128 3637 1301 3703 misit,
1326 3639 1423 3709 qui
1467 3655 1595 3695 eum
1645 3641 1931 3696 nonnullis

344 3724 678 3792 vulneratis,
728 3727 1016 3782 nonnullis
1066 3727 1292 3793 occisis,
1343 3730 1608 3800 populum
1657 3732 1929 3802 repellere

339 3824 452 3872 non
482 3829 747 3888 possent:
783 3820 1138 3880 multitudine
1161 3832 1218 3881 et
1240 3822 1439 3879 robore
1465 3823 1703 3881 militum
1728 3823 1924 3890 fretus,

341 3907 462 3976 ipse
503 3908 732 3979 prodiit.
783 3910 894 3967 Sed
941 3927 1068 3968 cum
1116 3913 1335 3969 turbam
1391 3916 1926 3985 appropinquantem

337 3997 592 4065 vidisset.
609 4001 774 4057 homo
797 4002 1192 4075 ignavissimus
1211 4006 1284 4060 ita
1305 4006 1615 4076 pertimuit,
1645 4019 1705 4062 ut
1733 4006 1929 4063 Clean-

339 4090 500 4145 drum
546 4102 601 4148 et
640 4092 810 4150 ﬁlium
857 4096 979 4167 ejus
1019 4097 1204 4152 statim
1252 4097 1430 4153 occidi
1488 4097 1731 4168 juberet.
1783 4098 1927 4155 Puer

339 4184 510 4252 igitur
550 4184 728 4242 limini
774 4189 953 4245 illisus
998 4191 1184 4261 periit.
1233 4189 1497 4246 Cleandri
1544 4206 1677 4246 vero
1721 4207 1927 4263 corpus

340 4274 575 4332 Romani
626 4280 1082 4335 excarniﬁcatum
1131 4288 1443 4346 traxerunt,
1488 4291 1546 4336 et
1593 4291 1762 4351 caput
1805 4285 1928 4354 ejus

337 4366 510 4425 hasta:
541 4367 762 4424 aiiixum
802 4370 1292 4426 circumtulerunt.
1325 4369 1468 4425 Sunt
1496 4380 1554 4427 et
1584 4372 1799 4443 aliquot
1832 4375 1923 4430 alii

338 4454 568 4522 palatini
603 4472 867 4527 proceres
888 4457 1194 4514 interiecti.

2035 3265 2248 3336 ἀτίμως
2277 3260 2545 3316 ἀπώλετο.
2570 3259 2843 3322 Σιτοδείας
2858 3261 2967 3329 γὰρ
2996 3260 3056 3311 ἐν
3084 3255 3280 3327 Ῥώμῃ
3306 3250 3567 3322 συμϐάσης.

2035 3357 2195 3411 πλέον
2262 3354 2433 3426 αὐτὴν
2488 3352 2788 3424 Παπείριος
2836 3350 3122 3413 Διονύσιος
3174 3349 3267 3400 ἐπὶ
3315 3343 3402 3398 τοῦ
3450 3342 3566 3394 σίτου

2032 3447 2368 3520 τεταγμένος
2408 3446 2703 3510 ἐπέτεινεν,
2729 3445 2805 3508 ὡς
2852 3444 2919 3497 ἂν
2941 3443 3032 3497 τὸν
3065 3438 3431 3535 Κλέανδρονῄοί
3465 3433 3570 3535 Ῥωὶ

2035 3542 2184 3611 μα’ίοι
2219 3537 2491 3610 μισήσωσί
2521 3553 2580 3592 τε
2607 3539 2699 3591 καὶ
2724 3536 3140 3606 διαφθείρωσιν,
3185 3533 3263 3597 ὡς
3322 3529 3474 3584 αἴτιον
3496 3529 3569 3578 τοῦ

2036 3633 2211 3689 κοικοῦ
2238 3633 2325 3687 διὰ
2378 3634 2699 3703 κλέμματα.
2742 3631 2946 3701 Ἤγετο
2997 3629 3186 3683 τοίνυν
3249 3621 3570 3692 ἱπποδρομίᾳ·

2033 3728 2140 3782 τῶν
2193 3726 2240 3780 δ’
2301 3726 2485 3779 ἵππων
2532 3722 2887 3794 ἀγωνιεῖσθαι
2950 3720 3260 3791 μελλόντων
3324 3715 3571 3783 εἰσέδραμε

2035 3821 2266 3891 παιδίων
2296 3819 2507 3891 πλῆθος
2530 3819 2609 3883 εἰς
2644 3818 2735 3872 τὸν
2783 3816 3120 3885 ἱππόδρομον
3144 3828 3157 3840 ·
3193 3813 3292 3868 καὶ
3323 3809 3424 3864 τῶν
3449 3822 3573 3875 τιαρ-

2031 3917 2184 3979 θένος
2213 3930 2301 3979 τις
2338 3914 2527 3984 ἠγεῖτο
2583 3911 2795 3982 μεγάλη
2824 3912 2915 3963 καὶ
2942 3904 3210 3979 βλοσυρᾶ,
3251 3906 3286 3976 ἡ
3330 3901 3512 3970 δαίμων
3530 3897 3575 3954 ἐς

2031 4005 2259 4078 ὕστερον
2309 4003 2573 4075 ἐνομίσθη
2641 4001 2785 4075 (47)·
2850 4002 2945 4052 καὶ
3010 3996 3352 4066 συνεὸόησαν
3400 3992 3485 4061 μὲν
3516 3985 3572 4040 τὰ

2031 4099 2244 4164 παιδία,
2269 4097 2365 4152 καὶ
2388 4096 2416 4150 ὁ
2441 4096 2608 4165 δῆμος
2633 4095 2697 4147 ἐκ
2713 4093 2901 4147 τοῦτου
2936 4090 3231 4160 ἐξέκραγε,
3265 4087 3356 4140 καὶ
3385 4082 3573 4153 ὥρμησε

2030 4191 2168 4261 πρὸς
2202 4189 2291 4243 τὸν
2326 4186 2569 4257 Κόμοδον
2600 4188 2658 4239 ἐν
2690 4182 3005 4254 προαστείῳ
3046 4182 3205 4244 ὄντα,
3249 4177 3450 4232 ἐκείνου
3498 4170 3576 4241 μὲν

2029 4282 2506 4354 ὑπερευχόμενος,
2556 4278 2651 4333 τοῦ
2713 4276 3026 4344 Κλεάνδρου
3079 4275 3139 4327 δὲ
3195 4267 3575 4340 κατευχόμενοςι

2041 4380 2100 4430 ’0
2120 4376 2178 4430 δὲ
2219 4371 2559 4445 στρατιώτας
2597 4369 2840 4440 ἐπεμψεν
2873 4367 2963 4422 ἐπ’
2989 4368 3213 4430 αὐτοὺς,
3243 4364 3293 4418 οἳ
3322 4363 3411 4415 καὶ
3433 4359 3573 4428 ἐτρω-

2032 4470 2132 4525 σάν
2186 4485 2343 4532 τινας
2379 4467 2477 4520 καὶ
2510 4464 2867 4527 ἀπέκτειναν,
2923 4459 3181 4531 άνεῖρξαι
3236 4459 3295 4511 δέ
3317 4457 3405 4510 τὸν
3435 4452 3579 4520 δῆμον

337 4550 440 4607 οὐκ
472 4551 724 4623 ἴσχυσαν.
788 4553 953 4607 Ἀλλὰ
983 4553 1063 4625 τῷ
1102 4555 1301 4626 πλήθει
1328 4556 1547 4629 θαρῤῶν
1576 4559 1671 4613 καὶ
1736 4564 1802 4632 τῇ
1854 4566 1964 4622 τῶν
2004 4566 2322 4639 δορυφόρων
2381 4561 2529 4633 ἰσχύϊ
2589 4562 2799 4623 ἐκεῖνος
2852 4558 3113 4631 ἠπείχθη.
3199 4550 3578 4626 Πλησιαξάντων

335 4642 392 4695 δὲ
415 4642 588 4709 οὕτως
621 4647 650 4700 ό
687 4647 930 4717 Κόμοῖος
968 4647 1164 4713 ἔδεισε.
1194 4650 1500 4716 δειλότατος
1546 4650 1645 4718 ὢν.
1695 4653 1771 4719 ὡς
1818 4661 2018 4714 αὐτίκα
2083 4662 2174 4715 τόν
2229 4674 2290 4714 τε
2364 4658 2671 4728 Κλέανδρον
2716 4655 2812 4707 καὶ
2864 4653 2927 4706 τὴ
2995 4653 3214 4708 παιδίον
3271 4647 3430 4704 αὐτοῦ
3467 4660 3580 4711 5‘?"

256 4771 272 4779 μ
335 4736 501 4805 γῆναι
546 4738 838 4793 κελεῦσαι·
882 4740 941 4793 τὸ
968 4740 1071 4810 μὲν
1112 4741 1212 4796 οὖν
1256 4742 1474 4798 παιδίον
1523 4747 1916 4816 προσουὸισοὲν
1955 4752 2247 4823 διεφθάρη.
2288 4752 2362 4805 Τὸ
2433 4751 2492 4804 δὲ
2544 4748 2638 4803 τοῦ
2688 4745 3001 4815 Κλεάνδρου
3053 4743 3224 4816 σῶμα
3277 4739 3514 4798 λαϐόντες
3535 4737 3576 4787 0i

351 4824 641 4898 Ῥωμαῖοι,
666 4828 871 4909 ἔσυραν
901 4834 996 4887 καὶ
1033 4834 1316 4906 ᾐκίσαντο.
1342 4836 1451 4890 Καὶ
1489 4838 1761 4911 ηκεφαλὴ
1800 4842 1967 4896 αὑτοῦ
2004 4846 2100 4900 ἐπί
2141 4846 2365 4915 δόρατος
2408 4845 2816 4913 περιενήνεκτο,
2849 4841 2944 4893 καὶ
3003 4854 3157 4901 τινας
3217 4834 3437 4904 ἑτέρους
3492 4827 3579 4880 τῶν

334 4921 487 4993 παρὰ
518 4920 598 4993 τῷ
631 4923 996 4996 αὐτοκράτορι
1021 4926 1337 4997 δυναμένων
1361 4929 1698 5002 διέφθειραν.

405 5014 472 5069 ν.
507 5012 844 5070 Commodus
874 5031 1004 5072 vero
1046 5019 1114 5072 ad
1169 5020 1348 5075 Caedes
1398 5023 1663 5079 incitatus
1692 5064 1707 5088 ,
1764 5027 1914 5084 viros

2102 5025 2176 5081 E'.
2210 5024 2452 5095 Κόμοδῡς
2481 5022 2538 5076 δὲ
2582 5021 2772 5090 ἐφόνα.
2804 5019 2899 5072 καὶ
2926 5018 3056 5081 τοὺς
3086 5014 3385 5083 ἐπιφανεῖς
3411 5007 3581 5075 ἄνδρας

332 5107 580 5162 illustres
609 5106 900 5162 occidebat
936 5126 951 5163 :
983 5116 1039 5164 et
1074 5110 1127 5164 in
1163 5127 1357 5166 omnes
1403 5113 1683 5169 Romanos
1721 5119 1912 5174 suavis—

333 5200 529 5266 simus,
556 5214 623 5255 ea
657 5199 762 5256 sibi
799 5200 965 5259 tribui
1003 5204 1277 5275 cogebat,
1318 5219 1441 5275 qua:
1481 5206 1621 5275 patri
1657 5207 1779 5279 ejus
1826 5211 1914 5264 ul-

333 5299 420 5347 tro
452 5307 519 5348 ex
578 5291 958 5350 benevolentia
987 5295 1166 5351 delata
1218 5294 1458 5351 fuerant.
1503 5296 1675 5369 igitur
1718 5312 1916 5371 praeter

2022 5117 2404 5187 διεχειρίζετο,
2430 5113 2525 5166 καὶ
2548 5107 2617 5182 ἦν
2675 5109 2970 5181 Ῥωμαίοις
2999 5108 3173 5161 ἅπασι
3204 5100 3577 5195 χαλεπώτατοῇ

2023 5208 2350 5276 ἀναγκάζων
2381 5204 2529 5275 αὑτῷ
2558 5203 2617 5270 ἐξ
2667 5204 2912 5270 ἀνάγκης
2967 5196 3335 5272 ψηφίζεσθαι,
3395 5193 3487 5246 ὅσα
3520 5193 3581 5254 τῷ

2025 5300 2196 5371 πατρὶ
2218 5297 2386 5353 αὑτοῦ
2421 5297 2638 5361 ἑκόντες
2698 5294 2766 5348 δι’
2802 5292 3016 5349 εὔνοιαν
3071 5285 3423 5363 ἐψηφίζοντο·
3466 5278 3576 5335 ἄλλα

1396 5474 1400 5479 '
1495 5458 1690 5519 Varia:
1728 5456 2035 5522 lectiones
2069 5469 2133 5524 et
2174 5466 2370 5523 note).

386 5624 515 5696 ’(46)
548 5626 862 5700 Βουλείας.
895 5630 1156 5684 Senatum
1189 5628 1355 5684 vertit
1376 5629 1651 5700 interpres
1684 5646 1695 5680 :
1730 5631 1915 5686 malim

329 5700 629 5770 senatorias
659 5698 966 5768 dignitates.
1008 5711 1174 5769 atque
1227 5702 1302 5755 ita
1362 5698 1604 5769 reposui.
1671 5702 1816 5770 quod
1859 5713 1917 5759 ct

332 5762 456 5836 qua:
484 5762 957 5838 t_nox_sequuutur
982 5762 1114 5826 satis
1163 5762 1552 5832 suadentfmt
1587 5762 1740 5835 τινές
1771 5773 1912 5827 πάν-

332 5831 446 5893 σξων
477 5831 553 5892 ὧν
582 5831 742 5908 εἶχον
760 5839 822 5892 τὸ
863 5839 1151 5911 βουλευταὶ
1171 5831 1425 5910 γενέσθαι
1454 5831 1736 5912 ἐπρίαντοί

2099 5633 2213 5703 (47)
2251 5629 2329 5689 Ἠ
2345 5632 2572 5702 δαίμων
2592 5630 2657 5696 ἐς
2682 5629 2947 5703 ὕστερον
2968 5628 3284 5703 ἐχωρίσθη.
3338 5623 3420 5703 ita
3438 5619 3579 5703 etiam

2027 5685 2650 5773 lic-gret—Colltfﬁmss...
2684 5700 2774 5773 ubi
2804 5685 3290 5773 alterwolﬁanns
3322 5692 3510 5773 codex:

2023 5760 2257 5897 δαίῖιωῖ
2274 5775 2348 5837 ὡς
2373 5775 2601 5844 ὕστερον
2625 5760 2907 5842 ἐνομίσθη.
2927 5771 3032 5824 sive
3058 5770 3176 5833 dea,
3195 5776 3253 5820 ut
3281 5760 3582 5834 postmodum

2027 5854 2103 5897 est
2128 5860 2214 5897 ere
2254 5848 2406 5897 imm.

2027 5854 2103 5897 est
2128 5848 2406 5899 creditum.
