3756 6554
381 334 521 397 1015

1653 337 1980 399 JOANNIS
2018 336 2344 401 ΖΟΝΛῐὶιΈ

3452 340 3581 408 1016-

370 451 550 497 ctator
580 441 739 515 θοι
780 452 836 500 et
864 459 1066 517 prisco.
1092 446 1170 504 De
1192 447 1587 521 Hierosolymis
1613 463 1778 518 supra
1822 465 1920 503 nar

2054 448 2147 502 καὶ
2175 449 2387 518 ἡμέρας
2406 448 2899 521 τεσσαρεσκαίδεκα
2933 452 3370 522 μοναρχήσαντα,
3402 454 3569 523 βεϐιωο

368 533 654 603 ravimus,
721 537 872 592 illam
938 539 1239 597 Ecclesiam
1310 550 1433 609 post
1500 541 1859 597 circumcisus
1911 557 1941 595 a

366 620 549 679 Marco
570 639 693 681 esse
714 626 1099 698 gubernatam,
1132 631 1272 686 urbe
1304 631 1373 685 ab
1428 630 1671 686 Adriano
1723 632 1942 687 instau-

363 722 503 779 rata,
536 723 593 771 et
621 732 653 772 a
682 718 984 785 gentilibus
1014 718 1289 774 habitata.
1328 717 1387 773 Ei
1423 720 1693 775 successit
1720 718 1940 776 Cassiu-

363 820 490 871 nus,
523 805 654 862 huic
680 808 926 873 Publius,
956 807 1151 863 Publio
1175 807 1453 873 Julianus,
1480 807 1702 865 Iuliano
1750 809 1938 874 Caius,

361 894 496 950 Gaio
538 896 939 969 Symmachus,
992 896 1320 969 Symmacho
1368 901 1508 955 alter
1543 897 1748 967 Caius,
1804 899 1940 955 Caio

362 989 504 1045 alter
531 989 779 1045 Julianus
802 1033 816 1054 ,
843 990 1066 1046 Juliauo
1107 989 1301 1062 Capito
1328 1032 1344 1056 ,
1399 991 1653 1064 Capitoni
1703 993 1938 1059 Valens,

363 1080 574 1136 Valenti
600 1082 954 1139 Dolichianus
989 1101 1003 1137 :
1040 1095 1165 1155 post
1190 1101 1329 1156 quos
1360 1100 1550 1142 omnes
1591 1085 1883 1143 Narcissus
1920 1130 1936 1151 ,

362 1172 675 1226 tricesimus
698 1172 765 1228 ab
795 1174 1061 1243 apostolis
1089 1174 1596 1248 Hierosolymorum
1641 1178 1939 1249 episcopus

358 1265 487 1323 fuit.
516 1264 741 1321 Decimo
780 1282 926 1323 anno
976 1266 1196 1338 imperii
1246 1268 1534 1325 Commodi
1588 1270 1891 1327 Eleuthero
1920 1311 1935 1338 ,

359 1353 591 1411 Romani
617 1354 968 1425 episcopatus
990 1371 1137 1412 anno
1169 1358 1386 1415 decimo
1417 1360 1603 1427 tertio,
1649 1358 1936 1424 defuncto,

356 1442 543 1498 Victor
570 1444 738 1501 coetui
800 1446 1046 1503 fidelium
1087 1449 1326 1520 praefuit.
1363 1451 1583 1507 Iuliano
1621 1463 1745 1522 post
1789 1452 1957 1508 deci-‘

355 1548 507 1589 mum
536 1551 743 1593 annum
772 1538 1125 1611 episcopatus
1172 1542 1529 1599 Alexandrini
1576 1552 1829 1606 mortuo.
1882 1544 1935 1599 id

354 1641 556 1683 munus
585 1629 864 1687 Demetrio
912 1639 999 1688 est
1046 1635 1424 1694 commissum.
1460 1634 1520 1690 In
1589 1635 1934 1691 Antiochena

355 1718 597 1775 Ecclesia
620 1720 851 1793 Serapio
885 1722 1009 1794 pust
1066 1724 1423 1781 Maximinum
1482 1725 1933 1783 Christianorum

2044 540 2179 594 κὸτα
2203 541 2258 593 δὲ
2288 541 2584 611 τριάκοντα
2609 542 2893 605 ἐνιαυτοὺς
2924 542 3011 612 ἐφ’
3047 544 3148 607 ἑνὶ,
3174 545 3266 598 καὶ
3295 547 3455 615 μῆνας
3473 549 3572 603 τέσ-

2044 648 2237 702 σαρας,
2265 634 2343 695 είς
2374 632 2432 684 ὃν
2458 634 2491 703 ή
2523 633 2673 688 οίκία
2698 632 2804 689 τῶν
2841 634 2918 699 ὡς
2965 634 3180 706 ἀληθῶς
3204 637 3471 707 samum
3494 640 3575 707 τῆς

2042 722 2347 795 αύταρχίας
2384 725 2636 794 Κομὸδου
2667 725 2959 790 Ἰουλιανὸς
2985 728 3083 799 τὴν
3109 730 3405 800 ἐπισκοπὴν
3427 731 3580 799 Ἀλεξ-

2042 814 2297 887 ανδρείας
2324 816 2691 887 ἐνεχειρίσθη,
2728 818 3090 892 Ἀγριππίνου
3117 820 3212 875 ἐπὶ
3259 821 3452 876 δώδεκα
3499 823 3579 894 ετη

2042 906 2247 978 ταύτην
2283 910 2770 981 οίκονομήσαντος,
2793 912 2887 965 καὶ
2917 913 3284 983 μεταστάντος
3314 915 3416 966 τῶν
3454 917 3579 986 τῇδε.

2042 994 2177 1054 Τότε
2192 1002 2285 1055 καὶ
2309 1002 2540 1076 Κλήμης
2561 1005 2589 1057 6
2612 1005 2970 1075 Στρωματεὺς
2993 1006 3335 1079 ὲγνωρίζετο,
3356 1010 3443 1059 καὶ
3463 1011 3584 1061 Παν-

2040 1095 2223 1156 τατνος
2247 1096 2275 1148 6
2298 1094 2589 1165 φιλόσοφος
2622 1098 2961 1169 σπουδαστής
2982 1116 3041 1152 τε
3063 1101 3159 1152 καὶ⁸
3178 1099 3351 1169 κῆρυξ
3374 1098 3459 1152 τοῦ
3479 1099 3579 1153 καθ’

2041 1186 2188 1255 ἡμᾶς
2208 1187 2530 1257 μυστηρίου.
2552 1187 2841 1260 ’Λνωτέρω
2869 1190 2925 1243 δὲ
2952 1191 3051 1260 τῆς
3074 1189 3453 1259 ’ῐεροσολύμιινι
3478 1189 3583 1243 Ἐκ-

2039 1275 2309 1347 κλησίαςδ
2333 1277 2489 1346 λόγος
2506 1279 2759 1351 ίστόρησε
2797 1279 3017 1352 Μᾶρκον
3056 1279 3196 1352 μετά
3222 1281 3349 1343 τοὺς
3377 1279 3436 1331 ὲκ
3460 1296 3584 1350 περι·

2040 1368 2211 1437 τομῆς
2228 1367 2647 1440 καθηγήσασθαι
2675 1375 2773 1443 τῆς
2791 1373 2995 1434 πόλεως
3016 1372 3169 1442 παρὰ
3186 1370 3280 1424 τοῦ
3299 1372 3586 1440 αὐτοκράτο-

2043 1477 2133 1529 ρος
2162 1459 2675 1531 ἀνοικοδομηθείσης
2698 1461 2981 1534 Ἀδριανοῦ
3016 1460 3440 1528 συνοικισθείσης
3464 1477 3513 1513 τε
3538 1460 3586 1528 ἐξ

2038 1549 2228 1605 ὲθνῶν.
2243 1553 2339 1606 Ὃν
2353 1554 2665 1617 Κασσιανδς
2678 1554 2973 1622 διεδέξατο.
2993 1556 3090 1608 καὶ
3120 1553 3313 1607 τοῦτον
3331 1552 3584 1615 Πούπλιος,

2041 1639 2134 1692 καὶ
2161 1640 2431 1694 Πούπλιον
2455 1640 2769 1705 Ἰουλιανὸς.
2788 1644 3044 1696 κάκεῖνον
3112 1641 3301 1704 Γαῖος,
3339 1641 3429 1693 καὶ
3453 1640 3586 1694 Γαῖον

2040 1730 2358 1802 Σύμμαχος.
2398 1732 2459 1786 Ὀ
2493 1732 2537 1786 δ’
2599 1732 2689 1802 ἐφ’
2746 1733 2921 1805 ἑτέρῳ
2982 1734 3129 1801 Γαῖῳ
3178 1726 3466 1802 μετήλλαξε
3506 1731 3586 1799 τὴν

354 1820 543 1904 pastor
573 1812 709 1880 fuit,
740 1824 968 1872 octavus
1019 1817 1091 1873 ab
1143 1819 1409 1889 apostolis
1457 1806 1724 1889 pontifex.
1779 1819 1920 1874 Tum

2043 1824 2208 1896 ζωήν.
2240 1823 2357 1878 Εἶθ’
2382 1824 2572 1895 ἕτερος
2600 1825 2891 1890 Ἰουλιανὸς
2959 1825 3057 1897 τὴν
3112 1824 3417 1892 ἐπισκοπὴν
3450 1823 3590 1876 διεδέ-

353 1900 678 1972 Apollonius
740 1907 1112 1979 Philosophus
1153 1910 1354 1983 inclyta
1411 1909 1680 1967 doctrina:
1743 1910 1929 1976 fama,

353 2006 578 2055 senatus
604 1999 835 2057 Romani
868 2002 1090 2059 decreto
1112 2002 1529 2071 condemnatus,
1561 2020 1661 2076 per
1728 2014 1931 2077 marty-

355 2088 499 2144 rium
527 2090 584 2145 in
617 2101 824 2150 aeterna
861 2095 1213 2152 tabernacula
1258 2094 1532 2166 migravit.

2038 1917 2188 1984 ξατο,
2215 1919 2308 1973 καὶ
2337 1917 2531 1972 τούτου
2560 1919 2804 1990 διάδοχος
2838 1906 3098 1973 Καπίτων
3129 1917 3455 1983 ὲγένετο,καὶ
3474 1916 3591 1969 0ύά-

2037 2006 2136 2079 λης
2168 2009 2513 2076 Καπίτωνος,
2544 2010 2840 2075 Οὐάλεντος
2871 2011 2927 2064 δὲ
2950 2011 3045 2064 καὶ
3063 2006 3392 2078 Δολιχιανος,
3415 2006 3498 2059 καὶ
3518 2008 3590 2059 ἐπὶ

2037 2102 2173 2155 πᾶσι
2208 2102 2523 2174 Νάρκισσος
2571 2104 2898 2176 τριακοστὸς
2945 2103 3246 2165 ἐπίσκοπος
3301 2099 3402 2154 τῶν
3454 2097 3592 2167 Ἰερο-

353 2178 609 2270 αολύμων
629 2182 737 2236 ἀπὸ
761 2183 870 2239 τῶν
890 2185 1210 2271 ἀποστδλων
1235 2186 1472 2255 ἐγένετο.
1508 2185 1729 2259 Δεκάτῳ
1785 2187 1832 2242 δ’
1895 2188 2005 2246 ἔτει
2044 2193 2142 2265 τῆς
2166 2194 2413 2265 Κομόδου
2458 2196 2633 2268 ἀρχῆς
2688 2194 3009 2268 Ἐλεύθερος
3068 2196 3095 2249 6
3159 2193 3271 2246 τῶν
3343 2191 3591 2260 Ῥωμαίων

388 2271 701 2342 Εκκλησίας
739 2278 1122 2349 ἐπισκοπήσας
1153 2278 1242 2332 ἐπ’
1278 2279 1374 2350 ἔτη
1424 2278 1781 2350 τρισκαίδεκα
1828 2281 1940 2336 τῶν
1976 2284 2103 2356 τῇδε
2166 2286 2426 2359 μετέστη,
2458 2288 2556 2341 καὶ
2623 2286 2840 2359 Βίκτωρ
2857 2287 2968 2341 τῶν
2993 2290 3111 2343 ἐκεῖ
3133 2287 3374 2360 προέστη
3398 2281 3591 2336 πιστῶν,

354 2362 467 2416 Καὶ
491 2362 786 2457 Ἰουλιανοιῖ
819 2367 909 2422 ἰπὶ
938 2369 1169 2424 δέκατον
1224 2369 1345 2432 ἔτος
1389 2370 1490 2441 τὴν
1531 2370 1937 2443 Ἀλεξανδρέων
1978 2374 2311 2447 Ἐκκλησίαν
2371 2379 2672 2446 ίθύναντος,
2723 2381 2818 2435 καὶ
2839 2378 3088 2452 τὸχρεὼν
3106 2378 3588 2457 λειτουργήσαντοςν

352 2454 665 2526 Δημήτριος
694 2459 758 2512 τὸ
782 2459 1090 2529 ἐπισκοπῆς
1144 2461 1483 2531 ἐνεχειρίσθη
1536 2459 1935 2531 λειτούργημα.
1976 2463 2065 2519 Ἐν
2134 2466 2191 2521 δὲ
2259 2471 2325 2539 τῇ
2378 2469 2703 2539 Ἀντιοχέων
2764 2466 3066 2541 Ἐκκλησία
3125 2466 3270 2538 μετά
3329 2454 3592 2535 Μαξιμίνον

352 2546 647 2616 Σαραπίων
682 2549 1013 2604 ἐπεσκόπτει
1048 2552 1177 2614 τοὺς
1216 2551 1651 2622 χριστωνύμουε,
1707 2553 1890 2623 ὄγδοος
1921 2555 2213 2629 ἀρχιερεὺς
2282 2560 2391 2614 ἀπὸ
2447 2561 2554 2616 τῶν
2597 2563 2910 2617 ἀποστόλων
2966 2562 3286 2632 γενόμενος.
3346 2558 3470 2611 Τότε
3516 2554 3592 2609 καὶ

365 2635 760 2712 ’Λπωλλὼνιος,
798 2644 940 2718 ἀνὴρ
993 2645 1088 2700 ἐπὶ
1118 2647 1337 2719 παιδείᾳ
1376 2648 1471 2702 καὶ
1507 2647 1797 2722 φιλοσοφίᾳ
1850 2650 2200 2725 βεϐοημένος,

354 2744 661 2814 συγκλήτου
689 2742 826 2812 πρὸς
854 2742 957 2807 τὰς
979 2742 1235 2808 αίωνίους
1263 2744 1499 2816 μετέστη
1532 2745 1759 2817 σκηνάς.

425 2837 512 2893 Vl.
546 2836 903 2904 Commodus,
935 2837 1168 2908 imperio
1223 2836 1290 2893 ad
1334 2837 1486 2894 hunc
1535 2838 1760 2894 modum
1806 2855 1936 2910 per-

352 2930 493 2998 dite,
527 2938 589 2987 ut
616 2930 925 3002 expositum
959 2938 1067 2996 est,
1094 2929 1213 3001 ipse
1243 2944 1465 3001 quoque
1493 2930 1679 3002 periit.
1711 2930 1933 2989 Electus

352 3038 487 3080 vero
513 3031 570 3078 et
599 3022 782 3078 Laetus
813 3021 881 3077 ad
907 3021 1251 3079 Pertinacem
1272 3062 1286 3087 ,
1336 3024 1407 3077 ob
1437 3024 1699 3079 virtutem
1754 3031 1811 3079 et
1840 3021 1930 3078 di-

354 3116 615 3188 gnitatem
642 3113 769 3178 viri,
790 3113 1162 3185 principatum
1194 3112 1556 3171 detulerunt:
1588 3114 1706 3188 qui,
1736 3117 1929 3187 explo-

354 3214 472 3261 rata
507 3204 793 3262 Commodi
820 3216 1019 3272 morte,
1050 3215 1309 3278 suscepto
1346 3207 1579 3278 imperio
1638 3209 1692 3265 in
1752 3218 1934 3265 castra

353 3296 550 3362 venit,
605 3297 957 3368 militumque
1017 3297 1204 3354 favore
1244 3307 1301 3354 et
1348 3299 1480 3355 Laeti
1536 3301 1827 3371 praesentia
1880 3310 1937 3357 et

354 3387 571 3459 magnis
637 3387 1131 3459 pollicitationibus
1181 3388 1477 3445 conciliato
1507 3430 1523 3457 ,
1575 3392 1786 3448 curiam
1849 3392 1938 3449 in-

354 3494 598 3551 gressus,
629 3496 689 3536 se
720 3498 754 3535 α
807 3481 1102 3552 legionibus
1154 3483 1490 3553 appellatum
1542 3498 1651 3538 esse
1703 3483 1937 3556 impera-

358 3582 557 3639 torem,
597 3575 699 3628 θεά·
741 3583 962 3643 propter
1015 3582 1227 3630 (atatem
1292 3585 1340 3629 et
1402 3575 1819 3630 imbecillitatem
1885 3584 1939 3631 et

356 3682 536 3721 rerum
564 3665 921 3738 diﬁicultatem
945 3668 1128 3722 cedere
1149 3670 1402 3739 imperio,
1435 3668 1592 3724 dixit.
1622 3667 1758 3725 Cum
1801 3684 1938 3726 vero

359 3778 394 3822 α
424 3768 616 3815 senatu
657 3775 876 3831 quoque
929 3760 1251 3816 laudaretur
1294 3770 1350 3816 et
1416 3762 1751 3832 probaretur
1776 3802 1792 3828 ,
1830 3761 1938 3816 im-

361 3861 585 3933 perator
644 3853 957 3909 declaratus
1003 3862 1133 3909 est:
1188 3854 1526 3910 Commodus
1569 3869 1703 3910 vero
1764 3853 1940 3911 hostis

358 3944 665 4016 judicatus,
692 3954 750 4001 et
781 3962 814 4002 a
848 3955 1041 4002 senatu
1073 3945 1382 4017 populoque
1423 3946 1776 4002 contumeliis
1804 3946 1940 4002 affe-

361 4047 484 4094 ctus
508 4046 612 4094 est.
646 4038 722 4093 Ac
753 4040 990 4094 revulsis
1012 4039 1132 4108 ejns
1165 4038 1360 4093 statuis
1385 4081 1399 4104 ,
1434 4039 1488 4095 in
1542 4038 1727 4092 animo
1758 4037 1939 4094 habe-

359 4132 494 4187 bant
521 4132 756 4188 cadaver
784 4132 949 4187 etiam
994 4148 1096 4201 per
1136 4132 1292 4188 vicos
1341 4140 1560 4205 raptare
1608 4150 1623 4187 :
1661 4131 1759 4188 sed
1809 4146 1936 4187 cum

360 4225 420 4285 id
471 4225 734 4283 Pertinax
790 4225 903 4297 jam
956 4224 1231 4295 sepultum
1290 4238 1413 4279 esse
1460 4223 1723 4288 dixisset,
1770 4238 1834 4278 ea
1881 4236 1939 4277 re

360 4318 584 4384 omissa,
620 4316 985 4372 Commodum
1037 4314 1303 4371 nefarium
1336 4356 1352 4382 ,
1407 4324 1743 4388 tyrannum,
1783 4315 1939 4369 auri-

358 4428 480 4483 gam
510 4450 526 4476 ,
580 4409 976 4482 gladiatorem,
1015 4416 1072 4463 et
1132 4408 1385 4478 pluribus
1432 4407 1555 4462 aliis
1619 4405 1939 4462 nominibus

2272 2659 2596 2730 μαρτυρικῷ
2686 2658 2830 2715 τέλει
2891 2661 2950 2713 ὲν
3011 2656 3206 2729 Ῥώμῃ
3255 2654 3472 2726 δόγματι
3513 2654 3592 2725 τῆς

2119 2843 2210 2912 ς’.
2252 2844 2312 2901 Ὀ
2345 2844 2446 2916 μὲν
2469 2842 2561 2899 οὖν
2581 2844 2824 2916 Κόμοδος
2854 2842 2924 2899 τὰ
2949 2844 3050 2913 τῆς
3075 2843 3257 2914 ἀρχῆς
3287 2839 3589 2910 διαφθείρας.

2041 2937 2117 3001 ὡς
2183 2936 2420 3009 εἴρηται,
2472 2939 2696 2991 κάκεῖνο
2751 2935 3066 3007 διέφθαρτο.
3135 2935 3203 2989 Οί
3254 2933 3312 2988 δὲ
3358 2932 3478 3001 περὶ
3518 2934 3589 2985 τον

2044 3028 2342 3084 Ἐκλεκτον
2373 3031 2469 3083 καὶ
2501 3030 2593 3084 τὸν
2621 3030 2821 3084 Λαίτον
2888 3029 2978 3082 τὸν
3034 3026 3360 3098 Περτίνακα
3394 3026 3467 3088 είς
3509 3024 3590 3093 τήν

1961 3168 2006 3222 c
2038 3122 2345 3195 αὖταρχίαν
2374 3120 2461 3176 διὰ
2487 3120 2587 3194 τὴν
2609 3122 2811 3194 ἀρετὴν
2849 3121 2944 3176 καὶ
2984 3120 3046 3174 τδ
3075 3118 3303 3190 ἀξίωμα
3331 3115 3483 3222 αὐτοῦ
3510 3118 3591 3168 ἐπ·

2043 3216 2317 3282 ελέξαντο.
2336 3214 2396 3270 ⁸0
2412 3215 2490 3282 δὲ,
2517 3214 2600 3270 ὅτι
2621 3214 2852 3287 τέθνηκε
2876 3213 3124 3284 Κόμοδος
3153 3209 3590 3284 ἀκριϐωσάμενος.

2041 3302 2266 3368 ἐδέξατο
2301 3303 2400 3375 τήν
2433 3302 2633 3377 ἀρχὴν,
2689 3304 2783 3358 καὶ
2822 3302 3072 3372 είσῆλθεν
3110 3304 3195 3364 είς
3236 3300 3295 3354 τὸ
3329 3300 3595 3369 στρατόπε-

2039 3395 2151 3459 δον,
2182 3395 2277 3447 καὶ
2307 3396 2373 3466 τῇ
2402 3410 2461 3447 τε
2494 3391 2767 3466 παρουσίᾳ
2788 3394 2883 3448 τοῦ
2914 3378 3114 3447 Δαίτου
3148 3391 3252 3446 καὶ
3278 3391 3458 3463 ἁδραῖς
3484 3388 3593 3442 ὑπο-

2044 3486 2263 3557 σχέσεσι
2292 3487 2417 3547 τοὺς
2448 3484 2789 3556 στρατιώτας
2845 3490 3315 3558 προσεποιήσατο.
3364 3479 3485 3537 Εἶτα
3527 3483 3591 3544 εἰς

2040 3578 2101 3632 τδ
2125 3578 2403 3650 συνέδριον
2428 3578 2783 3650 ἀφικόμενος,
2807 3573 2961 3631 εἶπεν
2991 3578 3075 3631 ὅτι
3110 3577 3468 3646 Ὠνόμασμαι
3493 3570 3590 3626 ὑπὸ

2040 3668 2149 3737 τῆς
2174 3669 2457 3739 στρατιᾶς
2482 3670 2883 3739 αὐτοκράτωρ,
2926 3670 3249 3740 ἐξίσταμαι
3272 3668 3340 3722 δὲ
3374 3665 3475 3735 τῆς
3507 3664 3586 3731 ἀρε

2041 3761 2160 3832 κῆς
2196 3762 2295 3817 διά
2328 3778 2392 3816 τε
2430 3760 2544 3831 τὴν
2569 3763 2815 3829 ἠλικίαν
2842 3760 2939 3816 καί
2974 3762 3340 3830 ἁῤῥωστίαν,
3374 3758 3464 3813 καί
3496 3754 3589 3824 τὴν

2041 3854 2154 3910 τῶν
2190 3852 2549 3924 πραγμάτων
2577 3852 2963 3924 δυσχέρειαν.
3003 3852 3094 3915 Ὠς
3118 3852 3175 3905 δὲ
3219 3853 3313 3905 καὶ
3344 3849 3482 3920 παρὰ
3507 3848 3589 3918 τῆς

2044 3946 2241 4018 βουλῆς
2271 3946 2367 3999 καὶ
2394 3948 2649 4018 ἐπῃνεῖτο
2683 3946 2778 3999 καὶ⁸
2802 3945 3007 4016 ᾑρεῖτο,
3042 3944 3070 3996 6
3126 3943 3230 4015 μὲν
3265 3940 3586 4009 αὐτοκράτωρ

2042 4035 2362 4106 ἀπεδείχθη,
2394 4036 2421 4088 6
2458 4034 2515 4087 δὲ
2547 4034 2792 4102 Κόμοδος
2825 4033 3104 4104 ἐψηφίσθη
3131 4031 3408 4101 πολέμιος.
3444 4028 3584 4095 Καὶή

2045 4127 2208 4200 βουλή
2222 4129 2318 4180 καὶ
2337 4129 2362 4180 6
2379 4126 2549 4198 δῆμος
2577 4126 2658 4189 είς
2684 4126 2891 4179 ἐκεῖνον
2918 4124 3227 4196 ἐξύϐριζον,
3262 4124 3353 4176 καὶ
3367 4123 3457 4184 τὰς
3470 4119 3578 4172 εὶκᾶ-

2042 4238 2139 4286 νας
2168 4219 2331 4275 αύτοῦ
2361 4220 2675 4274 κατέσπων.
2711 4218 2940 4272 Ἤθελον
2988 4217 3045 4271 δὲ
3073 4218 3167 4271 καὶ
3192 4219 3254 4270 τὸ
3279 4215 3429 4285 σῶμα
3449 4210 3586 4267 αύτοῦ

2041 4314 2297 4386 διασῦραι
2327 4313 2421 4367 καὶ
2441 4312 2761 4368 διασπάσαι·
2792 4311 3040 4373 εἰπόντος
3063 4309 3121 4363 δὲ
3139 4307 3235 4362 τοῦ
3268 4306 3585 4379 Περτίνακος,

2044 4408 2147 4481 ήδη
2207 4409 2275 4479 τῇ
2323 4408 2393 4477 γῇ
2446 4403 2760 4477 κεκρύφθαι
2808 4404 2961 4470 αὐτὸ,
3017 4401 3110 4456 τοῦ
3166 4401 3268 4471 μὲν
3299 4399 3586 4468 ἀπέσχοντο,

357 4499 727 4570 appellarunt.
761 4498 1023 4553 Pertinax
1061 4496 1192 4553 Afer
1214 4513 1279 4553 ex
1310 4496 1447 4552 Alba
1480 4497 1740 4570 Pompeia
1767 4539 1782 4563 ,
1838 4513 1920 4567 par

2043 4501 2322 4569 ἀλιτήριον
2371 4498 2429 4553 δὲ
2482 4497 2580 4551 καὶ
2637 4496 2904 4569 τύραννον
2950 4495 3267 4549 ἀπεκάλουν
3304 4492 3477 4554 αὑτὸν,
3511 4489 3588 4541 καὶ

361 4601 443 4647 tre
471 4590 614 4646 haud
682 4588 898 4652 nobili,
951 4598 1152 4656 natus,
1208 4590 1464 4646 tribunus
1505 4590 1752 4660 equitum
1796 4590 1934 4655 fuit,

360 4683 519 4741 aditu
543 4682 743 4749 facilis,
773 4681 921 4737 haud
960 4682 1224 4754 gravatim
1255 4681 1532 4747 audiebat,
1607 4692 1663 4738 et
1706 4698 1905 4754 respon

359 4773 524 4833 debat
566 4790 688 4844 qua
738 4772 1089 4831 videbantur.
1137 4774 1354 4830 Potitus
1411 4774 1684 4846 imperio.
1740 4784 1938 4846 praeter

360 4868 499 4922 alios
529 4865 716 4922 titulos
768 4866 931 4923 etiam
985 4867 1245 4937 princeps
1288 4877 1516 4923 senatus
1558 4867 1733 4923 veteri
1781 4882 1936 4922 more

361 4961 542 5015 dictus
570 4967 674 5015 est.
707 4959 883 5021 Prava
908 4959 1182 5025 instituta,
1211 4974 1309 5016 sua
1339 4976 1473 5017 cura
1507 4972 1561 5016 et
1586 4960 1935 5032 providentia

361 5052 525 5130 602
582 5052 861 5116 correxit,
921 5061 1086 5124 atque
1136 5054 1194 5110 in
1249 5054 1448 5113 melius
1494 5054 1783 5113 mutavit:
1838 5071 1938 5126 per

363 5146 622 5215 injuriam
675 5160 846 5200 cmsos
900 5146 1198 5221 ignominia
1258 5147 1482 5202 exemit.
1541 5147 1678 5203 Cum
1751 5159 1937 5201 autem

361 5236 612 5309 peCUnia:
640 5247 789 5294 tanta
822 5237 1007 5308 inopia
1037 5239 1091 5293 in
1128 5238 1329 5309 palatio
1359 5246 1506 5293 esset
1534 5277 1549 5302 ,
1593 5246 1652 5295 ut
1699 5239 1754 5293 in
1805 5239 1938 5295 lisco

364 5350 474 5389 non
514 5334 750 5404 amplius
783 5349 877 5389 cet.
906 5333 1074 5391 millia
1095 5331 1482 5390 drachmarum
1513 5331 1935 5395 invenirentur:

362 5440 506 5499 aegre
537 5440 603 5480 ex
627 5426 842 5491 statuis,
873 5426 1065 5491 armis,
1114 5424 1418 5485 domestico
1465 5424 1831 5483 instrumento
1884 5435 1940 5486 et

363 5516 577 5571 deliciis
604 5517 889 5572 Commodi
920 5523 1131 5571 tantum
1161 5514 1363 5584 coegit,
1398 5525 1459 5570 ut
1492 5514 1649 5569 militi
1696 5517 1939 5571 solveret

362 5625 483 5676 qua:
538 5609 904 5679 promiserat,
957 5606 1269 5676 et'p0pulo
1329 5616 1598 5663 centenas
1647 5606 1940 5664 drachmas

362 5699 741 5757 distribueret.
793 5702 870 5755 Ea
917 5700 1064 5754 enim
1118 5699 1301 5754 omnia
1352 5698 1555 5768 quibus
1606 5700 1940 5756 Connuodus

361 5795 428 5850 ad
454 5793 703 5861 delicias,
738 5792 1169 5866 compositiones
1224 5789 1623 5862 gladiatorum,
1675 5803 1731 5849 et
1790 5795 1935 5855 auri-

2046 4592 2462 4664 ἀρματηλάτην,
2510 4591 2605 4643 καὶ
2658 4586 2987 4659 μονομάχον,
3054 4586 3149 4640 καὶ
3209 4584 3379 4638 πλείω
3429 4582 3584 4649 ἕτερα.

2044 4686 2241 4750 Λίὸους
2267 4684 2310 4738 δ’
2332 4680 2400 4754 ἦν
2423 4686 2451 4738 6
2470 4680 2737 4751 Περτίναξ
2766 4678 2826 4745 ὲξ
2848 4678 3052 4748 Ἀλσης
3078 4677 3383 4747 Πομπετας,
3412 4671 3587 4739 πατρὸς

2042 4784 2142 4834 οὐκ
2189 4779 2466 4847 εὐγενοῦς.
2523 4778 2580 4831 ἐν
2624 4777 2737 4838 τοῖς
2786 4772 3009 4828 ίππεῦσι
3080 4771 3451 4844 χιλιαρχήσας.
3496 4762 3585 4818 Ἦν

2042 4871 2088 4927 δ’
2137 4873 2568 4943 εὐπροσήγορος,
2611 4867 2778 4941 ήκουέ
2844 4884 2903 4921 τε
2957 4865 3195 4934 ἑτοίμως
3253 4863 3346 4917 καὶ
3380 4856 3585 4930 ἀπεκρί-

2043 4981 2171 5018 νατο
2198 4965 2300 5017 ὅσα
2333 4965 2380 5016 oi
2417 4960 2614 5015 ἐδόκει.
2651 4959 2809 5015 Οὕτω
2844 4958 2942 5029 μὲν
2968 4959 2996 5011 6
3025 4957 3297 5026 Περτίναξ
3316 4955 3413 5024 τῆς
3436 4951 3585 5023 ἀρχῆς

2044 5058 2360 5113 ἐπελάϐετο.
2418 5057 2528 5111 Καὶ
2578 5053 2715 5125 πρὸς
2776 5054 2893 5116 ταῖς
2936 5052 3126 5114 ἀλλαις
3163 5050 3474 5120 ἐπικλήσεσι
3509 5040 3584 5097 καὶ

2044 5151 2335 5223 πρόκριτος
2370 5149 2469 5219 τῆς
2523 5146 2815 5219 γερουσίας
2845 5146 2986 5200 κατᾶ
3024 5144 3085 5198 τδ
3131 5144 3359 5214 ἀρχαῖον
3405 5141 3584 5192 ἐπωνο-

2047 5240 2252 5312 μάσθη.
2279 5238 2420 5294 Ὅσα
2444 5238 2574 5308 γοῦν
2602 5236 2836 5290 διέκειτο
2863 5233 3204 5306 πλημμελῶς
3240 5230 3376 5301 πρὸς
3412 5226 3468 5279 τδ
3504 5224 3601 5277 τιδι’

2045 5348 2182 5401 σμον
2215 5328 2616 5401 μετεσκεύαστο
2649 5325 2931 5396 οἰκονομίᾳ
2958 5327 3052 5379 καὶ
3077 5321 3303 5394 προνοίᾳ
3329 5317 3420 5372 τοῦ
3442 5315 3579 5370 αύτο-

2043 5422 2328 5493 κράτοροῖν
2361 5421 2453 5475 καὶ
2487 5420 2521 5490 ἡ
2556 5418 2753 5490 ἀτιμία
2811 5416 2923 5470 τῶν
2956 5416 3157 5477 ἀδίκως
3197 5404 3582 5481 πεφονευμένων

2042 5514 2206 5585 ιλύθη
2240 5513 2369 5584 παρ’
2420 5511 2612 5568 αὐτοῦ.
2654 5510 2907 5580 Τοσαύτη
2969 5508 3027 5562 δὲ
3088 5505 3385 5577 χρημάτων
3434 5498 3582 5552 ἔνδεια

2045 5607 2187 5662 κατὰ
2216 5606 2276 5663 τὸ
2302 5605 2574 5676 βασίλειον
2602 5599 2690 5675 ἦν,
2721 5603 2796 5667 ὡς
2821 5604 2983 5655 πέντε
3018 5602 3111 5654 καὶ
3145 5599 3315 5651 εἴκοσι
3346 5588 3580 5665 μυριάδας

2043 5698 2305 5769 δραχμῶν
2341 5698 2632 5768 εὑρεθῆναι
2663 5695 2851 5766 μόνας.
2888 5692 3056 5755 Μόλις
3086 5692 3130 5744 δ’
3156 5690 3246 5744 οὖν
3287 5692 3315 5743 ὁ
3347 5677 3581 5757 Περτῖναξ

2045 5792 2106 5863 ἐξ
2125 5790 2482 5864 ἀνδριάντων,
2508 5790 2602 5849 καὶ
2630 5787 2833 5854 ὃπλων,
2896 5784 2989 5839 καὶ
3032 5782 3293 5848 ἐπίπλων,
3346 5777 3432 5837 καὶ
3485 5772 3576 5828 τῶν
