3910 6544
163 416 283 484 1021

1377 420 1791 486 ANNALIUM
1834 423 1983 485 LIB.
2026 418 2172 488 XII.

3276 414 3417 480 ιοεε

167 537 253 604 ζεν
285 536 722 609 ἐπικεκλημένον
752 538 858 594 ὑπὸ
884 540 978 596 τοῦ
1006 542 1204 611 δήμου.
1238 540 1314 604 ώς
1346 538 1564 611 εἴρηται
1588 540 1727 610 πρὸς

1864 538 2099 594 :lusisset
2138 555 2154 594 :
2195 552 2254 593 se
2301 535 2635 594 incolumem
2684 548 2983 591 evasurum
3039 532 3319 598 credebat,
3371 533 3419 588 si

164 630 249 684 τὸν
278 628 527 683 Ἀλσϊνον
574 631 869 699 άπένευσε,
917 636 1019 689 καὶ
1061 634 1130 686 δι’
1192 635 1533 705 ἀπορρήτων
1583 631 1732 699 αὐτῷ

167 717 356 785 ἔγραψε
384 716 649 789 Καίσαρα
678 718 929 790 ποιήσειν
966 722 1150 777 αὐτόν.
1181 723 1290 776 Καὶ
1322 722 1381 786 ὃς
1431 722 1576 775 κατά
1625 721 1736 792 χώ-

172 826 261 880 ραν
312 808 551 879 ἔμεινεν,
580 811 657 875 ὡς
687 815 1013 884 κοινωνήσει
1045 815 1148 885 τῆς
1190 815 1367 885 ἀρχῆς
1397 814 1476 885 τῷ
1508 814 1734 885 Σευήρῳ

168 902 535 974 τεθαρρηκώς.
572 902 633 958 '0
669 904 726 958 δέ
758 907 1002 977 Σευῆρος
1030 908 1123 960 ἐπὶ
1170 905 1273 974 τὴν
1317 906 1538 978 Ῥώμην
1570 907 1736 977 ἠπεί-

169 1007 304 1059 γετο,
336 994 431 1047 καὶ
464 994 494 1044 δ
531 994 826 1059 Ἰουλιανὸς
881 994 1060 1051 ταῦτα
1118 997 1310 1069 μαθὼν
1355 999 1619 1070 πολέμιόν
1674 1015 1734 1053 τε

165 1082 501 1151 ψηφίσασθαι
533 1084 630 1138 τὸν
661 1083 901 1157 Σευῆρον
935 1086 1036 1158 τὴν
1065 1087 1264 1160 βουλὴν
1323 1086 1734 1157 παρεσκεύασε,

164 1174 252 1228 καὶ
282 1176 417 1246 πρὸς
451 1177 692 1248 πόλεμον
722 1179 1075 1249 ἡτοιμάζετο,
1108 1180 1201 1233 καὶ
1224 1180 1286 1234 τὸ
1316 1181 1581 1236 παλάτιον
1610 1197 1738 1250 κιγ-

170 1265 313 1318 κλέσι
365 1268 459 1321 καὶ
520 1268 719 1337 θύραις
769 1271 1021 1341 ἰσχυραῖς
1069 1271 1429 1341 ἐκρατύνατοσ
1478 1272 1562 1325 ὅτι
1627 1272 1737 1342 γὰρ

163 1358 372 1426 ἐνόμιζε
407 1360 483 1434 μὴ
514 1362 581 1417 άν
611 1376 743 1417 ποτε
776 1364 975 1435 ρᾳδίως
1003 1365 1131 1427 τοὺς
1156 1364 1500 1436 στρατιώτας
1520 1365 1740 1418 κτανεῖν

1836 632 2017 685 vietus
2045 632 2191 684 intra
2215 629 2457 684 claustra
2488 644 2548 685 se
2575 628 2911 683 contineret.
2956 626 3165 681 Laetum
3198 642 3417 696 quoque

1836 722 2065 789 occidit,
2095 732 2152 778 et
2193 723 2512 793 complures
2563 721 2772 782 emisit.
2828 719 2923 790 qui
2976 718 3240 775 Severum
3291 719 3419 772 dolo

1837 817 2155 873 occiderent
2185 834 2202 870 :
2236 816 2480 887 quicum
2515 814 2571 869 in
2616 814 2823 893 Italiam
2870 813 3193 883 irrupisset,
3222 820 3278 865 et
3308 811 3417 865 Ru-

1835 925 2073 965 vennam
2107 919 2434 979 occupasset
2457 949 2473 972 ,
2505 918 2562 963 et
2593 908 2687 979 qui
2719 916 2916 962 contra
2952 922 3079 961 eum
3126 905 3424 960 mitteban-

1841 1013 1935 1057 tur
1981 1002 2047 1058 ad
2084 1004 2214 1057 eum
2265 1018 2326 1057 se
2375 1001 2718 1065 conferrent,
2768 1010 2827 1054 et
2859 1000 3126 1055 satellites
3156 998 3229 1053 ob
3272 998 3424 1052 illius

1841 1095 2138 1150 adventum
2195 1094 2588 1165 trepidarent:
2633 1104 2940 1149 convocato
2994 1101 3209 1155 senatu,
3255 1088 3423 1145 Seve-

1841 1206 1963 1245 rum
2011 1189 2275 1259 collegam
2331 1187 2551 1255 imperii
2588 1185 2812 1241 decerni
2846 1186 3030 1256 jussit.
3062 1183 3167 1238 Sed
3219 1198 3344 1237 cum
3378 1181 3425 1236 is

1842 1279 2113 1334 militibus
2161 1278 2550 1349 impunitatem
2601 1277 2982 1347 promisisset.
3026 1273 3070 1329 si
3119 1271 3425 1329 Pertinacis

1841 1385 2197 1441 percussores
2209 1370 2496 1432 dederent,
2517 1369 2971 1439 obtemperarunt
2984 1368 3159 1438 iisque
3176 1379 3424 1435 compre-

164 1453 249 1508 τὸν
281 1453 621 1523 Περτίνακα,
655 1455 774 1524 εῐγε
831 1454 897 1527 δὴ
963 1456 1405 1522 συνεκέκλειστο,
1465 1455 1607 1527 ᾤετο
1664 1455 1742 1519 ὼς

1864 1464 2034 1518 tensis
2096 1461 2234 1517 Silio
2282 1461 2523 1517 Messalae
2557 1461 2771 1516 censull
2830 1474 2946 1514 rem
3002 1458 3341 1513 indicarunt.
3378 1453 3427 1510 Is

161 1546 450 1617 δυνήσεται
484 1548 910 1613 κατακλεισθεὶς
935 1549 994 1602 ἐν
1025 1549 1180 1617 αὐτῷ
1221 1548 1612 1620 περιγενέσθαι
1672 1548 1742 1603 ἂν

1864 1569 1977 1609 rero
2003 1564 2195 1608 senatu
2229 1554 2286 1608 in
2322 1553 2494 1607 :edem
2528 1553 2787 1607 Minerva:
2824 1557 3160 1617 convocato,
3188 1564 3311 1619 quae
3357 1548 3428 1604 ab

164 1636 389 1709 ἡττηθῇ.
418 1638 720 1710 Ἐφόνευσε
749 1639 808 1693 δί
840 1642 939 1696 καὶ
966 1641 1060 1694 τὸν
1081 1640 1304 1703 Δαῖτον.
1361 1644 1456 1695 καὶ
1505 1640 1598 1693 ἐπί
1649 1641 1744 1696 τὸν

1869 1642 2195 1697 nstitutione
2256 1641 2644 1697 adolescentia:
2709 1640 2784 1696 ita
2815 1639 3120 1694 vocabatur
3164 1656 3179 1694 :
3223 1654 3346 1708 qum
3397 1654 3428 1692 υ

164 1729 401 1800 Σευῆρον
432 1731 645 1801 καθῆκε
692 1732 893 1796 συνοὺς
943 1731 1022 1797 ὡς
1087 1732 1185 1786 τὸν
1244 1732 1415 1804 ἄνδρα
1452 1732 1745 1805 δολοφονή-

1864 1735 2120 1791 nilitibus
2148 1734 2493 1806 accepisset,
2526 1732 2800 1804 exposuit.
2853 1732 3091 1789 Senatus
3140 1731 3307 1802 igitur
3340 1729 3433 1785 Ju-

166 1836 379 1884 σοντας.
414 1821 573 1876 Ἐπεὶ
596 1823 644 1876 δ’
672 1825 885 1888 ἐκεῖνος
910 1826 991 1889 εἰς
1012 1824 1114 1895 τῆν
1175 1823 1414 1879 Ἰταλιαν
1465 1824 1740 1892 εἰσέϐαλε,

1870 1827 1998 1881 iano
2033 1827 2231 1897 capitis
2266 1826 2548 1890 damnato,
2600 1826 2868 1879 Severum
2899 1823 3085 1878 statim
3130 1824 3431 1894 imperatu-

165 1915 254 1968 καὶ
276 1915 378 1984 τὴν
449 1913 747 1971 Ῥάϐενναν
782 1892 1126 1988 ᾠκειώσατο,
1173 1918 1270 1972 καὶ
1295 1919 1345 1971 οἰ
1397 1920 1744 1990 πεμπόμενοι

1864 1932 1964 1973 ἐιη
1995 1918 2153 1973 dixit.
2194 1916 2450 1974 Julianus
2480 1932 2614 1972 vero
2645 1932 2770 1973 cum
2820 1915 3171 1971 occideretur
3209 1932 3224 1972 :
3272 1912 3430 1979 Quid,

166 2007 554 2079 προσεχώρουν
579 2006 749 2080 αὐτῷ,
780 2010 876 2063 καὶ
904 2010 953 2063 οἰ
999 2010 1288 2082 δορυφόροι
1320 2008 1411 2063 διὰ
1461 2010 1561 2081 τὴν
1595 2026 1739 2080 περ·

1864 2012 2051 2083 inquit,
2093 2012 2224 2067 mali
2248 2012 2392 2082 feci?
2426 2020 2518 2065 aut
2552 2026 2705 2083 quem
2735 2010 2943 2064 occidi?
2967 2009 3114 2066 Vixit
3162 2023 3337 2062 annos
3368 2022 3434 2060 ιι

166 2100 354 2153 ουσίαν
381 2099 630 2171 Σευήρου
687 2099 1069 2166 ἐδειλαίνοντο,
1102 2101 1446 2169 συγκαλέσας
1478 2103 1607 2167 τοὺς
1637 2104 1741 2174 τῆς

1864 2120 2068 2161 menses
2101 2122 2153 2161 tv
2181 2115 2237 2161 et
2268 2106 2387 2161 dies
2421 2105 2648 2159 totidem
2687 2121 2700 2156 :
2734 2104 3028 2174 imperavit
3049 2101 3169 2158 dies
3203 2116 3290 2155 ιι.

165 2190 384 2263 βουλῆς,
442 2194 699 2248 ἐκέλευσε
754 2194 1015 2248 κοινωνὸν
1074 2193 1226 2264 αὑτῷ
1275 2191 1377 2265 τῆς
1422 2197 1601 2267 ἀρχῆς
1653 2196 1746 2252 τὸν
1778 2199 2020 2271 Σευῆρον
2092 2198 2461 2269 ψηφίσασθαι.
2507 2196 2614 2252 Τοῦ
2676 2196 2733 2251 δὲ
2791 2198 3032 2265 Σευήρου
3080 2198 3195 2258 τοῖς
3269 2207 3437 2263 στραο

158 2283 393 2350 τιώταις,
416 2284 587 2355 μηδὲν
616 2285 789 2338 κακὸν
815 2284 1105 2339 πείσεσθαι
1125 2282 1459 2358 γράψαντος,
1506 2287 1725 2342 ἐκδοῦσι
1759 2292 1885 2355 τοὺς
1910 2294 2137 2361 σφαγεῖς
2157 2292 2252 2344 τοῦ
2287 2291 2617 2362 Περτενακος
2653 2288 2970 2350 πεισθέντες
2995 2304 3010 2320 ’
3067 2286 3309 2347 ἐκείνους
3369 2300 3431 2336 τε

158 2378 471 2438 συνέλαϐον.
502 2380 695 2451 καὶτῷ
726 2380 887 2452 Σιλξῳ
910 2380 1175 2452 Μεσσάλα
1209 2381 1534 2435 ὑπατεύοντι
1564 2382 1739 2437 ταῦτα
1767 2387 2064 2455 ἐμήνυσαν.
2085 2386 2143 2441 Ὀ
2170 2385 2225 2438 δὲ
2262 2386 2362 2455 τὴν
2387 2384 2585 2454 βουλὴν
2619 2381 2878 2451 ἁΊροίσας
2910 2383 2990 2443 εἰς
3010 2383 3070 2434 τδ
3120 2378 3250 2451 Ἀίιή
3290 2392 3430 2444 αιονο

165 2466 310 2523 οὕτω
327 2469 665 2544 καλούμενον
688 2472 765 2537 ὡς
804 2473 863 2525 ἐν
905 2472 1054 2545 αύτῷ
1100 2471 1210 2526 τῶν
1250 2472 1656 2543 παιδευομένων
1692 2476 2031 2546 ποιουμένων
2056 2476 2155 2547 τὴν
2182 2474 2437 2547 ἄσκησιν,
2480 2475 2547 2528 τὰ
2576 2474 2727 2543 παρᾶ
2759 2472 2866 2524 τῶν
2912 2470 3262 2543 στρατιωτῶν
3295 2469 3436 2540 αὐτῇ

159 2562 516 2617 ἐκοινώσατο.
546 2562 653 2618 Καὶ
684 2565 717 2634 ἡ
747 2564 914 2635 βουλὴ
977 2563 1071 2617 τοῦ
1118 2563 1220 2635 μὲν
1297 2564 1588 2619 ἰουλιανοῦ
1639 2565 2057 2637 κατεψηφίσατο
2128 2567 2381 2633 θάνατον,
2456 2569 2549 2621 τὸν
2607 2566 2664 2621 δὲ
2720 2567 2960 2638 Σευῆρον
3005 2567 3227 2618 ἀνεῖπεν
3275 2564 3439 2638 εὐθὺς

160 2655 565 2725 αὐτοκράτορα.
603 2656 917 2710 Κάντεῦθεν
943 2657 1001 2710 ἐν
1055 2656 1135 2727 τῷ
1173 2655 1423 2728 παλατίῳ
1480 2659 1509 2711 ὁ
1550 2655 1844 2721 Ἰουλιανὸς
1899 2659 2187 2732 ἐφονεύθη,
2227 2659 2401 2714 εἰπών
2436 2676 2450 2692 ο
2494 2662 2556 2715 Τί
2592 2661 2703 2731 γὰρ
2750 2659 2952 2713 δεινὸν
3003 2659 3285 2727 ἐποίησα,
3340 2653 3441 2713 καί

159 2745 298 2801 τινα
321 2745 683 2815 άπέκτεινα;
718 2745 1075 2819 Ἐδίωδέἐτη
1122 2749 1394 2821 ἐξήκονταΔ
1433 2750 1571 2825 πρὸς
1626 2750 1765 2823 μησὶ
1804 2752 2096 2824 τέσσαρσι,
2160 2754 2258 2809 καὶ
2325 2752 2637 2825 ἰσαρίθμοις
2687 2751 2951 2823 ἡμέραις,
3000 2734 3169 2821 ἄρξας
3223 2748 3438 2823 ἡμέρας

162 2835 455 2908 ἐξήκοντα.

241 2929 323 2989 ﬂ'.
359 2930 602 3003 Σευῆρος
642 2931 831 3005 μέντοι
889 2931 990 3004 τῆν
1040 2934 1361 3007 αὖταρχίαν-
1398 2934 1580 2990 λαϐὼν
1625 2935 1753 2997 τοῦς

168 3024 276 3094 μιν
315 3024 648 3095 αὐτόχειρας
709 3024 806 3078 τοῦ
861 3025 1200 3096 Περτξνακος
1250 3025 1361 3080 τῶν
1403 3025 1754 3097 στρατιωτῶν

166 3116 390 3187 θανάτῳ
419 3117 734 3184 ἐδικαίωσε,
755 3118 881 3181 τοῦς
905 3117 955 3171 δ’
991 3119 1193 3183 ἄλλους
1238 3118 1509 3183 ὀνειδίσας
1555 3119 1751 3190 πικρό-

1929 2931 2068 2990 VIII.
2108 2928 2347 2987 Severus
2374 2945 2560 2984 rerum
2607 2928 2817 2999 potitus
2842 2969 2857 2994 ,
2893 2927 3093 2984 milites
3136 2924 3444 2984 Pertinacis

1854 3040 2208 3100 percussores
2275 3023 2549 3094 supplicio
2598 3020 2816 3089 atfecit;
2876 3031 3104 3077 caeteros
3177 3020 3443 3074 acerrime

1852 3120 2015 3194 605
2052 3120 2377 3186 insectatus,
2403 3128 2459 3175 et
2482 3118 2651 3173 armis
2678 3114 2947 3186 equisque
2978 3113 3242 3183 privatos.
3272 3111 3445 3165 Itonia

163 3222 329 3267 τατα,
351 3208 464 3260 τῶν
492 3225 551 3261 τε
581 3207 767 3261 ὅπλων
796 3207 1051 3281 ἀπεῖρξε,
1082 3210 1177 3263 καὶ
1202 3210 1330 3272 τοὺς
1361 3209 1564 3274 ἵππους
1588 3210 1751 3280 ἀφείο

1864 3213 2090 3285 expulit.
2118 3211 2233 3268 Hoc
2270 3218 2526 3284 peracto,
2568 3206 2738 3278 pedes
2767 3206 2959 3261 urbem
2996 3205 3308 3276 ingressus,
3353 3217 3445 3257 ar-

166 3298 310 3367 λετο,
335 3304 432 3357 καὶ
463 3304 563 3374 τῆς
599 3304 822 3377 Ῥώμης
856 3306 1132 3378 ἀπήλασεο
1163 3307 1260 3361 καὶ
1288 3306 1461 3370 οὕτως
1511 3307 1592 3371 εἰς
1654 3307 1753 3377 τὴν

181 3393 407 3467 Ῥώμην
437 3398 698 3469 εἰσήλασε
728 3399 980 3471 βαδίζων,
1012 3401 1107 3455 καί
1137 3401 1185 3454 οἰ
1211 3401 1239 3454 ὀ
1272 3399 1504 3470 στρατὸς
1523 3400 1754 3472 ὁπλίτης

169 3488 500 3559 παρείπετο,
536 3493 631 3544 καὶ
655 3492 689 3561 ἡ
726 3490 878 3555 πόλις
898 3492 1088 3546 άνθεσί
1112 3509 1170 3544 τε
1196 3494 1292 3547 καὶ
1307 3492 1537 3562 δάφναις
1564 3491 1753 3546 ἅπασα

168 3580 541 3650 ἐστεφάνωτο,
570 3583 666 3635 καὶ
689 3585 739 3637 οἰ
761 3584 1040 3657 ἄνθρωποι
1075 3584 1552 3655 λευχειμονοῦντες
1579 3584 1754 3656 εὐφή-

172 3688 312 3742 μουν
343 3674 532 3739 αὐτὸν,
560 3674 657 3728 καὶ
686 3672 924 3728 ἀκοῦσαι
965 3674 1133 3729 αὐτοῦ
1156 3676 1252 3729 καὶ
1287 3674 1594 3729 θεάσασθαι
1632 3674 1753 3728 λίαν

170 3762 499 3833 ἐσφάδαζον.
547 3766 820 3821 Εἰσελθὼν
879 3767 935 3822 δέ
1002 3767 1381 3822 ἐνεανιεύσατο
1416 3761 1503 3822 οἷα
1545 3768 1642 3823 καὶ
1703 3768 1756 3822 οἰ

170 3856 369 3929 πρώην
404 3858 607 3926 ἀγαθοὶ
642 3859 1078 3931 αὐτοκράτορες,
1107 3859 1180 3924 ὡς
1213 3860 1405 3913 οὐδένα
1457 3860 1567 3913 τῶν
1625 3858 1755 3931 βου-

172 3943 383 4001 λιυτῶν
429 3949 748 4013 ἀποκτενεῖ,
810 3950 905 4004 καὶ¹
955 3948 1140 4020 ὤμοσε
1193 3949 1324 4021 περὶ
1386 3949 1604 4015 τούτου,
1662 3950 1761 4004 καὶ

173 4040 494 4111 ψηφίσματι
528 4042 696 4112 κοινῷ
754 4040 914 4096 τοῦτο
972 4041 1293 4112 κυρωθῆναι
1342 4041 1757 4113 προσετετάχει.

188 4134 333 4189 Ἀλλ’
363 4135 468 4189 οὐκ
486 4137 568 4197 εἰς
641 4135 864 4206 μακρὰν
915 4136 1012 4189 τὸν
1056 4136 1222 4207 νόμον
1274 4134 1468 4189 τοῦτον
1515 4136 1761 4208 παρέϐη.

175 4231 352 4284 Αὑτὸν
392 4231 503 4301 γάρ
530 4229 623 4284 τδν
648 4230 874 4284 Ἰούλιον
905 4227 1149 4297 Σόλωνα,
1186 4228 1277 4284 τὸν
1310 4231 1403 4283 καὶ
1459 4231 1520 4284 τὸ
1577 4231 1760 4303 δόγμα

177 4322 361 4388 τοῦτο,
424 4321 593 4376 αὐτοῦ
669 4322 1056 4389 κελεύσαντος,
1105 4324 1631 4397 συγγραψάμενον,
1699 4325 1759 4378 οὐ

177 4415 362 4485 πολλῷ
396 4413 631 4485 ὕστερον
660 4416 897 4481 ἔκτεινε,
947 4416 1042 4469 καὶ
1077 4415 1270 4479 ἄλλους
1294 4416 1473 4470 ἀνεῖλε
1509 4413 1761 4484 πολλοὺς,

177 4511 272 4564 καὶ
297 4512 366 4581 τῇ
406 4506 572 4581 βουλῇ
609 4510 670 4563 οῦ
706 4510 1028 4582 καταθύμια
1074 4509 1333 4581 ἔπραττε.
1370 4510 1478 4563 Καὶ
1506 4508 1758 4580 εἰθισμέ-

1863 3318 2010 3363 mato
2038 3306 2287 3362 exercitu
2308 3312 2596 3374 sequente.
2626 3301 2825 3372 plateis
2856 3297 3108 3363 ﬂoribus,
3139 3296 3362 3352 coronis
3387 3302 3445 3350 et.

1861 3402 2069 3459 laureis
2102 3401 2302 3474 passim
2326 3398 2629 3454 exornatis.
2662 3409 2690 3449 a
2724 3393 2927 3464 popqu
2969 3390 3263 3445 candidato
3304 3388 3444 3444 laetis

1863 3494 2092 3549 vocibus
2125 3500 2388 3562 exceptus
2421 3499 2526 3553 est,
2563 3476 2995 3557 prope‘rantibus
3028 3481 3286 3536 omnibus
3316 3492 3442 3535 eum

1864 3595 1920 3642 et
1953 3586 2144 3641 videre
2173 3594 2230 3641 et
2258 3584 2471 3639 audire.
2509 3582 2605 3637 llle
2645 3595 2779 3635 vero
2817 3578 3037 3643 statim,
3070 3584 3322 3631 veterum
3355 3574 3447 3628 bo-

1865 3694 2065 3735 norum
2092 3680 2490 3749 imperatorum
2516 3690 2688 3740 more,
2724 3689 2781 3729 se
2817 3672 3091 3726 neminem
3134 3680 3443 3725 senatorem

1866 3770 2184 3827 occisurum
2214 3782 2333 3824 esse
2355 3764 2721 3839 jurejurando
2752 3763 3063 3828 allirmavit,
3104 3762 3268 3832 idque
3297 3776 3445 3816 com-

1867 3862 2021 3917 munl
2063 3861 2288 3916 decreto
2311 3857 2631 3915 conﬁrmari
2664 3858 2849 3929 jussit.
2886 3856 2993 3911 Sed
3034 3855 3086 3909 id
3119 3853 3446 3925 jurisjuran-

1868 3956 1998 4010 dum
2024 3969 2134 4008 non
2176 3953 2271 4007 diu
2300 3951 2582 4015 servavit,
2622 3950 2741 4020 ipso
2770 3948 2917 4004 Julio
2966 3946 3206 4010 Solone,
3246 3943 3340 4017 qui
3391 3943 3444 3998 i'd

1868 4050 2155 4105 decretum
2187 4047 2256 4101 de
2280 4047 2427 4101 illius
2453 4044 2728 4101 sententia
2763 4044 3081 4113 scripserat,
3118 4055 3227 4094 non
3274 4040 3447 4094 multo

1869 4152 1995 4213 post
2041 4140 2263 4203 occiso,
2310 4146 2475 4209 atque
2523 4135 2647 4192 aliis
2703 4135 2893 4190 multis
2940 4133 3175 4188 sublatis
3213 4150 3228 4186 :
3269 4145 3447 4200 eaque

1869 4234 2020 4299 fecit,
2057 4248 2177 4304 qua:
2212 4230 2427 4288 senatui
2468 4231 2694 4285 minime
2724 4227 2877 4283 cordi
2907 4232 3113 4281 essent.
3158 4222 3276 4279 Jam
3321 4238 3447 4279 cum

1873 4325 2047 4381 moris
2075 4331 2246 4389 esset,
2292 4321 2559 4378 satellites
2604 4335 2671 4373 ex
2741 4317 2895 4373 Italia
2940 4314 3269 4385 czeterisque
3318 4329 3450 4384 gen-

1873 4421 2055 4485 tibus,
2101 4435 2337 4491 quarum
2386 4427 2444 4474 et
2490 4419 2675 4473 vultus
2723 4414 3083 4471 humaniores
3148 4422 3206 4467 et
3270 4425 3452 4465 mores

1872 4512 2239 4582 simpliciores
2281 4518 2467 4566 essent
2492 4551 2507 4575 ,
2544 4508 2709 4579 deligi
2740 4527 2755 4564 :
2800 4507 2912 4564 ille.
2941 4514 3144 4576 prater
3185 4502 3405 4558 solitum
3432 4540 3449 4565 ,

181 4620 294 4665 νου,
314 4603 447 4665 τοῦς
475 4602 972 4673 σωματοφύλακας,
1001 4602 1065 4654 ἐκ
1092 4600 1191 4668 τῆς
1227 4600 1462 4664 Ἰταλίας
1487 4595 1647 4661 εἰναι,
1673 4599 1756 4652 xui

1873 4603 2064 4657 urbem
2096 4600 2367 4656 militibus
2401 4609 2457 4654 et
2496 4607 2727 4668 aspectu
2770 4593 3122 4655 saevissimis,
3168 4600 3223 4645 et
3258 4588 3451 4644 auditu

183 4695 364 4749 ἄλλων
396 4694 570 4750 ἐθνῶν
609 4695 1045 4766 ἐπιεικεστέρων
1080 4697 1193 4757 τοῖς
1226 4693 1416 4758 εἴδεσι,
1442 4691 1537 4746 καὶ
1567 4690 1770 4746 άπλου-

183 4794 397 4863 στέρων
428 4792 541 4853 τοῖς
564 4790 745 4862 ῆθεσι,
787 4791 997 4849 ἐκεῖνος
1028 4785 1179 4857 παρὰ
1222 4786 1283 4840 τὸ
1339 4784 1461 4851 ἔθος
1502 4802 1770 4857 στρατιω-

181 4883 290 4936 τῶν
321 4880 424 4953 τὴν
447 4881 604 4935 πόλιν
633 4881 901 4952 ἐνέπλησε
942 4880 1037 4933 καὶ
1072 4878 1202 4932 ἰδεῖν
1254 4876 1639 4948 ἀγριωτάτων,
1672 4874 1769 4929 καὶ

183 4978 421 5036 ἀκοῦσαι
441 4978 872 5050 φοϐερωτάτων,
904 4978 1001 5032 καὶ
1026 4975 1290 5046 ὁμιλῆσαι
1312 4974 1767 5050 Διίιγροικοτέιτων.

197 5047 465 5140 Ἐγένετο.
487 5070 545 5123 δέ
576 5047 730 5141 αὐτῷ
756 5070 962 5141 σημεῖά
994 5086 1119 5123 τινα
1165 5070 1267 5136 τὴν
1299 5047 1601 5138 ἧγεμονίαν
1640 5084 1772 5136 προ-

191 5163 593 5233 μαντευόμενα.
629 5162 817 5228 Ἔδοξὲ
852 5178 983 5215 ποτε
1002 5160 1138 5232 δναρ
1166 5160 1428 5214 λύκαιναν
1474 5157 1758 5229 θηλάζειν,

191 5257 261 5321 ὡς
292 5259 430 5327 περὶ
478 5256 768 5327 Ῥωμύλου
809 5254 1122 5327 ἰστόρηται·
1153 5255 1249 5307 καὶ
1284 5252 1430 5324 ὕδωρ
1482 5250 1775 5306 καθεύδον-

190 5358 277 5415 τος
309 5351 505 5421 ὥσπερ
555 5350 620 5403 ἐκ
680 5347 867 5418 πηγῆς
924 5345 1179 5417 ἀνεδόθη,
1233 5345 1326 5398 καὶ
1382 5342 1509 5399 καθ’
1568 5340 1773 5406 ῦπνους

195 5444 343 5517 αύτῷ
373 5445 411 5514 ἡ
440 5443 555 5498 τῶν
586 5440 884 5513 Ῥωμαίων
910 5439 1181 5511 σύμπασα
1210 5437 1377 5509 βουλὴ
1410 5437 1506 5491 καὶ
1537 5438 1565 5490 ὁ
1598 5435 1772 5507 δῆμος

199 5533 431 5605 προσῄει
469 5552 530 5588 τε
570 5535 665 5586 καὶ
691 5531 995 5604 ἠσπάζετο.
1024 5530 1134 5584 Καὶ
1160 5525 1321 5592 αὖθις
1377 5524 1557 5580 ἐδόκει
1617 5525 1676 5577 ἐν
1702 5526 1770 5595 τῇ

198 5626 374 5698 ἀγορᾷ
398 5629 467 5698 τῇ
506 5625 761 5696 Ῥωμαία
806 5622 1111 5677 ἱππεύοντα
1169 5620 1259 5674 τὸν
1311 5617 1622 5689 Περτίνακα
1675 5613 1772 5668 τοῦ

199 5718 365 5774 ἵππου
400 5720 833 5792 άπορῤιφθῆναι,
887 5717 1050 5779 αὐτὸς
1083 5714 1139 5768 δὲ
1164 5713 1357 5768 τούτου
1390 5708 1611 5771 ἑκόντος
1652 5709 1775 5760 ἐπι-

200 5811 482 5870 λαϐέσθαι.
514 5813 757 5883 Ἕφηϐος
781 5811 836 5867 δὲ
865 5810 941 5864 ὢν
980 5811 1037 5873 ἐς
1087 5808 1179 5861 τὸν
1244 5805 1525 5875 βασιλικὸν
1584 5801 1774 5871 δῐφρον

203 5906 436 5979 ἀγνοῶν,
471 5902 588 5962 ἀλλ’
615 5906 716 5962 οῦκ
764 5907 828 5960 ἐκ
867 5902 1130 5977 προνοῖας
1183 5894 1608 5970 ύπερεκάθισεν.
1672 5893 1775 5947 At)-

1873 4693 2199 4758 borrendis,
2230 4700 2286 4747 et
2324 4705 2354 4744 a
2386 4689 2651 4745 civilitate
2680 4702 2894 4741 morum
2940 4681 3296 4739 alienissimis
3344 4680 3452 4733 im-

1874 4788 2062 4857 plevit.
2108 4784 2405 4856 Imperium
2449 4782 2501 4838 ei
2560 4780 2732 4853 signis
2782 4778 3111 4850 quibusdam
3167 4773 3454 4846 prmsigni-

1874 4879 2096 4934 Iicatum
2130 4886 2235 4931 est.
2283 4874 2419 4930 Nam
2462 4872 2761 4945 aliquando
2794 4886 2853 4926 se
2890 4870 3075 4939 lupam
3122 4883 3318 4934 sugere
3342 4907 3356 4924 .
3396 4875 3456 4920 ut

1874 4971 1942 5026 de
1993 4969 2229 5024 Romulo
2263 4966 2545 5037 proditum
2607 4972 2735 5030 est,
2784 4961 3083 5016 somniavit
3116 4978 3129 5013 :
3164 4974 3228 5013 ex
3279 4971 3462 5026 eoque

1874 5062 2183 5117 dormieme
2210 5075 2373 5130 aqua,
2427 5067 2683 5126 tanquam
2711 5069 2740 5110 e
2770 5054 2921 5108 l'oute
2965 5050 3240 5112 scaturiit.
3291 5058 3347 5104 et
3397 5047 3457 5100 in

1875 5152 2086 5209 somnis
2116 5167 2147 5207 a
2176 5158 2371 5205 senatu
2408 5147 2723 5219 potiuloque
2768 5144 3021 5200 Romano
3070 5140 3297 5198 salutari
3344 5137 3458 5191 sibi

1873 5246 2026 5299 visus
2052 5251 2159 5298 est.
2191 5241 2441 5297 Accessit
2473 5238 2624 5294 aliud
2663 5252 2887 5308 quoque
2936 5236 3209 5292 somnium
3246 5250 3260 5286 :
3290 5239 3454 5301 puta-

1875 5338 1968 5393 bat
1997 5335 2344 5392 Pertinact-m
2410 5348 2509 5405 per
2553 5331 2735 5388 forum
2797 5330 3162 5401 equitantetn,
3198 5324 3267 5379 ab
3308 5336 3460 5390 equo

1873 5429 2080 5493 excuti,
2108 5427 2203 5497 qui
2239 5423 2347 5482 sibi
2388 5434 2602 5497 tergum
2632 5424 2779 5478 ultro
2807 5417 3293 5479 conscendendum
3321 5427 3460 5484 pras-

1876 5522 2054 5576 beret.
2095 5519 2437 5576 Adolescens
2463 5518 2517 5573 in
2548 5517 2684 5572 sella
2724 5512 3075 5586 imperatoria
3111 5524 3219 5564 non
3264 5506 3332 5561 de
3368 5506 3456 5560 in-

1874 5615 2127 5678 dustria,
2178 5612 2275 5667 sed
2330 5610 2593 5683 ignorans
2639 5607 2913 5664 consedit.
2969 5602 3265 5673 Imperium
3316 5598 3453 5652 ade-

1875 5718 2038 5778 plus,
2104 5704 2382 5760 Pertinaci
2443 5703 2712 5774 plurimos
2776 5698 3018 5754 honores
3096 5692 3334 5754 habuit,
3394 5698 3452 5744 et

1875 5794 2420 5867 sumptuosissimum
2450 5794 2616 5848 funus
2637 5785 2886 5861 quamvis
2919 5784 3136 5855 pridem
3191 5782 3455 5837 defuncto

1877 5890 2027 5949 fecit.
2058 5888 2265 5947 Deinde
2299 5897 2493 5945 contra
2535 5885 2759 5958 Nigrum
2787 5890 2872 5938 cst
2906 5877 3189 5953 profectus
3214 5916 3229 5943 ,
3268 5874 3445 5933 homi-
