3910 6560
184 334 307 402 125

1376 344 1781 407 ANNAHUM
1829 344 1955 405 LlB
2017 346 2063 404 X
2082 346 2099 403 l
2117 345 2165 405 Ι.

3274 348 3411 415 ίθίθ

178 456 282 518 λεις
297 451 623 525 ἐλάμϐανον.
639 453 804 518 Δυθις
821 453 879 507 δὲ
897 454 1134 528 πόλεμος
1153 454 1463 529 συνηνέχθη
1480 455 1560 527 τῷ
1573 456 1739 526 Σευή-

1845 470 1959 508 rcm
1997 465 2243 527 negaret,
2276 455 2436 528 isque
2477 457 2888 529 imperatoriam
2915 459 3027 530 jam
3069 462 3305 520 ambiret
3333 465 3416 518 ιίίο

179 563 251 618 ρῳ
270 544 558 616 ἐμφύλιος.
572 544 632 598 ’0
653 544 753 617 μὲν
770 545 880 617 γάρ
898 547 1012 616 (52)
1031 545 1110 616 τῷ
1127 545 1360 616 ’Δλϐίνῳ
1379 546 1509 600 οὐδὲ
1532 546 1631 618 τὴν
1646 546 1738 599 τοῦ

176 637 443 705 Καίσαρος
454 635 624 690 ὲδῖδου
639 636 824 706 τιμὴν,
840 638 867 689 δ
880 636 925 689 δ’
943 636 1062 708 ᾔτει
1079 637 1171 691 xal
1184 636 1283 708 τὴν
1296 636 1391 690 τοῦ
1408 637 1738 707 αὐτοκράτο-

179 744 282 800 ρος-
296 726 743 797 Συγκινουμένης
761 727 817 780 δὲ
835 728 920 781 διὰ
938 728 1111 781 ταῦτα
1127 730 1228 798 τῆς
1238 727 1584 799 οἰκουμένης,
1604 727 1632 778 ὁ
1651 727 1742 797 δῆ-

179 836 270 889 μος
289 820 345 871 ὲν
366 817 709 891 ἱπποδρομίᾳ
733 819 1156 889 συνειλεγμένος
1173 820 1344 885 πολὺς
1366 822 1742 890 ἐκφανέστατα

176 907 541 977 κατωδύρατο,
576 912 763 984 Μέχρι
793 912 938 965 πότε
972 911 1213 966 τοιαῦτα
1235 911 1574 982 πάσχομεν,
1600 911 1740 982 κρά-

173 1006 367 1068 ζοντες,
408 1002 717 1072 καὶμέχρι
769 1003 889 1058 ,ποῦ
941 1004 1404 1073 πολεμούμεοα;
1459 1006 1555 1060 καὶ
1601 1003 1738 1058 ἄλλα

120 1111 134 1133 ε
174 1093 224 1145 δέ
252 1108 371 1145 τινα
412 1092 645 1147 τοιαῦτα
686 1092 762 1158 ώς
812 1096 876 1148 ὲκ
922 1093 1202 1164 θειοτέρας
1253 1095 1399 1159 τινὸς
1451 1094 1740 1159 ἐπιπνοίας

175 1183 551 1249 ἐνθουσιῶντες
580 1184 834 1257 ἐϐόησαν.
870 1185 993 1249 Πῶς
1027 1186 1139 1258 γὰρ
1173 1185 1435 1241 τοσαῦται
1473 1187 1735 1259 μυριάδες

175 1273 241 1337 ὥς
272 1275 373 1327 ὑπὸ
399 1276 701 1348 χορολέκτη
734 1277 846 1349 (53)
875 1274 1032 1332 εἷπον
1079 1280 1420 1344 ἀπταίστως,
1468 1276 1504 1333 ἃ
1544 1274 1735 1346 είπον;

176 1366 314 1428 Τέως
364 1366 553 1437 μέντοι
611 1368 795 1440 μάχης
852 1369 1348 1440 συγκροτηθείσης,
1394 1370 1489 1423 καὶ
1536 1368 1739 1433 πολλὰς

179 1455 309 1518 ίδέας
332 1472 392 1508 τε
428 1459 526 1509 καὶ
554 1461 784 1528 τροπὰς,
838 1463 929 1513 καὶ
964 1459 1316 1530 μετακλίσεις
1351 1461 1447 1514 τοῦ
1478 1461 1724 1531 πολέμου

177 1547 479 1617 ἐσχηκότος,
518 1551 547 1603 ό
588 1551 832 1615 Ἀλϐῖνος
875 1550 1105 1624 ἡττήθη,
1158 1553 1437 1606 πεσόντων
1470 1552 1569 1622 μὲν
1622 1556 1734 1623 ἀμ⁸

176 1638 479 1709 φτέρωθεν
510 1641 696 1710 σχεδὸν
726 1643 1166 1711 ὑπερϐαινόντων
1197 1644 1293 1697 καὶ
1341 1643 1600 1716 ἀριθμὸν,
1644 1644 1735 1696 τοῦ

176 1727 227 1781 δδ
267 1727 515 1783 ’Δλϐίνου
566 1732 760 1786 ἑαυτδν
817 1733 1121 1800 ἀνελόντος.
1177 1728 1248 1807 Ὦ
1296 1735 1533 1807 κειμένῳ
1580 1738 1741 1791 ἐπεν-

1843 536 2131 621 gnitatem,
2178 547 2377 602 itcrlun
2421 548 2581 604 civile
2631 550 2836 603 bellum
2886 566 3011 604 cum
3063 554 3232 609 totius
3263 557 3416 615 orbis

1842 646 1996 692 motu
2027 646 2112 692 est
2141 649 2418 702 exortum,
2460 651 2515 695 et
2545 657 2739 713 magna
2773 643 2960 713 populi
2993 642 3222 699 Romani
3275 649 3422 701 tnui-

1843 727 2022 782 titudo
2060 729 2115 782 in
2149 729 2298 784 circo
2325 733 2571 801 equestri
2604 734 2952 802 apertissime
2992 735 3243 792 fortunas
3286 753 3416 793 suas

1840 820 2003 890 607
2035 830 2121 876 est
2142 822 2433 877 miserata:
2465 824 2745 896 Quousque
2777 826 2993 880 tandem
3028 829 3131 882 ista
3164 831 3420 898 feremus?

1842 912 2082 981 quandiu
2128 917 2602 984 oppugnabimur?
2648 926 2700 971 et
2759 919 2863 972 alia
2947 918 2997 971 id
3045 933 3218 989 genus
3258 921 3419 990 quasi

1838 1002 2066 1057 numine
2105 1003 2321 1059 amatus
2359 1007 2686 1062 vociferans.
2732 1008 2865 1063 Nam
2916 1008 3123 1080 alioqui
3173 1009 3288 1065 fieri
3322 1012 3417 1081 qui

1838 1093 2130 1162 potuisset,
2158 1103 2217 1148 ut
2245 1104 2323 1150 tot
2348 1096 2631 1152 hominum
2662 1099 2856 1165 millia,
2886 1115 2951 1154 ea
2984 1116 3106 1171 qua:
3130 1101 3415 1162 dicebant.

1839 1193 2102 1255 tanquam
2135 1186 2286 1241 chori
2335 1190 2601 1259 magistro
2635 1201 2915 1259 praeeunte
2936 1232 2953 1258 ,
2996 1192 3135 1247 citra
3167 1208 3415 1247 errorem

1837 1276 2305 1346 pronuntiarent?
2339 1277 2395 1333 Id
2435 1279 2638 1335 bellum
2671 1297 2865 1352 magna
2903 1282 3169 1340 varietate
3212 1295 3271 1339 et
3312 1301 3418 1338 an-

1838 1366 1990 1435 cipiti
2026 1367 2197 1422 Marte
2231 1365 2447 1437 gestum
2481 1386 2495 1424 :
2531 1369 2625 1425 sed
2657 1371 2891 1426 Albinus
2933 1372 3151 1426 tandem
3199 1372 3413 1438 victus,

1838 1456 2102 1513 Romanis
2155 1462 2416 1529 utrinque
2458 1476 2595 1531 pene
2649 1461 3150 1518 innumerabilibus
3219 1464 3412 1532 caesis,

1838 1547 2053 1618 sibiipsi
2082 1565 2281 1605 manus
2310 1551 2520 1607 attulit.
2561 1549 2731 1623 Cujus
2766 1552 3018 1608 cadaveri
3062 1554 3299 1608 Severus
3331 1556 3417 1608 in-

1838 1637 2151 1694 solentibus
2188 1647 2245 1693 et
2289 1640 2578 1696 atrocibus
2608 1642 2793 1696 verbis
2828 1642 3111 1697 insultavit
3140 1660 3154 1696 :
3189 1653 3417 1699 trunco-

1840 1744 1948 1799 que
1973 1729 2208 1799 abjecto,
2259 1740 2426 1801 caput
2478 1732 2708 1787 Romam
2767 1734 3020 1798 missum,
3080 1735 3232 1789 cruci
3272 1735 3416 1804 adigi

174 1819 445 1889 τρυφήσας
473 1824 504 1875 ὁ
538 1822 800 1894 Σευῆρος,
868 1827 959 1879 καὶ
1009 1825 1461 1896 γλωσσαλγήσας,
1518 1826 1580 1880 τὺ
1637 1827 1738 1896 μὲν

1843 1821 2022 1892 jussit.
2054 1821 2353 1877 Senatores
2385 1824 2591 1879 multos
2627 1825 2832 1881 occidit
2856 1865 2872 1888 ,
2909 1827 3207 1881 nonnullos
3248 1826 3417 1881 etiam

175 1906 289 1963 ἄλλο
341 1910 508 1982 σῶμα
563 1914 787 1985 ῥιφῆναι
844 1915 1121 1981 ἐκέλευσε,
1174 1916 1273 1987 τὴν
1310 1916 1550 1987 κεφαλὴν
1605 1917 1737 1981 δ’ἑς

175 2000 263 2071 τὴν
298 2000 526 2074 Ῥώμην
581 2005 818 2073 στείλας,
884 2007 1299 2079 ἀνεσταύρωσε.
1367 2010 1476 2062 Καὶ
1505 2008 1738 2071 πολλοὺς

175 2092 273 2146 τῶν
300 2094 396 2163 τῆς
425 2096 726 2165 γερουσίας
755 2097 1071 2163 ἀπέκτεινε,
1101 2097 1255 2164 τινὰς
1280 2098 1336 2152 δὲ
1360 2101 1453 2153 καὶ
1474 2100 1736 2157 ἀπέλυσε.

178 2185 318 2239 κετά
346 2186 530 2241 ταῦτα
559 2187 616 2242 δὲ
641 2189 785 2244 κατά
828 2189 939 2244 τῶν
991 2190 1222 2263 Πάρθων
1268 2192 1594 2264 ἐστράτευσε
1635 2191 1737 2263 τὴν

180 2279 600 2352 Μεσοποταμίαν
640 2281 889 2338 ἑλόντων.
939 2284 1048 2337 Καὶ
1098 2283 1258 2337 πλοῖα
1318 2284 1736 2347 κατασκευάσας

179 2372 232 2423 ιν
250 2369 324 2442 τῷ
350 2370 618 2444 Εὐφράτῃ
644 2413 660 2438 ,
696 2372 799 2443 τήν
839 2388 901 2426 τε
932 2371 1260 2427 Σελεύκειαν
1285 2372 1383 2426 καὶ
1418 2372 1517 2444 τὴν
1553 2373 1739 2426 Βαϐυ-

178 2462 306 2516 λῶνα
358 2464 747 2533 ἐκλειφθεῖσαν
795 2464 981 2520 ἔλαϐε.
1052 2466 1165 2521 Kal
1220 2466 1320 2537 τὴν
1369 2466 1738 2537 Κτησιφῶντα

181 2553 322 2621 ἑλὼν,
345 2555 654 2627 διαρπάσαι
680 2558 792 2621 τοῖς
842 2559 1206 2629 στρατιώταις
1256 2557 1460 2629 ἀφῆκε,
1508 2557 1739 2621 πολλούς

179 2663 229 2700 τε
260 2646 457 2716 ἀνεῖλε,
519 2647 612 2701 καὶ
668 2645 881 2711 ζῶντας
911 2647 1166 2711 πλείονας
1192 2641 1358 2704 εἷλεν.
1395 2645 1532 2701 Οὔτε
1562 2646 1619 2700 δὲ
1647 2646 1740 2700 τὸν

182 2740 531 2809 υῦολάγαισον
556 2739 839 2809 ἐπεδίωξε,
867 2740 958 2796 τὸν
995 2738 1102 2794 τῶν
1156 2738 1392 2812 Πάρθων
1442 2738 1744 2811 ἡγεμονεύ-

181 2847 317 2898 οντα,
343 2834 789 2905 ἀναχωρήσαντα
829 2831 1039 2899 οἴκαδε,
1084 2830 1209 2886 οὔτε
1238 2832 1337 2902 τὴν
1375 2831 1742 2900 Κτησιφῶντα

181 2924 448 2995 κατέσχεν.
500 2925 647 2977 Ἀλλ’
671 2923 845 2995 ᾤχετο
877 2921 1067 2996 ὥσπερ
1092 2924 1180 2979 ἵνα
1199 2921 1484 2995 διαρπάσῃ
1530 2921 1740 2992 ταύτην

186 3017 328 3086 μόνον
350 3016 762 3087 ἐστρατευκώς.
805 3017 897 3069 Ἐν
923 3008 968 3086 ᾧ
996 3016 1053 3070 δὲ
1086 3015 1367 3086 ἐπολέμει,
1401 3014 1601 3085 ἀνδρας
1630 3013 1740 3068 δύω

182 3106 451 3160 ἀπέκτεινε
484 3105 599 3161 τῶν
623 3108 927 3178 ἐπιφανῶν,
953 3106 1045 3163 τὸν
1078 3110 1176 3181 μὲν
1226 3109 1475 3182 Κρίσπον
1519 3108 1739 3163 Ἰούλιον

183 3198 555 3269 χιλιαρχοῦντα
603 3200 711 3254 τῶν
754 3200 1094 3273 δορυφόρων,
1145 3204 1230 3273 ὅτι
1283 3200 1478 3273 ῆχθετο
1527 3202 1594 3272 τῇ
1644 3200 1739 3254 τοῦ

187 3288 405 3360 πολέμου
440 3290 718 3358 κακώσει,
772 3292 868 3345 καί
918 3272 971 3346 τι
1021 3293 1114 3345 καὶ
1171 3272 1611 3362 παρεφθέγξατο,
1645 3290 1742 3344 καὶ

185 3378 264 3431 vim
318 3382 789 3450 κατηγορήσαντα
839 3380 1007 3433 αὑτοῦ
1064 3378 1406 3450 στρατιώτην
1462 3379 1742 3450 χιλίαρχον

185 3470 444 3536 ἀπέδειξεν
480 3471 601 3525 ἀντ’
628 3471 817 3525 αὐ;οὖ’
870 3472 964 3525 τὸν
1005 3471 1062 3525 δὲ
1093 3472 1312 3534 Δαῖτον,
1355 3471 1440 3524 ὅτι
1483 3470 1739 3541 φρόνημα

183 3560 301 3631 εἶχε,
324 3568 413 3617 καὶ
444 3566 535 3618 ὅτι
565 3564 672 3617 ὑπὸ
698 3564 808 3616 τῶν
842 3561 1190 3634 στρατιωτῶν
1216 3562 1487 3632 ἠγαπᾶτο,
1521 3564 1612 3616 καὶ
1642 3564 1742 3619 οὐκ

188 3655 343 3720 ἄλλως
404 3656 766 3727 στρατεύσειν
808 3657 1020 3721 ελεγον,
1071 3657 1121 3707 εί
1171 3656 1248 3726 μὴ
1313 3656 1513 3720 Δαῖτος
1560 3655 1742 3709 αὐτῶν

184 3748 371 3816 ἡγοῖτο,
402 3751 508 3801 καὶ
531 3748 624 3801 τὸν
655 3748 815 3817 φόνον
844 3747 1010 3800 αὐτοῦ
1038 3749 1154 3811 τοῖς
1172 3746 1539 3818 στρατιώταις
1571 3765 1742 3821 προσ·

186 3839 360 3908 ῆπτεν,
409 3841 500 3895 ὅτι
548 3841 728 3910 φθόνῳ
768 3841 931 3895 αὐτὸν
973 3840 1198 3909 ἀνελὼν,
1258 3841 1359 3894 οὐκ
1398 3836 1512 3913 εἶχε
1562 3841 1743 3910 λέγειν

188 3932 368 3987 αἰτίαν.
419 3930 562 3986 Εἶτα
611 3935 705 3986 επὶ
734 3934 805 3986 τά
858 3934 1037 4006 ’Λτρα
1082 3932 1431 4003 ἐστράτευσε.
1490 3934 1655 3998 Πόλις
1685 3934 1742 3987 δὲ

189 4021 345 4079 ταῦτα
381 4026 437 4079 ’Δ
449 4025 662 4096 ράϐιος,
694 4019 810 4098 ὲνῇ
838 4025 1007 4079 πολλά
1034 4041 1094 4077 τε
1129 4023 1266 4078 ἄλλα
1288 4025 1580 4078 ἀπέκειντο
1603 4029 1742 4097 χρή-

192 4130 341 4184 ματα,
392 4120 496 4172 καὶ
526 4118 596 4170 τὰ
620 4115 715 4171 τοῦ
754 4114 938 4170 Ἠλίου
977 4116 1035 4170 δὲ
1063 4115 1414 4186 ἀναθήματα,
1448 4110 1492 4185 ᾧ
1526 4116 1559 4188 ἠ
1587 4116 1742 4179 πόλις

190 4209 365 4263 ἀνεῖτο.
397 4209 571 4263 οὐδὲν
599 4208 655 4262 δὲ
679 4207 904 4276 ἀνύσας,
936 4207 1112 4262 καίτοι
1138 4207 1198 4262 τὸ
1228 4197 1385 4272 ἐκτὸς
1405 4212 1581 4280 τεῖχος
1607 4208 1743 4262 καθ-

189 4300 416 4370 ῃρηκὼς,
451 4300 550 4355 καὶ
608 4299 842 4364 πολλοὺς
873 4299 983 4352 τῶν
1011 4300 1233 4353 οίκείων
1263 4297 1575 4365 ἀποϐαλὼν,
1614 4300 1740 4352 ἀνε-

189 4392 409 4465 χώρησε,
463 4393 561 4447 καὶ
614 4394 696 4456 είς
723 4393 825 4461 τὴν
857 4390 1222 4460 Παλαιστίνην
1268 4390 1519 4459 ἀφίκετο,
1556 4392 1651 4444 καὶ
1684 4391 1742 4453 ἐς

1842 1911 2072 1967 dimisit.
2106 1913 2236 1969 Post
2281 1913 2399 1970 haec
2455 1924 2647 1970 contra
2692 1917 2925 1973 Parthos
2972 1928 3060 1973 est
3113 1916 3417 1989 profectus,

1842 2002 1938 2073 qui
1999 2003 2447 2076 Mesopotamiam
2502 2018 2840 2077 occuparant
2892 2023 2908 2064 :
2964 2017 3016 2064 et
3071 2009 3308 2064 navibus
3362 2010 3420 2066 in

1841 2096 2125 2167 Euphrate
2155 2097 2463 2164 aadificatis,
2497 2097 2802 2181 Seleuciam
2837 2109 2895 2155 et
2941 2101 3275 2172 Babylonem
3318 2099 3423 2154 de-

1841 2198 2018 2244 sertas
2047 2189 2216 2261 cepit.
2265 2189 2680 2261 Ctesiphontem
2726 2203 3090 2263 expugnatam
3147 2191 3419 2246 militibus

1842 2277 2212 2349 diripiendam
2260 2278 2459 2334 dedit:
2489 2294 2553 2335 ac
2601 2280 2793 2337 multis
2843 2281 3173 2345 interfectis,
3226 2282 3419 2353 plures

1841 2370 1998 2428 vivos
2052 2370 2220 2441 cepit.
2285 2370 2392 2427 Sed
2439 2364 2619 2442 neque
2666 2372 3013 2443 Vologaesum
3086 2371 3417 2432 Parthorum

1842 2461 2150 2533 principem
2184 2461 2410 2517 domum
2439 2478 2722 2519 reversum
2751 2463 2997 2534 fugavit,
3026 2479 3203 2535 neque
3236 2463 3421 2521 Ctesi-

1843 2555 2105 2624 phontem
2140 2555 2372 2610 retinuit
2407 2573 2421 2611 :
2456 2554 2529 2611 ita
2555 2555 2683 2612 inde
2709 2556 3024 2628 profectus,
3053 2557 3211 2626 quasi
3251 2573 3420 2627 expe-

1844 2646 2109 2701 ditionem
2154 2647 2483 2719 direptionis
2531 2664 2696 2704 causa
2742 2648 3009 2704 duntaxat
3062 2649 3414 2718 suscepisset.

1844 2738 2018 2812 Hujus
2046 2740 2174 2795 belli
2218 2750 2463 2811 tempore
2488 2781 2502 2806 ,
2540 2741 2679 2797 duos
2710 2742 2891 2796 claros
2920 2741 3068 2795 viros
3102 2740 3416 2801 interfecit:

1842 2828 2047 2886 Iulium
2082 2830 2336 2902 Crispum
2375 2833 2653 2887 tribunum
2688 2832 2923 2887 militum
2946 2869 2962 2895 ,
3010 2831 3138 2887 belli
3176 2833 3420 2887 vexatio-

1843 2937 1944 2979 nes
1966 2938 2107 2994 aegre
2140 2923 2404 2980 ferentem
2429 2966 2445 2993 ,
2474 2935 2529 2980 et
2559 2924 2747 2980 nescio
2776 2923 2906 2995 quid
2933 2923 3179 2979 locutum
3199 2967 3213 2988 ,
3243 2925 3419 2981 milite

1846 3029 1877 3069 a
1909 3031 2019 3085 quo
2042 3026 2331 3072 accusatus
2371 3016 2590 3082 fuerat,
2642 3017 2697 3071 in
2738 3018 2856 3089 ejus
2901 3017 3084 3072 locum
3138 3016 3418 3085 suffecto;

1768 3139 1810 3199 ο
1846 3104 2051 3161 Laetum
2084 3107 2155 3163 ob
2199 3108 2368 3163 animi
2416 3108 2849 3179 magnitudinem
2896 3118 2953 3163 et
2990 3108 3225 3180 gratiam
3269 3108 3417 3177 apud

1846 3198 2069 3262 milites,
2106 3199 2198 3269 qni
2232 3214 2291 3255 se
2318 3199 2540 3255 nonnisi
2588 3200 2683 3254 illo
2716 3205 2853 3255 duce
2900 3201 3233 3253 militaturos
3264 3200 3417 3253 allir-

1845 3291 2087 3354 mabant,
2118 3299 2174 3345 et
2200 3292 2406 3346 crimen
2443 3292 2608 3346 caedis
2634 3292 2754 3360 ejus
2787 3292 2841 3345 in
2877 3292 3081 3346 milites
3113 3293 3415 3360 transtulit,

1844 3382 1990 3452 quod
2016 3397 2083 3436 eo
2113 3398 2180 3437 ex
2228 3382 2432 3436 invidia
2474 3382 2764 3438 interfecto
2786 3426 2800 3449 ,
2835 3398 3054 3459 causam
3088 3382 3270 3438 dicere
3304 3398 3417 3440 nun

1845 3482 2078 3544 poterat.
2127 3473 2334 3529 Deinde
2366 3473 2496 3528 Alra
2541 3475 2734 3530 urbem
2770 3473 2981 3529 Arabia:
3018 3474 3131 3530 Soli
3178 3474 3414 3528 dicatam

1844 3565 2213 3635 Oppugnavit,
2264 3563 2319 3618 in
2370 3580 2502 3633 qua,
2560 3574 2759 3635 praeter
2791 3565 2927 3620 alias
2973 3581 3194 3634 magnas
3246 3580 3416 3635 opes,

1844 3663 2008 3714 etiam
2036 3658 2180 3714 Solis
2206 3658 2434 3713 donaria
2484 3659 2723 3728 reposita
2774 3667 2956 3713 erant.
3009 3657 3115 3713 Sed
3164 3659 3416 3730 quamvis

1843 3749 2103 3807 exteriori
2135 3766 2291 3805 muro
2317 3760 2496 3821 capto.
2546 3767 2605 3805 re
2647 3749 2852 3806 iniecta
2905 3753 3093 3806 multis
3149 3753 3418 3808 militibus

1843 3845 2060 3899 amissis
2104 3844 2159 3899 in
2219 3844 2559 3899 Palaestinam
2605 3842 2881 3906 discessit,
2923 3853 3088 3914 atque
3137 3843 3191 3899 in
3254 3843 3415 3916 Egy-

1845 3949 2026 4009 ptum,
2071 3952 2236 4008 quam
2286 3945 2455 3991 totam
2504 3935 2883 4007 perlustravit,
2931 3936 3150 3991 arcanis
3195 3952 3415 4007 quoque

1845 4028 2010 4084 rebus
2057 4029 2347 4099 indagatis.
2379 4029 2457 4083 Eo
2495 4028 2641 4083 enim
2684 4036 2803 4081 erat
2853 4028 3093 4098 ingenio,
3126 4037 3187 4081 ut
3235 4043 3415 4097 neque

1843 4118 2091 4174 divinum
2135 4136 2314 4188 neque
2368 4121 2669 4175 humanum
2713 4119 3016 4190 quidquam
3050 4119 3413 4190 impervesti-

1843 4220 2029 4279 gatum
2060 4212 2420 4282 relinqueret.
2455 4211 2655 4267 Libros
2683 4227 3012 4269 arcanarum
3050 4227 3235 4267 rerum
3272 4226 3414 4282 quos

1844 4301 2066 4373 quidem
2103 4301 2355 4356 invenire
2400 4310 2634 4373 poterat,
2665 4318 2732 4357 ex
2764 4302 3024 4357 omnibus
3070 4302 3249 4374 adytis
3297 4318 3418 4357 sus-

1848 4396 1996 4451 tulit.
2040 4396 2221 4465 Atque
2247 4395 2365 4450 haec
2398 4394 2686 4449 hactenus.
2728 4393 2886 4458 Nunc
2928 4393 3113 4449 obiter
3149 4394 3242 4477 illa
3286 4410 3422 4466 quo-

190 4484 469 4552 Δίγυπτον,
507 4486 602 4538 καὶ
631 4486 811 4538 πᾶσαν
837 4478 968 4549 εἶδε,
994 4484 1092 4536 καὶ
1131 4484 1200 4536 τὰ
1222 4481 1584 4553 κεκρυμμένα
1616 4483 1739 4534 ὲπο-

1850 4501 1955 4557 que
1988 4484 2244 4551 referam,
2284 4500 2405 4555 qum
2427 4484 2573 4555 apud
2607 4483 2944 4555 Dionem‘de
2974 4483 3098 4539 Nilo
3141 4475 3419 4540 memorias

193 4573 662 4651 λυπραγμόνησεν.
689 4572 800 4631 Ἦν
836 4577 945 4648 γὰρ
969 4570 1081 4640 οἷος
1109 4571 1249 4646 μήτε
1290 4575 1434 4628 θεῖον
1467 4573 1608 4645 μήτε
1641 4574 1742 4626 ἁν-

194 4667 446 4738 θρώπινον
479 4669 804 4723 καταλιπεῖν
834 4666 1214 4739 ἀνερεύνητον.
1259 4666 1369 4719 Καὶ
1397 4664 1466 4719 τὰ
1500 4663 1677 4735 βιϐλία
1707 4662 1745 4717 ἆ

192 4774 241 4812 τι
271 4757 412 4833 εἶχον
456 4763 791 4832 ἀπόρρητον,
825 4761 888 4814 ὲκ
924 4761 1144 4814 πάντων
1166 4758 1277 4810 τῶν
1290 4755 1500 4809 ἀδύτων
1529 4754 1741 4808 ἀνείλε-

192 4865 266 4920 το,
294 4853 391 4907 δσα
417 4854 556 4915 τέως
608 4852 791 4922 εὑρεῖν
823 4848 1098 4920 δεδύνητο.
1135 4847 1297 4902 Ἀλλὰ
1314 4845 1489 4899 ταῦτα
1518 4844 1617 4915 μὲν
1651 4842 1745 4897 οὗ·

193 4959 309 5009 τωςο
334 4947 575 5018 εἰρήσθω
598 4945 643 4998 δ’
659 4946 735 5007 ώς
757 4947 815 4998 ὲν
834 4942 1072 5014 παρόδῳ,
1085 4941 1181 4996 καὶ
1196 4942 1296 4994 ὅσα
1316 4941 1408 4993 τὸν
1421 4938 1596 4991 Δίωνα
1613 4936 1743 5007 περὶ

194 5035 278 5089 τοῦ
305 5038 499 5093 Νείλου
547 5037 772 5106 λέγοντα
803 5035 1061 5107 εὕρομεν,
1117 5034 1242 5088 ὅθεν
1295 5048 1356 5086 τε
1411 5029 1740 5092 ἀναδίδοται,

197 5128 283 5182 καὶ
304 5130 389 5184 διὰ
411 5131 463 5184 τί
490 5130 632 5184 κατά
683 5130 746 5183 τὸ
792 5128 950 5198 θέρος
989 5127 1288 5195 πεποίηται
1320 5124 1419 5196 τὴν
1453 5121 1739 5176 ἀνάϐασ.ν.

198 5221 348 5289 Λέγει
373 5222 573 5288 τοίνυν,
598 5222 674 5287 ώς
722 5224 787 5275 ὲκ
815 5222 912 5276 τοῦ
948 5218 1244 5282 Ἀτλαντος
1289 5215 1614 5280 ἀναδίδοται,
1651 5213 1743 5265 τὸν

1844 4575 2060 4646 prodita
2092 4584 2220 4630 sunt
2253 4591 2267 4628 :
2305 4575 2450 4629 unde
2483 4575 2530 4629 is
2552 4574 2785 4641 oriatur,
2813 4591 2913 4630 cur
2944 4575 3135 4629 aestivo
3171 4584 3419 4645 tempore

1844 4666 2128 4722 ascendat.
2182 4666 2381 4720 Narrat
2429 4673 2651 4733 autem,
2698 4681 2825 4720 eum
2877 4681 2942 4720 ex
2987 4666 3205 4720 Atlante
3256 4666 3416 4732 oriri,

1845 4766 2031 4813 monte
2061 4756 2463 4819 Macennitidis,
2496 4755 2561 4811 ad
2599 4757 2765 4827 608
2798 4757 2975 4827 ipsum
3014 4756 3416 4812 occidentalem

1842 4848 2144 4912 Oceanum,
2199 4847 2443 4901 omnium
2518 4852 2789 4900 montium
2842 4846 3114 4901 altiss'mo
3148 4864 3161 4900 :
3197 4862 3303 4916 qua
3350 4846 3420 4904 de

1847 4952 2011 4996 causa
2050 4938 2174 4994 caeli
2225 4939 2482 4993 columna
2532 4953 2563 4992 a
2610 4937 2787 5007 poetis
2847 4938 3174 5007 appelletur.
3229 4937 3420 5007 Neque

1848 5032 1995 5087 enim
2027 5044 2358 5100 quemquam
2400 5030 2521 5095 eius
2562 5042 2830 5082 cacumen
2861 5027 3195 5093 ascendisse,
3240 5041 3420 5098 neque

1849 5119 2065 5190 fastigia
2117 5118 2321 5172 vidisse
2351 5157 2364 5181 ,
2416 5131 2637 5186 semper
2690 5115 2911 5186 oppleta
2966 5116 3205 5170 nivibus.
3260 5115 3417 5171 Unde

1849 5213 2040 5267 azstivo
2081 5219 2328 5280 tempore
2361 5222 2559 5278 magna
2596 5221 2868 5278 aquarum
2916 5205 3073 5276 copia
3122 5205 3416 5271 deﬂuente,

1355 5352 1555 5416 Var-ite
1583 5352 1897 5444 lectiones
1936 5358 1998 5414 et
2028 5357 2216 5415 notua.

260 5486 368 5556 (δὲ)
408 5486 473 5540 '0
495 5485 612 5556 μὲν
642 5485 771 5559 γᾴρ,
791 5494 923 5559 _etc.
975 5483 1045 5559 in
1081 5481 1334 5537 versione
1356 5477 1449 5559 hic
1483 5474 1742 5559 quaedam

201 5544 591 5613 bnniu'tavunus
631 5544 662 5608 ε’
685 5544 916 5612 woltius
940 5555 1254 5625 scripserat,
1287 5548 1376 5625 sed
1404 5544 1741 5625 quianAfbiup

200 5627 578 5695 imperatoriam
648 5628 978 5691 maiestatem
1032 5616 1321 5695 ﬂagitanti,
1380 5616 1458 5672 uel
1518 5616 1742 5670 Cmam-is

203 5691 434 5767 (sonorem
481 5699 730 5767 negabat,
783 5704 892 5767 etc.
928 5691 1084 5748 Alius
1113 5691 1291 5767 enim
1317 5699 1422 5767 est_
1451 5700 1647 5766 sensus
1674 5701 1743 5767 ex

208 5763 398 5824 Dione:
422 5754 624 5836 quippe
647 5754 771 5821 cuin
789 5765 987 5821 Alb'no
1019 5762 1339 5831 promissam
1383 5754 1617 5812 Caesaris
1660 5756 1744 5810 di-

1843 5476 2110 5601 ρηίιῖιιοηι
2139 5480 2385 5544 negaret,
2424 5479 2539 5527 tum
2571 5471 2619 5527 is
2649 5468 3035 5541 imperatorem
3067 5480 3186 5522 sese
3226 5462 3419 5533 appel-

1865 5563 1951 5600 av:
1984 5585 2000 5599 .

2071 5615 2170 5688 Ὠς
2202 5610 2857 5688 ὐπ-ὸμκορολέκτηειῦἰο,
2889 5607 3079 5688 ῶσπερ
3130 5622 3213 5668 τις
3266 5606 3420 5688 exet:

1845 5672 1960 5809 ῗῶᾗ
2008 5672 2168 5755 γυρὸς
2213 5672 2624 5755 δεδιδαγμένος.
2665 5672 2948 5736 Ὀοουηίι
2975 5672 3090 5732 haec
3115 5692 3217 5731 vox
3270 5672 3419 5745 apud

1872 5759 1925 5810 ὐ
1969 5771 2147 5809 ucein.
