  <div class='ocr_page' id='page_1' title='image "/cluster/home/n/w/nwhite01/storage/ocr_20150623/134/hvd.32044019208289/523.png"; bbox 0 0 3910 6548; ppageno 0'>
   <div class='ocr_carea' id='block_1_1' title="bbox 493 359 2087 427">
    <p class='ocr_par' dir='ltr' id='par_1_1' title="bbox 493 359 2084 427">
     <span class='ocr_line' id='line_1_1' title="bbox 493 359 2084 427; baseline -0.003 0"><span class='ocrx_word' id='word_1_1' title='bbox 493 362 636 427; x_wconf 67' lang='grc'>1027</span> <span class='ocrx_word' id='word_1_2' title='bbox 1761 359 2084 423; x_wconf 68' lang='lat' dir='ltr'><strong>JOANNIS</strong></span> 
     </span>
    </p>
   </div>
   <div class='ocr_carea' id='block_1_2' title="bbox 2191 359 2434 427">
    <p class='ocr_par' dir='ltr' id='par_1_2' title="bbox 2191 361 2434 423">
     <span class='ocr_line' id='line_1_2' title="bbox 2191 361 2434 423; baseline 0.016 -4"><span class='ocrx_word' id='word_1_3' title='bbox 2191 361 2434 423; x_wconf 59' lang='lat' dir='ltr'><strong>)NAiizE</strong></span> 
     </span>
    </p>
   </div>
   <div class='ocr_carea' id='block_1_3' title="bbox 486 469 2087 545">
    <p class='ocr_par' dir='ltr' id='par_1_3' title="bbox 486 470 2070 532">
     <span class='ocr_line' id='line_1_3' title="bbox 486 470 2070 532; baseline -0.004 -1"><span class='ocrx_word' id='word_1_4' title='bbox 486 477 650 532; x_wconf 81' lang='lat' dir='ltr'><strong>Nilus</strong></span> <span class='ocrx_word' id='word_1_5' title='bbox 717 474 963 530; x_wconf 82' lang='lat' dir='ltr'><strong>exurnlet</strong></span> <span class='ocrx_word' id='word_1_6' title='bbox 1009 491 1023 529; x_wconf 91' lang='lat'><strong>:</strong></span> <span class='ocrx_word' id='word_1_7' title='bbox 1067 485 1124 530; x_wconf 89' lang='lat' dir='ltr'><strong>et</strong></span> <span class='ocrx_word' id='word_1_8' title='bbox 1182 473 1298 530; x_wconf 61' lang='lat' dir='ltr'><strong>hac</strong></span> <span class='ocrx_word' id='word_1_9' title='bbox 1353 474 1628 528; x_wconf 77' lang='lat' dir='ltr'><strong>Romanos</strong></span> <span class='ocrx_word' id='word_1_10' title='bbox 1681 485 1748 525; x_wconf 82' lang='lat' dir='ltr'><strong>ex</strong></span> <span class='ocrx_word' id='word_1_11' title='bbox 1789 470 2070 526; x_wconf 82' lang='lat' dir='ltr'><strong>inferioris</strong></span> 
     </span>
    </p>
   </div>
   <div class='ocr_carea' id='block_1_4' title="bbox 2191 469 3007 545">
    <p class='ocr_par' dir='ltr' id='par_1_4' title="bbox 2191 469 3007 545">
     <span class='ocr_line' id='line_1_4' title="bbox 2191 469 3007 545; baseline 0.006 -23"><span class='ocrx_word' id='word_1_12' title='bbox 2191 473 2223 525; x_wconf 69' lang='grc' dir='ltr'><strong>ἑὲ</strong></span> <span class='ocrx_word' id='word_1_13' title='bbox 2278 473 2547 526; x_wconf 75' lang='grc' dir='ltr'>Ἄτλαντα</span> <span class='ocrx_word' id='word_1_14' title='bbox 2586 472 2710 545; x_wconf 69' lang='grc' dir='ltr'>ὄρος</span> <span class='ocrx_word' id='word_1_15' title='bbox 2764 469 2901 527; x_wconf 75' lang='grc' dir='ltr'>εἶναι</span> <span class='ocrx_word' id='word_1_16' title='bbox 2951 475 3007 527; x_wconf 75' lang='grc' dir='ltr'><strong>ἐν</strong></span> 
     </span>
    </p>
   </div>
   <div class='ocr_carea' id='block_1_5' title="bbox 492 564 2070 622">
    <p class='ocr_par' dir='ltr' id='par_1_5' title="bbox 492 564 2070 622">
     <span class='ocr_line' id='line_1_5' title="bbox 492 564 2070 622; baseline -0.004 -1"><span class='ocrx_word' id='word_1_17' title='bbox 492 567 830 622; x_wconf 72' lang='lat' dir='ltr'><strong>Mauritania:</strong></span> <span class='ocrx_word' id='word_1_18' title='bbox 870 567 1189 622; x_wconf 87' lang='lat' dir='ltr'><strong>hominibus</strong></span> <span class='ocrx_word' id='word_1_19' title='bbox 1223 565 1576 620; x_wconf 82' lang='lat' dir='ltr'><strong>Macennitidi</strong></span> <span class='ocrx_word' id='word_1_20' title='bbox 1623 564 1871 618; x_wconf 89' lang='lat' dir='ltr'><strong>linitimis</strong></span> <span class='ocrx_word' id='word_1_21' title='bbox 1914 578 2070 617; x_wconf 92' lang='lat' dir='ltr'><strong>com-</strong></span> 
     </span>
    </p>
   </div>
   <div class='ocr_carea' id='block_1_6' title="bbox 491 654 2066 726">
    <p class='ocr_par' dir='ltr' id='par_1_6' title="bbox 491 654 2066 726">
     <span class='ocr_line' id='line_1_6' title="bbox 491 654 2066 726; baseline -0.004 -14"><span class='ocrx_word' id='word_1_22' title='bbox 491 657 727 726; x_wconf 86' lang='lat' dir='ltr'><strong>perisse,</strong></span> <span class='ocrx_word' id='word_1_23' title='bbox 780 673 843 712; x_wconf 87' lang='lat' dir='ltr'><strong>ac</strong></span> <span class='ocrx_word' id='word_1_24' title='bbox 888 659 1091 712; x_wconf 83' lang='lat' dir='ltr'><strong>mullos</strong></span> <span class='ocrx_word' id='word_1_25' title='bbox 1127 658 1407 712; x_wconf 78' lang='lat' dir='ltr'><strong>Romanos</strong></span> <span class='ocrx_word' id='word_1_26' title='bbox 1443 656 1719 710; x_wconf 82' lang='lat' dir='ltr'><strong>exercitus</strong></span> <span class='ocrx_word' id='word_1_27' title='bbox 1771 654 1836 708; x_wconf 89' lang='lat' dir='ltr'><strong>ad</strong></span> <span class='ocrx_word' id='word_1_28' title='bbox 1889 654 2066 722; x_wconf 83' lang='lat' dir='ltr'><strong>ipsum</strong></span> 
     </span>
    </p>
   </div>
   <div class='ocr_carea' id='block_1_7' title="bbox 493 744 2087 821">
    <p class='ocr_par' dir='ltr' id='par_1_7' title="bbox 493 748 2066 820">
     <span class='ocr_line' id='line_1_7' title="bbox 493 748 2066 820; baseline 0 -20"><span class='ocrx_word' id='word_1_29' title='bbox 493 749 769 803; x_wconf 82' lang='lat' dir='ltr'><strong>Atlantem</strong></span> <span class='ocrx_word' id='word_1_30' title='bbox 823 753 1164 820; x_wconf 83' lang='lat' dir='ltr'><strong>pervenisse.</strong></span> <span class='ocrx_word' id='word_1_31' title='bbox 1213 753 1338 807; x_wconf 73' lang='lat' dir='ltr'><strong>llaec</strong></span> <span class='ocrx_word' id='word_1_32' title='bbox 1397 754 1462 806; x_wconf 87' lang='lat' dir='ltr'><strong>de</strong></span> <span class='ocrx_word' id='word_1_33' title='bbox 1513 753 1636 806; x_wconf 84' lang='lat' dir='ltr'><strong>Nilo</strong></span> <span class='ocrx_word' id='word_1_34' title='bbox 1684 749 1820 804; x_wconf 87' lang='lat' dir='ltr'><strong>Dion</strong></span> <span class='ocrx_word' id='word_1_35' title='bbox 1877 748 2066 813; x_wconf 80' lang='lat' dir='ltr'><strong>refert,</strong></span> 
     </span>
    </p>
   </div>
   <div class='ocr_carea' id='block_1_8' title="bbox 2191 744 3725 821">
    <p class='ocr_par' dir='ltr' id='par_1_8' title="bbox 2191 744 3725 821">
     <span class='ocr_line' id='line_1_8' title="bbox 2191 744 3725 821; baseline 0.005 -26"><span class='ocrx_word' id='word_1_36' title='bbox 2191 744 2339 796; x_wconf 74' lang='grc' dir='ltr'>ιὺῖὸν</span> <span class='ocrx_word' id='word_1_37' title='bbox 2380 744 2531 815; x_wconf 71' lang='grc' dir='ltr'>παρὰ</span> <span class='ocrx_word' id='word_1_38' title='bbox 2579 745 2688 796; x_wconf 88' lang='grc' dir='ltr'><strong>τῶν</strong></span> <span class='ocrx_word' id='word_1_39' title='bbox 2741 746 2989 815; x_wconf 77' lang='grc' dir='ltr'><strong>ποιητῶν</strong></span> <span class='ocrx_word' id='word_1_40' title='bbox 3025 747 3293 818; x_wconf 78' lang='grc' dir='ltr'>κληθῆναι</span> <span class='ocrx_word' id='word_1_41' title='bbox 3340 749 3438 802; x_wconf 80' lang='grc' dir='ltr'>τοῦ</span> <span class='ocrx_word' id='word_1_42' title='bbox 3493 750 3725 821; x_wconf 74' lang='grc' dir='ltr'>οὐρανοῦ.</span> 
     </span>
    </p>
   </div>
   <div class='ocr_carea' id='block_1_9' title="bbox 493 834 2087 917">
    <p class='ocr_par' dir='ltr' id='par_1_9' title="bbox 493 839 1780 898">
     <span class='ocr_line' id='line_1_9' title="bbox 493 839 1780 898; baseline 0.001 -6"><span class='ocrx_word' id='word_1_43' title='bbox 493 839 598 892; x_wconf 88' lang='lat' dir='ltr'><strong>etsi</strong></span> <span class='ocrx_word' id='word_1_44' title='bbox 639 841 727 894; x_wconf 85' lang='lat' dir='ltr'><strong>alii</strong></span> <span class='ocrx_word' id='word_1_45' title='bbox 762 841 976 897; x_wconf 90' lang='lat' dir='ltr'><strong>diversa</strong></span> <span class='ocrx_word' id='word_1_46' title='bbox 1005 844 1195 898; x_wconf 88' lang='lat' dir='ltr'><strong>eadem</strong></span> <span class='ocrx_word' id='word_1_47' title='bbox 1227 844 1294 898; x_wconf 91' lang='lat' dir='ltr'><strong>de</strong></span> <span class='ocrx_word' id='word_1_48' title='bbox 1324 860 1382 897; x_wconf 82' lang='lat' dir='ltr'><strong>re</strong></span> <span class='ocrx_word' id='word_1_49' title='bbox 1412 843 1780 897; x_wconf 88' lang='lat' dir='ltr'><strong>tradiderunt.</strong></span> 
     </span>
    </p>
   </div>
   <div class='ocr_carea' id='block_1_10' title="bbox 2191 834 3727 917">
    <p class='ocr_par' dir='ltr' id='par_1_10' title="bbox 2191 834 3727 917">
     <span class='ocr_line' id='line_1_10' title="bbox 2191 834 3727 917; baseline 0.005 -31"><span class='ocrx_word' id='word_1_50' title='bbox 2191 836 2330 905; x_wconf 61' lang='lat' dir='ltr'><strong>“ﬁta</strong></span> <span class='ocrx_word' id='word_1_51' title='bbox 2362 836 2467 904; x_wconf 69' lang='grc' dir='ltr'><strong>γὰρ</strong></span> <span class='ocrx_word' id='word_1_52' title='bbox 2493 834 2761 906; x_wconf 70' lang='grc' dir='ltr'>ἀναϐῆναί</span> <span class='ocrx_word' id='word_1_53' title='bbox 2786 836 2909 889; x_wconf 75' lang='grc' dir='ltr'>τινα</span> <span class='ocrx_word' id='word_1_54' title='bbox 2935 852 3065 890; x_wconf 90' lang='grc' dir='ltr'>ποτε</span> <span class='ocrx_word' id='word_1_55' title='bbox 3094 842 3173 903; x_wconf 82' lang='grc' dir='ltr'>εἰς</span> <span class='ocrx_word' id='word_1_56' title='bbox 3201 839 3372 917; x_wconf 83' lang='grc' dir='ltr'>ἄκρον</span> <span class='ocrx_word' id='word_1_57' title='bbox 3403 842 3586 905; x_wconf 74' lang='grc' dir='ltr'>αὐτοῦ,</span> <span class='ocrx_word' id='word_1_58' title='bbox 3614 840 3727 912; x_wconf 79' lang='grc' dir='ltr'>μήτ’</span> 
     </span>
    </p>
   </div>
   <div class='ocr_carea' id='block_1_11' title="bbox 499 922 3730 1005">
    <p class='ocr_par' dir='ltr' id='par_1_11' title="bbox 499 922 3730 1005">
     <span class='ocr_line' id='line_1_11' title="bbox 499 922 3730 1005; baseline 0.002 -22"><span class='ocrx_word' id='word_1_59' title='bbox 499 930 705 984; x_wconf 72' lang='grc' dir='ltr'>ίδὲσθαι</span> <span class='ocrx_word' id='word_1_60' title='bbox 743 935 841 993; x_wconf 83' lang='grc' dir='ltr'>τὰς</span> <span class='ocrx_word' id='word_1_61' title='bbox 872 933 1040 988; x_wconf 78' lang='grc' dir='ltr'>αὐτοῦ</span> <span class='ocrx_word' id='word_1_62' title='bbox 1089 937 1331 1005; x_wconf 60' lang='grc' dir='ltr'>κορυφὰς</span> <span class='ocrx_word' id='word_1_63' title='bbox 1382 937 1559 1005; x_wconf 74' lang='grc' dir='ltr'>χιόνος</span> <span class='ocrx_word' id='word_1_64' title='bbox 1599 931 1688 988; x_wconf 77' lang='grc' dir='ltr'><strong>ἀεὶ</strong></span> <span class='ocrx_word' id='word_1_65' title='bbox 1727 929 2061 1000; x_wconf 75' lang='grc' dir='ltr'>πληθούσας,</span> <span class='ocrx_word' id='word_1_66' title='bbox 2103 927 2160 994; x_wconf 81' lang='grc' dir='ltr'><strong>ἐξ</strong></span> <span class='ocrx_word' id='word_1_67' title='bbox 2195 922 2260 997; x_wconf 76' lang='grc' dir='ltr'>ἧς</span> <span class='ocrx_word' id='word_1_68' title='bbox 2299 925 2435 977; x_wconf 74' lang='grc' dir='ltr'>πολὺ</span> <span class='ocrx_word' id='word_1_69' title='bbox 2501 929 2801 997; x_wconf 70' lang='grc' dir='ltr'>καταρρεῖν</span> <span class='ocrx_word' id='word_1_70' title='bbox 2863 928 2924 981; x_wconf 80' lang='grc' dir='ltr'><strong>τὸ</strong></span> <span class='ocrx_word' id='word_1_71' title='bbox 2957 927 3101 1000; x_wconf 74' lang='grc' dir='ltr'><strong>ὕδωρ</strong></span> <span class='ocrx_word' id='word_1_72' title='bbox 3169 932 3275 985; x_wconf 76' lang='grc' dir='ltr'><strong>ὑπὸ</strong></span> <span class='ocrx_word' id='word_1_73' title='bbox 3321 934 3382 984; x_wconf 80' lang='grc' dir='ltr'>τὸ</span> <span class='ocrx_word' id='word_1_74' title='bbox 3433 933 3602 1002; x_wconf 79' lang='grc' dir='ltr'>θέρος·</span> <span class='ocrx_word' id='word_1_75' title='bbox 3648 938 3730 989; x_wconf 76' lang='grc' dir='ltr'>καὶ</span> 
     </span>
    </p>
   </div>
   <div class='ocr_carea' id='block_1_12' title="bbox 494 1022 3724 1098">
    <p class='ocr_par' dir='ltr' id='par_1_12' title="bbox 494 1022 3724 1098">
     <span class='ocr_line' id='line_1_12' title="bbox 494 1022 3724 1098; baseline -0.001 -18"><span class='ocrx_word' id='word_1_76' title='bbox 494 1027 582 1082; x_wconf 71' lang='grc' dir='ltr'>διὰ</span> <span class='ocrx_word' id='word_1_77' title='bbox 623 1031 780 1084; x_wconf 83' lang='grc' dir='ltr'>τοῦτο</span> <span class='ocrx_word' id='word_1_78' title='bbox 813 1032 933 1084; x_wconf 86' lang='grc' dir='ltr'>τότε</span> <span class='ocrx_word' id='word_1_79' title='bbox 965 1031 1058 1084; x_wconf 80' lang='grc' dir='ltr'><strong>τὸν</strong></span> <span class='ocrx_word' id='word_1_80' title='bbox 1099 1032 1292 1084; x_wconf 84' lang='grc' dir='ltr'>Νεῖλον</span> <span class='ocrx_word' id='word_1_81' title='bbox 1331 1030 1700 1098; x_wconf 66' lang='grc' dir='ltr'><strong>πληθύνεσθαι</strong></span> <span class='ocrx_word' id='word_1_82' title='bbox 1748 1028 1919 1092; x_wconf 81' lang='grc' dir='ltr'>λέγει,</span> <span class='ocrx_word' id='word_1_83' title='bbox 1966 1023 2059 1079; x_wconf 75' lang='grc' dir='ltr'><strong>καὶ</strong></span> <span class='ocrx_word' id='word_1_84' title='bbox 2095 1024 2268 1076; x_wconf 81' lang='grc' dir='ltr'>ταῦτα</span> <span class='ocrx_word' id='word_1_85' title='bbox 2335 1022 2630 1093; x_wconf 83' lang='grc' dir='ltr'>Ῥωμαίοις</span> <span class='ocrx_word' id='word_1_86' title='bbox 2677 1024 3056 1095; x_wconf 77' lang='grc' dir='ltr'>ἁκριϐωθῆναι</span> <span class='ocrx_word' id='word_1_87' title='bbox 3140 1027 3202 1077; x_wconf 85' lang='grc' dir='ltr'><strong>ἐκ</strong></span> <span class='ocrx_word' id='word_1_88' title='bbox 3254 1024 3366 1076; x_wconf 84' lang='grc' dir='ltr'><strong>τῶν</strong></span> <span class='ocrx_word' id='word_1_89' title='bbox 3449 1026 3543 1093; x_wconf 75' lang='grc' dir='ltr'>τῆς</span> <span class='ocrx_word' id='word_1_90' title='bbox 3589 1042 3724 1079; x_wconf 84' lang='grc' dir='ltr'>κατω</span> 
     </span>
    </p>
   </div>
   <div class='ocr_carea' id='block_1_13' title="bbox 494 1115 3707 1193">
    <p class='ocr_par' dir='ltr' id='par_1_13' title="bbox 494 1115 3707 1193">
     <span class='ocr_line' id='line_1_13' title="bbox 494 1115 3707 1193; baseline -0 -20"><span class='ocrx_word' id='word_1_91' title='bbox 494 1121 871 1190; x_wconf 83' lang='grc' dir='ltr'>Μαυριτανίας</span> <span class='ocrx_word' id='word_1_92' title='bbox 897 1121 1565 1193; x_wconf 71' lang='grc' dir='ltr'>ἁνθρῶπων,προσι.ίκων</span> <span class='ocrx_word' id='word_1_93' title='bbox 1639 1121 1811 1174; x_wconf 72' lang='grc' dir='ltr'>ὅντων</span> <span class='ocrx_word' id='word_1_94' title='bbox 1865 1121 1931 1189; x_wconf 77' lang='grc' dir='ltr'>τῇ</span> <span class='ocrx_word' id='word_1_95' title='bbox 2009 1115 2383 1180; x_wconf 76' lang='grc' dir='ltr'>Μακεννίτιδι,</span> <span class='ocrx_word' id='word_1_96' title='bbox 2445 1117 2539 1168; x_wconf 79' lang='grc' dir='ltr'><strong>καὶ</strong></span> <span class='ocrx_word' id='word_1_97' title='bbox 2605 1118 2835 1180; x_wconf 75' lang='grc' dir='ltr'>πολλοὺς</span> <span class='ocrx_word' id='word_1_98' title='bbox 2911 1121 3018 1170; x_wconf 80' lang='grc' dir='ltr'><strong>τῶν</strong></span> <span class='ocrx_word' id='word_1_99' title='bbox 3065 1117 3181 1170; x_wconf 81' lang='grc' dir='ltr'>ἐκεῖ</span> <span class='ocrx_word' id='word_1_100' title='bbox 3261 1123 3707 1188; x_wconf 76' lang='grc' dir='ltr'>στρατευσαμένω</span> 
     </span>
    </p>
   </div>
   <div class='ocr_carea' id='block_1_14' title="bbox 509 1205 3730 1285">
    <p class='ocr_par' dir='ltr' id='par_1_14' title="bbox 509 1205 3730 1285">
     <span class='ocr_line' id='line_1_14' title="bbox 509 1205 3730 1285; baseline -0.001 -15"><span class='ocrx_word' id='word_1_101' title='bbox 509 1216 792 1285; x_wconf 79' lang='grc' dir='ltr'>Ῥωμαίων</span> <span class='ocrx_word' id='word_1_102' title='bbox 829 1217 1126 1284; x_wconf 67' lang='grc' dir='ltr'>ἀφικέσθαι</span> <span class='ocrx_word' id='word_1_103' title='bbox 1169 1217 1418 1281; x_wconf 73' lang='grc' dir='ltr'>καὶπρὸς</span> <span class='ocrx_word' id='word_1_104' title='bbox 1455 1217 1544 1268; x_wconf 77' lang='grc' dir='ltr'><strong>τὸν</strong></span> <span class='ocrx_word' id='word_1_105' title='bbox 1578 1213 1871 1269; x_wconf 72' lang='grc' dir='ltr'><strong>ΙἌτλαντα.</strong></span> <span class='ocrx_word' id='word_1_106' title='bbox 1937 1207 2129 1263; x_wconf 75' lang='grc' dir='ltr'>Ταῦτα</span> <span class='ocrx_word' id='word_1_107' title='bbox 2191 1207 2292 1280; x_wconf 81' lang='grc' dir='ltr'><strong>μὲν</strong></span> <span class='ocrx_word' id='word_1_108' title='bbox 2361 1205 2454 1263; x_wconf 79' lang='grc' dir='ltr'>οὖν</span> <span class='ocrx_word' id='word_1_109' title='bbox 2521 1211 2651 1278; x_wconf 74' lang='grc' dir='ltr'>περὶ</span> <span class='ocrx_word' id='word_1_110' title='bbox 2680 1211 2773 1263; x_wconf 80' lang='grc' dir='ltr'>τοῦ</span> <span class='ocrx_word' id='word_1_111' title='bbox 2805 1210 2998 1264; x_wconf 80' lang='grc' dir='ltr'>Νείλου</span> <span class='ocrx_word' id='word_1_112' title='bbox 3025 1211 3103 1281; x_wconf 83' lang='grc' dir='ltr'>τῷ</span> <span class='ocrx_word' id='word_1_113' title='bbox 3126 1210 3310 1274; x_wconf 76' lang='grc' dir='ltr'>Δίωνι,</span> <span class='ocrx_word' id='word_1_114' title='bbox 3339 1214 3389 1265; x_wconf 81' lang='grc' dir='ltr'><strong>εί</strong></span> <span class='ocrx_word' id='word_1_115' title='bbox 3441 1215 3534 1266; x_wconf 84' lang='grc' dir='ltr'>καὶ</span> <span class='ocrx_word' id='word_1_116' title='bbox 3567 1214 3730 1279; x_wconf 76' lang='grc' dir='ltr'>ἄλλοις</span> 
     </span>
    </p>
   </div>
   <div class='ocr_carea' id='block_1_15' title="bbox 3070 477 3716 549">
    <p class='ocr_par' dir='ltr' id='par_1_15' title="bbox 3070 477 3716 549">
     <span class='ocr_line' id='line_1_15' title="bbox 3070 477 3716 549; baseline 0.011 -22"><span class='ocrx_word' id='word_1_117' title='bbox 3070 477 3136 546; x_wconf 79' lang='grc' dir='ltr'>τῇ</span> <span class='ocrx_word' id='word_1_118' title='bbox 3191 477 3539 532; x_wconf 75' lang='grc' dir='ltr'>Μακεννίτιδι</span> <span class='ocrx_word' id='word_1_119' title='bbox 3603 483 3716 549; x_wconf 47' lang='grc' dir='ltr'>παρ’</span> 
     </span>
    </p>
   </div>
   <div class='ocr_carea' id='block_1_16' title="bbox 2177 562 3722 639">
    <p class='ocr_par' dir='ltr' id='par_1_16' title="bbox 2177 562 3722 639">
     <span class='ocr_line' id='line_1_16' title="bbox 2177 562 3722 639; baseline 0.005 -25"><span class='ocrx_word' id='word_1_120' title='bbox 2177 562 2327 632; x_wconf 79' lang='grc' dir='ltr'>αὐτῷ</span> <span class='ocrx_word' id='word_1_121' title='bbox 2358 562 2436 633; x_wconf 83' lang='grc' dir='ltr'><strong>τῷ</strong></span> <span class='ocrx_word' id='word_1_122' title='bbox 2473 563 2715 632; x_wconf 79' lang='grc' dir='ltr'>Ὠκεανῷ</span> <span class='ocrx_word' id='word_1_123' title='bbox 2748 563 2879 634; x_wconf 76' lang='grc' dir='ltr'>πρὸς</span> <span class='ocrx_word' id='word_1_124' title='bbox 2915 565 3181 636; x_wconf 76' lang='grc' dir='ltr'>ἑσπέραν,</span> <span class='ocrx_word' id='word_1_125' title='bbox 3240 569 3335 620; x_wconf 70' lang='grc' dir='ltr'><strong>καὶ</strong></span> <span class='ocrx_word' id='word_1_126' title='bbox 3383 567 3524 639; x_wconf 81' lang='grc' dir='ltr'>ὁρῶν</span> <span class='ocrx_word' id='word_1_127' title='bbox 3569 571 3722 624; x_wconf 55' lang='lat' dir='ltr'><strong>indv-</strong></span> 
     </span>
    </p>
   </div>
   <div class='ocr_carea' id='block_1_17' title="bbox 2176 655 3724 730">
    <p class='ocr_par' dir='ltr' id='par_1_17' title="bbox 2176 655 3724 730">
     <span class='ocr_line' id='line_1_17' title="bbox 2176 655 3724 730; baseline 0.005 -23"><span class='ocrx_word' id='word_1_128' title='bbox 2176 674 2284 708; x_wconf 80' lang='grc' dir='ltr'>των</span> <span class='ocrx_word' id='word_1_129' title='bbox 2322 655 2814 725; x_wconf 79' lang='grc' dir='ltr'>ὑπερανίστασθαι,</span> <span class='ocrx_word' id='word_1_130' title='bbox 2871 655 3010 710; x_wconf 84' lang='grc' dir='ltr'>ὥστε</span> <span class='ocrx_word' id='word_1_131' title='bbox 3043 659 3133 711; x_wconf 69' lang='grc' dir='ltr'>διὰ</span> <span class='ocrx_word' id='word_1_132' title='bbox 3181 661 3238 712; x_wconf 62' lang='grc' dir='ltr'>τῗν</span> <span class='ocrx_word' id='word_1_133' title='bbox 3273 659 3409 730; x_wconf 62' lang='grc' dir='ltr'>ὕψος</span> <span class='ocrx_word' id='word_1_134' title='bbox 3452 662 3543 713; x_wconf 72' lang='grc' dir='ltr'><strong>καὶ</strong></span> <span class='ocrx_word' id='word_1_135' title='bbox 3590 665 3724 716; x_wconf 80' lang='grc' dir='ltr'>κίονα</span> 
     </span>
    </p>
   </div>
   <div class='ocr_carea' id='block_1_18' title="bbox 497 1305 1607 1379">
    <p class='ocr_par' dir='ltr' id='par_1_18' title="bbox 497 1305 1607 1379">
     <span class='ocr_line' id='line_1_18' title="bbox 497 1305 1607 1379; baseline 0 -19"><span class='ocrx_word' id='word_1_136' title='bbox 497 1309 616 1378; x_wconf 83' lang='grc' dir='ltr'>οὐχ’</span> <span class='ocrx_word' id='word_1_137' title='bbox 641 1307 783 1360; x_wconf 76' lang='grc' dir='ltr'>οὕτω</span> <span class='ocrx_word' id='word_1_138' title='bbox 807 1306 875 1360; x_wconf 75' lang='grc' dir='ltr'><strong>τὰ</strong></span> <span class='ocrx_word' id='word_1_139' title='bbox 910 1308 1038 1376; x_wconf 73' lang='grc' dir='ltr'>περὶ</span> <span class='ocrx_word' id='word_1_140' title='bbox 1071 1305 1264 1360; x_wconf 79' lang='grc' dir='ltr'>τούτου</span> <span class='ocrx_word' id='word_1_141' title='bbox 1305 1307 1607 1379; x_wconf 76' lang='grc' dir='ltr'><strong>ἱστόρηται.</strong></span> 
     </span>
    </p>
   </div>
   <div class='ocr_carea' id='block_1_19' title="bbox 571 1399 2080 1473">
    <p class='ocr_par' dir='ltr' id='par_1_19' title="bbox 571 1399 2080 1473">
     <span class='ocr_line' id='line_1_19' title="bbox 571 1399 2080 1473; baseline -0.007 -13"><span class='ocrx_word' id='word_1_142' title='bbox 571 1405 636 1460; x_wconf 81' lang='grc' dir='ltr'>Χ.</span> <span class='ocrx_word' id='word_1_143' title='bbox 680 1404 948 1460; x_wconf 72' lang='lat' dir='ltr'><strong>Caeterum</strong></span> <span class='ocrx_word' id='word_1_144' title='bbox 979 1404 1301 1458; x_wconf 84' lang='lat' dir='ltr'><strong>Plautianus</strong></span> <span class='ocrx_word' id='word_1_145' title='bbox 1331 1404 1646 1473; x_wconf 65' lang='lat' dir='ltr'><strong>pra-lectus,</strong></span> <span class='ocrx_word' id='word_1_146' title='bbox 1693 1399 1906 1471; x_wconf 85' lang='lat' dir='ltr'><strong>imperii</strong></span> <span class='ocrx_word' id='word_1_147' title='bbox 1940 1410 2080 1468; x_wconf 87' lang='lat' dir='ltr'><strong>pene</strong></span> 
     </span>
    </p>
   </div>
   <div class='ocr_carea' id='block_1_20' title="bbox 500 1485 2083 1560">
    <p class='ocr_par' dir='ltr' id='par_1_20' title="bbox 500 1485 2083 1560">
     <span class='ocr_line' id='line_1_20' title="bbox 500 1485 2083 1560; baseline -0.006 -13"><span class='ocrx_word' id='word_1_148' title='bbox 500 1507 627 1548; x_wconf 81' lang='lat' dir='ltr'><strong>cum</strong></span> <span class='ocrx_word' id='word_1_149' title='bbox 676 1491 882 1546; x_wconf 79' lang='lat' dir='ltr'><strong>Severo</strong></span> <span class='ocrx_word' id='word_1_150' title='bbox 932 1492 1210 1560; x_wconf 80' lang='lat' dir='ltr'><strong>particeps</strong></span> <span class='ocrx_word' id='word_1_151' title='bbox 1239 1501 1293 1544; x_wconf 90' lang='lat' dir='ltr'><strong>et</strong></span> <span class='ocrx_word' id='word_1_152' title='bbox 1334 1506 1544 1544; x_wconf 88' lang='lat' dir='ltr'><strong>summa</strong></span> <span class='ocrx_word' id='word_1_153' title='bbox 1581 1498 1862 1560; x_wconf 81' lang='lat' dir='ltr'><strong>potestate</strong></span> <span class='ocrx_word' id='word_1_154' title='bbox 1895 1485 2083 1540; x_wconf 86' lang='lat' dir='ltr'><strong>subni—</strong></span> 
     </span>
    </p>
   </div>
   <div class='ocr_carea' id='block_1_21' title="bbox 502 1580 2083 1651">
    <p class='ocr_par' dir='ltr' id='par_1_21' title="bbox 502 1580 2083 1651">
     <span class='ocr_line' id='line_1_21' title="bbox 502 1580 2083 1651; baseline -0.006 -12"><span class='ocrx_word' id='word_1_155' title='bbox 502 1601 643 1651; x_wconf 83' lang='lat' dir='ltr'><strong>xus,</strong></span> <span class='ocrx_word' id='word_1_156' title='bbox 682 1583 884 1637; x_wconf 88' lang='lat' dir='ltr'><strong>multos</strong></span> <span class='ocrx_word' id='word_1_157' title='bbox 942 1583 1120 1635; x_wconf 87' lang='lat' dir='ltr'><strong>claros</strong></span> <span class='ocrx_word' id='word_1_158' title='bbox 1178 1583 1327 1636; x_wconf 87' lang='lat' dir='ltr'><strong>viros</strong></span> <span class='ocrx_word' id='word_1_159' title='bbox 1382 1591 1436 1635; x_wconf 89' lang='lat' dir='ltr'><strong>et</strong></span> <span class='ocrx_word' id='word_1_160' title='bbox 1467 1583 1582 1651; x_wconf 90' lang='lat' dir='ltr'><strong>pari</strong></span> <span class='ocrx_word' id='word_1_161' title='bbox 1638 1580 1905 1651; x_wconf 80' lang='lat' dir='ltr'><strong>dignitate</strong></span> <span class='ocrx_word' id='word_1_162' title='bbox 1947 1595 2083 1648; x_wconf 68' lang='lat' dir='ltr'><strong>pra:-</strong></span> 
     </span>
    </p>
   </div>
   <div class='ocr_carea' id='block_1_22' title="bbox 501 1668 2080 1743">
    <p class='ocr_par' dir='ltr' id='par_1_22' title="bbox 501 1668 2080 1743">
     <span class='ocr_line' id='line_1_22' title="bbox 501 1668 2080 1743; baseline -0.006 -14"><span class='ocrx_word' id='word_1_163' title='bbox 501 1676 646 1730; x_wconf 88' lang='lat' dir='ltr'><strong>ditos</strong></span> <span class='ocrx_word' id='word_1_164' title='bbox 684 1673 995 1727; x_wconf 78' lang='lat' dir='ltr'><strong>interfecit:</strong></span> <span class='ocrx_word' id='word_1_165' title='bbox 1045 1681 1099 1727; x_wconf 91' lang='lat' dir='ltr'><strong>et</strong></span> <span class='ocrx_word' id='word_1_166' title='bbox 1132 1689 1240 1743; x_wconf 75' lang='lat' dir='ltr'><strong>prae</strong></span> <span class='ocrx_word' id='word_1_167' title='bbox 1267 1672 1558 1726; x_wconf 82' lang='lat' dir='ltr'><strong>insatiabili</strong></span> <span class='ocrx_word' id='word_1_168' title='bbox 1590 1671 1818 1724; x_wconf 86' lang='lat' dir='ltr'><strong>avaritia</strong></span> <span class='ocrx_word' id='word_1_169' title='bbox 1851 1668 1918 1721; x_wconf 90' lang='lat' dir='ltr'><strong>ab</strong></span> <span class='ocrx_word' id='word_1_170' title='bbox 1957 1681 2080 1720; x_wconf 86' lang='lat' dir='ltr'><strong>om-</strong></span> 
     </span>
    </p>
   </div>
   <div class='ocr_carea' id='block_1_23' title="bbox 2251 1393 3730 1470">
    <p class='ocr_par' dir='ltr' id='par_1_23' title="bbox 2251 1393 3730 1470">
     <span class='ocr_line' id='line_1_23' title="bbox 2251 1393 3730 1470; baseline 0.005 -25"><span class='ocrx_word' id='word_1_171' title='bbox 2251 1394 2307 1448; x_wconf 83' lang='lat' dir='ltr'><strong>l&#39;.</strong></span> <span class='ocrx_word' id='word_1_172' title='bbox 2354 1393 2691 1456; x_wconf 77' lang='grc' dir='ltr'>Πλαυτιανὸς</span> <span class='ocrx_word' id='word_1_173' title='bbox 2722 1393 2778 1448; x_wconf 82' lang='grc' dir='ltr'><strong>δὲ</strong></span> <span class='ocrx_word' id='word_1_174' title='bbox 2839 1395 3338 1464; x_wconf 77' lang='grc' dir='ltr'>παραδυναστεὺων</span> <span class='ocrx_word' id='word_1_175' title='bbox 3386 1397 3462 1468; x_wconf 83' lang='grc' dir='ltr'>τῷ</span> <span class='ocrx_word' id='word_1_176' title='bbox 3511 1400 3730 1470; x_wconf 77' lang='grc' dir='ltr'>Σευήρῳ,</span> 
     </span>
    </p>
   </div>
   <div class='ocr_carea' id='block_1_24' title="bbox 2178 1485 3730 1557">
    <p class='ocr_par' dir='ltr' id='par_1_24' title="bbox 2178 1485 3730 1557">
     <span class='ocr_line' id='line_1_24' title="bbox 2178 1485 3730 1557; baseline 0.004 -19"><span class='ocrx_word' id='word_1_177' title='bbox 2178 1485 2273 1538; x_wconf 71' lang='grc' dir='ltr'>καὶ</span> <span class='ocrx_word' id='word_1_178' title='bbox 2298 1486 2404 1556; x_wconf 76' lang='grc' dir='ltr'>τὴν</span> <span class='ocrx_word' id='word_1_179' title='bbox 2437 1485 2742 1555; x_wconf 78' lang='grc' dir='ltr'>ἐπαρχικὴν</span> <span class='ocrx_word' id='word_1_180' title='bbox 2777 1487 2916 1555; x_wconf 77' lang='grc' dir='ltr'><strong>ἔχων</strong></span> <span class='ocrx_word' id='word_1_181' title='bbox 2943 1486 3214 1551; x_wconf 77' lang='grc' dir='ltr'>ἐξουσίαν,</span> <span class='ocrx_word' id='word_1_182' title='bbox 3250 1489 3346 1540; x_wconf 80' lang='grc' dir='ltr'>καὶ</span> <span class='ocrx_word' id='word_1_183' title='bbox 3393 1489 3617 1557; x_wconf 83' lang='grc' dir='ltr'>μέγιστα</span> <span class='ocrx_word' id='word_1_184' title='bbox 3650 1493 3730 1545; x_wconf 84' lang='grc' dir='ltr'><strong>δυ-</strong></span> 
     </span>
    </p>
   </div>
   <div class='ocr_carea' id='block_1_25' title="bbox 2182 1576 3733 1648">
    <p class='ocr_par' dir='ltr' id='par_1_25' title="bbox 2182 1576 3733 1648">
     <span class='ocr_line' id='line_1_25' title="bbox 2182 1576 3733 1648; baseline 0.005 -20"><span class='ocrx_word' id='word_1_185' title='bbox 2182 1576 2388 1645; x_wconf 76' lang='grc' dir='ltr'>νηθεὶς,</span> <span class='ocrx_word' id='word_1_186' title='bbox 2421 1576 2648 1637; x_wconf 78' lang='grc' dir='ltr'>πολλοὺς</span> <span class='ocrx_word' id='word_1_187' title='bbox 2698 1576 2805 1628; x_wconf 84' lang='grc' dir='ltr'><strong>τῶν</strong></span> <span class='ocrx_word' id='word_1_188' title='bbox 2854 1577 3158 1648; x_wconf 79' lang='grc' dir='ltr'>ἐλλογίμων</span> <span class='ocrx_word' id='word_1_189' title='bbox 3193 1577 3407 1648; x_wconf 80' lang='grc' dir='ltr'>ἀνδρῶν</span> <span class='ocrx_word' id='word_1_190' title='bbox 3450 1583 3539 1632; x_wconf 68' lang='grc' dir='ltr'><strong>καὶ</strong></span> <span class='ocrx_word' id='word_1_191' title='bbox 3574 1583 3733 1648; x_wconf 83' lang='grc' dir='ltr'>ὁμοτί-</span> 
     </span>
    </p>
   </div>
   <div class='ocr_carea' id='block_1_26' title="bbox 2185 1669 3731 1743">
    <p class='ocr_par' dir='ltr' id='par_1_26' title="bbox 2185 1669 3731 1743">
     <span class='ocr_line' id='line_1_26' title="bbox 2185 1669 3731 1743; baseline 0.005 -22"><span class='ocrx_word' id='word_1_192' title='bbox 2185 1687 2300 1738; x_wconf 85' lang='grc' dir='ltr'><strong>μων</strong></span> <span class='ocrx_word' id='word_1_193' title='bbox 2332 1669 2481 1739; x_wconf 65' lang='grc' dir='ltr'>αὖτῷ</span> <span class='ocrx_word' id='word_1_194' title='bbox 2509 1669 2870 1724; x_wconf 72' lang='grc' dir='ltr'>ἐθανάτωσεν.</span> <span class='ocrx_word' id='word_1_195' title='bbox 2911 1671 3220 1741; x_wconf 76' lang='grc' dir='ltr'>’Λπληστος</span> <span class='ocrx_word' id='word_1_196' title='bbox 3247 1672 3305 1724; x_wconf 78' lang='grc' dir='ltr'><strong>δὲ</strong></span> <span class='ocrx_word' id='word_1_197' title='bbox 3339 1671 3417 1724; x_wconf 84' lang='grc' dir='ltr'><strong>ῶν</strong></span> <span class='ocrx_word' id='word_1_198' title='bbox 3453 1675 3596 1743; x_wconf 68' lang='grc' dir='ltr'>παρὰ</span> <span class='ocrx_word' id='word_1_199' title='bbox 3617 1676 3731 1728; x_wconf 70' lang='grc' dir='ltr'>πᾶν·</span> 
     </span>
    </p>
   </div>
   <div class='ocr_carea' id='block_1_27' title="bbox 502 1761 2087 1854">
    <p class='ocr_par' dir='ltr' id='par_1_27' title="bbox 502 1761 2075 1834">
     <span class='ocr_line' id='line_1_27' title="bbox 502 1761 2075 1834; baseline -0.006 -13"><span class='ocrx_word' id='word_1_200' title='bbox 502 1768 668 1821; x_wconf 87' lang='lat' dir='ltr'><strong>nibus</strong></span> <span class='ocrx_word' id='word_1_201' title='bbox 715 1765 921 1834; x_wconf 88' lang='lat' dir='ltr'><strong>aliquid</strong></span> <span class='ocrx_word' id='word_1_202' title='bbox 972 1764 1243 1834; x_wconf 77' lang='lat' dir='ltr'><strong>ﬂagitans,</strong></span> <span class='ocrx_word' id='word_1_203' title='bbox 1296 1780 1475 1833; x_wconf 85' lang='lat' dir='ltr'><strong>neque</strong></span> <span class='ocrx_word' id='word_1_204' title='bbox 1521 1761 1860 1833; x_wconf 79' lang='lat' dir='ltr'><strong>provinciam</strong></span> <span class='ocrx_word' id='word_1_205' title='bbox 1897 1773 2075 1828; x_wconf 88' lang='lat' dir='ltr'><strong>neque</strong></span> 
     </span>
    </p>
   </div>
   <div class='ocr_carea' id='block_1_28' title="bbox 2191 1761 3732 1854">
    <p class='ocr_par' dir='ltr' id='par_1_28' title="bbox 2191 1761 3732 1835">
     <span class='ocr_line' id='line_1_28' title="bbox 2191 1761 3732 1835; baseline 0.004 -21"><span class='ocrx_word' id='word_1_206' title='bbox 2191 1779 2286 1815; x_wconf 78' lang='grc' dir='ltr'>των</span> <span class='ocrx_word' id='word_1_207' title='bbox 2316 1761 2454 1833; x_wconf 74' lang='grc' dir='ltr'>ᾔτει,</span> <span class='ocrx_word' id='word_1_208' title='bbox 2508 1763 2598 1815; x_wconf 74' lang='grc' dir='ltr'><strong>καὶ</strong></span> <span class='ocrx_word' id='word_1_209' title='bbox 2638 1763 2759 1814; x_wconf 73' lang='grc' dir='ltr'>οὔτε</span> <span class='ocrx_word' id='word_1_210' title='bbox 2825 1762 2977 1824; x_wconf 80' lang='grc' dir='ltr'>ἔθνος</span> <span class='ocrx_word' id='word_1_211' title='bbox 3015 1764 3125 1834; x_wconf 67' lang='grc'><strong>(54)</strong></span> <span class='ocrx_word' id='word_1_212' title='bbox 3170 1762 3294 1817; x_wconf 71' lang='grc' dir='ltr'>οὔτε</span> <span class='ocrx_word' id='word_1_213' title='bbox 3339 1765 3493 1818; x_wconf 81' lang='grc' dir='ltr'>πόλιν</span> <span class='ocrx_word' id='word_1_214' title='bbox 3544 1767 3732 1835; x_wconf 77' lang='grc' dir='ltr'>ἀφῆκεν</span> 
     </span>
    </p>
   </div>
   <div class='ocr_carea' id='block_1_29' title="bbox 506 1848 2076 1923">
    <p class='ocr_par' dir='ltr' id='par_1_29' title="bbox 506 1848 2076 1923">
     <span class='ocr_line' id='line_1_29' title="bbox 506 1848 2076 1923; baseline -0.006 -14"><span class='ocrx_word' id='word_1_215' title='bbox 506 1855 697 1909; x_wconf 83' lang='lat' dir='ltr'><strong>urbem</strong></span> <span class='ocrx_word' id='word_1_216' title='bbox 721 1855 882 1907; x_wconf 89' lang='lat' dir='ltr'><strong>ullam</strong></span> <span class='ocrx_word' id='word_1_217' title='bbox 902 1853 1273 1923; x_wconf 68' lang='lat' dir='ltr'><strong>praetermisit,</strong></span> <span class='ocrx_word' id='word_1_218' title='bbox 1300 1867 1462 1920; x_wconf 88' lang='lat' dir='ltr'><strong>quam</strong></span> <span class='ocrx_word' id='word_1_219' title='bbox 1491 1867 1598 1904; x_wconf 92' lang='lat' dir='ltr'><strong>non</strong></span> <span class='ocrx_word' id='word_1_220' title='bbox 1621 1851 1901 1918; x_wconf 74' lang='lat' dir='ltr'><strong>Spoliarct.</strong></span> <span class='ocrx_word' id='word_1_221' title='bbox 1920 1848 2076 1904; x_wconf 82' lang='lat' dir='ltr'><strong>Unde</strong></span> 
     </span>
    </p>
   </div>
   <div class='ocr_carea' id='block_1_30' title="bbox 501 1941 2076 2016">
    <p class='ocr_par' dir='ltr' id='par_1_30' title="bbox 501 1941 2076 2016">
     <span class='ocr_line' id='line_1_30' title="bbox 501 1941 2076 2016; baseline -0.008 -12"><span class='ocrx_word' id='word_1_222' title='bbox 501 1963 693 2004; x_wconf 85' lang='lat' dir='ltr'><strong>Omnes</strong></span> <span class='ocrx_word' id='word_1_223' title='bbox 717 1948 764 2001; x_wconf 88' lang='lat' dir='ltr'><strong>ei</strong></span> <span class='ocrx_word' id='word_1_224' title='bbox 787 1947 938 2016; x_wconf 84' lang='lat' dir='ltr'><strong>plura</strong></span> <span class='ocrx_word' id='word_1_225' title='bbox 969 1961 1128 2014; x_wconf 89' lang='lat' dir='ltr'><strong>quam</strong></span> <span class='ocrx_word' id='word_1_226' title='bbox 1149 1944 1250 2014; x_wconf 83' lang='lat' dir='ltr'><strong>ipsi</strong></span> <span class='ocrx_word' id='word_1_227' title='bbox 1280 1943 1482 1998; x_wconf 80' lang='lat' dir='ltr'><strong>Severo</strong></span> <span class='ocrx_word' id='word_1_228' title='bbox 1504 1943 1725 1996; x_wconf 87' lang='lat' dir='ltr'><strong>dabant.</strong></span> <span class='ocrx_word' id='word_1_229' title='bbox 1769 1941 1918 1996; x_wconf 86' lang='lat' dir='ltr'><strong>Idem</strong></span> <span class='ocrx_word' id='word_1_230' title='bbox 1941 1956 2076 1994; x_wconf 87' lang='lat' dir='ltr'><strong>cen-</strong></span> 
     </span>
    </p>
   </div>
   <div class='ocr_carea' id='block_1_31' title="bbox 505 2033 2085 2106">
    <p class='ocr_par' dir='ltr' id='par_1_31' title="bbox 505 2033 2085 2106">
     <span class='ocr_line' id='line_1_31' title="bbox 505 2033 2085 2106; baseline -0.006 -11"><span class='ocrx_word' id='word_1_231' title='bbox 505 2052 619 2096; x_wconf 89' lang='lat' dir='ltr'><strong>tum</strong></span> <span class='ocrx_word' id='word_1_232' title='bbox 656 2040 868 2094; x_wconf 86' lang='lat' dir='ltr'><strong>nobiles</strong></span> <span class='ocrx_word' id='word_1_233' title='bbox 911 2039 1207 2101; x_wconf 81' lang='lat' dir='ltr'><strong>Romanos,</strong></span> <span class='ocrx_word' id='word_1_234' title='bbox 1237 2053 1342 2089; x_wconf 90' lang='lat' dir='ltr'><strong>non</strong></span> <span class='ocrx_word' id='word_1_235' title='bbox 1370 2052 1570 2106; x_wconf 87' lang='lat' dir='ltr'><strong>pueros</strong></span> <span class='ocrx_word' id='word_1_236' title='bbox 1588 2036 1850 2089; x_wconf 53' lang='lat' dir='ltr'><strong>duntaxat</strong></span> <span class='ocrx_word' id='word_1_237' title='bbox 1872 2044 1926 2087; x_wconf 92' lang='lat' dir='ltr'><strong>et</strong></span> <span class='ocrx_word' id='word_1_238' title='bbox 1951 2033 2085 2087; x_wconf 82' lang='lat' dir='ltr'><strong>ado-</strong></span> 
     </span>
    </p>
   </div>
   <div class='ocr_carea' id='block_1_32' title="bbox 512 2127 2081 2195">
    <p class='ocr_par' dir='ltr' id='par_1_32' title="bbox 512 2127 2081 2195">
     <span class='ocr_line' id='line_1_32' title="bbox 512 2127 2081 2195; baseline -0.006 -7"><span class='ocrx_word' id='word_1_239' title='bbox 512 2134 806 2195; x_wconf 84' lang='lat' dir='ltr'><strong>lescentes,</strong></span> <span class='ocrx_word' id='word_1_240' title='bbox 845 2130 939 2185; x_wconf 87' lang='lat' dir='ltr'><strong>sed</strong></span> <span class='ocrx_word' id='word_1_241' title='bbox 985 2130 1208 2183; x_wconf 87' lang='lat' dir='ltr'><strong>maritos</strong></span> <span class='ocrx_word' id='word_1_242' title='bbox 1230 2132 1393 2182; x_wconf 83' lang='lat' dir='ltr'><strong>etiam</strong></span> <span class='ocrx_word' id='word_1_243' title='bbox 1437 2127 1715 2192; x_wconf 79' lang='lat' dir='ltr'><strong>castravit,</strong></span> <span class='ocrx_word' id='word_1_244' title='bbox 1742 2138 1801 2181; x_wconf 90' lang='lat' dir='ltr'><strong>ut</strong></span> <span class='ocrx_word' id='word_1_245' title='bbox 1832 2127 1994 2181; x_wconf 91' lang='lat' dir='ltr'><strong>iidem</strong></span> <span class='ocrx_word' id='word_1_246' title='bbox 2026 2134 2081 2179; x_wconf 93' lang='lat' dir='ltr'><strong>et</strong></span> 
     </span>
    </p>
   </div>
   <div class='ocr_carea' id='block_1_33' title="bbox 506 2217 2080 2291">
    <p class='ocr_par' dir='ltr' id='par_1_33' title="bbox 506 2217 2080 2291">
     <span class='ocr_line' id='line_1_33' title="bbox 506 2217 2080 2291; baseline -0.006 -12"><span class='ocrx_word' id='word_1_247' title='bbox 506 2226 612 2280; x_wconf 77' lang='lat' dir='ltr'><strong>viri</strong></span> <span class='ocrx_word' id='word_1_248' title='bbox 647 2233 700 2279; x_wconf 90' lang='lat' dir='ltr'><strong>et</strong></span> <span class='ocrx_word' id='word_1_249' title='bbox 731 2223 996 2289; x_wconf 82' lang='lat' dir='ltr'><strong>eunuchi,</strong></span> <span class='ocrx_word' id='word_1_250' title='bbox 1029 2231 1083 2276; x_wconf 88' lang='lat' dir='ltr'><strong>et</strong></span> <span class='ocrx_word' id='word_1_251' title='bbox 1112 2231 1295 2291; x_wconf 88' lang='lat' dir='ltr'><strong>patres</strong></span> <span class='ocrx_word' id='word_1_252' title='bbox 1333 2220 1672 2274; x_wconf 81' lang='lat' dir='ltr'><strong>intestabiles</strong></span> <span class='ocrx_word' id='word_1_253' title='bbox 1735 2219 1836 2290; x_wconf 92' lang='lat' dir='ltr'><strong>(ut</strong></span> <span class='ocrx_word' id='word_1_254' title='bbox 1883 2217 2080 2273; x_wconf 87' lang='lat' dir='ltr'><strong>comici</strong></span> 
     </span>
    </p>
   </div>
   <div class='ocr_carea' id='block_1_34' title="bbox 504 2310 2079 2384">
    <p class='ocr_par' dir='ltr' id='par_1_34' title="bbox 504 2310 2079 2384">
     <span class='ocr_line' id='line_1_34' title="bbox 504 2310 2079 2384; baseline -0.002 -16"><span class='ocrx_word' id='word_1_255' title='bbox 504 2315 674 2370; x_wconf 89' lang='lat' dir='ltr'><strong>verbo</strong></span> <span class='ocrx_word' id='word_1_256' title='bbox 710 2314 853 2384; x_wconf 91' lang='lat' dir='ltr'><strong>utar)</strong></span> <span class='ocrx_word' id='word_1_257' title='bbox 887 2322 944 2369; x_wconf 92' lang='lat' dir='ltr'><strong>et</strong></span> <span class='ocrx_word' id='word_1_258' title='bbox 973 2314 1194 2368; x_wconf 85' lang='lat' dir='ltr'><strong>castrati</strong></span> <span class='ocrx_word' id='word_1_259' title='bbox 1241 2313 1562 2384; x_wconf 87' lang='lat' dir='ltr'><strong>barbatique</strong></span> <span class='ocrx_word' id='word_1_260' title='bbox 1607 2310 2079 2381; x_wconf 85' lang='lat' dir='ltr'><strong>conspicerentur.</strong></span> 
     </span>
    </p>
   </div>
   <div class='ocr_carea' id='block_1_35' title="bbox 503 2403 2079 2476">
    <p class='ocr_par' dir='ltr' id='par_1_35' title="bbox 503 2403 2079 2476">
     <span class='ocr_line' id='line_1_35' title="bbox 503 2403 2079 2476; baseline -0.006 -11"><span class='ocrx_word' id='word_1_261' title='bbox 503 2409 710 2465; x_wconf 74' lang='lat' dir='ltr'><strong>Verum</strong></span> <span class='ocrx_word' id='word_1_262' title='bbox 755 2419 882 2462; x_wconf 87' lang='lat' dir='ltr'><strong>ante</strong></span> <span class='ocrx_word' id='word_1_263' title='bbox 926 2407 977 2462; x_wconf 87' lang='lat' dir='ltr'><strong>id</strong></span> <span class='ocrx_word' id='word_1_264' title='bbox 1011 2407 1227 2462; x_wconf 82' lang='lat' dir='ltr'><strong>facinus</strong></span> <span class='ocrx_word' id='word_1_265' title='bbox 1283 2408 1475 2476; x_wconf 75' lang='lat' dir='ltr'><strong>ingens</strong></span> <span class='ocrx_word' id='word_1_266' title='bbox 1536 2415 1694 2459; x_wconf 90' lang='lat' dir='ltr'><strong>cetus</strong></span> <span class='ocrx_word' id='word_1_267' title='bbox 1741 2404 1796 2457; x_wconf 90' lang='lat' dir='ltr'><strong>in</strong></span> <span class='ocrx_word' id='word_1_268' title='bbox 1847 2403 2079 2474; x_wconf 75' lang='lat' dir='ltr'><strong>Augusti</strong></span> 
     </span>
    </p>
   </div>
   <div class='ocr_carea' id='block_1_36' title="bbox 506 2496 2080 2571">
    <p class='ocr_par' dir='ltr' id='par_1_36' title="bbox 506 2496 2080 2571">
     <span class='ocr_line' id='line_1_36' title="bbox 506 2496 2080 2571; baseline -0.004 -16"><span class='ocrx_word' id='word_1_269' title='bbox 506 2512 723 2571; x_wconf 86' lang='lat' dir='ltr'><strong>portum</strong></span> <span class='ocrx_word' id='word_1_270' title='bbox 740 2500 956 2554; x_wconf 89' lang='lat' dir='ltr'><strong>delatus</strong></span> <span class='ocrx_word' id='word_1_271' title='bbox 982 2510 1088 2560; x_wconf 84' lang='lat' dir='ltr'><strong>est,</strong></span> <span class='ocrx_word' id='word_1_272' title='bbox 1109 2509 1164 2553; x_wconf 92' lang='lat' dir='ltr'><strong>et</strong></span> <span class='ocrx_word' id='word_1_273' title='bbox 1185 2507 1416 2569; x_wconf 85' lang='lat' dir='ltr'><strong>captus:</strong></span> <span class='ocrx_word' id='word_1_274' title='bbox 1447 2499 1607 2568; x_wconf 86' lang='lat' dir='ltr'><strong>cujus</strong></span> <span class='ocrx_word' id='word_1_275' title='bbox 1639 2496 1991 2550; x_wconf 84' lang='lat' dir='ltr'><strong>simulacrum</strong></span> <span class='ocrx_word' id='word_1_276' title='bbox 2027 2497 2080 2549; x_wconf 92' lang='lat' dir='ltr'><strong>in</strong></span> 
     </span>
    </p>
   </div>
   <div class='ocr_carea' id='block_1_37' title="bbox 509 2587 2081 2660">
    <p class='ocr_par' dir='ltr' id='par_1_37' title="bbox 509 2587 2081 2660">
     <span class='ocr_line' id='line_1_37' title="bbox 509 2587 2081 2660; baseline -0.003 -16"><span class='ocrx_word' id='word_1_277' title='bbox 509 2591 989 2660; x_wconf 61' lang='lat' dir='ltr'><strong>Amphitln&#39;atrum</strong></span> <span class='ocrx_word' id='word_1_278' title='bbox 1017 2591 1310 2660; x_wconf 86' lang='lat' dir='ltr'><strong>perlatum,</strong></span> <span class='ocrx_word' id='word_1_279' title='bbox 1335 2605 1494 2643; x_wconf 86' lang='lat' dir='ltr'><strong>ursos</strong></span> <span class='ocrx_word' id='word_1_280' title='bbox 1529 2587 1933 2643; x_wconf 80' lang='lat' dir='ltr'><strong>Labscnndisse</strong></span> <span class='ocrx_word' id='word_1_281' title='bbox 1970 2588 2081 2641; x_wconf 83' lang='lat' dir='ltr'><strong>fcr-</strong></span> 
     </span>
    </p>
   </div>
   <div class='ocr_carea' id='block_1_38' title="bbox 508 2681 2081 2739">
    <p class='ocr_par' dir='ltr' id='par_1_38' title="bbox 508 2681 2081 2739">
     <span class='ocr_line' id='line_1_38' title="bbox 508 2681 2081 2739; baseline -0.003 -1"><span class='ocrx_word' id='word_1_282' title='bbox 508 2695 622 2739; x_wconf 85' lang='lat' dir='ltr'><strong>tur.</strong></span> <span class='ocrx_word' id='word_1_283' title='bbox 667 2682 987 2737; x_wconf 85' lang='lat' dir='ltr'><strong>Plautianus</strong></span> <span class='ocrx_word' id='word_1_284' title='bbox 1016 2698 1147 2736; x_wconf 90' lang='lat' dir='ltr'><strong>vero</strong></span> <span class='ocrx_word' id='word_1_285' title='bbox 1178 2682 1300 2736; x_wconf 74' lang='lat' dir='ltr'><strong>lilia:</strong></span> <span class='ocrx_word' id='word_1_286' title='bbox 1325 2683 1594 2736; x_wconf 65' lang='lat' dir='ltr'><strong>Plautillae</strong></span> <span class='ocrx_word' id='word_1_287' title='bbox 1622 2699 1651 2735; x_wconf 92' lang='lat' dir='ltr'><strong>a</strong></span> <span class='ocrx_word' id='word_1_288' title='bbox 1678 2681 1884 2736; x_wconf 86' lang='lat' dir='ltr'><strong>Severo</strong></span> <span class='ocrx_word' id='word_1_289' title='bbox 1905 2681 2081 2735; x_wconf 82' lang='lat' dir='ltr'><strong>Anto-</strong></span> 
     </span>
    </p>
   </div>
   <div class='ocr_carea' id='block_1_39' title="bbox 508 2773 2081 2846">
    <p class='ocr_par' dir='ltr' id='par_1_39' title="bbox 508 2773 2081 2846">
     <span class='ocr_line' id='line_1_39' title="bbox 508 2773 2081 2846; baseline -0.003 -16"><span class='ocrx_word' id='word_1_290' title='bbox 508 2779 643 2830; x_wconf 82' lang='lat' dir='ltr'><strong>nino</strong></span> <span class='ocrx_word' id='word_1_291' title='bbox 673 2775 785 2829; x_wconf 89' lang='lat' dir='ltr'><strong>lilio</strong></span> <span class='ocrx_word' id='word_1_292' title='bbox 840 2777 1125 2846; x_wconf 71' lang='lat' dir='ltr'><strong>desponsa:</strong></span> <span class='ocrx_word' id='word_1_293' title='bbox 1169 2784 1379 2829; x_wconf 89' lang='lat' dir='ltr'><strong>tantum</strong></span> <span class='ocrx_word' id='word_1_294' title='bbox 1412 2773 1580 2836; x_wconf 83' lang='lat' dir='ltr'><strong>dedit.</strong></span> <span class='ocrx_word' id='word_1_295' title='bbox 1613 2785 1880 2844; x_wconf 82' lang='lat' dir='ltr'><strong>quantum</strong></span> <span class='ocrx_word' id='word_1_296' title='bbox 1936 2776 2081 2845; x_wconf 77' lang='lat' dir='ltr'><strong>regi-</strong></span> 
     </span>
    </p>
   </div>
   <div class='ocr_carea' id='block_1_40' title="bbox 509 2866 2083 2938">
    <p class='ocr_par' dir='ltr' id='par_1_40' title="bbox 509 2866 2083 2938">
     <span class='ocr_line' id='line_1_40' title="bbox 509 2866 2083 2938; baseline 0 -16"><span class='ocrx_word' id='word_1_297' title='bbox 509 2867 598 2922; x_wconf 89' lang='lat' dir='ltr'><strong>nis</strong></span> <span class='ocrx_word' id='word_1_298' title='bbox 643 2867 893 2938; x_wconf 87' lang='lat' dir='ltr'><strong>pluribus</strong></span> <span class='ocrx_word' id='word_1_299' title='bbox 932 2867 1065 2922; x_wconf 78' lang='lat' dir='ltr'><strong>satis</strong></span> <span class='ocrx_word' id='word_1_300' title='bbox 1116 2866 1329 2921; x_wconf 83' lang='lat' dir='ltr'><strong>fuisset.</strong></span> <span class='ocrx_word' id='word_1_301' title='bbox 1370 2867 1470 2934; x_wconf 86' lang='lat' dir='ltr'><strong>Qui</strong></span> <span class='ocrx_word' id='word_1_302' title='bbox 1521 2882 1646 2920; x_wconf 90' lang='lat' dir='ltr'><strong>cum</strong></span> <span class='ocrx_word' id='word_1_303' title='bbox 1711 2868 2083 2937; x_wconf 87' lang='lat' dir='ltr'><strong>amplissimus</strong></span> 
     </span>
    </p>
   </div>
   <div class='ocr_carea' id='block_1_41' title="bbox 509 2957 2082 3029">
    <p class='ocr_par' dir='ltr' id='par_1_41' title="bbox 509 2957 2082 3029">
     <span class='ocr_line' id='line_1_41' title="bbox 509 2957 2082 3029; baseline -0.001 -15"><span class='ocrx_word' id='word_1_304' title='bbox 509 2957 777 3016; x_wconf 88' lang='lat' dir='ltr'><strong>evasisset</strong></span> <span class='ocrx_word' id='word_1_305' title='bbox 802 3000 817 3021; x_wconf 90' lang='lat'><strong>,</strong></span> <span class='ocrx_word' id='word_1_306' title='bbox 869 2959 1116 3028; x_wconf 85' lang='lat' dir='ltr'><strong>adeoque</strong></span> <span class='ocrx_word' id='word_1_307' title='bbox 1141 2958 1405 3014; x_wconf 84' lang='lat' dir='ltr'><strong>Severum</strong></span> <span class='ocrx_word' id='word_1_308' title='bbox 1433 2958 1610 3029; x_wconf 87' lang='lat' dir='ltr'><strong>ipsum</strong></span> <span class='ocrx_word' id='word_1_309' title='bbox 1639 2960 1881 3029; x_wconf 85' lang='lat' dir='ltr'><strong>potentia</strong></span> <span class='ocrx_word' id='word_1_310' title='bbox 1914 2975 2082 3028; x_wconf 83' lang='lat' dir='ltr'><strong>supe-</strong></span> 
     </span>
    </p>
   </div>
   <div class='ocr_carea' id='block_1_42' title="bbox 513 3051 2083 3123">
    <p class='ocr_par' dir='ltr' id='par_1_42' title="bbox 513 3051 2083 3123">
     <span class='ocr_line' id='line_1_42' title="bbox 513 3051 2083 3123; baseline 0.001 -17"><span class='ocrx_word' id='word_1_311' title='bbox 513 3063 684 3119; x_wconf 88' lang='lat' dir='ltr'><strong>raret,</strong></span> <span class='ocrx_word' id='word_1_312' title='bbox 710 3051 925 3108; x_wconf 90' lang='lat' dir='ltr'><strong>insidiis</strong></span> <span class='ocrx_word' id='word_1_313' title='bbox 948 3051 1206 3106; x_wconf 82' lang='lat' dir='ltr'><strong>Antonini</strong></span> <span class='ocrx_word' id='word_1_314' title='bbox 1239 3051 1424 3123; x_wconf 82' lang='lat' dir='ltr'><strong>generi</strong></span> <span class='ocrx_word' id='word_1_315' title='bbox 1450 3051 1689 3118; x_wconf 85' lang='lat' dir='ltr'><strong>occisus,</strong></span> <span class='ocrx_word' id='word_1_316' title='bbox 1733 3061 1790 3108; x_wconf 90' lang='lat' dir='ltr'><strong>et</strong></span> <span class='ocrx_word' id='word_1_317' title='bbox 1821 3068 1884 3108; x_wconf 83' lang='lat' dir='ltr'><strong>ex</strong></span> <span class='ocrx_word' id='word_1_318' title='bbox 1919 3068 2083 3122; x_wconf 81' lang='lat' dir='ltr'><strong>supe-</strong></span> 
     </span>
    </p>
   </div>
   <div class='ocr_carea' id='block_1_43' title="bbox 512 3136 2152 3216">
    <p class='ocr_par' dir='ltr' id='par_1_43' title="bbox 512 3136 2152 3216">
     <span class='ocr_line' id='line_1_43' title="bbox 512 3136 2152 3216; baseline -0.002 -17"><span class='ocrx_word' id='word_1_319' title='bbox 512 3146 658 3200; x_wconf 85' lang='lat' dir='ltr'><strong>riore</strong></span> <span class='ocrx_word' id='word_1_320' title='bbox 695 3145 817 3199; x_wconf 88' lang='lat' dir='ltr'><strong>loco</strong></span> <span class='ocrx_word' id='word_1_321' title='bbox 853 3144 905 3198; x_wconf 92' lang='lat' dir='ltr'><strong>in</strong></span> <span class='ocrx_word' id='word_1_322' title='bbox 936 3144 1075 3197; x_wconf 77' lang='lat' dir='ltr'><strong>\ium</strong></span> <span class='ocrx_word' id='word_1_323' title='bbox 1111 3146 1385 3215; x_wconf 87' lang='lat' dir='ltr'><strong>projectus</strong></span> <span class='ocrx_word' id='word_1_324' title='bbox 1409 3156 1510 3200; x_wconf 85' lang='lat' dir='ltr'><strong>cst.</strong></span> <span class='ocrx_word' id='word_1_325' title='bbox 1540 3145 1659 3212; x_wconf 86' lang='lat' dir='ltr'><strong>Quo</strong></span> <span class='ocrx_word' id='word_1_326' title='bbox 1686 3153 1941 3214; x_wconf 88' lang='lat' dir='ltr'><strong>tanquam</strong></span> <span class='ocrx_word' id='word_1_327' title='bbox 1976 3162 2082 3216; x_wconf 75' lang='lat' dir='ltr'><strong>pa:-</strong></span> <span class='ocrx_word' id='word_1_328' title='bbox 2107 3136 2152 3196; x_wconf 75' lang='grc' dir='ltr'><strong>α</strong></span> 
     </span>
    </p>
   </div>
   <div class='ocr_carea' id='block_1_44' title="bbox 512 3236 2084 3308">
    <p class='ocr_par' dir='ltr' id='par_1_44' title="bbox 512 3236 2084 3308">
     <span class='ocr_line' id='line_1_44' title="bbox 512 3236 2084 3308; baseline -0.001 -15"><span class='ocrx_word' id='word_1_329' title='bbox 512 3239 721 3308; x_wconf 79' lang='lat' dir='ltr'><strong>dagogo</strong></span> <span class='ocrx_word' id='word_1_330' title='bbox 749 3247 956 3302; x_wconf 91' lang='lat' dir='ltr'><strong>amoto,</strong></span> <span class='ocrx_word' id='word_1_331' title='bbox 983 3236 1173 3292; x_wconf 89' lang='lat' dir='ltr'><strong>Severi</strong></span> <span class='ocrx_word' id='word_1_332' title='bbox 1213 3237 1308 3291; x_wconf 83' lang='lat' dir='ltr'><strong>lilii</strong></span> <span class='ocrx_word' id='word_1_333' title='bbox 1328 3236 1642 3292; x_wconf 82' lang='lat' dir='ltr'><strong>Antoninus</strong></span> <span class='ocrx_word' id='word_1_334' title='bbox 1674 3247 1727 3292; x_wconf 86' lang='lat' dir='ltr'><strong>et</strong></span> <span class='ocrx_word' id='word_1_335' title='bbox 1757 3236 1890 3293; x_wconf 86' lang='lat' dir='ltr'><strong>Geta</strong></span> <span class='ocrx_word' id='word_1_336' title='bbox 1933 3240 2084 3293; x_wconf 92' lang='lat' dir='ltr'><strong>nullo</strong></span> 
     </span>
    </p>
   </div>
   <div class='ocr_carea' id='block_1_45' title="bbox 512 3329 2086 3401">
    <p class='ocr_par' dir='ltr' id='par_1_45' title="bbox 512 3329 2086 3401">
     <span class='ocr_line' id='line_1_45' title="bbox 512 3329 2086 3401; baseline 0.001 -16"><span class='ocrx_word' id='word_1_337' title='bbox 512 3329 720 3401; x_wconf 75' lang='lat' dir='ltr'><strong>ﬂagitio</strong></span> <span class='ocrx_word' id='word_1_338' title='bbox 753 3331 1162 3386; x_wconf 89' lang='lat' dir='ltr'><strong>abstinuerunt.</strong></span> <span class='ocrx_word' id='word_1_339' title='bbox 1186 3329 1264 3385; x_wconf 90' lang='lat' dir='ltr'><strong>Eo</strong></span> <span class='ocrx_word' id='word_1_340' title='bbox 1283 3339 1531 3400; x_wconf 88' lang='lat' dir='ltr'><strong>tempore</strong></span> <span class='ocrx_word' id='word_1_341' title='bbox 1551 3329 1704 3384; x_wconf 85' lang='lat' dir='ltr'><strong>Bulla</strong></span> <span class='ocrx_word' id='word_1_342' title='bbox 1724 3331 1895 3393; x_wconf 80' lang='lat' dir='ltr'><strong>Felix,</strong></span> <span class='ocrx_word' id='word_1_343' title='bbox 1923 3331 2086 3386; x_wconf 86' lang='lat' dir='ltr'><strong>homo</strong></span> 
     </span>
    </p>
   </div>
   <div class='ocr_carea' id='block_1_46' title="bbox 515 3422 2088 3492">
    <p class='ocr_par' dir='ltr' id='par_1_46' title="bbox 515 3422 2088 3492">
     <span class='ocr_line' id='line_1_46' title="bbox 515 3422 2088 3492; baseline 0.001 -16"><span class='ocrx_word' id='word_1_344' title='bbox 515 3423 694 3477; x_wconf 87' lang='lat' dir='ltr'><strong>Italus</strong></span> <span class='ocrx_word' id='word_1_345' title='bbox 724 3463 740 3487; x_wconf 92' lang='lat'><strong>,</strong></span> <span class='ocrx_word' id='word_1_346' title='bbox 786 3439 851 3477; x_wconf 85' lang='lat' dir='ltr'><strong>ne</strong></span> <span class='ocrx_word' id='word_1_347' title='bbox 891 3423 1196 3476; x_wconf 84' lang='lat' dir='ltr'><strong>latronibus</strong></span> <span class='ocrx_word' id='word_1_348' title='bbox 1243 3422 1447 3477; x_wconf 86' lang='lat' dir='ltr'><strong>coactis</strong></span> <span class='ocrx_word' id='word_1_349' title='bbox 1476 3463 1492 3488; x_wconf 90' lang='lat'><strong>,</strong></span> <span class='ocrx_word' id='word_1_350' title='bbox 1540 3422 1745 3476; x_wconf 83' lang='lat' dir='ltr'><strong>Italiam</strong></span> <span class='ocrx_word' id='word_1_351' title='bbox 1788 3439 1886 3492; x_wconf 87' lang='lat' dir='ltr'><strong>per</strong></span> <span class='ocrx_word' id='word_1_352' title='bbox 1937 3425 2088 3477; x_wconf 81' lang='lat' dir='ltr'><strong>bien-</strong></span> 
     </span>
    </p>
   </div>
   <div class='ocr_carea' id='block_1_47' title="bbox 517 3513 2086 3585">
    <p class='ocr_par' dir='ltr' id='par_1_47' title="bbox 517 3513 2086 3585">
     <span class='ocr_line' id='line_1_47' title="bbox 517 3513 2086 3585; baseline 0.001 -18"><span class='ocrx_word' id='word_1_353' title='bbox 517 3516 668 3567; x_wconf 88' lang='lat' dir='ltr'><strong>nium</strong></span> <span class='ocrx_word' id='word_1_354' title='bbox 705 3515 1009 3569; x_wconf 80' lang='lat' dir='ltr'><strong>infestavit.</strong></span> <span class='ocrx_word' id='word_1_355' title='bbox 1060 3515 1127 3569; x_wconf 87' lang='lat' dir='ltr'><strong>Et</strong></span> <span class='ocrx_word' id='word_1_356' title='bbox 1172 3514 1424 3584; x_wconf 89' lang='lat' dir='ltr'><strong>quamvis</strong></span> <span class='ocrx_word' id='word_1_357' title='bbox 1461 3513 1616 3568; x_wconf 89' lang='lat' dir='ltr'><strong>multi</strong></span> <span class='ocrx_word' id='word_1_358' title='bbox 1666 3529 1792 3570; x_wconf 91' lang='lat' dir='ltr'><strong>eum</strong></span> <span class='ocrx_word' id='word_1_359' title='bbox 1831 3531 2086 3585; x_wconf 89' lang='lat' dir='ltr'><strong>compre-</strong></span> 
     </span>
    </p>
   </div>
   <div class='ocr_carea' id='block_1_48' title="bbox 519 3606 2090 3672">
    <p class='ocr_par' dir='ltr' id='par_1_48' title="bbox 519 3606 2090 3672">
     <span class='ocr_line' id='line_1_48' title="bbox 519 3606 2090 3672; baseline 0.001 -12"><span class='ocrx_word' id='word_1_360' title='bbox 519 3606 762 3661; x_wconf 90' lang='lat' dir='ltr'><strong>hendere</strong></span> <span class='ocrx_word' id='word_1_361' title='bbox 824 3607 1133 3672; x_wconf 87' lang='lat' dir='ltr'><strong>studerent,</strong></span> <span class='ocrx_word' id='word_1_362' title='bbox 1179 3618 1362 3661; x_wconf 89' lang='lat' dir='ltr'><strong>tamen</strong></span> <span class='ocrx_word' id='word_1_363' title='bbox 1400 3608 1566 3662; x_wconf 86' lang='lat' dir='ltr'><strong>variis</strong></span> <span class='ocrx_word' id='word_1_364' title='bbox 1595 3607 1830 3662; x_wconf 87' lang='lat' dir='ltr'><strong>subinde</strong></span> <span class='ocrx_word' id='word_1_365' title='bbox 1859 3608 2090 3663; x_wconf 86' lang='lat' dir='ltr'><strong>rationi-</strong></span> 
     </span>
    </p>
   </div>
   <div class='ocr_carea' id='block_1_49' title="bbox 517 3697 2088 3768">
    <p class='ocr_par' dir='ltr' id='par_1_49' title="bbox 517 3697 2088 3768">
     <span class='ocr_line' id='line_1_49' title="bbox 517 3697 2088 3768; baseline 0.001 -17"><span class='ocrx_word' id='word_1_366' title='bbox 517 3697 622 3752; x_wconf 89' lang='lat' dir='ltr'><strong>bus</strong></span> <span class='ocrx_word' id='word_1_367' title='bbox 655 3712 960 3766; x_wconf 79' lang='lat' dir='ltr'><strong>magnaque</strong></span> <span class='ocrx_word' id='word_1_368' title='bbox 992 3697 1214 3751; x_wconf 84' lang='lat' dir='ltr'><strong>solertia</strong></span> <span class='ocrx_word' id='word_1_369' title='bbox 1241 3708 1636 3768; x_wconf 82' lang='lat' dir='ltr'><strong>persequentes</strong></span> <span class='ocrx_word' id='word_1_370' title='bbox 1665 3699 1897 3754; x_wconf 82' lang='lat' dir='ltr'><strong>eludens</strong></span> <span class='ocrx_word' id='word_1_371' title='bbox 1919 3739 1934 3765; x_wconf 91' lang='lat'><strong>,</strong></span> <span class='ocrx_word' id='word_1_372' title='bbox 1977 3715 2088 3753; x_wconf 90' lang='lat' dir='ltr'><strong>non</strong></span> 
     </span>
    </p>
   </div>
   <div class='ocr_carea' id='block_1_50' title="bbox 517 3787 2088 3859">
    <p class='ocr_par' dir='ltr' id='par_1_50' title="bbox 517 3787 2088 3859">
     <span class='ocr_line' id='line_1_50' title="bbox 517 3787 2088 3859; baseline 0.003 -19"><span class='ocrx_word' id='word_1_373' title='bbox 517 3787 839 3857; x_wconf 86' lang='lat' dir='ltr'><strong>capiebatur</strong></span> <span class='ocrx_word' id='word_1_374' title='bbox 864 3805 877 3842; x_wconf 90' lang='lat'><strong>:</strong></span> <span class='ocrx_word' id='word_1_375' title='bbox 912 3788 1068 3858; x_wconf 83' lang='lat' dir='ltr'><strong>cujus</strong></span> <span class='ocrx_word' id='word_1_376' title='bbox 1092 3789 1196 3843; x_wconf 89' lang='lat' dir='ltr'><strong>hoc</strong></span> <span class='ocrx_word' id='word_1_377' title='bbox 1223 3789 1496 3859; x_wconf 86' lang='lat' dir='ltr'><strong>specimen</strong></span> <span class='ocrx_word' id='word_1_378' title='bbox 1531 3799 1670 3846; x_wconf 86' lang='lat' dir='ltr'><strong>esto.</strong></span> <span class='ocrx_word' id='word_1_379' title='bbox 1695 3790 2088 3845; x_wconf 89' lang='lat' dir='ltr'><strong>Ceuturionem</strong></span> 
     </span>
    </p>
   </div>
   <div class='ocr_carea' id='block_1_51' title="bbox 519 3881 2092 3953">
    <p class='ocr_par' dir='ltr' id='par_1_51' title="bbox 519 3881 2092 3953">
     <span class='ocr_line' id='line_1_51' title="bbox 519 3881 2092 3953; baseline 0.003 -19"><span class='ocrx_word' id='word_1_380' title='bbox 519 3881 708 3935; x_wconf 89' lang='lat' dir='ltr'><strong>Severi</strong></span> <span class='ocrx_word' id='word_1_381' title='bbox 745 3882 903 3952; x_wconf 88' lang='lat' dir='ltr'><strong>jussu</strong></span> <span class='ocrx_word' id='word_1_382' title='bbox 932 3881 1036 3935; x_wconf 89' lang='lat' dir='ltr'><strong>sibi</strong></span> <span class='ocrx_word' id='word_1_383' title='bbox 1085 3881 1460 3946; x_wconf 89' lang='lat' dir='ltr'><strong>insidiantem,</strong></span> <span class='ocrx_word' id='word_1_384' title='bbox 1509 3883 1626 3953; x_wconf 88' lang='lat' dir='ltr'><strong>ipse</strong></span> <span class='ocrx_word' id='word_1_385' title='bbox 1651 3885 1804 3952; x_wconf 88' lang='lat' dir='ltr'><strong>quasi</strong></span> <span class='ocrx_word' id='word_1_386' title='bbox 1838 3885 1980 3939; x_wconf 87' lang='lat' dir='ltr'><strong>alius</strong></span> <span class='ocrx_word' id='word_1_387' title='bbox 2005 3899 2092 3939; x_wconf 89' lang='lat' dir='ltr'><strong>es-</strong></span> 
     </span>
    </p>
   </div>
   <div class='ocr_carea' id='block_1_52' title="bbox 518 3974 2090 4045">
    <p class='ocr_par' dir='ltr' id='par_1_52' title="bbox 518 3974 2090 4045">
     <span class='ocr_line' id='line_1_52' title="bbox 518 3974 2090 4045; baseline 0.001 -17"><span class='ocrx_word' id='word_1_388' title='bbox 518 3982 602 4028; x_wconf 83' lang='lat' dir='ltr'><strong>set</strong></span> <span class='ocrx_word' id='word_1_389' title='bbox 658 3975 913 4038; x_wconf 88' lang='lat' dir='ltr'><strong>accessit,</strong></span> <span class='ocrx_word' id='word_1_390' title='bbox 948 3974 1216 4028; x_wconf 86' lang='lat' dir='ltr'><strong>latronem</strong></span> <span class='ocrx_word' id='word_1_391' title='bbox 1259 3974 1310 4029; x_wconf 90' lang='lat' dir='ltr'><strong>ei</strong></span> <span class='ocrx_word' id='word_1_392' title='bbox 1346 3990 1404 4030; x_wconf 89' lang='lat' dir='ltr'><strong>se</strong></span> <span class='ocrx_word' id='word_1_393' title='bbox 1435 3977 1789 4042; x_wconf 86' lang='lat' dir='ltr'><strong>traditurum,</strong></span> <span class='ocrx_word' id='word_1_394' title='bbox 1817 3977 1860 4030; x_wconf 89' lang='lat' dir='ltr'><strong>si</strong></span> <span class='ocrx_word' id='word_1_395' title='bbox 1891 3990 2090 4045; x_wconf 89' lang='lat' dir='ltr'><strong>seque-</strong></span> 
     </span>
    </p>
   </div>
   <div class='ocr_carea' id='block_1_53' title="bbox 520 4063 2092 4137">
    <p class='ocr_par' dir='ltr' id='par_1_53' title="bbox 520 4063 2092 4137">
     <span class='ocr_line' id='line_1_53' title="bbox 520 4063 2092 4137; baseline 0.001 -19"><span class='ocrx_word' id='word_1_396' title='bbox 520 4072 694 4130; x_wconf 88' lang='lat' dir='ltr'><strong>retur,</strong></span> <span class='ocrx_word' id='word_1_397' title='bbox 725 4063 987 4135; x_wconf 87' lang='lat' dir='ltr'><strong>polliccns</strong></span> <span class='ocrx_word' id='word_1_398' title='bbox 1012 4082 1026 4119; x_wconf 90' lang='lat'><strong>:</strong></span> <span class='ocrx_word' id='word_1_399' title='bbox 1061 4073 1116 4119; x_wconf 91' lang='lat' dir='ltr'><strong>et</strong></span> <span class='ocrx_word' id='word_1_400' title='bbox 1144 4064 1421 4120; x_wconf 81' lang='lat' dir='ltr'><strong>hominem</strong></span> <span class='ocrx_word' id='word_1_401' title='bbox 1451 4082 1640 4122; x_wconf 88' lang='lat' dir='ltr'><strong>verum</strong></span> <span class='ocrx_word' id='word_1_402' title='bbox 1670 4066 1723 4121; x_wconf 90' lang='lat' dir='ltr'><strong>id</strong></span> <span class='ocrx_word' id='word_1_403' title='bbox 1747 4082 1866 4122; x_wconf 88' lang='lat' dir='ltr'><strong>esse</strong></span> <span class='ocrx_word' id='word_1_404' title='bbox 1891 4075 2092 4137; x_wconf 88' lang='lat' dir='ltr'><strong>putan-</strong></span> 
     </span>
    </p>
   </div>
   <div class='ocr_carea' id='block_1_54' title="bbox 520 4157 2090 4229">
    <p class='ocr_par' dir='ltr' id='par_1_54' title="bbox 520 4157 2090 4229">
     <span class='ocr_line' id='line_1_54' title="bbox 520 4157 2090 4229; baseline 0.001 -17"><span class='ocrx_word' id='word_1_405' title='bbox 520 4167 650 4222; x_wconf 88' lang='lat' dir='ltr'><strong>tem,</strong></span> <span class='ocrx_word' id='word_1_406' title='bbox 710 4158 763 4211; x_wconf 92' lang='lat' dir='ltr'><strong>in</strong></span> <span class='ocrx_word' id='word_1_407' title='bbox 787 4158 967 4211; x_wconf 90' lang='lat' dir='ltr'><strong>locum</strong></span> <span class='ocrx_word' id='word_1_408' title='bbox 1003 4157 1328 4213; x_wconf 92' lang='lat' dir='ltr'><strong>insidiarum</strong></span> <span class='ocrx_word' id='word_1_409' title='bbox 1364 4159 1711 4228; x_wconf 90' lang='lat' dir='ltr'><strong>perductum,</strong></span> <span class='ocrx_word' id='word_1_410' title='bbox 1740 4161 1897 4216; x_wconf 84' lang='lat' dir='ltr'><strong>facile</strong></span> <span class='ocrx_word' id='word_1_411' title='bbox 1923 4159 2090 4229; x_wconf 86' lang='lat' dir='ltr'><strong>cepit.</strong></span> 
     </span>
    </p>
   </div>
   <div class='ocr_carea' id='block_1_55' title="bbox 521 4249 2096 4321">
    <p class='ocr_par' dir='ltr' id='par_1_55' title="bbox 521 4249 2096 4321">
     <span class='ocr_line' id='line_1_55' title="bbox 521 4249 2096 4321; baseline 0.004 -19"><span class='ocrx_word' id='word_1_412' title='bbox 521 4249 728 4302; x_wconf 85' lang='lat' dir='ltr'><strong>Deinde</strong></span> <span class='ocrx_word' id='word_1_413' title='bbox 759 4265 856 4319; x_wconf 88' lang='lat' dir='ltr'><strong>pro</strong></span> <span class='ocrx_word' id='word_1_414' title='bbox 889 4251 1148 4304; x_wconf 89' lang='lat' dir='ltr'><strong>tribunali</strong></span> <span class='ocrx_word' id='word_1_415' title='bbox 1187 4252 1400 4317; x_wconf 87' lang='lat' dir='ltr'><strong>sedens,</strong></span> <span class='ocrx_word' id='word_1_416' title='bbox 1429 4261 1489 4305; x_wconf 90' lang='lat' dir='ltr'><strong>ut</strong></span> <span class='ocrx_word' id='word_1_417' title='bbox 1511 4251 1620 4306; x_wconf 81' lang='lat' dir='ltr'><strong>dux</strong></span> <span class='ocrx_word' id='word_1_418' title='bbox 1642 4253 2096 4321; x_wconf 88' lang='lat' dir='ltr'><strong>latronum,cen-</strong></span> 
     </span>
    </p>
   </div>
   <div class='ocr_carea' id='block_1_56' title="bbox 521 4342 2090 4416">
    <p class='ocr_par' dir='ltr' id='par_1_56' title="bbox 521 4342 2090 4416">
     <span class='ocr_line' id='line_1_56' title="bbox 521 4342 2090 4416; baseline 0.007 -21"><span class='ocrx_word' id='word_1_419' title='bbox 521 4343 795 4395; x_wconf 88' lang='lat' dir='ltr'><strong>turionem</strong></span> <span class='ocrx_word' id='word_1_420' title='bbox 823 4342 1002 4412; x_wconf 78' lang='lat' dir='ltr'><strong>capite</strong></span> <span class='ocrx_word' id='word_1_421' title='bbox 1023 4359 1146 4397; x_wconf 90' lang='lat' dir='ltr'><strong>raso</strong></span> <span class='ocrx_word' id='word_1_422' title='bbox 1184 4359 1306 4398; x_wconf 86' lang='lat' dir='ltr'><strong>eum</strong></span> <span class='ocrx_word' id='word_1_423' title='bbox 1333 4345 1623 4414; x_wconf 59' lang='lat' dir='ltr'><strong>liis,verbis</strong></span> <span class='ocrx_word' id='word_1_424' title='bbox 1639 4347 1804 4416; x_wconf 79' lang='lat'><strong>609</strong></span> <span class='ocrx_word' id='word_1_425' title='bbox 1833 4348 2048 4405; x_wconf 86' lang='lat' dir='ltr'><strong>dimisit</strong></span> <span class='ocrx_word' id='word_1_426' title='bbox 2076 4369 2090 4405; x_wconf 89' lang='lat'><strong>:</strong></span> 
     </span>
    </p>
   </div>
   <div class='ocr_carea' id='block_1_57' title="bbox 2185 1853 3731 1930">
    <p class='ocr_par' dir='ltr' id='par_1_57' title="bbox 2185 1853 3731 1930">
     <span class='ocr_line' id='line_1_57' title="bbox 2185 1853 3731 1930; baseline 0.004 -23"><span class='ocrx_word' id='word_1_427' title='bbox 2185 1853 2472 1924; x_wconf 78' lang='grc' dir='ltr'>ἀσύλητον,</span> <span class='ocrx_word' id='word_1_428' title='bbox 2510 1856 2603 1907; x_wconf 72' lang='grc' dir='ltr'><strong>καὶ</strong></span> <span class='ocrx_word' id='word_1_429' title='bbox 2630 1855 2848 1907; x_wconf 81' lang='grc' dir='ltr'>πλείονα</span> <span class='ocrx_word' id='word_1_430' title='bbox 2880 1856 3026 1924; x_wconf 80' lang='grc' dir='ltr'>αὑτῷ</span> <span class='ocrx_word' id='word_1_431' title='bbox 3063 1857 3286 1920; x_wconf 78' lang='grc' dir='ltr'>πάντες,</span> <span class='ocrx_word' id='word_1_432' title='bbox 3324 1857 3358 1926; x_wconf 76' lang='grc' dir='ltr'>ἢ</span> <span class='ocrx_word' id='word_1_433' title='bbox 3404 1858 3480 1926; x_wconf 81' lang='grc' dir='ltr'>τῷ</span> <span class='ocrx_word' id='word_1_434' title='bbox 3535 1860 3731 1930; x_wconf 80' lang='grc' dir='ltr'>Σευήρῳ</span> 
     </span>
    </p>
   </div>
   <div class='ocr_carea' id='block_1_58' title="bbox 2183 1946 3729 2020">
    <p class='ocr_par' dir='ltr' id='par_1_58' title="bbox 2183 1946 3729 2020">
     <span class='ocr_line' id='line_1_58' title="bbox 2183 1946 3729 2020; baseline 0.004 -21"><span class='ocrx_word' id='word_1_435' title='bbox 2183 1947 2408 2001; x_wconf 79' lang='grc' dir='ltr'>ἐδίδουν.</span> <span class='ocrx_word' id='word_1_436' title='bbox 2456 1946 2710 2016; x_wconf 77' lang='grc' dir='ltr'>Ἐξέτεμε</span> <span class='ocrx_word' id='word_1_437' title='bbox 2741 1947 2799 1999; x_wconf 74' lang='grc' dir='ltr'>δὲ</span> <span class='ocrx_word' id='word_1_438' title='bbox 2841 1949 2930 2000; x_wconf 72' lang='grc' dir='ltr'>καὶ</span> <span class='ocrx_word' id='word_1_439' title='bbox 2958 1948 3282 2017; x_wconf 68' lang='grc' dir='ltr'>ἀνθρώπους</span> <span class='ocrx_word' id='word_1_440' title='bbox 3323 1952 3620 2020; x_wconf 76' lang='grc' dir='ltr'><strong>Ῥωμαίους</strong></span> <span class='ocrx_word' id='word_1_441' title='bbox 3647 1958 3729 2007; x_wconf 77' lang='grc' dir='ltr'>καὶ</span> 
     </span>
    </p>
   </div>
   <div class='ocr_carea' id='block_1_59' title="bbox 2183 2040 3732 2114">
    <p class='ocr_par' dir='ltr' id='par_1_59' title="bbox 2183 2040 3732 2114">
     <span class='ocr_line' id='line_1_59' title="bbox 2183 2040 3732 2114; baseline 0.002 -20"><span class='ocrx_word' id='word_1_442' title='bbox 2183 2042 2422 2108; x_wconf 74' lang='grc' dir='ltr'>εὐγενεῖς</span> <span class='ocrx_word' id='word_1_443' title='bbox 2459 2042 2676 2102; x_wconf 73' lang='grc' dir='ltr'>ἑκατὸν,</span> <span class='ocrx_word' id='word_1_444' title='bbox 2707 2043 2768 2094; x_wconf 80' lang='grc' dir='ltr'>οὐ</span> <span class='ocrx_word' id='word_1_445' title='bbox 2794 2040 2988 2102; x_wconf 81' lang='grc' dir='ltr'>παῖδας</span> <span class='ocrx_word' id='word_1_446' title='bbox 3032 2041 3212 2110; x_wconf 74' lang='grc' dir='ltr'>μόνον,</span> <span class='ocrx_word' id='word_1_447' title='bbox 3264 2043 3390 2095; x_wconf 80' lang='grc' dir='ltr'>οὐδὲ</span> <span class='ocrx_word' id='word_1_448' title='bbox 3433 2044 3605 2112; x_wconf 83' lang='grc' dir='ltr'>μέντοι</span> <span class='ocrx_word' id='word_1_449' title='bbox 3631 2062 3732 2114; x_wconf 81' lang='grc' dir='ltr'>μει-</span> 
     </span>
    </p>
   </div>
   <div class='ocr_carea' id='block_1_60' title="bbox 2185 2133 3730 2207">
    <p class='ocr_par' dir='ltr' id='par_1_60' title="bbox 2185 2133 3730 2207">
     <span class='ocr_line' id='line_1_60' title="bbox 2185 2133 3730 2207; baseline 0.002 -21"><span class='ocrx_word' id='word_1_450' title='bbox 2185 2135 2374 2204; x_wconf 73' lang='grc' dir='ltr'>ράκια,</span> <span class='ocrx_word' id='word_1_451' title='bbox 2408 2135 2544 2186; x_wconf 83' lang='grc' dir='ltr'>ἀλλὰ</span> <span class='ocrx_word' id='word_1_452' title='bbox 2573 2139 2665 2187; x_wconf 74' lang='grc' dir='ltr'><strong>καὶ</strong></span> <span class='ocrx_word' id='word_1_453' title='bbox 2697 2135 2891 2205; x_wconf 82' lang='grc' dir='ltr'>ἄνδρας</span> <span class='ocrx_word' id='word_1_454' title='bbox 2911 2137 3174 2204; x_wconf 80' lang='grc' dir='ltr'>γυναῖκας</span> <span class='ocrx_word' id='word_1_455' title='bbox 3207 2133 3456 2203; x_wconf 75' lang='grc' dir='ltr'>ἔχοντας,</span> <span class='ocrx_word' id='word_1_456' title='bbox 3479 2135 3598 2188; x_wconf 77' lang='grc' dir='ltr'>ὥσθ’</span> <span class='ocrx_word' id='word_1_457' title='bbox 3621 2141 3730 2207; x_wconf 75' lang='grc' dir='ltr'><strong>ὁρᾶ-</strong></span> 
     </span>
    </p>
   </div>
   <div class='ocr_carea' id='block_1_61' title="bbox 2186 2225 3730 2297">
    <p class='ocr_par' dir='ltr' id='par_1_61' title="bbox 2186 2225 3730 2297">
     <span class='ocr_line' id='line_1_61' title="bbox 2186 2225 3730 2297; baseline 0.002 -19"><span class='ocrx_word' id='word_1_458' title='bbox 2186 2225 2309 2279; x_wconf 75' lang='grc' dir='ltr'>σθαι</span> <span class='ocrx_word' id='word_1_459' title='bbox 2361 2227 2484 2288; x_wconf 79' lang='grc' dir='ltr'>τοὺς</span> <span class='ocrx_word' id='word_1_460' title='bbox 2545 2227 2742 2290; x_wconf 69' lang='grc' dir='ltr'>αὐτοὺς</span> <span class='ocrx_word' id='word_1_461' title='bbox 2779 2226 2873 2282; x_wconf 75' lang='grc' dir='ltr'>καὶ</span> <span class='ocrx_word' id='word_1_462' title='bbox 2925 2225 3211 2294; x_wconf 66' lang='grc' dir='ltr'>εὐνούχους</span> <span class='ocrx_word' id='word_1_463' title='bbox 3260 2228 3356 2279; x_wconf 65' lang='grc' dir='ltr'><strong>καὶ</strong></span> <span class='ocrx_word' id='word_1_464' title='bbox 3397 2227 3609 2297; x_wconf 75' lang='grc' dir='ltr'>ἄνδρα·,</span> <span class='ocrx_word' id='word_1_465' title='bbox 3651 2233 3730 2281; x_wconf 77' lang='grc' dir='ltr'>καὶ</span> 
     </span>
    </p>
   </div>
   <div class='ocr_carea' id='block_1_62' title="bbox 2183 2318 3726 2390">
    <p class='ocr_par' dir='ltr' id='par_1_62' title="bbox 2183 2318 3726 2390">
     <span class='ocr_line' id='line_1_62' title="bbox 2183 2318 3726 2390; baseline 0.002 -20"><span class='ocrx_word' id='word_1_466' title='bbox 2183 2319 2431 2389; x_wconf 82' lang='grc' dir='ltr'>πατέρας</span> <span class='ocrx_word' id='word_1_467' title='bbox 2457 2318 2674 2390; x_wconf 80' lang='grc' dir='ltr'>ἀόρχεις</span> <span class='ocrx_word' id='word_1_468' title='bbox 2706 2319 2797 2371; x_wconf 76' lang='grc' dir='ltr'>καὶ</span> <span class='ocrx_word' id='word_1_469' title='bbox 2830 2319 3114 2388; x_wconf 81' lang='grc' dir='ltr'>ἐκτομίας,</span> <span class='ocrx_word' id='word_1_470' title='bbox 3149 2322 3244 2373; x_wconf 81' lang='grc' dir='ltr'><strong>καὶ</strong></span> <span class='ocrx_word' id='word_1_471' title='bbox 3279 2319 3587 2387; x_wconf 80' lang='grc' dir='ltr'>πωγωνίας.</span> <span class='ocrx_word' id='word_1_472' title='bbox 3632 2321 3726 2388; x_wconf 77' lang='grc' dir='ltr'><strong>Πρὸ</strong></span> 
     </span>
    </p>
   </div>
   <div class='ocr_carea' id='block_1_63' title="bbox 2183 2409 3724 2482">
    <p class='ocr_par' dir='ltr' id='par_1_63' title="bbox 2183 2409 3724 2482">
     <span class='ocr_line' id='line_1_63' title="bbox 2183 2409 3724 2482; baseline 0.001 -20"><span class='ocrx_word' id='word_1_473' title='bbox 2183 2410 2240 2462; x_wconf 86' lang='grc' dir='ltr'><strong>δὲ</strong></span> <span class='ocrx_word' id='word_1_474' title='bbox 2269 2409 2458 2462; x_wconf 79' lang='grc' dir='ltr'>τούτου</span> <span class='ocrx_word' id='word_1_475' title='bbox 2491 2410 2653 2480; x_wconf 80' lang='grc' dir='ltr'>κῆτος</span> <span class='ocrx_word' id='word_1_476' title='bbox 2689 2411 2995 2482; x_wconf 81' lang='grc' dir='ltr'>ὑπέρογκον</span> <span class='ocrx_word' id='word_1_477' title='bbox 3041 2413 3121 2472; x_wconf 87' lang='grc' dir='ltr'><strong>είς</strong></span> <span class='ocrx_word' id='word_1_478' title='bbox 3168 2412 3262 2464; x_wconf 73' lang='grc' dir='ltr'>τὸν</span> <span class='ocrx_word' id='word_1_479' title='bbox 3314 2413 3616 2479; x_wconf 80' lang='grc' dir='ltr'>Αὐγούστου</span> <span class='ocrx_word' id='word_1_480' title='bbox 3655 2428 3724 2464; x_wconf 87' lang='grc' dir='ltr'>κε-</span> 
     </span>
    </p>
   </div>
   <div class='ocr_carea' id='block_1_64' title="bbox 2183 2501 3726 2572">
    <p class='ocr_par' dir='ltr' id='par_1_64' title="bbox 2183 2501 3726 2572">
     <span class='ocr_line' id='line_1_64' title="bbox 2183 2501 3726 2572; baseline -0.001 -16"><span class='ocrx_word' id='word_1_481' title='bbox 2183 2503 2455 2570; x_wconf 76' lang='grc' dir='ltr'>κλημένον</span> <span class='ocrx_word' id='word_1_482' title='bbox 2483 2501 2678 2572; x_wconf 81' lang='grc' dir='ltr'>λιμένα</span> <span class='ocrx_word' id='word_1_483' title='bbox 2728 2502 3007 2570; x_wconf 80' lang='grc' dir='ltr'>ἐξώκειλε,</span> <span class='ocrx_word' id='word_1_484' title='bbox 3045 2504 3138 2557; x_wconf 70' lang='grc' dir='ltr'><strong>καὶ</strong></span> <span class='ocrx_word' id='word_1_485' title='bbox 3168 2503 3334 2565; x_wconf 83' lang='grc' dir='ltr'><strong>ἑάλω,</strong></span> <span class='ocrx_word' id='word_1_486' title='bbox 3386 2505 3479 2554; x_wconf 74' lang='grc' dir='ltr'><strong>καὶ</strong></span> <span class='ocrx_word' id='word_1_487' title='bbox 3531 2503 3726 2572; x_wconf 72' lang='grc' dir='ltr'>μίμημα</span> 
     </span>
    </p>
   </div>
   <div class='ocr_carea' id='block_1_65' title="bbox 2184 2593 3726 2666">
    <p class='ocr_par' dir='ltr' id='par_1_65' title="bbox 2184 2593 3726 2666">
     <span class='ocr_line' id='line_1_65' title="bbox 2184 2593 3726 2666; baseline 0 -18"><span class='ocrx_word' id='word_1_488' title='bbox 2184 2593 2352 2648; x_wconf 77' lang='grc' dir='ltr'>αὑτοῦ</span> <span class='ocrx_word' id='word_1_489' title='bbox 2409 2594 2652 2663; x_wconf 82' lang='grc' dir='ltr'>γεγονὸς,</span> <span class='ocrx_word' id='word_1_490' title='bbox 2711 2596 2805 2648; x_wconf 75' lang='grc' dir='ltr'>καὶ</span> <span class='ocrx_word' id='word_1_491' title='bbox 2848 2596 2928 2658; x_wconf 85' lang='grc' dir='ltr'>εἰς</span> <span class='ocrx_word' id='word_1_492' title='bbox 2973 2594 3034 2648; x_wconf 81' lang='grc' dir='ltr'>τὺ</span> <span class='ocrx_word' id='word_1_493' title='bbox 3088 2597 3442 2664; x_wconf 67' lang='grc' dir='ltr'><strong>κυνηγέσιον</strong></span> <span class='ocrx_word' id='word_1_494' title='bbox 3491 2596 3726 2666; x_wconf 75' lang='grc' dir='ltr'>εἰσαχθὲν,</span> 
     </span>
    </p>
   </div>
   <div class='ocr_carea' id='block_1_66' title="bbox 2186 2686 3725 2757">
    <p class='ocr_par' dir='ltr' id='par_1_66' title="bbox 2186 2686 3725 2757">
     <span class='ocr_line' id='line_1_66' title="bbox 2186 2686 3725 2757; baseline 0.001 -20"><span class='ocrx_word' id='word_1_495' title='bbox 2186 2686 2524 2754; x_wconf 78' lang='grc' dir='ltr'>πεντήκοντα</span> <span class='ocrx_word' id='word_1_496' title='bbox 2557 2686 2798 2757; x_wconf 71' lang='grc' dir='ltr'>ἄρκτους</span> <span class='ocrx_word' id='word_1_497' title='bbox 2854 2688 2985 2740; x_wconf 80' lang='grc' dir='ltr'>εἴσω</span> <span class='ocrx_word' id='word_1_498' title='bbox 3032 2687 3253 2755; x_wconf 87' lang='grc' dir='ltr'>λέγεται</span> <span class='ocrx_word' id='word_1_499' title='bbox 3317 2688 3584 2752; x_wconf 79' lang='grc' dir='ltr'>δέξασθαι.</span> <span class='ocrx_word' id='word_1_500' title='bbox 3634 2689 3725 2756; x_wconf 53' lang='grc' dir='ltr'><strong>Τὴν</strong></span> 
     </span>
    </p>
   </div>
   <div class='ocr_carea' id='block_1_67' title="bbox 2184 2778 3726 2854">
    <p class='ocr_par' dir='ltr' id='par_1_67' title="bbox 2184 2778 3726 2854">
     <span class='ocr_line' id='line_1_67' title="bbox 2184 2778 3726 2854; baseline 0.001 -22"><span class='ocrx_word' id='word_1_501' title='bbox 2184 2778 2240 2832; x_wconf 83' lang='grc' dir='ltr'><strong>δὲ</strong></span> <span class='ocrx_word' id='word_1_502' title='bbox 2281 2779 2374 2832; x_wconf 81' lang='grc' dir='ltr'>τοῦ</span> <span class='ocrx_word' id='word_1_503' title='bbox 2413 2778 2750 2833; x_wconf 75' lang='grc' dir='ltr'>Πλαυτιανοῦ</span> <span class='ocrx_word' id='word_1_504' title='bbox 2786 2779 3061 2854; x_wconf 78' lang='grc' dir='ltr'>θυγατέρα</span> <span class='ocrx_word' id='word_1_505' title='bbox 3115 2782 3452 2835; x_wconf 79' lang='grc' dir='ltr'>Πλαυτὶλλαν</span> <span class='ocrx_word' id='word_1_506' title='bbox 3495 2781 3580 2835; x_wconf 80' lang='grc' dir='ltr'>τοῦ</span> <span class='ocrx_word' id='word_1_507' title='bbox 3618 2783 3726 2834; x_wconf 81' lang='grc' dir='ltr'>Σευ-</span> 
     </span>
    </p>
   </div>
   <div class='ocr_carea' id='block_1_68' title="bbox 2186 2871 3725 2943">
    <p class='ocr_par' dir='ltr' id='par_1_68' title="bbox 2186 2871 3725 2943">
     <span class='ocr_line' id='line_1_68' title="bbox 2186 2871 3725 2943; baseline 0 -19"><span class='ocrx_word' id='word_1_508' title='bbox 2186 2873 2320 2942; x_wconf 81' lang='grc' dir='ltr'>ήρου</span> <span class='ocrx_word' id='word_1_509' title='bbox 2353 2871 2431 2942; x_wconf 85' lang='grc' dir='ltr'>τῷ</span> <span class='ocrx_word' id='word_1_510' title='bbox 2483 2871 2583 2940; x_wconf 83' lang='grc' dir='ltr'><strong>υἱῷ</strong></span> <span class='ocrx_word' id='word_1_511' title='bbox 2639 2873 2947 2942; x_wconf 79' lang='grc' dir='ltr'>Ἀντωνίνῳ</span> <span class='ocrx_word' id='word_1_512' title='bbox 3003 2873 3387 2939; x_wconf 76' lang='grc' dir='ltr'>συζεύξαντος,</span> <span class='ocrx_word' id='word_1_513' title='bbox 3421 2875 3639 2926; x_wconf 81' lang='grc' dir='ltr'>τοσαῦτα</span> <span class='ocrx_word' id='word_1_514' title='bbox 3669 2875 3725 2943; x_wconf 74' lang='grc' dir='ltr'>τῇ</span> 
     </span>
    </p>
   </div>
   <div class='ocr_carea' id='block_1_69' title="bbox 2187 2963 3715 3034">
    <p class='ocr_par' dir='ltr' id='par_1_69' title="bbox 2187 2963 3715 3034">
     <span class='ocr_line' id='line_1_69' title="bbox 2187 2963 3715 3034; baseline 0 -18"><span class='ocrx_word' id='word_1_515' title='bbox 2187 2963 2416 3034; x_wconf 74' lang='grc' dir='ltr'>θυγατρὶ</span> <span class='ocrx_word' id='word_1_516' title='bbox 2445 2964 2473 3016; x_wconf 83' lang='grc' dir='ltr'><strong>ὁ</strong></span> <span class='ocrx_word' id='word_1_517' title='bbox 2504 2965 2834 3027; x_wconf 74' lang='grc' dir='ltr'>[Ιλαυτιανὸς</span> <span class='ocrx_word' id='word_1_518' title='bbox 2865 2963 3087 3029; x_wconf 75' lang='grc' dir='ltr'>ἔδωκεν,</span> <span class='ocrx_word' id='word_1_519' title='bbox 3118 2967 3220 3018; x_wconf 80' lang='grc' dir='ltr'>ὅσα</span> <span class='ocrx_word' id='word_1_520' title='bbox 3246 2965 3470 3028; x_wconf 78' lang='grc' dir='ltr'>πολλαῖς</span> <span class='ocrx_word' id='word_1_521' title='bbox 3502 2964 3715 3034; x_wconf 77' lang='grc' dir='ltr'>βασιλίσο</span> 
     </span>
    </p>
   </div>
   <div class='ocr_carea' id='block_1_70' title="bbox 2191 3051 3725 3129">
    <p class='ocr_par' dir='ltr' id='par_1_70' title="bbox 2191 3051 3725 3129">
     <span class='ocr_line' id='line_1_70' title="bbox 2191 3051 3725 3129; baseline -0.001 -21"><span class='ocrx_word' id='word_1_522' title='bbox 2191 3073 2314 3119; x_wconf 88' lang='grc' dir='ltr'>σαις</span> <span class='ocrx_word' id='word_1_523' title='bbox 2368 3057 2604 3128; x_wconf 70' lang='grc' dir='ltr'>ἤρκεσεν</span> <span class='ocrx_word' id='word_1_524' title='bbox 2645 3057 2730 3108; x_wconf 83' lang='grc' dir='ltr'><strong>ἄν.</strong></span> <span class='ocrx_word' id='word_1_525' title='bbox 2787 3051 2952 3118; x_wconf 74' lang='grc' dir='ltr'>Οὗτος</span> <span class='ocrx_word' id='word_1_526' title='bbox 3004 3057 3336 3129; x_wconf 82' lang='grc' dir='ltr'>ὑπερμέγας</span> <span class='ocrx_word' id='word_1_527' title='bbox 3385 3057 3609 3127; x_wconf 85' lang='grc' dir='ltr'>γεγονὼς</span> <span class='ocrx_word' id='word_1_528' title='bbox 3646 3056 3725 3108; x_wconf 79' lang='grc' dir='ltr'>καὶ</span> 
     </span>
    </p>
   </div>
   <div class='ocr_carea' id='block_1_71' title="bbox 2186 3148 3720 3222">
    <p class='ocr_par' dir='ltr' id='par_1_71' title="bbox 2186 3148 3720 3222">
     <span class='ocr_line' id='line_1_71' title="bbox 2186 3148 3720 3222; baseline -0.002 -21"><span class='ocrx_word' id='word_1_529' title='bbox 2186 3149 2441 3222; x_wconf 17' lang='grc' dir='ltr'>,πλεῖστον</span> <span class='ocrx_word' id='word_1_530' title='bbox 2491 3149 2760 3216; x_wconf 66' lang='grc' dir='ltr'>δυνηθεὶς,</span> <span class='ocrx_word' id='word_1_531' title='bbox 2793 3149 2826 3219; x_wconf 80' lang='grc' dir='ltr'>ἢ</span> <span class='ocrx_word' id='word_1_532' title='bbox 2859 3149 2954 3201; x_wconf 80' lang='grc' dir='ltr'>καὶ</span> <span class='ocrx_word' id='word_1_533' title='bbox 2988 3149 3126 3220; x_wconf 76' lang='grc' dir='ltr'>ὑπὲρ</span> <span class='ocrx_word' id='word_1_534' title='bbox 3154 3150 3244 3201; x_wconf 72' lang='grc' dir='ltr'>τὸν</span> <span class='ocrx_word' id='word_1_535' title='bbox 3301 3149 3535 3220; x_wconf 77' lang='grc' dir='ltr'>Σευῆρον</span> <span class='ocrx_word' id='word_1_536' title='bbox 3567 3148 3720 3212; x_wconf 76' lang='grc' dir='ltr'>αὐτὸν,</span> 
     </span>
    </p>
   </div>
   <div class='ocr_carea' id='block_1_72' title="bbox 2187 3239 3721 3310">
    <p class='ocr_par' dir='ltr' id='par_1_72' title="bbox 2187 3239 3721 3310">
     <span class='ocr_line' id='line_1_72' title="bbox 2187 3239 3721 3310; baseline -0.003 -13"><span class='ocrx_word' id='word_1_537' title='bbox 2187 3242 2293 3298; x_wconf 75' lang='grc' dir='ltr'>ὑπὸ</span> <span class='ocrx_word' id='word_1_538' title='bbox 2322 3242 2414 3295; x_wconf 77' lang='grc' dir='ltr'><strong>τοῦ</strong></span> <span class='ocrx_word' id='word_1_539' title='bbox 2441 3240 2686 3310; x_wconf 80' lang='grc' dir='ltr'>γαμϐροῦ</span> <span class='ocrx_word' id='word_1_540' title='bbox 2726 3239 3046 3293; x_wconf 82' lang='grc' dir='ltr'>Ἀντωνίνου</span> <span class='ocrx_word' id='word_1_541' title='bbox 3092 3240 3496 3304; x_wconf 65' lang='grc' dir='ltr'>ἐπιϐουλευθεῖς</span> <span class='ocrx_word' id='word_1_542' title='bbox 3521 3241 3721 3308; x_wconf 74' lang='grc' dir='ltr'>ἐσιρὰγη,</span> 
     </span>
    </p>
   </div>
   <div class='ocr_carea' id='block_1_73' title="bbox 2187 3327 3720 3402">
    <p class='ocr_par' dir='ltr' id='par_1_73' title="bbox 2187 3327 3720 3402">
     <span class='ocr_line' id='line_1_73' title="bbox 2187 3327 3720 3402; baseline -0.007 -16"><span class='ocrx_word' id='word_1_543' title='bbox 2187 3333 2282 3386; x_wconf 72' lang='grc' dir='ltr'>καὶ</span> <span class='ocrx_word' id='word_1_544' title='bbox 2307 3333 2512 3386; x_wconf 77' lang='grc' dir='ltr'>ἄνωθεν</span> <span class='ocrx_word' id='word_1_545' title='bbox 2547 3333 2625 3394; x_wconf 82' lang='grc' dir='ltr'><strong>είς</strong></span> <span class='ocrx_word' id='word_1_546' title='bbox 2654 3330 2775 3382; x_wconf 75' lang='grc' dir='ltr'><strong>ὀδόν</strong></span> <span class='ocrx_word' id='word_1_547' title='bbox 2808 3347 2928 3382; x_wconf 88' lang='grc' dir='ltr'>τινα</span> <span class='ocrx_word' id='word_1_548' title='bbox 2951 3329 3173 3402; x_wconf 53' lang='grc' dir='ltr'>ἐρρίφη.</span> <span class='ocrx_word' id='word_1_549' title='bbox 3207 3329 3275 3382; x_wconf 88' lang='grc' dir='ltr'><strong>Οἱ</strong></span> <span class='ocrx_word' id='word_1_550' title='bbox 3305 3330 3362 3382; x_wconf 79' lang='grc' dir='ltr'><strong>δὲ</strong></span> <span class='ocrx_word' id='word_1_551' title='bbox 3393 3327 3483 3381; x_wconf 83' lang='grc' dir='ltr'>τοῦ</span> <span class='ocrx_word' id='word_1_552' title='bbox 3515 3328 3720 3394; x_wconf 69' lang='grc' dir='ltr'>Σευῆρον</span> 
     </span>
    </p>
   </div>
   <div class='ocr_carea' id='block_1_74' title="bbox 2188 3420 3724 3494">
    <p class='ocr_par' dir='ltr' id='par_1_74' title="bbox 2188 3420 3724 3494">
     <span class='ocr_line' id='line_1_74' title="bbox 2188 3420 3724 3494; baseline -0.007 -12"><span class='ocrx_word' id='word_1_553' title='bbox 2188 3429 2378 3491; x_wconf 84' lang='grc' dir='ltr'>παῖδες</span> <span class='ocrx_word' id='word_1_554' title='bbox 2422 3427 2733 3489; x_wconf 68' lang='grc' dir='ltr'>Ἀντωνῖνος</span> <span class='ocrx_word' id='word_1_555' title='bbox 2768 3425 2858 3479; x_wconf 72' lang='grc' dir='ltr'><strong>καὶ</strong></span> <span class='ocrx_word' id='word_1_556' title='bbox 2901 3425 2939 3476; x_wconf 85' lang='grc' dir='ltr'><strong>Γ</strong></span> <span class='ocrx_word' id='word_1_557' title='bbox 2944 3425 3092 3489; x_wconf 80' lang='grc' dir='ltr'>έτας,</span> <span class='ocrx_word' id='word_1_558' title='bbox 3143 3424 3341 3494; x_wconf 79' lang='grc' dir='ltr'>ὥσπερ</span> <span class='ocrx_word' id='word_1_559' title='bbox 3387 3421 3504 3476; x_wconf 84' lang='grc' dir='ltr'>τινὰ</span> <span class='ocrx_word' id='word_1_560' title='bbox 3559 3420 3724 3473; x_wconf 80' lang='grc' dir='ltr'>παιδα-</span> 
     </span>
    </p>
   </div>
   <div class='ocr_carea' id='block_1_75' title="bbox 2189 3515 3721 3592">
    <p class='ocr_par' dir='ltr' id='par_1_75' title="bbox 2189 3515 3721 3592">
     <span class='ocr_line' id='line_1_75' title="bbox 2189 3515 3721 3592; baseline -0.007 -19"><span class='ocrx_word' id='word_1_561' title='bbox 2189 3520 2367 3592; x_wconf 76' lang='grc' dir='ltr'>γωγὸν</span> <span class='ocrx_word' id='word_1_562' title='bbox 2415 3520 2506 3573; x_wconf 78' lang='grc' dir='ltr'><strong>τὸν</strong></span> <span class='ocrx_word' id='word_1_563' title='bbox 2565 3517 2894 3572; x_wconf 77' lang='grc' dir='ltr'>ιιλαυτιανὸν</span> <span class='ocrx_word' id='word_1_564' title='bbox 2939 3520 3393 3586; x_wconf 78' lang='grc' dir='ltr'>ἀποσεισάμενοι,</span> <span class='ocrx_word' id='word_1_565' title='bbox 3441 3515 3575 3570; x_wconf 71' lang='grc' dir='ltr'>ἅπαν</span> <span class='ocrx_word' id='word_1_566' title='bbox 3610 3528 3721 3585; x_wconf 83' lang='grc' dir='ltr'>μετ·</span> 
     </span>
    </p>
   </div>
   <div class='ocr_carea' id='block_1_76' title="bbox 2189 3604 3719 3684">
    <p class='ocr_par' dir='ltr' id='par_1_76' title="bbox 2189 3604 3719 3684">
     <span class='ocr_line' id='line_1_76' title="bbox 2189 3604 3719 3684; baseline -0.007 -20"><span class='ocrx_word' id='word_1_567' title='bbox 2189 3614 2355 3684; x_wconf 70' lang='grc' dir='ltr'>ῄεσαν</span> <span class='ocrx_word' id='word_1_568' title='bbox 2380 3613 2670 3683; x_wconf 77' lang='grc' dir='ltr'>χείριστον.</span> <span class='ocrx_word' id='word_1_569' title='bbox 2723 3611 2856 3664; x_wconf 87' lang='grc' dir='ltr'>Τότε</span> <span class='ocrx_word' id='word_1_570' title='bbox 2913 3614 3006 3663; x_wconf 74' lang='grc' dir='ltr'>καὶ</span> <span class='ocrx_word' id='word_1_571' title='bbox 3055 3609 3296 3671; x_wconf 84' lang='grc' dir='ltr'>Βούλλας</span> <span class='ocrx_word' id='word_1_572' title='bbox 3329 3608 3513 3678; x_wconf 79' lang='grc' dir='ltr'>Φῆλιξ,</span> <span class='ocrx_word' id='word_1_573' title='bbox 3553 3604 3719 3667; x_wconf 70' lang='grc' dir='ltr'>Ἰταλὸς</span> 
     </span>
    </p>
   </div>
   <div class='ocr_carea' id='block_1_77' title="bbox 2192 3695 3718 3776">
    <p class='ocr_par' dir='ltr' id='par_1_77' title="bbox 2192 3695 3718 3776">
     <span class='ocr_line' id='line_1_77' title="bbox 2192 3695 3718 3776; baseline -0.009 -18"><span class='ocrx_word' id='word_1_574' title='bbox 2192 3707 2354 3776; x_wconf 84' lang='grc' dir='ltr'>ἀνὴρ,</span> <span class='ocrx_word' id='word_1_575' title='bbox 2399 3705 2694 3776; x_wconf 77' lang='grc' dir='ltr'>λῃστήριον</span> <span class='ocrx_word' id='word_1_576' title='bbox 2726 3703 3132 3771; x_wconf 78' lang='grc' dir='ltr'>συστησάμενος</span> <span class='ocrx_word' id='word_1_577' title='bbox 3177 3701 3478 3767; x_wconf 79' lang='grc' dir='ltr'>ἑξακοσίων</span> <span class='ocrx_word' id='word_1_578' title='bbox 3524 3695 3718 3766; x_wconf 83' lang='grc' dir='ltr'>ἀνδρῶν,</span> 
     </span>
    </p>
   </div>
   <div class='ocr_carea' id='block_1_78' title="bbox 2191 3789 3718 3869">
    <p class='ocr_par' dir='ltr' id='par_1_78' title="bbox 2191 3789 3718 3869">
     <span class='ocr_line' id='line_1_78' title="bbox 2191 3789 3718 3869; baseline -0.008 -17"><span class='ocrx_word' id='word_1_579' title='bbox 2191 3798 2433 3869; x_wconf 75' lang='grc' dir='ltr'>ἐληῖζετο</span> <span class='ocrx_word' id='word_1_580' title='bbox 2458 3797 2554 3866; x_wconf 84' lang='grc' dir='ltr'>τὴν</span> <span class='ocrx_word' id='word_1_581' title='bbox 2598 3795 2827 3866; x_wconf 88' lang='grc' dir='ltr'>Ἰταλίαν</span> <span class='ocrx_word' id='word_1_582' title='bbox 2861 3793 2948 3846; x_wconf 79' lang='grc' dir='ltr'>ἐπ’</span> <span class='ocrx_word' id='word_1_583' title='bbox 2979 3793 3072 3864; x_wconf 74' lang='grc' dir='ltr'><strong>ἐτη</strong></span> <span class='ocrx_word' id='word_1_584' title='bbox 3105 3793 3216 3846; x_wconf 80' lang='grc' dir='ltr'>δύο.</span> <span class='ocrx_word' id='word_1_585' title='bbox 3248 3792 3468 3846; x_wconf 86' lang='grc' dir='ltr'>Πολλῶν</span> <span class='ocrx_word' id='word_1_586' title='bbox 3505 3791 3556 3844; x_wconf 83' lang='grc' dir='ltr'><strong>δὲ</strong></span> <span class='ocrx_word' id='word_1_587' title='bbox 3597 3789 3718 3858; x_wconf 74' lang='grc' dir='ltr'>φιλο-</span> 
     </span>
    </p>
   </div>
   <div class='ocr_carea' id='block_1_79' title="bbox 2193 3883 3722 3961">
    <p class='ocr_par' dir='ltr' id='par_1_79' title="bbox 2193 3883 3722 3961">
     <span class='ocr_line' id='line_1_79' title="bbox 2193 3883 3722 3961; baseline -0.009 -18"><span class='ocrx_word' id='word_1_588' title='bbox 2193 3890 2538 3961; x_wconf 81' lang='grc' dir='ltr'>τιμουμένων</span> <span class='ocrx_word' id='word_1_589' title='bbox 2588 3891 2878 3958; x_wconf 81' lang='grc' dir='ltr'>κατασχεῖν</span> <span class='ocrx_word' id='word_1_590' title='bbox 2936 3887 3119 3950; x_wconf 75' lang='grc' dir='ltr'>αὑτὸν,</span> <span class='ocrx_word' id='word_1_591' title='bbox 3152 3887 3179 3938; x_wconf 81' lang='grc' dir='ltr'><strong>ὁ</strong></span> <span class='ocrx_word' id='word_1_592' title='bbox 3209 3886 3265 3939; x_wconf 85' lang='grc' dir='ltr'><strong>δὲ</strong></span> <span class='ocrx_word' id='word_1_593' title='bbox 3321 3883 3436 3956; x_wconf 77' lang='grc' dir='ltr'>οὐχ’</span> <span class='ocrx_word' id='word_1_594' title='bbox 3487 3883 3722 3952; x_wconf 62' lang='grc' dir='ltr'>ἡλίσκετο,</span> 
     </span>
    </p>
   </div>
   <div class='ocr_carea' id='block_1_80' title="bbox 2195 3977 3724 4052">
    <p class='ocr_par' dir='ltr' id='par_1_80' title="bbox 2195 3977 3724 4052">
     <span class='ocr_line' id='line_1_80' title="bbox 2195 3977 3724 4052; baseline -0.009 -14"><span class='ocrx_word' id='word_1_595' title='bbox 2195 3982 2502 4052; x_wconf 72' lang='grc' dir='ltr'>εὐμεθόδως</span> <span class='ocrx_word' id='word_1_596' title='bbox 2529 3981 2618 4032; x_wconf 76' lang='grc' dir='ltr'><strong>διὰ</strong></span> <span class='ocrx_word' id='word_1_597' title='bbox 2644 3979 2862 4050; x_wconf 84' lang='grc' dir='ltr'>τρόπων</span> <span class='ocrx_word' id='word_1_598' title='bbox 2894 3979 3102 4032; x_wconf 79' lang='grc' dir='ltr'>πολλῶν</span> <span class='ocrx_word' id='word_1_599' title='bbox 3156 3979 3289 4042; x_wconf 85' lang='grc' dir='ltr'>τοὺς</span> <span class='ocrx_word' id='word_1_600' title='bbox 3339 3978 3497 4032; x_wconf 83' lang='grc' dir='ltr'>αὑτὸν</span> <span class='ocrx_word' id='word_1_601' title='bbox 3537 3977 3724 4030; x_wconf 72' lang='grc' dir='ltr'>διώκοι-</span> 
     </span>
    </p>
   </div>
   <div class='ocr_carea' id='block_1_81' title="bbox 2194 4065 3722 4141">
    <p class='ocr_par' dir='ltr' id='par_1_81' title="bbox 2194 4065 3722 4141">
     <span class='ocr_line' id='line_1_81' title="bbox 2194 4065 3722 4141; baseline -0.008 -13"><span class='ocrx_word' id='word_1_602' title='bbox 2194 4091 2294 4138; x_wconf 80' lang='grc' dir='ltr'><strong>τας</strong></span> <span class='ocrx_word' id='word_1_603' title='bbox 2342 4072 2840 4141; x_wconf 79' lang='grc' dir='ltr'>κατασοφιζόμενος</span> <span class='ocrx_word' id='word_1_604' title='bbox 2867 4086 2882 4102; x_wconf 80' lang='grc'><em>’</em></span> <span class='ocrx_word' id='word_1_605' title='bbox 2937 4066 3011 4124; x_wconf 83' lang='grc' dir='ltr'>ὧν</span> <span class='ocrx_word' id='word_1_606' title='bbox 3064 4071 3158 4125; x_wconf 72' lang='grc' dir='ltr'>ἕνα</span> <span class='ocrx_word' id='word_1_607' title='bbox 3221 4073 3307 4134; x_wconf 77' lang='grc' dir='ltr'><strong>είς</strong></span> <span class='ocrx_word' id='word_1_608' title='bbox 3360 4070 3600 4138; x_wconf 76' lang='grc' dir='ltr'>ἔνδειγμα</span> <span class='ocrx_word' id='word_1_609' title='bbox 3635 4065 3722 4119; x_wconf 81' lang='grc' dir='ltr'><strong>τῶν</strong></span> 
     </span>
    </p>
   </div>
   <div class='ocr_carea' id='block_1_82' title="bbox 2195 4162 3723 4236">
    <p class='ocr_par' dir='ltr' id='par_1_82' title="bbox 2195 4162 3723 4236">
     <span class='ocr_line' id='line_1_82' title="bbox 2195 4162 3723 4236; baseline -0.009 -14"><span class='ocrx_word' id='word_1_610' title='bbox 2195 4166 2373 4222; x_wconf 79' lang='grc' dir='ltr'>ἄλλων</span> <span class='ocrx_word' id='word_1_611' title='bbox 2409 4164 2660 4236; x_wconf 79' lang='grc' dir='ltr'>ἐροῦμεν.</span> <span class='ocrx_word' id='word_1_612' title='bbox 2705 4163 3138 4232; x_wconf 69' lang='grc' dir='ltr'>Ἐκατοντᾶρχου</span> <span class='ocrx_word' id='word_1_613' title='bbox 3185 4162 3342 4233; x_wconf 77' lang='grc' dir='ltr'>παρὰ</span> <span class='ocrx_word' id='word_1_614' title='bbox 3389 4162 3616 4232; x_wconf 79' lang='grc' dir='ltr'>Σευήρου</span> <span class='ocrx_word' id='word_1_615' title='bbox 3648 4173 3723 4210; x_wconf 80' lang='grc' dir='ltr'>κε-</span> 
     </span>
    </p>
   </div>
   <div class='ocr_carea' id='block_1_83' title="bbox 2195 4247 3722 4323">
    <p class='ocr_par' dir='ltr' id='par_1_83' title="bbox 2195 4247 3722 4323">
     <span class='ocr_line' id='line_1_83' title="bbox 2195 4247 3722 4323; baseline -0.004 -15"><span class='ocrx_word' id='word_1_616' title='bbox 2195 4256 2510 4318; x_wconf 82' lang='grc' dir='ltr'>λευσθέντος</span> <span class='ocrx_word' id='word_1_617' title='bbox 2541 4252 2770 4323; x_wconf 84' lang='grc' dir='ltr'>λοχῆσαι</span> <span class='ocrx_word' id='word_1_618' title='bbox 2801 4253 2984 4316; x_wconf 70' lang='grc' dir='ltr'>αὐτὸν,</span> <span class='ocrx_word' id='word_1_619' title='bbox 3043 4252 3206 4315; x_wconf 77' lang='grc' dir='ltr'>αὐτὸς</span> <span class='ocrx_word' id='word_1_620' title='bbox 3249 4252 3446 4322; x_wconf 83' lang='grc' dir='ltr'>ἐκείνῳ</span> <span class='ocrx_word' id='word_1_621' title='bbox 3491 4247 3722 4320; x_wconf 74' lang='grc' dir='ltr'>προσῆλθε</span> 
     </span>
    </p>
   </div>
   <div class='ocr_carea' id='block_1_84' title="bbox 2194 4340 3724 4410">
    <p class='ocr_par' dir='ltr' id='par_1_84' title="bbox 2194 4340 3724 4410">
     <span class='ocr_line' id='line_1_84' title="bbox 2194 4340 3724 4410; baseline -0.005 -8"><span class='ocrx_word' id='word_1_622' title='bbox 2194 4351 2262 4403; x_wconf 74' lang='grc' dir='ltr'><strong>δι’</strong></span> <span class='ocrx_word' id='word_1_623' title='bbox 2285 4347 2478 4402; x_wconf 77' lang='grc' dir='ltr'>ἑαυτοῦ</span> <span class='ocrx_word' id='word_1_624' title='bbox 2514 4347 2590 4409; x_wconf 84' lang='grc' dir='ltr'><strong>ῶς</strong></span> <span class='ocrx_word' id='word_1_625' title='bbox 2619 4345 2775 4408; x_wconf 80' lang='grc' dir='ltr'>ἄλλος</span> <span class='ocrx_word' id='word_1_626' title='bbox 2805 4362 2908 4410; x_wconf 88' lang='grc' dir='ltr'>τις,</span> <span class='ocrx_word' id='word_1_627' title='bbox 2941 4346 3033 4398; x_wconf 75' lang='grc' dir='ltr'><strong>καὶ</strong></span> <span class='ocrx_word' id='word_1_628' title='bbox 3061 4345 3500 4405; x_wconf 79' lang='grc' dir='ltr'>διεσεόαιώσατο.</span> <span class='ocrx_word' id='word_1_629' title='bbox 3532 4346 3573 4396; x_wconf 85' lang='grc' dir='ltr'>εξ</span> <span class='ocrx_word' id='word_1_630' title='bbox 3605 4340 3724 4410; x_wconf 37' lang='lat' dir='ltr'><strong>340t-</strong></span> 
     </span>
    </p>
   </div>
   <div class='ocr_carea' id='block_1_85' title="bbox 518 4431 2087 4525">
    <p class='ocr_par' dir='ltr' id='par_1_85' title="bbox 518 4431 2087 4504">
     <span class='ocr_line' id='line_1_85' title="bbox 518 4431 2087 4504; baseline 0.006 -19"><span class='ocrx_word' id='word_1_631' title='bbox 518 4431 721 4485; x_wconf 83' lang='lat' dir='ltr'><strong>Nuntia</strong></span> <span class='ocrx_word' id='word_1_632' title='bbox 770 4433 985 4486; x_wconf 81' lang='lat' dir='ltr'><strong>domino</strong></span> <span class='ocrx_word' id='word_1_633' title='bbox 1023 4443 1147 4500; x_wconf 82' lang='lat' dir='ltr'><strong>tuo,</strong></span> <span class='ocrx_word' id='word_1_634' title='bbox 1193 4444 1248 4486; x_wconf 86' lang='lat' dir='ltr'><strong>ut</strong></span> <span class='ocrx_word' id='word_1_635' title='bbox 1281 4451 1452 4489; x_wconf 76' lang='lat' dir='ltr'><strong>servos</strong></span> <span class='ocrx_word' id='word_1_636' title='bbox 1501 4453 1624 4490; x_wconf 67' lang='lat' dir='ltr'><strong>suos</strong></span> <span class='ocrx_word' id='word_1_637' title='bbox 1658 4439 1792 4504; x_wconf 81' lang='lat' dir='ltr'><strong>alat,</strong></span> <span class='ocrx_word' id='word_1_638' title='bbox 1832 4456 1896 4493; x_wconf 80' lang='lat' dir='ltr'><strong>ne</strong></span> <span class='ocrx_word' id='word_1_639' title='bbox 1925 4441 2087 4495; x_wconf 83' lang='lat' dir='ltr'><strong>latro-</strong></span> 
     </span>
    </p>
   </div>
   <div class='ocr_carea' id='block_1_86' title="bbox 2191 4431 3722 4525">
    <p class='ocr_par' dir='ltr' id='par_1_86' title="bbox 2201 4436 3722 4512">
     <span class='ocr_line' id='line_1_86' title="bbox 2201 4436 3722 4512; baseline -0.009 -16"><span class='ocrx_word' id='word_1_640' title='bbox 2201 4461 2282 4507; x_wconf 87' lang='grc' dir='ltr'><strong>το,</strong></span> <span class='ocrx_word' id='word_1_641' title='bbox 2320 4439 2654 4512; x_wconf 81' lang='grc' dir='ltr'>παραδοῦναι</span> <span class='ocrx_word' id='word_1_642' title='bbox 2679 4439 2830 4512; x_wconf 81' lang='grc' dir='ltr'>αὐτῷ</span> <span class='ocrx_word' id='word_1_643' title='bbox 2862 4439 2953 4492; x_wconf 84' lang='grc' dir='ltr'><strong>τὸν</strong></span> <span class='ocrx_word' id='word_1_644' title='bbox 2981 4438 3205 4510; x_wconf 75' lang='grc' dir='ltr'>λῃστήν.</span> <span class='ocrx_word' id='word_1_645' title='bbox 3237 4439 3346 4492; x_wconf 90' lang='grc' dir='ltr'><strong>Τοῦ</strong></span> <span class='ocrx_word' id='word_1_646' title='bbox 3372 4439 3426 4492; x_wconf 84' lang='grc' dir='ltr'><strong>δέ</strong></span> <span class='ocrx_word' id='word_1_647' title='bbox 3452 4436 3722 4493; x_wconf 79' lang='grc' dir='ltr'>πεισθέντος</span> 
     </span>
    </p>
   </div>
   <div class='ocr_carea' id='block_1_87' title="bbox 519 4526 2094 4592">
    <p class='ocr_par' dir='ltr' id='par_1_87' title="bbox 519 4526 2094 4592">
     <span class='ocr_line' id='line_1_87' title="bbox 519 4526 2094 4592; baseline 0.01 -16"><span class='ocrx_word' id='word_1_648' title='bbox 519 4531 782 4578; x_wconf 65' lang='grc' dir='ltr'>εδηρηιιιν.</span> <span class='ocrx_word' id='word_1_649' title='bbox 836 4526 987 4580; x_wconf 85' lang='lat' dir='ltr'><strong>Multi</strong></span> <span class='ocrx_word' id='word_1_650' title='bbox 1023 4527 1168 4580; x_wconf 91' lang='lat' dir='ltr'><strong>enim</strong></span> <span class='ocrx_word' id='word_1_651' title='bbox 1219 4527 1512 4582; x_wconf 64' lang='lat' dir='ltr'><strong>Caesariani</strong></span> <span class='ocrx_word' id='word_1_652' title='bbox 1570 4529 1751 4586; x_wconf 89' lang='lat' dir='ltr'><strong>liberti</strong></span> <span class='ocrx_word' id='word_1_653' title='bbox 1781 4548 1839 4588; x_wconf 89' lang='lat' dir='ltr'><strong>se</strong></span> <span class='ocrx_word' id='word_1_654' title='bbox 1869 4535 1936 4589; x_wconf 88' lang='lat' dir='ltr'><strong>ad</strong></span> <span class='ocrx_word' id='word_1_655' title='bbox 1969 4551 2094 4592; x_wconf 88' lang='lat' dir='ltr'><strong>eum</strong></span> 
     </span>
    </p>
   </div>
   <div class='ocr_carea' id='block_1_88' title="bbox 523 4619 2103 4701">
    <p class='ocr_par' dir='ltr' id='par_1_88' title="bbox 523 4619 2103 4701">
     <span class='ocr_line' id='line_1_88' title="bbox 523 4619 2103 4701; baseline 0.009 -32"><span class='ocrx_word' id='word_1_656' title='bbox 523 4619 894 4672; x_wconf 81' lang='lat' dir='ltr'><strong>contulerant.</strong></span> <span class='ocrx_word' id='word_1_657' title='bbox 945 4620 1073 4673; x_wconf 77' lang='lat' dir='ltr'><strong>Post</strong></span> <span class='ocrx_word' id='word_1_658' title='bbox 1112 4627 1291 4674; x_wconf 85' lang='lat' dir='ltr'><strong>tamen</strong></span> <span class='ocrx_word' id='word_1_659' title='bbox 1345 4631 1558 4691; x_wconf 90' lang='lat' dir='ltr'><strong>captus,</strong></span> <span class='ocrx_word' id='word_1_660' title='bbox 1609 4633 1664 4679; x_wconf 78' lang='lat' dir='ltr'><strong>et</strong></span> <span class='ocrx_word' id='word_1_661' title='bbox 1709 4624 1905 4683; x_wconf 84' lang='lat' dir='ltr'><strong>bestiis</strong></span> <span class='ocrx_word' id='word_1_662' title='bbox 1948 4629 2103 4701; x_wconf 88' lang='lat' dir='ltr'><strong>obje-</strong></span> 
     </span>
    </p>
   </div>
   <div class='ocr_carea' id='block_1_89' title="bbox 524 4715 2104 4784">
    <p class='ocr_par' dir='ltr' id='par_1_89' title="bbox 524 4715 2104 4784">
     <span class='ocr_line' id='line_1_89' title="bbox 524 4715 2104 4784; baseline 0.008 -20"><span class='ocrx_word' id='word_1_663' title='bbox 524 4722 646 4765; x_wconf 85' lang='lat' dir='ltr'><strong>ctus</strong></span> <span class='ocrx_word' id='word_1_664' title='bbox 691 4722 792 4766; x_wconf 90' lang='lat' dir='ltr'><strong>est.</strong></span> <span class='ocrx_word' id='word_1_665' title='bbox 833 4715 1070 4768; x_wconf 86' lang='lat' dir='ltr'><strong>Severus</strong></span> <span class='ocrx_word' id='word_1_666' title='bbox 1117 4723 1302 4769; x_wconf 88' lang='lat' dir='ltr'><strong>autem</strong></span> <span class='ocrx_word' id='word_1_667' title='bbox 1354 4716 1758 4784; x_wconf 77' lang='lat' dir='ltr'><strong>expeditionem</strong></span> <span class='ocrx_word' id='word_1_668' title='bbox 1801 4721 1853 4774; x_wconf 92' lang='lat' dir='ltr'><strong>in</strong></span> <span class='ocrx_word' id='word_1_669' title='bbox 1885 4722 2104 4778; x_wconf 79' lang='lat' dir='ltr'><strong>Britan-</strong></span> 
     </span>
    </p>
   </div>
   <div class='ocr_carea' id='block_1_90' title="bbox 525 4803 2104 4882">
    <p class='ocr_par' dir='ltr' id='par_1_90' title="bbox 525 4803 2104 4882">
     <span class='ocr_line' id='line_1_90' title="bbox 525 4803 2104 4882; baseline 0.009 -27"><span class='ocrx_word' id='word_1_670' title='bbox 525 4803 669 4855; x_wconf 91' lang='lat' dir='ltr'><strong>niam</strong></span> <span class='ocrx_word' id='word_1_671' title='bbox 719 4806 981 4874; x_wconf 87' lang='lat' dir='ltr'><strong>suscepit,</strong></span> <span class='ocrx_word' id='word_1_672' title='bbox 1014 4822 1082 4861; x_wconf 90' lang='lat' dir='ltr'><strong>ne</strong></span> <span class='ocrx_word' id='word_1_673' title='bbox 1119 4817 1173 4861; x_wconf 87' lang='lat' dir='ltr'><strong>et</strong></span> <span class='ocrx_word' id='word_1_674' title='bbox 1205 4806 1300 4861; x_wconf 85' lang='lat' dir='ltr'><strong>lilii</strong></span> <span class='ocrx_word' id='word_1_675' title='bbox 1347 4808 1478 4861; x_wconf 81' lang='lat' dir='ltr'><strong>luxu</strong></span> <span class='ocrx_word' id='word_1_676' title='bbox 1512 4822 2018 4882; x_wconf 86' lang='lat' dir='ltr'><strong>corrumperentur,</strong></span> <span class='ocrx_word' id='word_1_677' title='bbox 2049 4823 2104 4870; x_wconf 87' lang='lat' dir='ltr'><strong>et</strong></span> 
     </span>
    </p>
   </div>
   <div class='ocr_carea' id='block_1_91' title="bbox 525 4894 2102 4962">
    <p class='ocr_par' dir='ltr' id='par_1_91' title="bbox 525 4894 2102 4962">
     <span class='ocr_line' id='line_1_91' title="bbox 525 4894 2102 4962; baseline 0.009 -15"><span class='ocrx_word' id='word_1_678' title='bbox 525 4894 768 4962; x_wconf 80' lang='lat' dir='ltr'><strong>legiones</strong></span> <span class='ocrx_word' id='word_1_679' title='bbox 833 4899 944 4951; x_wconf 79' lang='lat' dir='ltr'><strong>otio</strong></span> <span class='ocrx_word' id='word_1_680' title='bbox 1010 4900 1480 4954; x_wconf 90' lang='lat' dir='ltr'><strong>remollescerent.</strong></span> <span class='ocrx_word' id='word_1_681' title='bbox 1558 4902 1698 4957; x_wconf 91' lang='lat' dir='ltr'><strong>Sunt</strong></span> <span class='ocrx_word' id='word_1_682' title='bbox 1743 4912 1924 4958; x_wconf 89' lang='lat' dir='ltr'><strong>autem</strong></span> <span class='ocrx_word' id='word_1_683' title='bbox 1979 4905 2102 4961; x_wconf 65' lang='lat' dir='ltr'><strong>duae</strong></span> 
     </span>
    </p>
   </div>
   <div class='ocr_carea' id='block_1_92' title="bbox 523 4987 2096 5066">
    <p class='ocr_par' dir='ltr' id='par_1_92' title="bbox 523 4987 2096 5066">
     <span class='ocr_line' id='line_1_92' title="bbox 523 4987 2096 5066; baseline 0.009 -29"><span class='ocrx_word' id='word_1_684' title='bbox 523 4996 716 5054; x_wconf 81' lang='lat' dir='ltr'><strong>gentes</strong></span> <span class='ocrx_word' id='word_1_685' title='bbox 763 4987 1087 5045; x_wconf 68' lang='lat' dir='ltr'><strong>Britannica:</strong></span> <span class='ocrx_word' id='word_1_686' title='bbox 1137 4994 1402 5058; x_wconf 62' lang='lat' dir='ltr'><strong>maxima‘,</strong></span> <span class='ocrx_word' id='word_1_687' title='bbox 1447 4993 1726 5066; x_wconf 85' lang='lat' dir='ltr'><strong>Calydonii</strong></span> <span class='ocrx_word' id='word_1_688' title='bbox 1773 5007 1829 5051; x_wconf 90' lang='lat' dir='ltr'><strong>et</strong></span> <span class='ocrx_word' id='word_1_689' title='bbox 1875 4997 2096 5063; x_wconf 71' lang='lat' dir='ltr'><strong>Mmatm,</strong></span> 
     </span>
    </p>
   </div>
   <div class='ocr_carea' id='block_1_93' title="bbox 528 5080 2097 5159">
    <p class='ocr_par' dir='ltr' id='par_1_93' title="bbox 528 5080 2097 5159">
     <span class='ocr_line' id='line_1_93' title="bbox 528 5080 2097 5159; baseline 0.01 -30"><span class='ocrx_word' id='word_1_690' title='bbox 528 5080 748 5148; x_wconf 89' lang='lat' dir='ltr'><strong>utrique</strong></span> <span class='ocrx_word' id='word_1_691' title='bbox 795 5097 1017 5150; x_wconf 83' lang='lat' dir='ltr'><strong>asperos</strong></span> <span class='ocrx_word' id='word_1_692' title='bbox 1052 5096 1264 5140; x_wconf 89' lang='lat' dir='ltr'><strong>montes</strong></span> <span class='ocrx_word' id='word_1_693' title='bbox 1294 5097 1350 5139; x_wconf 91' lang='lat' dir='ltr'><strong>et</strong></span> <span class='ocrx_word' id='word_1_694' title='bbox 1380 5102 1602 5156; x_wconf 83' lang='lat' dir='ltr'><strong>campos</strong></span> <span class='ocrx_word' id='word_1_695' title='bbox 1649 5089 1882 5143; x_wconf 91' lang='lat' dir='ltr'><strong>incultos</strong></span> <span class='ocrx_word' id='word_1_696' title='bbox 1913 5106 1975 5144; x_wconf 86' lang='lat' dir='ltr'><strong>ac</strong></span> <span class='ocrx_word' id='word_1_697' title='bbox 2004 5109 2097 5159; x_wconf 85' lang='lat' dir='ltr'><strong>pa-</strong></span> 
     </span>
    </p>
   </div>
   <div class='ocr_carea' id='block_1_94' title="bbox 527 5170 2099 5249">
    <p class='ocr_par' dir='ltr' id='par_1_94' title="bbox 527 5170 2099 5249">
     <span class='ocr_line' id='line_1_94' title="bbox 527 5170 2099 5249; baseline 0.008 -27"><span class='ocrx_word' id='word_1_698' title='bbox 527 5171 730 5223; x_wconf 80' lang='lat' dir='ltr'><strong>lustres</strong></span> <span class='ocrx_word' id='word_1_699' title='bbox 782 5170 1120 5237; x_wconf 82' lang='lat' dir='ltr'><strong>incolentes,</strong></span> <span class='ocrx_word' id='word_1_700' title='bbox 1183 5191 1361 5246; x_wconf 90' lang='lat' dir='ltr'><strong>neque</strong></span> <span class='ocrx_word' id='word_1_701' title='bbox 1413 5176 1576 5232; x_wconf 88' lang='lat' dir='ltr'><strong>urbes</strong></span> <span class='ocrx_word' id='word_1_702' title='bbox 1628 5177 1872 5243; x_wconf 83' lang='lat' dir='ltr'><strong>habent,</strong></span> <span class='ocrx_word' id='word_1_703' title='bbox 1921 5195 2099 5249; x_wconf 58' lang='lat' dir='ltr'><strong>neque</strong></span> 
     </span>
    </p>
   </div>
   <div class='ocr_carea' id='block_1_95' title="bbox 527 5265 2100 5336">
    <p class='ocr_par' dir='ltr' id='par_1_95' title="bbox 527 5265 2100 5336">
     <span class='ocr_line' id='line_1_95' title="bbox 527 5265 2100 5336; baseline 0.006 -21"><span class='ocrx_word' id='word_1_704' title='bbox 527 5271 732 5315; x_wconf 82' lang='lat' dir='ltr'><strong>terram</strong></span> <span class='ocrx_word' id='word_1_705' title='bbox 787 5265 1018 5318; x_wconf 86' lang='lat' dir='ltr'><strong>colunt:</strong></span> <span class='ocrx_word' id='word_1_706' title='bbox 1052 5265 1148 5319; x_wconf 91' lang='lat' dir='ltr'><strong>sed</strong></span> <span class='ocrx_word' id='word_1_707' title='bbox 1199 5283 1265 5320; x_wconf 72' lang='lat' dir='ltr'><strong>ex</strong></span> <span class='ocrx_word' id='word_1_708' title='bbox 1325 5277 1506 5336; x_wconf 91' lang='lat' dir='ltr'><strong>pastu,</strong></span> <span class='ocrx_word' id='word_1_709' title='bbox 1547 5271 1861 5334; x_wconf 86' lang='lat' dir='ltr'><strong>venatione,</strong></span> <span class='ocrx_word' id='word_1_710' title='bbox 1906 5270 2100 5324; x_wconf 80' lang='lat' dir='ltr'><strong>fructi-</strong></span> 
     </span>
    </p>
   </div>
   <div class='ocr_carea' id='block_1_96' title="bbox 527 5353 2101 5430">
    <p class='ocr_par' dir='ltr' id='par_1_96' title="bbox 527 5353 2101 5430">
     <span class='ocr_line' id='line_1_96' title="bbox 527 5353 2101 5430; baseline 0.006 -24"><span class='ocrx_word' id='word_1_711' title='bbox 527 5353 633 5408; x_wconf 84' lang='lat' dir='ltr'><strong>bus</strong></span> <span class='ocrx_word' id='word_1_712' title='bbox 683 5353 941 5408; x_wconf 90' lang='lat' dir='ltr'><strong>arborum</strong></span> <span class='ocrx_word' id='word_1_713' title='bbox 996 5355 1265 5411; x_wconf 81' lang='lat' dir='ltr'><strong>vietitant.</strong></span> <span class='ocrx_word' id='word_1_714' title='bbox 1329 5359 1578 5413; x_wconf 86' lang='lat' dir='ltr'><strong>Piscibus</strong></span> <span class='ocrx_word' id='word_1_715' title='bbox 1633 5361 1800 5423; x_wconf 88' lang='lat' dir='ltr'><strong>enim,</strong></span> <span class='ocrx_word' id='word_1_716' title='bbox 1853 5363 2101 5430; x_wconf 88' lang='lat' dir='ltr'><strong>quamvis</strong></span> 
     </span>
    </p>
   </div>
   <div class='ocr_carea' id='block_1_97' title="bbox 527 5444 2102 5510">
    <p class='ocr_par' dir='ltr' id='par_1_97' title="bbox 527 5444 2102 5510">
     <span class='ocr_line' id='line_1_97' title="bbox 527 5444 2102 5510; baseline 0.008 -14"><span class='ocrx_word' id='word_1_717' title='bbox 527 5444 773 5498; x_wconf 84' lang='lat' dir='ltr'><strong>abundet</strong></span> <span class='ocrx_word' id='word_1_718' title='bbox 819 5447 1035 5510; x_wconf 83' lang='lat' dir='ltr'><strong>insula,</strong></span> <span class='ocrx_word' id='word_1_719' title='bbox 1087 5463 1194 5501; x_wconf 93' lang='lat' dir='ltr'><strong>non</strong></span> <span class='ocrx_word' id='word_1_720' title='bbox 1246 5461 1588 5505; x_wconf 82' lang='lat' dir='ltr'><strong>vescuntur:</strong></span> <span class='ocrx_word' id='word_1_721' title='bbox 1634 5454 1688 5506; x_wconf 90' lang='lat' dir='ltr'><strong>in</strong></span> <span class='ocrx_word' id='word_1_722' title='bbox 1738 5453 2102 5508; x_wconf 83' lang='lat' dir='ltr'><strong>tabernaculis</strong></span> 
     </span>
    </p>
   </div>
   <div class='ocr_carea' id='block_1_98' title="bbox 529 5536 2104 5614">
    <p class='ocr_par' dir='ltr' id='par_1_98' title="bbox 529 5536 2104 5614">
     <span class='ocr_line' id='line_1_98' title="bbox 529 5536 2104 5614; baseline 0.007 -24"><span class='ocrx_word' id='word_1_723' title='bbox 529 5536 800 5603; x_wconf 72' lang='lat' dir='ltr'><strong>habitant,</strong></span> <span class='ocrx_word' id='word_1_724' title='bbox 849 5541 981 5594; x_wconf 85' lang='lat' dir='ltr'><strong>nudi</strong></span> <span class='ocrx_word' id='word_1_725' title='bbox 1017 5549 1073 5595; x_wconf 91' lang='lat' dir='ltr'><strong>et</strong></span> <span class='ocrx_word' id='word_1_726' title='bbox 1108 5541 1225 5596; x_wconf 87' lang='lat' dir='ltr'><strong>sine</strong></span> <span class='ocrx_word' id='word_1_727' title='bbox 1274 5542 1471 5597; x_wconf 90' lang='lat' dir='ltr'><strong>calceis</strong></span> <span class='ocrx_word' id='word_1_728' title='bbox 1509 5544 1735 5614; x_wconf 76' lang='lat' dir='ltr'><strong>degunt,</strong></span> <span class='ocrx_word' id='word_1_729' title='bbox 1777 5546 2104 5601; x_wconf 86' lang='lat' dir='ltr'><strong>mulieribus</strong></span> 
     </span>
    </p>
   </div>
   <div class='ocr_carea' id='block_1_99' title="bbox 2201 4523 3720 4610">
    <p class='ocr_par' dir='ltr' id='par_1_99' title="bbox 2201 4523 3720 4610">
     <span class='ocr_line' id='line_1_99' title="bbox 2201 4523 3720 4610; baseline -0.009 -22"><span class='ocrx_word' id='word_1_730' title='bbox 2201 4537 2280 4599; x_wconf 86' lang='grc' dir='ltr'>εἰς</span> <span class='ocrx_word' id='word_1_731' title='bbox 2335 4533 2545 4604; x_wconf 84' lang='grc' dir='ltr'>λοχώδη</span> <span class='ocrx_word' id='word_1_732' title='bbox 2584 4532 2751 4585; x_wconf 83' lang='grc' dir='ltr'>τόπον</span> <span class='ocrx_word' id='word_1_733' title='bbox 2801 4531 3111 4610; x_wconf 79' lang='grc' dir='ltr'>ἀπαγαγὼν</span> <span class='ocrx_word' id='word_1_734' title='bbox 3150 4531 3313 4584; x_wconf 80' lang='grc' dir='ltr'>αὐτὸν</span> <span class='ocrx_word' id='word_1_735' title='bbox 3361 4529 3552 4601; x_wconf 73' lang='grc' dir='ltr'>ῥᾳδίως</span> <span class='ocrx_word' id='word_1_736' title='bbox 3595 4523 3720 4578; x_wconf 82' lang='grc' dir='ltr'>συνέ-</span> 
     </span>
    </p>
   </div>
   <div class='ocr_carea' id='block_1_100' title="bbox 2195 4619 3722 4695">
    <p class='ocr_par' dir='ltr' id='par_1_100' title="bbox 2195 4619 3722 4695">
     <span class='ocr_line' id='line_1_100' title="bbox 2195 4619 3722 4695; baseline -0.007 -15"><span class='ocrx_word' id='word_1_737' title='bbox 2195 4627 2384 4682; x_wconf 76' lang='grc' dir='ltr'>λαϐεν.</span> <span class='ocrx_word' id='word_1_738' title='bbox 2417 4624 2548 4679; x_wconf 85' lang='grc' dir='ltr'>Εἶτα</span> <span class='ocrx_word' id='word_1_739' title='bbox 2581 4626 2675 4678; x_wconf 73' lang='grc' dir='ltr'>ἐπὶ</span> <span class='ocrx_word' id='word_1_740' title='bbox 2710 4626 2956 4695; x_wconf 82' lang='grc' dir='ltr'>βήματος</span> <span class='ocrx_word' id='word_1_741' title='bbox 2986 4624 3240 4688; x_wconf 85' lang='grc' dir='ltr'>καθίσας,</span> <span class='ocrx_word' id='word_1_742' title='bbox 3286 4625 3364 4687; x_wconf 80' lang='grc' dir='ltr'>ὡς</span> <span class='ocrx_word' id='word_1_743' title='bbox 3393 4623 3543 4691; x_wconf 75' lang='grc' dir='ltr'>δήθεν</span> <span class='ocrx_word' id='word_1_744' title='bbox 3570 4619 3722 4688; x_wconf 78' lang='grc' dir='ltr'>ἄρχων</span> 
     </span>
    </p>
   </div>
   <div class='ocr_carea' id='block_1_101' title="bbox 2197 4714 3719 4789">
    <p class='ocr_par' dir='ltr' id='par_1_101' title="bbox 2197 4714 3719 4789">
     <span class='ocr_line' id='line_1_101' title="bbox 2197 4714 3719 4789; baseline -0.005 -15"><span class='ocrx_word' id='word_1_745' title='bbox 2197 4719 2290 4774; x_wconf 83' lang='grc' dir='ltr'>τοῦ</span> <span class='ocrx_word' id='word_1_746' title='bbox 2325 4719 2620 4789; x_wconf 65' lang='grc' dir='ltr'>λῃστηρίου</span> <span class='ocrx_word' id='word_1_747' title='bbox 2654 4717 3154 4788; x_wconf 75' lang='grc' dir='ltr'>μεταστειλάμενος</span> <span class='ocrx_word' id='word_1_748' title='bbox 3207 4716 3298 4768; x_wconf 81' lang='grc' dir='ltr'><strong>τὸν</strong></span> <span class='ocrx_word' id='word_1_749' title='bbox 3347 4714 3719 4778; x_wconf 67' lang='grc' dir='ltr'>ἑκατόνταρχον,</span> 
     </span>
    </p>
   </div>
   <div class='ocr_carea' id='block_1_102' title="bbox 2195 4800 3720 4881">
    <p class='ocr_par' dir='ltr' id='par_1_102' title="bbox 2195 4800 3720 4881">
     <span class='ocr_line' id='line_1_102' title="bbox 2195 4800 3720 4881; baseline -0.018 -4"><span class='ocrx_word' id='word_1_750' title='bbox 2195 4811 2295 4875; x_wconf 77' lang='grc' dir='ltr'>τὰς</span> <span class='ocrx_word' id='word_1_751' title='bbox 2323 4812 2513 4881; x_wconf 80' lang='grc' dir='ltr'>τρίχας</span> <span class='ocrx_word' id='word_1_752' title='bbox 2542 4809 2640 4880; x_wconf 86' lang='grc' dir='ltr'><strong>τῆς</strong></span> <span class='ocrx_word' id='word_1_753' title='bbox 2668 4808 2910 4880; x_wconf 78' lang='grc' dir='ltr'>κεφαλῆς</span> <span class='ocrx_word' id='word_1_754' title='bbox 2939 4807 3104 4861; x_wconf 75' lang='grc' dir='ltr'>αὑτοῦ</span> <span class='ocrx_word' id='word_1_755' title='bbox 3129 4807 3466 4877; x_wconf 72' lang='grc' dir='ltr'>ἀπεξύρησε,</span> <span class='ocrx_word' id='word_1_756' title='bbox 3494 4805 3576 4856; x_wconf 77' lang='grc' dir='ltr'><strong>καὶ</strong></span> <span class='ocrx_word' id='word_1_757' title='bbox 3604 4800 3720 4864; x_wconf 54' lang='lat' dir='ltr'><strong>dei;</strong></span> 
     </span>
    </p>
   </div>
   <div class='ocr_carea' id='block_1_103' title="bbox 2196 4888 3718 4967">
    <p class='ocr_par' dir='ltr' id='par_1_103' title="bbox 2196 4888 3718 4967">
     <span class='ocr_line' id='line_1_103' title="bbox 2196 4888 3718 4967; baseline -0.011 -12"><span class='ocrx_word' id='word_1_758' title='bbox 2196 4918 2292 4955; x_wconf 84' lang='grc' dir='ltr'><strong>κεν</strong></span> <span class='ocrx_word' id='word_1_759' title='bbox 2324 4902 2506 4964; x_wconf 82' lang='grc' dir='ltr'>αὐτὸν,</span> <span class='ocrx_word' id='word_1_760' title='bbox 2537 4900 2725 4952; x_wconf 86' lang='grc' dir='ltr'>είπῶν·</span> <span class='ocrx_word' id='word_1_761' title='bbox 2772 4900 3048 4967; x_wconf 72' lang='grc' dir='ltr'>Ἀγγειλε</span> <span class='ocrx_word' id='word_1_762' title='bbox 3083 4897 3161 4961; x_wconf 78' lang='grc' dir='ltr'>τῷ</span> <span class='ocrx_word' id='word_1_763' title='bbox 3209 4897 3470 4962; x_wconf 76' lang='grc' dir='ltr'>δεσπότῃ</span> <span class='ocrx_word' id='word_1_764' title='bbox 3513 4908 3615 4946; x_wconf 87' lang='grc' dir='ltr'><strong>σου</strong></span> <span class='ocrx_word' id='word_1_765' title='bbox 3649 4888 3718 4939; x_wconf 82' lang='grc' dir='ltr'>ὅτι</span> 
     </span>
    </p>
   </div>
   <div class='ocr_carea' id='block_1_104' title="bbox 2207 4987 3712 5062">
    <p class='ocr_par' dir='ltr' id='par_1_104' title="bbox 2207 4987 3712 5062">
     <span class='ocr_line' id='line_1_104' title="bbox 2207 4987 3712 5062; baseline -0.011 -14"><span class='ocrx_word' id='word_1_766' title='bbox 2207 4994 2360 5060; x_wconf 83' lang='grc' dir='ltr'><strong>Τοὺς</strong></span> <span class='ocrx_word' id='word_1_767' title='bbox 2377 4994 2638 5059; x_wconf 71' lang='grc' dir='ltr'>δούλους</span> <span class='ocrx_word' id='word_1_768' title='bbox 2662 4992 2828 5062; x_wconf 80' lang='grc' dir='ltr'>ὑμῶν</span> <span class='ocrx_word' id='word_1_769' title='bbox 2853 4992 3113 5060; x_wconf 63' lang='grc' dir='ltr'>τρέφετε,</span> <span class='ocrx_word' id='word_1_770' title='bbox 3143 4993 3243 5043; x_wconf 79' lang='grc' dir='ltr'>ἵνα</span> <span class='ocrx_word' id='word_1_771' title='bbox 3259 4991 3346 5059; x_wconf 75' lang='grc' dir='ltr'>μὴ</span> <span class='ocrx_word' id='word_1_772' title='bbox 3391 4987 3712 5055; x_wconf 54' lang='lat' dir='ltr'><strong>incretum.</strong></span> 
     </span>
    </p>
   </div>
   <div class='ocr_carea' id='block_1_105' title="bbox 2199 5080 3718 5154">
    <p class='ocr_par' dir='ltr' id='par_1_105' title="bbox 2199 5080 3718 5154">
     <span class='ocr_line' id='line_1_105' title="bbox 2199 5080 3718 5154; baseline -0.009 -16"><span class='ocrx_word' id='word_1_773' title='bbox 2199 5086 2434 5148; x_wconf 79' lang='grc' dir='ltr'>Πολλοὺς</span> <span class='ocrx_word' id='word_1_774' title='bbox 2457 5085 2564 5154; x_wconf 82' lang='grc' dir='ltr'><strong>γὰρ</strong></span> <span class='ocrx_word' id='word_1_775' title='bbox 2591 5084 2699 5137; x_wconf 84' lang='grc' dir='ltr'><strong>τῶν</strong></span> <span class='ocrx_word' id='word_1_776' title='bbox 2734 5084 3078 5152; x_wconf 85' lang='grc' dir='ltr'>Καισαρείων</span> <span class='ocrx_word' id='word_1_777' title='bbox 3123 5080 3267 5151; x_wconf 77' lang='grc' dir='ltr'>εἶχεν</span> <span class='ocrx_word' id='word_1_778' title='bbox 3301 5080 3451 5148; x_wconf 74' lang='grc' dir='ltr'>αὐτῴ</span> <span class='ocrx_word' id='word_1_779' title='bbox 3503 5089 3718 5146; x_wconf 82' lang='grc' dir='ltr'>προσχω-</span> 
     </span>
    </p>
   </div>
   <div class='ocr_carea' id='block_1_106' title="bbox 2204 5165 3714 5246">
    <p class='ocr_par' dir='ltr' id='par_1_106' title="bbox 2204 5165 3714 5246">
     <span class='ocr_line' id='line_1_106' title="bbox 2204 5165 3714 5246; baseline -0.003 -18"><span class='ocrx_word' id='word_1_780' title='bbox 2204 5177 2501 5246; x_wconf 88' lang='grc' dir='ltr'>ρήσαντας.</span> <span class='ocrx_word' id='word_1_781' title='bbox 2559 5175 2824 5245; x_wconf 80' lang='grc' dir='ltr'>’Ὑστερον</span> <span class='ocrx_word' id='word_1_782' title='bbox 2893 5175 3078 5244; x_wconf 83' lang='grc' dir='ltr'>μέντοι</span> <span class='ocrx_word' id='word_1_783' title='bbox 3124 5174 3352 5244; x_wconf 76' lang='grc' dir='ltr'>ἐλήφθη,</span> <span class='ocrx_word' id='word_1_784' title='bbox 3408 5171 3499 5223; x_wconf 74' lang='grc' dir='ltr'>καὶ</span> <span class='ocrx_word' id='word_1_785' title='bbox 3543 5165 3714 5234; x_wconf 70' lang='grc' dir='ltr'>θηρίοις</span> 
     </span>
    </p>
   </div>
   <div class='ocr_carea' id='block_1_107' title="bbox 2199 5262 3710 5337">
    <p class='ocr_par' dir='ltr' id='par_1_107' title="bbox 2199 5262 3710 5337">
     <span class='ocr_line' id='line_1_107' title="bbox 2199 5262 3710 5337; baseline -0.013 -17"><span class='ocrx_word' id='word_1_786' title='bbox 2199 5267 2378 5337; x_wconf 73' lang='grc' dir='ltr'>ἐδόθη.</span> <span class='ocrx_word' id='word_1_787' title='bbox 2413 5267 2649 5337; x_wconf 77' lang='grc' dir='ltr'>Σευῆρος</span> <span class='ocrx_word' id='word_1_788' title='bbox 2679 5264 2736 5318; x_wconf 85' lang='grc' dir='ltr'><strong>δὲ</strong></span> <span class='ocrx_word' id='word_1_789' title='bbox 2763 5267 2844 5328; x_wconf 84' lang='grc' dir='ltr'>εἰς</span> <span class='ocrx_word' id='word_1_790' title='bbox 2888 5265 2988 5334; x_wconf 81' lang='grc' dir='ltr'><strong>τὴν</strong></span> <span class='ocrx_word' id='word_1_791' title='bbox 3017 5265 3342 5334; x_wconf 79' lang='grc' dir='ltr'>Βρεττανίαν</span> <span class='ocrx_word' id='word_1_792' title='bbox 3373 5262 3710 5330; x_wconf 71' lang='grc' dir='ltr'>ἐστράτευσεν,</span> 
     </span>
    </p>
   </div>
   <div class='ocr_carea' id='block_1_108' title="bbox 2200 5343 3713 5429">
    <p class='ocr_par' dir='ltr' id='par_1_108' title="bbox 2200 5343 3713 5429">
     <span class='ocr_line' id='line_1_108' title="bbox 2200 5343 3713 5429; baseline -0.009 -17"><span class='ocrx_word' id='word_1_793' title='bbox 2200 5362 2284 5413; x_wconf 64' lang='grc' dir='ltr'><strong>ἵνα</strong></span> <span class='ocrx_word' id='word_1_794' title='bbox 2320 5359 2448 5429; x_wconf 84' lang='grc' dir='ltr'>μήθ’</span> <span class='ocrx_word' id='word_1_795' title='bbox 2480 5359 2528 5410; x_wconf 86' lang='grc' dir='ltr'>οί</span> <span class='ocrx_word' id='word_1_796' title='bbox 2591 5357 2770 5419; x_wconf 80' lang='grc' dir='ltr'>παῖδες</span> <span class='ocrx_word' id='word_1_797' title='bbox 2820 5356 3195 5409; x_wconf 80' lang='grc' dir='ltr'>ἐκδιαιτῶνται</span> <span class='ocrx_word' id='word_1_798' title='bbox 3247 5353 3432 5417; x_wconf 84' lang='grc' dir='ltr'>αὑτοῦ,</span> <span class='ocrx_word' id='word_1_799' title='bbox 3493 5351 3611 5420; x_wconf 82' lang='grc' dir='ltr'>μήτε</span> <span class='ocrx_word' id='word_1_800' title='bbox 3660 5343 3713 5394; x_wconf 68' lang='grc' dir='ltr'>τὰ</span> 
     </span>
    </p>
   </div>
   <div class='ocr_carea' id='block_1_109' title="bbox 2204 5437 3710 5525">
    <p class='ocr_par' dir='ltr' id='par_1_109' title="bbox 2204 5437 3710 5525">
     <span class='ocr_line' id='line_1_109' title="bbox 2204 5437 3710 5525; baseline -0.011 -16"><span class='ocrx_word' id='word_1_801' title='bbox 2204 5453 2589 5525; x_wconf 68' lang='grc' dir='ltr'>στρατεύματα</span> <span class='ocrx_word' id='word_1_802' title='bbox 2631 5452 2722 5506; x_wconf 84' lang='grc' dir='ltr'>ὑπ’</span> <span class='ocrx_word' id='word_1_803' title='bbox 2773 5452 2976 5522; x_wconf 78' lang='grc' dir='ltr'>ἀργίας</span> <span class='ocrx_word' id='word_1_804' title='bbox 3019 5452 3334 5504; x_wconf 75' lang='grc' dir='ltr'>ἐκλύωνται.</span> <span class='ocrx_word' id='word_1_805' title='bbox 3381 5446 3480 5500; x_wconf 82' lang='grc' dir='ltr'><strong>Δύο</strong></span> <span class='ocrx_word' id='word_1_806' title='bbox 3523 5443 3573 5495; x_wconf 80' lang='grc' dir='ltr'><strong>δὲ</strong></span> <span class='ocrx_word' id='word_1_807' title='bbox 3606 5437 3710 5508; x_wconf 78' lang='grc' dir='ltr'>γένη</span> 
     </span>
    </p>
   </div>
   <div class='ocr_carea' id='block_1_110' title="bbox 2200 5530 3714 5619">
    <p class='ocr_par' dir='ltr' id='par_1_110' title="bbox 2200 5530 3714 5619">
     <span class='ocr_line' id='line_1_110' title="bbox 2200 5530 3714 5619; baseline -0.009 -18"><span class='ocrx_word' id='word_1_808' title='bbox 2200 5548 2306 5601; x_wconf 78' lang='grc' dir='ltr'><strong>τῶν</strong></span> <span class='ocrx_word' id='word_1_809' title='bbox 2335 5547 2649 5619; x_wconf 83' lang='grc' dir='ltr'>Βρεττανῶν</span> <span class='ocrx_word' id='word_1_810' title='bbox 2672 5546 2774 5598; x_wconf 89' lang='grc' dir='ltr'>είσι</span> <span class='ocrx_word' id='word_1_811' title='bbox 2808 5545 3062 5614; x_wconf 81' lang='grc' dir='ltr'>μέγιστα,</span> <span class='ocrx_word' id='word_1_812' title='bbox 3105 5544 3413 5598; x_wconf 78' lang='grc' dir='ltr'>Καλυόόνιοι</span> <span class='ocrx_word' id='word_1_813' title='bbox 3456 5538 3540 5591; x_wconf 69' lang='grc' dir='ltr'><strong>καὶ</strong></span> <span class='ocrx_word' id='word_1_814' title='bbox 3561 5530 3714 5589; x_wconf 66' lang='grc' dir='ltr'><strong>Μιιᾶ-</strong></span> 
     </span>
    </p>
   </div>
   <div class='ocr_carea' id='block_1_111' title="bbox 1725 5699 2563 5793">
    <p class='ocr_par' dir='ltr' id='par_1_111' title="bbox 1725 5699 2563 5764">
     <span class='ocr_line' id='line_1_111' title="bbox 1725 5699 2563 5764; baseline 0.005 -6"><span class='ocrx_word' id='word_1_815' title='bbox 1725 5699 1920 5762; x_wconf 62' lang='lat' dir='ltr'><strong>Variaa</strong></span> <span class='ocrx_word' id='word_1_816' title='bbox 1943 5701 2245 5763; x_wconf 75' lang='lat' dir='ltr'><strong>lectiones</strong></span> <span class='ocrx_word' id='word_1_817' title='bbox 2277 5707 2338 5762; x_wconf 92' lang='lat' dir='ltr'><strong>et</strong></span> <span class='ocrx_word' id='word_1_818' title='bbox 2372 5709 2563 5764; x_wconf 58' lang='lat' dir='ltr'><strong>notas.</strong></span> 
     </span>
    </p>
   </div>
   <div class='ocr_carea' id='block_1_112' title="bbox 605 5811 3176 5895">
    <p class='ocr_par' dir='ltr' id='par_1_112' title="bbox 605 5811 3176 5895">
     <span class='ocr_line' id='line_1_112' title="bbox 605 5811 3176 5895; baseline 0.004 -26"><span class='ocrx_word' id='word_1_819' title='bbox 605 5813 715 5884; x_wconf 63' lang='lat'><strong>(54)</strong></span> <span class='ocrx_word' id='word_1_820' title='bbox 752 5811 989 5881; x_wconf 75' lang='grc' dir='ltr'>Ἐθνος.</span> <span class='ocrx_word' id='word_1_821' title='bbox 1027 5817 1190 5874; x_wconf 79' lang='lat' dir='ltr'><strong>Wolf.</strong></span> <span class='ocrx_word' id='word_1_822' title='bbox 1222 5829 1449 5889; x_wconf 82' lang='lat' dir='ltr'><strong>gentem.</strong></span> <span class='ocrx_word' id='word_1_823' title='bbox 1498 5821 1942 5888; x_wconf 64' lang='lat' dir='ltr'><strong>Emendavimns,</strong></span> <span class='ocrx_word' id='word_1_824' title='bbox 1975 5827 2320 5895; x_wconf 75' lang='lat' dir='ltr'><strong>provinciam.</strong></span> <span class='ocrx_word' id='word_1_825' title='bbox 2350 5827 2481 5883; x_wconf 76' lang='lat' dir='ltr'><strong>Vide</strong></span> <span class='ocrx_word' id='word_1_826' title='bbox 2511 5827 2688 5883; x_wconf 87' lang='lat' dir='ltr'><strong>Gloss.</strong></span> <span class='ocrx_word' id='word_1_827' title='bbox 2718 5826 2862 5881; x_wconf 87' lang='lat' dir='ltr'><strong>med.</strong></span> <span class='ocrx_word' id='word_1_828' title='bbox 2895 5824 3176 5880; x_wconf 76' lang='lat' dir='ltr'><strong>Grzecitat.</strong></span> 
     </span>
    </p>
   </div>
  </div>
