3756 6546
124 320 239 387 1057

1306 307 1703 368 ANNALIUM
1749 308 1893 370 LIB.
1936 308 2077 371 ΧΗ.

3152 319 3305 387 1058

112 430 220 494 νοιξ,
253 419 519 493 ἐμεμήνει
568 415 700 486 γοῦν
756 415 900 470 κατά
949 415 1059 471 τῶν
1109 417 1342 481 πιστῶν,
1381 418 1473 471 ὅτε
1523 424 1595 471 κα

1849 418 2382 491 Hierosolymitanus
2409 421 2724 493 episcopus,
2763 426 2860 496 qui
2888 441 2997 482 non
3032 436 3149 485 tum
3174 393 3312 502 pri..-

105 514 356 578 Φλαδιανδς
398 513 425 563 6
471 509 569 577 τῆς
614 508 676 560 ἐν
717 506 908 579 Ῥώμῃ
943 509 1343 577 προϊστάμενος
1385 508 1615 578 Ἐκκλη..

110 613 205 674 σίας
232 606 372 673 ἔτυχε
398 598 575 662 τέλους
609 596 973 668 μαρτυρικοῦ,
1005 598 1101 653 καὶ
1148 598 1398 662 Βαϐύλας
1430 600 1459 653 6
1505 600 1614 652 τῶν

109 708 154 758 ἑν
187 675 450 763 Ἀντιοχείᾳ
494 689 704 763 πιστῶν
735 688 835 760 τὴν
878 688 1208 761 Ἐκκλησίαν
1246 689 1472 756 διέπων,
1520 693 1616 745 καὶ

118 786 408 855 Ἀλέξανδρος
454 785 480 836 6
523 781 634 834 τῶν
677 779 1068 852 Ἰεροσολύμων
1110 781 1429 845 ἐπίσκοπος,
1463 778 1521 843 ὃς
1549 781 1611 837 οὐ

108 885 199 935 τότε
225 876 434 946 πρώτως
461 868 808 941 ὑπερήθλησε
851 870 952 944 τῆς
994 870 1075 935 εἰς
1103 871 1194 924 τὸν
1226 871 1458 943 Σωτῆρα
1500 872 1611 926 Κύ-

107 991 199 1047 ριον
227 970 462 1028 πίστεως,
488 963 621 1018 ἀλλά
649 965 743 1018 καὶ
775 958 992 1037 πρώην,
1022 964 1099 1029 ὡς
1129 964 1232 1035 ήδη
1264 965 1613 1037 προείρηται,

105 1066 179 1119 καὶ
210 1062 317 1115 τότε
355 1058 410 1111 δὲ
469 1055 813 1127 καθειρχθεὶς
848 1093 866 1121 ,
927 1055 1072 1110 κατά
1132 1056 1195 1109 τὸ
1240 1055 1615 1128 δεσμωτήριον

102 1153 305 1223 calcati.
350 1149 503 1204 Ἀλλά
548 1149 645 1202 καὶ
689 1150 718 1201 ὀ
753 1149 927 1218 μέγας
973 1147 1292 1219 Κυπριανὸς
1332 1149 1433 1219 τῆς
1462 1150 1616 1219 Καρ..

104 1250 296 1317 θαγένης
337 1244 626 1305 ἐπίσκοπος
682 1242 758 1296 ὢν
802 1243 1107 1314 τηνικαῦτα
1138 1244 1237 1310 τῆς
1265 1244 1350 1308 είς
1381 1244 1616 1315 Χριστὸν

103 1338 399 1408 ὕπερήθλησε
421 1334 675 1396 πίστεως.
696 1332 818 1388 Τῶν
850 1330 945 1388 οὖν
969 1335 1282 1406 εἰρημένων
1313 1337 1616 1409 ἀρχιερέων

104 1428 465 1501 μετηλλαχότων
495 1426 587 1480 τὸν
615 1425 749 1496 βίον,
783 1427 842 1480 ἐν
875 1427 976 1497 μέν
1019 1426 1208 1499 Ῥώμῃ
1237 1429 1360 1482 άντὶ
1383 1430 1620 1483 Φλαϐια-

101 1525 174 1580 νοῦ
209 1522 485 1594 Κορνήλιος
513 1520 919 1590 ἐπεσκόπησεν,
956 1522 1015 1574 ἐν
1053 1522 1359 1594 Ἀντιοχείᾳ
1396 1522 1453 1576 δὲ
1496 1523 1619 1577 ἀντὶ

101 1615 280 1671 Β.ϐύλα
304 1611 619 1689 Φλαϐιανὸς,
650 1611 744 1664 καὶ
781 1612 840 1664 ἐν
886 1610 1267 1683 ’Δλεξανδρείᾳ
1316 1612 1619 1680 Διονύσιος,

103 1711 146 1762 ἐν
180 1706 222 1760 δ’
258 1702 646 1775 Ἰεροσολύμοις
682 1703 808 1757 ἀντὶ
857 1700 1211 1774 Ἀλεξάνδρου
1257 1703 1615 1775 Μαζαϐάνης,

1730 525 1879 565 mum
1937 526 2038 581 pro
2089 511 2401 568 Christiana
2442 514 2551 569 ﬁde
2605 515 2933 595 decertavit,
2993 521 3090 576 sed
3137 520 3319 590 prius

1721 603 1911 668 etiam,
1945 613 2006 658 ut
2029 604 2143 675 jam
2167 607 2481 676 estpositum
2518 614 2641 665 est:
2670 616 2784 664 tum
2816 626 2949 667 vero
2980 613 3035 667 in
3068 630 3290 671 carcere

1721 694 1874 749 obiit.
1918 694 2026 751 Sed
2075 709 2131 752 et
2176 713 2404 767 magnus
2455 698 2797 771 Cyprianus,
2823 701 3292 775 Carthaginiensis

1724 786 2044 858 episcopus,
2086 805 2188 861 pro
2224 790 2540 846 Christiana
2568 791 2676 847 ﬁde
2707 795 2960 850 certarit.
2996 796 3092 851 His
3124 797 3293 868 igitur

1721 879 2080 947 pontiﬁcibus
2108 883 2415 946 defunctis,
2460 883 2651 939 Romae
2679 880 2942 942 Flaviano
2976 886 3292 955 Cornelius,

1720 974 2065 1031 Antiocheno
2107 978 2320 1048 Babylae
2370 978 2696 1042 Flavianus,
2720 980 3066 1036 Alexandriae
3088 982 3294 1053 Diony-

1722 1067 1859 1131 sius,
1894 1067 2291 1140 Hierosolymis
2315 1070 2624 1126 Alexandro
2648 1072 2972 1128 Mazabanes
3002 1077 3290 1129 successit.

1722 1161 1829 1217 Sed
1869 1173 1925 1220 et
1954 1164 2046 1217 alii
2084 1164 2308 1234 plurimi
2342 1167 2588 1238 martyrii
2628 1167 2905 1237 dignitate'
2923 1177 3052 1222 sunt
3087 1170 3292 1223 ornati.

1722 1252 1879 1308 Tune
1924 1254 2091 1308 etiam
2136 1253 2404 1326 Origenes
2450 1256 2520 1310 ad
2565 1258 2909 1328 tyrannicum
2950 1258 3188 1314 tribunal
3232 1269 3296 1315 ut

1727 1344 1933 1400 Christi
1976 1346 2158 1401 cultor
2197 1348 2469 1404 adductus
2508 1360 2616 1413 est,
2661 1351 2758 1405 sed
2802 1351 3012 1407 honore
3043 1354 3295 1425 martyrii

1722 1438 1902 1493 caruit
1936 1439 2125 1503 miser,
2162 1439 2214 1494 ei
2252 1449 2472 1510 negato,
2508 1452 2568 1495 ut
2606 1442 2823 1512 opinor.
2858 1460 2888 1498 a
2928 1445 3042 1499 Deo
3065 1445 3138 1500 ob
3172 1462 3298 1517 per»

1722 1542 1913 1584 versas
1941 1529 2253 1598 opiniones.
2283 1530 2419 1586 Nam
2455 1541 2725 1587 tormenta
2769 1536 2936 1606 626
2956 1537 3066 1606 jam
3091 1552 3296 1607 exper-

1725 1626 1836 1682 tus,
1874 1624 2059 1672 tamen
2089 1618 2342 1674 ordinem
2376 1618 2641 1674 deseruit.
2681 1619 2800 1681 Hic,
2835 1631 2895 1675 ut
2923 1632 3050 1677 ante
3082 1621 3293 1679 dictum

1724 1716 1829 1774 est,
1866 1724 1992 1764 cum
2024 1709 2281 1765 doctrina
2317 1718 2375 1765 et
2403 1710 2722 1780 eloquentia
2758 1712 3081 1778 excelleret,
3105 1729 3301 1783 super-

104 1800 171 1852 κσὶ
193 1797 322 1851 ἄλλοι
342 1794 398 1848 δέ
426 1794 669 1848 πλεῖστοι
694 1796 996 1865 μαρτυρίου
1025 1794 1149 1848 τότε
1175 1794 1587 1867 κατηξιώθησαν

1833 1812 1892 1860 et
1910 1807 2226 1875 arrOgantia
2242 1805 2442 1868 elatus,
2468 1815 2714 1861 veterum
2740 1815 3055 1863 sanctorum
3075 1808 3297 1863 Patrum

101 1890 203 1942 Τότε
224 1888 309 1941 καὶ
348 1886 626 1960 Ὀριγένης
659 1887 916 1958 παρήχθη
955 1887 1056 1957 μὲν
1108 1888 1193 1949 είς
1223 1888 1375 1957 βῆμα
1422 1905 1623 1958 τυρανι

100 1980 221 2033 νικδν
242 1980 309 2042 ὡς
336 1976 627 2047 σεϐόμενος
657 1978 747 2030 τὸν
772 1978 815 2030 Χ
823 1978 1135 2049 ριστὸν,ούκ
1166 1978 1325 2049 ιτυχτ
1351 1979 1411 2033 δὲ
1438 1980 1622 2044 τέλους

103 2070 419 2144 μαρτυρικοῦ,
451 2066 611 2140 οἶμαι
643 2068 740 2122 τοῦ
784 2069 919 2124 Θεοῦ
967 2071 1173 2140 ταύτης
1204 2070 1365 2125 αὐτὸν
1398 2071 1476 2143 μὴ
1504 2073 1627 2142 κρί-

100 2182 252 2225 ναντος
293 2163 434 2227 ἄξιον
465 2161 556 2214 διὰ
586 2161 647 2214 τὸ
688 2161 820 2231 περὶ
862 2162 931 2216 τά
960 2161 1220 2235 ὀρθόδοξα
1250 2163 1499 2234 δόγματα
1529 2163 1623 2218 τοῦ

100 2257 250 2313 ἀθλίου
296 2254 504 2308 ἐκείνου
551 2253 903 2324 διάστροφον.
951 2256 1319 2308 Δειποτακτεῐ
1357 2254 1490 2326 γάρ,
1530 2256 1627 2308 καὶ

99 2350 238 2403 ταῦτα
263 2348 391 2419 μετά
425 2347 624 2417 πεῖραν
657 2344 930 2416 βασάνων.
966 2341 1156 2413 Οὗτος,
1192 2346 1269 2414 ὼς
1312 2346 1626 2418 ἔμπροσθεν

100 2440 292 2511 ιίρηται,
351 2440 525 2510 μέγας
589 2437 649 2490 ἐν
705 2437 889 2506 λόγοις
952 2439 1267 2509 γενόμενος,
1328 2437 1629 2493 κάντεῦθεν

98 2532 474 2602 ὐπερφρονησας
524 2531 621 2583 καὶ⁵
657 2528 1197 2600 άλαζονευσάμενος,
1246 2529 1309 2582 ού
1353 2529 1468 2594 τοῖς
1518 2530 1628 2583 τῶν

98 2624 185 2694 πρὸ
221 2622 372 2675 αὑτοῦ
420 2621 683 2694 Πατέρων
740 2620 902 2694 ιερῶν
951 2620 1285 2703 ἠκολούθησε
1340 2623 1627 2693 δόγμασιν,

97 2714 187 2768 ἀλλ’
215 2710 380 2783 ἐαυτῷ
406 2712 717 2785 θαρρήσας,
735 2712 939 2766 καινῶν
972 2711 1262 2782 δογμάτων
1290 2710 1628 2783 είσαγωγεῦς

98 2806 415 2878 ἐχρημάτισε,
442 2805 541 2857 καλ⁸
563 2804 915 2875 βλασφημίας
938 2806 1018 2868 είς
1041 2820 1101 2857 τε
1123 2805 1225 2875 τὴν
1242 2804 1407 2873 ἁγίαν
1424 2805 1629 2878 Τριάδα

97 2901 171 2953 καὶ
207 2899 298 2966 τὴν
345 2897 496 2951 θείαν
546 2896 965 2968 ἐνανθρώπησιν
1011 2902 1077 2951 ἐκ
1121 2897 1217 2951 τοῦ
1253 2898 1494 2969 πονηροῦ
1529 2900 1629 2972 θη-

98 2991 267 3062 σαυροῦ
305 2991 402 3061 τῆς
437 2991 673 3062 καρδίας
716 2987 881 3044 αὐτοῦ
917 2987 1272 3061 ἐξηρεύξατο,
1304 2991 1402 3044 καὶ
1448 2992 1629 3062 πάσης

1724 1896 1963 1953 decretis
1990 1896 2278 1966 neglectis.
2307 1910 2573 1955 novarum
2603 1896 2925 1967 opinionum
2955 1906 3149 1952 auctor
3177 1912 3301 1952 esse

1725 2006 1834 2044 non
1858 1989 2134 2044 dubitavit
2160 2005 2176 2043 :
2203 1999 2259 2044 et
2287 1989 2661 2058 hlaspbemias
2693 1992 2746 2045 in
2780 2000 3024 2046 sanctam
3052 1990 3301 2046 Trinita-

1725 2093 1859 2141 tem,
1883 2081 2241 2148 divinamque
2264 2080 2779 2135 inhumanationem
2810 2095 2879 2134 ex
2905 2082 3156 2151 improbo
3180 2094 3305 2135 cor-

1725 2171 1812 2226 dis
1836 2170 1922 2226 sui
1954 2170 2217 2225 thesauro
2244 2170 2538 2235 ernctavit,
2588 2187 2690 2225 nec
2724 2172 2834 2226 ulla
2864 2173 2980 2227 fere
3011 2180 3160 2227 secta
3189 2180 3298 2229 est.

1726 2264 1816 2319 cui
1846 2278 1957 2318 non
1994 2261 2211 2319 initium
2241 2261 2560 2332 praebuerit.
2581 2263 2717 2317 Nam
2749 2271 2807 2317 ct
2828 2263 3175 2333 unigenitum
3204 2263 3301 2318 Dei

1729 2357 1925 2412 Filium
1965 2357 2253 2413 conditum
2298 2372 2422 2413 esse
2467 2358 2688 2419 docuit.
2720 2374 2749 2412 a
2793 2369 3017 2429 paterna
3044 2359 3214 2429 gloria
3247 2368 3306 2413 et

1725 2451 1969 2505 essentia
2001 2450 2245 2504 alienant
2273 2467 2287 2503 :
2313 2458 2370 2505 et
2393 2450 2656 2520 Spiritum
2683 2460 2932 2506 sanctum
2956 2451 3100 2505 intra
3122 2450 3303 2505 Patris

1728 2551 1785 2597 et
1836 2540 1961 2596 Filii
2012 2541 2341 2625 dignitatem
2396 2542 2708 2605 collocavit,
2761 2542 3075 2608 afﬁrmans,
3124 2557 3309 2612 neque

1727 2630 1946 2686 Patrem
1970 2646 1999 2686 a
2031 2630 2189 2694 Filio,
2213 2646 2391 2700 neque
2417 2630 2611 2686 Filium
2634 2646 2665 2686 a
2689 2630 2897 2701 Spiritu
2922 2640 3115 2686 sancto
3138 2646 3309 2701 posse
3421 2680 3425 2686 .

1730 2723 1884 2780 cerni
1912 2739 1928 2777 :
1958 2731 2019 2779 ut
2058 2737 2160 2779 nec
2188 2713 2457 2792 Spiritum
2487 2722 2559 2776 ab
2583 2721 2816 2791 angelis,
2859 2736 2960 2776 nec
2987 2722 3210 2793 angelos
3235 2722 3307 2777 ab

1732 2812 2156 2868 hominibus.Ac
2186 2813 2271 2867 har
2300 2820 2428 2867 sunt
2453 2810 2708 2881 Origenis
2732 2812 2785 2865 in
2815 2820 3059 2867 sanctam
3089 2820 3147 2867 et
3172 2827 3308 2867 con-

1729 2904 2145 2960 substantialem
2169 2903 2498 2959 Trinitatem
2523 2901 2899 2971 blasphemiae.
2920 2901 3078 2957 Circa
3098 2901 3309 2958 Christ!

1733 3009 1865 3049 vero
1894 2993 2426 3059 inhumanationem,
2456 2991 2737 3047 Christum
2762 2991 3057 3047 animatam
3079 3006 3304 3047 carnem

98 3086 251 3156 σχεδὸν
284 3087 548 3156 αἱρέσεως
597 3084 813 3154 ἐγένετο
848 3083 1112 3156 ἀρχηγός.
1150 3084 1254 3139 Τόν
1276 3100 1346 3137 ’τε
1394 3083 1501 3157 γὰρ
1534 3103 1581 3156 με

1842 3096 2032 3144 sancta
2078 3088 2300 3160 Virgine
2340 3087 2703 3157 assumpsisse
2746 3087 2912 3155 impie
2946 3096 3149 3158 negat;
3208 3089 3307 3144 sed.

98 3178 258 3247 νογενῆ
290 3177 381 3230 τοῦ
410 3176 551 3230 Θεοῦ
598 3177 728 3230 Υἱδν
767 3178 984 3230 κτιστὺν
1014 3178 1360 3247 ἐδογμάτισε,
1391 3181 1488 3232 καὶ
1533 3180 1628 3247 τῆς

97 3268 223 3340 δόξης
245 3268 399 3322 αὑτὸν
433 3269 721 3341 ὴλλοτρίου
750 3270 846 3322 καὶ
873 3269 970 3339 τῆς
994 3269 1183 3333 οὐσίας
1210 3269 1311 3339 τῆς
1333 3270 1629 3341 πατρικῆς·

97 3361 172 3414 καί
202 3363 256 3415 το
281 3362 505 3433 Πνεῦμα
535 3360 595 3415 τὸ
623 3360 778 3431 ἅγιον
808 3360 1110 3425 ύπεϐἰϐαζε
1144 3363 1245 3432 τῆς
1275 3360 1369 3415 τοῦ
1419 3363 1632 3434 Πατρὶς

95 3454 222 3520 ἀξίας
267 3456 360 3510 καὶ
406 3457 505 3508 τοῦ
558 3454 714 3520 Υίοῦ,
761 3454 935 3523 λέγων
970 3453 1044 3516 ὡς
1093 3452 1221 3507 οῦτε
1272 3453 1364 3508 τὸν
1413 3457 1633 3525 Πατέρα

93 3546 284 3600 δύναται
308 3536 441 3619 ὁνρᾷν
476 3548 505 3600 6
540 3546 689 3610 Υἱὸς,
713 3544 855 3598 ὀὗτε
884 3545 993 3616 μὴν
1024 3546 1111 3599 τὸν
1145 3545 1273 3599 Υἱὸν
1302 3546 1362 3599 τὺ
1384 3545 1632 3615 Πνεῦμα,

93 3638 255 3708 ὥσπερ
282 3638 403 3691 οὐδὲ
438 3638 491 3691 oi
528 3639 753 3707 ἄγγελοι
781 3636 839 3691 τὸ
876 3636 1122 3706 Πνεῦμα,
1153 3636 1276 3690 οὒτε
1308 3637 1434 3701 τοὺς
1464 3636 1630 3707 άγγέο

94 3728 195 3793 huc
219 3730 267 3782 οί
289 3729 596 3801 ἅνθρωποι.
636 3723 807 3783 Abeat
836 3728 935 3799 μὲν
964 3729 1021 3781 αί
1055 3729 1187 3800 περὶ
1216 3729 1313 3799 τῆς
1346 3728 1509 3797 ἁγίας
1540 3732 1633 3782 καὶ

90 3823 343 3893 ὁμοουσίου
372 3822 612 3896 Τριάδος
644 3821 988 3892 βλασφημίαι
1031 3821 1364 3891 Ὧριγένους.
1412 3821 1547 3891 Περὶ
1576 3822 1634 3874 δέ

91 3931 144 3983 γε
165 3919 254 3988 τὴν
289 3915 710 3988 ἐνανθρὼπησιν
738 3914 833 3968 τοῦ
866 3913 997 3967 Υίοῦ
1032 3912 1127 3966 τοῦ
1177 3912 1315 3966 Θεοῦ
1358 3909 1633 3981 ἐϐλασφή-

94 4006 183 4076 μει,
211 4008 486 4071 δυσσεϐῶς
534 4008 774 4076 εἰσάγων
824 4004 900 4077 μὴ
960 4004 1140 4075 σάρκα
1169 4004 1534 4073 ἐψυχωμὲνην
1569 4004 1636 4054 ἐκ

91 4100 174 4171 τῆς
204 4101 357 4170 ἁγίας
391 4098 674 4171 Παρθένου
702 4099 889 4152 λαϐεῖν
936 4097 1028 4151 τὸν
1061 4098 1318 4167 Χριστόν.
1361 4095 1635 4148 Ἢνῶσθαι

89 4193 181 4259 γὰρ
231 4191 533 4263 ἐμυθεύετο
579 4189 672 4244 τὸν
709 4189 978 4260 μονογενῆ
1027 4188 1119 4241 τοῦ
1163 4185 1300 4240 Θεοῦ
1348 4185 1477 4240 Υἰὸν
1529 4185 1637 4255 πρὸ

90 4283 371 4356 καταϐολῆς
416 4284 632 4353 κόσμου
664 4282 741 4351 τῷ
777 4281 875 4351 νῷ,
929 4280 991 4333 ὃν
1043 4280 1378 4334 άνέπλαττεν
1429 4280 1634 4341 ἐκεῖνος

88 4373 478 4448 ἐκλελεγμένον,
523 4373 618 4427 καὶ
666 4372 857 4426 κλόνον
895 4372 994 4442 ούχ
1020 4371 1357 4436 ὑποστάντα,
1388 4369 1484 4423 καὶ
1535 4370 1632 4423 σὺν

1741 3182 2088 3252 unigenitum
2132 3182 2224 3236 Dei
2277 3180 2477 3235 Filium
2521 3191 2647 3234 ante
2700 3181 2964 3235 mundum
3019 3181 3302 3236 conditum

1737 3275 1909 3328 menti
1960 3273 2186 3333 ,ttnitutn
2238 3271 2411 3327 fuisse
2458 3271 2773 3335 fabulatur,
2825 3278 2883 3325 et
2902 3271 3139 3325 electum
3186 3285 3315 3327 esse

1739 3364 1925 3435 lingit,
1968 3372 2023 3418 ct
2066 3379 2282 3418 ramum
2329 3365 2422 3432 qui
2473 3361 2769 3432 aliquando
2801 3376 2911 3416 non
2952 3360 3140 3427 fuerit,
3183 3378 3310 3419 cum

1739 3472 1918 3529 eoque
1972 3455 2234 3512 extremis
2292 3454 2634 3523 temporibus
2690 3453 3105 3509 inhumanatnm
3161 3471 3308 3522 esse,

1738 3558 2018 3620 assumpta
2063 3562 2231 3603 carne
2272 3548 2484 3615 absque
2530 3546 2711 3600 anima
2755 3547 3095 3616 intelligente
3137 3556 3194 3601 et
3224 3561 3312 3601 ra-

1740 3645 1889 3697 tione
1933 3640 2202 3711 prtcdita:
2247 3654 2313 3694 ac
2345 3654 2538 3695 rursus
2583 3636 2910 3708 deposuisse
2942 3653 3167 3694 carnem
3197 3638 3308 3693 Do-

1740 3733 1972 3795 minum,
1998 3739 2055 3785 ct
2089 3729 2253 3785 linem
2290 3728 2602 3782 habiturum
2635 3742 2757 3781 esse
2783 3726 2904 3799 ejus
2926 3740 3157 3797 regnum
3192 3734 3308 3780 sta-

1741 3822 1866 3876 tuit.
1914 3822 1981 3877 Et
2030 3821 2307 3875 dtemones
2352 3819 2408 3873 in
2454 3820 2727 3889 integrum
2772 3817 3152 3885 restituendos
3184 3831 3315 3873 esse

1742 3910 1949 3967 tradit:
1990 3917 2049 3963 et
2080 3908 2412 3978 supplicium
2454 3906 2617 3972 ﬁniti,
2651 3922 2759 3962 non
2794 3908 2986 3962 aeterni
3012 3905 3134 3961 fore
3173 3916 3311 3961 tent-

1740 4004 1913 4073 poris,
1948 4001 2257 4071 purgationi
2292 3998 2617 4055 delictorum
2645 3997 2890 4052 omnium
2940 3995 3311 4052 destinatum:

1740 4110 1847 4163 qua
1909 4102 2150 4163 peracta,
2194 4106 2386 4145 omnes
2429 4088 2497 4144 ad
2540 4089 2809 4143 unitatem
2849 4086 3126 4142 redituros
3164 4101 3312 4151 esse,

1742 4193 1852 4239 tam
1885 4184 2140 4240 homines
2166 4198 2328 4253 quam
2361 4182 2659 4238 daemones.
2690 4179 2930 4237 Unitatis
2955 4189 3139 4235 autem
3164 4179 3313 4234 illius

1742 4278 2036 4341 rationem,
2078 4291 2175 4331 seu
2216 4290 2389 4346 nugas
2419 4274 2626 4345 potius,
2662 4288 2786 4329 cum
2824 4273 2944 4328 sine
2974 4272 3161 4327 multis
3186 4286 3311 4325 ver—

1744 4368 1832 4425 bis
1869 4368 2136 4424 declarari
2186 4366 2331 4420 haud
2382 4364 2614 4435 possint,
2656 4362 3129 4433 praetermisimus,
3168 4371 3226 4415 ut
3257 4371 3315 4416 et

88 4464 238 4538 τούτῳ
265 4466 351 4521 ἐπ’
382 4465 629 4535 ἐσχάτων
652 4462 1095 4534 ἐνανθρωπῆσαι,
1127 4466 1219 4515 καὶ
1264 4461 1446 4533 σάρκα
1467 4477 1571 4531 προ

1919 4460 2024 4531 aius
2057 4457 2443 4529 blasphetnias.
2480 4459 2658 4526 Atque
2695 4456 2811 4510 inec
2837 4453 2906 4509 de
2933 4454 3189 4524 Origene,
3217 4452 3313 4523 qni
3394 4502 3402 4513 .

86 4556 348 4628 ειληιρέναι
418 4557 545 4627 δίχα
576 4555 754 4626 ψυχῆς
787 4554 979 4626 νοερᾶς
1004 4570 1067 4607 τε
1097 4554 1191 4606 καὶ
1218 4552 1469 4622 λογικῆς.
1526 4552 1639 4604 Καὶ

87 4649 366 4704 ἀποθέσθαι
387 4648 447 4703 δέ
468 4649 570 4719 την
593 4651 772 4717 σάρκα
800 4646 966 4699 πάλιν
986 4646 1077 4698 τὸν
1105 4643 1333 4715 Κύριον,
1360 4644 1457 4697 καὶ
1484 4642 1639 4705 τέλος

86 4739 215 4808 ἕξειν
239 4742 338 4812 τὴν
371 4737 657 4810 βασιλείαν
682 4738 849 4790 αὑτοῦ
879 4734 1226 4804 ἐδογμάτιζε.
1253 4735 1362 4788 Καὶ
1386 4733 1494 4788 τῶν
1522 4734 1642 4787 δαι-

88 4835 246 4904 μόνων
297 4835 579 4904 εἰσηγεῖτο
629 4829 848 4883 ἔσεσθαι
900 4827 1116 4900 μέλλειν
1166 4827 1638 4891 ἀποκατάστασιν,

87 4926 168 4977 καὶ
201 4924 300 4995 τὴν
348 4924 577 4976 κόλασιν
613 4917 898 4990 χρονικὴν,
945 4914 1063 4971 ἀλλ’
1102 4915 1207 4969 οὐκ
1257 4914 1638 4977 αἰωνίζουσαψ

85 5013 207 5083 πρὸς
250 5013 533 5085 κάθαρσιν
578 5009 634 5063 δέ
684 5009 794 5062 τῶν
846 5005 1262 5077 ἁμαρτημάτων
1287 5003 1640 5076 γενησεσθαι,

89 5107 214 5175 μετὰ
235 5107 296 5160 τὸ
321 5105 669 5175 καθαρθῆναι
705 5101 785 5168 δέ,
817 5104 1029 5165 πάντας
1060 5102 1140 5165 εἰς
1172 5098 1273 5170 τὴν
1306 5097 1470 5152 ἐνάδα
1507 5098 1643 5151 απο-

87 5199 438 5269 καταστῆναι,
458 5198 556 5251 καὶ
580 5197 707 5258 τοὺς
728 5193 1053 5265 ἀνθρώπους
1083 5194 1176 5245 καὶ
1208 5191 1336 5255 τοὺς
1358 5190 1642 5261 δαίμονας.

87 5290 159 5344 Τά
188 5291 245 5344 δὲ
269 5291 401 5360 περὶ
426 5289 524 5356 τῆς
558 5288 739 5351 ἐνάδος
771 5286 979 5354 ταύτης
1005 5281 1208 5351 πολλῆς
1259 5282 1643 5353 μακρηγορίας

90 5379 330 5451 δεόμενα,
359 5378 428 5432 ἶν’
454 5381 483 5434 6
512 5378 717 5448 ταύτης
757 5375 917 5438 ὕθλος
949 5371 1336 5443 σαφηνισθιίη,
1370 5371 1642 5441 παρείθη-

92 5486 203 5538 σαν,
232 5470 428 5540 ὦσπερ
458 5470 552 5524 καὶ
584 5467 720 5522 ἄλλα
755 5466 865 5520 τῶν
897 5464 1107 5517 ἐκείνου
1146 5462 1532 5533 βλασφημιῶν.
1561 5461 1645 5514 Τὰ

90 5565 180 5631 μὶν
211 5562 303 5617 οῦν
333 5562 479 5615 κατά
503 5560 597 5614 τὸν
644 5556 953 5631 Ὠριγένην,
982 5540 1040 5608 δν
1068 5553 1299 5609 ἐκάλουν
1354 5554 1451 5606 καὶ
1490 5554 1644 5607 Ἀδα-

93 5654 326 5723 μάντιον,
357 5657 422 5706 ἐν
445 5652 677 5714 τούτοις.
703 5650 839 5704 Τότε
857 5648 915 5701 δέ
948 5648 1042 5702 καὶ
1065 5645 1336 5711 Ναυάτος,
1373 5645 1474 5715 τῆς
1501 5646 1645 5700 κατά

95 5744 317 5817 Ῥώμην
387 5742 711 5816 Ἐκκλησίας
792 5741 1165 5819 πρεσϐύτερος
1195 5779 1210 5806 .
1281 5738 1644 5811 αἰρεσιάρχης

1744 4551 1911 4606 etiam
1934 4548 2295 4603 Adamantius
2319 4546 2627 4602 dicebatur.
2648 4545 2787 4601 Tum
2805 4545 3049 4601 Novatus
3070 4560 3312 4615 quoque,

1746 4641 2009 4695 Romana:
2035 4640 2296 4695 Ecclesiae:
2322 4638 2637 4709 presbyter,
2665 4636 3061 4712 haeresiarches
3079 4636 3315 4695 exstitit:

1743 4751 2049 4805 eorumque
2077 4734 2172 4805 qui
2203 4749 2262 4788 se
2283 4733 2554 4788 Catbaros
2578 4747 2676 4787 seu
2712 4732 2888 4787 Paros
2917 4729 3137 4795 dicunt,
3160 4731 3307 4800 prin-

1744 4842 1906 4897 ceps:
1938 4826 2006 4881 iis
2031 4825 2122 4895 qui
2148 4826 2534 4894 persecutione
2559 4822 2761 4887 territi,
2789 4821 3099 4878 simulacris
3125 4821 3317 4876 immo-

1742 4921 1962 4984 larunt,
2010 4926 2067 4973 et
2117 4925 2274 4987 post,
2324 4914 2511 4987 agnito
2562 4922 2817 4985 peccato,
2861 4929 2921 4969 se
2959 4922 3314 4979 convertunt,

1744 5006 2127 5079 paenitentiam
2157 5021 2387 5077 negans,
2425 5017 2481 5061 et
2510 5005 2792 5075 supplices
2822 5018 2888 5059 ac
2920 5003 3103 5060 delicti
3135 5004 3315 5060 medi-

1744 5101 1925 5154 cinam
1959 5097 2212 5153 dolenter
2246 5096 2559 5166 aﬂlictoque
2586 5094 2773 5150 animo
2806 5094 3154 5165 requirentes
3202 5109 3313 5148 non

1744 5190 2060 5247 admittens.
2093 5190 2297 5244 Contra
2326 5188 2475 5242 hunc
2510 5188 2695 5243 Romae
2728 5187 3022 5243 concilium
3055 5193 3138 5240 est
3171 5185 3316 5240 indi-

1744 5295 1917 5349 ctum,
1951 5283 2041 5337 cui
2067 5281 2357 5338 Cornelius
2382 5282 2601 5352 prefuit
2629 5299 2645 5338 :
2676 5281 2731 5337 in
2759 5296 2870 5351 quo
2895 5279 3177 5336 decretum
3204 5283 3311 5337 est.

1747 5384 1993 5446 tempore
2044 5374 2450 5445 persecutionis
2494 5374 2681 5444 lapsos
2737 5372 3117 5444 recipiendos,
3164 5370 3211 5426 si
3254 5383 3313 5423 se

1747 5469 2161 5529 converterint,
2195 5467 2360 5538 627
2407 5476 2465 5522 et
2507 5466 2847 5537 pmnitentia:
2893 5462 3165 5518 medicina
3212 5475 3312 5515 cu-

1746 5561 1950 5618 randos
1987 5575 2129 5615 esse.
2159 5559 2426 5614 Novatum
2458 5573 2591 5613 vero
2621 5558 2796 5611 sancti
2827 5556 2911 5609 illi
2942 5564 3145 5624 patres,
3177 5568 3315 5606 con-

1746 5653 1859 5711 cilii
1894 5653 2116 5707 decreto
2150 5664 2262 5704 non
2296 5648 2759 5720 acquiescentem,
2790 5645 3031 5700 Ecclesia
3067 5642 3311 5713 pulsum,

1747 5756 1810 5805 ut
1837 5744 2068 5801 fratrum
2114 5742 2365 5811 hostem,
2403 5742 2747 5798 abdicarunt.
2784 5735 3052 5794 Eusebius
3090 5747 3315 5805 quoque
