3910 6568
234 381 373 445 1065

1483 373 1897 436 ANNALIUM
1941 373 2094 435 LIB.
2136 370 2281 434 XII.

3332 365 3469 435 10.66

214 494 318 549 τῶν
366 487 581 545 οἰκείων
626 487 921 561 ἀπόληται,
971 487 1048 560 τῷ
1106 487 1360 559 πολεμίῳ
1417 490 1782 561 προδεδωκὼς

1899 488 2249 547 :larissimam
2277 484 2486 543 Ciliciae
2514 484 2791 547 civitatem
2809 482 3063 551 Tarsum,
3103 491 3162 539 et
3187 479 3474 552 Cappado-

216 584 422 642 ἑαυτόν.
455 583 617 636 Ἀλλά
643 584 829 652 μέντοι
855 583 978 653 ὅσον
1009 583 1069 635 τὸ
1113 582 1200 635 ἐπ’
1246 581 1398 653 αὐτῷ
1432 585 1528 637 καὶ
1557 584 1624 639 τὰ
1661 585 1796 640 Ῥω·

216 676 385 746 μαίων
402 675 809 745 στρατεύματα,
831 676 890 728 οὐ
914 675 1022 745 μὴν
1053 676 1103 728 oi
1130 676 1465 747 στρατιῶται
1491 677 1795 747 ἀπώλοντο,

214 768 344 820 ἀλλὰ
368 769 590 835 γνόντες
617 768 715 838 τὴν
747 767 1041 838 προδοσίαν
1094 767 1373 838 διέφυγον,
1401 769 1602 838 ὀλίγων
1635 771 1793 823 ἀναι-

222 858 503 928 ρεθέντοιν.
543 860 669 912 Εῖτε
702 858 759 911 δὲ
795 858 1139 930 δορυάλωτος
1166 860 1380 932 ἐλήφθη
1410 864 1523 925 τοῖς
1560 862 1796 932 Πέρσαις

211 954 236 1004 ὁ
266 951 544 1021 βασιλεὺς,
593 952 697 1005 εἴθ’
748 953 892 1005 ἑκὼν
944 953 1141 1006 ἑαυτὸν
1191 954 1383 1018 αὐτοῖς
1437 955 1793 1025 ἐνεχείρισεν,

211 1046 419 1113 ἀτίμως
485 1045 651 1117 ἤγετο
681 1045 835 1116 παρὰ
889 1045 986 1098 τοῦ
1037 1046 1327 1116 Σαπώρου.
1365 1047 1429 1101 Οί
1477 1047 1684 1118 Πέρσαι
1713 1047 1794 1111 δὲ,

213 1136 349 1189 κατὰ
379 1137 564 1188 πᾶσαν
622 1136 813 1190 ἄδειαν
845 1138 964 1199 ταῖς
1020 1137 1248 1192 πόλεσιν
1274 1138 1560 1203 ἐπιόντες,
1605 1140 1708 1210 τήν
1734 1154 1796 1191 τε

211 1226 339 1296 πρὸς
357 1226 439 1297 τῷ
500 1225 732 1301 Ὀρόντῃ
762 1227 1011 1297 αἰροῦσιν
1034 1228 1149 1299 (72)
1200 1230 1533 1301 ’Δντιόχειαν
1570 1232 1666 1286 καὶ⁵
1695 1232 1797 1304 τὴν

210 1320 687 1388 περιφανεστέραν
713 1319 823 1373 τῶν
849 1318 950 1390 τῆς
977 1321 1239 1384 Κιλικίας
1288 1322 1500 1376 πόλεων
1525 1321 1625 1394 τὴν
1646 1324 1797 1395 Ταρ-

211 1411 319 1476 σόν,
346 1410 443 1463 καὶ
468 1412 570 1481 τὴν
598 1414 658 1464 ὲν
696 1412 1068 1483 Καππαδοκίᾳ
1124 1413 1494 1484 Καισάρειαν.
1516 1414 1627 1469 Καὶ
1660 1412 1802 1484 πλῆ-

213 1503 301 1567 θος
325 1501 706 1571 αἰχμαλώτων
736 1505 1160 1573 συναγαγόντες,
1196 1504 1317 1558 οὐδὲ
1362 1506 1568 1579 τροφῆς
1615 1506 1800 1571 αὐτοῖς

210 1596 540 1666 μετεδίδουν,
590 1597 640 1649 εἰ
695 1597 772 1668 μὴ
821 1596 1144 1667 βραχίστης,
1187 1595 1318 1675 ὥστ’
1375 1599 1622 1670 άποξῇν⁸
1671 1598 1798 1652 οὗτε

212 1688 305 1757 μὲν
329 1685 526 1751 ὓδατος
560 1689 814 1758 μετέχειν
868 1689 948 1751 ei;
1007 1690 1170 1761 κόρον
1200 1688 1352 1759 ¹είων
1387 1690 1631 1755 αὐτοὺς,
1681 1691 1799 1747 ἀλλ’

1896 582 1995 637 ciae
2024 580 2292 635 Caesarem
2320 586 2622 648 ceperunt,
2674 591 2778 631 nec
2825 577 3167 647 captivorum
3220 575 3474 637 multitu-

1894 673 2013 729 dini
2041 673 2149 728 cibi
2184 672 2308 742 plus
2343 669 2637 735 dederunt,
2688 683 2851 738 quam
2895 675 3161 737 quantum
3199 664 3268 720 ad
3313 675 3477 721 tuen-

1893 762 2019 819 dam
2048 763 2219 817 vitam
2247 762 2379 817 satis
2427 774 2627 816 esset:
2688 760 2800 815 imo
2854 774 2958 813 nec
3010 773 3211 828 aquam
3265 756 3471 811 affatim

1896 855 2091 910 bibere
2130 854 2218 908 siti
2267 863 2445 920 sunt,
2498 852 2595 908 sed
2647 868 2678 907 a
2727 851 3055 909 custodibus
3096 850 3155 906 in
3181 850 3272 907 die
3304 848 3476 907 semel

1897 947 2072 1003 instar
2114 948 2387 1017 pecudum
2457 954 2719 1016 aquatum
2779 943 2913 999 acti.
2972 942 3277 999 Caesaream
3342 954 3477 999 vero

1896 1038 2255 1111 Cappadocia:
2309 1037 2813 1108 frequentissimam
2901 1035 3092 1091 urbem
3180 1034 3348 1103 (nam
3410 1031 3479 1086 ad

1897 1127 2300 1208 quadringenta
2340 1127 2627 1185 hominum
2661 1127 2831 1182 millia
2857 1141 2978 1201 eam
3023 1126 3321 1183 incoluisse
3371 1133 3483 1185 tra-

1897 1222 2153 1294 duntur),
2188 1237 2300 1277 non
2329 1221 2482 1291 prius
2508 1221 2693 1275 hostes
2723 1228 2989 1289 ceperunt
3018 1259 3034 1285 ,
3064 1218 3306 1277 obsessis
3337 1225 3480 1273 stre-

1899 1330 2008 1371 nue
2033 1330 2091 1371 se
2115 1312 2569 1377 defendentibus,
2601 1312 2972 1368 Demosthene
3004 1350 3019 1375 ,
3071 1310 3191 1365 viro
3233 1309 3360 1363 forti
3423 1318 3490 1362 rt

1895 1408 2144 1473 cordata,
2180 1407 2320 1463 duce
2348 1423 2366 1461 :
2396 1422 2559 1477 quam
2608 1406 2859 1476 captivus
2892 1404 3118 1476 quidam
3175 1402 3429 1459 medicus
3463 1441 3490 1460 .,

1895 1499 2444 1559 excarnificationum
2478 1498 2761 1554 hostilium
2789 1498 3083 1567 impatiens
3107 1538 3122 1561 ,
3159 1496 3346 1553 locum
3382 1496 3483 1559 ,εἰς

1897 1596 2196 1669 quemdam
2227 1593 2668 1665 demonstravit,
2697 1609 2799 1665 per
2850 1608 3015 1663 quem
3076 1592 3258 1647 Persa:
3286 1597 3482 1659 .noctu

1899 1687 2154 1757 ingressi,
2187 1702 2378 1744 omnes
2408 1687 2826 1743 interfecerunt.
2905 1685 3124 1741 Civium
3180 1698 3315 1738 vero
3364 1680 3480 1753 dux

209 1776 348 1839 ἅπαξ
372 1777 478 1847 τῆς
507 1778 616 1847 ήμέ
628 1795 727 1847 ρας
752 1778 799 1830 oi
831 1776 1041 1831 τούτων
1077 1780 1309 1850 φρουροὶ
1335 1780 1567 1851 ἦλαυνον
1598 1781 1798 1845 αὐτοὺς

1900 1783 2299 1840 Demosthenes
2324 1821 2341 1846 ,
2373 1796 2405 1837 a
2448 1781 2639 1837 multis
2680 1780 2870 1836 Persis
2911 1777 3292 1833 circumdatus
3316 1815 3335 1842 ,
3385 1774 3481 1845 qni

209 1843 485 1940 ἐφ’ὔδωρ,
521 1843 712 1939 ωσπερ
759 1843 1271 1941 βοσκήματαξνΤῆν
1339 1843 1682 1946 Ιξαισάρειαν
1739 1843 1797 1928 δέ

1899 1892 2024 1932 eum
2051 1874 2325 1930 viventem
2353 1890 2549 1945 capere
2571 1872 2711 1943 iussi
2743 1881 2932 1937 erant,
2967 1885 3270 1926 conscenso
3292 1883 3442 1938 equo
3465 1904 3483 1930 ,

210 1959 645 2031 πολυάνθρωπον
673 1960 843 2017 οὖσαν
889 1963 1043 2034 (περί
1086 1964 1500 2036 τεσσαράκοντα
1540 1966 1650 2037 γὰρ
1697 1983 1801 2036 μυ-

210 2053 403 2124 ριάδας
455 2053 767 2124 ἀνθρώπων
823 2056 882 2107 ἐν
934 2055 1074 2127 αὐτῇ
1127 2055 1351 2125 λέγεται
1408 2056 1706 2129 κατοικεῖν)
1735 2058 1798 2112 οὐ

212 2148 480 2218 ⁸πρότερον
516 2141 687 2215 εἷλον,
728 2148 997 2216 γενναίως
1045 2150 1159 2203 τῶν
1201 2151 1261 2202 ὲν
1291 2150 1432 2221 αὐτῇ
1469 2153 1585 2214 τοῖς
1637 2152 1801 2205 πολε-

211 2240 357 2307 μίοις
390 2236 968 2308 ἀντικαθισταμένων,
996 2239 1097 2293 καὶ
1143 2243 1642 2312 στρατηγουμένων
1689 2243 1796 2297 ὑπό

213 2348 351 2413 τινος
380 2332 462 2402 Δη
474 2330 794 2401 μοσθένους,
822 2330 1016 2403 ἀνδρὸς
1042 2333 1139 2386 καί⁸
1161 2331 1411 2402 ἀνδρείου
1436 2335 1529 2387 καὶ
1554 2334 1801 2401 συνετοῦ,

211 2420 371 2490 πρινὴ
411 2436 496 2481 τις
523 2417 862 2489 δορυάλωτος
897 2420 1263 2491 κατασχεθεὶς
1320 2421 1531 2492 ἰατρὸς,
1580 2424 1803 2488 καὶτὰς

208 2511 559 2580 ἐπαγομένας
599 2510 750 2580 αὐτῷ
781 2510 858 2582 μὴ
909 2512 1095 2582 φέρων
1125 2513 1333 2577 αἰκίας,
1375 2513 1628 2580 ὑπέδειξέ
1673 2532 1799 2571 τινα

206 2603 391 2667 τόπον,
423 2604 546 2657 ὅθεν
577 2604 776 2668 νυκτὸς
802 2604 1058 2674 εἰσῆλθον
1100 2605 1152 2658 οἰ
1187 2606 1394 2678 Πέρσαι
1443 2606 1539 2662 καὶ
1595 2608 1805 2671 πάντας

207 2694 449 2747 ἀνεῖλον.
515 2694 574 2746 '0
604 2692 662 2746 δέ
685 2709 753 2761 γε
816 2690 1025 2747 τούτων
1076 2694 1388 2766 στρατηγὸς
1444 2696 1804 2769 Δημοσθένης

210 2782 312 2836 ὑπὸ
333 2782 558 2837 πολλῶν
580 2782 889 2855 κυκλωθεὶς
922 2782 1154 2854 Περσῶν
1200 2784 1618 2841 κελευσθέντων
1663 2784 1804 2850 ζωὸν

205 2870 366 2924 αὑτὸν
406 2870 734 2938 συλλαϐεῖν,
793 2871 885 2924 τὸν
938 2870 1103 2924 ῐππον
1147 2871 1355 2937 ἀναϐάς
1389 2874 1482 2939 καὶ
1510 2876 1717 2945 γυμνὸν
1745 2874 1806 2928 τὸ

207 2962 351 3031 ξίφος
366 2962 583 3035 ἠρκὼς,
612 2961 914 3034 εἰσώθησεν
936 2964 1129 3018 ἑαυτὸν
1161 2965 1333 3035 μέσον
1356 2965 1467 3020 τῶν
1496 2966 1802 3037 πολεμίων

208 3055 297 3107 και
328 3054 622 3118 πλείστους
677 3053 1006 3110 καταϐαλὼν
1063 3056 1346 3124 διεξέπεσε
1406 3057 1506 3128 τῆς
1565 3058 1803 3129 πόλεως,

1896 1976 1955 2025 et
1984 1969 2179 2024 stricto
2213 1982 2345 2023 ense
2379 1966 2623 2031 sublato,
2666 1965 2722 2021 in
2755 1966 2968 2020 medios
3005 1965 3190 2019 hostes
3215 1979 3274 2018 se
3301 1964 3480 2018 immi-

1898 2061 1989 2127 sit,
2017 2069 2075 2115 et
2096 2060 2351 2131 plurimis
2380 2058 2678 2125 prostratis
2714 2056 2848 2112 urbe
2876 2057 3097 2126 elapsus
3129 2056 3342 2126 ell'uglt.
3368 2056 3485 2119 Hoc

1901 2166 2087 2208 rerum
2138 2161 2282 2208 statu
2326 2153 2542 2217 Persae,
2589 2164 2782 2205 omnes
2834 2149 3110 2204 Romanas
3163 2150 3218 2203 in
3257 2147 3484 2204 Oriente

1902 2245 2216 2316 provincias
2244 2243 2548 2315 pervagati,
2577 2244 2698 2298 sine
2730 2242 2843 2297 ullo
2871 2250 3021 2296 metu
3072 2250 3389 2297 vastarunt.
3412 2245 3485 2296 At

1904 2336 2135 2392 Romani
2161 2336 2310 2408 iuga,
2366 2346 2432 2390 ut
2485 2335 2696 2389 dictum
2757 2342 2864 2397 est,
2925 2332 3099 2402 elapsi
3129 2373 3146 2397 .
3193 2331 3482 2399 Callistum

1903 2426 2196 2497 quemdam
2243 2426 2440 2481 ducem
2470 2433 2765 2490 crearunt,
2788 2424 2885 2496 qui
2910 2439 3034 2479 cum
3060 2422 3256 2479 Persas
3290 2424 3447 2494 palan
3472 2456 3482 2464 -

1912 2529 1997 2576 tes
2032 2538 2047 2573 :
2085 2534 2155 2575 ac
2190 2520 2373 2575 omnis
2431 2518 2650 2574 hostilis
2703 2526 2923 2583 metus,
2979 2524 3234 2586 expertes
3272 2525 3484 2572 temere

1905 2612 2219 2684 provincias
2248 2613 2537 2668 incursare
2562 2609 2779 2666 videret
2812 2627 2828 2664 :
2882 2608 3234 2680 aggressione
3282 2623 3485 2680 repen-

1905 2707 2023 2761 tina
2050 2705 2344 2761 maximam
2383 2704 2749 2760 Barbarorum
2778 2703 2984 2759 caedem
3033 2701 3210 2759 edidit
3233 2742 3249 2767 ,
3286 2710 3347 2758 et
3382 2701 3487 2757 Sa-

1903 2801 2057 2871 poris
2080 2799 2421 2855 concubinas
2462 2812 2587 2852 cum
2639 2797 2857 2866 magnis
2905 2795 3108 2865 opibus
3155 2795 3320 2867 cepit.
3368 2794 3485 2862 Qua

1904 2890 2060 2946 clade
2093 2890 2189 2944 ille
2226 2888 2386 2959 631
2408 2887 2632 2953 dolens,
2652 2885 2993 2943 festinanter
3027 2885 3255 2941 domum
3304 2886 3442 2943 abiit
3468 2926 3484 2951 ,

1906 2982 2144 3038 abducto
2172 2982 2340 3037 etiam
2406 2980 2697 3037 Valeriano
2754 2994 2994 3035 secum:
3045 2980 3142 3049 qui
3184 2980 3241 3034 in
3290 2980 3483 3036 Persia

1906 3075 2074 3130 vitam
2100 3075 2244 3129 inter
2270 3073 2607 3143 captivitatis
2639 3071 2941 3143 opprobria
2989 3079 3047 3127 et
3096 3072 3336 3128 ludibria
3389 3088 3488 3128 ea-

206 3149 294 3202 καί
359 3147 658 3218 διαφυγεῖν
704 3140 944 3220 ἴσχυσεν.
1008 3148 1166 3204 Οὕτω
1199 3150 1256 3203 δὲ
1304 3149 1415 3205 τῶν
1456 3152 1797 3223 πραγμάτων

1907 3165 2038 3234 egit.
2081 3164 2271 3233 Neque
2324 3140 2454 3218 vero
2487 3140 2747 3219 Callistus
2796 3161 3062 3217 duntaxat
3124 3178 3238 3218 rem
3292 3172 3485 3221 contra

206 3242 310 3305 τοῖς
337 3240 585 3312 Πέρσαις
620 3240 1076 3311 συνενεχθέντων,
1115 3241 1259 3295 κατὰ
1302 3243 1485 3296 πᾶσαν
1522 3244 1621 3313 τὴν
1666 3243 1797 3296 ὑπο-

208 3332 484 3400 κειμένην¹
517 3328 814 3401 Ῥωμαίοις
858 3330 1033 3400 Ἐᾡαν
1079 3330 1539 3399 διεσκεδάσθησαν
1589 3331 1794 3403 χώραν,

211 3425 300 3476 καὶ
361 3423 639 3495 ἐπόρθουν
688 3422 861 3495 αὐτὴν
915 3422 1110 3487 ἀδεῶς.
1172 3423 1236 3476 Oi
1298 3422 1487 3491 μέντοι
1532 3423 1797 3494 Ῥωμαίοι

211 3517 504 3585 φυγόντες,
546 3514 621 3579 ὼς
645 3517 885 3586 εἴρηται,
919 3516 1224 3587 στρατηγὸν
1249 3516 1463 3578 ἑαυτοῖς
1485 3516 1796 3587 ἐπέστησαν

209 3610 517 3665 Κάλλιστόν
571 3626 722 3674 τινα,
773 3609 831 3671 ὃς
891 3609 1357 3679 σκεδαννυμένους
1406 3610 1534 3671 τοὺς
1582 3610 1797 3680 Πέρσας

206 3703 362 3773 ὀρῶν,
397 3702 496 3756 καὶ
530 3688 955 3771 ἀπερισκέπτως
990 3701 1247 3764 ἐπιόντας
1297 3702 1417 3763 ταῖς
1466 3700 1692 3772 χώραις,
1720 3700 1798 3773 τῷ

212 3795 435 3865 μήτινα
494 3793 704 3846 οἴεσθαι
771 3792 959 3856 αὐτοῖς
1023 3792 1441 3860 ἀντιτάξασθαι,
1495 3793 1796 3848 ἐπιτίθεται

209 3886 408 3957 ἁθρόον
448 3886 657 3948 αὐτοῖς,
699 3885 796 3939 καὶ
827 3868 987 3953 φόνον
1020 3883 1132 3936 τῶν
1172 3884 1484 3955 Βαρϐάρων
1536 3886 1796 3939 πλεῖστον

208 3983 529 4052 εἰργάσατο,
558 3985 651 4033 καὶ
693 3980 984 4042 παλλακὰς
1008 3973 1121 4032 εἷλε
1153 3979 1421 4050 Σαπώρου
1457 3981 1557 4033 σὺν
1583 3978 1798 4048 πλούτῳ

210 4072 530 4146 πολλῷ.Οίς
564 4075 775 4138 ἐκεῖνος
827 4072 1203 4143 περιαλγήσας
1251 4072 1436 4125 οἶκαδε
1493 4072 1798 4136 σπουδαίως

209 4168 543 4238 ὑπέστρεψε,
581 4167 792 4220 καὶτὸν
820 4166 1191 4237 Οὐαλεριανὸν
1222 4164 1583 4235 ἐπαγόμενος,
1613 4164 1670 4226 ὃς
1702 4167 1797 4219 καὶ

208 4262 262 4313 ἐν
295 4260 522 4328 Περσίδι
582 4257 922 4329 κατέστρεψε
958 4258 1058 4325 τὴν
1116 4256 1287 4328 ζωὴν,
1327 4257 1402 4321 ὡς
1450 4255 1797 4328 αἰχμάλωτος

207 4350 601 4421 ὀνειδιζόμενός
631 4366 691 4402 τε
751 4349 845 4403 καὶ
875 4349 1303 4419 ὲμπαιζόμενος.
1363 4348 1437 4401 Οὐ
1501 4350 1664 4418 μόνος
1692 4347 1736 4401 δ’
1768 4348 1796 4399 ό

209 4444 509 4506 Κάλλιστος
539 4443 829 4513 ἠρίστευσε
863 4441 984 4494 τότε
1021 4443 1162 4496 κατὰ
1202 4441 1456 4511 Περσῶν,
1513 4441 1651 4494 ἀλλά
1699 4441 1796 4496 καί

1900 3257 2095 3313 Persas
2123 3268 2235 3312 tum
2267 3257 2406 3311 bene
2445 3255 2610 3324 gessit
2643 3273 2657 3308 :
2700 3255 2796 3309 sed
2845 3264 2900 3308 et
2932 3254 3216 3311 Odenatus
3266 3256 3485 3328 Palmy-

1898 3365 2086 3409 renus.
2123 3350 2492 3403 Romanorum
2524 3348 2733 3409 socius,
2765 3347 2972 3400 multus
3011 3348 3263 3411 occidit,
3318 3352 3485 3405 redeo

1898 3440 2231 3509 untesjuxta
2283 3439 2612 3508 Euphratem
2645 3437 2892 3498 adortus.
2924 3451 3101 3507 eaque
3146 3438 3216 3492 de
3255 3452 3418 3493 causa
3455 3456 3486 3494 a

1896 3533 2122 3587 “alieno
2151 3533 2504 3601 imperatore,
2532 3530 2671 3600 grati
2699 3530 2867 3584 animi
2893 3544 3025 3598 ergo
3053 3562 3071 3591 ε
3095 3530 3207 3584 dux
3235 3529 3488 3586 Orientis

1896 3634 1982 3680 est
2013 3633 2252 3679 creatus.
2276 3624 2425 3678 lnter
2448 3623 2805 3692 spoliandum
2837 3621 3106 3677 cadavera
3162 3623 3483 3692 Persarum,

1899 3717 2157 3773 dicuntur
2177 3718 2345 3773 etiam
2379 3718 2640 3772 mulieres
2672 3714 2863 3770 habitu
2915 3722 2972 3768 et
3002 3714 3179 3770 armis
3232 3715 3484 3771 virorum

1896 3817 2106 3863 ornata:
2137 3817 2389 3878 repertae,
2422 3816 2484 3861 et
2504 3806 2649 3860 tales
2685 3804 2898 3875 aliquot
2947 3802 3109 3858 vivae.
3136 3818 3167 3858 a
3222 3803 3486 3863 Romanis

1898 3909 2073 3969 captaa
2106 3913 2251 3953 esse.
2285 3896 2522 3967 Sapores
2552 3912 2681 3951 vero
2730 3912 2858 3950 cum
2894 3895 2962 3950 .in
3016 3896 3197 3951 reditu
3250 3897 3302 3950 in
3357 3912 3489 3966 pro-

1899 3987 2129 4057 fundam
2176 3986 2375 4042 vallem
2453 3986 2776 4049 incidisset,
2834 4000 2935 4056 per
2992 4000 3157 4055 quam
3218 3986 3487 4054 iumentis

1898 4079 2163 4136 transitus
2211 4094 2321 4134 non
2365 4078 2585 4150 patebat
2613 4121 2628 4140 .
2686 4078 2936 4147 captivos
2993 4076 3274 4144 interfici,
3326 4087 3382 4133 et
3427 4077 3484 4132 in

1896 4172 2092 4243 vallem
2147 4171 2323 4242 abjici
2363 4172 2643 4243 iussisse:
2701 4171 2888 4240 itaque
2928 4170 3277 4242 complanata
3302 4171 3484 4237 valle,

1899 4278 1998 4334 per
2028 4264 2296 4317 cadavera
2323 4262 2572 4333 iumenta
2621 4260 2934 4315 traduxisse
2974 4259 3175 4316 fertur.
3232 4263 3312 4316 Ac
3357 4277 3482 4316 cum

1898 4356 2190 4411 Valeriano
2251 4355 2332 4409 sic
2378 4362 2561 4409 actum
2606 4361 2714 4408 est.
2760 4352 3065 4407 Romanam
3127 4364 3314 4408 autem
3373 4354 3481 4410 Ec-

1896 4445 2120 4502 clesiam
2197 4446 2526 4517 gubernavit
2598 4444 2805 4517 Xystus
2834 4462 2853 4499 :
2916 4445 3319 4500 Antiochenam
3373 4448 3483 4503 De-

217 4550 300 4596 τις
334 4533 700 4605 Παλμυρηνὸς
728 4533 887 4603 ἀνὴρ,
928 4532 1269 4603 κεκλημένος
1305 4533 1596 4596 Ὀδέναθος
1655 4551 1796 4603 συμ-

1904 4539 2227 4602 meti-ianus,
2266 4536 2511 4592 Flaviani
2541 4552 2827 4593 successor
2866 4555 2885 4591 ι
2924 4535 3483 4608 ﬂicrosolymitanam

212 4628 401 4698 μαχῶν
443 4626 738 4697 Ῥωμαίοις
771 4625 1011 4688 πολλοῦς
1057 4625 1336 4696 διέφθειρε
1386 4627 1496 4678 τῶν
1551 4626 1799 4698 Περσῶν,

210 4719 649 4789 ἀναστρέφουσιν
688 4719 875 4782 αὐτοῖς
910 4719 1052 4772 κατὰ
1095 4718 1198 4789 τὴν
1237 4718 1635 4789 Εὑφρατησίαν
1684 4722 1803 4774 ἐπι·

1909 4627 2207 4682 Mazabeno
2286 4636 2507 4683 mortuo
2602 4626 2971 4699 Hymenaeus,
3050 4626 3485 4684 Alexandrinam

1899 4718 2217 4789 Dionysius.

209 4810 436 4881 θέμενος
490 4815 714 4887 χώραν·
758 4814 818 4868 δν
867 4815 1128 4885 Γαλιηνὸς
1177 4813 1274 4868 τοῦ
1330 4818 1790 4887 στρατηγήματος
1828 4814 2213 4885 ἀμειϐόμενος,
2273 4814 2375 4884 τῆς
2421 4813 2621 4884 Ἐῴας.
2669 4814 3088 4885 προεχειρίσατο
3151 4820 3485 4890 στρατηγόν.

220 4909 305 4961 Ἕν
341 4908 528 4978 μέντοι
579 4911 693 4971 τοῖς
747 4906 1005 4981 πεσοῦσιν
1044 4911 1110 4962 ὲκ
1154 4908 1249 4963 τοῦ
1305 4907 1578 4980 Περσικοῦ
1656 4908 2069 4979 στρατεύματος
2144 4906 2565 4976 σκυλευομένοις
2621 4905 2994 4974 λέγονταικαί
3045 4912 3302 4976 γυναῖκες
3332 4913 3486 4983 εὕρεο

210 5000 366 5072 θῆναι
396 5004 519 5073 κατ’
549 5004 746 5073 ἄνδρας
772 5005 1104 5074 ὲσταλμὲναι
1140 5007 1234 5059 καὶ
1258 5003 1627 5074 ὡπλισμέναι,
1688 5003 1824 5057 ἀλλὰ
1863 5006 1960 5058 καὶ
1997 5004 2173 5069 ζῶσαι
2237 5001 2486 5057 τοιαῦται
2542 5000 2951 5072 κατασχεθῆναι
3002 5002 3109 5056 ὑπο
3170 5004 3482 5077 Ῥωμαίων.

221 5096 307 5147 Ἐν
361 5096 419 5149 δὲ
471 5101 537 5167 τῇ
577 5096 821 5167 cuman
876 5098 1121 5166 φάραγγι
1179 5098 1375 5169 βαθείᾳ
1430 5097 1743 5169 περιτυχὼν
1805 5099 1834 5150 ό
1873 5098 2166 5168 Σαπώρης,
2215 5096 2284 5167 ἦν
2349 5092 2580 5148 διελθεῖν
2630 5094 2742 5156 τοῖς
2777 5093 3101 5161 ὑποζυγίοις
3140 5096 3346 5166 ἄπορον
3391 5096 3481 5172 ἦν,

210 5188 588 5258 αἰχμαλώτους
624 5189 931 5257 ἐκέλευσεν,
968 5188 1352 5259 ἀναιρεθῆναι,
1388 5190 1484 5242 καὶ
1532 5188 1775 5258 ,ῥιφῆναι
1811 5189 1956 5241 κατὰ
2018 5188 2120 5256 τῆς
2191 5188 2498 5257 φάραγγος.
2552 5182 2621 5235 ἶν’
2664 5181 2840 5245 οὕτως
2901 5182 2998 5237 τοῦ
3067 5184 3267 5254 βάθους
3306 5188 3484 5267 aut};

210 5277 586 5349 πληρωθέντος
640 5280 730 5332 διὰ
776 5279 886 5333 τῶν
936 5280 1147 5352 νεκρῶν
1225 5282 1495 5349 σωμάτων
1543 5280 1613 5333 τά
1670 5278 1822 5348 σφῶν
1860 5278 2145 5339 διέλθωσιν
2199 5276 2494 5344 ὑποζύγια.
2559 5274 2671 5328 Καὶ
2714 5272 2859 5327 οὕτω
2896 5273 3127 5327 δι;λθεῖν
3189 5277 3483 5346 ίστοριίτοι

210 5373 305 5443 τὴν
328 5376 614 5444 φάραγγα.
664 5374 774 5427 Καὶ
827 5375 897 5427 τὰ
953 5375 1053 5443 μὲν
1100 5375 1249 5429 κατὰ
1292 5376 1385 5430 τὸν
1422 5375 1794 5446 Οὐαλεριανὸν
1833 5382 1892 5429 ὲν
1956 5374 2187 5439 τούτοις.
2246 5374 2358 5443 Τῆς
2389 5372 2446 5426 δὲ
2476 5371 2589 5426 τῶν
2639 5372 2935 5442 Ῥωμαίων
2992 5371 3318 5440 Ἐκκλησίας
3349 5379 3483 5427 καί»,

211 5472 394 5539 ηγείτο
422 5468 664 5533 Eoo-roga
692 5470 791 5540 τῆς
826 5471 883 5523 δὲ
926 5470 1037 5525 τῶν
1069 5470 1386 5542 Ἀντιοχέων
1435 5470 1819 5543 Δημητριανὸς
1858 5469 2246 5540 διαδεξάμενος
2314 5467 2649 5521 Φλαϐιανόν·
2698 5466 2796 5536 τῆς
2834 5465 2892 5519 δὲ
2927 5467 3039 5519 τῶν
3095 5464 3484 5535 Ἰεροσολύμων

222 5564 530 5635 Ὑμέναιος,
563 5562 899 5627 Μαξαϐἁνου
927 5564 1198 5628 θανόντος·
1232 5564 1330 5634 τῆς
1362 5564 1406 5616 δ’
1433 5565 1491 5617 ὲν
1532 5561 1912 5633 Ἀλεξανδρεία
1939 5563 2237 5634 προῖστατο
2262 5560 2561 5624 Διονύσιος.

1417 5673 1625 5738 Variis
1686 5674 1996 5738 lectiones
2028 5684 2091 5736 et
2131 5683 2320 5736 notae.

293 5778 403 5853 (τε)
447 5782 843 5846 Ἀντιοχειαν.
872 5779 925 5833 ld
957 5779 1061 5853 sub
1093 5780 1311 5853 initium
1343 5779 1553 5853 Galieni
1575 5780 1798 5835 Marcel-

1907 5795 2034 5853 sam
2056 5778 2493 5853 veroinfciicem
2533 5790 2793 5853 ppgnam,
2818 5771 3089 5830 accidisse
3121 5771 3317 5830 scribit
3349 5771 3479 5831 Tre-

225 5844 397 5919 lin'us,’
423 5853 523 5906 lib.
558 5844 712 5914 xxiii,
749 5859 911 5919 capto
943 5851 1160 5905 scilicet
1194 5849 1481 5905 Valeriano
1510 5867 1525 5913 ;
1551 5862 1677 5905 ante
1711 5852 1795 5920 ip-
1908 5851 2113 5906 bellius
2131 5850 2305 5907 Pollio
2329 5849 2384 5905 in
2412 5844 2838 5920 xxx'Ty'rannis.

553 5946 831 6007 Pn'ROL.
882 5945 1000 6009 Gn.
1041 5945 1369 6009 ΩΧΧΧΝ-
3071 5936 3150 6000 34
