3828 6550
523 361 656 424 1067

1793 353 2117 414 JOANNIS
2153 352 2474 414 ZONARZE

3557 373 3659 437 lliliis

580 478 764 534 XXIV.
821 478 947 532 Post
979 477 1349 541 Valerianum,
1394 475 1658 533 Galienus
1707 471 1856 526 illius
1911 470 2079 537 ﬁlius,

2258 469 2386 526 ΚΝ.
2409 471 2567 525 Μετά
2595 469 2652 524 δὲ
2683 470 2776 524 τὸν
2817 471 3189 544 Οὐαλεριανὸν
3213 476 3450 550 Γαλιηνὸς
3469 485 3492 536 ὁ
3511 487 3665 546 ἐκείνου

509 572 728 642 imperii
762 569 992 624 Romani
1025 569 1234 639 potitus
1268 577 1377 630 est,
1411 584 1441 621 a
1471 576 1626 636 patre
1658 571 1853 618 contra
1881 562 2086 617 Persas

505 665 745 718 abeunte
798 663 852 716 in
903 660 1203 715 Occidente
1235 659 1478 722 relictus,
1537 667 1596 710 ut
1645 656 1715 711 iis
1765 656 1859 726 qui
1916 654 2086 710 Italiae

510 755 649 809 male
684 754 1010 824 cegitarent,
1033 759 1090 805 et
1114 750 1401 803 Thraciam
1427 757 1726 809 vastarent,
1758 747 2040 802 resisteret
2069 762 2083 800 :

459 849 601 916 'qni
667 861 792 900 cum
849 859 956 898 non
1017 842 1257 912 amplius
1319 843 1510 896 decem
1575 842 1750 896 millia
1822 841 2081 901 haberet,

509 947 755 992 trecenta
810 937 976 989 millia
1023 935 1462 989 Alemannorum
1504 933 1662 1004 juxta
1715 932 2085 988 Mediolanum

508 1029 662 1084 vicit.
709 1027 918 1082 Deinde
968 1026 1203 1081 llerulos
1242 1026 1437 1091 etiam,
1482 1035 1701 1094 gentem
1749 1024 2084 1096 Scythicam,

506 1132 564 1176 et
615 1120 900 1175 Gethicam
967 1119 1299 1189 proﬂigavit.
1342 1116 1524 1172 Gessit
1570 1126 1630 1171 et
1673 1132 1800 1172 cum
1862 1115 2088 1170 Francis

509 1214 733 1267 bellum.
788 1211 1061 1266 Aureolus
1110 1226 1239 1264 vero
1295 1224 1363 1262 ex
1411 1208 1698 1278 provincia
1745 1205 1936 1262 Getice
1983 1204 2088 1278 (sic

504 1307 652 1361 enim
703 1305 865 1360 Dacia
907 1303 1181 1374 quondam
1229 1302 1551 1370 vocabatur)
1592 1300 1834 1355 obscuro
1883 1313 2086 1368 genere

505 1409 662 1453 ortus
697 1401 908 1468 (pastor
945 1397 1094 1451 enim
1129 1395 1254 1466 fuit)
1288 1410 1414 1450 cum
1443 1409 1475 1448 a
1513 1395 1738 1448 fortuna
1768 1392 2088 1447 evehendus

505 1500 674 1552 esset,
723 1489 1002 1552 militavit,
1071 1497 1237 1558 atque
1282 1485 1555 1539 industria
1602 1493 1936 1539 consecutus
1978 1490 2086 1546 est,

508 1593 569 1636 ut
594 1579 722 1648 equi
758 1579 1098 1649 imperatorii
1142 1592 1256 1630 sua:
1303 1575 1431 1628 tidei
1481 1577 1898 1628 mandarentur.
1937 1572 2088 1638 Quos

505 1673 633 1743 quia
680 1671 943 1740 praeclare
1001 1666 1303 1729 tractabat.
1357 1665 1565 1719 charus
1619 1663 1932 1717 habebatur
1981 1664 2086 1716 im-

507 1763 771 1836 peratori.
815 1760 1025 1816 Deinde
1070 1775 1199 1814 curn
1245 1758 1431 1828 Mysiae
1482 1756 1727 1827 legiones
1784 1755 2086 1825 Ingenuum

2187 565 2299 628 υιδς
2326 565 2428 634 τῆς
2457 562 2568 616 τῶν
2619 563 2915 634 Ῥωμαίων
2955 567 3250 634 ἡγεμονίας
3290 571 3486 638 γέγονεν
3517 577 3650 650 έγιιρα

2186 660 2308 728 τὴς,
2355 659 2413 711 ὃν
2443 660 2471 710 ὁ
2505 657 2713 728 πατὴρ,
2748 658 2893 710 κατὰ
2915 659 3142 729 Περσῶν
3177 665 3573 736 στρατευόμενος,
3615 677 3671 739 εις

2191 752 2259 802 τὰ
2285 747 2524 818 ἑσπέρια
2561 748 2718 802 είασι
2769 748 2884 812 τοῖς
2954 749 3015 801 έν
3044 751 3109 819 τῇ
3159 750 3349 822 Ἰταλία
3397 755 3675 828 ἐφεδρεύουσι

2189 847 2285 897 καὶ
2317 847 2429 906 τοῖς
2453 843 2551 912 τὴν
2593 843 2821 914 Θρᾴκην
2871 843 3217 915 ληϊζομένοις
3246 847 3672 911 ἀντικαθίστασθαι.

2193 939 2290 998 Ὃς
2352 936 2679 1005 Ἀλαμανοῑς
2747 937 2880 1007 περὶ
2941 938 3238 1005 τριάκοντα
3308 942 3543 1009 μυριάδας
3593 946 3678 1002 οὖσι

2189 1029 2319 1098 περὶ
2351 1029 2420 1079 τὰ
2459 1027 2770 1080 Μεδιόλανα
2807 1027 3103 1098 συμϐαλὼν
3167 1031 3298 1096 μετὰ
3328 1034 3510 1102 μυρίων
3545 1039 3677 1111 ὲνίκη-

2192 1136 2312 1174 σεν.
2358 1116 2490 1173 Εἶτα
2521 1123 2616 1172 καὶ
2655 1121 2940 1191 Αίρούλοις
2990 1122 3126 1192 (75),
3163 1123 3402 1194 Σκυθικῷ
3448 1129 3572 1194 γένει
3614 1135 3675 1186 καὶ

2189 1214 2455 1285 Γοτθικῷ.
2487 1214 2806 1281 ἐπεξελθὼν
2835 1217 3164 1285 ἐκράτησεν.
3207 1217 3515 1288 Ἐπολέμῃσε
3552 1224 3596 1276 δὲ
3613 1229 3675 1280 καί

2187 1308 2481 1378 Φράγγοις.
2515 1308 2779 1380 Δύρίολος
2817 1309 2876 1362 δὲ
2933 1312 2998 1363 ὲκ
3029 1311 3216 1381 χώρας
3251 1309 3326 1363 ὢν
3367 1313 3583 1386 Γετικῆς,
3607 1325 3675 1392 τῆς

2189 1398 2419 1470 ὕστερον
2474 1401 2680 1462 Δακίας
2713 1399 3074 1473 έπικληθείση
3089 1419 3131 1467 ς,
3168 1403 3259 1454 καὶ
3312 1403 3486 1470 γένους
3519 1409 3676 1480 ἀσήμου

2188 1493 2423 1563 (ποιμὴν
2475 1495 2586 1562 γὰρ
2641 1494 2913 1564 ἐτύγχανε
2962 1494 3256 1566 πρότερον)
3317 1497 3410 1566 τῆς
3468 1497 3606 1571 τύχης
3643 1507 3679 1558 δὲ

2187 1582 2352 1636 αὐτὸν
2383 1584 2459 1646 εις
2505 1584 2648 1653 μέγα
2680 1584 3037 1655 βουληθείσης
3068 1587 3296 1656 ἐπᾶραι,
3341 1586 3678 1657 ἐστρατεύσατο⁸

2191 1677 2286 1728 καὶ
2352 1675 2664 1746 περιδέξιος
2725 1675 2994 1744 γεγονὼς,
3051 1678 3166 1729 τῶν
3222 1677 3498 1746 βασιλικῶν
3549 1683 3680 1737 ἵππων

2192 1769 2518 1834 φροντιστὴς
2551 1769 2996 1838 προκεχείριστο.
3036 1769 3147 1820 Καὶ
3196 1771 3327 1839 περὶ
3361 1769 3553 1834 τούτους
3582 1776 3684 1827 εὗδο-

509 1872 608 1928 per
632 1854 960 1912 seditionem
987 1851 1382 1923 imperatorem
1412 1848 1705 1912 dixissent,
1733 1858 1791 1903 et
1817 1847 2082 1902 Galienus

2191 1855 2392 1924 κιμών,
2426 1860 2824 1926 κεχαρισμένος
2858 1858 3005 1921 εδοξε
3061 1859 3139 1929 τῷ
3173 1859 3471 1929 κρατοῦντι.
3516 1863 3608 1916 Τῶν
3648 1867 3687 1920 δὲ

509 1958 708 2020 praeter
759 1955 990 2002 caeteros
1032 1943 1202 2000 etiam
1254 1942 1474 1998 Mauros
1521 1941 1648 2012 (hos
1683 1957 1714 1995 a
1745 1941 1918 1995 Medis
1961 1955 2090 2009 pro-

510 2027 735 2112 pagatos
779 2053 900 2093 esse
935 2035 1114 2106 aiunt)
1164 2042 1359 2089 contra
1403 2048 1530 2088 eum
1575 2032 1643 2086 ad
1677 2032 1942 2086 Sirmium
1991 2031 2092 2087 ad-

509 2134 814 2188 duxisset:
876 2128 1150 2185 Aureolus
1211 2130 1482 2199 magister
1546 2126 1799 2194 equitum
1862 2135 2091 2180 strenue

507 2227 842 2291 dimicando,
891 2226 1082 2279 multis
1129 2225 1384 2279 hostibus
1430 2223 1610 2286 caesis,
1684 2222 1949 2291 reliquos,
2009 2221 2092 2290 ip-

507 2319 1092 2391 lmnnqnelngenuum
1125 2316 1294 2371 rebus
1323 2315 1634 2384 desperatis
1660 2318 1714 2368 in
1740 2316 1922 2384 l'ugam
1955 2330 2091 2369 con—

503 2415 658 2486 jecit,
706 2414 760 2467 in
804 2429 911 2482 qua
958 2427 989 2464 a
1025 2411 1144 2465 suis
1179 2411 1515 2466 satellitibus
1557 2418 1644 2462 est
1692 2410 1934 2462 occisus.
1974 2408 2092 2462 lloc

509 2508 738 2571 domito,
783 2505 1115 2559 Posthumus
1159 2512 1355 2558 contra
1404 2501 1797 2570 imperatorem
1852 2501 2092 2571 insurgit

510 2601 602 2655 tali
635 2600 702 2654 de
753 2613 942 2654 causa.
1003 2597 1268 2652 Galienns
1318 2595 1492 2648 lilium
1545 2593 1862 2657 Galienum,
1921 2593 2087 2664 632

506 2692 914 2747 adolescentem
942 2690 1203 2743 solertem
1232 2689 1655 2751 etlormosum,
1701 2701 1868 2756 quem
1914 2685 2094 2755 impe-

508 2787 574 2840 rii
604 2799 977 2842 successorem
1009 2783 1346 2846 destinabat,
1375 2783 1431 2834 in
1460 2783 1596 2836 urbe
1620 2779 1923 2850 Agrippina
1956 2780 2090 2834 reli-

506 2885 703 2946 querat
735 2893 748 2929 :
789 2885 850 2928 ut
882 2873 1072 2936 Gallis,
1111 2887 1253 2942 quos
1278 2871 1495 2942 Scythae
1531 2871 1884 2940 premebant,
1915 2883 2080 2938 opem

509 2973 698 3034 ferret,
718 2967 928 3022 Albano
953 2967 1170 3020 cuidam
1203 2974 1429 3033 propter
1451 2973 1670 3016 aetatem
1697 2963 2081 3016 commissum.

509 3060 838 3115 Posthumus
875 3074 1002 3110 vero
1027 3055 1091 3108 ad
1118 3056 1425 3109 custodiam
1462 3053 1641 3108 Rheni
1681 3053 1926 3106 ﬂuminis
1956 3053 2089 3106 reli-

505 3162 652 3215 etus,
711 3159 771 3204 ut
837 3149 1299 3202 Tiansrhenanos
1367 3146 1642 3200 Barbaros
1702 3145 2079 3200 Romanarum

508 3243 914 3313 provinciarum
947 3239 1268 3293 incursione
1303 3237 1672 3306 prohiberet:
1711 3238 1949 3291 transitu
1984 3250 2082 3291 eo-

505 3352 626 3391 rum
673 3349 784 3388 non
831 3332 1240 3394 animadverso,
1277 3331 1332 3384 in
1386 3329 1566 3383 reditu
1623 3329 1805 3398 praeda
1853 3338 2084 3384 onustos

503 3428 748 3490 adortus,
783 3424 972 3478 multis
998 3423 1220 3487 occisis,
1263 3422 1502 3491 praedam
1535 3435 1758 3476 omnem
1793 3431 2082 3490 receptam

505 3522 648 3574 inter
691 3518 893 3572 milites
931 3515 1119 3569 statim
1155 3513 1364 3568 divisit.
1405 3513 1544 3568 Cum
1597 3521 1784 3566 autem
1839 3512 2085 3566 Albanus

507 3612 807 3681 postularet
864 3621 925 3661 ut
977 3625 1041 3660 ea
1105 3606 1175 3660 ad
1227 3621 1286 3660 se
1337 3614 1394 3658 et
1444 3603 1734 3660 Juniorem
1787 3602 2079 3658 Galienum

504 3705 839 3758 alierretur:
883 3701 1085 3754 milites
1112 3714 1178 3753 ea
1223 3699 1457 3767 repetita
1500 3697 1570 3750 ad
1612 3696 1946 3752 seditionem
1977 3697 2083 3751 im-

509 3797 715 3866 pulsos,
744 3793 813 3847 ad
839 3793 1152 3862 Agrippinae
1184 3791 1385 3845 muenia
1411 3788 1664 3853 adduxit,
1697 3789 2084 3858 Alburnumque

504 3900 559 3942 et
583 3886 868 3941 Juaiorem
893 3883 1177 3938 Galienum
1198 3896 1229 3934 e
1252 3881 1469 3936 civibus
1489 3880 1593 3935 sibi
1618 3879 1840 3935 deditos
1855 3879 2082 3935 occidit.

503 3980 764 4034 Galienus
801 3979 968 4047 igitur
999 3975 1148 4029 bello
1180 3980 1377 4027 contra
1403 3972 1766 4028 Posthumutn
1801 3981 2081 4042 suscepto,

505 4073 683 4142 primo
716 4083 1014 4138 congressu
1063 4068 1243 4119 victus
1293 4074 1401 4119 est.
1450 4065 1661 4120 Deinde
1701 4075 1998 4135 tyrannum
2027 4066 2082 4118 in

504 4164 684 4232 fugam
725 4159 1062 4228 conjectum,
1107 4155 1404 4210 Aureolom
1443 4155 1701 4225 persequi
1742 4157 1949 4225 jubet:
1982 4155 2081 4226 qui

501 4269 628 4308 cum
663 4267 790 4306 eum
829 4248 1048 4316 assequi
1083 4257 1291 4316 posset,
1324 4248 1532 4301 diutius
1565 4247 1826 4316 persequi
1865 4248 2081 4312 nolens,

501 4353 764 4400 causatus
793 4350 898 4402 est,
947 4355 1006 4393 se
1050 4354 1179 4392 eum
1219 4339 1455 4407 adipisci
1503 4354 1614 4391 non
1667 4355 1849 4407 posse.
1900 4339 2082 4404 Quare

505 4435 866 4490 Posthumum
917 4433 997 4486 sic
1046 4431 1315 4500 elapsum,
1361 4441 1418 4484 et
1466 4431 1656 4500 copias
1707 4441 2080 4500 reparantem,

2193 1948 2252 2000 έν
2294 1951 2358 2019 τῇ
2384 1949 2570 2016 Μυσίᾳ
2593 1950 2938 2019 στρατιωτῶν
2974 1953 3404 2017 στασιασάντων,
3435 1957 3518 2009 καὶ
3563 1958 3688 2025 Ὶγγι-

2193 2033 2348 2088 νοῦον
2410 2037 2796 2108 αὐτοκράτορα
2849 2039 3211 2105 ἀνειπόντων,
3263 2043 3462 2096 καὶτοῦ
3489 2045 3687 2117 Γαλιηνιῡ

2191 2129 2344 2198 αύτῷ
2381 2130 2815 2201 ἀντιταξαμένου
2877 2134 3021 2211 περὶ.
3057 2133 3120 2186 τὸ
3162 2135 3408 2205 Σίρμιον,
3461 2139 3577 2206 μετά
3613 2141 3689 2191 τῶν

2192 2221 2367 2274 ἀλλων
2405 2224 2502 2277 καὶ
2531 2225 2915 2294 Μαυρουσίους
2939 2227 3310 2296 ἐπαγομένου,
3341 2227 3388 2280 οι
3419 2229 3512 2280 ἀπὺ
3539 2231 3688 2300 Μήδων

2192 2314 2530 2381 κατάγεσθαι
2583 2314 2856 2383 λέγονται,
2914 2319 2942 2369 ὁ
2994 2319 3262 2387 Δύρὶολος
3306 2319 3568 2391 ἱππαρχῶν
3603 2340 3690 2391 τενο

2193 2403 2359 2466 ναίως
2392 2406 2532 2475 μετὰ
2557 2405 2668 2458 τῶν
2699 2408 2912 2460 ίππέων
2937 2410 3374 2482 ἀγωνισάμενος,
3401 2413 3594 2477 πολλοὺς
3613 2418 3688 2466 τῶν

2192 2500 2262 2548 τὰ
2299 2497 2598 2564 ⁸1γγενούου
2630 2501 2975 2570 φρονούντων
2995 2503 3250 2568 διώλεσε,
3282 2505 3375 2556 καὶ
3398 2507 3510 2567 τοὺς
3525 2505 3690 2571 λοιποὺς

2193 2590 2463 2659 ἐτρέψατο
2519 2592 2600 2654 είς
2627 2591 2828 2663 φυγὴν,
2863 2593 2936 2657 ὡς
2970 2597 3060 2647 καὶ
3104 2595 3274 2648 αὑτὸν
3319 2597 3405 2648 τὸν
3458 2597 3690 2666 Ἰγγενοῡιν

2193 2680 2423 2750 φεύγειν
2450 2684 2814 2750 ἀπεγνωκότα
2849 2689 2944 2738 καὶ
2967 2688 3024 2738 ἐν
3055 2687 3131 2755 τῷ
3166 2685 3390 2755 φεύγειν
3416 2688 3690 2760 ἀναιρεθῆναι

2193 2776 2346 2843 παρὰ
2379 2775 2492 2828 τῶν
2523 2775 2838 2847 δορυφόρων
2872 2779 3064 2832 αὑτοῦ.
3098 2775 3271 2843 Αὖθις
3325 2775 3412 2834 οὖν
3449 2781 3689 2851 Ποστοῦμος

2192 2866 2308 2937 (76)
2361 2867 2439 2937 τῷ
2487 2869 2526 2919 Γ
2531 2869 2738 2940 αλιηνῷ
2791 2871 3177 2926 ἐπανίσταται.
3225 2873 3395 2926 ﬂuida.
3435 2874 3530 2943 γὰρ
3553 2874 3692 2944 ἔχωνὸ

2192 2959 2554 3030 αὐτοκράτωρ
2579 2957 2733 3024 οὗτος
2764 2962 3076 3032 ὁμώνυμον,
3107 2962 3288 3030 δεξιόν
3320 2981 3377 3017 τε
3411 2967 3500 3018 καὶ
3518 2966 3694 3036 εὐπρόσ-

2191 3068 2374 3115 ωπον,
2427 3051 2486 3105 ὃν
2545 3054 2640 3106 καὶ
2692 3055 2791 3124 τῆς
2853 3056 3137 3125 βασιλείας
3201 3053 3319 3127 εῐχε
3370 3056 3613 3128 διάδοχον,
3659 3059 3696 3109 ὲν

2206 3144 2540 3217 Ἀγριππίνῃ
2574 3149 2638 3217 τῇ
2689 3150 2841 3200 πόλει
2872 3151 3162 3216 κατέλιπε,
3219 3153 3335 3214 τοῖς
3387 3150 3583 3213 Γάλλοις
3625 3151 3696 3201 ὑπὸ

2186 3235 2408 3288 Σκυθῶν
2445 3237 2836 3308 πορθουμένοις
2882 3241 3352 3312 ἑπικουρήσαντα.
3404 3235 3469 3312 ᾮ
3509 3242 3588 3294 καί
3612 3257 3698 3293 τινι

2197 3327 2455 3381 ’Δλσανὸν
2501 3331 2842 3400 κεκλημένον
2896 3334 3172 3402 ἐπέστησε
3243 3334 3332 3388 διὰ
3386 3334 3478 3405 τὴν
3525 3334 3696 3403 νεότητι

2185 3421 2354 3474 αὑτοῦ
2404 3421 2500 3475 τοῦ
2560 3423 2701 3476 υἱοῦ.
2762 3425 3076 3494 ιιοστούμος
3124 3427 3205 3490 δὲ,
3243 3431 3322 3490 εἰς
3381 3427 3597 3498 φυλακὴν
3632 3430 3697 3480 toi

2196 3512 2395 3583 Ῥήνου
2428 3517 2677 3584 ποταμοῦ
2709 3518 2910 3585 ὲαθεὶς,
2965 3519 3108 3570 ὥστε
3148 3521 3381 3574 κωλύειν
3434 3525 3533 3584 τοῖς
3569 3523 3696 3590 πέραν

2183 3607 2429 3662 οἰκοῦσιν
2481 3611 2793 3682 Βαρδάροις
2842 3613 2940 3681 τὴν
2990 3617 3069 3678 είς
3105 3616 3206 3685 τὴν
3251 3616 3520 3688 Ῥωμαῖὂα
3568 3616 3699 3686 χώραν

2183 3699 2458 3767 διάϐασιν,
2499 3702 2723 3756 λαθορσί
2772 3722 2908 3771 τισι,
2951 3707 3044 3760 καὶ
3079 3709 3307 3762 διαϐᾶσι
3366 3714 3451 3762 τὸν
3493 3712 3698 3778 ποταμὸν,

2186 3795 2280 3848 καὶ
2331 3794 2482 3849 λείαν
2543 3799 2918 3868 ἐπαγομένοις
2987 3800 3195 3871 πολλὴν
3247 3805 3307 3856 έν
3357 3803 3435 3872 τῷ
3483 3805 3703 3857 ἐπανιέναι

2185 3885 2433 3951 ἐπέθετο,
2471 3889 2566 3942 καὶ
2593 3889 2820 3954 πολλοὺς
2845 3891 2942 3962 μὲν
2977 3893 3185 3958 ἀνεῖλε,
3215 3896 3317 3964 τὴν
3341 3897 3396 3948 δὲ
3431 3895 3563 3947 λείαν
3589 3895 3702 3963 ἀφεξ-

2184 3977 2308 4031 λετο
2343 3979 2656 4050 ξύμπασαν,
2691 3984 2788 4036 καὶ
2819 3984 3030 4054 ταύτην
3089 3987 3298 4041 αὐτίκα
3338 3990 3448 4050 τοῖς
3497 3986 3704 4058 στρατιώ-

2184 4088 2306 4134 ταις
2329 4071 2625 4142 διένειμεν.
2670 4075 2736 4127 Ὂ
2769 4075 2958 4145 μαθὼν
2988 4078 3016 4130 ὁ
3057 4079 3344 4143 Ἀλὸανὺς,
3381 4081 3580 4151 πέμψας
3606 4082 3703 4132 ἀπο-

2194 4165 2530 4236 κομισθῆναι
2566 4167 2716 4238 αὐτῷ
2754 4171 2848 4222 καὶ
2909 4171 2986 4241 τῷ
3015 4173 3122 4242 νέῳ
3179 4174 3434 4245 Γαλιηνῷ
3485 4175 3570 4245 τὴν
3592 4173 3702 4226 λεία-ι

2185 4256 2408 4328 ἀπῄτει.
2464 4259 2573 4312 Καὶ
2599 4263 2627 4312 ὁ
2662 4260 3003 4330 Ποστοῦμος,
3043 4265 3392 4331 συγκαλέσας
3446 4269 3559 4330 τοὺς
3588 4284 3704 4334 στρα-

2184 4352 2408 4416 τιώτας,
2465 4353 2826 4420 είσέπραττεν
2851 4354 2908 4419 ἐξ
2967 4357 3150 4409 αὐτῶν
3199 4359 3270 4412 τὰ
3321 4359 3422 4426 τῆς
3470 4359 3603 4422 λείας
3653 4359 3704 4410 εἰς

2187 4443 2527 4497 ἀποστασίαν
2582 4445 2782 4509 αὐτοὺς
2837 4448 3221 4518 παρακινῆσαι
3282 4449 3706 4522 μηχανιῖιμενος,ὂ

507 4527 770 4583 Galienus
808 4530 996 4578 denuo
1026 4524 1277 4582 adortus.
1309 4524 1364 4577 in
1394 4523 1675 4593 quoddam
1711 4524 1902 4578 Galliae
1925 4525 2082 4594 oppi-

2191 4536 2286 4588 καὶ
2315 4535 2534 4604 γέγονε·
2591 4538 2685 4590 καὶ
2727 4539 2846 4607 μετ’
2873 4539 3053 4593 αὐτῶν
3082 4544 3147 4611 τῇ
3205 4544 3366 4596 πόλει
3414 4548 3477 4615 τῇ
3537 4541 3706 4609 Ἀγριπο

504 4623 638 4677 dum
691 4619 1040 4688 compulsum
1103 4617 1379 4672 obsedit:
1433 4617 1741 4685 sagittaque
1798 4617 1854 4670 in
1915 4616 2084 4671 dorso

507 4717 681 4779 ‘ctus,
735 4713 806 4767 ob
863 4711 1106 4765 vulneris
1159 4709 1409 4764 dolorem
1467 4709 1818 4764 obsidionem
1878 4708 2080 4764 solvit.

503 4810 610 4865 Sed
638 4808 785 4862 aliud
812 4819 1037 4876 quoque
1075 4803 1284 4860 bellum
1314 4819 1347 4859 a
1380 4803 1623 4857 Macrino
1659 4811 1746 4858 est
1773 4813 2032 4858 exortum
2065 4820 2080 4858 :

503 4903 596 4972 qui
635 4915 762 4956 cum
793 4899 935 4954 duos
974 4896 1118 4951 ﬁlios
1148 4895 1399 4961 haberet,
1448 4895 1786 4950 Macrianum
1814 4904 1873 4950 et
1903 4895 2080 4962 Quin-

503 5009 641 5056 tum.
667 5006 895 5062 regnum
921 4989 1220 5045 alfectavit.
1241 4989 1318 5043 Ac
1349 4989 1464 5058 ipse
1488 4989 1716 5059 quidem
1743 4990 1816 5044 ob
1838 4990 2076 5044 alterum

501 5087 695 5157 pedem
717 5083 1053 5145 mutilatum,
1081 5091 1289 5136 vestem
1306 5081 1720 5151 imperatoriam
1739 5098 1852 5137 non
1874 5082 2078 5150 induit,

500 5179 596 5234 sed
626 5179 769 5233 ﬁlios
795 5176 1026 5231 induere
1053 5175 1220 5244 jussit
1254 5192 1267 5227 :
1319 5185 1485 5243 atque
1513 5174 1583 5228 ab
1609 5173 1834 5230 Asianis
1874 5175 2077 5245 cupide

499 5279 811 5341 susceptus.
859 5284 986 5322 cum
1020 5267 1088 5319 ad
1131 5267 1301 5320 breve
1336 5275 1551 5331 tempus
1581 5265 1851 5321 adversus
1881 5267 2078 5322 Persas

499 5371 871 5418 commoratus
925 5367 1094 5423 esset,
1137 5367 1332 5412 contra
1363 5357 1650 5412 Galienum
1690 5374 1749 5413 se
1791 5359 2026 5428 parabat
2059 5375 2074 5414 :

2185 4628 2319 4698 πίνῃ
2349 4627 2680 4699 προσέϐαλε,
2734 4632 2829 4682 καὶ
2861 4631 2912 4682 οἱ
2959 4633 3063 4700 τῆς
3107 4632 3323 4699 πόλεως
3375 4634 3467 4687 τόν
3497 4651 3548 4687 τε
3591 4634 3703 4684 mia:

2181 4713 2277 4766 τοῦ
2310 4714 2578 4784 βασιλέως
2620 4718 2716 4770 καὶ
2747 4718 2838 4771 τὸν
2884 4717 3144 4774 ’Δλσανον
3170 4722 3328 4794 αύτῷ
3377 4722 3702 4780 ἑκδεδώκασιν,

2179 4801 2275 4866 οὓς
2310 4804 2406 4858 καὶ
2439 4805 2612 4876 ἄμφω
2656 4809 2972 4862 ἀπέκτεινε.
3033 4810 3222 4864 Ταῦτα
3255 4814 3422 4881 γνοὺς
3445 4815 3472 4865 ὁ
3507 4811 3703 4879 Fului-it,-

2179 4895 2320 4965 πρὸς
2365 4895 2459 4948 τὸν
2506 4897 2824 4968 Ποστοῦμον
2877 4901 3067 4973 ἀπῄει,
3123 4903 3223 4958 καὶ
3285 4905 3560 4976 συμμίξας
3599 4900 3703 4969 αὐτῷ

2183 4988 2454 5059 πρότερον
2519 4989 2620 5060 μὲν
2653 4991 2885 5062 ἡττήθη,
2923 4988 3045 5048 εἶτα
3100 4997 3197 5050 καὶ
3250 4997 3629 5068 ἐπεκράτησεν,
3654 4997 3701 5053 ὡς

2181 5083 2386 5135 καὶτὸν
2421 5082 2737 5154 Ποστοῦμον
2769 5087 3017 5156 φεύγειν.
3056 5090 3354 5144 Στέλλεται
3381 5087 3474 5144 οὖν
3497 5093 3522 5142 ὁ
3556 5090 3700 5159 A0950-

2179 5171 2270 5232 λος
2357 5173 2688 5239 καταδιῶξαι
2741 5178 2928 5232 αὐτόν.
3004 5181 3062 5233 ’0
3115 5181 3192 5244 δὲ,
3244 5183 3430 5235 καίτοι
3471 5182 3701 5249 δυνάμεώς

2177 5263 2514 5317 καταλαϐεῖν
2571 5267 2779 5334 αὑτὸν,
2832 5274 2934 5324 οὐκ
2983 5273 3248 5344 ἠθέλησεν
3312 5274 3585 5339 ἐπιδιῶξαι
3636 5273 3697 5319 sx:

2175 5359 2332 5427 πολὺ,
2353 5359 2794 5415 suamsuam
2819 5362 2940 5418 εῐπε
2975 5367 3049 5436 μὴ
3074 5365 3373 5437 δυνηθῆναι
3401 5369 3554 5420 αὑτὸν
3578 5381 3700 5418 κατα·

1654 5495 1850 5556 Varia:
1895 5495 2207 5559 lectiones
2250 5507 2310 5560 et
2351 5507 2543 5562 notis.

562 5626 674 5691 (75)
721 5620 1058 5691 Aipodlmc.
1116 5616 1197 5673 Ita
1229 5633 1363 5675 mss.
1411 5618 1693 5691 codd.7ut
1743 5619 1942 5684 lEruli,
2003 5622 2057 5675 in

499 5698 665 5765 Regio
703 5690 1169 5765 cod.__Am_miani,
1223 5697 1284 5743 ut
1331 5701 1518 5765 monet
1573 5690 1738 5746 llenr.
1787 5691 2059 5754 Valesius,

497 5761 633 5836 quos
693 5761 1119 5836 aliifE‘Aqopou;
1173 5771 1389 5836 vocant.
1435 5761 1674 5815 Lexteon
1712 5778 1813 5814 ms.
1868 5766 2061 5816 Διλου-

499 5832 611 5908 ρος.
661 5832 911 5904 ἙΛούρος
939 5833 991 5884 δὲ
1025 5834 1196 5896 ἔθνος,
1224 5835 1398 5901 ψιλὸν.

2239 5624 2352 5696 (Ἡ)
2379 5625 2750 5694 Ποστοῖνμσς.
2788 5626 2863 5680 Ita
2895 5626 3112 5681 Zosimo
3142 5626 3478 5696 appellatur,
3529 5627 3686 5677 Victori
3757 5659 3759 5676 ε

2168 5700 2225 5746 et
2277 5694 2542 5758 Eutropio
2587 5701 2922 5757 l'oslhumus.
2957 5694 3256 5762 Trebellio,
3295 5707 3352 5751 et
3396 5696 3450 5748 in
3478 5696 3691 5750 Nummis.
3757 5713 3759 5720 ι

2170 5761 2532 5814 Post/mimus.
3757 5747 3759 5814 i

2220 5777 2532 5818 osmumms.
