3910 6546
485 460 619 528 1071

1750 428 2076 495 JOANNIS
2116 423 2438 487 ZONARJB

3608 405 3741 471 101?.

549 512 717 628 χλιι.
762 565 968 624 Deinde
1001 558 1273 618 Aureolos
1304 553 1404 611 toti
1426 546 1700 621 equitatui
1747 541 2057 616 praefectus,
2091 560 2107 604 λ

2238 532 2374 587 KE‘.
2414 527 2580 593 Αὖθις
2607 526 2665 581 δὲ
2694 523 2862 597 ἑτέρα
2900 521 3041 576 κατὰ
3085 519 3182 574 τοῦ
3227 517 3494 589 Γαλιηνιῦ
3532 512 3741 571 ἐπανᾶ-

482 668 649 724 ltomo
704 671 923 733 potens,
977 663 1169 711 contra
1219 648 1508 705 Galienum
1582 636 1948 695 insurrexit:
2006 640 2064 684 et

481 728 792 814 Mediolano
839 756 1130 817 occupato,
1182 756 1243 796 se
1274 737 1342 794 ad
1395 730 1768 791 invadendum
1822 728 2064 795 impera-

484 860 664 903 torem
707 844 941 916 paravit.
970 816 1078 895 Sed
1110 836 1178 889 ab
1204 847 1294 896 eo.
1338 828 1526 883 multis
1557 836 1786 879 suorum
1818 816 2063 879 amissis,

485 951 542 996 et
582 907 809 992 vuln-ere
850 938 1098 999 accepto,
1147 920 1521 978 Mediolanum
1563 913 1906 984 compulsus,
1945 907 2068 962 ubi-

487 1047 595 1102 que
643 1030 905 1083 obsessus
962 1029 1067 1076 est.
1125 1018 1262 1074 Dum
1315 1025 1500 1070 autem
1555 1009 1820 1064 Galienus
1872 1008 2067 1057 contra

491 1127 680 1179 hostes
719 1116 1080 1174 excursiones
1126 1109 1280 1173 facit,
1311 1102 1654 1177 imperatrix,
1681 1112 1844 1170 quam
1879 1106 2069 1149 secum

489 1214 815 1274 adduxerat,
860 1207 916 1261 in
966 1201 1213 1275 periculo
1240 1199 1367 1254 fuit.
1398 1197 1535 1251 Nam
1568 1207 1695 1247 cum
1733 1190 1921 1243 hostes
1951 1180 2071 1237 val-

488 1311 603 1365 lum
631 1324 659 1361 a
684 1303 874 1376 paucis
901 1297 1197 1356 admodum
1229 1290 1499 1347 militibus
1524 1282 1793 1342 custodiri
1823 1274 2074 1334 animad-

489 1375 814 1464 vertissent,
854 1388 1205 1463 imperatoris
1259 1379 1678 1439 tabernaculum
1728 1375 2072 1434 invaserunt,

492 1491 864 1567 impcratricis
919 1482 1196 1555 rapiendae
1234 1493 1422 1534 causa.
1455 1473 1577 1563 ’Sed
1637 1469 1796 1525 miles
1852 1464 2075 1535 quidam

492 1557 801 1661 gregai'ius,
840 1579 934 1650 qui
966 1584 1094 1632 ante
1122 1557 1540 1627 tabernaculum
1569 1564 1795 1625 sedens,
1821 1557 2072 1613 calceum

498 1651 637 1752 pede
684 1677 993 1732 detractum
1027 1664 1192 1738 634.
1246 1659 1549 1718 consucbat
1578 1674 1592 1710 :
1622 1664 1845 1724 arrepto
1884 1651 2080 1723 clypeo

497 1751 554 1832 et
587 1772 845 1845 pugione,
880 1767 933 1821 in
974 1778 1069 1819 eos
1110 1758 1376 1816 ferociter
1425 1751 1614 1815 irruit,
1660 1757 1719 1805 et
1763 1761 1875 1802 uno
1913 1753 2081 1813 atque

498 1840 687 1924 altero.
708 1872 989 1934 percusso,
1017 1862 1248 1910 caeteros
1288 1848 1434 1903 illius
1468 1842 1694 1899 audacia
1729 1840 1950 1894 territos
1991 1850 2082 1888 re-

504 1909 671 1924 ...w...
711 1909 989 1934 ..νη-η,
1029 1909 1037 1910 ,

504 1960 664 2030 pulit,
703 1956 833 2010 dum
886 1947 1127 2022 plurium
1167 1955 1439 1996 concursu
1488 1936 1687 2006 conqu
1731 1926 2084 2000 imperatoris
2116 1909 2154 1967 Β

502 2021 694 2120 erepta
761 2021 1042 2106 estaQuo
1101 2033 1473 2089 Mediolanum
1532 2028 1715 2081 adhuc
1763 2021 2084 2085 obsidente,

503 2111 833 2199 Aurelianus
878 2147 1005 2188 cum
1065 2124 1353 2197 equitibus
1408 2119 1478 2174 ad
1535 2117 1828 2173 Galienum
1886 2111 2084 2167 venit:

504 2238 663 2309 cujus
685 2227 971 2290 oecidendi
1008 2223 1301 2280 consilium
1335 2230 1592 2289 proceres
1623 2228 1750 2269 cum
1793 2209 2088 2264 Aureliano

507 2302 728 2391 initum,
753 2324 887 2379 dum
926 2316 1296 2374 Mediolanum
1327 2317 1642 2380 caperetur.
1669 2305 1898 2360 diﬂerre
1923 2302 2093 2356 habe-

506 2424 637 2478 bant
669 2420 727 2473 in
773 2415 974 2471 animo.
1023 2408 1130 2466 Sed
1166 2421 1291 2463 cum
1327 2404 1379 2458 id
1413 2417 1538 2459 esse
1576 2399 1863 2468 proditum
1908 2394 2087 2450 intelo

507 2517 793 2571 iex‘sscnt.
830 2503 1120 2563 maturatis
1162 2498 1400 2562 insidiis,
1438 2494 1675 2551 Galieno
1714 2492 1959 2546 hostium
1989 2485 2091 2541 ad-

510 2617 736 2663 ventum
765 2601 1047 2659 nuntiant,
1066 2604 1258 2651 contra
1281 2606 1421 2662 quos
1445 2588 1524 2644 illi
1548 2587 1736 2642 statim
1757 2587 1860 2639 sub
1878 2578 2092 2653 prandii

513 2710 733 2767 tempus
765 2691 955 2763 paucis
995 2682 1392 2742 comitantibus
1438 2675 1768 2749 egredienti,
1796 2679 2098 2729 occurrunt

514 2790 752 2860 equites.
786 2783 890 2851 Qui
920 2796 1045 2838 cum
1078 2794 1186 2832 non
1222 2772 1413 2846 procul
1447 2772 1517 2827 ab
1548 2785 1614 2825 eo
1653 2768 1961 2830 distantes,
1995 2778 2099 2819 nec

518 2899 586 2938 ex
619 2880 778 2951 equis
809 2873 1235 2933 descenderent,
1279 2882 1383 2922 nec
1414 2865 1589 2918 ullum
1623 2863 1793 2916 alium
1830 2860 2098 2913 honorem

521 2971 840 3046 imperatori
868 2966 1121 3023 debitunt
1154 2961 1430 3017 haberent
1455 2978 1467 3011 :
1502 2956 1738 3009 comites
1764 2967 1899 3007 suos
1921 2957 2099 3019 rogat,

521 3045 655 3138 quid
687 3064 764 3119 illi
796 3060 903 3117 sibi
952 3054 1193 3113 vellenti
1228 3052 1323 3123 qui
1362 3065 1487 3104 cum
1528 3045 1964 3117 respondissent,
2007 3056 2105 3096 eos

523 3134 819 3229 imperium
852 3152 929 3208 illi
959 3150 1363 3219 abrogaturos:
1403 3142 1590 3196 statim
1638 3138 1836 3192 laxatis
1872 3134 2105 3190 habenis

526 3251 582 3305 in
608 3228 806 3318 iugata
861 3254 1187 3304 conversus,
1242 3234 1596 3291 insidiatores
1645 3230 1773 3301 equi
1823 3228 2106 3284 celeritate

526 3342 833 3415 effugisset,
892 3337 997 3392 nisi
1051 3336 1098 3390 is
1143 3332 1212 3388 ad
1261 3329 1461 3385 fossam
1520 3325 1815 3396 quamdam
1877 3322 2107 3377 territus

529 3413 888 3497 substitisset,
943 3430 1037 3484 ubi
1094 3422 1562 3497 persequentibus
1600 3432 1728 3472 eum
1799 3413 2107 3487 assecutis,

531 3546 562 3586 a
592 3527 831 3599 quodam
883 3524 1035 3577 hasta
1079 3519 1242 3581 ictus,
1281 3515 1490 3571 decidit
1541 3527 1727 3579 equo:
1781 3525 1882 3563 nec
1936 3506 2112 3560 multo

535 3594 661 3691 post
713 3632 782 3672 ex
830 3609 1119 3682 sanguinis
1177 3604 1448 3677 proﬂuvio
1506 3599 1765 3656 decessit.
1823 3594 2115 3664 Imperavit

537 3684 711 3782 solus,
762 3715 818 3761 ct
884 3720 1009 3758 cum
1066 3708 1245 3769 patre,
1299 3708 1478 3750 annos
1527 3689 1865 3762 quindecim.
1916 3684 2115 3740 Animo

538 3776 754 3859 liberali
814 3798 939 3858 fuit,
987 3808 1157 3864 atque
1212 3788 1475 3845 omnibus
1529 3781 1833 3856 gratiﬁcari
1879 3776 2116 3841 studuit,

540 3910 720 3964 neque
774 3902 1106 3961 quemquam
1143 3883 1254 3938 voti
1305 3881 1570 3949 impotem
1606 3875 1856 3930 dimisit:
1902 3887 1972 3926 ne
2022 3869 2119 3925 ad-

541 3960 804 4044 versariis
831 3982 1053 4053 quidem
1081 3977 1218 4040 suis,
1268 3981 1365 4029 aut
1395 3972 1462 4026 iis
1506 3968 1601 4041 qui
1643 3976 1905 4038 tyrannos
1944 3960 2121 4018 secuti

545 4083 785 4143 fuerant,
838 4074 1110 4145 supplicio
1150 4068 1382 4124 allectis.
1413 4063 1506 4132 {Ac
1532 4061 1623 4115 alii
1653 4059 1735 4115 sic
1770 4057 1998 4128 periisse
2018 4053 2125 4110 Ga-

546 4176 775 4235 lienum,
823 4169 914 4223 alii
961 4166 1031 4221 ab
1076 4160 1401 4216 lleracliano
1450 4153 1709 4226 prad‘eeto
1751 4164 1952 4206 ciosum
2002 4162 2127 4203 esse

550 4264 775 4321 tradunt
834 4259 967 4313 Nam
1021 4269 1146 4309 cum
1186 4250 1482 4312 Aureolus,
1526 4246 1621 4316 qui
1671 4240 1900 4299 Gallicis
1937 4239 2128 4309 legio-

552 4357 720 4412 nibus
774 4357 1045 4420 pra'crat,
1093 4354 1239 4397 mota
1288 4342 1561 4396 seditione
1600 4353 1725 4391 cum
1776 4335 2019 4389 exercitu
2075 4332 2129 4387 in

554 4447 766 4503 italiam
817 4437 1225 4502 contenderet,
1274 4433 1565 4488 Galicnum
1618 4438 1810 4484 contra
1852 4441 1978 4479 cum
2028 4425 2131 4479 ab-

555 4546 801 4595 euntem,
856 4533 985 4586 dum
1051 4538 1221 4584 noctu
1277 4529 1331 4582 in
1387 4525 1746 4580 tabernaculo
1795 4523 2020 4586 dormit,
2063 4522 2133 4577 ab

2174 641 2367 686 στασις
2403 623 2652 691 γέγονεν,
2705 619 2773 691 ἣν
2824 615 3087 687 Δὺρίολος
3134 614 3527 683 συνεστήσατο,
3568 612 3750 682 πάσης

2163 718 2350 785 ἄρχων
2404 714 2505 784 τῆς
2538 714 2712 767 ἵππου
2765 712 2864 765 καὶ
2923 709 3071 779 μέγα
3129 708 3460 776 δυνάμενος·
3511 706 3603 769 ὃς,
3659 706 3754 774 τὴν

2167 811 2323 863 πόλιν
2353 808 2424 862 τὰ
2447 806 2757 862 Μεδιόλανα
2783 801 3101 874 κατασχὼν,
3124 800 3457 872 ἡτοιμάζετο
3477 798 3756 871 συμμίξαι

2166 902 2247 973 τῷ
2299 901 2536 972 βασιλεῖ.
2604 897 2810 954 Ἐλθὼν
2857 896 2916 949 δὲ
2959 898 3213 956 κάκεῖνος
3264 894 3403 964 μετά
3446 891 3757 958 δυνάμεως,

2170 994 2267 1049 καὶ
2319 993 2398 1063 τῷ
2449 976 2811 1062 τυραννοῦντι
2867 986 3319 1055 ἀντιταξάμενος,
3360 982 3602 1044 πολλοὺς
3652 982 3759 1033 τῶν

2170 1087 2321 1156 αὐτῷ
2385 1086 2659 1139 συνόντων
2722 1081 3055 1154 διέφθειρεν.
3103 1079 3230 1134 Ὅτε
3283 1080 3380 1131 καὶ
3412 1078 3442 1130 ό
3494 1073 3761 1144 Αὐρίολος

2172 1178 2411 1251 ἐτρώθη,
2464 1177 2559 1232 καὶ
2591 1179 2673 1239 τίς
2709 1175 3019 1230 Μεδιόλανα
3048 1171 3441 1239 κατεκλείσθη,
3475 1168 3643 1239 παρὰ
3672 1167 3763 1219 τοῦ

2176 1273 2443 1344 βασιλέως
2474 1271 2657 1325 ἐκεῖσε
2711 1267 3197 1341 πολιορκούμενος.
3235 1265 3344 1319 Τοῦ
3383 1265 3440 1318 δί
3492 1261 3762 1332 Γαλιηνοῦ

2176 1363 2527 1433 ἐπεκδρομὰς
2567 1361 2903 1431 ποιουμένου
2950 1359 3095 1413 κατὰ
3129 1375 3277 1419 τινας
3307 1355 3419 1409 τῶν
3461 1353 3764 1421 πολεμίων,

2179 1458 2240 1509 ἐν
2290 1455 2525 1524 κινδύνῳ
2561 1454 2693 1507 ποτὲ
2733 1452 3018 1523 γέγονενῆ
3070 1450 3397 1521 βασίλισσα·
3432 1447 3613 1517 συνῆν
3661 1445 3767 1514 γὰρ

2178 1546 2353 1614 αὐτῷ.
2402 1546 2491 1607 Ὠς
2539 1546 2650 1615 γὰρ
2688 1548 2717 1599 ό
2761 1543 3022 1614 βασιλεὺς
3060 1541 3407 1612 ἐπεξέδραμι
3463 1538 3616 1609 μετὰ
3666 1536 3768 1589 τῶν

2181 1636 2445 1689 πλειόνων
2468 1637 2849 1706 στρατιωτῶν,
2901 1633 3078 1701 ὀλίγοι
3104 1633 3250 1686 πάνυ
3287 1629 3761 1702 περιελείφθησαν

2183 1728 2314 1798 περὶ
2338 1728 2398 1780 τὸ
2428 1728 2765 1796 χαράκωμα.
2818 1723 3071 1794 Ὅπεροί
3127 1722 3381 1792 πολέμιοι
3434 1720 3769 1788 θεασάμενοι

2185 1821 2421 1890 ἐπῆλθον
2442 1823 2509 1889 τῇ
2540 1818 2634 1871 τοῦ
2682 1818 2952 1889 βασιλέως
2979 1819 3184 1887 σκηνῇ,
3211 1816 3464 1888 ἁρπάσαι
3522 1812 3767 1867 διανοοῦ-

2188 1931 2337 1985 μενοι
2368 1913 2464 1981 τὴν
2493 1913 2836 1982 βασίλισσαν.
2886 1904 2980 1973 Εἷς
3025 1911 3083 1963 δέ
3121 1926 3207 1968 τις
3232 1907 3342 1960 τῶν
3402 1902 3772 1976 ἠμελημένων

2194 2007 2550 2076 στρατιωτῶν
2582 2007 2690 2075 πρὸ
2717 2004 2819 2074 τῆς
2858 2004 3069 2075 σκηνῆς
3092 2003 3421 2073 καθήμενος,
3463 2002 3567 2054 καὶ
3601 2015 3663 2052 το
3700 2000 3774 2050 oi-

2188 2102 2334 2152 κεῖον
2394 2098 2649 2169 ὑπόδημα
2706 2096 2802 2151 τοῦ
2875 2096 3035 2160 ποδὸς
3088 2094 3336 2149 ἐκὸαλὼν
3398 2093 3774 2164 συνέῤῥαπτεν

2188 2191 2341 2246 αὑ.ό.
2392 2191 2481 2254 Ὠς
2530 2190 2626 2244 οὖν
2677 2185 2787 2243 εἶδε
2832 2190 2959 2252 τοὺς
2988 2187 3282 2257 πολεμίους
3338 2185 3773 2257 ἐπερχομένους,

2192 2285 2448 2356 ἁρπάσας
2477 2285 2682 2338 ἀσπίδα
2704 2284 2799 2337 καὶ
2829 2283 3177 2355 ἐγχειρίδιον,
3196 2279 3518 2351 περιθύμως
3540 2277 3774 2348 ὥρμησε

2194 2378 2314 2431 κατ’
2345 2376 2554 2443 αὐτῶν,
2595 2378 2693 2431 καὶ
2730 2376 2942 2446 πλήξας
2970 2374 3089 2439 ἕνα,
3118 2374 3216 2427 καὶ
3240 2373 3521 2444 δεύτερον.
3547 2372 3774 2440 ἀνέκαιε

2191 2471 2318 2535 τοὺς
2350 2471 2599 2535 λοιποὺς,
2669 2467 3189 2531 ἀποδεδειλιακότας
3241 2466 3379 2534 πρὸς
3433 2464 3532 2535 τὴν
3572 2466 3775 2517 ἐκείνου

2190 2566 2393 2638 ὁρμήν.
2425 2566 2537 2618 Καὶ
2569 2563 2712 2617 οὕτω
2738 2562 3006 2616 πλειόνων
3043 2559 3467 2631 συνδραμόντων
3513 2573 3776 2626 στρατιω-

2194 2658 2303 2712 τῶν
2329 2661 2363 2728 η
2393 2656 2487 2710 τιλῦ
2548 2655 2818 2726 βασιλέως
2875 2652 3216 2707 διασέσωστο
3260 2649 3502 2720 γαμετή.
3546 2648 3679 2701 Ἐτι
3721 2646 3774 2699 δι

2198 2750 2617 2822 πολιορκοῦντος
2654 2748 2749 2801 τοῦ
2789 2746 3057 2818 βασιλέως
3110 2743 3183 2797 τὰ
3220 2742 3554 2805 Μεδιόλανα,
3609 2741 3777 2810 Αὐρη-

2198 2842 2383 2903 λιανὸς
2420 2839 2521 2892 σὺν
2548 2836 2780 2890 ἱππεῦσι
2831 2835 3140 2905 προσῆλθεν
3176 2831 3346 2901 αὐτῷ,
3401 2830 3523 2900 μεθ’
3572 2824 3638 2882 οὗ
3691 2829 3777 2880 ἁν-

2201 2932 2342 2985 ελεῖν
2373 2932 2537 2983 αὐτὸν
2573 2930 2619 2981 0i
2658 2927 2988 2996 μεγιστᾶνες
3020 2922 3530 2995 προεὸουλεύσαντο
3567 2936 3584 2950 ·
3625 2921 3780 2987 ὑπερ-

2201 3022 2445 3075 ετίθεντο
2483 3019 2541 3073 δὲ
2586 3018 2649 3071 τὸ
2689 3017 2937 3087 σκέμμα,
3002 3016 3107 3078 ἕως
3139 3014 3315 3084 ἁλῷεν
3343 3014 3415 3067 τὰ
3460 3011 3778 3067 Μεδιόλανα.

2204 3114 2480 3177 Mallius;
2517 3111 2562 3165 δ’
2593 3112 2863 3179 ἐγνῶσθαι
2901 3110 2961 3162 τὸ
2999 3107 3149 3177 σφῶν
3204 3102 3537 3168 διαδούλιον,
3596 3104 3782 3154 ἐπετα-

2212 3225 2379 3278 χυναν
2406 3207 2506 3276 τὴν
2536 3204 2833 3273 ἐπιϋουλὴν
2862 3203 2955 3255 καὶ
2997 3198 3276 3253 στέλλουσί
3310 3214 3466 3258 τινας
3497 3195 3782 3264 πολεμίους

2213 3299 2430 3353 ἐπιέναι
2473 3297 2551 3368 τῷ
2616 3295 2864 3365 Γαλιηνῴ
2928 3292 3314 3361 ἀγγέλλοντας.
3378 3289 3437 3344 '0
3487 3289 3544 3342 δὲ
3599 3289 3783 3340 αὐτίκα

2209 3392 2498 3462 ἐξώρμησε
2522 3387 2643 3442 κατ’
2668 3388 2873 3450 αὐτῶν,
2898 3386 3045 3455 ὥρας
3072 3386 3171 3454 ἢδη
3193 3382 3512 3452 ἐφεστώσης
3542 3381 3781 3450 ἀρίστου,

2212 3489 2308 3539 καὶ
2374 3486 2572 3552 ὀλίγων
2638 3482 3104 3550 συνεερεπομένων
3182 3476 3352 3546 αὐτῷ.
3425 3475 3673 3527 Ἀπιόντι
3732 3470 3784 3522 is

2614 3577 2823 3635 ἱππεῖς*
2854 3569 2928 3627 ὼν
2975 3573 3038 3625 οὑ
3072 3570 3263 3641 πόρῤω
3306 3586 3409 3620 που
3465 3565 3782 3634 ἀφεστώτων

2217 3667 2405 3734 αὑτοῦ,
2440 3667 2539 3719 καὶ
2584 3670 2727 3736 μήτε
2777 3664 2886 3718 τῶν
2942 3665 3127 3717 ἵππων
3176 3660 3523 3724 ἁποὸάντων,
3561 3659 3699 3729 μήτε
3736 3672 3783 3707 τι

2218 3764 2406 3834 ἕτερον
2438 3761 2738 3816 ποιούντων
2769 3758 2807 3813 ἃ
2846 3759 2982 3830 πρὸς
3029 3756 3267 3828 βασιλεῖς
3306 3758 3625 3824 νενόμισται
3655 3754 3786 3820 γίνι·

2223 3857 2378 3924 σθαι,
2408 3857 2578 3928 ῆρετο
2606 3856 2733 3918 τοὺς
2771 3855 3049 3925 παρόντας
3094 3853 3324 3913 ἐκεῖνος,
3362 3850 3428 3901 Τί
3481 3841 3631 3901 οὗτοι
3679 3845 3790 3916 βοό-

2223 3952 2444 4017 λονταις
2472 3950 2521 4002 οί
2546 3949 2628 4014 δὲ,
2672 3946 2888 4001 Παῦσαι
2924 3962 2983 3998 σε
3014 3945 3114 4016 τῆς
3162 3945 3360 4015 ἀρχῆς,
3397 3941 3786 4010 ἀπεκρίθησαν.

2227 4049 2338 4106 Kal.
2385 4046 2443 4109 ὃς
2478 4044 2681 4099 αὐτίκα
2718 4043 2811 4096 τὸν
2845 4040 3064 4112 χαλινὸν
3114 4037 3193 4110 τῷ
3242 4039 3399 4109 ἵππῳ
3451 4039 3662 4101 ἐνδοὺς,
3716 4034 3790 4095 τίς

2228 4139 2409 4210 φυγὴν
2437 4136 2673 4207 ἐτράπη.
2708 4135 2818 4187 Καὶ
2840 4133 2945 4187 κᾶν
2980 4131 3207 4200 διέφυγε
3240 4131 3366 4193 τοὺς
3420 4124 3792 4181 ἐπιϐουλεύσει

2229 4249 2327 4297 τας
2360 4234 2428 4302 τῇ
2463 4230 2729 4300 ταχυτῆτι
2749 4225 2845 4280 τοῦ
2888 4226 3085 4287 ῖππου,
3120 4225 3172 4277 si
3215 4224 3291 4294 μὴ
3324 4221 3518 4284 ὓδατος
3553 4221 3791 4288 ἐνέτυχεν

2231 4326 2425 4398 ὀχετῷ.
2464 4320 2764 4391 Παρελθεῖν
2798 4319 2908 4389 γὰρ
2940 4318 3132 4375 τοῦτον
3157 4319 3185 4370 ὁ
3223 4317 3392 4379 ἵππος
3427 4313 3791 4369 ducamdu-

2235 4419 2374 4483 κὼς,
2403 4417 2534 4488 ἔστη
2559 4433 2573 4447 ο
2609 4416 2705 4479 καὶ
2725 4414 2870 4466 οὕτω
2901 4411 3208 4466 κατέλαϐον
3261 4413 3313 4462 0i.
3357 4410 3666 4471 διώκοντες,
3712 4404 3795 4459 καί

2235 4530 2321 4577 τις
2380 4512 2501 4565 κατ’
2541 4507 2709 4562 αὐτοῦ
2760 4506 2822 4560 τὸ
2849 4505 2977 4576 δόρυ
3010 4505 3322 4574 ὴκόντισεν.
3374 4504 3439 4556 '0
3491 4505 3551 4556 δὲ
3587 4502 3796 4572 amyci;

2216 3578 2554 3630 awavubsw

560 4628 886 4686 lleracliauo
929 4623 1152 4680 Aureoli
1198 4624 1485 4691 conjurato
1526 4618 1823 4672 excitatum
1859 4632 2001 4671 esse.
2036 4616 2107 4682 Qu

2211 4604 2338 4670 ,τοῦ
2374 4604 2543 4657 ἵππου
2595 4600 2925 4669 κατήνεκτο,
2958 4598 3055 4652 καὶ
3097 4598 3193 4651 ἐπὶ
3241 4598 3443 4668 μικρὸν
3499 4599 3795 4668 διαρκέσας.

559 4736 685 4774 cum
723 4717 772 4772 ei
806 4725 862 4769 et
910 4712 1143 4769 Claudio
1196 4710 1316 4765 viro
1354 4706 1800 4772 bellicosissima,
1833 4706 2132 4761 Aureolum

557 4813 669 4882 jam
728 4824 854 4862 cum
919 4804 1134 4875 magnis
1186 4800 1370 4872 copiis
1429 4799 1733 4855 adventare
1800 4797 2134 4860 nuntiasset,

2243 4698 2308 4750 ἐκ
2336 4695 2434 4765 τῆς
2458 4691 2553 4746 τοῦ
2593 4692 2825 4762 αἵματος
2852 4688 3176 4761 ἐτελεύτησε
3200 4690 3434 4759 ῥύσεως,
3496 4688 3797 4760 βασιλεύσας

2242 4787 2523 4849 ἐνιαυτοὺς
2558 4780 2959 4836 πεντεκαίδεκα
2986 4780 3083 4834 σὺν
3115 4782 3227 4843 τοῖς
3256 4778 3351 4833 τοῦ
3379 4782 3604 4854 πατρός.
3633 4774 3799 4832 Ἦνδὲ

2245 4884 2344 4952 την
2370 4878 2599 4948 γνώμην
2633 4875 2921 4947 φιλότιμος
2960 4873 3060 4927 καὶ
3081 4874 3218 4927 πᾶσι
3265 4872 3439 4926 θέλων
3477 4870 3795 4942 χαρίζεσθαι,

2249 4977 2347 5029 καὶ
2366 4974 2539 5034 οὐδεὶς
2568 4970 2890 5041 αἰτούμενος
2916 4967 3080 5022 αὑτὸν
3119 4967 3494 5039 διημάρτανεν
3518 4985 3533 5000 ο
3562 4965 3679 5020 οὔτε
3708 4965 3798 5035 μὴν

2250 5067 2376 5129 τοὺς
2410 5063 2831 5124 ἐναντιωθέντας
2873 5060 3044 5130 αὐτῷ,
3087 5058 3119 5130 ἢ
3153 5060 3563 5130 προστεθέντας
3590 5061 3694 5121 τοῖς
3721 5074 3798 5109 τυο

2257 5161 2611 5232 ραννήσασιν,
2667 5156 3074 5225 ἐτιμωρήσατο.
3113 5154 3176 5206 Oi
3201 5151 3302 5223 μὲν
3332 5152 3431 5205 οὖν
3463 5150 3636 5214 οὕτως
3678 5149 3802 5203 ἱστό-

2260 5268 2435 5324 ρησαν
2473 5247 2831 5320 ἀναιρεθῆναι
2860 5247 2952 5299 τὸν
2974 5245 3235 5309 Γαλιηνόν
3267 5261 3280 5274 ·
3306 5246 3357 5298 οῖ
3384 5245 3444 5300 δὲ
3469 5249 3613 5317 παρὰ
3660 5244 3808 5313 Ἡρα·

2258 5342 2508 5399 κλειανοῦ
2546 5341 2640 5396 τοῦ
2700 5343 2945 5411 ἐπάρχου
2977 5340 3256 5409 σφαγῆναι
3293 5340 3485 5393 τοῦτόν
3519 5354 3664 5408 φασι.
3713 5333 3807 5387 Τοῦ

2260 5440 2367 5507 γὰρ
2393 5435 2656 5506 Αὑριόλου
2691 5436 2748 5486 ἐν
2798 5434 3025 5495 Κελτοῖς
3077 5431 3536 5502 στρατηγοῦντος,
3590 5432 3677 5485 καὶ
3724 5430 3812 5479 it-

2262 5527 2596 5589 αιαστάντος
2625 5525 2778 5595 αὐτῷ
2814 5524 3043 5589 ἥκοντός
3073 5540 3132 5575 τε
3181 5523 3277 5576 ἐπὶ
3311 5523 3543 5576 Ἰταλίαν
3582 5523 3671 5576 σὺν
3702 5521 3809 5580 ταῖς

2262 5620 2550 5687 δυνάμεσι,
2596 5619 2690 5670 καὶ
2724 5619 2752 5670 ὁ
2790 5617 2828 5668 Γ
2831 5615 3051 5684 αλιηνδς
3113 5614 3237 5668 κατ’
3288 5615 3498 5669 ἐκείνου
3526 5613 3807 5685 ἐξώρμησε.

2265 5710 2478 5773 Νυκτὸς
2513 5709 2567 5760 δέ
2603 5706 2883 5779 πρόσεισιν
2916 5705 3089 5775 αὐτῷ,
3124 5707 3182 5756 ἐν
3204 5707 3271 5776 τῇ
3298 5708 3472 5777 σκηνῇ
3520 5702 3807 5757 καοεύδοντι

2266 5804 2296 5855 ὁ
2346 5799 2737 5869 Ἠρακλειανὸς
2785 5795 3211 5867 κεκοινωνηκὼς
3242 5799 3344 5868 τῆς
3398 5796 3677 5864 ἐπιϐουλῆς
3721 5791 3806 5845 καὶ

2272 5894 2544 5964 Κλαυδίῳ,
2592 5894 2746 5965 ἀνδρὶ
2803 5891 3327 5963 στρατηγικωτὰτῳ,
3379 5889 3714 5958 ἀπαγγέλλω-ι
3740 5884 3803 5943 ὡς

560 4903 848 4959 Galieuum
894 4899 1080 4954 subito
1128 4895 1323 4951 nuntio
1375 4890 1752 4964 perterritum,
1789 4905 1854 4945 ac
1898 4889 2139 4943 seminu-

565 4998 697 5050 dum
760 4994 910 5048 lecto
967 4989 1342 5050 exsilientem,
1400 4998 1667 5053 armaque
1718 4990 2019 5052 petentem,
2070 4981 2141 5036 ab

568 5085 665 5139 illo
715 5095 915 5136 caesum
967 5094 1109 5135 esse.
1163 5078 1341 5146 llujus
1374 5072 1719 5143 temporibus
1765 5069 1990 5141 Xystus,
2042 5086 2144 5124 un-

508 5218 511 5221 .
571 5175 787 5231 decimo
818 5170 1048 5226 Romani
1092 5168 1444 5237 episcopatus
1474 5179 1620 5219 anno
1653 5163 1967 5227 defunctus,
2008 5162 2137 5215 Dio-

508 5244 790 5340 F:nysium
842 5275 1218 5318 successorem
1276 5257 1498 5314 habuit.
1555 5255 1909 5311 Demetriano
1954 5251 2148 5307 Antio-

570 5362 753 5417 cheno
796 5365 1032 5414 mortuo,
1079 5351 1280 5407 Paulus
1319 5349 1712 5405 Samosatenus
1746 5344 2011 5401 successit
2054 5343 2150 5413 qui

578 5455 648 5509 de
697 5450 913 5508 Christo
968 5446 1255 5501 humiliter
1305 5443 1515 5508 docuit,
1548 5457 1675 5497 eum
1702 5439 1979 5494 hominem
2031 5453 2153 5493 esse

578 5554 780 5600 natura
812 5538 1095 5597 communi
1129 5534 1451 5608 praeditum,
1480 5543 1536 5588 et
1570 5550 1679 5589 non
1716 5533 1912 5587 Deum.
1950 5532 2154 5587 Contra

581 5635 744 5708 635
763 5635 911 5689 hunc
935 5633 1164 5687 aliarum
1191 5627 1557 5683 Ecclesiarum
1589 5637 1837 5697 pastores
1862 5624 2155 5681 concilium

583 5732 924 5789 indixerunt,
987 5724 1079 5780 cui
1131 5721 1297 5779 etiam
1346 5717 1646 5788 Gregorius
1694 5717 2155 5787 Thaumaturgus,

586 5831 643 5876 ct
674 5820 843 5874 frater
881 5818 1001 5888 ejus
1039 5810 1432 5868 Athenodorus
1459 5809 1836 5863 inscrl‘ucrunt
1865 5825 1878 5861 :
1917 5823 2160 5877 cumque

590 5922 648 5962 ut
696 5922 978 5978 perperam
1019 5904 1086 5959 de
1132 5900 1354 5958 Christo
1404 5899 1757 5964 sentientem,
1818 5896 2159 5965 convictum,
