3828 6530
213 377 360 444 1081

1499 397 1903 462 ANNALIUM
1944 402 2090 465 LIB.
2130 403 2274 467 Χὶῐ.

3345 409 3493 478 1082'

205 521 499 572 γραπται.
531 509 597 561 Οἱ
633 508 732 580 μέν
765 512 874 583 γάρ
915 531 1050 583 φασι
1078 516 1219 569 κατὰ
1247 518 1463 572 Οὺννων
1508 522 1711 590 ἐστρατ

1969 541 2050 592 us,
2083 529 2236 583 solus
2267 529 2324 583 iu
2355 529 2604 585 exercitu
2638 530 2867 586 relictus
2911 532 3215 602 imperator
3239 575 3254 599 ,
3296 537 3481 590 statim

204 601 351 652 κότα
390 602 576 656 ἐκεῖσε
613 605 1002 677 ἀναιρεθῆναι,
1061 610 1112 662 οἱ
1161 610 1218 664 δὲ
1266 612 1420 682 παρὰ
1455 614 1534 683 τῷ
1570 615 1804 687 ποταμῷ

205 692 460 765 Τίγρητι
515 695 770 764 λέγουσιν
812 699 977 753 αὐτὸν
1022 703 1395 773 ὲσκηνῶσθαι,
1429 707 1550 760 ἐκεῖ
1577 709 1669 762 καὶ
1702 711 1803 780 τῆς

205 785 386 838 αὑτοῦ
416 790 681 857 στρατιᾶς
703 788 1005 864 βαλομένης
1027 794 1119 846 τὸν
1137 795 1372 866 χάρακα,
1407 796 1536 851 ἔνθα
1555 800 1805 870 κεραυνῷ

208 877 317 945 τὴν
353 879 574 934 ἐκείνου
607 884 813 953 σκηνὴν
843 883 1128 956 βληθῆναι,
1185 888 1279 942 καὶ
1339 890 1806 964 συνδιαφθαρῆναι

201 972 355 1043 αὐτῇ
389 975 651 1029 κάκεῖνον
686 977 1004 1048 ἱστόρησαν.
1037 973 1108 1051 ᾯ
1151 979 1275 1035 ἐπεὶ
1308 982 1367 1036 τὸ
1409 983 1674 1054 βιώσιμον
1706 985 1806 1039 εἷθ’

197 1061 399 1128 οὕτως
446 1067 548 1120 εἴτ’
591 1067 765 1132 ἄλλως
805 1071 1165 1138 ἐπιλελοίπει,
1201 1076 1581 1146 Νουμεριανδς
1634 1081 1661 1132 ὁ
1689 1078 1807 1141 υίδς

198 1153 390 1208 αὐτοῦ
446 1158 611 1226 μόνος
671 1157 924 1229 βασιλεὺς
955 1164 1012 1216 ἐν
1049 1163 1128 1233 τῷ
1172 1168 1522 1236 στρατοπέδῳ
1557 1169 1806 1238 περιελέ-

197 1243 432 1314 ).ειπτο,
462 1250 558 1304 καὶ
587 1250 785 1306 αὐτίκα
816 1253 959 1308 κατὰ
981 1257 1208 1327 Περσῶν
1235 1257 1664 1328 ἐστρατεύσατο.
1697 1261 1806 1314 Καὶ

199 1341 603 1410 συρραγέντος
633 1344 870 1415 πολέμου
909 1351 1389 1421 ἐπικρατεστέρων
1423 1369 1482 1404 τε
1522 1354 1630 1405 τῶν
1666 1357 1809 1425 Περ-

197 1430 318 1483 σῶν
361 1437 696 1502 γεγονότων,
749 1438 841 1490 καὶ
873 1438 1173 1494 κ-λινάντων
1211 1441 1358 1494 νῶτα
1405 1442 1721 1513 Ῥωμαίων,
1754 1443 1805 1496 οἱ

199 1523 313 1592 μὲν
356 1526 530 1580 αὐτὸν
553 1528 610 1579 ἐν
639 1531 704 1598 τῇ
741 1533 888 1600 (ρο-γῇ
944 1531 1318 1602 συλληφθῆναι
1362 1535 1679 1605 ἱστόρησαν.
1713 1536 1808 1589 καὶ

192 1617 337 1669 ὅλου
395 1618 498 1671 τοῦ
562 1620 813 1690 σώματος
871 1624 970 1693 τὴν
1034 1625 1197 1694 δορὰν
1248 1628 1595 1696 ἀποσυρῆναι
1651 1628 1808 1697 δίκην

191 1708 414 1772 ἀσκοῦ,
475 1711 570 1763 καὶ
617 1711 758 1764 οὕτω
807 1714 1174 1786 διαφθαρῆναι
1209 1733 1226 1751 ο
1271 1720 1321 1770 οἱ
1353 1718 1412 1770 δὲ
1458 1719 1521 1772 ἐκ
1548 1719 1807 1788 Περσίδος

191 1800 380 1856 αὐτὸν
408 1803 706 1858 ἐπανιόντα
736 1806 1014 1880 ὀφθαλμία
1037 1814 1356 1879 περιπεσεῖν
1376 1811 1806 1882 συνεγράψαντο,

191 1893 301 1946 καὶ
369 1899 529 1967 παρὰ
579 1897 675 1950 τοῦ
727 1898 932 1954 οἰκείου
996 1900 1263 1971 πενθεροῦ
1321 1903 1652 1972 ἐπάρχοντος
1711 1903 1804 1956 τοῦ

195 1989 601 2056 στρατοπέδου
648 1990 1045 2058 ἀναιρεθῆναι,
1090 1995 1157 2065 τῇ
1215 1995 1492 2066 αὐταρχίᾳ
1527 1995 1804 2065 ἐποφθαλ-

196 2086 550 2154 μιάσαντος,
585 2085 660 2156 μὴ
723 2087 909 2154 μέντοι
936 2089 1033 2142 καὶ
1065 2089 1325 2159 τυχόντος
1367 2089 1560 2159 αὐτῆς.
1596 2089 1661 2142 Ἦ
1697 2089 1805 2162 γὰρ

194 2179 459 2245 στρατιὰ
486 2179 576 2230 τὸν
603 2179 992 2251 Διοκλητιανὺν
1026 2181 1411 2254 αὐτοκράτορα
1455 2182 1654 2246 εἵλετο,
1690 2184 1808 2236 ἐκεῖ

193 2269 337 2322 τότε
379 2272 649 2342 παρόντα,
683 2274 776 2326 καὶ
807 2273 1061 2344 ἀνδρείας
1093 2274 1232 2345 ἔργα
1266 2275 1436 2328 πολλὰ
1468 2277 1524 2329 ἐν
1555 2277 1633 2348 τῷ
1664 2277 1806 2330 κατὰ

193 2361 453 2428 Περσῶν
494 2360 717 2432 πολέμῳ
736 2362 1172 2434 ἐπιδειξάμενον.
1206 2365 1346 2418 Θάτε
1359 2384 1447 2436 ρος
1485 2367 1670 2436 μέντοι
1697 2367 1805 2420 τῶν

191 2454 411 2521 Κάρου
451 2455 586 2507 υἱῶν
610 2457 639 2509 ό
669 2458 910 2526 Καρῖνος
940 2458 1019 2522 εἱς
1062 2457 1284 2530 Ῥώμην
1318 2459 1541 2526 διάγων,
1571 2461 1804 2532 χαλεπὸς

192 2549 325 2609 τοῖς
375 2546 680 2616 Ῥωμαίοις
736 2549 1055 2621 ἐτύγχανεν,
1101 2552 1338 2623 ἀσελγὴς
1363 2553 1678 2624 γενόμενος,
1711 2554 1804 2608 καὶ

192 2639 392 2704 ὠμὸς,
429 2641 525 2693 καὶ
584 2642 948 2711 μνησίκακος.
987 2645 1086 2707 ’³ος
1131 2645 1237 2699 ὑπὸ
1274 2646 1667 2717 Διοκλητιανοῦ
1722 2649 1803 2710 εἱς

204 2728 457 2801 Ῥώμην
492 2732 937 2804 ἐπιδημήσαντος
971 2737 1263 2807 διεφθάρη.
1297 2740 1356 2792 '0
1387 2739 1444 2792 δὲ
1465 2741 1566 2808 τῆς
1596 2739 1806 2794 τούτων

189 2823 395 2892 ἀρχῆς
419 2824 612 2893 χρόνος
642 2825 704 2878 οὐ
741 2827 936 2894 γέγονε
970 2828 1093 2881 καθ’
1134 2829 1328 2901 όλόκλη
1340 2849 1431 2901 ρον
1457 2833 1697 2902 τριετὴς.
1717 2831 1805 2884 Ἐν

188 2914 433 2977 τούτοις
461 2917 574 2978 τοῖς
603 2916 820 2987 χρόνοις
850 2921 1045 2988 Μάνης
1077 2923 1104 2975 6
1144 2924 1583 2995 τρισκατάρατος
1610 2927 1674 2978 ἐκ
1697 2924 1806 2977 τῶν

192 3008 454 3078 Περσῶν
483 3008 562 3071 είς
588 3008 684 3078 τὴν
714 3010 836 3064 καθ’
883 3014 1033 3082 ἡμᾶς
1085 3015 1415 3088 οἰκουμένην
1461 3018 1807 3088 παρεισφθα-

193 3103 356 3170 ρείς,
384 3102 446 3152 ἐν
481 3101 654 3173 ταύτῃ
708 3103 799 3155 τὸν
839 3106 1042 3157 οἰκεῖον
1079 3106 1156 3160 ἱὸν
1191 3107 1484 3179 ἐξήμεσεν,
1531 3111 1626 3179 ἀφ’
1650 3104 1711 3164 οὗ
1745 3113 1805 3165 τὸ

1906 619 2089 674 Persis
2136 621 2342 675 bellum
2388 623 2596 689 intulit,
2641 624 3047 694 commissaque
3088 626 3299 694 praalio,
3359 643 3482 682 cum

1907 711 2140 765 Romani
2167 728 2196 767 a
2221 714 2405 769 Persis
2436 715 2681 786 superati
2715 724 2864 784 terga
2890 715 3196 782 dedissent,
3225 718 3314 770 alii
3356 733 3482 773 eum

1907 803 1962 857 in
2012 805 2136 876 fuga
2186 808 2671 876 comprehensum,
2724 811 2866 879 pelle
2909 817 3024 864 toto
3066 825 3298 878 corpore
3345 812 3487 866 utris

1908 896 2082 952 instar
2123 898 2366 955 detracta
2420 901 2650 970 periisse
2685 910 3036 956 memorant:
3086 903 3202 966 alii,
3253 918 3378 957 cum
3430 904 3485 958 in

1907 989 2087 1044 reditu
2122 1006 2190 1045 ex
2220 991 2403 1048 Persia
2430 1008 2495 1048 ex
2524 995 2698 1049 oculis
2733 994 3044 1058 laboraret,
3078 1011 3106 1049 a
3139 1010 3337 1076 socero
3386 1011 3487 1050 suo

1907 1081 2166 1150 praetorio
2210 1083 2468 1152 praelecto
2517 1085 2822 1154 cupiditate
2863 1086 3085 1155 imperii
3136 1074 3486 1141 interfectum

1907 1188 2068 1227 esse:
2105 1174 2252 1243 quod
2302 1184 2482 1230 tamen
2521 1193 2630 1230 non
2661 1179 2735 1231 sit
2785 1186 3092 1244 assecutus,
3147 1179 3489 1235 Diocletiano

1907 1279 1937 1318 a
1972 1264 2238 1320 militibus
2267 1267 2531 1334 delatum,
2563 1284 2628 1322 eo
2663 1268 2807 1322 bello
2835 1269 3056 1323 Persico
3088 1269 3278 1323 multis
3319 1269 3479 1323 torti-

1908 1355 2011 1410 bus
2057 1355 2398 1414 facinoribus
2459 1360 2772 1414 nobilitato.
2831 1359 3104 1415 Caeterum
3163 1361 3302 1416 alter
3361 1360 3487 1415 Carr

1908 1449 2054 1505 ﬁlius
2078 1451 2335 1516 Carinus,
2369 1468 2494 1507 cum
2525 1454 2785 1508 Romanis
2816 1454 2996 1523 gravis
3032 1461 3202 1517 esset,
3237 1453 3487 1507 luxurio-

1909 1557 2039 1607 sus,
2066 1544 2327 1606 crudelis,
2383 1553 2440 1600 et
2486 1547 2634 1599 ultor
2682 1545 3045 1616 iniuriarum,
3080 1561 3109 1599 a
3144 1545 3487 1600 Diocletiano

1908 1636 2138 1690 Romam
2180 1635 2432 1706 ingresso
2461 1636 2676 1691 occisus
2706 1645 2810 1691 est.
2848 1636 3091 1705 Tempus
3123 1637 3335 1706 imperii
3387 1639 3483 1690 bo-

1910 1745 2032 1783 rum
2069 1733 2258 1792 trium,
2289 1731 2588 1785 triennium
2637 1746 2745 1786 non
2801 1729 3062 1799 explevit.
3119 1729 3216 1783 His
3271 1737 3489 1792 tempo-

1908 1823 2064 1876 ribus
2112 1821 2334 1886 Manes,
2400 1821 2565 1876 homo
2625 1821 3016 1881 detestandus.
3077 1837 3142 1875 ex
3191 1821 3378 1875 Persia
3431 1820 3487 1873 in

1908 1925 2158 1970 nostrum
2192 1916 2384 1970 orbem
2412 1914 2647 1973 delatus.
2681 1930 2841 1968 suum
2879 1929 3154 1968 venenum
3188 1911 3438 1967 evomuit

1909 2008 2054 2063 unde
2089 2008 2512 2062 Manicbzcorum
2550 2021 2750 2060 nomen
2804 2006 2858 2058 in
2915 2003 3064 2058 hunc
3112 2018 3286 2071 usque
3340 2001 3486 2056 diem

1909 2101 2091 2157 durat.
2130 2102 2178 2155 ls
2207 2102 2344 2155 alias
2378 2101 2723 2155 Peracletum
2756 2106 2812 2153 et
2852 2097 3118 2167 Spiritum
3149 2104 3401 2149 sanctum
3427 2109 3486 2148 se

1908 2211 2028 2250 esse
2062 2194 2424 2265 proﬁtebatur
2449 2236 2462 2258 ,
2500 2208 2624 2248 cum
2679 2190 2921 2260 Spiritus
2950 2187 3321 2256 improbitatis
3366 2185 3486 2240 evi-

1907 2289 2103 2343 denter
2137 2287 2191 2341 iu
2237 2303 2303 2341 eo
2339 2285 2615 2340 habitaret
2652 2301 2664 2337 :
2699 2281 2835 2335 alias
2862 2280 3144 2335 Christum
3200 2293 3258 2331 se
3307 2278 3490 2330 nomi—

1906 2397 2066 2443 nans,
2121 2395 2246 2434 cum
2276 2395 2304 2432 a
2333 2375 2674 2431 daemonibus
2713 2373 2780 2426 ad
2819 2374 3064 2442 ipsorum
3112 2367 3486 2423 ministerium

1907 2481 2107 2526 unctus
2137 2481 2320 2534 esset;
2351 2467 2641 2521 duodecim
2675 2463 2975 2533 discipulos
3016 2461 3098 2516 sui
3152 2459 3330 2514 delirii
3357 2500 3371 2523 ,
3421 2471 3490 2510 ex

1906 2564 2093 2618 multis
2121 2565 2286 2615 sectis
2311 2563 2422 2632 jam
2458 2558 2650 2614 desitis
2677 2555 3013 2622 coacervati,
3045 2554 3223 2608 socios
3259 2561 3314 2606 et
3353 2566 3492 2620 prae-

1905 2669 2072 2709 cones
2097 2651 2576 2707 circumducebat.
2607 2646 2902 2717 Dionysius
2927 2661 3051 2700 cum
3080 2645 3269 2698 Roma:
3300 2641 3492 2696 ﬁdeles

1908 2764 1959 2801 rx
1993 2747 2152 2801 annis
2183 2745 2446 2816 pavisset,
2480 2741 2796 2802 defunctus,
2825 2738 3065 2793 Felicem
3105 2747 3484 2790 successorem

1907 2837 2125 2893 habuit.
2156 2837 2255 2890 Cui
2289 2845 2412 2904 post
2437 2831 2881 2904 quinquennium
2916 2839 3155 2892 mortuo,
3191 2824 3488 2896 Eutychia-

1904 2947 2011 2985 nus
2064 2928 2350 2984 successit.
2402 2927 2522 2993 Quo
2568 2925 2714 2980 intra
2749 2941 2784 2978 ι
2815 2938 3032 2977 menses
3083 2921 3236 2975 illum
3290 2934 3486 2975 consc-

1905 3034 2054 3088 cuto,
2084 3022 2322 3094 pastoris
2344 3035 2546 3074 munus
2570 3018 2703 3074 Caio
2733 3027 2817 3072 est
2843 3015 3159 3070 mandatum
3188 3030 3202 3066 :
3229 3013 3322 3083 qui
3359 3026 3486 3065 cum

1906 3129 2082 3170 annos
2114 3113 2338 3168 circiter
2367 3127 2437 3165 xv
2459 3109 2718 3164 Ecclesize
2745 3106 3071 3173 praefuisset,
3109 3101 3485 3158 Marcellinum

190 3194 318 3245 τῶν
355 3193 677 3261 Μανιχαίων
713 3196 885 3266 ὄνομα
932 3198 1096 3268 μέχρι
1130 3201 1224 3252 τοῦ
1249 3201 1344 3255 νῦν
1374 3205 1474 3256 οὐκ
1507 3204 1702 3257 ἐπέλιπ

1970 3203 2102 3259 ιῦυἰι
2129 3216 2524 3256 successorem.
2563 3198 2626 3252 lli
2663 3197 3007 3266 temporibus
3033 3194 3482 3264 persecutionum

189 3283 254 3347 ὃς
294 3285 440 3338 ποτὲ
494 3287 593 3354 μὲν
643 3288 1001 3358 Παράκλητον
1052 3291 1247 3344 ἐαυτὸν
1285 3295 1382 3347 καὶ
1413 3294 1639 3366 Πνεῦμα
1667 3297 1701 3349 ιὶ

1972 3303 2152 3351 erunt.
2202 3296 2262 3346 In
2311 3290 2652 3346 Antiochena
2712 3288 2957 3343 Ecclesia
3023 3295 3148 3356 post
3212 3286 3484 3338 Domuum

195 3378 363 3448 μαζε
395 3378 575 3447 ἅγιον,
611 3374 654 3449 ᾧ
683 3382 743 3434 τὸ
791 3383 892 3450 τῆς
931 3385 1198 3454 πονηρίας
1249 3387 1468 3458 πνεῦμα
1509 3389 1807 3460 προφανῶς

192 3471 601 3541 ἐγκατῴκιστο
620 3489 636 3506 ’
669 3475 802 3527 ποτέ
831 3475 887 3528 δὲ
911 3477 1149 3546 Χριστὸν
1180 3480 1377 3533 ἐαυτὸν
1409 3481 1619 3550 ἐκάλει,
1648 3485 1676 3536 6
1705 3483 1807 3537 ὑπὸ

191 3565 322 3614 τῶν
365 3564 640 3634 δαιμόνων
692 3567 772 3630 εἱς
822 3566 1167 3636 λειτουργίαν
1222 3570 1469 3635 ἐκείνους
1518 3573 1804 3642 χρισθεὶς,

193 3655 303 3706 καὶ
343 3653 600 3725 μαθητὰς
627 3657 869 3728 ἐπήγετο
901 3657 1133 3725 δώδεκα,
1188 3662 1290 3732 τῆς
1321 3661 1487 3716 αὑτοῦ
1534 3663 1804 3735 φλυαρίας

196 3747 518 3811 κοινωνούς
548 3767 608 3802 τε
657 3752 750 3804 καὶ
804 3754 1077 3823 κήρυκας,
1128 3756 1194 3826 ἢν
1246 3757 1310 3810 ἐκ
1363 3758 1574 3811 πολλῶν
1627 3758 1804 3814 ἀθέων

193 3841 518 3911 δογμάτων
583 3842 693 3896 τῶν
750 3844 851 3914 ήδη
917 3847 1309 3916 ἁπεσϐηκυιῶν
1353 3849 1622 3919 αἱρέσεων
1677 3868 1804 3903 συν-

195 3936 492 4004 εφόρησε.
543 3935 828 3990 Διονυσίου
856 3939 1044 4007 μέντοι
1072 3938 1165 3992 τοῦ
1219 3941 1346 4003 τοὺς
1376 3942 1434 3994 ἐν
1486 3941 1676 4012 Ῥώμῃ
1710 3960 1804 3995 πι-

198 4046 265 4080 στ
279 4028 384 4090 οὓς
412 4028 798 4098 ποιμαίνοντος
840 4029 934 4100 ἔτη
963 4031 1119 4085 ἐννέα
1154 4033 1210 4084 ἐν
1255 4032 1428 4106 ταύτῃ
1459 4037 1525 4105 τῇ
1561 4036 1806 4106 λειτουρ-

193 4123 312 4190 γίᾳ
339 4123 608 4189 ὴνυκότος
643 4122 738 4175 καὶ
785 4123 1176 4193 μεταστάντος,
1211 4124 1382 4195 Φῆλιξ
1411 4125 1504 4177 τὸν
1531 4127 1628 4195 τῆς
1673 4125 1807 4180 Ῥώ-

197 4230 331 4284 μης
369 4213 647 4287 ἱερατικὸν
703 4213 980 4280 διεδέξατο
1034 4214 1246 4286 θρόνον.
1297 4215 1506 4270 Τούτου
1570 4217 1625 4270 δέ
1669 4220 1807 4288 μετὰ

195 4308 414 4378 χρόνον
448 4306 700 4371 θανόντος
737 4307 1038 4377 πενταετῆ,
1091 4309 1422 4379 Εὐτυχιανὸς
1464 4310 1672 4382 ἠξιώθη
1705 4315 1806 4384 τῆς

1905 3388 2199 3457 episcopus
2234 3383 2337 3437 fuit
2372 3381 2641 3443 Timaeus,
2681 3380 2887 3434 Timaio
2921 3375 3484 3446 successitCyrillus.

1903 3479 2107 3552 Cyrillo
2131 3477 2420 3550 Tyrannus
2454 3492 2466 3528 :
2497 3474 2600 3529 sub
2638 3487 2748 3542 quo
2783 3469 3156 3525 Ecclesiarum
3205 3481 3486 3537 oppugna-

1904 3576 1983 3629 tio
2019 3572 2214 3642 viguit,
2241 3586 2305 3625 ac
2345 3568 2596 3640 tyrannis
2629 3567 2772 3620 facta
2803 3575 2888 3619 est
2925 3561 3313 3617 intolerabilis.
3353 3560 3484 3613 Hie-

1904 3663 2357 3732 rosolymitanam
2392 3658 2695 3714 Ecclesiam
2731 3664 2854 3726 post
2883 3654 3237 3725 Hymenaeum
3280 3651 3486 3721 guber-

1904 3757 2059 3813 navit
2085 3755 2299 3810 Zabdas
2339 3769 2352 3806 :
2397 3767 2507 3822 quo
2537 3751 2702 3820 paulo
2731 3757 2857 3818 post
2897 3747 3184 3807 defuncto,
3217 3745 3482 3797 thronum

1905 3867 2030 3908 eum
2092 3850 2333 3902 llermon
2393 3844 2632 3899 ornavit.
2687 3840 3031 3896 Alexandria:
3078 3837 3341 3900 Maximo,
3389 3837 3485 3905 qui

1903 3954 2029 4017 post
2074 3941 2391 4013 Dionysium
2438 3954 2572 3995 xvm
2615 3936 2775 3989 annis
2823 3934 3123 3987 Ecclesiam
3169 3931 3487 3984 moderatus

1901 4048 2006 4102 est,
2039 4047 2279 4097 mortuo,
2327 4031 2491 4102 640
2542 4028 2731 4083 Theon
2783 4028 2958 4080 tactus
3006 4034 3090 4077 est
3133 4023 3424 4090 episcopus
3465 4037 3480 4073 :

1902 4131 1990 4187 cui
2029 4128 2294 4183 successit
2324 4124 2540 4182 Petrus,
2575 4118 2668 4188 qui
2701 4117 3068 4171 obtruncatus
3101 4114 3346 4183 martyrii
3393 4127 3487 4166 co-

1903 4234 2095 4276 ronam
2153 4214 2415 4284 suscepit.
2466 4212 2543 4265 Ac
2590 4209 2912 4280 pontiﬁcum
2967 4205 3350 4260 successiones
3401 4203 3488 4258 ha:

1905 4316 2156 4371 fuerunt.

193 4403 325 4456 τῶν
370 4401 660 4472 Ῥωμαίων
695 4403 1026 4473 ἐπισκοπῆς.
1072 4401 1236 4456 Οὔπω
1270 4405 1326 4456 δὲ
1361 4409 1503 4474 μησὶ
1535 4405 1668 4461 δέκα
1731 4417 1830 4466 καὶ
1867 4405 2024 4474 οὗτος
2065 4403 2450 4473 ἐπισκοπήσας
2482 4395 2786 4468 μετήλλαξε
2817 4393 2915 4463 τὴν
2947 4391 3114 4460 ζωὴν,
3147 4388 3242 4441 καὶ
3269 4390 3488 4441 ἀντεισ“

193 4500 357 4572 ἢχθη
425 4503 503 4561 εἰς
535 4499 594 4551 τὸ
656 4502 756 4571 τῆς
787 4498 1154 4569 ποιμαντικῆς
1207 4499 1583 4572 λειτούργημα
1651 4505 1835 4569 Γάϊος.
1881 4503 2070 4574 Οὗπερ
2121 4499 2266 4571 ἀμφὶ
2318 4497 2386 4549 τὰ
2419 4491 2813 4548 πεντεκαίδεκα
2880 4489 2973 4559 ἐτη
3025 4488 3360 4558 προστάντος
3388 4484 3490 4553 τῆς

210 4594 562 4663 Ἐκκλησίας
620 4593 964 4662 Μαρκελίνος
1008 4591 1254 4661 διάδοχος
1286 4593 1531 4661 γέγονεν.
1567 4589 1729 4650 Οὗτοι
1789 4599 1835 4652 δ’
1875 4595 2016 4671 ἦσαν
2075 4593 2268 4653 ἐντοῖς
2321 4587 2537 4660 χρόνοις
2593 4583 2702 4636 τῶν
2755 4581 3033 4650 διωγμῶν.
3083 4579 3178 4671 Ἐν
3204 4578 3265 4671 δέ
3307 4593 3371 4646 γε
3420 4579 3486 4647 τῇ

210 4686 556 4754 Ἀντιοχέων
601 4683 902 4755 Ἐκκλησία
965 4684 1101 4753 μετὰ
1166 4683 1370 4753 Δόμνον
1429 4687 1778 4758 ἐπεσκόπησε
1818 4670 2071 4760 Τίμαιος,
2123 4683 2214 4736 τὸν
2267 4681 2324 4733 δέ
2393 4678 2624 4748 Τίμαιον
2673 4673 2945 4739 διεδέξατο
3023 4670 3310 4740 Κύριλλος,
3389 4671 3488 4760 κα)

202 4780 362 4850 μετὰ
403 4777 669 4847 Κύριλλον
701 4778 978 4845 Τύραννον
1017 4781 1045 4831 6
1075 4777 1264 4848 θρόνος
1294 4777 1532 4842 ἐδέξατο,
1563 4756 1783 4836 καθ’νὸν
1822 4786 1852 4852 ἡ
1887 4756 1994 4834 τῶν
2034 4773 2372 4845 Ἐκκλησιῶν
2419 4769 2707 4838 πολιορκία
2745 4768 2844 4836 τὴν
2913 4764 3096 4834 ἀκμὴν
3150 4765 3351 4834 ἔσχηκε
3391 4756 3488 4816 καὶ

199 4875 240 4942 ἡ
321 4871 584 4940 τυραννὶς
642 4870 917 4941 ἀφόρητος
967 4872 1180 4939 γέγονε.
1249 4870 1361 4940 Τῆς
1430 4873 1485 4924 δέ
1528 4873 1636 4927 τῶν
1709 4875 2097 4948 Ἱεροσολύμων
2156 4865 2487 4936 Ἐκκλησίας
2551 4863 2692 4934 μετὰ
2738 4861 2828 4914 τὸν
2895 4859 3186 4929 Ὑμέναιον
3242 4858 3484 4929 προέστη

199 4965 429 5026 Ζάϐδας
453 4964 584 5034 (87),
608 4959 669 5018 οῦ
704 4965 820 5034 μετ’
852 4965 913 5017 οὐ
945 4965 1079 5018 πολὺ
1112 4965 1543 5034 κεκοιμημένου,
1607 4967 1833 5039 Ἕρμων
1871 4970 1964 5022 τὸν
2032 4964 2220 5037 θρόνον
2247 4960 2437 5014 τοῦτον
2468 4956 2749 5025 ἐκόμισεν.
2790 4954 2878 5006 Ἐν
2921 4953 2976 5005 δὲ
3003 4955 3068 5022 τῇ
3109 4949 3487 5019 Ἀλεξανδρεία

203 5060 479 5129 Μαξίμου
499 5057 595 5110 τοῦ
623 5057 761 5128 μετὰ
789 5057 1065 5110 Διονύσιον
1095 5056 1272 5110 ἐτεσιν
1292 5056 1669 5112 ὀκτωκαίδεκα
1737 5058 1834 5129 τὴν
1878 5056 2194 5127 ἱερουργίαν
2242 5049 2560 5109 ἀνύσαντος,
2637 5044 2698 5097 τδ
2739 5041 2917 5114 χρεὼν
2969 5042 3484 5110 λειτουργήσαντος.

203 5155 437 5216 Θ-ῶνας
462 5152 866 5223 ἐπεσκόπησεν.
908 5152 1005 5204 Ὃν
1042 5151 1318 5215 διεδέξατο
1357 5151 1586 5221 Πέτρος,
1648 5153 1709 5216 ὃς
1767 5155 1864 5206 καὶ
1925 5153 2015 5206 τὸν
2054 5149 2149 5204 τοῦ
2209 5142 2511 5217 μαρτυρίου
2569 5139 2834 5209 στέφανον
2880 5139 3072 5211 ᾔρατο,
3112 5138 3210 5208 τὴν
3240 5137 3480 5206 κεφαλὴν

201 5247 542 5317 ἐκτμηθείς.
599 5247 667 5299 Αἱ
726 5246 825 5316 μὲν
865 5244 957 5298 οὖν
982 5245 1089 5298 τῶν
1113 5244 1419 5316 ἀρχιερέων
1448 5244 1654 5298 τούτων
1688 5245 1933 5315 διαδοχαὶ
1960 5245 2118 5314 ἔσχον
2150 5240 2347 5301 οὕτως.

285 5343 412 5394 AA'.
464 5337 848 5408 Διοκλητιανὺς
893 5338 950 5390 δὲ
1005 5337 1101 5407 τὴν
1152 5338 1453 5408 ἠγεμονίαν
1499 5337 1700 5407 λαχὼν,
1737 5338 1793 5400 ὃς

1974 5335 2168 5390 XXXI.
2200 5332 2494 5403 Imperium
2515 5340 2697 5384 autem
2725 5326 3097 5381 Diocletianus
3120 5331 3202 5377 est
3223 5321 3476 5390 adeptus.

207 5433 513 5502 Διλμάτης
573 5433 670 5501 μὲν
723 5426 792 5501 ἦν
841 5433 902 5482 τὸ
953 5430 1132 5498 γένος,
1168 5430 1422 5500 πατέρων
1480 5431 1525 5482 δ’
1568 5433 1719 5501 ἁσήμ

1965 5429 2125 5482 itione
2191 5426 2456 5488 Dalmata,
2503 5423 2756 5477 obscuris
2799 5430 2954 5474 ortus
3007 5415 3348 5486 parentibus,
3402 5422 3477 5478 et,

209 5523 387 5592 (τινὲς
451 5523 508 5575 δὲ
570 5521 937 5590 ἀπελεύθερον
1011 5521 1174 5575 αὐτόν
1249 5539 1413 5590 φασιν
1481 5521 1721 5574 Ἀνουλίν

1998 5517 2220 5589 quidam
2257 5517 2503 5579 tradunt,
2535 5512 2758 5568 Anulini
2812 5510 3084 5566 senatoris
3126 5507 3379 5570 libertus,
3411 5520 3478 5558 ex

211 5614 638 5687 συγκλητικοῦ),
676 5613 734 5679 ἐξ
761 5614 994 5667 εὐτελῶν
1031 5614 1380 5683 στρατιωτῶν
1420 5612 1545 5680 δοῦξ
1583 5612 1723 5667 Μυσί

1965 5612 2076 5666 ilite
2133 5609 2385 5681 gregario
2439 5607 2626 5679 Mysiae
2675 5609 2782 5658 dux
2817 5603 3008 5657 evasit.
3062 5601 3165 5654 Alii
3212 5615 3343 5654 vero
3370 5614 3477 5654 co-

1408 5725 1604 5787 Variaa
1637 5725 1942 5790 lectiones
1985 5732 2046 5788 et
2089 5732 2278 5787 notas.

293 5851 404 5921 is?)
433 5849 690 5906 Ζάεδαν.
722 5850 841 5906 Duo
881 5850 1042 5906 codd.
1082 5849 1213 5921 Reg.
1275 5861 1326 5908 el
1377 5850 1623 5908 Colbcrt.
1653 5853 1805 5924 Ζάμδ

1377 5850 1623 5908 Colbcrt.
1653 5853 1932 5924 Ζάμὸδαν,
1965 5852 2104 5908 alter
2131 5849 2265 5920 Reg.
2304 5847 2489 5903 Ζῶδαν
2523 5842 2846 5915 praeferunt.
