3930 6538
400 389 541 451 1083

1663 362 1990 434 JOANNIS
2027 356 2348 423 ΖΟΝΑΒᾹΞ

3515 341 3652 406 1084

398 508 587 561 mitem
618 503 1066 558 domesticormm
1117 498 1288 555 fuisse
1339 493 1585 553 tradunt,
1635 501 1776 558 quos
1833 498 1974 539 non-

2097 475 2293 546 ιγένετο
2313 489 2326 502 ·
2354 468 2504 525 ἄλλοι
2525 467 2582 522 δὲ
2610 468 2825 536 κόμητα
2851 464 3188 535 δομεστίκων
3211 461 3378 517 αὐτὸν
3401 460 3653 529 γενέσθαι

401 598 536 652 nulli
567 596 784 667 equites
829 610 953 649 esse
997 600 1215 664 putant.
1254 588 1412 658 Apud
1458 584 1661 641 milites
1708 594 1808 650 pro
1840 593 1975 632 con-

398 693 559 748 cione
597 688 910 746 aﬁirmavit.
948 701 1007 740 se
1059 684 1225 739 caedis
1278 677 1598 738 Numeriani
1648 690 1758 729 non
1805 671 1975 727 fuisse

400 783 681 840 conscium
709 799 724 836 :
757 781 1028 848 simulque
1057 777 1124 832 ad
1155 777 1359 843 Aprum
1393 770 1710 843 praefectum
1738 766 1974 822 militum

400 889 734 931 conversus:
763 873 892 934 Hoc,
920 869 1119 940 inquit,
1145 867 1292 920 illius
1323 879 1594 936 percussor
1612 872 1710 923 est,
1735 873 1976 928 eumque

400 983 534 1023 ense
578 977 821 1036 arrepto,
881 961 1182 1017 interfecit.
1240 947 1472 1014 Romam
1525 969 1648 1012 cum
1712 952 1975 1014 venisset,

404 1068 589 1113 rerum
623 1052 1162 1111 administrationem
1193 1049 1438 1117 suscepit
1471 1064 1486 1101 :
1513 1043 1976 1110 considerataque

404 1149 752 1219 principatus
807 1144 1196 1216 amplitudine,
1257 1141 1374 1198 sive
1430 1146 1666 1210 quarto,
1715 1136 1852 1200 sive,
1918 1141 1980 1187 ut

402 1243 495 1296 alii
553 1241 777 1304 docent,
852 1236 1096 1292 secundo
1170 1233 1386 1303 imperii
1459 1246 1643 1295 anno,
1711 1229 1977 1298 collegam

403 1334 784 1390 Maximianum
822 1330 1143 1386 llerculium
1173 1327 1414 1392 asciscit,
1440 1333 1605 1380 tanta:
1632 1322 1760 1378 moli
1795 1337 1979 1378 rerum

401 1442 460 1480 se
509 1440 678 1480 unum
735 1423 1002 1492 imparem
1036 1436 1159 1476 esse
1199 1429 1372 1474 ratus.
1424 1416 1603 1472 Ambo
1652 1415 1819 1484 igitur
1846 1429 1981 1468 con-

400 1516 776 1572 sentientibus
816 1514 1018 1569 animis
1074 1512 1520 1582 persecutionem
1581 1518 1774 1563 contra
1821 1505 1983 1562 Chri-

401 1613 613 1664 stianos
642 1595 1025 1670 instituerunt,
1075 1604 1461 1674 superioribus
1498 1601 1760 1657 omnibus
1807 1598 1980 1653 vehe-

404 1702 732 1756 mentiorem
760 1709 816 1754 et
861 1699 1267 1752 immaniorem.
1315 1697 1541 1751 Summo
1566 1695 1716 1750 enim
1767 1692 1980 1754 studio,

399 1809 470 1849 ac
505 1793 689 1863 potius
725 1792 934 1857 furore,
968 1791 1061 1845 Dei
1097 1789 1275 1845 nostri
1310 1789 1438 1844 Jesu
1477 1787 1683 1843 Christi
1735 1785 1980 1840 salutare

407 1899 609 1938 nomen
649 1883 703 1936 in
742 1883 996 1937 omnibus
1025 1881 1211 1936 delere
1249 1880 1414 1933 terris
1448 1888 1579 1934 sunt
1621 1876 1826 1932 conati.
1860 1876 1982 1942 Quo

407 1990 656 2045 tempore
685 1985 836 2028 tanta
868 1990 1060 2028 eorum
1113 1973 1206 2042 qui
1257 1988 1358 2042 pro
1391 1971 1596 2027 Christi
1637 1971 1986 2026 confessione

408 2067 463 2121 in
511 2067 774 2121 omnibus
817 2065 1139 2120 civitatibus
1187 2074 1244 2120 et
1291 2063 1595 2134 provinciis
1639 2062 1858 2118 fortiter
1890 2077 1986 2117 oc-

407 2158 754 2220 cumberent,
809 2156 1109 2212 multitudo
1162 2157 1288 2221 fuit,
1339 2165 1399 2210 ut
1453 2171 1647 2210 eorum
1697 2155 1826 2210 iniri
1880 2169 1986 2208 nu—

407 2267 593 2307 merus
627 2265 771 2321 agre
806 2252 1001 2320 possit.
1063 2250 1213 2306 Hanc
1259 2251 1406 2306 enim
1459 2248 1832 2305 carniﬁcinam
1884 2265 1981 2304 caa-

411 2345 546 2398 teris
575 2343 743 2399 rebus
769 2333 1518 2398 omnibus‘antevertendam
1543 2355 1666 2396 esse
1693 2339 1986 2411 putabant.

413 2433 722 2487 Busiridem
777 2447 910 2487 vero
957 2441 1013 2490 et
1059 2432 1297 2504 Ceptum
1329 2433 1520 2497 urbes,
1565 2433 1773 2487 Thebis
1827 2431 1987 2503 Egy-

411 2521 606 2590 ptiacis
658 2521 910 2587 vicinas,
974 2538 1100 2584 cum
1171 2523 1545 2588 defecissent,
1609 2523 1990 2580 Diocletianus

411 2614 560 2684 cepit
616 2623 782 2683 atque
817 2615 1042 2669 evertit.
1087 2613 1238 2675 Post.
1292 2613 1626 2670 Alexandria
1662 2629 1886 2684 quoque
1935 2623 1992 2668 et

411 2707 678 2778 Egyptus
705 2706 916 2761 Achille
947 2706 1184 2776 quodam
1212 2715 1441 2761 auctore
1471 2721 1624 2760 arma
1656 2715 1853 2761 contra
1879 2706 1990 2760 Ro-

412 2813 607 2854 manos
680 2807 1077 2868 sumpserunt:
1145 2799 1240 2853 sed
1301 2798 1644 2854 Diocletiano
1691 2798 1837 2852 haud
1895 2799 1993 2853 diu

410 2893 765 2955 restiterunt,
817 2890 1089 2960 multique
1136 2889 1427 2945 seditionis
1472 2890 1842 2946 concitatores
1886 2906 1992 2944 una

413 3000 543 3040 cum
587 2983 801 3039 Achille
832 2999 1024 3053 ptenas
1055 2983 1356 3039 dederunt.
1399 2982 1775 3039 Diocletianus
1826 2998 1992 3052 porro

411 3088 470 3135 et
522 3077 907 3143 Maximianus,
963 3091 1125 3132 suum
1176 3085 1411 3147 uterque
1457 3091 1720 3147 generum
1751 3074 1993 3131 Caesares

2077 568 2229 638 φασί.
2259 562 2627 634 Δομεστίκους
2667 559 2724 615 δέ
2757 576 2904 620 τινες
2950 558 3075 618 τοὺς
3109 554 3312 612 ἱππέας
3346 550 3651 622 νομίξουσι.

2075 657 2468 726 Διαλεγόμενος
2505 652 2560 705 δὲ
2620 654 2732 713 τοῖς
2784 648 3150 721 στρατιώταις
3207 644 3515 698 διεϐεϐαίου
3581 641 3658 712 μὴ

2077 751 2404 820 κοινωνῆσαι
2451 746 2528 817 τῷ
2579 744 2727 815 φόνῳ
2771 743 2864 796 τοῦ
2911 739 3292 810 Νουμςριανοῦ
3319 753 3332 770 ’
3366 737 3462 789 καὶ
3493 737 3550 788 ἐν
3583 734 3658 802 τῷ

2075 843 2250 897 ταῦτα
2293 841 2477 908 λέγειν
2523 836 2786 908 στραφεὶς
2849 836 2985 906 πρὸς
3032 833 3122 886 τδν
3164 833 3373 904 ’Λπρον
3418 829 3659 900 ἔπαρχον

2077 936 2206 988 εντα
2258 932 2353 985 τοῦ
2409 929 2842 1002 στρατεύματος,
2901 922 3112 992 Οὗτος,
3168 924 3295 994 ἒτρη,
3350 925 3382 976 o'
3421 922 3660 974 ἐκείνου

2078 1027 2322 1097 φονεύς.
2361 1022 2472 1077 Καὶ
2507 1023 2707 1076 αὐτίκα
2761 1020 2839 1090 τῷ
2901 1019 3043 1090 μετὰ
3090 1020 3278 1089 χεῖρας
3314 1014 3460 1081 ﬂeat
3498 1013 3662 1066 αὐτὸν

2079 1118 2310 1173 ἀνεῖλεν.
2357 1117 2447 1168 Ἐν
2470 1115 2526 1168 δὲ
2557 1116 2622 1186 τῇ
2667 1112 2857 1186 Ῥώμῃ
2880 1112 3173 1182 γενόμενος
3203 1109 3314 1161 τῶν
3344 1108 3446 1177 τῆς
3485 1105 3664 1174 ἀρχῆς

2081 1209 2426 1281 πραγμάτων
2479 1206 2904 1276 ἀντεποιήσατο,
2954 1205 3049 1256 καὶ
3090 1202 3193 1272 τῆς
3237 1201 3443 1254 τούτων
3481 1197 3664 1269 ἥψατο

2079 1302 2424 1371 διοικήσεως.
2501 1297 2740 1352 Ἀπιδὼν
2789 1297 2845 1350 δὲ
2895 1295 3033 1368 πρὸς
3091 1294 3153 1347 τὸ
3214 1295 3310 1363 τῆς
3380 1291 3667 1364 βασιλείας

2082 1393 2410 1463 ὑπέρογκον,
2461 1391 2717 1446 κοινωνὸν
2769 1390 2939 1460 αὐτῆς
2983 1387 3472 1460 προσλαμϐᾱινεται
3526 1384 3674 1438 κατά

2080 1490 2143 1541 τὸ
2169 1489 2432 1558 τέταρτον
2491 1485 2611 1548 ἔτος
2669 1485 2770 1553 τῆς
2832 1483 3134 1554 ἡγεμονίας
3203 1478 3391 1540 αὐτοῦ,
3456 1478 3487 1542 ἦ
3543 1475 3673 1528 καθ’

2084 1581 2302 1652 ἑτέρους
2353 1579 2494 1632 κατὰ
2543 1577 2602 1630 τὸ
2633 1576 2887 1648 δεύτερον
2938 1573 3282 1644 Μαξιμιανὸν
3313 1572 3405 1624 τὸν
3443 1569 3675 1639 Ἐρκοὺ-

2084 1675 2221 1736 λιον,
2273 1672 2350 1742 μὴ
2389 1670 2586 1724 ἐαυτὸν
2640 1670 2799 1740 μόνον
2862 1666 3137 1740 ἀρκοῦντα
3195 1664 3332 1734 πρὸς
3396 1663 3672 1729 τοσαύτης

2087 1765 2262 1836 ἀρχῆς
2309 1763 2579 1833 διοίκησιν
2629 1761 3014 1830 λογισάμενος.
3067 1760 3271 1828 ’Λμφω
3313 1755 3498 1809 τοίνυν
3526 1772 3672 1823 συμ-

2088 1857 2426 1920 πνεύσαντες
2484 1854 2729 1924 διωγμὸν
2781 1852 3059 1925 ἐγείρουσι
3111 1851 3253 1904 κατὰ.
3299 1847 3671 1917 Χριστιανῶν,

2087 1950 2196 2003 τῶν
2239 1951 2370 2020 πρὶν
2421 1950 2729 2018 γεγονότων
2776 1946 3037 2000 ἁπάντων
3075 1942 3435 2012 σφοδρότερόν
3470 1959 3528 1993 τε
3573 1942 3675 1992 καὶ

2088 2040 2454 2111 ἀγριώτερον.
2486 2035 2778 2106 Ἑκθύμως
2817 2031 2949 2103 γὰρ,
2983 2031 3188 2101 μᾶλλον
3237 2030 3295 2084 δὲ
3353 2027 3681 2099 περιμανῶς

2087 2131 2149 2187 τδ
2179 2129 2273 2184 τοῦ
2302 2129 2439 2182 Θεοῦ
2479 2128 2637 2198 ἡμῶν
2673 2126 2850 2197 Ἰησοῦ
2880 2124 3118 2197 Χριστοῦ
3154 2122 3418 2176 ἔσπευδον
3470 2124 3532 2174 ἐκ
3567 2122 3678 2174 πά-

2092 2242 2191 2295 σης
2243 2223 2350 2294 γῆς
2407 2222 2692 2293 ἐξαλεῖψαι
2761 2221 3030 2290 σωτήριον
3084 2217 3278 2286 ὄνομα.
3331 2217 3472 2268 ’ῦτε
3531 2216 3680 2268 κατὰ

2089 2323 2270 2374 πᾶσαν
2324 2321 2480 2374 πόλιν
2541 2319 2635 2372 καὶ
2701 2317 2889 2388 χώραν
2941 2315 3186 2369 τοσοῦτοι
3243 2313 3385 2384 ὑπὲρ
3441 2313 3539 2380 τῆς
3596 2314 3683 2376 είς

2091 2415 2330 2484 Χριστὸν
2388 2412 2686 2482 ὁμολογίας
2753 2409 3100 2480 ὴνδρίσαντο,
3143 2407 3221 2471 ὡς
3279 2408 3406 2479 μηδ’
3453 2405 3678 2476 ἀριθμῷ

2094 2505 2280 2577 σχεδον
2319 2505 2520 2567 αὐτοὺς
2567 2503 2882 2574 ὑπαχθῆναι
2924 2501 3108 2572 ῥᾴδιον
3157 2497 3334 2554 εῖναι·
3372 2502 3534 2570 ἔργον
3568 2504 3680 2570 γαρ

2097 2598 2262 2652 τοῦτο
2301 2597 2411 2650 τῶν
2453 2595 2630 2650 ἄλλων
2657 2596 2918 2650 ἁπάντων
2955 2593 3200 2648 ἐτίθεντο
3237 2591 3681 2661 σπουδαιότερον.

2094 2688 2414 2758 Βουσίρεως
2477 2686 2532 2739 δὲ
2599 2686 2694 2740 καὶ
2745 2684 2969 2743 Κοπτοῦ
3021 2685 3230 2740 πόλεων
3287 2683 3686 2754 Αἰγυπτιακῶν

2093 2781 2226 2851 περὶ
2267 2780 2367 2844 τὰς
2419 2781 2539 2832 ἐκεῖ
2589 2778 2772 2848 Θήϐας
2821 2777 3157 2847 οίκουμένων
3205 2777 3286 2838 είς
3339 2775 3686 2828 ἀποστασίαν

2094 2871 2457 2934 ἐκκλινασῶν,
2524 2873 2552 2925 ὁ
2612 2869 3002 2938 Διοκλητιανὺς
3080 2867 3490 2938 ἐκστρατεύσας
3559 2868 3686 2920 κατ’

2092 2966 2272 3019 αὐτῶν
2313 2959 2426 3017 εἷλέ
2457 2982 2517 3016 τε
2559 2966 2657 3018 καὶ
2691 2964 2863 3027 αὐτας
2897 2963 2994 3016 καὶ
3029 2961 3405 3030 κατέσκαψεν.
3437 2958 3554 3014 Εἶτ’
3592 2957 3688 3015 αῦ-

2095 3059 2179 3120 θις
2207 3057 2584 3129 Ἀλεξάνδρεια
2618 3058 2762 3128 καὶὴ
2785 3057 3058 3125 Αἴγυπτος
3089 3057 3331 3126 ἀντῆραν
3361 3058 3522 3125 χεῖρα
3549 3055 3691 3107 Ῥω-

412 3172 808 3228 declararunt:
849 3172 1228 3227 Diocletianus
1275 3171 1631 3226 Maximinum
1664 3170 1989 3232 Gallerium,

2103 3152 2308 3223 μαίοις,
2341 3151 2635 3222 Ἀχιλλέως
2669 3152 2814 3212 τινὸς
2842 3153 2922 3214 είς
2965 3149 3127 3203 τοῦτο
3165 3151 3294 3212 τοὺς
3337 3149 3682 3217 Αἰγυπτίους

414 3265 506 3322 cui
537 3263 703 3320 ﬁliam
733 3264 1007 3320 Valeriam
1051 3263 1462 3335 desponderat:
1497 3261 1791 3317 Herculius
1821 3261 1994 3316 Maxi-

415 3355 631 3410 mianus
654 3354 1060 3419 Constantium,
1105 3357 1200 3425 qui
1245 3371 1272 3408 a
1306 3356 1516 3425 pallore
1545 3354 1786 3410 Chlorus
1833 3369 1997 3409 voca-

417 3447 604 3511 batur,
641 3455 900 3514 nepotem
931 3446 1168 3510 Claudii,
1195 3447 1288 3516 qui
1325 3446 1487 3517 paulo
1513 3457 1640 3502 ante
1671 3446 1995 3514 imperarat,

417 3548 479 3594 ut
499 3540 609 3609 jam
642 3538 894 3609 exposui,
924 3539 1196 3609 desponsa
1227 3539 1337 3594 ﬁlia
1368 3539 1680 3595 Theodora.
1733 3540 2000 3607 Quamvis

416 3639 601 3684 autem
633 3628 796 3685 ambo
822 3628 1069 3685 Caesares
1115 3646 1313 3685 uxores
1344 3630 1638 3694 haberent,
1680 3639 1863 3685 tamen
1907 3647 1998 3686 re-

417 3719 660 3790 pudiatis
679 3719 810 3785 illis,
833 3719 1234 3790 imperatorum
1262 3720 1581 3776 aﬁinitatem
1608 3723 1997 3791 praetulerunt.

420 3811 784 3867 Maximianus
841 3811 898 3867 in
947 3811 1151 3868 Gallias
1187 3810 1348 3884 651
1399 3812 1702 3882 profectus.
1761 3813 1999 3870 Amandi

423 3903 716 3973 cujusdam
765 3914 974 3960 motum
1013 3906 1298 3975 repressit.
1341 3905 1622 3969 Crassum,
1659 3905 1752 3976 qui
1785 3907 2003 3961 Britan-

419 3996 570 4050 niam
632 4011 727 4066 per
775 3997 1076 4052 triennium
1109 4009 1428 4066 occuparat,
1470 3996 1765 4067 przel'ectus
1817 3996 2004 4054 Ascle-

419 4087 681 4159 piodotus
707 4091 952 4145 sustulit.
984 4089 1574 4161 Quinque-Gentianos
1615 4091 1709 4162 qui
1759 4090 2001 4146 Africam

421 4190 802 4248 occuparant,
879 4180 1169 4238 Herculius
1241 4182 1563 4238 debellavit.
1646 4182 2004 4241 Constantius

429 4271 613 4325 Caesar
641 4271 694 4324 in
733 4271 925 4326 Galliis
955 4273 1223 4327 adversus
1272 4272 1604 4329 Alemannos
1657 4273 1862 4328 bellum
1906 4290 2001 4345 ge-

423 4377 576 4424 rens,
608 4362 807 4418 eodem
836 4363 926 4419 die
963 4372 1019 4419 et
1054 4364 1232 4419 victus
1258 4374 1364 4430 est,
1412 4374 1470 4421 et
1516 4367 1669 4422 vicit.
1708 4364 1841 4420 Nam
1889 4365 2004 4435 pri-

425 4469 577 4509 mum
609 4470 735 4509 cum
759 4455 1047 4511 Alemanni
1079 4472 1280 4528 magno
1317 4458 1525 4528 impetu
1559 4459 1612 4511 in
1638 4459 1756 4528 ejus
1785 4458 2002 4513 exerci-

2101 3246 2518 3314 ὑπαγαγόντος·
2569 3245 2706 3298 ἀλλὰ
2752 3243 3044 3313 Ῥωμαίων
3102 3241 3288 3304 αὐτοῖς
3339 3239 3690 3294 ἐπελθόντων

2100 3337 2198 3392 σὺν
2245 3333 2640 3407 Διοκλητιανῷ,
2670 3335 2772 3387 οὐκ
2802 3333 3068 3402 ἀντέσχον
3098 3331 3190 3384 ἐπὶ
3225 3331 3385 3395 πολὺ,
3421 3332 3518 3384 καὶ
3553 3331 3691 3384 πολ-

2099 3431 2182 3484 λοὶ
2218 3428 2329 3483 τῶν
2355 3427 2547 3484 αίτὶων
2575 3427 2674 3498 τῆς
2711 3427 2957 3488 στάσεως
2986 3424 3360 3496 ἀνῃρέθησαν,
3395 3423 3492 3478 καὶ
3521 3424 3694 3488 αὐτὶς

2112 3517 2414 3592 Ἀχιλλεύς.
2444 3516 2829 3586 Διοκλητιανὸς
2866 3516 2922 3569 δέ
2956 3516 3049 3568 καὶ
3080 3514 3428 3582 Μιξιμιανδς
3472 3516 3693 3568 Καίσα-

2105 3608 2204 3687 ρας
2257 3611 2682 3683 ἐχειροτόνησαν
2736 3610 2864 3673 τοὺς
2916 3608 3127 3662 ἑαυτῶν
3186 3608 3480 3676 κηδεστὰς,
3511 3609 3540 3660 ό
3587 3609 3694 3678 μὲν

2102 3703 2493 3775 Διοκλητιανὸς
2527 3701 2834 3772 Μαξιμῖνον
2863 3703 2952 3754 τὸν
2979 3701 3301 3772 Γαλλέριον,
3337 3702 3434 3772 τὴν
3475 3701 3694 3753 οἰκείαν

2103 3799 2382 3866 θυγατέρα
2416 3793 2684 3859 συζεύξας
2723 3793 2876 3865 αὐτῷ
2918 3793 3179 3866 Βαλερίαν
3228 3810 3242 3824 ⁸
3293 3795 3321 3846 ὀ
3364 3793 3411 3847 δ’
3453 3792 3697 3862 Ἐριού-

2102 3892 2216 3954 λιος
2265 3889 2614 3960 Μαξιμιανὸς
2675 3888 3015 3942 Κώνσταντα
3071 3887 3242 3956 (88).
3298 3886 3356 3950 ὃς
3402 3885 3688 3955 ἐπεκλήθη

2105 3981 2329 4055 Χλωρδς
2353 3981 2443 4034 διὰ
2473 3981 2570 4053 τὴν
2601 3979 2911 4051 ὠχρότητα,
2942 3977 3301 4049 θυγατριδοῦν
3328 3977 3461 4031 ὄντα
3504 3977 3691 4030 Kha-

2103 4075 2219 4128 δίου
2265 4074 2359 4128 τοῦ
2419 4073 2528 4145 πρὸ
2571 4074 2776 4146 μικροῦ
2837 4071 3286 4142 βασιλεύσαντος,
3321 4070 3398 4133 ὡς
3443 4070 3546 4140 ἤδη
3600 4087 3694 4139 μοι

2105 4170 2348 4240 εἴρηται,
2408 4169 2502 4222 καὶ
2564 4167 2731 4230 αὐτὸς
2782 4166 2959 4236 τούτῳ
3015 4164 3113 4234 τὴν
3165 4162 3362 4217 ἑαυτοῦ
3412 4162 3691 4230 θυγατέρα

2105 4259 2390 4331 Θεοδώραν
2436 4259 2853 4330 κατεγγυήσας.
2903 4258 3015 4312 Καὶ
3049 4255 3212 4325 ἄμφω
3245 4254 3301 4307 δὲ
3337 4254 3410 4307 τὼ
3449 4254 3694 4321 Καίσαρε

2105 4353 2282 4406 τούτω
2329 4351 2584 4421 γαμετὰς
2639 4351 2888 4422 εἰχέτηνο
2939 4347 3076 4403 ἀλλὰ
3106 4347 3194 4400 διὰ
3253 4345 3312 4397 τὸ
3376 4345 3512 4412 πρὸς
3563 4345 3693 4406 τοὺς

2110 4447 2351 4516 βασιλεῖς
2391 4444 2558 4513 κῆδος
2615 4445 2715 4506 τὰς
2779 4442 2879 4512 μὲν
2942 4442 3257 4503 ἀπώσαντο,
3287 4440 3412 4500 ταῖς
3468 4438 3524 4490 δὲ
3580 4436 3688 4488 τῶν

427 4555 545 4598 tum
582 4545 877 4613 irruerent,
910 4556 1062 4618 terga
1103 4562 1298 4604 omnes
1327 4549 1620 4613 dederunt,
1673 4564 1816 4618 quos
1870 4548 1993 4602 dum

2111 4538 2380 4611 βασιλέων
2412 4536 2719 4608 θυγατράσι
2763 4533 3110 4604 συνῴκησαν.
3148 4531 3417 4599 Ἀμάνδου
3459 4529 3514 4580 δέ
3548 4545 3692 4590 τινος

427 4633 789 4692 Constantius
845 4634 970 4706 luga
1016 4647 1334 4707 postremus
1383 4639 1764 4707 consequitur,
1814 4655 2006 4708 parum

429 4725 610 4780 abluit
643 4727 778 4797 quin
813 4727 990 4798 portis
1011 4728 1125 4798 jam
1152 4729 1355 4784 clausis
1385 4737 1715 4799 caperetur:
1748 4745 1813 4784 ac
1848 4729 2009 4799 plane

430 4818 501 4871 ab
525 4818 778 4874 hostibus
799 4820 1235 4890 comprehensus
1256 4829 1422 4886 esset,
1448 4821 1499 4875 in
1525 4837 1649 4875 eum
1681 4820 2009 4890 capiendum

431 4909 686 4976 intentis,
715 4913 821 4967 nisi
861 4913 1094 4969 funibus
1121 4929 1190 4968 ex
1248 4929 1406 4968 muro
1436 4913 1694 4968 demissis
1743 4922 2012 4968 attractus

429 5014 600 5060 esset.
655 5005 733 5062 ita
783 5016 1166 5072 conservatus,
1201 5015 1366 5076 atque
1409 5006 1462 5060 in
1505 5006 1696 5060 urbem
1735 5015 2010 5075 receptus,

433 5109 735 5159 convocato
771 5101 957 5154 statim
999 5100 1274 5164 exercitu,
1328 5101 1580 5155 oratione
1631 5099 1842 5162 habita,
1902 5114 2010 5170 qua

437 5189 672 5244 militum
708 5191 908 5246 animis
943 5190 1282 5246 alacritatem
1307 5191 1373 5246 ad
1411 5207 1524 5244 rem
1556 5201 1781 5246 strenue
1809 5206 2012 5263 geren-

435 5281 558 5335 dam
601 5283 806 5348 attulit,
856 5298 921 5338 ac
960 5282 1218 5338 ﬁduciam
1269 5281 1561 5351 quamdam
1619 5281 1774 5351 quasi
1837 5283 2012 5352 inspi-

436 5378 601 5442 ravit,
638 5379 822 5432 statim
860 5378 1021 5432 duxit
1051 5386 1242 5432 contra
1284 5378 1520 5440 hostem,
1580 5387 1747 5446 atque
1807 5375 2010 5429 illustri

436 5470 666 5525 victoria
701 5472 907 5541 potitus
939 5483 1044 5536 est,
1087 5470 1308 5525 circiter
1366 5485 1430 5522 ιι
1479 5469 1724 5523 millibus
1754 5467 2017 5524 Aleman-

2107 4629 2541 4700 νεωτερίσαντος
2621 4629 2675 4680 ἐν
2740 4627 3019 4688 Γαλλίαις,
3082 4623 3433 4692 Μαξιμιανδς
3509 4623 3690 4673 ἐκεῖσε

2107 4725 2405 4794 γενόμενος
2431 4723 2524 4776 τον
2555 4719 2927 4789 νεωτερισμὸν
2968 4715 3303 4772 κατέστειλε.
3334 4715 3591 4783 Κράσσον
3619 4731 3676 4765 τε

2109 4816 2447 4887 Βρεττανίαν
2499 4812 2899 4884 ,κατεσχηκότα
2956 4811 3047 4864 ἐπὶ
3117 4810 3404 4870 ἐνιαυτοὺς
3463 4811 3612 4876 τρεῖς
3665 4808 3692 4858 ὁ

2112 4909 2354 4978 ἔπαρχος
2407 4904 2620 4959 ἀνεῖλεν
2662 4900 3148 4969 Ἀσκληπιόδοτος·
3203 4901 3300 4951 καὶ
3337 4897 3500 4948 πέντε
3531 4893 3691 4946 τινῶν

2111 4997 2420 5053 Γεντιανῶν
2459 4994 2572 5069 (89)
2600 4994 2700 5066 τὴν
2736 4991 3010 5062 Ἀφρικὴν
3051 4989 3461 5057 κατασχόντων.
3499 4989 3525 5038 ὁ
3569 4986 3688 5054 Ἐρ-

2111 5095 2328 5154 κούλιος
2379 5091 2607 5152 τούτους
2647 5085 3089 5155 κατηγωνίσατο.
3137 5084 3197 5136 '0
3240 5082 3299 5136 δέ
3351 5097 3416 5149 γε
3475 5083 3687 5146 Καῖσαρ

2110 5187 2378 5248 Κώνστας
2412 5185 2470 5237 ἐν
2503 5184 2623 5244 ταῖς
2651 5179 2907 5240 Γαλλίαις
2935 5176 3071 5247 πρὸς
3111 5174 3487 5244 ’Λλαμαννοὺς
3517 5171 3685 5242 μαχό-

2117 5297 2276 5352 μενος
2333 5278 2431 5348 τῆς
2495 5274 2670 5340 αὐτῆς
2719 5271 2933 5342 ἡμέρας
2984 5271 3189 5340 ἥττητο
3257 5269 3354 5322 καὶ
3413 5265 3683 5332 νενίκηκε.

2115 5374 2392 5442 Πρότερον
2453 5371 2550 5441 μὲν
2605 5367 2716 5439 γὰρ
2774 5365 2884 5418 τῶν
2940 5361 3297 5432 Ἀλαμαννῶν
3391 5363 3460 5430 τῇ
3526 5355 3684 5412 αὐτοῦ

2116 5465 2346 5536 στρατιᾷ
2389 5464 2532 5532 μετά
2587 5459 2769 5532 ῥύμης
2824 5454 3262 5525 ἐφορμησάντων
3320 5450 3578 5521 σφοδρᾶς,
3612 5449 3686 5510 είς

1658 5585 1861 5646 Variae
1893 5584 2209 5645 lectiones
2256 5591 2318 5642 et
2364 5589 2554 5640 noun.

515 5697 627 5762 ('88)
665 5694 1048 5750 Κώνσταννα.
1085 5693 1159 5748 lta
1200 5694 1444 5748 Zonaras
1495 5691 1829 5746 Constantem
1871 5705 2009 5762 iper-

443 5784 608 5835 [πνέω
642 5777 820 5826 vocat,
847 5782 1010 5833 quem
1044 5765 1134 5817 alii
1181 5763 1563 5835 Constantium
1598 5761 2011 5835 :__que_madn_m-

441 5830 572 5893 dum
602 5837 767 5901 etiam
799 5830 1194 5894 Cdnstantiuus
1225 5834 1560 5898 l‘ornhyrog.
1616 5832 1714 5888 lib.
1739 5830 1817 5888 Dc
1865 5831 2009 5894 adm,

2119 5690 2250 5747 imp.
2281 5701 2404 5751 cap.
2444 5684 2545 5737 ult.
2579 5689 2635 5734 et
2660 5678 2861 5751 Mente?
2885 5674 3145 5751 '2l_lt_laii.~
3220 5744 3252 5751 __
3529 5738 3538 5751 ι
3585 5738 3614 5751 ,-

2194 5738 2305 5825 (89)
2342 5738 2525 5809 Ῠινῶν
2547 5743 2918 5825 [ειςτιωςῷν.
2955 5746 3091 5800 Vide
3114 5744 3450 5812 Scaligcrum
3480 5738 3541 5792 ad
3585 5738 3680 5789 liu-

2123 5815 2362 5893 sebiuin,
2397 5840 2446 5898 ν.
2494 5821 2620 5883 eis,
2660 5819 2714 5871 ll
2747 5815 2884 5870 edit.
