3930 6556
338 403 476 463 ιυιη
1485 460 1489 463 ,
1605 397 1927 460 JOANNIS

2029 396 2286 459 )NARAS
3441 397 3586 463 1088

333 533 474 573 ratae
502 530 631 572 vero
664 513 1003 570 conditionis
1040 514 1319 577 homines,
1351 513 1407 567 in
1439 512 1760 569 servitutem
1793 511 1909 582 rapi

2029 514 2157 577 Τοὺς
2199 513 2250 567 δ’
2289 512 2466 568 ἄλλων
2504 513 2632 575 τοὺς
2679 513 2859 580 ἀξίαις
2895 513 2930 585 ἦ
2980 513 3293 584 στρατείαις
3340 515 3593 568 κατειλε-

334 628 403 667 xx
429 626 576 666 anno
615 609 829 678 imperii
876 607 1207 663 Diocletiani
1254 616 1473 671 exacto,
1519 608 1681 661 ambo
1734 607 1908 673 impe-

2029 605 2244 676 (μένους
2294 605 2506 675 ἀτίμως
2564 605 2946 672 ἐξελαύνεσθαι
2989 606 3082 658 καὶ
3132 608 3234 673 τῆς
3286 606 3441 672 ἀξίας
3491 606 3595 659 καὶ

336 715 554 760 ratores
605 700 1094 759 consentientibus
1139 698 1341 754 animis
1380 699 1614 768 imperio
1653 713 1714 754 se
1759 698 1912 752 abdi-

2029 699 2109 767 τῆς
2173 698 2498 767 στρατείας,
2566 698 2695 760 τους
2756 696 2814 751 δι
2890 696 3064 767 τύχης
3132 697 3391 761 ἰδιώτιδος
3474 698 3597 766 (91)

336 804 557 859 rorant,
594 795 816 865 publice
864 793 1209 862 profitentes,
1256 808 1318 848 se
1377 791 1508 846 moli
1561 790 1909 861 negotiorum

2029 790 2172 854 ivra;
2245 788 2589 846 δουλοῦσθαι.
2652 790 2791 860 Ἤδη
2858 790 2915 843 δὲ
2985 791 3227 844 είκοστδν
3293 790 3600 853 ἀνύσαντος

339 888 751 943 succumbere:
786 890 880 942 sed
922 884 1064 953 apud
1096 898 1196 938 eos
1230 882 1434 952 quibus
1471 898 1667 936 arcana
1702 881 1791 935 sui
1820 896 1912 951 pe-

2029 880 2264 936 ινιαυτδν
2325 879 2713 948 Διοκλητιανοῢ
2772 881 2929 950 παρὰ
2980 883 3046 952 τῇ
3110 883 3274 952 ἀρχῇ,
3331 883 3395 935 ὲκ
3451 900 3602 950 συμ-

342 980 512 1035 cteris
533 979 852 1042 credebam,
884 978 934 1033 id
975 993 1042 1032 ex
1064 976 1449 1046 desperatione
1474 975 1658 1030 facere
1688 991 1746 1029 se
1776 974 1917 1031 fate-

2029 975 2192 1042 ρὼνου
2233 973 2401 1043 άμψω
2458 969 2537 1024 τὼ
2586 973 2958 1044 αὐτοκράτορι
3008 974 3107 1045 τὴν
3164 974 3437 1044 βασιλείαν
3488 976 3590 1029 ἀπ·

2016 1066 2235 1131 ἐθεντο,
2287 1066 2525 1137 δημοσίᾳ
2582 1065 2681 1136 μὶν
2746 1067 2840 1119 τὸν
2890 1066 3047 1133 δχλον
3078 1067 3188 1120 τῶν
3250 1070 3605 1138 πραγμάτων

2014 1156 2487 1221 ἀποσκευάζεσθαι
2528 1157 2780 1226 λέγοντες
2808 1173 2827 1189 ο
2864 1152 2948 1222 οἷς
2975 1158 3030 1211 δὲ
3078 1158 3147 1212 τὰ
3201 1159 3305 1228 τῆς
3356 1159 3607 1228 καρδίας

2016 1248 2382 1314 ὲξεκάλυπτον
2414 1247 2624 1317 κρύφια
2674 1249 2735 1313 ἐξ
2772 1247 3035 1312 ἀπονοίας
3085 1248 3399 1320 ὡμολόγουν
3454 1252 3607 1302 ἀπο-

2014 1340 2259 1393 τίθεσθαι
2281 1338 2381 1411 τὴν
2416 1339 2615 1410 ἀρχὴν,
2641 1340 2724 1392 ὅτι
2768 1338 2842 1409 μὴ
2890 1340 3281 1410 περιγενέσθαι
3322 1342 3602 1411 Χριστια-

2015 1433 2123 1485 νῶν
2170 1432 2539 1503 ἠδυνήθησαν,
2575 1432 2701 1503 μηδ’
2739 1433 3045 1487 ἀποσϐέσαι
3091 1434 3153 1487 τὸ
3183 1435 3603 1505 Χριστώνυμον

344 1528 436 1582 ille
493 1527 718 1581 Salonis
762 1528 817 1582 in
870 1528 1160 1591 Dalmatia,
1192 1543 1332 1597 quas
1375 1527 1609 1597 patriam
1656 1525 1915 1588 habebat,

2029 1526 2299 1595 κήρυγμα,
2333 1524 2468 1594 μηδι
2501 1524 2600 1592 τῆς
2631 1524 2915 1594 βασιλείας
2962 1525 3260 1580 ἀπολαύειν
3317 1528 3604 1597 αἱρούμε-

342 1618 436 1672 ltic
468 1618 524 1672 in
558 1618 798 1672 Lucania
827 1619 991 1674 vitam
1042 1620 1171 1690 egit.
1226 1619 1387 1674 Prius
1421 1628 1601 1673 tamen
1634 1619 1701 1672 tle
1733 1616 1918 1671 Persis

2029 1634 2120 1671 m.
2172 1617 2527 1687 Ἀποθέμενοι
2583 1617 2640 1669 δὲ
2687 1618 2786 1687 τὴν
2845 1618 3023 1687 ἀρχὴν
3069 1619 3213 1672 κατὰ
3265 1619 3367 1688 τὴν
3414 1619 3609 1688 αὐτὴν

346 1711 533 1766 Romae
605 1712 1042 1778 triumpharunt,
1116 1713 1172 1765 in
1233 1725 1345 1782 quo
1396 1710 1676 1777 triumpho
1729 1707 1920 1763 Narsis

2029 1708 2236 1777 ἡμέραν
2269 1709 2334 1761 ὲκ
2387 1707 2759 1778 συνθήματος,
2788 1711 2817 1762 ὁ
2851 1710 2949 1779 μὲν
2984 1713 3042 1763 ὲν
3078 1711 3415 1781 Νικομηδεέα
3456 1711 3607 1779 (92),

345 1815 572 1861 uxores;
621 1801 828 1855 liberos
874 1811 931 1855 et
986 1815 1229 1863 sorores,
1278 1801 1624 1868 aliarumque
1667 1797 1917 1868 gentium

2029 1801 2135 1853 δδὲ
2172 1801 2517 1867 Μαξιμιανδς
2555 1803 2611 1853 ὲν
2643 1800 2983 1871 Μεδιολάνῳ,
3025 1804 3122 1855 καὶ
3162 1802 3610 1865 ἰδιωτεύσαντες·

345 1890 519 1947 duces
545 1891 843 1955 duxerunt,
870 1907 1171 1962 omnesque
1214 1892 1436 1947 divitias
1484 1907 1550 1947 ex
1602 1892 1788 1946 Persia
1822 1905 1920 1958 ap-

2029 1866 2407 1961 Διοκλητιανδς
2462 1893 2559 1960 μὲν
2605 1894 2666 1945 ὲν
2701 1866 3114 1946 Σάλωνιγπόλει
3153 1895 3255 1961 τῆς
3285 1895 3613 1965 Δαλματίας

348 1991 616 2051 portatas.
647 1983 798 2037 Haud
833 1999 969 2038 vero
999 1984 1101 2039 abs
1142 2000 1202 2039 re
1233 1983 1401 2038 fuerit
1438 1983 1725 2049 explicari,
1768 1982 1917 2036 unde

2029 1984 2230 2051 διῆγεν,
2263 1984 2387 2052 ἥτις
2443 1978 2511 2052 ἦν
2543 1982 2710 2035 αὐτοῦ
2747 1983 2839 2034 καὶ
2886 1982 3106 2053 πατρὶς,
3135 1984 3165 2035 ὁ
3190 1983 3238 2035 δ’
3278 1985 3613 2054 Ἐρκούλιος

343 1072 566 1126 bantur.
600 1072 737 1138 Quia
775 1072 923 1125 enim
974 1085 1079 1125 nec
1121 1067 1468 1124 Christianos
1503 1081 1766 1137 superare
1814 1080 1916 1121 nec

341 1165 675 1232 praeconium
694 1163 998 1220 Christiani
1025 1163 1267 1218 nominis
1292 1162 1646 1230 exstinguere
1667 1166 1912 1229 possent,

340 1269 401 1308 se
442 1270 549 1310 nec
612 1253 850 1324 imperio
921 1254 1064 1308 velle
1132 1253 1264 1308 frui.
1315 1251 1454 1308 Cum
1513 1260 1698 1305 autem
1750 1248 1916 1303 ambo

338 1341 535 1398 eodem
577 1344 669 1398 die
696 1344 931 1413 imperio
961 1360 1020 1398 se
1058 1359 1126 1398 ex
1183 1342 1492 1412 composito
1541 1341 1913 1403 abdicassent,

340 1436 713 1491 Diocletianus
774 1436 1131 1501 Nicomediae,
1174 1437 1540 1490 Maximianus
1579 1433 1912 1490 Mediolani:

349 2074 613 2143 triumphi
666 2089 865 2129 nomen
917 2086 1198 2144 sumptum
1239 2076 1330 2135 sit,
1383 2090 1448 2130 ac
1510 2075 1563 2127 id
1621 2072 1843 2142 quidem
1891 2088 1922 2126 a

358 2167 567 2230 'l'briis,
628 2182 751 2237 qua:
811 2169 1011 2222 ficulna
1064 2169 1197 2223 folia
1244 2178 1395 2232 sunt,
1449 2167 1655 2221 factum
1707 2172 1921 2235 putant.

353 2258 681 2328 Priusquam
736 2263 884 2314 enim
929 2274 1196 2329 personas
1239 2259 1444 2314 scenici
1494 2260 1923 2330 excogitassent.

352 2349 570 2405 ﬁculnis
600 2351 748 2406 foliis
788 2353 961 2407 facies
1010 2352 1194 2415 vela’ti,
1232 2351 1463 2407 dicteria
1491 2350 1748 2406 versibus
1789 2351 1926 2403 iant-

350 2441 491 2498 bieis
517 2444 893 2513 proferebant.
926 2445 1186 2499 Eatndem
1228 2453 1286 2499 et
1333 2443 1540 2499 milites
1582 2442 1635 2496 in
1675 2442 1925 2497 victoria:

352 2532 654 2591 festivitate
677 2536 954 2591 licentiam
978 2537 1174 2592 eodem
1195 2546 1391 2591 ornatu
1422 2537 1477 2590 in
1506 2537 1741 2591 victores
1769 2551 1929 2591 usur-

352 2627 578 2697 pabant,
597 2639 764 2698 atque
783 2629 912 2684 hinc
930 2628 1212 2698 triumpho
1244 2644 1444 2683 nomen
1466 2645 1587 2684 esse
1606 2629 1805 2682 factum
1825 2644 1928 2681 an-

354 2727 585 2771 tumant.
616 2719 719 2773 Alii
753 2735 884 2773 vero
914 2736 981 2774 ex
1009 2735 1097 2783 eo,
1122 2720 1266 2789 quod
1289 2720 1471 2775 tribus
1486 2731 1700 2775 constet
1720 2719 1930 2775 ordini.

355 2808 480 2875 bus,
507 2811 900 2882 senatn,843
922 2814 1143 2881 pOpulo,
1161 2812 1521 2876 ettnilitibus,
1546 2828 1652 2867 una
1672 2812 1930 2868 inceden-

356 2897 528 2963 tibus,
562 2899 872 2955 litterarum
905 2902 960 2957 in
982 2901 1173 2957 Grazco
1195 2904 1464 2958 vocabulo
1494 2904 1759 2975 θρίαμϐος
1792 2920 1931 2959 non-

355 2990 508 3045 nulla
555 2994 857 3048 mutatione
898 2993 1062 3049 facta.
1103 2995 1180 3049 Ea
1222 2996 1403 3064 agitur
1434 2996 1680 3051 victoria:
1717 2996 1931 3052 festivi-

359 3089 471 3137 tate
500 3095 721 3152 peracta
752 3086 1159 3155 imperatoriam
1209 3097 1534 3158 potestatem
1586 3089 1641 3144 in
1689 3089 1932 3147 Caesares

2023 2076 2081 2127 ὲν
2104 2075 2402 2143 Λουκανία.
2432 2074 2541 2143 Ιῐρὺ
2563 2073 2619 2125 δὲ
2653 2073 2757 2143 τῆς
2789 2073 3106 2137 ἀποθέσεως
3133 2075 3236 2145 τῆς
3290 2077 3467 2147 ἀρχῆς
3506 2079 3612 2130 τὸν

2024 2168 2114 2218 ἐπὶ
2157 2168 2222 2236 τῇ
2253 2164 2379 2235 νίκῃ
2429 2165 2539 2217 τῶν
2596 2166 2823 2237 Περσῶν
2873 2167 3271 2231 ἐπανελθόντες
3300 2170 3359 2220 ἐν
3400 2168 3605 2243 Ῥώμῃ

2025 2259 2343 2325 κατήγαγον
2375 2256 2669 2326 θρίαμϐον,
2711 2258 2768 2308 ἐν
2798 2250 2842 2324 ᾧ
2872 2259 2968 2320 τάς
2996 2275 3055 2310 τε
3090 2257 3185 2311 τοῦ
3228 2259 3453 2330 Ναρσοῦ
3496 2277 3612 2329 γα-

2029 2348 2197 2419 μετάς
2221 2351 2316 2401 καὶ
2342 2349 2413 2402 τά
2450 2349 2617 2402 τέκνα
2661 2350 2756 2402 καὶ
2785 2348 2885 2411 τὰς
2929 2350 3236 2419 ὁμαίμονας
3269 2350 3614 2423 ἐθριάμϐευ-

2026 2460 2147 2507 σαν,
2194 2443 2289 2495 καὶ
2332 2442 2613 2513 ἀρχηγοὺς
2644 2443 2847 2511 ἐτέρων
2889 2443 3080 2506 ἐθνῶν,
3130 2443 3345 2496 καὶτὸν
3371 2444 3613 2498 πλοῦτον

2025 2533 2165 2587 ὅσων
2194 2534 2261 2586 ἐκ
2301 2534 2524 2602 Περσῶν
2554 2534 2857 2604 ὲληῖσαντο.
2898 2535 3037 2586 Ἀλλ’
3071 2535 3305 2588 ἐνταῦθα
3352 2536 3612 2607 δηλωθῆ-

2027 2642 2117 2677 ναι
2164 2625 2350 2688 καλὸν,
2387 2625 2513 2678 ὅθεν
2565 2626 2757 2681 καὶτὸ
2813 2626 2909 2680 τοῦ
2962 2626 3232 2698 θριάμϐου
3285 2628 3613 2699 ὲξείληπται

2028 2713 2218 2783 ὄνομα.
2247 2715 2415 2768 Φασὶν
2440 2711 2537 2767 οὖν
2558 2714 2830 2785 κληθῆναι
2861 2714 3055 2768 τοῦτον
3096 2717 3160 2768 ἐκ
3202 2716 3312 2769 τῶν
3345 2717 3538 2787 θρίων,
3577 2719 3614 2772 ἆ.

2029 2807 2146 2859 ἐστι
2182 2806 2251 2859 τά
2283 2806 2382 2874 τῆς
2436 2807 2607 2875 συκῆς
2651 2807 2845 2875 φύλλα.
2890 2807 3004 2878 Πρδ
3052 2808 3163 2879 γάρ
3194 2809 3289 2862 τοῦ
3328 2810 3397 2862 τά
3433 2827 3616 2880 προσ-

2029 2901 2207 2952 ωπεῖα
2235 2899 2587 2970 ἐπινοηθῆναι
2615 2903 2726 2963 τοῖς
2758 2904 3058 2970 σκηνικοῖς,
3083 2904 3253 2971 συκῆς
3280 2902 3504 2971 φύλλοις
3532 2905 3607 2957 τὰ

2030 2989 2240 3044 ἑαυτῶν
2263 2990 2631 3055 καλύπτοντες
2655 2994 2946 3061 πρόσωπα,
2966 2994 3036 3047 δι’
3066 2994 3281 3062 ἰάμϐων
3313 2993 3610 3049 ἐποιοῦντο

2034 3082 2105 3137 τά
2139 3081 2482 3154 σκώμματα·
2517 3085 2610 3137 καὶ
2643 3086 2693 3138 oi
2725 3085 3056 3155 στρατιῶται
3085 3087 3142 3140 δὲ
3180 3088 3239 3139 ὲν
3270 3090 3395 3150 ταῖς
3427 3091 3614 3142 ἐπινι-

358 3177 777 3241 transtulerunt,
805 3188 861 3232 et
890 3179 1077 3248 partiti
1102 3181 1418 3250 imperium,
1445 3181 1774 3238 Orientalem
1803 3199 1928 3253 par-

2034 3176 2172 3237 κίοις
2204 3178 2453 3246 πομπαῖς
2483 3175 2658 3246 φύλλα
2691 3178 2865 3248 συκῆς
2899 3181 3019 3241 ταῖς
3055 3180 3268 3233 ἑαυτῶν
3301 3181 3613 3249 ἐπάγοντες

359 3276 470 3322 tetu
496 3284 605 3323 una
643 3284 771 3324 cum
821 3272 1036 3340 Illyrico
1068 3273 1310 3329 Gallerio
1352 3274 1646 3329 Maximino
1680 3276 1930 3347 assigna-

358 3371 493 3415 runt
522 3377 537 3414 :
566 3359 895 3418 Constantio
922 3364 1126 3423 Cbloro
1176 3366 1488 3435 provincias
1534 3368 1926 3434 occidentales,

358 3465 467 3507 una
493 3466 616 3505 cum
642 3450 822 3508 Africa
850 3456 1245 3511 attribuerunt.
1282 3458 1376 3511 His
1398 3459 1472 3512 ita
1496 3459 1689 3527 gestis,
1726 3460 1931 3514 milites

357 3540 677 3605 prattoriani
723 3541 897 3596 tilium
931 3542 1173 3599 Herculii
1228 3546 1539 3600 Maximiani
1592 3548 1928 3603 Maxentium

358 3629 546 3685 Romae
594 3631 988 3701 imperatorem
1044 3636 1417 3693 declararunt.
1483 3639 1560 3695 Ex
1609 3639 1697 3695 bis
1753 3641 1932 3696 tribus

360 3721 547 3791 igitur,
569 3723 925 3793 Constantius
949 3728 1002 3781 in
1028 3727 1346 3794 Britanniis,
1381 3729 1579 3786 Cottiis
1610 3732 1841 3801 Alpibus
1878 3741 1934 3788 et

358 3812 549 3869 Galliis
590 3814 897 3881 dominans,
933 3819 1134 3876 Christi
1177 3823 1427 3878 cultores
1463 3824 1766 3880 admodum
1817 3827 1935 3880 cle-

359 3914 576 3967 menter
599 3910 876 3972 tractavit.
899 3920 1065 3982 atque
1089 3912 1228 3969 adeo
1255 3916 1511 3970 subditos
1537 3932 1670 3971 suos
1693 3933 1889 3973 omnes
1914 3935 1930 3973 :

359 4005 419 4055 et
444 4000 694 4066 pecuniie
721 4013 1068 4073 contemptor
1097 4006 1218 4060 fuit.
1245 4007 1350 4062 Sed
1378 4008 1707 4065 Maximinus
1729 4010 1933 4065 Orien-

365 4088 435 4155 tis
454 4087 774 4158 imperator,
796 4100 912 4146 tum
933 4094 1279 4152 Christianos
1305 4101 1574 4154 acerrime
1610 4109 1937 4169 persecutus

362 4183 470 4240 est,
515 4185 629 4230 tum
670 4181 885 4236 caeteris
938 4183 1177 4238 subditis
1217 4187 1572 4254 gravissimus
1616 4187 1738 4243 fuit.
1797 4189 1933 4243 Nam

365 4282 492 4322 cum
537 4269 771 4326 libidine
810 4273 1050 4338 arderet,
1092 4291 1157 4330 ac
1205 4292 1458 4332 summus
1500 4279 1717 4334 adulter
1748 4291 1933 4335 esset:

364 4372 477 4411 non
505 4360 729 4427 privata:
751 4362 1089 4417 conditionis
1121 4366 1298 4419 solum
1332 4369 1597 4423 mulieres
1637 4371 1702 4423 ad
1743 4380 1933 4441 stupra

365 4449 634 4516 rapiebat,
669 4453 765 4507 sed
790 4453 958 4507 etiam
1003 4454 1300 4511 illustrium
1345 4461 1587 4515 virorum
1615 4463 1875 4532 conjuges
1903 4477 1933 4517 a

2028 3267 2238 3339 ὄψεσιν,
2265 3271 2344 3333 είς
2369 3269 2495 3331 τοὺς
2525 3269 2622 3332 τὰς
2649 3271 2874 3340 πομπὰς
2895 3271 3184 3334 ποιοῦντας
3214 3273 3610 3326 ἀπέσκωπτον·

2031 3360 2329 3415 κάντεῦθεν
2375 3363 2745 3432 ὀνομασθῆναι
2805 3365 3085 3434 νομίζεται
3146 3364 3453 3435 θριάμϐους
3502 3366 3610 3430 τάς

2030 3450 2335 3514 επινικίους
2382 3451 2631 3520 πομπάς.
2665 3451 2883 3523 Ἕτεροι
2921 3454 2979 3507 δι
3016 3471 3181 3523 φασιν
3232 3456 3610 3526 ὀνομασθῆναι

2029 3540 2123 3593 τὸν
2171 3539 2464 3611 θρίαμϐον,
2499 3544 2583 3595 ὅτι
2622 3544 2685 3595 ἐκ
2729 3544 2902 3611 τριῶν
2949 3545 3000 3597 oi
3050 3544 3149 3616 τὴν
3190 3546 3421 3618 πομπὴν
3462 3548 3605 3618 πλη.

2034 3630 2254 3701 ροῦντες
2281 3632 2604 3685 συνίσταντο
2632 3632 2861 3699 τάξεων,
2885 3632 2980 3686 τοῦ
3008 3634 3071 3704 δή
3082 3651 3203 3704 μου,
3226 3634 3327 3705 τῆς
3358 3637 3609 3705 συγκλὴ-

2028 3739 2148 3787 του,
2187 3725 2282 3777 καὶ
2314 3724 2424 3777 τῶν
2455 3725 2828 3792 στρατιωτῶν,
2855 3726 2952 3778 καὶ
2980 3727 3045 3779 ὲκ
3083 3726 3178 3779 τοῦ
3212 3726 3421 3795 βαίνειν
3465 3730 3607 3798 ὁμοῦ

2031 3814 2132 3876 τάς
2188 3812 2372 3877 τάξεις
2434 3815 2534 3877 τὰς
2590 3816 2763 3884 τρεῖς,
2820 3814 3091 3884 τρίαμϐόν
3141 3832 3263 3870 τινα
3317 3818 3610 3889 κληθῆναι,

2032 3904 2154 3957 ἀντὶ
2199 3904 2256 3956 δὲ
2299 3903 2393 3959 τοῦ
2425 3922 2479 3969 τ,
2512 3906 2575 3959 τὸ
2616 3906 2646 3958 θ
2680 3908 3110 3979 παραληφθῆναι
3158 3909 3245 3962 διὰ
3278 3909 3340 3963 τὸ
3367 3912 3613 3980 εὐφωνό-

2032 4013 2212 4066 τερον.
2238 3998 2391 4051 Μετὰ
2436 3998 2493 4049 δὲ
2523 3998 2623 4067 τὴν
2647 3999 2915 4053 ἐπινίκιον
2943 4000 3152 4071 ταύτην
3200 4004 3431 4075 πομπὴν
3457 4006 3609 4058 ἐκεῖ·

2036 4106 2117 4143 νοι
2152 4089 2254 4158 μὶν
2283 4090 2381 4157 τῆς
2425 4088 2674 4153 ἐξουσίας
2704 4091 3047 4163 ἀπέστησαν,
3074 4094 3203 4157 τοὺς
3237 4095 3525 4165 Καίσαρας
3562 4097 3610 4150 δ⁹

2034 4181 2317 4247 ἀνέδειξαν
2383 4186 2823 4258 αὐτοκράτορας,
2871 4187 3195 4258 μερίσαντες
3262 4188 3445 4252 αὐτοῖς
3506 4192 3615 4260 τὴν

2035 4274 2229 4344 ἀρχὴν,
2269 4277 2364 4328 καὶ
2414 4277 2515 4348 τὴν
2574 4276 2674 4344 μὲν
2718 4275 2894 4346 Ἐᾠαν
2952 4280 3146 4349 μοῖραν
3198 4277 3278 4348 τῷ
3330 4278 3608 4351 Γαλλερίῳ

2036 4365 2566 4436 προσκληρώσαντες
2595 4369 2891 4439 Μαξιμίνῳ
2928 4370 3025 4423 σὺν
3062 4369 3142 4440 τῷ
3183 4370 3494 4442 Ἰλλυρικῷ.
3529 4372 3609 4442 τῷ

2036 4456 2250 4527 Χλωρῷ
2306 4456 2361 4509 δὲ
2392 4458 2711 4512 Κῶνσταντι
2746 4460 3174 4530 προσνείμαντες
3217 4462 3287 4515 τά
3341 4463 3608 4533 Ἐσπέρια

364 4541 579 4595 maritis
601 4558 698 4612 per
723 4543 829 4598 vim
845 4548 1080 4613 avulsas,
1097 4550 1313 4619 expleta
1338 4550 1571 4605 libidine
1592 4567 1693 4606 sua
1713 4552 1928 4607 domum

2044 4550 2143 4601 σὺν
2193 4551 2261 4618 τῇ
2324 4548 2589 4622 Ἀφρικῇ.
2625 4551 2846 4605 Τούτων
2897 4553 2956 4607 δὲ
2998 4552 3141 4608 οὕτω
3189 4555 3514 4623 γεγονότων,
3559 4556 3610 4608 oi

366 4633 717 4689 remittebat:
752 4637 1191 4695 divinationibus
1233 4642 1373 4699 adeo
1413 4642 1660 4706 deditus,
1708 4654 1767 4699 ut
1816 4645 1934 4700 nul-

364 4722 473 4776 lam
511 4740 627 4779 rem
649 4726 931 4783 minimam
953 4730 1018 4785 iis
1049 4732 1374 4810 inconsultis
1401 4735 1733 4804 susciperet.
1763 4744 1819 4790 et
1844 4752 1934 4790 ar-

364 4829 627 4871 canorum
669 4820 887 4875 illorum
937 4827 1308 4890 patratoribus
1364 4827 1632 4882 honorem
1679 4828 1932 4883 haberet.

363 4904 465 4960 Hic
492 4908 615 4977 pios
654 4909 904 4967 homines
944 4914 1012 4968 ad
1055 4914 1487 4972 internecionem
1525 4919 1933 4986 condemnavit,

364 5013 669 5070 eorumque
690 5000 980 5060 facultates
1004 5008 1325 5076 publicavit,
1362 5010 1517 5064 nullo
1556 5010 1667 5064 alio
1702 5011 1938 5068 crimine

366 5091 674 5149 insontibus
698 5096 935 5167 objecto,
970 5111 1334 5171 praeterquam
1381 5102 1475 5156 Dei
1515 5101 1833 5171 cognitione
1877 5113 1936 5159 et

366 5180 474 5239 ﬁde
501 5187 556 5241 in
586 5187 889 5245 Christum.

2045 4641 2399 4712 στρατιῶται,
2427 4642 2476 4696 οἳ
2526 4646 2926 4713 πραιτωριανοὶ
2978 4646 3292 4711 ἐκαλοῦντο,
3340 4647 3434 4700 τὸν
3492 4647 3607 4701 υίδν

2040 4734 2135 4787 τοῦ
2175 4735 2491 4804 Ἐρκουλίου
2523 4737 2871 4808 Μαειμιανοῡ
2899 4739 2992 4793 τὸν
3029 4741 3339 4807 Μαξέντιον
3380 4742 3605 4811 βασιλέα

2036 4825 2096 4879 ἐν
2143 4829 2210 4897 τῇ
2256 4826 2445 4899 Ῥώμῃ
2482 4829 2727 4883 ἀνεῖπον.
2771 4831 2865 4883 Ἐκ
2908 4832 3090 4886 τοίνυν
3135 4833 3243 4889 τῶν
3284 4834 3452 4903 τριῶν
3483 4834 3610 4889 τού·

2031 4934 2143 4971 των
2181 4921 2211 4972 ὁ
2237 4919 2339 4988 μὲν
2371 4920 2637 4985 Κώνστας
2684 4923 2741 4975 ὲν
2783 4924 3133 4991 Βρεττανίαις
3168 4926 3264 4979 καὶ
3296 4930 3420 4988 ταῖς
3474 4929 3612 4981 Κοτ-

2033 5011 2175 5076 τίαις
2214 5015 2443 5066 Ἄλπεσι
2468 5015 2564 5069 καὶ
2602 5019 2723 5079 ταῖς
2770 5017 3028 5080 Γαλλίαις
3083 5020 3322 5089 κρατῶν,
3355 5023 3473 5084 τοῖς
3517 5022 3607 5075 τὸν

2036 5105 2277 5175 Χριστὸν
2326 5106 2646 5177 σεϐομένοις
2696 5110 2838 5179 μάλα
2890 5111 3147 5176 ἐπιεικῶς
3207 5114 3606 5184 προσεφέρετο,

2036 5198 2174 5251 ἀλλά
2203 5198 2389 5269 μέντοι
2419 5201 2517 5253 καὶ
2545 5203 2680 5255 πᾶσι
2703 5205 2815 5267 τοῖς
2847 5203 2942 5256 ὑπ’
2970 5205 3156 5270 αὑτὸν,
3176 5204 3271 5257 καὶ
3294 5204 3608 5279 ὑπερόπτης

1540 5376 1737 5438 Varia:
1767 5375 2077 5439 lectiones
2108 5385 2169 5437 et
2203 5386 2388 5440 notas.

441 5541 553 5610 (9i)
589 5543 733 5608 Τοὺς
766 5541 834 5594 δὲ
895 5544 1080 5610 τύχης
1130 5544 1438 5607 Ζδιώτιδος.
1494 5546 1788 5610 Eusebius,
1827 5548 1926 5602 lib.

367 5626 486 5689 vin,
516 5628 635 5681 cap.
657 5614 692 5665 2
724 5629 738 5665 :
765 5612 903 5675 Τοὺς
922 5612 977 5665 δὲ
1000 5616 1059 5665 ὲν
1095 5614 1356 5677 οἰκετίαις
1376 5615 1691 5688 ἐλευθερίας
1718 5621 1929 5689 στερεϊο

372 5682 554 5815 ὠῧῗὲ)
595 5752 698 5805 Ἐν
729 5751 1109 5821 Νικομηδείᾳ.
1145 5755 1245 5811 Ubi
1278 5756 1474 5821 palatia
1507 5765 1935 5811 construxerant

372 5820 736 5886 imperatores
753 5833 877 5878 autc
900 5820 1320 5891 Diocletianum,
1343 5838 1401 5881 ut
1420 5827 1624 5882 indicat
1649 5828 1929 5891 Socrates,

2041 5547 2136 5601 lib.
2166 5547 2355 5617 illisi,
2386 5548 2515 5612 ραι,
2548 5564 2649 5617 cap
2717 5548 2770 5601 6.
2830 5547 2967 5603 Vide
3011 5557 3255 5601 nostram
3302 5548 3612 5601 Constanti-

2035 5616 2270 5686 nopolim
2303 5619 2401 5671 lib.
2426 5634 2499 5677 tv,
2536 5616 2672 5672 sect.
2713 5618 2797 5681 l5,
2826 5633 2882 5673 η.
2910 5616 2962 5670 Α.
3000 5618 3158 5671 Aliud
3189 5616 3449 5685 palatium
3474 5633 3608 5685 pra:-

2038 5697 2185 5741 terea
2221 5688 2551 5743 Nicomedia:
2581 5687 2874 5744 aediﬁcavit
2924 5686 3322 5744 Constantinus
3373 5687 3602 5743 ll-eraclii

2038 5757 2201 5812 lilius.
2238 5758 2463 5828 Niceplt.
2489 5758 2595 5825 ΟΡ,
