3828 6542
257 379 383 443 1039
1485 380 1893 443 ANNALIUM
1928 384 2076 446 LIB.
2115 384 2257 449 XII.
3351 392 3490 456 1090

251 492 548 564 χρημάτων
576 492 862 563 ἐτύγχανεο
894 493 1200 566 Μαξιμῖνός
1223 493 1280 546 δέ
1308 494 1409 565 τῆς
1450 492 1619 564 Ἐᾠας
1653 494 1856 565 ἄρχων,
1897 496 1995 549 καὶ
2036 500 2176 552 κατὰ
2196 500 2537 570 Χριστιανῶν
2556 499 2799 571 διωγμὸν
2820 502 3112 571 κεκίνηκεν
3150 506 3493 578 ἐπαχθέστα-

248 606 353 652 τον,
388 587 626 647 καὶτοῖς
654 584 833 648 ἄλλοις
877 587 987 640 τῶν
1029 588 1289 658 ὑπηκόων
1347 587 1629 658 βαρύτατα
1698 590 2096 661 προσεφέρετο.
2165 592 2738 664 Γυναικομανέστατος
2766 597 2878 666 γὰρ
2944 598 3042 651 καὶ
3095 599 3492 670 μοιχικώτατος

245 684 337 743 ῶν,
368 681 469 732 οὑκ
502 678 772 742 ίδιώτιδας
830 683 991 751 μόνον
1041 685 1307 750 γυναῖκας
1355 682 1599 746 ἀκούσας
1679 681 1978 752 ἐλάμϐανε,
2041 688 2137 742 καὶ
2197 688 2405 748 ταύτας
2485 689 2800 760 ἐμοίχευεν,
2849 691 2987 745 ἀλλὰ
3040 695 3137 745 καὶ
3209 694 3308 755 τὰς
3383 693 3493 747 τῶν

247 775 563 842 περιφανῶν
589 775 801 845 ἀνδρῶν
835 778 1108 846 γαμετὰς,
1147 778 1240 849 βίᾳ
1267 777 1377 832 τῶν
1447 776 1659 848 ἀνδρῶν
1699 777 1987 842 ἀποσπῶν,
2046 780 2144 833 καὶ
2200 781 2506 852 ἐνυόρίζων
2573 784 2771 847 αὑταῖς
2804 782 2979 846 οὑτως
3010 784 3147 853 πρὸς
3172 786 3299 848 τοὺς
3331 785 3492 838 ἰδίους

243 870 446 932 ταύτας
503 870 794 934 συνεύνους
860 872 1172 942 ἀνέπεμπε.
1249 874 1549 936 Μαντείαις
1605 873 1651 926 δ’
1709 868 1780 944 ἦν
1819 874 2179 943 προεσχηκὼς
2233 876 2514 938 τοσοῦτον,
2581 877 2657 940 ὡς
2714 876 2850 947 μηδέ
2900 876 3253 946 τούλάχιστον
3321 881 3495 930 ποιεῖν

244 960 371 1015 ἄνευ
407 963 704 1029 μαντειῶν,
740 962 836 1015 καὶ
872 964 959 1015 διὰ
983 963 1149 1033 τιμῆς
1179 965 1332 1035 αὐτῷ
1366 968 1414 1018 οἱ
1448 965 1735 1030 ποιοῦντες
1797 967 1866 1020 τὰ
1905 966 2192 1035 ἀπόρρητα
2223 967 2438 1036 ῆγοντο.
2505 961 2674 1032 Οὗτος
2696 969 2809 1022 τῶν
2852 969 3091 1022 εὐσεϐῶν
3138 967 3495 1039 πανολεθρίσν

244 1050 678 1119 κατεψηφίσατο,
710 1053 804 1104 καὶ
840 1051 942 1114 τὰς
970 1054 1237 1123 ὑπάρξεις
1267 1056 1449 1109 αὑτῶν
1474 1055 1810 1126 δημεύεσθαι
1851 1056 2192 1125 ἀπεφήνατο,
2256 1056 2410 1110 οὐδὲν
2454 1057 2643 1128 ἕτερον
2684 1062 2797 1125 τοῖς
2869 1061 3134 1123 ἀναιτίοις
3163 1060 3494 1128 προσάπτων

243 1145 479 1212 αἰτίαμα
529 1145 562 1217 ἦ
596 1143 693 1214 τὴν
723 1144 1057 1213 θεογνωσίαν
1117 1149 1213 1202 καὶ⁹
1241 1149 1340 1220 τὴν
1363 1152 1547 1203 πίστιν
1585 1149 1686 1220 τὴν
1736 1148 1817 1211 είς
1856 1147 2114 1216 Χριστόν.

310 1234 439 1289 ΛΓ.
474 1238 776 1301 Μαξὲντιος
808 1238 853 1291 δ’
880 1242 937 1291 ἐν
972 1239 1158 1312 Ῥώμῃ
1191 1241 1341 1294 οὐδέν
1368 1259 1419 1295 τι
1452 1242 1817 1315 μετριώτερος

1990 1236 2229 1292 XXXIII.
2262 1239 2566 1295 Maxentius
2590 1255 2722 1296 vero
2757 1240 2940 1298 Roma:
2968 1244 3144 1299 nihilo
3175 1245 3494 1300 clementior

240 1326 510 1397 τύραννος
557 1331 666 1390 τοῖς
700 1330 966 1397 ὑπηκόοις
1013 1331 1309 1401 ἐτύγχανεν
1337 1332 1435 1395 ῶν,
1483 1333 1598 1386 ἀλλ’
1627 1335 1823 1403 ἐπίσης

1930 1338 2194 1399 tyrannus
2235 1331 2370 1397 fuit,
2410 1332 2506 1387 sed
2536 1348 2692 1401 mque
2731 1343 2789 1386 ut
2823 1334 3167 1402 Maximinus,
3206 1335 3495 1405 imperium

239 1417 317 1489 τῷ
348 1417 648 1487 Μαξιμίνῳ
679 1418 856 1473 διεῖπε
892 1420 962 1473 τά
993 1422 1090 1493 τῆς
1121 1424 1313 1493 ἀρχῆς,
1343 1423 1550 1476 λυττῶν
1570 1425 1824 1487 κάκεῖνος

1930 1419 2348 1485 administravit,
2389 1424 2441 1476 in
2469 1425 2749 1493 proximos
2773 1440 3022 1494 quosque
3043 1427 3390 1481 Christianos
3411 1427 3493 1480 inc

238 1511 390 1561 uti
422 1511 531 1561 τῶν
573 1508 679 1562 ὑπὸ
737 1514 894 1580 χεῖρα
942 1512 1304 1581 Χριστιανῶν,
1355 1514 1451 1567 καὶ
1489 1513 1691 1577 πάσαις
1719 1515 1822 1566 αὑ·-

237 1599 366 1662 sub;
412 1600 643 1667 ὑπάγων
694 1601 995 1666 κακώσεσι,
1034 1602 1130 1656 καὶ
1164 1603 1300 1673 πρὸς
1353 1604 1561 1666 πάντας
1602 1603 1659 1656 δέ
1697 1606 1824 1667 τοὺς

236 1690 327 1742 ὑπ’
382 1691 550 1744 αὑτὸν
604 1691 910 1762 πικρότατα
952 1693 1312 1764 διακείμενος.
1354 1696 1573 1765 Σφαγάς
1615 1711 1675 1748 τε
1714 1696 1822 1767 γὰρ

239 1782 459 1834 πολλῶν
509 1783 829 1852 περιφανῶν
875 1784 1084 1853 ἀνδρῶν
1110 1784 1172 1851 ἐξ
1217 1786 1473 1857 οὐδεμιᾶς
1501 1786 1715 1843 ἐνδίκου
1742 1787 1824 1839 δί-

236 1891 341 1944 κης
368 1876 604 1942 ἐτίθετο,
642 1878 734 1929 καὶ
775 1878 1022 1947 μοιχείας
1049 1880 1322 1949 ὁσημέραι
1352 1880 1589 1947 εὐγενῶν
1620 1880 1824 1950 ἐτόλμα

238 1969 489 2033 γυναίων
538 1970 634 2021 καὶ
669 1970 955 2038 παρθένων
1004 1971 1233 2041 φθορὰς,
1284 1972 1585 2040 ἐνυϐρίζων
1631 1973 1823 2036 αὑταῖς

238 2059 632 2125 ἀναιδέστατα,
663 2066 756 2113 καὶ
784 2063 980 2114 οὐσιῶν
1015 2065 1336 2134 ἀφαιρέσεις
1363 2065 1580 2129 ἀδίκους
1600 2068 1710 2126 τοῖς
1733 2065 1826 2118 εὑ-

240 2149 513 2219 ποροῦσιν
558 2152 751 2222 ἐπῆγε,
799 2157 897 2208 καὶ
940 2160 1154 2219 καιναῖς
1200 2157 1523 2229 είσπράξεσι
1580 2159 1673 2211 καὶ
1727 2156 1824 2228 βα-

241 2242 422 2313 ρείαις
482 2243 667 2307 ἐπίεζε
707 2246 969 2317 ὑπήκοον.
1020 2248 1188 2312 Οὗτος
1245 2251 1304 2302 ἐν
1361 2248 1549 2321 Ῥώμῃ
1606 2251 1824 2318 εὐγενε-

194 2324 198 2328 ’
241 2335 453 2406 στάτης
496 2338 639 2401 τινος
680 2340 964 2407 γυναικὸς,
1009 2339 1146 2392 ἀλλὰ
1178 2339 1361 2410 μέντοι
1400 2342 1495 2394 καὶ
1546 2339 1824 2412 σώφρονος

238 2426 705 2498 ἀνδρὶνσυζώσης
749 2429 858 2482 τῶν
906 2432 962 2483 ἐν
1016 2429 1200 2503 Ῥώμῃ
1248 2433 1531 2502 ἐπιφανῶν
1571 2432 1825 2503 ἐρασθεὶς

237 2518 552 2572 ἀκόλαστον
580 2522 779 2591 ἔρωτα,
801 2522 1008 2577 ἔστειλε
1042 2525 1170 2586 τοὺς
1191 2524 1260 2577 τὰ
1290 2524 1517 2579 τοιαῦτα
1544 2524 1821 2578 διακονου-

1924 1510 2190 1565 saniendo
2216 1551 2230 1575 ,
2289 1523 2344 1567 et
2373 1514 2631 1568 omnibus
2660 1517 2928 1569 aerumnis
2960 1518 3308 1586 exagitanda,
3347 1534 3485 1572 sum-

1924 1615 2121 1671 maque
2151 1602 2380 1672 perlidia
2416 1605 2470 1657 in
2495 1619 2686 1659 omnes
2713 1621 2842 1660 suos
2881 1606 3131 1661 subditos
3173 1608 3495 1679 grassando.

1922 1694 2058 1749 Nam
2085 1706 2140 1749 et
2169 1696 2369 1750 multos
2408 1698 2586 1751 claros
2626 1697 2776 1751 viros
2800 1698 2953 1751 nullo
2978 1698 3125 1767 justo
3149 1697 3360 1767 judicio
3400 1714 3494 1751 οι-

1923 1787 2163 1849 cidebat,
2191 1796 2244 1842 et
2278 1787 2492 1842 nobiles
2518 1796 2798 1842 matronas
2821 1803 2885 1841 ac
2916 1788 3156 1858 virgines
3184 1786 3238 1840 in
3259 1788 3378 1842 dies
3401 1803 3495 1857 per

1925 1893 2196 1933 summam
2222 1879 3040 1945 contunwliameonstuprabat,
3062 1889 3117 1931 et
3132 1878 3498 1948 locupletibus

1926 1969 2067 2024 bona
2108 1985 2205 2039 per
2265 1970 2519 2040 injuriam
2577 1970 2870 2040 eripiebat,
2918 1980 2974 2025 et
3042 1971 3293 2024 subditos
3318 1972 3498 2038 novis,

1926 2060 2102 2130 iisque
2159 2063 2422 2132 gravibus
2469 2062 2860 2117 exacrionibus
2901 2064 3196 2117 atterebat.
3260 2062 3357 2116 llic
3401 2076 3493 2114 an.

1925 2151 2145 2219 quando
2200 2153 2385 2205 ltomae
2445 2151 2802 2206 nobilissimae
2853 2163 3128 2222 castaeque
3179 2161 3442 2206 matrona:
3480 2190 3496 2216 ,

1926 2257 2048 2311 qua:
2076 2244 2196 2295 viro
2222 2243 2422 2297 illustri
2454 2252 2622 2311 nupta
2640 2252 2781 2305 erat,
2806 2244 3134 2298 immodesto
3158 2256 3348 2297 amore
3377 2258 3499 2296 eor-

1927 2344 2140 2403 reptus,
2175 2334 2366 2388 talium
2404 2349 2634 2403 operum
2659 2336 2945 2389 ministros
2970 2334 3037 2389 ad
3071 2349 3192 2388 eam
3224 2334 3497 2388 adducen-

1928 2424 2052 2479 dam
2092 2424 2263 2478 misit.
2294 2427 2426 2490 Quae
2455 2441 2581 2478 cum
2630 2426 2859 2480 lenones
2898 2426 3111 2479 asdibus
3155 2426 3272 2481 suis
3319 2435 3498 2481 astare

1929 2516 2165 2581 videret,
2187 2516 2565 2587 adventusque
2591 2533 2758 2573 causa
2779 2520 3020 2587 cognita,
3051 2518 3189 2573 citra
3214 2518 3380 2572 ullam
3404 2518 3500 2571 de-

242 2610 449 2679 μένους
530 2612 677 2682 αὐτῷ
727 2614 788 2666 τὸ
829 2614 1056 2684 γύναιον
1113 2616 1360 2680 ἄξοντας.
1417 2616 1503 2679 Ὡς
1551 2614 1599 2669 δ’
1654 2617 1827 2669 ἐκεῖνο

1934 2609 2310 2680 precationem
2353 2610 2420 2663 ad
2468 2618 2758 2680 tyrannum
2791 2612 3107 2665 abeundum
3147 2625 3269 2664 esse
3297 2609 3499 2664 intelli-

237 2702 584 2767 ἐπιστάντας
609 2705 687 2776 τῷ
715 2706 846 2775 οῐκῳ
876 2706 1001 2770 τοὺς
1030 2708 1389 2778 πρ;αγωγοὺς
1419 2708 1579 2776 ἔγνω,
1605 2710 1698 2763 καὶ
1731 2709 1828 2778 τὴν

238 2797 430 2849 αἰτίαν
473 2797 573 2866 τῆς
605 2798 786 2850 αὐτῶν
828 2798 1122 2868 ἐπιδημίας
1177 2802 1509 2871 μεμαθήκει.
1541 2803 1635 2854 καὶ
1685 2803 1831 2856 άπα-

241 2883 510 2953 ραίτητον
544 2885 642 2957 τὴν
687 2888 824 2957 πρὸς
870 2888 961 2942 τὸν
998 2890 1264 2959 τύραννον
1303 2892 1594 2945 ἀπέλευσιν
1632 2893 1829 2964 ᾔσθετο

237 2977 291 3046 (ὁ
316 2976 434 3047 γὰρ
470 2979 611 3048 ἀνὴρ
651 2979 825 3049 αὐτῆς
872 2980 1025 3051 φόϐῳ
1065 2980 1159 3034 τοῦ
1213 2983 1393 3036 θανεῖν
1438 2984 1824 3056 ὑποπτήσσων,

238 3070 438 3121 λαϐεῖν
466 3072 564 3141 τὴν
600 3074 836 3139 γυναῖκα
870 3073 965 3127 καὶ
1003 3074 1161 3140 ἄγειν
1210 3075 1533 3146 ἐπέτρεπεν)
1562 3079 1828 3148 ἑτέρωθεν

235 3163 283 3216 δ’
312 3164 426 3217 οὑκ
471 3160 538 3236 ἦν
575 3166 721 3235 αὐτῇ
772 3165 1147 3237 ἐπικούρημα,
1189 3167 1340 3237 ῶραν
1395 3171 1531 3242 αὐτῇ
1568 3170 1829 3241 βραχεῖαν

238 3256 533 3325 ἐκδοθῆναι
571 3258 833 3328 ᾐτήσατο,
881 3258 948 3311 ἵν’
995 3260 1400 3330 ἐπικοσμηθείη
1430 3265 1524 3315 καὶ
1558 3262 1700 3315 οὕτω
1732 3266 1828 3317 σὺν

238 3351 438 3412 αὐτοῖς
463 3349 838 3404 ἁπελεύσοιτο.
873 3346 980 3404 Ἦν
1010 3351 1067 3405 δὲ
1102 3353 1312 3405 καὶτὸν
1352 3355 1586 3425 Χριστὸν
1616 3358 1648 3425 ἡ
1688 3357 1827 3429 γυνὴ

240 3442 549 3512 σεϐομένη,
578 3444 672 3495 καὶ
714 3442 775 3494 τὸ
805 3442 945 3497 θεῖον
987 3444 1309 3515 μεμνημένη
1350 3448 1668 3517 μυστήριον.
1702 3448 1829 3501 Eia-

236 3530 416 3599 ἦλθεν
463 3527 555 3584 οὖν
597 3533 675 3593 et;
717 3533 807 3586 τὸν
843 3534 1046 3603 ἑαυτῆς
1101 3535 1476 3601 κοιτωνίσκον,
1529 3538 1624 3591 καὶ
1673 3557 1830 3608 μονο-

240 3623 411 3676 θεῐσα
447 3623 808 3693 διεχειρίσατο
837 3625 1058 3695 ἑαυτὴν,
1093 3626 1157 3680 ἵν’
1194 3628 1519 3699 ἀνύϐριστος
1549 3632 1707 3703 μείνῃ
1734 3632 1828 3685 καὶ

237 3717 347 3785 τὴν
405 3715 765 3786 σωφροσύνην
809 3716 891 3797 μη
913 3717 1155 3787 πρόοιτο,
1190 3718 1421 3789 ἑλομένη
1457 3721 1550 3775 τὸν
1581 3722 1827 3789 ἑκούσιον

240 3807 511 3870 θάνατον,
545 3808 637 3860 καὶ
672 3810 732 3861 τὸ
768 3810 930 3878 σῶμα
975 3812 1168 3881 νεκρὸν
1203 3815 1314 3875 τοῖς
1356 3818 1700 3883 προαγωγοίς
1732 3816 1827 3869 καὶ

238 3899 321 3989 τῷ
371 3901 562 3967 ἐναγεῖ
588 3902 789 3973 ἐραστῇ
848 3903 1246 3971 καταλείψασα.
1281 3905 1344 3958 Οἱ
1393 3906 1491 3975 μὲν
1524 3902 1617 3961 οὖν
1653 3906 1826 3973 οὕτως
1853 3923 1896 3989 c

237 3988 450 4063 ἦρχον,
479 3995 862 4064 Διοκλητιανὶς
884 3996 940 4048 δὲ
964 4000 1056 4048 καὶ
1084 3997 1430 4065 Μαξεμιανὺς
1466 3998 1829 4065 ἰδιωτεύοντες

239 4082 471 4137 ἔθανον.
507 4086 641 4155 Περὶ
669 4085 725 4137 δὲ
765 4087 861 4156 τῆς
888 4086 1038 4155 σφῶν
1088 4087 1346 4158 τελευτῆς
1392 4090 1752 4159 διαφωνοῦσιν
1778 4095 1828 4147 οἱ

242 4180 623 4246 συγγραφεῖς.
668 4178 726 4230 '0
752 4181 849 4246 μὲν
882 4181 990 4247 γὰρ
1032 4180 1289 4243 Εὐσέϐιος
1327 4181 1438 4252 (95)
1481 4184 1538 4235 ἐν
1559 4182 1638 4253 τῷ
1663 4184 1830 4253 ὀγδόῳ

241 4268 399 4337 λόγῳ
429 4268 527 4337 τῆς
543 4267 1089 4339 Ἑκκλησιαστικῆς
1121 4270 1439 4339 Ἱστορίας,
1463 4274 1720 4329 ἔκστασιν
1741 4279 1830 4331 τὸν

242 4360 643 4428 Διοκλητιανὸν
697 4361 1000 4430 ὑποστῆναι
1048 4364 1196 4431 λέγει
1252 4366 1487 4436 φρενῶν,
1545 4368 1636 4419 καὶ
1690 4369 1830 4439 νόσῳ

244 4449 453 4519 χρονίᾳ
515 4450 576 4501 τὸ
633 4451 793 4519 σῶμα
846 4453 1437 4520 κατασκελετευθέντα,
1500 4454 1689 4525 βιαίως
1732 4460 1830 4527 τὴν

246 4541 455 4594 ἀθλίαν
483 4540 649 4593 αὑτοῦ
692 4541 869 4613 ψυχὴν
910 4544 1345 4613 άπερεύξασθαι.
1376 4546 1479 4597 Τὸν
1509 4547 1565 4599 δέ
1603 4565 1667 4616 γε
1713 4549 1832 4601 Μα-

250 4631 514 4701 ξιμιανὸν
572 4632 664 4684 τὸν
713 4634 1023 4704 Ἑρκούλιον
1058 4635 1260 4706 ἀγχόνῃ
1310 4636 1503 4689 ἑαυτὸν
1544 4637 1646 4706 τῆς
1688 4639 1830 4707 ζωῆς

249 4724 636 4794 ὑπεξαγαγεῖν
668 4742 682 4756 ·
718 4726 898 4797 ἕτεροι
945 4727 990 4779 δ’
1043 4728 1142 4797 οὑχ
1192 4726 1364 4793 οὑτως
1411 4730 1682 4798 ἱστοροῦσι
1706 4731 1834 4784 τού-

248 4834 389 4880 τους
421 4817 626 4879 θανεῖν,
675 4816 813 4870 ἀλλὰ
842 4818 1342 4887 μεταμεληθέντας,
1393 4802 1486 4871 παὶ
1516 4819 1613 4888 τῆς
1657 4821 1833 4891 ἀρχῆς

251 4907 420 4972 αὖθις
472 4909 832 4964 ἐπιλαϐέσθαι
879 4908 1325 4980 βουλευομένους,
1362 4910 1709 4979 φωραθῆναι,
1741 4914 1836 4989 καὶ

248 5008 495 5076 δόγματι
522 5006 619 5075 τῆς
659 5003 964 5073 συγκλήτου
1010 5004 1381 5074 ἀναιρεθῆναι.
1418 5004 1537 5056 Εἰσὶ
1568 5004 1623 5057 δὲ
1663 5005 1757 5057 καὶ
1785 5005 1835 5058 οἳ

249 5100 350 5151 τὸν
386 5096 700 5164 Ἐρκούλιον
736 5096 956 5163 λέγουσι
983 5095 1083 5164 τῆς
1117 5094 1392 5165 βασιλείας
1422 5094 1576 5159 αὖθις
1609 5097 1834 5166 ἐφιέμε-

252 5206 350 5240 νον
375 5187 454 5256 τῴ
480 5184 846 5255 Διοκλητιανῴ
874 5185 1241 5238 κοινώσασθαι
1269 5185 1330 5237 τὸ
1369 5182 1527 5248 αὖθις
1567 5187 1834 5256 πειραθῆ-

1929 2709 2083 2771 geret
2112 2699 2279 2771 644
2318 2704 2465 2769 (nam
2507 2703 2737 2756 maritus
2769 2702 2966 2756 mortis
3004 2709 3151 2755 metu
3196 2701 3497 2760 attonitus.

1929 2792 2000 2846 ab
2029 2792 2140 2846 illis
2176 2792 2375 2847 abduci
2408 2793 2697 2847 mulierem
2729 2794 3089 2864 patiebatur),
3122 2808 3304 2864 neque
3329 2793 3499 2848 ullum

1929 2882 2155 2937 aliunde
2207 2883 2472 2937 auxilium
2505 2891 2853 2952 exspectaret
2910 2902 2924 2938 :
2982 2886 3238 2954 exiguam
3293 2898 3500 2939 moram

1928 2974 2255 3045 postulavit,
2284 2986 2343 3028 ut
2364 2989 2422 3030 se
2448 2986 2747 3030 exornaret
2769 2978 2944 3046 prius,
2974 2993 3141 3047 quam
3173 2976 3372 3032 abiret.
3398 2976 3492 3032 Cn-

1928 3067 2079 3122 lebat
2099 3076 2283 3121 autem
2318 3066 2623 3129 Christum,
2671 3076 2730 3121 et
2761 3068 2949 3123 divino
2982 3070 3246 3139 mysterio
3287 3068 3500 3122 initiata

1929 3164 2071 3211 erat.
2120 3157 2369 3226 [agressa
2411 3158 2578 3227 igitur
2609 3157 2952 3222 cubiculum,
2993 3159 3220 3212 remotis
3257 3157 3502 3219 arbitris.

1928 3249 2033 3305 sibi
2073 3265 2264 3304 necem
2298 3250 2606 3315 conscivit,
2649 3260 2709 3305 ut
2762 3251 3113 3305 contumeliae
3157 3266 3352 3320 expers
3387 3266 3504 3305 mo-

1928 3342 2161 3394 destiam
2183 3348 2559 3407 conservaret,
2581 3339 2944 3395 voluntariam
2968 3349 3206 3394 mortem
3228 3341 3500 3410 amplexa,

1929 3432 2202 3487 cadavere
2256 3430 2552 3485 lenonibus
2619 3439 2676 3486 et
2721 3431 2935 3486 nefario
2984 3431 3220 3486 amatori
3285 3431 3503 3486 relicto.

1930 3522 2029 3578 His
2072 3522 2148 3578 ita
2191 3522 2594 3592 imperantibus
2643 3523 3017 3578 Diocletianus
3058 3531 3116 3578 et
3143 3522 3503 3579 Maximianus

1929 3617 1985 3671 in
2016 3617 2125 3670 vita
2146 3616 2358 3684 privata
2385 3614 2680 3670 obierunt:
2713 3615 2818 3669 etsi
2841 3615 2909 3668 de
2939 3614 3163 3669 illorum
3198 3614 3353 3670 obitu
3374 3616 3505 3672 scri-

1929 3716 2118 3779 ptores
2134 3722 2244 3762 non
2261 3707 2635 3761 consentiunt.
2657 3706 2793 3761 Nam
2816 3706 3090 3762 Eusebius
3122 3706 3504 3763 Ecclesiastice

1929 3801 2163 3856 historia:
2218 3799 2319 3853 lib.
2365 3814 2484 3863 vni,
2534 3798 2933 3853 Diocletianum
2968 3799 3169 3856 mentis
3198 3814 3386 3855 errore
3418 3800 3505 3854 at-

1930 3893 2160 3956 fectum,
2203 3900 2261 3946 et
2294 3890 2556 3946 diuturno
2583 3890 2780 3944 morbo
2808 3890 3204 3955 tabescentem,
3241 3890 3502 3945 miseram

1929 3985 2168 4040 animam
2197 3982 2472 4040 violenter
2504 3990 2785 4038 eructasse
2831 3981 3069 4037 scribit:
3113 3981 3501 4036 Maximianum

1930 4093 2062 4133 vero
2102 4077 2422 4134 herculium
2476 4078 2675 4147 laqueo
2729 4073 2833 4130 sibi
2882 4089 3076 4149 necem
3142 4073 3502 4137 conscivisse.

1930 4170 2039 4226 Alit
2065 4184 2198 4224 vero
2234 4168 2463 4224 tradunt
2492 4184 2611 4232 eos,
2643 4184 2768 4223 cum
2795 4168 3055 4237 deposita:
3070 4168 3357 4238 potestatis
3383 4182 3505 4236 pue-

1930 4268 2153 4332 niteret,
2206 4265 2263 4320 in
2312 4272 2512 4319 conatu
2551 4262 2918 4332 recuperandi
2959 4260 3506 4331 impcriidepreben-

1932 4372 2059 4424 sos,
2125 4366 2183 4412 et
2237 4354 2721 4411 senatusconsulto
2792 4353 3112 4408 interfectos
3154 4368 3296 4407 esse.
3366 4351 3508 4407 Sunt

1932 4453 2097 4508 etiam
2127 4451 2221 4520 qui
2259 4450 2467 4514 dicant,
2500 4447 2819 4503 Herculium
2856 4461 3049 4500 rursus
3083 4444 3375 4515 imperium
3409 4445 3510 4499 de-

1933 4544 2303 4609 siderantem,
2337 4542 2630 4597 consilium
2662 4555 2789 4595 cum
2823 4538 3166 4592 Diocletiano
3209 4537 3278 4591 de
3316 4552 3384 4591 eo
3413 4552 3508 4591 re-

1934 4634 2251 4704 cuperando
2295 4633 2773 4687 communicasse:
2819 4645 2997 4699 eoque
3040 4638 3297 4683 conatum
3352 4628 3508 4683 illum

1935 4736 2251 4786 recusante,
2291 4726 2501 4780 curiam
2538 4727 2845 4794 ingressum
2877 4722 3102 4780 dixisse.
3140 4718 3312 4773 tilium
3347 4734 3508 4774 suum

1935 4816 2253 4884 reipublicae
2286 4814 2540 4886 gerendae
2569 4829 2689 4868 esse
2719 4814 3006 4881 imparem.
3038 4810 3301 4865 Militibus
3327 4820 3509 4865 autem

1938 4908 2007 4963 iis
2034 4907 2217 4962 verbis
2244 4908 2311 4960 ad
2347 4908 2482 4961 iram
2529 4906 2841 4968 concitatis,
2881 4905 3037 4973 quasi
3073 4905 3363 4973 imperium
3405 4904 3509 4959 sibi

1936 4999 2286 5053 vindicaret:
2339 4998 2586 5067 periculo
2639 5006 2926 5059 territum,
2975 5012 3201 5067 negasse
3249 4996 3303 5049 id
3352 5010 3412 5050 se
3455 4996 3509 5048 in

1937 5091 2122 5145 animo
2147 5092 2428 5150 habuisse.
2460 5090 2555 5145 sed
2582 5091 2815 5145 militum
2846 5090 3060 5144 animos
3090 5099 3149 5143 ut
3175 5104 3304 5158 erga
3334 5088 3509 5141 tilium

1942 5197 2104 5236 suum
2151 5182 2333 5236 affecti
2380 5189 2601 5247 essent,
2648 5181 2948 5252 perii-litari
2992 5180 3270 5235 voluisse:
3323 5178 3509 5248 itaque

252 5297 350 5331 ναι
381 5279 479 5346 τὴν
504 5277 782 5347 βασιλείαν
807 5277 1113 5331 ἁναλαὸεἶν.
1145 5277 1249 5329 Τὸν
1274 5277 1330 5329 δὲ
1363 5277 1828 5349 παραιτήσασθαι,

1941 5274 2164 5328 sedasse
2194 5274 2510 5328 tumultum.
2546 5275 2753 5329 Deinde
2783 5275 2840 5329 in
2867 5274 3072 5327 Gallias
3100 5272 3168 5326 ad
3198 5271 3510 5326 Constanti-

257 5373 471 5425 ἐκεῖνον
500 5371 555 5424 δέ
587 5370 723 5441 πρὸς
751 5370 812 5422 τὸ
838 5370 949 5422 τῶν
985 5369 1270 5439 Ῥωμαίων
1302 5369 1637 5438 παρελθόντα
1667 5370 1828 5439 φάναι

1930 5381 2073 5426 num
2108 5365 2394 5435 Magnum,
2438 5369 2532 5435 qui
2580 5367 2833 5421 Faustam
2864 5366 3031 5420 tiliam
3062 5365 3183 5435 ejus
3209 5371 3265 5418 et
3300 5362 3415 5432 ipse
3453 5364 3508 5417 in

262 5464 567 5536 σονέδριον,
601 5466 677 5536 μὴ
723 5466 913 5537 ἀρκεῖν
960 5462 1053 5517 τὸν
1105 5461 1220 5515 υἱὸν
1269 5460 1435 5515 αὑτοῦ
1486 5461 1567 5524 εἰς
1600 5460 1700 5533 τὴν
1728 5463 1837 5517 τῶν

1947 5457 2303 5515 matrimonio
2331 5458 2586 5525 haberet,
2617 5460 2849 5523 abiisse,
2880 5474 2945 5513 ac
2969 5457 3026 5512 in
3065 5470 3237 5525 regno
3264 5455 3384 5524 ejus
3407 5469 3509 5524 per

1466 5625 1665 5686 Variae
1691 5624 1999 5687 lectiones
2028 5627 2091 5685 et
2125 5632 2318 5683 noue.

339 5755 451 5825 (95)
491 5758 554 5808 '0
582 5757 701 5826 μὲν
740 5757 851 5826 γὰρ
884 5756 1195 5821 Εὐσέϐιος.
1232 5754 1528 5819 Eusebius,
1568 5752 1667 5808 lib.
1716 5768 1837 5818 vui,

276 5840 393 5893 cap.
429 5828 592 5889 15,οι
622 5829 676 5883 in
713 5827 863 5884 Orat.
889 5828 1237 5884 Constantini
1263 5830 1331 5882 ad
1368 5833 1689 5881 sanctorum
1719 5838 1835 5880 cu:-

1949 5761 2064 5806 tum
2089 5767 2210 5820 cap.
2245 5751 2340 5815 25,
2369 5750 2461 5804 ubi
2495 5749 2870 5805 consulendus
2903 5749 3168 5805 Valesius.
3202 5748 3337 5805 Vide
3365 5762 3507 5818 pra:-

1948 5831 2097 5880 terea
2136 5819 2511 5887 Lactantium,
2555 5819 2632 5874 De
2668 5820 2880 5876 mortib.
2919 5830 3239 5886 persecutor.
3266 5834 3387 5885 cap.
3416 5820 3507 5873 ὑὶ.
