3930 6542
385 363 516 429 1091
1649 362 1943 425 JOANNI:

2044 361 2337 424 ΞΟΝΑΜΞ
3498 356 3635 419 1093

369 479 604 539 λιιιιὶιίίαε
633 477 738 532 sibi
778 478 1110 534 vindicando
1149 477 1224 531 ibi
1271 491 1492 549 quoque
1523 477 1943 549 deprehensum

2061 478 2264 531 κοινῶν
2306 474 2659 548 πραγμάτων
2683 475 2975 543 διοίκησιν.
3029 473 3376 545 Κινηθέντων
3424 469 3482 526 δὲ
3529 472 3636 524 τῶν

376 589 555 644 coque
590 585 789 630 conatu
824 575 1124 645 dejectum,
1155 584 1269 628 tum
1301 575 1520 628 demum
1555 575 1724 628 vitam
1755 575 1943 645 laqueo

2059 570 2412 640 στρατιωτῶν
2463 569 2601 640 πρὸς
2667 569 2840 639 θυμὸν
2894 568 2991 621 ἐπὶ
3038 568 3118 637 τῷ
3161 567 3307 636 λόγῳ
3343 563 3516 618 αὐτοῦ
3563 566 3636 629 ὡς

377 666 642 720 linivisse.
695 665 897 720 Verum
942 666 1031 720 isti
1084 681 1193 719 uno
1235 667 1492 735 quopiam
1540 667 1704 721 modo
1741 683 1809 722 ex
1845 668 1956 733 bis,

371 765 584 809 natura:
624 756 871 811 debitum
914 758 1328 828 persolverunt.
1367 759 1724 813 Constantius
1769 770 1954 814 autem

377 847 672 900 undecimo
715 863 860 901 anno
903 848 958 900 in
1005 847 1236 916 imperio
1265 862 1483 912 exacm,
1523 863 1590 902 ex
1623 864 1734 918 quo
1773 847 1956 905 Caesar

373 938 687 1007 appellatus
717 938 918 1002 fuerat,
980 949 1249 1008 potestate
1274 941 1574 994 clementer
1605 950 1661 995 et
1696 942 1954 996 humani-

377 1039 460 1084 ter
487 1045 640 1092 usus,
668 1032 722 1084 in
746 1030 1028 1084 Britannia
1061 1043 1368 1085 extremum
1393 1033 1538 1086 diem
1573 1033 1794 1097 clausit,
1826 1048 1953 1087 cum

373 1123 526 1176 luctu
572 1124 944 1188 subditorum,
974 1125 1274 1178 bonitatem
1316 1128 1438 1195 ejus
1475 1125 1952 1181 desiderantium:

375 1210 489 1264 ﬁlio
526 1220 657 1265 natu
691 1215 921 1281 majore,
957 1213 1152 1283 Magno
1182 1213 1441 1268 videlicet
1471 1214 1859 1280 Constantino,
1887 1232 1955 1272 ex

374 1301 556 1369 priore
579 1305 829 1374 conjuge,
851 1304 1069 1372 imperii
1089 1321 1412 1359 successore
1435 1306 1734 1361 declarato.
1754 1307 1956 1362 Habuit

373 1393 520 1446 enim
563 1411 624 1447 ιι)
671 1395 910 1450 secunda
959 1412 1180 1465 quoque
1231 1398 1475 1451 Herculii
1515 1399 1623 1452 lilia
1665 1399 1953 1453 Theodora

370 1483 506 1538 alios
546 1487 710 1550 ﬁlios,
749 1485 1201 1552 Constantinum,
1237 1490 1658 1543 Anaballianum
1709 1499 1764 1543 et
1793 1489 1952 1558 jCon-

369 1578 656 1632 stantium.
691 1577 798 1633 Sed
826 1596 1057 1650 magnus
1081 1581 1478 1636 Constantinus
1503 1580 1666 1653 645
1692 1583 1954 1652 prielatus

369 1677 484 1732 est,
521 1668 667 1736 quod
708 1669 762 1722 hi
799 1674 943 1740 patri
984 1673 1052 1726 ad
1095 1673 1388 1741 imperium
1438 1674 1606 1742 inepti
1651 1687 1772 1727 esse
1803 1673 1954 1728 vide-

367 1761 597 1818 bantur.
646 1765 762 1819 lmo
791 1775 964 1820 totum
1012 1769 1294 1837 negotium
1339 1767 1537 1821 divinat
1581 1765 1952 1821 Providentiae

372 1857 501 1922 luit,
537 1860 765 1914 salutari
809 1832 1176 1930 praaconio'ac
1201 1862 1384 1931 potius
1412 1859 1671 1914 omnibus
1715 1859 1948 1915 Romani
1977 1832 2021 1893 Β

369 1947 591 2018 imperii
626 1952 866 2005 subditis
895 1952 1267 2015 consulentis,
1307 1962 1364 2006 ut
1398 1966 1496 2020 per
1525 1966 1653 2004 eum
1699 1953 1950 2022 tyranni-

366 2040 466 2096 des
496 2042 941 2098 destruerentur.
978 2044 1176 2098 Fertur
1203 2045 1372 2110 enim,
1403 2043 1730 2099 Constantio
1761 2059 1952 2115 aegro-

367 2134 526 2198 tanti,
557 2145 611 2188 et
655 2135 727 2189 ob
773 2147 1098 2191 cxterorum
1140 2137 1375 2190 liliorum
1426 2137 1664 2206 ineptam
1710 2139 1950 2192 indolem

368 2234 597 2290 mmsto,
643 2229 869 2296 angelus
898 2230 1158 2288 astitisse.
1191 2229 1286 2298 qui
1307 2228 1550 2298 juberet,
1585 2242 1645 2283 ut
1672 2228 1949 2285 Constan—

366 2315 485 2368 tino
522 2316 861 2386 relinqueret
891 2319 1204 2388 imperium.
1240 2318 1400 2372 Hunc
1435 2318 1600 2389 igitur
1627 2317 1948 2374 Constanti-

365 2421 498 2460 num
544 2418 721 2477 pater,
767 2410 1174 2465 adolescentem
1205 2413 1540 2475 etiamnum,
1577 2408 1817 2465 Gallerio
1851 2411 1950 2467 de-

367 2497 516 2552 disse
555 2500 803 2553 obsidem
847 2508 1208 2561 memoratur,
1243 2509 1303 2553 ut
1337 2499 1558 2553 interim
1590 2502 1754 2566 etiam
1789 2499 1844 2553 in
1887 2515 1948 2555 re

369 2589 594 2644 militari
625 2601 1001 2646 exerceretur.
1033 2590 1136 2658 Qui
1167 2606 1292 2645 cum
1324 2591 1376 2646 ei
1407 2590 1478 2644 ob
1516 2589 1719 2661 ingenii
1751 2589 1947 2645 dexte-

369 2679 589 2734 ritatem
619 2695 687 2733 ex
723 2680 929 2734 invidia
961 2681 1187 2735 insidias
1215 2690 1479 2744 strueret,
1514 2679 1567 2732 in
1601 2695 1780 2750 pugna
1819 2679 1948 2735 Sar-

366 2772 568 2825 matica
621 2773 938 2837 mandarit,
987 2783 1048 2828 ut
1098 2773 1466 2826 Barbarorum
1524 2774 1721 2826 ducem
1776 2772 1948 2826 armis

365 2864 640 2934 insignem
701 2866 1112 2936 aggrederetur.
1173 2864 1598 2919 Constantinum
1658 2878 1790 2917 vero
1849 2878 1946 2932 pa-

366 2955 569 3021 ruisse,
596 2971 834 3026 eumque
867 2965 1210 3026 correptum,
1243 2956 1519 3008 viventem
1549 2954 1616 3008 ad
1644 2954 1943 3010 Galleriutn

2059 661 2520 732 σφετεριζομένου
2548 662 2649 734 τὴν
2688 660 2886 732 ἀρχὴν,
2917 661 3010 714 τὸν
3059 658 3380 728 Ἐρκούλιον
3406 657 3501 711 τὸν
3526 656 3616 710 κίν

2054 755 2212 808 δυνον
2245 755 2518 820 δείσαντα,
2550 754 2628 826 μὴ
2665 753 2808 808 οὕτω
2833 753 3063 826 γνώμης
3096 753 3240 823 ἔχειν
3264 753 3465 818 είπεῖν,
3500 749 3639 803 ἀλλά

2055 847 2342 916 διάπειραν
2403 846 2515 900 τῶν
2571 846 3020 918 στρατευομένων
3076 843 3425 916 ποιούμενον,
3487 842 3639 904 ὅπως

2055 939 2240 1010 έχουσι
2271 939 2408 1010 πρὸς
2439 939 2532 993 τὸν
2551 938 2668 992 υίδν
2697 937 2862 993 αὑτοῦ
2887 937 3206 1004 διαθέσεως,
3235 936 3410 990 ταῦτα
3437 935 3639 988 εἰπεῖν·

2056 1035 2153 1085 καὶ
2173 1030 2319 1086 οὕτω
2348 1031 2703 1086 καταστεῖλαι
2740 1030 2834 1084 τὸν
2860 1029 3094 1102 θόρυϐον
3118 1029 3230 1082 τῶν
3261 1027 3640 1099 στρατιωτῶν.

2057 1121 2189 1176 Εἶτα
2225 1124 2306 1186 είς
2333 1123 2568 1187 Γαλλίας
2601 1122 2782 1177 ἑλθεῐν
2819 1121 2958 1194 πρὸς
2995 1121 3088 1176 τὸν
3138 1122 3312 1191 μέγαν
3344 1121 3640 1173 Κωνστανο

2055 1217 2225 1283 τίνον,
2275 1215 2545 1286 κηδεστὴν
2579 1215 2746 1269 αὑτοῦ
2777 1215 2873 1269 καὶ
2918 1214 3080 1268 αὐτὴν
3111 1214 3242 1267 ὅντα
3293 1212 3384 1266 ἐπὶ
3417 1211 3640 1282 Φαύστῃ

2054 1311 2120 1379 τῇ
2157 1307 2326 1364 αὑτοῦ
2354 1307 2609 1379 θυγατρὶ,
2641 1308 2884 1379 κάκείνῳ
2912 1307 3337 1362 ἐπιϐουλεύοντα
3384 1306 3484 1360 καὶ
3521 1321 3640 1358 πειο

2057 1401 2307 1473 ρώμενον
2337 1401 2438 1470 τὴν
2471 1402 2685 1454 ἐκείνου
2729 1400 3013 1467 βασιλείαν
3055 1399 3276 1452 λαϐεῖν·
3323 1396 3638 1467 γνωσθῆναι

2054 1494 2112 1550 δὲ
2158 1497 2382 1548 κάκεῖσε
2419 1495 2512 1548 καὶ
2565 1493 3013 1563 ἀποκρουσθῖψαι
3055 1491 3151 1546 τοῦ
3207 1491 3640 1562 ἐγχειρήματος,

2053 1586 2149 1639 καὶ
2181 1584 2357 1649 οὕτως
2386 1584 2760 1653 ἀπάγξασθαι.
2802 1585 2947 1639 ’Δλλ’
2985 1579 3140 1638 οὗτοι
3191 1583 3291 1655 μὲν
3330 1583 3414 1635 ἑνί
3453 1598 3518 1651 γε
3562 1581 3640 1651 τῷ

2052 1679 2241 1750 τρόπῳ
2272 1678 2386 1731 τῶν
2413 1679 2721 1748 εἰρημένων
2738 1677 2836 1747 τὴν
2868 1677 3015 1747 ζωὴν
3047 1678 3454 1746 έξεμέτρησαν·
3484 1674 3612 1728 Κὼν

2056 1789 2190 1836 στας
2228 1772 2285 1826 δέ
2323 1771 2608 1826 ἑνδέκατον
2648 1769 2868 1841 ὴνυκὼς
2895 1769 3142 1824 ινιαυτὸν
3192 1768 3346 1840 παρά
3374 1769 3439 1837 τῇ
3491 1767 3634 1835 ὀρχῇ

2052 1863 2234 1929 ιξότου
2281 1865 2502 1934 Καίσαρ
2561 1863 2906 1935 ἀνηγορεύθη
2971 1861 3068 1915 καὶ
3107 1862 3286 1932 ἠπίως
3310 1859 3483 1930 ἄρξας
3541 1860 3636 1911 καὶ

2051 1960 2368 2030 προσηνῶς,
2415 1959 2474 2011 ὲν
2521 1958 2878 2028 Βρεττανίαις
2917 1956 3166 2024 διάγων,
3220 1953 3490 2008 κατέλυσε
3533 1956 3634 2018 τὴν

2051 2047 2222 2120 ζωὴν,
2249 2050 2448 2114 πένθος
2481 2049 2678 2104 ἑαυτοῦ
2717 2051 2833 2112 τοῖς
2878 2049 2971 2103 ὑπ’
3011 2048 3180 2103 αὐτὸν
3223 2044 3632 2108 καταλελοιπὼς

2049 2140 2137 2194 διά
2163 2141 2264 2209 τὴν
2290 2140 2658 2211 χρηστότητα,
2690 2141 2962 2210 πρότερον
3002 2137 3094 2190 τὸν
3121 2136 3495 2207 πρεσϐύτερον
3521 2136 3632 2188 τῶν

2048 2233 2270 2286 οίκείων
2313 2232 2448 2286 υίῶν
2494 2233 2595 2300 τῆς
2629 2233 2804 2303 ἀρχῆς
2835 2231 3193 2303 καταστήσας
3240 2229 3506 2301 διάδοχον,
3539 2231 3631 2282 τὶν

2053 2325 2229 2394 μέγαν
2271 2324 2474 2398 δηλαδὴ
2522 2325 2961 2386 Κωνσταντϊνον,
3010 2322 3070 2375 δν
3112 2324 3179 2376 ἑκ
3223 2320 3324 2391 τῆς
3354 2319 3631 2390 προτέρας

2049 2417 2221 2471 αὑτοῦ
2248 2418 2498 2485 ἐγείνατο
2529 2417 2805 2488 γαμετῆς.
2848 2411 2977 2487 Είχε
3006 2414 3064 2468 δὲ
3097 2415 3206 2469 κάκ
3237 2417 3338 2485 τῆς
3367 2412 3629 2484 δευτέρας

2047 2512 2149 2581 τῆς
2178 2509 2272 2562 τοῦ
2309 2509 2624 2580 Ἑρκουλίου
2645 2509 2919 2578 θυγατρὸς
2951 2505 3234 2578 Θεοδώρας
3262 2506 3359 2561 καὶ
3408 2505 3629 2576 ἑτέρους

2051 2601 2225 2666 υίοὺς,
2257 2602 2690 2664 Κωνσταντῐνον,
2738 2600 3179 2666 ’Δναϐαλλιανδη
3210 2601 3307 2654 καὶ
3340 2598 3632 2653 Κωνστάν-

2045 2712 2186 2749 τιον.
2218 2695 2601 2765 Προτετίμητο
2626 2693 2684 2746 δὲ
2709 2693 2916 2748 τούτων
2939 2696 2968 2748 ὁ
2995 2693 3171 2764 μέγας
3195 2693 3627 2755 Κωνσταντῖνος,

2047 2787 2128 2840 ὅτι
2159 2789 2358 2840 ἐκεῖνοι
2393 2786 2472 2858 τῷ
2519 2788 2690 2858 πατρῖ
2745 2786 3112 2857 ἀνεπιτήδειοι
3161 2787 3300 2856 πρὸς
3335 2785 3436 2855 τὴν
3473 2783 3621 2855 βασιο

2047 2880 2199 2934 λείαν
2232 2881 2551 2954 ἐκρίθησαν.
2591 2881 2665 2935 “rs
2712 2881 2762 2934 δ’
2801 2879 2924 2933 ὅλον
2961 2875 3032 2953 ἦν
3077 2881 3142 2934 ὲκ
3181 2878 3316 2932 Θεοῦ
3346 2880 3608 2948 οίκονομη

2049 2975 2139 3027 θεν
2169 2975 2312 3045 ὑπὲρ
2342 2973 2437 3028 τοῦ
2478 2973 2627 3028 θείου
2659 2973 3044 3045 κηρύγματος,
3076 2971 3109 3042 ἢ
3139 2971 3341 3042 μᾶλλον
3366 2972 3463 3027 καὶ
3491 2971 3629 3039 ὑπὲρ

365 3057 640 3115 portasse.
687 3049 896 3104 Deinde
950 3050 1162 3104 leonem
1215 3049 1513 3104 iunnanem
1555 3059 1613 3104 et
1655 3057 1942 3103 cruentam

2050 3067 2273 3122 πάντων
2321 3071 2389 3139 τῇ
2438 3067 2546 3122 τῶν
2581 3067 2873 3138 Ῥωμαίων
2915 3068 3298 3139 ὑποκειμένων
3336 3071 3505 3140 ἀρχῇ,
3541 3069 3564 3120 ῖ
3594 3087 3626 3119 α

363 3137 604 3192 belluam
636 3139 868 3209 iussisse
891 3139 1198 3194 subsistere
1228 3159 1240 3193 :
1278 3140 1430 3194 illum
1472 3155 1602 3194 vero
1636 3139 1690 3194 id
1719 3155 1943 3210 quoque

2047 3159 2116 3212 δι’
2139 3159 2308 3214 αὐτοῦ
2354 3137 2712 3216 καταλυθεῖεν
2751 3163 2809 3216 αί
2845 3137 3185 3232 τυραννίδες.
3235 3137 3480 3229 Λέγεται*
3517 3163 3624 3231 γὰρ

363 3239 665 3295 certamen,
694 3232 949 3300 quamvis
971 3248 1083 3287 non
1114 3235 1230 3287 sine
1255 3233 1522 3302 periculo,
1543 3232 1728 3287 divina
1761 3242 1942 3287 tamen

2052 3206 2099 3212 "
2141 3206 2304 3214 """
2356 3206 2709 3216 """"'"""
2753 3206 2809 3216 "'
2857 3206 3185 3232 "r"'"""
3235 3206 3470 3229 “’“Ι⁷”’“
3527 3206 3621 3231 θ’·ι’

2045 3254 2128 3309 ὅτι
2153 3256 2400 3309 νοσοῦντι
2440 3253 2519 3327 τῷ
2553 3254 2872 3308 Κώνσταντι
2911 3255 3008 3307 καὶ
3050 3254 3353 3323 ἀθυμοῦντι
3401 3254 3491 3308 διὰ
3526 3255 3623 3326 τὴν

362 3323 539 3390 gratia
570 3324 902 3379 incolumem
926 3325 1149 3380 obiisse.
1177 3325 1332 3382 Unde
1365 3341 1490 3380 cum
1518 3324 1822 3380 Gallerium
1858 3324 1943 3378 in-

2044 3349 2136 3401 ἒπὶ
2179 3352 2293 3410 τοίς
2331 3323 2515 3408 ἀλλοις
2566 3349 2758 3400 παισὶν
2787 3346 3093 3416 ἀποτυχίαν
3125 3346 3358 3414 ἄγγελος
3391 3323 3620 3415 ἐπέστη,

364 3414 552 3470 videre
584 3415 689 3471 sibi
718 3427 884 3485 atque
914 3417 1164 3471 insidiari
1201 3417 1586 3479 intellexisset,
1621 3426 1786 3471 noctu
1816 3431 1943 3472 cum

2044 3439 2120 3506 τῷ
2181 3437 2578 3506 Κωνσταντίνῳ
2634 3437 2876 3492 κελεύων
2931 3414 3031 3509 την
3091 3437 3346 3504 ἐξουσίαν
3401 3414 3622 3492 καταλι-

365 3507 431 3560 iis
459 3509 659 3577 quibus
685 3509 909 3575 lidebat,
941 3511 1064 3579 luga
1089 3512 1333 3580 elapsum
1357 3511 1424 3564 ad
1446 3521 1657 3581 patrem
1691 3509 1944 3564 rediisse:

366 3616 546 3669 eoque
579 3612 742 3670 pacto
767 3615 823 3656 et
852 3605 1162 3672 periculum
1196 3605 1460 3668 eVasisse,
1487 3613 1544 3659 et
1577 3613 1810 3674 paterno
1840 3602 1946 3657 im-

362 3695 524 3761 perio
550 3695 788 3763 potitum
816 3711 962 3750 esse.

2043 3532 2188 3584 πεῖν.
2244 3528 2451 3584 Τοῦτον
2496 3529 2562 3600 δὴ
2607 3529 2700 3583 τὸν
2745 3531 3153 3584 Κωνσταντΐνον
3195 3532 3224 3584 ὁ
3269 3529 3452 3601 πατὴρ
3502 3547 3619 3601 μει-

2049 3623 2242 3693 ράκιον
2280 3623 2412 3678 ὄντα
2447 3623 2528 3694 τῷ
2562 3623 2837 3696 Γαλλερίῳ
2880 3625 2961 3687 είς
2990 3622 3259 3694 ὁμηρείαν
3289 3623 3617 3695 παρέσχετο,

2047 3716 2114 3769 ἶν’
2162 3715 2455 3786 ὁμηρεύων
2502 3715 2621 3786 ἅμα
2669 3717 2764 3768 καὶ
2808 3715 2944 3786 πρὸς
2991 3718 3224 3785 ἄσκησιν
3273 3715 3618 3785 γυμνάζηται

359 3809 460 3878 τῆς
514 3809 715 3881 τέχνης
765 3811 865 3882 τῆς
925 3813 1333 3884 στρατιώτιδος.
1395 3813 1454 3868 ὐ
1525 3813 1582 3868 δὲ
1638 3813 1950 3885 περιδέξιον
1984 3811 2174 3866 τοῦτον
2226 3810 2394 3882 όρῶν,
2463 3813 2558 3866 καὶ
2614 3811 2849 3881 φθονῶν,
2893 3811 3043 3883 αὐτῷ
3087 3809 3430 3866 ἐπεϐούλευε.
3512 3811 3618 3864 Καὶ

361 3903 582 3973 πρῶτον
640 3907 740 3975 μὲν
783 3912 899 3972 τοῖς
941 3911 1264 3981 Σαρμάταις
1341 3911 1654 3981 μαχόμενος
1695 3908 1776 3982 τῷ
1855 3909 2083 3964 εκείνων
2139 3907 2372 3979 ἀρχηγῷ
2411 3909 2477 3961 εκ
2531 3910 2630 3977 τῆς
2718 3905 3023 3970 πανοπλίας
3071 3906 3332 3976 ἐπισήμῳ
3417 3902 3618 3973 τυγχάι

361 4013 504 4052 νοντι
551 4001 890 4070 προσέταξεν
940 4003 1213 4058 ἐπελθεῖν.
1265 4004 1324 4058 ’0
1355 4005 1411 4058 δὲ
1456 4009 1553 4059 καὶ
1616 3997 1857 4076 ἐπῆλθε,
1909 4003 2006 4056 καὶ
2044 4001 2298 4072 ἀρπάσας
2337 4001 2503 4054 αὐτὸν
2539 4000 2718 4064 ζῶντα
2746 4000 2826 4072 τῷ
2866 3999 3148 4072 Γαλλερίῳ
3175 3999 3454 4070 ἐκόμισεν.
3483 3997 3615 4052 Εἶτα

360 4092 548 4146 λέοντα
609 4095 838 4164 φρικτόν
890 4113 1011 4150 τινα
1065 4095 1209 4168 θῆρα
1271 4099 1366 4151 καὶ
1421 4098 1762 4168 παλαμναῖον
1841 4094 2097 4150 ἐκέλευσε
2164 4093 2442 4158 δέξασθαι.
2530 4094 2591 4146 Ὅ
2653 4092 2711 4146 δὲ
2751 4094 2848 4147 καὶ
2878 4093 3070 4147 τοῦτον
3091 4094 3182 4148 τὸν
3227 4088 3390 4147 ἆθλον
3419 4093 3614 4165 ῆνυσεν

359 4185 720 4250 ἐπικινδύνως
765 4189 886 4256 μὲν,
926 4190 1027 4258 τῆς
1068 4190 1218 4253 θείας
1255 4190 1312 4244 δέ
1364 4205 1426 4258 γε
1470 4193 1692 4261 χάριτος
1760 4187 2141 4258 συντηρούσης
2205 4188 2390 4241 αὐτόν.
2463 4185 2628 4250 Γνοὺς
2665 4185 2712 4238 δ’
2773 4184 3026 4240 ἐντεῦθεν
3059 4185 3426 4258 φθονούμενος
3463 4190 3612 4255 παρὶ

359 4284 452 4336 τού
501 4283 818 4353 ιἀλὶερίου,
865 4288 958 4339 καὶ
1014 4287 1505 4358 ἐπιϐουλευόμενος
1542 4287 1739 4349 νυκτὸς
1793 4285 1935 4354 μετά
1972 4301 2136 4338 τινων
2183 4279 2268 4347 οἷς
2321 4282 2544 4355 tamen
2629 4281 2860 4351 ἀπέδρα,
2904 4282 3000 4336 καὶ
3076 4283 3213 4354 πρὸς
3261 4282 3354 4336 τὸν
3403 4283 3611 4354 πατέρα

361 4375 792 4444 ἐπανελήλυθε·
842 4378 952 4428 Καὶ
1000 4379 1029 4429 ό
1081 4380 1182 4445 μὲν
1240 4376 1414 4442 οὕτως
1468 4377 1563 4429 τόν
1621 4393 1684 4430 τε
1745 4374 1993 4430 κίνδυνον
2043 4376 2418 4444 διαπέφευγε,
2493 4374 2589 4430 καὶ
2639 4374 2740 4446 τῆς
2777 4373 3040 4446 πατρῴας
3085 4375 3364 4447 βασιλείας
3392 4377 3609 4448 ἠξίωτο.

433 4470 677 4525 XXXIV.
723 4471 1050 4526 Maximinus
1088 4471 1393 4536 Licinium,
1441 4474 1666 4528 natione
1709 4473 1936 4538 Dacum,

2115 4469 2238 4527 AA'.
2278 4471 2585 4540 Μαξιμτνος
2617 4468 2674 4522 δι
2726 4471 2985 4524 κοινωνὸν
3031 4470 3130 4540 τῆς
3173 4471 3348 4542 ἀρχῆς
3389 4471 3482 4525 τὸν
3520 4474 3603 4527 Δια

361 4565 455 4633 qui
492 4563 839 4618 Constantini
882 4563 1057 4632 Magni
1086 4581 1330 4619 sororem
1367 4565 1420 4620 in
1451 4566 1804 4620 matrimonio
1835 4570 1936 4620 Ita-

365 4653 550 4717 bebat,
586 4652 804 4721 imperii
846 4654 1110 4722 collegam
1145 4656 1442 4719 asciturus,
1474 4655 1528 4708 in
1565 4655 1779 4726 Illyrico
1811 4655 1940 4710 reli-

359 4747 499 4813 quit,
529 4754 587 4798 ut
614 4743 923 4798 Thracibus
945 4745 1037 4814 qui
1061 4761 1090 4800 a
1115 4745 1372 4801 Barbaris
1395 4745 1750 4812 vexabantur,
1774 4762 1935 4816 opem

359 4835 549 4890 ferret.
578 4836 697 4906 Ipse
731 4835 958 4890 Romam
985 4838 1262 4906 profectus
1289 4847 1395 4904 est,
1425 4849 1485 4894 ut
1513 4854 1637 4893 cum
1666 4839 1939 4894 Maxentio

361 4937 646 4998 pugnaret.
679 4926 886 4983 Deinde
917 4944 1040 4982 cum
1065 4931 1179 4984 suis
1209 4930 1477 4985 militibus
1504 4929 1792 4993 dillidcret,
1819 4946 1941 4986 me-

362 5029 524 5074 tuens
555 5034 623 5071 ne
647 5019 714 5072 ad
747 5020 957 5074 hostem
994 5021 1312 5088 transirent,
1342 5023 1547 5076 omisso
1575 5022 1719 5076 bello
1744 5037 1931 5078 reces-

355 5115 448 5167 sit.
482 5112 558 5165 Ac
584 5109 879 5174 Licinium,
910 5112 1037 5180 quia
1070 5112 1330 5181 collegam
1364 5128 1492 5167 eum
1518 5113 1776 5168 ascivisse
1810 5128 1928 5182 pce-

2034 4563 2240 4616 κίννιον
2293 4561 2404 4632 (94)
2456 4559 2837 4630 προσειλήφει,
2886 4563 2948 4613 ἐκ
2989 4560 3187 4614 Δακῶν
3235 4561 3460 4614 ἕλκοντα
3513 4563 3607 4634 τὴν

2031 4654 2130 4707 τοῦ
2174 4659 2367 4722 γένους
2421 4653 2635 4721 σειρὰν,
2684 4653 2780 4704 καὶ
2832 4653 3082 4723 γαμϐρὸν
3122 4654 3250 4706 ὄντα
3279 4655 3367 4706 ἐπ’
3407 4655 3604 4726 ἁδελςῇ

2031 4747 2126 4800 τοῦ
2153 4744 2392 4817 μεγάλου
2439 4745 2876 4800 Κωνσταντίνου.
2928 4748 3201 4800 Κοινωνὸν
3239 4746 3296 4800 δὲ
3323 4747 3421 4818 τῆς
3449 4749 3602 4818 βασι-

2033 4837 2185 4901 λείας
2236 4838 2400 4890 αὐτὸν
2450 4839 2824 4907 ποιησάμενος
2855 4837 2946 4890 τὸν
2979 4839 3078 4907 μὲν
3111 4837 3170 4892 ἐν
3210 4837 3288 4909 τῷ
3327 4839 3603 4911 Ἰλλυρικῷ

2033 4930 2430 4985 καταλέλοιπεν
2464 4930 2533 4984 ἵν’
2568 4929 2754 5001 ἀμύνῃ
2777 4932 2893 4994 τοῖς
2938 4930 3142 5002 Θρᾳξὶν
3177 4931 3280 4984 ὑπὸ
3307 4932 3603 5002 Βαρϐάρων

2031 5021 2380 5093 ληϊζομένοις
2424 5037 2438 5052 ·
2471 5023 2674 5085 ἐκεῖνος
2695 5021 2742 5074 δ’
2773 5024 2853 5084 είς
2889 5021 3112 5092 Ῥώμην
3149 5022 3398 5091 ἀφίκετο,
3436 5026 3600 5092 μαχό-

2039 5128 2196 5185 μενος
2225 5114 2362 5184 πρὸς
2385 5115 2710 5181 Μαξέντιον.
2732 5111 2886 5181 Εῐτα,
2910 5116 3038 5179 τοὺς
3061 5115 3296 5177 οἰκείους
3331 5114 3602 5177 ὑπόπτους

1553 5275 1748 5337 νοτία)
1783 5272 2085 5338 lectiones
2114 5282 2177 5338 et
2207 5282 2401 5339 notae.

433 5401 541 5470 (95)
578 5402 686 5456 Τὸν
722 5401 1045 5456 Λικίννιον.
1079 5401 1280 5456 Scribit
1336 5417 1641 5472 anonymus
1690 5402 1744 5456 in
1806 5393 1926 5457 Vita'

357 5471 415 5527 S.
458 5473 652 5526 Basilei
686 5474 1086 5542 archiepiscopi
1121 5473 1402 5536 Amazoni,
1440 5471 1496 5525 n.
1530 5473 1562 5525 5
1587 5481 1645 5527 et
1673 5473 1728 5535 6,
1777 5472 1926 5528 Lici-

361 5547 510 5596 nium
542 5543 826 5598 simulasse
858 5560 917 5597 se
947 5559 1069 5598 esse
1098 5543 1496 5601 Christianum.
1547 5554 1607 5596 ut
1653 5544 1927 5598 Constan-

359 5615 489 5666 tiam
518 5612 859 5668 Constantini
899 5615 965 5668 M.
996 5629 1242 5667 sororem
1270 5615 1321 5665 in
1356 5628 1582 5666 uxorem
1617 5614 1900 5669 obtineret

357 5693 413 5734 et
441 5685 638 5752 adepto
666 5686 896 5754 imperio
920 5686 970 5738 in
1004 5684 1248 5746 Oriente,
1272 5685 1335 5736 ad
1367 5685 1630 5737 vomitum
1669 5685 1920 5738 rediisse.

357 5754 519 5806 Certe
548 5754 936 5810 Constantinus
970 5755 1448 5809 Christianismum
1490 5757 1776 5813 amplexus
1806 5756 1926 5808 fue-

362 5835 442 5876 rat
470 5835 596 5880 ante
643 5828 837 5880 initum
907 5826 1050 5880 inter
1103 5824 1378 5880 Licinium
1431 5836 1488 5880 et
1541 5822 1922 5879 Constantiam

2023 5402 2463 5462 matrimonium,
2505 5418 2594 5455 an.
2632 5401 2759 5464 5l5,
2785 5419 2978 5457 verum
3027 5401 3222 5457 scribit
3257 5401 3592 5464 Lactantius.

2023 5473 2078 5526 in
2111 5474 2205 5530 lib.
2240 5473 2312 5526 De
2336 5475 2546 5538 mortib,
2584 5483 2910 5538 persecutor.
2954 5489 3012 5526 ιι.
3063 5474 3153 5539 46,
3196 5474 3265 5528 47
3294 5485 3349 5527 et
3375 5476 3463 5537 48,
3498 5478 3592 5527 ali-

2020 5555 2228 5612 quanto
2260 5553 2381 5612 post
2408 5544 2570 5596 initas
2600 5558 2723 5596 cum
2748 5557 2938 5597 sorore
2967 5542 3314 5598 Constantini
3354 5547 3591 5613 nuptias,

2020 5630 2087 5666 ae
2118 5630 2241 5667 cum
2279 5613 2576 5666 Maximino
2601 5628 3051 5682 congressurum.
3075 5629 3268 5667 somno
3302 5618 3588 5678 monitum,

2018 5683 2299 5738 Christum
2334 5684 2642 5754 invocasse,
2673 5683 3001 5754 dedisseque
3032 5684 3244 5738 litteras
3269 5685 3336 5738 ad
3368 5686 3586 5754 provin-

2021 5756 2232 5808 ciarum
2265 5753 2528 5823 praesides
2554 5752 2623 5805 de
2654 5752 3014 5807 restituendis
3051 5752 3383 5810 Christianis
3414 5756 3586 5810 cccle-

2023 5825 2139 5887 siis,
2165 5823 2530 5878 Constantino
2551 5831 2608 5876 et
2642 5823 2761 5891 ipso
2794 5839 2851 5876 nt
2881 5839 3022 5878 coss.
