3930 6580
239 382 376 449 ιοαι

1469 383 1882 448 ANNALIUM
1930 383 2079 446 LIB.
2112 378 2253 446 Χῐῐ.

3366 386 3506 452 1094

239 500 383 568 σχὼν
409 500 779 571 στρατιώτας,
828 500 926 566 καὶ
974 497 1242 570 φοϐηθεὶς
1280 497 1355 569 μὴ
1388 498 1715 568 πρόσθοιντο
1746 499 1826 569 τῷ

1945 496 2196 563 :iituerat,
2221 493 2459 568 primum
2498 492 2640 552 clam
2670 506 2772 568 per
2799 491 3053 564 insidias,
3085 497 3285 558 deinde
3315 515 3509 573 aperto

239 592 440 665 ἐχθρῷ,
483 594 697 666 ἀπέστη
734 596 835 663 τῆς
869 593 1076 664 μάχης,
1115 591 1212 645 καὶ
1255 590 1600 661 ἀνεχώρησε.
1642 592 1827 645 Μετα-

243 683 504 755 μεληθεὶς
536 684 584 737 δ’
623 685 720 738 ἐπὶ
763 686 829 757 τῇ
876 682 1189 755 προσλήψει
1221 681 1317 736 τοῦ
1368 680 1668 747 Λικιννίου,
1700 678 1831 752 πρό-

237 793 400 847 τερον
436 777 541 847 μὲν
588 776 865 848 λαθραίως
922 776 1073 846 αὐτῷ
1123 773 1527 837 ἐπεϐούλευεν,
1570 767 1690 825 εἶτα
1732 769 1830 825 καὶ

244 868 427 939 μάχην
467 868 591 923 κατ’
638 869 805 923 αὑτοῦ
841 868 922 932 είς
952 866 1267 938 τούμφανὲς
1295 865 1686 935 συνεστήσατο.
1717 862 1830 916 Καὶ

242 961 544 1032 συμδαλὼν
593 962 747 1031 αὐτῷ
797 961 1089 1031 τρέπεται,
1131 957 1229 1013 καὶ
1274 958 1591 1031 ἡττώμενος
1631 955 1828 1024 ἔφυγε,

241 1054 337 1107 καὶ
394 1055 457 1107 ὲν
508 1056 576 1125 τῇ
631 1055 781 1123 φυγῇ
831 1050 1024 1107 ἑαυτὸν
1064 1050 1416 1121 διεχρήσατο.
1472 1049 1538 1103 Οί
1584 1047 1685 1119 μὲν
1734 1042 1829 1100 οὖν

240 1144 473 1216 τοιούτῳ
504 1144 654 1198 τέλει
710 1143 1022 1199 καταλῦσαι
1061 1143 1162 1214 τὴν
1201 1141 1348 1213 ζωὴν
1398 1140 1694 1212 ἱστόρησαν
1737 1138 1831 1193 τὸν

246 1236 580 1307 Μαξιμίνον,
631 1236 682 1289 οι
734 1236 793 1290 δὲ
847 1238 990 1290 κατά
1046 1233 1395 1308 Χριστιανῶν
1435 1234 1601 1288 αὑτὸν
1653 1233 1830 1301 ἐκμα-

247 1331 408 1384 νέντα
451 1329 733 1400 μετελθεῖν
776 1329 880 1403 τὴν
929 1329 1082 1384 θείαν
1123 1329 1281 1400 δίκην
1352 1324 1831 1398 παραδεδώκασιν.

246 1421 446 1486 Ἕλκος
475 1422 585 1492 γὰρ
638 1422 922 1493 ὲνσκῆψαν
955 1421 1123 1477 αὐτοῦ
1158 1422 1288 1493 περὶ
1328 1420 1420 1474 τὸν
1446 1418 1693 1491 βουϐῶνα
1737 1415 1834 1470 καὶ

243 1513 342 1584 τὴν
396 1511 533 1568 αίδὼ
585 1513 999 1585 χαλεπώτατον,
1047 1516 1117 1568 τὰ
1164 1515 1267 1583 τῆς
1322 1511 1619 1574 ἀκολασίας
1662 1507 1831 1563 αὑτοῦ

244 1604 636 1660 ἐπιδόσκεσθαι
667 1605 899 1678 ὄργανα.
931 1604 1032 1661 Ἐκ
1055 1605 1114 1659 δέ
1143 1621 1208 1674 γε
1242 1605 1343 1675 τῆς
1374 1603 1596 1674 σήψεως
1623 1602 1833 1657 τούτων

245 1699 340 1754 καὶ
381 1698 682 1768 σκώληκας
739 1698 1209 1771 άναϐράσσεσθαι,
1260 1698 1358 1751 καὶ
1400 1693 1543 1752 εἴναι
1568 1695 1630 1750 τὸ
1659 1696 1832 1763 πάθος

247 1790 492 1845 ἀνίατον.
532 1790 759 1862 ’ἰατρῶν
783 1791 838 1844 δὲ
860 1791 987 1854 τοὺς
1015 1790 1116 1861 μὲν
1138 1790 1367 1844 αὐτόθεν
1383 1789 1833 1861 ἀπαγορεύοντας

1930 600 2104 645 marte
2134 589 2389 652 adortus,
2426 589 2481 644 in
2514 588 2697 661 fugam
2731 591 2990 656 vertitur,
3029 594 3081 647 in
3117 606 3223 664 qua
3261 597 3503 667 scipsum

1929 680 2237 737 interemit.
2273 682 2341 737 Et
2377 680 2484 738 hoc
2514 681 2680 737 modo
2707 681 3062 739 Maximinum
3093 686 3345 756 periisse,
3381 690 3507 759 qui-

1930 772 2058 828 dam
2092 774 2338 829 tradunt.
2371 774 2478 831 Alii
2513 782 2770 831 auctores
2802 785 2953 842 sunt,
2987 792 3117 832 eum
3147 777 3337 835 furore
3370 797 3510 851 quo—

1929 864 2056 920 dam
2101 876 2292 921 contra
2330 864 2678 923 Christianos
2721 877 3063 936 grassantem
3086 909 3102 934 ,
3143 870 3344 927 divina:
3383 876 3507 928 vin-

1928 956 2095 1012 dictae
2120 971 2312 1027 poenas
2343 957 2600 1025 dedisse,
2637 959 2823 1015 ulcere
2861 960 3187 1031 gravissimo
3220 965 3363 1021 circa
3401 965 3507 1021 bu-

1929 1044 2133 1102 bonem
2159 1059 2218 1102 et
2245 1046 2499 1117 pudenda
2525 1056 2670 1113 orto,
2698 1050 2844 1119 quod
2870 1050 3238 1108 instrumenta
3259 1054 3510 1113 libidinis

1930 1139 2052 1210 ejus
2076 1142 2490 1209 consumpserit
2518 1158 2530 1194 :
2566 1156 2689 1195 nam
2717 1156 2785 1197 ex
2814 1156 2876 1198 ca
2907 1144 3311 1213 putrefactione
3340 1149 3507 1205 etiam

1930 1246 2152 1288 vermes
2189 1233 2476 1303 erupisse,
2519 1240 2578 1288 et
2616 1234 2822 1289 malum
2867 1236 3037 1292 fuisse
3080 1237 3505 1300 immedicabile.

1931 1323 2175 1380 Medicus
2220 1335 2427 1392 autem,
2475 1324 2571 1396 qui
2611 1335 2868 1382 conatum
2916 1328 3184 1386 faciendae
3222 1334 3510 1391 medicinae

1932 1415 2119 1472 statim
2163 1415 2479 1482 vetuerint,
2534 1418 2838 1473 crudeliter
2881 1434 3004 1475 esse
3043 1421 3365 1492 jugulatos:
3413 1428 3509 1496 qui

1932 1523 2071 1564 vero
2115 1508 2404 1565 curatione
2453 1519 2709 1580 suscepta
2757 1510 2896 1566 nihil
2938 1511 3104 1586 646
3150 1516 3507 1586 profecerint,

1934 1599 2333 1657 immanissime
2389 1600 2725 1668 trucidatos,
2779 1603 2927 1674 quod
2983 1620 3049 1661 ea
3094 1617 3356 1677 praestare
3401 1627 3511 1667 non

1934 1704 2201 1765 possent,
2249 1709 2374 1765 quae
2427 1694 2568 1750 artis
2614 1692 2934 1751 facultatem
2978 1710 3323 1769 superarent.
3376 1701 3515 1759 Sero

1937 1785 2160 1842 tandem
2196 1785 2536 1857 suspicatum
2572 1795 2897 1858 tyrannum,
2943 1803 3003 1845 se
3046 1789 3374 1860 injustarum
3407 1810 3515 1850 ca:-

245 1880 345 1952 τὴν
403 1881 725 1952 ἐγχείρησιν
766 1879 935 1950 ὠμῶς
977 1879 1448 1949 ἀποσφάττεσθαι,
1481 1879 1609 1943 τοὺς
1649 1879 1694 1933 δ’
1717 1881 1838 1934 έπι·

1945 1877 2091 1933 dium
2124 1877 2404 1933 cultorum
2434 1876 2643 1934 Christi
2672 1878 2805 1934 dare
2839 1895 3053 1950 ptenas,
3084 1883 3289 1953 ubique
3320 1885 3517 1942 edictis

248 1969 573 2044 χειροῦντας
619 1972 739 2043 μιν,
783 1972 860 2043 μὴ
887 1970 1222 2043 δυναμένους
1244 1970 1290 2025 δ’
1322 1971 1656 2037 ἀκέσασθαι,
1687 1971 1836 2025 κτεί-

250 2062 436 2117 νεσθαι
498 2062 870 2134 ἀπηνέστατα,
923 2063 1009 2117 ὅτι
1077 2061 1154 2135 μὴ
1207 2062 1525 2135 κατώρθουν
1576 2062 1835 2119 ἀδύνατα.

264 2154 392 2224 Ὀψὲ
423 2154 471 2207 δ’
497 2150 597 2209 οὖν
627 2155 971 2223 ὑποτοπῆσαι
1018 2154 1111 2209 τόν
1148 2155 1413 2226 τύραννον
1450 2154 1539 2209 διὰ
1570 2156 1696 2220 τοὺς
1718 2155 1840 2210 ἀδί-

251 2263 381 2310 κους
427 2248 625 2316 φόνους
670 2247 781 2301 τῶν
824 2246 917 2301 τὸν
957 2247 1194 2318 Χριστὸν
1244 2245 1556 2317 σεὸομένων
1597 2245 1839 2300 τιννύναι

248 2336 429 2405 δίκην,
457 2336 557 2388 καὶ
584 2334 841 2390 ἐκθέσθαι
861 2335 1211 2405 θεσπίσματα
1242 2332 1521 2404 πανταχοῦ
1548 2333 1838 2387 κελεύοντα

250 2429 531 2500 παυθῆναι
584 2428 676 2482 τὸν
722 2428 864 2483 κατά
913 2427 1261 2499 Χριστιανῶν
1302 2427 1566 2499 διωγμὸν,
1601 2426 1699 2480 καὶ
1740 2425 1841 2497 ζῇν

248 2522 502 2584 ἐκείνους
534 2520 633 2574 καὶ
672 2520 998 2592 θρησκεύειν
1046 2519 1121 2583 ῶς
1158 2508 1455 2590 βούλοὶντο,
1489 2517 1748 2590 εὔχεσθαί
1781 2534 1839 2570 τε

248 2613 396 2683 ὑπὲρ
433 2613 623 2667 αὑτοῦ.
658 2612 955 2667 Κάνταῦθα
988 2612 1068 2665 δὲ·
1093 2611 1260 2665 διττοὶ
1302 2611 1549 2680 λέγονται
1580 2609 1763 2679 λόγοι⁹
1813 2611 1843 2662 ό

252 2709 357 2778 μὲν
382 2708 496 2778 γάρ
532 2706 919 2775 ἀπαλλαγῆναι
961 2705 1123 2758 αὑτὸν
1153 2703 1249 2758 τοῦ
1298 2704 1506 2767 πάθους
1554 2703 1707 2773 παρὰ
1733 2706 1842 2758 πᾶ.-

252 2817 360 2853 σαν
393 2798 591 2851 ἐλπίδα
621 2799 810 2868 φησὶν,
840 2794 943 2848 εἶτ’
979 2794 1138 2859 αὖθις
1171 2796 1455 2866 ἐπεγεῖραι
1485 2795 1577 2847 τὸν
1606 2794 1844 2865 διωγμὸν

255 2891 352 2944 καὶ
393 2887 724 2959 ἀδιόρθωτον
773 2888 975 2957 μεῖναι,
1005 2885 1109 2950 ἓως
1139 2879 1203 2938 οὖ
1237 2886 1330 2938 τοῦ
1359 2886 1416 2938 ἑν
1456 2885 1601 2955 χειρὶ
1639 2885 1843 2956 Κυρίου

253 2984 526 3055 ποτηρίου
559 2981 655 3035 τὸν
677 2981 907 3052 τρυγίαν
935 2980 1151 3044 ἐξέπιεν
1196 2993 1214 3009 ⁸
1250 2981 1280 3033 ό
1307 2979 1351 3032 δ’
1378 2977 1566 3050 ἔτερος
1598 2979 1846 3049 ἀρνεῖται

249 3076 333 3149 τῷ
354 3075 548 3128 ἀσεϐεῖ
576 3072 672 3143 τὴν
718 3073 1048 3142 ἀνάρῥωσιν,
1090 3071 1165 3134 ὡς
1194 3070 1260 3123 ἐκ
1301 3071 1400 3140 τῆς
1430 3070 1728 3141 εἰρημένης
1756 3086 1846 3122 τε·

251 3165 585 3233 λευτήσαντι
619 3161 798 3225 νόσου,
837 3159 933 3211 καὶ
972 3158 1321 3225 ἀνενεγκόντι
1346 3159 1411 3210 ἐκ
1440 3158 1536 3210 τοῦ
1576 3157 1846 3227 στόματος

252 3255 576 3326 σκώληκας.
624 3252 682 3308 '0
715 3253 816 3323 μὲν
856 3247 950 3304 οὖν
979 3250 1103 3303 καθ’
1145 3250 1241 3303 ἕνα
1284 3250 1504 3320 τρόπων
1545 3248 1655 3301 τῶν
1696 3250 1840 3301 ίστο-

255 3349 541 3419 ρηθέντων
589 3344 779 3415 βιαίως
827 3343 1110 3414 ἀπέρρηξε
1165 3340 1265 3412 τὴν
1319 3339 1489 3410 ζωήν.
1542 3338 1631 3392 Ἐν
1676 3338 1735 3390 δὲ
1773 3341 1840 3410 τῇ

270 3441 468 3511 Ῥώμῃ
514 3439 625 3510 (95)
675 3438 774 3506 τῆς
819 3437 928 3489 τῶν
976 3437 1186 3488 πιστῶν
1236 3433 1564 3501 Ἐκκλησίας
1603 3433 1841 3502 προέστη

258 3533 407 3604 μετὰ
450 3528 820 3602 Μαρκελλῖνον
843 3528 901 3579 ἐν
928 3525 1071 3579 ἔτεσι
1096 3524 1219 3578 δυσὶ
1262 3523 1362 3596 τὴν
1389 3521 1731 3593 λειτουργίαν
1754 3524 1842 3574 ὲκ-

260 3627 554 3696 πλήσαντα
599 3620 879 3684 Εὐσέϐιος,
912 3618 972 3673 ὃν
1016 3618 1156 3689 μετὰ
1193 3616 1440 3670 ἐνιαυτὸν
1485 3616 1716 3669 θανόντα
1766 3615 1846 3667 διο

257 3718 486 3785 εδέξατο
536 3712 857 3783 Μιλτιάδης.
914 3711 1022 3764 Καὶ⁸
1074 3710 1169 3763 ἐπὶ
1196 3710 1461 3779 τέσσαρσι
1511 3705 1845 3776 προστάντος

260 3813 540 3874 ἐνιαυτοῖς
594 3809 705 3862 τῶν
762 3810 824 3861 ὲν
885 3806 1071 3878 Ῥώμῃ
1124 3806 1332 3858 πιστῶν
1379 3803 1474 3857 τοῦ
1521 3801 1843 3867 Μιλτιάδου,

259 3906 591 3974 Σίλὸεστρος
617 3902 860 3971 διάδοχος
882 3901 1127 3968 γέγονεν.
1165 3899 1254 3951 Ἐν
1295 3897 1595 3967 ’Δντιοχείᾳ
1621 3893 1678 3948 δὲ
1708 3893 1849 3965 μετά

261 4000 544 4068 Τύραννον
565 3996 682 4059 ἔτος
707 3996 1159 4063 έπισκοπήσαντα
1200 3989 1667 4059 τρισκαιδέκατον,
1709 4003 1846 4057 προ-

261 4087 549 4158 εχειρίσθη
598 4086 871 4149 Βιτάλιος,
900 4087 989 4137 καὶ
1022 4082 1209 4136 τοῦτον
1246 4080 1404 4134 ἕκτον
1437 4079 1553 4141 ἔτος
1579 4077 1849 4132 ἀνύσαντι

264 4180 543 4246 διεδέξατο
601 4179 933 4248 Φιλογένης,
1002 4174 1248 4244 κάκείνῳ
1296 4173 1458 4227 πέντε
1508 4170 1851 4225 ἀνυσθέντων

1938 1970 2242 2041 propositis
2284 1971 2731 2041 persecutionem
2773 1970 3214 2030 Christianorum
3250 1976 3516 2044 inhiberi,

1938 2069 2103 2132 atque
2149 2061 2274 2117 illos
2317 2062 2527 2128 vivere,
2564 2077 2629 2118 ac
2667 2063 2839 2118 Deum
2869 2079 2970 2119 suo
3001 2067 3272 2123 arbitratu
3307 2070 3514 2136 colere,

1937 2163 1995 2210 et
2022 2169 2121 2225 pro
2155 2153 2330 2224 ipsius
2363 2154 2542 2210 salute
2574 2164 2699 2210 vota
2725 2154 2905 2211 facere
2929 2156 3182 2225 jussisse.
3218 2161 3396 2231 Atque
3423 2162 3519 2219 hic

1939 2244 2107 2299 etiam
2147 2242 2353 2314 duplex
2392 2259 2581 2300 rumor
2616 2255 2774 2300 ortus
2812 2253 2918 2301 est.
2963 2247 3099 2302 Nam
3133 2249 3225 2304 alii
3267 2250 3517 2318 tradunt,

1941 2342 2142 2405 prater
2188 2349 2408 2389 omnem
2448 2349 2602 2406 spem
2635 2348 2703 2390 eo
2747 2335 2939 2392 morbo
2979 2337 3306 2409 liberatum,
3354 2357 3520 2397 reno-

1942 2441 2100 2481 vasse
2130 2427 2572 2497 persecutionem
2615 2442 2722 2482 non
2760 2433 2989 2484 mutatis
3026 2432 3305 2497 moribus,
3341 2432 3521 2489 donec

1941 2519 2125 2589 poculi
2162 2518 2310 2589 quod
2342 2519 2607 2574 Dominus
2641 2534 2807 2574 manu
2839 2528 3012 2587 tenet,
3042 2521 3216 2580 fecem
3250 2525 3523 2581 exhause-

1943 2615 2054 2667 rit:
2085 2612 2177 2668 alii
2212 2612 2586 2668 valetudinem
2619 2622 3005 2685 recuperatam
3035 2626 3323 2687 negantes,
3364 2634 3431 2674 ex
3453 2635 3520 2673 eo

1944 2707 2088 2762 malo
2126 2705 2357 2776 impium
2395 2705 2699 2762 decessisse
2738 2706 2980 2774 tradunt,
3011 2722 3076 2763 ac
3112 2724 3328 2765 vermes
3351 2711 3519 2766 etiam

1945 2814 2044 2870 per
2083 2813 2147 2853 os
2188 2800 2468 2870 rejecisse.
2521 2796 2641 2853 Uno
2685 2809 2841 2854 certo
2885 2814 2954 2855 ex
3002 2799 3090 2856 his
3133 2802 3312 2858 modis
3352 2803 3521 2858 vitam

1945 2890 2188 2960 abrupit.
2236 2889 2425 2945 Romae
2461 2891 2627 2945 cmtui
2675 2888 2918 2944 ﬁdelium
2948 2900 3074 2961 post
3114 2892 3520 2957 Marcellinum,

1946 2982 2167 3037 duobus
2210 2981 2372 3037 annis
2407 2981 2718 3036 sacerdotio
2752 2982 3027 3049 functum,
3066 2984 3342 3042 Eusebius
3381 3002 3522 3056 pra:—

1948 3073 2091 3131 fuit:
2124 3075 2213 3131 cui
2246 3083 2371 3145 post
2403 3090 2606 3129 annum
2641 3083 2897 3142 mortuo,
2931 3077 3200 3132 successit
3226 3077 3520 3141 Miltiades,

1947 3166 2043 3237 qui
2088 3182 2214 3223 cum
2263 3165 2520 3221 iidelibus
2563 3165 2991 3236 quadriennium
3036 3167 3366 3237 prtefuisset,
3411 3167 3520 3224 Sil-

1951 3268 2196 3313 vestrum
2233 3273 2607 3314 successorem
2651 3257 2898 3328 reliquit.
2928 3257 3236 3313 Antiochiae
3264 3269 3389 3329 post
3421 3259 3527 3330 Ty-

1951 3364 2185 3404 rannum
2215 3365 2310 3404 Xlll
2332 3349 2495 3405 annis
2522 3350 2844 3421 episcOpatu
2871 3347 3142 3411 funCtum,
3171 3347 3417 3404 delectus
3440 3362 3527 3406 ett

1951 3442 2165 3498 Vitalis.
2202 3442 2342 3497 Huic
2375 3452 2497 3513 post
2522 3443 2848 3499 sexennium
2877 3441 3148 3496 successit
3177 3441 3525 3513 Philogenes;

1951 3543 2119 3604 atque
2159 3533 2206 3588 is
2237 3548 2457 3603 quoque
2487 3536 2645 3588 annis
2676 3547 2711 3587 v
2749 3530 2978 3596 exactis,
3012 3530 3302 3586 Paulinum
3334 3532 3531 3588 habuit

1954 3641 2355 3682 successorem.
2396 3624 2793 3695 Hierosolymis
2830 3633 2956 3696 post
2992 3623 3255 3691 Zabdam,
3294 3625 3389 3694 qui
3422 3626 3529 3678 mi-

1955 3720 2241 3773 nisterium
2273 3717 2339 3772 ad
2370 3717 2645 3773 decimum
2681 3732 2888 3771 annum
2920 3716 3081 3783 obiit,
3120 3715 3361 3772 Hermon
3391 3733 3534 3789 pou-

1957 3810 2178 3865 tiiiciam
2202 3808 2388 3865 sedem
2409 3818 2493 3865 est
2512 3808 2758 3864 sortitus.
2776 3808 3119 3864 Alexandria:
3133 3818 3256 3878 post
3277 3820 3527 3864 sanctum

1957 3909 2251 3973 martyrem
2278 3899 2534 3963 Petrum,
2569 3898 2665 3969 qui
2699 3898 3036 3969 pontiﬁcium
3071 3899 3260 3955 sedem
3294 3915 3390 3967 per
3423 3914 3525 3953 an-

1956 4007 2058 4048 nos
2088 4009 2142 4047 xi
2188 4002 2446 4056 ornarat,
2490 3992 2800 4047 Alexander
2844 3990 3220 4062 pontiﬁcatum
3261 3993 3525 4048 obtinuit.

1957 4084 2144 4139 Romae
2170 4082 2433 4139 Silvestro
2459 4099 2555 4153 per
2580 4098 2757 4139 annos
2776 4099 2942 4138 xxviii
2969 4084 3286 4153 episcopatu
3313 4085 3525 4148 functo,

1955 4175 2135 4231 Julius
2164 4173 2423 4228 Ecclesiae
2460 4188 2529 4227 xv
2555 4175 2715 4228 annis
2742 4173 2981 4244 praafuit.
3009 4173 3138 4228 Post
3165 4190 3328 4244 quem
3362 4172 3527 4230 Libe-

267 4271 557 4336 ἐνιαυτῶν,
593 4272 785 4340 γέγονε
825 4269 1090 4330 Παυλῖνος
1141 4265 1407 4336 διάδοχος.
1447 4264 1569 4321 Τῶν
1599 4262 1643 4316 δ’
1694 4261 1844 4335 Ἱερο-

1961 4267 2077 4321 rius
2098 4273 2312 4320 sextum
2334 4264 2572 4319 absolvit
2595 4278 2833 4332 annum;
2862 4265 3024 4335 eique
3046 4266 3315 4321 successit
3338 4263 3535 4320 Dama-

267 4366 524 4436 σολύμων
555 4364 691 4434 μετά
722 4361 935 4416 Ζάὸδκν
965 4363 1058 4413 ἐπὶ
1097 4357 1324 4411 δέκατον
1362 4354 1853 4428 λελειτουργηκότα

266 4462 517 4514 ἐνιαυτὸν
577 4458 807 4526 Ἕρμων
861 4451 1212 4524 ἐκληρώσατο
1266 4450 1356 4504 τὸν
1397 4449 1587 4519 θρόνον
1615 4449 1707 4501 τὸν
1756 4450 1855 4518 ἀρ-

1960 4373 2082 4425 sus,
2117 4357 2209 4428 qui
2245 4371 2415 4411 xxvm
2454 4371 2628 4412 annos
2664 4354 2854 4412 ﬁdeles
2888 4355 3061 4427 pavit.
3103 4355 3262 4411 Hunc
3300 4356 3534 4411 Siricius

1961 4460 2207 4517 secutus,
2239 4450 2400 4505 annis
2431 4466 2519 4504 3m
2552 4450 2917 4505 ministerium
2945 4449 3106 4505 obiit.
3140 4447 3347 4505 Deinde
3371 4448 3536 4503 Inito-

269 4551 608 4624 χιερατικόν.
647 4551 759 4619 Τῆς
806 4549 851 4601 δ’
919 4544 1335 4615 Ἀλεξανδρείας
1394 4542 1534 4612 μετὰ
1570 4540 1663 4594 τὸν
1714 4541 1844 4610 ἱερο-

1961 4543 2175 4599 centius
2197 4551 2283 4598 est
2305 4543 2536 4607 electus,
2567 4541 2661 4612 qui
2698 4542 2959 4611 populum
2992 4541 3208 4596 Domini
3235 4556 3333 4611 per
3356 4555 3535 4595 alarios

274 4648 530 4716 μάρτυρα
566 4641 795 4711 Πέτρον,
836 4640 969 4692 δέκα
1009 4638 1188 4690 ἔτεσιν
1231 4636 1317 4704 ἐφ’
1347 4635 1428 4686 ένὶ
1470 4634 1564 4687 τὸν
1616 4632 1717 4701 τῆς
1753 4635 1854 4701 ἀρ·

271 4736 617 4809 χιερωσύνης
673 4732 865 4803 θρόνον
925 4733 1300 4798 κοσμήσαντα,
1359 4723 1705 4793 Ἀλέξανδρος
1760 4723 1859 4794 τὴν

272 4828 696 4901 ἀρχιερωσύνην
740 4828 996 4896 ἔσχηκεν.
1048 4821 1138 4876 Ἐν
1177 4820 1233 4873 δὲ
1279 4816 1468 4889 Ῥώμῃ
1510 4818 1646 4887 μετά
1672 4814 1860 4868 Σίλεε⁴

276 4940 441 4993 στρον
495 4920 584 4974 ἐπ’
631 4919 778 4973 tum
819 4912 1310 4986 λελειτουργηκότα
1347 4910 1523 4963 εἰκοσι
1562 4907 1660 4962 καὶ
1714 4904 1861 4959 ὀκτὼ

288 5017 511 5079 Ἰούλιος
549 5014 791 5081 προέστη
820 5009 920 5078 τῆς
968 5004 1297 5075 Ἐκκλησίας
1320 5003 1416 5071 ἔτη
1443 5000 1859 5055 πεντεκαίδεκα.

276 5110 414 5165 Μεθ’
459 5106 522 5161 δν
560 5105 813 5175 Διϐέριος
858 5102 1018 5156 ἕκτον
1058 5100 1256 5171 ήνυσεν
1295 5095 1564 5161 ἐνιαυτὸν,
1607 5094 1860 5147 κάκεῖνον

276 5202 555 5268 διεδέξατο
623 5200 909 5270 Δάμασος,
962 5193 1110 5246 ὀκτὼ
1166 5191 1264 5245 καὶ
1318 5190 1523 5244 εἴκοσιν
1580 5186 1862 5248 tuatua-ob;

283 5297 558 5363 ποιμάνας
613 5294 739 5356 τοὺς
789 5288 1054 5352 πιστούςο
1096 5288 1192 5340 καὶ
1241 5285 1433 5338 τοῦτον
1479 5283 1687 5354 Σιρίκιο
1723 5323 1738 5346 ,
1766 5282 1861 5352 ἐτη

285 5390 677 5456 λεετουργήσας
721 5382 1039 5437 ἑκκαίδεκα.
1079 5376 1211 5432 Εἶτα
1250 5376 1668 5447 προκεχείριστο
1706 5374 1864 5426 Ἰννο-

289 5480 495 5540 κέντιος
526 5474 660 5547 (96),
710 5477 769 5528 ἐν
806 5471 1202 5526 πεντεκαίδεκα
1232 5470 1495 5530 ἐνιαυτοῖς
1521 5467 1740 5531 διδάξας
1772 5463 1864 5517 τὸν

368 5701 475 5769 (95)
523 5701 626 5753 Ἐν
658 5698 726 5753 δὲ
754 5695 830 5765 τῇ
869 5696 1078 5769 Ῥώμῃ.
1108 5693 1238 5760 Quae
1258 5691 1519 5769 deinceps
1554 5687 1858 5769 adduntur,

292 5760 492 5828 aliSuut
516 5772 585 5824 ab
618 5786 726 5824 uno
758 5760 1135 5834 e'coddIlteg.
1164 5774 1221 5817 et
1253 5762 1438 5834 Colb.,
1466 5760 1858 5834 describuntur

289 5857 423 5901 vero
451 5842 509 5898 in
537 5840 716 5896 tribus
746 5840 868 5894 aliis
896 5835 1026 5906 Heg.
1062 5830 1226 5904 atque
1250 5833 1364 5889 haec
1385 5830 1607 5901 quidem
1650 5843 1859 5899 suppo-

1958 4651 2024 4690 xv
2050 4634 2277 4690 erudiit.
2316 4632 2436 4700 Quo
2467 4642 2708 4696 mortuo,
2753 4632 3005 4687 Zosimus
3036 4632 3091 4685 in
3127 4630 3385 4686 Ecclesia:
3420 4629 3532 4685 Ro-

1955 4740 2131 4779 manae
2177 4725 2318 4779 solio
2357 4734 2445 4779 est
2489 4725 2831 4779 collocatus:
2874 4723 2961 4778 cui
3013 4722 3343 4778 duodecimo
3387 4738 3535 4778 anno

1954 4828 2149 4874 exacto
2190 4816 2457 4871 successit
2500 4813 2866 4881 leestinus,
2899 4815 2994 4884 qui
3040 4814 3200 4869 annis
3241 4815 3431 4869 decem
3477 4814 3533 4867 in

1955 4908 2272 4981 pontiﬁcatu
2294 4907 2513 4971 claruit,
2541 4906 2714 4977 Hujus
2740 4922 3028 4961 successor
3048 4906 3154 4961 fuit
3182 4905 3409 4978 Xystus,
3437 4906 3533 4976 qui

1956 4996 2052 5055 vui
2094 5016 2271 5055 annos
2301 4999 2542 5057 duravit.
2581 4999 2790 5055 Deinde
2818 4998 2930 5054 Leo
2956 5000 3011 5054 in
3051 5000 3173 5070 ejus
3208 4999 3392 5055 locum
3422 4999 3536 5052 sul-

1961 5093 2141 5150 fectus
2183 5101 2290 5157 est,
2333 5091 2429 5163 qui
2479 5108 2665 5147 veram
2704 5091 3014 5147 doctrinam
3064 5107 3163 5162 per
3201 5107 3378 5147 annos
3410 5106 3535 5144 χχιιι

1960 5182 2229 5239 defendit.
2275 5182 2459 5238 Leone
2491 5183 2787 5246 defuncto,
2829 5182 3039 5236 Hilario
3084 5183 3141 5238 in
3186 5181 3322 5237 sede
3362 5179 3534 5235 collo—

1962 5285 2121 5333 catus
2147 5286 2233 5332 est
2259 5293 2273 5330 :
2305 5280 2396 5347 qui
2430 5293 2485 5331 vi
2515 5277 2675 5331 annis
2698 5277 2956 5347 expletis,
2985 5275 3241 5331 elcctioni
3265 5272 3532 5342 Simplicii

1961 5370 2143 5425 locum
2174 5369 2325 5433 fecit,
2367 5369 2460 5439 qui
2488 5378 2543 5424 et
2576 5370 2691 5440 ipse
2719 5385 2865 5424 anno
2895 5386 2987 5423 xxx
3016 5365 3309 5422 ministerii
3336 5364 3531 5418 deces-

1964 5463 2056 5517 sit.
2089 5461 2252 5534 647
2285 5462 2342 5517 ln
2368 5464 2491 5533 ejus
2521 5461 2702 5518 locum
2730 5461 3081 5517 introductus
3109 5468 3191 5514 est
3216 5456 3404 5512 Felix:
3440 5455 3534 5525 qui

1482 5584 1679 5647 Variae
1712 5582 2016 5644 lectiones
2058 5592 2112 5643 et
2158 5589 2349 5642 notua.

1964 5685 2159 5749 sititia,
2201 5701 2306 5741 nec
2335 5686 2558 5741 Zonaras
2588 5700 2709 5740 esse
2742 5684 3017 5738 videntur.

2038 5758 2149 5827 (96)
2188 5758 2602 5823 ἰννοκέντιος.
2634 5755 2763 5825 lteg.
2814 5754 3149 5811 ἰνοκενιιος.
