3930 6546
460 344 604 413 1895

1736 340 2065 405 JOANNIS
2117 340 2437 402 ZONAB/E

2612 218 2646 229 wn

3557 334 3676 402 ιοιιι

457 477 608 518 nono
627 473 774 515 anno
797 456 1115 520 defunctus,
1141 453 1361 512 Gelasio
1391 453 1660 510 honorem
1685 452 1914 522 reliquit
1941 467 2039 522 per

2149 451 2233 506 τοῦ
2264 450 2473 523 Κυρίου
2500 448 2648 504 λαόν.
2690 447 2804 502 Καὶ
2832 444 3082 515 Ζώσιμος
3128 442 3205 514 τῷ
3241 444 3415 516 θρόνῳ
3443 446 3536 516 τῆς
3568 450 3687 505 Ῥω.

456 549 900 625 quinquennium
932 549 1250 605 fruendum.
1287 549 1417 603 Post
1446 561 1572 601 eum
1604 545 1928 600 Anastasius
1956 553 2041 601 est

457 648 709 701 electus:
745 642 841 712 qui
864 657 1007 696 anno
1030 651 1228 711 quarto
1258 640 1468 708 elapso,
1495 637 1886 708 Symmachum
1917 650 2043 691 suc-

460 751 734 794 cessorem
767 735 981 796 habuit,
1015 733 1111 803 qui
1142 747 1266 785 cum
1298 745 1473 784 annos
1508 745 1581 783 xu
1620 728 1676 782 in
1719 727 2043 797 pontificatu

460 828 764 896 exegisset,
802 823 1122 879 Hortnisdas
1163 830 1248 878 est
1289 822 1523 884 electus,
1562 819 1669 874 Sed
1703 818 1795 872 hic
1820 832 2044 887 quoque

462 919 678 973 decimo
736 932 881 970 anno
930 914 1220 969 ministerii
1275 924 1508 969 mortem
1563 912 1724 967 obiit.
1782 911 2045 966 Romana

462 1022 594 1061 vero
618 1006 871 1059 Ecclesia:
890 1004 1049 1058 sedes
1072 1003 1339 1057 Joannem
1366 1002 1421 1055 in
1451 1002 1752 1058 triennium
1776 999 2042 1070 suscepit.

462 1096 593 1151 Post
612 1111 772 1165 quem
799 1095 945 1148 Felix
974 1095 1238 1149 Romanis
1263 1094 1519 1148 fidelibus
1540 1094 1782 1163 prmfuit,
1807 1103 2046 1164 quatuor

463 1203 640 1242 annos
679 1202 747 1241 eo
792 1187 1001 1241 honore
1029 1187 1274 1257 gavisus.
1332 1188 1539 1241 Deinde
1586 1187 1901 1242 Bonifacius
1946 1200 2046 1255 per

463 1279 747 1334 biennium
779 1280 1161 1347 episcopatum
1186 1279 1537 1347 gubernavit.
1570 1279 1700 1333 Post
1726 1279 1874 1333 hunc
1898 1278 2043 1345 Aga-

464 1377 625 1437 petus
650 1367 968 1438 designatus
990 1376 1095 1430 est,
1126 1369 1217 1436 qui
1249 1383 1375 1421 cum
1399 1368 1601 1421 summi
1623 1368 1860 1439 pastoris
1881 1367 2043 1423 Chri—

462 1458 530 1511 sti
563 1474 783 1527 gregem
806 1458 1116 1511 Romanum
1139 1458 1355 1512 duobus
1381 1458 1540 1512 annis
1563 1468 1619 1513 et
1642 1458 1758 1528 ipse
1783 1458 2042 1528 pavisset,

462 1559 674 1605 naturae
717 1550 970 1604 debitum
1012 1551 1300 1618 persolvit.
1347 1550 1534 1605 Romae
1576 1561 1758 1605 autem
1802 1551 2046 1620 pontifex

462 1641 675 1695 electus
732 1650 819 1696 est
866 1641 1189 1696 Silverius:
1244 1658 1466 1712 unoque
1522 1658 1670 1696 anno
1722 1642 2044 1712 pontificatu

466 1730 710 1792 functus,
755 1733 921 1785 vitam
962 1733 1165 1802 exegit.
1211 1731 1385 1801 Hujus
1432 1746 1724 1786 successor
1760 1733 2040 1802 Virgilius,

2145 543 2324 615 μαίων
2363 540 2697 613 Ἐκκλησίας
2743 537 3010 610 ἐνίδρυτο,
3048 536 3298 600 θανόντος
3342 537 3682 597 Ἰννοκεντίου.

2148 638 2247 689 ‘Ov
2278 634 2577 689 δωδέκατον
2617 632 2856 702 ἠνυκότα
2914 628 3160 683 ἐνιαυτὸν
3193 630 3503 691 Κελεστῐνο;
3539 632 3689 686 διεδό-

2144 727 2294 793 ξατο,
2324 726 2414 778 ἐπ’
2446 725 2540 796 ἐτη
2589 726 2656 793 τῇ
2706 718 3088 792 ἀρχιερωσύνη
3140 718 3272 772 δέκα
3327 720 3687 790 ἐνδιαπρέψας.

2145 820 2334 887 Τούτῳ
2380 817 2586 879 Ξύστος
2637 815 2885 885 διάδοχος
2941 815 3188 883 γέγονεν,
3230 812 3416 880 ὃγδοον
3468 815 3691 866 ἐνιαυτὸν

2144 910 2459 980 διαρκέσας.
2504 903 2638 961 Εἶτα
2671 904 2824 960 Λέων
2860 903 3214 975 άντεισήχθη,
3274 904 3384 957 τῶν
3415 905 3579 973 ὀρθῶν
3628 907 3695 960 δο-

2145 1004 2372 1072 γμάτων
2391 1002 2908 1070 άντιποιησάμενος,
2936 999 3024 1053 ἐπ’
3048 1001 3224 1051 ἔτεσιν
3244 998 3417 1052 εἴκοσι
3446 996 3574 1068 πρὸς
3599 1002 3695 1063 τοῖς

2143 1094 2428 1163 τέσσαρσι.
2472 1094 2580 1146 Καὶ
2613 1091 2927 1155 ἐκλιπόντος
2956 1090 3050 1143 τοῦ
3082 1090 3311 1152 Λέοντος
3359 1087 3594 1160 Ἰλαρίων
3626 1092 3694 1152 είς

2143 1185 2238 1238 τὸν
2286 1184 2477 1254 θρόνον
2528 1183 2845 1253 ἀνθίδρυτο,
2906 1180 3066 1235 ἕκτον
3122 1179 3403 1249 ἐκπλήσας
3452 1178 3693 1236 ἐνιαυτόν.

2146 1273 2289 1326 Ἀνθ’
2346 1267 2519 1342 οὗπερ
2588 1271 2917 1341 Σιμπλίκιος
2967 1268 3081 1338 (97)
3143 1268 3565 1337 κεχειροτόνητο,
3614 1271 3696 1323 καὶ

2144 1366 2237 1423 ἐπὶ
2266 1364 2758 1419 ἐννεακαιδέκατον
2796 1363 2916 1424 ἐτος
2961 1360 3022 1414 τὸ
3065 1360 3165 1427 τῆς
3216 1360 3576 1429 ποιμαντικῆς
3616 1359 3696 1414 καί

2144 1452 2296 1519 circa;
2339 1456 2714 1527 λειτούργημα
2768 1452 3049 1517 διανύσας,
3069 1451 3285 1519 ἐξέλιπε
3310 1468 3326 1484 ο
3374 1452 3466 1505 καὶ
3503 1451 3695 1506 ἀντεισ-

2147 1549 2287 1619 ῆκτο
2320 1549 2509 1619 Φῆλιξ.
2548 1547 2786 1617 Ἐννάτφ
2815 1546 2862 1599 δ’
2914 1544 3144 1616 ἐνιαυτῷ
3175 1547 3267 1598 καὶ
3298 1540 3448 1608 οὗτος
3487 1544 3694 1598 ἐκλελοι-

2146 1642 2287 1709 πὼς,
2320 1641 2565 1713 Γελασίῳ
2594 1641 2693 1713 τὴν
2725 1640 2893 1711 τιμὴν
2918 1637 3302 1703 καταλέλοιπε,
3335 1639 3495 1691 πέντε
3518 1637 3696 1708 ταύτης

2148 1734 2521 1791 ἀπολαύσαντι
2589 1735 2706 1805 ἐτη.
2761 1733 2897 1787 Μεθ’
2948 1731 3009 1786 δν
3056 1731 3413 1792 ’Δναστάσιος
3464 1728 3711 1798 trusum.-

466 1838 592 1876 cum
625 1839 751 1877 xvul
782 1825 943 1876 annis
973 1824 1229 1878 Ecclesiae
1258 1824 1591 1893 praefuisset,
1628 1823 1682 1876 in
1709 1824 1829 1893 ejus
1858 1824 2041 1878 locum

2150 1832 2309 1882 Μετά
2351 1830 2611 1898 τέταρτον
2664 1798 2722 1881 δὲ
2781 1825 2877 1880 καὶ
2927 1818 3080 1887 οὗτος
3128 1822 3379 1878 ἐνιαυτὸν
3432 1823 3532 1877 ὑπὸ
3579 1825 3699 1894 Συμε-

466 1915 735 1968 suffectus
783 1923 868 1968 est
917 1914 1215 1984 Pelagius:
1259 1917 1352 1983 qui
1400 1916 1646 1984 quinque
1691 1915 1851 1968 annis
1893 1916 2047 1971 obito

466 2006 794 2065 ministerio,
836 2003 1096 2058 decessit.
1142 2003 1384 2059 Romana
1420 2020 1550 2058 vero
1584 2004 1742 2058 sedes
1777 2005 2071 2075 Joannem,

468 2096 527 2149 in
555 2111 645 2150 vni
680 2112 855 2150 annos
886 2094 1149 2163 suscepit,
1182 2104 1238 2149 et
1277 2106 1402 2165 post
1447 2095 1592 2150 hunc
1632 2093 1955 2166 Gregorium
1991 2096 2045 2149 in

467 2202 642 2241 annos
689 2203 775 2241 xv.
824 2187 954 2242 Post
1003 2186 1153 2240 hunc
1198 2198 1464 2257 perpetua
1510 2188 1669 2241 sedes
1712 2202 1905 2241 eorum
1953 2186 2047 2256 qui

470 2280 733 2335 Romanae
769 2281 1029 2335 Ecclesia!
1059 2280 1432 2350 praefuerunt,
1470 2296 1578 2334 non
1608 2279 1902 2348 reperitur.
1932 2278 2046 2333 An-

453 2374 687 2447 tiochia).
738 2390 868 2428 Vcl’O
917 2374 1232 2444 Ctelcsyriae
1274 2372 1598 2426 Eustathius
1646 2372 1908 2438 Paulino,
1952 2371 2048 2440 qui

468 2465 781 2519 ministerio
823 2465 1266 2535 quinquennium
1305 2473 1549 2529 vacarat,
1586 2464 1878 2519 successit.
1909 2462 2048 2518 Cum

468 2555 794 2610 Eustathius
818 2556 1006 2611 fideles
1033 2572 1209 2611 annos
1236 2573 1368 2612 xm:
1398 2556 1661 2627 pavisset,
1690 2556 2048 2626 Euphronius

468 2664 569 2717 per
591 2664 766 2704 annos
787 2665 884 2703 VIII
914 2649 1271 2703 ministravit.
1298 2649 1428 2703 Post
1450 2664 1611 2717 quem
1649 2648 1927 2703 Phlacitus
1972 2665 2046 2704 xu

472 2741 720 2815 explevitL
768 2758 965 2797 annos.
1016 2741 1225 2796 Deinde
1268 2740 1583 2810 Stephanus
1633 2739 1747 2792 Arii
1788 2748 2047 2805 sectator,

473 2836 731 2891 Ecclesiae
763 2852 859 2905 per
889 2834 1189 2889 triennium
1235 2848 1296 2887 se
1334 2831 1580 2901 ingessit.
1628 2831 1757 2885 Post
1787 2830 1937 2886 hunc
1968 2833 2052 2886 in-

474 2928 764 2982 troductus
793 2937 879 2982 est
924 2926 1211 2987 Leontius,
1252 2926 1347 2994 qui
1384 2941 1475 2978 \tll
1506 2940 1653 2978 anno
1697 2925 2049 2994 episcOpatus

477 3031 713 3075 mortem
745 3021 900 3074 obiit.
932 3014 1062 3074 Post
1087 3019 1235 3073 hunc
1259 3017 1619 3072 Antiochense
1647 3016 1907 3072 Ecclesiae
1939 3018 2051 3072 Eu-

2152 1923 2327 1992 μάχου
2379 1921 2649 1991 διεδέχθη.
2689 1913 2763 1975 οὗ
2812 1918 3136 1972 δυοκαίδεκα
3189 1915 3475 1980 ἐνιαυτοὺς
3527 1915 3693 1987 ἐπὶτῇ

2148 2014 2529 2086 ἀρχιερωσύνη
2609 2012 3001 2081 διαγαγόντας.
3072 2009 3370 2081 Ὀρμίσδας
3432 2009 3694 2073 ἐξείλεκτο.

2147 2109 2373 2177 Δεκάτῳ
2399 2106 2457 2161 δέ
2496 2106 2589 2160 καὶ
2646 2101 2807 2168 οὗτος
2837 2105 3075 2177 ἐνιαυτῷ
3105 2107 3168 2157 τὸ
3200 2100 3568 2174 λειτούργημα
3594 2101 3695 2154 δια-

2151 2198 2341 2260 νύσας.
2401 2198 2666 2252 κατέλυσε
2692 2197 2793 2267 τὴν
2844 2196 3011 2266 ζωὴν,
3053 2195 3150 2250 καὶ
3196 2193 3453 2261 Ἰωάννην
3478 2195 3505 2244 ὸ
3531 2192 3697 2262 θρόνος

2147 2295 2248 2363 τῆς
2292 2292 2583 2361 Ῥωμαίων
2623 2291 2957 2363 Ἐκκλησίας
3004 2289 3280 2354 διεδέξατο
3321 2290 3414 2342 ἐπὶ
3463 2286 3694 2358 τριετίαν.

2150 2384 2282 2440 Μεθ’
2311 2384 2369 2438 ὃν
2402 2382 2570 2454 Φῆλιξ
2605 2385 2711 2437 τῶν
2760 2386 2818 2436 ἐν
2876 2382 3061 2454 Ῥώμῃ
3102 2382 3345 2453 προέστη
3393 2380 3604 2444 πιστῶν,
3620 2395 3696 2430 τε-

2148 2479 2409 2547 τραετίαν
2436 2480 2533 2548 τῆς
2566 2476 2735 2549 τιμῆς
2768 2476 3105 2538 ἀπολαύσας.
3136 2471 3272 2528 Εἶτα
3300 2475 3599 2542 Βονιφάτιος
3619 2471 3696 2526 ἐπὶ

2147 2568 2351 2623 διετίαν
2414 2572 2513 2641 τῆς
2581 2570 2916 2638 προστασίας
2986 2568 3206 2641 ἠξίωτο,
3270 2568 3365 2619 xui.
3420 2568 3507 2618 ἐπὶ
3552 2565 3695 2626 τούτῳ

2165 2661 2472 2729 Ἀγαπητδς
2508 2659 2619 2733 (98)
2669 2661 3117 2731 προκεχείριστο.
3167 2656 3294 2711 Δύω
3341 2655 3399 2709 δὲ
3438 2657 3525 2709 καὶ
3567 2649 3695 2718 οὗτος

2149 2753 2433 2816 ἐνιαυτοὺς
2481 2753 2753 2822 ποιμάνας
2795 2753 2856 2806 τὸ
2886 2760 2945 2805 ἐν
2991 2753 3182 2825 Ῥώμῃ
3214 2750 3314 2806 τοῦ
3345 2750 3694 2820 ἀρχιποιμένος

2151 2841 2389 2910 Χριστοῦ
2428 2842 2698 2912 ποίμνιον,
2743 2842 2971 2896 ἀπέτισε
3018 2841 3077 2895 τὸ
3102 2841 3304 2912 χρεών.
3334 2842 3431 2895 καὶ
3454 2842 3695 2911 ἐχειροτοο

2151 2932 2286 3004 νηθη
2327 2933 2543 3002 Ῥώμης
2572 2934 2866 3003 ἀρχιερεὺς
2908 2932 3217 3003 Σιλδήριος.
3264 2932 3403 2986 "Eva
3420 2931 3475 2984 δὲ
3513 2924 3695 2984 καὶοῦ-

2150 3042 2241 3087 τος
2269 3023 2709 3095 ἀρχιερατεύσας
2761 3024 3010 3078 ἐνιαυτὸν
3046 3025 3145 3094 τὴν
3182 3022 3332 3094 ζωὴν
3379 3024 3695 3094 ἑξεμέτρησε.

472 3115 670 3167 duxius
726 3112 962 3166 alterum
1014 3126 1220 3165 annum
1269 3109 1510 3180 praefuit.
1564 3109 1693 3164 Post
1739 3110 2048 3165 Eudoxium

2159 3119 2264 3170 Καὶ
2287 3118 2459 3193 τούτῳ
2505 3115 2749 3186 διάδοχος
2793 3116 3030 3185 Βιγίλιος
3082 3118 3333 3185 γέγονεν.
3384 3114 3699 3170 Ὀκτωκαιδέ-

478 3206 716 3260 Arianus
752 3214 1008 3275 quartum
1036 3219 1243 3258 annum
1271 3204 1373 3256 fuit
1398 3202 1709 3272 episcopus.
1735 3203 1862 3257 Post
1901 3202 2049 3258 hunc

476 3298 728 3354 Meletius
757 3314 936 3355 annos
975 3314 1098 3351 xxv.
1134 3297 1263 3352 Post
1289 3297 1438 3351 hunc
1468 3298 1760 3353 Flavianus
1786 3298 2052 3352 Christia-

476 3392 563 3446 nis
587 3406 760 3446 annos
788 3407 913 3444 xxv:
946 3390 1186 3460 prwfuit.
1217 3389 1424 3444 Deinde
1451 3389 1769 3444 Theodotus
1799 3389 2052 3445 ministe-

476 3486 621 3538 rium
657 3484 924 3552 suscepit.
963 3484 1019 3536 in
1059 3497 1237 3552 eoque
1268 3497 1445 3537 annos
1482 3497 1534 3536 ιν
1564 3484 1768 3552 exegit.
1801 3482 1858 3536 ιιι
1888 3483 2051 3553 hujus

480 3592 659 3630 .ocum
682 3576 923 3630 Joannes
950 3576 1320 3641 introductus,
1347 3589 1445 3645 per
1466 3590 1639 3628 annos
1664 3590 1789 3628 xvm
1813 3573 2051 3632 duravit.

480 3666 588 3720 Pro
608 3666 817 3720 Joanne
846 3667 1090 3719 Domnus
1116 3665 1345 3725 electus,
1374 3679 1547 3718 annos
1568 3680 1657 3719 vin
1681 3674 1868 3734 postea
1896 3664 2052 3721 vixit.

482 3759 615 3811 Post
645 3774 807 3827 quem
838 3760 892 3813 in
927 3754 1284 3812 Antiochense
1314 3756 1568 3810 Ecclesiae
1596 3758 1850 3810 thronum
1880 3756 2051 3810 Maxi-

480 3871 604 3908 mus
627 3850 998 3916 introductus,
1019 3852 1072 3904 in
1101 3867 1169 3905 eo
1192 3865 1421 3905 munere
1446 3851 1873 3919 quadriennium
1897 3851 2051 3904 vixit:

480 3960 801 4001 successore
840 3943 1120 4013 Martyrio,
1161 3944 1253 4012 qui
1293 3959 1342 3995 Ix
1380 3943 1619 4012 explevit
1647 3944 1701 3995 in
1732 3944 2053 4012 magistratu

479 4051 686 4090 annos.
719 4035 924 4089 Deinde
944 4031 1205 4087 Julianus
1227 4033 1281 4086 in
1306 4048 1368 4086 ea
1402 4032 1681 4101 pontificia
1707 4032 1856 4097 sede,
1882 4046 2055 4085 annos

481 4144 533 4179 νι
568 4127 837 4190 consedit,
877 4135 928 4178 et
959 4124 1183 4178 Petrum
1223 4137 1604 4178 successorem
1636 4122 1852 4175 habuit.
1891 4120 2057 4193 648

479 4216 582 4273 Cui
615 4216 853 4269 triennio
878 4221 1004 4283 post
1031 4214 1347 4283 Stephanus
1381 4214 1669 4277 successit,
1705 4212 1930 4267 totidem
1957 4228 2058 4267 au-

2153 3228 2319 3265 κατον
2354 3209 2413 3264 δὲ
2461 3208 2655 3263 τούτου
2704 3209 2823 3273 ἔτος
2863 3210 3177 3280 διηνυκότος
3224 3213 3285 3264 ἐν
3324 3213 3388 3283 τῇ
3435 3211 3585 3282 ἀρχῇ,
3622 3211 3700 3262 ἁν-

2153 3299 2358 3373 οῃρέθη
2380 3290 2665 3368 Πελάγιος.
2704 3302 2823 3366 Ὃς,
2860 3301 3108 3371 πέμπτον
3138 3302 3386 3355 ἐνιαυτὸν
3412 3306 3471 3370 τῇ
3493 3303 3699 3369 λειτουρ-

2152 3391 2250 3462 γίᾳ
2276 3389 2609 3462 ἐσχολακὼς,
2642 3391 2876 3463 ἀπῆλθε,
2901 3394 2997 3446 καὶ
3038 3393 3295 3463 Ἰωάννην
3320 3395 3352 3464 ή
3377 3392 3698 3464 ἀρχιερατικὴ

2154 3483 2392 3553 καθέδρα
2431 3482 2542 3537 τῶν
2577 3481 2865 3553 Ῥωμαίων
2918 3483 3136 3549 ἐδέξατο
3185 3487 3280 3538 ἐπὶ
3312 3488 3516 3557 χρόνοις
3556 3485 3696 3544 όκτὼ,

2154 3572 2252 3625 καὶ
2285 3572 2424 3642 μετὰ
2467 3573 2656 3626 τοῦτον
2689 3573 2987 3645 Γρηγόριον
3027 3574 3121 3628 ἐπὶ
3153 3577 3559 3629 πεντεκαίδεκα.
3584 3573 3697 3629 Μεθ’

2152 3663 2213 3717 δν
2237 3666 2420 3719 οὐκέτι
2455 3664 2596 3719 κατὰ
2629 3668 2914 3736 συνέχειαν
2945 3669 2994 3719 οἱ
3021 3669 3119 3739 τῆς
3169 3668 3461 3738 Ῥωμαίων
3505 3668 3700 3735 Ἐκκληο

2132 3755 2279 3819 οσέας
2326 3755 2662 3825 προστάντες
2720 3756 3006 3827 εὕρηνται.
3058 3759 3148 3813 Ἐν
3204 3759 3504 3828 Ἀντιοχείᾳ
3541 3757 3591 3810 δὲ
3643 3756 3698 3825 τῇ

2157 3850 2301 3904 κατά
2353 3850 2557 3919 Κοίλην
2611 3850 2813 3921 Συρίαν
2862 3851 2953 3904 τὸν
3002 3853 3268 3905 Παυὶῖνον
3313 3852 3407 3921 ἐτη
3455 3851 3600 3905 πέντε
3642 3852 3698 3917 τῇ
3746 3898 3753 3905 .

2155 3941 2473 4013 λειτουργίᾳ
2518 3941 2858 4012 σχολάσαντα
2910 3943 3214 4005 Εὑστάθιος
3274 3943 3573 4009 διεδέξατο,
3624 3943 3702 3994 καὶ

2155 4033 2250 4086 τοῦ
2299 4032 2597 4087 Εὑσταθίου
2645 4033 2733 4087 ἐπ’
2777 4034 2870 4105 ἐτη
2919 4035 3290 4104 ποιμάναντος
3333 4037 3459 4099 τοὺς
3509 4035 3702 4096 πιστοὺς

2156 4125 2556 4190 ὀκτωκαίδεκα,
2585 4126 2882 4196 Εὐφρόνιος
2920 4125 3339 4199 ἐλειτούργησεν
3378 4129 3492 4190 Ero,
3521 4127 3699 4195 ὄγδοον.

2156 4213 2294 4268 Μεθ’
2320 4216 2380 4267 ὃν
2410 4214 2675 4277 Φλάκιτος
2698 4215 3003 4270 δωδέκατον
3041 4217 3238 4287 ἧνυσεν
3282 4218 3429 4283 ἐτος·
3460 4214 3572 4272 εἶτα
3597 4216 3703 4269 Στέ-

484 4321 587 4361 nos
625 4303 951 4374 pontificatu
984 4302 1228 4357 functus.
1262 4300 1318 4353 lu
1347 4299 1616 4369 Stephani
1649 4299 1831 4354 locum
1863 4298 2049 4353 Calan-

2159 4324 2324 4376 φανος
2376 4308 2703 4378 αίρεσιώτης
2756 4308 2967 4375 Ἀρείου
3027 4309 3445 4380 παρεισεφθάρη
3499 4312 3558 4378 τῇ
3610 4307 3707 4359 Ἐκο

484 4396 578 4451 dio
618 4396 886 4449 suffectus
915 4401 1022 4458 est,
1053 4402 1109 4447 et
1148 4393 1278 4446 huic
1310 4400 1432 4461 post
1457 4390 1886 4460 quadriennium
1918 4391 2049 4444 alius

2159 4401 2361 4470 κλησίᾳ
2397 4400 2492 4451 ἐπὶ
2537 4399 2719 4472 τρίτον
2749 4401 3018 4468 ἐνιαυτὸν,
3072 4402 3167 4457 καὶ
3219 4403 3360 4468 μετὰ
3403 4399 3580 4454 τοῦτον
3606 4399 3701 4450 siu-

488 4487 682 4543 Petrus
720 4484 1009 4548 successit,
1050 4485 1147 4553 qui
1180 4483 1476 4537 Ecclesiam
1512 4497 1609 4552 per
1632 4480 1931 4536 triennium
1955 4498 2049 4551 gu-

2160 4496 2294 4564 ἧκτο
2333 4467 2613 4556 λεόντιος.
2654 4493 2879 4561 Ὄγδοον
2931 4467 3008 4547 δὲ’
3043 4494 3139 4547 καὶ
3181 4467 3337 4558 οὗτος
3371 4494 3485 4558 ἔτος
3514 4495 3704 4545 ἐπισκο-

485 4578 756 4634 bernavit.
783 4575 956 4646 Hujus
990 4588 1279 4629 successor
1299 4572 1511 4627 exstitit
1538 4572 1832 4633 Palladius,
1866 4571 2049 4627 decem

2160 4588 2362 4655 πησας,
2408 4585 2673 4640 κατέλυσε
2706 4586 2807 4654 τὴν
2847 4584 3016 4656 ζωὴν,
3047 4587 3141 4640 καὶ
3163 4588 3255 4640 ἐπὶ
3289 4586 3464 4657 τούτῳ
3493 4584 3700 4653 προέστη

486 4668 646 4723 annis
701 4668 758 4722 in
816 4667 1138 4737 magistratu
1197 4665 1429 4719 exactis.
1492 4663 1703 4718 Deinde
1767 4662 2049 4717 Flavianus

2157 4679 2257 4748 τῆς
2297 4679 2615 4748 Ἀντιοχέων
2666 4677 2992 4749 Ἐκκλησίας
3033 4678 3283 4744 maesto;
3312 4678 3430 4742 ἐτος
3462 4677 3700 4744 δεύτερον,

488 4768 706 4814 creatus
746 4757 1061 4828 episcOpus,
1108 4771 1203 4811 xm
1245 4755 1426 4810 annis.
1474 4754 1605 4809 Post
1656 4769 1782 4808 eum
1823 4752 2064 4808 Severus

487 4866 564 4906 vn
618 4850 778 4904 annis
822 4850 1129 4920 gubernata
1183 4848 1447 4912 Ecclesia,
1496 4847 1808 4917 Euphrasio
1846 4859 2061 4899 sacram

490 4944 676 4999 sedem
706 4943 933 5012 reliquit
967 4960 980 4995 :
1009 4943 1099 4997 cui
1137 4951 1262 5011 post
1297 4956 1503 4995 annum
1531 4939 1785 5009 quintum
1824 4935 2060 5006 Ephrai-

2157 4771 2255 4825 καὶ
2287 4769 2378 4823 ἐπὶ
2436 4768 2514 4840 τῷ
2567 4768 2809 4838 Εὐδοξίῳ
2863 4770 3146 4841 ’Δρριανὸς
3194 4771 3567 4841 ἐπεσκόπησεν
3604 4766 3702 4825 ἔτος

2159 4862 2440 4935 τέταρτον.
2478 4864 2592 4917 Καὶ
2624 4862 2768 4934 μετὰ
2795 4862 2983 4917 τοῦτον
3015 4864 3298 4931 Μελέτιος,
3336 4863 3602 4923 ἐνιαυτοὺς
3636 4856 3701 4910 εἰ·

2160 4970 2315 5009 κοσιν
2362 4954 2455 5007 ἐπὶ
2498 4953 2683 5008 πέντε.
2730 4953 2867 5008 Μεθ’
2905 4954 2963 5007 δν
3010 4955 3307 5019 Φλαδιανδς
3357 4955 3584 5024 προέστη
3613 4947 3701 5007 τῶν

493 5050 615 5088 mus
644 5032 927 5099 successit,
957 5043 1014 5089 et
1042 5034 1099 5087 in
1127 5032 1436 5086 ministerio
1462 5045 1637 5085 annos
1666 5044 1795 5084 xvut
1829 5028 1985 5083 vixit.

2158 5046 2571 5117 Χριστωνύμων
2614 5046 2701 5098 ἐπ’
2734 5047 2911 5099 ἐτεσιν
2955 5048 3127 5100 εἴκοσι
3161 5047 3298 5117 πρὸς
3327 5051 3439 5109 τοῖς
3483 5046 3558 5110 ἐξ.
3590 5040 3702 5096 Εἶτα

489 5151 738 5213 Θεόδοτος
780 5150 877 5219 τὴν
926 5149 1274 5221 λειτουργίαν
1297 5147 1592 5214 διεδέξατο,
1626 5145 1722 5197 καὶ
1780 5141 2098 5212 τετραετίαν
2136 5140 2326 5212 ῆνυσε.
2373 5138 2485 5192 Καὶ
2553 5138 2676 5191 ἀντὶ
2754 5136 2947 5191 τούτου
3014 5140 3267 5210 Ἰωάννης
3333 5138 3572 5209 εἰσήχθη,
3626 5132 3702 5187 καὶ

489 5244 775 5313 διήρκεσεν
806 5241 891 5293 ἐπ’
923 5239 1037 5303 ἔτος
1061 5237 1551 5292 ὀκτωκαιδέκατον.
1604 5234 1749 5287 Ἀντί.
1815 5234 1873 5287 δὲ
1953 5231 2202 5286 Ἰωάννου
2267 5231 2475 5300 Δόμνος
2547 5227 2983 5299 κεχειροτόνητο,
3027 5227 3296 5300 ἐπιζήσας
3335 5234 3400 5301 τῇ
3433 5226 3701 5301 χειροτονίᾳ

488 5338 673 5407 δγδοον
718 5337 870 5399 ἐτος·
926 5335 1019 5388 καὶ
1069 5332 1365 5404 άνθιδρύθη
1393 5330 1472 5401 τῷ
1512 5329 1686 5400 θρόνῳ
1752 5328 1849 5398 τῆς
1930 5327 2248 5397 Ἀντιοχέων
2324 5323 2646 5393 Ἐκκλησίας
2690 5321 2964 5392 Μάξιμος,
2998 5324 3087 5376 ἐπ’
3148 5327 3425 5387 ἐνιαυτοὺς
3447 5326 3701 5391 ἐπιμείνας

488 5435 557 5505 τῇ
604 5431 908 5503 προστασίᾳ
965 5427 1273 5497 τέσσαραςί
1305 5425 1398 5488 Ὃς
1480 5422 1586 5477 ὑπὸ
1628 5419 1944 5493 Μαρτυρίου
1999 5419 2270 5490 διεδέχθη,
2324 5417 2539 5471 ἔννατον
2594 5418 2692 5473 καὶ
2776 5415 2967 5470 τούτου
3029 5419 3093 5488 τῇ
3177 5422 3318 5490 ἀρχῇ
3384 5417 3699 5475 διανύσαντος

491 5530 630 5591 ἐτος.
705 5523 992 5587 Ἰουλιανὸς
1051 5521 1095 5574 δ’
1146 5519 1339 5574 ἔπειτα
1395 5518 1475 5583 εἰς
1524 5516 1621 5588 τὴν
1672 5515 2066 5587 ἀρχιερατικὴν
2104 5512 2310 5583 ταύτην
2373 5511 2642 5583 καθέδραν
2691 5512 2943 5567 ἐκάθισεν
2978 5515 3070 5569 ἐπὶ
3134 5517 3289 5570 ἕκτον
3329 5511 3574 5573 ἐνιαυτὸν,
3617 5505 3697 5559 καὶ

1679 5673 1880 5736 Variae
1911 5668 2214 5735 lectiones
2245 5677 2306 5733 et
2338 5679 2528 5735 notae.

564 5808 676 5878 (97)
703 5805 1073 5877 Σιμπλίκιος.
1102 5802 1236 5874 Reg.
1261 5798 1613 5872 Συμπλίκιος.

2247 5795 2355 5868 (93)
2402 5797 2741 5868 Ἀιαοτητός.
2770 5797 2902 5868 Βεε.
2949 5795 3340 5869 ’Λγαπητικὸς.
3373 5791 3548 5848 Melius
3564 5784 3663 5843 alii.
