3930 6564
241 372 384 444 1109

1468 366 1881 436 ANNALIUM
1919 368 2074 434 LIB.
2111 370 2283 435 XIII.

3341 366 3510 443 1110‘

236 488 484 562 ὶτηρεῖτο
524 487 645 560 ῑθη,
705 488 803 546 καὶ
849 487 884 560 ἡ
924 488 1280 555 κατάστασις,
1337 485 1434 542 καὶ
1485 483 1814 558 ἠγερουσία

1923 479 2004 537 Sic
2037 483 2169 540 urbs
2204 499 2235 539 a
2265 481 2357 555 pio
2389 481 2500 541 illo.
2536 481 2866 555 imperatore
2897 481 2954 548 in
2995 483 3195 551 veteris
3240 484 3485 557 Byzantii

235 581 533 654 τετίμητο,
598 580 696 638 καὶ
753 582 802 636 οἱ
863 580 1070 651 ταύτης
1136 579 1335 652 ήνθουν
1409 578 1625 632 πολῖται
1649 618 1666 640 ,
1719 577 1815 634 καὶ

237 674 463 744 ἔννομος
491 670 561 746 ἦν
599 675 912 739 ἐπιστασία,
934 673 995 729 τὲ
1034 674 1233 745 κράτος
1264 672 1328 744 δὴ
1380 672 1440 726 τδ
1493 671 1762 742 βασίλειον
1795 684 1810 700 ο

240 765 355 817 ἀλλ’
404 766 502 818 οὐκ
563 765 830 836 ἄντικρυς
887 768 1164 838 τυραννὶς,
1227 766 1336 819 ίδια
1390 764 1460 818 τὰ
1519 762 1673 821 κοινὰ
1705 761 1812 815 τῶν

237 857 593 928 κρατούντων
633 857 1024 928 λογιζομένων,
1075 859 1169 914 καὶ
1218 859 1299 921 εἰς
1339 856 1544 920 οἰκείας
1576 852 1814 917 ἀπολαύο

238 966 353 1013 σεις
383 951 690 1022 χρωμένων
729 952 913 1013 αὐτοῖς
938 967 952 988 η
985 951 1078 1004 καὶ
1111 948 1315 1003 τούτων
1346 949 1493 1013 ἐνίας
1536 948 1637 1001 οὐκ
1679 946 1812 1000 εὐα-

235 1046 377 1109 γεῖς,
412 1044 506 1098 καὶ
555 1044 918 1116 δωρουμένων
981 1037 1066 1106 οἷς
1128 1042 1409 1111 βούλονται
1454 1042 1522 1097 τὰ
1551 1041 1810 1114 δημόσια,

236 1136 327 1188 καὶ
347 1135 413 1186 οὑ
446 1137 720 1206 ποιμένων
750 1136 954 1208 τρόπον
994 1139 1106 1200 τοῖς
1143 1135 1405 1204 ὑπηκόοις
1429 1131 1812 1207 προσφερομέ-

234 1244 362 1288 νων,
410 1227 708 1298 κειρόντων
755 1228 815 1282 τὸ
865 1228 1116 1296 περιττὸν
1174 1229 1272 1298 τῆς
1321 1226 1528 1298 τριχὸς,
1580 1223 1676 1280 καὶ
1714 1240 1813 1276 1t;-

235 1325 552 1392 φεισμένως
579 1325 1005 1394 ἐμφορουμένων
1035 1324 1129 1378 τοῦ
1167 1323 1458 1392 γάλακτος,
1492 1321 1627 1376 ἀλλὰ
1655 1321 1812 1387 δίκην

234 1415 452 1485 λῃστῶν
502 1416 642 1470 αὐτὰ
699 1416 1078 1470 καταθυόντων
1132 1415 1201 1470 τὰ
1249 1414 1515 1486 πρόϐατα,
1568 1414 1663 1466 καὶ
1701 1412 1810 1464 τῶν

233 1507 458 1574 σαρκῶν
483 1508 935 1577 ἐμφορουμένων,
989 1508 1022 1577 ἢ
1085 1508 1193 1566 καὶ.
1229 1508 1426 1572 αὐτοὺς
1461 1503 1810 1576 ἑκμυζόντων

229 1599 354 1659 τοὺς
391 1598 652 1668 μυελούς.
707 1599 771 1652 Ἣ
825 1600 925 1670 μὲν
983 1597 1076 1657 οὖν
1133 1600 1286 1663 πόλις
1339 1597 1481 1656 οὕτω
1536 1595 1690 1668 παρὰ
1715 1595 1810 1648 τοῦ

227 1689 494 1751 εὐσεϐοῦς
521 1692 735 1752 ἐκείνου
790 1691 1057 1762 βασιλέως
1107 1691 1511 1761 ἀνῳκοδόμητο,
1576 1685 1808 1746 κατὰτὸ

228 1781 401 1836 πάλαι
435 1783 750 1848 Βυζάντιον.
791 1784 864 1838 Τὸ
897 1783 954 1838 δὲ
984 1783 1276 1847 Βυζάντιον
1301 1783 1457 1846 πόλις
1488 1780 1582 1835 καὶ
1615 1779 1810 1854 πρώην

227 1871 557 1944 ἐτύγχανεν,
585 1876 646 1929 οὐ
693 1875 800 1928 τῶν
843 1876 1141 1946 ἀνωνύμων
1187 1876 1219 1946 ἢ
1252 1875 1360 1928 τῶν
1389 1874 1647 1944 ἀσήμων,
1673 1871 1810 1928 ἀλλὰ

227 1968 320 2022 καὶ
379 1967 618 2038 πλήθεσι
676 1967 908 2021 πολιτῶν
965 1967 1360 2039 εὐθηνουμένη,
1419 1967 1512 2020 καὶ
1567 1965 1808 2033 πλούτῳ,

227 2058 319 2113 καὶ
354 2057 578 2131 ἀνδρῶν
634 2059 1010 2128 γενναιότητι,
1071 2057 1165 2114 καὶ
1210 2057 1408 2128 τειχῶν
1459 2056 1810 2128 ἐρυμνότητι,

226 2152 319 2204 καὶ
351 2149 642 2215 τοσοῦτον,
673 2151 747 2214 ὡς
775 2151 868 2205 ἐπὶ
904 2152 1054 2220 τρεῖς
1091 2151 1372 2212 ἐνιαυτοὺς
1409 2150 1503 2203 ἐπὶ
1543 2148 1812 2217 Σεὸήρου,

227 2240 319 2292 τοῦ
345 2242 414 2293 ὲν
449 2238 639 2313 Ῥώμῃ
661 2244 728 2313 τῇ
770 2241 977 2316 παλαιᾷ
1007 2241 1446 2313 βασιλεύσαντος,
1476 2241 1626 2311 παρὰ
1662 2241 1806 2294 Ῥω-

229 2331 422 2404 μαίων
463 2332 897 2403 πολιορκεῖσθαι,
937 2335 1033 2390 καὶ
1069 2333 1238 2387 πολλὰ
1279 2332 1430 2404 παρὰ
1454 2332 1562 2386 τῶν
1592 2331 1812 2403 πολιορ-

229 2425 527 2494 κουμένων
557 2424 861 2496 ὑποστῆναι
898 2425 1116 2490 αὐτοὺς,
1148 2425 1222 2492 ὡς
1253 2427 1311 2478 ὲν
1341 2426 1454 2488 τοῖς
1485 2425 1611 2495 περὶ
1639 2424 1813 2493 Σευη-

240 2533 337 2585 ρου
373 2533 474 2585 μοι
511 2517 923 2588 προῖστόρηται.
969 2516 1106 2588 Περὶ
1133 2517 1190 2572 δὲ
1220 2516 1320 2586 τῆς
1355 2517 1462 2571 τῶν
1506 2515 1816 2580 Βυζαντίων

233 2609 554 2679 δυνάμεως,
602 2609 699 2662 καὶ
732 2608 835 2678 τῆς
861 2609 972 2665 τῶν
1000 2609 1198 2679 τειχῶν
1242 2609 1589 2681 ὀχυρότητος,
1643 2608 1816 2660 ταῦτα

231 2701 258 2751 ὁ
279 2700 430 2753 Δίων
463 2699 575 2769 (14)
603 2701 661 2753 ἐν
694 2702 807 2764 τοῖς
832 2695 959 2772 περὶ
1018 2701 1263 2772 Σευήρου
1314 2701 1448 2771 φησί
1479 2716 1496 2734 ο
1545 2700 1716 2770 Τείχη
1747 2699 1817 2754 δὲ

233 2795 299 2846 τὸ
358 2792 697 2852 Βυζάντιον
764 2792 1174 2861 καρτερώτατα
1229 2790 1393 2862 εἶχεν
1423 2808 1438 2824 ο
1501 2792 1536 2845 ὅ
1587 2809 1652 2846 τε
1705 2793 1817 2862 γὰρ

235 2883 440 2952 θάψειε
488 2882 600 2952 (15)
658 2881 858 2936 αὐτῶν
911 2885 1104 2950 λίθοις
1157 2882 1536 2963 τετραπέδοις
1594 2883 1818 2952 παχέσι

235 2975 741 3046 σινι-ῳκοδόμητο,
804 2975 993 3041 πλαξὶ
1049 2975 1304 3046 χαλκαῖς
1359 2976 1815 3044 συνδουμένοις,

236 3069 336 3122 καὶ
370 3071 447 3122 τὰ
491 3069 666 3134 ἐντὸς
702 3068 905 3123 αὐτῶν
954 3068 1054 3123 καὶ
1095 3069 1326 3138 χώμασι
1378 3069 1476 3123 καὶ
1508 3069 1817 3139 οἰκοδομή·

1917 576 2033 632 solo
2071 576 2290 634 condita
2337 585 2442 632 cst.
2497 575 2817 648 Byzantium
2873 585 3056 642 autem
3115 576 3269 646 prius
3318 578 3485 638 etiam

1916 670 2054 727 urbs
2098 670 2202 724 fuit
2233 668 2378 724 haud
2426 668 2683 732 obscura,
2735 683 2916 738 neque
2969 667 3243 738 ignobilis,
3289 669 3384 724 sed
3431 680 3486 732 et

1915 762 2225 833 frequentia
2249 762 2451 818 civium
2490 761 2720 826 ﬂorens.
2752 769 2809 827 ει
2832 762 3051 830 Quibus,
3086 771 3144 822 et
3168 761 3302 820 viris
3333 761 3486 816 forti-

1915 853 2040 920 bus,
2071 862 2127 909 et
2156 855 2430 912 moenibus
2467 854 2815 926 permunitis,
2851 853 2992 912 adeo
3017 863 3078 914 ιιι
3103 853 3206 916 sub
3258 852 3483 917 Severo,

1914 949 2009 1018 qui
2052 956 2237 1004 vetere
2269 948 2442 1005 Roma
2494 947 2816 1018 imperabat,
2854 963 2951 1018 per
2985 947 3287 1012 triennium
3316 962 3345 1000 a
3380 946 3490 1001 ito-

1915 1041 2094 1098 manis
2119 1040 2490 1104 obsideretur,
2521 1056 2586 1096 ao
2612 1041 2782 1108 multa
2817 1040 3115 1105 tolerarent
3145 1040 3314 1101 cives.
3346 1039 3489 1094 sicut

1913 1146 2078 1202 supra
2109 1131 2163 1186 in
2199 1130 2404 1194 Severo
2440 1133 2804 1192 narravimus.
2837 1131 2975 1188 Dion
3011 1132 3144 1194 item
3176 1130 3245 1188 de
3275 1131 3486 1202 Byzan-

1915 1226 2114 1290 tiorum
2165 1223 2430 1295 potentia.
2465 1233 2521 1280 et
2553 1239 2836 1288 murorum
2875 1222 3154 1288 ﬁrmitate,
3187 1223 3241 1284 in
3284 1222 3488 1282 Severo

1912 1315 1979 1369 ad
2012 1315 2161 1370 hunc
2207 1314 2401 1372 scribit
2446 1315 2668 1373 modum
2696 1331 2708 1366 :
2734 1313 3058 1385 Byzantium
3087 1315 3277 1370 mania
3305 1315 3488 1372 (tabuit

1911 1413 2273 1475 robustissima
2299 1429 2317 1466 :
2351 1429 2475 1466 nam
2501 1429 2681 1468 eorum
2713 1412 2882 1474 lorica
2917 1413 3181 1484 lapidibus
3211 1415 3488 1484 quadratis

1909 1506 2102 1560 crassis
2134 1514 2431 1560 constructa
2475 1514 2612 1572 erat,
2637 1514 2688 1560 et
2713 1505 2924 1561 laminis
2959 1506 3143 1575 ferreis
3184 1505 3437 1578 colligata
3467 1523 3486 1561 :

1909 1598 2166 1658 interiora
2201 1606 2251 1652 et
2281 1599 2558 1666 aggeribus
2587 1605 2638 1652 et
2672 1597 2911 1667 (adificiis
2965 1600 3169 1652 munita
3223 1608 3400 1661 erant,
3431 1604 3490 1656 ut

1911 1691 2090 1750 omnia
2123 1706 2262 1747 unus
2300 1705 2511 1744 crassus
2552 1706 2736 1746 murus
2768 1703 2880 1752 esse
2914 1688 3239 1743 viderentur.
3269 1688 3490 1744 Inerant

1911 1791 1958 1836 et
1993 1781 2173 1840 multa:
2193 1796 2398 1851 magna:
2431 1790 2604 1836 turres
2637 1782 2784 1851 foras
2811 1781 3187 1851 prominentes,
3219 1790 3268 1833 et
3297 1781 3490 1834 crebris

1913 1875 2152 1944 fenestris
2214 1874 2512 1928 adornatur.
2568 1871 2708 1928 Pars
2764 1873 3054 1928 continenti
3113 1872 3328 1932 obuersa
3355 1911 3370 1935 ,
3422 1872 3491 1926 ad

1914 1981 2166 2038 magnam
2205 1965 2520 2036 exsurgebat
2557 1963 2892 2020 altitudinem
2919 1980 2940 2020 .'
2963 1980 3080 2035 qua
3109 1979 3258 2018 mare
3281 1972 3492 2033 specta.

1913 2059 2022 2126 bat,
2061 2058 2312 2114 huntilior
2357 2068 2494 2120 erat.
2525 2067 2576 2112 et
2609 2069 2792 2130 portus
2844 2069 3064 2129 uterque
3107 2061 3251 2114 intra
3297 2058 3490 2114 moenia

1913 2152 2114 2211 catenis
2164 2148 2343 2206 claudi
2373 2157 2599 2221 poterat,
2654 2165 2938 2220 eorumque
2981 2149 3196 2206 brachia
3243 2150 3490 2218 utrinque

1915 2249 2087 2301 turres
2116 2240 2338 2298 multum
2371 2242 2655 2295 eminentes
2695 2239 3047 2296 sustinebant.
3081 2237 3313 2308 Navigia
3370 2252 3489 2291 vero

1913 2335 2173 2390 habebant
2221 2333 2464 2405 Byzantii
2523 2335 2843 2405 quingenta,
2900 2330 3156 2404 pleraque
3202 2330 3444 2384 solitaria
3469 2345 3488 2382 :

1914 2431 2172 2502 quasdam
2223 2432 2384 2486 etiam
2429 2429 2687 2494 biremes,
2751 2443 2982 2498 quarum
3021 2423 3293 2481 nonnulla:
3343 2429 3394 2477 et
3435 2424 3490 2476 in

1915 2538 2074 2594 prora
2127 2529 2176 2576 et
2217 2523 2273 2576 in
2323 2505 2486 2592 puppi
2538 2518 2904 2592 gubernaculis
2953 2526 3005 2574 et
3055 2514 3491 2589 gubernatoribus

1916 2624 2185 2671 exornata:
2231 2622 2408 2680 erant,
2447 2621 2496 2668 et
2527 2613 2700 2683 duplis
2749 2613 2948 2678 nautis,
2992 2619 3123 2665 utet
3168 2607 3410 2662 accedere
3442 2615 3491 2660 et

1917 2709 2153 2764 recedere
2191 2716 2433 2779 possent,
2483 2706 2704 2762 navibus
2756 2722 2863 2762 non
2911 2703 3189 2765 conversis,
3230 2708 3280 2755 et
3321 2703 3491 2754 hostes

1918 2810 2028 2856 tam
2063 2803 2116 2855 in
2146 2816 2346 2854 recessu
2374 2815 2535 2871 quam
2565 2812 2770 2853 accessu
2797 2801 3070 2856 vexarent.
3105 2791 3308 2862 Adjicit
3335 2789 3491 2854 Dion,

1916 2913 2012 2970 vn,
2045 2905 2227 2952 turres
2257 2910 2285 2950 a
2335 2893 2568 2956 Thracia
2618 2899 2778 2965 porta
2824 2889 2892 2946 ad
2937 2903 3088 2944 mare
3136 2884 3492 2957 pertinuisse,

1919 3004 2155 3060 quarum
2184 2988 2228 3044 si
2259 2988 2386 3058 quis
2424 2987 2583 3042 aliam
2632 2984 2920 3055 attigisset,
2972 2980 3135 3036 tacita
3166 2977 3332 3035 fuerit
3365 2996 3378 3033 :
3409 2977 3495 3032 sin

1922 3081 1978 3137 in
2011 3083 2243 3153 primam
2277 3079 2484 3151 aliquid
2523 3077 2893 3144 inclamasset,
2923 3084 3018 3130 aut
3043 3072 3278 3143 lapidem
3308 3070 3497 3140 conje-

229 3177 432 3230 μασιν
457 3162 782 3229 ὠχύροντο,
838 3161 994 3217 ὥστε
1046 3163 1145 3217 καὶ
1193 3160 1263 3216 ἓν
1314 3162 1513 3230 τεῖχος
1561 3162 1725 3232 παχὺ
1751 3162 1818 3217 τὸ

1923 3175 2106 3238 cisset,
2139 3187 2260 3228 eam
2289 3185 2388 3242 per
2422 3169 2729 3234 machinam
2757 3165 3048 3238 quamdam
3077 3163 3412 3242 resonuisse,
3439 3168 3498 3217 et

238 3255 365 3308 πᾶν
413 3251 568 3309 εἶναι
593 3254 814 3309 δοκεῖν.
843 3256 1063 3324 Πύργοι
1089 3271 1152 3309 τε
1183 3255 1398 3310 πολλοὶ
1432 3255 1531 3309 καὶ
1568 3254 1821 3325 μεγάλοι

237 3348 357 3411 ἔξω
397 3364 460 3400 τε
505 3346 864 3417 ἐκκείμενοι,
905 3346 1004 3400 καὶ
1053 3347 1299 3414 θυρίδας
1332 3346 1505 3415 πέριξ
1551 3346 1822 3416 causa.

237 3445 397 3507 .tovc
426 3441 675 3511 ἔχοντες
705 3441 888 3510 ἦσαν.
921 3439 1028 3495 Kal
1065 3442 1136 3496 τὰ
1160 3441 1277 3509 μὲν
1297 3442 1445 3508 πρὸς
1493 3440 1606 3510 τὴν
1650 3440 1820 3510 ἥπειο

233 3553 349 3602 ρον
410 3535 582 3602 τείχη
604 3534 669 3598 ἐς
693 3534 848 3604 μέγα
871 3533 1028 3602 ὕψος
1073 3529 1239 3603 ἦρτο.
1304 3534 1382 3591 Τὰ
1430 3531 1498 3588 δὲ
1542 3534 1692 3602 πρὸς
1719 3533 1823 3592 θά-

239 3632 500 3682 λασσαν
525 3624 710 3698 ἦττον
738 3627 992 3697 ὑψοῦτο,
1038 3629 1098 3682 οἵ
1127 3645 1190 3682 τε
1219 3627 1462 3697 λιμένες
1501 3627 1674 3695 ἐντὸς
1709 3630 1825 3682 τεί-

241 3736 403 3788 χους
440 3719 765 3787 ἀμφότεροι
823 3718 1093 3773 uelato!
1143 3721 1446 3774 ἁλύσεσιν
1491 3717 1674 3791 ἦσαν,
1723 3723 1822 3777 καὶ

242 3812 304 3864 αι
335 3810 531 3880 χηλαὶ
559 3809 757 3866 αὐτῶν
780 3811 1048 3880 πύργους
1080 3811 1174 3880 ἐφ’
1209 3811 1463 3881 ἑκάτερα
1488 3816 1647 3870 πολὺ
1683 3830 1826 3884 προ-

241 3901 511 3971 έχοντας
531 3903 769 3972 ἔφερον.
813 3900 1002 3957 [Maia
1047 3902 1101 3956 δ’
1140 3899 1302 3974 ἦσαν
1328 3904 1453 3970 τοῖς
1486 3905 1825 3975 Βυζαντίοις

244 3995 629 4047 πεντακόσια
660 4009 676 4024 ο
736 3992 810 4046 τὰ
859 3991 978 4063 μὲν
1033 3992 1314 4056 πλεῖστα,
1371 3996 1644 4064 μονήρη·
1693 3998 1825 4052 ἐστι

242 4085 297 4138 δ’
351 4083 398 4139 d
439 4086 537 4138 καί
573 4084 832 4151 δίκροτα,
861 4086 962 4138 καί
1011 4101 1174 4140 τισιν
1215 4087 1416 4142 αὐτῶν
1459 4089 1557 4143 καὶ
1608 4091 1675 4144 ὲκ
1727 4089 1827 4159 τῆς

243 4178 496 4246 πρώρας
528 4177 626 4232 καί
671 4178 740 4232 ἐκ
776 4177 887 4247 τῆς
933 4179 1208 4250 πρύμνης
1257 4179 1523 4247 πηδάλια
1569 4181 1825 4253 ἤσκητο,

242 4271 344 4323 καὶ
385 4269 784 4338 κυϐερνήτας-ο
819 4273 1046 4339 ναύτας
1072 4289 1136 4326 τε
1165 4272 1426 4339 διπλοῦς
1451 4270 1640 4344 εῒχον,
1668 4277 1828 4345 ὅπως

242 4363 343 4415 καὶ
402 4359 735 4418 ἐπιπλέωσι
785 4365 880 4417 καὶ
916 4365 1264 4435 ἀναχωρῶσι
1319 4369 1406 4437 μὴ
1453 4370 1825 4442 ἀναστρεφόσ

240 4469 443 4520 μενοι,
492 4451 592 4505 καὶ
634 4452 776 4518 τοὺς
819 4454 1133 4522 ἐναντίους
1168 4456 1238 4510 ἓν
1280 4475 1345 4510 τε
1399 4458 1478 4524 τῷ
1532 4465 1827 4531 πρόσπλῳ

243 4547 344 4599 καὶ
386 4545 467 4609 τῷ
525 4545 780 4612 ἀπόπλῳ
834 4545 1035 4601 αὐτῶν
1085 4548 1388 4618 deditum.
1441 4552 1586 4621 Πρὸς
1617 4555 1828 4618 τούτοις

245 4641 455 4706 ἐπάγει
497 4637 526 4690 ό
564 4637 722 4701 Δίων,
768 4637 844 4700 ὡς
878 4639 1019 4694 ἑπτὰ
1067 4641 1174 4696 ἀπὸ
1205 4641 1314 4697 τῶν
1357 4643 1611 4715 Θρᾳκίων
1645 4646 1830 4699 πυλῶν

247 4733 460 4802 πύργοι
521 4730 922 4798 καθεστηκότες
984 4731 1122 4803 πρὸς
1164 4733 1263 4804 τὴν
1304 4733 1580 4790 θάλασσαν
1631 4731 1774 4808 ἦσαν
1813 4754 1827 4769 ·

246 4825 463 4879 τούτων
502 4826 545 4878 δ’
591 4827 636 4878 εξ
674 4826 774 4892 μέν
803 4842 887 4887 τις
936 4824 1080 4895 ἄλλῳ
1120 4843 1197 4898 τῳ
1245 4829 1598 4898 προσέμιξεν,
1631 4830 1833 4900 ἥσυχος

248 4913 340 4986 ἦν.
367 4916 431 4968 Εἰ
487 4914 541 4968 δὲ
591 4913 656 4986 δὴ
698 4915 776 4985 τῷ
820 4915 1022 4985 πρώτῳ
1048 4933 1102 4969 τι
1141 4918 1447 4988 ἐνεϐόησεν,
1501 4919 1532 4989 ἢ
1564 4922 1656 4974 καὶ
1685 4921 1832 4973 λίθον

251 5004 651 5076 προσέρριψεν,
695 5004 858 5067 αὑτός
891 5021 950 5057 τε
979 5005 1159 5060 ἐλάλει
1189 5006 1253 5062 ἐκ
1280 5023 1424 5070 τινος
1453 5009 1701 5078 μηχανῆς
1736 5010 1830 5062 καὶ

250 5097 334 5167 τῷ
386 5097 626 5165 δευτέρῳ
668 5096 729 5148 τδ
766 5095 900 5149 αὐτὸ
947 5097 1234 5166 παρεδίδου
1285 5099 1460 5150 ποιεῖν
1489 5113 1504 5130 ⁸
1557 5099 1650 5152 καὶ
1691 5100 1834 5152 οὕτω

252 5191 346 5242 διὰ
376 5191 598 5242 πάντων
627 5188 830 5258 ὁμοίως
865 5189 1084 5260 ἐχώρει,
1116 5191 1236 5244 οὐδὲ
1266 5193 1636 5264 ὲπετάραττον
1666 5195 1834 5266 ἀλλή-

253 5281 406 5342 λους,
450 5279 565 5333 ἀλλ’
596 5280 656 5332 ἑν
685 5280 762 5348 τῷ
792 5280 950 5352 μέρει
980 5282 1180 5346 πάντες
1206 5283 1356 5351 παρὰ
1391 5285 1484 5337 τοῦ
1525 5285 1632 5355 πρὸ
1670 5285 1834 5338 αὐτοῦ

255 5371 450 5439 ⁴ἔτερος
476 5371 576 5440 τήν
612 5387 671 5424 τε
712 5370 893 5442 φωνὴν
931 5373 1026 5425 καὶ
1060 5373 1158 5444 τὴν
1189 5375 1327 5445 ἠχὴν
1357 5374 1674 5445 διεδέχοντο.
1709 5377 1835 5428 Τοι-

258 5461 406 5533 αύτη
441 5461 541 5532 μὲν
585 5457 678 5516 οὖν
712 5461 809 5515 τοῦ
855 5462 1150 5529 Βυζαντίου
1191 5467 1355 5520 πάλαι
1394 5469 1426 5516 is
1481 5467 1634 5531 πόλις
1677 5468 1836 5538 ἐτύγ-

1923 3264 2176 3321 eumdem
2219 3276 2414 3321 sonum
2457 3258 2716 3332 proxima:
2759 3254 3072 3319 tradidisse,
3100 3252 3275 3308 donec
3304 3263 3496 3305 onmes

1921 3353 2252 3428 pervasisset
2283 3368 2296 3403 :
2325 3364 2505 3420 neque
2554 3357 2734 3404 tamen
2767 3346 2929 3402 aliam
2966 3344 3037 3400 ab
3065 3343 3169 3400 alia
3201 3340 3492 3406 turbatam,

1924 3446 2019 3505 sed
2065 3461 2163 3516 per
2207 3443 2359 3499 vices
2387 3441 2457 3498 ab
2481 3439 2738 3497 omnibus
2787 3452 2978 3493 vocem
3011 3444 3067 3492 et
3095 3449 3289 3490 sonum
3331 3447 3496 3488 exce-

1922 3546 2097 3612 ptum.
2128 3538 2206 3595 Ac
2241 3534 2366 3590 talis
2388 3533 2515 3590 olim
2544 3531 2838 3603 Byzantina
2866 3529 3000 3584 urbs
3024 3527 3128 3584 fuit
3154 3543 3171 3582 :
3202 3524 3299 3582 sed
3327 3523 3498 3594 incly-

1924 3641 2015 3688 tus
2045 3629 2439 3688 Constantinus
2483 3642 2603 3683 eam
2636 3625 2689 3679 in
2725 3625 3050 3680 immensum
3092 3619 3264 3686 auxit,
3293 3615 3496 3688 templa

1927 3721 2292 3785 inaditicavit,
2348 3727 2404 3774 et
2455 3717 2643 3772 multis
2688 3715 2856 3771 rebus
2894 3711 3226 3768 adornavit:
3259 3707 3498 3777 denique

1927 3819 2152 3868 teretem
2183 3809 2329 3864 illam
2369 3807 2676 3863 columnam
2714 3803 3176 3874 porphyreticam,
3206 3800 3398 3863 Roma,
3435 3806 3500 3852 ut

1928 3904 2139 3969 ferunt,
2185 3901 2402 3957 allatam
2459 3898 2513 3952 in
2545 3897 2664 3953 foro
2711 3895 2942 3966 lapideis
2982 3893 3198 3950 tabellis
3244 3893 3496 3952 instrato,

1928 3995 2076 4051 unde
2104 4009 2134 4048 a
2164 3992 2368 4050 Graecis
2398 3992 2654 4047 Placoton
2691 3989 3028 4051 nominatur,
3070 3984 3247 4041 erexit
3273 4000 3288 4038 :
3314 3985 3498 4052 juxta-

1928 4104 2037 4160 que
2069 4085 2419 4142 simulacrum
2452 4097 2687 4146 tcneum,
2724 4090 2840 4134 tum
2876 4077 3109 4133 artiﬁcio
3138 4073 3373 4131 mirabili
3403 4088 3501 4130 an-

1933 4181 2096 4252 iiquae
2130 4181 2324 4236 manus
2355 4190 2492 4246 pene
2535 4173 2771 4228 viventis
2809 4171 2982 4226 instar
3011 4182 3352 4240 expressum,
3385 4175 3498 4221 tum

1930 4269 2306 4343 magnitudine
2336 4267 2532 4335 insigni
2566 4262 2864 4336 spectabile
2903 4259 3194 4317 dedicavit.
3224 4258 3357 4314 Eam
3385 4265 3502 4313 sta-

1931 4372 2082 4418 tuam
2127 4358 2395 4430 Apollinis
2437 4371 2560 4413 esse
2600 4353 2809 4420 ierunt,
2847 4353 2945 4408 Ilio
2972 4352 3032 4422 8
3059 4349 3304 4421 Phrygiae
3325 4357 3503 4404 trans-

1932 4454 2121 4508 latam.
2171 4450 2276 4505 Sed
2335 4449 2554 4504 divinus
2598 4446 2897 4516 imperator
2925 4443 3039 4510 ille,
3082 4456 3244 4497 suum
3289 4438 3368 4495 illi
3398 4452 3502 4494 no-

1931 4567 2058 4607 men
2095 4549 2315 4612 indidit,
2352 4546 2521 4603 clavis
2555 4543 2880 4615 quibusdam
2933 4539 3098 4612 capiti
3130 4537 3374 4598 insertis.
3406 4537 3500 4606 qui

1927 4656 2133 4712 corpus
2175 4639 2392 4695 Domini
2437 4635 2736 4693 salutiferae
2784 4634 2934 4690 cruci
2979 4632 3280 4688 uinxerant.
3329 4630 3406 4685 Ea
3433 4629 3503 4684 ad

1929 4743 2172 4790 nostram
2221 4744 2439 4802 quoque
2495 4736 2711 4784 aetatem
2772 4725 3074 4798 permansit
3129 4724 3362 4793 integra,
3410 4736 3505 4777 co-

1922 4825 2128 4880 lumnae
2179 4823 2479 4878 insistens:
2514 4820 2609 4876 sed
2648 4819 2752 4875 sub
2787 4816 2976 4873 Alexio
3019 4814 3301 4870 Comneno
3332 4812 3504 4869 vcbc-

1927 4918 2130 4974 mentis
2175 4915 2326 4971 venti
2378 4913 2586 4982 impetu
2637 4911 2847 4981 deiecta
2895 4907 3140 4965 concidit
3178 4922 3192 4960 :
3237 4921 3338 4963 nec
3386 4907 3503 4977 ipsa

1931 5012 2106 5067 solum
2146 5006 2484 5064 communita
2515 5009 2619 5066 est,
2658 5002 2752 5058 sed
2788 5001 2990 5055 multos
3013 5001 3200 5064 etiam,
3251 4997 3346 5065 qui
3372 5013 3500 5054 casu

1929 5103 2043 5158 illic
2073 5107 2250 5165 erant,
2303 5095 2584 5153 contrivit.
2624 5092 2924 5150 Palladium
2977 5092 3106 5146 item
3139 5090 3302 5158 Troia
3334 5089 3389 5143 iu
3416 5087 3502 5142 Γο-

1931 5209 2052 5248 rum
2088 5192 2368 5246 Placotum
2417 5185 2714 5240 transtulit.
2748 5184 2824 5238 lta
2851 5179 3244 5237 Constantinus
3281 5176 3503 5245 Magnus

1931 5301 2055 5343 cum
2107 5283 2230 5337 aliis
2269 5280 2458 5335 multis
2517 5277 2708 5332 urbem
2760 5273 3086 5335 adornavit,
3135 5281 3249 5326 tum
3303 5266 3502 5338 Byzan-

1934 5381 2091 5446 tium,
2141 5378 2284 5446 (ιιιοιΙ
2342 5375 2491 5444 prius
2537 5371 2784 5430 Thracia:
2838 5366 3111 5424 lleraclcze
3156 5361 3501 5434 episcopatus

1932 5477 2070 5535 erat,
2103 5486 2133 5522 a
2162 5467 2364 5523 Severo
2402 5462 2700 5518 Perinlbiis
2745 5468 2866 5530 post
2908 5455 3278 5526 captivitatem
3313 5449 3500 5520 subje-

1445 5627 1640 5690 ναι-ἰῶ
1683 5627 1987 5692 lectiones
2031 5635 2092 5689 et
2125 5630 2312 5686 notas.

285 5836 300 5887 ι
341 5766 452 5848 (Η)
685 5765 852 5839 Cujus
881 5765 1050 5823 verba
1084 5765 1445 5835 expendimus
1495 5769 1550 5823 in
1598 5771 1841 5842 Byzantii

307 5852 487 5892 cscrm
519 5851 664 5892 tonc.

264 5851 664 5900 (lCSCl’iDlionc.

2025 5765 2136 5837 (l5)
2167 5763 2392 5829 Θώραξ.
2436 5762 2715 5837 Murorum
2745 5759 2942 5837 lorica1
2968 5755 3130 5837 vulgo
3151 5752 3393 5819 Cortina,
3429 5762 3506 5837 at-

1952 5826 2057 5906 que
2088 5826 2166 5892 sic
2189 5863 2197 5876 ι
2223 5826 2627 5899 nicmiaviluus,
2666 5832 2755 5885 ubi
2783 5827 3018 5884 Wolﬁus
3041 5826 3186 5896 frons
3218 5829 3482 5880 verterat.
