  <div class='ocr_page' id='page_1' title='image "/cluster/home/n/w/nwhite01/storage/ocr_20150623/134/hvd.32044019208289/569.png"; bbox 0 0 3930 6542; ppageno 0'>
   <div class='ocr_carea' id='block_1_1' title="bbox 576 350 713 416">
    <p class='ocr_par' dir='ltr' id='par_1_1' title="bbox 576 350 713 416">
     <span class='ocr_line' id='line_1_1' title="bbox 576 350 713 416; baseline 0 0"><span class='ocrx_word' id='word_1_1' title='bbox 576 350 713 416; x_wconf 64' lang='lat' dir='ltr'><strong>lilii</strong></span> 
     </span>
    </p>
   </div>
   <div class='ocr_carea' id='block_1_2' title="bbox 1835 345 2524 410">
    <p class='ocr_par' dir='ltr' id='par_1_2' title="bbox 1835 345 2524 410">
     <span class='ocr_line' id='line_1_2' title="bbox 1835 345 2524 410; baseline -0.001 0"><span class='ocrx_word' id='word_1_2' title='bbox 1835 345 2158 410; x_wconf 68' lang='lat' dir='ltr'><strong>JOANNIS</strong></span> <span class='ocrx_word' id='word_1_3' title='bbox 2195 345 2524 409; x_wconf 77' lang='grc' dir='ltr'><strong>ΖΟΝΑΒᾸΞ</strong></span> 
     </span>
    </p>
   </div>
   <div class='ocr_carea' id='block_1_3' title="bbox 3689 341 3830 412">
    <p class='ocr_par' dir='ltr' id='par_1_3' title="bbox 3689 341 3830 412">
     <span class='ocr_line' id='line_1_3' title="bbox 3689 341 3830 412; baseline 0.043 -6"><span class='ocrx_word' id='word_1_4' title='bbox 3689 341 3830 412; x_wconf 66' lang='grc'><strong>1120</strong></span> 
     </span>
    </p>
   </div>
   <div class='ocr_carea' id='block_1_4' title="bbox 566 456 2105 533">
    <p class='ocr_par' dir='ltr' id='par_1_4' title="bbox 566 461 2105 532">
     <span class='ocr_line' id='line_1_4' title="bbox 566 461 2105 532; baseline -0.003 -13"><span class='ocrx_word' id='word_1_5' title='bbox 566 464 960 519; x_wconf 73' lang='lat' dir='ltr'><strong>Constantinus</strong></span> <span class='ocrx_word' id='word_1_6' title='bbox 988 478 1112 518; x_wconf 89' lang='lat' dir='ltr'><strong>cum</strong></span> <span class='ocrx_word' id='word_1_7' title='bbox 1143 462 1444 519; x_wconf 85' lang='lat' dir='ltr'><strong>Constante</strong></span> <span class='ocrx_word' id='word_1_8' title='bbox 1497 463 1568 518; x_wconf 92' lang='lat' dir='ltr'><strong>ob</strong></span> <span class='ocrx_word' id='word_1_9' title='bbox 1607 461 1957 532; x_wconf 82' lang='lat' dir='ltr'><strong>partitionem</strong></span> <span class='ocrx_word' id='word_1_10' title='bbox 2009 474 2105 531; x_wconf 90' lang='lat' dir='ltr'><strong>pro</strong></span> 
     </span>
    </p>
   </div>
   <div class='ocr_carea' id='block_1_5' title="bbox 2213 456 3826 533">
    <p class='ocr_par' dir='ltr' id='par_1_5' title="bbox 2213 456 3826 533">
     <span class='ocr_line' id='line_1_5' title="bbox 2213 456 3826 533; baseline 0.001 -19"><span class='ocrx_word' id='word_1_11' title='bbox 2213 458 2340 516; x_wconf 77' lang='grc' dir='ltr'><strong>,καὶ</strong></span> <span class='ocrx_word' id='word_1_12' title='bbox 2373 459 2511 528; x_wconf 79' lang='grc' dir='ltr'><strong>πρὸς</strong></span> <span class='ocrx_word' id='word_1_13' title='bbox 2540 456 2755 520; x_wconf 76' lang='grc' dir='ltr'><strong>τούτοις</strong></span> <span class='ocrx_word' id='word_1_14' title='bbox 2791 457 2888 526; x_wconf 79' lang='grc' dir='ltr'><strong>τὴν</strong></span> <span class='ocrx_word' id='word_1_15' title='bbox 2925 456 3150 529; x_wconf 78' lang='grc' dir='ltr'><strong>Θρᾴκην</strong></span> <span class='ocrx_word' id='word_1_16' title='bbox 3181 457 3285 513; x_wconf 71' lang='grc' dir='ltr'><strong>σὺν</strong></span> <span class='ocrx_word' id='word_1_17' title='bbox 3318 460 3382 531; x_wconf 78' lang='grc' dir='ltr'><strong>τῇ</strong></span> <span class='ocrx_word' id='word_1_18' title='bbox 3434 459 3590 514; x_wconf 80' lang='grc' dir='ltr'><strong>πόλει</strong></span> <span class='ocrx_word' id='word_1_19' title='bbox 3620 464 3688 533; x_wconf 73' lang='grc' dir='ltr'><strong>τῇ</strong></span> <span class='ocrx_word' id='word_1_20' title='bbox 3723 481 3826 517; x_wconf 82' lang='grc' dir='ltr'><strong>πα-</strong></span> 
     </span>
    </p>
   </div>
   <div class='ocr_carea' id='block_1_6' title="bbox 565 555 2140 626">
    <p class='ocr_par' dir='ltr' id='par_1_6' title="bbox 565 555 2140 626">
     <span class='ocr_line' id='line_1_6' title="bbox 565 555 2140 626; baseline 0.001 -18"><span class='ocrx_word' id='word_1_21' title='bbox 565 555 876 608; x_wconf 74' lang='lat' dir='ltr'><strong>vineiarnm</strong></span> <span class='ocrx_word' id='word_1_22' title='bbox 900 557 1230 624; x_wconf 83' lang='lat' dir='ltr'><strong>expostulat,</strong></span> <span class='ocrx_word' id='word_1_23' title='bbox 1270 567 1502 626; x_wconf 61' lang='lat' dir='ltr'><strong>petenso,</strong></span> <span class='ocrx_word' id='word_1_24' title='bbox 1536 565 1598 610; x_wconf 88' lang='lat' dir='ltr'><strong>ut</strong></span> <span class='ocrx_word' id='word_1_25' title='bbox 1639 566 1734 608; x_wconf 86' lang='lat' dir='ltr'><strong>aut</strong></span> <span class='ocrx_word' id='word_1_26' title='bbox 1782 565 1936 624; x_wconf 88' lang='lat' dir='ltr'><strong>parte</strong></span> <span class='ocrx_word' id='word_1_27' title='bbox 1987 555 2140 626; x_wconf 85' lang='lat' dir='ltr'><strong>regni</strong></span> 
     </span>
    </p>
   </div>
   <div class='ocr_carea' id='block_1_7' title="bbox 563 647 2140 717">
    <p class='ocr_par' dir='ltr' id='par_1_7' title="bbox 563 647 2140 717">
     <span class='ocr_line' id='line_1_7' title="bbox 563 647 2140 717; baseline 0.001 -16"><span class='ocrx_word' id='word_1_28' title='bbox 563 647 670 701; x_wconf 88' lang='lat' dir='ltr'><strong>sibi</strong></span> <span class='ocrx_word' id='word_1_29' title='bbox 701 647 881 709; x_wconf 86' lang='lat' dir='ltr'><strong>cedat,</strong></span> <span class='ocrx_word' id='word_1_30' title='bbox 908 658 1002 702; x_wconf 91' lang='lat' dir='ltr'><strong>aut</strong></span> <span class='ocrx_word' id='word_1_31' title='bbox 1028 648 1248 717; x_wconf 81' lang='lat' dir='ltr'><strong>partitio</strong></span> <span class='ocrx_word' id='word_1_32' title='bbox 1281 649 1348 703; x_wconf 84' lang='lat' dir='ltr'><strong>de</strong></span> <span class='ocrx_word' id='word_1_33' title='bbox 1377 650 1588 717; x_wconf 86' lang='lat' dir='ltr'><strong>integro</strong></span> <span class='ocrx_word' id='word_1_34' title='bbox 1638 648 1976 702; x_wconf 76' lang='lat' dir='ltr'><strong>instituatur.</strong></span> <span class='ocrx_word' id='word_1_35' title='bbox 2002 647 2140 703; x_wconf 91' lang='lat' dir='ltr'><strong>Cum</strong></span> 
     </span>
    </p>
   </div>
   <div class='ocr_carea' id='block_1_8' title="bbox 2244 550 3827 625">
    <p class='ocr_par' dir='ltr' id='par_1_8' title="bbox 2244 550 3827 625">
     <span class='ocr_line' id='line_1_8' title="bbox 2244 550 3827 625; baseline 0.003 -21"><span class='ocrx_word' id='word_1_36' title='bbox 2244 555 2405 622; x_wconf 77' lang='grc' dir='ltr'><strong>τρικῇ</strong></span> <span class='ocrx_word' id='word_1_37' title='bbox 2441 550 2575 623; x_wconf 77' lang='lat'><strong>(‘29).</strong></span> <span class='ocrx_word' id='word_1_38' title='bbox 2610 551 2769 605; x_wconf 77' lang='grc' dir='ltr'><strong>Ούτω</strong></span> <span class='ocrx_word' id='word_1_39' title='bbox 2798 551 2853 604; x_wconf 79' lang='grc' dir='ltr'><strong>δὲ</strong></span> <span class='ocrx_word' id='word_1_40' title='bbox 2881 551 2978 604; x_wconf 82' lang='grc' dir='ltr'><strong>τοῦ</strong></span> <span class='ocrx_word' id='word_1_41' title='bbox 3016 553 3288 622; x_wconf 75' lang='grc' dir='ltr'><strong>μερισμοῦ</strong></span> <span class='ocrx_word' id='word_1_42' title='bbox 3320 554 3418 623; x_wconf 80' lang='grc' dir='ltr'><strong>τῆς</strong></span> <span class='ocrx_word' id='word_1_43' title='bbox 3446 555 3629 625; x_wconf 83' lang='grc' dir='ltr'><strong>ἀρχῆς</strong></span> <span class='ocrx_word' id='word_1_44' title='bbox 3684 573 3827 625; x_wconf 76' lang='grc' dir='ltr'><strong>προ-</strong></span> 
     </span>
    </p>
   </div>
   <div class='ocr_carea' id='block_1_9' title="bbox 2244 643 3822 716">
    <p class='ocr_par' dir='ltr' id='par_1_9' title="bbox 2244 643 3822 716">
     <span class='ocr_line' id='line_1_9' title="bbox 2244 643 3822 716; baseline 0.002 -20"><span class='ocrx_word' id='word_1_45' title='bbox 2244 643 2459 710; x_wconf 81' lang='grc' dir='ltr'><strong>ϐάντος,</strong></span> <span class='ocrx_word' id='word_1_46' title='bbox 2483 647 2511 697; x_wconf 98' lang='lat'><strong>6</strong></span> <span class='ocrx_word' id='word_1_47' title='bbox 2542 645 2640 714; x_wconf 74' lang='grc' dir='ltr'><strong>μὲν</strong></span> <span class='ocrx_word' id='word_1_48' title='bbox 2672 646 3054 706; x_wconf 74' lang='grc' dir='ltr'><strong>Κωνττάντιος</strong></span> <span class='ocrx_word' id='word_1_49' title='bbox 3087 648 3168 708; x_wconf 86' lang='grc' dir='ltr'><strong>εἰς</strong></span> <span class='ocrx_word' id='word_1_50' title='bbox 3198 645 3297 714; x_wconf 76' lang='grc' dir='ltr'><strong>τὴν</strong></span> <span class='ocrx_word' id='word_1_51' title='bbox 3327 645 3468 715; x_wconf 82' lang='grc' dir='ltr'><strong>έῴαν</strong></span> <span class='ocrx_word' id='word_1_52' title='bbox 3517 646 3822 716; x_wconf 68' lang='grc' dir='ltr'><strong>ἐχώρησεν,</strong></span> 
     </span>
    </p>
   </div>
   <div class='ocr_carea' id='block_1_10' title="bbox 564 735 2105 813">
    <p class='ocr_par' dir='ltr' id='par_1_10' title="bbox 564 741 2105 813">
     <span class='ocr_line' id='line_1_10' title="bbox 564 741 2105 813; baseline 0.002 -21"><span class='ocrx_word' id='word_1_53' title='bbox 564 748 750 793; x_wconf 88' lang='lat' dir='ltr'><strong>autem</strong></span> <span class='ocrx_word' id='word_1_54' title='bbox 813 742 902 795; x_wconf 89' lang='lat' dir='ltr'><strong>ille</strong></span> <span class='ocrx_word' id='word_1_55' title='bbox 972 744 1154 811; x_wconf 86' lang='lat' dir='ltr'><strong>priore</strong></span> <span class='ocrx_word' id='word_1_56' title='bbox 1210 741 1484 798; x_wconf 86' lang='lat' dir='ltr'><strong>divisione</strong></span> <span class='ocrx_word' id='word_1_57' title='bbox 1536 743 1808 798; x_wconf 81' lang='lat' dir='ltr'><strong>niteretur</strong></span> <span class='ocrx_word' id='word_1_58' title='bbox 1842 783 1857 808; x_wconf 92' lang='lat'><strong>,</strong></span> <span class='ocrx_word' id='word_1_59' title='bbox 1911 753 1966 797; x_wconf 88' lang='lat' dir='ltr'><strong>et</strong></span> <span class='ocrx_word' id='word_1_60' title='bbox 2019 759 2105 813; x_wconf 88' lang='lat' dir='ltr'><strong>qu:</strong></span> 
     </span>
    </p>
   </div>
   <div class='ocr_carea' id='block_1_11' title="bbox 2213 735 3827 813">
    <p class='ocr_par' dir='ltr' id='par_1_11' title="bbox 2243 735 3827 806">
     <span class='ocr_line' id='line_1_11' title="bbox 2243 735 3827 806; baseline 0.001 -18"><span class='ocrx_word' id='word_1_61' title='bbox 2243 736 2626 806; x_wconf 72' lang='grc' dir='ltr'><strong>ἐκστρατεύων</strong></span> <span class='ocrx_word' id='word_1_62' title='bbox 2671 736 2811 789; x_wconf 68' lang='grc' dir='ltr'><strong>κατὰ</strong></span> <span class='ocrx_word' id='word_1_63' title='bbox 2866 735 3096 804; x_wconf 83' lang='grc' dir='ltr'><strong>Περσῶν</strong></span> <span class='ocrx_word' id='word_1_64' title='bbox 3142 735 3277 805; x_wconf 77' lang='lat'><strong>(50).</strong></span> <span class='ocrx_word' id='word_1_65' title='bbox 3341 737 3399 789; x_wconf 89' lang='grc' dir='ltr'>Ὀ</span> <span class='ocrx_word' id='word_1_66' title='bbox 3449 741 3561 806; x_wconf 69' lang='grc' dir='ltr'><strong>γὰρ</strong></span> <span class='ocrx_word' id='word_1_67' title='bbox 3612 737 3827 790; x_wconf 86' lang='grc' dir='ltr'><strong>τούτων</strong></span> 
     </span>
    </p>
   </div>
   <div class='ocr_carea' id='block_1_12' title="bbox 563 832 2138 904">
    <p class='ocr_par' dir='ltr' id='par_1_12' title="bbox 563 832 2138 904">
     <span class='ocr_line' id='line_1_12' title="bbox 563 832 2138 904; baseline 0.001 -19"><span class='ocrx_word' id='word_1_68' title='bbox 563 832 902 886; x_wconf 78' lang='lat' dir='ltr'><strong>obvenerant</strong></span> <span class='ocrx_word' id='word_1_69' title='bbox 937 844 1226 897; x_wconf 91' lang='lat' dir='ltr'><strong>tueretur,</strong></span> <span class='ocrx_word' id='word_1_70' title='bbox 1279 851 1457 904; x_wconf 88' lang='lat' dir='ltr'><strong>neque</strong></span> <span class='ocrx_word' id='word_1_71' title='bbox 1509 834 1664 889; x_wconf 77' lang='lat' dir='ltr'><strong>fratri</strong></span> <span class='ocrx_word' id='word_1_72' title='bbox 1712 835 1798 889; x_wconf 96' lang='lat' dir='ltr'><strong>vel</strong></span> <span class='ocrx_word' id='word_1_73' title='bbox 1850 835 2138 888; x_wconf 89' lang='lat' dir='ltr'><strong>minimum</strong></span> 
     </span>
    </p>
   </div>
   <div class='ocr_carea' id='block_1_13' title="bbox 562 922 2140 993">
    <p class='ocr_par' dir='ltr' id='par_1_13' title="bbox 562 922 2140 993">
     <span class='ocr_line' id='line_1_13' title="bbox 562 922 2140 993; baseline 0.003 -17"><span class='ocrx_word' id='word_1_74' title='bbox 562 922 890 976; x_wconf 83' lang='lat' dir='ltr'><strong>concederet</strong></span> <span class='ocrx_word' id='word_1_75' title='bbox 921 943 933 976; x_wconf 91' lang='lat'><strong>:</strong></span> <span class='ocrx_word' id='word_1_76' title='bbox 965 923 1376 989; x_wconf 76' lang='lat' dir='ltr'><strong>Constantinus,</strong></span> <span class='ocrx_word' id='word_1_77' title='bbox 1410 927 1576 979; x_wconf 89' lang='lat' dir='ltr'><strong>armis</strong></span> <span class='ocrx_word' id='word_1_78' title='bbox 1622 925 1874 993; x_wconf 82' lang='lat' dir='ltr'><strong>arreptis,</strong></span> <span class='ocrx_word' id='word_1_79' title='bbox 1921 926 2140 993; x_wconf 84' lang='lat' dir='ltr'><strong>provin-</strong></span> 
     </span>
    </p>
   </div>
   <div class='ocr_carea' id='block_1_14' title="bbox 563 1015 2134 1088">
    <p class='ocr_par' dir='ltr' id='par_1_14' title="bbox 563 1015 2134 1088">
     <span class='ocr_line' id='line_1_14' title="bbox 563 1015 2134 1088; baseline 0.003 -20"><span class='ocrx_word' id='word_1_80' title='bbox 563 1015 678 1069; x_wconf 86' lang='lat' dir='ltr'><strong>cias</strong></span> <span class='ocrx_word' id='word_1_81' title='bbox 709 1015 1028 1070; x_wconf 84' lang='lat' dir='ltr'><strong>Constantis</strong></span> <span class='ocrx_word' id='word_1_82' title='bbox 1068 1017 1295 1071; x_wconf 88' lang='lat' dir='ltr'><strong>invadit.</strong></span> <span class='ocrx_word' id='word_1_83' title='bbox 1332 1017 1434 1085; x_wconf 88' lang='lat' dir='ltr'><strong>Qui</strong></span> <span class='ocrx_word' id='word_1_84' title='bbox 1477 1028 1590 1071; x_wconf 91' lang='lat' dir='ltr'><strong>tum</strong></span> <span class='ocrx_word' id='word_1_85' title='bbox 1625 1019 1677 1072; x_wconf 91' lang='lat' dir='ltr'><strong>in</strong></span> <span class='ocrx_word' id='word_1_86' title='bbox 1708 1018 1870 1073; x_wconf 87' lang='lat' dir='ltr'><strong>Dacia</strong></span> <span class='ocrx_word' id='word_1_87' title='bbox 1925 1035 2093 1088; x_wconf 90' lang='lat' dir='ltr'><strong>agens</strong></span> <span class='ocrx_word' id='word_1_88' title='bbox 2121 1061 2134 1083; x_wconf 95' lang='lat'><strong>,</strong></span> 
     </span>
    </p>
   </div>
   <div class='ocr_carea' id='block_1_15' title="bbox 568 1107 2134 1176">
    <p class='ocr_par' dir='ltr' id='par_1_15' title="bbox 568 1107 2134 1176">
     <span class='ocr_line' id='line_1_15' title="bbox 568 1107 2134 1176; baseline 0.003 -17"><span class='ocrx_word' id='word_1_89' title='bbox 568 1115 720 1159; x_wconf 88' lang='lat' dir='ltr'><strong>motu</strong></span> <span class='ocrx_word' id='word_1_90' title='bbox 759 1107 850 1161; x_wconf 92' lang='lat' dir='ltr'><strong>illo</strong></span> <span class='ocrx_word' id='word_1_91' title='bbox 883 1108 1123 1176; x_wconf 86' lang='lat' dir='ltr'><strong>cognito,</strong></span> <span class='ocrx_word' id='word_1_92' title='bbox 1208 1109 1379 1164; x_wconf 88' lang='lat' dir='ltr'><strong>duces</strong></span> <span class='ocrx_word' id='word_1_93' title='bbox 1445 1125 1571 1164; x_wconf 90' lang='lat' dir='ltr'><strong>cum</strong></span> <span class='ocrx_word' id='word_1_94' title='bbox 1631 1110 1876 1164; x_wconf 88' lang='lat' dir='ltr'><strong>exercitu</strong></span> <span class='ocrx_word' id='word_1_95' title='bbox 1945 1118 2134 1164; x_wconf 87' lang='lat' dir='ltr'><strong>contra</strong></span> 
     </span>
    </p>
   </div>
   <div class='ocr_carea' id='block_1_16' title="bbox 558 1198 2133 1271">
    <p class='ocr_par' dir='ltr' id='par_1_16' title="bbox 558 1198 2133 1271">
     <span class='ocr_line' id='line_1_16' title="bbox 558 1198 2133 1271; baseline 0.001 -21"><span class='ocrx_word' id='word_1_96' title='bbox 558 1211 685 1250; x_wconf 88' lang='lat' dir='ltr'><strong>eum</strong></span> <span class='ocrx_word' id='word_1_97' title='bbox 721 1198 911 1262; x_wconf 86' lang='lat' dir='ltr'><strong>mittit,</strong></span> <span class='ocrx_word' id='word_1_98' title='bbox 941 1199 1056 1266; x_wconf 86' lang='lat' dir='ltr'><strong>ipse</strong></span> <span class='ocrx_word' id='word_1_99' title='bbox 1090 1215 1214 1253; x_wconf 89' lang='lat' dir='ltr'><strong>mox</strong></span> <span class='ocrx_word' id='word_1_100' title='bbox 1253 1216 1378 1254; x_wconf 90' lang='lat' dir='ltr'><strong>cum</strong></span> <span class='ocrx_word' id='word_1_101' title='bbox 1428 1200 1730 1271; x_wconf 83' lang='lat' dir='ltr'><strong>majoribus</strong></span> <span class='ocrx_word' id='word_1_102' title='bbox 1755 1199 1928 1269; x_wconf 90' lang='lat' dir='ltr'><strong>copiis</strong></span> <span class='ocrx_word' id='word_1_103' title='bbox 1974 1214 2133 1254; x_wconf 88' lang='lat' dir='ltr'><strong>secu-</strong></span> 
     </span>
    </p>
   </div>
   <div class='ocr_carea' id='block_1_17' title="bbox 561 1285 2134 1359">
    <p class='ocr_par' dir='ltr' id='par_1_17' title="bbox 561 1285 2134 1359">
     <span class='ocr_line' id='line_1_17' title="bbox 561 1285 2134 1359; baseline 0.003 -22"><span class='ocrx_word' id='word_1_104' title='bbox 561 1295 737 1340; x_wconf 89' lang='lat' dir='ltr'><strong>turus.</strong></span> <span class='ocrx_word' id='word_1_105' title='bbox 767 1287 871 1351; x_wconf 84' lang='lat' dir='ltr'><strong>Qui</strong></span> <span class='ocrx_word' id='word_1_106' title='bbox 907 1288 1057 1342; x_wconf 85' lang='lat' dir='ltr'><strong>missi</strong></span> <span class='ocrx_word' id='word_1_107' title='bbox 1083 1298 1262 1353; x_wconf 88' lang='lat' dir='ltr'><strong>erant,</strong></span> <span class='ocrx_word' id='word_1_108' title='bbox 1292 1305 1417 1344; x_wconf 92' lang='lat' dir='ltr'><strong>cum</strong></span> <span class='ocrx_word' id='word_1_109' title='bbox 1469 1307 1656 1359; x_wconf 85' lang='lat' dir='ltr'><strong>parum</strong></span> <span class='ocrx_word' id='word_1_110' title='bbox 1699 1307 1729 1344; x_wconf 89' lang='lat' dir='ltr'><strong>a</strong></span> <span class='ocrx_word' id='word_1_111' title='bbox 1765 1285 2134 1346; x_wconf 89' lang='lat' dir='ltr'><strong>Constantino</strong></span> 
     </span>
    </p>
   </div>
   <div class='ocr_carea' id='block_1_18' title="bbox 556 1376 2128 1458">
    <p class='ocr_par' dir='ltr' id='par_1_18' title="bbox 556 1376 2128 1458">
     <span class='ocr_line' id='line_1_18' title="bbox 556 1376 2128 1458; baseline 0.007 -29"><span class='ocrx_word' id='word_1_112' title='bbox 556 1376 838 1440; x_wconf 90' lang='lat' dir='ltr'><strong>abessent,</strong></span> <span class='ocrx_word' id='word_1_113' title='bbox 870 1379 1096 1435; x_wconf 88' lang='lat' dir='ltr'><strong>insidias</strong></span> <span class='ocrx_word' id='word_1_114' title='bbox 1138 1382 1360 1436; x_wconf 85' lang='lat' dir='ltr'><strong>locant:</strong></span> <span class='ocrx_word' id='word_1_115' title='bbox 1404 1398 1692 1453; x_wconf 82' lang='lat' dir='ltr'><strong>pugnaque</strong></span> <span class='ocrx_word' id='word_1_116' title='bbox 1740 1385 1874 1438; x_wconf 86' lang='lat' dir='ltr'><strong>inita</strong></span> <span class='ocrx_word' id='word_1_117' title='bbox 1901 1427 1916 1450; x_wconf 95' lang='lat'><strong>,</strong></span> <span class='ocrx_word' id='word_1_118' title='bbox 1945 1387 2128 1458; x_wconf 82' lang='lat' dir='ltr'><strong>fugant</strong></span> 
     </span>
    </p>
   </div>
   <div class='ocr_carea' id='block_1_19' title="bbox 555 1469 2132 1550">
    <p class='ocr_par' dir='ltr' id='par_1_19' title="bbox 555 1469 2132 1550">
     <span class='ocr_line' id='line_1_19' title="bbox 555 1469 2132 1550; baseline 0.01 -30"><span class='ocrx_word' id='word_1_119' title='bbox 555 1469 838 1524; x_wconf 85' lang='lat' dir='ltr'><strong>simulant.</strong></span> <span class='ocrx_word' id='word_1_120' title='bbox 881 1471 1030 1538; x_wconf 88' lang='lat' dir='ltr'><strong>Quos</strong></span> <span class='ocrx_word' id='word_1_121' title='bbox 1059 1513 1072 1536; x_wconf 93' lang='lat'><strong>,</strong></span> <span class='ocrx_word' id='word_1_122' title='bbox 1117 1474 1245 1527; x_wconf 84' lang='lat' dir='ltr'><strong>dum</strong></span> <span class='ocrx_word' id='word_1_123' title='bbox 1299 1474 1641 1530; x_wconf 82' lang='lat' dir='ltr'><strong>Constantini</strong></span> <span class='ocrx_word' id='word_1_124' title='bbox 1695 1479 1897 1534; x_wconf 88' lang='lat' dir='ltr'><strong>milites</strong></span> <span class='ocrx_word' id='word_1_125' title='bbox 1944 1496 2132 1550; x_wconf 88' lang='lat' dir='ltr'><strong>perse-</strong></span> 
     </span>
    </p>
   </div>
   <div class='ocr_carea' id='block_1_20' title="bbox 2241 827 3824 898">
    <p class='ocr_par' dir='ltr' id='par_1_20' title="bbox 2241 827 3824 898">
     <span class='ocr_line' id='line_1_20' title="bbox 2241 827 3824 898; baseline 0.003 -19"><span class='ocrx_word' id='word_1_126' title='bbox 2241 827 2594 897; x_wconf 77' lang='grc' dir='ltr'><strong>ήγεμονεύων</strong></span> <span class='ocrx_word' id='word_1_127' title='bbox 2620 828 2896 898; x_wconf 84' lang='grc' dir='ltr'><strong>Σαπὼρης</strong></span> <span class='ocrx_word' id='word_1_128' title='bbox 2927 828 3040 897; x_wconf 77' lang='lat' dir='ltr'><strong>(3i)</strong></span> <span class='ocrx_word' id='word_1_129' title='bbox 3071 829 3163 882; x_wconf 83' lang='grc' dir='ltr'><strong>τὸν</strong></span> <span class='ocrx_word' id='word_1_130' title='bbox 3191 829 3422 881; x_wconf 77' lang='grc' dir='ltr'><strong>θάνατον</strong></span> <span class='ocrx_word' id='word_1_131' title='bbox 3447 828 3540 880; x_wconf 82' lang='grc' dir='ltr'><strong>τοῦ</strong></span> <span class='ocrx_word' id='word_1_132' title='bbox 3574 829 3824 897; x_wconf 80' lang='grc' dir='ltr'><strong>μεγάλου</strong></span> 
     </span>
    </p>
   </div>
   <div class='ocr_carea' id='block_1_21' title="bbox 2241 920 3828 990">
    <p class='ocr_par' dir='ltr' id='par_1_21' title="bbox 2241 920 3828 990">
     <span class='ocr_line' id='line_1_21' title="bbox 2241 920 3828 990; baseline 0.001 -19"><span class='ocrx_word' id='word_1_133' title='bbox 2241 921 2403 987; x_wconf 77' lang='grc' dir='ltr'><strong>γνοὺς</strong></span> <span class='ocrx_word' id='word_1_134' title='bbox 2435 921 2873 984; x_wconf 83' lang='grc' dir='ltr'><strong>Κωνσταντίνου,</strong></span> <span class='ocrx_word' id='word_1_135' title='bbox 2903 921 3046 975; x_wconf 78' lang='grc' dir='ltr'><strong>κατὰ</strong></span> <span class='ocrx_word' id='word_1_136' title='bbox 3093 920 3201 974; x_wconf 87' lang='grc' dir='ltr'><strong>τῶν</strong></span> <span class='ocrx_word' id='word_1_137' title='bbox 3238 922 3343 975; x_wconf 70' lang='grc' dir='ltr'><strong>ὑπὸ</strong></span> <span class='ocrx_word' id='word_1_138' title='bbox 3388 923 3703 990; x_wconf 76' lang='grc' dir='ltr'><strong>Ῥωμαίους</strong></span> <span class='ocrx_word' id='word_1_139' title='bbox 3733 938 3828 973; x_wconf 85' lang='grc' dir='ltr'><strong>τε-</strong></span> 
     </span>
    </p>
   </div>
   <div class='ocr_carea' id='block_1_22' title="bbox 2239 1013 3827 1086">
    <p class='ocr_par' dir='ltr' id='par_1_22' title="bbox 2239 1013 3827 1086">
     <span class='ocr_line' id='line_1_22' title="bbox 2239 1013 3827 1086; baseline 0.001 -21"><span class='ocrx_word' id='word_1_140' title='bbox 2239 1013 2476 1068; x_wconf 84' lang='grc' dir='ltr'><strong>λούντων</strong></span> <span class='ocrx_word' id='word_1_141' title='bbox 2523 1014 2693 1068; x_wconf 85' lang='grc' dir='ltr'><strong>ὲπιὼν</strong></span> <span class='ocrx_word' id='word_1_142' title='bbox 2740 1015 2836 1068; x_wconf 70' lang='grc' dir='ltr'><strong>καὶ</strong></span> <span class='ocrx_word' id='word_1_143' title='bbox 2865 1015 3187 1086; x_wconf 76' lang='grc' dir='ltr'><strong>ληϊζόμενος</strong></span> <span class='ocrx_word' id='word_1_144' title='bbox 3216 1015 3317 1068; x_wconf 85' lang='grc' dir='ltr'><strong>οὐκ</strong></span> <span class='ocrx_word' id='word_1_145' title='bbox 3371 1015 3628 1068; x_wconf 74' lang='grc' dir='ltr'><strong>ἐπαύετο.</strong></span> <span class='ocrx_word' id='word_1_146' title='bbox 3668 1014 3736 1067; x_wconf 85' lang='grc'><strong>’0</strong></span> <span class='ocrx_word' id='word_1_147' title='bbox 3767 1014 3827 1067; x_wconf 67' lang='grc' dir='ltr'><strong>δὲ</strong></span> 
     </span>
    </p>
   </div>
   <div class='ocr_carea' id='block_1_23' title="bbox 2241 1107 3828 1178">
    <p class='ocr_par' dir='ltr' id='par_1_23' title="bbox 2241 1107 3828 1178">
     <span class='ocr_line' id='line_1_23' title="bbox 2241 1107 3828 1178; baseline 0.001 -20"><span class='ocrx_word' id='word_1_148' title='bbox 2241 1107 2654 1171; x_wconf 81' lang='grc' dir='ltr'><strong>Κωνσταντῖνος</strong></span> <span class='ocrx_word' id='word_1_149' title='bbox 2701 1108 2776 1177; x_wconf 81' lang='grc' dir='ltr'><strong>τῷ</strong></span> <span class='ocrx_word' id='word_1_150' title='bbox 2818 1109 3138 1162; x_wconf 85' lang='grc' dir='ltr'><strong>Κώνσταντι</strong></span> <span class='ocrx_word' id='word_1_151' title='bbox 3167 1107 3456 1177; x_wconf 72' lang='grc' dir='ltr'><strong>ιπεφύετο,</strong></span> <span class='ocrx_word' id='word_1_152' title='bbox 3487 1109 3589 1178; x_wconf 77' lang='grc' dir='ltr'><strong>τὴν</strong></span> <span class='ocrx_word' id='word_1_153' title='bbox 3637 1107 3828 1161; x_wconf 80' lang='grc' dir='ltr'><strong>διανέ-</strong></span> 
     </span>
    </p>
   </div>
   <div class='ocr_carea' id='block_1_24' title="bbox 2242 1196 3827 1270">
    <p class='ocr_par' dir='ltr' id='par_1_24' title="bbox 2242 1196 3827 1270">
     <span class='ocr_line' id='line_1_24' title="bbox 2242 1196 3827 1270; baseline 0 -19"><span class='ocrx_word' id='word_1_154' title='bbox 2242 1214 2406 1267; x_wconf 80' lang='grc' dir='ltr'><strong>μησιν</strong></span> <span class='ocrx_word' id='word_1_155' title='bbox 2431 1198 2539 1251; x_wconf 83' lang='grc' dir='ltr'><strong>τῶν</strong></span> <span class='ocrx_word' id='word_1_156' title='bbox 2565 1198 2762 1268; x_wconf 83' lang='grc' dir='ltr'><strong>χωρῶν</strong></span> <span class='ocrx_word' id='word_1_157' title='bbox 2790 1196 3122 1268; x_wconf 83' lang='grc' dir='ltr'><strong>αἰτιώμενος</strong></span> <span class='ocrx_word' id='word_1_158' title='bbox 3145 1215 3160 1229; x_wconf 78' lang='grc' dir='ltr'><strong>ο</strong></span> <span class='ocrx_word' id='word_1_159' title='bbox 3210 1201 3308 1253; x_wconf 82' lang='grc' dir='ltr'><strong>καὶ</strong></span> <span class='ocrx_word' id='word_1_160' title='bbox 3346 1199 3379 1270; x_wconf 78' lang='grc' dir='ltr'>ἢ</span> <span class='ocrx_word' id='word_1_161' title='bbox 3410 1200 3827 1268; x_wconf 71' lang='grc' dir='ltr'><strong>παραχωρῆσαι</strong></span> 
     </span>
    </p>
   </div>
   <div class='ocr_carea' id='block_1_25' title="bbox 2240 1291 3827 1364">
    <p class='ocr_par' dir='ltr' id='par_1_25' title="bbox 2240 1291 3827 1364">
     <span class='ocr_line' id='line_1_25' title="bbox 2240 1291 3827 1364; baseline 0.002 -22"><span class='ocrx_word' id='word_1_162' title='bbox 2240 1291 2441 1362; x_wconf 84' lang='grc' dir='ltr'><strong>μέρους</strong></span> <span class='ocrx_word' id='word_1_163' title='bbox 2466 1291 2615 1360; x_wconf 79' lang='grc' dir='ltr'><strong>αὐτῷ</strong></span> <span class='ocrx_word' id='word_1_164' title='bbox 2638 1293 2739 1362; x_wconf 80' lang='grc' dir='ltr'><strong>τῆς</strong></span> <span class='ocrx_word' id='word_1_165' title='bbox 2763 1293 2938 1363; x_wconf 79' lang='grc' dir='ltr'><strong>ἀρχῆς</strong></span> <span class='ocrx_word' id='word_1_166' title='bbox 2967 1291 3284 1364; x_wconf 74' lang='grc' dir='ltr'><strong>ἀπαιτῶν,ἢ</strong></span> <span class='ocrx_word' id='word_1_167' title='bbox 3312 1293 3690 1346; x_wconf 79' lang='grc' dir='ltr'><strong>ἀναδάσασθαι</strong></span> <span class='ocrx_word' id='word_1_168' title='bbox 3719 1292 3827 1354; x_wconf 75' lang='grc' dir='ltr'><strong>τάς</strong></span> 
     </span>
    </p>
   </div>
   <div class='ocr_carea' id='block_1_26' title="bbox 2237 1383 3825 1455">
    <p class='ocr_par' dir='ltr' id='par_1_26' title="bbox 2237 1383 3825 1455">
     <span class='ocr_line' id='line_1_26' title="bbox 2237 1383 3825 1455; baseline 0.001 -21"><span class='ocrx_word' id='word_1_169' title='bbox 2237 1383 2516 1454; x_wconf 74' lang='grc' dir='ltr'><strong>βασιλείας</strong></span> <span class='ocrx_word' id='word_1_170' title='bbox 2548 1383 2717 1453; x_wconf 76' lang='grc' dir='ltr'><strong>ἄμφω</strong></span> <span class='ocrx_word' id='word_1_171' title='bbox 2747 1383 2948 1454; x_wconf 80' lang='grc' dir='ltr'><strong>ζητῶν.</strong></span> <span class='ocrx_word' id='word_1_172' title='bbox 2995 1386 3084 1448; x_wconf 85' lang='grc' dir='ltr'><strong>Ὠς</strong></span> <span class='ocrx_word' id='word_1_173' title='bbox 3117 1385 3162 1438; x_wconf 82' lang='grc' dir='ltr'><strong>δ’</strong></span> <span class='ocrx_word' id='word_1_174' title='bbox 3191 1386 3399 1448; x_wconf 74' lang='grc' dir='ltr'><strong>ἐκεῖνος</strong></span> <span class='ocrx_word' id='word_1_175' title='bbox 3422 1385 3520 1454; x_wconf 82' lang='grc' dir='ltr'><strong>τῆς</strong></span> <span class='ocrx_word' id='word_1_176' title='bbox 3568 1385 3675 1455; x_wconf 71' lang='grc' dir='ltr'><strong>ἠδη</strong></span> <span class='ocrx_word' id='word_1_177' title='bbox 3722 1400 3825 1450; x_wconf 83' lang='grc' dir='ltr'><strong>γε·</strong></span> 
     </span>
    </p>
   </div>
   <div class='ocr_carea' id='block_1_27' title="bbox 2236 1475 3825 1547">
    <p class='ocr_par' dir='ltr' id='par_1_27' title="bbox 2236 1475 3825 1547">
     <span class='ocr_line' id='line_1_27' title="bbox 2236 1475 3825 1547; baseline -0.004 -17"><span class='ocrx_word' id='word_1_178' title='bbox 2236 1477 2456 1546; x_wconf 81' lang='grc' dir='ltr'><strong>γονυτας</strong></span> <span class='ocrx_word' id='word_1_179' title='bbox 2489 1477 2866 1547; x_wconf 82' lang='grc' dir='ltr'><strong>διανεμήσεως</strong></span> <span class='ocrx_word' id='word_1_180' title='bbox 2917 1477 3115 1546; x_wconf 74' lang='grc' dir='ltr'><strong>εἴχετο,</strong></span> <span class='ocrx_word' id='word_1_181' title='bbox 3152 1475 3246 1530; x_wconf 78' lang='grc' dir='ltr'><strong>καὶ</strong></span> <span class='ocrx_word' id='word_1_182' title='bbox 3293 1475 3402 1528; x_wconf 84' lang='grc' dir='ltr'><strong>τῶν</strong></span> <span class='ocrx_word' id='word_1_183' title='bbox 3435 1475 3587 1545; x_wconf 86' lang='grc' dir='ltr'><strong>αύτῷ</strong></span> <span class='ocrx_word' id='word_1_184' title='bbox 3643 1491 3825 1545; x_wconf 76' lang='grc' dir='ltr'><strong>προσ-</strong></span> 
     </span>
    </p>
   </div>
   <div class='ocr_carea' id='block_1_28' title="bbox 552 1565 2105 1644">
    <p class='ocr_par' dir='ltr' id='par_1_28' title="bbox 552 1565 2105 1644">
     <span class='ocr_line' id='line_1_28' title="bbox 552 1565 2105 1644; baseline 0.007 -31"><span class='ocrx_word' id='word_1_185' title='bbox 552 1572 821 1630; x_wconf 88' lang='lat' dir='ltr'><strong>quuntur,</strong></span> <span class='ocrx_word' id='word_1_186' title='bbox 854 1565 946 1633; x_wconf 88' lang='lat' dir='ltr'><strong>qui</strong></span> <span class='ocrx_word' id='word_1_187' title='bbox 986 1566 1038 1618; x_wconf 92' lang='lat' dir='ltr'><strong>in</strong></span> <span class='ocrx_word' id='word_1_188' title='bbox 1073 1567 1286 1621; x_wconf 77' lang='lat' dir='ltr'><strong>insidiis</strong></span> <span class='ocrx_word' id='word_1_189' title='bbox 1318 1569 1566 1624; x_wconf 82' lang='lat' dir='ltr'><strong>collocati</strong></span> <span class='ocrx_word' id='word_1_190' title='bbox 1607 1571 1866 1638; x_wconf 87' lang='lat' dir='ltr'><strong>fuerant,</strong></span> <span class='ocrx_word' id='word_1_191' title='bbox 1915 1589 1943 1626; x_wconf 89' lang='lat' dir='ltr'><strong>a</strong></span> <span class='ocrx_word' id='word_1_192' title='bbox 1978 1585 2105 1644; x_wconf 63' lang='lat' dir='ltr'><strong>terge</strong></span> 
     </span>
    </p>
   </div>
   <div class='ocr_carea' id='block_1_29' title="bbox 2213 1565 3822 1644">
    <p class='ocr_par' dir='ltr' id='par_1_29' title="bbox 2234 1567 3822 1641">
     <span class='ocr_line' id='line_1_29' title="bbox 2234 1567 3822 1641; baseline -0.003 -19"><span class='ocrx_word' id='word_1_193' title='bbox 2234 1571 2632 1641; x_wconf 84' lang='grc' dir='ltr'><strong>κληρωθέντων</strong></span> <span class='ocrx_word' id='word_1_194' title='bbox 2681 1572 2982 1640; x_wconf 82' lang='grc' dir='ltr'><strong>ἀντείχετο,</strong></span> <span class='ocrx_word' id='word_1_195' title='bbox 3039 1572 3132 1622; x_wconf 81' lang='grc' dir='ltr'><strong>καὶ</strong></span> <span class='ocrx_word' id='word_1_196' title='bbox 3180 1569 3304 1622; x_wconf 71' lang='grc' dir='ltr'><strong>οὐδὲ</strong></span> <span class='ocrx_word' id='word_1_197' title='bbox 3358 1569 3454 1621; x_wconf 83' lang='grc' dir='ltr'><strong>τού</strong></span> <span class='ocrx_word' id='word_1_198' title='bbox 3511 1567 3822 1638; x_wconf 73' lang='grc' dir='ltr'><strong>βραχίστου</strong></span> 
     </span>
    </p>
   </div>
   <div class='ocr_carea' id='block_1_30' title="bbox 552 1649 2128 1729">
    <p class='ocr_par' dir='ltr' id='par_1_30' title="bbox 552 1649 2128 1729">
     <span class='ocr_line' id='line_1_30' title="bbox 552 1649 2128 1729; baseline 0.013 -28"><span class='ocrx_word' id='word_1_199' title='bbox 552 1649 634 1702; x_wconf 88' lang='lat' dir='ltr'><strong>im</strong></span> <span class='ocrx_word' id='word_1_200' title='bbox 650 1651 841 1706; x_wconf 86' lang='lat' dir='ltr'><strong>adunt.</strong></span> <span class='ocrx_word' id='word_1_201' title='bbox 874 1654 964 1709; x_wconf 89' lang='lat' dir='ltr'><strong>Sic</strong></span> <span class='ocrx_word' id='word_1_202' title='bbox 1001 1655 1333 1726; x_wconf 78' lang='lat' dir='ltr'><strong>fugientibus</strong></span> <span class='ocrx_word' id='word_1_203' title='bbox 1368 1662 1469 1729; x_wconf 74' lang='grc'><strong>12</strong></span> <span class='ocrx_word' id='word_1_204' title='bbox 1515 1661 1678 1716; x_wconf 87' lang='lat' dir='ltr'><strong>etiam</strong></span> <span class='ocrx_word' id='word_1_205' title='bbox 1718 1667 2001 1721; x_wconf 83' lang='lat' dir='ltr'><strong>conversis</strong></span> <span class='ocrx_word' id='word_1_206' title='bbox 2027 1706 2040 1729; x_wconf 94' lang='lat'><strong>,</strong></span> <span class='ocrx_word' id='word_1_207' title='bbox 2076 1667 2128 1722; x_wconf 91' lang='lat' dir='ltr'><strong>in</strong></span> 
     </span>
    </p>
   </div>
   <div class='ocr_carea' id='block_1_31' title="bbox 550 1741 2125 1828">
    <p class='ocr_par' dir='ltr' id='par_1_31' title="bbox 550 1741 2125 1828">
     <span class='ocr_line' id='line_1_31' title="bbox 550 1741 2125 1828; baseline 0.013 -35"><span class='ocrx_word' id='word_1_208' title='bbox 550 1741 732 1796; x_wconf 90' lang='lat' dir='ltr'><strong>medio</strong></span> <span class='ocrx_word' id='word_1_209' title='bbox 761 1743 994 1800; x_wconf 90' lang='lat' dir='ltr'><strong>duorum</strong></span> <span class='ocrx_word' id='word_1_210' title='bbox 1027 1750 1370 1804; x_wconf 67' lang='lat' dir='ltr'><strong>exercituum</strong></span> <span class='ocrx_word' id='word_1_211' title='bbox 1425 1754 1711 1823; x_wconf 81' lang='lat' dir='ltr'><strong>intercepti</strong></span> <span class='ocrx_word' id='word_1_212' title='bbox 1741 1795 1755 1818; x_wconf 93' lang='lat'><strong>,</strong></span> <span class='ocrx_word' id='word_1_213' title='bbox 1816 1773 2009 1828; x_wconf 81' lang='lat' dir='ltr'><strong>magna</strong></span> <span class='ocrx_word' id='word_1_214' title='bbox 2058 1775 2125 1814; x_wconf 88' lang='lat' dir='ltr'><strong>ex</strong></span> 
     </span>
    </p>
   </div>
   <div class='ocr_carea' id='block_1_32' title="bbox 549 1833 2120 1906">
    <p class='ocr_par' dir='ltr' id='par_1_32' title="bbox 549 1833 2120 1906">
     <span class='ocr_line' id='line_1_32' title="bbox 549 1833 2120 1906; baseline 0.013 -23"><span class='ocrx_word' id='word_1_215' title='bbox 549 1842 705 1899; x_wconf 88' lang='lat' dir='ltr'><strong>parte</strong></span> <span class='ocrx_word' id='word_1_216' title='bbox 743 1833 968 1897; x_wconf 84' lang='lat' dir='ltr'><strong>cadunt,</strong></span> <span class='ocrx_word' id='word_1_217' title='bbox 1010 1837 1128 1906; x_wconf 88' lang='lat' dir='ltr'><strong>ipso</strong></span> <span class='ocrx_word' id='word_1_218' title='bbox 1176 1841 1340 1894; x_wconf 87' lang='lat' dir='ltr'><strong>etiam</strong></span> <span class='ocrx_word' id='word_1_219' title='bbox 1391 1841 1754 1898; x_wconf 85' lang='lat' dir='ltr'><strong>Constantino</strong></span> <span class='ocrx_word' id='word_1_220' title='bbox 1807 1846 2120 1903; x_wconf 82' lang='lat' dir='ltr'><strong>iuterfecw.</strong></span> 
     </span>
    </p>
   </div>
   <div class='ocr_carea' id='block_1_33' title="bbox 546 1921 2121 2001">
    <p class='ocr_par' dir='ltr' id='par_1_33' title="bbox 546 1921 2121 2001">
     <span class='ocr_line' id='line_1_33' title="bbox 546 1921 2121 2001; baseline 0.011 -25"><span class='ocrx_word' id='word_1_221' title='bbox 546 1921 684 1976; x_wconf 88' lang='lat' dir='ltr'><strong>Nam</strong></span> <span class='ocrx_word' id='word_1_222' title='bbox 714 1941 858 1995; x_wconf 89' lang='lat' dir='ltr'><strong>equo</strong></span> <span class='ocrx_word' id='word_1_223' title='bbox 891 1930 1202 1993; x_wconf 87' lang='lat' dir='ltr'><strong>vulnerato,</strong></span> <span class='ocrx_word' id='word_1_224' title='bbox 1241 1942 1289 1986; x_wconf 90' lang='lat' dir='ltr'><strong>et</strong></span> <span class='ocrx_word' id='word_1_225' title='bbox 1323 1950 1388 1988; x_wconf 91' lang='lat' dir='ltr'><strong>ex</strong></span> <span class='ocrx_word' id='word_1_226' title='bbox 1424 1935 1653 1989; x_wconf 74' lang='lat' dir='ltr'><strong>vulnere</strong></span> <span class='ocrx_word' id='word_1_227' title='bbox 1691 1937 1942 2001; x_wconf 81' lang='lat' dir='ltr'><strong>cfferato,</strong></span> <span class='ocrx_word' id='word_1_228' title='bbox 1988 1939 2121 1994; x_wconf 87' lang='lat' dir='ltr'><strong>sella</strong></span> 
     </span>
    </p>
   </div>
   <div class='ocr_carea' id='block_1_34' title="bbox 545 2020 2122 2099">
    <p class='ocr_par' dir='ltr' id='par_1_34' title="bbox 545 2020 2122 2099">
     <span class='ocr_line' id='line_1_34' title="bbox 545 2020 2122 2099; baseline 0.013 -32"><span class='ocrx_word' id='word_1_229' title='bbox 545 2031 832 2082; x_wconf 85' lang='lat' dir='ltr'><strong>excussus,</strong></span> <span class='ocrx_word' id='word_1_230' title='bbox 863 2020 1051 2075; x_wconf 86' lang='lat' dir='ltr'><strong>multis</strong></span> <span class='ocrx_word' id='word_1_231' title='bbox 1070 2023 1398 2080; x_wconf 87' lang='lat' dir='ltr'><strong>vulneribus</strong></span> <span class='ocrx_word' id='word_1_232' title='bbox 1428 2027 1725 2082; x_wconf 82' lang='lat' dir='ltr'><strong>conficitur</strong></span> <span class='ocrx_word' id='word_1_233' title='bbox 1753 2047 1765 2082; x_wconf 94' lang='lat'><strong>:</strong></span> <span class='ocrx_word' id='word_1_234' title='bbox 1799 2045 1980 2099; x_wconf 88' lang='lat' dir='ltr'><strong>neque</strong></span> <span class='ocrx_word' id='word_1_235' title='bbox 2006 2032 2122 2088; x_wconf 88' lang='lat' dir='ltr'><strong>voti</strong></span> 
     </span>
    </p>
   </div>
   <div class='ocr_carea' id='block_1_35' title="bbox 541 2109 2122 2195">
    <p class='ocr_par' dir='ltr' id='par_1_35' title="bbox 541 2109 2122 2195">
     <span class='ocr_line' id='line_1_35' title="bbox 541 2109 2122 2195; baseline 0.015 -37"><span class='ocrx_word' id='word_1_236' title='bbox 541 2122 769 2177; x_wconf 86' lang='lat' dir='ltr'><strong>compos</strong></span> <span class='ocrx_word' id='word_1_237' title='bbox 800 2109 1000 2178; x_wconf 80' lang='lat' dir='ltr'><strong>factus,</strong></span> <span class='ocrx_word' id='word_1_238' title='bbox 1027 2124 1082 2170; x_wconf 90' lang='lat' dir='ltr'><strong>et</strong></span> <span class='ocrx_word' id='word_1_239' title='bbox 1118 2117 1245 2186; x_wconf 86' lang='lat' dir='ltr'><strong>quia</strong></span> <span class='ocrx_word' id='word_1_240' title='bbox 1281 2119 1502 2189; x_wconf 77' lang='lat' dir='ltr'><strong>injuria:</strong></span> <span class='ocrx_word' id='word_1_241' title='bbox 1528 2119 1709 2176; x_wconf 85' lang='lat' dir='ltr'><strong>fuerat</strong></span> <span class='ocrx_word' id='word_1_242' title='bbox 1739 2132 1955 2190; x_wconf 89' lang='lat' dir='ltr'><strong>auctor,</strong></span> <span class='ocrx_word' id='word_1_243' title='bbox 1984 2141 2122 2195; x_wconf 71' lang='lat' dir='ltr'><strong>pra:-</strong></span> 
     </span>
    </p>
   </div>
   <div class='ocr_carea' id='block_1_36' title="bbox 544 2199 2121 2286">
    <p class='ocr_par' dir='ltr' id='par_1_36' title="bbox 544 2199 2121 2286">
     <span class='ocr_line' id='line_1_36' title="bbox 544 2199 2121 2286; baseline 0.018 -38"><span class='ocrx_word' id='word_1_244' title='bbox 544 2205 628 2251; x_wconf 90' lang='lat' dir='ltr'><strong>ter</strong></span> <span class='ocrx_word' id='word_1_245' title='bbox 661 2199 932 2268; x_wconf 85' lang='lat' dir='ltr'><strong>jacturam</strong></span> <span class='ocrx_word' id='word_1_246' title='bbox 965 2208 1049 2260; x_wconf 88' lang='lat' dir='ltr'><strong>sui</strong></span> <span class='ocrx_word' id='word_1_247' title='bbox 1092 2207 1307 2278; x_wconf 90' lang='lat' dir='ltr'><strong>imperii</strong></span> <span class='ocrx_word' id='word_1_248' title='bbox 1374 2213 1484 2266; x_wconf 90' lang='lat' dir='ltr'><strong>vita</strong></span> <span class='ocrx_word' id='word_1_249' title='bbox 1514 2214 1683 2268; x_wconf 88' lang='lat' dir='ltr'><strong>etiam</strong></span> <span class='ocrx_word' id='word_1_250' title='bbox 1715 2216 1986 2286; x_wconf 88' lang='lat' dir='ltr'><strong>privatus.</strong></span> <span class='ocrx_word' id='word_1_251' title='bbox 2030 2218 2121 2278; x_wconf 90' lang='lat' dir='ltr'><strong>Sic</strong></span> 
     </span>
    </p>
   </div>
   <div class='ocr_carea' id='block_1_37' title="bbox 540 2291 2118 2380">
    <p class='ocr_par' dir='ltr' id='par_1_37' title="bbox 540 2291 2118 2380">
     <span class='ocr_line' id='line_1_37' title="bbox 540 2291 2118 2380; baseline 0.017 -38"><span class='ocrx_word' id='word_1_252' title='bbox 540 2291 873 2348; x_wconf 80' lang='lat' dir='ltr'><strong>occidentali</strong></span> <span class='ocrx_word' id='word_1_253' title='bbox 924 2313 1093 2367; x_wconf 80' lang='lat' dir='ltr'><strong>regno</strong></span> <span class='ocrx_word' id='word_1_254' title='bbox 1140 2300 1204 2353; x_wconf 89' lang='lat' dir='ltr'><strong>ad</strong></span> <span class='ocrx_word' id='word_1_255' title='bbox 1235 2318 1404 2356; x_wconf 90' lang='lat' dir='ltr'><strong>unum</strong></span> <span class='ocrx_word' id='word_1_256' title='bbox 1442 2303 1799 2364; x_wconf 87' lang='lat' dir='ltr'><strong>Constantem</strong></span> <span class='ocrx_word' id='word_1_257' title='bbox 1832 2310 2118 2380; x_wconf 81' lang='lat' dir='ltr'><strong>devoluto,</strong></span> 
     </span>
    </p>
   </div>
   <div class='ocr_carea' id='block_1_38' title="bbox 539 2382 2118 2474">
    <p class='ocr_par' dir='ltr' id='par_1_38' title="bbox 539 2382 2118 2474">
     <span class='ocr_line' id='line_1_38' title="bbox 539 2382 2118 2474; baseline 0.017 -40"><span class='ocrx_word' id='word_1_258' title='bbox 539 2382 588 2435; x_wconf 91' lang='lat' dir='ltr'><strong>is</strong></span> <span class='ocrx_word' id='word_1_259' title='bbox 613 2389 779 2438; x_wconf 88' lang='lat' dir='ltr'><strong>etiam</strong></span> <span class='ocrx_word' id='word_1_260' title='bbox 813 2387 1068 2445; x_wconf 78' lang='lat' dir='ltr'><strong>nefandis</strong></span> <span class='ocrx_word' id='word_1_261' title='bbox 1095 2393 1380 2449; x_wconf 89' lang='lat' dir='ltr'><strong>amoribus</strong></span> <span class='ocrx_word' id='word_1_262' title='bbox 1416 2397 1753 2466; x_wconf 81' lang='lat' dir='ltr'><strong>implicatus.</strong></span> <span class='ocrx_word' id='word_1_263' title='bbox 1788 2412 1845 2457; x_wconf 91' lang='lat' dir='ltr'><strong>et</strong></span> <span class='ocrx_word' id='word_1_264' title='bbox 1889 2419 2118 2474; x_wconf 84' lang='lat' dir='ltr'><strong>perver-</strong></span> 
     </span>
    </p>
   </div>
   <div class='ocr_carea' id='block_1_39' title="bbox 538 2477 2120 2564">
    <p class='ocr_par' dir='ltr' id='par_1_39' title="bbox 538 2477 2120 2564">
     <span class='ocr_line' id='line_1_39' title="bbox 538 2477 2120 2564; baseline 0.017 -38"><span class='ocrx_word' id='word_1_265' title='bbox 538 2488 652 2527; x_wconf 85' lang='lat' dir='ltr'><strong>sam</strong></span> <span class='ocrx_word' id='word_1_266' title='bbox 688 2477 810 2531; x_wconf 83' lang='lat' dir='ltr'><strong>vit:e</strong></span> <span class='ocrx_word' id='word_1_267' title='bbox 841 2481 1110 2537; x_wconf 89' lang='lat' dir='ltr'><strong>rationem</strong></span> <span class='ocrx_word' id='word_1_268' title='bbox 1142 2495 1386 2547; x_wconf 88' lang='lat' dir='ltr'><strong>secutus.</strong></span> <span class='ocrx_word' id='word_1_269' title='bbox 1424 2488 1642 2545; x_wconf 89' lang='lat' dir='ltr'><strong>insidiis</strong></span> <span class='ocrx_word' id='word_1_270' title='bbox 1683 2492 1983 2564; x_wconf 83' lang='lat' dir='ltr'><strong>Magnentii</strong></span> <span class='ocrx_word' id='word_1_271' title='bbox 2017 2499 2120 2552; x_wconf 88' lang='lat' dir='ltr'><strong>mi-</strong></span> 
     </span>
    </p>
   </div>
   <div class='ocr_carea' id='block_1_40' title="bbox 536 2567 2118 2652">
    <p class='ocr_par' dir='ltr' id='par_1_40' title="bbox 536 2567 2118 2652">
     <span class='ocr_line' id='line_1_40' title="bbox 536 2567 2118 2652; baseline 0.017 -32"><span class='ocrx_word' id='word_1_272' title='bbox 536 2567 852 2624; x_wconf 85' lang='lat' dir='ltr'><strong>serabiliter</strong></span> <span class='ocrx_word' id='word_1_273' title='bbox 879 2575 1042 2642; x_wconf 84' lang='lat' dir='ltr'><strong>periit</strong></span> <span class='ocrx_word' id='word_1_274' title='bbox 1076 2595 1088 2630; x_wconf 93' lang='lat'>:</span> <span class='ocrx_word' id='word_1_275' title='bbox 1119 2593 1281 2648; x_wconf 89' lang='lat' dir='ltr'><strong>quem</strong></span> <span class='ocrx_word' id='word_1_276' title='bbox 1311 2581 1682 2652; x_wconf 81' lang='lat' dir='ltr'><strong>Magnentium</strong></span> <span class='ocrx_word' id='word_1_277' title='bbox 1712 2600 1742 2638; x_wconf 91' lang='lat' dir='ltr'><strong>e</strong></span> <span class='ocrx_word' id='word_1_278' title='bbox 1765 2588 2000 2644; x_wconf 88' lang='lat' dir='ltr'><strong>militum</strong></span> <span class='ocrx_word' id='word_1_279' title='bbox 2029 2605 2118 2646; x_wconf 85' lang='lat' dir='ltr'><strong>se-</strong></span> 
     </span>
    </p>
   </div>
   <div class='ocr_carea' id='block_1_41' title="bbox 535 2656 2118 2750">
    <p class='ocr_par' dir='ltr' id='par_1_41' title="bbox 535 2656 2118 2750">
     <span class='ocr_line' id='line_1_41' title="bbox 535 2656 2118 2750; baseline 0.019 -41"><span class='ocrx_word' id='word_1_280' title='bbox 535 2656 770 2750; x_wconf 85' lang='lat' dir='ltr'><strong>ditione,</strong></span> <span class='ocrx_word' id='word_1_281' title='bbox 819 2665 1028 2722; x_wconf 87' lang='lat' dir='ltr'><strong>strictis</strong></span> <span class='ocrx_word' id='word_1_282' title='bbox 1071 2669 1182 2739; x_wconf 89' lang='lat' dir='ltr'><strong>jam</strong></span> <span class='ocrx_word' id='word_1_283' title='bbox 1231 2673 1430 2741; x_wconf 80' lang='lat' dir='ltr'><strong>gladiis</strong></span> <span class='ocrx_word' id='word_1_284' title='bbox 1472 2675 1527 2730; x_wconf 91' lang='lat' dir='ltr'><strong>in</strong></span> <span class='ocrx_word' id='word_1_285' title='bbox 1561 2692 1750 2732; x_wconf 91' lang='lat' dir='ltr'><strong>necem</strong></span> <span class='ocrx_word' id='word_1_286' title='bbox 1793 2680 1915 2750; x_wconf 84' lang='lat' dir='ltr'><strong>ejus</strong></span> <span class='ocrx_word' id='word_1_287' title='bbox 1950 2698 2118 2738; x_wconf 88' lang='lat' dir='ltr'><strong>ruen-</strong></span> 
     </span>
    </p>
   </div>
   <div class='ocr_carea' id='block_1_42' title="bbox 536 2748 2115 2838">
    <p class='ocr_par' dir='ltr' id='par_1_42' title="bbox 536 2748 2115 2838">
     <span class='ocr_line' id='line_1_42' title="bbox 536 2748 2115 2838; baseline 0.022 -39"><span class='ocrx_word' id='word_1_288' title='bbox 536 2748 697 2814; x_wconf 85' lang='lat' dir='ltr'><strong>tium,</strong></span> <span class='ocrx_word' id='word_1_289' title='bbox 731 2754 1034 2824; x_wconf 86' lang='lat' dir='ltr'><strong>eripuerat.</strong></span> <span class='ocrx_word' id='word_1_290' title='bbox 1082 2762 1218 2816; x_wconf 83' lang='lat' dir='ltr'><strong>Dum</strong></span> <span class='ocrx_word' id='word_1_291' title='bbox 1261 2764 1377 2821; x_wconf 75' lang='lat' dir='ltr'><strong>haec</strong></span> <span class='ocrx_word' id='word_1_292' title='bbox 1421 2779 1714 2838; x_wconf 89' lang='lat' dir='ltr'><strong>geruntur,</strong></span> <span class='ocrx_word' id='word_1_293' title='bbox 1755 2748 2115 2833; x_wconf 69' lang='lat' dir='ltr'><strong>Constantius</strong></span> 
     </span>
    </p>
   </div>
   <div class='ocr_carea' id='block_1_43' title="bbox 537 2839 2110 2937">
    <p class='ocr_par' dir='ltr' id='par_1_43' title="bbox 537 2839 2110 2937">
     <span class='ocr_line' id='line_1_43' title="bbox 537 2839 2110 2937; baseline 0.02 -45"><span class='ocrx_word' id='word_1_294' title='bbox 537 2839 594 2937; x_wconf 80' lang='lat' dir='ltr'><strong>in</strong></span> <span class='ocrx_word' id='word_1_295' title='bbox 625 2840 872 2907; x_wconf 88' lang='lat' dir='ltr'><strong>Oriente.</strong></span> <span class='ocrx_word' id='word_1_296' title='bbox 911 2865 1035 2904; x_wconf 82' lang='lat' dir='ltr'><strong>cum</strong></span> <span class='ocrx_word' id='word_1_297' title='bbox 1079 2853 1373 2910; x_wconf 84' lang='lat' dir='ltr'><strong>Persarum</strong></span> <span class='ocrx_word' id='word_1_298' title='bbox 1427 2875 1557 2930; x_wconf 88' lang='lat' dir='ltr'><strong>rege</strong></span> <span class='ocrx_word' id='word_1_299' title='bbox 1613 2861 1824 2934; x_wconf 86' lang='lat' dir='ltr'><strong>Sapore</strong></span> <span class='ocrx_word' id='word_1_300' title='bbox 1879 2878 2110 2937; x_wconf 84' lang='lat' dir='ltr'><strong>pugnat,</strong></span> 
     </span>
    </p>
   </div>
   <div class='ocr_carea' id='block_1_44' title="bbox 536 2931 2106 3028">
    <p class='ocr_par' dir='ltr' id='par_1_44' title="bbox 536 2931 2106 3028">
     <span class='ocr_line' id='line_1_44' title="bbox 536 2931 2106 3028; baseline 0.02 -44"><span class='ocrx_word' id='word_1_301' title='bbox 536 2931 652 3028; x_wconf 63' lang='lat' dir='ltr'><strong>filio</strong></span> <span class='ocrx_word' id='word_1_302' title='bbox 681 2935 892 3002; x_wconf 83' lang='lat' dir='ltr'><strong>Narsei,</strong></span> <span class='ocrx_word' id='word_1_303' title='bbox 922 2958 1112 2998; x_wconf 88' lang='lat' dir='ltr'><strong>verum</strong></span> <span class='ocrx_word' id='word_1_304' title='bbox 1154 2962 1219 3000; x_wconf 88' lang='lat' dir='ltr'><strong>ex</strong></span> <span class='ocrx_word' id='word_1_305' title='bbox 1255 2949 1478 3017; x_wconf 77' lang='lat' dir='ltr'><strong>ignobili</strong></span> <span class='ocrx_word' id='word_1_306' title='bbox 1533 2956 1763 3010; x_wconf 87' lang='lat' dir='ltr'><strong>muliere</strong></span> <span class='ocrx_word' id='word_1_307' title='bbox 1799 2971 2106 3028; x_wconf 88' lang='lat' dir='ltr'><strong>procreato.</strong></span> 
     </span>
    </p>
   </div>
   <div class='ocr_carea' id='block_1_45' title="bbox 533 3022 2106 3121">
    <p class='ocr_par' dir='ltr' id='par_1_45' title="bbox 533 3022 2106 3121">
     <span class='ocr_line' id='line_1_45' title="bbox 533 3022 2106 3121; baseline 0.019 -45"><span class='ocrx_word' id='word_1_308' title='bbox 533 3022 670 3078; x_wconf 81' lang='lat' dir='ltr'><strong>Nam</strong></span> <span class='ocrx_word' id='word_1_309' title='bbox 719 3027 762 3082; x_wconf 90' lang='lat' dir='ltr'><strong>is</strong></span> <span class='ocrx_word' id='word_1_310' title='bbox 811 3046 841 3085; x_wconf 91' lang='lat' dir='ltr'><strong>e</strong></span> <span class='ocrx_word' id='word_1_311' title='bbox 887 3034 1137 3106; x_wconf 90' lang='lat' dir='ltr'><strong>principe</strong></span> <span class='ocrx_word' id='word_1_312' title='bbox 1183 3054 1353 3094; x_wconf 84' lang='lat' dir='ltr'><strong>uxore</strong></span> <span class='ocrx_word' id='word_1_313' title='bbox 1401 3051 1512 3097; x_wconf 88' lang='lat' dir='ltr'><strong>tres</strong></span> <span class='ocrx_word' id='word_1_314' title='bbox 1579 3045 1719 3103; x_wconf 85' lang='lat' dir='ltr'><strong>filios</strong></span> <span class='ocrx_word' id='word_1_315' title='bbox 1767 3062 2106 3121; x_wconf 89' lang='lat' dir='ltr'><strong>susceperat,</strong></span> 
     </span>
    </p>
   </div>
   <div class='ocr_carea' id='block_1_46' title="bbox 2156 1796 2204 1856">
    <p class='ocr_par' dir='ltr' id='par_1_46' title="bbox 2156 1796 2204 1856">
     <span class='ocr_line' id='line_1_46' title="bbox 2156 1796 2204 1856; baseline 0 0"><span class='ocrx_word' id='word_1_316' title='bbox 2156 1796 2204 1856; x_wconf 89' lang='lat' dir='ltr'><strong>B</strong></span> 
     </span>
    </p>
   </div>
   <div class='ocr_carea' id='block_1_47' title="bbox 2233 1657 3823 1736">
    <p class='ocr_par' dir='ltr' id='par_1_47' title="bbox 2233 1657 3823 1736">
     <span class='ocr_line' id='line_1_47' title="bbox 2233 1657 3823 1736; baseline -0.003 -20"><span class='ocrx_word' id='word_1_317' title='bbox 2233 1665 2547 1736; x_wconf 73' lang='grc' dir='ltr'><strong>παρεχώρει</strong></span> <span class='ocrx_word' id='word_1_318' title='bbox 2603 1664 2681 1736; x_wconf 80' lang='grc' dir='ltr'><strong>τῷ</strong></span> <span class='ocrx_word' id='word_1_319' title='bbox 2733 1664 2967 1732; x_wconf 63' lang='grc' dir='ltr'><strong>ἀδελφῷ,</strong></span> <span class='ocrx_word' id='word_1_320' title='bbox 3022 1663 3161 1716; x_wconf 82' lang='grc' dir='ltr'><strong>ὅπλα</strong></span> <span class='ocrx_word' id='word_1_321' title='bbox 3210 1662 3334 1715; x_wconf 88' lang='grc' dir='ltr'><strong>κατ’</strong></span> <span class='ocrx_word' id='word_1_322' title='bbox 3376 1661 3540 1714; x_wconf 68' lang='grc' dir='ltr'><strong>αὐτοῦ</strong></span> <span class='ocrx_word' id='word_1_323' title='bbox 3600 1657 3742 1730; x_wconf 74' lang='grc' dir='ltr'><strong>ἦρεν</strong></span> <span class='ocrx_word' id='word_1_324' title='bbox 3794 1661 3823 1711; x_wconf 89' lang='lat'><strong>6</strong></span> 
     </span>
    </p>
   </div>
   <div class='ocr_carea' id='block_1_48' title="bbox 2233 1752 3819 1824">
    <p class='ocr_par' dir='ltr' id='par_1_48' title="bbox 2233 1752 3819 1824">
     <span class='ocr_line' id='line_1_48' title="bbox 2233 1752 3819 1824; baseline -0.001 -14"><span class='ocrx_word' id='word_1_325' title='bbox 2233 1759 2644 1820; x_wconf 81' lang='grc' dir='ltr'><strong>Κωνσταντῖνος</strong></span> <span class='ocrx_word' id='word_1_326' title='bbox 2668 1755 2765 1810; x_wconf 75' lang='grc' dir='ltr'><strong>καὶ</strong></span> <span class='ocrx_word' id='word_1_327' title='bbox 2790 1755 2996 1824; x_wconf 71' lang='grc' dir='ltr'><strong>ἐπῆλθε</strong></span> <span class='ocrx_word' id='word_1_328' title='bbox 3021 1755 3098 1823; x_wconf 84' lang='grc' dir='ltr'><strong>τῷ</strong></span> <span class='ocrx_word' id='word_1_329' title='bbox 3119 1755 3278 1823; x_wconf 80' lang='grc' dir='ltr'><strong>λάχει</strong></span> <span class='ocrx_word' id='word_1_330' title='bbox 3302 1752 3396 1806; x_wconf 80' lang='grc' dir='ltr'><strong>τοῦ</strong></span> <span class='ocrx_word' id='word_1_331' title='bbox 3429 1752 3819 1814; x_wconf 79' lang='grc' dir='ltr'><strong>Κώνσταντος.</strong></span> 
     </span>
    </p>
   </div>
   <div class='ocr_carea' id='block_1_49' title="bbox 2242 1843 3818 1918">
    <p class='ocr_par' dir='ltr' id='par_1_49' title="bbox 2242 1843 3818 1918">
     <span class='ocr_line' id='line_1_49' title="bbox 2242 1843 3818 1918; baseline -0.004 -16"><span class='ocrx_word' id='word_1_332' title='bbox 2242 1848 2302 1902; x_wconf 84' lang='lat'><strong>&#39;0</strong></span> <span class='ocrx_word' id='word_1_333' title='bbox 2353 1849 2410 1901; x_wconf 79' lang='grc' dir='ltr'><strong>δὲ</strong></span> <span class='ocrx_word' id='word_1_334' title='bbox 2462 1851 2521 1902; x_wconf 86' lang='grc' dir='ltr'><strong>ὲν</strong></span> <span class='ocrx_word' id='word_1_335' title='bbox 2575 1847 2748 1918; x_wconf 75' lang='grc' dir='ltr'><strong>Δακέᾳ</strong></span> <span class='ocrx_word' id='word_1_336' title='bbox 2781 1846 3102 1915; x_wconf 82' lang='grc' dir='ltr'><strong>ἀποδημῶν,</strong></span> <span class='ocrx_word' id='word_1_337' title='bbox 3161 1847 3255 1898; x_wconf 84' lang='grc' dir='ltr'><strong>καὶ</strong></span> <span class='ocrx_word' id='word_1_338' title='bbox 3306 1845 3407 1916; x_wconf 71' lang='grc' dir='ltr'><strong>τὴν</strong></span> <span class='ocrx_word' id='word_1_339' title='bbox 3457 1844 3681 1914; x_wconf 80' lang='grc' dir='ltr'><strong>κίνησιν</strong></span> <span class='ocrx_word' id='word_1_340' title='bbox 3718 1843 3818 1896; x_wconf 80' lang='grc' dir='ltr'><strong>τοῦ</strong></span> 
     </span>
    </p>
   </div>
   <div class='ocr_carea' id='block_1_50' title="bbox 2229 1935 3821 2008">
    <p class='ocr_par' dir='ltr' id='par_1_50' title="bbox 2229 1935 3821 2008">
     <span class='ocr_line' id='line_1_50' title="bbox 2229 1935 3821 2008; baseline -0.004 -15"><span class='ocrx_word' id='word_1_341' title='bbox 2229 1939 2646 1993; x_wconf 83' lang='grc' dir='ltr'><strong>Κωνσταντίνου</strong></span> <span class='ocrx_word' id='word_1_342' title='bbox 2683 1937 2888 2008; x_wconf 85' lang='grc' dir='ltr'><strong>μαθὼν,</strong></span> <span class='ocrx_word' id='word_1_343' title='bbox 2917 1937 3233 2006; x_wconf 73' lang='grc' dir='ltr'><strong>στράτευμα</strong></span> <span class='ocrx_word' id='word_1_344' title='bbox 3266 1937 3391 1988; x_wconf 87' lang='grc' dir='ltr'><strong>κατ’</strong></span> <span class='ocrx_word' id='word_1_345' title='bbox 3409 1935 3578 1988; x_wconf 78' lang='grc' dir='ltr'><strong>αὐτοῦ</strong></span> <span class='ocrx_word' id='word_1_346' title='bbox 3599 1937 3821 2005; x_wconf 80' lang='grc' dir='ltr'><strong>πέμπει</strong></span> 
     </span>
    </p>
   </div>
   <div class='ocr_carea' id='block_1_51' title="bbox 2228 2028 3819 2102">
    <p class='ocr_par' dir='ltr' id='par_1_51' title="bbox 2228 2028 3819 2102">
     <span class='ocr_line' id='line_1_51' title="bbox 2228 2028 3819 2102; baseline -0.003 -17"><span class='ocrx_word' id='word_1_347' title='bbox 2228 2033 2323 2085; x_wconf 73' lang='grc' dir='ltr'><strong>καὶ</strong></span> <span class='ocrx_word' id='word_1_348' title='bbox 2367 2032 2731 2102; x_wconf 74' lang='grc' dir='ltr'><strong>στρατηγοὺς,</strong></span> <span class='ocrx_word' id='word_1_349' title='bbox 2768 2032 2862 2084; x_wconf 83' lang='grc' dir='ltr'><strong>καὶ</strong></span> <span class='ocrx_word' id='word_1_350' title='bbox 2899 2031 3060 2093; x_wconf 68' lang='grc' dir='ltr'><strong>αὐτὸς</strong></span> <span class='ocrx_word' id='word_1_351' title='bbox 3089 2031 3214 2083; x_wconf 80' lang='grc' dir='ltr'><strong>ὅσον</strong></span> <span class='ocrx_word' id='word_1_352' title='bbox 3244 2029 3341 2100; x_wconf 68' lang='grc' dir='ltr'><strong>ἤδη</strong></span> <span class='ocrx_word' id='word_1_353' title='bbox 3383 2030 3524 2098; x_wconf 82' lang='grc' dir='ltr'><strong>μετά</strong></span> <span class='ocrx_word' id='word_1_354' title='bbox 3561 2028 3819 2092; x_wconf 77' lang='grc' dir='ltr'><strong>πλείονος</strong></span> 
     </span>
    </p>
   </div>
   <div class='ocr_carea' id='block_1_52' title="bbox 2227 2121 3816 2196">
    <p class='ocr_par' dir='ltr' id='par_1_52' title="bbox 2227 2121 3816 2196">
     <span class='ocr_line' id='line_1_52' title="bbox 2227 2121 3816 2196; baseline -0.003 -18"><span class='ocrx_word' id='word_1_355' title='bbox 2227 2125 2466 2196; x_wconf 79' lang='grc' dir='ltr'><strong>στρατοῦ</strong></span> <span class='ocrx_word' id='word_1_356' title='bbox 2525 2125 2818 2194; x_wconf 73' lang='grc' dir='ltr'><strong>επιστῆναι</strong></span> <span class='ocrx_word' id='word_1_357' title='bbox 2868 2123 3358 2192; x_wconf 70' lang='grc' dir='ltr'><strong>ἐπαγγειλάμενος.</strong></span> <span class='ocrx_word' id='word_1_358' title='bbox 3396 2123 3460 2176; x_wconf 85' lang='grc' dir='ltr'><strong>Οἱ</strong></span> <span class='ocrx_word' id='word_1_359' title='bbox 3492 2121 3630 2190; x_wconf 85' lang='grc' dir='ltr'><strong>γοῦν</strong></span> <span class='ocrx_word' id='word_1_360' title='bbox 3665 2139 3816 2190; x_wconf 81' lang='grc' dir='ltr'><strong>πεμ-</strong></span> 
     </span>
    </p>
   </div>
   <div class='ocr_carea' id='block_1_53' title="bbox 2226 2213 3815 2286">
    <p class='ocr_par' dir='ltr' id='par_1_53' title="bbox 2226 2213 3815 2286">
     <span class='ocr_line' id='line_1_53' title="bbox 2226 2213 3815 2286; baseline -0.003 -17"><span class='ocrx_word' id='word_1_361' title='bbox 2226 2217 2453 2285; x_wconf 76' lang='grc' dir='ltr'><strong>φθέντες</strong></span> <span class='ocrx_word' id='word_1_362' title='bbox 2489 2218 2657 2286; x_wconf 75' lang='grc' dir='ltr'><strong>ἐγγὺς</strong></span> <span class='ocrx_word' id='word_1_363' title='bbox 2697 2215 2792 2269; x_wconf 83' lang='grc' dir='ltr'><strong>τοῦ</strong></span> <span class='ocrx_word' id='word_1_364' title='bbox 2843 2215 3259 2269; x_wconf 79' lang='grc' dir='ltr'><strong>Κωνσταντίνου</strong></span> <span class='ocrx_word' id='word_1_365' title='bbox 3293 2214 3578 2282; x_wconf 78' lang='grc' dir='ltr'><strong>γενόμενοι</strong></span> <span class='ocrx_word' id='word_1_366' title='bbox 3611 2213 3815 2282; x_wconf 80' lang='grc' dir='ltr'><strong>λόχους</strong></span> 
     </span>
    </p>
   </div>
   <div class='ocr_carea' id='block_1_54' title="bbox 2223 2307 3812 2378">
    <p class='ocr_par' dir='ltr' id='par_1_54' title="bbox 2223 2307 3812 2378">
     <span class='ocr_line' id='line_1_54' title="bbox 2223 2307 3812 2378; baseline -0.004 -14"><span class='ocrx_word' id='word_1_367' title='bbox 2223 2309 2510 2374; x_wconf 75' lang='grc' dir='ltr'><strong>καθίζουσι</strong></span> <span class='ocrx_word' id='word_1_368' title='bbox 2543 2328 2558 2343; x_wconf 76' lang='grc' dir='ltr'><strong>ο</strong></span> <span class='ocrx_word' id='word_1_369' title='bbox 2590 2311 2680 2364; x_wconf 69' lang='grc' dir='ltr'><strong>καὶ</strong></span> <span class='ocrx_word' id='word_1_370' title='bbox 2714 2309 3090 2378; x_wconf 83' lang='grc' dir='ltr'><strong>συμϐαλόντες</strong></span> <span class='ocrx_word' id='word_1_371' title='bbox 3122 2307 3274 2377; x_wconf 84' lang='grc' dir='ltr'><strong>αύτῷ</strong></span> <span class='ocrx_word' id='word_1_372' title='bbox 3306 2307 3534 2376; x_wconf 77' lang='grc' dir='ltr'><strong>φεύγειν</strong></span> <span class='ocrx_word' id='word_1_373' title='bbox 3563 2307 3812 2376; x_wconf 78' lang='grc' dir='ltr'><strong>ὑπεκρί-</strong></span> 
     </span>
    </p>
   </div>
   <div class='ocr_carea' id='block_1_55' title="bbox 2221 2398 3806 2462">
    <p class='ocr_par' dir='ltr' id='par_1_55' title="bbox 2221 2398 3806 2462">
     <span class='ocr_line' id='line_1_55' title="bbox 2221 2398 3806 2462; baseline -0.004 -5"><span class='ocrx_word' id='word_1_374' title='bbox 2221 2402 2532 2458; x_wconf 88' lang='grc' dir='ltr'><strong>νοντο.Τῶν</strong></span> <span class='ocrx_word' id='word_1_375' title='bbox 2557 2401 2614 2456; x_wconf 83' lang='grc' dir='ltr'><strong>δὲ</strong></span> <span class='ocrx_word' id='word_1_376' title='bbox 2649 2402 2744 2455; x_wconf 81' lang='grc' dir='ltr'><strong>τού</strong></span> <span class='ocrx_word' id='word_1_377' title='bbox 2775 2401 3192 2455; x_wconf 83' lang='grc' dir='ltr'><strong>Κωνσταντίνου</strong></span> <span class='ocrx_word' id='word_1_378' title='bbox 3222 2398 3537 2454; x_wconf 75' lang='grc' dir='ltr'><strong>διωκόντων</strong></span> <span class='ocrx_word' id='word_1_379' title='bbox 3576 2399 3806 2462; x_wconf 73' lang='grc' dir='ltr'><strong>αὐτοὺς,</strong></span> 
     </span>
    </p>
   </div>
   <div class='ocr_carea' id='block_1_56' title="bbox 2221 2492 3803 2564">
    <p class='ocr_par' dir='ltr' id='par_1_56' title="bbox 2221 2492 3803 2564">
     <span class='ocr_line' id='line_1_56' title="bbox 2221 2492 3803 2564; baseline -0.004 -14"><span class='ocrx_word' id='word_1_380' title='bbox 2221 2494 2508 2561; x_wconf 72' lang='grc' dir='ltr'><strong>ἐξόπισθεν</strong></span> <span class='ocrx_word' id='word_1_381' title='bbox 2566 2494 2750 2548; x_wconf 78' lang='grc' dir='ltr'><strong>αὐτῶν</strong></span> <span class='ocrx_word' id='word_1_382' title='bbox 2799 2495 2849 2548; x_wconf 79' lang='lat' dir='ltr'><strong>oi</strong></span> <span class='ocrx_word' id='word_1_383' title='bbox 2902 2493 3176 2564; x_wconf 82' lang='grc' dir='ltr'><strong>λοχῶντες</strong></span> <span class='ocrx_word' id='word_1_384' title='bbox 3229 2492 3429 2556; x_wconf 78' lang='grc' dir='ltr'><strong>αὐτοὺς</strong></span> <span class='ocrx_word' id='word_1_385' title='bbox 3488 2493 3803 2562; x_wconf 79' lang='grc' dir='ltr'><strong>γενόμενοι,</strong></span> 
     </span>
    </p>
   </div>
   <div class='ocr_carea' id='block_1_57' title="bbox 2219 2585 3802 2654">
    <p class='ocr_par' dir='ltr' id='par_1_57' title="bbox 2219 2585 3802 2654">
     <span class='ocr_line' id='line_1_57' title="bbox 2219 2585 3802 2654; baseline -0.006 -9"><span class='ocrx_word' id='word_1_386' title='bbox 2219 2591 2363 2645; x_wconf 84' lang='grc' dir='ltr'><strong>κατά</strong></span> <span class='ocrx_word' id='word_1_387' title='bbox 2393 2590 2580 2644; x_wconf 85' lang='grc' dir='ltr'><strong>νώτων</strong></span> <span class='ocrx_word' id='word_1_388' title='bbox 2607 2591 2791 2652; x_wconf 75' lang='grc' dir='ltr'><strong>αὐτοῖς</strong></span> <span class='ocrx_word' id='word_1_389' title='bbox 2842 2587 3198 2642; x_wconf 74' lang='grc' dir='ltr'><strong>ἐπιτίθενται.</strong></span> <span class='ocrx_word' id='word_1_390' title='bbox 3235 2587 3347 2640; x_wconf 73' lang='grc' dir='ltr'><strong>Καὶ</strong></span> <span class='ocrx_word' id='word_1_391' title='bbox 3395 2588 3447 2640; x_wconf 81' lang='grc' dir='ltr'><strong>οἱ</strong></span> <span class='ocrx_word' id='word_1_392' title='bbox 3495 2585 3802 2654; x_wconf 82' lang='grc' dir='ltr'><strong>φεύγοντες</strong></span> 
     </span>
    </p>
   </div>
   <div class='ocr_carea' id='block_1_58' title="bbox 2217 2677 3796 2752">
    <p class='ocr_par' dir='ltr' id='par_1_58' title="bbox 2217 2677 3796 2752">
     <span class='ocr_line' id='line_1_58' title="bbox 2217 2677 3796 2752; baseline -0.004 -18"><span class='ocrx_word' id='word_1_393' title='bbox 2217 2683 2672 2752; x_wconf 68' lang='grc' dir='ltr'><strong>ἐπιστραφέντες,</strong></span> <span class='ocrx_word' id='word_1_394' title='bbox 2717 2681 2881 2748; x_wconf 82' lang='grc' dir='ltr'><strong>μέσον</strong></span> <span class='ocrx_word' id='word_1_395' title='bbox 2911 2679 3210 2750; x_wconf 80' lang='grc' dir='ltr'><strong>περιέσχον</strong></span> <span class='ocrx_word' id='word_1_396' title='bbox 3248 2677 3470 2740; x_wconf 79' lang='grc' dir='ltr'><strong>αὐτούς.</strong></span> <span class='ocrx_word' id='word_1_397' title='bbox 3519 2677 3634 2730; x_wconf 76' lang='grc' dir='ltr'><strong>Καὶ</strong></span> <span class='ocrx_word' id='word_1_398' title='bbox 3664 2677 3796 2731; x_wconf 77' lang='grc' dir='ltr'><strong>πολὺ</strong></span> 
     </span>
    </p>
   </div>
   <div class='ocr_carea' id='block_1_59' title="bbox 2215 2769 3796 2842">
    <p class='ocr_par' dir='ltr' id='par_1_59' title="bbox 2215 2769 3796 2842">
     <span class='ocr_line' id='line_1_59' title="bbox 2215 2769 3796 2842; baseline -0.004 -16"><span class='ocrx_word' id='word_1_399' title='bbox 2215 2773 2316 2842; x_wconf 85' lang='grc' dir='ltr'><strong>τῆς</strong></span> <span class='ocrx_word' id='word_1_400' title='bbox 2343 2772 2437 2827; x_wconf 79' lang='grc' dir='ltr'><strong>τοῦ</strong></span> <span class='ocrx_word' id='word_1_401' title='bbox 2467 2771 2882 2827; x_wconf 80' lang='grc' dir='ltr'><strong>Κωνσταντίνου</strong></span> <span class='ocrx_word' id='word_1_402' title='bbox 2906 2771 3202 2839; x_wconf 83' lang='grc' dir='ltr'><strong>διέφθαρτο</strong></span> <span class='ocrx_word' id='word_1_403' title='bbox 3230 2771 3515 2841; x_wconf 79' lang='grc' dir='ltr'><strong>στρατιᾶς,</strong></span> <span class='ocrx_word' id='word_1_404' title='bbox 3541 2769 3796 2828; x_wconf 84' lang='grc' dir='ltr'><strong>κάκεῖνος</strong></span> 
     </span>
    </p>
   </div>
   <div class='ocr_carea' id='block_1_60' title="bbox 2216 2859 3795 2936">
    <p class='ocr_par' dir='ltr' id='par_1_60' title="bbox 2216 2859 3795 2936">
     <span class='ocr_line' id='line_1_60' title="bbox 2216 2859 3795 2936; baseline -0.004 -18"><span class='ocrx_word' id='word_1_405' title='bbox 2216 2867 2400 2926; x_wconf 81' lang='grc' dir='ltr'><strong>αὑτός.</strong></span> <span class='ocrx_word' id='word_1_406' title='bbox 2432 2866 2540 2918; x_wconf 80' lang='grc' dir='ltr'><strong>Τοῦ</strong></span> <span class='ocrx_word' id='word_1_407' title='bbox 2561 2865 2672 2934; x_wconf 75' lang='grc' dir='ltr'><strong>γὰρ</strong></span> <span class='ocrx_word' id='word_1_408' title='bbox 2720 2866 2892 2918; x_wconf 78' lang='grc' dir='ltr'><strong>ἵππου</strong></span> <span class='ocrx_word' id='word_1_409' title='bbox 2922 2863 3232 2936; x_wconf 78' lang='grc' dir='ltr'><strong>τρωθέντος</strong></span> <span class='ocrx_word' id='word_1_410' title='bbox 3263 2861 3430 2917; x_wconf 81' lang='grc' dir='ltr'><strong>αὐτοῦ</strong></span> <span class='ocrx_word' id='word_1_411' title='bbox 3465 2863 3563 2915; x_wconf 79' lang='grc' dir='ltr'><strong>καὶ</strong></span> <span class='ocrx_word' id='word_1_412' title='bbox 3613 2861 3708 2913; x_wconf 73' lang='grc' dir='ltr'><strong>διὰ</strong></span> <span class='ocrx_word' id='word_1_413' title='bbox 3736 2859 3795 2912; x_wconf 74' lang='grc' dir='ltr'><strong>τὸ</strong></span> 
     </span>
    </p>
   </div>
   <div class='ocr_carea' id='block_1_61' title="bbox 2211 2953 3791 3028">
    <p class='ocr_par' dir='ltr' id='par_1_61' title="bbox 2211 2953 3791 3028">
     <span class='ocr_line' id='line_1_61' title="bbox 2211 2953 3791 3028; baseline -0.004 -18"><span class='ocrx_word' id='word_1_414' title='bbox 2211 2955 2437 3028; x_wconf 83' lang='grc' dir='ltr'><strong>τραῦμα</strong></span> <span class='ocrx_word' id='word_1_415' title='bbox 2471 2958 2832 3026; x_wconf 75' lang='grc' dir='ltr'><strong>σφαδάζοντος</strong></span> <span class='ocrx_word' id='word_1_416' title='bbox 2857 2957 2950 3010; x_wconf 78' lang='grc' dir='ltr'><strong>καὶ</strong></span> <span class='ocrx_word' id='word_1_417' title='bbox 2979 2953 3791 3026; x_wconf 78' lang='grc' dir='ltr'><strong>ἀνασκιρτῶντος,ὲκπὲπτωκε</strong></span> 
     </span>
    </p>
   </div>
   <div class='ocr_carea' id='block_1_62' title="bbox 2211 3047 3795 3120">
    <p class='ocr_par' dir='ltr' id='par_1_62' title="bbox 2211 3047 3795 3120">
     <span class='ocr_line' id='line_1_62' title="bbox 2211 3047 3795 3120; baseline -0.002 -19"><span class='ocrx_word' id='word_1_418' title='bbox 2211 3052 2312 3119; x_wconf 77' lang='grc' dir='ltr'><strong>τῆς</strong></span> <span class='ocrx_word' id='word_1_419' title='bbox 2345 3050 2507 3118; x_wconf 68' lang='grc' dir='ltr'><strong>ἕδρας</strong></span> <span class='ocrx_word' id='word_1_420' title='bbox 2533 3052 2560 3102; x_wconf 91' lang='lat'><strong>6</strong></span> <span class='ocrx_word' id='word_1_421' title='bbox 2593 3051 2999 3112; x_wconf 82' lang='grc' dir='ltr'><strong>Κωνστανττνος</strong></span> <span class='ocrx_word' id='word_1_422' title='bbox 3029 3049 3124 3103; x_wconf 73' lang='grc' dir='ltr'><strong>καὶ</strong></span> <span class='ocrx_word' id='word_1_423' title='bbox 3154 3049 3419 3120; x_wconf 78' lang='grc' dir='ltr'><strong>ἀνῃρέθη,</strong></span> <span class='ocrx_word' id='word_1_424' title='bbox 3439 3047 3611 3100; x_wconf 82' lang='grc' dir='ltr'><strong>πολλά</strong></span> <span class='ocrx_word' id='word_1_425' title='bbox 3640 3047 3795 3111; x_wconf 78' lang='grc' dir='ltr'><strong>δεεά-</strong></span> 
     </span>
    </p>
   </div>
   <div class='ocr_carea' id='block_1_63' title="bbox 529 3115 2105 3212">
    <p class='ocr_par' dir='ltr' id='par_1_63' title="bbox 529 3115 2105 3211">
     <span class='ocr_line' id='line_1_63' title="bbox 529 3115 2105 3211; baseline 0.02 -44"><span class='ocrx_word' id='word_1_426' title='bbox 529 3115 893 3190; x_wconf 79' lang='lat' dir='ltr'><strong>Adanarsem,</strong></span> <span class='ocrx_word' id='word_1_427' title='bbox 949 3124 1318 3197; x_wconf 85' lang='lat' dir='ltr'><strong>llormisdam,</strong></span> <span class='ocrx_word' id='word_1_428' title='bbox 1369 3145 1426 3188; x_wconf 90' lang='lat' dir='ltr'><strong>et</strong></span> <span class='ocrx_word' id='word_1_429' title='bbox 1489 3138 1713 3192; x_wconf 90' lang='lat' dir='ltr'><strong>tertium</strong></span> <span class='ocrx_word' id='word_1_430' title='bbox 1790 3145 2105 3211; x_wconf 85' lang='lat' dir='ltr'><strong>quemdam.</strong></span> 
     </span>
    </p>
   </div>
   <div class='ocr_carea' id='block_1_64' title="bbox 2213 3115 3790 3212">
    <p class='ocr_par' dir='ltr' id='par_1_64' title="bbox 2215 3115 3790 3212">
     <span class='ocr_line' id='line_1_64' title="bbox 2215 3115 3790 3212; baseline 0 -19"><span class='ocrx_word' id='word_1_431' title='bbox 2215 3115 2377 3210; x_wconf 84' lang='grc' dir='ltr'><strong>μενος</strong></span> <span class='ocrx_word' id='word_1_432' title='bbox 2405 3115 2718 3212; x_wconf 83' lang='grc' dir='ltr'><strong>τραύματα,</strong></span> <span class='ocrx_word' id='word_1_433' title='bbox 2747 3141 2870 3195; x_wconf 77' lang='grc' dir='ltr'><strong>οὕτε</strong></span> <span class='ocrx_word' id='word_1_434' title='bbox 2905 3139 3084 3211; x_wconf 85' lang='grc' dir='ltr'><strong>τυχὼν</strong></span> <span class='ocrx_word' id='word_1_435' title='bbox 3110 3115 3513 3210; x_wconf 29' lang='grc' dir='ltr'><strong>τῆςνξφέσεως,</strong></span> <span class='ocrx_word' id='word_1_436' title='bbox 3562 3141 3664 3193; x_wconf 74' lang='grc' dir='ltr'><strong>καὶ</strong></span> <span class='ocrx_word' id='word_1_437' title='bbox 3710 3141 3790 3194; x_wconf 84' lang='grc' dir='ltr'><strong>ὅτι</strong></span> 
     </span>
    </p>
   </div>
   <div class='ocr_carea' id='block_1_65' title="bbox 530 3207 2105 3291">
    <p class='ocr_par' dir='ltr' id='par_1_65' title="bbox 530 3207 2105 3291">
     <span class='ocr_line' id='line_1_65' title="bbox 530 3207 2105 3291; baseline 0.019 -30"><span class='ocrx_word' id='word_1_438' title='bbox 530 3207 802 3267; x_wconf 77' lang='lat' dir='ltr'><strong>Defuncto</strong></span> <span class='ocrx_word' id='word_1_439' title='bbox 855 3216 1096 3284; x_wconf 75' lang='lat' dir='ltr'><strong>Narseo,</strong></span> <span class='ocrx_word' id='word_1_440' title='bbox 1156 3222 1467 3282; x_wconf 83' lang='lat' dir='ltr'><strong>Adanarses</strong></span> <span class='ocrx_word' id='word_1_441' title='bbox 1525 3241 1654 3284; x_wconf 89' lang='lat' dir='ltr'><strong>natu</strong></span> <span class='ocrx_word' id='word_1_442' title='bbox 1712 3236 1983 3290; x_wconf 87' lang='lat' dir='ltr'><strong>maximus</strong></span> <span class='ocrx_word' id='word_1_443' title='bbox 2050 3236 2105 3291; x_wconf 91' lang='lat' dir='ltr'><strong>in</strong></span> 
     </span>
    </p>
   </div>
   <div class='ocr_carea' id='block_1_66' title="bbox 529 3300 2111 3383">
    <p class='ocr_par' dir='ltr' id='par_1_66' title="bbox 529 3300 2111 3383">
     <span class='ocr_line' id='line_1_66' title="bbox 529 3300 2111 3383; baseline 0.018 -29"><span class='ocrx_word' id='word_1_444' title='bbox 529 3300 761 3372; x_wconf 84' lang='lat' dir='ltr'><strong>imperio</strong></span> <span class='ocrx_word' id='word_1_445' title='bbox 791 3310 1055 3366; x_wconf 88' lang='lat' dir='ltr'><strong>succedit.</strong></span> <span class='ocrx_word' id='word_1_446' title='bbox 1085 3311 1191 3369; x_wconf 84' lang='lat' dir='ltr'><strong>Sed</strong></span> <span class='ocrx_word' id='word_1_447' title='bbox 1219 3331 1286 3371; x_wconf 83' lang='lat' dir='ltr'><strong>ex</strong></span> <span class='ocrx_word' id='word_1_448' title='bbox 1321 3319 1484 3375; x_wconf 91' lang='lat' dir='ltr'><strong>nimia</strong></span> <span class='ocrx_word' id='word_1_449' title='bbox 1517 3324 1838 3380; x_wconf 89' lang='lat' dir='ltr'><strong>crudelitate</strong></span> <span class='ocrx_word' id='word_1_450' title='bbox 1855 3337 1910 3381; x_wconf 91' lang='lat' dir='ltr'><strong>et</strong></span> <span class='ocrx_word' id='word_1_451' title='bbox 1945 3327 2111 3383; x_wconf 88' lang='lat' dir='ltr'><strong>inhu-</strong></span> 
     </span>
    </p>
   </div>
   <div class='ocr_carea' id='block_1_67' title="bbox 529 3397 2104 3489">
    <p class='ocr_par' dir='ltr' id='par_1_67' title="bbox 529 3397 2104 3489">
     <span class='ocr_line' id='line_1_67' title="bbox 529 3397 2104 3489; baseline 0.019 -42"><span class='ocrx_word' id='word_1_452' title='bbox 529 3397 798 3489; x_wconf 72' lang='lat' dir='ltr'><strong>manitate</strong></span> <span class='ocrx_word' id='word_1_453' title='bbox 837 3403 968 3458; x_wconf 93' lang='lat' dir='ltr'><strong>odio</strong></span> <span class='ocrx_word' id='word_1_454' title='bbox 998 3405 1290 3464; x_wconf 84' lang='lat' dir='ltr'><strong>Persarum</strong></span> <span class='ocrx_word' id='word_1_455' title='bbox 1343 3424 1622 3484; x_wconf 89' lang='lat' dir='ltr'><strong>suscepto,</strong></span> <span class='ocrx_word' id='word_1_456' title='bbox 1661 3433 1832 3489; x_wconf 76' lang='lat' dir='ltr'><strong>regno</strong></span> <span class='ocrx_word' id='word_1_457' title='bbox 1876 3421 2104 3478; x_wconf 76' lang='lat' dir='ltr'><strong>excidit.</strong></span> 
     </span>
    </p>
   </div>
   <div class='ocr_carea' id='block_1_68' title="bbox 527 3487 2105 3584">
    <p class='ocr_par' dir='ltr' id='par_1_68' title="bbox 527 3487 2105 3584">
     <span class='ocr_line' id='line_1_68' title="bbox 527 3487 2105 3584; baseline 0.018 -44"><span class='ocrx_word' id='word_1_458' title='bbox 527 3487 699 3584; x_wconf 79' lang='lat' dir='ltr'><strong>Cujus</strong></span> <span class='ocrx_word' id='word_1_459' title='bbox 729 3496 935 3550; x_wconf 87' lang='lat' dir='ltr'><strong>atrocis</strong></span> <span class='ocrx_word' id='word_1_460' title='bbox 972 3500 1175 3570; x_wconf 83' lang='lat' dir='ltr'><strong>ingenii</strong></span> <span class='ocrx_word' id='word_1_461' title='bbox 1202 3503 1480 3572; x_wconf 88' lang='lat' dir='ltr'><strong>specimen</strong></span> <span class='ocrx_word' id='word_1_462' title='bbox 1514 3487 1784 3579; x_wconf 80' lang='lat' dir='ltr'><strong>quoddam</strong></span> <span class='ocrx_word' id='word_1_463' title='bbox 1816 3521 1897 3566; x_wconf 91' lang='lat' dir='ltr'><strong>est</strong></span> <span class='ocrx_word' id='word_1_464' title='bbox 1921 3514 2105 3584; x_wconf 86' lang='lat' dir='ltr'><strong>profe-</strong></span> 
     </span>
    </p>
   </div>
   <div class='ocr_carea' id='block_1_69' title="bbox 526 3579 2103 3675">
    <p class='ocr_par' dir='ltr' id='par_1_69' title="bbox 526 3579 2103 3675">
     <span class='ocr_line' id='line_1_69' title="bbox 526 3579 2103 3675; baseline 0.02 -45"><span class='ocrx_word' id='word_1_465' title='bbox 526 3579 786 3675; x_wconf 71' lang='lat' dir='ltr'><strong>rendum.</strong></span> <span class='ocrx_word' id='word_1_466' title='bbox 822 3585 1133 3655; x_wconf 82' lang='lat' dir='ltr'><strong>Aliquando</strong></span> <span class='ocrx_word' id='word_1_467' title='bbox 1166 3595 1306 3660; x_wconf 88' lang='lat' dir='ltr'><strong>patri</strong></span> <span class='ocrx_word' id='word_1_468' title='bbox 1343 3597 1463 3666; x_wconf 90' lang='lat' dir='ltr'><strong>ejus</strong></span> <span class='ocrx_word' id='word_1_469' title='bbox 1495 3599 1790 3655; x_wconf 91' lang='lat' dir='ltr'><strong>tentorium</strong></span> <span class='ocrx_word' id='word_1_470' title='bbox 1826 3579 2103 3675; x_wconf 77' lang='lat' dir='ltr'><strong>Babylone</strong></span> 
     </span>
    </p>
   </div>
   <div class='ocr_carea' id='block_1_70' title="bbox 524 3670 2100 3758">
    <p class='ocr_par' dir='ltr' id='par_1_70' title="bbox 524 3670 2100 3758">
     <span class='ocr_line' id='line_1_70' title="bbox 524 3670 2100 3758; baseline 0.02 -35"><span class='ocrx_word' id='word_1_471' title='bbox 524 3670 754 3727; x_wconf 86' lang='lat' dir='ltr'><strong>allatum</strong></span> <span class='ocrx_word' id='word_1_472' title='bbox 779 3685 884 3743; x_wconf 75' lang='lat' dir='ltr'><strong>est,</strong></span> <span class='ocrx_word' id='word_1_473' title='bbox 917 3693 948 3732; x_wconf 88' lang='lat' dir='ltr'><strong>e</strong></span> <span class='ocrx_word' id='word_1_474' title='bbox 979 3681 1147 3735; x_wconf 89' lang='lat' dir='ltr'><strong>variis</strong></span> <span class='ocrx_word' id='word_1_475' title='bbox 1184 3683 1332 3740; x_wconf 91' lang='lat' dir='ltr'><strong>illius</strong></span> <span class='ocrx_word' id='word_1_476' title='bbox 1361 3687 1466 3743; x_wconf 91' lang='lat' dir='ltr'><strong>loci</strong></span> <span class='ocrx_word' id='word_1_477' title='bbox 1496 3691 1732 3758; x_wconf 90' lang='lat' dir='ltr'><strong>pellibus</strong></span> <span class='ocrx_word' id='word_1_478' title='bbox 1761 3670 2100 3756; x_wconf 72' lang='lat' dir='ltr'><strong>confectum.</strong></span> 
     </span>
    </p>
   </div>
   <div class='ocr_carea' id='block_1_71' title="bbox 522 3760 2099 3858">
    <p class='ocr_par' dir='ltr' id='par_1_71' title="bbox 522 3760 2099 3858">
     <span class='ocr_line' id='line_1_71' title="bbox 522 3760 2099 3858; baseline 0.02 -43"><span class='ocrx_word' id='word_1_479' title='bbox 522 3760 680 3829; x_wconf 86' lang='lat' dir='ltr'><strong>Quod</strong></span> <span class='ocrx_word' id='word_1_480' title='bbox 719 3768 882 3822; x_wconf 89' lang='lat' dir='ltr'><strong>modo</strong></span> <span class='ocrx_word' id='word_1_481' title='bbox 908 3780 1220 3837; x_wconf 85' lang='lat' dir='ltr'><strong>extensum,</strong></span> <span class='ocrx_word' id='word_1_482' title='bbox 1254 3777 1384 3833; x_wconf 91' lang='lat' dir='ltr'><strong>dum</strong></span> <span class='ocrx_word' id='word_1_483' title='bbox 1419 3780 1620 3839; x_wconf 80' lang='lat' dir='ltr'><strong>Narses</strong></span> <span class='ocrx_word' id='word_1_484' title='bbox 1671 3789 2099 3858; x_wconf 89' lang='lat' dir='ltr'><strong>contemplatur,</strong></span> 
     </span>
    </p>
   </div>
   <div class='ocr_carea' id='block_1_72' title="bbox 524 3861 2093 3952">
    <p class='ocr_par' dir='ltr' id='par_1_72' title="bbox 524 3861 2093 3952">
     <span class='ocr_line' id='line_1_72' title="bbox 524 3861 2093 3952; baseline 0.02 -41"><span class='ocrx_word' id='word_1_485' title='bbox 524 3868 682 3952; x_wconf 70' lang='lat' dir='ltr'><strong>rogat</strong></span> <span class='ocrx_word' id='word_1_486' title='bbox 714 3861 1052 3922; x_wconf 84' lang='lat' dir='ltr'><strong>Adanarsem</strong></span> <span class='ocrx_word' id='word_1_487' title='bbox 1080 3887 1313 3942; x_wconf 90' lang='lat' dir='ltr'><strong>puerum</strong></span> <span class='ocrx_word' id='word_1_488' title='bbox 1340 3876 1544 3943; x_wconf 88' lang='lat' dir='ltr'><strong>adhuc,</strong></span> <span class='ocrx_word' id='word_1_489' title='bbox 1580 3890 1639 3934; x_wconf 90' lang='lat' dir='ltr'><strong>ut</strong></span> <span class='ocrx_word' id='word_1_490' title='bbox 1667 3881 1924 3952; x_wconf 88' lang='lat' dir='ltr'><strong>placeat?</strong></span> <span class='ocrx_word' id='word_1_491' title='bbox 1953 3885 2093 3942; x_wconf 84' lang='lat' dir='ltr'><strong>Tum</strong></span> 
     </span>
    </p>
   </div>
   <div class='ocr_carea' id='block_1_73' title="bbox 520 3950 2100 4042">
    <p class='ocr_par' dir='ltr' id='par_1_73' title="bbox 520 3950 2100 4042">
     <span class='ocr_line' id='line_1_73' title="bbox 520 3950 2100 4042; baseline 0.017 -38"><span class='ocrx_word' id='word_1_492' title='bbox 520 3950 614 4006; x_wconf 88' lang='lat' dir='ltr'><strong>ille</strong></span> <span class='ocrx_word' id='word_1_493' title='bbox 642 3969 656 4006; x_wconf 88' lang='lat'><strong>:</strong></span> <span class='ocrx_word' id='word_1_494' title='bbox 687 3952 802 4018; x_wconf 82' lang='lat' dir='ltr'><strong>Ubi,</strong></span> <span class='ocrx_word' id='word_1_495' title='bbox 835 3957 1033 4027; x_wconf 88' lang='lat' dir='ltr'><strong>inquit,</strong></span> <span class='ocrx_word' id='word_1_496' title='bbox 1065 3978 1222 4032; x_wconf 84' lang='lat' dir='ltr'><strong>regno</strong></span> <span class='ocrx_word' id='word_1_497' title='bbox 1251 3968 1444 4034; x_wconf 74' lang='lat' dir='ltr'><strong>potitus</strong></span> <span class='ocrx_word' id='word_1_498' title='bbox 1471 3969 1639 4038; x_wconf 80' lang='lat' dir='ltr'><strong>fuero,</strong></span> <span class='ocrx_word' id='word_1_499' title='bbox 1668 3950 1950 4042; x_wconf 68' lang='lat' dir='ltr'><strong>pulchrius</strong></span> <span class='ocrx_word' id='word_1_500' title='bbox 1984 3985 2100 4030; x_wconf 81' lang='lat' dir='ltr'><strong>ten-</strong></span> 
     </span>
    </p>
   </div>
   <div class='ocr_carea' id='block_1_74' title="bbox 519 4043 2097 4139">
    <p class='ocr_par' dir='ltr' id='par_1_74' title="bbox 519 4043 2097 4139">
     <span class='ocr_line' id='line_1_74' title="bbox 519 4043 2097 4139; baseline 0.02 -46"><span class='ocrx_word' id='word_1_501' title='bbox 519 4043 714 4098; x_wconf 81' lang='lat' dir='ltr'><strong>torium</strong></span> <span class='ocrx_word' id='word_1_502' title='bbox 739 4063 803 4100; x_wconf 81' lang='lat' dir='ltr'><strong>ea:</strong></span> <span class='ocrx_word' id='word_1_503' title='bbox 831 4049 1078 4106; x_wconf 76' lang='lat' dir='ltr'><strong>humanis</strong></span> <span class='ocrx_word' id='word_1_504' title='bbox 1118 4055 1340 4121; x_wconf 72' lang='lat' dir='ltr'><strong>pellibus</strong></span> <span class='ocrx_word' id='word_1_505' title='bbox 1369 4059 1667 4127; x_wconf 80' lang='lat' dir='ltr'><strong>conﬁciam.</strong></span> <span class='ocrx_word' id='word_1_506' title='bbox 1723 4065 1814 4120; x_wconf 91' lang='lat' dir='ltr'><strong>Sic</strong></span> <span class='ocrx_word' id='word_1_507' title='bbox 1865 4069 1933 4121; x_wconf 86' lang='lat' dir='ltr'><strong>ab</strong></span> <span class='ocrx_word' id='word_1_508' title='bbox 1981 4070 2097 4139; x_wconf 82' lang='lat' dir='ltr'><strong>ipsa</strong></span> 
     </span>
    </p>
   </div>
   <div class='ocr_carea' id='block_1_75' title="bbox 517 4135 2082 4231">
    <p class='ocr_par' dir='ltr' id='par_1_75' title="bbox 517 4135 2082 4231">
     <span class='ocr_line' id='line_1_75' title="bbox 517 4135 2082 4231; baseline 0.019 -44"><span class='ocrx_word' id='word_1_509' title='bbox 517 4135 746 4231; x_wconf 80' lang='lat' dir='ltr'><strong>infantia</strong></span> <span class='ocrx_word' id='word_1_510' title='bbox 780 4140 1175 4200; x_wconf 88' lang='lat' dir='ltr'><strong>immanitatem</strong></span> <span class='ocrx_word' id='word_1_511' title='bbox 1216 4164 1370 4205; x_wconf 92' lang='lat' dir='ltr'><strong>suam</strong></span> <span class='ocrx_word' id='word_1_512' title='bbox 1407 4152 1734 4210; x_wconf 88' lang='lat' dir='ltr'><strong>declarabat.</strong></span> <span class='ocrx_word' id='word_1_513' title='bbox 1783 4159 1862 4213; x_wconf 85' lang='lat' dir='ltr'><strong>Eo</strong></span> <span class='ocrx_word' id='word_1_514' title='bbox 1911 4135 2082 4231; x_wconf 75' lang='lat' dir='ltr'><strong>igitur</strong></span> 
     </span>
    </p>
   </div>
   <div class='ocr_carea' id='block_1_76' title="bbox 517 4226 2086 4314">
    <p class='ocr_par' dir='ltr' id='par_1_76' title="bbox 517 4226 2086 4314">
     <span class='ocr_line' id='line_1_76' title="bbox 517 4226 2086 4314; baseline 0.017 -36"><span class='ocrx_word' id='word_1_515' title='bbox 517 4226 702 4294; x_wconf 85' lang='lat' dir='ltr'><strong>pulso,</strong></span> <span class='ocrx_word' id='word_1_516' title='bbox 755 4227 946 4300; x_wconf 82' lang='lat' dir='ltr'><strong>Sapori</strong></span> <span class='ocrx_word' id='word_1_517' title='bbox 997 4249 1226 4305; x_wconf 86' lang='lat' dir='ltr'><strong>regnum</strong></span> <span class='ocrx_word' id='word_1_518' title='bbox 1284 4248 1369 4295; x_wconf 89' lang='lat' dir='ltr'><strong>est</strong></span> <span class='ocrx_word' id='word_1_519' title='bbox 1416 4241 1697 4299; x_wconf 88' lang='lat' dir='ltr'><strong>delatum:</strong></span> <span class='ocrx_word' id='word_1_520' title='bbox 1752 4248 1847 4314; x_wconf 85' lang='lat' dir='ltr'><strong>qui</strong></span> <span class='ocrx_word' id='word_1_521' title='bbox 1897 4226 2086 4304; x_wconf 67' lang='lat' dir='ltr'><strong>statim</strong></span> 
     </span>
    </p>
   </div>
   <div class='ocr_carea' id='block_1_77' title="bbox 516 4318 2092 4400">
    <p class='ocr_par' dir='ltr' id='par_1_77' title="bbox 516 4318 2092 4400">
     <span class='ocr_line' id='line_1_77' title="bbox 516 4318 2092 4400; baseline 0.017 -30"><span class='ocrx_word' id='word_1_522' title='bbox 516 4318 745 4374; x_wconf 85' lang='lat' dir='ltr'><strong>fratrem</strong></span> <span class='ocrx_word' id='word_1_523' title='bbox 797 4323 1033 4380; x_wconf 88' lang='lat' dir='ltr'><strong>alterum</strong></span> <span class='ocrx_word' id='word_1_524' title='bbox 1077 4329 1254 4386; x_wconf 90' lang='lat' dir='ltr'><strong>oculis</strong></span> <span class='ocrx_word' id='word_1_525' title='bbox 1305 4333 1506 4400; x_wconf 84' lang='lat' dir='ltr'><strong>privat,</strong></span> <span class='ocrx_word' id='word_1_526' title='bbox 1564 4335 1910 4394; x_wconf 85' lang='lat' dir='ltr'><strong>Hormisdam</strong></span> <span class='ocrx_word' id='word_1_527' title='bbox 1967 4343 2092 4397; x_wconf 78' lang='lat' dir='ltr'><strong>vin-</strong></span> 
     </span>
    </p>
   </div>
   <div class='ocr_carea' id='block_1_78' title="bbox 517 4409 2086 4494">
    <p class='ocr_par' dir='ltr' id='par_1_78' title="bbox 517 4409 2086 4494">
     <span class='ocr_line' id='line_1_78' title="bbox 517 4409 2086 4494; baseline 0.019 -34"><span class='ocrx_word' id='word_1_528' title='bbox 517 4415 666 4460; x_wconf 92' lang='lat' dir='ltr'><strong>ctum</strong></span> <span class='ocrx_word' id='word_1_529' title='bbox 700 4409 755 4464; x_wconf 90' lang='lat' dir='ltr'><strong>in</strong></span> <span class='ocrx_word' id='word_1_530' title='bbox 786 4415 1036 4471; x_wconf 87' lang='lat' dir='ltr'><strong>custodia</strong></span> <span class='ocrx_word' id='word_1_531' title='bbox 1069 4426 1236 4476; x_wconf 87' lang='lat' dir='ltr'><strong>tenet.</strong></span> <span class='ocrx_word' id='word_1_532' title='bbox 1268 4421 1541 4478; x_wconf 78' lang='lat' dir='ltr'><strong>C:eterum</strong></span> <span class='ocrx_word' id='word_1_533' title='bbox 1583 4437 1783 4494; x_wconf 86' lang='lat' dir='ltr'><strong>mater,</strong></span> <span class='ocrx_word' id='word_1_534' title='bbox 1841 4441 1899 4486; x_wconf 91' lang='lat' dir='ltr'><strong>et</strong></span> <span class='ocrx_word' id='word_1_535' title='bbox 1951 4449 2086 4489; x_wconf 82' lang='lat' dir='ltr'><strong>uxor</strong></span> 
     </span>
    </p>
   </div>
   <div class='ocr_carea' id='block_1_79' title="bbox 2210 3229 3789 3305">
    <p class='ocr_par' dir='ltr' id='par_1_79' title="bbox 2210 3229 3789 3305">
     <span class='ocr_line' id='line_1_79' title="bbox 2210 3229 3789 3305; baseline -0.002 -18"><span class='ocrx_word' id='word_1_536' title='bbox 2210 3233 2412 3287; x_wconf 83' lang='grc' dir='ltr'><strong>ἀδίκων</strong></span> <span class='ocrx_word' id='word_1_537' title='bbox 2445 3229 2600 3305; x_wconf 78' lang='grc' dir='ltr'><strong>ἦρξε,</strong></span> <span class='ocrx_word' id='word_1_538' title='bbox 2651 3235 2744 3287; x_wconf 75' lang='grc' dir='ltr'><strong>καὶ</strong></span> <span class='ocrx_word' id='word_1_539' title='bbox 2796 3235 2896 3305; x_wconf 78' lang='grc' dir='ltr'><strong>τὴν</strong></span> <span class='ocrx_word' id='word_1_540' title='bbox 2947 3236 3158 3288; x_wconf 75' lang='grc' dir='ltr'><strong>οἰκείαν</strong></span> <span class='ocrx_word' id='word_1_541' title='bbox 3207 3235 3304 3304; x_wconf 82' lang='grc' dir='ltr'><strong>τῆς</strong></span> <span class='ocrx_word' id='word_1_542' title='bbox 3361 3235 3539 3304; x_wconf 79' lang='grc' dir='ltr'><strong>ἀρχῆς</strong></span> <span class='ocrx_word' id='word_1_543' title='bbox 3590 3235 3789 3302; x_wconf 83' lang='grc' dir='ltr'><strong>μοῖραν</strong></span> 
     </span>
    </p>
   </div>
   <div class='ocr_carea' id='block_1_80' title="bbox 2210 3324 3787 3400">
    <p class='ocr_par' dir='ltr' id='par_1_80' title="bbox 2210 3324 3787 3400">
     <span class='ocr_line' id='line_1_80' title="bbox 2210 3324 3787 3400; baseline -0.001 -20"><span class='ocrx_word' id='word_1_544' title='bbox 2210 3327 2523 3393; x_wconf 86' lang='grc' dir='ltr'><strong>ἀποϐαλὼν,</strong></span> <span class='ocrx_word' id='word_1_545' title='bbox 2587 3327 2678 3382; x_wconf 72' lang='grc' dir='ltr'><strong>καὶ</strong></span> <span class='ocrx_word' id='word_1_546' title='bbox 2739 3328 2910 3398; x_wconf 76' lang='grc' dir='ltr'><strong>αὐτὴν</strong></span> <span class='ocrx_word' id='word_1_547' title='bbox 2965 3327 3410 3400; x_wconf 79' lang='grc' dir='ltr'><strong>προσζημιωθεὶς</strong></span> <span class='ocrx_word' id='word_1_548' title='bbox 3459 3325 3560 3395; x_wconf 78' lang='grc' dir='ltr'><strong>τὴν</strong></span> <span class='ocrx_word' id='word_1_549' title='bbox 3615 3324 3787 3397; x_wconf 70' lang='grc' dir='ltr'><strong>ζωήν.</strong></span> 
     </span>
    </p>
   </div>
   <div class='ocr_carea' id='block_1_81' title="bbox 2208 3418 3785 3492">
    <p class='ocr_par' dir='ltr' id='par_1_81' title="bbox 2208 3418 3785 3492">
     <span class='ocr_line' id='line_1_81' title="bbox 2208 3418 3785 3492; baseline -0.001 -20"><span class='ocrx_word' id='word_1_550' title='bbox 2208 3419 2320 3474; x_wconf 73' lang='grc' dir='ltr'><strong>Καὶ</strong></span> <span class='ocrx_word' id='word_1_551' title='bbox 2353 3419 2577 3490; x_wconf 83' lang='grc' dir='ltr'><strong>γέγονεν</strong></span> <span class='ocrx_word' id='word_1_552' title='bbox 2605 3421 2638 3491; x_wconf 76' lang='grc' dir='ltr'><strong>ἠ</strong></span> <span class='ocrx_word' id='word_1_553' title='bbox 2666 3421 2763 3490; x_wconf 81' lang='grc' dir='ltr'><strong>τῆς</strong></span> <span class='ocrx_word' id='word_1_554' title='bbox 2791 3421 3053 3492; x_wconf 75' lang='grc' dir='ltr'><strong>ἑσπερίου</strong></span> <span class='ocrx_word' id='word_1_555' title='bbox 3096 3420 3302 3490; x_wconf 82' lang='grc' dir='ltr'><strong>λήξεως</strong></span> <span class='ocrx_word' id='word_1_556' title='bbox 3329 3421 3663 3491; x_wconf 66' lang='grc' dir='ltr'><strong>ἐπικράτεια</strong></span> <span class='ocrx_word' id='word_1_557' title='bbox 3694 3418 3785 3486; x_wconf 70' lang='grc' dir='ltr'><strong>ὑφ’</strong></span> 
     </span>
    </p>
   </div>
   <div class='ocr_carea' id='block_1_82' title="bbox 2207 3511 3783 3584">
    <p class='ocr_par' dir='ltr' id='par_1_82' title="bbox 2207 3511 3783 3584">
     <span class='ocr_line' id='line_1_82' title="bbox 2207 3511 3783 3584; baseline -0.001 -20"><span class='ocrx_word' id='word_1_558' title='bbox 2207 3513 2288 3565; x_wconf 67' lang='grc' dir='ltr'><strong>ἑνὶ</strong></span> <span class='ocrx_word' id='word_1_559' title='bbox 2327 3514 2427 3581; x_wconf 78' lang='grc' dir='ltr'><strong>μὲν</strong></span> <span class='ocrx_word' id='word_1_560' title='bbox 2456 3512 2773 3567; x_wconf 83' lang='grc' dir='ltr'><strong>Κώνσταντι</strong></span> <span class='ocrx_word' id='word_1_561' title='bbox 2802 3514 2914 3584; x_wconf 72' lang='grc'><strong>(52)</strong></span> <span class='ocrx_word' id='word_1_562' title='bbox 2955 3513 3191 3583; x_wconf 76' lang='grc' dir='ltr'><strong>βασιλεῖ.</strong></span> <span class='ocrx_word' id='word_1_563' title='bbox 3224 3511 3355 3566; x_wconf 79' lang='grc' dir='ltr'><strong>Εἶτα</strong></span> <span class='ocrx_word' id='word_1_564' title='bbox 3405 3514 3662 3573; x_wconf 79' lang='grc' dir='ltr'><strong>κάκεῖνος</strong></span> <span class='ocrx_word' id='word_1_565' title='bbox 3704 3514 3783 3572; x_wconf 80' lang='grc' dir='ltr'><strong>εἰς</strong></span> 
     </span>
    </p>
   </div>
   <div class='ocr_carea' id='block_1_83' title="bbox 2207 3601 3779 3674">
    <p class='ocr_par' dir='ltr' id='par_1_83' title="bbox 2207 3601 3779 3674">
     <span class='ocr_line' id='line_1_83' title="bbox 2207 3601 3779 3674; baseline -0.004 -18"><span class='ocrx_word' id='word_1_566' title='bbox 2207 3603 2533 3667; x_wconf 78' lang='grc' dir='ltr'><strong>ἀλλοκότους</strong></span> <span class='ocrx_word' id='word_1_567' title='bbox 2563 3603 2910 3668; x_wconf 78' lang='grc' dir='ltr'><strong>ὲκκυλισθεὶς</strong></span> <span class='ocrx_word' id='word_1_568' title='bbox 2943 3604 3152 3674; x_wconf 79' lang='grc' dir='ltr'><strong>ἔρωτας</strong></span> <span class='ocrx_word' id='word_1_569' title='bbox 3193 3603 3288 3656; x_wconf 76' lang='grc' dir='ltr'><strong>καὶ</strong></span> <span class='ocrx_word' id='word_1_570' title='bbox 3319 3601 3779 3673; x_wconf 59' lang='grc' dir='ltr'><strong>ἐκδεδιῃτημένη)</strong></span> 
     </span>
    </p>
   </div>
   <div class='ocr_carea' id='block_1_84' title="bbox 2207 3691 3774 3766">
    <p class='ocr_par' dir='ltr' id='par_1_84' title="bbox 2207 3691 3774 3766">
     <span class='ocr_line' id='line_1_84' title="bbox 2207 3691 3774 3766; baseline -0.006 -16"><span class='ocrx_word' id='word_1_571' title='bbox 2207 3695 2353 3766; x_wconf 73' lang='grc' dir='ltr'><strong>ζωὴν</strong></span> <span class='ocrx_word' id='word_1_572' title='bbox 2414 3697 2518 3749; x_wconf 81' lang='grc' dir='ltr'><strong>ύπὺ</strong></span> <span class='ocrx_word' id='word_1_573' title='bbox 2579 3697 2924 3764; x_wconf 83' lang='grc' dir='ltr'><strong>Μαγνεντίου</strong></span> <span class='ocrx_word' id='word_1_574' title='bbox 2971 3693 3358 3764; x_wconf 68' lang='grc' dir='ltr'><strong>ἐπεϐουλεύθη,</strong></span> <span class='ocrx_word' id='word_1_575' title='bbox 3421 3693 3518 3746; x_wconf 74' lang='grc' dir='ltr'><strong>καὶ</strong></span> <span class='ocrx_word' id='word_1_576' title='bbox 3575 3691 3774 3753; x_wconf 79' lang='grc' dir='ltr'><strong>ἀθλίως</strong></span> 
     </span>
    </p>
   </div>
   <div class='ocr_carea' id='block_1_85' title="bbox 2205 3786 3777 3858">
    <p class='ocr_par' dir='ltr' id='par_1_85' title="bbox 2205 3786 3777 3858">
     <span class='ocr_line' id='line_1_85' title="bbox 2205 3786 3777 3858; baseline -0.007 -14"><span class='ocrx_word' id='word_1_577' title='bbox 2205 3789 2479 3856; x_wconf 85' lang='grc' dir='ltr'><strong>ἀπώλετο,</strong></span> <span class='ocrx_word' id='word_1_578' title='bbox 2509 3789 2873 3858; x_wconf 79' lang='grc' dir='ltr'><strong>Μαγνεντίου,</strong></span> <span class='ocrx_word' id='word_1_579' title='bbox 2903 3788 2961 3840; x_wconf 82' lang='grc' dir='ltr'><strong>ὃν</strong></span> <span class='ocrx_word' id='word_1_580' title='bbox 2995 3790 3204 3850; x_wconf 70' lang='grc' dir='ltr'><strong>ἐκεῖνος</strong></span> <span class='ocrx_word' id='word_1_581' title='bbox 3228 3789 3293 3841; x_wconf 77' lang='grc' dir='ltr'><strong>ἐκ</strong></span> <span class='ocrx_word' id='word_1_582' title='bbox 3337 3786 3582 3846; x_wconf 78' lang='grc' dir='ltr'><strong>στάσεως</strong></span> <span class='ocrx_word' id='word_1_583' title='bbox 3614 3799 3777 3852; x_wconf 83' lang='grc' dir='ltr'><strong>στρα-</strong></span> 
     </span>
    </p>
   </div>
   <div class='ocr_carea' id='block_1_86' title="bbox 2202 3875 3778 3951">
    <p class='ocr_par' dir='ltr' id='par_1_86' title="bbox 2202 3875 3778 3951">
     <span class='ocr_line' id='line_1_86' title="bbox 2202 3875 3778 3951; baseline -0.006 -17"><span class='ocrx_word' id='word_1_584' title='bbox 2202 3882 2464 3951; x_wconf 82' lang='grc' dir='ltr'><strong>τιωτικῆς</strong></span> <span class='ocrx_word' id='word_1_585' title='bbox 2510 3881 2813 3950; x_wconf 83' lang='grc' dir='ltr'><strong>περιέσωσε</strong></span> <span class='ocrx_word' id='word_1_586' title='bbox 2867 3880 3270 3942; x_wconf 82' lang='grc' dir='ltr'><strong>κινδυνεύοντα,</strong></span> <span class='ocrx_word' id='word_1_587' title='bbox 3320 3879 3424 3949; x_wconf 74' lang='grc' dir='ltr'><strong>ἠδη</strong></span> <span class='ocrx_word' id='word_1_588' title='bbox 3471 3875 3580 3928; x_wconf 86' lang='grc' dir='ltr'><strong>τῶν</strong></span> <span class='ocrx_word' id='word_1_589' title='bbox 3607 3891 3778 3944; x_wconf 80' lang='grc' dir='ltr'><strong>στρα·</strong></span> 
     </span>
    </p>
   </div>
   <div class='ocr_carea' id='block_1_87' title="bbox 2199 3967 3776 4041">
    <p class='ocr_par' dir='ltr' id='par_1_87' title="bbox 2199 3967 3776 4041">
     <span class='ocr_line' id='line_1_87' title="bbox 2199 3967 3776 4041; baseline -0.005 -17"><span class='ocrx_word' id='word_1_590' title='bbox 2199 3970 2410 4024; x_wconf 85' lang='grc' dir='ltr'><strong>τιωτῶν</strong></span> <span class='ocrx_word' id='word_1_591' title='bbox 2451 3971 2571 4022; x_wconf 78' lang='grc' dir='ltr'><strong>κατ’</strong></span> <span class='ocrx_word' id='word_1_592' title='bbox 2599 3970 2810 4023; x_wconf 74' lang='grc' dir='ltr'><strong>ἐκείνου</strong></span> <span class='ocrx_word' id='word_1_593' title='bbox 2850 3973 2918 4024; x_wconf 66' lang='grc' dir='ltr'><strong>τὰ</strong></span> <span class='ocrx_word' id='word_1_594' title='bbox 2960 3969 3088 4039; x_wconf 78' lang='grc' dir='ltr'><strong>ξίφη</strong></span> <span class='ocrx_word' id='word_1_595' title='bbox 3117 3970 3384 4041; x_wconf 76' lang='grc' dir='ltr'><strong>ῂρκότων,</strong></span> <span class='ocrx_word' id='word_1_596' title='bbox 3440 3969 3538 4020; x_wconf 78' lang='grc' dir='ltr'><strong>καὶ</strong></span> <span class='ocrx_word' id='word_1_597' title='bbox 3566 3967 3776 4033; x_wconf 82' lang='grc' dir='ltr'><strong>διαχει-</strong></span> 
     </span>
    </p>
   </div>
   <div class='ocr_carea' id='block_1_88' title="bbox 2203 4058 3773 4134">
    <p class='ocr_par' dir='ltr' id='par_1_88' title="bbox 2203 4058 3773 4134">
     <span class='ocr_line' id='line_1_88' title="bbox 2203 4058 3773 4134; baseline -0.003 -20"><span class='ocrx_word' id='word_1_598' title='bbox 2203 4064 2459 4133; x_wconf 74' lang='grc' dir='ltr'><strong>ρίσασθαι</strong></span> <span class='ocrx_word' id='word_1_599' title='bbox 2511 4064 2675 4119; x_wconf 79' lang='grc' dir='ltr'><strong>αὑτὸν</strong></span> <span class='ocrx_word' id='word_1_600' title='bbox 2730 4063 3094 4134; x_wconf 83' lang='grc' dir='ltr'><strong>ὡρμηκότων.</strong></span> <span class='ocrx_word' id='word_1_601' title='bbox 3156 4064 3214 4116; x_wconf 86' lang='lat'><strong>&#39;0</strong></span> <span class='ocrx_word' id='word_1_602' title='bbox 3269 4061 3653 4123; x_wconf 80' lang='grc' dir='ltr'><strong>Κωνστάντιος</strong></span> <span class='ocrx_word' id='word_1_603' title='bbox 3718 4058 3773 4110; x_wconf 74' lang='grc' dir='ltr'><strong>δὲ</strong></span> 
     </span>
    </p>
   </div>
   <div class='ocr_carea' id='block_1_89' title="bbox 2198 4150 3767 4224">
    <p class='ocr_par' dir='ltr' id='par_1_89' title="bbox 2198 4150 3767 4224">
     <span class='ocr_line' id='line_1_89' title="bbox 2198 4150 3767 4224; baseline -0.003 -19"><span class='ocrx_word' id='word_1_604' title='bbox 2198 4153 2330 4222; x_wconf 80' lang='grc' dir='ltr'><strong>περὶ</strong></span> <span class='ocrx_word' id='word_1_605' title='bbox 2381 4153 2480 4223; x_wconf 84' lang='grc' dir='ltr'><strong>τὴν</strong></span> <span class='ocrx_word' id='word_1_606' title='bbox 2534 4153 2675 4224; x_wconf 77' lang='grc' dir='ltr'><strong>ἑῴαν</strong></span> <span class='ocrx_word' id='word_1_607' title='bbox 2725 4155 3022 4222; x_wconf 88' lang='grc' dir='ltr'><strong>διατρίϐων</strong></span> <span class='ocrx_word' id='word_1_608' title='bbox 3070 4157 3180 4214; x_wconf 79' lang='grc' dir='ltr'><strong>τοῖς</strong></span> <span class='ocrx_word' id='word_1_609' title='bbox 3218 4155 3454 4222; x_wconf 84' lang='grc' dir='ltr'><strong>Πέρσαις</strong></span> <span class='ocrx_word' id='word_1_610' title='bbox 3510 4150 3767 4219; x_wconf 80' lang='grc' dir='ltr'><strong>ἐμάχετο,</strong></span> 
     </span>
    </p>
   </div>
   <div class='ocr_carea' id='block_1_90' title="bbox 2198 4243 3764 4316">
    <p class='ocr_par' dir='ltr' id='par_1_90' title="bbox 2198 4243 3764 4316">
     <span class='ocr_line' id='line_1_90' title="bbox 2198 4243 3764 4316; baseline -0.003 -18"><span class='ocrx_word' id='word_1_611' title='bbox 2198 4246 2462 4314; x_wconf 86' lang='grc' dir='ltr'><strong>Σαπὼρου</strong></span> <span class='ocrx_word' id='word_1_612' title='bbox 2493 4246 2604 4316; x_wconf 78' lang='lat'><strong>(55)</strong></span> <span class='ocrx_word' id='word_1_613' title='bbox 2634 4245 2726 4300; x_wconf 84' lang='grc' dir='ltr'><strong>τού</strong></span> <span class='ocrx_word' id='word_1_614' title='bbox 2761 4246 2972 4309; x_wconf 77' lang='grc' dir='ltr'><strong>ἔθνους,</strong></span> <span class='ocrx_word' id='word_1_615' title='bbox 2994 4245 3070 4309; x_wconf 85' lang='grc' dir='ltr'><strong>ὡς</strong></span> <span class='ocrx_word' id='word_1_616' title='bbox 3097 4245 3334 4316; x_wconf 70' lang='grc' dir='ltr'><strong>εἴρηται,</strong></span> <span class='ocrx_word' id='word_1_617' title='bbox 3369 4243 3764 4314; x_wconf 82' lang='grc' dir='ltr'><strong>βασιλεύοντος·</strong></span> 
     </span>
    </p>
   </div>
   <div class='ocr_carea' id='block_1_91' title="bbox 2193 4332 3766 4410">
    <p class='ocr_par' dir='ltr' id='par_1_91' title="bbox 2193 4332 3766 4410">
     <span class='ocr_line' id='line_1_91' title="bbox 2193 4332 3766 4410; baseline -0.003 -18"><span class='ocrx_word' id='word_1_618' title='bbox 2193 4339 2252 4402; x_wconf 81' lang='grc' dir='ltr'><strong>ὃς</strong></span> <span class='ocrx_word' id='word_1_619' title='bbox 2302 4339 2494 4410; x_wconf 83' lang='grc' dir='ltr'><strong>Ναρσῆ</strong></span> <span class='ocrx_word' id='word_1_620' title='bbox 2539 4338 2638 4410; x_wconf 74' lang='grc' dir='ltr'><strong>μὲν</strong></span> <span class='ocrx_word' id='word_1_621' title='bbox 2665 4332 2736 4410; x_wconf 78' lang='grc' dir='ltr'><strong>ἦν</strong></span> <span class='ocrx_word' id='word_1_622' title='bbox 2779 4339 2918 4403; x_wconf 69' lang='grc' dir='ltr'><strong>υίὸς,</strong></span> <span class='ocrx_word' id='word_1_623' title='bbox 2945 4339 3006 4391; x_wconf 90' lang='grc' dir='ltr'><strong>ού</strong></span> <span class='ocrx_word' id='word_1_624' title='bbox 3049 4339 3232 4407; x_wconf 80' lang='grc' dir='ltr'><strong>μέντοι</strong></span> <span class='ocrx_word' id='word_1_625' title='bbox 3272 4337 3330 4402; x_wconf 68' lang='grc' dir='ltr'><strong>ἐξ</strong></span> <span class='ocrx_word' id='word_1_626' title='bbox 3361 4337 3642 4406; x_wconf 67' lang='grc' dir='ltr'><strong>ἐπισήμου</strong></span> <span class='ocrx_word' id='word_1_627' title='bbox 3673 4352 3766 4402; x_wconf 78' lang='grc' dir='ltr'><strong>τυ-</strong></span> 
     </span>
    </p>
   </div>
   <div class='ocr_carea' id='block_1_92' title="bbox 2194 4427 3763 4501">
    <p class='ocr_par' dir='ltr' id='par_1_92' title="bbox 2194 4427 3763 4501">
     <span class='ocr_line' id='line_1_92' title="bbox 2194 4427 3763 4501; baseline -0.003 -18"><span class='ocrx_word' id='word_1_628' title='bbox 2194 4431 2400 4495; x_wconf 86' lang='grc' dir='ltr'><strong>ναικός.</strong></span> <span class='ocrx_word' id='word_1_629' title='bbox 2440 4430 2535 4485; x_wconf 84' lang='grc' dir='ltr'><strong>Ἐκ</strong></span> <span class='ocrx_word' id='word_1_630' title='bbox 2559 4432 2667 4499; x_wconf 68' lang='grc' dir='ltr'><strong>γὰρ</strong></span> <span class='ocrx_word' id='word_1_631' title='bbox 2694 4431 2793 4501; x_wconf 79' lang='grc' dir='ltr'><strong>τῆς</strong></span> <span class='ocrx_word' id='word_1_632' title='bbox 2825 4429 3218 4500; x_wconf 83' lang='grc' dir='ltr'><strong>πρωτευούσης</strong></span> <span class='ocrx_word' id='word_1_633' title='bbox 3241 4429 3354 4483; x_wconf 83' lang='grc' dir='ltr'><strong>τῶν</strong></span> <span class='ocrx_word' id='word_1_634' title='bbox 3383 4427 3553 4482; x_wconf 80' lang='grc' dir='ltr'><strong>αὐτοῦ</strong></span> <span class='ocrx_word' id='word_1_635' title='bbox 3582 4445 3763 4496; x_wconf 82' lang='grc' dir='ltr'><strong>γυναι-</strong></span> 
     </span>
    </p>
   </div>
   <div class='ocr_carea' id='block_1_93' title="bbox 514 4495 2105 4594">
    <p class='ocr_par' dir='ltr' id='par_1_93' title="bbox 514 4497 2082 4581">
     <span class='ocr_line' id='line_1_93' title="bbox 514 4497 2082 4581; baseline 0.018 -29"><span class='ocrx_word' id='word_1_636' title='bbox 514 4497 686 4566; x_wconf 91' lang='lat' dir='ltr'><strong>illins,</strong></span> <span class='ocrx_word' id='word_1_637' title='bbox 721 4504 1048 4562; x_wconf 88' lang='lat' dir='ltr'><strong>custodibus</strong></span> <span class='ocrx_word' id='word_1_638' title='bbox 1081 4512 1315 4578; x_wconf 88' lang='lat' dir='ltr'><strong>pecunia</strong></span> <span class='ocrx_word' id='word_1_639' title='bbox 1355 4513 1622 4581; x_wconf 77' lang='lat' dir='ltr'><strong>tlelinitis,</strong></span> <span class='ocrx_word' id='word_1_640' title='bbox 1670 4519 1736 4572; x_wconf 86' lang='lat' dir='ltr'><strong>ad</strong></span> <span class='ocrx_word' id='word_1_641' title='bbox 1793 4523 2082 4579; x_wconf 81' lang='lat' dir='ltr'><strong>visendum</strong></span> 
     </span>
    </p>
   </div>
   <div class='ocr_carea' id='block_1_94' title="bbox 2213 4495 3761 4594">
    <p class='ocr_par' dir='ltr' id='par_1_94' title="bbox 2213 4495 3761 4594">
     <span class='ocr_line' id='line_1_94' title="bbox 2213 4495 3761 4594; baseline 0.001 -19"><span class='ocrx_word' id='word_1_642' title='bbox 2213 4523 2304 4576; x_wconf 88' lang='grc' dir='ltr'><strong>ιῶν</strong></span> <span class='ocrx_word' id='word_1_643' title='bbox 2344 4525 2494 4590; x_wconf 85' lang='grc' dir='ltr'><strong>τρεῖς</strong></span> <span class='ocrx_word' id='word_1_644' title='bbox 2541 4495 2791 4592; x_wconf 47' lang='grc' dir='ltr'><strong>ὲίίένοντ)</strong></span> <span class='ocrx_word' id='word_1_645' title='bbox 2833 4495 2914 4594; x_wconf 62' lang='grc' dir='ltr'><strong>τῷ</strong></span> <span class='ocrx_word' id='word_1_646' title='bbox 2941 4524 3134 4594; x_wconf 63' lang='lat' dir='ltr'><strong>Nape?)</strong></span> <span class='ocrx_word' id='word_1_647' title='bbox 3179 4523 3388 4586; x_wconf 85' lang='grc' dir='ltr'><strong>παῖδες,</strong></span> <span class='ocrx_word' id='word_1_648' title='bbox 3429 4521 3761 4592; x_wconf 75' lang='grc' dir='ltr'><strong>’Λδανάρσης</strong></span> 
     </span>
    </p>
   </div>
   <div class='ocr_carea' id='block_1_95' title="bbox 514 4593 2086 4678">
    <p class='ocr_par' dir='ltr' id='par_1_95' title="bbox 514 4593 2086 4678">
     <span class='ocr_line' id='line_1_95' title="bbox 514 4593 2086 4678; baseline 0.017 -35"><span class='ocrx_word' id='word_1_649' title='bbox 514 4605 640 4646; x_wconf 88' lang='lat' dir='ltr'><strong>cum</strong></span> <span class='ocrx_word' id='word_1_650' title='bbox 671 4593 944 4662; x_wconf 66' lang='lat' dir='ltr'><strong>admissae,</strong></span> <span class='ocrx_word' id='word_1_651' title='bbox 975 4598 1160 4654; x_wconf 87' lang='lat' dir='ltr'><strong>limam</strong></span> <span class='ocrx_word' id='word_1_652' title='bbox 1192 4601 1268 4656; x_wconf 90' lang='lat' dir='ltr'><strong>illi</strong></span> <span class='ocrx_word' id='word_1_653' title='bbox 1293 4603 1584 4672; x_wconf 85' lang='lat' dir='ltr'><strong>dederunt,</strong></span> <span class='ocrx_word' id='word_1_654' title='bbox 1615 4624 1721 4678; x_wconf 91' lang='lat' dir='ltr'><strong>qua</strong></span> <span class='ocrx_word' id='word_1_655' title='bbox 1755 4610 1935 4668; x_wconf 87' lang='lat' dir='ltr'><strong>ferrea</strong></span> <span class='ocrx_word' id='word_1_656' title='bbox 1961 4616 2086 4669; x_wconf 82' lang='lat' dir='ltr'><strong>vin-</strong></span> 
     </span>
    </p>
   </div>
   <div class='ocr_carea' id='block_1_96' title="bbox 509 4686 2085 4774">
    <p class='ocr_par' dir='ltr' id='par_1_96' title="bbox 509 4686 2085 4774">
     <span class='ocr_line' id='line_1_96' title="bbox 509 4686 2085 4774; baseline 0.017 -36"><span class='ocrx_word' id='word_1_657' title='bbox 509 4686 633 4740; x_wconf 89' lang='lat' dir='ltr'><strong>cula</strong></span> <span class='ocrx_word' id='word_1_658' title='bbox 683 4686 990 4747; x_wconf 89' lang='lat' dir='ltr'><strong>dissecarct</strong></span> <span class='ocrx_word' id='word_1_659' title='bbox 1036 4710 1050 4748; x_wconf 91' lang='lat'><strong>:</strong></span> <span class='ocrx_word' id='word_1_660' title='bbox 1135 4705 1192 4750; x_wconf 91' lang='lat' dir='ltr'><strong>et</strong></span> <span class='ocrx_word' id='word_1_661' title='bbox 1253 4699 1385 4767; x_wconf 88' lang='lat' dir='ltr'><strong>quid</strong></span> <span class='ocrx_word' id='word_1_662' title='bbox 1451 4700 1713 4774; x_wconf 90' lang='lat' dir='ltr'><strong>deinceps</strong></span> <span class='ocrx_word' id='word_1_663' title='bbox 1764 4705 2085 4765; x_wconf 89' lang='lat' dir='ltr'><strong>faciendum</strong></span> 
     </span>
    </p>
   </div>
   <div class='ocr_carea' id='block_1_97' title="bbox 509 4787 2082 4868">
    <p class='ocr_par' dir='ltr' id='par_1_97' title="bbox 509 4787 2082 4868">
     <span class='ocr_line' id='line_1_97' title="bbox 509 4787 2082 4868; baseline 0.016 -35"><span class='ocrx_word' id='word_1_664' title='bbox 509 4787 677 4848; x_wconf 84' lang='lat' dir='ltr'><strong>esset,</strong></span> <span class='ocrx_word' id='word_1_665' title='bbox 702 4795 1062 4854; x_wconf 86' lang='lat' dir='ltr'><strong>monuerunt,</strong></span> <span class='ocrx_word' id='word_1_666' title='bbox 1087 4791 1294 4859; x_wconf 89' lang='lat' dir='ltr'><strong>paratis</strong></span> <span class='ocrx_word' id='word_1_667' title='bbox 1329 4794 1488 4863; x_wconf 76' lang='lat' dir='ltr'><strong>equis</strong></span> <span class='ocrx_word' id='word_1_668' title='bbox 1514 4806 1570 4850; x_wconf 89' lang='lat' dir='ltr'><strong>et</strong></span> <span class='ocrx_word' id='word_1_669' title='bbox 1600 4797 1742 4868; x_wconf 73' lang='lat' dir='ltr'><strong>fuga:</strong></span> <span class='ocrx_word' id='word_1_670' title='bbox 1759 4801 2082 4858; x_wconf 90' lang='lat' dir='ltr'><strong>comitibus.</strong></span> 
     </span>
    </p>
   </div>
   <div class='ocr_carea' id='block_1_98' title="bbox 2187 4612 3756 4686">
    <p class='ocr_par' dir='ltr' id='par_1_98' title="bbox 2187 4612 3756 4686">
     <span class='ocr_line' id='line_1_98' title="bbox 2187 4612 3756 4686; baseline -0.004 -18"><span class='ocrx_word' id='word_1_671' title='bbox 2187 4617 2282 4668; x_wconf 75' lang='grc' dir='ltr'><strong>καὶ</strong></span> <span class='ocrx_word' id='word_1_672' title='bbox 2329 4616 2627 4686; x_wconf 81' lang='grc' dir='ltr'><strong>Ὀρμίσὸας</strong></span> <span class='ocrx_word' id='word_1_673' title='bbox 2676 4615 2771 4668; x_wconf 76' lang='grc' dir='ltr'><strong>καὶ</strong></span> <span class='ocrx_word' id='word_1_674' title='bbox 2819 4618 3004 4686; x_wconf 84' lang='grc' dir='ltr'><strong>τρίτος</strong></span> <span class='ocrx_word' id='word_1_675' title='bbox 3053 4615 3262 4684; x_wconf 75' lang='grc' dir='ltr'><strong>ἕτερος.</strong></span> <span class='ocrx_word' id='word_1_676' title='bbox 3317 4612 3756 4683; x_wconf 82' lang='grc' dir='ltr'><strong>Τελευτήσαντος</strong></span> 
     </span>
    </p>
   </div>
   <div class='ocr_carea' id='block_1_99' title="bbox 2181 4705 3751 4779">
    <p class='ocr_par' dir='ltr' id='par_1_99' title="bbox 2181 4705 3751 4779">
     <span class='ocr_line' id='line_1_99' title="bbox 2181 4705 3751 4779; baseline -0.003 -18"><span class='ocrx_word' id='word_1_677' title='bbox 2181 4708 2240 4761; x_wconf 80' lang='grc' dir='ltr'><strong>δὲ</strong></span> <span class='ocrx_word' id='word_1_678' title='bbox 2271 4709 2514 4778; x_wconf 81' lang='grc' dir='ltr'><strong>Ναρσοῦ,</strong></span> <span class='ocrx_word' id='word_1_679' title='bbox 2550 4711 2579 4762; x_wconf 92' lang='lat'><strong>6</strong></span> <span class='ocrx_word' id='word_1_680' title='bbox 2612 4709 2984 4779; x_wconf 84' lang='grc' dir='ltr'><strong>πρεσϐύτερος</strong></span> <span class='ocrx_word' id='word_1_681' title='bbox 3013 4708 3122 4762; x_wconf 87' lang='grc' dir='ltr'><strong>τῶν</strong></span> <span class='ocrx_word' id='word_1_682' title='bbox 3148 4707 3319 4778; x_wconf 85' lang='grc' dir='ltr'><strong>τριῶν</strong></span> <span class='ocrx_word' id='word_1_683' title='bbox 3351 4705 3559 4759; x_wconf 84' lang='grc' dir='ltr'><strong>τούτων</strong></span> <span class='ocrx_word' id='word_1_684' title='bbox 3602 4705 3751 4757; x_wconf 80' lang='grc' dir='ltr'><strong>’Δδα-</strong></span> 
     </span>
    </p>
   </div>
   <div class='ocr_carea' id='block_1_100' title="bbox 2182 4799 3751 4875">
    <p class='ocr_par' dir='ltr' id='par_1_100' title="bbox 2182 4799 3751 4875">
     <span class='ocr_line' id='line_1_100' title="bbox 2182 4799 3751 4875; baseline -0.007 -18"><span class='ocrx_word' id='word_1_685' title='bbox 2182 4802 2391 4874; x_wconf 80' lang='grc' dir='ltr'><strong>νάρσης</strong></span> <span class='ocrx_word' id='word_1_686' title='bbox 2435 4803 2536 4871; x_wconf 80' lang='grc' dir='ltr'><strong>τῆς</strong></span> <span class='ocrx_word' id='word_1_687' title='bbox 2583 4804 2756 4875; x_wconf 83' lang='grc' dir='ltr'><strong>ἀρχῆς</strong></span> <span class='ocrx_word' id='word_1_688' title='bbox 2784 4804 3026 4874; x_wconf 82' lang='grc' dir='ltr'><strong>διάδοχος</strong></span> <span class='ocrx_word' id='word_1_689' title='bbox 3076 4803 3323 4871; x_wconf 82' lang='grc' dir='ltr'><strong>γέγονεν.</strong></span> <span class='ocrx_word' id='word_1_690' title='bbox 3363 4802 3528 4871; x_wconf 79' lang='grc' dir='ltr'><strong>Ὦμὸς</strong></span> <span class='ocrx_word' id='word_1_691' title='bbox 3555 4800 3610 4852; x_wconf 78' lang='grc' dir='ltr'><strong>δὲ</strong></span> <span class='ocrx_word' id='word_1_692' title='bbox 3636 4799 3751 4852; x_wconf 78' lang='grc' dir='ltr'><strong>λίαν</strong></span> 
     </span>
    </p>
   </div>
   <div class='ocr_carea' id='block_1_101' title="bbox 1702 4956 2561 5025">
    <p class='ocr_par' dir='ltr' id='par_1_101' title="bbox 1702 4956 2561 5025">
     <span class='ocr_line' id='line_1_101' title="bbox 1702 4956 2561 5025; baseline 0.007 -8"><span class='ocrx_word' id='word_1_693' title='bbox 1702 4956 1902 5019; x_wconf 75' lang='lat' dir='ltr'><strong>Varite</strong></span> <span class='ocrx_word' id='word_1_694' title='bbox 1936 4957 2242 5022; x_wconf 85' lang='lat' dir='ltr'><strong>lectiones</strong></span> <span class='ocrx_word' id='word_1_695' title='bbox 2275 4967 2338 5022; x_wconf 90' lang='lat' dir='ltr'><strong>et</strong></span> <span class='ocrx_word' id='word_1_696' title='bbox 2372 4967 2561 5025; x_wconf 68' lang='lat' dir='ltr'><strong>notae.</strong></span> 
     </span>
    </p>
   </div>
   <div class='ocr_carea' id='block_1_102' title="bbox 579 5086 2065 5172">
    <p class='ocr_par' dir='ltr' id='par_1_102' title="bbox 579 5086 2065 5172">
     <span class='ocr_line' id='line_1_102' title="bbox 579 5086 2065 5172; baseline 0.012 -31"><span class='ocrx_word' id='word_1_697' title='bbox 579 5086 802 5169; x_wconf 67' lang='lat' dir='ltr'><strong>(29)Kai</strong></span> <span class='ocrx_word' id='word_1_698' title='bbox 831 5092 1232 5172; x_wconf 55' lang='grc' dir='ltr'><strong>πρὸςξούτοις</strong></span> <span class='ocrx_word' id='word_1_699' title='bbox 1251 5096 1618 5172; x_wconf 46' lang='lat' dir='ltr'><strong>gremian</strong></span> <span class='ocrx_word' id='word_1_700' title='bbox 1643 5101 1767 5156; x_wconf 83' lang='grc' dir='ltr'><strong>σὺν</strong></span> <span class='ocrx_word' id='word_1_701' title='bbox 1791 5101 1865 5171; x_wconf 80' lang='grc' dir='ltr'><strong>τῇ</strong></span> <span class='ocrx_word' id='word_1_702' title='bbox 1894 5105 2065 5158; x_wconf 76' lang='grc' dir='ltr'><strong>πόλει</strong></span> 
     </span>
    </p>
   </div>
   <div class='ocr_carea' id='block_1_103' title="bbox 507 5160 2063 5241">
    <p class='ocr_par' dir='ltr' id='par_1_103' title="bbox 507 5160 2063 5241">
     <span class='ocr_line' id='line_1_103' title="bbox 507 5160 2063 5241; baseline 0.012 -31"><span class='ocrx_word' id='word_1_703' title='bbox 507 5160 582 5241; x_wconf 55' lang='grc' dir='ltr'><strong>ζῇ</strong></span> <span class='ocrx_word' id='word_1_704' title='bbox 650 5161 932 5241; x_wconf 47' lang='lat' dir='ltr'><strong>{carpta}.</strong></span> <span class='ocrx_word' id='word_1_705' title='bbox 985 5162 1206 5219; x_wconf 82' lang='lat' dir='ltr'><strong>Etrasse</strong></span> <span class='ocrx_word' id='word_1_706' title='bbox 1237 5160 1571 5241; x_wconf 65' lang='grc' dir='ltr'><strong>⁸νίοιόιιὲειιιξ</strong></span> <span class='ocrx_word' id='word_1_707' title='bbox 1621 5175 1714 5241; x_wconf 92' lang='lat' dir='ltr'><strong>qui</strong></span> <span class='ocrx_word' id='word_1_708' title='bbox 1775 5160 2063 5228; x_wconf 70' lang='lat' dir='ltr'><strong>Tliraciam</strong></span> 
     </span>
    </p>
   </div>
   <div class='ocr_carea' id='block_1_104' title="bbox 503 5232 2062 5299">
    <p class='ocr_par' dir='ltr' id='par_1_104' title="bbox 503 5232 2062 5299">
     <span class='ocr_line' id='line_1_104' title="bbox 503 5232 2062 5299; baseline 0.008 -13"><span class='ocrx_word' id='word_1_709' title='bbox 503 5232 785 5286; x_wconf 86' lang='lat' dir='ltr'><strong>Constanti</strong></span> <span class='ocrx_word' id='word_1_710' title='bbox 827 5242 1104 5299; x_wconf 82' lang='lat' dir='ltr'><strong>postremo</strong></span> <span class='ocrx_word' id='word_1_711' title='bbox 1139 5249 1204 5287; x_wconf 89' lang='lat' dir='ltr'><strong>ex</strong></span> <span class='ocrx_word' id='word_1_712' title='bbox 1229 5232 1576 5294; x_wconf 84' lang='lat' dir='ltr'><strong>Constantini</strong></span> <span class='ocrx_word' id='word_1_713' title='bbox 1615 5232 1740 5296; x_wconf 79' lang='lat' dir='ltr'><strong>filiis</strong></span> <span class='ocrx_word' id='word_1_714' title='bbox 1767 5244 2062 5299; x_wconf 84' lang='lat' dir='ltr'><strong>obvenisse</strong></span> 
     </span>
    </p>
   </div>
   <div class='ocr_carea' id='block_1_105' title="bbox 503 5301 1628 5382">
    <p class='ocr_par' dir='ltr' id='par_1_105' title="bbox 503 5301 1628 5382">
     <span class='ocr_line' id='line_1_105' title="bbox 503 5301 1628 5382; baseline 0.003 -25"><span class='ocrx_word' id='word_1_715' title='bbox 503 5301 1346 5382; x_wconf 57' lang='lat' dir='ltr'><strong>Scribit,pritlanobservatttm</strong></span> <span class='ocrx_word' id='word_1_716' title='bbox 1376 5309 1444 5382; x_wconf 79' lang='lat' dir='ltr'><strong>ab</strong></span> <span class='ocrx_word' id='word_1_717' title='bbox 1487 5312 1628 5382; x_wconf 77' lang='lat' dir='ltr'><strong>aliis.</strong></span> 
     </span>
    </p>
   </div>
   <div class='ocr_carea' id='block_1_106' title="bbox 575 5371 2061 5444">
    <p class='ocr_par' dir='ltr' id='par_1_106' title="bbox 575 5371 2061 5444">
     <span class='ocr_line' id='line_1_106' title="bbox 575 5371 2061 5444; baseline 0.009 -19"><span class='ocrx_word' id='word_1_718' title='bbox 575 5373 687 5444; x_wconf 81' lang='lat'><strong>(50)</strong></span> <span class='ocrx_word' id='word_1_719' title='bbox 723 5371 886 5424; x_wconf 79' lang='grc' dir='ltr'><strong>Κατὰ</strong></span> <span class='ocrx_word' id='word_1_720' title='bbox 933 5371 1194 5438; x_wconf 78' lang='grc' dir='ltr'><strong>Περσῶν.</strong></span> <span class='ocrx_word' id='word_1_721' title='bbox 1238 5373 1340 5440; x_wconf 88' lang='lat' dir='ltr'><strong>Qui</strong></span> <span class='ocrx_word' id='word_1_722' title='bbox 1391 5378 1732 5438; x_wconf 83' lang='lat' dir='ltr'><strong>Antiochiam</strong></span> <span class='ocrx_word' id='word_1_723' title='bbox 1764 5385 2061 5439; x_wconf 85' lang='lat' dir='ltr'><strong>circumse-</strong></span> 
     </span>
    </p>
   </div>
   <div class='ocr_carea' id='block_1_107' title="bbox 501 5442 2062 5564">
    <p class='ocr_par' dir='ltr' id='par_1_107' title="bbox 501 5442 2062 5564">
     <span class='ocr_line' id='line_1_107' title="bbox 501 5442 2062 5564; baseline 0.009 -69"><span class='ocrx_word' id='word_1_724' title='bbox 501 5442 696 5564; x_wconf 64' lang='lat' dir='ltr'><strong>gerant</strong></span> <span class='ocrx_word' id='word_1_725' title='bbox 725 5453 782 5496; x_wconf 90' lang='lat' dir='ltr'><strong>et</strong></span> <span class='ocrx_word' id='word_1_726' title='bbox 813 5451 1097 5511; x_wconf 82' lang='lat' dir='ltr'><strong>ceperant,</strong></span> <span class='ocrx_word' id='word_1_727' title='bbox 1129 5454 1188 5497; x_wconf 91' lang='lat' dir='ltr'><strong>ut</strong></span> <span class='ocrx_word' id='word_1_728' title='bbox 1215 5456 1297 5499; x_wconf 89' lang='lat' dir='ltr'><strong>est</strong></span> <span class='ocrx_word' id='word_1_729' title='bbox 1331 5449 1473 5518; x_wconf 88' lang='lat' dir='ltr'><strong>apud</strong></span> <span class='ocrx_word' id='word_1_730' title='bbox 1512 5452 1821 5522; x_wconf 80' lang='lat' dir='ltr'><strong>Eunapium</strong></span> <span class='ocrx_word' id='word_1_731' title='bbox 1872 5455 1926 5508; x_wconf 92' lang='lat' dir='ltr'><strong>in</strong></span> <span class='ocrx_word' id='word_1_732' title='bbox 1967 5455 2062 5509; x_wconf 68' lang='grc' dir='ltr'><strong>,Ε-</strong></span> 
     </span>
     <span class='ocr_line' id='line_1_108' title="bbox 541 5529 665 5564; baseline 0 0"><span class='ocrx_word' id='word_1_733' title='bbox 541 5529 665 5564; x_wconf 71' lang='grc'><strong>8810.</strong></span> 
     </span>
    </p>
   </div>
   <div class='ocr_carea' id='block_1_108' title="bbox 541 5529 665 5566">
    <p class='ocr_par' dir='ltr' id='par_1_108' title="bbox 541 5529 665 5566">
     <span class='ocr_line' id='line_1_109' title="bbox 541 5529 665 5566; baseline 0.016 -2"><span class='ocrx_word' id='word_1_734' title='bbox 541 5529 665 5566; x_wconf 70' lang='grc'><strong>8810.</strong></span> 
     </span>
    </p>
   </div>
   <div class='ocr_carea' id='block_1_109' title="bbox 578 5580 2074 5662">
    <p class='ocr_par' dir='ltr' id='par_1_109' title="bbox 578 5580 2074 5662">
     <span class='ocr_line' id='line_1_110' title="bbox 578 5580 2074 5662; baseline 0.013 -32"><span class='ocrx_word' id='word_1_735' title='bbox 578 5580 798 5662; x_wconf 44' lang='grc' dir='ltr'><strong>ιη⁹ρ</strong></span> <span class='ocrx_word' id='word_1_736' title='bbox 827 5580 1132 5662; x_wconf 52' lang='grc' dir='ltr'><strong>Σρπώρης.</strong></span> <span class='ocrx_word' id='word_1_737' title='bbox 1165 5586 1256 5662; x_wconf 88' lang='lat' dir='ltr'><strong>_De</strong></span> <span class='ocrx_word' id='word_1_738' title='bbox 1291 5587 1391 5642; x_wconf 89' lang='lat' dir='ltr'><strong>hac</strong></span> <span class='ocrx_word' id='word_1_739' title='bbox 1437 5588 1660 5660; x_wconf 87' lang='lat' dir='ltr'><strong>Saporis</strong></span> <span class='ocrx_word' id='word_1_740' title='bbox 1702 5593 2074 5662; x_wconf 80' lang='lat' dir='ltr'><strong>expeditione,</strong></span> 
     </span>
    </p>
   </div>
   <div class='ocr_carea' id='block_1_110' title="bbox 501 5652 2066 5735">
    <p class='ocr_par' dir='ltr' id='par_1_110' title="bbox 501 5652 2066 5735">
     <span class='ocr_line' id='line_1_111' title="bbox 501 5652 2066 5735; baseline 0.011 -33"><span class='ocrx_word' id='word_1_741' title='bbox 501 5661 553 5735; x_wconf 70' lang='lat' dir='ltr'><strong>et</strong></span> <span class='ocrx_word' id='word_1_742' title='bbox 591 5652 841 5735; x_wconf 49' lang='lat' dir='ltr'><strong>Nisibina&#39;</strong></span> <span class='ocrx_word' id='word_1_743' title='bbox 883 5652 1090 5735; x_wconf 46' lang='lat' dir='ltr'><strong>Persis.</strong></span> <span class='ocrx_word' id='word_1_744' title='bbox 1127 5655 1372 5735; x_wconf 65' lang='lat' dir='ltr'><strong>obsessa,</strong></span> <span class='ocrx_word' id='word_1_745' title='bbox 1421 5652 1617 5735; x_wconf 55' lang='lat' dir='ltr'><strong>agunt</strong></span> <span class='ocrx_word' id='word_1_746' title='bbox 1644 5652 2066 5735; x_wconf 56' lang='lat' dir='ltr'><strong>Pliili&#39;nsturgins,</strong></span> 
     </span>
    </p>
   </div>
   <div class='ocr_carea' id='block_1_111' title="bbox 503 5722 2070 5803">
    <p class='ocr_par' dir='ltr' id='par_1_111' title="bbox 503 5722 2070 5803">
     <span class='ocr_line' id='line_1_112' title="bbox 503 5722 2070 5803; baseline 0.011 -30"><span class='ocrx_word' id='word_1_747' title='bbox 503 5722 891 5803; x_wconf 34' lang='lat' dir='ltr'><strong>&#39;3&#39;._-ttt,l_c.ﬂQ£_;</strong></span> <span class='ocrx_word' id='word_1_748' title='bbox 921 5726 1254 5803; x_wconf 73' lang='lat' dir='ltr'><strong>Antmianus,</strong></span> <span class='ocrx_word' id='word_1_749' title='bbox 1285 5722 1498 5803; x_wconf 61' lang='grc' dir='ltr'><strong>⁸(ζΙιιῄοιῖ.</strong></span> <span class='ocrx_word' id='word_1_750' title='bbox 1551 5732 1814 5787; x_wconf 72' lang='grc' dir='ltr'><strong>Αίωςαηά.</strong></span> <span class='ocrx_word' id='word_1_751' title='bbox 1855 5722 2070 5803; x_wconf 57' lang='grc' dir='ltr'><strong>μνϋῖὶ,</strong></span> 
     </span>
    </p>
   </div>
   <div class='ocr_carea' id='block_1_112' title="bbox 500 5788 1927 5877">
    <p class='ocr_par' dir='ltr' id='par_1_112' title="bbox 500 5788 1927 5877">
     <span class='ocr_line' id='line_1_113' title="bbox 500 5788 1927 5877; baseline 0.012 -35"><span class='ocrx_word' id='word_1_752' title='bbox 500 5788 627 5858; x_wconf 63' lang='lat'><strong>676,</strong></span> <span class='ocrx_word' id='word_1_753' title='bbox 663 5793 786 5860; x_wconf 77' lang='lat'><strong>676&#39;,</strong></span> <span class='ocrx_word' id='word_1_754' title='bbox 812 5795 1172 5865; x_wconf 72' lang='lat' dir='ltr'><strong>&#39;l‘ltc0pltanes</strong></span> <span class='ocrx_word' id='word_1_755' title='bbox 1200 5788 1254 5868; x_wconf 63' lang='grc' dir='ltr'><strong>νζ</strong></span> <span class='ocrx_word' id='word_1_756' title='bbox 1278 5800 1365 5868; x_wconf 77' lang='lat'><strong>‘28,</strong></span> <span class='ocrx_word' id='word_1_757' title='bbox 1400 5801 1486 5868; x_wconf 76' lang='lat'><strong>32,</strong></span> <span class='ocrx_word' id='word_1_758' title='bbox 1512 5814 1567 5857; x_wconf 91' lang='lat' dir='ltr'><strong>et</strong></span> <span class='ocrx_word' id='word_1_759' title='bbox 1594 5805 1682 5858; x_wconf 85' lang='lat' dir='ltr'><strong>alii</strong></span> <span class='ocrx_word' id='word_1_760' title='bbox 1706 5788 1927 5877; x_wconf 70' lang='lat' dir='ltr'><strong>passim.</strong></span> 
     </span>
    </p>
   </div>
   <div class='ocr_carea' id='block_1_113' title="bbox 2244 5106 3738 5178">
    <p class='ocr_par' dir='ltr' id='par_1_113' title="bbox 2244 5106 3738 5178">
     <span class='ocr_line' id='line_1_114' title="bbox 2244 5106 3738 5178; baseline -0.007 -13"><span class='ocrx_word' id='word_1_761' title='bbox 2244 5108 2356 5172; x_wconf 69' lang='lat'><strong>(&#39;52)</strong></span> <span class='ocrx_word' id='word_1_762' title='bbox 2384 5108 2502 5178; x_wconf 73' lang='grc' dir='ltr'><strong>Ὑφ’</strong></span> <span class='ocrx_word' id='word_1_763' title='bbox 2525 5109 2615 5164; x_wconf 72' lang='grc' dir='ltr'><strong>ἐνὶ</strong></span> <span class='ocrx_word' id='word_1_764' title='bbox 2649 5108 3013 5164; x_wconf 80' lang='grc' dir='ltr'><strong>Κώνσταντι.</strong></span> <span class='ocrx_word' id='word_1_765' title='bbox 3045 5109 3154 5164; x_wconf 80' lang='lat' dir='ltr'><strong>Res</strong></span> <span class='ocrx_word' id='word_1_766' title='bbox 3179 5117 3360 5175; x_wconf 85' lang='lat' dir='ltr'><strong>gestas</strong></span> <span class='ocrx_word' id='word_1_767' title='bbox 3391 5123 3418 5159; x_wconf 90' lang='lat' dir='ltr'><strong>a</strong></span> <span class='ocrx_word' id='word_1_768' title='bbox 3450 5106 3738 5161; x_wconf 85' lang='lat' dir='ltr'><strong>Constante</strong></span> 
     </span>
    </p>
   </div>
   <div class='ocr_carea' id='block_1_114' title="bbox 2171 5179 3740 5249">
    <p class='ocr_par' dir='ltr' id='par_1_114' title="bbox 2171 5179 3740 5249">
     <span class='ocr_line' id='line_1_115' title="bbox 2171 5179 3740 5249; baseline -0.003 -16"><span class='ocrx_word' id='word_1_769' title='bbox 2171 5179 2396 5246; x_wconf 91' lang='lat' dir='ltr'><strong>scripsit</strong></span> <span class='ocrx_word' id='word_1_770' title='bbox 2463 5180 2795 5234; x_wconf 84' lang='lat' dir='ltr'><strong>Etlstochius</strong></span> <span class='ocrx_word' id='word_1_771' title='bbox 2846 5179 3137 5249; x_wconf 84' lang='lat' dir='ltr'><strong>Cappadox</strong></span> <span class='ocrx_word' id='word_1_772' title='bbox 3201 5180 3484 5247; x_wconf 82' lang='lat' dir='ltr'><strong>Sophista,</strong></span> <span class='ocrx_word' id='word_1_773' title='bbox 3543 5181 3608 5249; x_wconf 64' lang='grc' dir='ltr'><strong>με</strong></span> <span class='ocrx_word' id='word_1_774' title='bbox 3656 5181 3740 5249; x_wconf 64' lang='lat' dir='ltr'><strong>est</strong></span> 
     </span>
    </p>
   </div>
   <div class='ocr_carea' id='block_1_115' title="bbox 2169 5240 3737 5324">
    <p class='ocr_par' dir='ltr' id='par_1_115' title="bbox 2169 5240 3737 5324">
     <span class='ocr_line' id='line_1_116' title="bbox 2169 5240 3737 5324; baseline 0.004 -22"><span class='ocrx_word' id='word_1_775' title='bbox 2169 5240 2314 5324; x_wconf 77' lang='lat' dir='ltr'><strong>apud</strong></span> <span class='ocrx_word' id='word_1_776' title='bbox 2348 5249 2650 5324; x_wconf 78' lang='lat' dir='ltr'><strong>Eudociam</strong></span> <span class='ocrx_word' id='word_1_777' title='bbox 2694 5240 2994 5324; x_wconf 66' lang='lat' dir='ltr'><strong>Augustam</strong></span> <span class='ocrx_word' id='word_1_778' title='bbox 3047 5250 3110 5324; x_wconf 86' lang='lat' dir='ltr'><strong>in_</strong></span> <span class='ocrx_word' id='word_1_779' title='bbox 3147 5240 3314 5324; x_wconf 57' lang='lat' dir='ltr'><strong>lonii&#39;s</strong></span> <span class='ocrx_word' id='word_1_780' title='bbox 3358 5264 3495 5324; x_wconf 55' lang='lat' dir='ltr'><strong>mss.</strong></span> <span class='ocrx_word' id='word_1_781' title='bbox 3522 5240 3737 5324; x_wconf 47' lang='lat' dir='ltr'><strong>fifml&#39;f</strong></span> 
     </span>
    </p>
   </div>
   <div class='ocr_carea' id='block_1_116' title="bbox 2170 5312 3733 5388">
    <p class='ocr_par' dir='ltr' id='par_1_116' title="bbox 2170 5312 3733 5388">
     <span class='ocr_line' id='line_1_117' title="bbox 2170 5312 3733 5388; baseline -0.001 -16"><span class='ocrx_word' id='word_1_782' title='bbox 2170 5312 2238 5388; x_wconf 71' lang='grc' dir='ltr'><strong>τά</strong></span> <span class='ocrx_word' id='word_1_783' title='bbox 2278 5322 2421 5372; x_wconf 73' lang='grc' dir='ltr'><strong>κιτά</strong></span> <span class='ocrx_word' id='word_1_784' title='bbox 2455 5312 2808 5373; x_wconf 63' lang='grc' dir='ltr'><strong>Κώνσταντί</strong></span> <span class='ocrx_word' id='word_1_785' title='bbox 2827 5321 2916 5372; x_wconf 77' lang='grc' dir='ltr'><strong>τὸν</strong></span> <span class='ocrx_word' id='word_1_786' title='bbox 2970 5318 3218 5388; x_wconf 76' lang='grc' dir='ltr'><strong>βασιλέα,</strong></span> <span class='ocrx_word' id='word_1_787' title='bbox 3268 5330 3379 5374; x_wconf 86' lang='lat' dir='ltr'><strong>etc.</strong></span> <span class='ocrx_word' id='word_1_788' title='bbox 3443 5315 3534 5372; x_wconf 79' lang='lat' dir='ltr'><strong>ubi</strong></span> <span class='ocrx_word' id='word_1_789' title='bbox 3592 5312 3733 5378; x_wconf 68' lang='lat' dir='ltr'><strong>390d</strong></span> 
     </span>
    </p>
   </div>
   <div class='ocr_carea' id='block_1_117' title="bbox 2169 5387 3214 5459">
    <p class='ocr_par' dir='ltr' id='par_1_117' title="bbox 2169 5387 3214 5459">
     <span class='ocr_line' id='line_1_118' title="bbox 2169 5387 3214 5459; baseline 0.001 -17"><span class='ocrx_word' id='word_1_790' title='bbox 2169 5387 2391 5442; x_wconf 85' lang='lat' dir='ltr'><strong>Suidam</strong></span> <span class='ocrx_word' id='word_1_791' title='bbox 2423 5405 2706 5459; x_wconf 87' lang='lat' dir='ltr'><strong>perperam</strong></span> <span class='ocrx_word' id='word_1_792' title='bbox 2751 5391 2948 5445; x_wconf 87' lang='lat' dir='ltr'><strong>omissa</strong></span> <span class='ocrx_word' id='word_1_793' title='bbox 2971 5387 2977 5388; x_wconf 14' lang='lat'><em>7</em></span> <span class='ocrx_word' id='word_1_794' title='bbox 2998 5405 3095 5443; x_wconf 86' lang='lat' dir='ltr'><strong>vox</strong></span> <span class='ocrx_word' id='word_1_795' title='bbox 3127 5391 3214 5443; x_wconf 75' lang='grc' dir='ltr'><strong>τά.</strong></span> 
     </span>
    </p>
   </div>
   <div class='ocr_carea' id='block_1_118' title="bbox 2241 5460 3734 5527">
    <p class='ocr_par' dir='ltr' id='par_1_118' title="bbox 2241 5460 3734 5527">
     <span class='ocr_line' id='line_1_119' title="bbox 2241 5460 3734 5527; baseline 0.003 -14"><span class='ocrx_word' id='word_1_796' title='bbox 2241 5461 2352 5526; x_wconf 84' lang='grc'><strong>(55)</strong></span> <span class='ocrx_word' id='word_1_797' title='bbox 2399 5462 2708 5527; x_wconf 79' lang='grc' dir='ltr'><strong>Σαπώρου.</strong></span> <span class='ocrx_word' id='word_1_798' title='bbox 2743 5461 2877 5514; x_wconf 81' lang='lat' dir='ltr'><strong>Vide</strong></span> <span class='ocrx_word' id='word_1_799' title='bbox 2914 5460 3190 5514; x_wconf 77' lang='lat' dir='ltr'><strong>Zosiuium</strong></span> <span class='ocrx_word' id='word_1_800' title='bbox 3236 5462 3334 5518; x_wconf 87' lang='lat' dir='ltr'><strong>lib.</strong></span> <span class='ocrx_word' id='word_1_801' title='bbox 3369 5478 3430 5525; x_wconf 84' lang='lat' dir='ltr'><strong>ll,</strong></span> <span class='ocrx_word' id='word_1_802' title='bbox 3476 5467 3560 5515; x_wconf 80' lang='lat' dir='ltr'><strong>ubi</strong></span> <span class='ocrx_word' id='word_1_803' title='bbox 3586 5464 3734 5518; x_wconf 86' lang='lat' dir='ltr'><strong>etde</strong></span> 
     </span>
    </p>
   </div>
   <div class='ocr_carea' id='block_1_119' title="bbox 2179 5527 3734 5600">
    <p class='ocr_par' dir='ltr' id='par_1_119' title="bbox 2179 5527 3734 5600">
     <span class='ocr_line' id='line_1_120' title="bbox 2179 5527 3734 5600; baseline 0.003 -20"><span class='ocrx_word' id='word_1_804' title='bbox 2179 5527 2484 5584; x_wconf 76' lang='lat' dir='ltr'><strong>ilormisdze</strong></span> <span class='ocrx_word' id='word_1_805' title='bbox 2509 5531 2574 5584; x_wconf 85' lang='lat' dir='ltr'><strong>ad</strong></span> <span class='ocrx_word' id='word_1_806' title='bbox 2604 5530 2983 5586; x_wconf 85' lang='lat' dir='ltr'><strong>Constantium</strong></span> <span class='ocrx_word' id='word_1_807' title='bbox 3018 5532 3163 5599; x_wconf 71' lang='lat' dir='ltr'><strong>fuga,</strong></span> <span class='ocrx_word' id='word_1_808' title='bbox 3195 5533 3262 5585; x_wconf 92' lang='lat' dir='ltr'><strong>de</strong></span> <span class='ocrx_word' id='word_1_809' title='bbox 3289 5548 3394 5600; x_wconf 89' lang='lat' dir='ltr'><strong>qua</strong></span> <span class='ocrx_word' id='word_1_810' title='bbox 3426 5534 3587 5587; x_wconf 85' lang='lat' dir='ltr'><strong>etiam</strong></span> <span class='ocrx_word' id='word_1_811' title='bbox 3607 5533 3734 5587; x_wconf 79' lang='lat' dir='ltr'><strong>Am-</strong></span> 
     </span>
    </p>
   </div>
   <div class='ocr_carea' id='block_1_120' title="bbox 2180 5600 3732 5666">
    <p class='ocr_par' dir='ltr' id='par_1_120' title="bbox 2180 5600 3732 5666">
     <span class='ocr_line' id='line_1_121' title="bbox 2180 5600 3732 5666; baseline 0.002 -14"><span class='ocrx_word' id='word_1_812' title='bbox 2180 5600 2415 5660; x_wconf 86' lang='lat' dir='ltr'><strong>mianus,</strong></span> <span class='ocrx_word' id='word_1_813' title='bbox 2477 5602 2573 5655; x_wconf 90' lang='lat' dir='ltr'><strong>lib.</strong></span> <span class='ocrx_word' id='word_1_814' title='bbox 2615 5617 2725 5666; x_wconf 67' lang='grc' dir='ltr'><strong>ενι,</strong></span> <span class='ocrx_word' id='word_1_815' title='bbox 2776 5616 2828 5666; x_wconf 87' lang='lat' dir='ltr'><strong>p.</strong></span> <span class='ocrx_word' id='word_1_816' title='bbox 2862 5602 2951 5656; x_wconf 81' lang='lat' dir='ltr'><strong>7i.</strong></span> <span class='ocrx_word' id='word_1_817' title='bbox 3004 5603 3190 5656; x_wconf 75' lang='lat' dir='ltr'><strong>Narsei</strong></span> <span class='ocrx_word' id='word_1_818' title='bbox 3236 5619 3369 5656; x_wconf 89' lang='lat' dir='ltr'><strong>vero</strong></span> <span class='ocrx_word' id='word_1_819' title='bbox 3407 5607 3602 5657; x_wconf 88' lang='lat' dir='ltr'><strong>mentio</strong></span> <span class='ocrx_word' id='word_1_820' title='bbox 3650 5614 3732 5656; x_wconf 88' lang='lat' dir='ltr'><strong>est</strong></span> 
     </span>
    </p>
   </div>
   <div class='ocr_carea' id='block_1_121' title="bbox 2178 5616 3731 5743">
    <p class='ocr_par' dir='ltr' id='par_1_121' title="bbox 2178 5616 3731 5743">
     <span class='ocr_line' id='line_1_122' title="bbox 2180 5616 3731 5666; baseline 0.001 -14"><span class='ocrx_word' id='word_1_821' title='bbox 2180 5616 2415 5660; x_wconf 85' lang='lat' dir='ltr'><strong>mtanns,</strong></span> <span class='ocrx_word' id='word_1_822' title='bbox 2477 5616 2573 5655; x_wconf 83' lang='lat' dir='ltr'><strong>Ill).</strong></span> <span class='ocrx_word' id='word_1_823' title='bbox 2615 5617 2725 5666; x_wconf 74' lang='lat' dir='ltr'><strong>xvi,</strong></span> <span class='ocrx_word' id='word_1_824' title='bbox 2817 5643 2828 5655; x_wconf 94' lang='lat'><strong>.</strong></span> <span class='ocrx_word' id='word_1_825' title='bbox 2870 5616 2951 5656; x_wconf 78' lang='lat' dir='ltr'><strong>Il.</strong></span> <span class='ocrx_word' id='word_1_826' title='bbox 3004 5616 3190 5656; x_wconf 78' lang='lat' dir='ltr'><strong>narset</strong></span> <span class='ocrx_word' id='word_1_827' title='bbox 3236 5619 3369 5656; x_wconf 88' lang='lat' dir='ltr'><strong>vero</strong></span> <span class='ocrx_word' id='word_1_828' title='bbox 3407 5616 3602 5657; x_wconf 88' lang='lat' dir='ltr'><strong>mcnuo</strong></span> <span class='ocrx_word' id='word_1_829' title='bbox 3650 5616 3731 5656; x_wconf 76' lang='grc' dir='ltr'><strong>εει</strong></span> 
     </span>
     <span class='ocr_line' id='line_1_123' title="bbox 2178 5616 3731 5743; baseline 0.003 -21"><span class='ocrx_word' id='word_1_830' title='bbox 2178 5672 2321 5743; x_wconf 81' lang='lat' dir='ltr'><strong>apud</strong></span> <span class='ocrx_word' id='word_1_831' title='bbox 2357 5672 2703 5743; x_wconf 82' lang='lat' dir='ltr'><strong>Eutmpium.</strong></span> <span class='ocrx_word' id='word_1_832' title='bbox 2755 5616 3165 5743; x_wconf 56' lang='lat' dir='ltr'><strong>&#39;FheOphanem.</strong></span> <span class='ocrx_word' id='word_1_833' title='bbox 3199 5684 3253 5727; x_wconf 91' lang='lat' dir='ltr'><strong>et</strong></span> <span class='ocrx_word' id='word_1_834' title='bbox 3293 5676 3446 5728; x_wconf 89' lang='lat' dir='ltr'><strong>alios.</strong></span> <span class='ocrx_word' id='word_1_835' title='bbox 3485 5675 3554 5729; x_wconf 86' lang='lat' dir='ltr'><strong>De</strong></span> <span class='ocrx_word' id='word_1_836' title='bbox 3593 5673 3731 5726; x_wconf 82' lang='lat' dir='ltr'><strong>lior-</strong></span> 
     </span>
    </p>
   </div>
   <div class='ocr_carea' id='block_1_122' title="bbox 2180 5741 3522 5816">
    <p class='ocr_par' dir='ltr' id='par_1_122' title="bbox 2180 5741 3522 5816">
     <span class='ocr_line' id='line_1_124' title="bbox 2180 5741 3522 5816; baseline 0.005 -22"><span class='ocrx_word' id='word_1_837' title='bbox 2180 5741 2351 5796; x_wconf 89' lang='lat' dir='ltr'><strong>misda</strong></span> <span class='ocrx_word' id='word_1_838' title='bbox 2383 5741 2599 5812; x_wconf 84' lang='lat' dir='ltr'><strong>agimus</strong></span> <span class='ocrx_word' id='word_1_839' title='bbox 2627 5742 2886 5812; x_wconf 86' lang='lat' dir='ltr'><strong>pluribus</strong></span> <span class='ocrx_word' id='word_1_840' title='bbox 2911 5741 2998 5797; x_wconf 29' lang='lat' dir='ltr'><strong>‘in</strong></span> <span class='ocrx_word' id='word_1_841' title='bbox 3029 5743 3522 5816; x_wconf 87' lang='lat' dir='ltr'><strong>Constantinopoli.</strong></span> 
     </span>
    </p>
   </div>
  </div>
