3930 6554
273 425 410 491 1125

1495 421 1902 485 ANNALIUM
1949 423 2092 482 LIB.
2136 423 2307 482 XIII.

3371 415 3510 488 119.6

333 537 408 592 Ζ’.
439 537 625 591 Ταῦτα
689 538 786 591 τοῦ
821 537 1206 593 Κωνσταντίου
1247 536 1578 600 σκοποῦντος
1609 537 1703 588 καὶ
1731 536 1845 588 δια-

2021 532 2132 586 VII.
2170 523 2274 586 Sed
2305 528 2628 585 Constantio
2657 529 2758 584 hac
2788 528 3191 587 deliberatione
3222 542 3510 602 SUSIICDSO,

273 629 566 697 μέλλοντος
613 631 643 680 ὁ
691 630 985 701 Σαπὼρης,
1022 629 1145 683 ἐπεὶ
1175 628 1414 699 κάκείνῳ
1462 629 1598 698 πρὸς
1634 627 1839 694 γνῶσιν

267 714 396 788 ἦλθε
427 717 500 771 τὰ
538 717 926 789 συμόεὸηκότα
959 718 1090 790 περὶ
1133 719 1223 773 τὸν
1276 717 1628 782 Κώνσταντα,
1663 715 1841 770 ἐπιτί-

269 811 412 864 θεται
463 804 539 878 τῷ
585 809 785 879 καιρῷ,
829 809 923 863 καὶ
954 809 1056 863 σὺν
1095 810 1256 880 βαρεί
1297 809 1670 880 στρατεύματι
1697 808 1840 862 κατὰ

268 902 368 954 τῶν
417 899 801 968 ὑποκειμένων
841 900 1133 969 Ῥωμαίοις
1179 899 1358 952 ἔπεισι
1391 900 1585 970 χωρῶν
1633 917 1692 952 τε
1742 899 1839 952 καὶ

267 991 496 1055 πόλεων,
528 990 626 1045 καὶ
656 987 859 1059 πολλὴν
891 989 990 1060 μὲν
1025 989 1280 1061 ἐληῖσατο
1303 989 1513 1059 χώραν,
1543 989 1680 1042 ἀλλὰ
1710 987 1839 1059 μέν·

265 1099 344 1135 τοι
396 1085 493 1135 καὶ
551 1081 786 1152 φρούρια
837 1077 970 1148 εἷλε,
1014 1085 1108 1135 καὶ
1165 1083 1320 1144 τέλος
1373 1081 1685 1153 ἐπολιόρκει
1737 1080 1837 1150 τὴν

268 1173 484 1229 Νίσιϐιν
511 1177 648 1245 (38),
685 1177 717 1246 ἢ
759 1175 927 1228 πάλαι
979 1175 1078 1243 μὲν
1118 1178 1185 1246 τῇ
1238 1175 1347 1228 τῶν
1382 1176 1690 1245 Ἀρμενίων
1728 1174 1838 1227 διέ-

268 1284 395 1338 φερε
442 1269 710 1339 βασιλείᾳ,
747 1269 839 1321 ἐπὶ
872 1269 928 1321 δὲ
957 1267 1294 1335 Μιθριδάτου
1346 1267 1406 1329 ὃς
1443 1267 1710 1338 Τιγράνου
1743 1265 1836 1319 τοῦ

267 1361 370 1412 τῶν
410 1357 718 1429 Ἀρμενίων
751 1360 891 1412 τότε
951 1358 1279 1428 κρατοῦντος
1325 1355 1393 1430 ἧν
1439 1359 1707 1429 γαμϐρὸς,
1744 1361 1837 1412 καὶ

268 1452 322 1516 ἐξ
372 1451 586 1504 ἐκείνου
632 1449 731 1521 τὴν
764 1451 920 1504 πόλιν
966 1452 1199 1521 εἰλήφει,
1231 1451 1333 1504 ὑπὸ
1375 1450 1660 1520 Ῥωμαίων
1695 1452 1839 1504 ἑάλω

271 1541 574 1613 πολιορκίᾳ.
617 1539 708 1594 Ἑν
736 1541 910 1614 ταύτῃ
938 1541 1070 1610 γοῦν
1104 1545 1132 1594 ὁ
1163 1542 1431 1612 Σαπώρης
1458 1541 1626 1594 ἐλθὼν
1659 1543 1838 1596 πᾶσαν

267 1629 488 1701 ἐκίνησε
527 1631 802 1702 μηχανὴν,
837 1631 903 1684 ἵν’
931 1628 1141 1700 αὐτῷή
1179 1628 1334 1691 πόλις
1373 1627 1506 1698 ἁλῷ,
1542 1629 1732 1698 κριούς
1778 1645 1838 1681 τε

267 1721 372 1792 γὰρ
395 1722 642 1793 προσῆγε
676 1725 788 1785 τοῖς
826 1721 1052 1792 τείχεσι,
1085 1724 1181 1774 καὶ
1209 1722 1480 1792 διώρυχας
1539 1721 1838 1788 ὑπογαίους

267 1813 554 1883 πεποίητο,
581 1813 720 1866 ἀλλὰ
747 1814 883 1885 πρὸς
910 1814 1087 1869 πάντα
1111 1814 1376 1881 γενναίως
1388 1812 1839 1868 ἀντικαθίσταντο
1864 1868 1879 1885 _.

263 1905 312 1956 oi
337 1904 813 1976 πολιορκούμενοι,
848 1907 944 1958 καὶ
978 1905 1068 1959 τὸν
1108 1907 1356 1976 ποταμὸν
1399 1905 1476 1971 δὲ,
1511 1905 1568 1968 ὃς
1608 1906 1698 1958 διὰ
1742 1907 1840 1973 μέ-
1864 1879 1912 1939 Β

267 2012 363 2066 σης
413 1996 566 2070 εῤῥει
606 1999 707 2066 τῆς
732 1997 964 2059 πόλεως,
997 1998 1388 2068 μετωχέτευεν,
1425 1997 1510 2051 ἵνα
1545 1997 1686 2067 δίψει
1719 2015 1840 2050 πιε-

268 2086 486 2158 ζόμενοι
537 2088 588 2142 οἱ
626 2089 725 2159 τῆς
773 2090 980 2152 πόλεως
1030 2088 1277 2162 προδῷεν
1321 2089 1470 2160 αὐτῷ
1511 2090 1609 2160 τὴν
1658 2089 1834 2144 πόλιν.

268 2179 393 2244 Τοῖς
435 2180 496 2234 δὲ
539 2179 770 2248 ἀφθονία
808 2176 876 2253 ἦν
913 2181 1123 2234 ὑδάτων
1157 2182 1251 2234 καὶ
1277 2182 1340 2234 ὲκ
1373 2184 1626 2253 φρεάτων
1653 2184 1747 2235 καὶ
1776 2182 1839 2235 ὲκ

266 2288 482 2343 πηγων.
529 2272 617 2337 Ὦς
649 2275 696 2328 δ’
736 2275 818 2338 εἰς
845 2273 1008 2329 οὐδὲν
1046 2273 1195 2343 αύτῷ
1255 2276 1540 2343 κατήντων
1575 2271 1840 2343 ἀνύσιμον

266 2365 320 2416 αἱ
374 2364 637 2431 ἐπίνοιαι,
699 2366 892 2436 ἕτερόν
947 2382 1001 2419 τι
1056 2364 1203 2435 αὐτῷ
1261 2366 1634 2437 μεμηχάνητο.
1689 2365 1838 2418 Ἀνα-

285 2457 521 2527 δραμὼν
555 2452 648 2510 τὸν
697 2458 965 2528 ποταμὸν,
1027 2459 1102 2521 ιὶδς
1128 2459 1365 2529 εἴρηται,
1394 2458 1483 2510 διὰ
1514 2458 1612 2529 τῆς
1632 2457 1840 2520 πόλεως

271 2547 441 2616 ἓρρει,
469 2550 566 2602 καὶ
597 2548 733 2620 πρὸς
773 2549 1062 2619 φάραγγας
1100 2549 1360 2619 γεγονὼς,
1393 2549 1524 2602 ἔνθα
1579 2553 1606 2603 ὁ
1662 2550 1839 2620 χῶρος

269 2637 336 2692 δι’
360 2631 423 2691 οὗ
449 2638 613 2710 διῄει,
679 2641 972 2705 ὲστένωτο,
1035 2641 1320 2710 ἀπέὼραξε
1375 2641 1466 2696 τὸν
1529 2642 1692 2696 τόπον
1745 2642 1842 2696 καὶ

272 2732 474 2802 ἐπέσχε
504 2732 566 2784 τὸ
590 2733 771 2802 ῥεῦμα
796 2733 982 2787 αὑτοῦ.
1017 2733 1125 2787 Τοῦ
1175 2734 1219 2787 δ’
1249 2734 1440 2798 ὓδατος
1502 2735 1841 2806 πλημμυρή-

275 2842 490 2892 σαντος,
523 2826 719 2894 ἀθρόον
742 2827 809 2879 τὰ
847 2825 1165 2897 φραγνύντα
1193 2829 1290 2898 τὴν
1336 2827 1429 2882 τοῦ
1453 2827 1645 2893 ὕδατος
1671 2829 1841 2883 δίοδον

275 2916 472 2982 ἐξελὼν
502 2918 683 2989 ἀφῆκε
733 2919 794 2970 τὸ
818 2919 996 2989 ῥεῦμα
1032 2920 1175 2972 κατὰ
1231 2922 1332 2990 τῆς
1389 2923 1632 2984 πόλεως’
1681 2921 1742 2974 τὸ
1784 2921 1842 2975 δὲ

277 3009 444 3064 πολύν
466 3028 526 3064 τε
555 3011 971 3082 σεσωρευμένον
1002 3014 1100 3066 καὶ
1135 3014 1235 3066 σὺν
1268 3013 1362 3082 βίᾳ
1389 3014 1595 3084 σφοδρᾷ
1622 3013 1706 3084 τῷ
1729 3014 1845 3067 τεία-

277 3119 359 3172 χει
395 3103 715 3173 προσπεσὸν
743 3104 916 3174 μέρος
943 3105 1157 3160 ἐκείνου
1192 3104 1550 3177 κατέρῤαξεν.
1585 3109 1700 3161 Οὐκ
1748 3107 1842 3160 εύ-

279 3194 371 3257 θὺς
401 3195 461 3248 δὲ
491 3198 519 3248 ὁ
559 3195 836 3268 βάρϐαρος
868 3197 1050 3250 είσέδυ
1071 3196 1170 3266 τὴν
1203 3197 1380 3262 πόλιν,
1415 3199 1530 3251 ἀλλ’
1583 3197 1660 3262 ὡς
1737 3199 1838 3270 Ιἤδη
1871 3225 1914 3284 c

277 3287 586 3360 qlwesicnc
612 3290 941 3361 αύτῆς(ὲπεὶ
964 3289 1063 3344 καὶ
1093 3289 1232 3362 πρὸς
1277 3291 1521 3358 ἑσπέραν
1545 3287 1614 3363 ἦν
1643 3293 1670 3344 ὀ
1720 3308 1844 3345 και-

280 3381 390 3450 ρος)
418 3383 700 3454 είσαύριον
735 3384 1160 3456 παραλήψεσθαι
1188 3384 1288 3456 τὴν
1342 3385 1521 3451 πόλιν,
1576 3385 1650 3456 μή
1698 3401 1844 3449 τινος

276 3473 699 3540 ἀντιϐαίνοντος,
751 3475 1068 3545 ὑπερέθετο.
1103 3476 1167 3529 Ol
1193 3476 1236 3529 δ’
1268 3479 1326 3529 ὲν
1358 3479 1424 3546 τῇ
1485 3475 1640 3531 πόλει
1700 3477 1841 3548 πρὸς

283 3566 379 3633 μὲν
406 3568 469 3620 τὸ
500 3567 692 3639 ῥῆγμα
728 3569 824 3622 τοῦ
865 3570 1081 3640 τείχους
1143 3569 1583 3642 ἐθορυϐήθησαν.
1656 3570 1743 3634 Ὠς
1800 3571 1845 3624 δ’

279 3654 417 3712 εἶδον
449 3659 576 3722 τοὺς
606 3659 822 3731 Πέρσας
839 3661 1249 3733 ὑπερθεμένους
1278 3664 1378 3731 τὴν
1427 3663 1650 3726 εἴσοδον,
1706 3661 1850 3716 dlin-

284 3751 486 3821 νοιτὴν
517 3752 688 3805 νύκτα
707 3753 1124 3818 διατελέσαντες
1181 3754 1507 3826 πολυχειρίᾳ
1545 3754 1640 3807 τὸν
1683 3753 1846 3807 τόπον

283 3842 606 3914 ὠχύρωσαν,
634 3847 814 3915 τεῖχος
837 3846 986 3910 ἐντὸς
1010 3848 1395 3917 ἀνεγείραντες
1438 3847 1629 3917 ἕτερον
1647 3885 1663 3910 ,
1711 3847 1847 3916 ὅπερ

284 3935 450 3988 ἔωθεν
481 3938 509 3990 ὁ
539 3937 814 4008 Σαπώρης
843 3938 966 3990 ἰδὼν
1001 3939 1236 4010 ἀμελείᾳ
1269 3939 1450 4009 οἰκείᾳ
1475 3937 1537 3990 τὸ
1582 3936 1847 4006 ’ἀτύχημα

284 4029 648 4101 ἐπεγράφετο,
677 4030 792 4084 ἀλλ’
844 4030 1154 4084 οὐδ”οῢτω
1195 4032 1294 4102 τῆς
1347 4029 1664 4102 πολιορκίας
1719 4027 1848 4097 ἀφίο

287 4134 467 4174 στατο.
488 4121 667 4176 Πολλὰ
693 4123 750 4176 δὲ
783 4125 876 4176 καὶ
898 4122 1064 4193 ἔτερα
1094 4123 1233 4176 κατὰ
1255 4124 1355 4194 τῆς
1388 4122 1594 4184 πόλεως
1625 4123 1850 4190 ἐπινοη-

285 4215 535 4283 σάμενος,
565 4215 659 4268 καὶ
695 4213 978 4277 πλείστους
1005 4215 1115 4269 τῶν
1140 4216 1359 4269 οἰκείων
1380 4215 1670 4270 ἀποϐαλὼν
1687 4217 1851 4286 (ὑπὲρ

284 4305 389 4375 γὰρ
413 4305 510 4368 τὰς
535 4304 712 4358 εἴκοσι
743 4305 990 4375 χιλιάδας
1011 4305 1353 4360 κινδυνεῦσαι
1375 4306 1595 4374 λέγεται
1621 4305 1732 4377 (59)
1756 4305 1850 4360 τοῦ

286 4397 562 4468 Περσικοῦ
587 4397 1005 4468 στρατεύματος
1037 4398 1508 4469 πολιορκουμένης
1556 4398 1850 4468 Νισίϐεως)

288 4489 406 4558 μετ’
433 4489 698 4560 αίσχύνης
720 4490 1093 4561 ἀνεχώρησεν.
1125 4489 1261 4559 Ἤδη
1281 4491 1387 4560 γὰρ
1419 4491 1509 4543 καὶ
1529 4491 1849 4560 Μασαγὲται

1943 621 2137 692 Sapor,
2167 622 2260 692 qui
2293 631 2349 676 et
2405 621 2520 690 ipse
2567 612 2886 676 Constantis
2926 629 3113 676 casum
3162 633 3510 694 cognoverat,

1941 713 2288 769 occasionem
2333 723 2514 784 urget,
2547 720 2760 768 etcum
2819 713 3031 785 ingenti
3080 713 3325 768 exercitu
3381 729 3513 782 pro-

1946 806 2158 861 vincias
2174 817 2227 861 et
2259 806 2424 861 urbes
2445 806 2820 861 Romanorum
2852 805 3084 870 invadit,
3104 803 3264 874 longe
3293 805 3514 874 lateque

1940 897 2156 968 praedas
2188 906 2382 967 agens,
2411 898 2654 952 castellis
2683 897 2850 952 etiam
2884 897 3081 967 captis,
3115 889 3359 962 denique
3410 889 3507 950 Ni-

1939 989 2086 1044 sibin
2121 989 2356 1045 obsidet.
2409 989 2484 1044 Ea
2531 985 2807 1059 qu‘ondam
2839 989 2908 1045 ad
2950 989 3226 1044 Armenia:
3284 997 3511 1056 regnum

1942 1081 2239 1151 pertinuit,
2270 1082 2362 1136 sed
2395 1080 2498 1136 sub
2526 1080 2844 1136 Mithridate
2869 1080 3124 1152 Tigranis
3149 1079 3290 1150 regis
3320 1084 3511 1132 Arme-

1942 1175 2162 1227 niorum
2204 1189 2426 1244 genero,
2470 1173 2562 1244 qui
2607 1184 2720 1228 tum
2749 1175 2894 1228 Illam
2929 1173 3167 1228 dotalem
3209 1170 3451 1232 tenebat,
3484 1185 3514 1220 a

1940 1265 2210 1322 Romanis
2244 1275 2404 1336 capta
2437 1267 2557 1320 fuit.
2606 1265 2759 1322 Hanc
2804 1267 2970 1337 igitur
2997 1267 3169 1336 Sapor
3203 1274 3510 1336 aggressus,

1945 1370 2141 1411 omnes
2188 1355 2254 1411 ad
2291 1355 2716 1427 expugnandum
2772 1356 3053 1410 machin
3100 1355 3375 1419 adhibuit,
3419 1355 3514 1407 ad-

1941 1449 2105 1502 mutis
2131 1449 2195 1501 ad
2229 1458 2417 1502 muros
2465 1442 2752 1512 arietibus,
2789 1447 3033 1517 actisque
3073 1447 3365 1501 Cllnlt'uIlS.
3403 1446 3509 1499 Sed

1940 1540 2034 1610 qui
2085 1537 2522 1604 obsidebantur,
2567 1532 2867 1594 fortiterad
2922 1540 3103 1594 omnia
3149 1538 3509 1593 resis'ebant.

1939 1630 2188 1701 Cumque
2222 1631 2411 1697 ﬂuvio,
2444 1634 2536 1702 qui
2581 1632 2814 1687 mediam
2862 1631 3051 1686 urbem
3103 1629 3345 1700 perfluit,
3407 1630 3513 1682 alio

1941 1723 2211 1789 derivato,
2252 1734 2312 1778 ut
2343 1719 2602 1795 oppidani
2647 1723 2735 1779 siti
2772 1723 2946 1778 coacti
2982 1738 3102 1778 sese
3133 1723 3419 1784 dederent,
3447 1731 3514 1774 ex

1940 1817 2123 1889 puteis
2156 1828 2211 1873 et
2262 1818 2512 1872 fontibus
2551 1817 2771 1872 abunde
2817 1812 2930 1872 illis
2977 1831 3118 1886 aqua
3164 1823 3510 1885 suppetente,

1942 1911 2078 1965 nihil
2118 1910 2463 1981 profecisset,
2505 1910 2570 1964 ad
2621 1909 2769 1964 aliud
2814 1910 3176 1964 convertitur.
3217 1909 3516 1977 Regressus

1945 2001 2046 2072 15
2074 2003 2219 2057 enim
2247 2013 2437 2057 versus
2462 2014 2622 2072 caput
2655 2001 2898 2072 ejusdem
2926 1998 3125 2064 amnis,
3154 2000 3337 2068 quain
3376 2012 3510 2050 con-

1940 2093 2175 2148 vallibus
2199 2100 2444 2164 angusto
2475 2095 2628 2148 alveo
2651 2087 2926 2148 detinebat
2958 2091 3115 2148 :Ioco
3145 2092 3236 2144 illo
3257 2091 3508 2158 obsepto,

1939 2197 2162 2238 cursum
2205 2184 2463 2249 inhibuit,
2513 2194 2567 2238 et
2623 2191 2822 2253 aquam
2872 2191 3240 2254 stagnantem,
3289 2182 3516 2235 remotis

1940 2273 2230 2345 aggeribus
2281 2271 2569 2329 coniestitn
2612 2283 2805 2329 versus
2855 2269 3043 2328 urbem
3104 2273 3332 2328 emisit:
3392 2287 3514 2340 qua:

1940 2364 2068 2434 quia
2105 2365 2342 2434 plurima
2369 2364 2595 2421 collecta
2641 2364 2840 2428 fuerat,
2880 2373 3075 2434 magno
3121 2365 3328 2430 impetu
3384 2378 3514 2431 par-

1943 2467 2050 2511 tem
2085 2457 2229 2510 muri
2265 2456 2486 2527 dejecit.
2522 2457 2794 2510 Barbarus
2825 2472 2954 2511 vero
2996 2471 3122 2510 cum
3167 2455 3354 2508 urbem
3405 2470 3513 2506 non

1939 2548 2124 2603 Statim
2173 2547 2424 2613 intraret,
2467 2556 2582 2602 tum
2613 2547 2741 2618 Quia
2783 2547 2893 2602 diei
2963 2561 3146 2602 serum
3190 2556 3342 2611 erat,
3399 2555 3513 2596 tum

1941 2641 2086 2710 quod
2107 2642 2218 2711 jam
2243 2653 2634 2712 expugnatam,
2655 2641 2920 2710 postridie
2942 2641 3077 2694 citra
3101 2639 3512 2694 dimicationem

1943 2749 2003 2790 se
2033 2743 2391 2803 accepturum
2443 2734 2713 2802 putabat:
2747 2734 3005 2804 oppidani
3041 2735 3142 2788 etsi
3181 2733 3246 2787 ad
3299 2734 3512 2787 ruinam

1945 2826 2088 2881 muri
2119 2827 2482 2889 consternati,
2515 2835 2694 2880 tamen
2729 2835 2788 2880 ut
2816 2827 3008 2881 Persas
3040 2825 3263 2879 diﬂcrre
3299 2825 3514 2896 ingres-

1945 2932 2066 2972 sum
2101 2917 2384 2981 viderunt,
2425 2926 2642 2970 noctem
2686 2918 2832 2971 illam
2878 2932 3040 2988 egere
3085 2919 3415 2981 insomnem,
3460 2928 3513 2972 σο

1945 3027 2234 3082 operarum
2260 3011 2612 3064 multitudine
2644 3025 2786 3064 novo
2816 3019 3104 3064 exstructo
3139 3021 3299 3064 muro
3331 3010 3513 3064 locum

1945 3105 2101 3160 illum
2151 3104 2528 3157 muniverunt.
2580 3101 2699 3168 Quo
2753 3100 2929 3170 Sapor
2983 3113 3144 3156 tuane
3199 3111 3520 3169 conspecto,

1947 3211 2134 3252 casum
2165 3210 2292 3250 eum
2335 3209 2446 3248 sua:
2479 3193 2826 3264 negligentia:
2869 3193 3176 3259 ascribens,
3222 3187 3396 3247 nihilo
3420 3206 3511 3247 sc-

1946 3290 2066 3345 cius
2093 3286 2562 3358 oppugnationem
2591 3295 2771 3355 urget,
2805 3285 2996 3340 multis
3047 3285 3172 3340 aliis
3207 3284 3515 3339 rationibus

1945 3380 2190 3436 tentatis.
2245 3379 2382 3434 Cutn
2428 3386 2614 3431 autem
2661 3391 2886 3431 suorum
2940 3377 3209 3447 plurimos
3238 3377 3514 3431 annuisset

1947 3475 2095 3544 (nam
2124 3472 2190 3526 ad
2222 3470 2418 3541 viginti
2468 3469 2640 3524 millia
2672 3470 2967 3525 Persarum
3011 3468 3080 3523 ad
3112 3469 3327 3526 Nisibin
3370 3469 3516 3523 ceci-

1946 3567 2090 3621 disse
2122 3564 2427 3630 dieuntur),
2459 3578 2586 3618 cum
2614 3562 2886 3618 dedecore
2913 3561 3164 3627 discedit,
3189 3561 3336 3632 quod
3375 3561 3519 3617 Mas-

1949 3668 2148 3730 sagetae
2177 3658 2321 3712 facta
2355 3657 2722 3727 impressione
2747 3657 2992 3711 Persium
3020 3665 3321 3710 vastarent.
3363 3653 3512 3709 Con-

1948 3752 2184 3807 stantius
2244 3752 2565 3817 imperator,
2626 3749 2797 3804 Nisibi
2871 3749 3107 3814 munita,
3179 3757 3235 3804 et
3297 3747 3516 3804 civibus

1948 3843 2230 3908 recreatis,
2293 3843 2508 3899 Orienti
2581 3858 2612 3897 a
2664 3843 2848 3898 Persis
2894 3844 3005 3913 jam
3061 3840 3300 3896 induciis
3345 3840 3513 3905 datis,

1948 3950 2143 3990 versus
2180 3936 2534 3991 Occidentem
2573 3934 2945 4005 progreditur,
2980 3947 3102 3988 cum
3141 3935 3192 3988 ei
3231 3935 3518 3988 nuntiatur

1949 4029 2212 4084 Vetranio
2247 4029 2527 4084 colludere
2556 4044 2682 4084 eum
2731 4028 3063 4097 Magnentio.
3095 4027 3226 4082 Erat
3259 4029 3304 4082 is
3335 4027 3518 4097 Illyri-

1950 4138 2139 4178 carum
2181 4123 2461 4192 legionum
2499 4120 2630 4186 dux,
2657 4122 2991 4191 cognitoque
3015 4119 3308 4189 Magnentii
3339 4125 3516 4183 motu,

1951 4227 2006 4272 et
2035 4216 2182 4272 crede
2211 4214 2547 4280 Constantis,
2575 4223 2806 4284 tyranno
2845 4212 2988 4266 haud
3029 4222 3292 4278 cesserat,
3337 4212 3433 4266 sed
3465 4224 3518 4266 et

1955 4309 2070 4378 ipse
2100 4307 2233 4362 alibi
2269 4305 2610 4377 tyrannidem
2642 4315 2936 4374 occuparat
2973 4321 2986 4359 :
3031 4304 3134 4359 etsi
3170 4313 3270 4372 per
3308 4304 3521 4357 litteras

1955 4416 2011 4455 se
2050 4405 2280 4472 tyranno
2313 4399 2566 4453 resistere
2602 4397 2985 4468 proiltellatUr,
3045 4396 3335 4466 ipsumque
3373 4396 3520 4451 Con-

1955 4493 2217 4546 stantium
2251 4489 2318 4543 ad
2345 4489 2499 4544 illum
2529 4502 2759 4558 p~r0pere
2791 4485 3210 4558 opprimendum
3236 4486 3520 4541 evocabat.

285 4557 350 4651 τῇ
382 4557 610 4654 Περσίδι
636 4557 971 4652 ἐπήλθοσαν,
1004 4583 1101 4636 καὶ
1129 4557 1268 4650 αύτῇ
1298 4557 1674 4650 ἐλυμαίνοντο.
1693 4557 1845 4634 Κων-

1956 4582 2212 4637 Vetranio
2241 4581 2408 4648 igitur
2431 4588 2490 4633 et
2526 4557 2872 4648 Magnentius
2903 4577 3069 4630 certis
3111 4575 3524 4630 conditionibus

287 4675 534 4739 στάντιος
561 4674 618 4728 δὲ
641 4676 669 4728 ὁ
702 4674 960 4745 βασιλεὺς
981 4674 1082 4741 τὴν
1105 4673 1206 4743 μὲν
1221 4675 1264 4726 Ν
1275 4673 1436 4726 ίσιὸιν
1459 4677 1855 4744 κατωχύρωσε,

289 4767 378 4816 καὶ
408 4767 534 4827 τοὺς
557 4765 782 4827 πολίτας
803 4763 974 4832 αὐτῆς
1003 4764 1365 4833 ἀνεκτήσατο.
1391 4764 1562 4826 Αὐτὸς
1623 4765 1682 4817 δὲ
1720 4769 1854 4818 ἁνα-

286 4857 466 4927 κωχῆς
493 4855 593 4926 ήδη
612 4859 680 4925 τῇ
707 4853 818 4926 ἑῴα
847 4855 1151 4924 γενομένης
1185 4858 1248 4908 ἐκ
1270 4855 1376 4908 τῶν
1429 4854 1655 4925 Περσῶν
1717 4858 1855 4924 πρὸς

285 4950 350 5001 τὰ
367 4949 604 5017 ἑσπέρια
636 4946 885 5016 ὥρμησε.
942 4946 1052 5000 Καί
1107 4947 1156 4998 οἱ
1187 4946 1508 5014 ἀγγέλλεται
1545 4947 1851 5017 Βετρανίων

263 5040 396 5109 ,(40)
422 5039 872 5108 κοινοπραγήσας
898 5037 978 5106 τῷ
1009 5037 1356 5105 Μαγνεντίῳ.
1401 5037 1521 5090 Τῶν
1578 5038 1685 5108 γὰρ
1725 5037 1854 5106 παρ’

1950 4671 2312 4734 reconciliati,
2366 4670 2530 4723 ambo
2580 4667 2947 4723 communiter
2998 4668 3205 4737 legatos
3255 4666 3323 4721 ad
3373 4664 3520 4722 Con-

1951 4762 2214 4818 stantium
2247 4763 2494 4826 mittunt,
2521 4769 2792 4830 petentes,
2831 4770 2891 4813 ut
2923 4760 3092 4813 armis
3137 4759 3332 4830 positis
3366 4761 3522 4830 prin-

1951 4854 2135 4924 cipem
2160 4853 2425 4907 honorem
2455 4852 2747 4906 obtineret.
2776 4850 2898 4906 Haec
2924 4851 3106 4922 legati,
3133 4851 3521 4922 imperatorem

1951 4947 2095 5002 circa
2126 4944 2372 5000 Thracia:
2400 4944 2717 5000 Heracleam
2747 4945 2928 5014 adepti
2962 4948 3298 5011 renuntiant,
3330 4945 3424 5016 qui
3450 4946 3523 5002 ob

1950 5038 2042 5093 illa
2097 5036 2387 5101 sollicitus,
2445 5045 2610 5090 noottt
2659 5039 2938 5089 somnium
2993 5037 3309 5108 httjusmodi
3356 5037 3517 5092 \‘idit.

1434 5199 1628 5262 Variae
1672 5197 1985 5260 lectiones
2007 5206 2066 5260 et
2099 5173 2288 5258 noue.

362 5354 473 5419 (58)
535 5353 794 5408 Νίσιϐιν.
845 5351 981 5423 Vide
1040 5352 1436 5418 Marcellinum,
1482 5352 1579 5407 lib.
1608 5368 1761 5418 xvnt,
1793 5368 1848 5423 p.

292 5426 464 5490 128,1
504 5423 634 5478 edit.
667 5423 761 5490 qui
805 5437 870 5477 ex
906 5422 1114 5478 Zonara
1155 5423 1478 5479 illustratur.

359 5495 472 5566 (39)
498 5491 782 5566 Χιλιιίδας
812 5491 1208 5566 uncam-suout
1229 5493 1484 5564 λέγεται.
1519 5492 1865 5566 Κινδυνεύειν

289 5563 389 5689 pr?
419 5567 633 5689 ὤεσέῖν
659 5563 752 5620 hic
788 5563 1038 5634 ponitur,
1071 5573 1133 5618 ut
1165 5563 1296 5618 alibi
1341 5579 1509 5633 saepe,
1548 5575 1608 5617 ut
1661 5563 1856 5619 obser-

292 5653 355 5689 va
494 5674 508 5688 .

292 5645 380 5691 vat
424 5645 508 5689 W.

359 5705 469 5776 (ιο)
502 5704 856 5772 Βετρανὶων.
885 5705 964 5760 lta
1011 5703 1445 5776 emendat-imus,
1481 5719 1606 5776 cum
1633 5703 1863 5760 Wolﬁus

290 5777 376 5830 hic
404 5785 459 5829 et
481 5776 627 5845 intra
649 5777 959 5845 Βρετανὶων
985 5775 1246 5830 edidisset
1277 5792 1290 5827 :
1313 5775 1392 5829 sic
1419 5775 1564 5828 enim
1591 5785 1703 5830 tres
1728 5789 1860 5830 mss.

292 5846 447 5916 ltegii
481 5844 804 5914 praeferunt,
833 5845 1110 5916 quomodo
1145 5846 1308 5900 etiam
1343 5845 1548 5902 habent
1584 5845 1860 5912 Zosimus,

1958 5354 2198 5408 Joannes
2269 5349 2669 5413 Antiochenus,
2728 5348 3025 5404 Chronicon
3083 5348 3524 5414 Alexandrinum,

1963 5424 2172 5477 nummi
2229 5431 2465 5484 veteres,
2521 5425 2578 5475 et
2620 5421 2923 5488 scriptores
2977 5417 3176 5472 Latini.
3229 5417 3527 5487 Eutropius

1960 5506 2094 5548 vero
2153 5491 2576 5553 Veteranionem,
2619 5487 3018 5560 Philostorgius
3093 5487 3523 5560 Ούετερανίωνα,

1962 5571 2207 5618 vocant:
2243 5578 2351 5631 qua
2399 5563 2589 5616 ultima
2633 5559 3045 5631 nome‘nclatura
3088 5559 3392 5631 quemdam
3411 5571 3526 5631 rne-

1962 5643 2140 5687 morat
2163 5625 2483 5687 Ammianus
2511 5632 2614 5686 sub
2634 5631 2826 5684 eadem
2859 5629 2972 5682 fere
3004 5625 3270 5696 tempora,
3303 5629 3396 5696 qui
3423 5625 3526 5681 Zo-

1963 5704 2126 5767 simo,
2193 5703 2288 5757 lib.
2337 5715 2416 5769 llt,
2494 5713 2548 5772 p.
2613 5701 2702 5765 72,
2775 5699 3082 5772 Βρετανίων
3157 5706 3526 5767 nuncupatur.

1963 5774 2270 5842 Βρετανίων
2306 5767 2467 5828 habet
2494 5767 2670 5842 codex
2709 5767 3009 5842 recentius
3047 5767 3292 5842 Zonaras,
3320 5838 3331 5842 _
3356 5777 3414 5821 ut
3471 5773 3529 5842 et

1961 5835 2344 5914 Theophanes.
2403 5841 2705 5913 Βριτανίων
2753 5839 3104 5905 Athanasius,
3151 5839 3204 5892 in
3239 5838 3410 5910 Epist.
3463 5835 3531 5893 ad
