3930 6594
217 397 348 462 1129

1503 391 1908 457 ANNALIUM
1946 393 2093 456 LIB.
2115 378 2291 455 ΧΙΙΪ.

3338 392 3470 457 1130

209 508 254 560 δ’
280 502 619 575 ἑγχαράττει
649 500 823 573 αὐτῷ,
861 501 1199 573 συγγνώμην
1225 501 1375 573 αὐτῷ
1404 501 1578 566 διδοὺς
1604 504 1699 555 ἐπὶ
1719 502 1777 572 τι]

1899 516 1963 556 ea
1995 515 2118 571 quat
2150 515 2252 572 per
2276 500 2451 557 otium
2478 517 2506 558 a
2536 500 2859 559 Constantio
2891 503 3142 574 accipere
3171 506 3462 576 potuisset.

209 597 556 667 τολμήματι,
588 596 636 648 εί
668 593 784 648 τῶν
825 593 1009 648 ὅπλων
1048 594 1363 664 ἀπόσχοιτο,
1402 593 1497 646 καὶ
1532 609 1817 663 ’παραχωσ-³

210 687 318 757 ρῶν
351 685 512 756 αὐτῷ
543 685 651 740 τῶν
674 684 939 748 Γαλλιῶν,
972 685 1063 739 ῐνα
1092 685 1297 739 τούτων
1325 685 1470 755 ᾇρχῃ
1517 683 1612 737 καὶ
1664 682 1793 737 τού.

208 795 318 841 τοις
345 778 767 850 περιορίζηται.
810 779 869 831 '0
897 778 953 831 δὲ
988 778 1146 831 οὐδέν
1191 796 1246 831 τι
1297 777 1510 847 φρονῶν
1548 778 1790 847 μέτριον,

206 872 268 923 οὐ
282 871 467 940 προσή
481 887 618 923 κατο
642 870 711 923 τά
764 869 916 940 παρά
946 869 1043 922 τοῦ
1070 870 1459 924 Κωνσταντίου
1500 868 1795 940 ἀπραγμό-

207 962 493 1033 νωςαύτῷ
523 963 905 1034 παρεχόμενα,
962 962 1100 1017 ἀλλὰ
1160 963 1254 1016 τὸν
1311 962 1548 1033 πόλεμον
1595 960 1790 1025 εἵλετο,

208 1054 550 1122 καὶμᾶλλον
581 1057 680 1108 σὺν
707 1056 863 1126 τάχει
914 1055 1050 1127 πρὸς
1103 1053 1295 1109 τοῦτον
1356 1053 1657 1124 ἐχώρησεν,
1711 1052 1793 1105 ὅτι

203 1145 463 1209 suam;
499 1146 637 1217 (44),
668 1142 749 1210 εἷς
786 1147 893 1200 τῶν
919 1147 1087 1201 αὐτοῦ
1120 1146 1448 1217 ταξιάρχων,
1485 1145 1624 1214 μετά
1656 1145 1794 1215 πλή-

202 1240 323 1301 θους
372 1239 643 1300 ὁπλιτῶν,
696 1242 906 1293 ἐκεῖνον
963 1239 1158 1305 λιπὼν,
1220 1238 1588 1308 Κωνσταντίῳ
1623 1253 1794 1308 προσ-

214 1330 345 1399 ῆλθε
400 1331 487 1401 τῷ
527 1331 920 1404 αὐτοκράτορι.
956 1334 1094 1403 Ἤδη
1118 1334 1175 1387 δὲ
1225 1330 1646 1403 πλησιασάντων
1705 1330 1796 1383 ἁλ-

207 1420 412 1491 λήλοις,
448 1425 552 1478 καὶ
606 1425 1378 1495 ἀντιστρατοπεδευσαμένων.
1439 1424 1466 1477 ὃ
1514 1439 1576 1476 τε
1634 1424 1791 1475 Κων-

204 1515 459 1578 στάντιος
490 1517 622 1579 τοὺς
651 1516 895 1580 οἰκείους
922 1517 1265 1588 στρατιώτας
1302 1517 1483 1585 λόγοις
1517 1515 1793 1586 διήγειρεν

209 1608 284 1669 εἰς
302 1606 514 1679 ἀλκὴν,
557 1612 651 1662 καὶ
697 1612 725 1663 ό
754 1611 1100 1678 Μαγνέντιος
1122 1610 1252 1675 τοὺς
1276 1611 1474 1665 ἑαυτοῦ
1545 1609 1792 1680 παρεκά-

203 1697 281 1749 λει
313 1698 525 1769 ἄνδρας
552 1700 1031 1771 φανῆναι-πιστούς
1055 1717 1116 1754 τε
1146 1702 1240 1754 κα)⁸
1298 1700 1563 1770 ἀγαθοὺς,
1621 1699 1793 1753 πολλά

1898 593 2006 648 Sed
2051 594 2255 650 bellum
2302 595 2413 664 pati
2445 595 2755 665 prmlatum,
2790 611 2858 653 eo
2890 596 3126 652 celerius
3169 612 3464 668 aggressus

1894 692 1998 750 est,
2043 686 2189 755 quod
2234 685 2487 742 Silvanus
2514 687 2739 757 quidam
2770 705 2837 744 ex
2884 689 3125 743 tribunis
3171 688 3339 753 illius,
3393 690 3463 744 ab

1896 774 2016 843 ipso
2066 774 2135 830 ad
2182 775 2572 844 imperatorem
2620 791 2745 831 cum
2800 778 2988 835 multis
3041 777 3317 833 militibus
3370 779 3467 833 dc-

1896 866 2116 922 fecerat.
2151 867 2287 922 Cum
2317 884 2487 938 prope
2521 879 2744 924 ventum
2778 877 2945 933 esset,
2979 870 3180 925 castris
3206 868 3466 939 utrinque

1896 960 2111 1028 positis,
2160 969 2217 1014 ct
2255 958 2610 1015 Constantius
2651 977 2782 1016 suos
2829 962 3033 1015 milites
3075 961 3143 1015 ad
3187 977 3302 1016 rem
3350 961 3466 1016 tor-

1898 1052 2026 1107 titer
2078 1054 2375 1124 gerendam
2428 1053 2771 1114 cohortatur.
2822 1062 2880 1107 et
2937 1053 3283 1122 Magnentius
3335 1068 3467 1109 suos

1896 1146 2050 1210 item,
2090 1155 2150 1201 ut
2168 1162 2227 1201 se
2258 1147 2408 1201 viros
2438 1145 2608 1200 fortes
2646 1152 2702 1199 et
2732 1143 2871 1200 (idos
2909 1144 3246 1214 prmberent,
3284 1145 3461 1199 multa

1895 1238 2197 1308 pollicitus.
2258 1239 2375 1295 1am
2446 1236 2739 1293 instructis
2814 1236 3106 1293 ordinibus
3170 1236 3465 1290 maximam

1895 1331 2002 1387 diei
2051 1340 2261 1401 partem
2310 1331 2557 1401 ignavam
2611 1339 2948 1400 transegere,
3000 1329 3214 1384 neutris
3261 1329 3466 1384 alteros

1895 1423 2184 1493 aggressis.
2234 1422 2578 1495 Magnentius
2620 1421 2785 1477 etiam
2837 1421 3135 1492 praestigiis
3177 1436 3309 1475 usus
3353 1428 3464 1475 est.

1893 1514 2031 1569 Nam
2093 1529 2219 1587 saga
2282 1514 2532 1584 quaedam
2596 1528 2724 1567 eum
2784 1513 3019 1578 monuit,
3072 1522 3132 1567 ut
3196 1512 3466 1582 virginem

1896 1608 2230 1668 immolaret.
2269 1610 2499 1680 ejusque
2542 1609 2866 1676 sanguinem
2898 1606 3028 1660 vino
3082 1605 3307 1660 mistum
3363 1605 3466 1659 mi-

1894 1701 2083 1757 litibus
2138 1701 2469 1772 gustandum
2544 1701 2853 1770 prsrberet,
2909 1700 3011 1769 17
3066 1698 3184 1768 ipsa
3244 1696 3465 1752 interim

204 1789 380 1857 σφίσιν
410 1790 915 1862 ἐπαγγειλάμενος.
969 1793 1576 1863 Ἀντιπαραταξάμενοι
1609 1793 1687 1855 δὲ,
1725 1793 1777 1845 τὲ

1895 1794 2137 1848 carmina
2186 1795 2433 1863 quaedam
2477 1794 2784 1858 recitante,
2842 1802 2900 1848 et
2946 1792 3256 1846 daemonum
3303 1804 3466 1859 opem

213 1883 306 1952 μὲν
337 1881 604 1936 πλεῖστον
630 1884 726 1949 τῆς
752 1885 969 1955 ἡμέρας
1007 1886 1424 1955 ἀπρακτοῦντες
1501 1884 1784 1952 διήγαγον,

205 1974 428 2044 μηδενὸς
461 1975 545 2043 τῷ
593 1976 1201 2046 ἀντιπαρατεταγμένῳ
1246 1975 1402 2047 μέρει
1452 1975 1783 2041 ἐπεξιόντος.

212 2064 268 2118 ’0
291 2066 346 2117 δὲ
377 2066 731 2134 Μαγνέντιος
754 2069 847 2121 καὶ
872 2068 1159 2135 γοητείαις
1177 2069 1473 2138 ἐχρήσατο.
1499 2066 1645 2136 Γυνὴ
1677 2068 1787 2139 γάρ

204 2175 286 2222 τις
317 2159 506 2227 μάγος
533 2159 811 2229 παρθένον
840 2159 993 2230 αὐτῷ
1047 2161 1357 2228 σφαγιάσαι
1401 2161 1656 2227 ὑπέθετο,
1688 2162 1786 2215 καὶ

199 2250 321 2319 οἴνῳ
345 2251 409 2303 τὺ
435 2252 653 2322 ταύτης
722 2248 864 2321 αἷμα
922 2251 1225 2321 προσμίξαι
1267 2253 1362 2306 καὶ
1433 2252 1621 2306 δοῦναι
1672 2254 1785 2315 τοῖς

203 2339 575 2407 στρατιώταις
606 2340 743 2393 αὐτὸ
768 2341 1214 2408 ἀπογεύσασθαι,
1247 2341 1341 2396 ἐπὶ
1360 2344 1571 2406 τούτοις
1625 2343 1775 2396 ὲκεί-

199 2442 289 2495 νης
329 2428 558 2497 ἐπῳδάς
589 2445 747 2491 τινας
780 2428 1087 2499 εἰπούσης,
1130 2431 1225 2483 καὶ
1257 2431 1529 2501 δαιμόνων
1581 2433 1777 2486 ἐπικαι-

200 2517 471 2590 λουμένης
504 2522 852 2593 ἐπικουρίαν.
891 2523 1054 2592 ’Δρτι
1091 2523 1147 2577 δὲ
1169 2523 1270 2594 τῆς
1303 2524 1514 2594 ἡμέρας
1568 2525 1783 2579 κλινού-

201 2628 316 2682 σης,
340 2613 769 2686 συνερράγησαν
808 2615 1064 2687 ἀλλήλοις
1095 2616 1164 2670 τά
1227 2616 1640 2688 στρατεύματα,
1685 2618 1782 2672 καὶ

202 2704 397 2770 πολλὰς
422 2708 529 2776 τῆς
555 2707 735 2778 μάχης
771 2710 1010 2780 σχούσης
1036 2709 1371 2780 μεταϐολὰς,
1391 2710 1544 2774 τέλος
1586 2714 1620 2783 η
1651 2714 1775 2786 νίκη

198 2797 271 2867 τῷ
293 2794 675 2868 Κωνστανέίῳ
698 2799 1076 2870 ἐπεμειδίασε,
1106 2800 1201 2855 καὶ
1230 2802 1393 2873 μέχρι
1441 2802 1664 2874 βαθείας
1680 2823 1777 2859 vu-

201 2888 319 2954 κτδς
343 2890 393 2943 οἱ
422 2890 523 2944 τοῦ
547 2892 890 2959 Μαγνεντίου
917 2894 1311 2961 συνεκόπτοντο
1327 2896 1420 2949 καὶ
1437 2897 1771 2952 ἀπώλλυντοο

205 2981 343 3035 οὕτω
387 2982 450 3035 δὲ
486 2985 586 3053 τῆς
633 2983 727 3038 τοῦ
758 2985 998 3057 πολέμου
1030 2988 1205 3059 ῥοπῆς
1235 2990 1313 3061 τῷ
1342 2993 1594 3064 τυράννῳ
1644 3009 1772 3047 συν-

202 3072 517 3142 ενεχθείσης
536 3076 618 3138 είς
642 3075 819 3146 φυγὴν
851 3077 1061 3142 ἐκεῖνος
1115 3080 1353 3137 ἀπεῖδεν.
1424 3082 1543 3136 Ἵνα
1566 3082 1626 3135 δὲ
1695 3083 1772 3153 μὴ

1894 1884 2245 1954 implorante.
2304 1885 2411 1940 Sed
2472 1884 2562 1938 die
2609 1885 2715 1944 iam
2763 1884 3080 1947 inclinante,
3127 1881 3467 1938 exercitibus

1891 1977 2219 2048 congressis,
2279 1992 2404 2031 cum
2461 1977 2553 2031 diu
2616 1976 2845 2046 ancipiti
2916 1984 3086 2030 marte
3152 1982 3465 2046 pugnatum

1892 2080 2058 2134 esset,
2100 2069 2332 2122 victoria
2385 2066 2604 2123 tandem
2669 2082 2837 2136 penes
2894 2066 3279 2121 Constantium
3333 2065 3460 2130 fuit,

1887 2158 2285 2229 Magnentianis
2347 2158 2401 2212 in
2459 2158 2687 2212 multam
2744 2169 2965 2213 noctem
3015 2158 3171 2212 caesis
3220 2166 3278 2213 et
3327 2172 3447 2226 pro-

1887 2251 2104 2318 ﬂigatis.
2152 2249 2443 2320 Tyrannus
2485 2265 2642 2315 vero,
2683 2249 2786 2304 hac
2815 2250 2969 2320 plaga
2990 2258 3237 2318 accepta,
3272 2248 3460 2318 fugam

1886 2343 2099 2411 arripit.
2137 2351 2194 2396 et
2224 2357 2291 2396 ne
2330 2351 2682 2411 agnoscatur,
2714 2341 2990 2411 plebeiam
3026 2347 3231 2396 vestem
3262 2340 3457 2404 sumit,

1883 2445 1939 2490 et
1987 2449 2192 2505 equum
2254 2416 2416 2487 suum
2465 2434 2631 2505 regiis
2678 2433 2988 2505 insignibus
3029 2432 3322 2504 impositis,
3368 2449 3458 2489 so-

1879 2529 2058 2582 lutum
2097 2527 2346 2590 dimittit,
2379 2544 2391 2580 :
2424 2526 2599 2597 utqui
2635 2541 2846 2583 sessore
2877 2542 3109 2583 vacuum
3140 2538 3456 2584 currentem

1858 2620 2160 2684 _viderent,
2223 2619 2403 2689 ipsum
2460 2618 2817 2674 interfectum
2874 2619 3279 2684 existimantes.
3340 2635 3455 2676 non

1880 2718 2370 2781 persequerentur.
2420 2708 2512 2764 Sie
2566 2710 2655 2764 ille
2701 2709 2917 2781 effugit.
2967 2710 3126 2766 Mane
3184 2710 3461 2768 Constan-

1881 2805 2038 2870 tium,
2087 2818 2213 2880 eum
2252 2803 2463 2858 tumulo
2509 2802 2748 2872 quodam
2807 2817 3110 2858 conscenso
3149 2802 3455 2873 subiectam

1878 2896 2161 2969 planitiem
2201 2905 2257 2951 et
2312 2893 2773 2965 praeterﬂuentem
2819 2910 3037 2950 amnem
3086 2894 3454 2951 cadaveribus

1878 2992 2041 3063 plena
2085 2990 2334 3053 vidisset,
2384 2989 2441 3044 in
2496 2986 2821 3043 manifestas
2866 2985 3117 3056 erupisse
3182 2987 3455 3059 lacrymas

1877 3083 2084 3146 ferunt,
2131 3098 2236 3136 non
2290 3091 2398 3138 tam
2443 3078 2673 3134 victoria
2705 3079 2970 3144 laetatum,
3011 3092 3175 3147 quam
3223 3077 3295 3133 ob
3342 3091 3455 3133 cae-

202 3167 306 3227 τοίς
335 3163 646 3233 βασιλικοῖς
697 3170 1054 3239 παρασήμοις
1132 3173 1351 3242 φεύγων
1429 3174 1769 3245 γνωρίζοιτο,

1882 3190 2064 3232 serum
2123 3173 2406 3229 interitum
2476 3178 2752 3227 moestum.
2815 3169 2950 3224 Nam
3013 3184 3139 3223 cum
3170 3168 3238 3223 ad
3293 3177 3453 3224 octo-

207 3256 527 3310 ἀποτίθεται
551 3257 727 3312 ταῦτα
764 3260 860 3313 καὶ
894 3261 1177 3334 ἰδιωτικὴν
1213 3264 1589 3332 ἀναλαμϐάνει
1649 3284 1775 3321 ατο-η

201 3346 316 3416 λήν.
346 3350 465 3402 Καὶ
490 3350 568 3421 τῷ
598 3350 854 3422 βασιλείῳ
887 3353 1041 3425 ἵππῳ
1068 3356 1137 3410 τὰ
1168 3344 1481 3429 παράσημα
1502 3358 1773 3430 ὲπιθέμευ

203 3450 307 3497 νος,
344 3437 544 3491 ἄνετον
572 3438 755 3509 ἀφῆκε
785 3442 1000 3512 τρέχειν
1016 3444 1201 3511 αὐτὸν,
1229 3446 1314 3498 Eva.
1336 3447 1610 3516 νομίζοιτο
1635 3450 1771 3522 πρὸς

201 3528 305 3584 τῶν
340 3529 603 3601 ὁρώντων
628 3533 720 3585 τὸν
746 3532 913 3589 ἵππον
940 3535 1132 3590 θέοντα
1157 3538 1246 3592 τοῦ
1284 3542 1547 3596 ὲπιὸάτου
1576 3544 1769 3615 χωρὶς,

204 3624 550 3694 ἀνῃρημένος
581 3626 766 3690 αὐτὸς,
802 3628 897 3681 καὶ
929 3628 1007 3700 μὴ
1046 3631 1441 3688 καταδιώκοιτο
1491 3636 1630 3706 πρός
1690 3655 1774 3692 τι-

203 3731 300 3768 νων
319 3730 333 3745 °
363 3719 393 3768 ό
419 3716 523 3785 μὲν
553 3713 647 3772 οὖν
665 3719 807 3773 οὕτω
837 3720 1045 3792 διέδρα.
1087 3723 1304 3777 Ἐωθεν
1336 3727 1391 3780 δὲ
1420 3729 1446 3780 ὁ
1475 3730 1770 3783 Κωνστάν-

204 3821 309 3869 τιος
332 3808 426 3860 ἐπί
460 3825 603 3873 τινος
631 3811 843 3873 ἀναὸἀς
885 3811 1075 3880 λόφου,
1124 3817 1218 3868 καὶ
1257 3815 1357 3887 τὴν
1390 3800 1770 3891 ’παρακειμέν-

206 3913 295 3969 νην
319 3899 577 3973 πεδιάδα,
609 3901 750 3955 ἀλλὰ
778 3904 886 3974 μὴν
919 3906 1014 3957 καὶ
1051 3904 1143 3958 τὸν
1184 3910 1577 3980 παραρρέοντα
1604 3929 1772 3980 ποτα-

205 3992 297 4058 μὸν
328 3992 546 4061 νεκρῶν
576 3991 699 4047 ίδὼν
754 3995 1019 4064 γέμοντα,
1071 4000 1151 4062 εἰς
1203 4000 1412 4069 φανερά
1468 4003 1771 4073 κατήνεκῖο

200 4080 514 4150 δάκρυα,οὑ
553 4083 753 4153 μᾶλλον
776 4084 866 4139 διὰ
899 4087 998 4159 τὴν
1062 4088 1221 4159 νίκην
1298 4090 1583 4161 ἡδόμενος,
1646 4095 1770 4148 ὅσον

201 4175 284 4230 διὰ
330 4178 431 4231 τὸν
460 4176 569 4231 τῶν
614 4178 895 4233 πεσόντων
928 4181 1263 4252 δακνόμενος
1293 4184 1539 4255 ὄλεθρον.
1599 4187 1769 4257 Λέγε-

204 4285 284 4323 ται
314 4272 432 4340 γὰρ
459 4270 570 4340 (45)
603 4271 668 4324 ἐκ
696 4271 799 4342 μὲν
819 4271 929 4325 τῶν
963 4274 1200 4339 ἐκείνου,
1277 4277 1408 4345 περὶ
1470 4278 1767 4348 τριάκοντα

203 4364 384 4433 πεσεῖν
441 4361 698 4431 χιλιάδες,
743 4363 971 4433 ἀπασῶν
992 4364 1420 4437 ἀριθμουμένων
1455 4369 1536 4433 είς
1576 4370 1769 4442 ὀγδοή-

1876 3268 2025 3339 ginta
2071 3266 2237 3320 millia
2273 3265 2526 3327 haberet,
2576 3261 2643 3317 ad
2682 3259 2902 3332 triginta
2958 3259 3129 3314 millia
3162 3260 3447 3316 cecidise:

1875 3361 1942 3415 de
1959 3357 2253 3430 Magnentii
2285 3355 2509 3427 triginta
2531 3369 2624 3409 sex
2643 3351 2907 3417 millibus,
2930 3360 3234 3422 quatuoret
3252 3351 3447 3421 viginti

1876 3449 2116 3520 periise.
2165 3447 2349 3503 Ctesos
2411 3459 2606 3499 omnes
2672 3443 2855 3498 statim
2918 3441 3038 3495 sine
3099 3439 3445 3508 discrimine,

1875 3545 1991 3600 sive
2019 3543 2205 3597 hos'es
2231 3539 2346 3594 sive
2381 3537 2542 3593 amici
2565 3540 2768 3598 essent,
2804 3528 3023 3604 sepeliri
3044 3532 3229 3603 jussit,
3259 3532 3447 3590 adhuc

1874 3640 2150 3711 spirantes
2200 3636 2496 3708 diligenter
2542 3631 2733 3688 haberi
2783 3642 2839 3686 et
2881 3628 3066 3685 curari
3110 3644 3141 3685 a
3187 3629 3446 3686 medicis.

1877 3729 2242 3802 Magnentius,
2272 3736 2332 3781 ut
2362 3724 2568 3780 dictum
2596 3729 2701 3788 est,
2730 3722 2973 3791 elapsus,
3004 3720 3264 3792 reliquias
3302 3736 3441 3777 suo-

1877 3839 1998 3879 rum
2067 3817 2480 3891 conquirendo,
2551 3825 2607 3871 et
2678 3815 2818 3869 alios
2869 3813 3230 3879 aseiscendo,
3291 3814 3441 3871 vires

1873 3914 2194 3985 recolligere
2244 3909 2541 3981 satagebat,
2592 3906 2759 3961 misso
2799 3905 2866 3959 ad
2921 3903 3304 3960 Constantium
3350 3920 3445 3961 se-

1873 4007 2075 4062 natorii
2109 4002 2321 4059 ordinis
2365 4001 2583 4070 legato,
2627 4012 2789 4067 quem
2819 3996 2925 4067 ,ille
2986 3995 3209 4049 nomine
3254 3995 3441 4066 legati,

1873 4098 1941 4152 ad
1986 4110 2085 4151 sua
2136 4090 2470 4164 exploranda
2523 4088 2740 4141 venisse
2797 4076 2970 4150 ratus,
3028 4100 3139 4139 non
3197 4084 3441 4140 admisit.

1870 4189 1941 4244 At
1990 4182 2334 4257 Magnentius
2396 4194 2586 4236 rursus
2651 4177 2927 4249 episcOpis
2984 4176 3164 4231 missis
3213 4175 3434 4231 veniam

1872 4282 2167 4352 impetrare
2196 4278 2399 4340 studet,
2429 4285 2483 4328 ut
2510 4290 2608 4344 pro
2646 4272 2819 4325 milite
2853 4269 3175 4340 imperatori
3205 4277 3438 4322 navaret

1872 4388 2116 4446 Operam.
2159 4369 2240 4426 Ad
2270 4384 2389 4424 eam
2422 4366 2749 4437 legationem
2800 4362 2937 4417 nihil
2971 4360 3259 4431 respondit
3300 4359 3444 4414 Con-

204 4468 381 4510 κοντοι.
416 4454 519 4520 Ἐκ
541 4454 597 4508 δὲ
625 4453 733 4507 τῶν
779 4456 1121 4523 Μαγνεντίου
1172 4461 1468 4529 τριάκοντα
1553 4466 1649 4517 καὶ
1707 4462 1767 4530 ἒξ

1882 4464 2130 4528 stantius,
2195 4460 2291 4515 sed
2343 4457 2540 4528 legatis
2594 4468 2654 4509 re
2712 4453 2912 4507 infecta
2973 4451 3236 4514 dimissis,
3291 4458 3443 4503 moto

204 4545 370 4599 οὐσῶν
402 4546 682 4616 χιλιάδων,
717 4547 1083 4622 διαφθαρῆναι
1101 4551 1211 4617 τὰς
1243 4554 1417 4606 εἰκοσι
1465 4555 1603 4627 προς
1649 4557 1768 4618 ταῖς

1882 4554 2116 4610 exercitu
2175 4550 2376 4622 pergit,
2425 4547 2614 4602 multis
2655 4545 2749 4615 qui
2797 4544 2900 4600 sub
2950 4542 3257 4614 Magnentio
3300 4540 3445 4595 mili-

204 4631 517 4704 τέσσαρσιν.
545 4634 756 4688 Αὐτίκα
785 4636 966 4689 τοίνυν
1021 4638 1149 4701 τοὺς
1224 4639 1323 4709 μὲν
1388 4638 1768 4711 ἀνῃρημένους

204 4724 307 4777 τῶν
336 4727 618 4779 πεσόντων
652 4729 831 4798 ταφῆς
863 4728 1165 4797 ἀξιωθῆναι
1216 4730 1430 4794 πάντας
1489 4733 1767 4800 ἐκέλευσε,

206 4815 276 4887 μὴ
299 4816 732 4888 διακρινομένων
788 4820 895 4873 τῶν
935 4822 1155 4874 οἰκείων
1205 4823 1239 4893 ἢ
1294 4824 1403 4876 τῶν
1470 4824 1766 4893 πολεμίων.

205 4906 331 4973 Τοὺς
361 4910 406 4963 δ’
438 4910 519 4963 ἐτι
549 4912 910 4981 ἐμπνέοντας,
943 4913 1263 4981 ἐπιμελείας
1307 4917 1494 4985 τυχεῖν
1545 4920 1638 4970 καὶ
1680 4920 1765 4970 ία-

204 5004 389 5073 τρικῆς
427 5004 747 5073 θεραπείας.
771 5005 1007 5075 Διαδρὰς
1041 5005 1120 5070 δὲ,
1154 5006 1230 5069 ὡς
1265 5007 1503 5079 εἴρηται,
1561 5010 1587 5062 ὁ
1644 5011 1763 5064 Μαι

203 5095 437 5159 γνέντιος
460 5094 585 5157 τούς
625 5112 685 5148 τε
725 5097 1130 5173 περισωθέντας
1174 5099 1239 5152 ἐκ
1290 5100 1397 5152 τῶν
1452 5102 1669 5155 οἰκείων
1701 5104 1761 5173 ῆ-

206 5182 377 5255 θροιζε
403 5188 496 5240 καὶ
521 5186 713 5250 ἄλλους
745 5172 1001 5257 συνέλεγε
1028 5205 1042 5220 ·
1077 5190 1171 5243 καὶ
1216 5186 1373 5255 αὖθις
1447 5172 1766 5263 ἐπαναλαμ·

1873 4655 2052 4702 tarant
2108 4644 2176 4698 ad
2234 4658 2360 4696 eum
2419 4637 2845 4699 conﬂuentibus,
2895 4650 2960 4689 ac
3016 4635 3340 4702 semctipsos
3387 4642 3444 4687 ct

1867 4739 2086 4795 castella
2134 4735 2257 4789 ﬁdei
2286 4734 2436 4788 illius
2474 4728 2963 4784 committentibus.
2996 4725 3065 4779 At
3100 4724 3443 4795 Magnentius

1866 4833 2023 4887 venia
2053 4829 2365 4898 desperata,
2402 4839 2461 4880 se
2500 4823 2565 4878 ad
2597 4821 2801 4876 bellum
2841 4826 3019 4889 parat,
3058 4827 3117 4872 et
3154 4817 3212 4871 in
3247 4816 3441 4872 Galliis

1866 4920 2055 4990 capias
2106 4917 2336 4987 colligit.
2385 4914 2451 4969 Ut
2484 4918 2666 4967 autem
2697 4909 2995 4964 sollicitum
3044 4906 3303 4962 redderet
3335 4906 3441 4960 im-
3532 4942 3545 4951 α

1866 5020 2198 5082 peratorem.
2226 5018 2281 5061 et
2320 5022 2349 5059 a
2394 5018 2515 5060 sese
2548 5002 2655 5057 alio
2685 5001 3002 5055 adverteret
3031 5017 3045 5054 :
3083 4997 3435 5052 familiarium

1865 5116 2090 5158 suorum
2140 5097 2433 5167 quemdam
2482 5093 2647 5149 mittit
2674 5092 3046 5156 Antiochiam,
3081 5090 3176 5161 qui
3224 5090 3438 5145 Gallum

1866 5196 2040 5249 tollat.
2073 5193 2125 5247 Is
2154 5206 2262 5261 quo
2315 5189 2499 5243 minus
2526 5195 2822 5256 suspectus
2869 5192 3037 5250 esset,
3070 5184 3125 5237 in
3162 5196 3303 5237 anus
3339 5194 3441 5234 cu-

207 5278 380 5335 θάνειν
412 5281 605 5335 ἑαυτὸν
632 5282 917 5353 ἐπειρᾶτο.
944 5282 1191 5336 Ἔστειλε
1218 5283 1275 5337 δὲ
1330 5286 1426 5339 καὶ
1480 5285 1616 5357 πρὸς
1667 5286 1761 5339 τὸν

1885 5287 2078 5342 usdam
2134 5284 2351 5354 tugurio
2393 5283 2546 5354 juxta
2601 5277 2864 5335 Orontem
2914 5276 3138 5333 (luvium
3190 5270 3437 5339 divertit,

1347 5449 1545 5512 Varia;
1569 5448 1883 5511 lectiones
1911 5456 1973 5511 et
2021 5450 2211 5510 notos.

270 5596 378 5665 (44)
419 5598 735 5663 Σιλὸανός.
783 5595 1095 5653 Chronicon
1125 5596 1351 5653 Eusebii
1379 5611 1394 5652 :
1426 5596 1671 5653 Silvanus
1704 5598 1758 5652 in

205 5664 373 5723 Gallia
415 5683 499 5720 res
540 5683 699 5721 novas
730 5670 941 5723 molitus
984 5669 1226 5723 vicesimo
1266 5676 1446 5721 octavo
1475 5671 1760 5723 exstinctus

207 5738 399 5793 estdie.
431 5738 507 5795 De
543 5737 762 5808 Silvano
793 5750 963 5808 agunt
1004 5738 1192 5792 Victor
1242 5737 1476 5802 Schotti.
1517 5739 1759 5797 Ammia-

209 5819 324 5873 nus,
356 5808 393 5862 ι.
422 5822 513 5868 xv,
553 5807 870 5878 Hieronyni.
921 5808 978 5860 in
1021 5807 1259 5870 Chron.,
1283 5808 1606 5877 Theophan.
1640 5820 1752 5863 etc.

478 5900 750 5961 ΡΑτιιοῐ..
801 5901 922 5961 Gtt.
966 5899 1289 5963 CXXXIV.

1941 5599 2059 5671 (45)
2119 5595 2364 5671 Λέγε-ται
2398 5608 2508 5671 γαρ
2532 5606 2666 5663 μεν.
2707 5586 2916 5671 Euseb;
2945 5583 3442 5671 Chronaittuguen-

1866 5654 1967 5726 tius
2007 5654 2420 5733 Alursw'victus;
2441 5654 2498 5720 ἱὶι
2532 5654 2635 5733 quo
2667 5656 2850 5732 pretio
2871 5654 3126 5713 Romam:
3153 5654 3288 5708 vires
3315 5667 3443 5705 coa-

1862 5742 2127 5798 dderunt.

3049 5876 3128 5943 36
