3930 6596
1394 335 1529 352 ..ουσαν
1553 336 1574 349 .ν

355 426 484 493 1169

1571 402 1993 500 ΑΝΝΑιιυιί
2015 438 2161 498 LIB.
2212 441 2389 501 xm.

3447 448 3585 516 H70

350 535 817 627 lctdpqtat._'01:a
865 538 924 594 δὲ
952 541 980 595 6
1026 542 1470 609 Οὐαλεντινιανδς
1535 546 1907 617 ἐτελεύτησεν,

2026 556 2256 613 paternae
2275 567 2385 606 non
2407 552 2926 627 adesset,juniorem
2957 559 3121 615 etiam
3143 560 3583 620 Valentinianum

345 630 400 683 οὐ
425 629 609 699 παρῆν
632 623 790 696 οὗτος
818 632 911 686 ἐπὶ
959 634 1036 704 τῷ
1072 633 1287 707 θανάτῳ
1312 636 1392 707 τῷ
1421 637 1512 692 τοῦ
1572 637 1797 708 πατρός.
1842 637 1908 691 Ἥ

345 720 468 790 γοῦν
498 724 727 791 στρατιὰ
759 725 1065 795 τηνικαῦτα
1127 728 1222 782 καὶ
1254 728 1346 783 τὸν
1375 730 1491 784 νέον
1520 729 1910 785 Οὐαλεντινια-

344 813 426 865 νὺν
466 812 689 881 βασιλέα
714 816 901 869 ἀνεῖπε
933 819 1197 891 τετραέτη
1217 821 1339 873 τότε
1383 822 1739 891 τυγχάνοντα.
1785 821 1914 874 Ἐντ-

343 905 577 959 ανελθὼν
609 906 657 961 δ’
692 908 756 960 ὲκ
791 906 890 978 τῆς
929 910 1233 980 ἀποδημίας
1256 913 1285 965 6
1314 913 1611 983 Γρατιανδς
1638 913 1763 976 τοὺς
1816 912 1914 983 μὲν

346 997 683 1067 στρατιώτας
704 999 950 1066 ἔκάκισε,
988 1003 1082 1055 καί
1116 1021 1268 1068 τινας
1311 1005 1490 1059 αὐτῶν
1514 1006 1610 1058 καὶ
1640 1005 1912 1070 ἐκάκωσε,

345 1091 576 1153 κολάσας
607 1095 734 1157 τοὺς
768 1093 868 1161 τῆς
890 1093 983 1148 τοῦ
1024 1095 1256 1166 ἁδελφοῦ
1302 1100 1694 1168 πρωτουργοὺς
1742 1100 1914 1171 ἀναῤ-

342 1182 575 1251 ρήσεως,
626 1183 703 1247 ὠς
759 1184 892 1257 ἄτερ
943 1185 1167 1258 γνώμης
1226 1187 1392 1241 αὐτοῦ
1435 1189 1698 1260 βασιλέως
1762 1192 1917 1256 ὄντος

344 1271 501 1351 ἄλλον
522 1274 1020 1345 ἀναγορεύσαντας.
1060 1277 1165 1332 Τὸν
1211 1279 1269 1332 δὲ
1300 1280 1527 1350 ἀδελφὸν
1573 1280 1738 1336 αὐτοῦ
1789 1300 1915 1337 συν-

345 1363 532 1433 άρχειν
599 1363 661 1419 οὐ
696 1368 1091 1441 παρῃτήσατο,
1133 1370 1268 1425 ἀλλὰ
1293 1374 1552 1429 κοινωνὸν
1608 1374 1708 1443 τῆς
1758 1374 1917 1445 βασι-

343 1454 492 1520 λείας
526 1460 869 1529 προσείλετο.
931 1457 1102 1527 Οὗτος
1152 1465 1181 1518 6
1253 1465 1510 1536 βασιλεὺς
1555 1467 1649 1523 τὸν
1703 1469 1917 1540 πατέρα

341 1548 617 1620 ἐζήλωσεν
647 1554 727 1618 είς
754 1555 1056 1611 εὐσέϐειαν.
1090 1557 1254 1611 Ὅθεν
1278 1556 1470 1628 καὶτῷ
1501 1557 1629 1627 θείῳ
1654 1560 1916 1615 Οὐάλεντι

342 1644 662 1714 συμμαχίαν
691 1647 979 1718 αἰτήσαντί
1007 1666 1140 1703 ποτε
1178 1651 1321 1703 κατὰ
1377 1651 1599 1705 Σκυθῶν
1652 1651 1712 1717 ἐξ
1749 1653 1916 1707 αὐτοῦ

339 1736 399 1790 οὐ
436 1738 759 1808 παρέσχετο.
782 1742 1003 1812 γράψας
1029 1743 1201 1812 αὐτῷ,
1254 1744 1331 1808 ὡς
1354 1747 1436 1798 Οὐ
1465 1744 1562 1799 δεῖ
1600 1744 1680 1811 τῷ
1727 1745 1918 1815 ἐχθρῷ

341 1827 447 1884 τοῦ
481 1831 628 1885 Θεοῦ
679 1835 1041 1903 συμμαχεῖν.
1104 1836 1227 1905 Τοῖς
1264 1835 1310 1889 δ’
1358 1836 1655 1903 ὲξελαθεῐσι
1695 1840 1916 1911 ποιμέσι

343 1922 455 1975 τῶν
475 1924 693 1979 οἰκείων
722 1926 1030 1998 ἐκκλησιῶν
1057 1929 1144 1981 διὰ
1171 1928 1442 1997 δόγματος
1484 1931 1657 1998 ἐφῆκε
1708 1932 1808 2003 τὴν
1837 1933 1919 1996 εἰς

343 2015 518 2079 αὐτάς
553 2015 940 2088 ὑπονόστησιν.
1005 2020 1126 2074 Τῶν
1155 2021 1378 2076 Σκυθῶν
1402 2023 1459 2077 δὲ
1488 2023 1599 2094 (ﬂ)
1631 2025 1769 2095 μετὰ
1817 2026 1919 2096 τὴν

340 2106 435 2159 τοῦ
466 2108 763 2172 Οὐάλεντος
784 2105 954 2181 ἧτταν
976 2110 1394 2182 ἐξογκωθέντων
1422 2114 1483 2169 τὸ
1514 2116 1793 2187 φρόνημα,
1824 2117 1921 2171 καὶ

341 2201 440 2266 τήν
464 2215 523 2252 τε
546 2200 772 2273 Θρᾴκην
800 2201 1161 2273 ληῐςομένων,
1194 2205 1289 2258 καὶ
1314 2206 1382 2260 τά
1427 2207 1557 2278 περὶ
1588 2207 1783 2277 αὐτὴν,
1824 2208 1921 2262 καὶ

344 2291 669 2367 άκαθέκτων
696 2292 885 2360 ὄντων,
922 2296 1008 2348 τὸν
1074 2296 1135 2361 ἐξ
1194 2294 1470 2361 Ἱσπανίας
1519 2299 1922 2369 μετεκαλέσατο

341 2382 624 2440 θεοδόσιον
679 2386 735 2457 (ἡ
797 2387 853 2440 δὲ
916 2387 1173 2441 ἰσπανία
1231 2389 1347 2460 (42)
1413 2389 1515 2460 τῆς
1589 2390 1923 2462 Εὐρωπαίας

354 2470 597 2542 Ἰϐηρίας
665 2475 784 2530 ἐστὶ
834 2476 989 2542 πόλις
1032 2477 1476 2551 ήδιαιρορωτάτη
1516 2479 1623 2533 τῶν
1648 2481 1708 2535 ἐν
1759 2480 1922 2552 αὐτῇ)

344 2567 517 2639 ἄνδρα
547 2570 931 2637 γενναιότατον
974 2587 1036 2624 τε
1086 2571 1181 2627 καὶ
1237 2572 1655 2629 εὐσεϐέστατον.
1718 2574 1924 2629 Τοῦτον

343 2660 439 2715 οὖν
469 2662 953 2735 προχειρισάμενος
980 2666 1286 2737 στρατηγὸν
1312 2669 1451 2737 μετὰ
1477 2668 1739 2738 στρατιᾶς
1778 2668 1921 2723 κατὰ

341 2756 457 2811 τῶν
497 2757 803 2828 Βαρϐάρων
833 2758 1190 2830 ὲκπέπομφεν
1216 2777 1230 2790 ·
1289 2760 1349 2824 ὃς
1399 2760 1694 2829 συμϐαλὼν
1736 2762 1924 2828 αὐτοῖς

344 2848 442 2902 καὶ
470 2849 700 2918 νικήσας
729 2848 988 2919 τρόπαιον
1009 2849 1204 2921 ἡρατο,
1238 2850 1477 2922 πλήθους
1507 2852 1608 2922 μὲν
1637 2851 1913 2909 Σκυθικοῦ

344 2940 795 3010 κατασφαγέντος
825 2942 882 2993 ὲν
903 2941 984 3013 τῷ
1004 2942 1226 3015 πολέμῳ
1254 2943 1478 3012 πολλοῦ,
1501 2944 1611 3001 τῶν
1633 2946 1691 3000 δὲ
1706 2946 1923 3002 ,λοιπῶν

343 3034 427 3096 ετς
456 3031 636 3104 φυγὴν
663 3033 1006 3103 τραπέντων,
1039 3038 1136 3090 καὶ
1161 3036 1270 3091 τῶν
1295 3038 1398 3109 μὲν
1436 3037 1830 3110 ἀπολλυμένων
1862 3042 1924 3096 ιν

343 3127 425 3198 τῷ
460 3127 1003 3200 καταλαμϐάνεσθαι,
1039 3130 1149 3184 τῶν
1175 3130 1223 3185 δ’
1251 3129 1346 3187 ὐπ’
1375 3132 1625 3204 ἀλλήλων
1690 3133 1925 3203 διαφθα-

346 3221 556 3289 ρέντων
590 3223 648 3274 ἐν
704 3223 773 3294 τῇ
829 3224 1000 3294 φυγῇ.
1052 3222 1281 3279 Πάντων
1333 3225 1518 3279 τοίνυν
1567 3232 1756 3296 σχεδὸν
1813 3226 1925 3280 τῶν

345 3312 656 3384 Βαρϐάρων
698 3315 928 3368 ἐκείνων
963 3315 1324 3370 ἀπολωλότων
1351 3315 1465 3388 ιτὴν
1513 3318 1775 3388 στρατιάν
1812 3318 1930 3373 ἐκεῖ

345 3406 681 3476 καταλείψας
703 3408 733 3460 6
765 3407 1048 3471 Θεοδόσιος
1077 3409 1243 3471 αὐτὸς
1290 3408 1430 3480 πρὸς
1476 3408 1569 3463 τὸν
1631 3409 1931 3479 Γρατιανδν

342 3499 444 3567 τῆς
467 3499 625 3570 νίκης
647 3492 785 3572 ἧκεν
808 3500 1143 3570 αὐτάγγελος
1170 3502 1229 3555 ὲν
1252 3501 1481 3573 Παιονὶᾳ
1508 3501 1629 3556 τότε
1649 3501 1927 3571 διάγοντα.

359 3587 732 3672 Ἀπαγγείλας
759 3589 815 3644 δὲ
843 3589 946 3660 τὴν
973 3590 1133 3661 νίκην
1157 3590 1237 3660 τῷ
1266 3589 1500 3661 βασιλεῖ,
1543 3591 1635 3645 καὶ
1678 3590 1774 3643 τὸν
1819 3589 1930 3643 τῶν

340 3681 643 3752 Βαρϐάρων
691 3682 1186 3753 εὐαγγελισάμενος
1230 3683 1474 3754 ὄλεθρον,
1524 3684 1812 3754 ἠπιστεῖτο
1838 3683 1932 3738 διά

346 3790 408 3826 τε
444 3774 506 3828 τὸ
534 3774 631 3829 τοῦ
686 3773 853 3846 ἔργου
903 3777 1038 3848 ταχὺ
1101 3777 1195 3830 καὶ
1250 3776 1309 3830 τὸ
1353 3775 1781 3847 δυσμαχώτατον
1818 3777 1931 3832 τῶν

349 3866 597 3923 Σκυθῶν.
632 3868 788 3922 Ἐπεὶ
816 3868 862 3922 δ’
893 3867 1036 3936 ἔγνω
1060 3868 1121 3923 τὸ
1144 3867 1368 3938 ἀληθὲς,
1399 3869 1493 3923 καὶ
1511 3869 1609 3936 τὴν
1636 3868 1743 3922 τῶν
1784 3868 1929 3940 Βαρ-

350 3958 534 4023 ϐάρων
579 3959 788 4032 φθοράν
817 3962 846 4015 6
889 3961 1252 4034 αὐτοκράτωρ
1303 3958 1785 4031 πεπληροφόρητο,
1835 3960 1931 4014 καὶ

348 4051 634 4121 ἱθαύμασε
662 4052 752 4106 τὸν
780 4053 954 4126 ἄνδρα
968 4055 1068 4125 τῆς
1096 4071 1155 4108 τε
1182 4053 1482 4126 ταχυτῆτος
1522 4054 1619 4108 καὶ
1673 4052 1770 4106 τοῦ
1799 4056 1927 4123 άρι-

352 4140 658 4213 στεύματος
707 4143 872 4199 ἕνεκα
925 4145 1022 4200 καὶ
1074 4144 1368 4217 ἐπῄνεσεν.
1423 4145 1564 4215 Ἤδη
1597 4144 1652 4198 δὲ
1703 4145 1928 4214 καὶτῆς

349 4232 654 4299 οὐάλεντος
704 4236 902 4307 μοίρας
948 4236 1391 4308 προσκτηθείσης
1434 4236 1587 4308 αὐτῷ
1641 4236 1779 4307 μετὰ
1827 4235 1930 4307 τὴν

351 4324 564 4378 ἐκείνου
594 4327 822 4397 φθορὰν,
852 4326 1062 4383 ἀπιδὼν
1089 4329 1226 4401 πρὸς
1255 4327 1319 4381 τὸ
1344 4328 1576 4401 ἄπειρον
1606 4328 1794 4399 σχεδον
1831 4329 1931 4397 τῆς

2018 642 2404 711 imperatorem
2437 646 2696 703 salutavit
2715 650 3014 711 exercitus.
3034 654 3382 721 quadrimum
3406 656 3586 710 adhuc

2017 750 2267 804 puerum.
2290 736 2406 805 Qua
2427 737 2495 795 de
2517 754 2681 796 causa
2702 756 2929 814 peregre
2951 760 3225 812 reversus,
3244 748 3447 803 milites
3472 746 3586 803 aeri

2018 837 2100 882 ter
2122 828 2420 886 insectatus
2449 834 2845 905 estzquosdam
2871 836 3035 890 etiam
3053 847 3306 893 auctores
3334 836 3590 895 fraterna:

2015 923 2360 980 salutationis
2380 926 2651 997 supplicio
2679 928 2885 995 all‘eeit,
2902 930 3049 1000 quod
3069 945 3151 992 se.
3172 929 3265 1001 qui
3290 930 3591 1001 imperator

2014 1028 2184 1084 esset,
2216 1034 2330 1075 non
2387 1022 2800 1087 consentiente,
2841 1024 3008 1078 alium
3050 1024 3364 1094 elegissent.
3399 1025 3590 1101 Neque

2019 1123 2200 1170 tamen
2219 1114 2515 1182 recusavit,
2538 1118 2835 1188 quominus
2868 1116 3092 1172 fratrem
3121 1116 3336 1187 imperii
3358 1131 3590 1172 consor-

2018 1218 2128 1266 tem
2147 1209 2653 1280 haberet,eumque
2679 1210 2941 1280 collegam
2968 1208 3181 1264 ascivit.
3209 1208 3454 1262 Paterna:
3475 1205 3593 1276 pic-

2020 1305 2147 1362 tatis
2163 1303 2394 1360 aemulus
2415 1304 2541 1366 fuit,
2558 1313 2615 1360 et
2630 1303 2924 1374 aliquando
2945 1301 3158 1358 Valenti
3188 1309 3384 1371 patruo
3400 1309 3593 1355 contra

2018 1398 2250 1469 Scythas
2277 1412 2437 1468 opem
2477 1397 2714 1466 petenti,
2751 1395 2959 1467 negatis
2989 1393 3208 1449 auxiliis
3250 1390 3537 1461 respondit
3574 1407 3588 1442 :

2018 1484 2137 1540 Non
2167 1501 2280 1539 esse
2311 1501 2430 1540 cum
2467 1484 2565 1538 Dei
2601 1487 2747 1539 hoste
2785 1485 3086 1539 societatem
3125 1482 3248 1537 belli
3277 1481 3590 1536 coeundam.

2019 1577 2339 1635 Pastoribus
2366 1577 2587 1648 ejectis,
2626 1575 2850 1632 decreto
2888 1575 3124 1630 reditum
3156 1575 3211 1628 in
3245 1590 3374 1628 suas
3402 1571 3593 1627 Eccle-

2019 1672 2131 1727 sias
2155 1671 2449 1726 concessit.
2477 1669 2614 1725 Cum
2647 1677 2829 1723 autem
2856 1667 3071 1738 Scythae
3098 1675 3219 1734 post
3244 1666 3452 1721 cladem
3484 1664 3591 1717 Va—

2020 1762 2188 1816 lentis
2224 1760 2351 1814 elati
2393 1773 2655 1815 successu
2689 1772 2872 1812 rerum
2912 1756 3200 1810 Thraciam
3248 1753 3590 1821 [initiumque

2021 1854 2139 1910 loca
2182 1860 2489 1913 vastarent.
2541 1862 2598 1907 et
2648 1850 2891 1907 coerceri
2945 1849 3098 1904 nullo
3139 1848 3301 1903 modo
3346 1852 3595 1915 possent,

2021 1942 2394 1998 Theodosium
2419 1941 2719 2011 Hispanum
2745 1939 2977 1995 accersit
3007 1939 3110 2009 (est
3129 1946 3311 1992 autem
3336 1933 3595 2004 Hispania

2021 2036 2292 2105 Europeaz
2316 2034 2507 2091 Iberia:
2550 2035 2681 2090 urbs
2721 2029 3217 2102 prmslautissima).
3256 2031 3440 2084 virum
3482 2026 3595 2080 lor-

2023 2129 2297 2185 tissimum
2345 2138 2401 2182 et
2440 2125 2935 2197 religiosissimum.
2985 2123 3143 2177 Hunc
3189 2120 3358 2191 igitur
3395 2117 3591 2171 ducem

2023 2224 2330 2284 delectum,
2383 2220 2599 2291 ablegat
2655 2225 2851 2273 contra
2909 2216 3211 2272 Barbaros.
3251 2211 3347 2282 qui
3404 2209 3596 2280 praelia

2026 2315 2221 2377 victor,
2256 2326 2503 2382 magnam
2535 2307 2804 2381 Scythica:
2837 2305 3017 2376 gentis
3048 2302 3456 2359 multitudinem
3491 2313 3598 2353 ea:—

2024 2406 2126 2469 dit,
2152 2403 2368 2459 ca'teris
2388 2402 2444 2457 in
2474 2403 2655 2471 fugam
2679 2398 2966 2470 conjectis,
2990 2396 3084 2467 qui
3111 2397 3197 2451 vel
3229 2412 3259 2450 a
3290 2391 3598 2448 victoribus

2023 2495 2388 2568 deprehensi,
2430 2493 2513 2549 vel
2548 2508 2577 2547 ο
2603 2507 2725 2548 sese
2767 2489 3005 2546 invicem
3053 2486 3246 2543 obtriti
3287 2484 3595 2556 perierunt.

2025 2588 2282 2645 Barbaris
2311 2587 2480 2657 igitur
2503 2585 2610 2640 illis
2632 2585 2748 2640 fere
2770 2582 3030 2638 omnibus
3058 2577 3384 2640 interfectis,
3411 2575 3599 2630 Theo-

2023 2683 2216 2739 dosius
2244 2681 2489 2737 exercitu
2522 2678 2635 2734 illic
2661 2676 2888 2740 relicto,
2922 2676 3040 2745 ipse
3070 2671 3317 2728 victoria:
3345 2669 3597 2727 nuntius,

2023 2776 2092 2832 ad
2118 2773 2440 2831 Gratianum
2468 2781 2581 2827 tum
2603 2770 2658 2825 in
2680 2767 2965 2824 Pannonia
2986 2766 3272 2837 degentem
3291 2761 3598 2818 contendit.

2023 2870 2137 2926 Nec
2174 2878 2355 2923 tamen
2384 2864 2670 2921 victoriam
2700 2862 2809 2935 35.
2832 2877 3010 2925 suam,
3037 2868 3090 2915 et
3123 2858 3488 2913 Barbarorum
3514 2852 3600 2906 in-

2025 2958 2249 3014 teritum
2272 2955 2569 3019 nuntianti,
2592 2953 2729 3009 ﬁdes
2750 2952 2933 3007 habita
2957 2957 3061 3016 est,
3089 2964 3212 3004 cum
3238 2947 3310 3002 ob
3331 2945 3409 3000 rei
3434 2950 3600 3014 gestae

2024 3046 2391 3108 celeritatem.
2434 3055 2549 3102 tum
2577 3044 2650 3100 ob
2679 3042 3005 3116 Scytharum
3041 3053 3311 3096 summam
3339 3034 3601 3093 rei'milic

2026 3142 2160 3196 taris
2201 3139 2477 3211 peritiam.
2514 3137 2654 3194 Cum
2696 3144 2887 3190 autem
2925 3134 3212 3189 veritatem
3248 3128 3605 3198 cognovisset

1952 3253 1998 3314 ε
2027 3235 2345 3303 imperator,
2378 3230 2555 3298 deque
2600 3226 2997 3282 internecione
3023 3222 3393 3278 Barbarorum
3434 3218 3598 3289 plane

2031 3331 2341 3387 constaret,
2383 3320 2490 3377 viri
2531 3319 2869 3375 celeritatem
2904 3315 3211 3370 admiratus
3241 3319 3359 3377 est,
3392 3318 3598 3366 et'rem

2030 3417 2171 3473 bene
2187 3425 2393 3488 gestam
2414 3412 2671 3469 laudibus
2692 3418 3039 3481 prosecutus.
3062 3408 3180 3463 Jam
3203 3404 3328 3477 quia
3359 3400 3602 3458 Valentis

2030 3511 2195 3568 etiam
2225 3518 2433 3581 partem
2456 3517 2584 3579 post
2608 3507 2756 3562 illius
2782 3504 3067 3561 interit-nm
3098 3507 3448 3563 consecutus,
3473 3511 3601 3567 pro.

2030 3601 2289 3664 videbat,
2326 3614 2383 3655 se
2427 3607 2535 3652 tam
2580 3598 2903 3652 immensam
2947 3595 3083 3650 tanti
3130 3590 3345 3661 imperii
3400 3587 3601 3643 molem

2028 3674 2304 3743 sustinere
2354 3685 2533 3740 solum
2582 3700 2693 3741 non
2740 3699 2902 3756 posse
2945 3701 2959 3737 :
3015 3680 3391 3737 Theodosium
3437 3678 3604 3733 Num

2034 3780 2232 3834 Romae
2270 3776 2651 3847 imperatorem
2691 3776 2958 3846 appellat,
3005 3774 3235 3844 partim.
3270 3778 3331 3826 ut
3359 3769 3479 3839 ejus
3518 3767 3603 3821 in-

2030 3869 2297 3927 dustriam
2321 3876 2792 3934 remuneraretur,
2823 3867 3020 3937 partim
3051 3865 3197 3935 quod
3220 3862 3498 3917 neminem
3530 3857 3598 3912 ad

2034 3961 2250 4030 imperii
2279 3961 2603 4016 societatem
2636 3958 2807 4031 magis
2842 3958 3099 4013 idoneum
3128 3954 3433 4027 judicabat.
3464 3950 3603 4004 'l'ra-

2031 4052 2148 4107 dito
2188 4051 2355 4123 igitur
2392 4051 2471 4107 illi
2509 4051 2768 4107 universo
2804 4050 3030 4107 Oriente
3062 4056 3118 4104 et
3151 4045 3407 4107 Thracia,
3445 4040 3605 4098 Occi—

2029 4145 2253 4201 dentem
2295 4144 2403 4200 sibi
2446 4144 2748 4200 reservavit
2784 4161 2799 4199 :
2845 4150 2910 4198 et-
2946 4144 3001 4197 in
3042 4138 3250 4196 Gallias
3291 4135 3600 4208 profectus,

2031 4250 2177 4290 anno
2195 4234 2412 4306 imperii
2434 4243 2559 4306 post
2579 4235 2793 4290 obitum
2815 4233 2993 4305 patris
3018 4240 3195 4295 sexto,
3225 4227 3420 4284 fraude
3446 4224 3606 4281 ducis

2032 4326 2390 4400 Andragatbii
2416 4326 2710 4383 occiditur.

350 4421 549 4491 ἀρχῆς,
582 4423 677 4477 καὶ
700 4423 929 4477 συνιδὼν
957 4423 1032 4489 ὡς
1067 4424 1166 4495 οὐχ
1188 4420 1301 4489 οἷός
1325 4425 1375 4477 τ’
1409 4425 1478 4479 ἂν
1506 4423 1592 4494 εἴη
1624 4425 1785 4483 αὐτὸς
1848 4422 2012 4494 μόνος
2046 4422 2147 4495 τὴν
2204 4422 2474 4493 τοσαύτην
2533 4422 2733 4478 ίθύνειν
2781 4423 2977 4495 ἀρχὴν,
3031 4418 3257 4492 βασιλέα
3316 4417 3416 4488 τῆς
3462 4413 3607 4473 Νέας

363 4518 587 4589 Ῥώμης
607 4519 936 4590 ἀναγορεύει
954 4519 1048 4573 τὸν
1070 4519 1371 4587 Θεοδόσιον,
1402 4519 1520 4592 ἅμα
1547 4521 1646 4591 μιν
1711 4521 1814 4591 τῆς

1870 4520 2156 4592 ἀριστείας
2190 4521 2353 4575 αὐτὸν
2385 4520 2771 4594 ἀμειϐόμενος,
2836 4521 2952 4592 ἅμα
2984 4519 3042 4573 δὲ
3080 4519 3175 4572 καὶ.
3227 4516 3430 4586 μηδένα
3490 4510 3604 4583 κρί-

349 4608 446 4677 νας
473 4613 661 4685 ἕτερον
693 4615 776 4677 εἰς
802 4613 1089 4667 κοινωνίαν
1119 4615 1218 4684 τῆς
1249 4614 1426 4686 ἀρχῆς
1476 4613 1670 4668 τούτου
1706 4613 1942 4684 κρείττω
1980 4613 2262 4682 ἐσόμενον.
2295 4614 2407 4686 Τήν
2449 4613 2580 4683 γοῦν
2622 4613 2794 4684 Ἐᾠαν
2827 4613 3049 4669 ἅπασαν
3114 4610 3206 4663 καὶ
3235 4608 3334 4679 τήν
3385 4605 3608 4677 Θρᾴκην

349 4708 500 4779 αὐτῷ
553 4706 888 4777 ἀναθέμενος
948 4707 1155 4771 ἑκείνος
1215 4706 1398 4776 ἑαυτῷ
1452 4707 1814 4779 ἀπεκλήρωσε
1869 4705 1940 4759 τὰ
1990 4706 2278 4775 Ἑσπέρη.
2346 4706 2458 4761 Καὶ
2493 4706 2588 4760 ἐπὶ
2610 4704 2711 4766 τὰς
2734 4703 2969 4766 Γαλλίας
3020 4702 3335 4771 γενόμενος,
3365 4695 3606 4767 ἀνῃρέθη

348 4802 488 4871 δόλῳ
534 4800 629 4855 ὐπ’
665 4800 1056 4875 ’Δνδραγαθίου
1083 4801 1179 4855 τοῦ
1227 4799 1567 4875 στρατηγοῦ,
1596 4799 1924 4872 βασιλεύσας
1962 4799 2111 4871 μετὰ
2169 4800 2275 4856 τὶν
2334 4797 2431 4854 τοῦ
2498 4799 2711 4870 πατρὸς
2762 4797 2928 4852 αὐτοῦ
2986 4795 3240 4865 τελευτὴν
3290 4793 3384 4847 ἐπὶ
3428 4795 3609 4846 ἐνιαυα

347 4896 475 4958 τούς
510 4895 591 4962 ἐξ.

420 4988 530 5046 1Η¹.
555 4988 664 5044 Τοῦ
699 4988 759 5043 δὲ
779 4989 1081 5060 Γρατιανοῦ
1104 4989 1561 5061 τελευτήσαντος,
1595 4989 1922 5061 κατελείφθη

2105 4983 2296 5040 XVIII.
2338 4981 2602 5038 Gratiano
2636 4978 2897 5035 defuncto
2919 5017 2935 5044 .
2969 4975 3342 5036 Occidentalis
3390 4971 3607 5044 imperii

351 5079 609 5149 βασιλεὺς
656 5075 1019 5153 αὐτοκράτωρ
1072 5082 1182 5136 τῶν
1221 5082 1527 5153 Ἐσπερίων
1555 5085 1584 5137 6
1613 5083 1753 5147 Νέος
1787 5083 1930 5136 06a-

347 5171 704 5236 λεντινιανὸς,
749 5175 915 5245 μήπω
985 5174 1122 5245 μηδὲ
1176 5174 1454 5247 πρόσηϐος
1506 5174 1766 5245 γεγονώς.
1833 5175 1931 5238 ’ος

349 5260 689 5333 ύποφθαρεὶς
726 5262 879 5334 παρὰ
909 5261 1012 5333 τῆς
1055 5261 1264 5334 μητρὸς
1296 5262 1593 5334 Ἰουστίνης
1643 5263 1919 5334 Ἀρειανι-

2034 5083 2279 5149 potestas
2326 5074 2381 5128 in
2445 5070 2885 5128 Valentinianum
2933 5068 3218 5125 Juniorem
3266 5064 3606 5137 impuberem

2035 5168 2253 5232 adhuc,
2298 5165 2492 5222 collata
2525 5171 2650 5219 est:
2685 5162 2781 5233 qui
2817 5162 3078 5233 paulatim
3121 5176 3152 5215 a
3181 5160 3391 5216 Iustina
3432 5166 3609 5211 matre

2036 5258 2255 5317 Arianis
2284 5257 2500 5313 favente
2536 5264 2854 5327 corruptus.
2887 5254 3220 5323 illorumque
3253 5251 3451 5321 dogma
3483 5264 3604 5303 am-

1503 5435 1705 5498 Varim
1733 5434 2041 5497 lectiones
2075 5439 2138 5494 et
2178 5438 2369 5495 noue.

427 5600 534 5671 (il)
571 5601 691 5673 Τῶν
728 5602 973 5657 Σκυθῶν
997 5603 1081 5658 δέ.
1105 5602 1209 5658 Sed
1238 5617 1296 5660 ct
1328 5604 1519 5659 scribit
1551 5604 1836 5673 Eunapius
1866 5605 1921 5660 in

352 5671 516 5744 legat.
563 5670 629 5725 ad
688 5673 857 5744 ipsam
914 5689 1092 5744 usque
1123 5674 1659 5744 Constantinopolim
1707 5670 1924 5730 venisse

352 5740 618 5814 Scythasj:
670 5743 973 5814 'llSth‘zp
1005 5740 1115 5796 ’καὶ
1187 5747 1285 5814 τὴν
1354 5740 1926 5799 Κωνέταντινούπολιν

356 5811 705 5884 κατέτρεχον,
760 5811 853 5869 καὶ
891 5811 1002 5879 τοῖς
1038 5811 1272 5886 τείχεσιν
1321 5814 1595 5887 ἠνώχλουν
1630 5815 1930 5887 περικαθή-

368 5897 539 5948 μενοι.

2103 5603 2214 5673 (42)
2249 5603 2319 5657 Ἣ
2338 5602 2405 5657 δὲ
2435 5601 2747 5673 Ἱσπανία.
2767 5601 2843 5655 lta
2874 5599 3033 5673 codd.
3072 5597 3249 5673 Regii,
3285 5595 3389 5673 etsi
3428 5596 3604 5673 mani-

2032 5664 2437 5731 festo'errore.
2498 5673 2632 5728 Nam
2685 5664 3221 5739 llispaniatinomine
3268 5664 3603 5739 nulla__urbs

2033 5744 2298 5807 occurrit.
2326 5744 2398 5798 ita
2419 5752 2477 5797 ut
2508 5743 2559 5797 in
2582 5757 2647 5796 eo
2666 5735 2933 5797 erraverit
2951 5738 3213 5801 Zonaras,
3233 5737 3377 5808 quod
3408 5735 3603 5807 Hispa-

2036 5814 2184 5869 niam
2231 5814 2301 5867 ab
2350 5813 2526 5868 lberia
2572 5808 2903 5871 distinxerit.
2959 5825 3083 5863 cum
3138 5808 3486 5865 Theodosius
3534 5822 3605 5860 ex

2039 5885 2223 5942 ItaliCa
2255 5884 2526 5954 Hispaniae
2558 5882 2691 5937 urbe
2714 5889 2866 5935 ortus
2894 5880 3076 5935 fuerit.
