3930 6538
474 377 612 440 117.9
1737 369 2060 432 IOANNIS
2091 364 2442 428 ZONAIhE-
3556 353 3694 420 1130

469 484 524 538 in
557 469 722 542 vitam
753 484 1058 541 solitariam
1087 483 1360 548 contulit,
1391 482 1576 552 ibique
1597 521 1612 546 ,
1665 480 1840 534 instar
1863 477 2040 550 angi-ll

2179 473 2394 546 στηκὼς
2457 471 2695 544 ἐπλήρου
2745 469 2843 542 τὴν
2903 469 3259 524 διδασκαλίαν
3320 467 3533 531 αὐτοῖς.
3603 469 3715 521 Καί

470 576 624 630 vixit.
663 577 1009 632 Theodosius
1039 586 1221 632 autem
1258 577 1556 644 imperator
1587 589 1712 628 cum
1747 572 2040 642 diligenter

2177 586 2278 624 ;οτε
2307 567 2504 644 ἀθρόον
2530 566 2714 628 αὐτοῖς
2735 566 2762 619 6
2793 563 3045 633 βασιλεὺς
3063 563 3313 628 ἐπιστὰς,
3339 560 3435 616 καὶ
3470 561 3600 622 τοὺς
3629 558 3732 629 μὲν

473 667 797 739 inquisitum
848 685 1121 740 nusquam
1188 668 1443 738 reperit,
1513 674 1568 720 et
1626 661 1919 718 Mediolani
1974 677 2041 716 ex

2177 661 2494 732 ιαθημένους
2555 658 2752 729 εὑρὼν,
2814 655 3098 725 ἱστάμενον
3149 657 3204 710 δὲ
3283 655 3374 709 τὸν
3418 654 3733 722 Ἃρσένιον,

475 759 668 811 morbo
723 759 978 824 moritur,
1028 774 1172 813 anno
1229 755 1447 826 imperii
1507 754 1721 810 decimo
1784 752 2040 822 septimo,

2177 753 2530 823 ιγανάκτησε,
2554 751 2652 803 καὶ
2688 749 2818 812 τοὺς
2859 747 2958 817 μὲν
2992 749 3188 810 παῖδας
3233 747 3340 800 τῶν
3392 745 3603 816 θρόνων
3655 742 3738 806 ἐξ.

477 863 644 917 supra
671 864 886 904 menses
907 850 1154 920 quinque
1175 888 1189 912 ,
1229 864 1295 901 eo
1337 847 1481 903 inter
1506 845 1645 900 duos
1675 842 1814 898 ﬁlios
1841 841 2040 896 diviso.

2177 844 2485 912 ιναστήσας,
2524 843 2756 904 καθίσας
2807 842 2866 896 δὲ
2921 841 3013 895 τὸν
3075 841 3377 910 ’Δρσένιον,
3410 839 3558 893 οὕτω
3587 837 3742 892 διδά-

474 939 710 994 Arcadio
755 957 895 996 nova
949 942 1121 995 Roma
1169 940 1433 995 attributa
1471 949 1556 994 est
1609 953 1733 994 cum
1796 933 2045 989 ﬁnitimis

2177 936 2304 987 :xei’v
2332 934 2530 997 αὐτοὺς
2579 932 2884 998 διετάξατο.
2941 933 3050 986 Kal
3083 927 3223 1001 ἦσαν
3274 931 3462 984 ἔκτοτε
3520 931 3573 984 οί
3633 928 3739 998 μὲν

479 1031 794 1101 regionibus
809 1042 866 1087 et
887 1031 1148 1088 Orientali
1175 1040 1358 1103 parte;
1378 1030 1642 1093 Honorio,
1668 1029 1841 1084 Roma
1860 1035 2047 1081 vetere

2177 1027 2508 1098 παρεστῶτες
2545 1026 2622 1098 τῷ
2666 1025 2996 1096 διδασκάλῳ,
3028 1027 3057 1078 6
3084 1024 3139 1078 δέ
3169 1025 3438 1079 διδάσκων
3479 1021 3738 1124 καθήμε-

476 1124 796 1194 caeterisque
853 1125 1302 1182 Occidentalibus
1340 1123 1642 1195 provinciis
1681 1119 1993 1192 assignatis.

2177 1135 2268 1181 νος.
2306 1118 2446 1172 Ποτέ
2485 1117 2667 1172 τοίνυν
2721 1116 3134 1187 παρασφαλέντι
3188 1114 3264 1185 τῷ
3322 1113 3594 1184 Ἀρκαδίῳ
3630 1113 3739 1178 μά-

478 1232 671 1284 στιγας
732 1217 997 1272 ἐνέτεινεν
1040 1221 1067 1272 6
1095 1217 1438 1280 διδάσκαλος.
1511 1217 1569 1270 '0
1599 1214 1656 1269 δὲ
1713 1213 1919 1285 μηνιῶν
1965 1212 2055 1266 διὰ
2093 1211 2299 1274 ταύτας
2360 1209 2510 1280 αὑτῷ
2558 1209 2854 1282 ἐπιϐουλὴν
2903 1209 3186 1278 συντίθησι
3239 1208 3360 1262 κατ’
3429 1204 3603 1282 αὑτοῦ
3643 1204 3742 1257 καὶ

476 1317 686 1369 κτεῖναι
739 1316 830 1368 τὸν
886 1314 1056 1384 ἄνδρα
1115 1314 1488 1384 διεμελέτησε,
1542 1313 1638 1366 καὶ
1691 1310 1784 1364 τόν
1837 1309 2050 1379 σφαγέα
2091 1307 2384 1377 ἡτοίμαζε.
2436 1307 2604 1371 Γνοὺς
2656 1306 2714 1360 δέ
2774 1306 2834 1360 τὸ
2901 1304 3281 1376 μελετώμενον
3337 1307 3366 1358 6
3427 1304 3737 1374 Ἀρσένιος,

447 1410 652 1480 ,λάθρα
694 1410 805 1463 τῶν
891 1409 1182 1480 βασιλείων
1253 1409 1686 1481 ὑπανεχώρησεο
1745 1405 1840 1462 καὶ
1892 1406 1971 1469 εἰς
2026 1402 2128 1472 τὴν
2166 1403 2366 1474 Σκῆτιν
2417 1400 2705 1468 ἀπελθὼν,
2761 1401 2860 1472 τὴν
2913 1404 3125 1474 μονήρη
3173 1401 3320 1471 ζωήν
3373 1398 3581 1468 ὑπῆλθε
3643 1398 3743 1449 καὶ

481 1500 769 1568 ἰπάγγελος
827 1501 1045 1571 γέγονε.
1081 1501 1290 1573 Πολλὴν
1313 1503 1371 1556 δὲ
1401 1501 1568 1556 αὐτοῦ
1605 1501 1833 1570 θέμενος
1909 1497 2142 1569 ζήτησιν
2203 1497 2234 1550 6
2303 1495 2558 1565 βασιλεὺς
2598 1497 2882 1562 Θεοδόσιος
2953 1500 3056 1554 οὐκ
3113 1499 3258 1566 ιγνω
3314 1496 3438 1549 ὅποι
3489 1497 3594 1564 γῆς
3645 1488 3743 1561 ἦν.

478 1591 735 1662 Νοσήσας
787 1593 832 1646 δ’
885 1587 1042 1657 οὗτος
1080 1597 1108 1648 6
1178 1594 1437 1665 βασιλεὺς
1485 1593 1544 1647 ἐν
1590 1590 1946 1652 Μεδιολάνοις
2021 1585 2134 1657 (60)
2177 1586 2481 1658 μετήλλαξε
2533 1589 2634 1660 τὴν
2689 1589 2856 1660 ζωὴν,
2892 1589 3266 1644 ἑπτακαίδεκα
3313 1587 3408 1656 ἐτη
3455 1587 3554 1656 τήν
3588 1586 3746 1652 βασι-

476 1675 633 1737 λείαν
675 1684 883 1750 ίθύνας,
920 1687 1014 1739 ἐπὶ
1047 1686 1204 1738 πέντε
1240 1686 1377 1757 μησί
1402 1703 1417 1717 ο
1473 1685 1706 1755 μερίσας
1743 1682 1801 1736 δέ
1851 1679 2060 1751 ταύτην
2099 1680 2212 1744 τοῖς
2278 1678 2430 1733 δυσὶν
2481 1681 2656 1735 υἰέσιν
2721 1681 2910 1747 αὐτοῦ,
2960 1682 3054 1736 καὶ
3081 1681 3159 1748 τῷ
3215 1681 3314 1750 μέν
3342 1679 3615 1748 Ἀρκαδίῳ
3647 1678 3749 1744 τὴν

482 1782 626 1833 Νέαν
657 1779 963 1848 ἀπονείμας
1000 1779 1244 1848 Ῥώμην.
1277 1780 1369 1834 καὶ
1391 1781 1458 1834 τὰ
1495 1778 1624 1848 περὶ
1648 1775 1838 1847 αὐτὴν,
1868 1773 1961 1829 καὶ
1996 1772 2057 1826 τδ
2093 1771 2230 1842 ἑῷον
2255 1773 2469 1843 τμῆμα,
2499 1774 2579 1846 τῷ
2608 1775 2851 1848 Ὀνωρίῳ
2871 1775 2931 1830 δέ
2961 1775 3058 1848 τὴν
3085 1776 3462 1847 πρεσϐυτέραν
3525 1775 3750 1848 Ῥώμην

482 1873 918 1944 προσκληρὼσσς
942 1873 1036 1927 καὶ
1063 1874 1132 1928 τά
1168 1873 1433 1944 Ἐσπέρια
1455 1875 1627 1927 ὁπόσα
1667 1867 1967 1940 Ῥωμαίοις
1984 1860 2126 1937 ἦσαν
2151 1864 2391 1935 ὑπήκοα.

550 1964 670 2020 XX.
718 1963 956 2034 Imperio
987 1965 1364 2020 Romanorum
1395 1965 1477 2020 sic
1507 1965 1653 2020 inter
1673 1961 1971 2018 Theodosii
1996 1961 2058 2016 ﬁ-

2231 1961 2318 2017 K'.
2349 1961 2507 2016 Οὕτω
2543 1963 2967 2035 διανεμηθείσης
3005 1963 3120 2028 τοῖς
3148 1962 3243 2017 τοῦ
3287 1961 3568 2018 Θεοδοσίου
3608 1965 3753 2028 υἰοῖς

480 2057 584 2111 lios
611 2056 810 2114 diviso.
846 2072 1000 2112 suam
1033 2066 1265 2128 uterque
1295 2069 1504 2128 partem
1533 2057 1892 2130 gubernabat.
1917 2056 2057 2113 Cum

2177 2056 2264 2126 τῆς
2291 2055 2399 2109 τῶν
2440 2054 2725 2126 Ῥωμαίων
2744 2056 3062 2126 ἡγεμονίας.
3086 2050 3224 2127 ἦρχε
3247 2055 3347 2125 τῆς
3379 2055 3586 2119 οἰκείας
3625 2057 3753 2123 μοί-

481 2160 667 2204 autem
701 2149 1017 2213 rescissem,
1058 2165 1312 2222 magnum
1339 2152 1633 2208 Arsenium
1667 2151 1858 2206 Seethi
1890 2151 2056 2206 vitam

2177 2161 2265 2207 ρας
2298 2145 2580 2214 ἑκάτερος,
2607 2145 2702 2197 καὶ
2726 2144 2944 2212 γνόντες
2971 2146 3050 2209 ὡς
3083 2146 3144 2200 ἐν
3164 2149 3228 2218 τῇ
3263 2147 3458 2214 Σκήτει
3495 2145 3753 2214 μονάζων

481 2256 640 2309 agere
655 2241 811 2298 solita
821 2242 975 2303 riam.
998 2243 1418 2314 38mpissime
1435 2261 1534 2315 per
1557 2245 1768 2301 litteras
1793 2245 1862 2300 ab
1879 2261 1948 2301 eo
1965 2259 2060 2315 pe-

2177 2233 2232 2309 ήν
2265 2240 2294 2290 6
2341 2237 2514 2306 μέγας
2564 2237 2862 2310 Ἀρσένιος,
2919 2238 3242 2301 πλειστάκις
3287 2237 3438 2309 αὒτῷ
3475 2237 3752 2292 ἐπεστάλ-

484 2333 713 2395 tierunt.
741 2343 802 2388 ut
826 2343 950 2389 vota
992 2351 1091 2405 pro
1113 2335 1248 2404 ipsis
1281 2337 1506 2402 laceret,
1540 2337 1777 2392 Arcadio
1801 2338 2056 2406 privatim

2177 2349 2328 2386 κασιν
2385 2330 2643 2401 εὔχεσθαι
2695 2331 2976 2399 ἀξιοῦντες
3020 2332 3162 2399 ΰπέρ
3215 2331 3413 2386 αὐτῶν.
3477 2330 3536 2386 '0
3576 2332 3636 2384 δέ
3682 2348 3749 2399 γε

483 2439 513 2477 a
543 2424 662 2478 viro
684 2434 896 2491 sancto,
920 2427 1135 2482 veniam
1155 2436 1395 2498 petente,
1423 2429 1494 2483 ob
1513 2439 1754 2484 structas
1789 2430 1865 2484 illi
1889 2429 2056 2485 etiam

486 2513 738 2574 insidias.
786 2517 990 2573 donato
1032 2518 1181 2574 illius
1219 2519 1348 2574 anni
1393 2520 1601 2574 tributo
1640 2519 1912 2592 Egyptio,
1948 2537 2058 2591 quo

484 2620 586 2660 suo
609 2607 881 2664 arbitratu
911 2619 1180 2666 uteretur.
1209 2610 1278 2666 At
1307 2612 1398 2668 ille
1424 2614 1735 2670 rescribam
1761 2615 2061 2684 imperato-

486 2697 642 2752 ribus
681 2699 881 2765 noluit,
925 2701 1018 2756 sed
1052 2702 1261 2772 legatos
1303 2701 1386 2758 eis
1418 2704 1742 2760 renuntiare
1767 2705 1952 2774 jussit.
1999 2719 2060 2760 se

486 2792 701 2860 precari
737 2793 909 2848 Deum
946 2805 1006 2851 ut
1038 2795 1148 2850 illis
1187 2797 1403 2851 veniam
1452 2797 1582 2861 det,
1627 2809 1795 2867 atque
1839 2797 2057 2864 eﬂieiat,

487 2893 552 2939 ut
579 2885 848 2941 voluntati
869 2889 991 2959 ejus
1016 2899 1281 2959 pareant:
1316 2890 1421 2945 sibi
1458 2906 1608 2956 vero,
1643 2892 1736 2962 qui
1764 2893 1874 2962 jam
1899 2907 2060 2948 mun-

487 2981 561 3032 do
600 2989 747 3036 esset.
779 2992 1050 3045 mortuus,
1091 2983 1224 3037 nulli
1277 2984 1399 3039 usui
1448 3001 1570 3042 esse
1609 2987 1917 3055 pecuniam.
1953 2988 2060 3041 Ar-

488 3072 679 3128 cadius
699 3075 890 3128 urbem
923 3074 1212 3130 aediﬁcavit
1239 3077 1294 3131 in
1315 3077 1570 3140 Thracia,
1600 3094 1765 3148 quam
1792 3079 2060 3134 Arcadio-

488 3166 655 3234 polim
689 3167 1014 3223 nominavit.
1065 3169 1123 3224 ln
1153 3169 1475 3241 Xerolopho
1505 3172 1815 3226 columnam
1860 3173 2058 3241 erexit,

488 3253 542 3308 ξ.ι
578 3270 686 3325 qua
724 3272 877 3312 suam
901 3268 1137 3313 statuam
1163 3260 1480 3314 collocavit.
1508 3260 1767 3316 Nectario
1789 3261 2061 3319 Constan-

491 3349 857 3418 tinopolitano
903 3352 1216 3419 patriarcha
1268 3361 1508 3419 mortuo,
1564 3354 1835 3410 Joannem
1879 3354 2059 3427 Chry-

491 3448 797 3494 sostomum
863 3441 1153 3498 Antiochia
1213 3445 1582 3510 accersitum,
1649 3461 1810 3502 nove
1874 3447 2065 3504 Roma:

494 3531 864 3598 patriarcham
898 3533 1170 3604 designat.
1221 3535 1330 3590 Sed
1371 3552 1498 3592 cum
1541 3537 1812 3594 Arcadius
1877 3539 2067 3595 tardus

493 3632 637 3677 esset
668 3623 922 3695 iustoque
955 3628 1190 3685 mol!ior.
1227 3627 1296 3682 ab
1334 3643 1504 3684 uxore
1562 3629 1806 3686 Eudoxia
1838 3634 2066 3703 regeba-

497 3724 605 3778 tur,
636 3717 962 3772 muliercula
1006 3719 1272 3785 ferocula,
1310 3731 1364 3776 et
1408 3737 1475 3776 ex
1503 3723 1733 3778 avaritia
1769 3723 2070 3794 iniustissi-

495 3821 584 3858 ma
617 3822 632 3859 :
667 3807 824 3878 cujus
857 3807 1132 3878 cupiditas
1158 3825 1282 3865 eum
1317 3827 1346 3866 a
1379 3827 1578 3883 magno
1617 3814 1710 3868 illo
1741 3825 1896 3884 patre
1929 3815 2068 3872 inhi-

498 3898 746 3962 beretur,
789 3901 1088 3970 aliquando
1118 3905 1284 3960 etiam
1325 3906 1736 3976 obiurgaretur,
1776 3909 2068 3965 iracundia

499 3990 879 4058 inﬂammata,
930 3994 1112 4049 virum
1175 4005 1427 4051 sanctum
1485 3998 1676 4052 ulcisci
1726 3999 1964 4064 studet,
2013 4009 2070 4054 et

497 4081 933 4139 Alexandrinum
966 4085 1334 4156 Theophilum
1367 4089 1742 4158 improbitatis
1769 4106 1882 4146 sua!
1907 4099 2070 4148 nacta

508 4175 853 4241 ministrum,
896 4177 1133 4234 Arcadio
1161 4180 1476 4248 persuadet.
1512 4191 1571 4235 ut
1605 4181 1784 4236 virum
1817 4194 2068 4238 sanctum

499 4268 728 4337 releget.
780 4267 875 4323 Sic
904 4271 993 4325 ille
1020 4271 1232 4338 ejectus
1257 4273 1515 4338 ecclesia,
1546 4274 1844 4332 releaatur.
1877 4276 1944 4330 At
1974 4291 2072 4346 po-

501 4358 666 4424 pulus
727 4357 990 4419 urbanus.
1042 4361 1240 4428 partim
1292 4362 1517 4432 lugere.
1564 4365 1764 4431 partim
1805 4381 1916 4420 non
1955 4367 2072 4423 sine

501 4445 780 4502 seditione
840 4449 1188 4504 tumultuari.
1243 4451 1364 4518 Quo
1418 4453 1610 4508 tardus
1664 4455 1755 4510 ille
1805 4456 2074 4514 Arcadius

497 4539 719 4609 cognito
743 4582 758 4603 ,
806 4540 1074 4596 Joannem
1107 4545 1364 4599 celeriter
1391 4547 1636 4601 revocari
1662 4548 1840 4618 jubet.
1889 4551 2072 4605 Revo-

2178 2425 2464 2498 Ἀρκάδιος
2505 2425 2600 2478 καὶ
2652 2424 2759 2496 ἰδίᾳ
2784 2425 2864 2495 τῷ
2899 2425 3040 2494 ἁγίῳ
3067 2425 3369 2487 ἐπέστειλε,
3407 2423 3748 2494 παρακαλῶν

2169 2518 2500 2588 συγγνώμην
2539 2519 2721 2586 νεῖμαι
2751 2517 2902 2587 αὐτῷ
2932 2519 3012 2570 ὅτι
3053 2517 3202 2588 αὐτῷ
3237 2516 3616 2578 ἐπεϐούλευσε,
3651 2517 3748 2567 καὶ

2167 2610 2438 2680 ἐπέτρεπε
2485 2608 2672 2662 λαϐεῖν
2729 2609 2892 2663 αὐτὸν
2941 2609 3033 2663 τὸν
3076 2609 3177 2679 τῆς
3238 2609 3514 2676 Αἰγύπτου
3559 2611 3742 2677 nis-1;;

2167 2704 2374 2774 δασμὸν
2413 2703 2508 2758 τοῦ
2531 2703 2685 2768 ἔτους
2733 2704 2964 2770 ἐκείνου,
2997 2707 3092 2759 καὶ
3131 2703 3443 2774 χρήσασθαι
3483 2705 3557 2764 ὡς
3588 2705 3744 2772 αὖτῷ

2168 2796 2306 2866 πρὸς
2347 2795 2564 2864 βουλῆς.
2605 2796 2666 2850 '0
2693 2795 2749 2850 δὲ
2795 2797 2970 2866 μέγας
3007 2797 3284 2866 Ἀρσένιος
3337 2795 3744 2849 ἀντεπιστεῖλαι

2174 2888 2274 2959 μὲν
2314 2890 2429 2952 τοίς
2470 2887 2904 2958 αὐτοκράτορσιν
2947 2889 3050 2942 οὐκ
3096 2889 3351 2958 ἠθέλησε,
3399 2890 3513 2946 τοῖς
3559 2887 3604 2941 δ’
3661 2890 3744 2951 εἰς

2169 2981 2334 3036 αὑτὸν
2391 2979 2774 3035 ἀποσταλεῖσιν
2821 2982 2996 3034 εἰπεῖν
3040 2981 3222 3045 αὐτοῖς
3269 2980 3568 3034 ἐνετείλατο
3594 3019 3607 3041 ,
3661 2982 3743 3035 ὅτι

2183 3073 2245 3128 '0
2289 3074 2425 3136 Θεὸς
2482 3075 2829 3144 συγχωρήσοι
2858 3075 3010 3142 ὑμῖν,
3054 3076 3151 3128 καὶ
3179 3076 3246 3128 τά
3279 3075 3444 3129 αὑτοῦ
3478 3075 3745 3147 πράττειν

2171 3166 2389 3237 ποιήσοι
2443 3167 2756 3235 θελήματα·
2799 3167 2922 3235 ἐμοὶ
2952 3166 3009 3219 δέ
3035 3168 3134 3237 ήδη
3174 3168 3500 3237 νεκρωθέντι
3527 3168 3604 3238 τῷ
3647 3170 3745 3224 x6-

2173 3277 2298 3330 σμῳ
2339 3258 2407 3313 τὰ
2447 3261 2704 3330 χρήματα
2733 3259 3000 3327 ἀχρηστα.
3041 3253 3210 3323 Οὗτος
3247 3263 3275 3315 6
3325 3261 3574 3332 βασιλεὺς
3613 3263 3747 3328 ’Λρ-

2167 3353 2350 3415 κάδιος
2399 3352 2458 3403 ἐν
2493 3354 2558 3420 τῇ
2596 3350 2792 3422 Θρᾴκῃ
2831 3352 2988 3406 πόλιν
3016 3353 3382 3422 οἰκοδομήσας
3426 3353 3744 3423 Ἀρκαδιοῦ-

2167 3445 2322 3498 πολιν
2352 3444 2462 3508 (6|)
2511 3445 2679 3514 αὑτὴν
2709 3445 3053 3514 ἐπωνόμασε.
3100 3446 3212 3500 Kal
3245 3447 3335 3500 τὸν
3372 3449 3428 3500 ἐν
3466 3447 3544 3515 τῷ
3575 3447 3735 3516 Ξηρο

2167 3536 2316 3607 λόφῳ
2339 3537 2452 3607 (6‘2)
2487 3538 2743 3605 ἀνήγειρε
2790 3537 2964 3599 κίονα,
2995 3538 3089 3592 καὶ⁸
3134 3541 3220 3593 ἐπ’
3263 3539 3412 3609 αὐτῷ
3451 3541 3744 3609 ἀνδριάντι

2134 3645 2151 3663 ·
2170 3631 2369 3683 οἰκεῖον
2399 3629 2664 3698 ἐνίδρυσε.
2691 3628 2798 3682 Τοῦ
2830 3630 3173 3700 πατριάρχου
3221 3631 3278 3684 δέ
3309 3633 3747 3687 Κωνσταντινου-

2171 3721 2380 3781 πόλεως
2407 3721 2714 3790 Νεκταρίου
2749 3721 3025 3787 θανόντος,
3054 3721 3147 3776 τὸν
3179 3723 3415 3791 χρυσοῦν
3452 3725 3552 3793 τὴν
3582 3726 3749 3792 γλῶτ-

2169 3827 2267 3865 ταν
2312 3812 2568 3882 Ἰωάννην
2595 3811 2653 3876 ἐξ
2691 3811 3026 3882 Ἀντιοχείας
3050 3815 3147 3883 τῆς
3166 3813 3422 3884 γαεγάλης
3459 3831 3745 3884 μεταστει-

2170 3903 2402 3972 λάμενος
2433 3903 2776 3973 πατριάρχην
2802 3905 2900 3972 τῆς
2925 3905 3074 3968 Νέας
3109 3905 3331 3976 Ῥώμης
3359 3905 3742 3976 προϐάλλεται.

2172 3994 2369 4062 Νωθὴς
2415 3994 2470 4048 δέ
2528 3994 2606 4046 ὢν
2653 3996 2747 4048 καὶ
2789 3995 2887 4062 τὴν
2932 3996 3160 4066 γνώμην
3212 3997 3359 4067 πέρα
3406 3998 3500 4051 τοῦ
3537 3997 3744 4058 δέοντος

2177 4085 2453 4155 μαλθακὸς
2493 4087 2522 4137 6
2565 4085 2870 4156 ’Δρκάδιος,
2905 4088 3008 4140 ὕπὺ
3040 4089 3137 4158 τῆς
3175 4089 3422 4157 γαμετῆς
3462 4089 3748 4153 κατείχετο

2174 4176 2449 4242 Εὑδοξίας.
2507 4175 2570 4228 'll
2613 4177 2671 4230 δέ
2707 4172 2775 4246 ἦν
2810 4175 3034 4243 γύναιον
3080 4177 3272 4247 ἰταμὸν
3309 4178 3404 4230 καὶ
3450 4180 3749 4249 χρημάτων

2173 4266 2490 4336 ἡττώμενον
2515 4265 2737 4337 ἔρωτος,
2768 4267 3061 4321 κάντεῦθεν
3089 4269 3184 4322 καί
3207 4268 3560 4322 ἀδικώτατον.
3589 4268 3749 4322 Ὅθεν

2176 4358 2327 4428 παρὰ
2377 4357 2471 4411 τοῦ
2524 4359 2761 4429 μεγάλου
2806 4358 2997 4412 τούτου
3043 4361 3254 4432 Πατρδς
3307 4361 3750 4428 ἀνακοπτόμενον

2173 4451 2273 4519 τῆς
2305 4449 2502 4520 ὁρμῆς,
2549 4451 2665 4504 ἐστι
2711 4447 2854 4505 δὀὗ
2897 4452 2990 4504 καὶ
3024 4450 3449 4522 ἐπιτιμώμενον,
3497 4453 3751 4523 ήρέθιστο

2176 4545 2256 4606 εἰς
2282 4544 2474 4613 ὀργὴν,
2513 4544 2606 4597 καὶ
2655 4543 2968 4612 ἀμύνασθαι
3003 4543 3094 4596 τὸν
3137 4544 3290 4610 ἅγιον
3323 4544 3602 4597 ἔσπευδεν.
3641 4542 3748 4594 Εὐ-

498 4637 679 4695 catus,
711 4630 970 4686 Ecclesia!
998 4633 1266 4688 redditur.
1303 4634 1408 4690 Sed
1447 4637 1576 4706 quia
1611 4638 1697 4692 vir
1729 4639 1916 4694 invicti
1958 4640 2067 4695 ani-

2180 4635 2347 4706 ροῦσα
2381 4635 2436 4688 δὲ
2465 4637 2560 4688 καὶ
2589 4636 2684 4690 τὸν
2733 4636 3150 4704 Ἀλεξανδρείας
3207 4621 3467 4704 Θεόφιλον
3518 4636 3610 4703 τῆς
3644 4652 3748 4687 κα-

501 4720 598 4784 mi,
643 4720 887 4792 linguam
921 4733 1113 4778 contra
1153 4725 1390 4792 iniustos
1429 4742 1627 4784 acuere
1678 4744 1785 4784 non
1841 4731 2075 4787 desiste-

502 4810 616 4872 bat.
679 4812 925 4870 Eudoxia
959 4815 1308 4885 imperatrix,
1352 4833 1473 4886 qua:
1500 4817 1799 4874 conciones
1833 4819 1903 4875 de
1932 4821 2076 4892 inju-

501 4903 650 4956 stitia
673 4903 739 4958 ad
769 4919 892 4960 sese
940 4909 1380 4964 accommodaret
1429 4913 1464 4980 (,
1481 4925 1604 4964 nam
1635 4926 1666 4964 a
1692 4921 1885 4980 suapte
1942 4927 2080 4967 con-

465 4985 734 5049 ‘scientia
789 4996 1524 5066 arguebatur).inllammato
1568 5009 1760 5056 contra
1814 5017 2072 5073 magnum

503 5083 724 5140 Patrem
759 5085 967 5151 animo,
1000 5103 1193 5144 rursus
1227 5091 1312 5161 (ut
1344 5105 1470 5160 quae
1514 5090 1877 5148 intercessere
1911 5095 2076 5147 omit-

2183 4727 2305 4791 κίας
2352 4729 2524 4791 αὐτῆς
2557 4729 2836 4799 συνεργὸν,
2888 4729 3065 4782 πείθει
3109 4729 3202 4782 τὸν
3240 4730 3524 4798 Ἀρκάδων
3579 4728 3745 4796 ὑπερ-

2181 4817 2337 4886 ορίαν
2382 4817 2478 4870 τοῦ
2508 4817 2665 4886 ἀγίου
2727 4819 3232 4890 καταψηφίσασθαι.
3286 4821 3395 4872 Kal
3435 4821 3465 4872 6
3515 4818 3606 4887 μὲν
3649 4817 3750 4884 τῆς

2181 4910 2478 4979 ἐκκλησίας
2519 4910 2818 4980 ἐκϐέϐλητο
2845 4911 2942 4964 καὶ
2992 4911 3240 4982 ἀπήγετο
3271 4910 3596 4980 ὑπερόριος·
3630 4909 3663 4960 ὸ
3690 4907 3746 4960 δὲ

2179 5003 2277 5071 τῆς
2305 5001 2511 5067 πόλεως
2539 5003 2792 5072 δῆμος,οί
2827 5005 2926 5074 μὲν
2949 5001 3230 5074 ἐθρήνουν,
3253 5003 3303 5054 οί
3329 5001 3385 5054 δὲ
3411 4998 3745 5062 ἐστασίαζον.

2185 5095 2252 5148 ’Ὁ
2281 5095 2444 5162 γνοὺς
2471 5095 2500 5147 ὁ
2531 5095 2706 5168 νωθὴς
2741 5095 3027 5165 Ἀρκάδιος
3077 5094 3283 5148 στέλλει
3314 5093 3454 5148 κατά
3481 5093 3632 5162 τάχος
3656 5090 3750 5143 τὸν

1738 5249 1941 5313 Variae
1979 5249 2290 5318 lectiones
2321 5265 2383 5318 et
2429 5259 2619 5318 notae.

583 5406 695 5475 ((0)
742 5405 846 5460 Ἐν
889 5407 1304 5477 Μεδιολάνοις.
1369 5412 1522 5468 Illius
1577 5430 1778 5472 cornus
1835 5416 2071 5472 relatum

507 5478 1043 5549 Constantinopolim
1076 5481 1146 5534 ab
1178 5481 1412 5536 Arcadio
1448 5484 1578 5538 ﬁlio.
1616 5484 1930 5541 Chronieon
1964 5503 2070 5541 ms.

509 5549 578 5626 ab
625 5546 954 5626 ῥάμφη·ρά
1019 5549 1274 5626 Leonem
1300 5553 1690 5626 Philosophum
1729 5572 1743 5609 :
1807 5557 1881 5610 T6
1912 5557 2073 5626 σῶμα

509 5616 676 5696 αὑτοῦ
705 5617 991 5696 ’Δρκᾴδιρξ
1019 5621 1160 5696 ἐνῇτῇ
1193 5622 1347 5696 πόλει
1379 5616 1744 5696 ἀποκομίσας,
1777 5616 2076 5696 κατατίθη-

2178 5635 2442 5694 praeterea
2501 5625 2811 5680 Chronicon
2867 5641 2970 5679 ms.

2255 5416 2366 5481 (6|)
2415 5414 2928 5482 'Apamé‘loﬁzoltr.
2973 5412 3340 5484 Theopnanes
3364 5426 3452 5466 an.
3494 5409 3525 5465 9
3553 5407 3740 5462 Arcad.

2175 5486 2410 5542 Cedren.
2443 5503 2494 5553 p.
2519 5486 2644 5539 3‘26.

2247 5557 2358 5623 (6:2)
2397 5546 2494 5608 Ἐν
2517 5555 2595 5620 τῷ
2614 5556 2963 5624 Ξηρολόέβφ.
2998 5554 3074 5624 Ita
3114 5553 3414 5624 scriptores
3436 5546 3741 5624 Byzantini.

3032 5617 3247 5692 Georgii
3323 5617 3632 5692 llama'rtoli,
3666 5617 3738 5669 de

510 5703 596 5738 σιν
617 5687 674 5738 ὲν
707 5687 783 5762 τῷ
833 5688 1017 5762 ἡρῴῳ,
1079 5687 1214 5762 ὅπερ
1261 5695 1318 5743 ἐν
1371 5687 1607 5758 ἁγίοις’ὁ
1663 5687 2074 5759 Κώνσταντῐνὸς
2178 5687 2414 5752 λτουιίίο
2447 5713 2460 5748 :
2503 5698 2599 5758 Ὃς
2628 5697 2718 5749 τὸν
2744 5697 2899 5748 κίονα
2926 5695 3018 5746 τοῦ
3051 5687 3363 5761 Ξηρολόςου
3391 5692 3587 5760 στήσας
3609 5689 3741 5738 tau-

512 5757 884 5828 κατεσκεύασε
911 5757 991 5820 εἰς
1016 5757 1217 5828 ταφήν.
1246 5763 1378 5818 Vide
1426 5757 1727 5821 Cltronicon
1779 5757 2070 5822 Alexamlr.

513 5840 604 5879 an.
639 5824 659 5878 Ι
687 5825 930 5894 Arcadii,
959 5824 1292 5899 Cedrcl'tutn,
1316 5845 1422 5890 etc.

2178 5765 2278 5830 τῷ.
2312 5766 2402 5817 τὸν
2423 5766 2622 5836 ἑαυτοῦ,
2650 5765 2976 5834 καθίδρυσεν
3008 5764 3319 5836 ἀνδριάντα.
3345 5763 3466 5818 Ὺὶἀ.
3496 5766 3735 5816 nostram

2181 5835 2718 5903 Constantinopolim,
2761 5837 2856 5892 lib.
2884 5851 2941 5890 ll.
