3930 6560
497 366 634 433 118Ἷ
1695 367 1728 420 .’
1795 351 2049 417 ῙΟΑΝΝΪ

2157 351 2484 414 ΖΟΝΑΒΒ
3593 349 3708 416 1188

493 478 718 543 fuisset,
747 473 938 533 docuit
971 481 1214 530 sanctam
1244 470 1523 542 Virginem
1561 466 1783 524 Mariam
1817 484 1926 524 non
1953 481 2045 522 ess

2179 467 2259 529 είς
2287 464 2588 532 ἐπῐγνωσιν
2607 458 2700 514 τοῦ
2725 457 2968 530 Χριστοῦ
2989 458 3080 515 διὰ
3105 458 3476 526 παραινέσεων
3498 462 3711 533 ἀγαγὼν,

496 569 784 639 Deiparam
851 566 1164 632 dicendam,
1220 566 1505 624 Christum
1575 577 1706 619 vero
1755 577 1862 617 non
1921 561 2048 614 aliut

2175 554 2270 608 τοῦ
2336 554 2482 607 θείου
2541 550 2766 622 λουτροῦ
2833 550 3165 620 κατηξίωσε,
3211 553 3302 606 καὶ
3347 553 3475 624 ὑγιῆ
3528 554 3591 609 ἐκ
3632 557 3716 627 τῆς

496 661 606 716 nisi
636 661 916 716 hominem
940 675 1060 716 esse
1087 659 1370 714 asserebat
1397 676 1411 712 :
1443 658 1497 711 in
1523 670 1702 726 eoque
1731 655 1828 710 Dei
1850 652 2048 707 Filium

2176 645 2562 717 κολυμϐήθρας
2612 643 2902 714 ἐξήγαγεν.
2967 635 3134 706 υῦτος
3202 642 3295 696 καὶ
3342 641 3402 698 τὸ
3450 643 3544 698 τοῦ
3593 646 3717 717 ἱεροῦ

501 763 564 808 ut
616 753 671 806 in
732 753 1002 822 propheta
1059 751 1318 820 quopiam
1387 747 1668 802 habitasse
1743 744 2053 814 negabatur

2175 736 2565 806 Χρυσοστόμου
2600 734 2771 802 ὄνομα
2829 737 2888 789 ἐν
2938 738 3050 798 τοῖς
3075 734 3175 803 τῆς
3215 733 3534 804 Ἐκκλησίας
3558 734 3722 791 διπτύ-

500 861 740 915 eumque
787 845 1107 914 bipertiens,
1155 841 1481 902 afﬁrmabat,
1531 840 1623 894 Dei
1673 837 1916 894 Verbum
1965 851 2052 890 non

2178 847 2296 900 χοις
2337 829 2450 901 (78)
2496 829 2819 901 ἐνέγραψεν,
2857 829 2932 900 μὴ
2956 829 3221 901 πρότερον
3253 829 3522 898 ἐγγραφέν
3549 845 3564 860 ο
3603 831 3725 902 Ὠρι-

502 936 805 1006 sumpsisse
838 949 1056 989 carnem
1088 949 1117 988 e
1141 942 1291 988 casto
1319 930 1588 1001 sanguine
1614 927 1806 983 matris
1836 925 1955 989 Dei,
1981 939 2054 980 sci

2179 920 2473 990 γενιαστὴς
2519 919 2636 990 (79)
2675 918 2786 989 γὰρ
2815 921 2842 972 ό
2871 917 3269 981 εὐσεϐέστατος
3330 919 3536 982 ἐκεῖνος
3561 919 3724 991 Πατὴρ

507 1027 676 1079 alium
727 1041 847 1079 esse
888 1024 1083 1078 Filium
1134 1033 1192 1079 et
1241 1023 1480 1078 Verbum
1531 1021 1649 1084 Dei,
1698 1020 1865 1074 alium
1913 1018 2059 1073 Cbri-

2181 1013 2432 1066 ἐκαλεῖτο
2463 1012 2557 1067 καὶ
2599 1010 2909 1082 ἐνομίζετο.
2960 1010 3228 1072 Θανόντος
3273 1009 3329 1062 δὲ
3388 1009 3644 1077 Ἀττικοῦ,
3675 1011 3723 1077 ὃς

505 1130 684 1180 stum,
714 1116 808 1185 qui
844 1115 1015 1171 Filius
1051 1125 1198 1171 esset
1243 1115 1558 1184 adoptivus,
1595 1122 1652 1166 et
1710 1111 1884 1182 gratia
1936 1110 2057 1165 Deu:

2181 1106 2390 1158 εἴκοσιν
2421 1103 2520 1172 ἔτη
2546 1101 2644 1157 τοῦ
2699 1102 2811 1157 τῶν
2855 1101 3064 1157 πιστῶν
3111 1102 3352 1173 προέστη
3387 1103 3724 1171 συστήματος,

510 1217 706 1262 tactus.
743 1207 838 1261 llis
871 1207 1054 1262 caeteri
1084 1206 1415 1277 patriarchae
1465 1203 1726 1275 cognitis,
1769 1199 2062 1257 Celestinu:

2184 1201 2578 1270 χειροτονεῖται
2635 1197 2902 1260 Σισίννιος
2955 1196 3090 1268 (80),
3122 1196 3218 1250 καὶ
3249 1197 3344 1249 ἐπί⁸
3372 1194 3467 1248 δύο
3505 1195 3594 1264 έτη
3619 1245 3622 1250 ,
3643 1195 3726 1267 τὴν

508 1298 810 1362 Romanus,
861 1297 1100 1370 Cyrillus
1129 1295 1560 1361 Alexandrinus,
1604 1294 1847 1350 Joannes
1892 1291 2058 1346 Antio

2189 1291 2608 1362 ἀρχιερωσύνην
2648 1289 3028 1362 κατεσχηκὼς,
3062 1289 3162 1361 τὴν
3209 1287 3354 1360 ζωὴν
3404 1287 3725 1360 ἐξεμέτρητε,

509 1391 744 1454 chcnus,
779 1391 1063 1445 Juvenalis
1105 1389 1660 1461 llierosolymitanus,
1689 1386 1968 1457 negotium
2015 1398 2061 1437 at

2189 1388 2334 1442 κατά
2367 1384 2430 1438 τδ
2461 1382 2706 1438 εἰκοστὸν
2733 1381 2989 1451 δεύτερον
3021 1381 3142 1444 ἔτος
3183 1379 3281 1448 τῆς
3327 1377 3596 1448 βασιλείας
3620 1379 3728 1431 Θεο-

511 1481 898 1550 imperatorem
924 1480 1300 1535 Theodosium
1335 1490 1391 1536 et
1426 1477 1776 1537 Pulcheriam
1803 1476 2061 1531 deferunt

2187 1479 2390 1534 δοσίου.
2452 1477 2560 1529 Καὶ
2615 1473 2949 1543 ἀντεισήχθη
2975 1472 3292 1540 Νεστόριος,
3329 1471 3388 1535 ὃς
3445 1471 3534 1524 ἐπὶ
3580 1474 3730 1541 τρισὶν

510 1581 760 1639 petentes
795 1581 854 1625 ut
885 1571 1090 1626 indicto
1121 1571 1360 1626 concilio
1397 1571 1454 1625 in
1477 1568 1805 1624 Nestoriana
1831 1569 2062 1637 dogmati

2199 1568 2643 1641 ἀρχιερατεύσας
2677 1567 2944 1628 ἐνιαυτοῖς
2979 1565 3224 1618 ἐδίδασκε
3245 1563 3345 1634 τὴν
3372 1563 3529 1632 ἀγίαν
3553 1563 3731 1632 [1390i-

511 1663 850 1733 inquiratur.
894 1664 1068 1736 igitur
1097 1663 1356 1719 ducentis
1403 1662 1666 1718 Patribus
1715 1660 1988 1732 Ephesum
2019 1675 2063 1713 at

2189 1681 2280 1718 νον
2326 1663 2545 1732 Μαρίαν
2609 1660 2875 1714 Θεοτόκον
2912 1660 2988 1731 μὴ
3017 1660 3223 1728 λέγειν,
3275 1657 3433 1727 ψιλὸν
3479 1657 3733 1726 ἄνθρωπον

514 1757 812 1810 concilium
846 1759 1192 1828 congregatis
1229 1758 1492 1826 princeps
1539 1763 1660 1809 erat
1705 1753 2066 1808 sanctissima:

2190 1757 2286 1810 τὸν
2328 1755 2568 1828 Χριστὸν
2624 1753 2987 1823 δογματίζων,
3025 1752 3120 1805 καὶ
3149 1750 3302 1820 αὐτῷ
3359 1751 3626 1820 ἐνοικῆσαι
3657 1750 3734 1802 τὸν

514 1848 777 1918 Cyrillus,
813 1848 1072 1904 Cclestini
1126 1850 1284 1918 l’apa:
1325 1847 1555 1902 Romani
1588 1849 1753 1900 etiam
1801 1845 1921 1900 vice
1965 1844 2063 1898 l'un

2198 1849 2323 1902 Υίὸν
2356 1848 2449 1900 τοῦ
2479 1845 2614 1901 Θεοῦ
2667 1843 2926 1915 φλυαρῶν
2959 1843 3035 1906 ὡς
3067 1843 3149 1897 ἐνὶ
3187 1843 3296 1897 τῶν
3327 1841 3632 1912 προφητῶν,
3658 1841 3738 1894 καὶ

517 1955 670 2008 gens,
703 1940 796 2010 qui
850 1958 947 2010 per
982 1940 1352 1995 valetudinem
1408 1939 1602 1994 adesse
1653 1954 1761 1992 non
1826 1948 2041 2007 peierat

2197 1943 2277 2003 εἰς
2316 1939 2412 1993 δύο
2463 1936 2688 2008 διαιρῶν
2741 1936 2927 2001 αὑτὸν,
2961 1935 3022 1988 ού
3077 1935 3256 2006 σάρκα
3308 1933 3494 1987 λαϐεῖν
3545 1935 3606 1986 ἐκ
3647 1932 3737 1986 τῶν

516 2033 752 2086 Nestorii
776 2033 998 2087 decreta
1022 2034 1358 2099 examinata,
1387 2040 1446 2087 et
1483 2041 1542 2086 ut
1580 2045 1840 2102 perversa
1889 2031 2068 2100 reject:

2198 2031 2380 2100 ἁγνῶν
2412 2030 2663 2100 αἱμάτων
2688 2027 2788 2097 τῆς
2813 2027 3156 2098 Θεομήτορος
3187 2026 3279 2079 τὸν
3304 2025 3402 2078 τοῦ
3432 2025 3562 2078 Θεοῦ
3581 2024 3733 2092 Δότεν

517 2133 646 2178 sunt
674 2140 687 2177 :
717 2132 773 2178 et
803 2125 1188 2189 constitutum,
1241 2136 1302 2180 ut
1341 2133 1532 2180 sani-ta
1579 2124 1740 2193 Virgo
1771 2123 2002 2192 Dcipara
2039 2138 2069 2176 e

2197 2121 2616 2194 ἀπισχυρίζετο,
2649 2121 2787 2176 ἀλλά
2837 2120 2996 2174 ἀλλον
3051 2120 3153 2189 μὲν
3211 2113 3358 2172 εἶναι
3393 2116 3484 2171 τὸν
3513 2116 3629 2170 res»
3660 2115 3736 2170 τοῦ

518 2214 818 2268 haberetur
850 2223 906 2270 et
935 2216 1236 2284 diceretur,
1270 2228 1325 2271 et
1357 2216 1451 2285 qui
1484 2230 1706 2269 carnem
1737 2230 1799 2269 ex
1851 2230 1916 2270 ea
1958 2215 2070 2268 citr:

2197 2215 2335 2269 Θεοῦ
2393 2215 2486 2270 καὶ
2535 2213 2730 2280 Λόγον,
2773 2212 2932 2266 ἄλλον
2957 2211 3017 2264 δέ
3046 2211 3138 2265 τὸν
3173 2209 3415 2282 Χριστὸν
3462 2207 3602 2262 θέσει
3647 2209 3740 2260 υἱο-

519 2306 736 2360 virilcm
769 2322 993 2376 Operam
1021 2308 1343 2376 sumpserit,
1381 2305 1474 2360 Dei
1511 2304 1620 2376 42
1653 2305 1822 2360 Filius
1857 2314 1913 2360 et
1951 2303 2068 2358 Deu

2200 2305 2518 2376 ποιηθέντα,
2545 2303 2640 2360 καὶ
2669 2307 2854 2374 χάριτι
2881 2300 3179 2358 θεωθέντα.
3209 2302 3251 2355 Τ
3253 2299 3398 2355 αῦτα
3422 2299 3477 2354 δέ
3503 2298 3736 2370 μαθόντες

522 2411 550 2447 a
575 2395 778 2450 sanctis
805 2395 1059 2450 Patrihus
1079 2407 1157 2450 est
1187 2397 1597 2464 pronuntiatus.
1625 2397 1775 2448 Acin
1802 2393 2073 2448 certioren

2197 2397 2250 2450 οί
2293 2396 2401 2450 τῶν
2453 2395 2656 2448 λοιπῶν
2681 2395 3095 2464 πατριαρχικῶν
3153 2392 3497 2466 προεστῶτες
3542 2389 3738 2459 θρόνων,

523 2487 651 2541 lidei
711 2485 1142 2552 confessionem,
1204 2496 1258 2541 et
1306 2487 1710 2542 evidentiorem
1757 2486 2075 2541 Nestoriana

2199 2491 2229 2542 ό
2256 2489 2353 2560 τῆς
2381 2488 2598 2559 Ῥώμης
2622 2488 2966 2553 Κελεστῖνος,
2997 2486 3262 2554 Κύριλλος
3284 2487 3316 2538 ὁ
3357 2483 3608 2554 ’Δλεξανδ⁸
3627 2484 3738 2549 stag,

525 2581 824 2650 impietatis
859 2579 1247 2633 refutationem
1284 2588 1510 2634 sanctus
1540 2579 1778 2650 Cyrillus
1803 2578 2077 2633 duodecin

2231 2579 2471 2651 Ιωὰννης
2539 2579 2870 2649 Ἀντοχείας,
2947 2577 3301 2641 Ἰουϐενάλιος
3371 2575 3739 2647 Ἰεροσολύμων,

529 2672 709 2740 Capita
743 2669 796 2722 in
833 2684 975 2723 verae
1003 2669 1291 2724 sententia:
1339 2669 1738 2724 monimentum
1792 2669 2076 2738 composui

2206 2674 2546 2742 ἀναφέρουσι
2595 2673 2734 2742 πρὸς
2787 2671 2880 2724 τὸν
2932 2670 3148 2724 ἄνακτα
3199 2669 3486 2724 Θεοδόσιον
3529 2667 3616 2722 καὶ
3661 2666 3740 2734 τὴν

531 2761 904 2832 Εοοιεεὶαείιυο
945 2761 1194 2827 tradidit,
1227 2761 1487 2817 Nestorio
1511 2763 1740 2832 rejeCto,
1765 2770 1822 2816 et
1863 2772 2083 2816 amoto:

2210 2766 2568 2838 Πούλχερίσν,
2624 2763 2940 2834 αίτούμενοι
3006 2763 3224 2817 σύνοδον
3263 2760 3613 2833 ἀθροισθῆναι
3667 2757 3743 2812 καὶ

535 2865 684 2908 εωιιι
713 2865 862 2907 recte
889 2854 1247 2907 sentientium
1295 2854 1635 2922 pontiﬁcum.
1682 2854 1952 2907 Cancrum
1983 2868 2082 2923 pos

2207 2858 2592 2926 γυμνασθῆναι
2646 2857 2716 2911 τὰ
2775 2857 2929 2926 παρά
2978 2855 3076 2910 τοῦ
3115 2855 3418 2926 Νεστορίου
3463 2851 3745 2924 δογματιζό-

534 2945 752 2998 tertiam
780 2945 997 2998 concilii
1029 2944 1176 2998 diem
1206 2943 1487 3012 Ephesum
1528 2942 1919 3011 ingrediuntur
1944 2943 2086 2997 Joan

2215 2967 2373 3020 μενα.
2411 2949 2886 3020 Συγκροτηθείοης
2919 2944 3011 3004 οὖν
3044 2949 3104 3000 ἐν
3162 2947 3379 3016 Ἐφέσῳ
3421 2945 3628 3000 συνόδου
3649 2944 3743 2996 δια·

532 3049 632 3089 nes
685 3033 1108 3099 Autiochenns,
1179 3032 1566 3088 Theodoretus
1625 3031 1924 3104 Cyrensis,
1987 3032 2084 3087 lba

2208 3040 2407 3093 κοσίων
2434 3042 2716 3109 Πατέρων,
2747 3033 2814 3111 ἦς
2844 3038 3124 3108 ἐξῆρχενό
3152 3037 3461 3107 ἀγιὼτατος
3494 3035 3746 3106 Κύριλλος,

537 3125 864 3189 Ειιεεεειιυε,
891 3133 948 3178 et
971 3125 1086 3189 alii,
1120 3123 1355 3194 iratique
1378 3123 1606 3195 Cyrillo,
1631 3133 1691 3178 ut
1720 3123 1953 3193 principi
1977 3137 2089 3177 con-

2214 3133 2431 3200 ἐπέχων
2463 3131 2678 3184 καὶτὸν
2727 3132 2892 3184 τόπον
2947 3130 3274 3184 Κελεστίνου
3325 3129 3426 3182 τοῦ
3458 3129 3604 3184 πάπα
3641 3125 3751 3181 Ῥώ-

537 3173 579 3180 -
621 3173 864 3189 --η---η
897 3173 946 3178 ν-
971 3173 1086 3189 ----,
1120 3173 1354 3194 --η-τη
1385 3173 1606 3195 νεα-η.
1636 3173 1689 3178 --
1720 3173 1953 3193 τ---τ-τ-
1984 3173 2082 3177 νη-

536 3216 674 3280 cilii,
708 3216 779 3271 ob
811 3215 1108 3270 adventum
1137 3231 1298 3271 suum
1338 3231 1450 3270 non
1479 3226 1879 3286 exspectatum,
1903 3221 2020 3268 tum
2051 3228 2083 3268 e

2220 3173 2352 3292 μηςῒ
2389 3220 2466 3291 μὴ
2517 3219 2837 3290 δυνηθέντος
2894 3220 3170 3274 συνελθεῖν
3223 3221 3292 3274 δι’
3357 3221 3654 3282 ἀσθένειαν,
3696 3217 3751 3270 τὰ

538 3311 906 3374 adhwrentes,
943 3308 1182 3364 Nestorii
1221 3308 1629 3364 abdicationem
1671 3309 1948 3373 incusant,
1995 3314 2090 3360 tun

2213 3311 2308 3364 τοῦ
2355 3312 2656 3388 Νεστορίου
2705 3311 3192 3382 κατεξητάσθησαν
3232 3311 3482 3381 δόγματα
3531 3310 3618 3364 καὶ
3669 3309 3755 3362 ἀπ-

537 3413 733 3456 saneto
783 3401 986 3472 Cyrillo
1031 3410 1089 3456 ct
1135 3401 1414 3455 Memnoni
1461 3400 1741 3471 Ephesino
1763 3399 2089 3469 episcopatui

2215 3402 2528 3474 εϐλήθησαν
2553 3403 2627 3467 ὡς
2653 3403 2921 3469 κακέδοξα
2945 3418 2960 3434 °
2986 3405 3019 3473 η
3052 3404 3115 3472 δὴ
3149 3403 3277 3472 ἁγία
3303 3403 3575 3474 Παρθένος
3597 3400 3755 3457 Θεοτό-

538 3493 859 3561 eripiendos
907 3494 1236 3548 decernunt.
1291 3492 1677 3548 Theodoretus
1713 3492 1882 3547 etiam
1932 3489 2090 3560 capit:

2215 3514 2313 3560 κος
2349 3495 2642 3566 ἀπεδείχθη
2701 3495 2792 3548 καὶ
2841 3495 3158 3566 φρονεῖσθαι
3219 3497 3308 3550 καὶ
3373 3496 3637 3564 λέγεσθαι,
3676 3494 3757 3548 κα).

538 3586 857 3650 duodecim,
899 3601 930 3639 a
983 3585 1189 3657 Cyrillo
1234 3585 1543 3656 composita
1589 3583 1811 3648 invasit,
1853 3591 1910 3638 et
1939 3582 2005 3636 ad
2048 3597 2090 3638 e:

2215 3589 2246 3644 ὁ
2268 3587 2330 3652 ἐξ
2353 3587 2522 3657 αὐτῆς
2557 3587 2864 3657 σαρκωθεὶς
2902 3587 3182 3657 ἀνάνδρως
3230 3586 3364 3651 Υἱὸς
3412 3587 3506 3642 τοῦ
3534 3584 3657 3639 Θεοῦ
3679 3584 3757 3638 καὶ

539 3677 864 3740 evertenda,
898 3676 1075 3731 edidit
1110 3677 1256 3731 alia:
1295 3691 1418 3747 quas
1447 3690 1574 3730 eum
1604 3690 1835 3746 magnus
1876 3674 2091 3746 Cyrillu;

2217 3679 2350 3742 Θεὸς
2386 3681 2538 3750 παρὰ
2564 3678 2674 3734 τῶν
2709 3679 2869 3749 ιερῶν
2907 3679 3133 3734 ἐκείνων
3173 3680 3436 3750 Πατέρων
3461 3678 3754 3747 κεκήρυκτο.

540 3767 751 3823 erroris
779 3767 1130 3835 convicisset,
1173 3767 1553 3822 Antiochenus
1604 3776 1662 3823 et
1704 3765 1888 3821 caateri
1922 3781 1954 3820 a
1982 3780 2085 3821 con

2221 3774 2364 3846 Πρὸς
2388 3773 2724 3844 τρανοτέραν
2753 3772 2810 3826 δέ
2832 3773 2929 3844 τῆς
2953 3773 3193 3836 πίστεως
3220 3772 3539 3844 ὁμολογίαν,
3566 3771 3650 3824 καῖ
3678 3769 3758 3839 τῆς

545 3861 672 3914 cilio
705 3859 969 3925 damnati,
1005 3859 1073 3914 ab
1099 3859 1421 3916 orthodoxis
1440 3859 1772 3914 alienantur.
1801 3857 2097 3929 Episcopo:

2220 3863 2538 3928 δυσσεϐείας
2587 3865 2682 3917 τοῦ
2710 3864 3007 3935 Νεστορίου
3043 3867 3380 3933 σαφέστερον
3414 3865 3646 3933 ἐλεγχον,
3683 3863 3759 3912 καὶ

549 3958 629 4008 sic
658 3953 888 4008 allectos
929 3965 984 4009 et
1032 3954 1175 4008 inter
1227 3968 1349 4010 sese
1404 3953 1777 4020 decertantes,
1821 3953 2101 4022 imperatm

2222 3954 2433 4010 δώδεκα
2467 3955 2734 4020 συντάξας
2791 3955 3062 4024 κεφάλαια
3123 3957 3152 4009 ό
3205 3955 3500 4026 ἱερώτατος
3529 3953 3760 4024 Κύριλλος

556 4044 908 4099 Theodosius
966 4059 1158 4100 omnes
1228 4043 1764 4115 Constantinopolim
1833 4043 2108 4099 accersit:

2223 4047 2321 4117 τῆς
2361 4046 2530 4118 ὀρθῆς
2589 4048 2748 4117 δόξης
2783 4031 3155 4118 ὑπομνήματα
3187 4051 3254 4118 τῇ
3315 4047 3612 4120 Ἐκκλησία
3647 4061 3762 4114 παρ-

528 4150 740 4205 _coram
778 4151 889 4205 quo
921 4136 1124 4207 agitata
1151 4135 1472 4210 quaestione,
1525 4135 1766 4204 rejeclus
1809 4133 2080 4191 Nestoriui

2228 4136 2450 4192 έδωκεν.
2493 4139 2554 4192 '0
2603 4138 2660 4192 δὲ
2691 4137 2986 4208 Νεστόριος
3027 4137 3334 4208 ἀπεϐλήθη,
3393 4141 3488 4193 καὶ
3543 4136 3631 4191 τοῦ
3671 4136 3762 4188 τῶν

551 4229 608 4284 in
641 4228 923 4284 Orientem
959 4230 1259 4300 relegatur,
1287 4228 1636 4294 Antiocheno
1676 4237 1735 4283 et
1778 4227 2103 4282 Theodoreti

2225 4230 2363 4300 ὀρθὰ
2382 4229 2727 4301 φρονούντων
2758 4229 3065 4300 ἀρχιερέων
3090 4229 3406 4301 ἀπεκινήθη
3433 4230 3608 4301 χοροῦ.
3633 4229 3764 4283 Μετὰ

543 4320 718 4374 etiam
747 4331 938 4374 sancto
969 4319 1206 4374 concilio
1229 4320 1492 4385 assensis,
1519 4328 1580 4373 ut
1608 4319 1695 4374 cui
1721 4328 1852 4374 ante
1877 4334 1975 4388 per
1998 4333 2095 4372 con

2225 4323 2418 4394 τρίτην
2437 4323 2494 4376 δέ
2515 4325 2615 4393 τῆς
2645 4323 2866 4377 συνόδου
2897 4324 3111 4394 ἡμέραν
3131 4323 3455 4391 ἐφίστανται
3483 4327 3548 4394 τῇ
3581 4320 3763 4391 Ἐφέσῳ

537 4411 856 4477 tentionem
894 4419 949 4464 et
999 4424 1070 4464 ex
1113 4424 1351 4465 maerore
1403 4410 1678 4468 adversati
1728 4418 1934 4466 essent.
1984 4408 2089 4465 Cur

2226 4415 2255 4470 ὃ
2290 4431 2345 4469 τε
2393 4415 2726 4485 Ἀντιοχείας
2785 4415 3062 4485 Ἰωάννης,
3095 4414 3190 4468 καὶ
3232 4417 3260 4469 ό
3289 4415 3478 4487 Κύρου
3505 4415 3767 4474 ἐπίσκοπος

551 4512 739 4557 autem
789 4501 1080 4556 Nestorius
1133 4503 1187 4557 in
1219 4502 1414 4556 exsilio
1444 4502 1606 4557 etiam
1652 4503 1855 4558 multos
1897 4518 2103 4573 perver-

2227 4507 2600 4578 Θεοδὼρητος,
2631 4509 2725 4562 καὶ
2758 4509 2787 4560 ὁ
2849 4506 3072 4578 Ἐδέσης
3119 4505 3274 4570 Ἰϐας
3315 4508 3413 4562 καὶ
3463 4507 3654 4577 ἐτεροι,
3691 4504 3767 4557 καὶ

553 4603 721 4659 teret,
747 4592 988 4648 Joannes
1014 4593 1415 4660 Antiochenus,
1448 4593 1516 4648 de
1549 4607 1617 4648 eo
1650 4593 1817 4648 alium
1858 4594 1912 4648 in
1943 4595 2105 4648 locuu

2222 4601 2306 4653 ὅτι
2367 4599 2444 4670 μὴ
2503 4599 2597 4653 καλ⁵
2643 4599 2743 4669 τὴν
2775 4597 2958 4651 αὐτῶν
2987 4598 3294 4668 παρουσίαν
3323 4600 3372 4652 οί
3429 4598 3527 4668 τῆς
3579 4597 3766 4651 συνόδου

555 4684 944 4739 transferendo
974 4685 1159 4739 rcl’crt.
1192 4683 1378 4754 Itaque
1411 4686 1578 4740 miser
1611 4686 1665 4739 in
1693 4683 1879 4751 Oasin,
1914 4684 2107 4740 Arabia

2224 4691 2536 4761 ἀνέμειναν,
2568 4689 2910 4759 ὀργισθέντες
2933 4689 3078 4742 κατά
3112 4688 3208 4740 τοῦ
3254 4689 3493 4758 μεγάλου
3534 4685 3766 4758 Κυρίλλον

537 4775 841 4844 regionem
868 4775 1138 4838 sterilem,
1163 4786 1220 4830 et
1242 4777 1421 4830 ventis
1447 4776 1835 4847 pestilentibus
1855 4777 2089 4831 infestari

2226 4783 2303 4848 ὣς
2347 4781 2457 4836 τῶν
2504 4781 2679 4836 ἄλλων
2733 4779 3077 4850 ἐξάρχοντος,
3131 4780 3231 4850 τήν
3275 4796 3336 4832 τε
3384 4780 3477 4835 τοῦ
3507 4777 3767 4850 Νεστορίου

563 4866 923 4921 transfertur.
979 4867 1144 4922 Nova:
1212 4877 1394 4923 autem
1454 4869 1640 4923 Roma:
1701 4867 1814 4924 sedi
1870 4867 2112 4938 pastoral

2230 4875 2552 4946 καθαίρεσιν
2601 4874 2915 4946 ᾐτιάσαντο,
2973 4874 3068 4926 καὶ
3100 4871 3295 4944 ἐκείνῳ
3328 4872 3564 4943 θέμενοι,
3603 4872 3686 4925 τοῦ
3722 4885 3769 4922 τε

539 4957 941 5015 ,λιαείιιιίυιιυε
997 4960 1258 5016 Ecclesia).
1302 4962 1593 5032 presbyter
1638 4959 1957 5030 praeﬁcitur.
2008 4961 2091 5016 Ρυι

2229 4974 2377 5028 θείου
2425 4971 2697 5043 Κυρίλλου
2747 4972 2842 5024 καὶ
2888 4973 3168 5044 Μέμνονος
3223 4974 3316 5027 τοῦ
3362 4973 3587 5042 Ἐφέσου
3651 4966 3766 5022 καθ-

559 5067 726 5122 qnem
755 5052 1074 5122 pontiﬁcatu
1100 5053 1302 5110 bienno
1333 5054 1605 5126 functum,
1630 5054 1922 5118 Proculus,
1955 5053 2132 5122 Chry-

563 5146 793 5200 sostomi
821 5146 1146 5216 discipulus,
1176 5147 1491 5217 patriarcha
1523 5154 1763 5213 creatur,
1790 5147 1886 5216 qui
1919 5146 2115 5216 priden

2229 5162 2336 5210 τάιν
2364 5157 2573 5212 δώδεκα
2601 5157 2914 5226 κεφαλαίων
2943 5157 3052 5212 τῶν
3092 5157 3186 5211 τοῦ
3222 5157 3491 5230 Κυρίλλου
3533 5153 3769 5224 ἐχώρησε.

564 5250 596 5289 a
621 5234 864 5289 Sisinnio
902 5236 1220 5292 Patriarcha
1245 5237 1428 5307 Cyzici
1465 5241 1762 5307 episcopus
1791 5237 2112 5306 designatus

2233 5250 2327 5302 καὶ
2349 5250 2430 5310 εἰς
2454 5250 2769 5320 ἀνατροπὴν
2803 5250 2982 5304 αὐτῶν
3004 5251 3279 5321 κεφάλαια
3309 5249 3593 5313 συνέταξεν
3611 5247 3769 5312 ἕτεραι

560 5327 661 5382 Sed
682 5342 711 5380 a
741 5327 1046 5399 Cyzicenis,
1072 5330 1165 5398 qni
1200 5331 1366 5383 alium
1382 5329 1685 5400 elegerant,
1717 5345 1826 5383 non
1859 5337 2112 5398 receptus

2233 5340 2368 5410 πρὸς
2397 5340 2432 5394 ἃ
2469 5342 2631 5395 πάλιν
2660 5344 2690 5394 ὁ
2743 5343 2914 5412 μέγας
2944 5341 3349 5413 ἀντηγωνίσατο
3379 5339 3654 5411 Κύριλλος,
3688 5334 3771 5386 οὐκ

543 5426 814 5492 tempore
867 5423 1156 5493 interjecto
1201 5423 1374 5477 otium
1414 5432 1620 5494 egerat.
1645 5413 1745 5478 llic
1786 5423 1954 5491 igitur
2003 5421 2095 5476 sed

2233 5430 2410 5500 ὀρθῶς
2445 5431 2787 5502 δογματίζειν
2839 5433 3078 5502 ἐλέγχων
3107 5432 3198 5485 τὸν
3244 5431 3604 5502 Θεοδὼρητον.
3647 5427 3763 5479 Κατ-

1763 5585 1962 5646 t'ariee
2021 5584 2322 5649 lectiones
2364 5596 2427 5650 et
2463 5595 2648 5650 notae.

643 5725 757 5801 (ξε)
791 5725 1128 5801 omnem.
1171 5724 1382 5801 Spera}.
1425 5725 1523 5780 lib.
1554 5742 1650 5801 vti,
1688 5743 1809 5797 cap.
1840 5729 1931 5783 25.
1968 5798 1980 5801 _

1688 5743 1809 5797 cap.
1840 5729 1931 5783 25.
1968 5798 1980 5801 _
2126 5799 2136 5801 _
2249 5731 2524 5796 Quercum
2543 5731 2690 5801 apud
2728 5731 3004 5793 Photinm.
3031 5748 3086 5787 ιι.
3123 5734 3212 5788 59.

547 5795 558 5876 ;
645 5795 756 5867 (79)
811 5795 1274 5866 'thrsrma'tiiq.
1315 5795 1531 5852 Socrat:
1566 5795 1660 5852 lib.
1687 5795 1770 5866 τι,
1811 5798 2099 5868 synodus:

1999 5814 2053 5854 us
2074 5799 2140 5854 ad
2221 5843 2226 5848 .
2276 5795 2288 5796 ί
2322 5803 2436 5870 (80)
2466 5795 2788 5876 Σισίννιος.
2833 5804 3041 5858 Socrat.
3071 5803 3167 5857 lib.
3199 5819 3297 5870 vn,
3320 5816 3442 5870 cap.
3465 5800 3551 5857 26.

2227 5067 2439 5136 αίρεσιν
2487 5066 2842 5138 ἐψηφίσαντο.
2905 5065 2965 5119 '0
3012 5065 3357 5138 Θεοδώρητος
3429 5068 3484 5120 δέ
3525 5061 3614 5118 καὶ
3653 5058 3772 5115 κατὰ
3871 5117 3879 5124 ,
