3930 6552
443 359 577 425 1191

1743 350 2066 414 JOANNIS
2105 349 2425 412 ΖΟΝΛΒΕ

3545 350 3668 416 1192

442 464 771 521 Eunuchum
824 461 960 529 adit,
1024 476 1138 518 sua:
1202 458 1490 519 sententia
1548 458 2008 530 suil‘ragatorem:

2118 457 2196 530 τῷ
2229 457 2462 530 ἐκτομίᾳ
2507 455 2858 529 δμοδοξοῧντι
2909 454 3078 528 αὐτῷ,
3135 456 3228 510 καὶ
3268 456 3491 514 πλεῖστα
3519 461 3669 517 δυνα-

439 558 534 626 qui
564 573 687 612 eum
716 556 856 625 apud
890 556 1279 625 imperatorem
1322 553 1618 624 plurimum
1652 561 1861 621 posset.
1897 551 2002 605 im-

442 659 643 720 petrat,
675 659 733 704 ut
762 650 1025 704 Dioscoro
1055 646 1148 716 qui
1172 656 1295 716 post
1321 645 1510 717 Cyriili
1531 645 1742 698 obitum
1767 644 2010 698 Alexan-

441 740 658 795 drinam
689 741 988 794 Ecclesiam
1039 737 1378 808 gubernabat
1407 751 1530 790 cum
1572 736 1694 789 aliis
1737 732 2013 804 episcopis

444 833 717 903 Ephesum
745 841 959 895 vocato,
988 830 1387 899 Eutychianum
1415 828 1610 898 dogma
1635 836 2009 892 excuteretur,

442 935 711 995 prazsente
739 924 901 978 etiam
945 921 1221 976 Flaviano.
1254 921 1306 974 is
1334 921 1499 989 igitur
1535 919 1852 978 Dioscorus.
1887 933 2012 972 cum

441 1021 687 1092 Eutyche
717 1021 1088 1085 consentiens,
1114 1019 1368 1074 adductis
1405 1019 1527 1072 aliis
1547 1017 1714 1071 etiam
1740 1016 2016 1086 episcopis

441 1110 685 1181 ejusdem
719 1111 1014 1180 opinionis,
1068 1107 1343 1180 Ephesum
1390 1110 1692 1179 profeclus,
1744 1107 2014 1177 suifraga—

442 1211 533 1256 tur
558 1201 894 1271 Eutychiano
924 1201 1188 1272 dogmati.
1219 1201 1491 1256 Caeterum
1527 1209 1720 1254 sancto
1747 1198 2015 1254 Flaviano

443 1293 792 1355 adversante,
849 1295 1141 1348 Dioscorus
1199 1293 1461 1348 exsiliens
1533 1292 1705 1346 instar
1762 1288 2017 1344 indomiti

444 1387 607 1447 asini.
673 1386 918 1441 calcibus
971 1388 1144 1440 sancti
1193 1384 1340 1440 illius
1374 1386 1478 1438 viri
1525 1393 1719 1454 pectus
1761 1382 2018 1452 impetiit,

440 1490 496 1534 et
525 1481 722 1551 pugnis
758 1480 1005 1533 maxillas
1033 1480 1153 1548 ejus
1193 1478 1426 1532 tundere
1456 1493 1567 1531 non
1598 1476 1751 1546 prius
1783 1475 2015 1538 destitit,

442 1587 604 1640 quam
643 1569 879 1626 concilio
916 1570 1236 1639 expulisset.
1272 1568 1344 1622 At
1389 1576 1616 1622 sanctus
1663 1566 1754 1621 ille
1783 1581 1852 1620 ex
1897 1565 2016 1634 plac

445 1678 511 1733 ga
573 1663 809 1729 pectoris
870 1670 993 1731 post
1059 1660 1301 1714 triduum
1365 1659 1614 1722 decedit,
1675 1672 1800 1710 eum
1856 1656 2021 1711 Nova:

2117 553 2264 623 μένῳ
2294 551 2446 620 παρά
2475 551 2556 624 τῷ
2589 549 2842 620 βασιλεῖ·
2875 549 2973 604 καὶ
3005 547 3064 612 6;
3093 549 3269 602 πείθει
3289 549 3378 603 τὸν
3407 551 3671 609 Θεοδόσιον

2115 644 2410 715 ἐπιτρέψαι
2446 644 2526 715 τῷ
2575 644 2714 713 μετά
2737 643 2836 715 τὴν
2879 643 2974 697 τοῦ
3015 643 3176 712 ἀγίου
3210 644 3478 714 Κυρίλλου
3520 649 3673 715 μετά-

2115 753 2308 790 στασιν
2373 738 2472 805 τῆς
2546 735 2955 808 ’Δλεξανδρείας
3025 736 3118 790 τὸν
3188 735 3377 806 θρόνον
3447 738 3675 793 διέποντι

2115 829 2412 900 Διοσκόρῳ,
2462 829 2872 899 παραγενέσθαι
2920 830 3001 892 είς
3040 830 3276 898 Ἔφεσον
3321 829 3441 900 μεθ’
3483 831 3676 901 ἐτέρων

2115 921 2458 985 ἐπισκόπων,
2515 923 2610 976 καὶ
2663 922 2732 975 τά
2787 922 2930 976 κατά
2976 921 3070 974 τὸν
3111 921 3326 992 Εὐτυχῆ
3386 924 3675 991 γυμνάσαι,

2117 1015 2384 1082 παρόντος
2406 1013 2501 1068 καὶ
2523 1013 2615 1068 τοῦ
2652 1012 2978 1068 Φλαϐιανοῦ.
3015 1009 3183 1076 Οὗτος
3213 1009 3307 1066 οὖν
3332 1017 3359 1067 6
3395 1015 3674 1086 Διόσκορος

2116 1107 2213 1159 τοῦ
2261 1106 2538 1176 Εύτυχοῦς
2567 1106 2855 1176 τυγχάνων
2879 1105 3155 1176 όμόδοξος,
3200 1107 3297 1160 καὶ
3337 1106 3530 1167 ἄλλους
3567 1109 3649 1160 ἐπι

2119 1198 2358 1261 σκόπους
2416 1196 2798 1268 προσειληφὼς
2864 1198 3278 1269 ὁμογνώμονας,
3316 1201 3399 1261 είς
3458 1201 3675 1268 Ἔφεσον

2119 1291 2522 1360 παραγίνεται,
2576 1292 2669 1344 καὶ
2736 1294 2897 1361 κυροῖ
2940 1293 3007 1344 τά
3067 1290 3217 1360 παρὰ
3269 1292 3364 1344 τοῦ
3419 1291 3676 1360 Εὐωχοῦς

2119 1383 2466 1452 είσαγόμενα.
2527 1383 2926 1450 Ἀντιλέγοντος
2969 1383 3027 1436 δὲ
3066 1381 3161 1435 τοῦ
3215 1383 3512 1453 ίερωτάτου
3545 1384 3675 1436 Φλα-

2119 1473 2334 1540 ϐιανοῦ,
2365 1469 2455 1528 οἷά
2492 1493 2576 1534 τις
2618 1475 2807 1545 ἄγριος
2854 1475 2974 1538 δνος
3005 1471 3290 1544 ἀναθορὼν
3318 1475 3348 1526 6
3378 1475 3676 1543 Διόσκορος,

2118 1565 2219 1630 λὰξ
2243 1567 2320 1636 τῷ
2347 1568 2556 1639 στέρνῳ
2585 1567 2802 1637 ἐνέθορε
2830 1567 2924 1620 τοῦ
2947 1566 3203 1628 εὐσεϐοῦς
3235 1565 3448 1620 ἐκείνου
3479 1566 3676 1636 ἀνδρὸς,

2120 1657 2216 1710 καὶ
2247 1658 2354 1724 πὺξ
2405 1658 2569 1711 αὐτὸν
2628 1659 2771 1712 κατά
2822 1660 3030 1730 κόρρης
3074 1658 3313 1723 τύπτων,
3353 1657 3456 1712 οὐκ
3491 1657 3677 1727 ἀνῆκεν

447 1755 631 1808 Romae
677 1755 934 1808 thronum
978 1768 1075 1822 per
1105 1752 1386 1806 biennium
1424 1757 1699 1804 ornasset.
1732 1747 2015 1802 Dioscmns

2119 1750 2226 1813 ἓως
2253 1751 2347 1803 τοῦ
2387 1751 2666 1822 συνεδρίου
2695 1751 2955 1820 ἐξὼθησε.
2999 1752 3108 1805 Καὶ
3153 1753 3180 1804 6
3225 1751 3326 1821 μὲν
3371 1751 3518 1818 ίὶγιο⁹
3551 1751 3678 1820 μετὰ

446 1857 628 1899 autem
673 1845 962 1914 episcopos
1019 1843 1113 1913 qui
1198 1843 1428 1896 aderant
1486 1839 1834 1895 subscribere
1891 1854 2018 1893 sen-

2121 1840 2310 1909 τρίτην
2341 1842 2555 1912 ἡμέραν
2589 1843 2652 1894 ἐκ
2685 1843 2786 1912 τῆς
2826 1841 2920 1895 τοῦ
2964 1842 3186 1913 στέρνου
3228 1843 3447 1912 πληγῆς
3494 1843 3678 1912 μετήλ-

447 1935 631 1990 tentiae
686 1949 797 1989 sua!
855 1934 1053 2005 coegit.
1113 1933 1248 1988 Nam
1311 1933 1610 1986 Eunuchus
1666 1930 1756 1984 ille
1817 1930 2015 1984 milites

2120 1931 2243 1996 λαξε
2275 1933 2374 2002 τὴν
2415 1933 2560 2004 ζωὴν
2591 1935 2729 2008 (87),
2771 1936 2830 1988 ἐν
2865 1935 2960 1988 δύο
3003 1936 3272 1998 ἐνιαυτοῖς
3307 1934 3402 1987 τὸν
3435 1935 3678 2005 ἀρχιερα-

446 2034 684 2079 armatos
733 2024 923 2078 adesse
976 2025 1237 2093 jusserat,
1286 2032 1350 2075 ut
1398 2022 1754 2076 adversantes
1807 2030 2020 2090 perter-

446 2115 729 2171 refaceret.
756 2113 956 2169 Verum
973 2115 1231 2179 Domnus,
1249 2114 1600 2167 Anliochenae
1620 2112 1775 2166 urbis
1797 2125 2014 2181 praeses,

2119 2021 2270 2076 τικὸν
2315 2024 2604 2093 κοσμήσας
2659 2023 2850 2096 θρόνον
2883 2025 2981 2092 τῆς
3023 2024 3318 2094 Νεωτέρας
3367 2024 3580 2093 Ῥώμης
3611 2042 3625 2060 ο
3653 2026 3678 2077 6

2117 2111 2175 2164 δὲ
2221 2112 2512 2184 Διόσκορος
2556 2115 2682 2178 τοὺς
2714 2117 2832 2168 ἐκεῖ
2870 2116 3144 2185 παρόντας
3193 2116 3523 2178 ἐπισκόπους
3555 2116 3673 2168 6m-

447 2224 572 2264 cum
615 2217 669 2262 et
705 2209 819 2278 ipse
853 2208 907 2262 in
954 2209 1193 2262 tumultu
1224 2206 1316 2261 illo
1351 2206 1788 2276 subseripsisset,
1831 2215 2015 2276 postea

2123 2207 2470 2275 σημήνασθαι
2544 2206 2804 2260 ἐϐιάσατο
2866 2209 2945 2279 τῷ
3001 2211 3133 2278 παρ’
3193 2208 3361 2262 αὐτοῦ
3420 2207 3675 2262 ἐκτεοέιτι

448 2300 503 2354 in
570 2300 893 2354 Dioscorum
958 2299 1328 2361 vociferatur,
1385 2299 1617 2367 ejusque
1683 2297 2016 2351 sententiam

447 2401 506 2446 ut
550 2391 835 2461 impietate
891 2391 1102 2461 plenam
1148 2388 1477 2460 proscindit.
1535 2387 1628 2441 liis
1674 2385 2022 2440 Theodosius

447 2482 669 2548 auditis,
717 2492 774 2536 et
815 2483 1059 2538 Flaviani
1103 2481 1324 2552 cognito
1372 2479 1623 2545 interitu,
1674 2478 1850 2531 iratus
1894 2491 2020 2531 cum

449 2572 801 2644 Chrysaphio
857 2573 1216 2642 expostulat:
1261 2571 1352 2625 cui
1420 2571 1718 2625 Dioscorus
1784 2565 2019 2638 periculi

448 2675 597 2719 metu
647 2663 858 2728 suadet,
895 2673 954 2717 ιιι
978 2665 1045 2716 ab
1075 2662 1407 2733 imperatore
1452 2665 1737 2731 impetret,
1785 2670 1844 2713 ut
1879 2659 2021 2711 Ana-

450 2756 665 2817 lolium,
712 2754 804 2824 qui
841 2754 892 2809 ei
933 2771 962 2808 a
1005 2754 1281 2824 responsis
1319 2761 1459 2818 erat,
1505 2767 1667 2822 quem
1718 2749 2017 2820 apocrisia-

450 2845 594 2900 rium
661 2853 875 2905 vocant.
934 2838 1303 2915 patriareham
1351 2842 2018 2912 Constantinopolitanum

450 2935 723 3006 designet,
766 2951 875 3005 quo
895 2947 950 2990 et
1003 2937 1306 3004 Eutychem
1353 2935 1409 2988 in
1445 2936 1760 2989 societatem
1809 2931 2018 3001 recipe-

450 3036 554 3090 ret,
604 3037 656 3081 et
688 3027 756 3082 de
802 3027 1046 3082 Flaviani
1098 3028 1410 3082 calamitate
1447 3025 1557 3098 44
1603 3025 1834 3095 quaestio
1866 3024 2018 3078 nulla

451 3109 769 3169 haberetur.
816 3115 890 3168 Ea
940 3131 998 3170 re
1044 3131 1142 3186 per
1190 3116 1517 3170 Eunuchum
1568 3116 1637 3169 ab
1686 3115 2017 3184 imperatore

449 3203 609 3258 facile
657 3205 962 3274 impetrata,
1007 3205 1318 3276 patriarcha
1351 3205 1669 3275 designatur
1707 3204 2014 3259 Anatolius.

448 3294 596 3348 idem
622 3294 1012 3366 Chrysaphius,
1038 3297 1206 3350 ascita
1234 3296 1400 3351 etiam
1431 3296 1677 3350 Endoxia
1703 3295 1976 3366 adjutriee
1997 3336 2012 3362 ,

449 3385 705 3441 faciiitari
751 3389 1016 3458 principis
1071 3388 1331 3451 illudens,
1365 3386 1679 3457 persuadet,
1714 3395 1777 3440 ut
1807 3393 1862 3440 et
1891 3384 2018 3439 Pul-

449 3481 638 3534 chetia
692 3480 761 3534 ab
811 3480 1296 3534 administratione
1337 3494 1520 3533 rerum
1562 3487 1897 3532 amoveatur.
1939 3477 2015 3532 Ea

450 3568 636 3638 igitur,
685 3569 808 3622 aula
860 3569 1071 3633 relicta,
1123 3569 1294 3623 vitam
1345 3568 1616 3638 privatam
1677 3567 1812 3638 agit,
1853 3575 1910 3622 et
1959 3567 2014 3621 in

449 3660 730 3714 llebdomo
773 3661 1027 3728 quiescit.
1067 3661 1134 3714 At
1179 3661 1502 3730 imperator,
1549 3660 1637 3713 vix
1695 3659 1914 3714 tandem
1946 3660 2014 3714 ad

449 3750 639 3807 sanam
693 3761 930 3806 mentem
990 3767 1266 3817 reversus,
1321 3752 1663 3807 considerata
1711 3759 1766 3806 et
1806 3751 2016 3806 nefaria

450 3845 689 3899 Flaviani
755 3845 920 3909 caede,
981 3855 1036 3899 et
1094 3845 1397 3900 Puleheriae
1455 3843 1732 3899 delatione
1781 3882 1797 3908 ,

449 3936 821 4006 indignatione
863 3946 1054 3991 contra
1101 3937 1428 3991 Eunuchum
1467 3944 1800 3999 commotus,
1849 3950 2014 4005 quem

449 4043 641 4081 earum
691 4043 875 4082 rerum
921 4029 1165 4082 omnium
1207 4037 1487 4084 auctorem
1532 4043 1654 4084 esse
1705 4031 2011 4094 constabat,

448 4120 727 4173 hominem
792 4121 1030 4190 relegat,
1091 4121 1290 4190 opibus
1360 4121 1480 4192 ejus
1542 4119 1894 4186 confiscatis,
1959 4129 2017 4176 et

447 4223 689 4264 sororem
720 4211 891 4279 petita
918 4212 1075 4264 venia
1103 4219 1350 4268 revocat.
1368 4213 1496 4265 Erat
1511 4211 1799 4267 Pulcheria
1817 4211 2017 4266 mulier

447 4301 866 4371 prudentissima
895 4343 909 4367 ,
951 4319 1072 4372 quae
1121 4305 1295 4357 multa
1338 4303 1529 4358 fratris
1581 4314 1766 4359 errata
1814 4305 2014 4375 partim

444 4393 778 4461 corrigebat,
825 4394 1024 4462 partim
1060 4393 1295 4463 tegebat.
1331 4393 1554 4449 Litteris
1583 4394 1674 4449 ille
1704 4405 1854 4452 certe
1893 4396 2013 4464 qui-

1861 3845 2010 3915 justa

2044 3157 2088 3216 C

2119 2299 2251 2368 ἔρῳ.
2294 2298 2361 2352 Ἦ
2409 2297 2519 2372 γὰρ
2567 2299 2660 2353 τοῦ
2720 2300 3048 2373 δηλωθέντος
3104 2300 3363 2371 εὐνούχου
3407 2299 3670 2353 δυναστεία

2125 2391 2470 2459 στρατιώτας
2507 2391 2770 2455 ἐνόπλους
2821 2394 2938 2446 ἐκεῖ
2987 2396 3250 2464 παρεῖναι
3297 2394 3546 2463 ἐποίησε,
3592 2410 3675 2447 και

2121 2481 2245 2545 τοὺς
2274 2482 2658 2551 ἀντιλέγοντας
2689 2484 2964 2554 ἐκφοϐεῖν.
3009 2484 3214 2554 Δόμνος
3247 2484 3304 2537 δὲ
3345 2487 3376 2537 6
3421 2484 3518 2555 τῆς
3565 2484 3671 2538 Ἀν-

2120 2574 2348 2644 τιοχὲων
2406 2574 2614 2638 πόλεως
2672 2575 2933 2646 πρόεδρος
2991 2576 3388 2646 ὑπεσημήνατο
3443 2577 3536 2648 μὲν
3589 2575 3674 2629 καὶ

2120 2669 2284 2732 αὐτὸς
2339 2669 2732 2740 συναρπαγεὶς,
2780 2665 2900 2725 εἷτα
2952 2671 3190 2726 κατεϐόα
3230 2671 3325 2724 τοῦ
3378 2671 3670 2744 Διοσκόρου,

2121 2762 2216 2813 καί
2243 2761 2334 2814 τὸν
2363 2762 2488 2832 ὅρον
2525 2760 2804 2816 διέϐαλλεν
2835 2760 2911 2824 ὡς
2945 2761 3198 2826 ἀσεϐείας
3242 2763 3466 2834 μεστόν.
3506 2763 3671 2817 Ταῦτα

2124 2851 2310 2921 μαθὼν
2362 2854 2390 2905 6
2445 2852 2698 2922 βασιλεὺς
2766 2853 3078 2917 Θεοδόσιος,
3127 2853 3222 2906 καὶ
3277 2854 3348 2908 τὰ
3402 2853 3538 2908 κατὰ
3589 2853 3670 2908 τὸν

2119 2941 2421 2997 Φλαϐιανδν
2453 2943 2611 3011 γνοὺς
2635 2944 2692 2994 ἐν
2723 2944 2924 3007 αἰτίαις
2949 2944 3213 3015 πεποίητο
3238 2944 3329 2998 τὸν
3352 2945 3667 3016 Χρυσάφιον,

2122 3035 2215 3086 καὶ
2272 3031 2562 3104 ὠργίζετο.
2593 3033 2781 3098 Δείσας
2821 3034 2877 3087 δέ
2925 3036 2952 3088 6
3003 3037 3315 3108 Διόσκορος,
3375 3037 3670 3106 ὑποτίθησιν

2120 3125 2269 3195 αὐτῷ
2319 3127 2509 3178 πεῖσαι
2555 3127 2646 3180 τὸν
2681 3126 2907 3198 βασιλέα
2950 3131 3296 3200 πατριάρχην
3342 3131 3667 3183 Κωνσταντι·

2119 3213 2425 3278 νουπόλεως
2484 3215 2934 3286 προχειρίσασθαι
3007 3217 3308 3270 ’Δνατόλιον
3377 3218 3468 3271 τὸν
3520 3215 3667 3271 αὐτοῦ

2117 3308 2568 3380 ἀποκρισιάριον,
2610 3308 2695 3363 ἵνα
2747 3308 2841 3362 καὶ
2895 3310 2984 3364 τὸν
3027 3311 3242 3382 Εὐτυχῆ
3287 3309 3508 3380 δέξηται
3547 3312 3669 3382 πρὸς

2120 3402 2430 3468 κοινωνίαν,
2479 3404 2575 3455 καὶ
2631 3403 2699 3455 τὰ
2752 3402 2894 3456 κατά
2934 3404 3024 3456 τὸν
3078 3405 3350 3475 μακάριον
3397 3403 3668 3457 Φλαϐιανὸν

2124 3493 2286 3568 μείνῃ
2317 3492 2736 3566 ἁνεξερεύνητα.
2783 3493 2966 3547 Πείθει
3013 3494 3196 3549 τοίνυν
3236 3497 3264 3548 6
3313 3497 3566 3567 ἐκτομίας
3588 3495 3669 3548 τὸν

2120 3586 2363 3658 βασιλέα,
2405 3587 2688 3654 εὐάγωγον
2725 3585 2874 3652 ὄντα,
2931 3587 3027 3639 καὶ
3059 3590 3450 3658 χειροτονεῖται
3488 3604 3668 3657 πατρι-

2119 3683 2292 3752 άρχης
2335 3682 2363 3734 6
2411 3678 2713 3741 Ἀνατόλιος
2749 3678 2879 3748 (88).
2925 3673 3093 3742 Οὗτος
3134 3681 3162 3733 6
3212 3681 3499 3750 εἰρημένος
3539 3680 3670 3748 Χρυ-

2119 3773 2337 3841 σάςςιος,
2382 3771 2482 3840 τῆς
2507 3770 2752 3835 εὐκολίας
2806 3769 2899 3825 τοῦ
2935 3768 3262 3834 κρατοῦντος
3299 3769 3666 3842 κατατρυφῶν.

2118 3860 2337 3914 ἔπεισεν
2364 3859 2545 3926 αὐτὸν,
2572 3860 2666 3912 καὶ
2700 3859 2797 3928 τὴν
2825 3858 3141 3930 βασίλισσαν
3165 3859 3427 3915 Εὐδοκίαν
3466 3877 3669 3934 προσει-

2117 3951 2305 4021 ληφὼς
2362 3951 2644 4022 συνεργὸν,
2687 3950 2786 4022 τὴν
2852 3951 3186 4022 Πουλχερίαν
3241 3951 3343 4020 τῆς
3391 3953 3499 4006 τῶν
3545 3967 3669 4022 πραο

2117 4045 2345 4116 γμὰτων
2407 4045 2756 4114 μετενεγκεῖν
2781 4042 3118 4112 διοικήσεως.
3183 4043 3356 4114 Καὶὴ
3408 4045 3524 4114 μὲν,
3568 4043 3666 4096 τῶν

2119 4136 2439 4207 ἀνακτόρων
2494 4135 2939 4206 ὑποχωρήσασα,
3001 4132 3122 4187 καθ’
3163 4133 3365 4201 ἑαυτὴν
3419 4135 3532 4203 ἔζη,
3582 4135 3666 4187 καὶ

2117 4229 2176 4282 ιν
2217 4226 2294 4296 τῷ
2348 4223 2591 4295 Ἑϐδόμῳ
2618 4225 2727 4297 (89)
2760 4209 3045 4295 ἡσύχαζεν.
3117 4222 3256 4279 Ὀδὲ
3307 4225 3572 4295 βασιλεὺς,
3599 4226 3670 4286 είς

2119 4318 2310 4372 ἐαυτὸν
2370 4316 2469 4388 ὀψὲ
2518 4318 2613 4370 καὶ
2650 4315 2803 4386 μόλις
2851 4315 3046 4381 ἐλθὼν,
3093 4316 3188 4370 καὶ
3237 4317 3340 4387 τὴν
3395 4317 3533 4371 κατά
3581 4315 3663 4370 τοῦ

2122 4412 2395 4483 μακαρίου
2460 4408 2764 4462 Φλαϐιανοῦ
2833 4409 3148 4478 μιαιφονίαν
3202 4409 3663 4479 ἀναλογισάμενος,

445 4482 573 4538 dem
628 4485 1034 4539 inconsiderate
1091 4485 1445 4540 subscribere
1489 4485 1800 4541 dicebatur.
1858 4487 2015 4554 Quod

2120 4503 2216 4556 καὶ
2262 4482 2332 4555 τὰ
2381 4503 2523 4556 κατὰ
2565 4501 2664 4573 τὴν
2709 4500 3065 4572 Πουλχερίαν,
3102 4502 3198 4554 καὶ
3241 4502 3467 4556 πάντων
3509 4502 3664 4555 αίτιον

447 4591 517 4630 ne
573 4575 821 4641 faceret,
876 4585 1043 4646 utque
1111 4577 1421 4632 litterarum
1491 4579 1819 4633 sententiam
1877 4596 2014 4636 eon-

449 4667 741 4733 sideraret,
801 4667 870 4722 ab
921 4668 1012 4722 illa
1051 4667 1390 4736 admonitus,
1439 4669 1770 4737 affirmabat,
1821 4686 1853 4725 a
1904 4688 2008 4728 ne-

455 4760 602 4814 mine
635 4759 777 4814 strui
809 4761 918 4816 sibi
949 4761 1222 4826 fraudem,
1260 4772 1316 4817 et
1355 4762 1500 4817 scire
1537 4779 1597 4818 se
1643 4764 1777 4833 quid
1818 4765 2016 4821 litterae

445 4851 812 4907 continerent.
842 4852 1023 4919 Quare
1070 4855 1160 4908 illa
1199 4854 1267 4909 ad
1303 4855 1613 4910 socordiam
1648 4855 1833 4912 fratris
1860 4873 2016 4913 coar-

444 4941 720 5013 guendam
769 4942 1084 5013 hujusmodi
1129 4955 1441 5000 commento
1495 4961 1592 5000 usa
1639 4957 1743 5002 est.
1781 4947 2016 5006 Nomine

455 5034 612 5089 illius
663 5037 1030 5106 syngrapham
1092 5039 1398 5108 componit,
1443 5055 1553 5108 qua
1597 5039 1702 5094 sibi
1767 5041 2016 5097 Eudoxia

444 5127 689 5198 Augusta
737 5129 1088 5194 venderetur,
1137 5146 1339 5201 eaque,
1401 5147 1501 5187 ceu
1553 5133 1700 5187 aliud
1752 5136 2011 5204 quiddam

2119 4593 2211 4645 τὸν
2268 4590 2494 4662 βέϐηλον
2541 4593 2750 4646 ἐκεῖνον
2802 4591 3058 4661 εὐνοῦχον
3100 4592 3298 4661 εὑρὼν,
3350 4594 3430 4656 είς
3479 4592 3666 4645 δίκαιον

2120 4680 2244 4736 κατ’
2281 4681 2450 4772 αὐτοῦ
2490 4684 2719 4736 κινεῖται
2751 4681 2944 4748 θυμὸν,
2974 4681 3068 4736 καὶ
3105 4682 3202 4736 τοῦ
3237 4683 3338 4752 μιν
3392 4684 3700 4772 ὑπερορίαν)

2121 4771 2564 4841 καταψηφίζεται
2605 4773 2740 4843 (90),
2771 4773 2868 4825 καὶ
2902 4773 3130 4842 δημεύει
3157 4775 3258 4844 τὴν
3278 4775 3466 4829 οὐσίαν
3492 4773 3662 4836 αὐτοῦ,
3691 4771 3697 4786 ⁶

2118 4861 2218 4932 τὴν
2241 4860 2299 4914 δέ
2343 4859 2584 4932 ἀδελφὴν
2631 4859 3140 4932 μετακαλεσάμενος
3195 4864 3521 4935 συγγνώμην
3560 4864 3666 4935 ᾔτει

2115 4953 2212 5006 καὶ
2261 4953 2360 5023 τὴν
2413 4952 2524 5009 τῶν
2589 4955 2934 5025 πραγμάτων
3007 4955 3273 5021 διοίκησιν
3330 4957 3482 5022 αὖθις
3535 4958 3664 5024 αὐτῇ

2114 5045 2464 5116 ἐνεχείρισεν.
2506 5042 2620 5100 Ἦν
2663 5046 2723 5098 δέ
2767 5048 2802 5115 η
2843 5044 3147 5120 Ιιουλχερία
3181 5048 3539 5117 συνετωτάτη,
3578 5046 3662 5099 καὶ

2115 5135 2286 5189 πολλά
2345 5136 2456 5189 τῶν
2513 5137 2916 5206 ἐλαττωμάτων
2983 5137 3079 5190 τοῦ
3133 5137 3393 5206 ἀδελφοῦ,
3460 5139 3526 5192 τά
3571 5135 3662 5207 μὲν

442 5228 608 5284 esset,
631 5223 703 5274 im
709 5223 1165 5291 peratoriobiata,
1186 5224 1351 5278 eiiicit
1370 5232 1431 5277 ut
1448 5223 1781 5280 subscribat.
1804 5227 2012 5284 Deinde

2118 5228 2460 5300 ἐπηνώρθου,
2478 5230 2546 5283 τὰ
2564 5228 2621 5283 δὲ
2645 5229 3039 5283 συνεκάλυπτε.
3062 5232 3294 5298 Λέγεται
3318 5230 3443 5299 γοῦν
3471 5231 3660 5299 ἀπροσ-

1634 5360 1835 5423 νιιτὶω
1865 5362 2174 5424 lectiones
2197 5366 2259 5424 et
2295 5368 2484 5424 nota).

518 5477 630 5549 (87)
656 5479 1647 5555 Μετήλᾼαξε.τὴνλζωήνζΕγοετίυε,
1668 5487 2012 5546 Marcellinus

2189 5488 2299 5559 (89)
2343 5488 2447 5541 Ἐν
2476 5486 2875 5564 τῷ-ξεόδόμῳ.
2904 5493 2983 5549 ita
3009 5493 3170 5552 etiam
3200 5494 3488 5564 Nicephor.
3530 5493 3652 5550 Call.

443 5559 769 5627 contes,ctc.
796 5551 1114 5627 adflaviani
1143 5551 1285 5606 Patr.
1317 5551 2009 5627 Constantinopol.festum
2116 5551 2211 5612 lib:
2245 5551 2352 5621 xiv,
2385 5551 2632 5626 cap.'47.

445 5626 610 5689 agunt
643 5619 820 5674 ϐταιοί
856 5621 921 5674 16
951 5621 1112 5675 Febr.
1145 5632 1204 5675 ttt
1233 5631 1321 5678 est
1355 5624 1408 5676 in
1432 5625 1668 5680 Menaeis.

2189 5628 2298 5698 (90)
2329 5628 2825 5698 Καταψηφίζεται.
2879 5633 3226 5690 Marcellinus
3267 5651 3466 5697 comes.
3490 5635 3658 5690 Victor

685 5691 1051 5777 Ἀγᾳτᾴίιος.
1093 5691 1262 5765 Cujus
1285 5696 1606 5752 memoriam
1633 5709 1800 5768 agunt
1837 5695 2009 5755 Graeci
2117 5689 2526 5777 'l‘p'mi'uuensis',
2558 5689 2868 5777 Chronicou,
2897 5689 3543 5777 AlexandrgThcoph'an.
3572 5719 3653 5759 an.

443 5757 480 5813 5
497 5757 647 5814 Julii.
682 5759 906 5816 Menam.

2117 5767 2188 5823 42
2214 5766 2528 5837 Theodosii,
2555 5777 2612 5826 et
2645 5772 2666 5826 1
2703 5771 2980 5829 Marciani.
