  <div class='ocr_page' id='page_1' title='image "/cluster/home/n/w/nwhite01/storage/ocr_20150623/134/hvd.32044019208289/610.png"; bbox 0 0 3828 6528; ppageno 0'>
   <div class='ocr_carea' id='block_1_1' title="bbox 229 446 359 513">
    <p class='ocr_par' dir='ltr' id='par_1_1' title="bbox 229 446 359 513">
     <span class='ocr_line' id='line_1_1' title="bbox 229 446 359 513; baseline -0.015 0"><span class='ocrx_word' id='word_1_1' title='bbox 229 446 359 513; x_wconf 77' lang='grc' dir='ltr'>12(ιί</span> 
     </span>
    </p>
   </div>
   <div class='ocr_carea' id='block_1_2' title="bbox 1450 435 2258 506">
    <p class='ocr_par' dir='ltr' id='par_1_2' title="bbox 1450 435 2258 506">
     <span class='ocr_line' id='line_1_2' title="bbox 1450 435 2258 506; baseline -0.014 0"><span class='ocrx_word' id='word_1_2' title='bbox 1450 440 1854 506; x_wconf 78' lang='lat' dir='ltr'><strong>ANNALIUM</strong></span> <span class='ocrx_word' id='word_1_3' title='bbox 1895 439 2041 499; x_wconf 80' lang='lat' dir='ltr'><strong>LIB.</strong></span> <span class='ocrx_word' id='word_1_4' title='bbox 2085 435 2258 498; x_wconf 75' lang='lat' dir='ltr'>XIII-</span> 
     </span>
    </p>
   </div>
   <div class='ocr_carea' id='block_1_3' title="bbox 3332 425 3479 492">
    <p class='ocr_par' dir='ltr' id='par_1_3' title="bbox 3332 425 3479 492">
     <span class='ocr_line' id='line_1_3' title="bbox 3332 425 3479 492; baseline -0.007 0"><span class='ocrx_word' id='word_1_5' title='bbox 3332 425 3479 492; x_wconf 72' lang='lat'><strong>120?.</strong></span> 
     </span>
    </p>
   </div>
   <div class='ocr_carea' id='block_1_4' title="bbox 225 545 1805 633">
    <p class='ocr_par' dir='ltr' id='par_1_4' title="bbox 225 558 1793 633">
     <span class='ocr_line' id='line_1_4' title="bbox 225 558 1793 633; baseline -0.006 -15"><span class='ocrx_word' id='word_1_6' title='bbox 225 563 320 618; x_wconf 77' lang='grc' dir='ltr'>καὶ</span> <span class='ocrx_word' id='word_1_7' title='bbox 346 562 397 615; x_wconf 89' lang='grc' dir='ltr'><strong>οἰ</strong></span> <span class='ocrx_word' id='word_1_8' title='bbox 429 560 629 632; x_wconf 81' lang='grc' dir='ltr'>χάρται</span> <span class='ocrx_word' id='word_1_9' title='bbox 679 560 758 632; x_wconf 81' lang='grc' dir='ltr'>τῷ</span> <span class='ocrx_word' id='word_1_10' title='bbox 782 560 970 633; x_wconf 78' lang='grc' dir='ltr'><strong>στήθει</strong></span> <span class='ocrx_word' id='word_1_11' title='bbox 994 561 1093 632; x_wconf 74' lang='grc' dir='ltr'><strong>τῆς</strong></span> <span class='ocrx_word' id='word_1_12' title='bbox 1120 559 1401 631; x_wconf 80' lang='grc' dir='ltr'>μάρτυρος</span> <span class='ocrx_word' id='word_1_13' title='bbox 1429 558 1793 623; x_wconf 82' lang='grc' dir='ltr'>ἐπιτίθενται,</span> 
     </span>
    </p>
   </div>
   <div class='ocr_carea' id='block_1_5' title="bbox 1915 545 3478 633">
    <p class='ocr_par' dir='ltr' id='par_1_5' title="bbox 1915 545 3478 622">
     <span class='ocr_line' id='line_1_5' title="bbox 1915 545 3478 622; baseline -0.004 -14"><span class='ocrx_word' id='word_1_14' title='bbox 1915 554 2078 619; x_wconf 71' lang='lat' dir='ltr'><strong>riunt,</strong></span> <span class='ocrx_word' id='word_1_15' title='bbox 2135 553 2473 622; x_wconf 82' lang='lat' dir='ltr'><strong>imperatore</strong></span> <span class='ocrx_word' id='word_1_16' title='bbox 2512 547 2623 621; x_wconf 61' lang='grc'><strong>48</strong></span> <span class='ocrx_word' id='word_1_17' title='bbox 2681 545 2846 603; x_wconf 84' lang='lat' dir='ltr'><strong>etiam</strong></span> <span class='ocrx_word' id='word_1_18' title='bbox 2918 553 3210 616; x_wconf 74' lang='lat' dir='ltr'><strong>prresentc,</strong></span> <span class='ocrx_word' id='word_1_19' title='bbox 3284 556 3478 614; x_wconf 84' lang='lat' dir='ltr'><strong>aperto</strong></span> 
     </span>
    </p>
   </div>
   <div class='ocr_carea' id='block_1_6' title="bbox 224 652 1799 727">
    <p class='ocr_par' dir='ltr' id='par_1_6' title="bbox 224 652 1799 727">
     <span class='ocr_line' id='line_1_6' title="bbox 224 652 1799 727; baseline -0.003 -18"><span class='ocrx_word' id='word_1_20' title='bbox 224 658 319 709; x_wconf 78' lang='grc' dir='ltr'>καὶ</span> <span class='ocrx_word' id='word_1_21' title='bbox 364 656 393 709; x_wconf 89' lang='grc' dir='ltr'><strong>ό</strong></span> <span class='ocrx_word' id='word_1_22' title='bbox 423 654 571 717; x_wconf 85' lang='grc' dir='ltr'>λίθος</span> <span class='ocrx_word' id='word_1_23' title='bbox 621 653 778 718; x_wconf 78' lang='grc' dir='ltr'>αὖθις</span> <span class='ocrx_word' id='word_1_24' title='bbox 824 659 892 727; x_wconf 70' lang='grc' dir='ltr'>τῇ</span> <span class='ocrx_word' id='word_1_25' title='bbox 949 654 1183 726; x_wconf 82' lang='grc' dir='ltr'><strong>λάρνακι</strong></span> <span class='ocrx_word' id='word_1_26' title='bbox 1234 653 1640 723; x_wconf 83' lang='grc' dir='ltr'>ἐπενήνεκται,</span> <span class='ocrx_word' id='word_1_27' title='bbox 1703 652 1799 706; x_wconf 81' lang='grc' dir='ltr'><strong>καί</strong></span> 
     </span>
    </p>
   </div>
   <div class='ocr_carea' id='block_1_7' title="bbox 224 741 1799 816">
    <p class='ocr_par' dir='ltr' id='par_1_7' title="bbox 224 741 1799 816">
     <span class='ocr_line' id='line_1_7' title="bbox 224 741 1799 816; baseline -0.004 -16"><span class='ocrx_word' id='word_1_28' title='bbox 224 745 590 816; x_wconf 65' lang='grc' dir='ltr'>σφραγίζεται</span> <span class='ocrx_word' id='word_1_29' title='bbox 636 746 728 801; x_wconf 81' lang='grc' dir='ltr'><strong>ὑπ’</strong></span> <span class='ocrx_word' id='word_1_30' title='bbox 761 746 965 816; x_wconf 77' lang='grc' dir='ltr'><strong>ἀμφοῖν</strong></span> <span class='ocrx_word' id='word_1_31' title='bbox 993 747 1104 798; x_wconf 82' lang='grc' dir='ltr'><strong>τοῖν</strong></span> <span class='ocrx_word' id='word_1_32' title='bbox 1129 747 1336 815; x_wconf 78' lang='grc' dir='ltr'><strong>μεροῖν.</strong></span> <span class='ocrx_word' id='word_1_33' title='bbox 1364 743 1438 799; x_wconf 82' lang='grc' dir='ltr'>Τὸ</span> <span class='ocrx_word' id='word_1_34' title='bbox 1473 742 1516 797; x_wconf 79' lang='grc' dir='ltr'>δ’</span> <span class='ocrx_word' id='word_1_35' title='bbox 1547 741 1799 796; x_wconf 86' lang='grc' dir='ltr'>ἐντεῦθεν</span> 
     </span>
    </p>
   </div>
   <div class='ocr_carea' id='block_1_8' title="bbox 224 833 1801 909">
    <p class='ocr_par' dir='ltr' id='par_1_8' title="bbox 224 833 1801 909">
     <span class='ocr_line' id='line_1_8' title="bbox 224 833 1801 909; baseline -0.004 -17"><span class='ocrx_word' id='word_1_36' title='bbox 224 839 429 892; x_wconf 85' lang='grc' dir='ltr'>ἱκεσίαι</span> <span class='ocrx_word' id='word_1_37' title='bbox 491 840 628 908; x_wconf 75' lang='grc' dir='ltr'>πρὸς</span> <span class='ocrx_word' id='word_1_38' title='bbox 655 838 746 892; x_wconf 80' lang='grc' dir='ltr'>τὸν</span> <span class='ocrx_word' id='word_1_39' title='bbox 773 838 908 893; x_wconf 82' lang='grc' dir='ltr'>Θεὸν</span> <span class='ocrx_word' id='word_1_40' title='bbox 940 839 1035 891; x_wconf 74' lang='grc' dir='ltr'>καὶ</span> <span class='ocrx_word' id='word_1_41' title='bbox 1080 838 1296 909; x_wconf 80' lang='grc' dir='ltr'><strong>δεήσεις</strong></span> <span class='ocrx_word' id='word_1_42' title='bbox 1321 834 1633 905; x_wconf 74' lang='grc' dir='ltr'><strong>παννύχιοι,</strong></span> <span class='ocrx_word' id='word_1_43' title='bbox 1665 833 1801 886; x_wconf 87' lang='grc' dir='ltr'>ἀπο-</span> 
     </span>
    </p>
   </div>
   <div class='ocr_carea' id='block_1_9' title="bbox 222 925 1799 1000">
    <p class='ocr_par' dir='ltr' id='par_1_9' title="bbox 222 925 1799 1000">
     <span class='ocr_line' id='line_1_9' title="bbox 222 925 1799 1000; baseline -0.003 -18"><span class='ocrx_word' id='word_1_44' title='bbox 222 929 464 999; x_wconf 76' lang='grc' dir='ltr'>καλύψαι</span> <span class='ocrx_word' id='word_1_45' title='bbox 507 929 593 992; x_wconf 86' lang='grc' dir='ltr'><strong>τίς</strong></span> <span class='ocrx_word' id='word_1_46' title='bbox 652 928 804 1000; x_wconf 82' lang='grc' dir='ltr'>αύτῷ</span> <span class='ocrx_word' id='word_1_47' title='bbox 841 929 952 984; x_wconf 87' lang='grc' dir='ltr'><strong>τῶν</strong></span> <span class='ocrx_word' id='word_1_48' title='bbox 989 928 1164 994; x_wconf 81' lang='grc' dir='ltr'>δοξῶν</span> <span class='ocrx_word' id='word_1_49' title='bbox 1218 926 1558 998; x_wconf 84' lang='grc' dir='ltr'>καταθύμιος</span> <span class='ocrx_word' id='word_1_50' title='bbox 1588 925 1683 981; x_wconf 77' lang='grc' dir='ltr'>καὶ</span> <span class='ocrx_word' id='word_1_51' title='bbox 1715 925 1799 988; x_wconf 90' lang='grc' dir='ltr'><strong>τίς</strong></span> 
     </span>
    </p>
   </div>
   <div class='ocr_carea' id='block_1_10' title="bbox 232 1018 1803 1092">
    <p class='ocr_par' dir='ltr' id='par_1_10' title="bbox 232 1018 1803 1092">
     <span class='ocr_line' id='line_1_10' title="bbox 232 1018 1803 1092; baseline -0.004 -16"><span class='ocrx_word' id='word_1_52' title='bbox 232 1021 556 1092; x_wconf 74' lang='grc' dir='ltr'>ἀποϐλητέα</span> <span class='ocrx_word' id='word_1_53' title='bbox 576 1021 746 1075; x_wconf 85' lang='grc' dir='ltr'>δοκεῖ.</span> <span class='ocrx_word' id='word_1_54' title='bbox 781 1022 892 1075; x_wconf 78' lang='grc' dir='ltr'><strong>Καὶ</strong></span> <span class='ocrx_word' id='word_1_55' title='bbox 951 1022 1093 1091; x_wconf 80' lang='grc' dir='ltr'><strong>μετά</strong></span> <span class='ocrx_word' id='word_1_56' title='bbox 1146 1021 1340 1090; x_wconf 86' lang='grc' dir='ltr'>τρίτην</span> <span class='ocrx_word' id='word_1_57' title='bbox 1370 1021 1586 1090; x_wconf 74' lang='grc' dir='ltr'>ἡμέραν</span> <span class='ocrx_word' id='word_1_58' title='bbox 1617 1018 1803 1089; x_wconf 82' lang='grc' dir='ltr'>συνέρ-</span> 
     </span>
    </p>
   </div>
   <div class='ocr_carea' id='block_1_11' title="bbox 218 1110 1801 1185">
    <p class='ocr_par' dir='ltr' id='par_1_11' title="bbox 218 1110 1801 1185">
     <span class='ocr_line' id='line_1_11' title="bbox 218 1110 1801 1185; baseline -0.001 -20"><span class='ocrx_word' id='word_1_59' title='bbox 218 1129 433 1185; x_wconf 73' lang='grc' dir='ltr'>χοιται,</span> <span class='ocrx_word' id='word_1_60' title='bbox 488 1112 623 1185; x_wconf 82' lang='grc' dir='ltr'>μηδὲ</span> <span class='ocrx_word' id='word_1_61' title='bbox 679 1113 776 1168; x_wconf 89' lang='grc' dir='ltr'><strong>τοῦ</strong></span> <span class='ocrx_word' id='word_1_62' title='bbox 831 1113 1102 1184; x_wconf 80' lang='grc' dir='ltr'>βασιλέως</span> <span class='ocrx_word' id='word_1_63' title='bbox 1166 1112 1591 1182; x_wconf 76' lang='grc' dir='ltr'>ἀπολειφθέντος</span> <span class='ocrx_word' id='word_1_64' title='bbox 1626 1152 1642 1177; x_wconf 84' lang='grc'><strong>,</strong></span> <span class='ocrx_word' id='word_1_65' title='bbox 1708 1110 1801 1166; x_wconf 84' lang='grc' dir='ltr'><strong>καί</strong></span> 
     </span>
    </p>
   </div>
   <div class='ocr_carea' id='block_1_12' title="bbox 218 1203 1800 1276">
    <p class='ocr_par' dir='ltr' id='par_1_12' title="bbox 218 1203 1800 1276">
     <span class='ocr_line' id='line_1_12' title="bbox 218 1203 1800 1276; baseline -0.001 -19"><span class='ocrx_word' id='word_1_66' title='bbox 218 1205 537 1276; x_wconf 81' lang='grc' dir='ltr'>ἀνοιγείσης</span> <span class='ocrx_word' id='word_1_67' title='bbox 594 1204 693 1274; x_wconf 84' lang='grc' dir='ltr'><strong>τῆς</strong></span> <span class='ocrx_word' id='word_1_68' title='bbox 732 1203 1007 1276; x_wconf 85' lang='grc' dir='ltr'>λάρνακος</span> <span class='ocrx_word' id='word_1_69' title='bbox 1040 1244 1058 1271; x_wconf 85' lang='grc'><strong>,</strong></span> <span class='ocrx_word' id='word_1_70' title='bbox 1124 1205 1237 1258; x_wconf 88' lang='grc' dir='ltr'><strong>τῶν</strong></span> <span class='ocrx_word' id='word_1_71' title='bbox 1294 1204 1614 1275; x_wconf 83' lang='grc' dir='ltr'><strong>θαυμασίων</strong></span> <span class='ocrx_word' id='word_1_72' title='bbox 1659 1220 1752 1255; x_wconf 92' lang='grc' dir='ltr'><strong>σου</strong></span> <span class='ocrx_word' id='word_1_73' title='bbox 1783 1241 1800 1268; x_wconf 91' lang='grc'><strong>,</strong></span> 
     </span>
    </p>
   </div>
   <div class='ocr_carea' id='block_1_13' title="bbox 220 1295 1803 1368">
    <p class='ocr_par' dir='ltr' id='par_1_13' title="bbox 220 1295 1803 1368">
     <span class='ocr_line' id='line_1_13' title="bbox 220 1295 1803 1368; baseline 0 -19"><span class='ocrx_word' id='word_1_74' title='bbox 220 1295 419 1366; x_wconf 82' lang='grc' dir='ltr'>Κύριε,</span> <span class='ocrx_word' id='word_1_75' title='bbox 473 1296 675 1367; x_wconf 77' lang='grc' dir='ltr'>εὑρέθη</span> <span class='ocrx_word' id='word_1_76' title='bbox 703 1299 730 1350; x_wconf 92' lang='grc' dir='ltr'><strong>ό</strong></span> <span class='ocrx_word' id='word_1_77' title='bbox 763 1297 863 1366; x_wconf 85' lang='grc' dir='ltr'><strong>μέν</strong></span> <span class='ocrx_word' id='word_1_78' title='bbox 907 1295 1016 1350; x_wconf 88' lang='grc' dir='ltr'><strong>τῶν</strong></span> <span class='ocrx_word' id='word_1_79' title='bbox 1056 1297 1353 1368; x_wconf 88' lang='grc' dir='ltr'>αἰρετικῶν</span> <span class='ocrx_word' id='word_1_80' title='bbox 1402 1297 1566 1367; x_wconf 88' lang='grc' dir='ltr'>τόμος</span> <span class='ocrx_word' id='word_1_81' title='bbox 1607 1297 1664 1348; x_wconf 83' lang='grc' dir='ltr'><strong>ἐν</strong></span> <span class='ocrx_word' id='word_1_82' title='bbox 1688 1298 1803 1359; x_wconf 86' lang='grc' dir='ltr'>τοίς</span> 
     </span>
    </p>
   </div>
   <div class='ocr_carea' id='block_1_14' title="bbox 217 1387 1803 1462">
    <p class='ocr_par' dir='ltr' id='par_1_14' title="bbox 217 1387 1803 1462">
     <span class='ocr_line' id='line_1_14' title="bbox 217 1387 1803 1462; baseline -0.003 -19"><span class='ocrx_word' id='word_1_83' title='bbox 217 1391 356 1443; x_wconf 66' lang='grc' dir='ltr'>ποσὶ</span> <span class='ocrx_word' id='word_1_84' title='bbox 405 1388 504 1459; x_wconf 83' lang='grc' dir='ltr'>τῆς</span> <span class='ocrx_word' id='word_1_85' title='bbox 575 1389 854 1462; x_wconf 79' lang='grc' dir='ltr'>μάρτυρος</span> <span class='ocrx_word' id='word_1_86' title='bbox 918 1390 1176 1461; x_wconf 77' lang='grc' dir='ltr'><strong>κείμενος</strong></span> <span class='ocrx_word' id='word_1_87' title='bbox 1214 1430 1229 1456; x_wconf 92' lang='grc'><strong>,</strong></span> <span class='ocrx_word' id='word_1_88' title='bbox 1278 1390 1306 1442; x_wconf 83' lang='grc'>6</span> <span class='ocrx_word' id='word_1_89' title='bbox 1340 1390 1396 1442; x_wconf 80' lang='grc' dir='ltr'>δέ</span> <span class='ocrx_word' id='word_1_90' title='bbox 1423 1405 1485 1457; x_wconf 85' lang='grc' dir='ltr'><strong>γε</strong></span> <span class='ocrx_word' id='word_1_91' title='bbox 1518 1387 1707 1450; x_wconf 76' lang='grc' dir='ltr'>λοιπὸς</span> <span class='ocrx_word' id='word_1_92' title='bbox 1734 1389 1803 1458; x_wconf 73' lang='grc' dir='ltr'><strong>τῇ</strong></span> 
     </span>
    </p>
   </div>
   <div class='ocr_carea' id='block_1_15' title="bbox 216 1480 1803 1556">
    <p class='ocr_par' dir='ltr' id='par_1_15' title="bbox 216 1480 1803 1556">
     <span class='ocr_line' id='line_1_15' title="bbox 216 1480 1803 1556; baseline -0.001 -23"><span class='ocrx_word' id='word_1_93' title='bbox 216 1480 372 1552; x_wconf 80' lang='grc' dir='ltr'>δεξιᾷ</span> <span class='ocrx_word' id='word_1_94' title='bbox 404 1480 608 1551; x_wconf 77' lang='grc' dir='ltr'>ταύτης</span> <span class='ocrx_word' id='word_1_95' title='bbox 636 1481 781 1552; x_wconf 86' lang='grc' dir='ltr'>χειρί</span> <span class='ocrx_word' id='word_1_96' title='bbox 811 1483 1199 1554; x_wconf 78' lang='grc' dir='ltr'><strong>κατεχόμενος,</strong></span> <span class='ocrx_word' id='word_1_97' title='bbox 1225 1484 1291 1556; x_wconf 78' lang='grc' dir='ltr'>ἢν</span> <span class='ocrx_word' id='word_1_98' title='bbox 1323 1483 1561 1536; x_wconf 80' lang='grc' dir='ltr'>ἐκτεῖναι</span> <span class='ocrx_word' id='word_1_99' title='bbox 1585 1481 1803 1548; x_wconf 83' lang='grc' dir='ltr'>λέγεται</span> 
     </span>
    </p>
   </div>
   <div class='ocr_carea' id='block_1_16' title="bbox 216 1571 1805 1644">
    <p class='ocr_par' dir='ltr' id='par_1_16' title="bbox 216 1571 1805 1644">
     <span class='ocr_line' id='line_1_16' title="bbox 216 1571 1805 1644; baseline 0 -20"><span class='ocrx_word' id='word_1_100' title='bbox 216 1573 362 1642; x_wconf 79' lang='grc' dir='ltr'>πρὸς</span> <span class='ocrx_word' id='word_1_101' title='bbox 407 1571 502 1626; x_wconf 74' lang='grc' dir='ltr'>τὸν</span> <span class='ocrx_word' id='word_1_102' title='bbox 557 1573 788 1644; x_wconf 78' lang='grc' dir='ltr'>βασιλέα</span> <span class='ocrx_word' id='word_1_103' title='bbox 835 1574 929 1628; x_wconf 79' lang='grc' dir='ltr'><strong>καὶ</strong></span> <span class='ocrx_word' id='word_1_104' title='bbox 986 1574 1079 1628; x_wconf 78' lang='grc' dir='ltr'>τὸν</span> <span class='ocrx_word' id='word_1_105' title='bbox 1134 1574 1485 1644; x_wconf 78' lang='grc' dir='ltr'>πατριάρχην</span> <span class='ocrx_word' id='word_1_106' title='bbox 1516 1572 1605 1626; x_wconf 69' lang='grc' dir='ltr'>τὸν</span> <span class='ocrx_word' id='word_1_107' title='bbox 1640 1574 1805 1642; x_wconf 88' lang='grc' dir='ltr'>τόμον</span> 
     </span>
    </p>
   </div>
   <div class='ocr_carea' id='block_1_17' title="bbox 216 1661 1808 1736">
    <p class='ocr_par' dir='ltr' id='par_1_17' title="bbox 216 1661 1808 1736">
     <span class='ocr_line' id='line_1_17' title="bbox 216 1661 1808 1736; baseline -0.001 -19"><span class='ocrx_word' id='word_1_108' title='bbox 216 1665 413 1729; x_wconf 72' lang='grc' dir='ltr'>αὐτοῖς</span> <span class='ocrx_word' id='word_1_109' title='bbox 466 1665 875 1736; x_wconf 75' lang='grc' dir='ltr'>ἐγχειρίζουσα.</span> <span class='ocrx_word' id='word_1_110' title='bbox 928 1666 993 1720; x_wconf 90' lang='grc' dir='ltr'>Οἰ</span> <span class='ocrx_word' id='word_1_111' title='bbox 1029 1665 1129 1735; x_wconf 80' lang='grc' dir='ltr'>μὲν</span> <span class='ocrx_word' id='word_1_112' title='bbox 1171 1661 1265 1721; x_wconf 80' lang='grc' dir='ltr'>οὖν</span> <span class='ocrx_word' id='word_1_113' title='bbox 1315 1665 1377 1719; x_wconf 77' lang='grc' dir='ltr'><strong>τὸ</strong></span> <span class='ocrx_word' id='word_1_114' title='bbox 1428 1665 1588 1734; x_wconf 73' lang='grc' dir='ltr'>ὀρθὸν</span> <span class='ocrx_word' id='word_1_115' title='bbox 1673 1679 1808 1735; x_wconf 82' lang='grc' dir='ltr'>πρε-</span> 
     </span>
    </p>
   </div>
   <div class='ocr_carea' id='block_1_18' title="bbox 215 1753 1806 1829">
    <p class='ocr_par' dir='ltr' id='par_1_18' title="bbox 215 1753 1806 1829">
     <span class='ocr_line' id='line_1_18' title="bbox 215 1753 1806 1829; baseline -0.001 -20"><span class='ocrx_word' id='word_1_116' title='bbox 215 1755 516 1820; x_wconf 73' lang='grc' dir='ltr'>σῧεύοντες</span> <span class='ocrx_word' id='word_1_117' title='bbox 574 1757 755 1827; x_wconf 86' lang='grc' dir='ltr'>δόγμα</span> <span class='ocrx_word' id='word_1_118' title='bbox 808 1753 952 1829; x_wconf 77' lang='grc' dir='ltr'>ἦσαν</span> <span class='ocrx_word' id='word_1_119' title='bbox 1004 1759 1064 1811; x_wconf 86' lang='grc' dir='ltr'><strong>ἐν</strong></span> <span class='ocrx_word' id='word_1_120' title='bbox 1111 1757 1436 1828; x_wconf 87' lang='grc' dir='ltr'>κρότοις,οἰ</span> <span class='ocrx_word' id='word_1_121' title='bbox 1489 1757 1547 1810; x_wconf 88' lang='grc' dir='ltr'><strong>δέ</strong></span> <span class='ocrx_word' id='word_1_122' title='bbox 1593 1756 1806 1820; x_wconf 77' lang='grc' dir='ltr'>τούτοις</span> 
     </span>
    </p>
   </div>
   <div class='ocr_carea' id='block_1_19' title="bbox 213 1843 1805 1918">
    <p class='ocr_par' dir='ltr' id='par_1_19' title="bbox 213 1843 1805 1918">
     <span class='ocr_line' id='line_1_19' title="bbox 213 1843 1805 1918; baseline -0.002 -20"><span class='ocrx_word' id='word_1_123' title='bbox 213 1845 665 1918; x_wconf 63' lang='grc' dir='ltr'>ἑτεῳγνώμονες</span> <span class='ocrx_word' id='word_1_124' title='bbox 687 1845 1068 1915; x_wconf 81' lang='grc' dir='ltr'>κατηφιῶντες</span> <span class='ocrx_word' id='word_1_125' title='bbox 1084 1845 1181 1899; x_wconf 70' lang='grc' dir='ltr'>καὶ</span> <span class='ocrx_word' id='word_1_126' title='bbox 1204 1844 1394 1907; x_wconf 83' lang='grc' dir='ltr'>σκότος</span> <span class='ocrx_word' id='word_1_127' title='bbox 1425 1845 1521 1898; x_wconf 80' lang='grc' dir='ltr'><strong>ὑπ’</strong></span> <span class='ocrx_word' id='word_1_128' title='bbox 1544 1843 1805 1915; x_wconf 72' lang='grc' dir='ltr'>αἰσχύνης</span> 
     </span>
    </p>
   </div>
   <div class='ocr_carea' id='block_1_20' title="bbox 216 1935 1803 2007">
    <p class='ocr_par' dir='ltr' id='par_1_20' title="bbox 216 1935 1803 2007">
     <span class='ocr_line' id='line_1_20' title="bbox 216 1935 1803 2007; baseline 0.001 -20"><span class='ocrx_word' id='word_1_129' title='bbox 216 1935 616 2007; x_wconf 79' lang='grc' dir='ltr'>περιχυθέντες</span> <span class='ocrx_word' id='word_1_130' title='bbox 666 1937 1010 2005; x_wconf 84' lang='grc' dir='ltr'>ἀπήλθοσαν·</span> <span class='ocrx_word' id='word_1_131' title='bbox 1081 1938 1228 2001; x_wconf 87' lang='grc' dir='ltr'>τινές</span> <span class='ocrx_word' id='word_1_132' title='bbox 1257 1936 1305 1991; x_wconf 79' lang='grc' dir='ltr'>δ’</span> <span class='ocrx_word' id='word_1_133' title='bbox 1349 1939 1414 1991; x_wconf 83' lang='grc' dir='ltr'><strong>ἐκ</strong></span> <span class='ocrx_word' id='word_1_134' title='bbox 1473 1936 1680 1991; x_wconf 87' lang='grc' dir='ltr'>τούτων</span> <span class='ocrx_word' id='word_1_135' title='bbox 1712 1936 1803 1989; x_wconf 77' lang='grc' dir='ltr'>καὶ</span> 
     </span>
    </p>
   </div>
   <div class='ocr_carea' id='block_1_21' title="bbox 215 2027 1803 2100">
    <p class='ocr_par' dir='ltr' id='par_1_21' title="bbox 215 2027 1803 2100">
     <span class='ocr_line' id='line_1_21' title="bbox 215 2027 1803 2100; baseline 0.003 -22"><span class='ocrx_word' id='word_1_136' title='bbox 215 2027 363 2096; x_wconf 69' lang='grc' dir='ltr'>πρὸς</span> <span class='ocrx_word' id='word_1_137' title='bbox 407 2027 466 2079; x_wconf 77' lang='grc' dir='ltr'>τὸ</span> <span class='ocrx_word' id='word_1_138' title='bbox 520 2027 804 2099; x_wconf 76' lang='grc' dir='ltr'>όρθόδοξον</span> <span class='ocrx_word' id='word_1_139' title='bbox 864 2028 1249 2100; x_wconf 76' lang='grc' dir='ltr'>μετεϐάλοντο.</span> <span class='ocrx_word' id='word_1_140' title='bbox 1315 2030 1475 2084; x_wconf 78' lang='grc' dir='ltr'>Κατὰ</span> <span class='ocrx_word' id='word_1_141' title='bbox 1533 2030 1625 2083; x_wconf 65' lang='grc' dir='ltr'><strong>τόν</strong></span> <span class='ocrx_word' id='word_1_142' title='bbox 1683 2030 1803 2083; x_wconf 84' lang='grc' dir='ltr'>τότε</span> 
     </span>
    </p>
   </div>
   <div class='ocr_carea' id='block_1_22' title="bbox 217 2118 1805 2193">
    <p class='ocr_par' dir='ltr' id='par_1_22' title="bbox 217 2118 1805 2193">
     <span class='ocr_line' id='line_1_22' title="bbox 217 2118 1805 2193; baseline 0.004 -24"><span class='ocrx_word' id='word_1_143' title='bbox 217 2118 427 2187; x_wconf 78' lang='grc' dir='ltr'>χρόνον</span> <span class='ocrx_word' id='word_1_144' title='bbox 462 2118 554 2171; x_wconf 77' lang='grc' dir='ltr'><strong>καί</strong></span> <span class='ocrx_word' id='word_1_145' title='bbox 608 2119 642 2189; x_wconf 76' lang='grc' dir='ltr'>ἡ</span> <span class='ocrx_word' id='word_1_146' title='bbox 680 2119 897 2190; x_wconf 78' lang='grc' dir='ltr'>βασιλὶς</span> <span class='ocrx_word' id='word_1_147' title='bbox 945 2121 1251 2193; x_wconf 82' lang='grc' dir='ltr'>[ιουλχερία</span> <span class='ocrx_word' id='word_1_148' title='bbox 1296 2122 1522 2192; x_wconf 82' lang='grc' dir='ltr'>θνήσκει</span> <span class='ocrx_word' id='word_1_149' title='bbox 1566 2123 1805 2187; x_wconf 75' lang='grc' dir='ltr'>εὐσεϐῶς</span> 
     </span>
    </p>
   </div>
   <div class='ocr_carea' id='block_1_23' title="bbox 213 2211 1809 2285">
    <p class='ocr_par' dir='ltr' id='par_1_23' title="bbox 213 2211 1809 2285">
     <span class='ocr_line' id='line_1_23' title="bbox 213 2211 1809 2285; baseline 0.002 -22"><span class='ocrx_word' id='word_1_150' title='bbox 213 2228 279 2263; x_wconf 81' lang='grc' dir='ltr'><strong>τε</strong></span> <span class='ocrx_word' id='word_1_151' title='bbox 332 2214 431 2264; x_wconf 74' lang='grc' dir='ltr'>καὶ</span> <span class='ocrx_word' id='word_1_152' title='bbox 470 2211 733 2276; x_wconf 74' lang='grc' dir='ltr'>εὐκλεῶς,</span> <span class='ocrx_word' id='word_1_153' title='bbox 779 2214 874 2265; x_wconf 80' lang='grc' dir='ltr'>καὶ</span> <span class='ocrx_word' id='word_1_154' title='bbox 918 2214 1006 2267; x_wconf 76' lang='grc' dir='ltr'>ἐπ’</span> <span class='ocrx_word' id='word_1_155' title='bbox 1043 2213 1233 2266; x_wconf 84' lang='grc' dir='ltr'>ἐλπίσι</span> <span class='ocrx_word' id='word_1_156' title='bbox 1280 2216 1570 2285; x_wconf 84' lang='grc' dir='ltr'>χρησταῖς.</span> <span class='ocrx_word' id='word_1_157' title='bbox 1622 2215 1809 2268; x_wconf 80' lang='grc' dir='ltr'>Πάντα</span> 
     </span>
    </p>
   </div>
   <div class='ocr_carea' id='block_1_24' title="bbox 214 2303 1808 2375">
    <p class='ocr_par' dir='ltr' id='par_1_24' title="bbox 214 2303 1808 2375">
     <span class='ocr_line' id='line_1_24' title="bbox 214 2303 1808 2375; baseline 0.002 -19"><span class='ocrx_word' id='word_1_158' title='bbox 214 2306 334 2374; x_wconf 67' lang='grc' dir='ltr'><strong>γὰρ</strong></span> <span class='ocrx_word' id='word_1_159' title='bbox 383 2303 474 2356; x_wconf 75' lang='grc' dir='ltr'><strong>τὸν</strong></span> <span class='ocrx_word' id='word_1_160' title='bbox 517 2303 748 2358; x_wconf 87' lang='grc' dir='ltr'>πλοῦτον</span> <span class='ocrx_word' id='word_1_161' title='bbox 801 2305 973 2373; x_wconf 81' lang='grc' dir='ltr'>αὐτῆς</span> <span class='ocrx_word' id='word_1_162' title='bbox 1011 2305 1251 2375; x_wconf 81' lang='grc' dir='ltr'>διένειμε</span> <span class='ocrx_word' id='word_1_163' title='bbox 1303 2306 1523 2375; x_wconf 81' lang='grc' dir='ltr'>πένησι,</span> <span class='ocrx_word' id='word_1_164' title='bbox 1592 2309 1687 2359; x_wconf 79' lang='grc' dir='ltr'>καὶ</span> <span class='ocrx_word' id='word_1_165' title='bbox 1730 2304 1808 2373; x_wconf 84' lang='grc' dir='ltr'>τῷ</span> 
     </span>
    </p>
   </div>
   <div class='ocr_carea' id='block_1_25' title="bbox 215 2394 1807 2468">
    <p class='ocr_par' dir='ltr' id='par_1_25' title="bbox 215 2394 1807 2468">
     <span class='ocr_line' id='line_1_25' title="bbox 215 2394 1807 2468; baseline 0.001 -21"><span class='ocrx_word' id='word_1_166' title='bbox 215 2395 361 2464; x_wconf 74' lang='grc' dir='ltr'>πρδς</span> <span class='ocrx_word' id='word_1_167' title='bbox 384 2394 610 2458; x_wconf 74' lang='grc' dir='ltr'>τούτους</span> <span class='ocrx_word' id='word_1_168' title='bbox 658 2396 794 2465; x_wconf 75' lang='grc' dir='ltr'>ἐλέῳ</span> <span class='ocrx_word' id='word_1_169' title='bbox 856 2397 946 2451; x_wconf 53' lang='grc' dir='ltr'><strong>τόν</strong></span> <span class='ocrx_word' id='word_1_170' title='bbox 978 2397 1071 2451; x_wconf 83' lang='grc' dir='ltr'><strong>τοῦ</strong></span> <span class='ocrx_word' id='word_1_171' title='bbox 1128 2397 1264 2452; x_wconf 79' lang='grc' dir='ltr'>Θεοῦ</span> <span class='ocrx_word' id='word_1_172' title='bbox 1329 2398 1601 2468; x_wconf 74' lang='grc' dir='ltr'>ἐκτήσατο</span> <span class='ocrx_word' id='word_1_173' title='bbox 1635 2398 1807 2451; x_wconf 75' lang='grc' dir='ltr'>ἔλεον.</span> 
     </span>
    </p>
   </div>
   <div class='ocr_carea' id='block_1_26' title="bbox 216 2483 1807 2560">
    <p class='ocr_par' dir='ltr' id='par_1_26' title="bbox 216 2483 1807 2560">
     <span class='ocr_line' id='line_1_26' title="bbox 216 2483 1807 2560; baseline 0.002 -20"><span class='ocrx_word' id='word_1_174' title='bbox 216 2488 676 2551; x_wconf 73' lang='grc' dir='ltr'>Οὑαλεντινιανὺς</span> <span class='ocrx_word' id='word_1_175' title='bbox 698 2487 753 2540; x_wconf 82' lang='grc' dir='ltr'>δὲ</span> <span class='ocrx_word' id='word_1_176' title='bbox 779 2490 806 2541; x_wconf 84' lang='grc' dir='ltr'><em>ὀ</em></span> <span class='ocrx_word' id='word_1_177' title='bbox 831 2488 1050 2558; x_wconf 62' lang='grc' dir='ltr'>ἀνεψιὲς</span> <span class='ocrx_word' id='word_1_178' title='bbox 1116 2488 1402 2560; x_wconf 87' lang='grc' dir='ltr'>Ὀνωρίου,</span> <span class='ocrx_word' id='word_1_179' title='bbox 1460 2483 1521 2543; x_wconf 81' lang='grc' dir='ltr'><strong>οῦ</strong></span> <span class='ocrx_word' id='word_1_180' title='bbox 1562 2492 1674 2544; x_wconf 78' lang='grc' dir='ltr'>ἄνω</span> <span class='ocrx_word' id='word_1_181' title='bbox 1705 2508 1807 2543; x_wconf 85' lang='grc' dir='ltr'><strong>που</strong></span> 
     </span>
    </p>
   </div>
   <div class='ocr_carea' id='block_1_27' title="bbox 216 2579 1809 2653">
    <p class='ocr_par' dir='ltr' id='par_1_27' title="bbox 216 2579 1809 2653">
     <span class='ocr_line' id='line_1_27' title="bbox 216 2579 1809 2653; baseline 0.003 -22"><span class='ocrx_word' id='word_1_182' title='bbox 216 2579 783 2651; x_wconf 76' lang='grc' dir='ltr'>ἐπεμνήσθημεν,ὠς</span> <span class='ocrx_word' id='word_1_183' title='bbox 841 2582 906 2634; x_wconf 86' lang='grc' dir='ltr'><strong>ἐκ</strong></span> <span class='ocrx_word' id='word_1_184' title='bbox 956 2582 1057 2649; x_wconf 75' lang='grc' dir='ltr'>τῆς</span> <span class='ocrx_word' id='word_1_185' title='bbox 1090 2581 1331 2651; x_wconf 77' lang='grc' dir='ltr'>ἀδελφῆς</span> <span class='ocrx_word' id='word_1_186' title='bbox 1390 2580 1557 2636; x_wconf 80' lang='grc' dir='ltr'>αὐτοῦ</span> <span class='ocrx_word' id='word_1_187' title='bbox 1616 2600 1809 2653; x_wconf 71' lang='grc' dir='ltr'>γεννη-</span> 
     </span>
    </p>
   </div>
   <div class='ocr_carea' id='block_1_28' title="bbox 217 2670 1808 2746">
    <p class='ocr_par' dir='ltr' id='par_1_28' title="bbox 217 2670 1808 2746">
     <span class='ocr_line' id='line_1_28' title="bbox 217 2670 1808 2746; baseline 0.003 -22"><span class='ocrx_word' id='word_1_188' title='bbox 217 2671 414 2734; x_wconf 74' lang='grc' dir='ltr'>Θέντος</span> <span class='ocrx_word' id='word_1_189' title='bbox 451 2670 554 2740; x_wconf 74' lang='grc' dir='ltr'>τῆς</span> <span class='ocrx_word' id='word_1_190' title='bbox 581 2671 894 2736; x_wconf 83' lang='grc' dir='ltr'>Πλακιδίας,</span> <span class='ocrx_word' id='word_1_191' title='bbox 931 2672 1239 2741; x_wconf 81' lang='grc' dir='ltr'>βασιλεύων</span> <span class='ocrx_word' id='word_1_192' title='bbox 1268 2675 1325 2727; x_wconf 84' lang='grc' dir='ltr'><strong>ἐν</strong></span> <span class='ocrx_word' id='word_1_193' title='bbox 1349 2677 1417 2746; x_wconf 77' lang='grc' dir='ltr'>τῇ</span> <span class='ocrx_word' id='word_1_194' title='bbox 1447 2675 1808 2746; x_wconf 74' lang='grc' dir='ltr'>πρεσϐυτέρᾳ</span> 
     </span>
    </p>
   </div>
   <div class='ocr_carea' id='block_1_29' title="bbox 230 2761 1811 2837">
    <p class='ocr_par' dir='ltr' id='par_1_29' title="bbox 230 2761 1811 2837">
     <span class='ocr_line' id='line_1_29' title="bbox 230 2761 1811 2837; baseline 0.002 -20"><span class='ocrx_word' id='word_1_195' title='bbox 230 2761 457 2834; x_wconf 80' lang='grc' dir='ltr'>Ῥώμῃ,</span> <span class='ocrx_word' id='word_1_196' title='bbox 487 2762 680 2830; x_wconf 82' lang='grc' dir='ltr'>ἄγεται</span> <span class='ocrx_word' id='word_1_197' title='bbox 737 2765 819 2828; x_wconf 89' lang='grc' dir='ltr'><strong>είς</strong></span> <span class='ocrx_word' id='word_1_198' title='bbox 884 2767 1122 2833; x_wconf 81' lang='grc' dir='ltr'>γυναῖκα</span> <span class='ocrx_word' id='word_1_199' title='bbox 1188 2765 1452 2830; x_wconf 81' lang='grc' dir='ltr'>Εύδοξίαν</span> <span class='ocrx_word' id='word_1_200' title='bbox 1502 2766 1602 2837; x_wconf 81' lang='grc' dir='ltr'>τὴν</span> <span class='ocrx_word' id='word_1_201' title='bbox 1648 2768 1811 2820; x_wconf 77' lang='grc' dir='ltr'>παῖδα</span> 
     </span>
    </p>
   </div>
   <div class='ocr_carea' id='block_1_30' title="bbox 218 2852 1813 2929">
    <p class='ocr_par' dir='ltr' id='par_1_30' title="bbox 218 2852 1813 2929">
     <span class='ocr_line' id='line_1_30' title="bbox 218 2852 1813 2929; baseline 0.005 -26"><span class='ocrx_word' id='word_1_202' title='bbox 218 2852 324 2905; x_wconf 81' lang='grc' dir='ltr'><strong>τοῦ</strong></span> <span class='ocrx_word' id='word_1_203' title='bbox 362 2853 487 2907; x_wconf 74' lang='grc' dir='ltr'>νέου</span> <span class='ocrx_word' id='word_1_204' title='bbox 548 2854 853 2910; x_wconf 80' lang='grc' dir='ltr'>Θεοδοσίου.</span> <span class='ocrx_word' id='word_1_205' title='bbox 923 2857 1424 2928; x_wconf 81' lang='grc' dir='ltr'>Ἐκδεδιῃτημένως</span> <span class='ocrx_word' id='word_1_206' title='bbox 1471 2858 1526 2911; x_wconf 82' lang='grc' dir='ltr'><strong>δέ</strong></span> <span class='ocrx_word' id='word_1_207' title='bbox 1565 2857 1813 2929; x_wconf 79' lang='grc' dir='ltr'>βιώσκων</span> 
     </span>
    </p>
   </div>
   <div class='ocr_carea' id='block_1_31' title="bbox 218 2942 1811 3019">
    <p class='ocr_par' dir='ltr' id='par_1_31' title="bbox 218 2942 1811 3019">
     <span class='ocr_line' id='line_1_31' title="bbox 218 2942 1811 3019; baseline 0.004 -24"><span class='ocrx_word' id='word_1_208' title='bbox 218 2944 324 2995; x_wconf 71' lang='grc' dir='ltr'>καὶ</span> <span class='ocrx_word' id='word_1_209' title='bbox 381 2942 651 3010; x_wconf 82' lang='grc' dir='ltr'>ἀσελγῶς,</span> <span class='ocrx_word' id='word_1_210' title='bbox 684 2946 784 3016; x_wconf 74' lang='grc' dir='ltr'>τὴν</span> <span class='ocrx_word' id='word_1_211' title='bbox 841 2946 943 3016; x_wconf 72' lang='grc' dir='ltr'>μὲν</span> <span class='ocrx_word' id='word_1_212' title='bbox 968 2948 1181 3001; x_wconf 76' lang='grc' dir='ltr'>οἰκείαν</span> <span class='ocrx_word' id='word_1_213' title='bbox 1210 2949 1459 3019; x_wconf 83' lang='grc' dir='ltr'>γαμετὴν</span> <span class='ocrx_word' id='word_1_214' title='bbox 1489 2949 1599 3012; x_wconf 73' lang='grc' dir='ltr'>εἷα,</span> <span class='ocrx_word' id='word_1_215' title='bbox 1631 2948 1811 3002; x_wconf 76' lang='grc' dir='ltr'>καίτοι</span> 
     </span>
    </p>
   </div>
   <div class='ocr_carea' id='block_1_32' title="bbox 221 3030 1808 3108">
    <p class='ocr_par' dir='ltr' id='par_1_32' title="bbox 221 3030 1808 3108">
     <span class='ocr_line' id='line_1_32' title="bbox 221 3030 1808 3108; baseline 0.003 -23"><span class='ocrx_word' id='word_1_216' title='bbox 221 3032 465 3097; x_wconf 65' lang='grc' dir='ltr'>κᾶλλως</span> <span class='ocrx_word' id='word_1_217' title='bbox 506 3030 565 3089; x_wconf 82' lang='grc' dir='ltr'>εὖ</span> <span class='ocrx_word' id='word_1_218' title='bbox 606 3033 862 3105; x_wconf 75' lang='grc' dir='ltr'>ἔχουσαν,</span> <span class='ocrx_word' id='word_1_219' title='bbox 915 3034 1225 3108; x_wconf 82' lang='grc' dir='ltr'>ἀλλοτρίαις</span> <span class='ocrx_word' id='word_1_220' title='bbox 1265 3037 1324 3090; x_wconf 86' lang='grc' dir='ltr'><strong>δέ</strong></span> <span class='ocrx_word' id='word_1_221' title='bbox 1390 3036 1808 3108; x_wconf 74' lang='grc' dir='ltr'>συνεφθείρετο·</span> 
     </span>
    </p>
   </div>
   <div class='ocr_carea' id='block_1_33' title="bbox 222 3123 1815 3197">
    <p class='ocr_par' dir='ltr' id='par_1_33' title="bbox 222 3123 1815 3197">
     <span class='ocr_line' id='line_1_33' title="bbox 222 3123 1815 3197; baseline 0.003 -22"><span class='ocrx_word' id='word_1_222' title='bbox 222 3123 504 3195; x_wconf 73' lang='grc' dir='ltr'>ἐκέχρητο</span> <span class='ocrx_word' id='word_1_223' title='bbox 547 3124 607 3179; x_wconf 74' lang='grc' dir='ltr'>δὲ</span> <span class='ocrx_word' id='word_1_224' title='bbox 649 3124 746 3178; x_wconf 75' lang='grc' dir='ltr'>καὶ</span> <span class='ocrx_word' id='word_1_225' title='bbox 798 3127 1084 3195; x_wconf 86' lang='grc' dir='ltr'>μαντείαις</span> <span class='ocrx_word' id='word_1_226' title='bbox 1148 3127 1245 3179; x_wconf 78' lang='grc' dir='ltr'>καὶ</span> <span class='ocrx_word' id='word_1_227' title='bbox 1300 3128 1602 3197; x_wconf 80' lang='grc' dir='ltr'>γοητείαις.</span> <span class='ocrx_word' id='word_1_228' title='bbox 1656 3125 1815 3180; x_wconf 78' lang='grc' dir='ltr'>Οὕτω</span> 
     </span>
    </p>
   </div>
   <div class='ocr_carea' id='block_1_34' title="bbox 1899 630 3480 710">
    <p class='ocr_par' dir='ltr' id='par_1_34' title="bbox 1899 630 3480 710">
     <span class='ocr_line' id='line_1_34' title="bbox 1899 630 3480 710; baseline -0.003 -10"><span class='ocrx_word' id='word_1_229' title='bbox 1899 642 2104 710; x_wconf 88' lang='lat' dir='ltr'><strong>loculo,</strong></span> <span class='ocrx_word' id='word_1_230' title='bbox 2137 661 2169 701; x_wconf 92' lang='grc' dir='ltr'><strong>ο</strong></span> <span class='ocrx_word' id='word_1_231' title='bbox 2200 661 2311 701; x_wconf 89' lang='lat' dir='ltr'><strong>rem</strong></span> <span class='ocrx_word' id='word_1_232' title='bbox 2342 642 2571 698; x_wconf 78' lang='lat' dir='ltr'><strong>miram!</strong></span> <span class='ocrx_word' id='word_1_233' title='bbox 2607 630 2830 696; x_wconf 79' lang='lat' dir='ltr'><strong>libellus</strong></span> <span class='ocrx_word' id='word_1_234' title='bbox 2858 639 3245 695; x_wconf 74' lang='lat' dir='ltr'><strong>luercticorum</strong></span> <span class='ocrx_word' id='word_1_235' title='bbox 3275 638 3342 692; x_wconf 88' lang='lat' dir='ltr'><strong>ad</strong></span> <span class='ocrx_word' id='word_1_236' title='bbox 3384 654 3480 709; x_wconf 79' lang='lat' dir='ltr'><strong>pc-</strong></span> 
     </span>
    </p>
   </div>
   <div class='ocr_carea' id='block_1_35' title="bbox 1899 730 3477 812">
    <p class='ocr_par' dir='ltr' id='par_1_35' title="bbox 1899 730 3477 812">
     <span class='ocr_line' id='line_1_35' title="bbox 1899 730 3477 812; baseline -0.004 -20"><span class='ocrx_word' id='word_1_237' title='bbox 1899 739 1998 794; x_wconf 87' lang='lat' dir='ltr'><strong>des</strong></span> <span class='ocrx_word' id='word_1_238' title='bbox 2034 738 2291 812; x_wconf 79' lang='lat' dir='ltr'><strong>martyris</strong></span> <span class='ocrx_word' id='word_1_239' title='bbox 2324 735 2628 799; x_wconf 81' lang='lat' dir='ltr'><strong>invenitur,</strong></span> <span class='ocrx_word' id='word_1_240' title='bbox 2656 734 2797 788; x_wconf 78' lang='lat' dir='ltr'><strong>alter</strong></span> <span class='ocrx_word' id='word_1_241' title='bbox 2830 732 2885 788; x_wconf 91' lang='lat' dir='ltr'><strong>in</strong></span> <span class='ocrx_word' id='word_1_242' title='bbox 2915 746 3081 785; x_wconf 89' lang='lat' dir='ltr'><strong>manu</strong></span> <span class='ocrx_word' id='word_1_243' title='bbox 3114 731 3233 801; x_wconf 86' lang='lat' dir='ltr'><strong>ejus</strong></span> <span class='ocrx_word' id='word_1_244' title='bbox 3262 730 3477 797; x_wconf 75' lang='lat' dir='ltr'><strong>dextra,</strong></span> 
     </span>
    </p>
   </div>
   <div class='ocr_carea' id='block_1_36' title="bbox 1902 820 3482 899">
    <p class='ocr_par' dir='ltr' id='par_1_36' title="bbox 1902 820 3482 899">
     <span class='ocr_line' id='line_1_36' title="bbox 1902 820 3482 899; baseline -0.007 -18"><span class='ocrx_word' id='word_1_245' title='bbox 1902 843 2067 899; x_wconf 85' lang='lat' dir='ltr'><strong>quam</strong></span> <span class='ocrx_word' id='word_1_246' title='bbox 2096 826 2409 883; x_wconf 73' lang='lat' dir='ltr'><strong>extendisse</strong></span> <span class='ocrx_word' id='word_1_247' title='bbox 2441 824 2619 880; x_wconf 72' lang='lat' dir='ltr'><strong>fertur</strong></span> <span class='ocrx_word' id='word_1_248' title='bbox 2648 822 2714 878; x_wconf 92' lang='lat' dir='ltr'><strong>ad</strong></span> <span class='ocrx_word' id='word_1_249' title='bbox 2751 823 3140 892; x_wconf 79' lang='lat' dir='ltr'><strong>imperatorem</strong></span> <span class='ocrx_word' id='word_1_250' title='bbox 3169 830 3223 873; x_wconf 87' lang='lat' dir='ltr'><strong>et</strong></span> <span class='ocrx_word' id='word_1_251' title='bbox 3250 820 3482 891; x_wconf 53' lang='lat' dir='ltr'><strong>patriar.</strong></span> 
     </span>
    </p>
   </div>
   <div class='ocr_carea' id='block_1_37' title="bbox 1902 912 3481 987">
    <p class='ocr_par' dir='ltr' id='par_1_37' title="bbox 1902 912 3481 987">
     <span class='ocr_line' id='line_1_37' title="bbox 1902 912 3481 987; baseline -0.005 -12"><span class='ocrx_word' id='word_1_252' title='bbox 1902 921 2086 982; x_wconf 78' lang='lat' dir='ltr'><strong>clram,</strong></span> <span class='ocrx_word' id='word_1_253' title='bbox 2131 934 2197 973; x_wconf 88' lang='lat' dir='ltr'><strong>ac</strong></span> <span class='ocrx_word' id='word_1_254' title='bbox 2249 918 2498 974; x_wconf 88' lang='lat' dir='ltr'><strong>libellum</strong></span> <span class='ocrx_word' id='word_1_255' title='bbox 2558 917 2641 972; x_wconf 91' lang='lat' dir='ltr'><strong>eis</strong></span> <span class='ocrx_word' id='word_1_256' title='bbox 2692 915 3029 987; x_wconf 81' lang='lat' dir='ltr'><strong>porrexisse.</strong></span> <span class='ocrx_word' id='word_1_257' title='bbox 3075 912 3267 981; x_wconf 77' lang='lat' dir='ltr'><strong>Itaque</strong></span> <span class='ocrx_word' id='word_1_258' title='bbox 3319 919 3481 967; x_wconf 70' lang='lat' dir='ltr'><strong>rectae</strong></span> 
     </span>
    </p>
   </div>
   <div class='ocr_carea' id='block_1_38' title="bbox 1901 1003 3483 1078">
    <p class='ocr_par' dir='ltr' id='par_1_38' title="bbox 1901 1003 3483 1078">
     <span class='ocr_line' id='line_1_38' title="bbox 1901 1003 3483 1078; baseline -0.008 -9"><span class='ocrx_word' id='word_1_259' title='bbox 1901 1011 2188 1069; x_wconf 81' lang='lat' dir='ltr'><strong>sententiae</strong></span> <span class='ocrx_word' id='word_1_260' title='bbox 2254 1018 2563 1065; x_wconf 79' lang='lat' dir='ltr'><strong>assertores</strong></span> <span class='ocrx_word' id='word_1_261' title='bbox 2627 1007 2924 1078; x_wconf 76' lang='lat' dir='ltr'><strong>plaudere,</strong></span> <span class='ocrx_word' id='word_1_262' title='bbox 2987 1003 3291 1060; x_wconf 56' lang='lat' dir='ltr'><strong>adversarii</strong></span> <span class='ocrx_word' id='word_1_263' title='bbox 3348 1016 3483 1075; x_wconf 74' lang='lat' dir='ltr'><strong>vero</strong></span> 
     </span>
    </p>
   </div>
   <div class='ocr_carea' id='block_1_39' title="bbox 1901 1094 3476 1171">
    <p class='ocr_par' dir='ltr' id='par_1_39' title="bbox 1901 1094 3476 1171">
     <span class='ocr_line' id='line_1_39' title="bbox 1901 1094 3476 1171; baseline -0.009 -10"><span class='ocrx_word' id='word_1_264' title='bbox 1901 1103 2158 1162; x_wconf 86' lang='lat' dir='ltr'><strong>demissis</strong></span> <span class='ocrx_word' id='word_1_265' title='bbox 2188 1102 2436 1157; x_wconf 90' lang='lat' dir='ltr'><strong>vultibus</strong></span> <span class='ocrx_word' id='word_1_266' title='bbox 2458 1110 2514 1156; x_wconf 91' lang='lat' dir='ltr'><strong>et</strong></span> <span class='ocrx_word' id='word_1_267' title='bbox 2536 1115 2647 1171; x_wconf 74' lang='lat' dir='ltr'><strong>pne</strong></span> <span class='ocrx_word' id='word_1_268' title='bbox 2671 1099 2882 1170; x_wconf 88' lang='lat' dir='ltr'><strong>pudore</strong></span> <span class='ocrx_word' id='word_1_269' title='bbox 2909 1096 3275 1168; x_wconf 77' lang='lat' dir='ltr'><strong>caligantibus</strong></span> <span class='ocrx_word' id='word_1_270' title='bbox 3298 1094 3476 1158; x_wconf 87' lang='lat' dir='ltr'><strong>abire,</strong></span> 
     </span>
    </p>
   </div>
   <div class='ocr_carea' id='block_1_40' title="bbox 1901 1185 3481 1267">
    <p class='ocr_par' dir='ltr' id='par_1_40' title="bbox 1901 1185 3481 1267">
     <span class='ocr_line' id='line_1_40' title="bbox 1901 1185 3481 1267; baseline -0.008 -16"><span class='ocrx_word' id='word_1_271' title='bbox 1901 1196 2123 1267; x_wconf 86' lang='lat' dir='ltr'><strong>quidam</strong></span> <span class='ocrx_word' id='word_1_272' title='bbox 2176 1194 2343 1248; x_wconf 89' lang='lat' dir='ltr'><strong>etiam</strong></span> <span class='ocrx_word' id='word_1_273' title='bbox 2403 1207 2588 1247; x_wconf 81' lang='lat' dir='ltr'><strong>veram</strong></span> <span class='ocrx_word' id='word_1_274' title='bbox 2659 1189 2989 1245; x_wconf 87' lang='lat' dir='ltr'><strong>sententiam</strong></span> <span class='ocrx_word' id='word_1_275' title='bbox 3055 1186 3338 1256; x_wconf 82' lang='lat' dir='ltr'><strong>amplecti.</strong></span> <span class='ocrx_word' id='word_1_276' title='bbox 3403 1185 3481 1240; x_wconf 84' lang='lat' dir='ltr'><strong>Eo</strong></span> 
     </span>
    </p>
   </div>
   <div class='ocr_carea' id='block_1_41' title="bbox 1902 1274 3477 1353">
    <p class='ocr_par' dir='ltr' id='par_1_41' title="bbox 1902 1274 3477 1353">
     <span class='ocr_line' id='line_1_41' title="bbox 1902 1274 3477 1353; baseline -0.01 -16"><span class='ocrx_word' id='word_1_277' title='bbox 1902 1292 2152 1353; x_wconf 89' lang='lat' dir='ltr'><strong>tempore</strong></span> <span class='ocrx_word' id='word_1_278' title='bbox 2186 1282 2479 1337; x_wconf 86' lang='lat' dir='ltr'><strong>Pulcheria</strong></span> <span class='ocrx_word' id='word_1_279' title='bbox 2515 1277 2833 1349; x_wconf 80' lang='lat' dir='ltr'><strong>imperatrix</strong></span> <span class='ocrx_word' id='word_1_280' title='bbox 2867 1276 2976 1346; x_wconf 91' lang='lat' dir='ltr'><strong>pie,</strong></span> <span class='ocrx_word' id='word_1_281' title='bbox 3007 1274 3243 1346; x_wconf 82' lang='lat' dir='ltr'><strong>gloriose</strong></span> <span class='ocrx_word' id='word_1_282' title='bbox 3273 1281 3477 1326; x_wconf 85' lang='lat' dir='ltr'><strong>etcum</strong></span> 
     </span>
    </p>
   </div>
   <div class='ocr_carea' id='block_1_42' title="bbox 1903 1364 3483 1447">
    <p class='ocr_par' dir='ltr' id='par_1_42' title="bbox 1903 1364 3483 1447">
     <span class='ocr_line' id='line_1_42' title="bbox 1903 1364 3483 1447; baseline -0.011 -17"><span class='ocrx_word' id='word_1_283' title='bbox 1903 1391 1999 1447; x_wconf 85' lang='lat' dir='ltr'><strong>spe</strong></span> <span class='ocrx_word' id='word_1_284' title='bbox 2027 1375 2169 1429; x_wconf 88' lang='lat' dir='ltr'><strong>bona</strong></span> <span class='ocrx_word' id='word_1_285' title='bbox 2200 1373 2454 1435; x_wconf 91' lang='lat' dir='ltr'><strong>moritur,</strong></span> <span class='ocrx_word' id='word_1_286' title='bbox 2487 1384 2679 1427; x_wconf 83' lang='lat' dir='ltr'><strong>omnes</strong></span> <span class='ocrx_word' id='word_1_287' title='bbox 2708 1383 2837 1423; x_wconf 86' lang='lat' dir='ltr'><strong>suas</strong></span> <span class='ocrx_word' id='word_1_288' title='bbox 2880 1382 3015 1436; x_wconf 85' lang='lat' dir='ltr'><strong>opes</strong></span> <span class='ocrx_word' id='word_1_289' title='bbox 3049 1364 3304 1434; x_wconf 77' lang='lat' dir='ltr'><strong>dilargita</strong></span> <span class='ocrx_word' id='word_1_290' title='bbox 3340 1368 3483 1432; x_wconf 59' lang='lat' dir='ltr'><strong>‘pauo</strong></span> 
     </span>
    </p>
   </div>
   <div class='ocr_carea' id='block_1_43' title="bbox 1904 1454 3483 1539">
    <p class='ocr_par' dir='ltr' id='par_1_43' title="bbox 1904 1454 3483 1539">
     <span class='ocr_line' id='line_1_43' title="bbox 1904 1454 3483 1539; baseline -0.011 -16"><span class='ocrx_word' id='word_1_291' title='bbox 1904 1468 2160 1539; x_wconf 70' lang='lat' dir='ltr'><strong>peritius,</strong></span> <span class='ocrx_word' id='word_1_292' title='bbox 2193 1476 2251 1522; x_wconf 84' lang='lat' dir='ltr'><strong>et</strong></span> <span class='ocrx_word' id='word_1_293' title='bbox 2290 1463 2668 1521; x_wconf 85' lang='lat' dir='ltr'><strong>misericordia</strong></span> <span class='ocrx_word' id='word_1_294' title='bbox 2700 1476 2829 1531; x_wconf 87' lang='lat' dir='ltr'><strong>erga</strong></span> <span class='ocrx_word' id='word_1_295' title='bbox 2870 1460 2994 1515; x_wconf 93' lang='lat' dir='ltr'><strong>illos</strong></span> <span class='ocrx_word' id='word_1_296' title='bbox 3039 1457 3224 1514; x_wconf 80' lang='lat' dir='ltr'><strong>divina</strong></span> <span class='ocrx_word' id='word_1_297' title='bbox 3270 1454 3483 1511; x_wconf 78' lang='lat' dir='ltr'><strong>miscri-</strong></span> 
     </span>
    </p>
   </div>
   <div class='ocr_carea' id='block_1_44' title="bbox 1904 1551 3479 1628">
    <p class='ocr_par' dir='ltr' id='par_1_44' title="bbox 1904 1551 3479 1628">
     <span class='ocr_line' id='line_1_44' title="bbox 1904 1551 3479 1628; baseline -0.013 -11"><span class='ocrx_word' id='word_1_298' title='bbox 1904 1559 2092 1616; x_wconf 91' lang='lat' dir='ltr'><strong>cordia</strong></span> <span class='ocrx_word' id='word_1_299' title='bbox 2125 1557 2429 1628; x_wconf 86' lang='lat' dir='ltr'><strong>redempta.</strong></span> <span class='ocrx_word' id='word_1_300' title='bbox 2461 1553 2884 1609; x_wconf 82' lang='lat' dir='ltr'><strong>Valentinianus</strong></span> <span class='ocrx_word' id='word_1_301' title='bbox 2913 1566 3068 1616; x_wconf 84' lang='lat' dir='ltr'><strong>vero,</strong></span> <span class='ocrx_word' id='word_1_302' title='bbox 3098 1551 3259 1621; x_wconf 84' lang='lat' dir='ltr'><strong>cujus</strong></span> <span class='ocrx_word' id='word_1_303' title='bbox 3316 1562 3479 1615; x_wconf 85' lang='lat' dir='ltr'><strong>supra</strong></span> 
     </span>
    </p>
   </div>
   <div class='ocr_carea' id='block_1_45' title="bbox 1905 1637 3480 1710">
    <p class='ocr_par' dir='ltr' id='par_1_45' title="bbox 1905 1637 3480 1710">
     <span class='ocr_line' id='line_1_45' title="bbox 1905 1637 3480 1710; baseline -0.013 -2"><span class='ocrx_word' id='word_1_304' title='bbox 1905 1652 2086 1709; x_wconf 87' lang='lat' dir='ltr'><strong>obiter</strong></span> <span class='ocrx_word' id='word_1_305' title='bbox 2108 1657 2193 1705; x_wconf 90' lang='lat' dir='ltr'><strong>est</strong></span> <span class='ocrx_word' id='word_1_306' title='bbox 2231 1649 2372 1703; x_wconf 78' lang='lat' dir='ltr'><strong>facta</strong></span> <span class='ocrx_word' id='word_1_307' title='bbox 2403 1646 2642 1710; x_wconf 81' lang='lat' dir='ltr'><strong>mentio,</strong></span> <span class='ocrx_word' id='word_1_308' title='bbox 2685 1643 2915 1700; x_wconf 80' lang='lat' dir='ltr'><strong>Honorii</strong></span> <span class='ocrx_word' id='word_1_309' title='bbox 2946 1658 2976 1698; x_wconf 92' lang='lat' dir='ltr'><strong>e</strong></span> <span class='ocrx_word' id='word_1_310' title='bbox 3012 1657 3202 1697; x_wconf 88' lang='lat' dir='ltr'><strong>sorore</strong></span> <span class='ocrx_word' id='word_1_311' title='bbox 3242 1637 3480 1695; x_wconf 85' lang='lat' dir='ltr'><strong>Placidia</strong></span> 
     </span>
    </p>
   </div>
   <div class='ocr_carea' id='block_1_46' title="bbox 1907 1727 3484 1812">
    <p class='ocr_par' dir='ltr' id='par_1_46' title="bbox 1907 1727 3484 1812">
     <span class='ocr_line' id='line_1_46' title="bbox 1907 1727 3484 1812; baseline -0.01 -16"><span class='ocrx_word' id='word_1_312' title='bbox 1907 1756 2098 1812; x_wconf 83' lang='lat' dir='ltr'><strong>nepos,</strong></span> <span class='ocrx_word' id='word_1_313' title='bbox 2135 1740 2322 1794; x_wconf 68' lang='lat' dir='ltr'><strong>Romae</strong></span> <span class='ocrx_word' id='word_1_314' title='bbox 2360 1738 2566 1793; x_wconf 80' lang='lat' dir='ltr'><strong>veteris</strong></span> <span class='ocrx_word' id='word_1_315' title='bbox 2598 1737 2919 1806; x_wconf 80' lang='lat' dir='ltr'><strong>imperator,</strong></span> <span class='ocrx_word' id='word_1_316' title='bbox 2969 1731 3269 1787; x_wconf 72' lang='lat' dir='ltr'><strong>Eudoxiam</strong></span> <span class='ocrx_word' id='word_1_317' title='bbox 3296 1727 3484 1801; x_wconf 87' lang='lat' dir='ltr'><strong>junio-</strong></span> 
     </span>
    </p>
   </div>
   <div class='ocr_carea' id='block_1_47' title="bbox 1909 1819 3485 1890">
    <p class='ocr_par' dir='ltr' id='par_1_47' title="bbox 1909 1819 3485 1890">
     <span class='ocr_line' id='line_1_47' title="bbox 1909 1819 3485 1890; baseline -0.01 -2"><span class='ocrx_word' id='word_1_318' title='bbox 1909 1834 1986 1890; x_wconf 86' lang='lat' dir='ltr'><strong>ris</strong></span> <span class='ocrx_word' id='word_1_319' title='bbox 2011 1830 2307 1888; x_wconf 83' lang='lat' dir='ltr'><strong>Theodosii</strong></span> <span class='ocrx_word' id='word_1_320' title='bbox 2347 1829 2512 1884; x_wconf 80' lang='lat' dir='ltr'><strong>tiliam</strong></span> <span class='ocrx_word' id='word_1_321' title='bbox 2544 1843 2775 1883; x_wconf 85' lang='lat' dir='ltr'><strong>uxorem</strong></span> <span class='ocrx_word' id='word_1_322' title='bbox 2811 1824 2986 1880; x_wconf 90' lang='lat' dir='ltr'><strong>ducit.</strong></span> <span class='ocrx_word' id='word_1_323' title='bbox 3023 1822 3131 1880; x_wconf 78' lang='lat' dir='ltr'><strong>Sed</strong></span> <span class='ocrx_word' id='word_1_324' title='bbox 3170 1822 3335 1877; x_wconf 86' lang='lat' dir='ltr'><strong>homo</strong></span> <span class='ocrx_word' id='word_1_325' title='bbox 3359 1819 3485 1873; x_wconf 68' lang='lat' dir='ltr'><strong>vitm</strong></span> 
     </span>
    </p>
   </div>
   <div class='ocr_carea' id='block_1_48' title="bbox 1907 1908 3487 1994">
    <p class='ocr_par' dir='ltr' id='par_1_48' title="bbox 1907 1908 3487 1994">
     <span class='ocr_line' id='line_1_48' title="bbox 1907 1908 3487 1994; baseline -0.009 -14"><span class='ocrx_word' id='word_1_326' title='bbox 1907 1924 2192 1981; x_wconf 86' lang='lat' dir='ltr'><strong>insolentis</strong></span> <span class='ocrx_word' id='word_1_327' title='bbox 2242 1933 2299 1979; x_wconf 88' lang='lat' dir='ltr'><strong>et</strong></span> <span class='ocrx_word' id='word_1_328' title='bbox 2328 1921 2611 1994; x_wconf 70' lang='lat' dir='ltr'><strong>ﬂagitiosa:</strong></span> <span class='ocrx_word' id='word_1_329' title='bbox 2632 1961 2646 1982; x_wconf 90' lang='lat'><strong>.</strong></span> <span class='ocrx_word' id='word_1_330' title='bbox 2680 1919 2885 1975; x_wconf 85' lang='lat' dir='ltr'><strong>omissa</strong></span> <span class='ocrx_word' id='word_1_331' title='bbox 2914 1915 3149 1987; x_wconf 83' lang='lat' dir='ltr'><strong>conjuge</strong></span> <span class='ocrx_word' id='word_1_332' title='bbox 3171 1956 3186 1979; x_wconf 93' lang='lat'><strong>,</strong></span> <span class='ocrx_word' id='word_1_333' title='bbox 3232 1908 3487 1984; x_wconf 77' lang='lat' dir='ltr'><strong>quamvis</strong></span> 
     </span>
    </p>
   </div>
   <div class='ocr_carea' id='block_1_49' title="bbox 1907 2005 3481 2090">
    <p class='ocr_par' dir='ltr' id='par_1_49' title="bbox 1907 2005 3481 2090">
     <span class='ocr_line' id='line_1_49' title="bbox 1907 2005 3481 2090; baseline -0.013 -16"><span class='ocrx_word' id='word_1_334' title='bbox 1907 2017 2139 2090; x_wconf 81' lang='lat' dir='ltr'><strong>eleganti</strong></span> <span class='ocrx_word' id='word_1_335' title='bbox 2174 2017 2372 2077; x_wconf 83' lang='lat' dir='ltr'><strong>forma.</strong></span> <span class='ocrx_word' id='word_1_336' title='bbox 2400 2015 2458 2070; x_wconf 91' lang='lat' dir='ltr'><strong>in</strong></span> <span class='ocrx_word' id='word_1_337' title='bbox 2485 2013 2694 2084; x_wconf 87' lang='lat' dir='ltr'><strong>stupris</strong></span> <span class='ocrx_word' id='word_1_338' title='bbox 2721 2021 2777 2067; x_wconf 86' lang='lat' dir='ltr'><strong>et</strong></span> <span class='ocrx_word' id='word_1_339' title='bbox 2798 2009 3088 2065; x_wconf 77' lang='lat' dir='ltr'><strong>adulteriis</strong></span> <span class='ocrx_word' id='word_1_340' title='bbox 3108 2005 3481 2064; x_wconf 79' lang='lat' dir='ltr'><strong>volutabatur,</strong></span> 
     </span>
    </p>
   </div>
   <div class='ocr_carea' id='block_1_50' title="bbox 1907 2095 3487 2184">
    <p class='ocr_par' dir='ltr' id='par_1_50' title="bbox 1907 2095 3487 2184">
     <span class='ocr_line' id='line_1_50' title="bbox 1907 2095 3487 2184; baseline -0.012 -16"><span class='ocrx_word' id='word_1_341' title='bbox 1907 2110 2344 2168; x_wconf 87' lang='lat' dir='ltr'><strong>divinationibus</strong></span> <span class='ocrx_word' id='word_1_342' title='bbox 2410 2108 2704 2184; x_wconf 73' lang='lat' dir='ltr'><strong>etiamet</strong></span> <span class='ocrx_word' id='word_1_343' title='bbox 2762 2102 3055 2176; x_wconf 66' lang='lat' dir='ltr'><strong>praestigiis</strong></span> <span class='ocrx_word' id='word_1_344' title='bbox 3112 2098 3352 2154; x_wconf 88' lang='lat' dir='ltr'><strong>deditus.</strong></span> <span class='ocrx_word' id='word_1_345' title='bbox 3416 2095 3487 2150; x_wconf 86' lang='lat' dir='ltr'><strong>Ut</strong></span> 
     </span>
    </p>
   </div>
   <div class='ocr_carea' id='block_1_51' title="bbox 1906 2182 3489 2274">
    <p class='ocr_par' dir='ltr' id='par_1_51' title="bbox 1906 2182 3489 2274">
     <span class='ocr_line' id='line_1_51' title="bbox 1906 2182 3489 2274; baseline -0.013 -15"><span class='ocrx_word' id='word_1_346' title='bbox 1906 2203 2074 2274; x_wconf 81' lang='lat' dir='ltr'><strong>igitur</strong></span> <span class='ocrx_word' id='word_1_347' title='bbox 2111 2200 2279 2255; x_wconf 83' lang='lat' dir='ltr'><strong>vitam</strong></span> <span class='ocrx_word' id='word_1_348' title='bbox 2310 2199 2507 2270; x_wconf 86' lang='lat' dir='ltr'><strong>agebat</strong></span> <span class='ocrx_word' id='word_1_349' title='bbox 2540 2182 2834 2263; x_wconf 80' lang='lat' dir='ltr'><strong>nefariam,</strong></span> <span class='ocrx_word' id='word_1_350' title='bbox 2857 2196 2931 2249; x_wconf 86' lang='lat' dir='ltr'><strong>ita</strong></span> <span class='ocrx_word' id='word_1_351' title='bbox 2959 2190 3333 2247; x_wconf 82' lang='lat' dir='ltr'><strong>miserabilem</strong></span> <span class='ocrx_word' id='word_1_352' title='bbox 3366 2202 3489 2245; x_wconf 71' lang='lat' dir='ltr'><strong>sor-</strong></span> 
     </span>
    </p>
   </div>
   <div class='ocr_carea' id='block_1_52' title="bbox 1911 2278 3466 2352">
    <p class='ocr_par' dir='ltr' id='par_1_52' title="bbox 1911 2278 3466 2352">
     <span class='ocr_line' id='line_1_52' title="bbox 1911 2278 3466 2352; baseline -0.01 -6"><span class='ocrx_word' id='word_1_353' title='bbox 1911 2294 2044 2348; x_wconf 90' lang='lat' dir='ltr'><strong>titus</strong></span> <span class='ocrx_word' id='word_1_354' title='bbox 2070 2300 2153 2347; x_wconf 88' lang='lat' dir='ltr'><strong>est</strong></span> <span class='ocrx_word' id='word_1_355' title='bbox 2200 2292 2509 2347; x_wconf 90' lang='lat' dir='ltr'><strong>interitum.</strong></span> <span class='ocrx_word' id='word_1_356' title='bbox 2543 2289 2810 2344; x_wconf 81' lang='lat' dir='ltr'><strong>Maximus</strong></span> <span class='ocrx_word' id='word_1_357' title='bbox 2859 2286 3030 2347; x_wconf 87' lang='lat' dir='ltr'><strong>enim,</strong></span> <span class='ocrx_word' id='word_1_358' title='bbox 3068 2282 3333 2352; x_wconf 84' lang='lat' dir='ltr'><strong>patricius</strong></span> <span class='ocrx_word' id='word_1_359' title='bbox 3352 2278 3466 2333; x_wconf 82' lang='lat' dir='ltr'><strong>Ro-</strong></span> 
     </span>
    </p>
   </div>
   <div class='ocr_carea' id='block_1_53' title="bbox 1912 2370 3488 2449">
    <p class='ocr_par' dir='ltr' id='par_1_53' title="bbox 1912 2370 3488 2449">
     <span class='ocr_line' id='line_1_53' title="bbox 1912 2370 3488 2449; baseline -0.011 -10"><span class='ocrx_word' id='word_1_360' title='bbox 1912 2400 2132 2449; x_wconf 85' lang='lat' dir='ltr'><strong>manus,</strong></span> <span class='ocrx_word' id='word_1_361' title='bbox 2184 2400 2251 2440; x_wconf 77' lang='lat' dir='ltr'><strong>ex</strong></span> <span class='ocrx_word' id='word_1_362' title='bbox 2296 2383 2445 2439; x_wconf 53' lang='lat' dir='ltr'><strong>illius</strong></span> <span class='ocrx_word' id='word_1_363' title='bbox 2483 2381 2702 2437; x_wconf 78' lang='lat' dir='ltr'><strong>Maximi</strong></span> <span class='ocrx_word' id='word_1_364' title='bbox 2738 2378 2943 2434; x_wconf 82' lang='lat' dir='ltr'><strong>familia</strong></span> <span class='ocrx_word' id='word_1_365' title='bbox 2989 2389 3155 2446; x_wconf 86' lang='lat' dir='ltr'><strong>quem</strong></span> <span class='ocrx_word' id='word_1_366' title='bbox 3198 2370 3488 2445; x_wconf 76' lang='lat' dir='ltr'><strong>tyrannide</strong></span> 
     </span>
    </p>
   </div>
   <div class='ocr_carea' id='block_1_54' title="bbox 1910 2462 3487 2550">
    <p class='ocr_par' dir='ltr' id='par_1_54' title="bbox 1910 2462 3487 2550">
     <span class='ocr_line' id='line_1_54' title="bbox 1910 2462 3487 2550; baseline -0.013 -14"><span class='ocrx_word' id='word_1_367' title='bbox 1910 2488 2173 2550; x_wconf 87' lang='lat' dir='ltr'><strong>occupata</strong></span> <span class='ocrx_word' id='word_1_368' title='bbox 2214 2492 2446 2548; x_wconf 84' lang='lat' dir='ltr'><strong>magnus</strong></span> <span class='ocrx_word' id='word_1_369' title='bbox 2471 2473 2821 2530; x_wconf 87' lang='lat' dir='ltr'><strong>Theodosius</strong></span> <span class='ocrx_word' id='word_1_370' title='bbox 2850 2469 3186 2531; x_wconf 85' lang='lat' dir='ltr'><strong>debellarat,</strong></span> <span class='ocrx_word' id='word_1_371' title='bbox 3226 2462 3487 2536; x_wconf 83' lang='lat' dir='ltr'><strong>palatium</strong></span> 
     </span>
    </p>
   </div>
   <div class='ocr_carea' id='block_1_55' title="bbox 1911 2553 3487 2641">
    <p class='ocr_par' dir='ltr' id='par_1_55' title="bbox 1911 2553 3487 2641">
     <span class='ocr_line' id='line_1_55' title="bbox 1911 2553 3487 2641; baseline -0.014 -14"><span class='ocrx_word' id='word_1_372' title='bbox 1911 2576 2223 2641; x_wconf 79' lang='lat' dir='ltr'><strong>ingressus.</strong></span> <span class='ocrx_word' id='word_1_373' title='bbox 2273 2568 2720 2626; x_wconf 81' lang='lat' dir='ltr'><strong>Valentinianum</strong></span> <span class='ocrx_word' id='word_1_374' title='bbox 2783 2562 3041 2635; x_wconf 83' lang='lat' dir='ltr'><strong>perimit.</strong></span> <span class='ocrx_word' id='word_1_375' title='bbox 3082 2557 3385 2614; x_wconf 71' lang='lat' dir='ltr'><strong>Eudoaiam</strong></span> <span class='ocrx_word' id='word_1_376' title='bbox 3435 2553 3487 2606; x_wconf 89' lang='lat' dir='ltr'><strong>vi</strong></span> 
     </span>
    </p>
   </div>
   <div class='ocr_carea' id='block_1_56' title="bbox 1913 2647 3492 2732">
    <p class='ocr_par' dir='ltr' id='par_1_56' title="bbox 1913 2647 3492 2732">
     <span class='ocr_line' id='line_1_56' title="bbox 1913 2647 3492 2732; baseline -0.014 -13"><span class='ocrx_word' id='word_1_377' title='bbox 1913 2673 2146 2732; x_wconf 86' lang='lat' dir='ltr'><strong>stuprat,</strong></span> <span class='ocrx_word' id='word_1_378' title='bbox 2182 2660 2472 2730; x_wconf 87' lang='lat' dir='ltr'><strong>imperium</strong></span> <span class='ocrx_word' id='word_1_379' title='bbox 2511 2657 2743 2712; x_wconf 82' lang='lat' dir='ltr'><strong>invadit.</strong></span> <span class='ocrx_word' id='word_1_380' title='bbox 2776 2655 2846 2710; x_wconf 77' lang='lat' dir='ltr'><strong>At</strong></span> <span class='ocrx_word' id='word_1_381' title='bbox 2881 2654 2992 2717; x_wconf 85' lang='lat' dir='ltr'><strong>illa,</strong></span> <span class='ocrx_word' id='word_1_382' title='bbox 3022 2647 3305 2705; x_wconf 84' lang='lat' dir='ltr'><strong>Thodosio</strong></span> <span class='ocrx_word' id='word_1_383' title='bbox 3334 2651 3492 2714; x_wconf 83' lang='lat' dir='ltr'><strong>patro</strong></span> 
     </span>
    </p>
   </div>
   <div class='ocr_carea' id='block_1_57' title="bbox 1914 2735 3491 2817">
    <p class='ocr_par' dir='ltr' id='par_1_57' title="bbox 1914 2735 3491 2817">
     <span class='ocr_line' id='line_1_57' title="bbox 1914 2735 3491 2817; baseline -0.011 -8"><span class='ocrx_word' id='word_1_384' title='bbox 1914 2764 2152 2817; x_wconf 88' lang='lat' dir='ltr'><strong>mortuo,</strong></span> <span class='ocrx_word' id='word_1_385' title='bbox 2209 2750 2497 2808; x_wconf 78' lang='lat' dir='ltr'><strong>Pulcheria</strong></span> <span class='ocrx_word' id='word_1_386' title='bbox 2550 2748 2681 2801; x_wconf 72' lang='lat' dir='ltr'><strong>item</strong></span> <span class='ocrx_word' id='word_1_387' title='bbox 2743 2744 3037 2805; x_wconf 78' lang='lat' dir='ltr'><strong>defuncta,</strong></span> <span class='ocrx_word' id='word_1_388' title='bbox 3091 2750 3214 2795; x_wconf 83' lang='lat' dir='ltr'><strong>cum</strong></span> <span class='ocrx_word' id='word_1_389' title='bbox 3276 2735 3491 2791; x_wconf 76' lang='lat' dir='ltr'><strong>nullum</strong></span> 
     </span>
    </p>
   </div>
   <div class='ocr_carea' id='block_1_58' title="bbox 1913 2825 3493 2916">
    <p class='ocr_par' dir='ltr' id='par_1_58' title="bbox 1913 2825 3493 2916">
     <span class='ocr_line' id='line_1_58' title="bbox 1913 2825 3493 2916; baseline -0.013 -16"><span class='ocrx_word' id='word_1_390' title='bbox 1913 2846 2083 2901; x_wconf 83' lang='lat' dir='ltr'><strong>alium</strong></span> <span class='ocrx_word' id='word_1_391' title='bbox 2153 2843 2372 2916; x_wconf 70' lang='lat' dir='ltr'><strong>injuriae</strong></span> <span class='ocrx_word' id='word_1_392' title='bbox 2426 2839 2705 2895; x_wconf 82' lang='lat' dir='ltr'><strong>vindicem</strong></span> <span class='ocrx_word' id='word_1_393' title='bbox 2757 2844 3044 2907; x_wconf 80' lang='lat' dir='ltr'><strong>speraret,</strong></span> <span class='ocrx_word' id='word_1_394' title='bbox 3085 2848 3116 2886; x_wconf 90' lang='lat' dir='ltr'><strong>a</strong></span> <span class='ocrx_word' id='word_1_395' title='bbox 3150 2825 3493 2886; x_wconf 80' lang='lat' dir='ltr'><strong>Genserieho</strong></span> 
     </span>
    </p>
   </div>
   <div class='ocr_carea' id='block_1_59' title="bbox 1917 2929 3491 3006">
    <p class='ocr_par' dir='ltr' id='par_1_59' title="bbox 1917 2929 3491 3006">
     <span class='ocr_line' id='line_1_59' title="bbox 1917 2929 3491 3006; baseline -0.015 -11"><span class='ocrx_word' id='word_1_396' title='bbox 1917 2938 2291 2994; x_wconf 80' lang='lat' dir='ltr'><strong>Vandalorum</strong></span> <span class='ocrx_word' id='word_1_397' title='bbox 2323 2949 2450 3006; x_wconf 89' lang='lat' dir='ltr'><strong>rege</strong></span> <span class='ocrx_word' id='word_1_398' title='bbox 2480 2930 2739 3004; x_wconf 84' lang='lat' dir='ltr'><strong>precibus</strong></span> <span class='ocrx_word' id='word_1_399' title='bbox 2771 2929 3063 2998; x_wconf 85' lang='lat' dir='ltr'><strong>impetrat.</strong></span> <span class='ocrx_word' id='word_1_400' title='bbox 3115 2933 3178 2978; x_wconf 90' lang='lat' dir='ltr'><strong>ut</strong></span> <span class='ocrx_word' id='word_1_401' title='bbox 3219 2936 3317 2991; x_wconf 81' lang='lat' dir='ltr'><strong>per</strong></span> <span class='ocrx_word' id='word_1_402' title='bbox 3362 2932 3491 2973; x_wconf 78' lang='lat' dir='ltr'><strong>eum</strong></span> 
     </span>
    </p>
   </div>
   <div class='ocr_carea' id='block_1_60' title="bbox 1916 3006 3494 3101">
    <p class='ocr_par' dir='ltr' id='par_1_60' title="bbox 1916 3006 3494 3101">
     <span class='ocr_line' id='line_1_60' title="bbox 1916 3006 3494 3101; baseline -0.016 -13"><span class='ocrx_word' id='word_1_403' title='bbox 1916 3048 1944 3087; x_wconf 88' lang='lat' dir='ltr'><strong>a</strong></span> <span class='ocrx_word' id='word_1_404' title='bbox 1977 3030 2193 3087; x_wconf 73' lang='lat' dir='ltr'><strong>Maximi</strong></span> <span class='ocrx_word' id='word_1_405' title='bbox 2223 3026 2512 3101; x_wconf 83' lang='lat' dir='ltr'><strong>tyrannide</strong></span> <span class='ocrx_word' id='word_1_406' title='bbox 2541 3025 2829 3080; x_wconf 84' lang='lat' dir='ltr'><strong>liberetur.</strong></span> <span class='ocrx_word' id='word_1_407' title='bbox 2871 3019 3120 3090; x_wconf 83' lang='lat' dir='ltr'><strong>ls&#39;igitur</strong></span> <span class='ocrx_word' id='word_1_408' title='bbox 3154 3029 3281 3069; x_wconf 88' lang='lat' dir='ltr'><strong>eum</strong></span> <span class='ocrx_word' id='word_1_409' title='bbox 3317 3006 3494 3067; x_wconf 80' lang='lat' dir='ltr'><strong>classe</strong></span> 
     </span>
    </p>
   </div>
   <div class='ocr_carea' id='block_1_61' title="bbox 1916 3101 3495 3193">
    <p class='ocr_par' dir='ltr' id='par_1_61' title="bbox 1916 3101 3495 3193">
     <span class='ocr_line' id='line_1_61' title="bbox 1916 3101 3495 3193; baseline -0.016 -14"><span class='ocrx_word' id='word_1_410' title='bbox 1916 3132 1973 3179; x_wconf 84' lang='lat' dir='ltr'><strong>et</strong></span> <span class='ocrx_word' id='word_1_411' title='bbox 1998 3123 2172 3193; x_wconf 90' lang='lat' dir='ltr'><strong>copiis</strong></span> <span class='ocrx_word' id='word_1_412' title='bbox 2200 3119 2413 3192; x_wconf 88' lang='lat' dir='ltr'><strong>magnis</strong></span> <span class='ocrx_word' id='word_1_413' title='bbox 2442 3118 2675 3173; x_wconf 81' lang='lat' dir='ltr'><strong>Romam</strong></span> <span class='ocrx_word' id='word_1_414' title='bbox 2703 3113 2875 3176; x_wconf 81' lang='lat' dir='ltr'><strong>venit,</strong></span> <span class='ocrx_word' id='word_1_415' title='bbox 2909 3108 3167 3167; x_wconf 81' lang='lat' dir='ltr'><strong>Maximo,</strong></span> <span class='ocrx_word' id='word_1_416' title='bbox 3204 3119 3329 3159; x_wconf 88' lang='lat' dir='ltr'><strong>cum</strong></span> <span class='ocrx_word' id='word_1_417' title='bbox 3367 3101 3495 3157; x_wconf 87' lang='lat' dir='ltr'><strong>inde</strong></span> 
     </span>
    </p>
   </div>
   <div class='ocr_carea' id='block_1_62' title="bbox 220 3198 1805 3287">
    <p class='ocr_par' dir='ltr' id='par_1_62' title="bbox 220 3214 1805 3284">
     <span class='ocr_line' id='line_1_62' title="bbox 220 3214 1805 3284; baseline 0.003 -16"><span class='ocrx_word' id='word_1_418' title='bbox 220 3214 283 3268; x_wconf 71' lang='grc' dir='ltr'>δὲ</span> <span class='ocrx_word' id='word_1_419' title='bbox 350 3216 602 3284; x_wconf 82' lang='grc' dir='ltr'>βιώσκων</span> <span class='ocrx_word' id='word_1_420' title='bbox 664 3216 766 3270; x_wconf 86' lang='grc' dir='ltr'><strong>ούκ</strong></span> <span class='ocrx_word' id='word_1_421' title='bbox 819 3215 1059 3284; x_wconf 77' lang='grc' dir='ltr'>εύαγῶς,</span> <span class='ocrx_word' id='word_1_422' title='bbox 1131 3217 1470 3270; x_wconf 79' lang='grc' dir='ltr'>ἀποόιώσκει</span> <span class='ocrx_word' id='word_1_423' title='bbox 1533 3219 1805 3280; x_wconf 78' lang='grc' dir='ltr'>ἐλεεινῶς.</span> 
     </span>
    </p>
   </div>
   <div class='ocr_carea' id='block_1_63' title="bbox 1915 3198 3494 3287">
    <p class='ocr_par' dir='ltr' id='par_1_63' title="bbox 1915 3198 3494 3285">
     <span class='ocr_line' id='line_1_63' title="bbox 1915 3198 3494 3285; baseline -0.014 -16"><span class='ocrx_word' id='word_1_424' title='bbox 1915 3213 2283 3285; x_wconf 73' lang='lat' dir='ltr'><strong>profugisset,</strong></span> <span class='ocrx_word' id='word_1_425' title='bbox 2317 3227 2347 3264; x_wconf 88' lang='lat' dir='ltr'><strong>a</strong></span> <span class='ocrx_word' id='word_1_426' title='bbox 2379 3210 2495 3265; x_wconf 86' lang='lat' dir='ltr'><strong>suis</strong></span> <span class='ocrx_word' id='word_1_427' title='bbox 2522 3208 2728 3269; x_wconf 86' lang='lat' dir='ltr'><strong>occiso,</strong></span> <span class='ocrx_word' id='word_1_428' title='bbox 2761 3204 2900 3259; x_wconf 88' lang='lat' dir='ltr'><strong>urbe</strong></span> <span class='ocrx_word' id='word_1_429' title='bbox 2931 3202 3070 3257; x_wconf 78' lang='lat' dir='ltr'><strong>citra</strong></span> <span class='ocrx_word' id='word_1_430' title='bbox 3118 3198 3362 3253; x_wconf 79' lang='lat' dir='ltr'><strong>laborem</strong></span> <span class='ocrx_word' id='word_1_431' title='bbox 3388 3211 3494 3265; x_wconf 85' lang='lat' dir='ltr'><strong>po-</strong></span> 
     </span>
    </p>
   </div>
   <div class='ocr_carea' id='block_1_64' title="bbox 221 3300 1815 3377">
    <p class='ocr_par' dir='ltr' id='par_1_64' title="bbox 221 3300 1815 3377">
     <span class='ocr_line' id='line_1_64' title="bbox 221 3300 1815 3377; baseline -0.001 -18"><span class='ocrx_word' id='word_1_432' title='bbox 221 3304 488 3375; x_wconf 69' lang='grc' dir='ltr'>Μαξίμος</span> <span class='ocrx_word' id='word_1_433' title='bbox 513 3306 624 3376; x_wconf 77' lang='grc' dir='ltr'><strong>γὰρ</strong></span> <span class='ocrx_word' id='word_1_434' title='bbox 660 3300 742 3368; x_wconf 77' lang='grc' dir='ltr'>εἷς</span> <span class='ocrx_word' id='word_1_435' title='bbox 772 3304 883 3359; x_wconf 83' lang='grc' dir='ltr'><strong>τῶν</strong></span> <span class='ocrx_word' id='word_1_436' title='bbox 914 3306 972 3358; x_wconf 88' lang='grc' dir='ltr'><strong>ἐν</strong></span> <span class='ocrx_word' id='word_1_437' title='bbox 994 3306 1060 3377; x_wconf 73' lang='grc' dir='ltr'>τῇ</span> <span class='ocrx_word' id='word_1_438' title='bbox 1092 3305 1281 3377; x_wconf 78' lang='grc' dir='ltr'><strong>Ῥώμῃ</strong></span> <span class='ocrx_word' id='word_1_439' title='bbox 1298 3305 1631 3376; x_wconf 73' lang='grc' dir='ltr'>πατρικίων,</span> <span class='ocrx_word' id='word_1_440' title='bbox 1652 3304 1815 3372; x_wconf 76' lang='grc' dir='ltr'>ἔγγο-</span> 
     </span>
    </p>
   </div>
   <div class='ocr_carea' id='block_1_65' title="bbox 222 3395 1813 3467">
    <p class='ocr_par' dir='ltr' id='par_1_65' title="bbox 222 3395 1813 3467">
     <span class='ocr_line' id='line_1_65' title="bbox 222 3395 1813 3467; baseline -0.001 -18"><span class='ocrx_word' id='word_1_441' title='bbox 222 3413 317 3458; x_wconf 89' lang='grc' dir='ltr'><strong>νος</strong></span> <span class='ocrx_word' id='word_1_442' title='bbox 340 3396 399 3448; x_wconf 77' lang='grc' dir='ltr'>δὲ</span> <span class='ocrx_word' id='word_1_443' title='bbox 417 3396 511 3450; x_wconf 87' lang='grc' dir='ltr'><strong>τοῦ</strong></span> <span class='ocrx_word' id='word_1_444' title='bbox 535 3396 704 3450; x_wconf 83' lang='grc' dir='ltr'>πάλαι</span> <span class='ocrx_word' id='word_1_445' title='bbox 725 3399 1165 3467; x_wconf 81' lang='grc' dir='ltr'>τυραννήσαντος</span> <span class='ocrx_word' id='word_1_446' title='bbox 1196 3398 1476 3466; x_wconf 79' lang='grc' dir='ltr'>Μαξίμου,</span> <span class='ocrx_word' id='word_1_447' title='bbox 1503 3397 1562 3449; x_wconf 81' lang='grc' dir='ltr'>ὃν</span> <span class='ocrx_word' id='word_1_448' title='bbox 1585 3398 1613 3447; x_wconf 86' lang='grc' dir='ltr'><strong>ό</strong></span> <span class='ocrx_word' id='word_1_449' title='bbox 1639 3395 1813 3466; x_wconf 79' lang='grc' dir='ltr'>μέγας</span> 
     </span>
    </p>
   </div>
   <div class='ocr_carea' id='block_1_66' title="bbox 223 3488 1815 3559">
    <p class='ocr_par' dir='ltr' id='par_1_66' title="bbox 223 3488 1815 3559">
     <span class='ocr_line' id='line_1_66' title="bbox 223 3488 1815 3559; baseline 0.001 -18"><span class='ocrx_word' id='word_1_450' title='bbox 223 3488 656 3559; x_wconf 75' lang='grc' dir='ltr'>κατεπολέμησε</span> <span class='ocrx_word' id='word_1_451' title='bbox 723 3488 1052 3552; x_wconf 81' lang='grc' dir='ltr'>Θεοδόσιος,</span> <span class='ocrx_word' id='word_1_452' title='bbox 1112 3489 1265 3543; x_wconf 78' lang='grc' dir='ltr'>ἔνδον</span> <span class='ocrx_word' id='word_1_453' title='bbox 1334 3489 1444 3541; x_wconf 87' lang='grc' dir='ltr'><strong>τῶν</strong></span> <span class='ocrx_word' id='word_1_454' title='bbox 1523 3488 1815 3559; x_wconf 85' lang='grc' dir='ltr'>βασιλείων</span> 
     </span>
    </p>
   </div>
   <div class='ocr_carea' id='block_1_67' title="bbox 223 3579 1812 3650">
    <p class='ocr_par' dir='ltr' id='par_1_67' title="bbox 223 3579 1812 3650">
     <span class='ocr_line' id='line_1_67' title="bbox 223 3579 1812 3650; baseline 0.001 -17"><span class='ocrx_word' id='word_1_455' title='bbox 223 3581 531 3649; x_wconf 83' lang='grc' dir='ltr'>γενόμενος</span> <span class='ocrx_word' id='word_1_456' title='bbox 568 3581 629 3636; x_wconf 80' lang='grc' dir='ltr'><strong>ἐν</strong></span> <span class='ocrx_word' id='word_1_457' title='bbox 648 3579 835 3644; x_wconf 76' lang='grc' dir='ltr'>αὐτοῖς</span> <span class='ocrx_word' id='word_1_458' title='bbox 862 3581 955 3634; x_wconf 73' lang='grc' dir='ltr'>τὸν</span> <span class='ocrx_word' id='word_1_459' title='bbox 977 3582 1422 3635; x_wconf 76' lang='grc' dir='ltr'>Οὐαλεντινιανὺν</span> <span class='ocrx_word' id='word_1_460' title='bbox 1451 3582 1812 3650; x_wconf 70' lang='grc' dir='ltr'>ἀπσσφάτττι,</span> 
     </span>
    </p>
   </div>
   <div class='ocr_carea' id='block_1_68' title="bbox 222 3671 1817 3743">
    <p class='ocr_par' dir='ltr' id='par_1_68' title="bbox 222 3671 1817 3743">
     <span class='ocr_line' id='line_1_68' title="bbox 222 3671 1817 3743; baseline 0.001 -19"><span class='ocrx_word' id='word_1_461' title='bbox 222 3673 328 3726; x_wconf 75' lang='grc' dir='ltr'>καὶ</span> <span class='ocrx_word' id='word_1_462' title='bbox 469 3671 695 3743; x_wconf 70' lang='grc' dir='ltr'>Εύδοξία</span> <span class='ocrx_word' id='word_1_463' title='bbox 734 3671 826 3742; x_wconf 72' lang='grc' dir='ltr'><strong>βία</strong></span> <span class='ocrx_word' id='word_1_464' title='bbox 852 3673 1250 3742; x_wconf 65' lang='grc' dir='ltr'>συμμίγνυται,</span> <span class='ocrx_word' id='word_1_465' title='bbox 1281 3674 1501 3742; x_wconf 73' lang='grc' dir='ltr'>καὶτῆς</span> <span class='ocrx_word' id='word_1_466' title='bbox 1537 3673 1817 3742; x_wconf 80' lang='grc' dir='ltr'>βασιλείας</span> 
     </span>
    </p>
   </div>
   <div class='ocr_carea' id='block_1_69' title="bbox 225 3762 1814 3834">
    <p class='ocr_par' dir='ltr' id='par_1_69' title="bbox 225 3762 1814 3834">
     <span class='ocr_line' id='line_1_69' title="bbox 225 3762 1814 3834; baseline 0.001 -18"><span class='ocrx_word' id='word_1_467' title='bbox 225 3765 451 3833; x_wconf 82' lang='grc' dir='ltr'>κρατεῖ.</span> <span class='ocrx_word' id='word_1_468' title='bbox 468 3763 531 3815; x_wconf 81' lang='grc' dir='ltr'><strong>Ἡ</strong></span> <span class='ocrx_word' id='word_1_469' title='bbox 563 3762 621 3814; x_wconf 82' lang='grc' dir='ltr'>δὲ</span> <span class='ocrx_word' id='word_1_470' title='bbox 661 3764 756 3816; x_wconf 77' lang='grc' dir='ltr'><strong>τοῦ</strong></span> <span class='ocrx_word' id='word_1_471' title='bbox 790 3766 998 3834; x_wconf 81' lang='grc' dir='ltr'>πατρὸς</span> <span class='ocrx_word' id='word_1_472' title='bbox 1029 3764 1198 3833; x_wconf 81' lang='grc' dir='ltr'>αὐτῆς</span> <span class='ocrx_word' id='word_1_473' title='bbox 1225 3764 1506 3817; x_wconf 79' lang='grc' dir='ltr'>Θεοδοσίου</span> <span class='ocrx_word' id='word_1_474' title='bbox 1539 3764 1814 3830; x_wconf 63' lang='grc' dir='ltr'>θανόντος,</span> 
     </span>
    </p>
   </div>
   <div class='ocr_carea' id='block_1_70' title="bbox 226 3854 1818 3927">
    <p class='ocr_par' dir='ltr' id='par_1_70' title="bbox 226 3854 1818 3927">
     <span class='ocr_line' id='line_1_70' title="bbox 226 3854 1818 3927; baseline 0.001 -20"><span class='ocrx_word' id='word_1_475' title='bbox 226 3856 330 3907; x_wconf 76' lang='grc' dir='ltr'>καὶ</span> <span class='ocrx_word' id='word_1_476' title='bbox 360 3854 466 3924; x_wconf 85' lang='grc' dir='ltr'>τῆς</span> <span class='ocrx_word' id='word_1_477' title='bbox 492 3854 828 3925; x_wconf 82' lang='grc' dir='ltr'>Πουλχερίας</span> <span class='ocrx_word' id='word_1_478' title='bbox 861 3856 1289 3927; x_wconf 83' lang='grc' dir='ltr'>ἐκμετρησὰσης</span> <span class='ocrx_word' id='word_1_479' title='bbox 1308 3856 1508 3925; x_wconf 72' lang='grc' dir='ltr'>τόξζῇν,</span> <span class='ocrx_word' id='word_1_480' title='bbox 1536 3855 1818 3924; x_wconf 86' lang='grc' dir='ltr'>ἐκδίκησιν</span> 
     </span>
    </p>
   </div>
   <div class='ocr_carea' id='block_1_71' title="bbox 228 3946 1818 4020">
    <p class='ocr_par' dir='ltr' id='par_1_71' title="bbox 228 3946 1818 4020">
     <span class='ocr_line' id='line_1_71' title="bbox 228 3946 1818 4020; baseline -0.001 -19"><span class='ocrx_word' id='word_1_481' title='bbox 228 3946 518 4018; x_wconf 73' lang='grc' dir='ltr'>ἑτέρωθεν</span> <span class='ocrx_word' id='word_1_482' title='bbox 544 3946 620 4018; x_wconf 75' lang='grc' dir='ltr'>μὴ</span> <span class='ocrx_word' id='word_1_483' title='bbox 652 3948 949 4011; x_wconf 74' lang='grc' dir='ltr'>ἐλπίζουσα</span> <span class='ocrx_word' id='word_1_484' title='bbox 978 3949 1353 4020; x_wconf 79' lang='grc' dir='ltr'>διαπέμπεται</span> <span class='ocrx_word' id='word_1_485' title='bbox 1370 3949 1506 4019; x_wconf 79' lang='grc' dir='ltr'>πρὸς</span> <span class='ocrx_word' id='word_1_486' title='bbox 1533 3947 1818 4018; x_wconf 77' lang='grc' dir='ltr'>Γιζέριχον</span> 
     </span>
    </p>
   </div>
   <div class='ocr_carea' id='block_1_72' title="bbox 224 4040 1816 4110">
    <p class='ocr_par' dir='ltr' id='par_1_72' title="bbox 224 4040 1816 4110">
     <span class='ocr_line' id='line_1_72' title="bbox 224 4040 1816 4110; baseline 0.002 -19"><span class='ocrx_word' id='word_1_487' title='bbox 224 4041 350 4093; x_wconf 85' lang='grc' dir='ltr'><strong>τῶν</strong></span> <span class='ocrx_word' id='word_1_488' title='bbox 397 4040 723 4108; x_wconf 80' lang='grc' dir='ltr'>Οὑανδήλων</span> <span class='ocrx_word' id='word_1_489' title='bbox 783 4042 928 4109; x_wconf 79' lang='grc' dir='ltr'>ρῆγα</span> <span class='ocrx_word' id='word_1_490' title='bbox 981 4040 1351 4110; x_wconf 81' lang='grc' dir='ltr'>καλούμενον,</span> <span class='ocrx_word' id='word_1_491' title='bbox 1402 4040 1498 4093; x_wconf 76' lang='grc' dir='ltr'>καὶ</span> <span class='ocrx_word' id='word_1_492' title='bbox 1546 4040 1648 4110; x_wconf 83' lang='grc' dir='ltr'>τῆς</span> <span class='ocrx_word' id='word_1_493' title='bbox 1720 4040 1816 4095; x_wconf 85' lang='grc' dir='ltr'><strong>τοῦ</strong></span> 
     </span>
    </p>
   </div>
   <div class='ocr_carea' id='block_1_73' title="bbox 226 4130 1819 4202">
    <p class='ocr_par' dir='ltr' id='par_1_73' title="bbox 226 4130 1819 4202">
     <span class='ocr_line' id='line_1_73' title="bbox 226 4130 1819 4202; baseline -0.002 -15"><span class='ocrx_word' id='word_1_494' title='bbox 226 4131 496 4200; x_wconf 79' lang='grc' dir='ltr'>Μαξίμου</span> <span class='ocrx_word' id='word_1_495' title='bbox 528 4131 844 4201; x_wconf 79' lang='grc' dir='ltr'>τυραννίδος</span> <span class='ocrx_word' id='word_1_496' title='bbox 870 4133 938 4185; x_wconf 78' lang='grc' dir='ltr'>δι’</span> <span class='ocrx_word' id='word_1_497' title='bbox 984 4130 1152 4184; x_wconf 85' lang='grc' dir='ltr'>αὐτοῦ</span> <span class='ocrx_word' id='word_1_498' title='bbox 1214 4132 1601 4202; x_wconf 71' lang='grc' dir='ltr'>ἀπαλλαγῆναι</span> <span class='ocrx_word' id='word_1_499' title='bbox 1665 4132 1819 4186; x_wconf 82' lang='grc' dir='ltr'>ἐκλι-</span> 
     </span>
    </p>
   </div>
   <div class='ocr_carea' id='block_1_74' title="bbox 226 4221 1820 4295">
    <p class='ocr_par' dir='ltr' id='par_1_74' title="bbox 226 4221 1820 4295">
     <span class='ocr_line' id='line_1_74' title="bbox 226 4221 1820 4295; baseline -0.001 -19"><span class='ocrx_word' id='word_1_500' title='bbox 226 4223 445 4295; x_wconf 74' lang='grc' dir='ltr'>παρεῐσ</span> <span class='ocrx_word' id='word_1_501' title='bbox 489 4224 588 4276; x_wconf 74' lang='grc' dir='ltr'>καὶ</span> <span class='ocrx_word' id='word_1_502' title='bbox 616 4223 677 4284; x_wconf 78' lang='grc' dir='ltr'>ὃς</span> <span class='ocrx_word' id='word_1_503' title='bbox 711 4225 894 4276; x_wconf 79' lang='grc' dir='ltr'>ἔπεισι</span> <span class='ocrx_word' id='word_1_504' title='bbox 927 4226 993 4293; x_wconf 78' lang='grc' dir='ltr'><strong>τῇ</strong></span> <span class='ocrx_word' id='word_1_505' title='bbox 1039 4221 1227 4295; x_wconf 81' lang='grc' dir='ltr'><strong>Ῥώμῃ</strong></span> <span class='ocrx_word' id='word_1_506' title='bbox 1274 4223 1371 4277; x_wconf 83' lang='grc' dir='ltr'>σὺν</span> <span class='ocrx_word' id='word_1_507' title='bbox 1406 4225 1482 4293; x_wconf 84' lang='grc' dir='ltr'>τῷ</span> <span class='ocrx_word' id='word_1_508' title='bbox 1514 4226 1688 4294; x_wconf 65' lang='grc' dir='ltr'>στόλῳ</span> <span class='ocrx_word' id='word_1_509' title='bbox 1724 4226 1820 4278; x_wconf 76' lang='grc' dir='ltr'>καὶ</span> 
     </span>
    </p>
   </div>
   <div class='ocr_carea' id='block_1_75' title="bbox 226 4315 1820 4387">
    <p class='ocr_par' dir='ltr' id='par_1_75' title="bbox 226 4315 1820 4387">
     <span class='ocr_line' id='line_1_75' title="bbox 226 4315 1820 4387; baseline 0 -17"><span class='ocrx_word' id='word_1_510' title='bbox 226 4318 470 4386; x_wconf 79' lang='grc' dir='ltr'>δυνάμει</span> <span class='ocrx_word' id='word_1_511' title='bbox 531 4315 724 4387; x_wconf 80' lang='grc' dir='ltr'>πολλῇ.</span> <span class='ocrx_word' id='word_1_512' title='bbox 763 4315 823 4370; x_wconf 83' lang='grc' dir='ltr'><strong>Ὀ</strong></span> <span class='ocrx_word' id='word_1_513' title='bbox 850 4316 906 4369; x_wconf 78' lang='grc' dir='ltr'>δὲ</span> <span class='ocrx_word' id='word_1_514' title='bbox 941 4315 1194 4386; x_wconf 80' lang='grc' dir='ltr'>Μάξιμος</span> <span class='ocrx_word' id='word_1_515' title='bbox 1234 4316 1446 4387; x_wconf 75' lang='grc' dir='ltr'>ἀπέδρα</span> <span class='ocrx_word' id='word_1_516' title='bbox 1471 4317 1695 4386; x_wconf 81' lang='grc' dir='ltr'>ταύτης,</span> <span class='ocrx_word' id='word_1_517' title='bbox 1724 4319 1820 4370; x_wconf 76' lang='grc' dir='ltr'>καὶ</span> 
     </span>
    </p>
   </div>
   <div class='ocr_carea' id='block_1_76' title="bbox 227 4401 1822 4475">
    <p class='ocr_par' dir='ltr' id='par_1_76' title="bbox 227 4401 1822 4475">
     <span class='ocr_line' id='line_1_76' title="bbox 227 4401 1822 4475; baseline 0.001 -20"><span class='ocrx_word' id='word_1_518' title='bbox 227 4401 517 4455; x_wconf 82' lang='grc' dir='ltr'>κτείνεται</span> <span class='ocrx_word' id='word_1_519' title='bbox 557 4403 711 4471; x_wconf 84' lang='grc' dir='ltr'><strong>παρά</strong></span> <span class='ocrx_word' id='word_1_520' title='bbox 760 4401 871 4456; x_wconf 86' lang='grc' dir='ltr'><strong>τῶν</strong></span> <span class='ocrx_word' id='word_1_521' title='bbox 920 4403 1191 4457; x_wconf 85' lang='grc' dir='ltr'>συνόντων</span> <span class='ocrx_word' id='word_1_522' title='bbox 1224 4404 1394 4473; x_wconf 77' lang='grc' dir='ltr'>αὐτῷ.</span> <span class='ocrx_word' id='word_1_523' title='bbox 1429 4404 1490 4456; x_wconf 87' lang='grc'><strong>’0</strong></span> <span class='ocrx_word' id='word_1_524' title='bbox 1513 4404 1571 4457; x_wconf 74' lang='grc' dir='ltr'>δὲ</span> <span class='ocrx_word' id='word_1_525' title='bbox 1607 4405 1822 4475; x_wconf 80' lang='grc' dir='ltr'>Γιζέρι-</span> 
     </span>
    </p>
   </div>
   <div class='ocr_carea' id='block_1_77' title="bbox 228 4490 1821 4563">
    <p class='ocr_par' dir='ltr' id='par_1_77' title="bbox 228 4490 1821 4563">
     <span class='ocr_line' id='line_1_77' title="bbox 228 4490 1821 4563; baseline 0.002 -20"><span class='ocrx_word' id='word_1_526' title='bbox 228 4508 335 4562; x_wconf 79' lang='grc' dir='ltr'><strong>χος</strong></span> <span class='ocrx_word' id='word_1_527' title='bbox 368 4490 449 4563; x_wconf 80' lang='grc'><strong>(7)</strong></span> <span class='ocrx_word' id='word_1_528' title='bbox 491 4492 708 4555; x_wconf 81' lang='grc' dir='ltr'>ἀπόνως</span> <span class='ocrx_word' id='word_1_529' title='bbox 729 4493 831 4560; x_wconf 85' lang='grc' dir='ltr'>τῆς</span> <span class='ocrx_word' id='word_1_530' title='bbox 846 4491 1068 4562; x_wconf 86' lang='grc' dir='ltr'>Ῥώμης</span> <span class='ocrx_word' id='word_1_531' title='bbox 1101 4496 1314 4563; x_wconf 75' lang='grc' dir='ltr'>κρατεῖ,</span> <span class='ocrx_word' id='word_1_532' title='bbox 1338 4495 1436 4547; x_wconf 78' lang='grc' dir='ltr'>καὶ</span> <span class='ocrx_word' id='word_1_533' title='bbox 1469 4494 1563 4546; x_wconf 75' lang='grc' dir='ltr'>τὸν</span> <span class='ocrx_word' id='word_1_534' title='bbox 1587 4493 1821 4547; x_wconf 82' lang='grc' dir='ltr'>πλοῦτον</span> 
     </span>
    </p>
   </div>
   <div class='ocr_carea' id='block_1_78' title="bbox 1916 3288 3490 3371">
    <p class='ocr_par' dir='ltr' id='par_1_78' title="bbox 1916 3288 3490 3371">
     <span class='ocr_line' id='line_1_78' title="bbox 1916 3288 3490 3371; baseline -0.013 -11"><span class='ocrx_word' id='word_1_535' title='bbox 1916 3305 2072 3369; x_wconf 84' lang='lat' dir='ltr'><strong>titur,</strong></span> <span class='ocrx_word' id='word_1_536' title='bbox 2132 3313 2186 3358; x_wconf 90' lang='lat' dir='ltr'><strong>et</strong></span> <span class='ocrx_word' id='word_1_537' title='bbox 2230 3316 2423 3356; x_wconf 88' lang='lat' dir='ltr'><strong>omnes</strong></span> <span class='ocrx_word' id='word_1_538' title='bbox 2466 3300 2589 3371; x_wconf 90' lang='lat' dir='ltr'><strong>ejus</strong></span> <span class='ocrx_word' id='word_1_539' title='bbox 2639 3296 2900 3356; x_wconf 82' lang='lat' dir='ltr'><strong>divitias;</strong></span> <span class='ocrx_word' id='word_1_540' title='bbox 2951 3306 3235 3348; x_wconf 76' lang='lat' dir='ltr'><strong>sacrarum</strong></span> <span class='ocrx_word' id='word_1_541' title='bbox 3287 3288 3490 3344; x_wconf 69' lang='lat' dir='ltr'><strong>aedium</strong></span> 
     </span>
    </p>
   </div>
   <div class='ocr_carea' id='block_1_79' title="bbox 1915 3381 3495 3464">
    <p class='ocr_par' dir='ltr' id='par_1_79' title="bbox 1915 3381 3495 3464">
     <span class='ocr_line' id='line_1_79' title="bbox 1915 3381 3495 3464; baseline -0.012 -13"><span class='ocrx_word' id='word_1_542' title='bbox 1915 3414 2081 3452; x_wconf 83' lang='lat' dir='ltr'><strong>aurea</strong></span> <span class='ocrx_word' id='word_1_543' title='bbox 2117 3395 2346 3451; x_wconf 83' lang='lat' dir='ltr'><strong>donaria</strong></span> <span class='ocrx_word' id='word_1_544' title='bbox 2377 3403 2433 3448; x_wconf 92' lang='lat' dir='ltr'><strong>et</strong></span> <span class='ocrx_word' id='word_1_545' title='bbox 2492 3389 2726 3464; x_wconf 88' lang='lat' dir='ltr'><strong>gemmis</strong></span> <span class='ocrx_word' id='word_1_546' title='bbox 2759 3397 2974 3450; x_wconf 86' lang='lat' dir='ltr'><strong>ornata,</strong></span> <span class='ocrx_word' id='word_1_547' title='bbox 3016 3383 3280 3439; x_wconf 74' lang='lat' dir='ltr'><strong>nonnulla</strong></span> <span class='ocrx_word' id='word_1_548' title='bbox 3326 3381 3495 3435; x_wconf 85' lang='lat' dir='ltr'><strong>etiam</strong></span> 
     </span>
    </p>
   </div>
   <div class='ocr_carea' id='block_1_80' title="bbox 1916 3473 3496 3558">
    <p class='ocr_par' dir='ltr' id='par_1_80' title="bbox 1916 3473 3496 3558">
     <span class='ocr_line' id='line_1_80' title="bbox 1916 3473 3496 3558; baseline -0.015 -12"><span class='ocrx_word' id='word_1_549' title='bbox 1916 3507 2045 3546; x_wconf 84' lang='lat' dir='ltr'><strong>vasa</strong></span> <span class='ocrx_word' id='word_1_550' title='bbox 2076 3506 2107 3546; x_wconf 92' lang='lat' dir='ltr'><strong>e</strong></span> <span class='ocrx_word' id='word_1_551' title='bbox 2144 3489 2349 3558; x_wconf 88' lang='lat' dir='ltr'><strong>templo</strong></span> <span class='ocrx_word' id='word_1_552' title='bbox 2409 3481 2909 3554; x_wconf 80' lang='lat' dir='ltr'><strong>llierosolymitauo</strong></span> <span class='ocrx_word' id='word_1_553' title='bbox 2954 3495 2982 3532; x_wconf 89' lang='lat' dir='ltr'><strong>a</strong></span> <span class='ocrx_word' id='word_1_554' title='bbox 3026 3477 3153 3531; x_wconf 83' lang='lat' dir='ltr'><strong>Tito</strong></span> <span class='ocrx_word' id='word_1_555' title='bbox 3182 3473 3369 3532; x_wconf 82' lang='lat' dir='ltr'><strong>allata.</strong></span> <span class='ocrx_word' id='word_1_556' title='bbox 3399 3486 3496 3524; x_wconf 50' lang='lat' dir='ltr'><strong>an.</strong></span> 
     </span>
    </p>
   </div>
   <div class='ocr_carea' id='block_1_81' title="bbox 1918 3560 3488 3648">
    <p class='ocr_par' dir='ltr' id='par_1_81' title="bbox 1918 3560 3488 3648">
     <span class='ocr_line' id='line_1_81' title="bbox 1918 3560 3488 3648; baseline -0.015 -12"><span class='ocrx_word' id='word_1_557' title='bbox 1918 3597 2010 3636; x_wconf 85' lang='lat' dir='ltr'><strong>rea</strong></span> <span class='ocrx_word' id='word_1_558' title='bbox 2067 3589 2122 3636; x_wconf 92' lang='lat' dir='ltr'><strong>et</strong></span> <span class='ocrx_word' id='word_1_559' title='bbox 2170 3578 2309 3648; x_wconf 85' lang='lat' dir='ltr'><strong>ipsa,</strong></span> <span class='ocrx_word' id='word_1_560' title='bbox 2376 3590 2482 3630; x_wconf 87' lang='lat' dir='ltr'><strong>una</strong></span> <span class='ocrx_word' id='word_1_561' title='bbox 2533 3578 2658 3628; x_wconf 87' lang='lat' dir='ltr'><strong>cum</strong></span> <span class='ocrx_word' id='word_1_562' title='bbox 2710 3569 2955 3626; x_wconf 72' lang='grc' dir='ltr'>Ειιιιοιιὶιι</span> <span class='ocrx_word' id='word_1_563' title='bbox 3005 3575 3062 3620; x_wconf 89' lang='lat' dir='ltr'><strong>et</strong></span> <span class='ocrx_word' id='word_1_564' title='bbox 3112 3562 3328 3618; x_wconf 86' lang='lat' dir='ltr'><strong>duabus</strong></span> <span class='ocrx_word' id='word_1_565' title='bbox 3364 3560 3488 3625; x_wconf 79' lang='lat' dir='ltr'><strong>ejus</strong></span> 
     </span>
    </p>
   </div>
   <div class='ocr_carea' id='block_1_82' title="bbox 1921 3650 3494 3729">
    <p class='ocr_par' dir='ltr' id='par_1_82' title="bbox 1921 3650 3494 3729">
     <span class='ocr_line' id='line_1_82' title="bbox 1921 3650 3494 3729; baseline -0.014 -4"><span class='ocrx_word' id='word_1_566' title='bbox 1921 3672 2139 3725; x_wconf 80' lang='lat' dir='ltr'><strong>ﬁliabus</strong></span> <span class='ocrx_word' id='word_1_567' title='bbox 2176 3669 2230 3723; x_wconf 92' lang='lat' dir='ltr'><strong>in</strong></span> <span class='ocrx_word' id='word_1_568' title='bbox 2274 3667 2515 3721; x_wconf 78' lang='lat' dir='ltr'><strong>Africam</strong></span> <span class='ocrx_word' id='word_1_569' title='bbox 2563 3677 2755 3719; x_wconf 86' lang='lat' dir='ltr'><strong>secum</strong></span> <span class='ocrx_word' id='word_1_570' title='bbox 2804 3664 3071 3729; x_wconf 86' lang='lat' dir='ltr'><strong>asportat.</strong></span> <span class='ocrx_word' id='word_1_571' title='bbox 3112 3654 3284 3724; x_wconf 80' lang='lat' dir='ltr'><strong>Cujus</strong></span> <span class='ocrx_word' id='word_1_572' title='bbox 3330 3650 3494 3706; x_wconf 84' lang='lat' dir='ltr'><strong>tiliam</strong></span> 
     </span>
    </p>
   </div>
   <div class='ocr_carea' id='block_1_83' title="bbox 1918 3742 3498 3828">
    <p class='ocr_par' dir='ltr' id='par_1_83' title="bbox 1918 3742 3498 3828">
     <span class='ocr_line' id='line_1_83' title="bbox 1918 3742 3498 3828; baseline -0.016 -8"><span class='ocrx_word' id='word_1_573' title='bbox 1918 3763 2219 3819; x_wconf 82' lang='lat' dir='ltr'><strong>Endociam</strong></span> <span class='ocrx_word' id='word_1_574' title='bbox 2253 3768 2386 3814; x_wconf 83' lang='lat' dir='ltr'><strong>natu</strong></span> <span class='ocrx_word' id='word_1_575' title='bbox 2420 3755 2617 3828; x_wconf 84' lang='lat' dir='ltr'><strong>majori</strong></span> <span class='ocrx_word' id='word_1_576' title='bbox 2654 3754 2775 3808; x_wconf 82' lang='lat' dir='ltr'><strong>tilio</strong></span> <span class='ocrx_word' id='word_1_577' title='bbox 2796 3748 3115 3806; x_wconf 79' lang='lat' dir='ltr'><strong>llonorieho</strong></span> <span class='ocrx_word' id='word_1_578' title='bbox 3156 3743 3339 3816; x_wconf 85' lang='lat' dir='ltr'><strong>jungit</strong></span> <span class='ocrx_word' id='word_1_579' title='bbox 3368 3760 3383 3797; x_wconf 88' lang='lat'><strong>:</strong></span> <span class='ocrx_word' id='word_1_580' title='bbox 3415 3742 3498 3795; x_wconf 71' lang='lat' dir='ltr'><strong>al-</strong></span> 
     </span>
    </p>
   </div>
   <div class='ocr_carea' id='block_1_84' title="bbox 1920 3840 3496 3921">
    <p class='ocr_par' dir='ltr' id='par_1_84' title="bbox 1920 3840 3496 3921">
     <span class='ocr_line' id='line_1_84' title="bbox 1920 3840 3496 3921; baseline -0.017 -12"><span class='ocrx_word' id='word_1_581' title='bbox 1920 3865 2115 3914; x_wconf 87' lang='lat' dir='ltr'><strong>teram.</strong></span> <span class='ocrx_word' id='word_1_582' title='bbox 2145 3851 2274 3921; x_wconf 88' lang='lat' dir='ltr'><strong>quia</strong></span> <span class='ocrx_word' id='word_1_583' title='bbox 2316 3847 2546 3921; x_wconf 83' lang='lat' dir='ltr'><strong>Olybrio</strong></span> <span class='ocrx_word' id='word_1_584' title='bbox 2594 3843 2831 3916; x_wconf 90' lang='lat' dir='ltr'><strong>patricio</strong></span> <span class='ocrx_word' id='word_1_585' title='bbox 2862 3841 3192 3909; x_wconf 84' lang='lat' dir='ltr'><strong>desponsam</strong></span> <span class='ocrx_word' id='word_1_586' title='bbox 3247 3840 3496 3891; x_wconf 73' lang='lat' dir='ltr'><strong>noverat,</strong></span> 
     </span>
    </p>
   </div>
   <div class='ocr_carea' id='block_1_85' title="bbox 1919 3923 3501 4004">
    <p class='ocr_par' dir='ltr' id='par_1_85' title="bbox 1919 3923 3501 4004">
     <span class='ocr_line' id='line_1_85' title="bbox 1919 3923 3501 4004; baseline -0.016 -3"><span class='ocrx_word' id='word_1_587' title='bbox 1919 3962 2042 4001; x_wconf 89' lang='lat' dir='ltr'><strong>cum</strong></span> <span class='ocrx_word' id='word_1_588' title='bbox 2076 3953 2252 3999; x_wconf 83' lang='lat' dir='ltr'><strong>matre</strong></span> <span class='ocrx_word' id='word_1_589' title='bbox 2284 3949 2557 3997; x_wconf 85' lang='lat' dir='ltr'><strong>asservat.</strong></span> <span class='ocrx_word' id='word_1_590' title='bbox 2583 3936 2716 4004; x_wconf 68' lang='lat' dir='ltr'><strong>Quae</strong></span> <span class='ocrx_word' id='word_1_591' title='bbox 2750 3950 2874 3990; x_wconf 89' lang='lat' dir='ltr'><strong>cum</strong></span> <span class='ocrx_word' id='word_1_592' title='bbox 2906 3931 3193 3986; x_wconf 87' lang='lat' dir='ltr'><strong>biennium</strong></span> <span class='ocrx_word' id='word_1_593' title='bbox 3237 3926 3310 3979; x_wconf 80' lang='lat' dir='ltr'><strong>ibi</strong></span> <span class='ocrx_word' id='word_1_594' title='bbox 3356 3923 3501 3993; x_wconf 59' lang='grc' dir='ltr'>θείου</span> 
     </span>
    </p>
   </div>
   <div class='ocr_carea' id='block_1_86' title="bbox 1921 4016 3498 4099">
    <p class='ocr_par' dir='ltr' id='par_1_86' title="bbox 1921 4016 3498 4099">
     <span class='ocr_line' id='line_1_86' title="bbox 1921 4016 3498 4099; baseline -0.015 -9"><span class='ocrx_word' id='word_1_595' title='bbox 1921 4045 2024 4099; x_wconf 87' lang='lat' dir='ltr'><strong>set,</strong></span> <span class='ocrx_word' id='word_1_596' title='bbox 2061 4050 2185 4090; x_wconf 90' lang='lat' dir='ltr'><strong>cum</strong></span> <span class='ocrx_word' id='word_1_597' title='bbox 2231 4032 2338 4087; x_wconf 77' lang='lat' dir='ltr'><strong>illia</strong></span> <span class='ocrx_word' id='word_1_598' title='bbox 2357 4029 2635 4092; x_wconf 73' lang='lat' dir='ltr'><strong>Placidia,</strong></span> <span class='ocrx_word' id='word_1_599' title='bbox 2668 4032 2937 4095; x_wconf 87' lang='lat' dir='ltr'><strong>regnante</strong></span> <span class='ocrx_word' id='word_1_600' title='bbox 2963 4022 3145 4077; x_wconf 89' lang='lat' dir='ltr'><strong>adhuc</strong></span> <span class='ocrx_word' id='word_1_601' title='bbox 3203 4016 3498 4075; x_wconf 77' lang='lat' dir='ltr'><strong>Marciano,</strong></span> 
     </span>
    </p>
   </div>
   <div class='ocr_carea' id='block_1_87' title="bbox 1920 4108 3499 4199">
    <p class='ocr_par' dir='ltr' id='par_1_87' title="bbox 1920 4108 3499 4199">
     <span class='ocr_line' id='line_1_87' title="bbox 1920 4108 3499 4199; baseline -0.015 -16"><span class='ocrx_word' id='word_1_602' title='bbox 1920 4126 2241 4199; x_wconf 78' lang='lat' dir='ltr'><strong>Byzantium</strong></span> <span class='ocrx_word' id='word_1_603' title='bbox 2289 4120 2623 4182; x_wconf 86' lang='lat' dir='ltr'><strong>revertitur,</strong></span> <span class='ocrx_word' id='word_1_604' title='bbox 2657 4116 2847 4170; x_wconf 83' lang='lat' dir='ltr'><strong>relicta</strong></span> <span class='ocrx_word' id='word_1_605' title='bbox 2876 4111 2985 4167; x_wconf 83' lang='lat' dir='ltr'><strong>tilia</strong></span> <span class='ocrx_word' id='word_1_606' title='bbox 3038 4108 3279 4166; x_wconf 78' lang='lat' dir='ltr'><strong>Eudocia</strong></span> <span class='ocrx_word' id='word_1_607' title='bbox 3308 4144 3322 4169; x_wconf 85' lang='lat'><strong>,</strong></span> <span class='ocrx_word' id='word_1_608' title='bbox 3354 4119 3499 4175; x_wconf 69' lang='lat' dir='ltr'><strong>quae.</strong></span> 
     </span>
    </p>
   </div>
   <div class='ocr_carea' id='block_1_88' title="bbox 1921 4197 3502 4289">
    <p class='ocr_par' dir='ltr' id='par_1_88' title="bbox 1921 4197 3502 4289">
     <span class='ocr_line' id='line_1_88' title="bbox 1921 4197 3502 4289; baseline -0.016 -15"><span class='ocrx_word' id='word_1_609' title='bbox 1921 4197 2174 4289; x_wconf 79' lang='lat' dir='ltr'><strong>quamvis</strong></span> <span class='ocrx_word' id='word_1_610' title='bbox 2229 4229 2407 4269; x_wconf 84' lang='lat' dir='ltr'><strong>annos</strong></span> <span class='ocrx_word' id='word_1_611' title='bbox 2446 4227 2532 4265; x_wconf 79' lang='lat' dir='ltr'><strong>va</strong></span> <span class='ocrx_word' id='word_1_612' title='bbox 2581 4224 2707 4265; x_wconf 91' lang='lat' dir='ltr'><strong>cum</strong></span> <span class='ocrx_word' id='word_1_613' title='bbox 2750 4205 2951 4260; x_wconf 86' lang='lat' dir='ltr'><strong>marito</strong></span> <span class='ocrx_word' id='word_1_614' title='bbox 3003 4203 3231 4259; x_wconf 72' lang='lat' dir='ltr'><strong>vixisset</strong></span> <span class='ocrx_word' id='word_1_615' title='bbox 3258 4237 3275 4263; x_wconf 83' lang='lat'><strong>,</strong></span> <span class='ocrx_word' id='word_1_616' title='bbox 3315 4197 3502 4270; x_wconf 82' lang='lat' dir='ltr'><strong>genito</strong></span> 
     </span>
    </p>
   </div>
   <div class='ocr_carea' id='block_1_89' title="bbox 1924 4286 3503 4369">
    <p class='ocr_par' dir='ltr' id='par_1_89' title="bbox 1924 4286 3503 4369">
     <span class='ocr_line' id='line_1_89' title="bbox 1924 4286 3503 4369; baseline -0.016 -3"><span class='ocrx_word' id='word_1_617' title='bbox 1924 4286 2243 4367; x_wconf 76' lang='lat' dir='ltr'><strong>llilderielio</strong></span> <span class='ocrx_word' id='word_1_618' title='bbox 2306 4306 2461 4367; x_wconf 84' lang='lat' dir='ltr'><strong>tilio,</strong></span> <span class='ocrx_word' id='word_1_619' title='bbox 2522 4312 2707 4358; x_wconf 89' lang='lat' dir='ltr'><strong>tamen</strong></span> <span class='ocrx_word' id='word_1_620' title='bbox 2758 4298 2882 4369; x_wconf 83' lang='lat' dir='ltr'><strong>ejus</strong></span> <span class='ocrx_word' id='word_1_621' title='bbox 2924 4291 3384 4351; x_wconf 85' lang='lat' dir='ltr'><strong>consuetudinem</strong></span> <span class='ocrx_word' id='word_1_622' title='bbox 3429 4286 3503 4341; x_wconf 83' lang='lat' dir='ltr'><strong>ob</strong></span> 
     </span>
    </p>
   </div>
   <div class='ocr_carea' id='block_1_90' title="bbox 1922 4382 3507 4467">
    <p class='ocr_par' dir='ltr' id='par_1_90' title="bbox 1922 4382 3507 4467">
     <span class='ocr_line' id='line_1_90' title="bbox 1922 4382 3507 4467; baseline -0.018 -8"><span class='ocrx_word' id='word_1_623' title='bbox 1922 4404 2292 4459; x_wconf 80' lang='lat' dir='ltr'><strong>Arianismum</strong></span> <span class='ocrx_word' id='word_1_624' title='bbox 2322 4411 2467 4467; x_wconf 81' lang='lat' dir='ltr'><strong>aegre</strong></span> <span class='ocrx_word' id='word_1_625' title='bbox 2494 4396 2709 4455; x_wconf 78' lang='lat' dir='ltr'><strong>ferens.</strong></span> <span class='ocrx_word' id='word_1_626' title='bbox 2742 4398 2903 4444; x_wconf 87' lang='lat' dir='ltr'><strong>nacta</strong></span> <span class='ocrx_word' id='word_1_627' title='bbox 2933 4382 3398 4455; x_wconf 83' lang='lat' dir='ltr'><strong>opportunitatem</strong></span> <span class='ocrx_word' id='word_1_628' title='bbox 3448 4385 3507 4431; x_wconf 76' lang='lat' dir='ltr'><strong>et</strong></span> 
     </span>
    </p>
   </div>
   <div class='ocr_carea' id='block_1_91' title="bbox 1924 4470 3504 4565">
    <p class='ocr_par' dir='ltr' id='par_1_91' title="bbox 1924 4470 3504 4565">
     <span class='ocr_line' id='line_1_91' title="bbox 1924 4470 3504 4565; baseline -0.018 -14"><span class='ocrx_word' id='word_1_629' title='bbox 1924 4496 2041 4565; x_wconf 86' lang='lat' dir='ltr'><strong>ipsa</strong></span> <span class='ocrx_word' id='word_1_630' title='bbox 2075 4485 2619 4557; x_wconf 84' lang='lat' dir='ltr'><strong>Constantinopolim</strong></span> <span class='ocrx_word' id='word_1_631' title='bbox 2655 4480 2898 4539; x_wconf 82' lang='lat' dir='ltr'><strong>secedit.</strong></span> <span class='ocrx_word' id='word_1_632' title='bbox 2932 4488 3108 4532; x_wconf 86' lang='lat' dir='ltr'><strong>matre</strong></span> <span class='ocrx_word' id='word_1_633' title='bbox 3142 4476 3252 4546; x_wconf 84' lang='lat' dir='ltr'><strong>jam</strong></span> <span class='ocrx_word' id='word_1_634' title='bbox 3300 4470 3504 4526; x_wconf 68' lang='lat' dir='ltr'><strong>detun-</strong></span> 
     </span>
    </p>
   </div>
   <div class='ocr_carea' id='block_1_92' title="bbox 231 4561 1805 4653">
    <p class='ocr_par' dir='ltr' id='par_1_92' title="bbox 231 4581 1805 4653">
     <span class='ocr_line' id='line_1_92' title="bbox 231 4581 1805 4653; baseline 0.003 -19"><span class='ocrx_word' id='word_1_635' title='bbox 231 4581 414 4651; x_wconf 81' lang='grc' dir='ltr'>αὐτῆς</span> <span class='ocrx_word' id='word_1_636' title='bbox 446 4584 919 4653; x_wconf 72' lang='grc' dir='ltr'>συγκομισαμενος</span> <span class='ocrx_word' id='word_1_637' title='bbox 977 4582 1219 4643; x_wconf 71' lang='grc' dir='ltr'>ἅπαντα.</span> <span class='ocrx_word' id='word_1_638' title='bbox 1272 4588 1368 4636; x_wconf 70' lang='grc' dir='ltr'><strong>καὶ</strong></span> <span class='ocrx_word' id='word_1_639' title='bbox 1404 4585 1474 4636; x_wconf 68' lang='grc' dir='ltr'>τὰ</span> <span class='ocrx_word' id='word_1_640' title='bbox 1515 4583 1626 4636; x_wconf 88' lang='grc' dir='ltr'><strong>τῶν</strong></span> <span class='ocrx_word' id='word_1_641' title='bbox 1654 4586 1805 4638; x_wconf 68' lang='grc' dir='ltr'>θείων</span> 
     </span>
    </p>
   </div>
   <div class='ocr_carea' id='block_1_93' title="bbox 1915 4561 3508 4653">
    <p class='ocr_par' dir='ltr' id='par_1_93' title="bbox 1927 4561 3508 4648">
     <span class='ocr_line' id='line_1_93' title="bbox 1927 4561 3508 4648; baseline -0.018 -7"><span class='ocrx_word' id='word_1_642' title='bbox 1927 4561 2034 4642; x_wconf 65' lang='lat' dir='ltr'><strong>cla.</strong></span> <span class='ocrx_word' id='word_1_643' title='bbox 2064 4581 2198 4638; x_wconf 87' lang='lat' dir='ltr'><strong>lude</strong></span> <span class='ocrx_word' id='word_1_644' title='bbox 2231 4578 2607 4648; x_wconf 85' lang='lat' dir='ltr'><strong>Hierosolyma</strong></span> <span class='ocrx_word' id='word_1_645' title='bbox 2630 4572 2743 4645; x_wconf 66' lang='grc'>49</span> <span class='ocrx_word' id='word_1_646' title='bbox 2767 4571 3037 4641; x_wconf 84' lang='lat' dir='ltr'><strong>profecta,</strong></span> <span class='ocrx_word' id='word_1_647' title='bbox 3063 4565 3321 4620; x_wconf 88' lang='lat' dir='ltr'><strong>moritur.</strong></span> <span class='ocrx_word' id='word_1_648' title='bbox 3354 4561 3508 4617; x_wconf 84' lang='lat' dir='ltr'><strong>Obiit</strong></span> 
     </span>
    </p>
   </div>
   <div class='ocr_carea' id='block_1_94' title="bbox 228 4673 1816 4747">
    <p class='ocr_par' dir='ltr' id='par_1_94' title="bbox 228 4673 1816 4747">
     <span class='ocr_line' id='line_1_94' title="bbox 228 4673 1816 4747; baseline 0.004 -22"><span class='ocrx_word' id='word_1_649' title='bbox 228 4673 386 4726; x_wconf 86' lang='grc' dir='ltr'>ναῶν</span> <span class='ocrx_word' id='word_1_650' title='bbox 419 4673 752 4743; x_wconf 78' lang='grc' dir='ltr'>ἀναθήματα</span> <span class='ocrx_word' id='word_1_651' title='bbox 785 4675 849 4727; x_wconf 79' lang='grc' dir='ltr'><strong>ἐκ</strong></span> <span class='ocrx_word' id='word_1_652' title='bbox 888 4673 1088 4747; x_wconf 87' lang='grc' dir='ltr'>χρυσοῦ</span> <span class='ocrx_word' id='word_1_653' title='bbox 1137 4675 1490 4744; x_wconf 79' lang='grc' dir='ltr'>πεποιημένα</span> <span class='ocrx_word' id='word_1_654' title='bbox 1521 4676 1618 4729; x_wconf 73' lang='grc' dir='ltr'>καὶ</span> <span class='ocrx_word' id='word_1_655' title='bbox 1643 4677 1816 4744; x_wconf 85' lang='grc' dir='ltr'>λίθοις</span> 
     </span>
    </p>
   </div>
   <div class='ocr_carea' id='block_1_95' title="bbox 228 4764 1817 4840">
    <p class='ocr_par' dir='ltr' id='par_1_95' title="bbox 228 4764 1817 4840">
     <span class='ocr_line' id='line_1_95' title="bbox 228 4764 1817 4840; baseline 0.004 -22"><span class='ocrx_word' id='word_1_656' title='bbox 228 4764 628 4835; x_wconf 80' lang='grc' dir='ltr'>κοσμούμενα,</span> <span class='ocrx_word' id='word_1_657' title='bbox 665 4767 761 4820; x_wconf 84' lang='grc' dir='ltr'><strong>καί</strong></span> <span class='ocrx_word' id='word_1_658' title='bbox 786 4783 914 4820; x_wconf 87' lang='grc' dir='ltr'>τινα</span> <span class='ocrx_word' id='word_1_659' title='bbox 944 4766 1054 4819; x_wconf 87' lang='grc' dir='ltr'><strong>τῶν</strong></span> <span class='ocrx_word' id='word_1_660' title='bbox 1078 4764 1231 4836; x_wconf 74' lang='grc' dir='ltr'>παρὰ</span> <span class='ocrx_word' id='word_1_661' title='bbox 1283 4767 1447 4820; x_wconf 85' lang='grc' dir='ltr'>Τίτου</span> <span class='ocrx_word' id='word_1_662' title='bbox 1483 4772 1817 4840; x_wconf 75' lang='grc' dir='ltr'>κοσμισθέν-</span> 
     </span>
    </p>
   </div>
   <div class='ocr_carea' id='block_1_96' title="bbox 227 4857 1821 4932">
    <p class='ocr_par' dir='ltr' id='par_1_96' title="bbox 227 4857 1821 4932">
     <span class='ocr_line' id='line_1_96' title="bbox 227 4857 1821 4932; baseline 0.003 -21"><span class='ocrx_word' id='word_1_663' title='bbox 227 4875 354 4911; x_wconf 86' lang='grc' dir='ltr'><strong>των</strong></span> <span class='ocrx_word' id='word_1_664' title='bbox 382 4857 445 4923; x_wconf 80' lang='grc' dir='ltr'>ἐξ</span> <span class='ocrx_word' id='word_1_665' title='bbox 479 4857 873 4929; x_wconf 80' lang='grc' dir='ltr'>Ἱεροσολύμων</span> <span class='ocrx_word' id='word_1_666' title='bbox 900 4860 1110 4913; x_wconf 80' lang='grc' dir='ltr'>σκευῶν</span> <span class='ocrx_word' id='word_1_667' title='bbox 1144 4859 1238 4912; x_wconf 88' lang='grc' dir='ltr'><strong>τοῦ</strong></span> <span class='ocrx_word' id='word_1_668' title='bbox 1273 4862 1458 4913; x_wconf 83' lang='grc' dir='ltr'>ἐκεῖσε</span> <span class='ocrx_word' id='word_1_669' title='bbox 1511 4861 1663 4927; x_wconf 84' lang='grc' dir='ltr'>ναοῦ,</span> <span class='ocrx_word' id='word_1_670' title='bbox 1706 4863 1821 4932; x_wconf 86' lang='grc' dir='ltr'>εἰρ-</span> 
     </span>
    </p>
   </div>
   <div class='ocr_carea' id='block_1_97' title="bbox 228 4948 1825 5021">
    <p class='ocr_par' dir='ltr' id='par_1_97' title="bbox 228 4948 1825 5021">
     <span class='ocr_line' id='line_1_97' title="bbox 228 4948 1825 5021; baseline 0.002 -20"><span class='ocrx_word' id='word_1_671' title='bbox 228 4949 503 5019; x_wconf 74' lang='grc' dir='ltr'>γασμένα</span> <span class='ocrx_word' id='word_1_672' title='bbox 554 4950 650 5002; x_wconf 81' lang='grc' dir='ltr'><strong>καί</strong></span> <span class='ocrx_word' id='word_1_673' title='bbox 712 4951 856 5001; x_wconf 66' lang='grc' dir='ltr'>αὐτὰ</span> <span class='ocrx_word' id='word_1_674' title='bbox 885 4952 950 5001; x_wconf 79' lang='grc' dir='ltr'><strong>ἐκ</strong></span> <span class='ocrx_word' id='word_1_675' title='bbox 978 4948 1211 5019; x_wconf 78' lang='grc' dir='ltr'>χρυσοῦ,</span> <span class='ocrx_word' id='word_1_676' title='bbox 1246 4948 1427 5002; x_wconf 80' lang='grc' dir='ltr'>λαὸὼν</span> <span class='ocrx_word' id='word_1_677' title='bbox 1477 4948 1535 5002; x_wconf 78' lang='grc' dir='ltr'>δὲ</span> <span class='ocrx_word' id='word_1_678' title='bbox 1562 4952 1656 5004; x_wconf 75' lang='grc' dir='ltr'>καὶ</span> <span class='ocrx_word' id='word_1_679' title='bbox 1722 4951 1825 5021; x_wconf 82' lang='grc' dir='ltr'>τὴν</span> 
     </span>
    </p>
   </div>
   <div class='ocr_carea' id='block_1_98' title="bbox 230 5039 1826 5113">
    <p class='ocr_par' dir='ltr' id='par_1_98' title="bbox 230 5039 1826 5113">
     <span class='ocr_line' id='line_1_98' title="bbox 230 5039 1826 5113; baseline -0.001 -17"><span class='ocrx_word' id='word_1_680' title='bbox 230 5042 507 5106; x_wconf 76' lang='grc' dir='ltr'>Εύδοξίαν</span> <span class='ocrx_word' id='word_1_681' title='bbox 540 5042 637 5094; x_wconf 78' lang='grc' dir='ltr'><strong>σὺν</strong></span> <span class='ocrx_word' id='word_1_682' title='bbox 661 5044 781 5105; x_wconf 83' lang='grc' dir='ltr'>ταῖς</span> <span class='ocrx_word' id='word_1_683' title='bbox 809 5041 904 5094; x_wconf 85' lang='grc' dir='ltr'><strong>δύο</strong></span> <span class='ocrx_word' id='word_1_684' title='bbox 936 5039 1270 5112; x_wconf 73' lang='grc' dir='ltr'>θυγατράσιν</span> <span class='ocrx_word' id='word_1_685' title='bbox 1297 5042 1473 5112; x_wconf 80' lang='grc' dir='ltr'>αὐτῆς</span> <span class='ocrx_word' id='word_1_686' title='bbox 1520 5042 1826 5113; x_wconf 79' lang='grc' dir='ltr'>ἐπανῆλθεν</span> 
     </span>
    </p>
   </div>
   <div class='ocr_carea' id='block_1_99' title="bbox 232 5132 1828 5205">
    <p class='ocr_par' dir='ltr' id='par_1_99' title="bbox 232 5132 1828 5205">
     <span class='ocr_line' id='line_1_99' title="bbox 232 5132 1828 5205; baseline -0.001 -18"><span class='ocrx_word' id='word_1_687' title='bbox 232 5133 632 5203; x_wconf 71' lang='grc' dir='ltr'>εἰς’Ᾱφρικήν.</span> <span class='ocrx_word' id='word_1_688' title='bbox 663 5134 774 5188; x_wconf 77' lang='grc' dir='ltr'><strong>Καὶ</strong></span> <span class='ocrx_word' id='word_1_689' title='bbox 794 5132 893 5203; x_wconf 83' lang='grc' dir='ltr'>τὴν</span> <span class='ocrx_word' id='word_1_690' title='bbox 924 5132 1023 5202; x_wconf 81' lang='grc' dir='ltr'>μὲν</span> <span class='ocrx_word' id='word_1_691' title='bbox 1050 5133 1160 5184; x_wconf 85' lang='grc' dir='ltr'><strong>τῶν</strong></span> <span class='ocrx_word' id='word_1_692' title='bbox 1176 5133 1498 5204; x_wconf 80' lang='grc' dir='ltr'>θυγατέρων</span> <span class='ocrx_word' id='word_1_693' title='bbox 1525 5134 1695 5203; x_wconf 82' lang='grc' dir='ltr'>αὐτῆς</span> <span class='ocrx_word' id='word_1_694' title='bbox 1726 5133 1828 5205; x_wconf 79' lang='grc' dir='ltr'><strong>τὴν</strong></span> 
     </span>
    </p>
   </div>
   <div class='ocr_carea' id='block_1_100' title="bbox 234 5224 1824 5298">
    <p class='ocr_par' dir='ltr' id='par_1_100' title="bbox 234 5224 1824 5298">
     <span class='ocr_line' id='line_1_100' title="bbox 234 5224 1824 5298; baseline -0.001 -19"><span class='ocrx_word' id='word_1_695' title='bbox 234 5226 606 5296; x_wconf 77' lang='grc' dir='ltr'>Εύδοκίαντῷ</span> <span class='ocrx_word' id='word_1_696' title='bbox 637 5224 996 5297; x_wconf 80' lang='grc' dir='ltr'>πρεσόυτέρῳ</span> <span class='ocrx_word' id='word_1_697' title='bbox 1020 5225 1129 5277; x_wconf 89' lang='grc' dir='ltr'><strong>τῶν</strong></span> <span class='ocrx_word' id='word_1_698' title='bbox 1161 5226 1380 5278; x_wconf 77' lang='grc' dir='ltr'>οἰκείων</span> <span class='ocrx_word' id='word_1_699' title='bbox 1407 5225 1824 5298; x_wconf 80' lang='grc' dir='ltr'>υίῶνὈνορίχῳ</span> 
     </span>
    </p>
   </div>
   <div class='ocr_carea' id='block_1_101' title="bbox 239 5317 1829 5390">
    <p class='ocr_par' dir='ltr' id='par_1_101' title="bbox 239 5317 1829 5390">
     <span class='ocr_line' id='line_1_101' title="bbox 239 5317 1829 5390; baseline -0.001 -18"><span class='ocrx_word' id='word_1_700' title='bbox 239 5318 567 5385; x_wconf 72' lang='grc' dir='ltr'>συνέζευξε,</span> <span class='ocrx_word' id='word_1_701' title='bbox 608 5318 785 5388; x_wconf 80' lang='grc' dir='ltr'>τὴνδέ</span> <span class='ocrx_word' id='word_1_702' title='bbox 829 5335 896 5386; x_wconf 83' lang='grc' dir='ltr'><strong>γε</strong></span> <span class='ocrx_word' id='word_1_703' title='bbox 948 5318 1147 5388; x_wconf 81' lang='grc' dir='ltr'>λοιπὴν</span> <span class='ocrx_word' id='word_1_704' title='bbox 1184 5317 1373 5388; x_wconf 84' lang='grc' dir='ltr'>μαθὼν</span> <span class='ocrx_word' id='word_1_705' title='bbox 1402 5317 1560 5390; x_wconf 76' lang='grc' dir='ltr'>ἀνδρὶ</span> <span class='ocrx_word' id='word_1_706' title='bbox 1620 5336 1829 5388; x_wconf 86' lang='grc' dir='ltr'>κατηγ-</span> 
     </span>
    </p>
   </div>
   <div class='ocr_carea' id='block_1_102' title="bbox 232 5408 1828 5481">
    <p class='ocr_par' dir='ltr' id='par_1_102' title="bbox 232 5408 1828 5481">
     <span class='ocr_line' id='line_1_102' title="bbox 232 5408 1828 5481; baseline -0.001 -19"><span class='ocrx_word' id='word_1_707' title='bbox 232 5409 491 5480; x_wconf 76' lang='grc' dir='ltr'>γυῆσθαι</span> <span class='ocrx_word' id='word_1_708' title='bbox 534 5409 613 5479; x_wconf 82' lang='grc' dir='ltr'>τῷ</span> <span class='ocrx_word' id='word_1_709' title='bbox 673 5409 950 5479; x_wconf 84' lang='grc' dir='ltr'>πατρικίῳ</span> <span class='ocrx_word' id='word_1_710' title='bbox 1005 5408 1312 5478; x_wconf 79' lang='grc' dir='ltr'>Ὀλυὸρίῳ,</span> <span class='ocrx_word' id='word_1_711' title='bbox 1375 5409 1562 5479; x_wconf 82' lang='grc' dir='ltr'>ἐτήρει</span> <span class='ocrx_word' id='word_1_712' title='bbox 1610 5411 1708 5463; x_wconf 79' lang='grc' dir='ltr'>σὺν</span> <span class='ocrx_word' id='word_1_713' title='bbox 1760 5412 1828 5481; x_wconf 79' lang='grc' dir='ltr'><strong>τῇ</strong></span> 
     </span>
    </p>
   </div>
   <div class='ocr_carea' id='block_1_103' title="bbox 241 5499 1829 5575">
    <p class='ocr_par' dir='ltr' id='par_1_103' title="bbox 241 5499 1829 5575">
     <span class='ocr_line' id='line_1_103' title="bbox 241 5499 1829 5575; baseline -0.001 -20"><span class='ocrx_word' id='word_1_714' title='bbox 241 5504 425 5575; x_wconf 76' lang='grc' dir='ltr'>μητρί</span> <span class='ocrx_word' id='word_1_715' title='bbox 467 5502 715 5574; x_wconf 76' lang='grc' dir='ltr'>Εὐδοξία,</span> <span class='ocrx_word' id='word_1_716' title='bbox 758 5502 888 5556; x_wconf 69' lang='grc' dir='ltr'>ἔνθα</span> <span class='ocrx_word' id='word_1_717' title='bbox 951 5501 1045 5554; x_wconf 83' lang='grc' dir='ltr'><strong>δύο</strong></span> <span class='ocrx_word' id='word_1_718' title='bbox 1094 5499 1434 5569; x_wconf 85' lang='grc' dir='ltr'>διαγαγοῦσα</span> <span class='ocrx_word' id='word_1_719' title='bbox 1490 5501 1829 5573; x_wconf 71' lang='grc' dir='ltr'>ἐνιαυτοὺςὴ</span> 
     </span>
    </p>
   </div>
   <div class='ocr_carea' id='block_1_104' title="bbox 236 5593 1828 5668">
    <p class='ocr_par' dir='ltr' id='par_1_104' title="bbox 236 5593 1828 5668">
     <span class='ocr_line' id='line_1_104' title="bbox 236 5593 1828 5668; baseline -0.001 -18"><span class='ocrx_word' id='word_1_720' title='bbox 236 5596 467 5668; x_wconf 73' lang='grc' dir='ltr'>βασιλὶς</span> <span class='ocrx_word' id='word_1_721' title='bbox 518 5595 744 5660; x_wconf 80' lang='grc' dir='ltr'>Εύδοξία</span> <span class='ocrx_word' id='word_1_722' title='bbox 801 5593 1111 5663; x_wconf 78' lang='grc' dir='ltr'>ἐπανῆλθεν</span> <span class='ocrx_word' id='word_1_723' title='bbox 1143 5596 1224 5657; x_wconf 86' lang='grc' dir='ltr'><strong>εἰς</strong></span> <span class='ocrx_word' id='word_1_724' title='bbox 1251 5593 1312 5647; x_wconf 78' lang='grc' dir='ltr'>τὸ</span> <span class='ocrx_word' id='word_1_725' title='bbox 1343 5593 1641 5657; x_wconf 74' lang='grc' dir='ltr'>Βυζάντιον</span> <span class='ocrx_word' id='word_1_726' title='bbox 1687 5594 1828 5665; x_wconf 83' lang='grc' dir='ltr'><strong>μετά</strong></span> 
     </span>
    </p>
   </div>
   <div class='ocr_carea' id='block_1_105' title="bbox 1927 4659 3605 4738">
    <p class='ocr_par' dir='ltr' id='par_1_105' title="bbox 1927 4659 3605 4738">
     <span class='ocr_line' id='line_1_105' title="bbox 1927 4659 3605 4738; baseline -0.017 -6"><span class='ocrx_word' id='word_1_727' title='bbox 1927 4687 1984 4733; x_wconf 91' lang='lat' dir='ltr'><strong>et</strong></span> <span class='ocrx_word' id='word_1_728' title='bbox 2033 4674 2366 4738; x_wconf 79' lang='lat' dir='ltr'><strong>Marcianus,</strong></span> <span class='ocrx_word' id='word_1_729' title='bbox 2403 4684 2529 4726; x_wconf 86' lang='lat' dir='ltr'><strong>cum</strong></span> <span class='ocrx_word' id='word_1_730' title='bbox 2560 4680 2738 4722; x_wconf 88' lang='lat' dir='ltr'><strong>annos</strong></span> <span class='ocrx_word' id='word_1_731' title='bbox 2787 4678 2882 4719; x_wconf 77' lang='lat' dir='ltr'><strong>sex</strong></span> <span class='ocrx_word' id='word_1_732' title='bbox 2928 4671 2985 4716; x_wconf 90' lang='lat' dir='ltr'><strong>et</strong></span> <span class='ocrx_word' id='word_1_733' title='bbox 3024 4659 3238 4727; x_wconf 76' lang='lat' dir='ltr'><strong>aliquot</strong></span> <span class='ocrx_word' id='word_1_734' title='bbox 3289 4668 3508 4710; x_wconf 79' lang='lat' dir='ltr'><strong>menses</strong></span> <span class='ocrx_word' id='word_1_735' title='bbox 3602 4668 3605 4673; x_wconf 90' lang='grc'>·</span> 
     </span>
    </p>
   </div>
   <div class='ocr_carea' id='block_1_106' title="bbox 1930 4746 3508 4839">
    <p class='ocr_par' dir='ltr' id='par_1_106' title="bbox 1930 4746 3508 4839">
     <span class='ocr_line' id='line_1_106' title="bbox 1930 4746 3508 4839; baseline -0.015 -16"><span class='ocrx_word' id='word_1_736' title='bbox 1930 4770 2287 4839; x_wconf 85' lang='lat' dir='ltr'><strong>imperasset,</strong></span> <span class='ocrx_word' id='word_1_737' title='bbox 2327 4762 2444 4819; x_wconf 86' lang='lat' dir='ltr'><strong>sive</strong></span> <span class='ocrx_word' id='word_1_738' title='bbox 2485 4776 2553 4816; x_wconf 78' lang='lat' dir='ltr'><strong>ex</strong></span> <span class='ocrx_word' id='word_1_739' title='bbox 2586 4760 2815 4821; x_wconf 78' lang='lat' dir='ltr'><strong>morbo,</strong></span> <span class='ocrx_word' id='word_1_740' title='bbox 2872 4755 2991 4810; x_wconf 79' lang='lat' dir='ltr'><strong>sive</strong></span> <span class='ocrx_word' id='word_1_741' title='bbox 3031 4764 3245 4829; x_wconf 84' lang='lat' dir='ltr'><strong>veneno</strong></span> <span class='ocrx_word' id='word_1_742' title='bbox 3281 4746 3508 4817; x_wconf 81' lang='lat' dir='ltr'><strong>Asparis</strong></span> 
     </span>
    </p>
   </div>
   <div class='ocr_carea' id='block_1_107' title="bbox 1930 4839 3508 4932">
    <p class='ocr_par' dir='ltr' id='par_1_107' title="bbox 1930 4839 3508 4932">
     <span class='ocr_line' id='line_1_107' title="bbox 1930 4839 3508 4932; baseline -0.016 -16"><span class='ocrx_word' id='word_1_743' title='bbox 1930 4858 2150 4932; x_wconf 86' lang='lat' dir='ltr'><strong>patricii</strong></span> <span class='ocrx_word' id='word_1_744' title='bbox 2187 4865 2325 4911; x_wconf 89' lang='lat' dir='ltr'><strong>nutu</strong></span> <span class='ocrx_word' id='word_1_745' title='bbox 2365 4856 2515 4915; x_wconf 86' lang='lat' dir='ltr'><strong>dato,</strong></span> <span class='ocrx_word' id='word_1_746' title='bbox 2546 4849 2844 4906; x_wconf 86' lang='lat' dir='ltr'><strong>admodum</strong></span> <span class='ocrx_word' id='word_1_747' title='bbox 2874 4859 3078 4909; x_wconf 75' lang='lat' dir='ltr'><strong>senex,</strong></span> <span class='ocrx_word' id='word_1_748' title='bbox 3130 4843 3216 4896; x_wconf 89' lang='lat' dir='ltr'><strong>vir</strong></span> <span class='ocrx_word' id='word_1_749' title='bbox 3250 4839 3374 4895; x_wconf 86' lang='lat' dir='ltr'><strong>miti</strong></span> <span class='ocrx_word' id='word_1_750' title='bbox 3423 4839 3508 4893; x_wconf 80' lang='lat' dir='ltr'><strong>in-</strong></span> 
     </span>
    </p>
   </div>
   <div class='ocr_carea' id='block_1_108' title="bbox 1927 4934 3504 5024">
    <p class='ocr_par' dir='ltr' id='par_1_108' title="bbox 1927 4934 3504 5024">
     <span class='ocr_line' id='line_1_108' title="bbox 1927 4934 3504 5024; baseline -0.013 -16"><span class='ocrx_word' id='word_1_751' title='bbox 1927 4951 2089 5024; x_wconf 88' lang='lat' dir='ltr'><strong>genio</strong></span> <span class='ocrx_word' id='word_1_752' title='bbox 2122 4957 2181 5005; x_wconf 90' lang='lat' dir='ltr'><strong>et</strong></span> <span class='ocrx_word' id='word_1_753' title='bbox 2215 4962 2347 5019; x_wconf 84' lang='lat' dir='ltr'><strong>erga</strong></span> <span class='ocrx_word' id='word_1_754' title='bbox 2377 4944 2634 5002; x_wconf 88' lang='lat' dir='ltr'><strong>subditos</strong></span> <span class='ocrx_word' id='word_1_755' title='bbox 2675 4940 2954 5009; x_wconf 80' lang='lat' dir='ltr'><strong>benignus</strong></span> <span class='ocrx_word' id='word_1_756' title='bbox 2987 4955 3001 4992; x_wconf 90' lang='lat'><strong>:</strong></span> <span class='ocrx_word' id='word_1_757' title='bbox 3032 4937 3223 4994; x_wconf 85' lang='lat' dir='ltr'><strong>dicere</strong></span> <span class='ocrx_word' id='word_1_758' title='bbox 3265 4934 3504 5001; x_wconf 77' lang='lat' dir='ltr'><strong>solitus,</strong></span> 
     </span>
    </p>
   </div>
   <div class='ocr_carea' id='block_1_109' title="bbox 1930 5028 3503 5114">
    <p class='ocr_par' dir='ltr' id='par_1_109' title="bbox 1930 5028 3503 5114">
     <span class='ocr_line' id='line_1_109' title="bbox 1930 5028 3503 5114; baseline -0.015 -15"><span class='ocrx_word' id='word_1_759' title='bbox 1930 5041 2257 5114; x_wconf 90' lang='lat' dir='ltr'><strong>imperatori</strong></span> <span class='ocrx_word' id='word_1_760' title='bbox 2304 5054 2415 5093; x_wconf 90' lang='lat' dir='ltr'><strong>non</strong></span> <span class='ocrx_word' id='word_1_761' title='bbox 2446 5034 2715 5107; x_wconf 88' lang='lat' dir='ltr'><strong>capienda</strong></span> <span class='ocrx_word' id='word_1_762' title='bbox 2743 5046 2868 5088; x_wconf 88' lang='lat' dir='ltr'><strong>esse</strong></span> <span class='ocrx_word' id='word_1_763' title='bbox 2913 5045 3096 5093; x_wconf 86' lang='lat' dir='ltr'><strong>arma,</strong></span> <span class='ocrx_word' id='word_1_764' title='bbox 3140 5028 3271 5083; x_wconf 92' lang='lat' dir='ltr'><strong>dum</strong></span> <span class='ocrx_word' id='word_1_765' title='bbox 3315 5039 3503 5096; x_wconf 86' lang='lat' dir='ltr'><strong>pacem</strong></span> 
     </span>
    </p>
   </div>
   <div class='ocr_carea' id='block_1_110' title="bbox 1931 5121 3505 5207">
    <p class='ocr_par' dir='ltr' id='par_1_110' title="bbox 1931 5121 3505 5207">
     <span class='ocr_line' id='line_1_110' title="bbox 1931 5121 3505 5207; baseline -0.013 -17"><span class='ocrx_word' id='word_1_766' title='bbox 1931 5150 2093 5207; x_wconf 86' lang='lat' dir='ltr'><strong>agere</strong></span> <span class='ocrx_word' id='word_1_767' title='bbox 2127 5132 2340 5187; x_wconf 88' lang='lat' dir='ltr'><strong>liceret.</strong></span> <span class='ocrx_word' id='word_1_768' title='bbox 2370 5129 2545 5198; x_wconf 83' lang='lat' dir='ltr'><strong>Aspar</strong></span> <span class='ocrx_word' id='word_1_769' title='bbox 2574 5124 2875 5199; x_wconf 88' lang='lat' dir='ltr'><strong>patricius,</strong></span> <span class='ocrx_word' id='word_1_770' title='bbox 2911 5122 3016 5178; x_wconf 88' lang='lat' dir='ltr'><strong>etsi</strong></span> <span class='ocrx_word' id='word_1_771' title='bbox 3059 5121 3294 5175; x_wconf 85' lang='lat' dir='ltr'><strong>multum</strong></span> <span class='ocrx_word' id='word_1_772' title='bbox 3345 5124 3505 5187; x_wconf 89' lang='lat' dir='ltr'><strong>pote—</strong></span> 
     </span>
    </p>
   </div>
   <div class='ocr_carea' id='block_1_111' title="bbox 1933 5207 3508 5291">
    <p class='ocr_par' dir='ltr' id='par_1_111' title="bbox 1933 5207 3508 5291">
     <span class='ocr_line' id='line_1_111' title="bbox 1933 5207 3508 5291; baseline -0.015 -9"><span class='ocrx_word' id='word_1_773' title='bbox 1933 5236 2055 5287; x_wconf 84' lang='lat' dir='ltr'><strong>rat.</strong></span> <span class='ocrx_word' id='word_1_774' title='bbox 2086 5241 2193 5280; x_wconf 89' lang='lat' dir='ltr'><strong>non</strong></span> <span class='ocrx_word' id='word_1_775' title='bbox 2243 5233 2426 5278; x_wconf 87' lang='lat' dir='ltr'><strong>tamen</strong></span> <span class='ocrx_word' id='word_1_776' title='bbox 2466 5221 2767 5291; x_wconf 84' lang='lat' dir='ltr'><strong>imperator</strong></span> <span class='ocrx_word' id='word_1_777' title='bbox 2814 5224 3034 5273; x_wconf 80' lang='lat' dir='ltr'><strong>creatus</strong></span> <span class='ocrx_word' id='word_1_778' title='bbox 3077 5221 3163 5269; x_wconf 89' lang='lat' dir='ltr'><strong>est</strong></span> <span class='ocrx_word' id='word_1_779' title='bbox 3210 5227 3242 5264; x_wconf 89' lang='lat' dir='ltr'><strong>a</strong></span> <span class='ocrx_word' id='word_1_780' title='bbox 3303 5207 3508 5279; x_wconf 90' lang='lat' dir='ltr'><strong>populo</strong></span> 
     </span>
    </p>
   </div>
   <div class='ocr_carea' id='block_1_112' title="bbox 1929 5301 3505 5386">
    <p class='ocr_par' dir='ltr' id='par_1_112' title="bbox 1929 5301 3505 5386">
     <span class='ocr_line' id='line_1_112' title="bbox 1929 5301 3505 5386; baseline -0.015 -9"><span class='ocrx_word' id='word_1_781' title='bbox 1929 5314 2588 5386; x_wconf 82' lang='lat' dir='ltr'><strong>ConstantinOpolitano,</strong></span> <span class='ocrx_word' id='word_1_782' title='bbox 2627 5314 2699 5368; x_wconf 81' lang='lat' dir='ltr'><strong>ob</strong></span> <span class='ocrx_word' id='word_1_783' title='bbox 2758 5313 2973 5366; x_wconf 76' lang='lat' dir='ltr'><strong>Arianze</strong></span> <span class='ocrx_word' id='word_1_784' title='bbox 3021 5314 3184 5362; x_wconf 80' lang='lat' dir='ltr'><strong>secta:</strong></span> <span class='ocrx_word' id='word_1_785' title='bbox 3237 5301 3505 5358; x_wconf 88' lang='lat' dir='ltr'><strong>studium.</strong></span> 
     </span>
    </p>
   </div>
   <div class='ocr_carea' id='block_1_113' title="bbox 1930 5393 3507 5479">
    <p class='ocr_par' dir='ltr' id='par_1_113' title="bbox 1930 5393 3507 5479">
     <span class='ocr_line' id='line_1_113' title="bbox 1930 5393 3507 5479; baseline -0.013 -13"><span class='ocrx_word' id='word_1_786' title='bbox 1930 5410 2111 5477; x_wconf 84' lang='lat' dir='ltr'><strong>Quare</strong></span> <span class='ocrx_word' id='word_1_787' title='bbox 2151 5410 2268 5479; x_wconf 87' lang='lat' dir='ltr'><strong>ipse</strong></span> <span class='ocrx_word' id='word_1_788' title='bbox 2297 5407 2562 5470; x_wconf 84' lang='lat' dir='ltr'><strong>Leonem,</strong></span> <span class='ocrx_word' id='word_1_789' title='bbox 2595 5404 2712 5461; x_wconf 89' lang='lat' dir='ltr'><strong>sive</strong></span> <span class='ocrx_word' id='word_1_790' title='bbox 2743 5412 2936 5473; x_wconf 85' lang='lat' dir='ltr'><strong>suapte</strong></span> <span class='ocrx_word' id='word_1_791' title='bbox 2974 5397 3303 5453; x_wconf 87' lang='lat' dir='ltr'><strong>auctoritate</strong></span> <span class='ocrx_word' id='word_1_792' title='bbox 3325 5434 3341 5458; x_wconf 91' lang='lat'><strong>,</strong></span> <span class='ocrx_word' id='word_1_793' title='bbox 3390 5393 3507 5448; x_wconf 88' lang='lat' dir='ltr'><strong>sive</strong></span> 
     </span>
    </p>
   </div>
   <div class='ocr_carea' id='block_1_114' title="bbox 1932 5486 3506 5572">
    <p class='ocr_par' dir='ltr' id='par_1_114' title="bbox 1932 5486 3506 5572">
     <span class='ocr_line' id='line_1_114' title="bbox 1932 5486 3506 5572; baseline -0.013 -14"><span class='ocrx_word' id='word_1_794' title='bbox 1932 5510 2159 5572; x_wconf 85' lang='lat' dir='ltr'><strong>accepta</strong></span> <span class='ocrx_word' id='word_1_795' title='bbox 2188 5517 2219 5555; x_wconf 88' lang='lat' dir='ltr'><strong>a</strong></span> <span class='ocrx_word' id='word_1_796' title='bbox 2246 5500 2450 5571; x_wconf 88' lang='lat' dir='ltr'><strong>populo</strong></span> <span class='ocrx_word' id='word_1_797' title='bbox 2480 5505 2776 5568; x_wconf 85' lang='lat' dir='ltr'><strong>potestate,</strong></span> <span class='ocrx_word' id='word_1_798' title='bbox 2807 5495 3193 5563; x_wconf 84' lang='lat' dir='ltr'><strong>imperatorem</strong></span> <span class='ocrx_word' id='word_1_799' title='bbox 3224 5486 3468 5543; x_wconf 83' lang='lat' dir='ltr'><strong>declarat</strong></span> <span class='ocrx_word' id='word_1_800' title='bbox 3489 5525 3506 5552; x_wconf 92' lang='lat'><strong>,</strong></span> 
     </span>
    </p>
   </div>
   <div class='ocr_carea' id='block_1_115' title="bbox 1934 5580 3507 5664">
    <p class='ocr_par' dir='ltr' id='par_1_115' title="bbox 1934 5580 3507 5664">
     <span class='ocr_line' id='line_1_115' title="bbox 1934 5580 3507 5664; baseline -0.01 -15"><span class='ocrx_word' id='word_1_801' title='bbox 1934 5593 2253 5664; x_wconf 76' lang='lat' dir='ltr'><strong>stipulatus,</strong></span> <span class='ocrx_word' id='word_1_802' title='bbox 2295 5599 2355 5646; x_wconf 90' lang='lat' dir='ltr'><strong>ut</strong></span> <span class='ocrx_word' id='word_1_803' title='bbox 2397 5590 2536 5646; x_wconf 91' lang='lat' dir='ltr'><strong>alter</strong></span> <span class='ocrx_word' id='word_1_804' title='bbox 2577 5587 2815 5644; x_wconf 80' lang='lat' dir='ltr'><strong>ﬁliorum</strong></span> <span class='ocrx_word' id='word_1_805' title='bbox 2846 5597 3073 5639; x_wconf 88' lang='lat' dir='ltr'><strong>suorum</strong></span> <span class='ocrx_word' id='word_1_806' title='bbox 3118 5580 3368 5636; x_wconf 69' lang='lat' dir='ltr'><strong>Czesarea</strong></span> <span class='ocrx_word' id='word_1_807' title='bbox 3415 5590 3507 5633; x_wconf 88' lang='lat' dir='ltr'><strong>co-</strong></span> 
     </span>
    </p>
   </div>
   <div class='ocr_carea' id='block_1_116' title="bbox 1414 5732 2293 5797">
    <p class='ocr_par' dir='ltr' id='par_1_116' title="bbox 1414 5732 2293 5797">
     <span class='ocr_line' id='line_1_116' title="bbox 1414 5732 2293 5797; baseline 0.001 -3"><span class='ocrx_word' id='word_1_808' title='bbox 1414 5732 1615 5794; x_wconf 67' lang='lat' dir='ltr'><strong>Varize</strong></span> <span class='ocrx_word' id='word_1_809' title='bbox 1661 5733 1974 5796; x_wconf 87' lang='lat' dir='ltr'><strong>lectiones</strong></span> <span class='ocrx_word' id='word_1_810' title='bbox 1997 5740 2059 5796; x_wconf 88' lang='lat' dir='ltr'><strong>et</strong></span> <span class='ocrx_word' id='word_1_811' title='bbox 2100 5740 2293 5797; x_wconf 63' lang='lat' dir='ltr'><strong>notes.</strong></span> 
     </span>
    </p>
   </div>
   <div class='ocr_carea' id='block_1_117' title="bbox 325 5852 2947 5931">
    <p class='ocr_par' dir='ltr' id='par_1_117' title="bbox 325 5852 2947 5931">
     <span class='ocr_line' id='line_1_117' title="bbox 325 5852 2947 5931; baseline -0.002 -18"><span class='ocrx_word' id='word_1_812' title='bbox 325 5861 406 5929; x_wconf 80' lang='lat'><strong>(7)</strong></span> <span class='ocrx_word' id='word_1_813' title='bbox 436 5860 757 5931; x_wconf 74' lang='grc' dir='ltr'>Γιζέριχος.</span> <span class='ocrx_word' id='word_1_814' title='bbox 787 5860 891 5927; x_wconf 79' lang='lat' dir='ltr'><strong>Qui</strong></span> <span class='ocrx_word' id='word_1_815' title='bbox 926 5858 1218 5928; x_wconf 73' lang='lat' dir='ltr'><strong>Ceysiricus</strong></span> <span class='ocrx_word' id='word_1_816' title='bbox 1274 5860 1505 5917; x_wconf 79' lang='lat' dir='ltr'><strong>Eusebio</strong></span> <span class='ocrx_word' id='word_1_817' title='bbox 1536 5861 1591 5915; x_wconf 91' lang='lat' dir='ltr'><strong>in</strong></span> <span class='ocrx_word' id='word_1_818' title='bbox 1645 5860 1945 5927; x_wconf 84' lang='lat' dir='ltr'><strong>Chronico,</strong></span> <span class='ocrx_word' id='word_1_819' title='bbox 1980 5861 2290 5917; x_wconf 78' lang='lat' dir='ltr'><strong>chscricus</strong></span> <span class='ocrx_word' id='word_1_820' title='bbox 2322 5856 2535 5915; x_wconf 66' lang='lat' dir='ltr'><strong>caeteris</strong></span> <span class='ocrx_word' id='word_1_821' title='bbox 2561 5852 2947 5921; x_wconf 82' lang='lat' dir='ltr'><strong>scriptoribus.</strong></span> 
     </span>
    </p>
   </div>
  </div>
