3930 6570
256 449 382 515 122i

1486 437 1887 501 ANNALIUM
1925 440 2070 500 LIB.
2106 436 2260 500 XIV.

3359 436 3496 506 1230

255 564 517 638 ἅπαντας,
554 561 602 612 εἰ
644 557 719 630 μή
749 575 895 620 τινες
929 556 1103 624 ὀλίγοι
1144 554 1461 626 διαδράντες
1508 553 1814 622 ἐσώθησαν.

1943 551 2103 623 Ἷοςιδο
2140 549 2486 609 acciderunt,
2502 561 2625 619 qua:
2649 545 2719 605 de
2744 556 2937 604 sancto
2955 547 3157 605 Aretha
3179 565 3492 610 narrantur.

255 655 374 716 Τοῖς
422 653 478 705 δὲ
534 651 827 720 Ῥωμαίοις
879 651 1206 712 ἐσπείσατο,
1257 648 1355 700 κοιλ⁸
1397 648 1488 699 τὸν
1532 646 1815 700 Ἰουστῖνον

257 746 547 815 ἐπίτροπον
603 744 717 814 (71)
774 743 1016 812 Χοσρόου
1076 740 1172 794 τοῦ
1223 740 1492 809 νεωτέρου
1538 739 1648 791 τῶν
1689 738 1820 790 υἱῶν

263 835 420 890 αὐτοῦ
459 833 779 904 ἐποιήσατο.
811 833 998 901 Τούτῳ
1029 830 1138 901 γὰρ
1168 830 1265 898 τὴν
1294 828 1401 881 τῶν
1434 828 1659 897 Περσῶν
1690 842 1818 878 κατ-

265 927 525 994 ελίμπανε
562 925 866 996 βασιλείαν,
912 926 1040 986 τοὺς
1101 922 1504 992 πρεσϐυτέρους
1549 920 1822 993 παραὸλε-

257 1019 506 1090 πτάμενος.
551 1019 608 1072 ’0
661 1020 717 1071 δὲ
771 1015 1026 1088 βασιλεὺς
1078 1014 1176 1086 τὴν
1222 1016 1528 1085 ἐπιτροπὴν
1577 1015 1825 1084 παρῃτή,

257 1128 403 1164 σατο.
450 1111 511 1164 Ὀ
544 1111 728 1181 μέντοι
779 1108 972 1172 Λαζῶν
1007 1107 1251 1177 ἀρχηγὸς
1297 1106 1507 1169 meo;
1549 1105 1660 1177 (72)
1685 1108 1826 1158 ἁπο-

256 1204 532 1270 στατήσας
590 1202 818 1274 Περσῶν
877 1200 1198 1273 προσεῤῥύη
1253 1199 1331 1271 τῷ
1389 1201 1688 1270 Ἰουστίνῳ,
1731 1199 1826 1253 καὶ

257 1293 598 1361 βαπτισθεὶς,
663 1292 779 1355 υἱός
818 1308 877 1344 τε
912 1289 1010 1342 τοῦ
1045 1289 1313 1359 βασιλέως
1339 1289 1452 1361 (75)
1479 1290 1827 1359 ὀνομασθεὶς,

256 1384 348 1435 καὶ
383 1383 639 1452 βασιλεὺς
669 1382 782 1449 (74)
815 1381 1011 1446 Λαζῶν
1042 1380 1156 1451 (75)
1186 1380 1583 1450 ἀναγορευθεὶς
1607 1381 1828 1447 γυναικί

253 1489 311 1525 τε
337 1473 666 1543 συξευχθεὶς
694 1471 814 1535 ἑνὸς
856 1472 966 1524 τῶν
1000 1469 1384 1538 συγκλητικῶν
1428 1468 1538 1539 (76)
1575 1470 1828 1540 θυγατρὶ,

256 1563 330 1625 εἰς
376 1565 475 1634 τὴν
519 1565 716 1617 ἑαυτοῦ
762 1562 948 1635 χώραν
1001 1562 1393 1632 ἐπανελήλυθε.
1443 1562 1615 1614 Τοῦτο
1657 1563 1828 1615 αίτιον

254 1651 414 1712 αὖθις
458 1657 637 1726 μάχης
690 1655 986 1726 Ῥωμαίοις
1035 1655 1130 1708 καὶ
1169 1655 1408 1724 Πέρσαις
1469 1655 1708 1721 ἐγένετο,
1756 1657 1832 1714 ὡς

253 1749 344 1802 τοῦ
399 1750 668 1820 βασιλέως
729 1750 1022 1821 Ῥωμαίων
1074 1753 1197 1813 τοὺς
1261 1750 1446 1811 αὐτοῖς
1504 1749 1832 1811 ὑπείκοντας

257 1840 743 1912 σφετεριξομένου.
780 1842 912 1895 Τότε
947 1844 1040 1894 καὶ
1068 1843 1135 1895 τὰ
1179 1842 1319 1894 κατὰ
1353 1841 1442 1893 τὸν
1485 1839 1641 1909 ἅγιον
1678 1841 1832 1909 Ἀρέ-

1938 643 2187 698 Cavades
2219 660 2350 698 vero
2375 641 2704 696 Maiiicha'os
2731 656 2843 696 sua:
2865 641 3093 698 ditionis
3123 658 3317 703 omnes
3352 645 3502 704 oeci-

1925 735 2028 801 dit,
2080 750 2385 805 eorumque
2419 735 2742 804 episc0pmn
2767 775 2781 800 ,
2816 743 2873 789 et
2899 735 3072 790 libros
3100 737 3210 808 60
3234 740 3496 796 combus-

1927 827 2018 886 sit,
2084 825 2260 896 quod-
2285 842 2455 880 unum
2505 841 2569 881 ex
2649 825 2781 879 liliis
2836 825 2953 881 suis
3011 826 3067 881 in
3121 827 3498 886 detestandam

1927 918 2076 972 illam
2097 918 2346 972 haeresim
2379 917 2755 988 pellexissent.
2807 918 2945 973 Tum
2969 920 3134 975 etiam
3158 920 3496 986 Anabarzos,

1928 1022 2024 1064 seu
2060 1009 2368 1072 Anabarza,
2401 1009 2660 1067 secunda:
2698 1009 2908 1066 Ciliciae
2948 1015 3297 1084 metropolis,
3340 1024 3500 1072 terra:

1931 1110 2082 1157 motu
2128 1105 2392 1164 concidit.
2429 1115 2484 1158 et
2525 1104 2757 1172 Edessa,
2799 1105 2935 1162 urbs
2972 1107 3203 1164 illustris
3250 1109 3508 1168 Osroenaa

1933 1197 2253 1265 provinciae,
2291 1197 2576 1251 submersa
2607 1208 2693 1252 est
2714 1237 2729 1263 ,
2761 1213 2885 1254 cum
2915 1198 3128 1255 Scirtus
3165 1200 3506 1276 lluvius,qui

1929 1303 2050 1341 eam
2088 1288 2326 1342 mediam
2361 1290 2604 1358 perﬂuit,
2642 1290 3001 1357 exundasset,
3043 1303 3100 1349 et
3145 1296 3299 1352 urbis
3330 1298 3508 1353 aediﬁ-

1933 1381 2018 1435 cia
2063 1381 2398 1452 dejecisset,
2446 1391 2613 1447 atque
2664 1383 2970 1445 avexissct,
3021 1395 3077 1440 et
3115 1388 3267 1444 cives
3304 1393 3506 1461 partim

1933 1476 2114 1538 ruina,
2165 1475 2368 1544 partim
2404 1475 2569 1530 undis
2610 1477 2999 1546 oppressisset.
3052 1481 3273 1552 Aliquot
3307 1485 3509 1554 diebus

1939 1568 2153 1637 elapsis,
2204 1583 2346 1637 aqua
2406 1569 2719 1632 imminuta,
2765 1569 2984 1640 lapidea
3034 1573 3216 1629 tabula
3274 1575 3328 1630 in
3391 1578 3510 1650 ripa

1933 1659 2178 1713 ﬂuminis
2223 1668 2309 1714 est
2351 1669 2597 1728 reperta,
2638 1660 2726 1714 cui
2764 1662 2911 1716 notis
2942 1662 3378 1738 bieroglypbyeis
3422 1670 3510 1725 in-

1935 1749 2208 1818 sculptum
2239 1759 2360 1804 erat
2388 1767 2401 1802 :
2429 1747 2630 1804 Scirtus
2656 1752 2847 1822 ﬂuvius
2875 1753 3016 1807 male
3033 1755 3251 1812 saltabit
3290 1761 3508 1818 civibus.

1935 1839 2264 1893 Conciditet
2286 1839 2531 1894 semissis
2562 1839 2994 1910 Pompeiopolis,
3033 1843 3166 1898 urbe
3206 1847 3385 1902 media
3413 1849 3508 1905 de-

255 1931 356 1985 θαν
394 1909 510 2004 (77)
543 1909 602 1984 έν
641 1933 832 2004 Νεγρᾷ
867 1937 933 2004 τῇ
987 1933 1140 1986 πόλει
1191 1932 1534 2002 συμῦέδηκε.
1585 1931 1830 2000 Κουὰδης

1943 1931 2205 1994 biseente,
2268 1931 2322 1984 in
2369 1945 2546 2000 eoque
2582 1909 2734 1985 hiatu
2769 1909 2929 1988 multi
2970 1937 3232 1991 mortales
3266 1938 3512 1996 viventes

254 2023 307 2076 δὲ
338 2023 474 2086 τοὺς
508 2026 565 2077 ὲν
590 2028 657 2097 τῇ
699 2025 868 2078 αὐτοῦ
901 2025 1045 2095 ἀρχῇ
1074 2025 1449 2092 τυγχάνοντας
1493 2021 1833 2091 Μανιχαίους

253 2118 553 2184 ἐφόνευσεν
604 2118 872 2181 ἅπαντας,
902 2120 996 2170 καὶ
1035 2116 1126 2168 τὸν
1159 2115 1340 2169 αὐτῶν
1399 2115 1701 2169 ἐπίσκοπον
1738 2116 1830 2166 καὶ
1873 2181 1882 2189 _

253 2210 356 2271 τὰς
402 2209 624 2277 βίϐλους
672 2210 1040 2273 κατέκαυσεν,
1090 2209 1172 2262 ὅτι
1219 2209 1315 2262 ἕνα
1358 2207 1465 2260 τῶν
1496 2207 1628 2261 υἱῶν
1660 2206 1828 2258 αὐτοῦ

252 2301 354 2373 τὴν
394 2304 648 2371 μυσαρὰν
687 2302 868 2354 αὐτῶν
903 2301 1217 2367 διδάξαντες
1261 2301 1498 2370 αἵρεσιν,
1547 2300 1615 2354 τὰ
1653 2298 1830 2351 αὐτῶν

254 2397 483 2463 φρονεῖν
522 2393 968 2465 παρεσκεύασαν.
1016 2393 1080 2446 Ἦ
1113 2393 1170 2446 δὲ
1204 2393 1358 2456 πόλις
1410 2391 1745 2460 Ἀνάϐαρζος
1793 2392 1825 2462 ἦ

265 2485 607 2556 ’Δνὰϐαρζα,
644 2488 742 2555 τῆς
773 2485 1036 2555 δευτέρας
1065 2485 1321 2546 Κιλικίας
1347 2478 1481 2537 οῦσα
1504 2483 1833 2554 μητρόπολις

253 2576 381 2629 τότε
431 2578 536 2630 ὑπὸ
587 2576 816 2649 σεισμοῦ
866 2578 978 2648 (78)
1014 2575 1335 2647 συνεπτώθη
1361 2590 1376 2606 °
1409 2575 1506 2628 καὶ
1537 2575 1570 2644 ἠ
1608 2574 1830 2638 Ἐδεσα,

252 2672 414 2734 πόλις
469 2672 602 2726 οὖσα
659 2675 966 2745 περιφανὴς
1014 2673 1114 2744 τῆς
1177 2661 1489 2744 Ὀσροηνῶν
1561 2669 1836 2741 ἐπαρχίας

256 2762 650 2833 atate-410601;,
703 2763 800 2816 τοῦ
863 2767 1031 2833 μέσον
1083 2764 1255 2832 αὐτῆς
1310 2764 1529 2834 ῥέοντος
1588 2759 1834 2832 ποταμοῦ

254 2854 804 2927 πλημμυρήσαντος,
828 2855 1170 2926 κεκλημένου
1206 2855 1462 2924 Σκιρῖοῦ,
1503 2856 1596 2909 καὶ
1620 2854 1746 2918 τούς
1774 2871 1834 2907 τε

253 2946 356 3015 τῆς
395 2947 605 3011 πόλεως
653 2949 838 3012 οἴκους
880 2949 1289 3011 καταϐαλόντος
1341 2949 1433 3002 καὶ
1482 2948 1837 3019 παρασύραν-

253 3053 372 3100 τος,
405 3038 502 3090 κα)⁸
531 3039 658 3102 τοὺς
684 3041 743 3091 ὲν
771 3040 957 3103 αὐτοῖς
987 3039 1276 3103 οἰκοῦντας
1301 3079 1316 3104 ,
1354 3026 1448 3104 οὒς
1489 3040 1587 3112 μὲν
1623 3039 1838 3110 συγχὼ-

257 3145 459 3190 σαντος
487 3132 599 3194 τοῖς
624 3129 1059 3200 συμπτώμασιν,
1094 3128 1188 3194 οὒς
1224 3131 1282 3184 δὲ
1315 3131 1835 3193 καταποντίσαντος.

1938 2023 2121 2078 adhuc
2156 2023 2463 2092 perierunt,
2503 2038 2628 2077 cum
2671 2039 2833 2093 opem
2889 2040 3051 2080 nemo
3105 2027 3248 2084 ferre
3303 2042 3510 2100 posset.

1944 2113 2084 2169 Tum
2116 2116 2280 2169 etiam
2311 2113 2510 2169 mulier
2533 2114 2779 2184 quaedam
2804 2113 3042 2170 eCilicia
3075 2115 3250 2172 instar
3279 2118 3513 2192 gigantis

1938 2208 2062 2271 fuit,
2096 2220 2221 2261 cum
2251 2205 2582 2276 proceritate
2615 2208 2884 2277 corporis,
2922 2217 3034 2262 tum
3061 2209 3296 2265 aliorum
3329 2229 3508 2269 mem-

1937 2297 2164 2352 brorum
2199 2296 2578 2367 proportione.
2608 2295 2743 2350 Nam
2791 2311 2956 2366 supra
2987 2298 3215 2368 quosvis
3244 2313 3513 2369 proceros

1937 2388 2091 2442 viros
2127 2389 2398 2457 integrum
2435 2384 2683 2440 cubitum
2709 2385 3010 2450 eminebat,
3051 2394 3274 2455 pectore
3318 2396 3374 2442 et
3405 2388 3511 2443 hu.

1938 2481 2108 2534 meris
2141 2494 2305 2548 supra
2340 2476 2562 2532 modum
2603 2475 2759 2542 latis,
2812 2491 2939 2531 cum
2974 2486 3030 2532 et
3066 2486 3264 2532 caetera
3301 2481 3512 2547 omnia,

1939 2578 1999 2625 ut
2027 2585 2131 2624 vox
2163 2581 2221 2625 et
2250 2569 2438 2634 facies,
2471 2567 2826 2622 brachiorum
2855 2579 2910 2623 et
2939 2568 3254 2624 cubitorum
3285 2570 3516 2630 ﬁrmitas

1938 2675 2002 2715 ac
2032 2659 2378 2731 magnitudo,
2412 2669 2470 2715 et
2517 2659 2820 2731 digitorum
2858 2661 3174 2715 crassitudo
3205 2672 3262 2717 et
3302 2663 3517 2734 reliqua

1937 2752 2272 2824 longitudini
2315 2761 2372 2807 et
2412 2751 2692 2806 latitudini
2738 2752 3164 2822 responderent.
3204 2753 3517 2811 Justlniano

1939 2854 2064 2916 post
2094 2845 2349 2900 Vitaliani
2374 2844 2578 2899 caedem
2611 2844 2875 2914 magistro
2905 2843 3143 2899 militum
3174 2855 3384 2912 creato,
3429 2862 3518 2902 re.

1939 2945 2062 2992 rum
2119 2938 2365 2991 omnium
2399 2935 2804 2991 administratio
2849 2936 2901 2992 ei
2946 2935 3323 2994 incumbebat.
3377 2940 3514 2996 Cum
3603 2923 3607 2927 V

1937 3039 2121 3087 autem
2186 3030 2473 3101 principes
2521 3029 2818 3100 aliquando
2859 3029 3250 3100 imperatorem
3294 3044 3520 3090 orarent

1942 3129 2004 3176 ut
2031 3122 2358 3192 magistrum
2406 3123 2643 3176 militum
2697 3122 2960 3192 collegam
3011 3125 3336 3190 ascisceret,
3383 3142 3517 3196 pur-

255 3219 402 3274 Μεθ’
431 3222 650 3292 ἡμέρας
691 3223 748 3275 δὲ
794 3221 890 3275 τοῦ
944 3221 1138 3286 ὓδατος
1176 3223 1600 3286 ὲλαττωθέντος,
1634 3223 1831 3294 εὑρέθη

1943 3231 2078 3286 pura
2135 3216 2433 3287 prehensa,
2497 3214 2668 3278 Vobis,
2704 3217 2920 3286 inquit,
2965 3219 3262 3288 aptandum
3297 3231 3392 3287 est,
3451 3238 3518 3276 ne

254 3315 316 3366 ἐν
355 3317 424 3384 τῇ
466 3314 602 3388 ὄχθῃ
632 3314 731 3368 τοῦ
768 3315 1018 3386 ποταμοῦ
1071 3314 1217 3380 πλάξ
1267 3315 1446 3388 λιθίνη
1489 3319 1545 3369 ἐν
1582 3317 1832 3386 ἱερογλυο

256 3406 447 3470 φικοίς
481 3409 808 3477 γράμμασιν
838 3407 978 3478 αὐτῇ
1027 3406 1557 3477 ὲγκεκολαμμένοις,
1599 3407 1834 3476 λέγουσα

255 3493 473 3558 ταῦτα,
533 3497 782 3565 Σκιρτὸς
835 3498 1102 3567 ποταμὸς
1159 3496 1271 3570 (79)
1322 3499 1636 3568 σκιρτήσει
1679 3500 1832 3553 κακὰ

256 3585 642 3656 σκιρτήματα
671 3590 970 3656 πολίταις.
1019 3589 1130 3644 Καὶ
1178 3592 1282 3662 τῆς
1329 3592 1833 3663 ΙΙομπηῖουπόλεως

255 3676 319 3728 τὸ
352 3677 528 3746 ἥμισυ
553 3677 907 3748 κατεπτώθη,
947 3681 1114 3749 μέσον
1148 3680 1419 3752 ῥαγείσης
1449 3680 1550 3752 τῆς
1598 3682 1830 3746 πόλεως,

257 3766 358 3819 καὶ
414 3766 524 3819 τῶν
590 3768 899 3839 ἀνθρώπων
955 3770 1142 3824 πολλοὶ
1205 3773 1264 3825 ὲν
1323 3771 1403 3842 τῷ
1456 3774 1697 3843 χάσματι
1752 3775 1833 3828 ἔτι

259 3857 470 3922 ζῶντες
522 3859 830 3927 ἀπώλοντο,
886 3865 981 3917 καὶ
1029 3865 1209 3928 οὐδεὶς
1260 3865 1490 3936 ἠδύνατο
1546 3867 1833 3921 ἀνελέσθαι

257 3953 484 4014 αὐτούς.
518 3954 626 4006 Καὶ
665 3957 803 4026 γυνή
844 3973 928 4020 τις
962 3957 1074 4027 (80)
1119 3959 1183 4010 ἐκ
1239 3957 1498 4021 Κιλικίας
1545 3958 1666 4011 τότε
1709 3959 1836 4027 ἐγέ-

260 4060 388 4096 νετο
427 4045 793 4115 γιγαντώδης,
827 4047 924 4100 καὶ
955 4048 1056 4117 τὴν
1090 4047 1402 4120 ἀναδρομὴν
1427 4048 1522 4102 τοῦ
1559 4049 1832 4120 σώματος,

260 4136 362 4186 καὶ
408 4135 506 4205 τὴν
561 4135 754 4207 λοιπὴν
809 4137 1100 4209 διαρτίανο
1134 4140 1337 4203 παντὸς
1395 4141 1504 4214 γὰρ
1556 4142 1834 4211 εὐμήκους

259 4225 484 4296 ἀνδρὸς,
515 4230 573 4291 ὲς
600 4232 785 4300 πήχην
829 4231 949 4284 ὅλον
999 4232 1401 4303 ὑπερανίστατο
1426 4249 1442 4265 ο
1475 4232 1741 4305 ηὐρύνετο
1776 4235 1834 4288 δὲ

261 4317 395 4380 τοὺς
427 4316 619 4386 ὤμους
654 4321 749 4374 καὶ
783 4322 850 4375 τὰ
885 4323 1086 4392 στέρνα
1115 4324 1368 4390 ἐπιπολὺ,
1408 4326 1502 4377 καὶ
1537 4326 1586 4380 τ’
1625 4324 1760 4378 ἄλλα
1792 4322 1836 4376 δ’

259 4404 380 4478 εἶχε
413 4409 493 4479 τῷ
529 4412 698 4482 μήκει
729 4430 789 4467 τε
819 4415 916 4468 καὶ
949 4414 1026 4484 τῷ
1057 4415 1253 4470 πλάτει
1283 4418 1548 4486 ἀνάλογα,
1592 4416 1654 4470 τὸ
1691 4415 1830 4481 εἶδος

260 4495 409 4564 λέγω
460 4499 555 4551 καὶ
585 4499 684 4572 τὴν
718 4504 926 4572 φωνὴν,
975 4503 1084 4557 τῶν
1119 4522 1180 4558 τε
1231 4506 1534 4578 βραχιόνων
1584 4509 1676 4560 καὶ
1722 4509 1831 4559 τῶν

1938 3309 2074 3359 hanc
2121 3305 2304 3371 iunior
2358 3303 2548 3374 aliquis
2580 3303 2790 3358 induat.
2835 3303 3060 3360 Actum
3104 3307 3329 3376 quidem
3383 3326 3514 3380 pre-

1936 3413 2028 3454 ces
2075 3412 2266 3453 eorum
2299 3397 2378 3452 sic
2414 3396 2601 3452 elusit.
2633 3396 2715 3451 Illi
2752 3412 2901 3463 vero,
2948 3411 3117 3467 parvo
3143 3407 3390 3469 tempore
3423 3403 3512 3458 in-

1936 3489 2190 3560 terjecto,
2239 3485 2572 3543 nobilissimi
2611 3487 2832 3541 titulum
2885 3487 3202 3544 Justiniano
3245 3492 3509 3550 decreve-

1935 3595 2088 3649 runt,
2121 3594 2178 3638 et
2208 3584 2276 3638 ab
2303 3583 2636 3648 imperatore
2664 3583 3032 3652 impetrarunt
3062 3595 3116 3638 ut
3140 3584 3193 3638 id
3223 3584 3509 3643 decretum

1937 3676 2054 3731 suis
2084 3676 2285 3730 litteris
2316 3674 2720 3744 comprobaret.
2757 3673 2944 3744 Neque
2981 3675 3156 3730 multo
3188 3687 3312 3746 post
3333 3679 3390 3733 in
3421 3695 3516 3735 va-

1936 3770 2240 3825 letudinem
2275 3769 2470 3824 incidit
2496 3783 2562 3824 ex
2589 3769 2820 3824 vulnere
2860 3768 3076 3835 cruris,
3122 3770 3429 3842 morboque
3457 3773 3512 3829 in

1936 3875 2034 3931 spe
2065 3862 2190 3916 vitae
2231 3860 2398 3916 dubia
2432 3860 2825 3927 invalescente,
2859 3862 3174 3931 patriarcha
3205 3862 3514 3934 Epiphanio

1937 3961 1992 4006 et
2020 3951 2358 4022 primoribus
2393 3952 2699 4016 advocatis,
2723 3952 3096 4006 Justinianum
3127 3964 3380 4022 nepotem
3407 3955 3512 4009 im-

1937 4052 2248 4114 peratorem
2291 4043 2566 4107 decernit,
2611 4052 2667 4098 et
2719 4044 2834 4098 suis
2883 4045 3141 4100 manibus
3185 4047 3306 4117 ejus
3346 4049 3514 4118 capiti

1940 4135 2194 4191 diadema
2262 4135 2519 4205 imponit.
2555 4135 2806 4205 Cumque
2861 4135 3100 4204 populus
3152 4136 3207 4190 in
3253 4150 3512 4205 equestre

1940 4229 2218 4282 theatrum
2265 4228 2636 4292 convenisset,
2688 4227 3033 4283 Justinianus
3080 4237 3378 4283 coronatus
3423 4230 3511 4285 in-

1939 4319 2208 4390 greditur,
2244 4328 2302 4373 et
2345 4319 2414 4374 ab
2460 4318 2720 4373 omnibus
2776 4318 2973 4374 faustis
3019 4319 3514 4376 acclamationibus

1938 4422 2229 4480 exceptus,
2272 4411 2326 4465 in
2366 4412 2572 4482 regiam
2620 4412 2939 4478 revertitur,
2985 4427 3161 4467 annos
3213 4428 3315 4467 xcv
3354 4420 3518 4468 natus

1939 4522 2007 4562 eo
2038 4516 2307 4577 tempore.
2345 4506 2540 4562 Statim
2570 4509 2735 4562 etiam
2776 4523 2913 4561 uxor
2953 4508 3072 4580 ejus
3101 4508 3394 4564 Theodora
3429 4519 3517 4564 est

263 4594 488 4659 πήχεων
516 4591 616 4662 τὴν
646 4594 1005 4666 στερρότητα,
1029 4599 1123 4650 καὶ
1147 4596 1210 4650 τὸ
1242 4597 1493 4668 μέγεθος,
1523 4597 1618 4652 καὶ
1645 4599 1706 4651 τὸ
1730 4599 1831 4651 τῶν

1943 4599 2181 4669 Augusta
2209 4599 2480 4668 appellata
2524 4617 2537 4651 :
2582 4615 2762 4668 neque
2801 4600 2974 4654 multo
3003 4608 3128 4670 post
3151 4599 3431 4670 Justinus,
3455 4599 3511 4655 in

153 4675 158 4678 ’
259 4675 549 4734 δακτύλων
587 4681 770 4751 ἁδρὸν,
797 4685 891 4737 καὶ⁴
917 4688 1018 4739 ὅσα
1051 4685 1258 4748 τούτοι,
1295 4686 1558 4756 ἑπόμενα.
1611 4687 1834 4740 Ἰουστι-

260 4771 450 4824 νιανοῦ
478 4771 535 4825 δὲ
573 4775 951 4846 στρατηλάτου
989 4779 1128 4850 (81),
1153 4778 1228 4842 ὡς
1257 4780 1502 4849 εἴρηται,
1551 4782 1692 4850 μετὰ
1739 4781 1838 4835 θά-

1934 4692 2078 4744 vivis
2131 4707 2252 4744 esse
2304 4690 2492 4744 desiit.
2534 4705 2658 4742 cum
2707 4707 2881 4744 annos
2930 4707 2981 4744 ix
3030 4700 3086 4745 et
3121 4691 3243 4746 dies
3295 4707 3363 4746 xx
3420 4708 3512 4748 re-

1939 4791 2182 4850 gtlussct.

1403 4910 1602 4972 Variae
1645 4910 1954 4999 lectiones
2001 4925 2055 4970 et
2111 4923 2298 4972 ιιυιίυ.

332 5027 445 5096 (Ἠ)
470 5028 585 5106 K_ai_
617 5030 723 5083 τὸν
763 5032 1103 5089 Ἰουστῖνον
1132 5035 1480 5104 ἐπίτροπον.
1533 5035 1830 5106 TheOpba.

259 5111 358 5150 nes
387 5113 478 5151 an.
507 5101 540 5152 ὅ
559 5100 698 5155 Just.

330 5168 444 5236 (Τι’)
480 5169 703 5235 Τζάθος.
737 5174 936 5230 Chron.
975 5177 1270 5230 Alexandr.
1295 5193 1388 5232 an.
1417 5179 1451 5232 4
1479 5177 1620 5233 Just.
1651 5176 1832 5229 Thec-

259 5237 471 5306 phaues
497 5257 588 5295 an.

331 5309 448 5382 (75)
485 5313 620 5382 Υἱός
647 5329 708 5363 τε
729 5311 832 5366 τοῦ
855 5313 1186 5382 βασιλέως.
1219 5317 1354 5373 Vide
1378 5318 1662 5374 dissertat.
1690 5333 1829 5382 xm,

262 5377 326 5428 ad
345 5379 694 5450 Joinvillal‘n.

332 5449 444 5522 (74)
472 5451 588 5522 Kal
612 5452 927 5521 βασιλεύς.
955 5455 1070 5511 Hoc
1095 5455 1216 5511 loco
1244 5474 1352 5512 non
1399 5475 1511 5522 rex,
1548 5467 1608 5511 ut
1665 5457 1831 5510 habet

263 5519 576 5588 Wolpbius,
596 5525 689 5576 sed
720 5519 1030 5591 imperator,
1059 5529 1212 5581 reddi
1235 5530 1445 5583 debuit.
1478 5519 1608 5584 Vide
1632 5527 1827 5582 Chron.

265 5592 649 5663 Ale§a_ndr_.__et
678 5593 1002 5663 Theophan.

331 5661 447 5738 (75)
464 5659 685 5738 ίὶιὶζωενἸ
705 5659 932 5720 Τιθίῑθδ
950 5668 1004 5720 in
1027 5666 1440 5738 Lycophronem
1464 5687 1475 5722 :
1496 5671 1559 5722 Ui
1575 5667 1630 5720 δὲ
1651 5667 1839 5737 Σελλοὶ

263 5734 355 5808 καὶ
378 5741 408 5808 ιξ
421 5731 543 5793 άξοι
561 5734 868 5808 λεγόμενοι,
887 5731 1200 5804 Αἰγυπτίων
1219 5738 1440 5792 ἄποικοί
1459 5743 1586 5803 εἰσι,
1609 5731 1838 5807 πληοῖλν

266 5801 540 5904 οὶὲιοῦντες
591 5801 875 5872 Ἀδασγῶν
930 5801 1036 5861 τῶν
1081 5812 1174 5860 καὶ
1217 5801 1597 5878 Μασσαγετῶν
1642 5801 1841 5862 κοίλου-

273 5884 302 5904 ΙΙ
341 5886 446 5904 \unu

270 5884 465 5935 μενων.

2007 5038 2119 5105 (ῑϋ)
2150 5037 2322 5102 Ἐνὸς
2355 5034 2475 5091 τῶν
2506 5035 2956 5104 συγκλητικῶν.
2987 5038 3356 5105 Valerianam,
3383 5039 3516 5098 Oni-

1939 5108 1993 5160 ni
2023 5107 2238 5177 patricii
2265 5117 2322 5162 et
2346 5107 2680 5176 curopalatzn
2708 5107 2897 5162 tiliam.
2927 5107 3226 5165 Citrouicon
3271 5114 3511 5166 Alexan-

1935 5181 1966 5230 ιι
1972 5179 2050 5231 riu
2059 5194 2089 5228 tt
2097 5195 2145 5230 nt
2155 5217 2167 5230 .

2013 5248 2122 5318 (77)
2153 5248 2358 5318 ’Ἃγιον
2389 5247 2647 5314 Ἀρέθαν.
2683 5244 3109 5318 Theophan.an.
3147 5252 3181 5306 5
3201 5249 3510 5318 Justini,et

1936 5319 2138 5373 Menaea
2171 5319 2239 5372 ad
2279 5319 2348 5372 24
2376 5319 2603 5374 Octobr.

2010 5388 2122 5456 (78)
2174 5385 2322 5442 Ὑπὸ
2348 5389 2626 5457 σεισμοῦ.
2663 5393 2848 5449 Terrae
2882 5402 3030 5447 motu
3085 5406 3306 5445 eversas
3359 5391 3509 5447 Ana-

1938 5459 2182 5531 zarbam,
2229 5459 2511 5521 Edessam,
2562 5472 2618 5516 et
2649 5464 2784 5516 alias
2841 5465 3008 5515 urbes
3056 5462 3248 5515 scribit
3302 5463 3511 5531 pariter

1939 5530 2303 5599 Evagriusw.
2335 5531 2390 5596 8,
2420 5545 2542 5599 quae
2587 5534 2652 5588 ad
2686 5549 2892 5586 annum
2947 5535 2974 5586 7
3024 5531 3225 5585 Justini
3286 5530 3508 5588 revocat

1934 5597 2319 5667 Tthpbanes.

2008 5670 2119 5742 (79)
2152 5669 2398 5736 Σκιρτὸς
2431 5673 2714 5742 ποταμός.
2760 5673 2891 5727 Vide
2929 5672 3103 5725 Nicol.
3143 5671 3506 5730 Alemannum

1937 5739 2003 5794 ad
2036 5738 2176 5812 (list.
2200 5756 2465 5812 arcanam
2489 5738 2768 5812 Procopii,
2799 5758 2849 5797 c.
2890 5744 2974 5796 18.

2014 5811 2125 5882 (80)
2163 5809 2333 5877 Γυνή
2357 5829 2466 5877 τις.
2505 5809 2828 5882 Theophan.
2859 5831 2947 5865 an.
2973 5815 3000 5866 7
3031 5812 3174 5867 Just.

2018 5881 2127 5951 (8|)
2163 5882 2597 5936 ’1ουστινιανοῦ
2619 5880 2686 5936 δὲ
2709 5880 3145 5950 στρατηλιιτω),
3172 5885 3517 5943 Justinianus
