3828 6560
241 421 367 482 ΪΞΞἨ

1455 422 1850 484 ANNALIUM
1885 424 2030 483 LIB.
2071 422 2222 490 XIV.

3353 433 3484 495 123i

234 534 343 586 ἄνω
378 528 481 593 τὰς
518 529 747 594 ἀκτίνας
795 530 1003 600 ἀφιεὶς,
1059 531 1118 593 ὃς
1173 533 1258 601 ἐφ’
1317 534 1533 603 ἡμέρας
1592 534 1803 601 φαίνων

1925 537 2175 606 exposui,
2216 521 2341 594 't‘am
2378 520 2724 612 imperatoris
2776 558 2938 613 quam
2972 544 3160 599 uxoris
3195 545 3313 616 ejus
3335 542 3486 608 odio,

234 623 524 693 διήρκεσεν
556 623 787 677 εἴκοσιν.
829 623 1027 678 Ἐθετο
1056 623 1115 678 δὲ
1143 625 1238 678 καὶ
1278 626 1413 692 πρὸς
1437 627 1564 688 τοὺς
1592 626 1807 696 Πέρσας

208 713 489 774 ,σπονδάς.
518 714 628 768 Καὶ
652 717 722 770 τὰ
758 717 858 787 μὲν
882 698 1023 771 κατᾶ
1050 718 1151 787 τὴν
1186 717 1383 788 Ἐιξ›αν,
1416 721 1478 771 ἐκ
1515 718 1623 772 τῶν
1656 720 1811 772 πολε-

235 803 375 874 μίων
410 805 720 877 εἰρήνευον,
762 808 864 879 τὴν
906 809 964 862 δὲ
991 810 1150 863 πόλιν
1195 811 1527 883 κατέτρεχον
1556 810 1810 881 ἐμφύλιοι

236 897 487 968 πόλεμοι,
521 900 618 955 καὶ
648 901 709 955 τὸ
735 901 934 965 κάλλος
965 902 1137 972 αὐτῆς
1162 903 1260 957 καὶ
1280 902 1388 974 τὴν
1417 904 1676 973 ἀγλαΐαν,
1710 906 1810 974 ὅση

230 990 654 1063 περιελέλειπτο
691 992 800 1045 ἀπὸ
839 992 935 1046 τοῦ
980 995 1039 1047 ὲν
1078 995 1146 1063 τῇ
1192 991 1454 1064 βασιλείᾳ
1503 996 1600 1049 τοῦ
1644 996 1811 1050 Λέον-

228 1099 323 1147 τος
372 1084 664 1152 γεγονότος
713 1084 1095 1157 ἐμπρησμοῦ,
1153 1085 1547 1157 διεφθάρκασι.
1603 1088 1813 1153 Μίσους

229 1175 345 1245 γὰρ
379 1174 661 1247 ἑμφύντος
688 1179 805 1240 τοῖς
843 1175 1038 1247 δήμοις
1086 1179 1231 1233 κατὰ
1267 1178 1360 1232 τοῦ
1405 1179 1811 1251 αὐτοκράτορος

229 1269 330 1323 καὶ
381 1268 484 1339 τῆς
529 1269 872 1341 βασιλίσσης,
917 1270 988 1325 δι’
1035 1270 1176 1344 ἆπερ
1209 1272 1449 1342 εἴρηται,
1490 1272 1811 1344 ὡμονόησαν

225 1361 399 1431 ἄμφω
430 1361 499 1415 τὰ
530 1363 692 1433 μέρη,
722 1363 843 1416 τότε
870 1363 1094 1418 Βένετον
1123 1365 1217 1419 καὶ
1255 1365 1316 1418 τὸ
1353 1364 1645 1435 Πράσινον.
1688 1365 1812 1419 καί·

225 1471 311 1507 τοι
344 1454 433 1507 ἀεὶ
464 1453 722 1526 ἀλλήλοις
750 1454 1170 1526 ἐναντιούμενα,
1207 1457 1303 1509 καὶ⁵
1331 1457 1577 1520 στάσεως
1608 1457 1811 1527 ἧρξαν-

223 1563 304 1599 το.
326 1547 388 1600 '0
417 1547 477 1600 δέ
500 1564 567 1616 γε
598 1548 819 1618 κρατῶν
850 1548 1047 1619 μοιράν
1076 1566 1197 1603 τινα
1228 1549 1533 1623 Βαρϐάρων
1569 1551 1678 1603 τῶν
1712 1567 1814 1605 κα-

230 1638 521 1709 λουμένων
569 1639 874 1711 Δὶλούρων,
933 1640 1120 1705 αὐτοῖς
1174 1642 1429 1710 ἐπαφεὶς.
1478 1642 1671 1714 στῆναι
1713 1642 1813 1713 τὴν

225 1733 425 1784 στάσιν
458 1728 634 1794 οὕτως
673 1730 1116 1803 ἐπικεχείρηκεν.
1158 1733 1223 1786 Ἦ
1254 1732 1300 1787 δ’
1326 1733 1539 1804 ἀνῆπτο
1583 1734 1808 1803 μᾶλλον·

1913 629 2096 695 populi
2126 629 2268 685 inter
2297 646 2416 687 sese
2443 644 2861 697 consenserunt,
2903 631 3275 693 tam.Venetae
3307 651 3474 707 quam

1920 724 2157 779 Prasinae
2189 726 2465 792 factionis,
2499 744 2813 799 quanquam
2845 729 2979 783 alias
3016 727 3286 784 dissidere
3311 728 3483 791 soliti,

1918 818 2354 890 seditionemque
2408 828 2720 875 moverunt.
2766 819 2847 876 Ad
2894 835 3059 891 quam
3117 818 3489 889 comprimen-

1918 910 2043 966 dam
2091 919 2248 981 parte
2302 913 2675 968 Barbarornm
2723 913 2790 967 ab
2839 912 3178 983 imperatore
3222 910 3485 975 immissa,

1917 1001 2011 1069 qui
2043 1000 2236 1058 Heluri
2280 1003 2660 1069 nominantur,
2696 1020 2758 1059 ea
2808 1004 2981 1076 magis
3019 1004 3185 1060 etiam
3215 1009 3489 1058 commota

1917 1102 2024 1147 est.
2074 1093 2261 1165 Pugna
2293 1095 2499 1151 etenim
2548 1095 2694 1151 inter
2728 1096 2875 1151 cives
2919 1106 2975 1151 et
3025 1094 3295 1150 Barbaros
3343 1108 3493 1148 com.

1924 1185 2114 1246 missa.
2146 1186 2198 1239 iu
2228 1186 2350 1242 loco
2374 1187 2465 1257 qui
2499 1189 2705 1243 Milium
2733 1188 2960 1254 dicitur,
2995 1195 3052 1243 et
3087 1185 3277 1242 multis
3309 1184 3490 1240 utrin—

1917 1291 2026 1346 que
2057 1276 2429 1332 cadentibus:
2480 1277 2839 1333 ecclesiastici
2891 1277 3100 1332 bellum
3161 1284 3219 1331 et
3262 1273 3490 1329 seditio-

1919 1384 2041 1423 nem
2092 1369 2287 1424 sedare
2326 1369 2615 1437 cupientes
2638 1411 2652 1434 ,
2685 1384 2809 1424 cum
2841 1366 3230 1423 sacratissimis
3280 1365 3493 1420 divino-

1920 1475 2040 1513 rum
2071 1460 2491 1530 Evangeliorum
2528 1460 2837 1524 codicibus,
2869 1466 2924 1513 et
2973 1456 3285 1514 Servatoris
3316 1450 3487 1511 nostri

1916 1550 2246 1605 venerandis
2288 1550 2654 1621 imaginibus,
2714 1550 2766 1604 in
2804 1550 3048 1605 medium
3108 1565 3304 1620 agmen
3357 1565 3492 1619 pra:-

1918 1640 2171 1695 liantium
2213 1651 2600 1711 penetrarunt,
2651 1641 2779 1704 rati,
2808 1657 2904 1697 eos
2932 1641 3268 1697 verecundia
3305 1657 3492 1696 sacra-

1919 1749 2041 1787 rum
2074 1724 2181 1803 62
2214 1749 2420 1799 rerum,
2456 1735 2653 1805 positis
2686 1736 2855 1789 armis
2888 1749 3127 1805 pugnam
3166 1735 3488 1789 omissuros.

227 1822 418 1892 μάχης
454 1822 564 1892 γὰρ
599 1824 977 1895 συρραγείσης
1005 1825 1172 1894 μέσον
1202 1824 1310 1878 τῶν
1340 1825 1531 1897 δήμων
1570 1826 1665 1880 καὶ
1702 1829 1811 1881 τῶν

1925 1826 2024 1882 Sed
2069 1826 2317 1893 Barbari,
2355 1826 2466 1882 illis
2501 1828 2662 1901 plane
2703 1827 2998 1897 despectis,
3029 1826 3289 1896 populum
3324 1824 3494 1880 truci-

224 1913 536 1987 Βαρϐάρων
586 1914 728 1969 κατὰ
793 1914 857 1968 τὸ
917 1915 1220 1987 λεγόμενον
1274 1918 1469 1972 Μίλιον
1523 1919 1660 1991 (89),
1718 1921 1813 1974 καὶ

228 2009 553 2062 πιπτόντων
583 2007 799 2064 πολλῶν
833 2010 1182 2083 ἑκατέρωθεν
1208 2052 1223 2078 ,
1259 2013 1310 2065 ot
1340 2014 1442 2083 τῆς
1487 2014 1814 2085 Ἐκκλησίας

226 2100 595 2156 καταπαῦσαι
633 2099 736 2173 τὴν
790 2103 984 2157 στάσιν
1029 2104 1121 2158 καὶ
1158 2105 1251 2159 τὸν
1283 2104 1518 2177 πόλεμον
1566 2107 1818 2161 σπεύδον-

224 2208 350 2257 τες,
383 2190 483 2255 τὰς
533 2194 803 2261 παναγεῖς
832 2195 942 2246 τῶν
982 2194 1145 2248 θείων
1190 2196 1549 2266 Εὐαγγελίων
1597 2196 1815 2270 βίϐλους

225 2285 527 2354 ἀράμενοι,
553 2285 670 2352 Δκαὶ.
700 2283 796 2337 τοῦ
831 2286 1084 2356 Σωτῆρος
1124 2288 1284 2359 ἡμῶν
1335 2290 1615 2361 σεδάσμια
1660 2293 1817 2344 ἐκτυ-

227 2371 501 2441 πώματα.
540 2377 621 2438 είς
673 2374 876 2446 μέσους
922 2377 1050 2439 τοὺς
1099 2378 1449 2448 μαχομένους
1495 2379 1814 2449 συνὼθησαν

223 2465 480 2529 ἑαυτοὺς,
528 2464 778 2535 οἰόμενοι
844 2466 1196 2532 αἰδεσθέντας
1241 2470 1485 2534 ἐκείνους
1544 2471 1615 2524 τὰ
1662 2473 1808 2540 am.

226 2556 582 2612 καταθέσθαι
615 2557 687 2612 τὰ
728 2558 895 2624 ὅπλα,
957 2561 1054 2614 καὶ
1111 2561 1452 2632 ἀποσχέσθαι
1496 2562 1594 2616 τοῦ
1645 2563 1813 2634 μάχε-

224 2649 545 2703 σθαι-ἀλλ’
583 2651 634 2704 oi
683 2650 973 2723 Βάρϐαροι
1031 2653 1143 2706 τῶν
1198 2654 1370 2723 ἁγίων
1426 2657 1816 2726 φροντίσαντες

225 2740 349 2794 οὐδ’
390 2740 726 2808 ὁπωστιοῦν,
777 2742 905 2806 τούς
960 2760 1021 2797 τε
1060 2744 1267 2816 δήμους
1318 2746 1672 2809 συνέκοπτον,
1722 2749 1817 2801 καὶ

223 2832 361 2885 οὐδὲ
400 2832 512 2886 τῶν
552 2833 741 2904 ἱερῶν,
772 2833 804 2904 ἢ
837 2835 947 2888 τῶν
981 2834 1156 2888 ταῦτα
1180 2836 1483 2904 φερόντων,
1518 2838 1815 2908 ἐφείδοντο.

225 2923 414 2977 Τοῦτο
446 2925 559 2987 τοῖς
591 2925 690 2994 τῆς
718 2924 930 2989 πόλεως
965 2925 1049 2988 είς
1087 2926 1383 2996 ἐρεθισμὸν
1423 2927 1527 2998 τῆς
1577 2928 1820 2992 στάσεως

228 3018 439 3086 γέγονε
467 3055 483 3081 ,
515 3018 610 3071 καὶ
642 3017 837 3088 ὥσπερ
867 3019 1018 3090 αὐτῷ
1050 3018 1131 3091 τῷ
1157 3018 1291 3091 θείῳ
1321 3020 1820 3091 ἐμπαροινουμένῳ

222 3109 566 3177 ἀμύνοντες,
618 3108 701 3173 είς
752 3110 1017 3163 ἀπόνοιαν
1066 3107 1384 3181 ὲξήφθησαν
1426 3109 1672 3173 πλείονα,
1727 3112 1820 3164 καὶ

222 3200 337 3254 οὐκ
362 3198 563 3271 ἄνδρες
598 3201 781 3270 μόνον,
805 3200 942 3255 ἀλλὰ
985 3201 1079 3254 καὶ⁵
1112 3204 1366 3269 γυναῖκες
1398 3201 1463 3253 ὲκ
1492 3201 1604 3255 τῶν
1640 3201 1814 3273 ύπερ-

222 3292 360 3364 ᾠων
407 3293 699 3364 ἐμάχοντο,
726 3291 901 3357 λίθοις
954 3293 1053 3347 καὶ
1102 3295 1374 3365 κεράμοις
1414 3296 1509 3349 καὶ
1547 3297 1711 3348 παντὶ
1740 3294 1818 3365 τῷ

228 3385 610 3459 προστυχόντι
641 3385 932 3457 βάλλοντες
959 3386 1169 3443 ἄνωθεν
1200 3389 1300 3457 τὴν
1344 3385 1634 3458 Βάρϐαρον
1673 3387 1819 3440 ἑκεί-

222 3497 335 3551 νην
364 3478 601 3551 πληθύν.
639 3480 700 3534 οι
730 3478 789 3534 δὲ
826 3480 999 3552 μανίᾳ
1045 3478 1342 3549 ληφθέντες
1379 3481 1475 3533 καὶ
1507 3478 1819 3549 ἀμύνασθαι

221 3575 303 3628 τὰ
330 3572 532 3641 γύναια
562 3570 808 3634 θέλοντες
875 3571 988 3645 πῦρ
1015 3574 1193 3627 mea;
1214 3575 1325 3636 τοῖς
1359 3572 1533 3651 οἴκρις
1557 3571 1616 3638 ἐξ
1634 3565 1819 3643 ὧνπερ

222 3665 554 3721 ἐϐάλλοντο.
608 3664 927 3736 Πνεῦματος
971 3664 1029 3717 δὲ
1085 3663 1318 3732 σφοδροῦ
1364 3664 1624 3727 πνέοντος
1670 3679 1821 3734 τηνι-

222 3758 444 3821 καῦτα,
505 3760 539 3830 ἡ
593 3757 728 3828 φλὸξ
770 3754 908 3829 ἦρτο
956 3758 1168 3827 ταχέως
1208 3758 1413 3829 ἐέριος,
1472 3761 1566 3810 καί
1620 3756 1821 3821 πολλὰς

226 3854 523 3925 μεγίστας
547 3868 608 3904 τε
646 3850 741 3905 καὶ
770 3848 1069 3913 καλλίστας
1101 3850 1817 3925 οίκοδομὰςτκατῃθάλωσε,

225 3946 341 3999 καὶ
369 3943 672 4015 ἀγάλματα
723 3942 1061 4012 κατέφλεξεν
1096 3942 1346 4014 ἀρχαίων
1379 3942 1591 4013 ἀνδρῶν
1620 3943 1824 4014 ἐπισή-

239 4054 373 4105 μων
405 4038 502 4091 ὲπὶ
532 4036 699 4106 σοφίᾳ.
732 4035 831 4089 καὶ
863 4033 949 4088 ἐπ’
980 4034 1226 4106 ἀνδρείᾳ,
1277 4034 1373 4087 καὶ
1413 4035 1523 4096 τοῖς
1565 4032 1655 4086 διὰ
1705 4050 1824 4104 χει-

230 4131 362 4203 ρῶν
392 4129 489 4184 καὶ
519 4128 761 4183 συνετῶν
789 4126 1183 4199 βουλευμάτων
1207 4122 1704 4198 ἀνδραγαθήμασι·
1730 4127 1824 4181 καὶ

225 4221 341 4277 ἐπὶ
364 4221 536 4275 πᾶσιν
562 4219 697 4274 αὐτὸ
724 4219 788 4274 τὸ
817 4219 964 4274 θεῖον
994 4219 1219 4291 τέμενος
1253 4217 1348 4272 τοῦ
1385 4219 1627 4288 μεγάλου
1669 4217 1823 4287 ναοῦ,

226 4315 303 4369 ὃν
340 4316 370 4369 ὁ
401 4313 658 4383 βασιλεὺς
693 4314 1077 4376 Κωνστάντιος
1103 4312 1217 4382 (90)
1254 4312 1585 4382 ὲδομήσατο,
1636 4312 1731 4365 καὶ
1766 4312 1827 4365 τδ

229 4409 351 4472 τῆς
392 4406 584 4475 ’Δγίας
615 4406 878 4478 Εἰρήνης,
914 4405 1132 4459 καὶτὸν
1156 4403 1251 4458 τοῦ
1283 4404 1559 4458 Εὐϐούλου
1596 4405 1823 4469 ξενῶνα,

1916 1918 2165 1986 dabant;
2206 1933 2387 1990 neque
2430 1919 2624 1984 sacris,
2658 1935 2840 1989 neque
2879 1918 3082 1989 bajulis
3121 1933 3315 1972 eorum
3364 1932 3492 1987 par-

1918 2020 2128 2066 “eutes.
2180 2010 2238 2065 ld
2285 2010 2511 2067 urbana:
2558 2010 2899 2068 multitudini
2956 2010 3105 2065 velut
3149 2008 3511 2064 incentivum.

1929 2100 2214 2157 seditionis
2264 2100 2394 2168 fuit,
2444 2111 2505 2157 ut
2556 2111 2814 2173 tanquam
2859 2101 3104 2157 numinis
3144 2100 3311 2156 ulturi
3351 2102 3494 2170 inju-

1918 2194 2053 2246 riam
2100 2192 2293 2265 majori
2352 2192 2736 2264 desperatione
2771 2192 3281 2248 inﬂammarentur:
3316 2208 3494 2262 neque

1914 2284 2020 2339 viri
2054 2285 2254 2352 solum,
2282 2285 2376 2341 sed
2418 2287 2680 2343 mulieres
2711 2286 2875 2343 etiam
2902 2301 2933 2341 e
2961 2283 3258 2340 coenaeulis
3286 2299 3494 2355 pugna-

1916 2382 2068 2439 rent,
2110 2370 2322 2444 lapides
2350 2384 2405 2430 et
2428 2385 2618 2439 testas,
2659 2383 2714 2430 et
2744 2373 3012 2444 quidquid
3046 2373 3269 2429 obvium
3289 2381 3410 2428 erat
3438 2372 3495 2427 in

1923 2443 2270 2519 barbaricam
2332 2465 2482 2521 illam
2520 2443 2929 2522 multitudinem
2977 2443 3217 2536 superne
3246 2463 3497 2535 jaculan-

1916 2564 2018 2610 tes.
2069 2555 2300 2621 At'illi,
2346 2557 2535 2612 furore
2588 2558 2825 2628 perciti,
2877 2559 3159 2629 ulturique
3211 2557 3492 2621 mulieres,

1917 2648 2099 2717 ignem
2147 2647 2402 2720 injiciunt
2441 2648 2656 2704 aedibus
2699 2649 2848 2704 unde
2906 2649 3291 2705 feriebantur:
3338 2646 3495 2718 cujus

1916 2728 2131 2795 ﬂamma
2190 2741 2501 2795 vehementi
2555 2749 2669 2796 tum
2710 2742 2954 2812 spirante
3000 2748 3206 2802 vento,
3261 2754 3388 2792 mox
3438 2737 3492 2791 in

1919 2832 2154 2887 sublime
2196 2834 2341 2888 elata
2373 2834 2542 2888 multa
2574 2833 2812 2888 maxima
2853 2832 3334 2904 pulclterrimaque
3365 2829 3498 2885 aedi-

1922 2922 2041 2976 ﬁcia
2086 2922 2142 2976 in
2192 2922 2410 2978 cineres
2451 2922 2693 2995 redegit,
2754 2932 2809 2978 et
2848 2922 3141 2978 simulacra
3193 2919 3499 2995 combussit

1920 3020 2169 3067 veterum
2205 3012 2470 3077 virorum,
2513 2994 2948 3083 obrsapientiam
2991 3023 3046 3067 et
3094 2994 3497 3079 fortitudinem,

1922 3114 1977 3156 et
2010 3116 2099 3157 res
2139 3116 2303 3167 mnu
2345 3102 2684 3172 consilioque
2731 3103 2871 3157 bene
2918 3084 3101 3174 gestas
3139 3103 3435 3159 illustrium
3480 3122 3495 3157 :

1924 3210 1990 3251 ac
2019 3205 2220 3266 pratter
2251 3208 2469 3260 caetera,
2518 3196 2729 3267 insigne
2768 3205 2823 3252 et
2867 3199 3063 3269 ingens
3094 3198 3380 3267 templum,
3420 3195 3499 3251 ab

1927 3288 2257 3357 imperatore
2287 3286 2607 3342 Constantio
2640 3296 2933 3352 structum,
2977 3299 3031 3344 et
3063 3288 3277 3345 Sanctae
3329 3288 3502 3344 Irenze

1924 3378 2129 3445 aedem,
2180 3392 2246 3434 ac
2294 3376 2493 3432 Eubuli
2548 3377 2873 3447 hospitalem
2914 3379 3172 3441 domum,
3213 3388 3270 3433 et
3312 3378 3499 3451 palatii

1924 3466 2345 3538 Chalcostegum
2371 3507 2387 3534 ,
2441 3481 2562 3537 quae
2610 3482 2758 3523 nunc
2795 3467 2996 3524 Chalee
3062 3468 3367 3539 appellatur
3402 3456 3499 3539 '(ab

1925 3573 2068 3615 aereo
2107 3567 2256 3615 tecto
2286 3573 2486 3613 nomen
2527 3559 2580 3614 id
2620 3558 2823 3616 factum
2859 3561 2961 3631 est)
2987 3571 3041 3615 ιιι
3067 3563 3305 3616 carceris
3335 3576 3494 3615 usum

1928 3650 2175 3721 praebet,
2224 3660 2281 3706 et
2323 3648 2510 3706 Severi
2545 3650 2789 3714 balneas,
2830 3666 2951 3723 quze
2987 3652 3247 3724 Zeuxippi
3299 3668 3499 3705 nomen

1931 3743 2156 3807 habent,
2208 3742 2425 3813 aliaque
2481 3743 2651 3799 multa
2702 3760 2824 3814 quze
2880 3744 3004 3799 urbi
3053 3753 3217 3815 atque
3269 3744 3503 3814 imperio

1928 3842 2251 3888 ornamenta
2318 3842 2377 3888 et
2446 3835 2863 3889 admirationem
2943 3834 3271 3889 attulerunt.
3347 3832 3504 3889 Tune

1931 3927 2095 3997 igitur
2134 3929 2433 3997 imperator
2482 3926 2629 3982 aliud
2696 3927 2988 3983 consilium
3042 3928 3209 3999 cmpit
3268 3927 3506 3997 compri-

1930 4019 2143 4075 menda:
2190 4018 2501 4086 seditionis,
2573 4029 2629 4076 et
2686 4020 2743 4075 in
2797 4021 3073 4075 theatrum
3134 4035 3502 4092 progressus,

1930 4109 2099 4165 verba
2132 4108 2313 4166 facere
2343 4110 2411 4166 ad
2445 4112 2709 4182 populum
2731 4111 2996 4177 instituit,
3028 4126 3207 4181 eoque
3244 4110 3504 4181 pupulum

1931 4216 2033 4271 per
2084 4199 2309 4257 nuntios
2339 4204 2684 4256 convocavit.
2729 4200 2781 4256 ls
2809 4215 2940 4256 vero
2975 4200 3113 4255 adeo
3152 4214 3262 4254 non
3295 4199 3510 4259 obtem-

1936 4302 2186 4374 peravit,
2237 4310 2297 4355 ut
2331 4302 2426 4356 alii
2478 4301 2614 4357 alios
2659 4312 2986 4367 monerent,
3037 4299 3340 4355 cavendum
3386 4313 3507 4354 esse

1934 4404 2188 4466 equestre
2237 4395 2546 4461 theatrum,
2586 4411 2653 4451 ne
2686 4396 2739 4450 in
2779 4410 2847 4450 eo
2879 4404 3135 4465 tanquam
3170 4407 3389 4449 carcere
3420 4393 3505 4446 in-

226 4498 347 4554 καὶ
380 4496 483 4569 τὴν
518 4496 613 4550 τοῦ
645 4497 908 4550 παλατίου
941 4494 1340 4563 Χαλκόστεγον,
1372 4495 1500 4565 ἥτις
1557 4491 1626 4566 ἦν
1658 4497 1693 4565 ἡ
1729 4496 1815 4549 νῦε.

1938 4488 2100 4550 clusi,
2126 4503 2318 4543 eorum
2354 4488 2447 4558 qui
2484 4504 2665 4543 rerum
2700 4488 3013 4558 potirentur
3045 4480 3381 4542 iracundiam
3410 4502 3510 4540 suo

234 4591 569 4661 καλουμένη
609 4591 825 4662 Χαλκῆ,
873 4591 969 4644 καὶ
1016 4592 1093 4653 είς
1124 4588 1353 4659 εἱρκτὴν
1381 4588 1826 4660 χρηματίζουσα,

228 4683 348 4740 καὶ
393 4682 459 4736 τὺ
488 4684 736 4754 Σευῆρου
779 4682 1006 4752 λουτρὸν
1054 4678 1116 4734 τό
1158 4682 1461 4751 λεγόμενον
1498 4681 1826 4747 Ζεύξιππον,

236 4775 353 4828 καὶ
378 4774 520 4829 ἄλλα
547 4775 722 4827 πολλὰ
755 4774 964 4843 κόσμον
994 4774 1087 4827 καὶ
1118 4772 1303 4842 θαῦμα
1336 4775 1402 4845 τῇ
1447 4775 1600 4828 πόλει
1632 4776 1730 4830 καὶ
1762 4780 1829 4847 τῇ

237 4866 509 4939 βασιλείᾳ
566 4867 1026 4938 περιποιούμενα.
1073 4867 1208 4920 Τότε
1265 4867 1449 4920 τοίνυν
1498 4871 1526 4922 ό
1573 4867 1832 4940 βασιλεὺς

236 4962 462 5030 ἑτέρως
511 4961 913 5032 καταστορέσαι
964 4961 1064 5031 τὴν
1110 4962 1305 5014 στᾶσιν
1345 4961 1657 5032 διανενόητο
1690 4979 1705 4993 ⁸
1742 4965 1836 5017 καὶ

242 5049 507 5104 ἀνελθὼν
549 5053 631 5115 εἰς
667 5051 729 5105 τὸ
773 5052 1025 5122 θέατρον,
1069 5050 1417 5124 διαλεχθῆναι
1468 5056 1586 5117 τοῖς
1636 5054 1832 5126 δήμοις

240 5142 596 5209 ἐϐουλεύετο,
641 5146 739 5198 καὶ
782 5145 1023 5213 πέμψας,
1059 5146 1178 5197 ἐκεῖ
1222 5146 1283 5198 τὸ
1327 5145 1619 5216 δημοτικὸν
1652 5165 1814 5214 μετε-

1934 4580 2161 4633 interitu
2192 4579 2494 4648 explerent.
2528 4579 2735 4634 Deinde
2798 4580 2850 4633 in
2882 4578 3003 4633 foro
3033 4580 3407 4633 discursantes
3439 4576 3508 4630 de

1934 4670 2043 4724 alio
2066 4671 2396 4739 imperatore
2418 4670 2656 4725 creando
2686 4671 3088 4733 deliberarunt,
3131 4678 3189 4723 et
3218 4669 3508 4739 quemdam

1935 4762 2289 4831 imperatoris
2334 4762 2607 4817 Anastasii
2659 4771 2953 4829 cognatum
2990 4759 3281 4831 llypatium
3331 4759 3509 4821 nacti,

1937 4855 2134 4924 partim
2180 4854 2432 4917 invitum,
2462 4855 2659 4925 partim
2695 4855 2859 4909 etiam
2895 4870 3241 4925 persuasum,
3295 4854 3349 4908 in
3394 4851 3507 4907 Ma-

1938 4949 2029 5017 gni
2075 4945 2422 5002 Constantini
2458 4946 2637 5001 forum
2665 4946 2969 5012 adducunt,
3014 4956 3178 5016 atque
3210 4946 3405 5019 clypeo
3456 4943 3510 4997 in

1940 5037 2178 5093 sublime
2206 5039 2409 5094 elatum
2440 5039 2828 5108 imperatorem
2861 5036 3229 5103 consalutant,
3266 5047 3322 5093 et
3347 5051 3511 5092 occu-

1940 5140 2068 5201 pato
2122 5132 2385 5188 curriculi
2426 5132 2697 5204 equestris
2739 5132 2976 5198 theatro,
3011 5131 3204 5187 faustis
3241 5127 3515 5185 ominibus

2818 5216 2837 5267 ὃ

1450 5263 1647 5325 Varia:
1678 5263 1989 5331 lectiones
2020 5274 2082 5332 et
2110 5275 2300 5332 notas.

336 5386 450 5463 (εἶθ)
483 5389 647 5463 Κατά
666 5390 734 5444 τὸ
758 5393 1091 5463 ,πετόμενον
1119 5391 1357 5463 Μίμζιον.
1395 5391 1469 5445 De
1488 5406 1598 5463 (ιιιο
1623 5392 1842 5463 egimus

237 5460 316 5515 in
359 5456 847 5532 Constantinopoli,
884 5456 920 5515 Ιζ
955 5477 990 5524 ι,
1020 5471 1159 5516 sect.
1183 5460 1275 5532 25,
1324 5477 1382 5515 n.
1411 5463 1464 5516 2.
1504 5456 1615 5532 Τῆς
1647 5456 1839 5515 Multae

243 5530 546 5599 λεωφόρου
578 5530 831 5602 meminit
860 5541 1127 5602 praeterea
1192 5531 1538 5602 Sguropulus
1573 5530 1643 5585 in
1700 5532 1836 5587 Hist.

240 5601 479 5655 concilii
530 5600 770 5657 Floreat.
803 5600 1019 5657 sect.6.
1047 5614 1169 5671 cap.
1202 5600 1412 5657 l'extr.
1473 5604 1575 5655 viae
1630 5603 1844 5659 scilicet

244 5685 437 5740 quam
471 5673 659 5743 Μέσην
692 5673 857 5742 vulgo
893 5680 1092 5743 vocant
1145 5673 1449 5743 scriptores
1533 5671 1841 5743 Byzantini,

248 5744 344 5796 de
364 5754 471 5813 qua
496 5740 985 5813 din‘eodem'opere
1019 5740 1058 5794 l.
1098 5758 1136 5803 ι,
1166 5756 1222 5795 ιι.
1255 5740 1345 5813 23.

346 5810 457 5878 (90)
491 5811 604 5865 Ὀν
647 5817 680 5867 ό
712 5810 1016 5878 βασιλεὺς
1081 5810 1518 5878 Κωνστάντιος.
1582 5811 1846 5867 Prmfecto

250 5883 429 5951 operi
458 5881 761 5952 Euphrata.
796 5883 1114 5940 Chronicun
1142 5896 1274 5936 mss.
1329 5882 1619 5953 Symecnis
1670 5883 1847 5953 Lego-

1942 5397 2106 5453 Ihette
2131 5394 2189 5451 in
2212 5396 2536 5452 Constantio
2572 5415 2584 5450 :
2614 5395 2773 5449 Ἐπεὶ
2797 5396 2853 5448 δὲ
2878 5394 2973 5447 καὶ
2998 5396 3029 5463 ἡ
3052 5392 3144 5445 τοῦ
3177 5390 3313 5463 Θεοῦ
3336 5392 3511 5459 Μεγά

1940 5467 2005 5547 λη
2032 5468 2119 5547 ἐκ)
2131 5466 2297 5547 λησία
2311 5467 2517 5547 μέχρις
2546 5466 2729 5547 αύτῶν
2748 5464 2857 5547 τῶν
2891 5460 3321 5547 κατηχουμένων
3369 5463 3508 5547 ᾠκο-

1938 5533 2197 5608 δίμήθᾲηί
2228 5539 2256 5590 δ
2307 5533 2365 5588 δὲ
2396 5533 2731 5608 Ἐύφρᾲτηςμ
2754 5536 2784 5588 ό
2828 5533 3037 5608 ταύτην
3058 5533 3512 5608 -κατασκευὰζεοιν

1941 5602 2300 5677 ἐτελεύτησεν
2323 5608 2383 5677 έν
2408 5605 2486 5677 τῷ
2516 5602 2646 5676 tato
2674 5602 2998 5677 oixq)._§1tsp
3022 5602 3128 5677 νῦν
3141 5604 3514 5677 γηροκομεῐόν

1898 5724 1903 5729 ,
1942 5679 2092 5748 ἐστιν
2125 5671 2200 5748 ἐν’
2221 5674 2301 5748 τῷ
2321 5671 2602 5748 λεγομένῳ
2616 5671 3068 5748 ’Διμακέλλῳέτὰ
3085 5671 3353 5748 Εὐφρατὰ
3377 5673 3513 5748 igtur-

1942 5747 2111 5873 ἶικῶς
2141 5741 2434 5870 λεγόέενα.
2455 5741 2601 5803 'Vide
2651 5741 2926 5799 uestram
2959 5741 3514 5814 Constantinopolim,

1973 5861 1982 5871 .
2015 5834 2093 5873 ιιι.
2125 5827 2261 5873 sect.
2330 5858 2341 5870 .

1973 5861 1982 5871 .
2015 5834 2093 5885 ιιι,
2125 5827 2261 5873 sect.
2285 5827 2341 5870 ‘z.
