3930 6540
438 383 571 446 1235

1721 385 2042 450 IOANNIS
2067 384 2390 448 ZONAIUE

3543 393 3671 459 123(

429 502 856 568 prosequuntur,
894 510 1192 568 purpuram
1253 502 1563 568 quarentes
1613 504 1672 554 et
1725 509 1984 552 coronam

2120 494 2392 551 στέλλετο.
2424 497 2499 550 T6
2536 498 2581 553 δ’
2616 499 2715 554 ούκ
2748 499 2996 572 ηνείχετο
3028 503 3370 572 προσελθεῖν,
3410 503 3550 557 ἀλλά
3583 505 3680 558 καὶ

429 583 653 652 Populis
687 581 775 637 his
807 583 970 638 rebus
999 583 1302 655 occupatis,
1327 585 1626 655 imperator
1647 585 1858 656 magnis
1889 585 1998 637 lar-

427 675 723 746 gitionibus
742 675 939 730 mullos
952 677 1283 732 Venetorum
1303 676 1358 731 in
1391 692 1520 732 suas
1542 685 1726 747 partes
1746 676 2002 746 pellexit,

428 768 807 838 diremptaque
827 771 1136 832 concordia,
1154 784 1247 825 eos
1268 771 1412 824 inter
1426 784 1545 828 sese
1560 769 1870 824 concitavit.
1886 767 2004 834 Quo

429 861 592 919 facto.
615 860 944 929 imperatorii
963 862 1220 916 satellites
1233 861 1416 916 subito
1439 877 1469 916 e
1488 861 1634 934 regia
1651 869 2005 932 erumpentes

427 951 648 1016 armati,
678 963 732 1007 et
761 969 824 1007 ex
845 951 979 1008 urbe
999 953 1090 1009 alii
1112 953 1330 1018 milites,
1348 955 1454 1026 63
1481 965 1853 1024 praetereaque
1874 954 2005 1008 Bar-

425 1044 544 1100 bari
574 1046 870 1100 intromissi
907 1046 1313 1102 multitudinem
1344 1063 1464 1117 qua:
1494 1055 1549 1101 et
1580 1047 1693 1115 ipsa
1715 1048 1824 1116 jam
1861 1046 2003 1100 inter

425 1151 484 1191 se
522 1135 839 1200 dissidebat,
877 1135 1137 1206 graminis
1155 1135 1327 1191 instar
1347 1136 1684 1195 ceciderunt.
1717 1147 2002 1206 parcentes

423 1227 649 1281 nemini.
700 1229 982 1283 Refertum
1017 1229 1163 1284 enim
1206 1237 1326 1285 erat
1357 1229 1628 1284 theatrum
1663 1229 1998 1293 hominibus,

424 1332 550 1372 cum
608 1317 918 1384 seditionis,
986 1327 1100 1374 tum
1161 1335 1291 1374 vero
1352 1321 1633 1390 spectandi
1682 1321 1876 1392 gratia,
1929 1321 2000 1375 ob

425 1408 638 1478 llypatii
685 1411 1170 1479 proclamationem
1208 1412 1571 1482 congregatis.
1620 1411 1670 1466 ls
1729 1427 1834 1466 una
1873 1427 1998 1466 cum

424 1499 595 1556 fratre
636 1502 897 1572 Pompeio
920 1502 984 1556 ad
1026 1503 1410 1572 imperatorem
1465 1503 1762 1573 perductus
1795 1503 2000 1558 occidi-

423 1599 538 1657 tur,
571 1592 732 1648 bonis
755 1609 948 1649 eorum
981 1595 1314 1651 conﬁscatis.
1342 1595 1384 1648 E
1418 1595 1619 1665 populo
1644 1595 1767 1650 ctesi
1808 1605 2001 1665 putan-

425 1691 513 1736 tur
539 1685 604 1737 ad
641 1700 704 1738 χι
740 1686 930 1742 millia.
959 1686 1145 1756 Neque
1172 1701 1308 1741 vero
1331 1685 1550 1740 illorum
1580 1685 1813 1740 duorum
1857 1689 1998 1740 dun-

424 1784 572 1830 tatat
598 1776 738 1830 bona
768 1778 1040 1847 publicata
1075 1778 1250 1842 fuere,
1285 1778 1380 1834 sed
1405 1779 1704 1833 multorum
1734 1788 1995 1848 praeterea

423 1869 685 1923 senatorii
724 1870 954 1935 ordinis,
993 1871 1170 1941 deque
1203 1872 1338 1941 ipsis
1378 1888 1489 1926 non
1529 1887 1638 1926 uno
1669 1871 1834 1925 modo
1866 1886 1996 1940 sup-

423 1959 645 2025 plicium
671 1970 974 2030 sumptum.
1011 1963 1116 2017 Pro
1145 1962 1331 2032 Magna
1355 1964 1595 2018 Ecclesia
1621 1979 1651 2018 a
1672 1961 1994 2018 Constantio

421 2048 663 2109 condita.
705 2066 828 2120 qua
866 2050 919 2106 in
965 2052 1067 2105 hac
1113 2053 1406 2118 seditione,
1433 2063 1493 2108 ut
1523 2054 1834 2124 expositum
1889 2063 1992 2117 est,

419 2138 804 2212 conﬂagrarat,
849 2143 1194 2199 Justinianus
1232 2145 1393 2199 aliam
1430 2161 1624 2200 novam
1665 2145 1824 2214 longe
1875 2161 1991 2199 ma-

413 2231 590 2302 jorem
639 2244 695 2288 et
764 2234 1122 2290 illustriorem
1181 2245 1466 2292 exstruere
1517 2251 1808 2308 aggressus
1871 2247 1990 2301 est.

415 2322 838 2380 aediﬁcationem
887 2326 1208 2396 auspicatus
1254 2343 1400 2382 anno
1459 2328 1528 2382 ab
1581 2327 1716 2382 orbe
1769 2327 1992 2382 condito

419 2415 598 2471 sexies
667 2417 960 2473 millesimo
1019 2419 1484 2490 quadragesimo,
1547 2419 1845 2474 indictione
1893 2435 1984 2482 xv,

419 2523 608 2564 mense
638 2507 963 2564 Februario.
988 2510 1176 2580 Neque
1208 2526 1341 2567 vero
1368 2511 1474 2566 hoc
1495 2510 1781 2574 duntaxat,
1811 2513 1905 2566 sed
1936 2521 1992 2567 et

414 2599 521 2654 alia
575 2600 733 2668 plura
762 2601 964 2671 templa
998 2604 1271 2657 exstruxit
1309 2622 1322 2658 :
1373 2602 1439 2658 ad
1480 2619 1714 2674 quorum
1752 2602 1990 2658 aediﬁca-

416 2690 621 2747 tionem
660 2709 784 2768 eum
832 2693 1061 2750 inﬁnitis
1099 2703 1284 2765 egeret
1315 2695 1588 2765 pecuniis,
1639 2697 1707 2751 de
1764 2695 1992 2750 consilio

416 2783 658 2852 praefecti
722 2786 996 2857 stipendia
1062 2787 1371 2842 liberalium
1440 2789 1642 2843 artium
1714 2788 1992 2860 magistris

415 2873 548 2929 olim
605 2875 948 2942 constituta,
1013 2876 1068 2932 in
1115 2879 1373 2934 omnibus
1435 2879 1666 2934 urbibus
1730 2879 1987 2944 sustulit,

415 2981 575 3038 quas.
603 2969 926 3024 vacantibus
951 2971 1260 3026 litterarum
1289 2971 1453 3034 ludis,
1475 2972 1989 3036 rusticitasinvasit,

416 3071 558 3111 anno
593 3056 808 3128 imperii
835 3060 950 3130 ejus
975 3076 1105 3125 xvn,
1139 3076 1328 3132 magna
1353 3062 1605 3116 columna
1634 3063 1687 3116 in
1723 3063 1992 3118 vestibulo

2111 588 2365 660 ἀλλήλοις
2402 593 2836 661 παρεκελεύοντο
2872 595 3215 664 φυλάξασθαι
3265 597 3322 650 τὸ
3369 598 3681 667 ἱππήλατον

2111 680 2358 752 θέατρον,
2393 683 2482 735 ἴνα
2515 684 2589 754 μὴ
2618 685 2694 749 ὼς
2725 688 2783 739 ἐν
2811 688 3004 758 είρκτῇ
3051 689 3460 756 ωγκλεισθεῖεν
3503 691 3681 757 αὐτῷ,

2109 773 2203 827 καὶ
2232 773 2327 827 τοῦ
2358 775 2532 846 θυμοῦ
2565 776 2674 830 τῶν
2714 779 3064 850 κρατούντων
3104 782 3373 849 γένωνται
3417 781 3683 850 παρανά-

2107 864 2288 934 λωμα.
2329 867 2616 921 Ἐντεῦθεν
2646 872 2726 932 είς
2757 869 2856 939 τὴν
2887 873 3094 941 ἁγοράν
3121 874 3451 934 διαθέοντες,
3489 874 3681 941 ἕτερον

2111 957 2340 1027 βασιλέα
2372 960 2590 1024 ἑαυτοῖς
2619 960 3014 1016 ὲὸουλεύσαντο
3065 963 3544 1034 προχειρίσασθαι,
3581 964 3677 1013 καί

2107 1065 2230 1101 τινα
2265 1051 2508 1119 συγγενῆ
2553 1050 2649 1104 τοῦ
2686 1052 2954 1122 βασιλέως
2990 1054 3348 1107 Ἀναστασίου
3390 1054 3680 1122 περισχόν-

2102 1157 2194 1202 τες
2227 1140 2507 1206 Ὑπὰτιον,
2541 1143 2614 1211 πῆ
2648 1143 2746 1213 μὲν
2777 1143 3004 1208 ἄκοντα,
3046 1146 3120 1212 πῆ
3154 1145 3209 1197 δὲ
3245 1147 3337 1197 καὶ
3373 1146 3680 1213 πεπεισμέ-

2104 1248 2216 1298 νον,
2255 1236 2334 1295 εξς
2377 1234 2470 1287 τὸν
2497 1234 2590 1288 τοῦ
2636 1235 2869 1306 μεγάλου
2908 1236 3320 1290 Κωνσταντίνου
3356 1237 3520 1306 φόρον
3563 1238 3678 1305 (91)

2104 1324 2404 1391 ἀπάγουσι,
2461 1328 2557 1380 καὶ
2596 1328 2690 1381 ἐπὶ
2729 1329 2959 1392 ἀσπίδος
3005 1329 3117 1400 (92)
3153 1329 3318 1382 αὑτὸν
3380 1330 3676 1399 μετάρσιον

2103 1418 2356 1485 ἄραντες,
2416 1419 2809 1489 ἀναγορεύουσι
2867 1420 3117 1491 βασιλέα,
3177 1423 3270 1474 καὶ
3322 1422 3382 1472 τὺ
3429 1422 3537 1472 τῶν
3584 1421 3674 1473 ἴπ-

2105 1527 2221 1562 πων
2277 1511 2491 1564 ἐκεῖθεν
2544 1513 2946 1585 ἁμιλλητήριον
2995 1515 3482 1584 καταλαμϐάνουσι
3551 1514 3681 1566 θέα-

2101 1617 2255 1670 τρον.
2293 1603 2676 1672 εὐφημοῦντες
2713 1605 2898 1670 αὶτὸν,
2944 1606 3041 1658 καὶ
3087 1606 3398 1674 πορφυρίδα
3446 1606 3679 1674 ἐζήτουν

2100 1693 2197 1748 καὶ
2227 1695 2448 1763 στέφος.
2478 1696 2572 1750 Ἐν
2616 1697 2829 1759 τούτοις
2861 1697 2970 1750 τῶν
3011 1697 3203 1768 δήμων
3237 1697 3678 1766 ἀσχολουμένων,

2101 1787 2329 1857 ῖσχυσαν
2353 1787 2402 1840 οί
2428 1791 2555 1858 περὶ
2576 1789 2665 1841 τὸν
2691 1788 2920 1859 βασιλέα
2941 1788 3210 1842 πλείστων
3233 1791 3535 1859 χρημάτων
3563 1790 3681 1840 δια-

2101 1882 2298 1950 νομαῖς
2333 1881 2610 1951 ύποσύραι
2650 1881 2758 1933 τῶν
2799 1882 3040 1934 Βενέτων
3076 1883 3326 1942 πολλοὺς.
3367 1883 3460 1932 καί
3502 1881 3679 1943 οὕτως

2101 1972 2201 2044 τὴν
2242 1972 2355 2026 τῶν
2401 1973 2596 2040 δήμων
2656 1975 2917 2044 ὁμόνοιαν
2965 1975 3378 2043 διαστήσαντες,
3426 1974 3675 2042 χωρῆσαι

2101 2065 2222 2121 κατ’
2242 2069 2487 2138 ἀλλήλων
2510 2070 2706 2133 αὐτοὺς
2724 2072 3079 2138 πεποιήκασι.
3104 2070 3239 2121 Τότε
3266 2069 3448 2120 τοίνυν
3477 2066 3675 2137 ἀθρόον

2100 2158 2168 2212 ὲκ
2214 2159 2326 2212 τῶν
2381 2159 2671 2228 βασιλείων
2710 2160 2760 2212 οί
2803 2159 3220 2228 προκοιτούντες
3270 2159 3522 2227 ἐξέθορον
3554 2160 3672 2210 ἐνο-

2100 2250 2261 2315 πλοι,
2315 2254 2423 2304 κάκ
2484 2252 2584 2320 τῆς
2641 2235 2849 2314 πόλεως
2918 2251 3097 2320 ἕτεροι
3157 2249 3518 2320 στρατιῶται,
3581 2252 3676 2303 καὶ

2098 2345 2149 2397 oi
2179 2343 2452 2415 Βάρὸαροι
2475 2343 2898 2413 ἐπεισέφρησαν,
2926 2344 3020 2396 καὶ
3051 2342 3116 2395 τὰ
3146 2342 3325 2410 πλήθη
3357 2343 3431 2403 ὡς
3477 2343 3670 2411 χόρτον

2098 2438 2230 2494 ἄνευ
2261 2436 2476 2506 φειδοῦς
2518 2436 2846 2505 ὲξεθέριζον,
2883 2436 2982 2505 ἤδη
3028 2435 3118 2486 καὶ
3151 2435 3285 2502 πρὸς
3317 2435 3522 2499 ἄλληλα
3548 2451 3675 2487 στα-

2099 2531 2394 2586 σιάσαντα·
2433 2529 2627 2599 μεστὸν
2659 2530 2767 2598 γὰρ
2795 2524 2862 2596 ἦν
2906 2525 3208 2596 ἀνθρώπων
3245 2526 3305 2577 τὸ
3335 2524 3584 2594 Θέατρον,
3616 2525 3676 2577 τὸ

2102 2622 2203 2695 μὲν
2232 2623 2331 2690 τῆς
2360 2620 2469 2673 τῶν
2496 2617 2900 2681 στασιαζόντων
2937 2617 3151 2685 μοίρας,
3181 2616 3288 2668 τῶν
3322 2616 3379 2669 δέ
3409 2633 3471 2681 γε
3494 2616 3676 2667 πλειό-

2098 2733 2205 2770 νων
2231 2714 2372 2768 κατὰ
2407 2713 2538 2766 Θέαν
2575 2713 2685 2764 τῶν
2715 2709 3040 2778 γινομένων,
3090 2711 3183 2761 καὶ
3234 2713 3330 2778 τῆς
3371 2710 3465 2761 τοῦ
3502 2710 3676 2761 Ὑπασ

2097 2811 2217 2863 τίου
2286 2806 2642 2877 ἀναρρήσεως
2717 2802 3113 2871 ἠθροισμένων.
3182 2802 3285 2853 Τὸν
3357 2802 3416 2854 δὲ
3500 2802 3675 2854 ’Υπάο

2098 2918 2213 2954 τιον
2252 2899 2361 2970 (95)
2415 2895 2807 2958 συλλαϐόντες,
2843 2895 2938 2948 καὶ
2997 2895 3285 2962 Πομπήϊον
3316 2894 3406 2947 τὸν
3441 2894 3676 2961 ἀδελφὸν

2099 2992 2289 3054 αὑτοῦ.
2322 2991 2400 3058 τῷ
2439 2988 2651 3060 βασιλεῖ
2684 2988 3060 3058 προσήγαγον,
3093 2986 3141 3038 οῖ
3176 2991 3269 3040 καὶ
3300 2987 3674 3055 ἀνῃρέθησαν,

2100 3085 2197 3137 καὶ
2227 3084 2280 3136 αί
2327 3079 2643 3153 περιουσίαι
2688 3078 2869 3133 αὐτῶν
2921 3077 3326 3148 ἐδημεύθησαν.
3376 3077 3498 3128 Τῶν
3533 3078 3579 3129 δ’
3613 3081 3676 3129 ὲκ

417 3149 598 3219 magni
655 3152 840 3223 templi
891 3153 1180 3216 collocata,
1223 3154 1472 3208 absoluta
1513 3163 1600 3210 cst
1637 3172 1648 3207 :
1689 3154 1777 3209 cui
1827 3171 1992 3224 eque-

2099 3176 2192 3231 τοῦ
2225 3149 2415 3246 δήμου⁷
2451 3172 2856 3242 ἀναιρεθέντων
2909 3170 3140 3239 εἰκάσθη
3179 3166 3322 3223 εἶναι
3367 3170 3396 3221 6
3441 3165 3679 3239 ἀριθμὸς

415 3247 584 3295 strem
641 3257 796 3299 suam
855 3251 1094 3299 statuam
1155 3245 1440 3316 imposuit.
1508 3247 1588 3302 Eo
1643 3247 1765 3301 loco
1841 3248 1993 3318 prius

415 3341 646 3389 steterat
688 3335 967 3402 columna,
993 3338 1174 3406 magni
1216 3337 1512 3392 Theodosii
1543 3347 1778 3392 statuam
1807 3354 1996 3410 argen-

420 3437 559 3482 team
591 3428 890 3493 sustinens,
922 3445 951 3483 a
985 3430 1097 3484 ﬁlio
1117 3432 1236 3501 ejus
1257 3431 1494 3486 Arcadio
1525 3431 1723 3484 factam
1750 3432 1993 3500 pondere

418 3535 490 3576 vn
521 3521 754 3576 millium
787 3531 845 3577 et
882 3537 1010 3578 cccc
1034 3523 1301 3579 librarum
1336 3543 1348 3576 :
1397 3540 1561 3597 quam
1605 3524 1693 3579 Ille
1732 3540 1855 3580 cum
1898 3541 1993 3580 co-

416 3609 605 3665 lumna
645 3609 981 3676 demolitus,
1025 3624 1252 3682 argento
1311 3615 1524 3684 direpto
1573 3633 1694 3673 eam
1749 3619 1994 3688 reposuit

417 3717 541 3771 quae
579 3700 763 3756 adhuc
802 3718 926 3756 eum
976 3704 1096 3774 ejus
1145 3705 1383 3777 imagine
1440 3709 1658 3766 visitur.
1717 3708 1995 3765 Destruxit

415 3796 583 3850 etiam
628 3796 896 3851 maximos
937 3798 1226 3868 plumbeos
1259 3799 1493 3863 canales,
1523 3801 1724 3871 quibus
1753 3817 1893 3872 aqua
1939 3802 1993 3856 in

423 3888 614 3943 urbem
663 3886 990 3954 ducebatur,
1034 3905 1159 3944 cum
1197 3892 1317 3963 ejus
1355 3891 1598 3948 materiae
1642 3890 1877 3949 multum
1926 3894 1994 3948 ad

420 3988 729 4036 structuras
770 3983 820 4036 ei
869 3991 1017 4037 esset
1065 3998 1224 4054 opus.
1287 3985 1364 4039 E0
1417 3992 1664 4054 tempore
1724 3987 1995 4042 maximus

419 4094 636 4148 quoque
677 4089 837 4134 teme
881 4087 1062 4133 motus
1103 4079 1339 4141 accidit,
1387 4095 1498 4149 quo
1526 4078 1704 4150 Cyzici
1749 4079 1996 4136 semissis

419 4169 682 4223 concidit.
713 4169 910 4224 Fertur
943 4169 1109 4224 etiam
1155 4178 1267 4223 tum
1312 4169 1534 4238 quidam
1571 4185 1762 4225 canem
1804 4170 1996 4224 miriﬁ-

420 4276 546 4315 cum
594 4262 650 4317 in
694 4260 884 4318 urbem
936 4259 1226 4316 adduxisse
1253 4301 1266 4323 ,
1307 4260 1372 4314 ad
1425 4276 1589 4330 quem
1635 4261 1991 4331 spectandum

415 4352 732 4408 conﬂuente
785 4352 1008 4424 populo,
1065 4354 1219 4408 multi
1268 4369 1400 4408 suos
1456 4353 1691 4408 annulos
1727 4355 1780 4408 in
1823 4369 1992 4408 unum

418 4458 673 4497 acervum
723 4450 1011 4512 οοηεοεῑοε
1056 4453 1182 4500 ante
1215 4459 1405 4499 canem
1450 4453 1801 4513 posuerunt,
1852 4461 1992 4508 quos

2099 3270 2232 3322 (insi
2275 3265 2692 3336 τεσσαράκοντα
2726 3262 2988 3332 χιλιάδες.
3041 3263 3176 3332 Οὐχὶ
3209 3263 3316 3314 τῶν
3362 3264 3679 3332 εἰρημένων

2097 3361 2153 3414 δὲ
2191 3360 2286 3412 δύο
2325 3356 2538 3426 ἀνδρῶν
2590 3353 2752 3424 μόνον
2787 3351 3174 3423 ἐδημεύθησαν
3219 3353 3274 3405 αἱ
3305 3353 3507 3412 ούσίαι.
3537 3352 3679 3406 ἀλλὰ

2099 3451 2195 3504 καὶ
2245 3449 2449 3518 ἑτέρων
2497 3445 2764 3499 πλειόνων
2815 3444 3200 3512 συγκλητικῶν
3242 3460 3257 3475 ·

2100 3542 2396 3603 πολυειδῶς
2445 3538 2844 3607 ἐκολάσθησαν.
2882 3537 2972 3590 Ἐν
3013 3538 3069 3591 δὲ
3120 3540 3186 3607 τῇ
3233 3538 3420 3591 στάσει
3469 3537 3675 3611 ταύτῃ,

2098 3637 2174 3699 ὡς
2222 3635 2460 3706 εἴρηται,
2506 3632 2604 3701 τῆς
2679 3630 2940 3698 Μεγάλης
3000 3627 3297 3698 ἐκκλησίας
3346 3629 3672 3694 καυθείσης,

2097 3723 2164 3801 ἧς
2195 3727 2453 3797 δομήτωρ
2481 3720 2552 3796 ἦν
2587 3725 2615 3777 6
2641 3723 3004 3794 αὐτοκράτωρ
3033 3723 3439 3785 Κωνστάντιος,
3475 3723 3674 3793 ἑτέραν

2100 3826 2282 3892 πολλῷ
2313 3823 2482 3893 μείζω
2517 3822 2612 3876 καὶ
2657 3820 3133 3891 περιφανεστέραν
3168 3821 3196 3872 6
3238 3819 3502 3890 βασιλεὺς
3541 3820 3674 3873 ’1ου-

2101 3916 2374 3978 στινιανὸς
2405 3913 2694 3985 ἀπήρξατο
2715 3913 3064 3981 καινουργεῖν
3089 3911 3224 3981 (94),
3251 3913 3349 3980 τῆς
3377 3912 3670 3982 οἰκοδομῆς

2097 4009 2268 4077 αὐτῆς
2298 4006 2620 4078 ἀρχθείσης,
2679 4005 2821 4059 κατά
2855 4005 2916 4058 τὺ
2961 4004 3425 4073 ὲξακισχιλιοστὸν
3473 4022 3669 4058 τεσσα-

2099 4099 2365 4174 ρακοστὸν
2390 4098 2532 4162 ἔτος,
2569 4097 2905 4160 ίνδικτιῶνος
2931 4094 3433 4165 πεντεκαιδεκάτης
3458 4097 3667 4150 ἐνιστα-

2100 4195 2292 4266 μένης,
2329 4195 2387 4247 ὲν
2414 4193 2768 4263 Φεϐρουαρίῳ
2802 4191 2953 4262 μηνί.
2982 4191 3059 4243 Uti
3090 4190 3250 4260 μόνον
3292 4188 3350 4244 δὲ
3383 4191 3477 4244 τὸν
3524 4191 3666 4263 ίερὺν

2096 4287 2289 4340 τοῦτον
2319 4285 2486 4353 δόμον
2510 4286 2539 4338 6
2571 4282 2829 4354 βασιλεὺς
2855 4283 3064 4344 ἐκεῖνος
3088 4281 3342 4352 ἐδείματο
3361 4323 3378 4347 ,
3406 4281 3548 4336 ἀλλά
3577 4284 3665 4336 καὶ

2099 4379 2326 4450 ἐτέρους
2353 4376 2632 4439 πλείονας,
2666 4377 2726 4428 ὲν
2756 4369 2838 4437 οἷς
2867 4373 3115 4444 ἀπείρων
3139 4377 3445 4444 χρημάτων
3478 4375 3662 4446 δεόμε-

2095 4489 2205 4534 νος,
2236 4469 2337 4534 τάς
2363 4467 2708 4531 τυπωθείσας
2732 4467 2998 4522 ἀνέκαθεν
3026 4469 3081 4517 ὲν
3103 4465 3305 4535 ἑκάστῃ
3329 4465 3438 4519 τῶν
3465 4467 3665 4519 πόλεων

420 4544 630 4599 domini
675 4545 853 4614 jussu,
903 4541 1104 4613 cuique
1169 4557 1330 4598 suum
1387 4544 1524 4597 citra
1589 4558 1834 4598 errorem
1895 4559 1988 4600 ore

2099 4565 2341 4620 δίδοσθαι
2385 4563 2631 4632 σιτήσεις
2679 4563 2792 4624 τοῖς
2836 4562 2893 4613 ὲν
2943 4562 3130 4622 αὐτοῖς
3171 4559 3662 4630 διδασκάλοις-τῶν

419 4638 618 4694 attulit.
645 4638 792 4694 ldetn
825 4646 1046 4710 rogatus
1078 4636 1204 4708 quis
1253 4652 1319 4693 ex
1352 4636 1418 4691 iis
1441 4637 1533 4707 qui
1556 4635 1984 4693 adessentdives

419 4738 586 4801 esset,
619 4731 742 4800 quis
777 4745 1007 4800 pauper,
1038 4744 1160 4799 quae
1200 4726 1398 4783 mulier
1436 4727 1718 4793 meretrix,
1754 4743 1877 4797 qua
1910 4727 1989 4782 vi-

2093 4656 2330 4723 λογικῶν
2377 4655 2583 4724 τεχνῶν
2639 4652 2737 4706 καὶ
2813 4652 3172 4720 ἐπιστημῶν,
3215 4651 3522 4716 ὑποθήκαις
3568 4651 3659 4703 τοῦ

2096 4750 2366 4819 ἐπάρχου,
2419 4745 2665 4816 ἐξέκοψε,
2709 4745 2801 4796 καὶ
2849 4743 2996 4796 οὕτω
3043 4743 3155 4796 τῶν
3196 4745 3254 4796 ὲν
3289 4743 3417 4805 ταῖς
3472 4743 3657 4797 πόλεσι

1613 4881 1821 4943 Val-im
1863 4882 2169 4941 lectiones
2214 4885 2275 4940 et
2313 4887 2497 4938 notae.

495 5007 1096 5080 (Μίκωῂᾳζαντίνου
1148 5007 1352 5076 φόρον.
1410 5006 1469 5080 In
1507 5006 1988 5080 throno‘imprra-

423 5075 570 5137 torio
602 5075 1008 5145 Amphitheatri
1065 5075 1387 5131 coronatum
1448 5077 1616 5131 habet
1669 5075 1986 5130 Citronicon

423 5166 555 5207 mss.
595 5150 662 5203 ab
688 5148 898 5200 Adamo
928 5147 994 5200 ad
1031 5145 1272 5200 Leonem
1319 5146 1460 5201 Phil.
1507 5147 1561 5201 in
1626 5147 1985 5201 Iustiniano:

437 5221 699 5276 ’Υπάτιον
727 5218 784 5271 δὲ
815 5217 1104 5285 πατρίκιον
1151 5217 1460 5285 εύφήμισαν
1495 5216 1648 5284 ἐντῷ
1688 5217 1988 5283 καθίσματι

425 5287 884 5360 στέψαντεςκΝρεο
917 5284 1134 5360 abludit
1155 5284 1529 5360 Theophanes
1555 5303 1570 5340 :
1609 5286 1726 5360 Καί
1750 5285 1986 5360 καθεζό-

427 5355 590 5434 μενος
617 5356 782 5434 eius
812 5356 1049 5434 ίππικῶ,
1083 5356 1414 5434 εύφη-μεῖται
1439 5356 1542 5409 ὑπὸ
1564 5358 1673 5409 τῶν
1705 5355 1910 5434 ξιιμ-ων.

497 5431 609 5500 (9‘2)
631 5425 772 5500 ΑἘπὶ
795 5427 1079 5500 ἀσπίδρς.
1115 5425 1192 5500 De
1223 5426 1327 5500 hoc
1359 5440 1508 5500 more
1531 5425 1990 5500 egere‘Pithmus.

423 5503 463 5557 l.
498 5495 532 5556 it
561 5498 778 5554 Advers.
811 5512 862 5553 c.
894 5497 948 5558 6,
989 5496 1206 5562 Lipsius
1238 5495 1303 5549 ad
1365 5495 1638 5556 Tacitum,
1676 5497 1994 5551 Demsterus

422 5573 490 5627 ad
519 5569 841 5652 Cerippum,
869 5567 1122 5622 Valesius
1154 5563 1222 5620 ad
1253 5565 1626 5632 Ammianum,
1653 5574 1709 5622 et
1742 5567 1834 5620 alii
1881 5582 1991 5619 non

461 5656 606 5697 allCl.

424 5658 607 5780 1,3219%}
636 5709 750 5780 Ter
779 5707 846 5761 δέ
880 5706 1177 5780 ῖγπάςρως.
1217 5703 1477 5780 Memeth
1504 5705 1854 5780 pra:_ctete_ris
1881 5705 1990 5776 Hy-

423 5775 560 5864 Ρδίέξ
585 5789 642 5835 ⁸⁸
667 5777 912 5864 ¹ῗ9¹¹ῬΡίί
939 5777 1105 5864 ⁸³⁵⁴¹ῖ⁵
1125 5775 1669 5864 ἦθ³¹¹ἔ¹ἓὶ9ἓ¹ἷΡΞὲ¹¹ί
1685 5775 1992 5864 illi???”

427 5844 485 5910 in
515 5844 940 5909 Narrationibus
966 5863 1100 5902 mss.
1125 5847 1195 5902 de
1251 5845 1615 5902 Anachorctis
1666 5844 1938 5916 [Egyptiis
1973 5862 1988 5899 :

2091 5004 2245 5060 Μετά
2291 5003 2348 5056 δὲ
2401 5006 2550 5071 τρεῖς
2589 5002 2765 5072 μῆνας
2827 5001 3195 5072 ἀκούσαςίδτι
3259 5000 3662 5070 ἐτελεύτησενό

2087 5076 2374 5134 ’1ουστῖνος
2397 5074 2424 5124 6
2452 5071 2724 5138 βασιλεὺς,
2754 5073 2849 5126 καὶ
2879 5071 3158 5141 βασιλεύει
3196 5073 3223 5124 6
3252 5072 3658 5141 Ἰουστινιανόςο

2086 5141 2205 5198 εἶτα
2242 5145 2361 5212 μετ’
2392 5142 2574 5211 ὀλίγον
2610 5143 2802 5214 χρόνον
2818 5143 3205 5214 ἐπανίστανται
3224 5142 3375 5214 αύτῷ
3402 5140 3660 5214 Ἱπᾲτιος

2087 5216 2180 5268 καὶ
2212 5211 2578 5282 Δεξιοκράτης
2611 5211 2703 5264 καὶ
2755 5213 3020 5276 Πόμπιος.
3055 5213 3150 5264 καὶ
3183 5211 3345 5274 αὐτὸς
3401 5211 3656 5277 Εὺλόγιος

2088 5285 2201 5354 (qui
2227 5298 2292 5354 ex
2324 5281 2614 5354 latmnoet
2641 5284 2933 5342 monacho,
2957 5283 3200 5354 invento
3231 5281 3514 5344 thesauro.
3549 5282 3654 5354 Ara:

2089 5350 2215 5410 eius
2244 5353 2424 5408 fuerat
2454 5351 2745 5422 praefectus
2793 5351 3070 5422 praetorio)
3107 5355 3134 5404 ὁ
3163 5350 3446 5422 ὕπαρχος·
3478 5351 3569 5422 καὶ
3608 5350 3656 5402 οί

2093 5425 2192 5494 μὲν
2224 5425 2373 5494 τρεῖς
2434 5421 2987 5494 ἀπεκεφαλίσθησαν,
3020 5422 3114 5494 κα).
3155 5421 3438 5490 διηρπάγη
3477 5421 3655 5474 πάντα

2088 5491 2156 5548 τὰ
2186 5491 2389 5554 αὐτῶν,
2417 5494 2512 5545 καὶ
2535 5493 2567 5561 ἡ
2593 5492 2750 5545 οὐσία
2777 5492 2872 5544 τοῦ
2902 5491 3182 5557 Εὑλογίου,
3213 5502 3323 5545 ctc.

2162 5562 2274 5636 (94)
2334 5562 2678 5636 γἈπήρξατο
2712 5561 3110 5636 καινουργεῖν.
3153 5561 3476 5636 Architecto
3529 5575 3657 5614 usus

2087 5631 2385 5690 Anthemio
2425 5635 2771 5690 mechanico.
2806 5631 2888 5686 uti
2921 5633 3336 5688 observavimus
3370 5631 3421 5690 in
3470 5638 3654 5683 nostra

2088 5703 2570 5770 Constantinopoli:
2593 5704 2752 5774 cujus
2775 5712 3039 5771 praeterea
3064 5701 3315 5757 meminit
3334 5700 3658 5756 Eustathius

2090 5775 2154 5830 ll.
2189 5793 2248 5846 η,
2281 5792 2337 5848 p.
2361 5774 2486 5831 515.
2514 5773 2843 5830 θάἰι.Βοιη.

3319 3447 3566 3498 κάκεῖνοι
3619 3445 3678 3497 δὲ
3749 3432 3766 3440 ⁸
