3930 6546
456 376 594 445 ιὲξέι

1751 385 2076 449 ΙΟᾹΝΝΙΞ
2115 385 2439 444 ΖῌΝΛΠΕ

3570 383 3702 446 1244

451 507 762 563 amoveret,
794 499 862 554 ad
894 500 1266 557 Justinianum
1300 502 1494 558 scribit
1527 518 1584 558 se
1620 518 1728 557 non
1762 501 2023 573 regnandi

2144 503 2411 570 πολέμους
2455 501 2814 572 νωθέστερος.
2851 491 3020 564 Οὗτος
3060 498 3184 569 δή’δ
3227 499 3513 570 Ἱλδὲριχος
3547 507 3704 571 συνήο

450 591 754 660 cnpiditate
801 592 1090 662 imperium
1139 596 1427 661 invasisse,
1468 597 1562 651 sed
1612 595 1758 666 quod
1793 595 2031 650 Hilderi-

450 685 616 741 chum
649 685 716 738 ad
751 684 804 739 id
847 684 1346 742 administrandum
1385 699 1580 744 natura
1622 689 1804 744 minus
1842 699 2028 758 aptum

451 791 574 833 esse
611 777 835 833 viderit.
882 779 952 833 At
992 781 1289 849 imperator
1327 781 1604 837 Gelimero
1654 782 1937 846 rescribit,
1972 797 2031 837 se

452 885 562 926 non
617 872 1070 942 conquieturum,
1107 873 1210 926 nisi
1255 883 1311 927 et
1360 873 1563 943 injusta
1605 875 1653 927 vi
1701 891 2028 944 oppressum

451 961 778 1026 vindicanit,
823 972 878 1017 et
909 973 1197 1030 tyranuum
1234 966 1382 1019 ultus
1417 967 1605 1020 fuerit.
1645 967 1833 1036 Itaque
1865 967 2034 1036 patrio

453 1054 600 1110 cium
631 1052 947 1107 Beliearium
977 1071 1042 1108 ex
1071 1053 1316 1117 Oriente,
1340 1057 1430 1110 ubi
1459 1073 1582 1110 cum
1615 1059 1800 1113 Persis
1828 1060 2030 1112 heilum

451 1143 696 1214 gerebat,
727 1144 1085 1209 accersitum,
1113 1160 1236 1200 cum
1268 1161 1428 1200 manu
1463 1147 1798 1202 validissima
1830 1161 1886 1204 et
1919 1165 2034 1203 ma-

451 1250 554 1302 gna
599 1236 796 1311 classe,
839 1236 1100 1291 omnibus
1142 1239 1318 1307 copiis
1360 1255 1486 1293 eum
1537 1256 1753 1294 summo
1799 1241 2033 1310 imperio

452 1328 768 1395 praefectum
802 1329 855 1382 in
881 1329 1106 1400 Libyam
1143 1331 1330 1396 mittit,
1357 1333 1522 1386 etiam
1548 1331 1870 1388 Ctesarieusi
1896 1335 2033 1390 Pro-

453 1419 614 1485 coiiio
641 1420 962 1484 comitante,
997 1419 1091 1490 qui
1127 1420 1265 1475 bella
1301 1422 1412 1476 illic
1446 1434 1596 1491 gesta
1638 1426 1863 1491 copiose
1903 1442 2032 1496 per-

453 1521 679 1565 secutus
707 1520 813 1566 est.
848 1510 1154 1565 Belisarius
1184 1513 1430 1567 exercitu
1467 1513 1519 1567 in
1553 1514 1721 1586 Libya
1756 1517 2030 1585 exposito,

452 1603 652 1656 vallum
711 1603 961 1658 obducit.
1017 1604 1137 1670 Quo
1192 1604 1507 1662 Gelimerus
1553 1609 1811 1678 cognito,
1871 1609 2032 1664 fratri

451 1695 658 1748 Amata:
711 1696 968 1760 mandat,
1028 1705 1089 1751 ut
1145 1696 1530 1752 llilderichum
1587 1715 1712 1755 cum
1763 1703 2032 1772 cognatis,

453 1802 591 1854 quos
631 1787 687 1840 in
727 1787 979 1842 custodia
1023 1788 1276 1854 tenebat,
1321 1791 1508 1845 statim
1548 1807 1580 1847 e
1630 1793 1813 1848 medio
1859 1794 2030 1850 tollat.

454 1875 547 1929 Sic
589 1876 663 1930 illi
699 1876 967 1933 interfecti
998 1888 1138 1933 sunt.
1179 1879 1478 1936 Belisarius
1508 1891 1691 1937 autem
1712 1924 1726 1950 ,
1756 1883 2036 1941 Gelimero

453 1966 762 2037 proﬂigato,
798 1977 1102 2038 ereptaque
1136 1968 1490 2040 Carthagine,
1524 1973 1698 2029 totius
1734 1974 1922 2046 Libyae
1952 1985 2037 2030 est

454 2057 680 2128 potitus,
710 2074 940 2129 eamque
973 2060 1220 2118 Romano
1253 2063 1484 2134 imperio
1515 2065 1788 2136 subjecit,
1822 2083 1852 2122 a
1889 2068 2036 2122 Van—

455 2149 594 2203 dalis
611 2165 706 2219 per
726 2165 901 2207 annos
923 2169 1020 2208 xcv
1043 2166 1388 2224 occupatam,
1413 2166 1469 2212 et
1489 2158 1824 2215 Gelimerum
1849 2161 2034 2216 vivum

455 2257 579 2300 cum
616 2257 784 2298 uxore
821 2252 876 2298 et
917 2245 1106 2301 liberis
1147 2248 1593 2317 comprehendit.
1639 2250 1866 2318 Ferunt,
1905 2269 2034 2308 eum

456 2334 587 2388 dum
632 2337 688 2389 in
730 2335 955 2407 regione
994 2337 1305 2392 Maurorum
1352 2354 1548 2410 aspera
1582 2355 1708 2396 cum
1746 2341 1860 2397 suis
1889 2343 2039 2398 obsi-

454 2426 700 2489 deretur,
734 2442 952 2483 annona
983 2427 1343 2497 destitutum,
1375 2448 1406 2486 a
1437 2431 1662 2487 tribuno
1696 2449 1859 2502 quem
1891 2433 2036 2489 Beli-

455 2519 634 2572 sarius
665 2519 938 2575 obsidioni
976 2520 1312 2590 praefecerat,
1348 2524 1574 2592 petiisse
1605 2541 1824 2596 panem,
1859 2526 2038 2581 citha-

459 2623 572 2663 ram
599 2620 653 2664 et
679 2611 959 2680 spongiam
986 2627 1000 2664 :
1029 2610 1122 2681 qui
1150 2628 1274 2667 cum
1307 2629 1416 2668 non
1448 2612 1806 2686 intelligeret,
1831 2632 1940 2687 qua
1969 2617 2037 2673 de

457 2717 620 2756 causa
647 2703 748 2756 ista
779 2713 1007 2772 peteret,
1036 2705 1293 2760 nuntium
1323 2706 1712 2780 interrogasse,
1743 2725 1873 2764 eum
1903 2725 2038 2766 vero

462 2795 813 2863 respondisse
839 2837 854 2863 ,
906 2813 1102 2866 panem
1158 2801 1384 2870 petiisse
1426 2801 1708 2871 spectandi
1740 2801 2038 2870 desiderio,

459 2885 607 2954 quod
647 2887 854 2940 nullum
881 2887 1104 2942 vidisset
1133 2907 1197 2942 ex
1226 2907 1334 2961 quo
1364 2891 1694 2962 Carthagine
1720 2893 2036 2955 excidisset;

461 2995 586 3032 nam
633 2978 901 3034 Barbaros
933 2981 1074 3050 apud
1124 2998 1263 3050 quos
1305 2993 1457 3053 agat,
1506 2985 1706 3039 misere
1743 2985 2037 3042 victitare:

461 3071 774 3139 Spongiam,
825 3079 884 3125 ut
915 3071 1186 3144 lacrymas
1233 3085 1522 3145 extergat:
1561 3076 1853 3141 citharam,
1889 3087 1950 3132 ut
1975 3094 2041 3133 ea

460 3161 799 3218 calamitates
849 3178 977 3218 suas
1025 3164 1297 3235 deploret.
1347 3167 1510 3223 Facta
1551 3162 1718 3238 porro
1761 3185 1886 3225 cum
1925 3171 2042 3226 suis
2071 3195 2112 3250 ς

462 3253 764 3319 deditione,
797 3254 866 3310 ad
895 3255 1217 3312 Belisarium
1250 3258 1404 3315 vivus
1437 3269 1519 3317 est
1554 3263 1873 3330 perductus,
1900 3264 2043 3320 inte-

463 3347 566 3401 rim
598 3347 822 3402 ridens:
873 3357 932 3402 ut
975 3350 1069 3418 qui
1114 3350 1401 3418 videbant,
1435 3368 1562 3407 eum
1609 3369 1802 3411 errore
1844 3359 2046 3413 mentis

462 3438 600 3493 allici
635 3439 946 3503 crederent,
979 3442 1049 3496 ob
1079 3443 1404 3500 calamitatis
1437 3447 1892 3517 magnitudinem.
1936 3449 2045 3506 Sed

464 3545 554 3584 res
577 3529 738 3585 aliter
767 3545 825 3586 se
854 3531 1112 3588 habebat.
1157 3531 1292 3588 Nam
1325 3534 1456 3589 dum
1485 3535 1720 3592 fortuna:
1749 3554 1864 3595 sua:
1893 3554 2044 3595 com-

463 3623 825 3678 mutationem
869 3625 1050 3678 auimo
1092 3634 1406 3694 reputaret,
1440 3626 1552 3698 66
1581 3627 1822 3684 humana
1857 3631 2044 3687 omnia

467 3713 698 3768 ridicula
729 3729 852 3769 esse
883 3715 1255 3776 existimabat.
1289 3713 1586 3771 Belisarius
1616 3732 1745 3772 vero
1776 3728 1831 3774 et
1856 3720 2045 3790 ipsum

467 3815 521 3861 et
546 3805 714 3860 duces
741 3805 1108 3860 Vandalorum
1134 3804 1190 3859 in
1217 3805 1468 3862 custodia
1494 3806 1798 3868 honoriﬁce
1829 3810 2046 3878 habuit,

469 3907 530 3952 ut
550 3898 617 3952 ad
646 3897 1028 3968 imperatorem
1053 3899 1510 3968 perducerentur.
1533 3895 1694 3968 Cepit
1715 3909 1773 3956 et
1799 3899 2044 3958 Siciliam

468 4001 523 4046 et
546 3991 853 4048 Sardiniam
894 3991 1149 4055 insulam,
1185 3991 1254 4046 de
1292 4005 1399 4062 qua
1440 4005 1606 4062 supra
1647 4005 1679 4046 a
1711 4009 1799 4050 me
1835 3995 2046 4051 dictum

466 4093 572 4151 est,
596 4094 651 4139 et
681 4084 745 4139 ad
787 4084 966 4140 Gades
1010 4101 1180 4155 usque
1228 4085 1473 4142 subactis
1503 4087 1762 4142 omnibus
1790 4106 1804 4143 :
1837 4089 1918 4145 sic
1945 4088 2047 4144 de-

463 4195 617 4234 mum
644 4179 960 4250 Byzantium
984 4186 1068 4234 est
1105 4195 1380 4244 reversus,
1409 4190 1466 4235 et
1494 4179 1675 4251 ipsum
1705 4179 2045 4238 Gelimerum

467 4287 592 4326 cum
630 4286 822 4335 uxore,
854 4270 1063 4336 liberis,
1103 4271 1351 4340 cognatis
1413 4280 1471 4326 et
1501 4271 1762 4328 omnibus
1799 4273 1920 4344 ejus
1951 4275 2050 4328 mi-

471 4365 714 4420 uisteriis
747 4363 996 4420 adduxit.
1028 4362 1110 4418 0b
1143 4378 1264 4432 quae
1305 4379 1534 4434 magnus
1568 4363 1620 4418 ei
1655 4364 1833 4421 honos
1863 4375 1947 4422 est
1979 4365 2048 4422 ab

472 4461 802 4529 imperatore
830 4457 1052 4511 habitus
1079 4464 1135 4510 et
1171 4455 1486 4524 triumphus
1516 4455 1809 4525 decretus,
1840 4467 1898 4514 et
1930 4457 2048 4514 ludi

2135 595 2236 663 θης
2265 595 2455 661 γέγονε
2492 593 2949 665 τῷΊουστινιανῷ
2975 593 3055 646 ἔτι
3095 592 3453 648 ἰδιωτεύοντι.
3475 595 3706 665 Γελίμερ

2133 687 2189 740 δὲ
2238 688 2320 749 τίς
2363 687 2637 757 ὁμογενὴς
2674 687 2998 758 Ὶλδερίχου,
3055 686 3194 758 ἀνὴρ
3245 687 3526 756 κακοήθης
3586 687 3706 756 μὲν,

2133 780 2465 851 δραστήριος
2496 782 2553 834 δέ
2603 782 2696 834 καὶ
2733 781 3056 850 νεωτερίσαι
3100 779 3294 842 δεινὸς,
3346 780 3573 832 ἐπέθετο
3618 797 3712 832 τυ-

2139 874 2346 944 ραννίδι
2376 891 2389 904 ·
2418 875 2513 927 καὶ⁸
2547 874 2638 927 τὸν
2665 875 2865 928 οίκεῖον
2889 874 3178 943 κατασχὼν
3208 873 3493 943 δεσπότην,
3519 873 3710 942 εἱρκτῇ

2137 966 2501 1036 παραδίδωσι,
2530 967 2626 1019 καὶ
2656 967 2785 1030 τοὺς
2816 967 2929 1020 ὅσοι
2961 967 3157 1038 ἐκείνῳ
3181 967 3483 1038 ᾠκείωντο.
3530 967 3704 1018 Ἀπο-

2134 1058 2459 1128 τριϐόμενος
2513 1061 2560 1112 δ’
2611 1053 2723 1111 οἷον
2800 1060 2878 1112 τὸ·
2918 1062 3018 1126 si;
3080 1061 3387 1130 τυραννίδος
3441 1061 3708 1129 αἰτίαμα,

2137 1151 2341 1220 γράφει
2375 1151 2511 1221 πρὸς
2559 1152 2963 1215 ’ῐουστινιανὶῃ
2992 1152 3068 1214 ὡς
3097 1153 3158 1205 οὐ
3200 1153 3300 1221 τῆς
3333 1155 3509 1222 ἀρχῆς
3551 1155 3710 1224 ἐρῶν,

2135 1241 2342 1310 ταύτης
2396 1242 2695 1312 ἐδράξατο,
2727 1242 2844 1295 ἀλλ’
2889 1244 2970 1295 ὅτι
3034 1243 3326 1314 Ἱλδέριχος
3366 1245 3711 1312 ἁποπεφύκει

2136 1333 2274 1404 πρὸς
2309 1333 2409 1404 τὴν
2435 1336 2641 1402 ταύτης
2676 1334 2968 1402 διοίκησιν.
3009 1333 3068 1387 '0
3094 1335 3151 1388 δέ
3212 1335 3468 1404 βασιλεὺς
3507 1339 3702 1389 ἀντεπ-

2135 1425 2349 1478 έστειλε
2387 1427 2467 1496 τῷ
2517 1427 2796 1497 Γελίμερι,
2845 1429 2921 1489 ὡς
2971 1427 3070 1478 οὐκ
3115 1428 3383 1492 ἀνέξεται,
3435 1432 3482 1480 εί
3536 1431 3610 1499 μὴ
3644 1432 3718 1498 τῷ

2135 1519 2527 1589 τυραννηθέντι
2581 1520 2680 1588 μὲν
2727 1521 3042 1590 τιμωρήσῃ,
3090 1522 3180 1572 τὸν
3221 1521 3275 1572 δὲ
3321 1521 3720 1591 τυραννέταντα

2137 1607 2536 1674 τιμωρήσεται.
2567 1607 2656 1658 Διὸ
2680 1607 2772 1659 τὸν
2831 1607 3118 1677 πατρίκιον
3154 1607 3469 1678 Βελισάριον
3504 1613 3566 1661 ἐκ
3622 1612 3713 1675 τῆς

2149 1693 2323 1765 Ἕῴας
2377 1696 2870 1768 μεταστειλάμενος
2904 1699 3043 1769 (ἐκεῖ
3071 1699 3180 1770 γὰρ
3231 1695 3299 1771 ἦν
3352 1703 3380 1754 6
3431 1703 3574 1772 ἀνὴρ
3613 1706 3721 1765 τοῖς

2141 1787 2376 1858 Πέρσαις
2407 1789 2733 1860 μαχόμενος)
2755 1792 2834 1854 είς
2858 1791 3064 1861 Λιϐύην
3121 1794 3262 1861 μετὰ
3291 1795 3470 1864 χειρὸς
3502 1795 3724 1866 βαρείας

2141 1877 2236 1928 καὶ
2287 1876 2478 1929 στόλου
2539 1879 2751 1947 πέμπει
2800 1878 3023 1945 πολλοῦ,
3083 1881 3330 1946 άπάσαις
3387 1885 3555 1937 αὐτὸν
3606 1888 3724 1949 ταῖς

2136 1967 2436 2038 δυνάμεσιν
2481 1971 2786 2041 ἐπιστήσας
2832 1972 3283 2043 ἀρχιστράτηγον
3317 1974 3722 2047 αὐτοκράτορα,

2133 2052 2178 2128 ᾧ
2219 2062 2312 2115 καὶ
2349 2064 2376 2114 6
2409 2064 3234 2145 Καισαρεὺῇσυμπαρωμάρτει
3263 2068 3570 2139 Προκόπιος
3604 2071 3724 2141 (ε’),

2135 2152 2195 2217 ὃς
2223 2153 2292 2206 τὰ
2321 2153 2454 2223 περὶ
2480 2154 2589 2207 τῶν
2619 2155 2742 2208 ἐκεῖ
2773 2155 3034 2226 πολέμων
3077 2156 3336 2229 ἱστόρησε
3365 2160 3724 2214 πλατυκώτε-

2139 2259 2254 2312 ρον.
2306 2243 2713 2309 Καταπλεύσας
2765 2240 2859 2299 οὖν
2901 2247 2982 2311 είς
3020 2247 3230 2320 Λιϐύην
3301 2247 3331 2300 6
3385 2247 3725 2318 Βελισάριος,

2139 2339 2356 2408 χάρακα
2385 2337 2662 2407 βάλλεται.
2718 2337 2776 2394 '0
2802 2340 2859 2392 δέ
2883 2340 3138 2410 Γελίμερ,
3177 2339 3342 2394 τοῦτο
3375 2340 3590 2411 μαθὼν,
3633 2345 3719 2394 ἐν·

2138 2431 2388 2486 τέλλεται
2437 2432 2516 2501 τῷ
2569 2432 2784 2502 ἀδελφῷ
2829 2433 3046 2504 Ἀματᾷ
3076 2435 3170 2487 τόν
3197 2451 3258 2486 τε
3303 2433 3598 2505 Ἱλδέριχον
3636 2436 3724 2488 καὶ

2140 2521 2267 2583 τοὺς
2328 2520 2495 2574 αὑτοῦ
2560 2523 2848 2588 συγγενεῖς
2911 2520 3006 2583 οὓς
3070 2521 3419 2594 ἐμφρούρους
3471 2527 3724 2590 κατεῖχεν

2140 2612 2340 2665 αὐτίκα
2367 2616 2592 2668 κτεῖναι.
2623 2615 2730 2666 Καὶ
2779 2615 2826 2666 οί
2882 2613 2980 2681 μὲν
3020 2613 3316 2684 ἅνῄρηντο.
3374 2614 3611 2682 ιἐλίμερ
3643 2618 3720 2678 δὲ,

2144 2703 2438 2773 συμϐαλὼν
2487 2705 2568 2774 τῷ
2621 2706 2926 2776 Βελισαρίῳ
3003 2709 3100 2759 καὶ
3159 2705 3451 2776 ἡττηθεὶς,
3521 2707 3619 2770 τῆς
3672 2724 3724 2758 τε

2145 2795 2502 2867 Καρχηδόνος
2534 2797 2759 2863 ἐξέπεσε
2795 2799 2890 2850 καὶ
2925 2799 3036 2850 τῶν
3065 2797 3264 2862 ἄλλων,
3305 2802 3396 2850 καὶ
3424 2799 3609 2868 πάσης
3632 2799 3722 2867 τῆς

2147 2888 2361 2959 Λιϐύης
2434 2890 2710 2962 ἐκράτησε
2783 2891 3148 2960 Βελισάριος,
3197 2892 3293 2944 καὶ
3351 2895 3414 2962 τῇ
3483 2892 3726 2962 βασιλεία

2158 2981 2449 3050 Ῥωμαίων
2482 2982 2752 3050 ὑπέταξεν
2779 3023 2795 3050 ,
2830 2985 3192 3054 ἐννενήκοντα
3231 2983 3326 3038 καὶ
3355 2984 3520 3038 πέντε
3555 2987 3729 3036 ἐνιαυ-

2145 3077 2271 3138 τοὺς
2300 3076 2409 3129 τῶν
2449 3075 2776 3146 Οὐανδήλων
2809 3076 3223 3146 κυριευσάντων
3256 3077 3451 3146 αὐτῆς.
3497 3077 3729 3144 Συνέσχε

2147 3168 2205 3222 δέ
2251 3169 2390 3234 ζωὸν
2425 3172 2520 3224 καὶ
2555 3169 2719 3224 αὐτὸν
2755 3171 2848 3224 τὸν
2889 3171 3166 3241 Γελίμερα
3215 3170 3314 3224 σὺν
3364 3174 3586 3241 γαμετῇ
3640 3170 3730 3222 καὶ

2149 3261 2360 3317 τέκνοις
2417 3260 2612 3315 αὐτοῦ.
2663 3261 2901 3330 Λέγεται
2960 3261 3018 3314 δε
3075 3261 3527 3333 πολιορκουμένῳ
3589 3260 3732 3330 αὐτῷ

2151 3353 2292 3422 μετὰ
2324 3355 2431 3407 τῶν
2464 3355 2679 3408 οἰκείων
2711 3356 2767 3407 ἐν
2798 3355 2954 3426 χώρᾳ
2987 3354 3172 3426 λυπρᾷ
3218 3357 3284 3424 τῇ
3325 3354 3434 3406 τῶν
3475 3355 3731 3424 Μαυρουο

2151 3447 2307 3507 σίων,
2349 3446 2632 3516 ἐπιλεῖψαι
2681 3450 2748 3499 τὰ
2801 3445 3051 3518 ζωαρκῆ,
3087 3447 3179 3500 τὸν
3210 3446 3267 3500 δὲ
3302 3448 3618 3500 ἐπιστεῖλαι
3658 3448 3732 3518 τῷ

2147 3539 2538 3610 ταγματάρχῃ,
2566 3539 2626 3592 ὃν
2648 3539 2676 3591 6
2708 3538 3022 3608 Βελισάριος
3043 3541 3107 3610 τῇ
3173 3538 3465 3609 πολιορκίᾳ
3500 3537 3733 3604 ἐπέστη-

2151 3647 2264 3693 σεν,
2319 3631 2582 3685 αίτοῦντα
2635 3630 2844 3684 στεῖλαί
2885 3633 2934 3684 oi
2985 3630 3148 3702 ἄρτον
3178 3629 3311 3693 ἕνα,
3345 3631 3439 3682 καὶ
3471 3628 3729 3700 κιθάραν,

2151 3726 2246 3777 καὶ
2281 3724 2542 3792 σπόγγον.
2603 3723 2716 3777 Καὶ
2749 3722 2808 3786 δς
2843 3722 3078 3775 συνιδεῖν
3129 3722 3230 3775 οὐκ
3281 3720 3442 3791 ἔχων,
3497 3721 3625 3773 ὅτου
3675 3737 3732 3788 γε

2149 3817 2314 3888 χάριν
2348 3816 2630 3870 αἰτοῦνται
2663 3817 2814 3886 παρὰ
2840 3815 2935 3868 τοῦ
2984 3815 3283 3885 Γελίμερος
3311 3816 3378 3867 τὰ
3413 3813 3730 3884 αἰτούμενα,
3793 3877 3802 3886 _
3843 3811 3849 3818 ’

2150 3908 2242 3962 τὸν
2283 3909 2382 3978 τῆς
2423 3908 2644 3980 γραφῆς
2694 3908 2950 3979 ἠρώτησε
3001 3909 3272 3978 κομιστήν
3303 3921 3318 3937 ο
3363 3908 3391 3960 6
3420 3905 3476 3959 δέ
3513 3908 3608 3959 τὸν
3644 3907 3738 3972 μὲν

2150 4005 2317 4072 ἄρτον
2372 4002 2448 4072 (5)
2509 3997 2664 4055 εἶπεν
2736 4000 2947 4064 αἰτεῖν,
3001 4000 3287 4068 ἐπιθυμῶν
3342 3997 3537 4054 τοῦτον
3591 3998 3735 4060 ἰδεῖν,

2151 4097 2276 4148 ἐπεὶ
2328 4092 2404 4166 μὴ
2443 4086 2586 4147 εἶδεν
2620 4091 2808 4156 ἐξότου
2851 4089 2956 4158 τῆς
2997 4089 3344 4159 Καρχηδόνος
3374 4088 3735 4146 ἐκπέπτωκε.

2149 4189 2258 4242 τῶν
2308 4186 2631 4260 Βαρϐάρων,
2694 4183 2826 4255 παρ’
2878 4178 2959 4246 οἷς
3011 4184 3149 4246 ἐστὶ,
3207 4180 3480 4234 κακοϐίων
3527 4181 3735 4232 ὄντων·

2151 4283 2242 4335 τον
2283 4282 2341 4335 δέ
2367 4280 2609 4350 σπόγγον
2637 4320 2652 4346 ,
2685 4279 2775 4332 ἵνα
2819 4275 2996 4345 τούτῳ
3035 4275 3146 4328 τῶν
3177 4273 3444 4344 ὀμμάτων
3480 4273 3741 4343 ἐκμάσςῃ

2149 4374 2218 4426 τὰ
2242 4372 2454 4444 δάκρυα
2481 4388 2495 4404 ο
2528 4369 2630 4441 τὴν
2659 4371 2716 4424 δέ
2747 4369 2980 4440 κιθάραν
3000 4407 3016 4433 ,
3047 4367 3134 4421 ἵνα
3169 4366 3344 4438 ταύτῃ
3391 4365 3492 4429 τὰς
3533 4365 3741 4425 οἰκείας

2153 4462 2445 4535 συμφοράς
2475 4459 2921 4531 άποκλαύσηται.
2951 4457 3178 4514 Ἑαυτὸν
3202 4457 3259 4512 δέ
3286 4457 3434 4528 ὅμως
3457 4459 3485 4510 6
3507 4456 3740 4525 Γελίμερ

468 4560 758 4623 equestres
785 4551 841 4604 in
879 4549 1092 4604 theatro
1125 4547 1254 4612 acti,
1281 4547 1402 4618 ipso
1431 4547 1764 4619 imperatore
1798 4549 1867 4607 de
1893 4566 2040 4608 more

2156 4556 2436 4630 παραδοὺς
2486 4558 2602 4620 τοῖς
2657 4553 3012 4623 πολιορκοῦσι
3066 4551 3207 4622 μετά
3266 4550 3374 4605 τῶν
3436 4551 3736 4611 συνόντων,

470 4644 834 4718 prtesidentc,
871 4653 929 4698 et
972 4650 1166 4697 senatu
1208 4641 1468 4711 omnique
1506 4643 1713 4713 populo
1755 4657 2048 4715 praesente.

472 4737 811 4796 Procedebat
848 4745 1031 4791 autem
1068 4733 1364 4790 Belisarius
1394 4733 1524 4799 dux,
1557 4735 1824 4794 Gelimeri
1853 4741 2051 4796 subse-

2146 4649 2288 4722 ἧχθιι
2321 4647 2460 4720 πρὸς
2516 4645 2861 4718 Βελισάριον,
2909 4644 3004 4699 καὶ
3047 4643 3213 4710 ἐγέλα
3261 4642 3398 4713 πρὸς
3443 4639 3614 4694 αὐτὸν
3640 4641 3744 4692 eia"

2145 4740 2440 4812 αγόμενος,
2494 4737 2573 4802 ὡς
2633 4739 2752 4800 τοῖς
2784 4736 2988 4808 δρῶσιν
3022 4733 3374 4806 ἐξεστηκέναι
3416 4732 3600 4786 δοκεῖν
3651 4729 3743 4782 αὖα

471 4833 693 4904 quentis
725 4847 979 4902 purpurae
1009 4846 1173 4885 manu
1207 4829 1460 4894 innixus,
1495 4831 1892 4891 comitantibus
1922 4852 2040 4892 cen-

2151 4835 2268 4900 τδν,
2300 4833 2394 4889 διὰ
2429 4831 2531 4906 τὴν
2562 4830 2660 4886 τοῦ
2697 4830 2906 4895 πάθους
2929 4827 3262 4900 ὑπερϐολήν.
3289 4822 3403 4879 Ἦν
3422 4823 3466 4877 δ’
3491 4824 3736 4893 ἑτεροῖόν

474 4923 789 4981 turionibus
821 4933 877 4978 et
918 4921 1187 4985 tribunis,
1230 4931 1286 4976 et
1315 4921 1577 4978 Gelimeri
1610 4926 1882 4996 cognatis.
1916 4929 2053 4983 Cum

2151 4945 2207 4980 τι
2239 4927 2302 4980 τὸ
2328 4925 2638 4997 γινόμενον.
2663 4921 3156 4992 ’Δναλογιζὸμενος
3181 4919 3292 4989 γὰρ
3317 4919 3398 4981 είς
3425 4916 3550 4969 οἵαν
3571 4916 3739 4984 τύχην

471 5019 580 5090 jam
627 5015 695 5068 ad
734 5016 1124 5085 imperatorem
1168 5022 1494 5085 perventum
1534 5025 1712 5081 esset,
1757 5019 2040 5077 Belisariu:

2155 5017 2216 5084 ἐξ
2249 5017 2368 5078 οἵας
2401 5017 2740 5087 κατήντησε,
2774 5013 2868 5066 καὶ
2901 5012 3138 5080 γέλωτος
3183 5009 3312 5074 ἀξια
3356 5009 3637 5076 κεκρικὼς
3664 5005 3728 5056 τὰ

473 5117 755 5174 Gelimero
786 5115 1100 5186 persuadet,
1129 5125 1190 5170 ut
1219 5115 1372 5170 humi
1405 5113 1754 5187 procumbat,
1785 5121 1842 5168 et
1872 5113 2050 5184 impe-

2153 5108 2500 5178 ἀνθρώπινα,
2537 5107 2703 5177 ἐγέλα
2740 5103 2939 5160 ταῦτα.
2981 5101 3300 5174 Βελισάριος
3331 5099 3389 5153 δέ
3447 5100 3541 5152 καὶ
3587 5096 3742 5151 αὐτον

1624 5267 1828 5328 Variae
1851 5265 2170 5329 lectiones
2212 5271 2274 5328 et
2309 5270 2499 5326 notae.

559 5400 660 5471 (2‘)
684 5396 1036 5471 Προκᾴπιος.
1054 5392 1135 5471 _Ut
1156 5390 1459 5471 Procopius
1479 5389 1854 5471 cat-sariensis,
1873 5403 2040 5470 rerum

2166 5385 2455 5471 istvtipav,‘
2482 5383 2793 5471 Βελισάρξε,
2851 5379 3058 5471 στεῖλόμ
3084 5397 3209 5471 apes,
3246 5379 3503 5471 σπόγγον,
3536 5378 3719 5471 άρτον,

479 5459 897 5542 ψιὸςέέτῆρεῖι
943 5459 1202 5542 oculatns
1261 5459 1440 5523 testis,
1491 5469 1549 5515 et
1608 5459 1938 5542 Belisarittm

483 5529 664 5597 Africa
689 5549 745 5593 et
775 5529 829 5591 in
859 5538 1015 5591 Italia
1044 5534 1184 5589 bella
1212 5544 1495 5603 gerentem
1536 5531 1838 5585 camitatus
1863 5529 2054 5594 fuerit,

483 5628 593 5670 non
628 5625 738 5663 uno
763 5610 879 5676 ipse
907 5608 1030 5661 loco
1063 5615 1320 5676 testatur.

558 5683 636 5750 (5)
690 5683 754 5732 ’0
783 5669 850 5732 δὲ
876 5680 984 5730 τὸν
1005 5677 1124 5748 μὲν
1149 5675 1353 5746 ἄρτον.
1389 5671 1629 5728 Joannes
1657 5669 1911 5734 Tzctzes,
1933 5669 2068 5725 chil.

488 5770 572 5815 ιιι,
603 5766 655 5806 c.
689 5751 759 5806 85

490 5857 734 5932 Γράμμα
767 5855 908 5929 πρὸς
938 5853 1255 5925 Βελισάριον
1290 5849 1596 5922 περιπαθές
1625 5866 1677 5904 τι
1706 5848 1937 5920 γράφει,

2747 5455 2945 5524 ήσαιμι
2991 5452 3050 5502 τδ
3083 5449 3508 5524 βαρυσύμφορον
3533 5466 3665 5524 μου,

2167 5458 2281 5527 Τὴν
2311 5455 2406 5525 μὲν
2427 5455 2503 5513 ὼς
2525 5455 2945 5578 τραγῖδήσαιμι
2991 5455 3050 5502 τὺ
3083 5455 3508 5534 βαρυσυμφορρν
3533 5466 3665 5517 μου,

2167 5527 2414 5586 Σπὸγγον
2456 5525 2502 5579 δ’
2550 5542 2626 5586 ως
2712 5524 3062 5586 πομόργνυμι
3099 5521 3350 5586 δακρυων
3405 5535 3502 5581 τας
3565 5518 3745 5586 πλημ-

3550 5612 3576 5639 u
3591 5593 3617 5639 2'.-
3631 5605 3720 5639 οαε

2164 5519 2414 5595 Σπόγγον
2456 5525 2502 5579 δ’
2550 5519 3062 5594 ὼςάπόμόργνυμι
3085 5519 3350 5587 δακρύων
3405 5521 3502 5581 τὰς

3550 5612 3576 5639 ‘J
3591 5610 3617 5641 υ
3631 5605 3713 5647 οας

2172 5668 2373 5738 ’Δρτον
2393 5665 2439 5719 δ’
2464 5664 2540 5730 ὡς
2564 5664 2630 5718 ἂν
2659 5663 2936 5732 κατίδοιμι
2967 5661 3073 5716 κᾶν
3103 5660 3276 5732 μόνην
3305 5659 3493 5714 τούτου
3516 5586 3675 5712 ίὶέαν.

2173 5774 2326 5831 lianc
2349 5771 2640 5897 heistoriam
2676 5771 2862 5840 attigit
2899 5769 3068 5826 etiam
3091 5767 3314 5824 Nicctas
3341 5769 3396 5824 in
3435 5765 3666 5832 Isaacio,
3704 5762 3744 5817 ι.

2177 5861 2259 5897 Ill.
2295 5861 2352 5897 ll.
2415 5883 2429 5897 .

2177 5861 2259 5907 Ill,
2295 5861 2352 5900 ll.
2374 5861 2429 5898 Ζ.
