3930 6552
256 401 390 469 1245

1518 409 1766 471 ΑΝΝΛΙ.
1784 408 1923 472 ίυΜ
1959 413 2105 475 LIB.
2148 414 2304 476 XIV.

3381 413 3514 478 ιὲιξὸ

253 525 348 576 καὶ
370 520 500 580 τοὺς
521 519 631 572 τῶν
656 518 978 588 Ούανδήλων
998 519 1267 592 ἄρχοντας
1302 521 1540 591 ἐντίμως
1565 523 1831 590 ἐφύλαττε

1939 537 2176 583 ratorem
2221 532 2432 584 adoret.
2470 526 2625 585 Facit
2667 527 2759 585 ille
2794 538 2856 585 nt
2894 529 3212 601 jubebatur.
3256 531 3514 600 larrymis

255 615 771 686 κομισθησομένους
810 614 890 686 τῷ
927 615 1162 686 βασιλεῖε
1207 617 1549 688 ΙΙαρειλήφει
1617 619 1675 671 δὲ
1742 621 1835 672 καὶ

254 707 508 762 Σικελίαν
556 710 650 760 καὶ
701 708 798 777 τὴν
850 709 1041 778 Σαρδὼ
1093 709 1278 780 (νῆσος
1323 710 1380 764 δὲ
1421 713 1515 763 καὶ
1565 711 1705 780 αύτὴ
1757 712 1833 774 ὡς

257 799 354 868 ἤδη
405 798 496 851 καὶ
533 799 956 868 προῖστόρηται)
984 801 1080 853 καὶ
1123 801 1190 853 τὰ
1239 803 1403 870 μέχρι
1436 802 1710 873 Γαδείρων
1741 802 1832 868 ὑφ’

259 889 452 941 ἑαυτὸν
482 890 800 956 ἐποιήσατο,
851 890 943 941 καὶ
975 889 1150 951 οὕτως
1181 890 1491 958 ἐπανῆλθεν
1522 893 1602 954 είς
1634 893 1694 944 τὸ
1735 891 1834 945 Βυ-

259 979 500 1044 ζάντιον,
531 979 682 1047 ἄγων
714 981 882 1034 αὐτόν
911 998 970 1033 τε
1019 981 1112 1034 τὸν
1161 982 1433 1052 Γελίμερα
1485 985 1582 1037 σὺν
1617 985 1837 1052 γυναικὶ

259 1073 352 1126 καὶ
371 1074 586 1136 τέκνοις
611 1077 705 1127 καὶ
727 1075 1038 1142 συγγενέσι,
1056 1076 1170 1127 ’καὶ
1198 1077 1376 1129 πᾶσαν
1406 1077 1505 1148 τὴν
1537 1076 1835 1147 θεραπείαν

258 1166 449 1228 αὑτοῦ,
509 1166 605 1219 καλ⁵
663 1167 832 1238 τιμῆς
906 1167 1152 1237 μεγάλης
1211 1169 1364 1240 παρά
1422 1169 1515 1223 τοῦ
1571 1169 1836 1239 βασιλέως

257 1259 479 1329 ⁴Ιγξίωτο.
531 1255 661 1311 Εἶτα
698 1259 792 1312 καὶ
824 1259 1096 1330 θρίαμϐον
1139 1260 1232 1312 ἐπὶ
1263 1263 1327 1330 τῇ
1367 1261 1494 1333 νίκῃ
1525 1263 1835 1331 κατήγαγε,

259 1350 598 1420 τελουμένης
637 1351 872 1421 ἁμίλλης
898 1352 1080 1404 ἵππων
1112 1353 1170 1403 έν
1203 1351 1280 1422 τῷ
1312 1352 1550 1423 θεάτρῳ.
1585 1353 1752 1406 αὐτοῦ
1776 1371 1836 1408 τε

257 1443 348 1496 τοῦ
405 1444 745 1514 κρατοῦντος
777 1446 874 1514 (ὡς
909 1445 1053 1515 ἔθος)
1092 1443 1543 1515 προκαθημένου,
1595 1444 1689 1498 καὶ
1738 1447 1837 1515 τῆς

255 1539 550 1606 γερουσίας
587 1539 894 1608 παροὲσης,
943 1539 1039 1590 καὶ
1085 1537 1183 1590 τοῦ
1227 1537 1404 1607 δήμου
1451 1538 1676 1600 παντός.
1728 1539 1838 1591 Καὶ

256 1629 452 1700 προῄει
503 1628 604 1698 μὲν
637 1631 699 1681 ὲκ
745 1629 842 1693 τῆς
891 1629 1002 1682 τῶν
1049 1630 1236 1682 ῖππων
1278 1629 1584 1700 ἀφετηρίας
1619 1630 1648 1682 ὁ
1683 1629 1841 1700 ἀρχι-

255 1727 563 1795 στρατηγος
598 1723 910 1795 Βελιτάριος
942 1725 1043 1793 τῆς
1098 1723 1430 1796 πορφυρίδος
1455 1721 1551 1777 τοῦ
1607 1722 1836 1793 Γελίμε-

1937 622 2207 690 oppletus.
2260 621 2576 676 Proeumbit
2621 629 2677 676 et
2731 621 2846 692 ipse
2892 621 3219 683 Belisarius,
3261 631 3319 674 ut
3362 623 3514 676 Geli-

1940 727 2092 767 mero
2138 713 2492 779 ostenderet,
2529 731 2655 770 eum
2703 714 2755 769 id
2806 713 2987 770 facere
3015 715 3252 784 iussum,
3298 730 3406 768 non
3455 725 3515 770 ut

1938 807 2212 874 captivum
2239 848 2251 866 .
2295 806 2386 861 sed
2433 807 2558 877 quia
2598 805 2768 860 moris
2809 807 2880 860 sit
2929 805 3033 860 hoc
3085 805 3248 859 modo
3296 805 3512 858 adorari

1941 897 2310 952 Romanorum
2337 898 2714 968 imperatores,
2737 901 2968 967 eiusque
2997 895 3358 952 calamitatem
3382 896 3516 950 sub-

1939 988 2166 1042 levaret.
2219 986 2354 1043 Cum
2413 987 2668 1042 eumdem
2729 987 2997 1041 honorem
3059 995 3115 1040 et
3180 983 3516 1054 impcratrici

1939 1079 2224 1134 habuisset
2262 1080 2600 1142 Gelimerus,
2643 1079 2885 1149 hospitio
2922 1077 3214 1148 splendido
3254 1085 3312 1130 et
3352 1075 3518 1145 regiis

1940 1170 2262 1227 ministeriis
2287 1171 2396 1240 jam
2421 1181 2547 1227 ante
2569 1172 2886 1242 prmparatis
2911 1170 3209 1240 excipitur.
3246 1169 3373 1224 Post
3397 1168 3518 1223 dies

1940 1265 2172 1335 aliquot,
2211 1279 2333 1319 cum
2371 1266 2569 1318 iterum
2603 1264 2715 1337 ludi
2747 1271 3036 1334 equestres
3064 1261 3118 1315 in
3154 1262 3369 1316 theatro
3395 1261 3514 1332 agi-

1938 1362 2214 1419 tarentur,
2247 1354 2419 1424 spolia
2455 1355 2649 1409 bellica
2690 1369 2789 1425 per
2817 1353 3055 1410 mediam
3090 1353 3282 1408 urbem
3325 1360 3517 1406 osten-

1941 1458 2070 1512 tata,
2112 1447 2168 1501 in
2206 1447 2444 1502 stadium
2487 1447 2821 1511 inferuntur,
2853 1445 3058 1518 jacula.
3101 1445 3270 1507 sellae,
3316 1444 3516 1498 mulie-

1939 1539 2070 1594 bres
2116 1539 2360 1602 lecticae,
2413 1538 2598 1593 omnia
2677 1551 2867 1601 aurea,
2912 1546 2967 1590 et
3011 1534 3266 1606 pretiosis
3315 1533 3519 1602 lapillis

1937 1641 2238 1695 exornata,
2286 1641 2344 1685 et
2373 1629 2581 1700 sponda
2627 1629 2870 1700 ejusdem
2916 1629 3168 1698 generis,
3218 1628 3513 1697 auratique

1939 1729 2175 1792 tapetes,
2205 1731 2260 1776 et
2291 1721 2546 1776 utensilia
2581 1735 2896 1776 mensarum
2925 1721 3124 1790 partim
3161 1734 3348 1780 aurea,
3384 1735 3515 1788 par-

256 1835 342 1887 ρος
376 1819 762 1888 παρεπομένου
803 1817 1062 1888 ἐχόμενος
1091 1820 1156 1886 τῇ
1188 1817 1332 1888 χειρί
1355 1833 1370 1849 ο
1400 1817 1832 1888 συμπαρωμάρ-

1939 1815 2036 1871 tim
2067 1823 2344 1886 argentea,
2379 1813 2573 1884 pocula
2608 1814 2740 1868 item
2771 1827 2962 1874 aurea,
2998 1812 3230 1881 gemmis
3268 1811 3518 1880 interpo-

259 1923 390 1958 τουν
445 1904 490 1958 δ’
537 1906 686 1976 αύτῷ
712 1906 809 1959 καὶ
851 1906 901 1958 οί
941 1907 1050 1958 τῶν
1093 1906 1304 1970 τάξεων
1359 1906 1694 1975 στρατηγοὶ,
1739 1907 1832 1961 καὶ

1938 1908 2068 1973 lata,
2101 1880 2502 1977 purpureae-que
2533 1914 2738 1969 vestes,
2777 1913 2834 1960 et
2872 1880 3033 1974 pepla
3071 1901 3316 1975 ejusdem
3348 1918 3519 1973 gene-

251 1998 647 2069 ταγματάρχαι
699 1997 791 2050 καὶ
847 1996 1090 2066 λοχαγοὶ,
1150 1996 1245 2049 καὶ
1298 1995 1348 2049 οἱ
1395 1995 1488 2050 τοῦ
1538 1997 1832 2068 Γελίμερος

1941 1997 2048 2062 ris,
2086 1997 2296 2068 regales
2323 2010 2573 2060 coronae,
2606 2003 2929 2049 ornamenta
2958 1993 3252 2048 mulierum
3284 1990 3518 2063 gemmis

254 2086 561 2152 συγγενεῖς.
608 2087 749 2157 Ἤδη
780 2085 824 2138 δ’
857 2084 1115 2155 ἐφθακὼς
1145 2084 1328 2139 ἔναντι
1363 2085 1457 2138 τοῦ
1502 2088 1832 2158 κρατοῦντος

1939 2098 1996 2146 et
2022 2088 2330 2160 margaritis
2369 2089 2740 2158 interpuncta,
2769 2087 2988 2157 aliaque
3020 2087 3256 2157 plurima
3286 2096 3342 2139 et
3374 2100 3516 2156 pene

259 2173 288 2227 ὁ
334 2174 688 2244 Βελισάριος,
731 2175 909 2228 πείθει
979 2176 1072 2228 τὸν
1124 2175 1397 2247 Γελίμερα
1445 2177 1525 2240 είς
1566 2176 1832 2246 τοῦδαφος

1938 2176 2400 2235 innumerabilia:
2448 2185 2504 2232 et
2545 2185 2668 2247 post
2688 2176 2806 2232 haec
2847 2175 3069 2244 omnia,
3114 2175 3267 2232 cista:
3307 2187 3516 2246 septem

255 2266 590 2319 καταϐαλεῖν
630 2266 844 2328 ἑαυτὸν,
875 2267 966 2321 καὶ
993 2267 1167 2331 οὓτως
1197 2268 1596 2339 ἀπονεῖμαιτῷ
1623 2268 1832 2339 βασιλεῖ

1938 2286 2071 2328 auro
2106 2271 2312 2339 plenae,
2342 2269 2549 2338 et_libri
2578 2284 2860 2324 sacrorum
2891 2269 3316 2340 Evangeliorum
3356 2268 3518 2322 undi-

251 2358 353 2430 τὴν
385 2359 767 2432 προσκύνησιν
800 2360 900 2431 (4).
933 2360 996 2413 '0
1033 2360 1079 2414 δ’
1123 2360 1304 2414 ἐποίει
1327 2359 1391 2413 τὸ
1421 2361 1832 2431 προσταττόμε-

1938 2373 2039 2430 que
2097 2373 2234 2413 auro
2281 2356 2653 2428 refulgentes,
2704 2365 2762 2411 et
2810 2357 2991 2414 omnis
3043 2355 3265 2427 generis
3309 2355 3512 2425 lapillis

254 2471 366 2518 νον,
409 2453 814 2523 καταχεόμενος
855 2451 1110 2524 δάκρυσι.
1145 2453 1254 2506 Καὶ
1285 2452 1448 2516 αὐτὸς
1507 2453 1562 2507 δὲ
1597 2456 1625 2506 ὁ
1676 2452 1831 2506 Βελι-

1938 2453 2200 2510 distincti.
2243 2451 2322 2507 Ac
2362 2451 2674 2522 triumphus
2704 2451 3022 2524 huiusmodi
3063 2450 3206 2505 fuit:
3245 2449 3512 2506 Belisario

256 2545 447 2615 σάριος
479 2543 842 2616 προσούδισεν
871 2543 1087 2610 ἑαυτὸν,
1121 2543 1538 2615 ἐνδεικνύμενος
1570 2542 1648 2614 τῷ
1687 2543 1832 2598 Γελί-

1938 2549 2120 2598 autem
2150 2543 2316 2598 etiam
2349 2543 2670 2599 consulatus
2703 2552 2786 2598 est
2818 2543 3055 2598 delatus.

258 2655 387 2708 μερι
417 2639 498 2692 ὅτι
533 2640 633 2710 οὐχ
663 2638 739 2703 ὡς
803 2636 1154 2708 αίχμόιλωτος
1194 2637 1403 2700 ἐκεῖνος
1443 2634 1604 2690 τοῦτο
1673 2637 1900 2706 ποιῆσαι
1939 2635 2210 2706 ἀπῄτητο,
2254 2634 2373 2690 ἀλλ’
2414 2635 2498 2689 ὅτι
2538 2633 2683 2688 οῦτω
2716 2635 3032 2705 νενόμισται
3075 2635 3507 2706 προσκυνεῖσθαι

253 2726 363 2780 τῶν
399 2727 694 2798 Ῥωμαίων
738 2727 866 2790 τοὺς
905 2726 1167 2797 βασιλεῖς,
1213 2726 1308 2780 καὶ
1352 2725 1518 2779 οίονεὶ
1585 2723 1860 2794 κουφίζων
1899 2725 2047 2796 αὐτῷ
2081 2725 2142 2779 τὸ
2205 2726 2552 2798 δυστύχημα.
2588 2727 2697 2780 Καὶ
2733 2727 2835 2797 τὴν
2865 2728 2990 2798 ίσην
3015 2729 3071 2783 δὲ
3104 2732 3169 2802 τῇ
3209 2727 3500 2800 βασιλίσσῃ

258 2819 637 2890 προσκύνησιν
674 2819 1056 2886 ἀπονείμαντα
1079 2817 1171 2871 τὸν
1205 2816 1503 2889 Γελίμερα,
1533 2817 1833 2888 καταγωγὴ
1873 2816 2088 2886 δέχεται
2150 2817 2383 2890 λαμπρά
2423 2819 2518 2873 καὶ
2587 2819 2858 2890 θεραπεία
2887 2819 3140 2893 βασιλικὴ
3178 2807 3505 2892 προετοιμα-

255 2913 448 2967 σθεῖσα
486 2912 660 2982 αύτῷ.
693 2911 831 2967 Μεθ’
863 2913 1076 2984 ἡμέρας
1107 2912 1164 2965 δέ
1206 2929 1360 2976 τινας
1394 2907 1557 2975 αὖθις
1618 2911 1960 2982 ἱππηλασίας
2035 2912 2313 2984 ἀγομένης
2369 2914 2512 2967 κατά
2573 2915 2633 2968 τὸ
2664 2914 2917 2986 θέατρον,
2943 2916 3012 2971 τά
3034 2917 3252 2988 λάφυρα
3277 2916 3384 2969 τοῦ
3403 2934 3495 2970 πο·

253 3008 422 3078 λέμου
447 3005 534 3060 διὰ
569 3007 746 3077 μέσης
812 3005 912 3076 τῆς
985 3003 1197 3068 πόλεως
1269 3004 1610 3075 κομιζόμενα
1673 3005 1768 3059 καὶ
1811 3004 2228 3076 θεατριζόμενα,
2275 3007 2558 3078 είσήγοντο
2602 3007 2684 3071 είς
2725 3008 2786 3062 τὸ
2850 3007 3063 3062 στάδιον
3108 3009 3335 3063 ἀκόντια
3369 3050 3382 3071 ,
3419 3008 3518 3061 καὶ⁸

254 3102 461 3174 θρόνοι,
503 3101 600 3153 καὶ
641 3101 838 3172 φορεῖα
885 3099 1212 3170 καταστηγῆ
1259 3103 1582 3168 γυναικεῖα,
1617 3097 1821 3171 χρυσοῦ
1861 3098 1931 3152 τά
1991 3099 2171 3153 πάντα
2229 3101 2603 3172 πεποιημένα,
2633 3103 2732 3156 καὶ
2764 3101 2931 3165 λίθοις
2967 3102 3293 3174 τιμαλφέσιν
3324 3107 3513 3158 ἐπικο-

255 3197 562 3268 σμούμενα,
589 3196 687 3248 καὶ
718 3194 874 3266 κλίνη
907 3195 1092 3266 ὁμοία,
1124 3197 1220 3248 καὶ
1286 3197 1655 3266 χρυσόπαστοι
1714 3195 1981 3262 τάπητες,
2056 3195 2151 3249 καὶ
2215 3195 2386 3266 σκευὴ
2432 3195 2502 3248 τὰ
2547 3197 2670 3258 ταῖς
2710 3195 3016 3268 τραπέζαις
3060 3195 3503 3268 ύπηρετούμενα,

253 3291 323 3345 τά
368 3290 470 3361 μὲν
521 3293 586 3344 ὲκ
629 3289 835 3361 χρυσοῦ
881 3289 1226 3360 εἰργασμένα
1248 3327 1263 3353 ,
1297 3287 1368 3342 τὰ
1399 3287 1445 3342 δ’
1475 3289 1536 3355 ἐξ
1603 3289 1849 3361 ἀργύρου
1891 3291 2240 3362 πεποιημένα
2264 3334 2280 3358 ,
2309 3291 2404 3345 καὶ
2465 3288 2775 3362 ἐκπώματα
2819 3289 3028 3360 χρύσεά
3055 3307 3114 3344 τε
3147 3293 3242 3345 καὶ
3267 3291 3511 3344 λιθοκόλ-

252 3386 412 3458 λητα,
440 3386 532 3440 καὶ
555 3385 846 3453 ἁλουργεῖς
868 3382 1120 3452 ἐσθῆτες,
1146 3383 1244 3437 καὶ
1277 3381 1474 3436 πέπλοι
1539 3381 1856 3454 παρόμοιοι,
1896 3383 1992 3437 καὶ
2027 3382 2291 3454 βασίλειοι
2353 3383 2639 3455 στέφανοι,
2668 3382 2764 3436 καὶ
2793 3383 2989 3452 κόσμοι
3029 3383 3302 3450 γυναικῶν
3333 3384 3502 3438 διάλι-

253 3483 337 3538 θοί
377 3499 438 3535 τε
476 3481 572 3535 καὶ
613 3479 1046 3550 περιμάργαροι,
1101 3476 1198 3531 καὶ
1242 3475 1378 3532 ἄλλα
1431 3477 1684 3542 πλεῖστα,
1724 3479 1820 3532 καὶ
1859 3479 2094 3551 ἀριθμὸν
2149 3479 2335 3550 σχεδὸν
2396 3481 2816 3552 ὑπερϐαίνοντα.
2848 3482 2956 3536 Καὶ
2991 3480 3085 3534 ἐπὶ
3125 3482 3278 3539 πᾶσι.
3307 3478 3506 3545 λάρνα-

254 3595 349 3640 κες
398 3575 540 3631 ἐτττά
590 3575 823 3647 χρυσίου
885 3573 1123 3646 μεσταὶ,
1159 3576 1254 3628 καὶ
1301 3572 1480 3644 βίϐλοι
1522 3575 1634 3628 τῶν
1671 3573 1834 3629 θείων
1900 3575 2238 3645 εὐαγγελίων
2309 3577 2409 3649 (5),
2458 3577 2643 3649 χρυσῷ
2690 3577 3171 3650 περιλαμπόμεναι
3219 3576 3504 3640 πάντοθεν,

251 3676 345 3728 καὶ
376 3673 544 3728 λίθων
571 3671 846 3735 παντοίοις
888 3671 1074 3742 γένεσι
1137 3669 1573 3742 ποικιλλόμεναι.
1625 3671 1707 3724 Τὰ
1747 3673 1848 3742 μὲν
1886 3673 1979 3728 οῦν
2017 3673 2110 3728 τοῦ
2163 3673 2435 3746 θριάμϐου
2484 3669 2626 3746 ἦσαν
2670 3675 2727 3726 έν
2787 3673 3021 3735 τούτοις.
3092 3670 3405 3742 Βελισάριος
3465 3671 3522 3724 δὲ

254 3771 350 3827 καὶ
386 3772 655 3835 ὑπατείας
678 3770 899 3840 ἠξίωτο.

324 3867 404 3922 H'.
441 3867 579 3938 Ἤδη
609 3867 666 3920 δὲ
693 3866 789 3920 τοῦ
824 3865 931 3919 τῶν
972 3865 1294 3936 Ούανδήλων
1325 3867 1562 3938 πολέμου
1596 3867 1832 3920 καταλυο

2013 3864 2143 3920 Vlll.
2184 3865 2336 3920 Bello
2358 3865 2657 3920 Vandalico
2681 3865 2792 3936 jam
2819 3865 3092 3926 confecto,
3119 3863 3264 3918 idem
3292 3865 3520 3920 Romam

251 3963 460 4026 θέντος,
495 3961 775 4016 στέλλεται
821 3960 974 4030 παρὰ
1021 3960 1116 4014 τοῦ
1172 3960 1436 4031 βασιλέως
1467 3961 1547 4024 είς
1587 3960 1825 4030 Ῥώμην.

249 4055 458 4126 ταύτην
502 4054 561 4108 τὲ
594 4054 688 4108 καὶ
724 4054 906 4108 πᾶσαν
945 4053 1094 4124 αὐτῷ
1127 4053 1229 4121 τὴν
1263 4053 1496 4108 Ἰταλίαν
1537 4069 1827 4122 παραστη-

253 4149 504 4219 σόμενος,
540 4146 647 4200 ὑπὸ
674 4145 885 4200 Γότθων
930 4145 1324 4218 κατεχομένην,
1353 4139 1427 4200 ὧν
1459 4145 1727 4207 Θευδάτος
1761 4141 1830 4216 ἦν

250 4240 499 4311 ἡγεμών.
531 4240 704 4294 Τοῦτο
755 4239 941 4310 μαθὼν
993 4241 1022 4293 ό
1071 4239 1338 4304 Θευδάτος
1385 4239 1698 4309 ’Ᾱγαπητὸν
1738 4239 1831 4291 τδν

250 4335 350 4402 τῆς
425 4327 646 4402 Ῥώμης
700 4331 877 4399 μέγαν
945 4331 1234 4400 ἀρχιερέα,
1297 4331 1466 4402 ἄνδρα
1516 4329 1829 4394 θεσπέσιον,

252 4422 465 4478 στέλλει
513 4421 592 4492 τῷ
643 4421 862 4493 βασιλεῖ
893 4421 1391 4493 πρεσϐευσόμενον.
1443 4422 1502 4475 '0
1549 4422 1606 4475 δὲ
1657 4440 1830 4476 καταο

252 4513 438 4568 λαϐὼν
466 4512 527 4568 τὸ
558 4513 876 4580 Βυζάντιον,
909 4513 1003 4568 καὶ
1031 4512 1108 4584 τῷ
1152 4510 1519 4582 ἰουστινιανῷ
1569 4512 1829 4582 ἐντυχὼν,

255 4605 474 4676 πρῶτον
521 4607 651 4677 περὶ
685 4605 820 4660 Θεοῦ
850 4605 1074 4676 καὶτῆς
1115 4605 1196 4667 είς
1228 4603 1392 4658 αὐτὸν
1439 4603 1608 4676 ὀρθῆς
1655 4604 1835 4658 διαλέ-

253 4713 410 4764 γεται
463 4694 722 4762 πίστεως,
761 4697 859 4750 καὶ
913 4695 1014 4767 τὴν
1061 4697 1144 4757 είς
1171 4694 1264 4750 τὸν
1314 4694 1504 4766 θρόνον
1549 4693 1650 4765 τῆς
1683 4694 1834 4757 Νέας

263 4789 486 4860 Ῥώμης
535 4788 832 4860 ἀναγωγὴν
864 4785 1127 4857 Ἀνθίμου
1178 4785 1270 4840 ὑπ’
1308 4785 1493 4841 αἰτίαν
1543 4786 1833 4858 πεποίητο,

251 4883 332 4936 δτι
358 4899 419 4937 τε
447 4881 522 4955 μὴ
547 4880 850 4945 κανονικῶς
880 4881 957 4953 (6)
987 4881 1052 4934 έκ
1093 4879 1588 4954 Τραπεζοῦντος,ἥ
1618 4879 1726 4933 τῶν
1754 4881 1835 4943 είς

255 4975 345 5029 τὸν
374 4975 777 5045 Πολεμονιακδν
804 4975 1007 5030 Πόντον
1037 4976 1308 5045 κειμένων
1357 4973 1571 5027 πόλεων
1623 4974 1833 5044 τυγχά-

256 5085 337 5122 νει
377 5068 734 5140 μητρόπολις,
765 5068 847 5131 είς
891 5068 991 5140 τὴν
1033 5066 1451 5124 Κωνσταντίνου
1501 5065 1829 5136 μετήνεκτο,

257 5161 352 5214 καὶ
390 5161 474 5225 ὅτι
513 5162 606 5216 καὶ
651 5162 751 5233 τῆς
795 5161 1038 5232 Σεϐήρου
1091 5158 1414 5225 κακοδοξίας
1472 5159 1830 5230 μετέσχηκεν.

268 5253 328 5308 Ὀ
351 5253 410 5307 δὲ
437 5253 798 5326 αὐτοκράτωρ
834 5253 1038 5324 σπουδῇ
1075 5253 1175 5324 τῆς
1209 5251 1482 5325 βασιλίδος
1506 5251 1598 5305 τὸν
1632 5250 1828 5304 Ἀνθι-

257 5362 358 5415 μον
386 5345 486 5414 τῆς
523 5347 922 5419 ἀρχιερατικῆς
952 5341 1194 5411 ἀξιώσας
1243 5341 1517 5414 καθέδρας
1552 5341 1651 5412 τῆς
1680 5341 1835 5393 Κωνο

1935 3955 2004 4008 ab
2037 3955 2366 4025 imperatore
2407 3956 2667 4021 mittitur,
2703 3963 2764 4009 ut
2793 3971 2913 4010 eam
2949 3964 3005 4009 et
3043 3964 3208 4009 totam
3244 3956 3449 4010 Italiam
3491 3972 3521 4012 a

1933 4046 2150 4102 Gotthis
2176 4055 2496 4116 occupatam
2527 4047 2766 4117 subigat,
2795 4061 3030 4116 quorum
3060 4045 3168 4099 dux
3196 4055 3314 4100 erat
3336 4045 3521 4100 Theu-

1933 4137 2110 4191 datus.
2135 4137 2260 4204 Qui,
2280 4152 2344 4191 ea
2374 4151 2433 4191 re
2455 4136 2697 4205 cognita,
2728 4137 3031 4205 Agapetum
3063 4136 3384 4206 pontiﬁcem
3413 4137 3520 4208 67

1933 4230 2270 4294 Romanum,
2311 4229 2492 4284 virum
2536 4228 2944 4292 admirandum,
2979 4228 3216 4299 legatum
3253 4229 3420 4282 mittit
3454 4231 3521 4283 ad

1934 4320 2347 4389 imperatorem,
2371 4319 2489 4389 qui,
2520 4317 2840 4390 Byzantium
2883 4317 2948 4370 ad
2987 4317 3357 4373 Iustinianum
3397 4333 3527 4388 pro-

1934 4412 2112 4468 fectus
2168 4413 2406 4482 primum
2435 4413 2504 4468 de
2541 4413 2652 4467 Deo
2682 4425 2738 4468 et
2770 4420 2920 4468 recta
2958 4413 3011 4467 in
3039 4427 3164 4468 eum
3201 4410 3306 4466 ﬁde
3336 4410 3523 4466 disse-

1935 4503 2029 4566 rit,
2067 4512 2124 4557 et
2151 4502 2396 4557 Anthimi
2433 4502 2853 4558 collocationem
2887 4501 2940 4556 in
2977 4501 3142 4558 Nova:
3175 4501 3361 4556 Romae
3394 4501 3525 4557 sede

1935 4594 2151 4649 incusat
2175 4612 2190 4648 :
2221 4611 2404 4666 neque
2440 4597 2588 4650 enim
2616 4611 2742 4651 eum
2771 4595 3136 4665 Trapezunte,
3165 4593 3387 4647 urbium
3421 4593 3522 4648 Po-

1934 4684 2222 4740 lemoniaci
2258 4684 2416 4740 Ponti
2451 4687 2762 4756 metropoli,
2797 4685 3118 4755 Byzantium
3153 4685 3258 4740 rite
3286 4685 3522 4740 transla-

1935 4786 2076 4842 tum,
2105 4786 2484 4849 praetereaque
2518 4793 2777 4848 perversa
2817 4779 3083 4846 Opinione
3113 4777 3302 4834 Severi
3337 4777 3523 4833 imbu-

1936 4880 2052 4928 tum
2087 4887 2229 4928 esse.
2264 4872 2466 4927 Verum
2513 4873 2839 4941 imperator,
2865 4870 2960 4941 qui
2993 4871 3315 4926 Antliimutn
3345 4870 3521 4926 inter-

1935 4964 2182 5020 cessione
2198 4963 2447 5035 conjugis
2457 4961 3131 5031 Constantinopolitannm
3150 4963 3521 5034 patriarcham

1937 5056 2280 5128 designarat,
2327 5065 2449 5111 acta
2480 5072 2580 5111 sua
2619 5055 2937 5112 rescindere
2970 5057 3187 5124 noluit,
3229 5066 3289 5112 et
3326 5055 3521 5111 divino

1937 5151 2182 5221 Agapcto
2214 5150 2399 5204 acrius
2427 5149 2676 5215 instanti,
2708 5150 2972 5214 minatus,
3008 5166 3067 5206 se
3107 5165 3209 5206 suo
3242 5148 3517 5205 arbitratu

1937 5244 2085 5315 quod
2116 5243 2300 5308 vellet,
2334 5259 2493 5311 posse
2521 5259 2682 5312 agere
2707 5244 2868 5301 dixit.
2892 5244 3028 5300 Cum
3058 5253 3242 5300 autem
3270 5241 3518 5314 pontifex

1931 5336 2001 5393 ad
2035 5336 2212 5391 minas
2243 5336 2478 5402 risisset,
2504 5354 2671 5409 seque
2701 5337 2908 5395 caedem
2943 5338 3108 5394 etiam
3141 5351 3302 5408 aequo
3329 5335 3517 5392 animo

1451 5458 1649 5520 Vat'ite
1681 5457 1996 5520 lectiones
2027 5460 2088 5517 et
2127 5461 2322 5517 notae.

321 5587 398 5655 (ii
441 5586 560 5650 Τὴν
588 5585 1032 5653 προσκύνησιν.
1056 5585 1130 5638 De
1156 5585 1263 5639 ritu
1287 5581 1820 5655 adorandi__itnpera-

250 5651 397 5710 tores
426 5651 803 5710 consulendus
825 5656 878 5709 in
903 5655 1095 5725 primis
1119 5653 1524 5725 Procopius,_in
1547 5651 1692 5705 Hist.
1737 5668 1832 5725 qr-

249 5743 405 5784 cuna.
434 5725 601 5789 c.50;
637 5722 1206 5795 przeterea'Arnoldns
1223 5723 1428 5780 Lubec.
1451 5723 1490 5778 l.
1514 5722 1828 5795 ωαψς-β.

2008 5576 2090 5650 (6)
2128 5576 2226 5644 Μὴ
2271 5577 2625 5650 καγονικῶς.
2654 5579 3011 5650 Marcellinus
3023 5593 3208 5634 comes
3241 5577 3512 5649 :Agam'tu

1936 5647 2471 5718 ConstantinOpolim,
2505 5660 2562 5702 ut
2596 5650 2846 5705 diximus.
2885 5649 2949 5702 de
2974 5648 3142 5703 Roma
3196 5647 3509 5714 adveniens,

1930 5720 2236 5790 Ant/timum
2265 5735 2385 5773 mox
2412 5720 2476 5772 de
2501 5719 2734 5773 Ecclesia
2759 5719 2926 5784 pellit,
2988 5720 3162 5774 dicens
3191 5737 3315 5790 eum
3345 5719 3439 5790 jua
3452 5730 3510 5776 τα

325 5797 400 5864 (εἰ)
465 5797 571 5849 Kal
634 5789 837 5861 Βίϐλοι
871 5795 989 5849 τῶν
1020 5797 1196 5850 θείων
1240 5789 1827 5866 Εὐατγελίωνδνὶιίθ

1938 5789 2338 5866 ecclesiasticam
2363 5789 2600 5866 regalem
2635 5790 2959 5857 adulterum,
2994 5793 3082 5862 qui
3128 5807 3228 5847 sua
3271 5789 3504 5850 Εετέεδὶα

254 5865 438 5924 Gloss.
469 5867 619 5924 med.
649 5867 769 5922 Lat.
799 5868 851 5922 in
887 5883 941 5922 ν.
971 5865 1182 5922 Textus.

1925 5861 2167 5926 dimissa,
2197 5861 2454 5916 ambierat
2471 5858 2726 5915 aienam.
