3962 6578
319 458 452 525 1261

1532 450 1837 515 ἈΝΝΑΙᾸ
1849 452 1959 516 UM
1996 454 2146 518 LIB.
2185 451 2327 517 XIV

3435 490 3575 525 sit;

313 568 756 642 καταδεξαμένου
799 569 863 625 δέ
916 570 1010 624 καὶ
1061 568 1268 642 ταύτην
1319 569 1422 640 τὴν
1454 566 1901 641 προσθήκηνωῢ

2004 566 2197 640 lllyrici
2226 567 2466 640 subegit,
2494 567 2738 625 minatus
2795 582 2855 625 se
2887 567 3134 641 Longum
3164 572 3378 630 Murum
3405 577 3572 632 etiam

315 664 611 735 βασιλέως,
652 663 983 732 ἐστράτευσε
1016 663 1160 718 κατά
1196 663 1490 731 Ῥωμαίων
1544 662 1753 726 ἐκεῖνος
1802 660 1900 717 καὶ

314 759 502 821 πόλεις
528 757 732 820 πολλὰς
762 755 861 809 τοῦ
902 752 1198 828 Ἰλλυρικοῦ
1226 753 1579 825 ἐχειρώσατο·
1605 752 1817 823 ἠπείλει
1838 770 1903 807 τεν

314 850 409 904 καὶ
437 851 499 904 τὸ
524 849 754 920 Μακρὸν
812 847 1190 919 καταστρέψαι
1260 848 1474 918 Τεῖχος.
1542 847 1767 910 Στείλας
1804 844 1901 900 οὖν

312 941 582 1013 πρέσϐεις
623 940 763 1011 πρὸς
794 940 886 993 τὸν
923 937 1200 1012 βάρϐαρον
1230 941 1258 994 ὁ
1296 938 1611 1011 Μαυρίκιος
1665 937 1902 1002 σπονδὰς

311 1034 487 1086 ιθετο.
527 1032 590 1086 '0
627 1033 811 1103 μέντοι
836 1030 1113 1099 Χαγάνος,
1148 1029 1428 1101 ἄπληστός
1456 1046 1517 1085 τε
1544 1028 1642 1083 καὶ
1669 1027 1901 1092 ἄπιστος

314 1123 417 1192 ὢν,
451 1124 587 1195 δόλῳ
613 1124 757 1178 κατὰ
797 1123 1088 1194 Ῥωμαίων
1117 1124 1348 1193 ἐγίνετο,
1384 1123 1545 1188 αὐτὸς
1570 1123 1668 1194 μὲν
1695 1118 1904 1194 ἡσυχά⁴

312 1218 448 1284 ζων,
482 1216 609 1287 ἔθνη
653 1216 710 1270 δέ
744 1232 868 1269 τινα
917 1215 1028 1269 τῶν
1084 1214 1414 1287 Σκλαϐηνῶν
1467 1214 1903 1287 παρασκευάσας

308 1307 412 1377 τὴν
438 1307 544 1360 ὑπὸ
613 1307 923 1377 Ῥωμαίους
973 1305 1281 1378 ληῖζεσθαι,
1334 1307 1390 1360 οἳ
1426 1307 1522 1361 καὶ
1585 1306 1749 1379 μέχρι
1798 1304 1900 1360 τοῦ

309 1398 542 1468 Μαδιροῦ
572 1397 798 1468 Τείχους
837 1396 1208 1468 πεφθάκασιν.
1258 1397 1321 1452 '0
1369 1398 1633 1461 Βασιλεὺς
1676 1397 1737 1451 δέ
1790 1394 1903 1451 Κο-

313 1490 598 1562 μεντίολον
628 1490 936 1563 στρατηγὸν
978 1488 1446 1561 προϐαλλόμενος,
1496 1490 1596 1545 καὶ
1636 1488 1706 1544 δι’
1735 1487 1903 1544 αὐτοῦ

307 1585 420 1647 τοῖς
450 1584 762 1655 Βαρϐἀροις
792 1583 991 1656 ἀθρόον
1044 1583 1376 1649 ἐπεξελθὼν,
1419 1582 1529 1638 τῶν
1572 1582 1909 1655 Ῥωμαϊκῶν

306 1675 509 1738 αὐτοὺς
539 1675 709 1746 ὁρίων
739 1676 1048 1743 ἀπήλασεν,
1085 1673 1487 1745 ἀναιρεθέντων
1530 1673 1763 1742 πολλῶν,
1806 1674 1904 1729 καὶ

305 1764 407 1836 τὴν
435 1765 588 1821 λείαν
614 1766 748 1837 ὅσην
769 1765 990 1834 ἔλαϐον,
1016 1766 1112 1821 καὶ
1162 1766 1292 1828 τοὺς
1317 1764 1698 1837 αἰχμαλώτους
1735 1768 1904 1820 ἐπαν-

307 1855 578 1913 εσὼσατο.
640 1856 955 1927 Φιλιππικῷ
998 1855 1058 1910 δέ
1104 1854 1204 1927 τὴν
1238 1855 1375 1912 ἰδίαν
1433 1854 1697 1921 συζεύξας
1745 1855 1903 1911 ἀδελ-

2000 675 2345 718 eversurum.
2384 661 2576 733 Itaque
2605 660 2937 728 Mauricius,
2963 664 3149 720 missis
3176 666 3243 722 ad
3271 667 3573 725 Barbarum

1999 751 2218 824 legatis,
2262 769 2452 825 pacem
2495 770 2623 810 cum
2677 768 2745 810 eo
2793 754 2945 811 facit.
3000 755 3111 811 Sed
3150 756 3461 830 Chaganus,
3514 771 3579 817 ut

2002 843 2335 903 insatiabilis
2366 857 2424 903 et
2463 847 2729 918 perﬁdus,
2773 848 2901 904 dolo
2946 836 3226 907 Romanos
3258 867 3575 923 aggressus,

2001 936 2120 1011 ipse
2145 940 2397 1009 quievit:
2433 940 2755 996 Sclavorum
2794 958 2928 998 vero
2972 952 3168 1015 gentes
3207 944 3484 1015 quasdam
3506 947 3575 1006 ad

2000 1030 2346 1099 populandas
2391 1032 2707 1103 provincias
2754 1034 3081 1103 concitavit,
3129 1053 3252 1109 quae
3286 1057 3462 1112 usque
3508 1045 3579 1098 ad

2000 1120 2247 1193 Longum
2281 1124 2497 1181 Murum
2530 1134 2662 1182 sunt
2693 1142 3020 1198 progressas.
3066 1131 3420 1205 Quapropter
3467 1137 3578 1192 im-

1999 1223 2242 1284 perator,
2273 1217 2679 1276 Commcntioio
2722 1221 2862 1277 duce
2912 1233 3121 1293 creato,
3160 1227 3429 1285 Barbaros
3468 1230 3578 1285 im»

1999 1310 2222 1376 previse
2263 1311 2505 1367 adventu
2544 1313 2806 1368 Romanis
2852 1314 3058 1371 ﬁnibus
3104 1319 3337 1388 expulit,
3385 1322 3576 1379 multis

2001 1399 2180 1467 caesis,
2212 1411 2268 1457 et
2310 1402 2493 1472 praeda
2541 1406 2690 1460 omni
2729 1406 3074 1478 captivisque
3130 1412 3388 1482 receptis.
3444 1414 3576 1469 Phi-

2001 1491 2266 1562 lippicum
2300 1508 2492 1551 sorore
2532 1496 2805 1567 desponsa
2839 1512 2965 1554 cum
3009 1515 3177 1557 manu
3233 1504 3575 1561 validissima

2000 1592 2197 1640 contra
2244 1586 2443 1644 Persas
2483 1587 2655 1655 misit,
2698 1589 2795 1659 qui
2835 1605 2964 1646 eum
3028 1594 3278 1662 proxime
3336 1597 3575 1653 Nisibim

2000 1676 2372 1746 pervenisset,
2435 1686 2602 1751 atque
2665 1679 2795 1736 inde
2849 1681 2908 1736 in
2956 1682 3201 1739 Persium
3260 1686 3577 1758 irrupisset,

2002 1768 2177 1825 multa
2227 1772 2409 1841 praeda
2442 1771 2661 1839 abacta,
2712 1772 2766 1828 in
2822 1773 3002 1829 reditu
3048 1774 3465 1845 impressionem
3522 1784 3579 1837 in

2000 1858 2234 1915 Mediam
2281 1859 2432 1926 fecit.
2482 1873 2539 1919 et
2584 1863 2659 1919 ibi
2693 1879 2915 1935 quoque
2961 1865 3147 1937 prada
3196 1883 3309 1923 non
3367 1871 3581 1929 minore

307 1949 438 2019 φὴν,
467 1948 611 2002 κατά
657 1948 885 2021 Περσῶν
940 1947 1107 2003 αὑτὸν
1162 1949 1260 2003 σὺν
1318 1947 1479 2019 βαρεῖ
1521 1948 1898 2021 στρατεύματι

2004 1960 2179 2022 parta,
2218 1952 2276 2007 in
2303 1952 2580 2010 Romanas
2618 1955 2937 2026 provincias
2964 1957 3171 2014 rediit:
3202 1959 3333 2014 inde
3374 1961 3576 2020 iterum

308 2040 721 2105 ἐξαπέστειλεν.
752 2041 818 2096 '0
842 2041 900 2095 δέ
925 2041 1162 2113 ἄγχιστα
1207 2043 1273 2113 τῇ
1304 2040 1524 2095 Νισίϐει
1578 2041 1898 2110 γενόμενος,

306 2133 570 2189 κάκεῖθεν
598 2134 863 2204 ἐμϐαλὼν
883 2138 951 2208 τῇ
977 2136 1224 2208 Περσίδι,
1259 2136 1463 2206 ήλασεν
1486 2136 1701 2191 ἐκεῖθεν
1746 2138 1901 2193 λείαν

307 2225 534 2297 πολλὴν,
560 2227 651 2281 καὶ
676 2227 937 2294 ἐπανιὼν,
969 2231 1035 2300 τῇ
1079 2228 1192 2283 τῶν
1244 2229 1448 2299 Μήδων
1494 2228 1652 2304 χώρᾳ
1687 2231 1898 2304 προσέ-

307 2318 465 2384 ϐαλε,
497 2320 597 2375 καὶ
619 2320 825 2390 ταύτης
851 2322 911 2376 οὐ
942 2323 1085 2393 μείω
1108 2321 1232 2377 τινὰ
1264 2322 1604 2395 ληϊσάμενος
1661 2326 1901 2397 ἐπανῆλ-

307 2412 406 2466 θεν
435 2415 517 2476 είς
546 2414 614 2467 τὰ.
650 2413 965 2486 Ῥωμαίων.
1003 2416 1116 2471 Καὶ
1138 2415 1297 2481 αὖθις
1341 2416 1401 2471 δέ
1443 2418 1560 2481 τοῖς
1607 2418 1902 2488 Περσικοῖς

308 2504 558 2558 ἐπελθὼν
581 2506 830 2578 χωρίοις,
870 2507 1077 2580 ὁμοίως
1104 2509 1397 2581 εὐτύχησε.
1431 2510 1687 2583 Νοσήσας
1714 2512 1901 2583 μέντοι

308 2598 394 2662 είς
446 2599 876 2671 Μαρτυρόπολιν
954 2600 1103 2673 (Η)
1174 2603 1572 2673 παραγίνεται,
1643 2604 1902 2662 κάκεῖθεν

307 2691 616 2761 ἐπανῆλθεν
657 2693 737 2757 είς
759 2692 821 2747 τὸ
863 2692 1185 2759 Βυζάντιον.
1226 2695 1454 2767 Ἐτέχθη
1490 2695 1550 2750 δὲ
1576 2696 1654 2768 τῷ
1683 2699 1903 2768 Μαυρι-

310 2784 417 2853 κίῳ
446 2784 563 2848 υἱὸς
610 2784 673 2838 ὃν
699 2784 957 2856 ὠνόμασε
1012 2786 1313 2843 Θεοδόσιον.
1368 2789 1693 2855 Φιλιππικδς
1723 2790 1781 2845 δέ
1808 2792 1904 2846 καὶ

313 2876 481 2929 πάλιν
536 2876 679 2932 κατά
747 2878 975 2949 Περσῶν
1033 2879 1455 2951 ἐξεστράτευσε,
1515 2881 1613 2936 καὶ
1658 2883 1720 2936 τὸ
1770 2883 1902 2953 περὶ

310 2970 479 3023 αὐτὸν
550 2970 950 3041 στρατιωτικὸν
997 2971 1305 3044 ἠρώτησεν,
1355 2974 1405 3027 εί
1464 2974 1738 3046 πρόθυμοι
1786 2976 1906 3040 τοῖς

312 3062 556 3133 Πέρσαις
605 3059 718 3117 εἷεν
784 3064 1170 3135 μαχέσασθαι;
1230 3067 1297 3121 Oi
1342 3067 1402 3121 δὲ
1457 3066 1555 3121 καὶ
1609 3068 1797 3139 ὅρκοις
1842 3067 1905 3122 τδ

311 3155 608 3227 πρόθυμον
638 3155 821 3212 αὐτῶν
845 3157 1152 3214 ἐϐεϐαίουν.
1206 3160 1296 3220 Ὠς
1338 3158 1431 3213 οὖν
1456 3160 1749 3217 συνέϐαλον
1789 3162 1904 3225 τοϊς

1999 2043 2255 2100 Persicos
2284 2044 2423 2102 ﬁnes
2442 2046 2745 2118 ingressus,
2778 2063 2894 2103 rem
2916 2064 3071 2121 teque
3102 2068 3362 2124 prospere
3387 2058 3575 2127 gessit.

1999 2135 2109 2192 Sed
2159 2147 2390 2208 propter
2440 2140 2693 2195 morbum
2748 2141 3183 2214 Martyropolim,
3237 2157 3403 2218 atque
3444 2150 3576 2206 inde

1999 2229 2325 2302 Byzantium
2374 2232 2562 2288 rediit.
2598 2232 2863 2290 Mauricio
2893 2245 3059 2294 natus
3098 2246 3182 2293 est
3225 2238 3371 2296 ﬁlius
3406 2257 3570 2312 quem

2001 2321 2375 2379 Theodosium
2410 2323 2740 2380 nominavit.
2777 2325 3120 2399 Philippicas
3159 2328 3345 2387 denuo
3379 2332 3578 2390 Persas

2001 2425 2439 2487 oppugnaturus,
2475 2417 2679 2473 milites
2713 2433 2843 2474 suos
2868 2427 3229 2489 percontatur
3252 2437 3321 2477 an
3362 2423 3577 2481 alacres

2002 2518 2188 2565 essent
2212 2509 2281 2565 ad
2320 2510 2677 2583 pugnandum
2709 2526 2833 2567 cum
2864 2511 3093 2569 Persis?
3135 2514 3203 2570 iis
3233 2531 3362 2572 vero
3406 2517 3577 2573 etiam

1997 2601 2362 2674 jurejurando
2444 2604 2787 2659 alacritatem
2860 2619 3018 2660 suam
3086 2607 3321 2672 testatio,
3388 2610 3581 2667 hostes

2001 2695 2320 2767 aggreditur
2349 2714 2363 2751 :
2397 2697 2493 2767 qui
2521 2697 2626 2752 etsi
2653 2697 2724 2752 ad
2754 2707 2972 2769 tempus
3010 2702 3358 2768 restiterunt,
3392 2712 3575 2760 tamen

2003 2802 2131 2843 cum
2177 2786 2289 2843 dux
2334 2803 2509 2859 equos
2565 2789 2786 2843 illorum
2821 2789 2955 2844 caedi
3005 2790 3278 2862 iussisset,
3313 2802 3369 2849 et
3414 2797 3575 2851 multi

2002 2878 2129 2948 equi
2157 2878 2432 2943 vulnerati
2458 2876 2809 2945 cecidissent,
2867 2876 3049 2934 Persae
3073 2877 3253 2950 fugam
3282 2895 3587 2952 ceperunt,

2004 2980 2263 3044 potenter
2292 2970 2446 3035 victi,
2476 2985 2783 3041 magnaque
2825 2969 2979 3025 clade
3018 2982 3247 3042 accepta
3277 2990 3291 3027 :
3336 2974 3574 3032 Romani

2004 3078 2137 3120 vero
2179 3063 2451 3119 illustrem
2500 3062 2786 3117 victoriam
2841 3062 3145 3128 consecuti,
3214 3062 3454 3120 hostium
3505 3066 3577 3123 ad

2007 3157 2118 3212 duo
2148 3154 2317 3209 millia
2345 3153 2467 3208 viva
2499 3158 2783 3223 ceperunt.
2814 3151 3132 3208 Hormisdas
3156 3151 3448 3210 Persarum
3481 3174 3578 3214 rex

312 3246 605 3312 ἐναντίοις,
660 3248 825 3320 μέχρι
885 3250 985 3320 μέν
1036 3266 1182 3315 τινος
1231 3252 1477 3321 ἀντεῖχον
1511 3252 1565 3305 oi
1600 3251 1900 3324 Βαρϐαροι.

2007 3250 2300 3305 Baramum
2353 3246 2550 3301 ducem
2603 3244 2865 3316 congredi
2915 3260 3040 3299 cum
3088 3245 3353 3302 Romanis
3392 3250 3577 3318 jussit.

326 3337 489 3394 Ἐπεὶ
511 3340 569 3394 δέ
594 3341 725 3404 τοὺς
757 3342 962 3405 ἵππους
996 3341 1258 3414 πλήττειν
1314 3343 1497 3398 αὐτῶν
1535 3346 1563 3398 ὁ
1589 3343 1898 3415 στρατηγὸς

314 3434 433 3495 τοῖς
454 3432 680 3496 οίκιίοις
722 3433 1199 3505 παρεκελεύσατο,
1227 3436 1324 3490 καὶ
1362 3434 1551 3490 πολλοὶ
1577 3435 1685 3491 τῶν
1714 3436 1903 3491 ἵππων

315 3521 684 3592 πληττόμενοι
732 3522 984 3589 ἔπιπτον,
1046 3525 1264 3596 ἐτράπη
1292 3525 1352 3578 τὸ
1390 3524 1679 3596 Περσικὸν,
1716 3529 1812 3580 καὶ
1840 3526 1902 3580 τδ

316 3612 424 3684 μὲν
482 3615 688 3686 ἥττητο
754 3617 1064 3687 κραταιῶς,
1120 3618 1217 3672 καὶ
1290 3617 1428 3671 πολὺ
1472 3618 1669 3672 τούτου
1732 3619 1901 3691 μέρος

312 3702 644 3776 διέφθαρτο·
674 3704 725 3760 οί
745 3705 801 3759 δὲ
843 3705 1108 3777 Ῥωμαῖοι
1126 3706 1399 3779 λαμπρῶς
1433 3709 1781 3779 νενικήκασι,
1806 3711 1901 3765 καὶ

313 3797 531 3861 ζῶντας
578 3798 690 3853 τῶν
734 3800 1010 3870 πολεμίων
1058 3802 1188 3872 περὶ
1239 3800 1532 3872 δισχιλίους
1585 3800 1899 3857 συνέλαϐον.

322 3889 626 3960 Ὀρμίσϐας
650 3889 708 3947 δὲ
729 3892 758 3944 ὁ
781 3889 890 3947 τῶν
909 3892 1137 3962 Περσῶν
1166 3893 1431 3963 ἀρχηγὸς,
1458 3894 1656 3965 Βαράμ
1681 3911 1903 3966 προχει-

316 3983 614 4053 ρισάμενος
676 3982 1005 4055 στρατηγὸν,
1071 3984 1368 4054 συμϐαλεῖν
1430 3986 1726 4055 Ῥωμαίοις
1776 3984 1904 4040 ἐκέ-

315 4073 537 4128 λευσεν.
576 4075 636 4128 '0
657 4074 717 4129 δὲ
746 4074 1043 4146 συμϐαλὼν
1072 4077 1300 4146 ἡττᾶται
1319 4094 1334 4109 ι
1363 4076 1572 4147 θγνοὺς
1604 4076 1901 4148 Ὀρμίσδας

314 4162 642 4231 γυναικείαν
708 4163 916 4233 ἐσθῆτα
974 4163 1086 4235 (62)
1137 4164 1348 4219 στέλλει
1424 4166 1612 4235 αὐτῷ,
1664 4170 1757 4221 καὶ
1804 4167 1905 4237 τὴν

319 4255 669 4326 στρατηγίαν
701 4255 987 4325 ἀφείλετο,
1028 4257 1124 4311 καὶ
1158 4256 1233 4327 τῷ
1279 4258 1684 4330 ὑποστρατήγῳ
1736 4258 1903 4312 αὐτοῦ

315 4347 409 4402 διὰ
436 4349 657 4418 γραφῆς
688 4349 1000 4405 ἐνετείλατο
1012 4349 1103 4404 τὸν
1125 4349 1322 4420 Βσρὰμ
1355 4350 1588 4405 ἀνελεῖν.
1624 4352 1682 4404 Ὀ
1713 4350 1769 4404 δὲ
1792 4345 1905 4405 οἷον

314 4441 495 4493 κακοῦ
527 4441 751 4510 γέγονεν
775 4442 1057 4513 ἐννοήσας,
1081 4441 1386 4511 γράμματα
1404 4442 1479 4505 ὡς
1516 4441 1577 4508 ἐξ
1609 4441 1903 4514 Ὀρμίσδου

316 4531 474 4602 αὐτῷ
509 4532 777 4587 σταλέντα
809 4534 1106 4598 ἐπλάσατο,
1151 4532 1325 4605 ὀργὴν
1374 4533 1711 4603 ἐμφαίνοντα
1762 4532 1905 4586 κατά

2006 3342 2182 3410 Quem
2220 3347 2281 3395 ut
2318 3338 2525 3394 victum
2560 3352 2683 3392 esse
2725 3337 3003 3407 cognovit,
3045 3338 3309 3409 abrogato
3355 3341 3434 3395 illi
3472 3342 3581 3396 im-

2000 3434 2157 3507 perio
2188 3441 2393 3490 vestem
2426 3430 2751 3487 muliebrem
2783 3428 2977 3493 mittit,
3008 3445 3076 3485 ac
3104 3431 3283 3501 legato
3315 3434 3437 3504 ejus
3476 3450 3577 3505 per

2002 3528 2217 3582 litteras
2245 3523 2491 3588 mandat,
2541 3529 2601 3576 ut
2646 3536 2776 3577 eum
2806 3520 3047 3577 occidat.
3089 3520 3364 3578 Caeterum
3411 3526 3579 3579 Bara-

2003 3634 2128 3675 mus
2157 3617 2384 3688 quantis
2430 3616 2483 3670 in
2518 3614 2678 3668 malis
2710 3620 2859 3669 esset
2908 3622 3191 3683 reputans,
3246 3613 3459 3670 litteras
3505 3616 3578 3671 ab

2005 3709 2297 3767 Hormisda
2328 3706 2396 3763 ad
2422 3723 2482 3765 se
2513 3705 2709 3761 missas
2741 3718 2863 3759 esse
2892 3704 3351 3771 comminiscitur,
3376 3708 3582 3777 quibus

2006 3801 2350 3858 iracundiam
2380 3815 2536 3857 suam
2570 3799 2837 3855 adversus
2878 3814 3097 3854 omnem
3136 3795 3440 3856 exercitum
3480 3803 3589 3858 de-

2006 3895 2197 3961 claret,
2216 3908 2424 3964 easque
2446 3891 2714 3947 militibus
2742 3891 3080 3958 convocatis,
3108 3892 3284 3962 palam
3317 3895 3578 3950 omnibus

2007 3985 2230 4042 recitari
2266 3984 2373 4056 75
2390 3984 2568 4056 jubet,
2604 3997 2671 4038 ac
2701 3981 3010 4037 Hormisdat
3042 3981 3251 4037 savitia
3292 3994 3348 4038 et
3388 3985 3583 4041 imma-

2008 4080 2179 4134 nitate
2215 4082 2664 4138 commemorata,
2712 4087 2809 4129 eos
2858 4073 3103 4129 concitat
3148 4072 3217 4128 ad
3271 4073 3476 4131 bellum
3526 4079 3576 4133 ei

2008 4169 2382 4226 inferendum.
2436 4166 2631 4223 Subito
2675 4165 2841 4238 igitur
2879 4180 3006 4221 cum
3054 4167 3316 4236 aggressi,
3357 4180 3580 4240 captum

2007 4264 2063 4318 in
2086 4278 2361 4319 carcerem
2396 4260 2775 4331 conjecerunt.
2806 4259 2875 4313 At
2903 4257 2996 4315 ille
3024 4260 3326 4329 professus,
3356 4279 3414 4318 se
3444 4281 3582 4320 con-

2008 4356 2193 4412 silium
2219 4353 2301 4409 cis
2326 4352 2396 4407 de
2416 4351 2706 4406 Persarum
2728 4349 2965 4420 imperio
2998 4350 3277 4417 daturum,
3306 4356 3449 4424 quod
3480 4358 3580 4412 toti

2008 4446 2219 4503 nationi
2255 4445 2394 4501 sciat
2429 4444 2575 4499 bono
2602 4442 2873 4507 futurum,
2902 4450 3089 4497 monet
3109 4458 3179 4498 ne
3212 4444 3381 4500 tilium
3420 4462 3579 4501 suum

2006 4538 2309 4593 Chosroem
2332 4549 2514 4605 regem
2536 4539 2746 4597 creent,
2768 4532 3049 4587 hominem
3069 4532 3475 4603 inexplebilem,
3500 4536 3587 4590 in.

315 4625 525 4689 παντὸς
554 4625 651 4681 τοῦ
686 4626 1124 4698 στρατεύματος,
1152 4626 1247 4681 καὶ
1266 4624 1632 4697 συναθροίσας
1661 4625 1812 4687 αὐτὸ,
1833 4623 1903 4678 τά

2004 4631 2234 4701 justum,
2259 4627 2607 4690 insolentem,
2624 4632 2787 4694 atque
2810 4622 3137 4678 intolerandi
3170 4625 3471 4693 supercilii,
3491 4629 3585 4682 sed

315 4734 381 4771 τε
410 4717 718 4790 γράμματα
748 4721 830 4783 είς
856 4719 1098 4791 ἐπήκοον
1134 4718 1558 4788 ἀναγνωσθῆναι
1607 4717 1904 4787 πεποίηκε,

316 4809 422 4862 καὶ
478 4810 640 4875 αὐτὸς
693 4811 1077 4883 ἀνεμίμνησκε
1130 4814 1232 4882 τῆς
1287 4808 1554 4880 ἀπηνείας
1615 4808 1907 4880 Ὀρμίσδου

312 4901 419 4957 καὶ
456 4903 553 4973 τῆς
584 4903 893 4975 ὠμότητος,
932 4904 1030 4959 καὶ
1055 4903 1144 4957 διὰ
1184 4901 1394 4958 τούτων
1436 4902 1670 4972 ἀντᾶραι
1718 4902 1911 4972 χεῖρας

311 4995 550 5067 ἠρέθισε
587 4998 732 5053 κατά
769 4997 863 5052 τοῦ
892 4996 1042 5066 σφῶν
1072 4994 1343 5068 ἀρχηγοῦ.
1391 4994 1745 5056 Ἐπελθόντες
1797 4992 1910 5064 (45)

306 5083 416 5142 οὖν
478 5087 678 5159 ἀθρόον
746 5087 899 5159 αὐτῷ
918 5126 933 5153 ,
1006 5088 1296 5160 κατέσχον,
1353 5087 1449 5142 καλ⁵
1517 5085 1772 5141 ἐνέϐαλον
1829 5087 1911 5148 εἰς

305 5178 571 5251 εἱρκτήν.
640 5180 701 5235 '0
748 5181 808 5236 δέ
857 5180 1161 5236 ὑποθέσθαι
1214 5181 1400 5244 αὐτοῖς
1454 5180 1586 5252 περὶ
1637 5178 1741 5247 τῆς
1800 5177 1907 5231 τῶν

307 5268 551 5338 Περσῶν
586 5271 765 5342 ἀρχῆς
793 5271 974 5341 ἠξίου,
1005 5271 1145 5326 ἅττα
1189 5269 1267 5340 τῷ
1298 5270 1442 5325 ἔθνει
1482 5269 1741 5339 γινώσκει
1767 5283 1907 5338 cup.-

305 5360 585 5432 φέροντα,
652 5363 749 5418 atat
806 5363 1165 5418 συνεϐούλευε
1222 5365 1299 5436 μὴ
1339 5363 1434 5418 τὸν
1482 5364 1736 5436 Χοσρόην
1786 5362 1904 5416 υίδν

302 5449 489 5505 αὑτοῦ
523 5452 657 5507 ὅντα
696 5453 1067 5526 προκριθῆναι
1125 5456 1207 5520 είς
1247 5455 1349 5527 τὴν
1382 5455 1578 5526 ἀρχὴν,
1624 5453 1904 5525 ἄπληστον

2005 4724 2175 4778 alium
2200 4736 2233 4776 e
2262 4720 2379 4774 suis
2410 4717 2557 4772 filiis.
2591 4714 2700 4771 Sed
2728 4715 2780 4770 ei
2805 4714 3094 4770 sententia.-
3118 4730 3416 4784 procerum
3448 4734 3587 4772 non.

2007 4814 2182 4871 nullis
2207 4810 2517 4881 relragatis,
2558 4807 2856 4879 populares
2896 4817 3089 4862 contra
3135 4822 3263 4862 eum
3298 4810 3584 4872 concitati.

2011 4906 2185 4961 ﬁlium
2214 4903 2301 4959 cui
2337 4915 2567 4973 regnum
2592 4900 2937 4962 decreverat,
2970 4908 3027 4953 et
3053 4907 3286 4953 matrem
3321 4900 3491 4965 illius,
3532 4902 3589 4957 in

2006 5005 2312 5067 conspectu
2368 4995 2490 5065 ejus
2547 4990 2735 5047 statim
2794 4989 3178 5046 occiderunt:
3229 4990 3346 5060 ipse
3413 4993 3591 5047 oculis

2010 5088 2209 5153 erutis,
2252 5088 2308 5141 in
2354 5098 2635 5141 carcerem
2675 5089 2998 5152 compactos
3036 5098 3055 5143 :
3099 5080 3373 5139 Chosroes
3406 5098 3438 5137 a
3475 5093 3588 5139 tota

2014 5187 2177 5247 gente
2208 5190 2303 5230 rex
2335 5174 2570 5229 electus.
2613 5170 2664 5226 is
2703 5169 2771 5225 ad
2802 5180 3019 5240 tempus
3046 5179 3256 5240 patrem
3302 5170 3442 5227 bene
3478 5181 3591 5226 tra-

2011 5267 2203 5330 ctavit,
2240 5272 2298 5320 et
2331 5278 2646 5334 quanquam
2674 5278 2704 5316 e
2734 5261 2988 5318 custodia
3034 5276 3148 5316 non
3190 5260 3401 5326 eduxit,
3434 5262 3490 5315 in
3522 5277 3586 5317 ea

2011 5366 2196 5413 tamen
2228 5369 2445 5411 omnem
2494 5354 2545 5409 ei
2578 5355 2791 5409 cultum
2826 5362 2882 5409 ct
2927 5351 3256 5421 obsequium
3309 5351 3587 5422 praestitit.

2008 5451 2249 5518 Quicum
2267 5448 2403 5503 nihil
2424 5446 2569 5518 quod
2583 5462 2622 5514 Aa
2644 5446 2756 5502 ﬁlio
2769 5445 3227 5517 proﬁcisceretur,
3253 5453 3464 5516 gratum
3488 5445 3589 5500 ha-

1512 5564 1716 5629 Varim
1758 5564 2071 5627 lectiones
2116 5566 2394 5622 etnotae.
2428 5536 2439 5562 ’

393 5684 509 5756 (Η)
568 5683 1050 5757 μαρτυρόπολιν.
1078 5684 1249 5757 Cujus
1284 5683 1442 5757 urbis
1506 5684 1758 5757 meminit
1791 5698 1903 5754 prta

303 5754 545 5813 caeteris
576 5754 900 5824 Simocatta,
946 5756 1043 5814 lib.
1075 5754 1297 5826 tv,'cap.
1330 5755 1396 5809 15
1431 5764 1488 5811 et
1535 5756 1905 5825 Theophanes

298 5844 418 5882 an.
461 5826 493 5880 5
525 5826 795 5881 Mauricii.

395 5895 511 5970 (42)
567 5897 932 5952 Γυναικείαν
980 5895 1230 5967 ἐσθῆτα.
1298 5895 1616 5966 Simocatta,
1676 5895 1772 5950 lib.
1824 5908 1905 5962 ιιι,

2008 5670 2131 5750 cap.
2188 5682 2258 5747 8;
2296 5680 2617 5768 Theophan.
2652 5695 2707 5749 p.
2734 5678 2863 5733 222.
2906 5676 3043 5734 Vide
3079 5676 3247 5736 Notas
3278 5680 3345 5736 ad
3389 5682 3593 5749 Cinna.

2014 5768 2185 5816 mum,
2220 5770 2273 5822 p.
2308 5752 2429 5805 651.
2772 5817 2783 5827 .

2015 5823 2675 5949 4.(345)6.‘l-::rs.10drtsc.
2730 5817 3052 5887 Stmocatta,
3102 5819 3202 5878 lib.
3250 5839 3328 5889 IV,
3384 5837 3503 5896 cap.
3535 5827 3590 5885 3.

2052 5932 2069 5962 ,
2104 5932 2158 5964 υ,
2206 5932 2259 5950 να
