4010 6542
270 368 407 433 1273

1501 355 1910 428 ANNALIUM
1945 367 2092 428 LIB.
2133 367 2292 430 XIV.

3367 367 3506 439 1974

330 473 531 541 Ἐοανε
573 483 634 540 δὶ
683 467 990 554 Μαυρίκιος
1025 480 1164 537 ἑτῶν
1198 467 1595 554 ἑξήκοντακαὶ
1638 481 1829 554 τριῶν,

1952 483 2044 558 30
2065 483 2314 540 Mortuus
2338 491 2424 540 est
2451 481 2750 542 Mauricius
2777 501 2923 543 anno
2949 487 3126 546 etatis
3168 473 3506 563 sexagesimo

259 580 432 634 εἴκοσι
467 576 791 648 βασιλεύσας
835 574 1137 640 ἐνιαυτούς.
1166 575 1332 629 Φωκᾶ
1355 573 1411 628 δὲ
1439 573 1834 645 κρατήσαντος,

262 673 293 725 ὁ
357 669 580 740 Ναρσῆς
624 667 976 739 ἀπεστάτησε
1025 667 1123 722 καὶ
1168 667 1401 737 κατέσχε
1443 666 1541 738 τὴν
1586 665 1835 722 Ἔδεσαν.

261 761 562 830 Προστάξει
595 761 652 817 δὲ
695 762 859 816 Φωκᾶ
888 759 1173 832 Γερμανὸς
1201 758 1280 831 τῷ
1315 759 1512 831 Ναρσῇ
1548 759 1842 832 άντιμαχε·

260 855 531 925 σάμενος,
587 853 1032 926 συμμαχουμένῳ
1061 853 1215 924 παρὰ
1258 851 1540 924 Χοσρόου,
1589 852 1840 924 ήττήθηο

263 948 357 1001 καὶ
402 946 637 1017 πληγεὶς
689 945 808 1016 μεθ’
833 945 1048 1016 ἡμέρας
1095 945 1347 1017 τέθνηκε.
1388 944 1543 999 Μετὰ
1581 943 1840 998 δὲταῦτα

256 1036 593 1107 καταφυγὼν
624 1037 704 1101 είς
735 1035 836 1108 τὴν
871 1037 1022 1107 ἱερὰν
1060 1036 1238 1105 πόλιν,
1279 1036 1527 1108 ’Ναρσῆς
1565 1036 1662 1091 καὶ
1690 1036 1841 1108 παρὰ

256 1131 356 1185 τοῦ
388 1131 621 1202 ἀδελφοῦ
647 1131 740 1185 τοῦ
785 1131 952 1184 Φωκᾶ
981 1131 1074 1184 τοῦ
1116 1130 1423 1202 μαγίστρου
1456 1129 1841 1200 Δομεντζιόλου

259 1226 480 1287 πίστεις
529 1225 786 1296 ὲνόρκους
813 1223 1015 1287 λαϐὼν,
1047 1223 1186 1294 πρὸς
1209 1225 1401 1278 Φωκᾶν
1432 1222 1735 1293 ἀπεστάλη.
1781 1221 1853 1276 '0

257 1317 316 1371 δὶ
351 1317 522 1388 μηδὲν
550 1317 676 1381 τοὺς
710 1317 905 1389 ὅρκους
934 1314 1276 1383 ὑποσταλεὶς,
1309 1317 1443 1386 πυρὶ
1467 1315 1631 1368 αὐτὸν
1661 1331 1843 1386 παραο

257 1411 519 1466 δέδωκεν.
548 1403 714 1472 Οὗτος
751 1410 781 1463 ό
817 1407 1049 1480 Ναρσῆς
1085 1410 1196 1480 (77)
1242 1409 1333 1463 τὸν
1367 1407 1461 1463 τοῦ
1497 1409 1652 1477 ἁγίου
1701 1408 1844 1462 Παν-

258 1503 590 1572 τελεήμονος
618 1500 746 1556 ναὸν
770 1501 1097 1571 ἑδομήσατο,
1131 1501 1228 1554 καὶ
1257 1500 1350 1554 τὸν
1380 1499 1488 1554 τῶν
1515 1502 1684 1569 ἁγίων
1707 1517 1849 1572 μαρ-

257 1592 443 1662 τύρων
489 1591 701 1662 Πρόσου
720 1632 736 1658 ,
775 1593 1029 1663 Ταράχου
1057 1629 1075 1658 ,
1101 1592 1199 1646 καὶ
1226 1591 1568 1662 Ἀνδρονίκου
1588 1634 1602 1658 ,
1632 1593 1726 1646 καὶ
1755 1592 1848 1646 τὸν

259 1686 386 1738 ἐκεῖ
433 1681 673 1738 Ξενῶνα.
698 1684 772 1737 Οὐ
801 1681 986 1737 τοῦτον
1008 1682 1066 1737 δὲ
1099 1682 1280 1754 μόνον,
1304 1682 1438 1736 ἀλλὰ
1459 1685 1554 1736 καὶ
1579 1681 1670 1736 τδν
1683 1683 1848 1736 ἀδελ-

259 1777 364 1845 φὺν
407 1776 720 1844 Μαυρικίου
769 1774 976 1846 Πέτρον
1025 1775 1224 1840 ἀνεῖλε,
1273 1776 1370 1828 καὶ
1418 1775 1700 1846 Γερμανὸν
1750 1774 1844 1829 τὸν

258 1867 527 1939 πενθερὸν
553 1866 835 1921 Θεοδοσίου
858 1867 952 1920 τοῦ
988 1867 1105 1921 υἱοῦ
1134 1868 1473 1940 Μαυρικίου,
1503 1869 1597 1922 καὶ
1618 1868 1716 1940 τὴν
1745 1868 1843 1923 Θυ-

267 1959 474 2030 γατέρα
521 1959 618 2013 τοῦ
646 1959 952 2032 Γερμανοῦ,
993 1959 1088 2012 καὶ
1135 1962 1318 2015 πᾶσαν
1350 1959 1451 2031 τὴν
1483 1959 1579 2014 τοῦ
1629 1961 1846 2030 Μαυριο

229 2053 232 2116 ξ
259 2051 386 2105 κίου
415 2051 763 2120 συγγένειαν.
817 2051 1146 2116 Φιλιππικδς
1180 2052 1238 2106 δὲ
1274 2051 1386 2123 (78)
1418 2051 1662 2123 κείρεται
1710 2052 1848 2124 κλη-

233 2139 462 2214 ’ρικδς,
521 2144 618 2196 κα)⁵
669 2144 753 2206 είς
779 2143 879 2211 τήν
937 2143 1104 2196 αὐτοῦ
1167 2143 1336 2214 μονὴν
1386 2145 1444 2198 ἐν
1504 2143 1846 2215 Χρυσοπόλει

261 2231 520 2303 διέτριϐε.
560 2235 670 2290 Καὶ
701 2234 900 2299 ἄλλους
940 2235 998 2288 δὶ
1025 2233 1258 2297 πολλοὺς
1298 2235 1536 2290 ἔκτεινεν
1562 2237 1591 2289 ό
1630 2238 1844 2303 Φωκᾶς,

260 2327 363 2379 καὶ
396 2329 611 2390 ποιναῖς
642 2326 910 2396 ἀπηνέσιν
939 2326 1187 2392 ἐκόλαζε.
1224 2326 1506 2399 Κυριακοῦ
1531 2329 1642 2399 (79)
1666 2329 1723 2384 δὲ
1750 2330 1845 2383 τοῦ

261 2419 610 2489 πατριάρχου
645 2419 963 2483 ἐκλιπόντος
1004 2420 1141 2491 μετὰ
1191 2421 1470 2484 ἐνιαυτοὺς
1500 2421 1692 2475 ἕνδεκα
1731 2421 1849 2487 £56-

260 2527 362 2564 του
405 2511 820 2582 προεχειρίσθη,
862 2511 1211 2585 πατριάρχης
1258 2513 1474 2582 ἐγένετο
1503 2513 1705 2582 Θωμᾶς
1733 2513 1844 2585 (80)

265 2602 650 2671 σακελλάριος,
679 2603 772 2656 καὶ
798 2602 898 2671 τῆς
931 2603 1191 2672 Μεγάλης
1238 2605 1538 2676 ἐκκλησίας
1579 2603 1844 2670 διάκονος.

265 2687 540 2760 Πολυειδῆ
582 2689 784 2761 μέντοι
808 2692 930 2744 τότε
959 2692 1109 2746 κακὰ
1128 2692 1255 2756 τοὺς
1285 2692 1586 2762 Ῥωμαίους
1619 2694 1850 2748 κατέλα-

269 2782 389 2852 βεν.
427 2780 518 2835 Ἓν
563 2781 662 2851 μὲν
692 2781 800 2852 γάρ
826 2785 895 2854 τῇ
942 2781 1093 2854 Ἕῴᾳ
1123 2784 1331 2856 Πέρσαι
1355 2784 1453 2857 τὴν
1498 2785 1718 2856 Συρίαν,
1755 2787 1851 2841 καὶ

267 2873 659 2945 Παλαιστίνην,
698 2875 792 2928 καὶ
821 2876 1076 2949 Φοινίκην
1107 2877 1198 2947 ὑφ’
1239 2878 1467 2942 ἑαυτοὺς
1498 2878 1846 2950 ἐποιήσαντο.

270 2969 388 3040 Τὴν
423 2969 716 3041 ⁹Δρμιενίαν
745 2971 825 3038 δὲ,
857 2971 951 3025 κα)⁵
985 2973 1406 3041 Καππαδοκίαν,
1453 2991 1548 3028 και
1585 2975 1685 3045 τὴν
1735 2975 1849 3028 Πα-

271 3058 609 3128 φλαγονίαν,
653 3061 751 3114 καὶ
795 3059 1072 3115 Γαλατίαν
1120 3061 1500 3133 κατέδραμον,
1544 3063 1640 3116 καὶ
1685 3063 1847 3134 μέχρι

1938 577 2126 645 tertio,
2155 577 2310 650 regni
2336 578 2614 635 vicesimo.
2657 579 2840 636 Phoca
2867 595 3049 638 rerum
3079 585 3270 654 potito,
3305 585 3508 641 Narses

1938 668 2008 725 ab
2035 684 2104 726 eo
2134 669 2353 735 defecit,
2380 671 2586 727 Edessa
2624 683 2908 744 occupata,
2941 683 2998 730 et
3039 677 3278 746 acceptis
3306 693 3337 732 ιι
3364 677 3508 732 Cho-

1941 776 2067 818 sroe
2104 763 2322 818 auxiliis
2355 781 2370 818 :
2407 773 2596 819 contra
2618 777 2782 834 quem
2815 764 2974 836 jussu
2997 765 3192 822 Phoce:
3221 762 3501 837 profectus

1939 853 2265 920 Germanus,
2293 856 2472 912 victus
2497 864 2605 919 est.
2630 865 2688 912 et
2717 865 2839 926 post
2869 857 3082 926 aliquot
3118 857 3240 913 dies
3269 874 3336 913 ex
3389 859 3514 912 vul-

1939 963 2074 1004 nere
2102 955 2375 1004 mortuus.
2407 947 2609 1004 Narses
2634 965 2770 1004 vero
2803 964 2929 1004 cum
2953 949 3290 1019 Hierapolim
3318 949 3514 1006 confu-

1943 1039 2129 1112 gisset,
2159 1040 2520 1112 jurejurando
2550 1039 2763 1096 firmata
2788 1040 2915 1103 ﬁde,
2952 1056 2983 1096 a
3005 1042 3175 1096 fratre
3215 1044 3518 1111 imperato-

1944 1132 2022 1188 ris
2053 1132 2399 1189 Domentiolo
2433 1133 2719 1204 magistro,
2757 1134 2824 1188 ad
2878 1134 3116 1189 Phoeam
3158 1134 3363 1188 missus
3405 1142 3513 1200 est,

1944 1223 2208 1292 nullaque
2247 1222 2388 1278 datae
2417 1221 2544 1278 ﬁdei
2574 1223 2788 1279 ratione
2830 1223 3041 1288 habita,
3074 1230 3369 1278 crematus.
3415 1221 3517 1278 Hic

1943 1314 2145 1370 Narses
2173 1313 2285 1369 divi
2316 1315 2753 1371 Panteleemonis
2776 1323 2831 1371 et
2861 1324 3176 1370 sanctorum
3217 1323 3515 1386 martyrum

1945 1406 2134 1472 Probi,
2167 1406 2402 1464 Tarachi
2429 1417 2484 1464 et
2514 1408 2815 1465 Andronici
2844 1409 3038 1474 aedem,
3072 1417 3238 1479 atque
3271 1409 3515 1464 vicinum

1947 1497 2247 1568 hospitium
2275 1499 2542 1554 condidit.
2568 1500 2756 1570 Neque
2776 1514 2908 1555 vero
2940 1499 3088 1554 hunc
3117 1499 3318 1566 solum,
3342 1500 3438 1556 sed
3463 1506 3520 1555 et
3555 1515 3557 1518 ‘
3655 1515 3682 1529 ε

1948 1591 2170 1647 Petrum
2199 1593 2450 1655 fratrem,
2497 1606 2797 1662 omnesque
2846 1589 3093 1645 Mauricii
3142 1599 3425 1661 cognatos,
3463 1597 3520 1644 et

1947 1682 2282 1738 Germanum
2325 1680 2626 1737 Theodosii
2671 1679 2768 1734 ﬁlii
2798 1680 2944 1734 illius
2973 1693 3222 1735 socerum
3251 1691 3362 1732 una
3393 1691 3528 1731 cum

1950 1773 2063 1829 illia
2089 1773 2314 1829 occidit.
2377 1772 2724 1842 Philippicus
2782 1782 2968 1827 autem
3032 1771 3266 1826 clericus
3320 1768 3522 1827 factus.

1945 1865 2269 1938 Chrysopoli
2303 1865 2356 1919 in
2383 1863 2720 1919 monasterio
2745 1879 2775 1916 a
2800 1875 2861 1917 se
2885 1861 3134 1924 condito,
3177 1860 3345 1914 vitam
3390 1857 3522 1928 egit.

1949 1960 2152 2015 Multos
2181 1965 2449 2028 praeterea
2477 1955 2704 2011 sustulit
2724 1953 2957 2017 Phocas,
2991 1962 3048 2008 et
3081 1953 3217 2007 diris
3240 1951 3528 2020 suppliciis

1947 2049 2151 2106 affecit.
2174 2047 2404 2121 Cyriaco
2423 2044 2758 2117 [atriarcba,
2779 2043 3069 2098 undecimo
3093 2058 3121 2096 a
3147 2041 3528 2111 designatione
3641 2031 3648 2037 ”

1949 2156 2095 2196 anno
2132 2148 2374 2202 mortuo,
2406 2134 2718 2208 patriarcha
2757 2133 2935 2190 factus
2959 2147 3044 2190 est
3068 2135 3308 2188 Thomas
3339 2132 3516 2186 sacel-

1946 2233 2140 2299 larius,
2187 2232 2393 2303 Magnae
2438 2231 2684 2286 ecclesiae
2740 2229 3026 2284 diaconus.
3099 2226 3180 2279 Eo
3250 2232 3521 2292 tempore,

1947 2324 2120 2381 variis
2144 2325 2303 2380 malis
2327 2322 2563 2379 Romani
2595 2330 2724 2377 sunt
2744 2318 3015 2390 oppressi.
3051 2316 3184 2372 Nam
3217 2315 3271 2369 in
3299 2313 3524 2369 Oriente

1947 2420 2151 2483 Persae,
2181 2415 2418 2489 Syriam,
2445 2413 2791 2469 Palazstinam
2825 2419 2881 2466 et
2910 2407 3249 2464 Phoenicium
3289 2406 3526 2474 subege-

1950 2520 2117 2567 runt:
2152 2509 2208 2563 in
2238 2506 2576 2569 Armeniam,
2619 2501 3044 2573 Cappadociam,
3095 2497 3525 2567 Paphlagoniam

1949 2609 2008 2658 et
2053 2597 2322 2656 Galatiam
2385 2594 2735 2650 incursiones
2798 2592 3072 2653 fecerunt,
3144 2581 3529 2655 populabundi

1949 2693 2354 2751 Chalcedonem
2379 2701 2555 2757 usque
2583 2683 2882 2756 progressi.
2932 2680 2988 2734 In
3029 2679 3270 2747 Europa,
3320 2675 3527 2730 Avares

1951 2783 2240 2839 Thraciam
2307 2783 2635 2840 vastarunt,
2723 2774 3096 2840 Romanaeque
3161 2766 3404 2836 legiones
3466 2762 3528 2816 in

1951 2877 2220 2934 ambabus
2246 2873 2495 2945 partibus
2541 2868 2847 2940 perierunt.
2902 2859 3222 2930 Absumpsit
3261 2864 3316 2912 et
3355 2853 3528 2925 pesti-

1951 2971 2121 3027 lentia
2174 2969 2382 3023 multos
2443 2962 2727 3025 mortales,
2799 2953 3245 3028 gravissimeque
3313 2959 3526 3016 tempe-

1951 3073 2121 3120 states
2145 3071 2202 3116 et
2229 3060 2444 3130 frugum
2469 3066 2524 3111 et
2544 3051 2860 3110 animalium
2892 3045 3172 3103 interitum
3197 3040 3524 3096 attulerunt.

271 3151 620 3220 Χαλκηδόνος
650 3152 1014 3222 προήλθοσαν,
1058 3131 1633 3226 ἄπανταήληΐζόμενοι.
1679 3131 1768 3208 Ἕν
1793 3131 1847 3208 δὲ

1952 3155 2133 3225 Super
2175 3153 2294 3207 haec
2321 3149 2504 3205 omnia
2552 3144 2725 3216 pestis
2770 3137 2996 3194 humani
3031 3133 3249 3206 generis
3291 3131 3524 3185 Phocas.

269 3245 339 3314 τῇ
371 3245 609 3318 Εὐρώπῃ
637 3244 882 3317 ’Δσαρες
909 3243 1024 3317 (81)
1055 3245 1156 3315 τὴν
1184 3245 1408 3317 Θρᾴκην
1445 3247 1715 3318 ἐδῄωσαν,
1747 3246 1847 3300 και)⁸

1953 3263 2080 3304 cum
2111 3246 2298 3301 nescio
2320 3242 2450 3312 quid
2483 3239 2749 3294 factiones
2774 3235 2829 3288 in
2859 3247 2984 3288 eum
3015 3227 3281 3284 cavillatu:
3313 3229 3524 3285 essent,

268 3335 344 3387 τὰ
405 3333 690 3402 Ῥωμαϊκά
742 3333 1087 3405 στρατόπεδα
1132 3332 1170 3388 ἃ.
1225 3335 1282 3386 ὲν
1327 3334 1660 3404 ἀμφοτέροις
1704 3328 1847 3404 ἦσαν

268 3425 385 3487 τοῖς
407 3425 683 3494 τμήμασι,
712 3423 1103 3494 διεφθάρησαν,
1137 3422 1237 3478 καὶ
1261 3422 1437 3487 άλλως
1459 3423 1516 3476 δὲ
1539 3421 1709 3493 πολλὴ
1737 3422 1850 3475 τῶν

271 3513 581 3588 ἀνθρώπων
627 3514 818 3584 θνῆσις
859 3515 1096 3584 ἐγένετο,
1127 3515 1221 3569 καὶ
1251 3516 1453 3587 ἀφορία
1476 3516 1728 3587 καρπῶν,
1753 3516 1850 3569 καὶ

271 3607 430 3674 ζώων
463 3607 639 3679 φθορὰ
663 3608 730 3661 ὲκ
764 3607 1088 3680 βαρυτάτων
1110 3607 1422 3678 χειμώνων.
1448 3607 1574 3661 Ἐπὶ
1599 3609 1734 3662 πᾶσι
1755 3613 1851 3662 καὶ

271 3700 305 3754 ὁ
327 3701 582 3774 ἀλάστωρ
621 3704 817 3765 Φωκεῖς
840 3703 898 3756 ἐν
924 3704 1104 3757 ἵππων
1132 3704 1339 3777 ἁμίλλῃ
1357 3704 1467 3758 τῶν
1498 3705 1686 3775 δήμων
1715 3703 1852 3776 πρὸς

272 3793 434 3845 αὐτόν
461 3810 514 3845 τι
538 3793 980 3862 ἀποσκωψάντων
1007 3795 1265 3864 ἐκμανεὶς
1283 3794 1511 3857 πολλοὺς
1534 3794 1632 3865 μὲν
1651 3795 1850 3862 ἀνεῖλε,

272 3887 506 3950 πολῖοὓς
531 3886 588 3940 δὲ
625 3887 1072 3958 ὴκρωτηρίασεν,
1116 3888 1295 3952 ἐνίους
1329 3889 1512 3959 μέντοι
1544 3888 1641 3940 καὶ
1683 3905 1852 3942 κατεο

271 3982 551 4036 πόντωσε·
590 3983 876 4046 πλείστους
902 3983 959 4036 δὲ
991 3983 1084 4036 καὶ
1125 3982 1202 4054 τῷ
1241 3983 1469 4053 ἐπάρχῳ
1510 3983 1848 4053 παρέδωκεν,

275 4075 361 4126 ἵνα
386 4074 587 4148 κολάσῃ
616 4075 836 4140 αὐτοὺς,
851 4075 900 4127 οἳ
920 4077 977 4126 ἐν
996 4075 1076 4144 τῷ
1100 4075 1410 4146 πραιτωρίῳ
1429 4073 1850 4145 καθείρχθησαν.

275 4167 338 4219 Oi
369 4165 424 4218 δὲ
454 4166 598 4236 ὄχλοι
627 4165 762 4235 ὁμοῦ
809 4165 1120 4236 γενόμενοι,
1156 4165 1465 4238 ἐνέπρησαν
1510 4165 1571 4219 τὸ
1609 4165 1852 4235 πραιτὼ-

275 4273 415 4328 ριον,
447 4257 540 4311 καὶ
567 4258 616 4309 οί
648 4257 1038 4327 καθειργμένοι
1060 4256 1338 4326 διέφυγον.
1375 4257 1617 4327 Ἑϐραῖοι
1639 4257 1696 4310 δὲ
1721 4275 1853 4311 στα-

275 4352 568 4412 σιάσαντες
611 4348 752 4403 κατὰ
791 4349 1142 4420 Χριστιανῶν
1181 4350 1240 4401 ὲν
1283 4350 1612 4420 Ἀντιοχείᾳ,
1643 4349 1854 4402 ἀνεῖλον

272 4443 382 4496 τῶν
423 4439 747 4512 Ἀντιοχέων
775 4442 1034 4506 πολλοὺς,
1072 4442 1166 4495 καὶ
1197 4443 1356 4496 αὐτὸν
1380 4442 1478 4495 καὶ
1519 4443 1614 4496 τὸν
1655 4459 1852 4512 πατρι-

1950 3343 2140 3397 furore
2183 3336 2429 3408 percitus
2461 3331 2668 3386 multos
2707 3325 2938 3390 occidit,
2988 3321 3193 3377 multos
3224 3315 3525 3377 truncavit,

1950 3430 2247 3490 nonnullos
2299 3427 2358 3481 in
2417 3423 2554 3479 mari
2606 3417 2890 3480 demersit,
2928 3413 3026 3470 sed
3075 3411 3348 3482 plurimos
3384 3421 3526 3476 pra:-

1951 3528 2098 3583 fecto
2128 3523 2198 3578 ad
2225 3517 2557 3592 supplicium
2599 3513 2656 3568 in
2697 3506 2960 3582 praetorio
2992 3499 3385 3561 custodiendos
3414 3506 3527 3550 tra-

1951 3617 2122 3683 didit,
2153 3629 2262 3684 quo
2297 3627 2329 3666 a
2372 3605 2724 3664 multitudine
2762 3602 3015 3664 incenso,
3052 3595 3132 3650 illi
3163 3592 3522 3684 diffugerunt.

1955 3682 2130 3766 Judaai
2169 3682 2411 3775 quoque,
2443 3710 2593 3752 mota
2622 3692 2927 3751 Antiochiae
2957 3699 3148 3745 contra
3185 3682 3528 3738 Christianos

1953 3773 2250 3862 seditione,
2283 3794 2488 3850 multos
2521 3789 2866 3849 occiderunt,
2898 3793 3063 3852 atque
3089 3781 3268 3850 ipsum
3297 3773 3529 3846 patriar-

1951 3893 2108 3948 eham
2130 3883 2736 3954 Anastaslum,ejusque
2774 3875 3006 3933 cadaver
3031 3872 3085 3927 in
3117 3871 3234 3926 foro
3269 3867 3524 3923 combus-

1951 3992 2159 4042 serunt.
2187 3981 2294 4036 Eos
2311 3979 2519 4034 Phocas
2542 3973 2738 4046 partim
2771 3968 2993 4033 occidit,
3019 3963 3218 4036 partim
3249 3960 3538 4014 mutilatos

1951 4077 2089 4133 urbe
2109 4072 2309 4144 exegit.
2329 4071 2568 4126 Thomas
2593 4063 2899 4135 patriarcha
2921 4074 3046 4116 cum
3070 4055 3326 4110 Ecclesia:
3353 4051 3527 4104 trien-

1952 4172 2106 4226 nium
2132 4167 2468 4239 prmfuisset,
2498 4161 2634 4216 obiit
2661 4177 2675 4213 :
2697 4158 2754 4212 in
2775 4157 2931 4226 cujus
2949 4155 3126 4207 locum
3152 4147 3413 4202 suﬂ‘cctns
3441 4154 3539 4196 est.

1954 4261 2199 4334 Sergius,
2231 4259 2435 4328 Magna:
2469 4250 2716 4309 ecclesia:
2738 4249 3024 4302 diaconus.
3044 4243 3234 4298 Filiam
3256 4241 3544 4293 Domncn~

1957 4357 2088 4410 tiam
2119 4353 2312 4408 Prisco
2347 4349 2474 4403 duci
2507 4343 2790 4414 copiarum
2822 4335 3136 4408 despondit,
3161 4334 3267 4403 81
3296 4343 3551 4396 cumqtnr

1956 4455 2083 4518 post
2101 4442 2322 4514 nuptias
2337 4439 2485 4495 ludis
2505 4432 2881 4507 equestribus,
2905 4427 3077 4485 Prisci
3101 4423 3397 4518 uxorisque
3422 4420 3497 4472 Dn
3513 4447 3534 4458 ι

274 4538 452 4608 άρχην
481 4535 580 4606 τῆς
606 4511 822 4599 πόλεως
865 4535 1222 4589 Ἀναστάσιον
1255 4534 1390 4604 (82),
1421 4534 1514 4588 καὶ
1539 4533 1630 4588 τὸν
1659 4511 1847 4603 νεκρὸν

1958 4511 2216 4592 mnentiae
2253 4530 2692 4601 imaginesjuxta
2711 4538 2841 4580 suas
2871 4529 3049 4576 astare
3068 4517 3314 4577 vidisset,
3341 4514 3534 4566 furore

274 4628 439 4682 αὐτοῦ
465 4628 809 4682 κατέκαυσαν
828 4628 887 4681 ἐν
903 4631 968 4698 τῇ
992 4627 1185 4698 ἀγορᾷ.
1201 4627 1421 4688 Στείλας
1437 4625 1492 4678 δὲ
1506 4626 1534 4678 ὁ
1549 4626 1743 4688 Φωκᾶς
1761 4623 1857 4688 οὓς

279 4722 376 4790 μὲν
410 4720 644 4786 ἀνεῖλεν,
679 4719 772 4783 οὒς
787 4719 842 4772 δὲ
871 4719 1304 4789 ήκρωτηρίασεν,
1339 4717 1597 4782 ὲκδιὼξας
1623 4717 1725 4786 τῆς
1756 4715 1857 4770 πό·

276 4811 434 4874 λεως.
470 4809 530 4865 ’0
574 4814 755 4882 μέντοι
790 4799 1131 4883 πατριάρχης
1149 4811 1352 4881 Θωμᾶς
1375 4811 1466 4864 ἐπὶ
1497 4811 1622 4880 τρία
1641 4809 1734 4881 ἔτη
1763 4809 1860 4862 καὶ

279 4903 352 4975 μῆ
368 4921 452 4970 la;
470 4904 563 4957 δύο
575 4903 674 4974 τῆς
686 4903 981 4974 ἐκκλησίας
992 4902 1254 4974 προστὰς,
1272 4901 1588 4971 ἐτελεύτησε
1603 4901 1715 4972 (85)
1726 4941 1739 4963 ,
1761 4900 1864 4954 καί..

1961 4627 2248 4698 percitus,
2328 4621 2625 4677 factionum
2699 4616 2870 4671 duces
2940 4606 3259 4666 obtruncari
3322 4603 3534 4698 jussit,

1965 4692 2171 4785 eosque
2222 4727 2370 4783 agre
2407 4727 2436 4764 a
2464 4706 2802 4764 factionibus
2831 4709 3093 4758 exoratus
3136 4696 3334 4750 missos
3377 4692 3530 4748 fecit.

1963 4808 2040 4863 Ea
2066 4783 2135 4860 de
2163 4817 2330 4859 causa
2384 4801 2608 4856 Priscus
2653 4799 2778 4850 vitae
2823 4808 2938 4848 sua:
2987 4798 3264 4849 metuens,
3299 4783 3532 4839 consilia

1966 4897 2200 4954 tollendi
2251 4891 2466 4966 tyranni
2515 4890 2659 4955 iniit,
2714 4885 2808 4959 qui
2847 4898 2974 4941 cum
3023 4888 3078 4937 et
3130 4879 3186 4935 in
3237 4877 3536 4932 mulierum

1477 5059 1676 5121 Variae
1717 5057 2022 5120 lectiones
2065 5063 2126 5118 et
2168 5058 2357 5117 notae.

351 5226 572 5354 (27‘9‘1'0
603 5224 869 5296 Ναρσῆς.
912 5222 1232 5296 Theophan,
1263 5231 1319 5277 et
1361 5221 1646 5278 Cedrcnus
1676 5234 1766 5274 an.
1817 5218 1843 5272 1

504 5313 636 5352 ocae.

279 5309 330 5358 et
356 5301 393 5354 2
419 5301 636 5354 Phocea.

347 5371 460 5438 (78)
514 5367 875 5438 ﬁdngzdc
910 5364 1022 5438 es.
1051 5361 1502 5438 Theophan.__an.
1536 5362 1582 5438 _4

281 5430 546 5496 Obiit'an.
575 5438 700 5501 612,
731 5430 984 5492 Heraclio
1011 5430 1332 5503 imperante.
1364 5430 1591 5503 Niecpli.
1623 5430 1727 5484 (ΣΡ.

351 5511 462 5579 (79)
500 5500 819 5579 Κυριακοῦ.
849 5500 1284 5579 Obiit_Cyriacus
1309 5503 1380 5558 29
1420 5500 1616 5558 Octob.
1644 5514 1790 5556 anno
1816 5502 1849 5552 ὃ

281 5575 495 5642 Phocus.
535 5575 595 5634 ut
627 5578 792 5635 estin
827 5575 1081 5632 Chronico
1104 5575 1252 5630 Alex.

349 5651 460 5720 (80)
486 5639 718 5718 Θωμᾶς.
747 5647 977 5720 Creatus
1011 5647 1079 5700 23
1111 5645 1334 5720 Ianuar.
1366 5656 1510 5697 anno
1553 5641 1585 5720 1
1625 5639 1842 5720 ῐηιρςλπ*Γ

285 5711 454 5788 (Ideni
507 5711 723 5787 Chron.)
761 5717 914 5771 Illius
945 5715 1282 5788 memoriam
1327 5721 1509 5786 agunt.
1547 5711 1717 5768 Graeci
1777 5711 1834 5765 2|

285 5786 480 5861 Martii,
507 5800 562 5847 ut
588 5799 667 5848 est
692 5786 745 5847 in
769 5786 1006 5845 Menaeis.

2022 5214 2436 5290 (81)-Ἀϐᾳρεᾳ
2466 5209 2710 5290 Quorum
2743 5207 3004 5290 frequens
3032 5196 3524 5290 menotio‘iu’ﬁuu-

1945 5267 2430 5341 eicis-(Annalibus.
2461 5267 2775 5335 Chronieon
2801 5267 2862 5332 δί
2893 5275 3162 5332 Vincentii
3195 5272 3263 5324 de
3299 5267 3522 5341 vultur:

2336 5352 2380 5406 Α
2401 5350 2611 5406 Cacano
2638 5364 2755 5419 rege
2784 5348 3096 5407 Avarorum,
3133 5343 3221 5411 qui
3264 5347 3312 5391 et
3341 5335 3522 5390 Hunni

1946 5427 2217 5480 dicuntur.

2020 5476 2586 5564 (82")7V‘Arao'rrdqtor.
2624 5487 2703 5543 Ita
2734 5485 2901 5564 etiam
2935 5481 3301 5564 Theophanes
3339 5487 3394 5532 et
3417 5476 3530 5564 Cc:

1950 5549 2176 5626 drenus.
2221 5579 2310 5617 an.
2367 5563 2398 5615 7
2450 5559 2644 5614 Phorm
2675 5577 2686 5612 :
2720 5568 2775 5612 at
2810 5549 3120 5626 Chronico}:
3160 5549 3315 5626 Alex.
3349 5565 3440 5602 an.
3485 5550 3530 5601 8‘

1951 5621 2203 5706 ejusdem
2230 5634 2483 5706 Phocaea
2515 5625 3189 5706 militibus'intergnptnm
3223 5621 3318 5706 ait.

2027 5687 2140 5770 (85)
2193 5702 2608 5767 Ἐτελεύτησε.
2656 5696 2896 5770 __h_lorit_ur
2939 5687 3188 5770 ΔἸξιιὸιιιειιι
3242 5691 3388 5746 Patr.
3447 5687 3531 5740 ειν

1955 5761 2132 5831 Martii
2157 5789 2302 5829 anno
2332 5774 2362 5825 8
2392 5761 2606 5827 I‘bucat.
2644 5765 2882 5822 Chronic.
2917 5761 3068 5817 Alex.
