3962 6552
143 353 295 448 ἠπ

1403 383 1816 448 ΑΝΝΑΙᾸῙῙΗ
1847 385 1999 452 LIB.
2041 390 2197 456 XIV.

3286 399 3426 464 1278

164 496 429 568 στεφθεὶς,
457 497 659 554 αὐτίκα
688 499 782 554 καὶ
807 499 906 572 τήν
931 497 1195 557 Εύδοκίαν
1220 499 1322 573 τήν
1349 499 1594 573 μνηστὴν
1619 510 1741 554 ται·
1765 543 1772 558 .

1879 508 2024 569 atus,
2050 503 2238 560 statim
2277 502 2447 562 etiam
2475 503 2777 562 Eudoeiam
2823 521 3080 578 sponsam
3112 505 3425 575 diademate

161 595 292 657 νιοῖ,
325 592 422 646 καὶ
457 592 574 663 ἅμα
604 592 674 647 τά
702 609 759 649 τε
792 593 1042 665 βασίλεια
1075 594 1248 664 στέφη
1274 595 1372 649 καὶ
1398 595 1527 658 τοὺς
1554 609 1740 663 γαμη-

162 683 303 747 λίους
349 686 650 755 στεφάνους
701 687 987 753 ἐδέξαντο,
1037 686 1180 741 ὥστε
1230 686 1375 742 κατά
1419 687 1520 757 τὴν
1569 685 1739 756 αὐτὴν

163 777 372 849 ἡμέραν
410 778 503 830 καὶ
535 778 774 850 βασιλεῖς
815 781 986 851 ἄμφω
1026 780 1364 852 χρηματίσαι
1405 779 1606 842 αὐτοὺς
1644 777 1742 833 καὶ

162 870 448 940 νυμφίους.
481 873 548 925 Οί
578 871 637 926 δέ
672 888 736 941 γε
769 873 982 944 Πέρσαι
1017 873 1127 945 (89)
1161 873 1264 942 τὴν
1299 871 1444 945 ἑῴαν
1474 872 1742 940 κατέτρε-

162 977 251 1034 χον
267 1000 283 1026 ,
316 963 415 1015 καὶ
443 963 541 1024 τὰς
575 964 672 1033 μὲν
693 964 808 1016 τῶν
833 965 1030 1036 χωρῶν
1056 963 1147 1035 ὕφ’
1173 967 1400 1031 ἑαυτοὺς
1429 963 1742 1030 ἐποιοῦντο,

162 1055 255 1118 τὰς
285 1055 341 1108 δὲ
373 1054 672 1126 ὲληῖζοντο,
703 1057 801 1110 καὶ
829 1058 862 1128 ή
895 1057 1179 1132 Ῥωμαῖκὴ
1209 1059 1440 1131 στρατιά
1469 1055 1748 1129 προσϐάλ-

161 1150 324 1202 λουσα
357 1151 568 1213 τούτοις
601 1150 808 1221 ἥττητο
849 1151 946 1205 καὶ
978 1151 1261 1218 διώλλυτο,
1300 1151 1549 1223 βραχέων
1581 1151 1744 1205 τινῶν

165 1240 582 1312 περισωθέντων
623 1246 793 1313 φυγῇ.
836 1244 948 1298 Καὶ
990 1242 1088 1314 τὴν
1131 1243 1406 1316 Εὐρώπην
1444 1245 1496 1299 οἱ
1514 1243 1747 1316 ’Δϐαροι

165 1331 258 1384 καὶ
285 1333 335 1383 oi
367 1331 569 1386 Σκύθαι
600 1334 926 1404 ἠρήμωσαν.
959 1335 1052 1388 Διὸ
1083 1336 1177 1390 καὶ
1206 1335 1402 1408 ἠπόρει
1432 1336 1460 1389 ό
1493 1335 1749 1406 βασιλεὺς

175 1423 498 1492 Ἡράκλειος
523 1425 620 1479 ὅτι
647 1431 740 1480 καὶ
763 1426 972 1496 δράσει.
992 1428 1464 1498 Ἐπισκεψάμενος
1489 1428 1598 1498 γὰρ
1623 1427 1750 1492 τοὺς

167 1518 598 1586 στρατιωτικοὺς
625 1518 960 1588 καταλόγους
980 1563 995 1586 ,
1029 1521 1172 1575 πάνυ
1201 1520 1424 1584 τούτους
1452 1513 1581 1594 εὗρε
1613 1519 1750 1592 βρα-

172 1613 297 1680 ίεῖς,
327 1612 584 1668 ἁπάντων
613 1613 800 1684 σχεδὸν
825 1615 882 1667 ὲν
908 1617 1022 1678 τοῖς
1051 1614 1310 1687 πολέμοις
1336 1615 1748 1672 ἀναλωθέντων.

177 1703 274 1756 Ἐκ
307 1705 419 1774 γάρ
450 1703 562 1757 τῶν
591 1705 705 1776 (90)
737 1706 828 1760 ἐπὶ
861 1705 1172 1778 Μαυρικίου
1205 1707 1298 1761 τὸν
1326 1709 1521 1762 Φωκᾶν
1550 1708 1754 1777 ἀναγο-

1839 604 2021 652 ornat.
2055 596 2133 654 ita
2175 598 2339 654 simul
2366 610 2422 654 et
2451 599 2835 670 imperatorias
2859 609 2918 655 et
2944 603 3220 673 nuptiales
3261 621 3426 663 eom-

1841 703 1941 744 nas
2010 699 2360 762 acceperunt,
2402 693 2597 748 eodem
2658 691 2749 748 die
2803 700 2859 748 et
2937 693 3296 763 imperatores
3367 707 3428 758 et

1842 779 2028 850 sponsi
2069 780 2348 851 appellati.
2385 783 2455 837 At
2497 783 2703 849 Persae,
2759 782 3066 841 Orientales
3113 787 3426 857 provincias

1844 869 2216 938 incursantes,
2266 873 2403 930 alias
2438 873 2788 946 subegerant,
2837 875 2972 932 alias
3016 877 3427 948 praedabantur,

1844 964 2213 1036 Romanaeque
2253 966 2499 1038 legiones
2527 968 2596 1024 ab
2619 967 2701 1023 eis
2730 968 2890 1025 victae
2936 985 3199 1042 caesaeque
3240 979 3428 1026 erant-

1844 1059 2039 1130 paucis
2084 1059 2211 1131 fuga
2259 1060 2479 1131 elapsis.
2531 1060 2804 1132 Europam
2867 1061 3082 1135 Scytha:
3125 1072 3182 1120 et
3223 1062 3432 1119 Avares

1845 1160 2152 1209 vastarent.
2201 1154 2334 1221 Qua:
2379 1170 2470 1210 res
2523 1154 2912 1223 imperatorem
2974 1157 3144 1212 animi
3197 1157 3430 1216 dubium

1847 1243 2175 1302 reddebant.
2219 1245 2356 1301 Nam
2405 1246 2462 1303 in
2511 1246 2847 1304 militaribus
2909 1249 3173 1320 catalogis
3222 1263 3432 1320 paucos

1849 1337 2076 1392 omnino
2108 1339 2438 1408 reperiebat,
2471 1355 2612 1409 pene
2635 1341 2892 1396 omnibus
2923 1340 3069 1397 bello
3100 1341 3431 1412 absumptis.

1849 1429 1932 1486 Ex
1961 1430 2147 1486 multis
2189 1431 2337 1487 enim
2379 1447 2570 1488 eorum
2607 1433 2870 1500 millibus,
2899 1433 2994 1504 qui
3036 1434 3140 1489 sub
3167 1433 3430 1489 Mauricio

1851 1523 2092 1580 Pbocam
2140 1523 2530 1594 imperatorem
2589 1528 3016 1593 consalutarant,
3066 1526 3176 1582 duo
3216 1535 3432 1583 tantum

1853 1617 2057 1673 milites
2106 1616 2304 1688 reliqui
2351 1627 2480 1672 sunt
2509 1617 2737 1672 inventi.
2769 1618 2972 1674 Verum
3023 1617 3238 1674 delectu
3285 1627 3432 1683 acto,

1853 1708 2109 1780 Crispum
2160 1725 2286 1766 cum
2340 1710 2574 1782 imperio
2599 1709 2651 1764 in
2683 1707 3082 1780 Cappadociam
3134 1710 3320 1765 mittit.
3353 1710 3436 1766 Ex

171 1798 486 1869 ,σωσάντων
521 1799 600 1859 είς
646 1797 849 1862 πολλὰς
889 1798 1132 1870 χιλιάδας
1169 1800 1626 1873 ἀριθμουμένων,
1660 1799 1754 1854 δύο

1876 1803 2099 1859 Ξυίίοεῑσ
2149 1802 2435 1880 Augusta,
2495 1817 2658 1873 quam
2710 1809 2766 1857 et
2813 1799 3037 1855 Fabiam
3090 1800 3437 1868 nominavit,

173 1889 326 1961 μόνοι
365 1889 695 1963 στρατιῶται
733 1890 1172 1963 περιλειφθέντες
1209 1893 1531 1966 εὑρέθησαν.
1568 1895 1756 1966 Στραο

168 1982 474 2054 τολογήσας
492 1979 587 2037 οὖν
610 1984 858 2055 Κρίσπον
881 1985 1184 2056 στρατηγὸν
1207 1986 1604 2050 Καππαδοκίας
1625 2004 1758 2058 προ-

173 2074 425 2130 σάλλεται
446 2115 460 2139 .
497 2075 592 2132 καὶ
628 2076 838 2132 στέλλει
869 2077 1062 2133 τοῦτον
1095 2081 1232 2135 ἐκεῖ.
1270 2079 1485 2136 Γίνεται
1517 2081 1575 2136 δὲ
1608 2080 1759 2153 αὐτῷ

174 2170 235 2224 ἐκ
278 2170 386 2241 τῆς
427 2171 747 2240 Αύγούστης
791 2173 1075 2240 Εύδοκίας,
1123 2177 1193 2248 ήν
1236 2175 1331 2229 κα).
1376 2175 1580 2232 Φαδίαν
1625 2174 1762 2229 ὠνό-

179 2279 318 2335 μασε
339 2305 355 2330 ,
389 2263 638 2336 Θυγάτηρ
671 2264 989 2336 Ἑπιφανία.
1021 2265 1158 2322 Εἶτα
1194 2267 1288 2323 καὶ
1322 2267 1436 2333 υίὸς
1471 2267 1664 2340 ἐτέχθη
1686 2309 1702 2335 ,
1732 2268 1762 2322 δ

179 2357 382 2428 μικρὸς
412 2355 738 2426 Ἡράκλειος
774 2358 868 2411 καὶ
903 2357 1022 2423 νέος
1057 2361 1466 2425 Κωνσταντῖνος
1500 2360 1760 2431 κληθεὶς,

176 2446 274 2502 καὶ
304 2448 473 2518 ἄμφω
499 2446 556 2500 δὲ
580 2446 658 2501 τὼ
682 2447 840 2502 παῖδε
865 2449 1040 2520 τούτῳ
1068 2449 1332 2522 βασιλικῷ
1358 2451 1650 2523 διαδήματι
1675 2435 1763 2507 τέ·

175 2541 460 2595 ταινίωκε.
487 2539 598 2594 Καὶ
627 2541 748 2612 μετ’
771 2539 951 2611 ὀλίγον
979 2543 1011 2614 ἡ
1043 2542 1257 2614 γαμετὴ
1297 2542 1462 2598 αὐτοῦ
1495 2545 1526 2616 ή
1556 2543 1766 2613 Αὐγού-

179 2649 283 2687 στα
310 2631 544 2686 Εύδοκία
571 2632 664 2688 τδν
693 2632 806 2704 βίον
836 2635 1121 2690 ἀπέλιπεν.
1153 2635 1551 2707 Ἐκφερομένου
1582 2635 1640 2689 δὲ
1669 2635 1763 2693 τοῦ

177 2723 388 2795 ταύτης
445 2724 640 2798 νεκροῦ
697 2725 993 2798 βασιλικῶς
1047 2727 1135 2782 διὰ
1183 2728 1284 2800 τῆς
1335 2729 1576 2800 ἀγορᾶς,
1629 2727 1767 2802 κόρη

180 2833 264 2881 τις
297 2818 412 2890 (9!)
441 2816 842 2887 προκύπτουσα
865 2819 1166 2892 βάρϐαρος,
1189 2821 1432 2892 τυχαίως
1457 2821 1765 2889 ἀπέπτυσε,

182 2911 278 2966 καὶ
321 2911 387 2965 τὸ
425 2910 656 2982 πτύσμα
694 2911 776 2977 είς
812 2911 911 2985 τήν
951 2912 1172 2986 κλίνην,
1213 2909 1369 2986 δι’ἦς
1408 2913 1695 2986 ἐξεφέρετο
1733 2915 1768 2986 ἠ

182 3004 514 3074 Αύγούστα,
562 3003 904 3074 κατήνεκτο,
981 3005 1075 3058 καὶ⁹
1135 3005 1499 3076 συλληφθεῖσα
1545 3007 1578 3076 ή
1633 3004 1770 3078 κόρη

185 3097 419 3169 ἐκαύθη,
448 3099 875 3170 προσενεχθεῖσα
900 3100 962 3169 τῇ
996 3097 1230 3172 θανούσῃ
1258 3097 1379 3152 λίαν
1403 3100 1622 3172 οἰκτρὸν
1645 3101 1770 3153 ἐπι-

1782 1853 1831 1913 Β

1858 1894 2082 1951 ﬁliolam
2128 1894 2373 1966 suscepit
2403 1893 2789 1965 Epiphaniam.
2840 1890 3047 1949 Deinde
3085 1890 3255 1945 lilium
3297 1905 3441 1960 quo-

1859 2003 1966 2059 que
2004 1985 2314 2042 lleraclium
2359 1985 2658 2059 iuniorem,
2699 1985 2791 2057 qui
2821 1994 2877 2040 et
2903 1985 3083 2038 minor
3129 1977 3444 2038 Constantio

1859 2097 1966 2138 nus
1991 2079 2173 2138 dictus
2205 2088 2310 2144 est,
2345 2079 2646 2151 ambosque
2696 2093 2898 2149 pueros
2935 2061 3244 2132 diademate
3271 2089 3442 2132 orna-

1859 2176 1962 2231 vit.
1995 2173 2184 2244 Neque
2230 2171 2404 2227 multo
2432 2178 2558 2242 post
2605 2173 2804 2244 coniux
2834 2171 2954 2241 ejus
2979 2168 3236 2224 moritur.
3273 2166 3444 2238 Cujus

1861 2267 2030 2325 funus
2083 2282 2208 2324 cum
2259 2275 2458 2322 ornatu
2516 2265 2664 2336 regio
2716 2280 2816 2336 per
2872 2263 3053 2319 forum
3113 2260 3441 2324 efferretur,

1861 2359 2049 2432 puella
2122 2357 2372 2430 quaedam
2454 2356 2689 2412 Barbara
2771 2362 3164 2428 prospectans,
3211 2359 3435 2420 sputum

1865 2450 2188 2523 imprudens
2231 2451 2286 2504 in
2333 2449 2598 2505 feretrum
2644 2447 2879 2521 deiecit,
2925 2446 2996 2501 ob
3039 2443 3186 2516 quod
3241 2442 3444 2496 factum

1865 2545 2260 2616 comprehensa
2288 2552 2343 2599 et
2371 2551 2609 2601 cremata
2642 2539 2979 2612 imperatrici
3007 2536 3278 2594 defunctzc
3309 2533 3449 2589 infe-

1864 2637 2048 2694 liciter
2081 2637 2409 2709 parentavit.
2463 2633 2746 2692 Heraclius
2787 2640 2911 2704 post
2953 2645 3099 2695 eam,
3144 2626 3333 2683 fratris
3360 2622 3450 2681 sui

1868 2731 2036 2788 filiam
2084 2729 2370 2787 Martinam
2423 2727 2612 2791 ducit,
2661 2735 2826 2796 atque
2872 2723 3173 2794 Augustam
3225 2719 3450 2776 salutat.

1866 2826 2004 2884 Cum
2031 2833 2212 2882 autem
2256 2822 2531 2879 Chosroes
2554 2827 2609 2875 et
2635 2819 2815 2874 Persae
2853 2816 3182 2886 impotenter
3197 2823 3456 2882 grassan-

1871 2926 1976 2981 tes.
2009 2915 2194 2972 omnia
2227 2911 2644 2986 popularentur,
2684 2908 2985 2979 imperator
3019 2919 3118 2976 per
3145 2903 3355 2974 legatos
3379 2899 3452 2956 ab

1870 3027 1938 3071 eo
1964 3009 2143 3082 petiit.
2178 3016 2239 3064 ut
2266 3003 2483 3062 tandem
2514 3001 2740 3058 interitu
2785 2997 3067 3055 hominum
3104 2995 3333 3052 satiatus
3361 3007 3455 3064 pa-

1873 3118 1991 3160 cem
2022 3102 2246 3164 faceret,
2287 3111 2579 3168 annuaque
2626 3094 2829 3149 tributa
2872 3091 3166 3160 acciperet.
3199 3087 3276 3142 Ea
3309 3086 3456 3155 lega-

185 3190 404 3259 τάφιον.
441 3190 500 3245 ὐ
548 3189 606 3244 δέ
651 3207 717 3260 γε
752 3189 1076 3263 Ἡράκλειος
1125 3190 1302 3262 ἔγημε
1345 3191 1630 3264 Μαρτίναν
1675 3192 1772 3263 τήν

1876 3195 2027 3250 tione
2061 3191 2368 3262 repudiata,
2417 3187 2586 3245 mittit
2632 3185 2819 3250 aliam,
2854 3193 2910 3238 et
2939 3196 3126 3254 pacem
3163 3178 3321 3250 petit.
3349 3175 3454 3232 Cui

185 3280 582 3351 ἀδελφόπαιδα,
611 3282 704 3335 καὶ
731 3280 1052 3350 Δύγούσταν
1080 3282 1253 3352 αὐτὴν
1279 3283 1636 3353 ἀνηγόρευσε.
1665 3279 1774 3336 Τοῦ

192 3375 381 3447 μέντοι
422 3375 663 3446 Χοσρόου
703 3375 801 3430 καὶ
838 3375 947 3428 τῶν
987 3374 1212 3446 Περσῶν
1251 3374 1509 3447 ἀκρατῶς
1549 3375 1779 3448 φερομέ-

189 3485 325 3535 νων,
356 3467 452 3522 zeal.
481 3469 660 3522 πάντα
685 3465 1117 3538 λεηλατούντων,
1145 3467 1408 3539 πρέσϐεις
1439 3468 1552 3538 (92)
1577 3469 1605 3522 ὁ
1633 3469 1780 3540 βασιο

189 3560 320 3625 λεὺς
354 3561 490 3633 προς
518 3561 680 3626 αὑτὸν
712 3561 944 3629 ἔστειλε,
974 3561 1135 3632 κόρον
1164 3561 1351 3614 λαϐεῖν
1382 3562 1514 3615 ποτὲ
1542 3560 1643 3632 τῆς
1671 3561 1780 3617 τῶν

192 3651 511 3724 ἀνθρώπων
547 3651 757 3724 φθορᾶς
788 3651 991 3719 ἀξιῶν,
1027 3652 1122 3707 καὶ
1157 3652 1487 3707 σπείσασθαι
1521 3651 1616 3707 ἐπὶ
1651 3668 1781 3708 συν-

196 3745 400 3817 θήκαις
445 3745 681 3818 ὲτησίων
728 3744 976 3815 δασμῶν.
1012 3744 1072 3799 Ὀ
1119 3744 1177 3798 δὲ
1225 3744 1326 3815 τήν
1373 3744 1670 3815 πρεσόείαν
1719 3745 1781 3800 οὐ

196 3839 541 3911 προσήκατο.
593 3839 760 3894 Πάλιν
811 3834 907 3893 οὖν
962 3837 1128 3910 ἑτέρα
1187 3837 1463 3892 στέλλεται
1519 3835 1784 3909 πρεσϐεία

197 3931 347 4002 πρὸς
362 3930 524 3984 αύτδν
553 3930 780 4002 εἰρήνην
803 3929 1180 4000 ἐξαιτουμένη.
1200 3928 1261 3985 '0
1286 3929 1343 3982 δὲ
1373 3928 1587 4000 Πέρσης
1616 3927 1785 4000 ὑπερ.

199 4024 450 4095 ηφάνους
493 4024 588 4077 καὶ⁴
614 4022 969 4096 βλασφήμους
1004 4023 1104 4086 τὰς
1147 4023 1468 4093 ἀποκρίσεις
1492 4021 1782 4092 πεποίηκε,

198 4116 387 4187 λέγων
417 4117 492 4190 μὴ
522 4119 587 4174 ἀν
615 4134 745 4171 ποτε
777 4116 1063 4187 φείσασθαι
1093 4115 1202 4172 τῶν
1231 4115 1596 4189 Χριστιανῶν,
1627 4116 1675 4168 εί
1709 4114 1785 4186 μὴ

199 4211 298 4265 τον
333 4212 752 4284 ἐσταυρωμένον
786 4211 898 4281 (95)
933 4211 1309 4282 ἀρνήσωνται,
1347 4211 1443 4264 καὶ
1477 4207 1788 4264 σεσασθῶσι

200 4305 303 4358 τὸν
349 4306 521 4377 ἥλιον.
551 4304 851 4375 ’Δπογνοὺς
896 4302 992 4360 οὖν
1032 4305 1130 4372 τὴν
1175 4305 1399 4377 εἰρήνην
1443 4306 1471 4358 ό
1513 4301 1786 4375 βασιλεὺς,

204 4398 640 4470 ἐπιστρατεῦσαι
701 4397 958 4452 διενοεῖτο
1022 4397 1163 4452 κατὰ
1232 4396 1498 4466 Περσῶν,
1555 4395 1635 4451 διὸ
1696 4397 1789 4450 καλ⁵

206 4492 444 4547 ἔσπευδε
481 4492 670 4546 θέσθαι
697 4493 836 4564 πρὸς
864 4491 955 4547 τὸν
985 4491 1235 4560 Χαγάνον
1269 4489 1382 4560 (94)
1416 4489 1678 4570 σπονδᾲς,
1716 4489 1790 4561 μὴ

206 4586 589 4658 ἀφιστάμενον
643 4583 737 4640 τοῦ
787 4586 888 4658 τὴν
937 4584 1161 4658 Θρᾴκην
1209 4582 1512 4653 ληίζεσθαι.
1567 4580 1791 4645 Στείλας

205 4680 400 4734 τοίνυν
439 4680 576 4752 πρὸς
618 4680 813 4748 αὑτὸν,
859 4679 1084 4750 είρήνην
1124 4677 1278 4750 ᾔτει,
1323 4675 1419 4730 καὶ
1454 4677 1482 4729 δ
1522 4673 1798 4747 βάρόαρος

206 4774 322 4828 οὐκ
363 4773 676 4831 ἀνένευσεν.
707 4773 925 4836 Ἡσθεὶς
962 4770 1056 4827 οὖν
1092 4773 1121 4825 ό
1161 4769 1435 4842 βασιλεὺς,
1473 4767 1664 4838 ἐξῆλθε
1700 4768 1798 4838 τῆς

209 4870 468 4934 πόλεως,
523 4869 620 4924 καὶ
673 4867 778 4935 ἔξω
824 4865 920 4921 τοῦ
972 4864 1204 4936 Μακροῦ
1258 4863 1484 4933 Τιίχους
1536 4861 1800 4933 ηὐλίσατο

213 4963 374 5035 μετά
413 4963 514 5031 τῆς
563 4960 854 5032 βασιλικῆς
901 4957 1256 5021 πολυτελείας
1302 4957 1400 5009 καὶ
1445 4952 1798 5025 δορυφορίας,

210 5055 322 5110 καὶ
365 5053 669 5126 χρημάτων
714 5051 958 5120 πολλῶν,
1006 5049 1042 5105 ἃ
1080 5048 1160 5120 τῷ
1203 5048 1442 5118 Χαγάνῳ
1481 5044 1630 5116 δῶρα
1675 5042 1801 5096 ὲκό-

216 5149 414 5219 μιζεν.
452 5145 512 5202 Ὅ
544 5148 601 5203 δὲ
637 5145 912 5219 βάρϐαρος
951 5140 1371 5214 ἀλογήσαςντῶν
1400 5138 1583 5212 ὅρκων
1611 5153 1671 5190 τε
1705 5134 1804 5189 καὶ

210 5239 340 5295 τῶν
379 5240 686 5314 συνθηκῶν,
725 5237 955 5312 ὥρμησε
979 5236 1074 5291 τὸν
1102 5233 1329 5308 βασιλέα
1368 5231 1606 5304 συσχεῖν.
1640 5226 1805 5285 Ἀλλὰ

1824 4532 1868 4588 D

1876 3287 2041 3342 Persa
2067 3284 2304 3355 superbe
2334 3281 2844 3352 contumelioseque
2873 3273 3157 3346 respondit
3182 3310 3198 3334 ,
3223 3272 3292 3326 Se
3315 3285 3457 3324 nun-

1878 3393 2041 3448 quam
2090 3390 2381 3447 parsurum
2421 3371 2774 3434 Christianis,
2812 3367 2920 3424 nisi
2951 3362 3286 3422 Crncifixnm
3334 3357 3456 3414 infi-

1879 3468 2034 3533 ciati,
2065 3466 2248 3523 Solem
2290 3467 2602 3521 adorarent.
2629 3463 2929 3532 Imperator
2973 3456 3140 3526 igitur
3187 3466 3317 3523 pace
3354 3450 3456 3504 de.

1879 3572 2093 3632 sperata
2143 3559 2290 3616 bello
2335 3559 2528 3614 Persas
2575 3554 2835 3611 invadere
2879 3547 3189 3611 constituit,
3231 3550 3288 3598 et
3329 3557 3455 3598 cum

1880 3655 2160 3726 Chagano,
2187 3654 2278 3724 qui
2320 3650 2608 3706 Thraciam
2642 3646 2992 3702 continenter
3025 3637 3332 3701 infestabat,
3365 3648 3460 3703 pa-

1883 3764 2002 3805 cem
2044 3760 2279 3818 propere
2319 3742 2500 3799 facere
2531 3758 2544 3796 :
2572 3753 2680 3812 qua
2711 3753 2810 3810 per
2856 3737 3064 3808 legatos
3095 3730 3288 3803 petita,
3330 3727 3464 3781 Bar-

1885 3841 2052 3896 barus
2108 3853 2220 3893 non
2274 3834 2490 3892 abnuit.
2541 3833 2619 3888 Ea
2662 3847 2723 3888 re
2766 3829 3071 3886 delectatus
3128 3822 3460 3893 imperator,

1885 3929 2078 3987 urbem
2110 3941 2387 3998 egressus,
2425 3933 2580 3982 extra
2612 3922 2858 3992 Longum
2889 3917 3125 3978 Murum,
3162 3926 3285 3969 cum
3315 3907 3467 3978 regia

1864 4019 2294 4095 magnificentia
2318 4027 2374 4074 et
2398 4017 2684 4080 comitatu,
2715 4011 2911 4068 stativa
2943 4006 3158 4072 habuit,
3182 4002 3476 4095 multaque

1887 4093 2116 4171 munera
2147 4111 2404 4182 Chagano
2451 4107 2657 4164 attulit.
2687 4106 2758 4159 At
2781 4103 3052 4157 Barbarus
3097 4103 3282 4167 spreto
3305 4093 3474 4163 iures

1883 4205 2123 4282 jurando
2149 4214 2205 4261 et
2227 4201 2434 4258 foedere
2458 4239 2476 4265 ,
2506 4197 2816 4254 lleraclium
2845 4187 3314 4282 comprehendere
3344 4195 3483 4282 stu-

1890 4275 2032 4355 duit.
2068 4294 2176 4353 Sed
2207 4309 2274 4350 eo
2303 4300 2504 4350 conatu
2553 4287 2665 4360 83
2709 4287 3005 4342 frustratus
3055 4284 3204 4352 (nam
3237 4277 3328 4332 ille
3355 4275 3479 4348 iam

1891 4390 2225 4463 aufugerat),
2262 4400 2428 4442 omne
2463 4384 2674 4454 regium
2705 4381 3130 4436 instrumentum
3160 4379 3216 4426 et
3241 4367 3484 4463 comite-—

1894 4458 2055 4549 tum;
2074 4482 2365 4555 pecuniam
2401 4491 2622 4549 quoque
2645 4483 2702 4531 et
2727 4473 2898 4528 multa
2927 4467 3270 4539 captivorum
3297 4458 3479 4555 millia.

1895 4553 2144 4647 diripuit,
2182 4575 2468 4644 otioseque
2501 4570 2724 4626 domum
2754 4573 2840 4622 est
2869 4573 3144 4619 reversus.
3172 4553 3479 4611 'ﬂeraclius

1897 4669 2066 4741 igitur
2099 4665 2282 4722 denuo
2333 4679 2431 4734 per
2465 4663 2695 4733 legatos,
2722 4660 2790 4714 de
2816 4653 3045 4728 perfidia
3083 4651 3204 4722 ejus
3232 4661 3476 4741 conque-

1898 4734 2033 4822 εἶπε,
2081 4769 2271 4826 pacem
2304 4753 2375 4809 ab
2409 4751 2503 4807 illo
2538 4751 2816 4821 impetrat.
2848 4745 2945 4800 Ille
2971 4757 3128 4806 vero,
3152 4737 3301 4812 regia
3337 4734 3476 4790 urbe

1899 4849 2220 4920 digressus,
2275 4844 2614 4906 Caesaream,
2673 4837 2769 4894 ubi
2821 4835 3052 4905 Crispus
3100 4831 3212 4887 dux
3259 4827 3483 4920 agebat,

1901 4939 2193 5016 pervenit,
2241 4950 2478 5007 eumque
2522 4933 2609 4989 vel
2654 4935 3044 5002 aegrotantem,
3090 4923 3178 4980 vel
3222 4919 3476 5016 morbum

1899 5011 2251 5094 simulantem
2291 5029 2499 5095 invisit,
2536 5027 2605 5083 de
2635 5025 2803 5082 rebus
2831 5020 3088 5095 gerendis
3125 5033 3252 5075 cum
3286 5030 3354 5072 eo
3383 5011 3480 5067 de-

1899 5129 2256 5185 liberaturus.
2294 5122 2402 5180 Sed
2437 5121 2776 5193 negligenter
2809 5115 2880 5172 ab
2907 5128 2976 5170 eo
3002 5112 3296 5182 excipitur.
3341 5104 3480 5160 Nam

1900 5221 2082 5294 neque
2113 5218 2333 5276 obviam
2377 5227 2702 5289 progressus
2729 5219 2834 5279 est,
2865 5222 3044 5281 neque
3069 5221 3102 5263 e
3127 5202 3332 5262 lectulo
3355 5213 3480 5256 sur-

1423 5345 1625 5408 Varim
1663 5342 1980 5406 lectiones
2028 5340 2090 5398 et
2123 5337 2315 5396 noue.

180 5513 185 5517 -
305 5485 525 5556 (89),οί
575 5481 644 5535 δέ
681 5495 755 5556 γε
786 5477 1031 5556 ιζέρσαι.
1087 5473 1321 5546 Niceplt.
1368 5470 1476 5530 CP.
1525 5485 1619 5529 an.
1669 5467 1808 5537 616;

219 5547 565 5626 Theophan.
600 5547 698 5626 an.
726 5547 1026 5626 2._Her_a_cl.

451 5625 554 5680 Ἐκ
586 5623 693 5692 γὰρ
728 5616 1215 5696 τῶνξιτίισορίῃιι.
1246 5630 1336 5671 an.
1360 5611 1649 5696 [literae].

313 5701 372 5771 (9
383 5699 429 5767 l)
465 5699 622 5765 Κόρη
662 5710 772 5758 τις.

221 5843 512 5910 duxisset.

822 5669 1212 5758 Nicepth—P.
1254 5669 1352 5758 an.
1402 5683 1508 5738 612
1557 5679 1813 5758 incendio
1909 5669 2267 5758 Ced_ren.“att.
2305 5671 2338 5727 8
2366 5669 2584 5758 llerpcl.

221 5751 574 5833 damnatam,
606 5751 1134 5833 non'consuniptam
1166 5755 1354 5826 tradit,
1382 5768 1508 5812 cum
1538 5767 1656 5814 sese
1684 5751 1841 5810 sub-_

1983 5460 2094 5532 (92)
2127 5459 2433 5532 Πρέσϐεις.
2460 5455 2693 5532 Ηίεερξι.
2720 5453 2826 5512 CP.
2856 5467 2948 5508 an.
2979 5447 3114 5516 6l6;
3156 5441 3480 5513 Theopbau.

1909 5542 1966 5591 et
1992 5527 2234 5591 'Cedre'n.
2265 5547 2357 5585 an.
2393 5531 2426 5585 4
2460 5527 2676 5584 ileracl.

1983 5585 2209 5676 (siit-:1
2240 5603 2332 5676 μὴ
2370 5602 2483 5676 εον
2528 5593 3007 5676 ἑςσταυρωμένον.
3049 5585 3370 5658 Theophan.
3425 5589 3485 5638 et

1983 5724 2291 5820 (όὶῑύἓᾶ
2317 5724 2745 5820 ὲδτκιεγάνον.
2790 5733 3025 5806 Niceph.
3062 5729 3170 5788 cr.
3203 5743 3296 5784 an.
3339 5724 3482 5792 6l9;

1914 5812 2240 5894 Theophani.
2269 5831 2358 5872 an.
2392 5814 2447 5882 9,
2480 5812 2564 5867 to.
