4010 6562
309 381 448 450 12Ξς3

1531 387 1941 449 ANNALIUM
1986 388 2131 448 LlB.
2170 387 2329 450 XIV.

3431 393 3566 464 1294

375 499 458 557 κ’.
502 497 711 554 Τούτου
748 493 807 550 δὲ
834 495 1112 564 θανόντος,
1142 494 1202 554 τδ
1228 501 1630 570 στρατιωτικὸν
1660 501 1723 554 τὸ
1758 501 1873 572 μετ’

2055 499 2175 557 XX.
2203 501 2284 555 Eo
2308 499 2592 567 defuncto,
2619 499 2867 573 legiones
2889 517 3012 572 qua;
3044 519 3168 560 cum
3202 503 3296 559 illo
3323 503 3564 575 fuerant,

302 593 470 650 αὑτοῦ
511 593 675 656 εὐθὺς
724 591 1012 662 ’Δρμένιόν
1060 609 1204 656 τινα,
1257 591 1508 656 Μιζίξιον
1541 592 1651 663 (28)
1689 594 1882 663 ὄνομα,

298 683 650 753 ἀγαλματίκν
682 682 810 734 δντα
841 679 938 733 καὶ
963 679 1325 751 ὡραιότατον,
1362 679 1588 751 βασιλέα
1628 698 1882 751 προεχει⁴

305 778 550 846 pinv-:0.
590 777 771 844 Ὅπερ
819 773 1062 837 ἀκούσας
1095 777 1122 827 6
1175 774 1282 828 τῶν
1317 772 1679 837 Κώνσταντος
1722 774 1884 827 υἱέων

299 865 328 919 6
371 863 772 937 πρεσϐύτερος,
823 866 851 918 ὁ
905 867 1244 934 Πωγωνάτος
1295 865 1537 936 κληθεὶς,
1573 865 1630 930 ὃς
1663 867 1758 919 καὶ
1807 863 1886 936 τῷ

299 960 398 1027 τῆς
437 949 719 1029 βασιλείας
749 957 1066 1028 κεκόσμητο
1095 958 1410 1028 διαδήματι,
1445 958 1702 1029 στεφθεὶς
1729 960 1884 1028 παρά

297 1051 395 1105 τοῦ
421 1053 653 1124 πατρὸς,
683 1055 823 1121 μετὰ
855 1051 1040 1105 στόλου
1074 1051 1312 1120 μεγάλου
1341 1053 1438 1124 τὴν
1464 1052 1715 1106 Σικελίαν
1749 1070 1883 1106 κατ-

296 1143 483 1209 έλαϐε,
541 1145 636 1198 καὶ
683 1144 775 1197 τόν
813 1161 872 1196 τε
933 1143 1184 1208 Μιζίζιον
1227 1144 1630 1214 χειρωσάμενος
1681 1145 1880 1212 ἀνεῖλε,

297 1239 398 1290 καὶ
445 1238 574 1300 τοὺς
629 1237 720 1292 τὸν
780 1240 941 1306 φόνον
997 1241 1516 1311 κατεργασαμένους
1565 1243 1733 1298 αὑτοῦ
1787 1244 1882 1298 τοῦ

295 1330 534 1400 πατρὸς,
587 1331 682 1384 καὶ
734 1331 872 1400 πρὸς
921 1334 1034 1394 τοῖς
1086 1330 1269 1396 ἄλλοις
1307 1335 1401 1387 καὶ
1445 1336 1536 1388 τὸν
1587 1335 1880 1406 πατρίκιον

306 1421 692 1478 Ἰουστινιανδν
714 1422 805 1476 τὸν
833 1423 1051 1494 πατέρα
1070 1423 1351 1495 Γερμανοῦ
1380 1425 1476 1479 τοῦ
1506 1429 1876 1498 πατριάρχουο

294 1516 463 1570 αὐτὸν
516 1516 574 1570 δὲ
626 1516 717 1571 τὸν
773 1516 1054 1588 Γερμανδν
1102 1517 1370 1589 ἐκτομίαν
1419 1521 1719 1590 εποίησεν,
1779 1523 1880 1593 ἤδη

295 1605 688 1676 παρηϐηκότα,
729 1607 824 1660 καὶ
870 1607 1292 1679 ὑπερϐεϐηκότα
1335 1610 1436 1681 τὴν
1473 1611 1716 1682 ἠλικίαν,
1757 1613 1882 1667 καθ’

292 1699 362 1768 ἦν
414 1699 828 1770 εὐνουχίζεσθαι
880 1699 1288 1772 δεδοκίμασται.
1345 1703 1684 1772 Λειοπώγων
1729 1705 1775 1760 δ’
1805 1706 1881 1763 ὢν

291 1793 377 1844 ὅτ’
408 1792 767 1863 ἀπεδήμησεν
805 1786 960 1858 οὗτος
1009 1796 1038 1847 6
1089 1793 1369 1864 βασιλεὺς,
1425 1797 1734 1868 ὲκδικήσων
1784 1798 1879 1852 τὸν

292 1883 462 1951 φόνον
501 1883 592 1938 τὸν
638 1884 735 1938 τοῦ
761 1886 992 1958 πατρὸς,
1022 1886 1352 1958 καθειμένον
1388 1886 1534 1962 εἶχεν
1582 1871 1878 1964 ἐπανήκων

290 1979 390 2030 τὸν
444 1975 702 2046 πώγωνα,
735 1978 816 2032 διὸ
857 1980 917 2046 ἐξ
955 1982 1167 2036 ἐκείνου
1218 1983 1561 2052 Πωγωνάτος
1588 1987 1740 2058 παρά
1770 1987 1878 2040 τῶν

292 2067 534 2121 πολιτῶν
577 2069 941 2142 ἐπεκέκλητο.
972 2072 1035 2125 Oi
1073 2073 1130 2126 δὲ
1170 2073 1262 2127 τοῦ
1295 2075 1530 2146 θέματος
1576 2078 1684 2131 τῶν
1726 2079 1881 2130 Ἀνα-

290 2157 531 2214 τολικῶν
565 2164 641 2226 είς
679 2163 1027 2233 Χρυσόπολιν
1069 2165 1395 2236 ἀφικόμενοι
1425 2168 1600 2223 ἐϐόων
1641 2169 1752 2224 δεῖν
1781 2172 1879 2224 καὶ

289 2256 421 2317 τοῦς
455 2254 677 2318 λοιποὺς
711 2255 808 2309 δύο
841 2257 1142 2326 συγγόνους
1174 2257 1269 2311 τοῦ
1300 2261 1717 2324 Κωνσταντίνου
1754 2281 1879 2316 στε-

290 2344 524 2416 φθῆναι,
551 2347 803 2414 λέγοντες
847 2347 952 2412 ὅτι,
981 2346 1208 2418 Ὠσπερ
1237 2350 1327 2413 είς
1369 2350 1581 2418 Τριάδα
1609 2354 1880 2408 πιστεύοι

284 2456 427 2508 μεν,
471 2440 626 2494 οὕτω
663 2441 765 2494 καὶ
800 2443 961 2508 παρὰ
998 2441 1117 2494 τῶν
1149 2441 1329 2510 τριῶν
1357 2441 1552 2511 χρεὼν
1580 2442 1740 2512 ἡμᾶς
1758 2445 1878 2510 ,θα-

289 2533 680 2588 σιλεύεσθαι.
707 2532 776 2585 'U
828 2534 960 2601 γοῦν
1010 2534 1421 2598 Κωνσταντίνος
1472 2536 1690 2600 στείλας
1740 2537 1878 2608 πρὸς

290 2625 520 2690 αὐτοὺς,
574 2623 816 2696 πληροῦν
849 2625 951 2696 τὴν
994 2626 1214 2697 αἴτησιν
1263 2626 1445 2682 αὐτῶν
1479 2628 1873 2699 ἐπηγγέλλετο,

291 2722 394 2773 καὶ
441 2721 570 2781 τοὺς
606 2718 705 2772 τοῦ
754 2711 887 2771 λαοῦ
918 2717 1355 2790 προεξάρχοντας
1399 2721 1778 2790 μετεκαλεῑτο,
1807 2722 1876 2778 ἶν’

287 2810 474 2864 αὐτῶν
519 2808 752 2864 ἐνώπιον
799 2810 835 2880 ἡ
885 2809 996 2865 τῶν
1041 2809 1209 2866 αὑτοῦ
1271 2811 1518 2881 ἀδελφῶν
1569 2813 1876 2886 ἀνάρρησις

288 2906 544 2976 γένηται.
597 2903 883 2968 Ἐλθόντας
911 2903 960 2958 δ’
987 2906 1068 2968 είς
1098 2903 1160 2959 τὸ
1186 2904 1505 2969 Βυζάντιον,
1535 2905 1748 2960 ἀνεῖλεν
1798 2906 1876 2972 ὡς

291 2993 615 3058 στασιώδεις
652 2995 874 3057 αὐτούς·
907 2994 935 3048 ὃ
963 2994 1184 3064 γνόντες
1209 2996 1258 3048 οί
1297 2995 1473 3061 ἄλλοι,
1507 2998 1701 3066 μεστοὶ
1722 2995 1876 3061 δέους

289 3090 374 3149 είς
432 3088 505 3140 τὰ
554 3087 764 3141 ἑαυτῶν
817 3087 1222 3158 ὑπενόστησαν,
1266 3087 1361 3142 καὶ
1414 3089 1621 3157 ἀμφοῖν
1653 3089 1710 3142 δὲ
1764 3091 1875 3142 τῶν

1983 592 2169 647 statim
2219 592 2540 648 Armenium
2579 595 2876 664 quemdam
2918 595 3232 662 Mizizium,
3286 599 3564 657 hominem

1987 684 2128 738 adeo
2180 683 2522 751 formosum,
2578 695 2638 740 ut
2699 703 2801 741 nec
2847 688 3008 758 pictas
3062 689 3270 746 θειωιό
3339 692 3563 764 imagini

1985 778 2224 842 cederet,
2255 775 2646 846 imperatorem
2671 777 3050 848 designaruut.
3080 781 3200 845 Quo
3233 791 3364 836 natu
3392 783 3565 837 maxi-

1986 883 2110 921 mus
2164 866 2484 923 Constantis
2546 869 2692 925 ﬁlius
2735 870 3050 941 Pogonatus
3107 872 3336 937 audito,
3394 890 3560 943 quem

1986 959 2102 1028 ipse
2139 969 2295 1028 pater
2341 959 2649 1030 insignibus
2675 961 2891 1030 imperii
2929 972 3177 1026 ornarat,
3213 963 3401 1020 Sicilia
3437 980 3561 1020 cum

1984 1067 2181 1122 magna
2233 1053 2407 1109 classe
2441 1063 2744 1124 occupata,
2778 1043 3050 1109 Mizizium
3088 1055 3295 1110 vietum
3341 1058 3561 1125 occidit,

1984 1158 2284 1214 necemque
2344 1146 2514 1215 patris
2556 1144 2883 1210 ulciscitur,
2931 1161 3057 1200 eum
3114 1146 3259 1212 aliis,
3313 1157 3427 1204 tum
3461 1149 3562 1205 Ju-

1981 1235 2223 1290 stiniano
2266 1236 2501 1306 patricio
2533 1237 2792 1294 Germani
2827 1237 3156 1309 patriarcha:
3203 1249 3358 1309 patre
3389 1243 3562 1298 inter-

1982 1325 2150 1393 fecto,
2187 1327 2478 1399 ipsumque
2515 1328 2852 1384 Germanum
2886 1331 2997 1400 jam
3030 1331 3338 1402 pubertatis
3359 1349 3562 1402 annos,

1982 1431 2040 1476 et
2082 1438 2202 1477 eam
2244 1433 2459 1480 artatem
2492 1440 2597 1494 qua
2626 1425 2857 1480 castrari
2889 1425 3089 1490 solent,
3121 1441 3426 1496 egressum,
3461 1441 3564 1483 eu-

1981 1512 2228 1566 nuchum
2280 1513 2431 1568 facit.
2465 1514 2601 1580 Quia
2645 1530 2777 1569 vero
2812 1514 3074 1586 Byzantio
3107 1517 3330 1572 solvens
3373 1526 3563 1573 tenera

1981 1604 2164 1661 adhuc
2211 1605 2469 1676 lanugine
2508 1605 2708 1671 fuerat,
2750 1622 2781 1662 e
2818 1606 3010 1662 Sicilia
3053 1623 3184 1662 vero
3230 1609 3558 1679 promissam

1981 1698 2210 1753 barbam
2259 1699 2562 1765 retulerat,
2609 1696 2874 1770 Pogonati
2921 1715 3223 1770 cognomen
3269 1703 3479 1771 accepit
3529 1717 3562 1756 a

1983 1789 2219 1845 civibus.
2293 1789 2562 1845 Caeterum
2627 1791 2721 1861 qui
2781 1807 2849 1846 ex
2899 1789 3262 1847 Orientalium
3321 1793 3564 1850 themate

1981 1892 2160 1945 erant,
2215 1881 2598 1954 Chrysopolim
2630 1882 2882 1954 profecti,
2925 1883 3392 1948 vociferabantur.
3421 1887 3565 1942 duos

1980 1973 2118 2028 alios
2137 1973 2483 2029 Constantini
2512 1974 2712 2030 fratres
2733 1976 3084 2031 coronandos
3103 1992 3246 2040 esse.
3271 1977 3520 2036 dicentes
3546 1996 3562 2033 :

1981 2060 2127 2117 Sicut
2155 2064 2210 2117 in
2233 2063 2544 2120 Trinitatem
2580 2066 2864 2127 credimus.
2895 2067 2970 2120 ita
2995 2069 3153 2124 etiam
3188 2069 3355 2125 tribus
3393 2071 3562 2142 impc-

1981 2158 2244 2210 ratoribus
2273 2174 2366 2213 nos
2393 2174 2583 2228 parere
2615 2174 2826 2227 wquum
2869 2171 2964 2214 est.
3003 2159 3401 2222 Constantinus
3430 2179 3563 2218 vero

1980 2250 2166 2306 missis
2189 2250 2406 2320 legatis,
2438 2267 2497 2307 se
2528 2253 2819 2322 postulatis
2849 2267 3042 2308 eorum
3065 2268 3312 2308 annuere
3347 2253 3563 2322 pollici-

1983 2351 2094 2404 tus.
2148 2343 2337 2414 pepuli
2377 2345 2659 2414 principes
2689 2345 2943 2408 accersit,
2987 2355 3050 2399 ut
3088 2361 3276 2400 coram
3308 2345 3418 2401 illis
3447 2345 3562 2402 fra-

1981 2442 2127 2490 trum
2159 2435 2518 2504 proclamatio
2548 2437 2664 2491 liat.
2696 2437 2827 2502 Eos,
2867 2452 2993 2492 cmn
3024 2432 3346 2508 Byzantium
3375 2438 3562 2494 venis-

1980 2535 2125 2588 sent.
2156 2543 2258 2598 pro
2297 2527 2579 2583 seditiosis
2603 2527 2900 2593 interfecit,
2935 2543 3046 2598 quo
3082 2528 3270 2584 caeteri
3298 2529 3557 2600 cognito,

1981 2617 2186 2689 trepidi
2221 2617 2288 2674 ad
2315 2633 2414 2673 sua
2441 2633 2502 2674 se
2532 2625 2864 2690 receperunt
2895 2638 2909 2674 :
2945 2618 3167 2690 utrique
3201 2620 3369 2676 etiam
3399 2619 3559 2674 fratri

1980 2725 2176 2766 nasum
2209 2709 2484 2780 praecidit.
2539 2693 2780 2781 Agareni
2818 2718 3004 2766 autem
3045 2725 3239 2767 omnes
3278 2710 3560 2768 Romano-

1977 2817 2100 2858 rum
2141 2800 2458 2873 provincias
2498 2811 2647 2858 terra
2682 2800 2933 2873 marique
2977 2810 3036 2858 et
3080 2801 3353 2858 incendiis
3377 2813 3437 2859 et
3469 2802 3560 2859 di-

1977 2895 2326 2965 reptionibus
2371 2903 2586 2949 vastare
2622 2908 2734 2949 non
2783 2893 3137 2960 desistentes,
3171 2894 3394 2951 tandem
3437 2911 3559 2951 ma-

1976 3004 2081 3060 gna
2125 2989 2300 3044 classe
2333 2988 2510 3058 ipsum
2540 2989 2706 3044 etiam
2747 2987 3069 3060 Byzantium
3111 2997 3243 3044 sunt
3291 2989 3555 3060 aggressi,

1977 3086 2212 3142 navibus
2240 3087 2359 3141 suis
2395 3085 2466 3140 ab
2495 3085 2766 3142 Hebdomi
2797 3085 3127 3142 occidentali
3170 3087 3555 3156 promontorio

289 3180 542 3249 ἀδελφῶν
599 3179 766 3233 αὑτοῦ
825 3180 926 3242 τὰς
981 3181 1138 3251 ῥῖνας
1197 3180 1494 3250 ἀπέτεμεν.
1554 3181 1616 3234 Ol
1667 3180 1724 3234 δὲ
1773 3180 1870 3250 τῆς

1977 3195 2150 3249 usque
2179 3179 2244 3232 ad
2271 3176 2590 3248 Cytlobium
2612 3178 2911 3232 collocatis.
2939 3176 3045 3234 Sed
3075 3186 3127 3232 et
3157 3176 3556 3233 Constantinus

294 3276 479 3346 Ἅγαρ
505 3271 616 3342 (29)
645 3272 904 3340 ἀπόγονοι
939 3272 998 3324 οὑ
1026 3270 1267 3325 διέλιπον
1294 3270 1390 3342 τὴν
1423 3271 1528 3325 ὑπὸ
1562 3272 1870 3340 Ῥωμαίους

289 3369 538 3430 ἅπασαν,
585 3369 677 3421 καὶ
726 3365 884 3431 πεζοὶ
934 3365 1030 3419 καὶ
1076 3364 1446 3435 πλωϊζόμενοι
1493 3365 1748 3439 δῃοῦντες
1776 3370 1871 3424 καὶ

288 3458 626 3530 ληϊζόμενοι.
678 3454 815 3512 Εἶτα
865 3458 1038 3528 στόλῳ
1090 3457 1250 3528 βαρεί
1283 3457 1409 3512 κατ’
1435 3459 1607 3528 αὐτῆς
1637 3461 1871 3531 ἐπῆλθον

287 3550 395 3620 τῆς
445 3549 719 3620 βασιλίδος
769 3549 881 3601 τῶν
937 3550 1167 3616 πόλεων,
1227 3550 1322 3604 καὶ
1376 3548 1722 3621 ναύσταθμον
1774 3551 1869 3605 τοῦ

293 3642 564 3712 σφετέρου
615 3642 802 3694 στόλου
857 3640 1157 3714 πεποίηντο
1222 3641 1330 3695 ἀπὸ
1379 3641 1474 3694 τοῦ
1523 3642 1662 3714 πρὸς
1716 3643 1870 3698 δύσιν

290 3737 641 3808 ἀκρωτηρίου
684 3737 777 3790 τοῦ
830 3738 968 3792 κατά
1001 3737 1061 3791 τὸ
1103 3738 1376 3808 Ἕϐδομον
1422 3740 1591 3810 μέχρι
1623 3739 1716 3793 τοῦ
1757 3741 1871 3794 Κυ-

292 3827 536 3882 κλοϐίου.
572 3827 753 3899 Στόλῳ
788 3829 844 3882 δὲ
903 3827 1000 3881 καὶ
1038 3829 1066 3880 6
1116 3829 1532 3893 Κωνσταντῖνος
1561 3832 1591 3884 6
1615 3831 1869 3902 βασιλεὺς

292 3918 786 3989 ἁνθοπλισάμενος,
846 3918 968 3973 καθ’
1000 3921 1237 3989 ἑκάστην
1270 3920 1455 3984 αὐτοῖς
1483 3921 1870 3986 ἀντετάσσετο,

289 4012 388 4064 καὶ
419 4012 720 4082 ναυμαχίαι
759 4011 1003 4080 ἐγίνοντο
1035 4011 1092 4079 ἐξ
1117 4009 1267 4082 ὥρας
1317 4014 1540 4084 ἐαρινῆς
1591 4015 1756 4086 μέχρι
1801 4016 1868 4086 δὴ

290 4104 725 4174 φθινοπωρινῆς.
782 4104 862 4169 Ὦς
925 4105 971 4159 δ’
1039 4105 1192 4159 οὐδὲν
1246 4108 1294 4160 οἱ
1347 4105 1624 4178 Βάρϐαροι
1669 4109 1865 4180 ήνυον,

290 4196 607 4266 ἀπάραντες
653 4195 750 4268 τὴν
793 4197 1034 4261 Κύζικον
1070 4197 1462 4267 κατειλήφασι,
1514 4200 1607 4254 καὶ
1659 4199 1865 4272 ταύτην

292 4289 532 4352 ἑλόντες,
587 4290 647 4341 ἐν
697 4291 836 4360 αὐτῇ
891 4290 980 4344 τὸν
1022 4289 1271 4362 χειμῶνα
1298 4292 1582 4362 διήγαγον.
1616 4291 1772 4362 "Atta.
1818 4292 1865 4347 δ’

290 4381 413 4451 ἔαρι
449 4379 605 4444 αὖθις
630 4381 728 4453 τὴν
760 4383 1175 4437 Κωνσταντίνου
1217 4385 1541 4452 κατέλαϐον,
1577 4388 1669 4440 καὶ
1707 4385 1865 4451 αὖθις

288 4471 596 4542 ναυμαχίαι
638 4473 850 4543 συχναί.
883 4473 1219 4544 Τριϐομένου
1251 4474 1308 4528 δὲ
1355 4473 1450 4527 τοῦ
1487 4474 1702 4544 καιροῦ,
1740 4476 1863 4529 ἐπεὶ

290 4565 564 4618 κατέλαϐε
609 4565 670 4622 τὸ
723 4567 1063 4637 μετόπωρον,
1092 4570 1159 4638 τῇ
1198 4568 1421 4636 Κυζίκῳ
1451 4568 1547 4620 καὶ
1579 4563 1739 4631 αὖθις
1773 4568 1866 4622 τὸν

289 4663 494 4712 οἰκεῖον
533 4661 716 4714 στόλον
747 4662 798 4711 ol
845 4660 944 4730 τῆς
988 4661 1167 4730 ’Δγαρ
1194 4661 1522 4731 ἑνόρμισαν·
1561 4661 1655 4713 καὶ
1692 4659 1866 4724 οὕτως

291 4755 372 4815 είς
410 4752 642 4823 ἕϐδομον
705 4754 925 4807 ἐποίουν
986 4752 1260 4808 ἐνιαυτόν.
1338 4753 1694 4821 ’Λπογνόντες
1745 4747 1862 4813 οῦν,

294 4847 498 4916 μᾶλλον
547 4847 734 4917 μέντοι
780 4847 873 4900 καὶ
913 4845 1115 4916 πλῆθος
1149 4843 1524 4909 ἀποϐαλόντες
1563 4845 1722 4908 πολὺ,
1773 4846 1867 4899 καὶ

287 4939 398 4991 τῶν
429 4940 572 5008 νηῶν
613 4937 986 5009 ζημιωθέντες
1034 4939 1134 5000 τὰς
1165 4937 1419 5000 πλείονας
1460 4937 1603 5007 (τότε
1635 4936 1744 5006 γὰρ
1773 4938 1864 4990 καὶ

287 5034 350 5084 το
376 5032 544 5104 ὑγρὸν
569 5033 885 5100 ὲπινενόητο
924 5032 1057 5098 πῦρ,
1093 5029 1422 5084 Καλλινίκου
1457 5029 1601 5092 τινος
1644 5013 1866 5099 ἀρχιτέ-

293 5142 480 5188 κτονος
508 5125 618 5179 ἀπὸ
653 5125 856 5197 Συρίας
879 5124 1130 5187 ἐλθόντος
1161 5122 1296 5193 πρὸς
1319 5123 1380 5176 τὸ
1407 5122 1680 5194 βασίλειον
1701 5123 1856 5186 ἄστυ,

291 5222 386 5271 aut
443 5216 603 5272 τοῦτο
665 5215 1245 5284 κατασκευάσαντος),
1280 5216 1404 5285 μετ’
1449 5214 1714 5285 αἰσχύνης
1766 5217 1859 5267 καὶ

1974 3273 2147 3328 classe
2185 3281 2452 3326 exornata
2474 3311 2489 3336 ,
2520 3271 2578 3325 in
2615 3269 2737 3324 dies
2770 3284 2898 3325 cum
2937 3270 3019 3325 eis
3071 3267 3418 3334 deeertabat,
3452 3285 3554 3324 na-

1972 3363 2232 3433 valesque
2271 3377 2467 3432 pugnae
2493 3378 2526 3417 a
2555 3377 2686 3418 vere
2721 3378 2898 3433 usque
2928 3362 2982 3416 in
3017 3372 3344 3416 autumnum
3399 3374 3553 3414 com-

1972 3457 2358 3512 mittebantur.
2387 3454 2560 3525 Igitur
2590 3453 2811 3510 barbari
2869 3470 2995 3511 cum
3026 3454 3167 3509 nihil
3196 3454 3555 3524 proﬁcerent,

1971 3552 2150 3606 soluta
2179 3550 2491 3614 obsidione,
2527 3549 2788 3621 Cyzicum
2817 3555 3182 3620 occuparunt,
3215 3546 3326 3615 90
3359 3545 3548 3616 ibique

1972 3641 2334 3698 hiemarunt:
2383 3642 2486 3698 sub
2519 3640 2667 3697 veris
2709 3640 2961 3703 initium,
3001 3653 3198 3694 rursus
3233 3637 3553 3709 Byzantium

1971 3735 2264 3800 invasere,
2309 3734 2402 3789 ubi
2442 3749 2567 3788 cum
2611 3733 2796 3788 denuo
2838 3731 3051 3787 crebris
3103 3730 3308 3801 praeliis
3345 3729 3556 3784 navali-

1969 3829 2076 3883 bus
2148 3826 2562 3883 committendis
2633 3834 2852 3895 tempus
2929 3831 3226 3883 tereretur.
3284 3827 3552 3878 autumno

1969 3921 2196 3976 classem
2240 3918 2498 3987 Cyzicum
2558 3917 2943 3982 reduxerunt,
3000 3915 3168 3986 idque
3215 3928 3314 3984 per
3372 3927 3551 3967 annos

1967 4023 2176 4084 septem
2198 4015 2423 4069 factum.
2441 4013 2737 4081 Desperata
2755 4009 2923 4082 igitur
2939 4005 3365 4078 expugnatione,
3384 4013 3553 4075 atque

1965 4105 2128 4161 etiam
2175 4103 2361 4160 multis
2401 4102 2668 4157 militibus
2716 4109 2773 4156 et
2819 4097 3070 4169 pluribus
3105 4094 3340 4151 navibus
3373 4095 3547 4147 aruis-

1965 4197 2044 4252 sis
2095 4198 2242 4264 (nam
2272 4206 2384 4250 tum
2419 4209 2640 4266 quoque
2673 4193 2924 4249 Grzecum
2972 4189 3154 4260 ignem
3214 4202 3245 4242 a
3280 4184 3548 4241 Callinico

1965 4289 2207 4360 quodam
2248 4288 2560 4346 architecto
2602 4303 2634 4342 e
2660 4285 2816 4358 Syria
2857 4283 2912 4338 in
2943 4283 3151 4354 regiam
3194 4279 3392 4336 urbem
3418 4294 3549 4349 pro-

1963 4383 2108 4440 lecto
2134 4381 2503 4453 excogitatum
2540 4378 2746 4448 ferunt)
2776 4393 2904 4434 cum
2935 4377 3206 4434 dedecore
3238 4388 3547 4446 magnoque

1969 4487 2210 4528 interere
2261 4481 2412 4526 retro
2459 4470 2741 4527 abierunt.
2803 4468 2942 4525 Cum
3011 4474 3195 4522 autem
3245 4464 3547 4520 barbaricae

1969 4563 2166 4618 classis
2213 4563 2465 4633 reliquiae
2522 4563 2636 4632 jam
2705 4559 2775 4614 ad
2823 4559 3060 4630 Sylzeum
3115 4554 3497 4627 pervenissent
3528 4594 3544 4620 ,

1967 4656 2127 4710 turbo
2165 4655 2468 4710 vehemens
2523 4661 2771 4719 exortus,
2819 4665 2990 4706 naves
3029 4649 3230 4720 partim
3255 4645 3544 4710 demersit,

1963 4746 2163 4817 partim
2199 4746 2444 4816 scopulis
2471 4745 2641 4800 illisas
2674 4742 2957 4799 contrivit.
2995 4741 3150 4798 Unde
3192 4739 3237 4794 si
3273 4738 3366 4810 qui
3409 4755 3544 4793 eva-

1963 4847 2186 4903 serant,
2243 4853 2341 4893 eos
2384 4837 2552 4893 etiam
2603 4837 3065 4908 Cibyrrzeotarum
3137 4833 3251 4890 dux
3311 4830 3543 4889 delevit.

1965 4932 2110 5000 Quin
2137 4941 2280 4987 terra
2311 4930 2480 4985 etiam
2510 4927 2654 4982 alius
2687 4927 2928 4981 Arabum
2959 4926 3236 4981 exercitus
3263 4940 3293 4979 a
3335 4924 3542 4978 Bonna-

1970 5029 2056 5083 nis
2101 5023 2413 5096 legionibus
2437 5022 2616 5076 victus
2647 5028 2753 5075 est.
2797 5019 2950 5076 Unde
2982 5017 3242 5074 Saraceni
3293 5031 3390 5086 spe
3440 5014 3538 5068 de-

1963 5119 2116 5190 jecti,
2146 5133 2210 5172 ac
2243 5117 2428 5187 potius
2455 5120 2764 5173 metuentes
2785 5128 2853 5167 ne
2887 5127 2919 5167 a
2944 5110 3209 5168 Romanis
3247 5109 3350 5180 ipsi
3382 5108 3538 5162 inva-

1969 5211 2257 5274 derentur,
2288 5207 2444 5279 pacis
2474 5205 2744 5264 facienda:
2783 5205 3078 5262 consilium
3111 5212 3396 5276 ceperunt.
3431 5199 3539 5254 Ma-

1475 5375 1679 5436 Varize
1717 5371 2020 5436 lectiones
2066 5379 2126 5432 et
2159 5376 2343 5430 noue.

359 5559 477 5630 (ες),
520 5553 942 5630 Μιζίζῑονηριιί
997 5552 1298 5630 Μειιειίυε.
1343 5548 1547 5630 dicitur
1575 5544 1858 5630 anastasio

291 5618 704 5687 in‘Adeodato.
766 5618 962 5679 ubi’de
1013 5625 1135 5690 ejus
1188 5621 1358 5677 caede.
1402 5618 1716 5690 Cbroﬁnicon
1754 5629 1857 5670 ms.

291 5699 511 5768 Georgii
548 5689 1263 5768 llamartoliiinConstante
1293 5707 1311 5745 ε
1349 5689 1871 5768 ῐξαρευθὺςὲἁναγο-

294 5756 511 5840 ρεύονῖσι
564 5763 1239 5840 βασιλέαμλιιζίζιόνλςτινα
1278 5756 1568 5840 γενόμενον
1615 5756 1874 5840 ’Λρμενο-

1965 5543 2173 5599 Adamo
2203 5539 2269 5595 ad
2303 5541 2540 5598 Leonem
2573 5539 2778 5596 Philos.

2040 5614 2151 5680 (‘29)
2190 5616 2252 5665 Oi
2282 5609 2348 5664 δὲ
2375 5611 2481 5665 τοῦ
2512 5613 2708 5679 Ἅγαρ.
2742 5611 2808 5666 Ut
2834 5606 3194 5680 tumiobscssa
3214 5603 3376 5658 fuerit
3407 5604 3540 5660 urbs

1969 5699 1998 5738 a
2033 5675 2343 5743 Saracenis,
2376 5675 3274 5750 przeterscriptoresByzantinos,
3302 5685 3534 5750 narrant

1972 5762 2164 5809 auctor
2200 5745 2476 5806 Orationis
2504 5752 2556 5805 in
2589 5745 2788 5805 festum
2821 5749 2918 5812 τῆς
2951 5745 3296 5804 Ἄκαθίστου.
3326 5762 3380 5816 p.
3411 5747 3539 5810 816,

293 5816 1262 5911 graivetcf'liawctiatn'appellatur
1289 5816 1355 5886 'in
1403 5816 1612 5885 Chron.
1662 5816 1766 5882 riis.
1804 5828 1873 5880 ab
1973 5833 2029 5880 et
2055 5821 2498 5895 Tbcophylactus
2527 5819 2982 5883 llicrodiaconus,
3013 5833 3178 5873 sertn.
3211 5816 3298 5879 12,
3333 5833 3387 5872 υ.
3409 5816 3540 5873 9.58.
