4010 6570
445 386 584 450 13οἹ

1715 383 2036 450 ῙΟΑΝΝΙΞ
2062 381 2382 443 ZONAR/E

3553 379 3702 446 i308

439 497 711 564 Heraclio,
744 505 908 568 atque
940 497 1107 554 etiam
1149 495 1380 556 Leontio
1402 496 1469 555 ad
1494 512 1555 555 se
1595 497 1846 556 adductis
1873 539 1890 562 ,
1919 499 2024 554 lle-

2152 499 2388 564 ςάμενος,
2444 494 2707 551 ἀπελθεῖν
2761 493 2954 549 αὖτδνσ
2989 492 3432 566 παρεσκεύασεν.
3494 493 3608 550 τοῦ
3650 496 3710 550 δδ

440 588 671 643 raclium
703 603 826 643 cum
859 588 982 643 aliis
1012 588 1267 659 pluribus
1308 589 1376 645 de
1416 588 1580 659 lignis
1618 589 1777 660 juxta
1817 589 2022 644 mmnia

440 678 751 749 suspendit,
797 679 1152 750 Apsimarum
1206 689 1262 735 et
1302 681 1597 736 Leontium
1647 681 1885 736 vinculis
1925 695 2024 751 per

447 770 632 826 lorum
683 770 1115 837 circumductos,
1150 772 1290 827 lucis
1313 771 1669 828 Circensibus
1707 774 2024 842 spectaculo

441 862 717 927 exhibuit,
743 875 980 932 cumque
998 863 1155 918 collis
1177 878 1369 920 eorum
1399 873 1526 920 ante
1543 881 1602 920 se
1632 866 2023 934 projectorum,

444 955 679 1023 pedibus
722 956 1059 1021 insultasset,
1107 957 1187 1012 sic
1241 957 1466 1013 demum
1519 960 1700 1028 capita
1749 961 1803 1014 in
1859 975 2027 1014 vena-

447 1049 597 1102 tione
639 1049 745 1104 illis
794 1049 1012 1119 przecidi
1047 1050 1231 1120 jussit.
1271 1049 1598 1106 Callinicum
1638 1053 2024 1122 patriarcham,

443 1139 620 1194 ol-ulis
662 1140 815 1209 prius
856 1141 1053 1207 crutis,
1091 1141 1322 1198 Romam
1348 1145 1632 1216 relegavit.
1664 1147 1866 1217 Cyrum
1907 1162 2026 1201 mo—

445 1231 682 1284 nachum
742 1233 1036 1302 quemdam
1103 1233 1400 1299 inclusum,
1469 1236 1563 1306 qui
1619 1236 1670 1291 ei
1738 1239 1890 1306 regni
1945 1253 2032 1292 re-

446 1321 861 1388 cuperationem
896 1322 1248 1391 praedixerat,
1283 1325 1652 1394 patriarcham
1687 1327 2020 1397 designavit.

447 1411 736 1465 Maximam
773 1413 986 1467 turbam
1012 1414 1354 1483 etplebeiam
1395 1425 1452 1470 et
1474 1416 1763 1470 militarem
1789 1418 2019 1482 oceidit,

447 1503 645 1571 partim
689 1514 897 1574 aperte.
937 1509 1138 1576 partim
1179 1509 1343 1563 clam.
1387 1509 1630 1565 Uxorem
1679 1510 2028 1566 Theodoram

448 1608 481 1646 e
520 1593 783 1650 Chazaria
834 1599 1133 1665 revocavit,
1173 1616 1295 1670 quae
1341 1600 1452 1670 jam
1500 1601 1671 1655 (ilium
1717 1613 2030 1672 pepererat,

451 1699 615 1753 quem
644 1685 926 1742 Tiberium
965 1692 1202 1755 vocavit,
1240 1693 1529 1763 ipsumque
1572 1703 1628 1749 et
1662 1704 1893 1750 matrem
1933 1697 2034 1748 im-

453 1778 737 1844 peratorio
793 1782 1020 1836 nomine
1074 1781 1356 1854 dignatus,
1413 1786 1728 1842 diademate
1791 1789 2028 1843 ornavit.

2137 593 2446 661 Ἀψιμάρου
2485 591 2583 644 καὶ
2626 589 2958 660 Ἡρακλείου
2981 588 3076 642 τοῦ
3105 589 3336 658 ἀδελφοῦ
3370 589 3540 643 αὑτοῦ
3573 587 3711 660 πρὸς

2125 683 2291 738 αὐτὸν
2351 683 2649 753 ἀχθέντων.
2693 681 2833 736 ἀλλὰ
2892 682 3002 752 μὴν
3043 683 3142 736 καὶ
3179 681 3275 735 τοῦ
3311 682 3591 745 Λεοντίου,
3617 681 3714 734 τὸν

2128 777 2228 848 μὲν
2267 774 2590 846 Ἡράκλειον
2623 775 2720 828 σὺν
2740 774 2923 837 ἀλλοις
2953 773 3198 828 πλείοσιν
3262 775 3321 826 ὲν
3363 773 3539 838 ξύλοις
3563 773 3714 840 παρά

2125 869 2235 929 τοῖς
2267 865 2508 935 τείχεσιν
2542 865 2848 936 ἀπῃὼρησε
2873 883 2889 897 ο
2930 866 3024 918 τὸν
3075 864 3384 935 Ἀψίμαρον
3412 863 3471 916 δέ
3518 881 3585 931 γε
3611 864 3714 917 καὶ

2127 958 2220 1010 τὸν
2251 957 2528 1020 Λεόντιον,
2561 955 2820 1026 δεσμίους
2849 955 2936 1009 διά
2973 956 3073 1024 τῆς
3090 957 3298 1025 ἀγορᾶς
3321 955 3715 1026 περιαγαγὼν,

2129 1051 2225 1103 καὶ
2270 1047 2563 1118 θεατρίσας
2610 1046 2842 1100 ἱππικοῦ
2903 1047 3218 1119 ἀγομένου,
3269 1048 3530 1119 ῥιφέντας
3606 1047 3714 1100 ὑπὸ

2127 1141 2256 1204 τοὺς
2289 1140 2457 1205 πόδας
2486 1139 2653 1194 αὑτοῦ
2706 1140 2850 1194 κατά
2878 1139 2988 1193 τῶν
3035 1140 3327 1210 τραχήλων
3374 1139 3672 1207 πεπάτηκε
3701 1174 3720 1202 ,

2130 1233 2227 1288 xui.
2263 1233 2439 1296 οὕτως
2472 1232 2815 1302 ἐκτμηθῆναι
2868 1233 2966 1294 τάς
3020 1231 3204 1285 αὐτῶν
3251 1231 3494 1299 κεφαλὰς
3545 1232 3605 1282 ὲν
3633 1227 3717 1296 τῷ

2132 1322 2443 1392 κυνηγεσίῳ
2481 1322 2847 1392 προσέταξεν.
2871 1321 2978 1376 Τδν
3017 1322 3078 1375 δὲ
3134 1322 3487 1393 πατριάρχην
3517 1320 3722 1374 Καλλί-

2133 1436 2282 1471 νικον
2306 1418 2444 1488 (57),
2478 1417 2746 1488 πρότερον
2776 1417 2940 1469 αὐτοῦ
2969 1414 3236 1486 πηρώσας
3269 1417 3336 1468 τά
3378 1415 3610 1483 δμματα
3633 1415 3722 1475 είς

2145 1510 2368 1581 Ῥώμην
2394 1509 2547 1563 ἔθετο
2610 1509 2928 1580 ὑπερόριον.
2963 1509 3148 1579 Κῦρον
3196 1508 3254 1562 δέ
3300 1525 3424 1561 τινα
3467 1507 3582 1574 (58)
3623 1521 3729 1574 μο-

2134 1602 2298 1672 ναχὸν
2321 1601 2638 1670 ἔτκλειστον
2669 1603 3012 1671 πατριάρχην
3074 1599 3434 1670 προύϐάλετο,
3473 1597 3534 1659 ὃς
3565 1595 3726 1665 αύτῷ

2134 1695 2213 1756 είς
2241 1693 2340 1762 τὴν
2375 1691 2656 1762 βασιλείαν
2693 1693 3136 1746 ἀποκατάστασιν
3160 1689 3546 1762 προειροίϐασε.
3579 1687 3731 1742 ιιοὶδ

2131 1783 2189 1834 δὲ
2229 1781 2433 1851 πλῆθος
2454 1781 2519 1834 ἔκ
2543 1797 2601 1832 τε
2624 1779 2720 1832 τοῦ
2741 1778 3036 1849 δημοτικοῦ
3063 1778 3159 1833 καὶ
3188 1778 3284 1830 τοῦ
3319 1775 3733 1846 στρατιωτικοῦ

454 1868 659 1924 Fmdus
702 1886 829 1926 cum
876 1847 1547 1947 Bnlgarisvictum'rupit,
1585 1879 1776 1951 eisque
1823 1881 2026 1936 bellum

2152 1876 2258 1926 τότε
2293 1847 2603 1942 διέφθειρεν
2635 1847 2836 1933 οὗτοςύ
2865 1870 3144 1942 βασιλεὺς,
3175 1870 3303 1932 τοὺς
3330 1868 3430 1938 μὲν
3445 1866 3733 1937 φανερῶς.

454 1957 665 2024 intulit,
713 1963 1086 2032 pedestribus.
1122 1970 1473 2038 equestribus
1509 1980 1566 2026 et
1614 1973 1903 2027 navalibus
1932 1989 2030 2028 co-

457 2050 564 2119 piis
635 2052 966 2110 Anchialum
1041 2061 1343 2128 profcetus.
1411 2061 1478 2117 Ac
1542 2063 1782 2132 primum
1851 2066 2032 2121 territi

457 2141 696 2212 Bulgari,
745 2145 799 2200 in
849 2158 1064 2205 montes
1115 2154 1504 2224 confugerunt.
1557 2156 1688 2210 inde
1737 2173 1863 2212 cum
1923 2159 2031 2213 Ro-

460 2251 746 2292 manorum
783 2243 1088 2297 exercitum
1121 2257 1297 2300 castra
1331 2249 1484 2302 nullo
1516 2249 1710 2305 ordine
1743 2251 2024 2319 posuisse.

457 2339 516 2383 et
569 2339 773 2388 temere
821 2336 1140 2404 pabulatum
1193 2339 1432 2410 dispergi
1493 2342 1773 2405 viderent,
1820 2345 2036 2401 animos

461 2434 814 2491 receperunt.
846 2436 902 2482 et
938 2431 1216 2501 congressi
1266 2433 1468 2488 inultos
1497 2435 1825 2492 occiderunt
1857 2453 2036 2506 neque

461 2516 751 2584 pIUCiO‘CS
809 2533 1102 2590 ceperunt.
1165 2526 1329 2595 equis
1384 2527 1550 2582 etiam
1606 2530 1794 2585 multis
1849 2532 2035 2600 potiti.

460 2605 727 2664 Ceterum
787 2611 1087 2683 imperator
1146 2633 1272 2672 cum
1338 2621 1591 2690 reliquiis
1643 2625 1923 2682 exercitus
1978 2625 2032 2681 in

464 2700 758 2755 castellum
806 2707 1081 2772 quoddam
1136 2726 1194 2764 se
1243 2714 1541 2770 conclusit.
1591 2716 1801 2772 Deinde
1850 2718 2042 2774 incisis

462 2803 731 2857 ejuornm
783 2797 986 2858 nervis.
1041 2816 1110 2855 ne
1162 2802 1416 2859 hostibus
1461 2806 1583 2860 usui
1633 2817 1844 2874 essent,
1901 2826 2040 2864 eon-

469 2881 677 2935 scensis
706 2884 937 2942 navibus
977 2902 1101 2943 cum
1153 2906 1349 2962 magno
1395 2893 1666 2949 dedecore
1716 2896 2037 2966 Byzantium

471 2969 654 3025 rediit.
701 2971 1022 3032 Chersoniis
1074 2994 1240 3047 porro
1282 2981 1476 3047 iratus,
1524 2982 1674 3054 quod
1725 2983 1793 3038 de
1847 3001 1908 3039 se
1951 3001 2041 3040 res

470 3077 643 3118 novas
697 3068 958 3124 moliente
1026 3073 1270 3128 tollendo
1337 3077 1699 3148 cogitassent.
1760 3077 2040 3139 triremes.

2140 1965 2318 2028 ἐνίους
2353 1964 2542 2034 μέντοι
2576 1965 2671 2016 καὶ
2701 1962 2948 2032 ἀφανῶς.
2982 1961 3203 2023 Στείλας
3235 1960 3279 2014 δ’
3306 1962 3387 2024 εἰς
3413 1958 3732 2030 Χαζαρίαν,

2143 2057 2320 2128 ἧγαγε
2342 2057 2441 2129 τὴν
2462 2059 2698 2125 γυναῖκα
2729 2056 2896 2110 αὑτοῦ
2921 2054 3206 2124 Θεοδὼραν
3235 2052 3336 2124 ἥδη
3361 2052 3512 2123 αύτῷ
3531 2050 3736 2105 τεκοῦ-

2143 2164 2243 2201 σαν
2283 2148 2418 2212 υίὸν,
2449 2145 2507 2200 ὃν
2535 2145 2790 2216 Τιϐέριον
2821 2145 3205 2214 κατωνόμασε,
3237 2143 3503 2210 κάκείνην
3536 2142 3596 2194 δὲ
3635 2141 3736 2193 καὶ

2141 2241 2204 2294 τὸ
2237 2240 2453 2293 παιδίον
2480 2238 2576 2292 τοῦ
2603 2240 2702 2308 τῆς
2735 2237 3017 2308 βασιλείας
3045 2235 3281 2299 ἀξιώσας
3313 2234 3604 2305 ὀνόματος,
3635 2233 3738 2286 καὶ

2143 2331 2314 2402 ἄμφω
2340 2330 2562 2400 ἔστεψε.
2595 2327 2783 2393 Λύσας
2828 2329 2887 2381 δι
2930 2328 3030 2392 τάς
3063 2327 3206 2397 πρὸς
3229 2326 3355 2390 τοὺς
3381 2326 3739 2395 Βουλγάρους

2147 2423 2404 2487 σπονδάς,
2438 2424 2562 2476 κατ’
2609 2421 2791 2475 αὐτῶν
2825 2421 3224 2494 ἐξεστράτευσε
3254 2419 3352 2472 σὺν
3379 2419 3643 2480 ἱππικαῖς
3671 2435 3733 2470 τε

2147 2515 2242 2570 καὶ
2271 2514 2530 2579 πεζικαῖς
2576 2513 2865 2583 δυνάμεσι,
2913 2514 3009 2566 καὶ
3037 2515 3135 2566 σὺν
3187 2511 3358 2581 στόλῳ
3383 2510 3591 2580 πολλῷ,
3629 2509 3742 2563 καὶ

2147 2608 2360 2677 ἀπῆλθε
2407 2607 2543 2677 πρὸς
2594 2607 2692 2676 τὴν
2736 2605 3042 2675 ’Λγχίαλον.
3103 2603 3177 2656 Τὸ
3218 2604 3322 2674 μὲν
3369 2599 3464 2657 οὖν
3512 2605 3740 2672 πρῶτον

2145 2699 2423 2761 δείσαντες
2454 2697 2504 2750 οἱ
2536 2696 2836 2768 Βούλγαροι
2875 2698 2957 2759 είς
2986 2696 3052 2748 τὰ
3085 2695 3186 2768 ὅρη
3218 2696 3553 2766 ἀνέδραμον,
3578 2696 3733 2748 ἐκεῖ·

2149 2792 2243 2844 θεν
2289 2791 2348 2843 δὲ
2388 2790 2744 2855 ἀσυντάκτως
2816 2787 3056 2861 ὁρῶντες
3109 2788 3208 2859 τὴν
3264 2788 3374 2842 τῶν
3434 2788 3738 2856 Ῥωμαίων

2155 2883 2418 2956 στρατιάν
2453 2885 2854 2955 σκηνουμένην,
2897 2884 2993 2938 καὶ
3031 2883 3392 2954 άπροσέκτως
3421 2882 3503 2944 είς
3529 2898 3738 2952 χορτα-

2155 2979 2382 3050 σμάτων
2441 2977 2709 3045 συλλογὴν
2757 2976 3151 3047 σκιδναμένην,
3201 2974 3614 3046 ἀνεθάρσησαν,
3642 2975 3743 3028 καὶ

2153 3070 2481 3133 ἐπελθόντες
2541 3070 2729 3132 αὐτοῖς
2784 3068 3016 3131 πολλοὺς
3059 3069 3158 3140 μὲν
3193 3068 3430 3135 ἀνεῖλον,
3451 3067 3515 3121 οὐ
3549 3068 3745 3138 μείους

470 3154 770 3215 dromones
798 3171 854 3216 et
877 3179 1048 3219 naves
1071 3167 1356 3222 onerarias
1375 3184 1498 3222 cum
1531 3171 1766 3224 maximo
1797 3171 2040 3226 exercitu

2152 3165 2207 3219 δὲ
2236 3162 2700 3236 ῂχμαλώτευσαν,
2745 3162 2844 3215 καὶ
2898 3160 3069 3214 ἵππον
3117 3159 3378 3230 συνέσχον
3409 3158 3638 3228 πολλήν.
3681 3157 3744 3210 '0
3801 3163 3810 3170 ’

470 3255 527 3301 et
565 3249 780 3306 duobus
805 3251 1038 3311 ducibus
1069 3255 1259 3323 mittit,
1300 3259 1490 3329 eisque
1530 3260 1776 3326 mandat,
1823 3278 1890 3316 ne
1931 3261 2048 3316 cui-

471 3355 638 3407 quam
693 3342 910 3399 illorum
962 3358 1213 3418 parcant.
1269 3351 1364 3406 sed
1414 3367 1606 3406 omnes
1660 3352 1859 3422 gladiis
1908 3368 2045 3409 con-

474 3433 677 3489 iiciant.
707 3434 808 3503 Qui
835 3453 932 3495 eos
961 3439 1110 3496 nullo
1134 3456 1257 3496 cum
1290 3443 1477 3499 labore
1520 3455 1790 3514 ceperunt
1839 3445 2045 3518 (neque

473 3525 621 3580 enim
713 3528 932 3585 urbium
995 3532 1424 3590 Chersoniarnm
1493 3537 1834 3604 habitatores
1901 3541 2044 3595 resi-

476 3617 738 3690 stebant),
770 3636 834 3676 ac
860 3637 999 3692 pene
1028 3626 1284 3682 omnibus
1305 3629 1554 3693 sublatis,
1581 3635 1766 3702 pueris
1787 3634 2054 3691 duntaxat

473 3717 532 3761 et
563 3709 985 3768 adolescentulis
1027 3728 1417 3784 pepercerunt.
1439 3721 1558 3787 Quo
1589 3723 1933 3778 Justinianus
1952 3741 2049 3779 co-

475 3797 651 3866 gnito,
695 3797 888 3867 iratus,
936 3817 1034 3857 eos
1073 3820 1294 3877 quoque
1337 3808 1402 3863 ad
1434 3824 1492 3865 se
1539 3813 1682 3866 mitti
1737 3814 1902 3885 jussit
1953 3815 2047 3884 qui

475 3890 787 3944 conservati
826 3903 1049 3962 essent;
1082 3895 1329 3965 quicum
1379 3901 1530 3956 missi
1573 3913 1782 3968 essent,
1815 3908 2048 3961 maxima

474 3997 544 4034 ex
587 3990 740 4047 parte
795 3983 848 4038 in
905 3987 1041 4041 mari
1107 3989 1536 4058 perieruntzea
1585 4011 1673 4051 res
1730 3999 2049 4067 imperatori

477 4071 743 4143 voluptati
779 4075 903 4132 fuit.
943 4077 1049 4134 Sed
1091 4097 1161 4137 ne
1205 4083 1286 4138 sic
1324 4085 1545 4155 quidem
1587 4087 1771 4145 furore
1825 4091 1880 4145 in
1927 4093 2051 4149 illos

479 4181 579 4220 suo
611 4170 850 4240 expleto,
896 4173 1133 4230 minatus
1163 4187 1248 4233 est
1273 4194 1331 4234 se
1364 4181 1486 4236 aliis
1521 4184 1697 4252 copiis
1741 4187 1925 4242 missis
1974 4190 2049 4245 ita

480 4259 759 4330 regionem
798 4263 942 4318 illam
975 4277 1344 4323 evastaturum
1371 4279 1456 4335 ut,
1478 4271 1586 4342 97
1606 4274 1808 4344 quibus
1833 4277 1887 4331 in
1918 4278 2055 4334 locis

479 4351 648 4406 urbes
672 4351 1066 4417 fuissent,arva
1092 4359 1427 4414 colerentur.
1452 4362 1534 4416 οι)
1563 4363 1680 4418 Ιιαιο
1717 4365 2052 4424 Chersonio-

481 4454 604 4495 rum
661 4441 925 4511 reliquire,
953 4459 1258 4516 eorumque
1303 4449 1519 4504 ﬁnitimi
1561 4452 1630 4506 ad
1681 4454 2049 4515 defectionem

2161 3260 2347 3330 μέντοι
2374 3257 2629 3328 βασιλεὺς
2665 3256 2762 3309 σὺν
2790 3256 2904 3318 τοῖς
2943 3252 3379 3324 περιλειφθεῖσιν
3407 3253 3492 3316 είς
3535 3252 3599 3304 τὸ
3626 3252 3747 3303 ἐκεῖ

2159 3351 2626 3422 συνεκλείσθησαν
2659 3347 2946 3418 φρούριον.
2987 3343 3120 3401 Εἶτα
3148 3347 3275 3409 τοὺς
3304 3346 3508 3408 ἵππους
3529 3344 3745 3407 πάντας

2160 3444 2673 3516 νευροκοπήσαντες
2732 3440 2869 3510 ('59),
2895 3441 2984 3494 ἵνα
3015 3439 3094 3511 μὴ
3140 3439 3368 3501 τούτους
3426 3437 3654 3491 λάϐοιεν
3695 3437 3748 3490 oi

2161 3535 2435 3605 πολέμιοι,
2490 3535 2602 3598 τοῖς
2632 3531 2728 3586 τοῦ
2783 3531 2974 3586 στόλου
3020 3532 3293 3600 σκάφεσιν
3359 3529 3747 3600 ἐμϐεϐηκότες

2161 3628 2469 3698 ἐπανῆλθον
2525 3628 2607 3690 είς
2659 3626 2720 3680 τὸ
2763 3625 3062 3690 Βυζάντιον
3128 3626 3226 3678 σὺν
3262 3622 3497 3695 αἰσχύνῃ
3544 3623 3748 3692 πολλῇ.

2163 3721 2389 3781 Μηνιὼν
2417 3720 2473 3774 δὲ
2494 3721 2607 3784 τοῖς
2635 3719 2692 3772 ὲν
2730 3718 3001 3787 Χερσῶνι,
3036 3718 3121 3771 ὅτι
3154 3719 3272 3771 ἐκεῖ
3299 3714 3752 3785 περιωρισμένον

2163 3813 2330 3869 αὑτὸν
2360 3816 2582 3881 γνόντες
2636 3811 3052 3881 νεωτερίζοντα,
3096 3809 3479 3881 ἠϐουλήθησαν
3505 3805 3748 3870 ἀνελεῖν,

2167 3907 2376 3962 στέλλει
2430 3906 2679 3976 τριήρεις
2740 3905 2834 3958 καὶ
2883 3904 3167 3974 δρόμωνας
3209 3905 3304 3956 καὶ
3356 3902 3487 3971 νῆας
3547 3901 3754 3968 ἐτέρας

2160 4001 2270 4052 τῶν
2293 3998 2584 4070 φορτηγῶν
2646 3996 2746 4050 σὺν
2797 3996 3176 4068 στρατεύματι
3207 3994 3444 4062 πλείστῳ
3487 3995 3589 4046 καὶ
3623 3993 3754 4044 δυσὶ

2166 4093 2513 4162 στρατηγοῖς,
2539 4090 2920 4159 ἐντειλάμενος
2952 4090 3138 4150 αὐτοῖς
3186 4087 3262 4158 μὴ
3279 4085 3574 4155 φείσασθαί
3601 4100 3754 4146 tam;

2164 4181 2274 4236 τῶν
2306 4181 2442 4242 ἐκεῖ,
2479 4180 2615 4235 ἀλλά
2654 4179 2868 4242 πάντας
2927 4178 3201 4247 συγκόψαι
3247 4179 3361 4239 τοῖς
3420 4174 3656 4243 ξίφεσιν.
3685 4173 3754 4229 01

2167 4271 2266 4325 σὺν
2294 4268 2471 4323 οὐδενὶ
2497 4268 2644 4338 πόνῳ
2677 4266 2762 4339 (οὐ
2797 4267 2904 4338 γὰρ
2934 4267 3276 4334 ἀντέστησαν
3305 4265 3355 4317 oi
3379 4264 3488 4318 τῶν
3512 4265 3573 4316 ὲν
3602 4263 3754 4334 Χερο

2167 4361 2299 4413 σῶνι
2327 4360 2533 4412 πόλεων
2559 4359 2831 4428 κάτοικοι)
2871 4356 3286 4428 παραλαϐόντες
3320 4353 3514 4417 αὐτοὺς
3566 4354 3754 4407 ἀπαν-

2167 4468 2266 4515 τας
2295 4451 2483 4520 σχεδὸν
2505 4450 2838 4520 ἀνῃρήκασι,
2880 4450 3048 4518 μόνης
3081 4445 3177 4514 τῆς
3206 4444 3505 4514 νεαζούσης
3524 4443 3751 4514 ἡλικίας

481 4531 703 4602 impulsi
746 4534 1108 4606 Philippicnm
1133 4539 1396 4597 Bardanis
1443 4543 1635 4610 ﬁlium,
1685 4563 1846 4617 quem
1891 4567 2040 4622 supr:

2165 4544 2330 4614 μέχρι
2375 4540 2681 4614 μειρακίων
2732 4541 3082 4610 φεισάμενοι.
3141 4539 3206 4592 '0
3269 4536 3460 4607 μαθὼν
3504 4537 3746 4589 Ἰουστι-

482 4625 554 4678 ab
610 4627 896 4696 Apsimaro
954 4629 1009 4683 in
1065 4629 1457 4701 Cephaleniam
1527 4638 1828 4710 relegatum
1888 4642 2058 4700 fuisse

483 4723 927 4785 memoravimus.
979 4735 1294 4780 revocatum
1327 4728 1490 4784 modo
1529 4740 1584 4785 et
1617 4731 1745 4787 dum
1786 4733 2058 4792 Consmn-

485 4809 772 4878 tinopolim
817 4811 942 4876 iret,
978 4813 1109 4871 illuc
1144 4817 1475 4886 profectum,
1526 4821 1921 4892 imperatorem
1971 4842 2060 4882 sa-

485 4900 682 4967 lutant,
720 4903 884 4958 etiam
929 4905 1046 4960 Elia
1080 4909 1328 4980 principe
1358 4927 1461 4966 suo
1501 4915 1808 4985 adjutante.
1844 4917 2060 4985 Quibus

485 4988 830 5048 Justinianus
869 4997 1126 5067 cognitis,
1163 4998 1295 5054 Elia:
1345 5001 1554 5059 liberos
1599 5004 1654 5058 in
1703 5007 1828 5060 sinu
1867 5008 2061 5063 matris

479 5083 768 5154 jugulavit,
793 5096 849 5140 et
875 5087 1044 5157 ipsam
1071 5105 1231 5145 servo
1252 5095 1371 5164 ejus
1398 5095 1529 5149 lndo
1552 5111 1729 5167 coquo
1760 5099 2060 5169 copulavit.

487 5177 695 5234 Deinde
726 5181 1050 5238 instructam
1078 5185 1308 5242 classem
1333 5199 1524 5245 contra
1555 5191 1894 5248 Chersonem
1927 5195 2055 5249 mit-

2155 4637 2364 4698 νιανὸς,
2392 4635 2476 4687 ὅτι
2511 4633 2589 4704 μὴ
2619 4632 2716 4686 καὶ
2743 4631 2969 4696 τούτους
3007 4630 3241 4693 ἀνεῖλον,
3293 4628 3616 4697 ὲξώργιστο,
3651 4625 3752 4679 καὶ

2157 4727 2295 4798 trp-il;
2320 4726 2487 4780 αὑτὸν
2515 4727 2643 4789 τοὺς
2670 4724 3080 4795 περισωθέντας
3104 4721 3480 4791 ἀποσταλῆναι
3500 4736 3748 4788 παρεκε-

2156 4819 2408 4872 λεύσατο.
2453 4817 2896 4880 ’Λποσταλέντας
2941 4816 2998 4869 δὲ
3048 4813 3553 4881 καταποντισθῆναι
3582 4813 3639 4862 ὲν
3679 4814 3746 4880 τῇ

2158 4911 2405 4981 θαλάσση
2461 4909 2658 4980 συνέϐη
2682 4909 2810 4972 τοὺς
2849 4907 3125 4971 πλείονας,
3157 4908 3255 4960 καὶ
3288 4904 3433 4970 ἔδοξε
3475 4903 3640 4956 τοῦτο
3668 4903 3748 4972 τῷ

2169 5003 2383 5075 βασιλεῖ
2417 5003 2781 5070 καταθύμιον.
2838 5002 2950 5056 Καὶ
2982 5000 3093 5053 οὐδ’
3137 5000 3281 5052 οὕτω
3317 4999 3418 5066 τῆς
3450 4996 3575 5049 κατ’
3603 4995 3749 5048 ἐκεί-

2167 5114 2274 5152 νων
2303 5097 2500 5166 μανίας
2531 5094 2912 5165 ἐμπέπληστο,
2934 5092 3050 5146 ἀλλ’
3075 5092 3292 5162 ἠπείλει
3317 5091 3412 5144 καὶ
3438 5089 3599 5151 αὖθις
3628 5104 3752 5140 στε-

2168 5193 2304 5253 λεῖν,
2337 5189 2433 5244 καὶ
2460 5186 2607 5242 οὕτω
2627 5190 2729 5260 τὴν
2754 5186 2942 5258 χώραν
2995 5185 3370 5258 ὲξερημῶσαι,
3403 5183 3479 5246 ὡς
3510 5181 3610 5234 καὶ
3647 5180 3747 5245 τάς

1690 5331 1898 5394 Varias
1933 5332 2243 5394 lectiones
2288 5337 2349 5394 et
2386 5335 2576 5392 notes.

563 5469 676 5540 (37)
708 5471 846 5544 _Tér
895 5468 964 5523 δὲ
1013 5471 1389 5544 Κρλλίγᾳρν-
1435 5472 1829 5544 πατριάρχην.
1889 5474 2064 5542 Hujus

493 5540 813 5621 memoriam
845 5551 1014 5611 agunt
1046 5540 1223 5596 Graeci
1259 5540 1330 5596 25
1365 5540 1618 5614 Augusti,
1647 5540 1722 5601 ut
1754 5540 1838 5600 est
1871 5546 1924 5598 in
1950 5540 2065 5600 Me-

494 5625 649 5664 natis.

566 5681 2066 5771 ίῖξὲὶίίῗῦιῖῖθνέέῐξϊξξ,Ηυὲιιευεβήακίηρευῐηδεῖδεῖ

495 5751 528 5803 8
567 5751 793 5831 .lanuar.
817 5753 870 5809 in
914 5752 1250 5809 monasterio
1279 5751 1376 5827 τῆς
1400 5751 1622 5828 Χώρας,
1650 5766 1711 5811 ut
1740 5751 1834 5812 'est
1864 5757 1917 5812 in
1956 5757 2066 5814 Me-

499 5837 657 5876 ιιεισ.

2233 5469 2957 5544 (59)ΞΝευροκοπήσαντες.
2975 5468 3314 5544 νίόοριρεε.
3341 5467 3487 5523 med.
3511 5467 3747 5544 Caecit-

2165 5537 2684 5608 ἱη”Ᾰντζοκοπείν.
2740 5544 3096 5611 Anonymus‘
3117 5540 3442 5595 Valesianus
3492 5537 3562 5591 de
3595 5538 3745 5590 Cou-

2164 5613 2408 5670 stantino
2440 5611 2754 5667 M.Summa
2781 5612 3341 5682 festinationekueredis
3366 5617 3481 5682 post
3505 5616 3750 5682 aetrnu-

2166 5687 2298 5739 catis
2335 5677 2922 5758 Alp_e_s‘tra_mgre'ssus,
2952 5691 3064 5736 etc.
3097 5677 3498 5758 Constantinus
3533 5677 3746 5758 Manas-

2167 5769 2277 5819 Sos,
2329 5750 2555 5825 p.122,
2611 5752 2815 5825 ἵππους
2863 5750 3317 5825 νευροκοποῦσαι.
3355 5750 3538 5808 Utitur
3578 5750 3744 5802 etiam

2171 5820 2536 5897 Theophanes
2566 5838 2659 5880 an.
2693 5821 2726 5878 6
2753 5820 3070 5878 Iustiniani.
