4010 6562
268 392 409 462 1309

1502 396 1910 461 ANNALIUM
1947 398 2097 466 LIB.
2138 401 2300 466 XIV.

3383 404 3526 470 1310

263 514 454 578 πόλεις
494 513 745 569 καθελεῖν
794 514 893 575 καὶ
944 512 1297 586 ἀροτριάσαι.
1351 515 1451 570 Διὰ
1479 515 1652 570 ταῦτα
1679 518 1728 571 o’.
1760 515 1841 569 ἔτι

1961 517 2037 580 Lit,
2085 517 2391 590 classisque
2442 518 2700 592 prmfecto
2736 518 2961 578 mandat
3001 529 3062 577 nt
3104 519 3352 579 funditus
3399 524 3525 579 uni-

263 606 717 679 περιλειφθέντες
738 608 795 661 ὲν
821 606 1094 677 Χερσῶνι,
1117 608 1212 661 καὶ
1234 607 1284 660 οί
1313 606 1519 661 τούτων
1576 610 1849 679 περίοικοι

261 700 780 774 ἁποστατήσαντες,
807 699 1137 752 Φιλιππικὸν
1175 698 1269 751 τὸν
1300 699 1395 752 τοῦ
1430 699 1703 771 Βαρδᾶνη,
1731 698 1791 754 ὃν
1819 701 1849 753 6

262 792 428 862 λόγος
461 792 723 862 ἱστόρησε
762 789 918 860 παρὰ
968 788 1063 843 τοῦ
1106 788 1415 861 Ἀψιμάρου
1444 789 1525 854 είς
1552 790 1850 861 Κεφαλλη-

262 885 387 939 νίαν
416 882 823 955 περιοισθῆναι,
879 883 1005 953 ἄρτι
1053 882 1435 950 ἀνακληθέντα
1468 883 1531 936 ὲκ
1553 883 1652 953 τῆς
1678 884 1851 956 ὑπερ-

264 983 443 1052 ορίας,
478 979 574 1034 καὶ
598 970 892 1032 λπανιόντα
926 976 1066 1048 πρὸς
1101 974 1199 1048 τὴν
1248 976 1848 1037 Κωνσταντινούπολιν.

264 1073 433 1126 κάκεῖ
494 1070 809 1141 γενόμενον,
848 1067 1078 1138 βασιλέα
1149 1066 1577 1139 ἀναγορεύουσι,
1621 1070 1717 1122 καὶ
1754 1066 1849 1122 τοῦ

268 1162 424 1231 σφῶν
488 1162 751 1234 ἄρχοντος
790 1158 952 1213 Ἠλία
1018 1158 1490 1229 συμπράττοντος.
1542 1158 1611 1211 ’Δ
1661 1156 1851 1227 μαθὼν

277 1252 688 1317 Ίουστινιανδς,
731 1251 859 1315 τοὺς
918 1250 1019 1323 μὲν
1066 1249 1161 1304 τοῦ
1216 1249 1375 1304 Ἠλία
1428 1249 1627 1313 παῖδας
1673 1250 1733 1304 ἐν
1771 1248 1852 1322 τῷ

263 1346 462 1418 κόλπῳ
523 1342 837 1413 κατέσφαξε
888 1342 992 1413 τῆς
1047 1340 1291 1414 μητρός*
1341 1341 1560 1413 ἐκείνην
1591 1342 1650 1397 δὲ
1680 1342 1851 1415 δούλῳ

267 1439 438 1509 αὐτῆς
505 1437 652 1509 ἸνΞῷ
715 1434 967 1507 μαγείρῳ
1020 1433 1366 1499 συνέζευξεν.
1433 1430 1593 1502 Εἶτα,
1663 1433 1851 1487 στόλον

267 1528 749 1599 ἑτοιμασᾶμενος,
790 1524 1002 1579 στέλλει
1052 1522 1197 1578 κατὰ
1242 1523 1559 1593 Χερσῶνος,
1609 1522 1852 1578 ἐντειλά-

270 1638 432 1691 μενος
464 1619 540 1690 τῷ
572 1617 665 1671 τοῦ
707 1617 893 1671 στόλου
928 1616 1261 1688 κατάρχοντι
1297 1616 1498 1688 ήῦηδὸν
1531 1614 1849 1684 ξύμπαντας

267 1714 509 1768 ἀνελεῖν.
548 1713 687 1784 Ἤδη
728 1712 784 1766 δὲ
846 1711 1257 1774 καταλαϐόντος
1308 1709 1410 1779 τήν
1455 1709 1722 1777 Χερσῶνα
1752 1709 1849 1764 τοῦ

267 1804 554 1867 ναυτικοῦ,
580 1805 675 1858 καὶ
710 1801 1133 1875 πολιορκοῦντος
1172 1800 1364 1873 αὐτὴν.
1412 1794 1551 1872 ἦχον
1600 1799 1847 1870 Χάζαροι

266 1900 384 1960 τοῖς
420 1895 796 1966 Χερσωνίταις
820 1894 1309 1964 ἐπικουρήσοντες.
1367 1892 1655 1947 Ἐντεῦθεν
1684 1895 1717 1963 ή
1749 1895 1848 1962 μὲν
1884 1879 1923 1934 Π

270 1990 568 2061 πολιορκία
597 1989 839 2054 ἐλέλυτο,
874 1989 925 2042 οἱ
952 1987 1010 2041 δὲ
1058 1986 1155 2041 τοῦ
1192 1987 1381 2041 στόλου
1438 1987 1512 2059 μὴ
1544 1987 1851 2059 τολμῶντες

269 2084 410 2153 πρὸς
437 2083 530 2135 τὸν
567 2081 795 2152 βασιλέα
827 2079 1172 2144 ἐπανελθεῖν,
1225 2079 1323 2133 τοῦ
1363 2078 1464 2151 μὲν
1499 2080 1852 2151 βλασφημίας

268 2173 557 2244 κατέχεον,
592 2173 685 2228 τὸν
721 2172 781 2227 δὲ
813 2172 1104 2245 Βαρδάνην
1132 2170 1207 2233 ὡς
1239 2168 1465 2241 βασιλέα
1500 2172 1849 2243 εὐφήμησαν.

270 2262 489 2336 Καιροῦ
531 2262 1019 2338 δὲπαραρρυἑντος
1047 2263 1268 2335 συχνοῦ,
1301 2263 1383 2316 ὅτι
1415 2262 1585 2332 μηδὲν
1611 2262 1759 2331 αὐτῷ
1791 2264 1855 2316 ἐκ

268 2357 367 2412 to}
414 2354 605 2410 στόλου
644 2357 949 2428 μεμήνυτο,
980 2356 1010 2409 6
1048 2354 1307 2427 βασιλεὺς
1338 2355 1689 2425 ὑποτοπήσας
1714 2373 1853 2425 συμ-

271 2448 443 2516 6ἧναί
472 2465 526 2501 τι
559 2448 864 2519 φερόμενον
900 2448 1024 2501 κατ’
1078 2446 1269 2511 αὐτοῦ,
1295 2444 1584 2517 ὲξώρμησε
1611 2447 1711 2518 τῆς
1751 2449 1856 2503 Βυ-

269 2541 545 2605 ζαντίδος,
601 2540 697 2594 καὶ
735 2539 843 2605 ἕως
888 2538 1141 2610 Σινώπης
1192 2539 1365 2594 ἐλθὼν
1409 2541 1516 2614 6ρᾷ
1547 2542 1638 2594 τὸν
1668 2540 1857 2597 στόλον

269 2633 403 2685 εὖθῦ
425 2636 523 2703 τῆς
558 2631 770 2697 πόλεως
815 2631 1235 2703 πλωϊζόμενον·
1284 2631 1486 2685 αὐτίκα
1543 2632 1724 2686 τοίνυν
1766 2632 1858 2701 γέ-

272 2741 407 2795 γονε
453 2727 548 2779 καὶ
578 2726 741 2790 αὐτὸς
780 2726 1209 2798 ὀπισθόρμητος.
1268 2725 1377 2779 Τοῦ
1418 2724 1475 2781 δὲ
1522 2724 1857 2782 Φιλιππικοῦ

1950 625 2142 666 versos
2176 610 2377 668 deleat.
2426 612 2558 681 Qua:
2608 629 2736 670 cum
2772 615 2883 684 jam
2943 614 3056 670 illic
3094 616 3416 686 appulisset,
3460 633 3526 673 ac

1950 703 2292 773 provinciam
2346 705 2654 770 obsideret.
2714 705 2947 762 Cliazari
2997 705 3345 763 Cltersonitis
3394 724 3527 779 snp-

1948 796 2126 866 pctias
2165 807 2458 854 venerunt.
2489 798 2646 855 Unde
2684 798 2902 855 obsidio
2934 799 3117 855 soluta
3146 808 3254 863 est.
3296 810 3352 854 et
3379 801 3523 856 clas-

1948 889 2101 943 siarii
2138 905 2262 944 cum
2301 890 2368 945 ad
2417 890 2809 961 imperatorem
2853 891 3035 948 redire
3083 907 3193 946 non
3235 891 3525 951 auderent.

1948 981 2242 1037 maledicta
2298 981 2354 1037 in
2411 997 2539 1038 eum
2596 984 2875 1054 jeecrunt,
2938 993 2995 1038 et
3056 982 3362 1038 Bardanem
3426 998 3530 1055 pro

1949 1072 2279 1144 imperatore
2305 1075 2676 1131 celebrarunt.
2703 1077 2819 1132 lam
2845 1078 3007 1148 longo
3036 1087 3296 1148 tempore
3317 1076 3531 1147 elapso,

1948 1180 2074 1221 cum
2114 1165 2251 1221 nihil
2299 1168 2351 1223 ei
2405 1168 2475 1222 de
2522 1168 2697 1224 classe
2749 1169 3176 1240 signiﬁcaretur,
3218 1169 3531 1240 suspicatus

1948 1258 2214 1315 accidisse
2242 1258 2447 1330 aliquid
2485 1260 2632 1331 quod
2666 1261 2721 1317 in
2769 1275 2925 1316 suam
2968 1261 3219 1317 fraudem
3254 1260 3528 1326 tenderet,

1948 1349 2208 1421 Byzantio
2260 1352 2557 1421 profectus,
2614 1368 2740 1409 cum
2801 1352 3045 1425 Sinopen
3096 1368 3269 1425 usque
3332 1368 3532 1423 perre-

1948 1441 2143 1506 nisset,
2204 1441 2357 1497 videt
2408 1443 2643 1500 classem
2699 1460 2896 1499 versus
2950 1445 3147 1500 urbem
3206 1442 3528 1514 proficisci:

1949 1534 2134 1591 statim
2174 1534 2341 1608 igitur
2378 1543 2435 1592 et
2462 1536 2578 1607 ipse
2620 1552 2787 1594 naves
2830 1537 3122 1593 convertit.
3167 1536 3272 1593 Sed
3316 1537 3531 1608 Philip-

1948 1628 2107 1699 picus
2150 1644 2416 1699 prospera
2467 1629 2812 1701 navigatione
2841 1646 2972 1686 usus
3024 1646 3276 1701 magnam
3326 1631 3528 1685 urbem

1948 1721 2693 1792 pmoccupatJustinianus
2735 1737 2869 1777 vero
2916 1723 2972 1778 in
3020 1723 3279 1795 Damatry
3329 1722 3535 1777 stativa

1953 1814 2139 1878 liabet,
2184 1816 2252 1869 ad
2294 1830 2458 1885 quem
2505 1815 2651 1870 Elias
2685 1816 2907 1878 missus.
2940 1815 3211 1870 militibus
3239 1815 3535 1885 persuasit,

1951 1916 2013 1962 ut
2042 1906 2262 1962 deserto
2288 1906 2383 1962 illo
2423 1921 2482 1962 se
2506 1906 2576 1961 ad
2610 1906 2982 1979 Pbilippicum
3025 1905 3369 1962 conferrent.
3416 1904 3540 1970 Quo

1950 2002 2093 2056 facto
2149 2001 2265 2058 suis
2314 2003 2569 2061 manibus
2617 2014 2785 2075 caput
2819 2003 2896 2059 illi
2930 2013 3165 2059 resecat.
3198 2002 3373 2057 Filius
3433 2016 3533 2056 au-

1952 2100 2061 2149 tem
2108 2097 2230 2165 ejus
2276 2094 2553 2161 Tiberius,
2596 2110 2723 2151 cum
2778 2096 2901 2151 avia
2952 2106 3200 2151 materna
3247 2093 3539 2150 Anastasis

1954 2184 2100 2255 (nam
2129 2185 2420 2254 Theodora
2473 2198 2650 2244 mater
2700 2189 2811 2259 jam
2870 2186 3106 2259 obicrat)
3161 2187 3217 2242 in
3272 2184 3538 2256 templum

1953 2274 2339 2334 Blaclternium
2387 2278 2639 2352 confugit
2670 2297 2686 2336 :
2721 2294 2959 2350 cumque
2990 2281 3400 2333 sacrosanctum
3438 2289 3532 2329 sa-

1949 2367 2149 2422 cellum
2177 2368 2471 2439 ingressus,
2503 2384 2749 2426 mensam
2787 2366 3195 2423 sanctissimam
3248 2361 3535 2423 subiisset.

1952 2460 2226 2530 prehensa
2270 2476 2379 2516 una
2421 2462 2543 2533 eius
2585 2461 2899 2526 columella,
2945 2470 3182 2515 mortem
3222 2467 3307 2512 est
3333 2455 3536 2527 depre-

1954 2563 2131 2609 catus.
2180 2552 2286 2609 Sed
2338 2554 2433 2625 qui
2474 2555 2543 2609 ad
2577 2569 2704 2610 eum
2754 2551 3115 2624 quaerendum
3155 2550 3307 2605 missi
3354 2554 3538 2611 erant,

1954 2645 2114 2715 pueri
2143 2660 2174 2700 e
2203 2647 2448 2703 sacrario
2484 2646 2750 2705 abstracti
2770 2645 2988 2702 collum
3017 2655 3276 2715 tanquam
3310 2637 3540 2712 pecudis

1957 2736 2264 2794 crudeliter
2288 2753 2673 2797 resecuerunt.

272 2822 707 2892 εὖπλοήσαντος.
745 2824 841 2876 καὶ
864 2820 1382 2893 προκαταλαϐόντος
1408 2820 1411 2825 ’
1442 2822 1543 2892 τήν
1572 2823 1984 2893 Μεγαλόπολιν,
2056 2834 2263 2897 ἐκεῖνος
2305 2835 2366 2887 ἐν
2408 2833 2489 2905 τῷ
2540 2833 2833 2906 Δαματρύῖ
2862 2834 3167 2904 ἐσκήνωσε,
3212 2829 3351 2904 πρὶς
3413 2827 3471 2884 ὃν
3512 2822 3542 2880 6

271 2917 570 2989 εἰρημένος
616 2913 803 2977 Ἠλίας
835 2913 1050 2977 σταλεὶς
1079 2913 1319 2985 ἠδυνήθη
1362 2916 1551 2970 πεῖσαι
1598 2917 1661 2971 τὸ
1700 2919 1844 2987 μετᾶ
1879 2922 1977 2977 τοῦ
2054 2925 2437 2980 Ἵουστινιανοῦ
2511 2925 2910 2998 στρατιωτικὸν
2958 2924 3271 2994 ἀποστῆναι
3342 2918 3535 2984 αὖτοῦ,

272 3012 374 3067 καὶ
440 3007 780 3083 προσβῆναι
837 3006 1169 3077 Φιλιππικῷ.
1252 3008 1656 3080 Καταληφθεὶς
1746 3013 1931 3069 τοίνυν
1995 3018 2150 3089 παρὰ
2208 3020 2320 3073 τῶν
2382 3019 2735 3090 στρατιωτῶν
2790 3015 3187 3081 Ἰουστινιανδς,
3230 3012 3539 3087 χειροῦταιρ

274 3107 372 3167 καὶ
399 3103 590 3177 χερσὶν
616 3102 851 3165 οἰκείαις
885 3100 1048 3165 εὐθὺς
1082 3102 1110 3155 ὁ
1167 3100 1360 3165 Ἠλίας
1419 3101 1610 3171 ἀφεῖλε
1678 3105 1779 3176 τὴν
1852 3109 2021 3163 αύτθῦ
2088 3112 2358 3183 κεφαλήν.
2400 3114 2459 3168 Ὀ
2490 3113 2547 3168 δὲ
2570 3111 2766 3166 τούτου
2784 3111 2914 3174 παῖς
2943 3112 2971 3163 6
3001 3109 3255 3179 Τιϐέριος
3281 3108 3418 3175 μετὰ
3444 3100 3547 3182 τῆξ

277 3203 419 3273 πρὸς
482 3198 692 3272 μητρὸς
755 3195 991 3267 μάμμης
1063 3193 1427 3258 Ἀναστασίσις
1473 3193 1531 3267 (ἡ
1608 3195 1718 3268 γὰρ
1787 3201 1970 3271 μήτηρ
2038 3201 2203 3257 αὑτοῦ
2254 3202 2508 3274 Θεοὸὡρα
2544 3203 2703 3275 ,εφθη
2760 3201 2960 3273 θανεῖν)
2990 3200 3067 3270 τῷ
3106 3201 3164 3253 ἐν
3214 3196 3547 3268 Βλαχέρναις

277 3292 393 3366 ναῷ
418 3289 757 3365 προσφυγὼν
813 3290 993 3344 είσέδυ
1021 3286 1082 3343 τδ
1127 3288 1275 3342 θεῖον
1314 3287 1732 3360 θυσιαστήριον,
1799 3293 1897 3348 καὶ
1932 3292 2039 3347 ὑπὸ
2065 3294 2166 3367 τήν
2227 3295 2453 3366 παναγῆ
2478 3294 2772 3367 γενόμενος
2786 3289 3096 3364 τράπεζαν.
3126 3289 3244 3354 ινδς
3276 3288 3384 3343 τῶν
3417 3283 3550 3341 ταῦ-

277 3404 382 3459 την
402 3387 709 3458 ἀνεχόντων
740 3381 1049 3437 στυλίσκων
1098 3378 1488 3452 δεδραγμένος,
1535 3378 1752 3436 ἱκέτευε
1818 3383 1896 3455 μὴ
1929 3383 2136 3442 θανεῖν.
2180 3386 2328 3443 Ἀλλ’
2349 3387 2401 3443 el
2433 3386 2726 3452 σταλέντες
2756 3386 2839 3450 είς
2906 3382 3140 3456 ζήτησιν
3172 3378 3362 3447 αὐτοῦ,
3399 3377 3550 3444 δειλ-

277 3486 552 3547 κύσαντες
600 3479 697 3536 τοῦ
743 3477 1133 3550 θυσιαστηρίου
1195 3475 1290 3531 τδν
1342 3477 1545 3546 παῖδα,
1607 3480 1860 3555 μαχαίρᾳ
1901 3481 2098 3538 τούτου
2178 3485 2272 3541 τὸν
2311 3485 2513 3560 λαιμὸν
2584 3486 2662 3552 ὡς
2700 3483 3050 3557 βοσκήματος
3088 3479 3365 3551 ἀπέτεμον
3403 3476 3551 3548 ἀπή.

277 3592 409 3637 νως.

355 3670 500 3736 xq',
532 3666 673 3735 Ἤδη
698 3665 754 3720 δὲ
788 3664 887 3735 τῆς
928 3661 1211 3734 βασιλείας
1249 3666 1435 3734 τυχὼν
1458 3664 1485 3718 ὁ
1510 3663 1862 3733 Φιλιππκδς,

2041 3667 2231 3725 XXVI.
2271 3667 2390 3724 .lam
2419 3665 2630 3739 potitus
2664 3661 2898 3735 imperio
2932 3659 3309 3733 Philippicas,
3354 3667 3547 3714 contra

282 3760 429 3816 κατὰ
468 3758 565 3824 τῆς
608 3757 776 3827 ἕκτης
826 3756 1218 3827 οίκουμενικῆς
1272 3755 1495 3827 συνόδου
1556 3756 1866 3823 ὡπλίσατο,

286 3853 385 3911 καὶ
410 3848 637 3904 σύνοδον
677 3845 939 3918 ἁθροίσας
980 3848 1009 3899 6
1050 3846 1281 3916 μάταιος
1326 3844 1619 3915 ἠκύρωσεν
1647 3848 1774 3900 ὅσον
1808 3848 1870 3900 τ’)

286 3946 412 4000 κατ’
453 3942 618 3998 αὑτὸν
665 3940 734 3994 δι’
789 3939 959 4009 αὐτῆς
993 3937 1093 4010 τὴν
1130 3937 1300 4006 ἁγίαν
1356 3938 1579 4009 εκείνην
1626 3938 1868 3997 σύνοδον.

283 4037 522 4105 Λέγεται
550 4031 658 4104 γὰρ
693 4033 818 4103 ἄρτι
848 4030 942 4084 τοῦ
971 4029 1226 4084 Λεοντίου
1248 4028 1358 4081 τῶν
1388 4029 1687 4101 σκήπτρων
1719 4030 1870 4084 ἐπει·

283 4130 593 4200 λημμένου.
630 4125 1077 4198 χρησμοδοτῆσαι
1116 4121 1292 4194 τούτῳ
1345 4122 1412 4194 δὴ
1437 4122 1513 4193 τῷ
1551 4120 1870 4193 Φιλιππικῷ

286 4223 389 4293 τὴν
411 4225 493 4285 εἰς
516 4222 608 4275 τὸν
633 4219 907 4290 βασίλειον
939 4216 1132 4289 θρόνον
1164 4214 1459 4285 ἀναγωγὴν
1488 4215 1721 4287 μοναχόν
1745 4231 1871 4270 τινα

286 4315 415 4384 lyr)
428 4331 610 4369 ειστον
629 4313 761 4366 ὅντα
793 4313 851 4366 ὲν
881 4313 948 4382 τῇ
983 4309 1079 4364 τοῦ
1124 4308 1547 4378 Καλλιστράτου
1585 4310 1749 4378 μονῇ,
1777 4309 1873 4362 καὶ

284 4410 387 4479 τῆς
415 4407 775 4480 προρρήσεως
804 4407 1025 4476 αἰτήσαι
1053 4403 1246 4473 μισθὸν
1274 4399 1374 4471 τήν
1407 4401 1507 4467 τῆς
1527 4399 1693 4469 ἕκτης
1746 4414 1876 4452 συν.

287 4502 413 4557 ὁδου
472 4499 737 4570 ἀθέτησιν
791 4495 881 4570 (ἦν
942 4497 1052 4567 γὰρ
1106 4495 1206 4561 τῆς
1256 4493 1367 4547 τῶν
1416 4491 1812 4562 Μονοθελητῶν
1845 4495 1875 4546 ό

290 4592 532 4667 μοναχος
553 4592 759 4655 ἐκεῖνος
788 4589 1100 4664 αἱρέσεως),
1123 4590 1217 4643 καὶ
1242 4588 1335 4642 τὸν
1374 4589 1733 4661 ὑποσχέσθαι.
1760 4588 1873 4657 Τὴν

292 4686 397 4757 μὲν
424 4684 518 4741 οῦν
560 4685 952 4756 οίκουμενικὴν
1003 4682 1173 4753 ἱκτην
1202 4682 1424 4736 σύνοδον
1459 4680 1773 4752 ἠκύρωσεν,
1796 4679 1873 4744 ὡς

288 4779 485 4834 ἐδόκει.
521 4778 694 4844 Αὐτὸς
724 4779 803 4842 δὲ,
823 4778 1037 4848 σωροὺς
1063 4776 1367 4848 χρημάτων
1398 4776 1465 4829 ὲκ
1492 4773 1873 4846 παλαιοτέρων

291 4871 763 4941 θησαυρισθὲντας
816 4868 1241 4938 αὐτοκρατόρων
1290 4869 1348 4920 ὲν
1395 4868 1510 4926 τοῖς
1576 4863 1875 4936 βασιλείοις

288 4959 492 5030 εὑρὼν,
520 4960 596 5022 είς
627 4959 779 5013 οὐδὲν
828 4958 948 5011 διον
992 4956 1217 5020 τούτοις
1259 4956 1568 5029 χρώμενος,
1603 4955 1672 5009 τὰ
1702 4953 1876 5008 πλείω

1973 3769 2183 3817 sextam
2217 3760 2615 3816 meumenicam
2657 3754 2929 3829 synodum
2981 3768 3041 3811 se
3088 3751 3345 3814 armavit,
3399 3748 3549 3805 indi-

1971 3863 2173 3922 ctoque
2222 3851 2460 3907 concilio
2504 3850 2673 3906 ltomo
2721 3864 2933 3913 vanus,
2980 3856 3247 3919 quantum
3315 3844 3370 3899 in
3430 3842 3549 3914 ipso

1972 3942 2096 4008 fuit,
2128 3957 2342 3998 sacram
2369 3941 2516 3996 illam
2543 3939 2815 4013 synodum
2849 3936 3154 4009 abrogavit.
3180 3935 3318 3991 Nam
3368 3933 3552 3990 Leon-

1974 4035 2052 4091 tio
2079 4018 2286 4091 recens
2305 4043 2586 4104 sceptrum
2627 4031 2868 4101 adepto,
2911 4029 3088 4085 fertur
3126 4027 3376 4083 inclusus
3418 4024 3548 4096 qui-

1971 4127 2096 4183 dam
2128 4126 2434 4181 monachus
2465 4127 2521 4180 in
2559 4122 2858 4181 Callistrati
2894 4119 3268 4183 monasterio,
3296 4116 3392 4188 qui
3430 4116 3549 4177 Mo-

1972 4218 2370 4276 notltelitarum
2430 4228 2637 4275 sectam
2697 4215 3000 4287 probaret,
3052 4211 3187 4269 huic
3242 4208 3551 4279 Philippica

1973 4315 2128 4387 regni
2163 4313 2510 4385 adeptionem
2564 4311 2920 4384 praedixisse,
2957 4310 3190 4382 ejusque
3238 4303 3555 4376 prmdietio—

1977 4408 2062 4464 nis
2087 4407 2397 4464 mercedem
2433 4416 2600 4463 sexta:
2627 4403 2825 4477 synodi
2858 4400 3270 4475 abrogationem
3321 4394 3554 4467 stipula-

1977 4510 2087 4563 tus,
2118 4508 2176 4555 et
2222 4498 2314 4555 hic
2347 4499 2627 4570 pollicitus
2671 4511 2817 4554 esse.
2864 4496 2943 4551 Ac
2993 4501 3205 4550 sextam
3244 4488 3360 4561 98
3397 4501 3552 4543 (ncu-

1976 4589 2242 4644 menicam
2274 4589 2543 4659 synodum
2564 4586 2872 4654 abrogavit,
2899 4594 2959 4640 ut
2984 4583 3234 4655 putabat.
3252 4578 3391 4635 Cum
3419 4590 3553 4633 vero

1978 4698 2208 4738 acervos
2261 4688 2623 4753 pecuniarum
2686 4695 2716 4734 a
2782 4676 3068 4733 veteribus
3124 4666 3555 4749 imperatoribus

1978 4774 2291 4832 cumulatos
2355 4774 2412 4829 in
2465 4772 2612 4843 regia
2660 4770 2992 4841 reperisset,
3025 4766 3289 4839 majorem
3337 4768 3550 4833 partem

1977 4867 2035 4922 in
2092 4865 2273 4922 nullos
2339 4879 2473 4920 usus
2539 4859 2886 4918 necessarios
2941 4858 3200 4914 collatam
3267 4846 3556 4921 dissipavit

1977 4960 2180 5032 exiguo
2205 4967 2454 5030 tempore
2496 4975 2510 5012 :
2544 4971 2608 5011 ac
2636 4968 2857 5012 omnem
2899 4952 3086 5008 forsan
3112 4947 3512 5020 absumpsisset
3534 4984 3553 5010 ,

289 5052 647 5123 διεσκόρπισε
707 5050 797 5104 διὰ
860 5049 1093 5122 βραχέος
1137 5049 1376 5118 καιροῦσ
1430 5049 1525 5102 καὶ
1574 5047 1716 5118 τάχα
1781 5048 1862 5103 κα¹

1982 5053 2027 5109 si
2085 5051 2295 5117 diutius
2346 5048 2640 5121 imperium
2687 5044 2972 5109 tenuisset,
3028 5042 3165 5100 Nam
3214 5040 3269 5096 in
3319 5035 3555 5095 dicendo

289 5148 516 5201 ἅπαντα
541 5146 932 5215 κατηνάλωσεν
987 5144 1077 5213 ἂν,
1115 5146 1167 5198 εἱ
1211 5146 1306 5200 ἐπὶ
1340 5144 1503 5199 πλέον
1530 5147 1599 5216 τῇ
1625 5143 1873 5216 βασιλείᾳ

289 5238 686 5309 προσίμεινεν.
725 5237 818 5292 Ἐν
844 5236 946 5307 μὶν
973 5237 1085 5308 γὰρ
1107 5236 1187 5307 τῷ
1209 5238 1393 5304 λέγειν
1433 5236 1612 5289 ἐδόκει
1647 5238 1874 5307 ῥητορι-

291 5329 561 5394 κῶτατος,
599 5329 676 5402 μὴ
704 5329 957 5401 ἀμοιρῶν
984 5346 1046 5384 τε
1079 5329 1347 5392 συνέσεως
1369 5344 1383 5360 ·
1417 5329 1475 5383 ιν
1497 5327 1556 5383 δὲ
1589 5327 1667 5398 τῷ
1701 5326 1878 5399 πράτ-

291 5438 411 5475 τειν
457 5417 527 5491 ἦν
595 5422 930 5490 ξυμπάντων
986 5420 1398 5480 ἁσυνετώτατος
1421 5459 1440 5484 ,
1496 5421 1601 5484 καὶ,
1642 5421 1878 5490 πάμπαν

292 5514 526 5582 ἀδέξιος.
576 5513 762 5586 Κῦρον
792 5514 851 5568 δὲ
896 5514 991 5569 τὸν
1021 5513 1376 5585 πατριάρχην
1421 5512 1708 5582 ὲξωθὴσας
1762 5510 1876 5583 (60)

1971 5143 2196 5215 quidem
2249 5141 2656 5198 disertissimus
2701 5136 3048 5201 habebatur,
3102 5149 3211 5191 nec
3247 5128 3555 5202 prudentie

1972 5250 2169 5306 expers
2220 5251 2235 5289 :
2284 5232 2358 5288 ad
2410 5247 2500 5288 res
2555 5239 2740 5286 autem
2801 5227 3075 5301 gerendas
3141 5234 3261 5281 erat
3303 5220 3551 5277 omnium

1972 5327 2376 5399 incptissimus,
2429 5334 2487 5382 et
2540 5322 2763 5397 ingenio
2820 5323 2984 5395 plane
3041 5318 3288 5375 sinistro.
3345 5312 3552 5385 Cyrum

1972 5420 2344 5493 patriarcham
2377 5416 2621 5474 Ecclesia
2641 5458 2657 5481 ,
2688 5431 2851 5488 quam
2879 5428 2979 5484 per
3015 5425 3111 5467 sex
3144 5421 3323 5464 annos
3355 5414 3554 5462 tenue-

1978 5522 2085 5578 rat,
2130 5512 2336 5584 exegit,
2385 5520 2442 5568 et
2471 5511 2737 5569 Joannem
2787 5516 3132 5563 assensurem
3180 5514 3342 5558 suum
3389 5498 3448 5554 in
3482 5510 3551 5554 ea

1482 5644 1684 5710 Varim
1729 5645 2035 5708 lectiones
2077 5651 2139 5706 et
2182 5651 2373 5707 notm.

366 5774 479 5847 (ιο)
508 5775 880 5844 ἐξωοήσας.
908 5776 1163 5849 Libellus
1181 5774 1476 5849 synodicus
1502 5773 1670 5849 Prappi
1712 5790 1740 5849 :_
1758 5772 1867 5849 Καὶ

298 5844 390 5900 τὸν
424 5844 855 5917 ἀρχιεπίσκοπον
892 5848 1078 5920 Κῦρον
1119 5844 1375 5918 ἐξέωσεν,
1407 5848 1466 5900 tv
1491 5848 1559 5917 τῇ
1607 5844 1745 5915 μονῇ
1772 5845 1871 5915 τῆς

1978 5768 2179 5838 Χώρας
2216 5769 2454 5837 ποιήσας
2491 5765 2655 5820 αὐτὸν
2695 5760 3037 5835 ἕγκλειστον,
3074 5757 3172 5813 καὶ
3209 5755 3326 5812 ἀντ’
3374 5743 3549 5812 αὐτοῦ

1980 5839 2238 5912 Ἰωάννην
2270 5839 2696 5910 ἐχειροτόνησεν.
