4010 6546
559 394 700 465 1315

1853 386 2174 452 JOANNlS
2208 385 2530 448 ΖΟΝΑΒᾹΞ

3680 385 3822 448 1⁸316

550 515 712 581 riam,
735 523 900 586 atque
935 514 1065 573 inde
1099 530 1210 572 una
1253 531 1380 573 cum
1416 515 1741 588 parentibus
1777 513 1846 569 ab
1886 513 2098 584 impera

2236 503 2328 558 θεν
2365 505 2426 558 δὲ
2468 501 2834 576 μετοικισθεὶς
2865 500 3007 574 μετά
3057 497 3166 558 τῶν
3190 501 3466 556 τεκόντων
3515 502 3670 572 παρὰ
3723 502 3818 556 τοῦ

551 619 672 664 tore
702 609 1051 677 Justiniano,
1082 620 1377 682 antequam
1429 609 1663 680 imperio
1711 609 1924 680 ejectus
1971 608 2128 678 100

551 709 723 765 esset,
759 701 1079 766 translatus,
1109 701 1448 757 Mesembria;
1493 701 1742 757 Thracia:
1777 701 1912 755 urbe
1959 701 2127 754 vitam

549 789 680 860 egit.
729 790 894 846 Pulso
947 801 1130 847 autem
1184 792 1520 858 Justiniano,
1575 802 1634 847 et
1682 809 1714 847 a
1763 791 2017 862 Bulgaris
2071 791 2126 846 in

550 896 780 951 regnum
817 883 1155 949 reducendo,
1189 901 1514 956 progressus
1543 885 1786 949 obviam,
1811 885 1863 940 ei
1897 900 2126 940 munera

549 974 754 1030 obtulit
809 993 823 1029 :
883 991 1058 1047 eaque
1123 977 1192 1033 de
1243 993 1406 1033 causa
1476 978 1738 1048 spatharii
1802 977 2126 1049 dignitatem

547 1066 731 1119 statim
765 1075 848 1121 est
875 1079 1245 1135 consecutus,
1273 1079 1357 1136 ct,
1406 1080 1733 1140 recuperato
1779 1069 1848 1125 ab
1885 1071 1976 1126 illo
2029 1070 2128 1125 im-

547 1154 726 1224 perio,
756 1157 878 1226 ejus
912 1157 1287 1213 familiaritate
1317 1174 1469 1213 usus.
1505 1158 1712 1214 Deinde
1764 1157 1832 1212 ad
1882 1158 2085 1212 Alanos
2107 1197 2124 1224 ,

544 1246 661 1300 sive
690 1246 931 1302 Albanos
981 1249 1097 1319 (sic
1119 1250 1266 1304 enim
1293 1261 1562 1304 vocantur
1584 1267 1616 1304 a
1641 1249 1958 1321 veteribus)
1990 1249 2124 1304 mis-

545 1354 641 1394 sus
675 1348 781 1405 est,
809 1351 870 1396 ut
917 1356 1013 1397 eos
1061 1352 1256 1398 contra
1310 1343 1580 1414 Abasgos,
1627 1343 1722 1414 qui
1779 1359 1810 1399 a
1865 1344 2126 1399 Romanis

541 1431 884 1498 defecerant,
914 1435 1238 1490 concitaret.
1267 1433 1544 1491 Parebant
1573 1446 1759 1492 autem
1783 1476 1798 1501 ,
1843 1448 1904 1492 ut
1939 1435 2122 1494 Caesa-

541 1524 740 1580 riensis
765 1527 1065 1598 Procopius
1093 1528 1282 1594 refert,
1319 1529 1538 1585 duobus
1580 1530 1697 1585 suis
1724 1529 2082 1600 pOpularibus
2103 1570 2119 1597 ,

540 1633 777 1687 quorum
837 1619 976 1674 alter
1045 1629 1258 1690 partem
1304 1622 1666 1688 orientalem,
1723 1622 2120 1678 occidentalem

538 1709 678 1764 alter
709 1710 1075 1781 gubernabat.
1098 1710 1340 1782 Uterque
1371 1728 1538 1785 porro
1570 1723 1785 1784 gentem
1802 1729 1869 1769 ex
1890 1715 2119 1770 avaritia

543 1801 688 1855 male
729 1803 1017 1858 tractabat.
1053 1803 1190 1858 Nam
1221 1820 1578 1876 quoscunque
1612 1822 1814 1877 pueros
1848 1807 2119 1863 formosos

539 1903 597 1947 et
616 1895 942 1964 corporibus
957 1895 1298 1966 elegantibus
1319 1897 1692 1965 inveniebant,
1711 1914 1809 1954 cos
1835 1899 1880 1954 vi
1910 1915 2112 1969 paren-

543 1987 692 2041 tibus
719 1998 942 2058 ereptos
993 1998 1392 2061 castratosque,
1439 1990 1702 2048 Romanis
1731 1993 2112 2050 cunuchorum

539 2095 728 2135 amore
778 2095 996 2152 semper
1051 2082 1323 2150 attonitis,
1381 2099 1574 2155 magna
1625 2085 1855 2154 pecunia
1903 2084 2111 2140 vende-

537 2171 710 2235 bant,
761 2187 1067 2244 eorumque
1125 2184 1310 2246 patres
1360 2177 1722 2237 occidebant.
1773 2191 1841 2232 ne
1891 2177 2114 2247 quando

535 2274 766 2334 propter
791 2263 934 2320 filios
963 2266 1112 2331 irati,
1139 2268 1469 2324 seditionem
1501 2279 1809 2325 moverent.
1847 2271 1979 2324 Erat
2008 2271 2110 2342 igi-

537 2363 630 2407 tur
681 2354 827 2424 apud
888 2355 1135 2427 Abasgos
1198 2358 1430 2413 filiolum
1493 2360 1783 2430 pulchrum
1854 2362 2111 2432 genuisse

537 2445 836 2501 maximum
898 2447 1304 2518 infortunium,
1363 2467 1486 2507 eam
1537 2452 1864 2522 elegantiam
1930 2464 2109 2510 morte

535 2535 773 2594 luentes.
806 2541 887 2595 Ac
912 2540 1113 2612 Abasgi
1145 2542 1228 2598 sic
1277 2559 1308 2598 a
1365 2543 1482 2600 suis
1521 2545 1936 2616 magistratibus
1981 2556 2108 2601 tra-

533 2627 846 2684 ctabantur.
886 2630 1231 2688 Justinianus
1273 2641 1460 2690 autem
1507 2635 1758 2706 primus,
1807 2636 1975 2692 misso
2039 2636 2107 2693 ad

531 2733 630 2776 eos
656 2721 1012 2792 imperatorio
1049 2724 1307 2782 eunucho
1334 2726 1597 2798 quodam,
1633 2742 1827 2784 eorum
1854 2729 2108 2799 populari

533 2811 730 2881 (multi
781 2813 931 2869 enim
975 2814 1113 2872 tales
1145 2815 1203 2872 in
1237 2817 1485 2875 Romana
1515 2818 1668 2876 curia
1695 2820 2103 2894 versabantur)

532 2903 952 2975 magistratibus
976 2921 1174 2962 eorum
1205 2908 1514 2974 interdixit,
1547 2925 1618 2966 ne
1643 2925 1807 2982 quem
1833 2913 1886 2966 in
1918 2922 2105 2982 poste-

531 3011 655 3051 rum
702 2997 934 3054 invitum
983 3011 1290 3056 castrarent
1324 3020 1338 3058 :
1374 3011 1634 3072 capturos
1671 3005 1819 3060 enim
1859 3006 2105 3062 laborem

529 3087 772 3156 inanem,
832 3090 1053 3147 nemine
1121 3089 1495 3148 Romanorum
1561 3103 1830 3151 castratos
1907 3111 2101 3152 eorum

2234 596 2501 667 βασιλέως
2563 594 2966 659 Ἱυυστινιανοῦ,
3000 595 3178 664 ιμήπω
3216 595 3315 664 τῆς
3344 594 3518 664 ἀρχῆς
3549 593 3824 658 ἐξωσθένο

2231 706 2347 753 τος,
2398 690 2456 742 ἐν
2490 687 2827 758 Μεσημϐρία
2882 689 2949 758 τῇ
2979 687 3227 757 Θρακικῇ
3260 687 3526 758 πεποίητο
3562 686 3663 750 τὰς
3708 685 3827 738 δια-

2225 781 2449 854 τριϐάς.
2507 779 2947 848 Καθαιρεθέντος
2994 778 3051 831 δέ
3099 775 3194 831 τοῦ
3266 776 3656 830 Ἰουστινιανοῦ
3710 779 3817 848 τῆς

2232 871 2440 944 ἀρχῆς,
2466 865 2587 924 εἶτα
2616 869 3062 941 ἐπανερχομένου
3105 866 3246 938 μετά
3282 867 3610 938 Βουλγάρων
3645 869 3731 930 εἰς
3758 867 3821 920 τὸ

2227 965 2324 1034 τὴν
2355 962 2632 1031 βασιλείαν
2659 958 2816 1026 αὖθις
2854 961 3169 1026 ἀναλαϐεῖν,
3214 962 3242 1014 ὁ
3277 960 3428 1014 Λέων
3489 961 3822 1031 ἀπαντήσας

2227 1055 2379 1120 αύτῷ
2409 1055 2560 1125 δῶρα
2594 1054 2994 1124 προσήνεγκεν.
3029 1054 3140 1108 Καὶ
3177 1055 3206 1107 ὁ
3235 1051 3617 1115 Ἱουστινιανδς
3672 1068 3820 1105 σπα-

2228 1148 2418 1218 θάριον
2473 1145 2636 1200 αὑτὸν
2703 1145 2906 1201 αὐτίκα
2947 1144 3197 1216 ἐτίμησε.
3250 1145 3344 1198 καὶ
3383 1143 3717 1215 βασιλεύσας
3757 1143 3820 1194 τὸ

2225 1239 2506 1311 δεύτερον,
2573 1239 2740 1294 αὑτὸν
2793 1239 3137 1310 ᾠκειώσατο.
3192 1233 3326 1292 Εἶτα
3393 1236 3626 1290 ἔσταλτο
3676 1231 3816 1306 παρ’

2225 1331 2392 1386 αὐτοῦ
2437 1333 2577 1405 πρὸς
2619 1332 2744 1396 τοὺς
2788 1332 3049 1395 Ἀλανοὺς
3076 1331 3186 1402 (45)
3220 1331 3252 1402 ἢ
3295 1330 3592 1394 ’Δλδανοῦς
3644 1329 3816 1402 (οὕτω

2224 1426 2335 1496 γὰρ
2363 1427 2478 1490 τοῖς
2521 1425 2772 1488 παλαιοῖς
2822 1424 3232 1495 ὀνομάζονται),
3266 1422 3490 1477 ἔσταλτο
3521 1423 3576 1476 δὲ
3621 1440 3818 1492 συγκι-

2226 1521 2411 1589 νήσων
2439 1517 2640 1582 αὐτοὺς
2667 1517 2812 1572 κατὰ
2833 1517 2944 1572 τῶν
2987 1517 3297 1586 ’Δδασγῶν,
3324 1516 3680 1570 ἀποστάντων
3710 1517 3816 1587 τῆς

2234 1610 2525 1681 Ῥωμαὲων
2561 1609 2758 1680 ἀρχῆς.
2793 1609 2858 1664 Ol
2913 1609 3022 1681 γὰρ
3061 1607 3344 1676 ’Λεασγοὶη
3413 1607 3489 1671 ῶς
3524 1609 3554 1661 δ
3594 1608 3817 1662 Kataa-

2224 1703 2354 1777 ρεὺς
2405 1703 2711 1774 Προκόπιος
2741 1703 2966 1774 ίστορεῖ.
3008 1702 3154 1756 δυοῖν
3180 1701 3475 1772 δμοφύλοιν
3490 1696 3632 1773 ἦσαν
3664 1701 3816 1771 ὑπή.

2146 1838 2194 1899 Β
2223 1815 2362 1864 κοοι,
2397 1797 2473 1870 τῷ
2515 1798 2617 1868 μὲν
2655 1797 2951 1868 κρατοῦντι
2996 1796 3098 1867 τῆς
3130 1797 3268 1868 πρὸς
3319 1797 3607 1867 ἀνίσχοντα
3649 1795 3814 1867 ἥλιον

2222 1891 2424 1963 μοίρας
2449 1891 2652 1958 αὐτῶν,
2675 1889 2754 1962 τῷ
2781 1889 2837 1944 δὲ
2862 1890 2961 1961 τῆς
2980 1891 3368 1962 τετραμμένης
3392 1889 3530 1961 πρὸς
3548 1889 3810 1945 δύνοντα.

2220 1985 2332 2038 Καὶ
2407 1984 2577 2054 ἄμφω
2636 1983 2695 2037 ει
2761 1982 2938 2037 τούτω
3010 1983 3351 2056 τὼάρχοντε
3379 1982 3483 2036 ὑπὸ
3536 1981 3813 2053 φιλοχρη-

2220 2075 2418 2146 ματίας
2445 2076 2632 2139 κακῶς
2661 2075 2902 2147 ἐχρῶντο
2925 2075 3004 2146 τῷ
3021 2075 3185 2130 ἑθνειυ
3203 2078 3363 2138 ὅσους
3379 2075 3486 2147 γάρ
3507 2074 3575 2129 ἂν
3603 2075 3814 2138 παῖδας

2216 2168 2470 2239 εὕρισκον
2489 2167 2748 2241 ὡραίους,
2775 2167 2873 2222 καὶ¹
2893 2167 2954 2222 τὸ
2973 2163 3112 2232 εἶδος
3137 2167 3358 2234 καλοὺς,
3390 2167 3486 2221 καὶ
3509 2166 3607 2238 τὴν
3630 2167 3809 2237 ἀλλην

2213 2259 2308 2313 τοῦ
2343 2259 2596 2330 σώματος
2632 2260 2799 2330 φύσιν
2827 2259 3058 2326 δεξιοὺς,
3092 2259 3185 2332 βία
3218 2260 3329 2314 τῶν
3369 2259 3574 2313 τοκέων
3629 2259 3808 2328 ἀφέλ-

2216 2367 2428 2417 κοντες,
2467 2352 2563 2404 καὶ
2613 2350 2724 2404 τῶν
2763 2350 3100 2420 παιδογόνων
3129 2351 3337 2422 μορίων
3377 2350 3581 2422 σιδήρῳ
3611 2352 3807 2421 στερί-

2219 2461 2462 2510 σκοντες,
2495 2443 2740 2508 ἐκείνους
2772 2443 2871 2515 μὲν
2916 2444 3130 2498 πολλῶν
3157 2447 3456 2517 χρημάτων
3496 2445 3807 2515 Ῥωμαίοις

2215 2539 2580 2606 ἐπίπρασκον,
2611 2539 2742 2608 περὶ
2771 2537 2899 2601 τοὺς
2942 2539 3204 2608 ἐκτομίας
3273 2538 3637 2608 ἐπτοημένοις
3684 2538 3800 2591 ἀεί’

2209 2628 2337 2690 τοὺς
2357 2627 2413 2682 δι
2442 2625 2651 2679 τούτων
2686 2627 2933 2697 πατέρας
2963 2626 3130 2688 εὐθὺς
3159 2626 3420 2690 ἔκτεινον,
3444 2627 3532 2680 ἵνα
3564 2627 3642 2698 μή
3663 2640 3801 2678 ποτε

2213 2719 2520 2792 μηνιῶντες
2577 2717 2668 2772 διὰ
2731 2718 2862 2782 τοὺς
2926 2717 3148 2786 παῖδας,
3210 2715 3612 2789 βουλεύσωνται
3673 2719 3803 2773 κατ’

2212 2810 2396 2866 αὐτῶν
2441 2811 2836 2866 ἐπανάστασιν.
2884 2811 2998 2864 Καὶ
3024 2805 3094 2883 ἦν
3124 2810 3278 2881 παρά
3335 2811 3451 2875 τοῖς
3505 2810 3801 2881 ’Δᾶασγοῖς

2207 2903 2271 2958 τὸ
2324 2903 2496 2957 παῖδα
2552 2905 2736 2957 τεκεῖν
2783 2901 2990 2970 ἀγαθὸν
3023 2903 3122 2973 τὴν
3171 2902 3302 2974 ὄψιν
3343 2902 3668 2976 δυστύχημα
3699 2906 3802 2975 μέ·

2207 3011 2418 3064 γιστον,
2451 2997 2550 3065 τῆς
2602 2994 2711 3048 τῶν
2744 2993 2958 3048 παίδων
2997 2994 3333 3065 εὐπρεπείας
3369 2995 3801 3066 ἀλλασσομένοις

2208 3088 2300 3140 τὸν
2323 3087 2573 3142 θάνατον.
2613 3085 2725 3139 Καὶ
2754 3085 2899 3139 οὓτω
2936 3087 3036 3156 μὲν
3069 3091 3183 3150 τοῖς
3218 3087 3512 3155 ’Δὸασγοίς
3546 3089 3596 3141 ei
3631 3090 3792 3157 σφῶν

528 3193 804 3253 empturo.
834 3183 948 3240 Hoc
973 3184 1170 3257 Abasgi
1201 3186 1555 3257 cupidissime
1579 3200 1950 3258 acceperunt,
1983 3189 2106 3246 edi-

2211 3179 2622 3250 προσεφέροντο
2655 3177 2941 3248 ἄρχοντες.
2991 3177 3365 3244 Ἰουστινιανδς
3407 3180 3486 3246 δέ,
3519 3183 3548 3235 ὁ
3575 3183 3797 3253 πρῶτος

527 3283 726 3346 ctoque
787 3275 1141 3347 imperatoris
1193 3278 1570 3335 Romanorum
1629 3280 1791 3346 freti,
1844 3282 2104 3354 deinceps

527 3368 944 3438 magistratibus
975 3369 1093 3425 suis
1131 3370 1188 3426 in
1218 3385 1284 3426 ea
1314 3387 1374 3427 rc
1415 3387 1525 3427 non
1552 3383 1874 3442 cesserunt,
1905 3376 1998 3446 qui
2049 3391 2106 3432 et

527 3456 633 3528 ipsi
668 3459 780 3531 jam
836 3461 1120 3531 segniores
1164 3461 1232 3516 ad
1284 3461 1338 3517 id
1400 3463 1612 3520 facinus
1661 3477 1821 3523 erant
1880 3469 2102 3525 redditi.

530 3547 659 3604 Post
685 3549 851 3604 etiam
871 3591 884 3616 ,
921 3552 1142 3622 utrique
1182 3553 1504 3624 magistratu
1537 3556 1800 3628 abrogato
1825 3598 1840 3622 ,
1870 3560 1986 3616 suis
2018 3565 2100 3616 vi-

527 3655 659 3696 vere
691 3640 906 3712 legibus
933 3642 1249 3709 voluerunt,
1295 3659 1420 3700 cum
1447 3646 1515 3700 ad
1569 3647 1625 3702 id
1662 3664 1834 3719 usque
1887 3661 2104 3721 tempus

524 3729 858 3788 Christiana:
915 3732 1200 3804 religionis
1242 3736 1410 3793 rudes
1458 3749 1668 3805 essent,
1731 3751 1788 3796 et
1837 3742 1994 3799 lucos
2039 3761 2103 3801 ac

531 3821 699 3878 silvas
733 3835 1153 3890 venerarentur,
1183 3835 1240 3882 et
1270 3828 1498 3886 arbores
1517 3830 1806 3888 barbarica
1831 3833 2100 3906 simplici-

537 3923 648 3968 tate
681 3930 779 3984 pro
810 3915 916 3971 diis
946 3916 1233 3975 haberent.
1267 3920 1373 3976 Sed
1405 3921 1722 3980 Justiniano
1751 3927 1936 3982 studio
1973 3929 2097 3997 fuit,

523 4019 622 4059 eos
648 4008 716 4060 ad
748 4005 1010 4076 pietatem
1045 4009 1356 4078 traducere,
1400 4014 1692 4086 missisque
1736 4021 1911 4074 sacris
1944 4021 2098 4087 viris,

527 4096 622 4152 Dei
683 4098 996 4168 cognitione
1060 4101 1323 4160 barbaros
1383 4105 1580 4162 imbuit
1645 4125 1660 4164 :
1712 4123 2100 4184 exstructaque

525 4189 786 4260 praeclara
835 4194 950 4246 mile
989 4191 1255 4262 Dciparaz,
1290 4206 1346 4251 et
1375 4199 1758 4257 sacerdotibus
1793 4203 1849 4256 in
1898 4220 1964 4260 ea
1989 4209 2102 4260 col-

524 4283 717 4336 locatis
739 4323 754 4346 ,
787 4297 882 4338 eos
911 4300 941 4337 a
965 4285 1075 4338 vita
1108 4288 1265 4355 plane
1297 4289 1582 4346 barbarica
1614 4294 1682 4348 ad
1712 4309 1894 4351 mores
1935 4296 2099 4352 Chri-

525 4372 830 4426 stianorum
904 4375 1166 4430 traduxit.
1245 4378 1325 4432 Ex
1388 4396 1453 4434 co
1516 4385 1719 4439 nemini
1779 4389 2100 4456 parentibus

523 4461 775 4534 Abasgis,
799 4463 1157 4534 imperatores
1179 4467 1408 4523 Romani
1433 4474 1785 4542 magistratus
1808 4478 2093 4548 miserunt,

2208 3272 2424 3333 στείλας
2445 3269 2578 3341 παρ’
2601 3271 2785 3334 αὐτοῖς
2805 3270 2902 3323 ἕνα
2921 3270 3031 3323 τῶν
3056 3272 3114 3324 ἐν
3143 3273 3260 3335 τοῖς
3281 3271 3573 3342 βασιλείοις
3593 3275 3796 3328 εὐνού-

2204 3381 2338 3434 χων,
2366 3363 2555 3431 σφίσιν
2572 3362 2810 3433 ὁμογενῆ
2840 3363 3050 3431 (πολλοὶ
3075 3364 3186 3434 γὰρ
3215 3363 3349 3435 περὶ
3365 3364 3436 3417 τὰ
3490 3366 3796 3437 Ῥωμαίων

2203 3455 2398 3524 ἀρχεῖα
2418 3453 2652 3506 τοιοῦτοι
2682 3453 3024 3525 ἐτρέφοντο),
3067 3455 3272 3509 ἀπεῖπε
3291 3459 3402 3518 τοῖς
3419 3459 3656 3528 ἡγεμόσι
3679 3461 3800 3512 τῶν

2220 3546 2502 3613 ’Δϐασγῶν
2530 3547 2730 3618 μηκέτι
2759 3547 2968 3618 μηδένα
3019 3547 3118 3619 τὴν
3141 3549 3490 3620 ἀρρενωπίαν
3528 3555 3797 3622 ἐκτέμνε-

2205 3640 2329 3694 σθαι
2363 3637 2686 3712 βιαζόμενον
2710 3655 2727 3674 ο
2757 3639 3105 3712 τελευτήσειν
3135 3643 3242 3712 γὰρ
3265 3639 3368 3713 τὴν
3386 3645 3585 3712 πρᾶξιν
3598 3646 3792 3709 αἰτεῖς

2203 3733 2283 3796 είς
2305 3732 2479 3796 κενὸν,
2501 3730 2726 3802 μηδενὸς
2751 3731 3042 3801 Ῥωμαίων
3063 3734 3326 3803 πρίασθαι
3383 3734 3793 3807 βουλησομένου

2202 3825 2328 3889 τοὺς
2377 3823 2642 3894 ἐκτομίας
2683 3824 2889 3878 αὐτῶν.
2919 3823 3092 3878 Τοῦτο
3123 3828 3238 3890 τοῖς
3279 3827 3566 3897 Ἀδασγοῖς
3604 3832 3789 3900 ἀσμε.

2201 3919 2437 3972 vesana
2470 3916 2883 3988 προσεδέδεκτο,
2909 3918 3002 3972 καὶ
3029 3920 3100 3989 τῇ
3127 3919 3364 3992 ἐπιταγῇ
3392 3920 3487 3974 τοῦ
3511 3921 3786 3992 βασιλέως

2216 4008 2507 4080 Ῥωμαίων
2553 4007 2956 4080 θαρρήσαντες,
2989 4008 3085 4062 τοῦ
3138 4009 3330 4065 λοιποῦ
3378 4012 3519 4082 πρὸς
3547 4013 3788 4086 τοῦργον

2201 4103 2362 4156 τοῦτο
2396 4104 2508 4166 τοῖς
2537 4103 2794 4172 ἄρχουσιν
2825 4101 3004 4155 αὐτῶν
3029 4100 3128 4172 οὐχ
3164 4102 3500 4169 ὓπέκυπτον,
3533 4107 3786 4164 κάκεῖνα

2199 4197 2257 4250 δέ
2309 4194 2448 4266 πρὸς
2517 4195 2624 4266 τὴν
2657 4195 2857 4266 πρᾶξιν
2903 4189 3048 4265 ἦσαν
3103 4195 3450 4266 νωθέστεροι.
3502 4194 3638 4252 Εἶτα
3686 4201 3786 4253 καὶ

2200 4289 2369 4358 ἄμφω
2425 4286 2553 4348 τοὺς
2607 4284 2788 4338 αὐτῶν
2841 4285 3120 4357 ἀρχηγοὺς
3169 4287 3508 4356 καθελόντες,
3581 4292 3782 4361 ἠθελον

2202 4377 2475 4451 βιοτεύειν
2532 4377 2847 4446 αὐτόνομοι.
2898 4377 3079 4448 Μέχρι
3145 4377 3330 4449 μέντοι
3372 4381 3493 4435 τότε
3535 4384 3630 4436 καὶ
3679 4384 3782 4452 τῆς

2199 4471 2308 4524 τῶν
2357 4468 2703 4541 Χριστιανῶν
2732 4468 3031 4539 θρησκείας
3061 4465 3202 4540 ἦσαν
3229 4470 3486 4543 ἀμύητοι,
3536 4475 3678 4546 ἄλση
3721 4475 3780 4530 δὲ

525 4568 556 4607 a
596 4554 799 4624 quibus
848 4569 938 4610 res
980 4555 1531 4614 administrabantur.
1585 4563 1690 4630 Qui
1740 4577 1864 4622 eum
1909 4569 2097 4641 injurii

2211 4566 2298 4618 καὶ
2330 4564 2460 4627 ὔλας
2493 4561 2746 4616 ἐσέϐοντο
2774 4562 2871 4616 καὶ
2889 4561 2957 4616 τὰ
2975 4562 3166 4634 δένδρα
3197 4564 3405 4629 τούτοις
3434 4567 3494 4632 ἐξ
3513 4567 3779 4637 ἀφελείας

522 4655 726 4712 essent,
759 4663 824 4702 ac
855 4648 1120 4718 populum
1151 4649 1434 4708 crudelius
1466 4661 1786 4726 tractarent,
1817 4661 1978 4716 veriti
2029 4677 2100 4720 ne

525 4753 753 4808 prorsus
787 4739 938 4808 101
976 4740 1031 4795 in
1059 4742 1379 4799 servitutem
1408 4761 1439 4800 a
1472 4746 1732 4804 Romanis
1783 4752 2098 4824 redigeren-

527 4839 638 4890 tur,
667 4827 1023 4895 defecerunt,
1060 4845 1242 4900 neque
1285 4834 1522 4904 amplius
1565 4841 1944 4910 magistratum
1991 4846 2100 4902 llo-

526 4931 814 4971 manorum
839 4919 1201 4978 admiserunt.
1232 4923 1307 4978 Ea
1343 4925 1411 4980 de
1445 4943 1610 4985 causa
1641 4930 2018 5000 Justinianus,
2055 4939 2099 4994 is

525 5007 621 5079 qui
648 5025 781 5064 naso
810 5012 1091 5066 mutilatas
1118 5013 1240 5078 fuit,
1270 5031 1364 5072 eos
1390 5020 1636 5089 nlturus,
1688 5024 1930 5082 Leonem
1965 5044 2090 5098 spa-

525 5097 766 5153 tbarium
803 5099 872 5154 ad
911 5101 1114 5156 Alanos
1153 5103 1322 5160 mittit
1361 5123 1485 5162 cum
1537 5112 1772 5168 maxima
1819 5097 2095 5186 pecunia,

525 5201 586 5244 ut
618 5205 713 5246 eos
741 5200 932 5248 contra
975 5192 1238 5248 finitimos
1276 5199 1517 5270 Abasgos
1559 5217 1819 5261 armaret.
1855 5207 1934 5262 Eo
1970 5225 2094 5278 pro-

522 5282 702 5340 fectus
734 5282 867 5350 Leo,
901 5293 959 5341 et
984 5283 1190 5339 multos
1227 5283 1498 5350 ibiannos
1535 5308 1939 5363 commoratus,
1971 5315 2092 5354 sero

2194 4656 2538 4727 βαρϐαρικῆς
2569 4655 2651 4719 εις
2699 4655 2862 4719 θεοὺς
2910 4655 3243 4726 ἐνομίζοντο.
3313 4660 3777 4726 Ἰουστινιανδςδέ

2195 4748 2512 4819 μεταθεῖναι
2548 4748 2691 4818 σφᾶς
2732 4747 2868 4818 πρὸς
2900 4747 3192 4803 εὐσέϐειαν
3228 4750 3556 4822 σπούδασμα
3593 4753 3776 4819 ἔθετο,

2193 4843 2287 4896 καὶ
2317 4841 2537 4905 στείλας
2602 4841 2735 4912 παρ’
2770 4841 2957 4903 αὐτοῖς
2986 4841 3166 4910 ίεροὺς
3212 4843 3438 4914 ἄνδρας,
3489 4844 3562 4899 δι’
3592 4847 3776 4900 αὐτῶν

2196 4936 2275 4998 εἰς
2333 4933 2637 5002 ἐπίγνωσιν
2694 4933 2898 4996 αὐτοὺς
2954 4935 3261 5005 μετήνεγκε
3312 4936 3408 4990 τοῦ
3438 4937 3600 4992 Θεοῦ.
3640 4935 3774 4993 Είτα

2196 5029 2290 5080 καὶ
2325 5025 2468 5080 θεῖον
2501 5027 2562 5079 ἐν
2623 5025 2915 5094 ’Λσασγοῖς
2944 5026 3045 5096 τῆς
3090 5027 3365 5083 Θεοτὸκου
3399 5029 3653 5102 ἐδείματο
3679 5032 3773 5084 τέ-

2197 5137 2380 5190 μενος,
2417 5119 2511 5172 καὶ
2578 5119 2746 5190 ἱερεῖς
2789 5119 3177 5189 ἐγκατέστησε,
3231 5123 3326 5177 καὶ
3361 5122 3536 5187 οὕτως
3563 5127 3643 5189 είς
3671 5125 3770 5196 ἐθη

2196 5214 2266 5266 τὰ
2298 5214 2406 5266 τῶν
2442 5211 2790 5282 Χριστιανῶν
2816 5212 3016 5276 αὐτοὺς
3051 5214 3368 5284 μετήγαγεν
3399 5217 3464 5272 ἐκ
3486 5218 3596 5271 τῶν
3625 5219 3771 5271 πάνυ

2198 5303 2572 5376 βαρϐαρικῶν.
2622 5305 2904 5359 Ἐντεῦθεν
2947 5305 3038 5359 ὑπ’
3063 5307 3279 5374 οὐδενὸς
3309 5309 3629 5382 ἀρχομένων
3651 5310 3766 5364 τῶν

1719 5459 1922 5522 Variae
1952 5460 2259 5525 lectiones
2305 5473 2365 5526 et
2396 5476 2583 5530 noun.

524 5627 587 5698 ιιι
611 5609 700 5662 20.
733 5611 885 5690 ιδίων
921 5610 1075 5698 οέτες
1120 5621 1147 5672 ὁ
1179 5620 1238 5698 ἐξ
1279 5622 1538 5698 ἰταῷρφν
1579 5626 1607 5698 ὁ
1640 5627 1984 5698 κάποστάτηςν
2015 5631 2086 5682 τά

527 5681 626 5768 μὲν
659 5681 850 5768 πρῶτα
899 5681 1284 5768 τοῦβεσπότου
1309 5681 1442 5768 ,καί
1465 5695 1728 5768 βασιλέως
1768 5681 2088 5768 γενόμενος,

524 5750 618 5832 καί
645 5751 704 5832 το
734 5753 928 5835 κράτος
956 5757 1118 5835 αὐτού
1156 5765 1248 5814 καὶ
1270 5764 1367 5833 τὴν
1390 5750 1568 5835 ἀρ’λὴν
1596 5750 1948 5835 ἀφελόμενδς.
1983 5750 2083 5822 ούῖ

521 5820 741 5891 ἀνδρείᾳ
786 5824 885 5894 (μὴ
931 5826 1140 5897 οἰηθείη
1185 5849 1264 5896 τις
1322 5820 1501 5886 Eoi-1'6"
1527 5820 1677 5907 ποτέ)
1731 5820 2087 5910 μηχαναῖέῗῦὲ

2194 5633 2288 5687 καὶ
2319 5635 2494 5696 δόλοις
2523 5636 3002 5706 ὑποσπασάμενος.

2272 5707 2376 5773 (15')
2419 5707 2572 5774 Πρὸς
2614 5708 2757 5771 τοὺς
2803 5711 3108 5774 Ἀλανοὺς.
3144 5708 3308 5764 Addit
3348 5708 3488 5763 alter
3523 5724 3554 5764 ε
3596 5709 3767 5766 codd.

2196 5775 2498 5843 \Vollianis,
2534 5775 2625 5841 οὓς
2657 5777 2945 5841 ’Λλϐανοὺς
2975 5780 3002 5833 ὀ
3037 5782 3338 5847 υροκύπιος
3373 5780 3589 5850 γράφει.

2319 5926 2372 5964 εἶα·
2397 5935 2426 5955 υ
