4010 6606
194 427 314 492 1311

1431 430 1826 494 ANNALIUM
1870 433 2012 493 LIB.
2045 433 2172 495 XV.

3301 435 3440 502 1318

199 538 558 608 ἐὶσισγῶν,οί
595 542 834 610 βασιλεῖς
879 539 1170 609 Ῥωμαίων
1192 540 1442 595 ἔστελλον
1474 542 1762 611 ἄρχοντας,

1876 558 2122 613 aegreque
2149 541 2335 606 rediit,
2365 557 2469 597 nec
2507 539 2823 597 Justinlano
2862 540 3088 596 invento
3139 547 3305 612 (nam
3349 565 3442 605 οε·

191 632 276 683 καὶ
305 631 398 683 ὑπ’
432 633 658 686 ἐκείνων
679 637 864 697 αὐτοῖς
894 635 1156 704 διῃτῶντο
1186 634 1255 686 τὰ
1281 632 1607 702 πράγματα.
1638 635 1756 686 Χω-

193 721 468 792 ρησάντων
519 723 577 776 δὲ
625 717 736 778 τῶν
788 725 1161 796 στελλομένων
1231 728 1312 790 είς
1362 727 1600 792 ἀδικίας,
1666 729 1761 780 καὶ

191 813 657 884 τυραννικώτερον
718 818 1021 886 χρωμένων
1075 817 1281 882 αὐτοῖς,
1346 817 1627 883 δείσαντες
1686 819 1762 889 μὴ

189 906 361 975 πάντη
391 905 706 959 δουλωθῶσι
739 907 1060 977 Ῥωμαίοις,
1085 909 1436 977 ἀφίστανται,
1461 912 1557 964 καὶ
1576 913 1761 966 οὐκέτι

188 997 426 1066 δέχεσθαι
478 996 719 1068 ἄρχοντα
761 996 1036 1069 Ῥωμαῖον
1097 1001 1404 1056 ἐϐούλοντο.
1444 1003 1546 1057 Διά
1602 1003 1764 1058 τοῦτο

188 1089 436 1142 τίσασθαι
458 1089 630 1141 θέλων
663 1089 862 1153 αὐτοὺς
921 1094 948 1142 ὁ
1001 1093 1324 1162 ρινότμητος
1361 1095 1758 1158 Ἰουστινιανὸς,

192 1181 397 1234 στέλλει
429 1181 522 1234 τὸν
574 1181 883 1252 σπαθάριον
916 1185 1125 1236 Λέοντα
1155 1185 1294 1255 πρὸς
1342 1190 1468 1250 τοὺς
1507 1186 1764 1250 Ἀλανοὺς

191 1274 434 1344 χρήμασι
495 1274 774 1340 πλείστοις
838 1276 979 1330 κατὰ
1024 1277 1134 1330 τῶν
1207 1279 1491 1348 ’Δσασγῶν
1545 1281 1766 1352 ὁμόρων

190 1365 352 1417 ὄντων
407 1366 619 1432 αὐτοῖς,
665 1367 888 1422 ὁπλίσαι
942 1368 1127 1432 τύτοις
1189 1370 1534 1442 βουλόμενος.
1617 1374 1768 1427 Ἑκεῖ

192 1456 368 1508 τοίνυν
419 1456 451 1507 ὁ
507 1457 664 1512 Λέων
714 1460 1032 1530 γενόμενος,
1069 1461 1164 1514 καὶ
1214 1463 1446 1530 συχνοὺς
1473 1462 1766 1535 διατρίψας

191 1549 491 1613 ἐνιαυτοὺς,
543 1549 641 1619 aut
698 1551 792 1603 καὶ
853 1551 1010 1620 μόλις
1058 1552 1453 1624 ἐπανελήλυθε,
1508 1557 1646 1626 μήτε
1673 1554 1768 1608 τὸν

204 1641 574 1696 ’1ουστινιανδν
597 1643 846 1714 εὑρηκὼς
879 1643 1148 1715 (ἀνῄρητο
1185 1646 1344 1716 γὰρ),
1370 1647 1508 1716 μήτε
1533 1649 1640 1717 μὴν
1674 1647 1767 1700 τὸν

193 1732 514 1786 Φιλιππικὸν
537 1734 831 1806 (καθῄρετο
851 1737 960 1807 γὰρ
989 1737 1286 1806 πηρωθεὶς,
1313 1738 1388 1801 ὡς
1415 1741 1652 1810 εἴρηται,
1675 1739 1768 1792 καὶ

191 1825 258 1877 τὰ
278 1824 554 1894 ὄμματα).
605 1828 888 1897 πρόσεισιν
943 1827 1040 1883 οὖν
1113 1829 1386 1900 Ἀρτεμίῳ
1430 1829 1768 1900 βασιλεύοντι

1862 651 2010 690 cnsus
2051 643 2208 705 erat)
2250 650 2429 706 neque
2477 634 2786 704 Philippica
2837 633 3073 704 (pulsus
3101 637 3248 691 enim
3279 652 3439 708 erat,

1863 735 1923 780 ut
1951 727 2161 781 dictum
2190 737 2305 792 est,
2333 727 2507 782 oculis
2535 725 2701 780 etiam
2732 726 2954 790 erutis),
2995 725 3297 783 Artemium
3339 732 3441 800 igi-

1865 828 1954 872 tur
1991 827 2104 872 tum
2129 818 2490 888 imperantem
2521 819 2805 882 convenit,
2845 834 2874 873 a
2923 810 3034 889 quo
3077 820 3314 891 benigne
3343 838 3440 876 ac-

1862 921 2057 980 ceptus
2083 919 2188 975 est,
2220 920 2277 966 et
2304 909 2664 965 Orientalium
2697 911 2922 964 themati
2975 911 3292 980 praefectus.
3335 911 3443 966 l'ro

1863 1019 1931 1058 eo
1981 1004 2170 1074 igitur,
2225 1012 2286 1058 ut
2329 1004 2536 1058 dictum
2605 1013 2722 1068 est,
2779 1017 3134 1073 [impugnans
3188 1005 3441 1068 scilicet.

1866 1097 2181 1153 Theodosio
2214 1112 2275 1152 se
2302 1097 2578 1166 opposuit.
2616 1100 2960 1166 sceptrisque
3004 1099 3214 1167 potitus
3252 1108 3356 1153 est.
3398 1100 3444 1153 θ

1862 1190 2198 1261 judiciorum
2234 1191 2330 1244 Dei
2379 1189 2634 1260 abyssum
2669 1190 3301 1258 incompreheus:bilem!
3351 1190 3444 1244 Sic

1866 1284 2101 1352 adeptus
2158 1283 2486 1352 imperimu,
2532 1283 2716 1338 statim
2765 1280 3076 1334 Artabasdo
3127 1280 3295 1334 tiliam
3343 1279 3443 1333 de-

1867 1374 2126 1442 spondit,
2167 1383 2224 1428 et
2253 1375 2592 1443 curOpalata:
2627 1371 2892 1427 honorem
2931 1371 3197 1425 decrevit.
3254 1371 3448 1425 Masal-

1868 1479 1986 1519 mas
2021 1475 2206 1520 autem
2244 1466 2488 1520 Arabum
2518 1465 2628 1518 dux
2657 1464 2850 1534 Abydo
2877 1477 3003 1518 cum
3035 1463 3244 1530 magnis
3271 1464 3450 1533 cepiis

1870 1556 1928 1611 in
1959 1557 2252 1612 Thraciam
2286 1567 2633 1613 transvectus
2663 1598 2678 1624 ,
2706 1572 2954 1626 inagnam
2987 1557 3108 1625 ejus
3150 1557 3449 1627 provinciae

1871 1655 2082 1716 partem
2115 1648 2412 1717 populatus
2447 1655 2555 1711 est,
2592 1649 2912 1717 impetuque
2938 1649 2992 1703 in
3013 1651 3202 1704 urbem
3244 1650 3450 1719 regiam

1872 1741 2040 1807 facto,
2074 1741 2274 1794 vallum
2304 1742 2458 1812 juxta
2493 1743 2774 1798 terrestria
2805 1743 3004 1797 omnia
3032 1745 3248 1812 posuit,
3284 1755 3450 1814 atque

1873 1833 1942 1886 ab
1967 1847 2032 1886 ea
2064 1841 2221 1901 parte
2271 1833 2386 1901 ipse
2435 1832 2628 1887 urbem
2678 1832 3035 1902 oppugnavit,
3075 1833 3320 1904 Solymas
3349 1849 3454 1887 au-

193 1921 328 1973 τότε.
371 1919 429 1971 ’0
447 1920 502 1971 δὲ
536 1921 630 1973 καὶ
651 1923 970 1992 προσήκατο
999 1921 1162 1974 αὑτὸν
1183 1923 1454 1992 εὐμενῶς,
1482 1923 1572 1976 καὶ
1609 1940 1771 1991 στρα-

1876 1934 1983 1979 tem
2016 1923 2420 1993 archisatrapes
2440 1925 2581 1992 ejus,
2605 1939 2636 1980 ο
2663 1924 2799 1978 mari
2827 1939 2954 1978 cum
2988 1927 3222 1979 maxima
3253 1927 3449 1980 classe.

196 2013 355 2082 τηγὸν
383 2011 479 2064 τοῦ
515 2011 627 2065 τῶν
664 2012 1030 2067 Ἀνατολικῶν
1063 2017 1484 2087 προεχειρίσατο
1509 2015 1766 2085 θέματος.

198 2105 376 2175 Τούτῳ
421 2103 575 2171 γοῦν,
626 2105 702 2168 ὼς
762 2108 1003 2179 εἴρηται,
1049 2107 1210 2178 δῆθεν
1263 2107 1508 2178 ἀμύνων,
1561 2109 1768 2180 ἁντῆρε

200 2200 349 2265 χεῖρα
375 2197 518 2250 κατὰ
547 2195 641 2249 τοῦ
671 2196 978 2263 Θεοδοσίου,
1016 2201 1112 2252 καὶ
1143 2201 1252 2255 τῶν
1281 2203 1584 2272 σκήπτρων
1618 2204 1774 2270 γέγο-

199 2307 281 2344 νεν
307 2293 608 2360 ἐγκρατής.
661 2295 725 2345 Ὦ
763 2291 900 2346 Θεοῦ
953 2294 1241 2363 χριμάτων
1287 2295 1521 2356 ἄϐυσσος
1571 2297 1774 2356 ἀκατὰ-

199 2384 391 2454 ληπτος
418 2387 430 2438 ί
461 2385 791 2449 Βασιλεύσας
815 2387 870 2440 δὲ
905 2385 1096 2449 οὕτως,
1133 2388 1333 2440 αὐτίκα
1356 2387 1454 2458 τὴν
1493 2387 1770 2458 θυγατέρα

202 2477 272 2548 τῷ
301 2477 356 2528 Ἀ
368 2479 649 2547 ρταϐἀῑδῳ
675 2478 966 2548 συνῴκισε,
989 2478 1409 2550 κουροπαλὰτην
1427 2479 1771 2548 αὐτὸντιμή-

201 2587 312 2626 σα;.
345 2572 656 2642 Μασάλμας
672 2573 727 2625 δέ
744 2575 771 2625 ὀ
788 2573 1158 2642 τῶνἈράὁων
1193 2573 1436 2644 ἀρχηγὸς
1465 2572 1524 2637 ἐξ
1544 2573 1770 2626 ’Λῦύδου

202 2665 291 2718 σὺν
319 2665 547 2734 μεγαλῳ
583 2665 956 2734 στρατεύματι
992 2665 1130 2734 πρὸς
1151 2665 1375 2736 Θρᾴκην
1415 2665 1772 2736 περαιωθεὶς,

198 2754 328 2809 πολὺ
349 2757 448 2824 μὲν
469 2757 565 2826 τῆς
585 2755 856 2828 Θρᾳκῴας
870 2757 1128 2828 ἐληῖσατο
1144 2757 1423 2829 χῶρας,τῇ
1449 2756 1505 2809 δὲ
1525 2757 1773 2826 βασιλευ-

199 2848 329 2919 ούσῃ
351 2848 460 2901 τῶν
485 2849 693 2902 πόλεων
721 2848 832 2920 (46)
858 2847 1206 2919 προσϐαλὼν,
1239 2846 1460 2919 χάρακα
1493 2847 1650 2918 παρὰ
1667 2851 1778 2913 τοῖς

199 2945 334 2996 λατὰ
357 2942 551 3012 χέρσον
569 2943 636 2994 αὑ
649 2939 738 3010 τῆς
767 2941 1010 3010 ἐπήξατο
1037 2940 1266 3009 τείχεσι,
1295 2941 1388 2992 καὶ
1405 2933 1476 3010 ἦν
1495 2939 1595 3010 μὲν
1615 2940 1778 3003 αὐτὸς

201 3035 457 3088 ἐντεῦθεν
513 3032 720 3103 ταύτην
767 3033 1096 3104 πολιορκῶν,
1149 3035 1214 3086 ἐκ
1257 3033 1314 3085 δὲ
1368 3032 1649 3104 θαλάσσης
1679 3032 1776 3087 σὺν

200 3129 372 3200 στόλῳ
403 3129 626 3199 μεγαλῳ
660 3130 686 3180 ὁ
720 3127 1142 3198 ἁρχισατράπης
1175 3126 1446 3195 Σολυμᾶς.
1493 3124 1654 3178 Ἄ).λὰ
1679 3125 1778 3188 τὰς

1881 2014 2082 2070 Verum
2135 2030 2306 2070 naves
2353 2017 2474 2083 ejus
2531 2024 2638 2069 tam
2688 2016 2914 2071 bellicas
2961 2030 3127 2086 quam
3171 2017 3455 2072 onerarias

1877 2107 2111 2162 Iloutani
2140 2108 2330 2162 Graeco
2366 2108 2474 2179 igni
2508 2109 2854 2179 repulerunt,
2887 2118 2945 2163 ut
2973 2108 3131 2162 multi
3164 2109 3448 2186 navarcbi,

1873 2218 2108 2272 quorum
2143 2217 2310 2257 naves
2357 2202 2404 2256 is
2447 2203 2691 2257 nondum
2729 2203 3022 2268 attigerat,
3062 2217 3162 2271 per
3189 2201 3453 2270 despera-

1876 2297 2085 2351 tionem
2137 2312 2196 2351 se
2245 2295 2312 2350 ad
2372 2296 2764 2366 imperatorem
2817 2295 3155 2352 conferrent.
3216 2295 3284 2350 Et
3346 2296 3454 2350 hoc

1876 2387 2042 2442 modo
2081 2403 2210 2457 pars
2241 2388 2478 2442 maxima
2511 2389 2702 2443 classis
2731 2388 2980 2446 Arabica:
3024 2391 3206 2462 periit.
3258 2390 3456 2444 Roma-

1878 2497 2071 2551 naeque
2100 2480 2347 2551 legiones
2371 2496 2469 2536 eos
2498 2496 2786 2551 aggressaz,
2821 2482 2914 2550 qui
2959 2483 3013 2536 in
3038 2479 3291 2552 Bithynia
3319 2494 3457 2548 pra?-

1879 2575 2179 2639 dabantur,
2240 2572 2446 2626 multos
2501 2571 2870 2637 occiderunt,
2918 2583 2980 2627 ut
3031 2581 3086 2627 et
3141 2572 3215 2626 illi
3274 2568 3455 2625 territi

1887 2667 2238 2736 aufugerent.
2291 2664 2393 2731 Qui
2432 2673 2616 2719 autem
2657 2665 2712 2720 in
2745 2664 2982 2719 Thracia
3014 2673 3174 2719 erant
3206 2662 3414 2718 Arabes
3437 2700 3454 2724 ,

1876 2769 2026 2813 tanta
2059 2759 2202 2813 fatue
2240 2757 2659 2827 premebantur,
2691 2767 2750 2813 ut
2790 2757 3000 2813 nullius
3033 2755 3332 2812 animantis
3366 2768 3460 2808 ca-

1879 2851 2179 2906 daveribus
2208 2850 2586 2915 abstinerent,
2623 2849 2759 2920 quin
2803 2859 2862 2906 et
2906 2849 3165 2905 humanis
3196 2845 3459 2904 carnibus

1879 2943 2190 2998 admovisse
2219 2957 2416 2997 manus
2449 2941 2838 3013 perhibentur.
2871 2941 3146 2998 Praeterea
3196 2939 3459 3010 pestilem

1881 3035 1957 3088 tia
2026 3049 2124 3088 eos
2188 3033 2424 3096 invasit,
2503 3047 2811 3102 eorumque
2885 3034 3079 3086 turbas
3163 3029 3454 3085 confertim

1882 3127 2212 3196 absumpsit.
2240 3127 2320 3179 Ad
2359 3126 2473 3181 lucc
2513 3125 2753 3193 llulgari,
2804 3134 2864 3178 ut
2917 3124 3144 3192 quidam
3199 3132 3459 3176 auctores

199 3223 291 3289 μὲν
321 3222 459 3286 νῆας
493 3222 671 3274 αὐτῶν
704 3221 801 3284 τάς
831 3235 890 3271 τε
928 3219 1416 3290 πολεμιστηρίους.
1458 3222 1555 3281 τὰς
1577 3236 1637 3272 τε
1665 3220 1770 3288 μὴν

1880 3228 2032 3280 sunt,
2064 3233 2161 3272 eos
2196 3217 2440 3287 aggressi
2461 3239 2494 3282 ,·
2514 3217 2684 3270 multa
2713 3215 2880 3270 millia
2912 3214 3057 3269 ferro
3088 3213 3458 3290 trucidarunt.

196 3314 506 3385 φορτηγοὺς
531 3315 607 3384 τῷ
636 3313 787 3384 ὑγρῷ
817 3315 944 3384 πυρὶ
973 3313 1238 3382 Ῥωμαῖοι
1286 3309 1803 3378 κατετροπώσαντο,
1848 3311 1989 3364 ὥστε
2023 3310 2250 3372 πολλοὺς
2282 3311 2391 3361 τῶν
2419 3311 2729 3379 ναυάρχων,
2775 3301 2849 3360 ὧν
2883 3305 3036 3360 οΰπω
3058 3309 3180 3368 ταῖς
3208 3307 3368 3358 ναυσὶ
3397 3305 3459 3358 τὸ

199 3406 366 3477 θγρδν
403 3407 564 3459 τοῦτο
631 3407 973 3476 προοήγγισε
1053 3404 1187 3474 πῦρ,
1241 3405 1582 3474 ἀπογνόντας
1645 3407 1989 3477 προσρυῆναι
2042 3406 2123 3476 τῷ
2171 3406 2429 3477 ,βασιλεῖ.
2469 3405 2544 3458 Τδ
2580 3405 2678 3475 μὲν
2711 3401 2805 3456 οὖν
2849 3403 3031 3456 πλεῖον
3070 3400 3164 3454 τοῦ
3196 3397 3458 3453 ναυτικοῦ

195 3501 302 3554 τῶν
370 3497 619 3571 Ἀράϐων
670 3498 815 3552 οὕτω
859 3494 1100 3550 διώλετο.
1147 3494 1275 3561 Τοῖς
1305 3497 1362 3550 δέ
1409 3498 1553 3550 κατὰ
1639 3497 1893 3550 Βιθυνίαν
1958 3497 2143 3550 αὐτῶν
2193 3497 2538 3568 ληϊζομένοις
2578 3495 2872 3564 ἐντυχόντα
2908 3492 3297 3561 στρατεύματα
3326 3493 3463 3542 Ῥω-

201 3595 375 3667 μαίων
401 3594 564 3658 πεζὰ,
589 3591 817 3654 πολλοὺς
849 3591 1276 3662 διετθάρκασιν,
1316 3591 1456 3646 ὥστε
1495 3593 1785 3654 κάκείνους
1828 3592 2126 3656 δείσαντες,
2167 3593 2501 3663 ἀποδρᾶναι.
2567 3591 2708 3652 Ἰὀῦς
2737 3588 2796 3641 όὲ
2826 3589 2968 3642 κατὰ
3015 3586 3237 3658 Θρᾴκην
3258 3583 3468 3652 τυγχά-

193 3706 390 3749 νοντας
431 3685 680 3757 ’Ἄραϐας
709 3685 869 3754 λιμὸς
923 3684 1108 3748 ἐπίεζε
1157 3686 1442 3756 κραταιὸς,
1519 3686 1644 3738 ὅθεν
1708 3685 1920 3749 οὐδενὸς
1993 3687 2102 3739 τῶν
2168 3685 2516 3755 θνησκόντων
2573 3681 2730 3746 ζώων
2779 3681 3087 3749 ἀπείχοντο.
3135 3678 3366 3744 Λέγεται
3404 3674 3462 3726 is

196 3785 294 3835 καί
374 3779 597 3850 σαρκῶν
649 3775 1013 3848 ἀνθρωπείων
1060 3777 1261 3840 αὐτοὺς
1351 3775 1616 3846 ἅψασθαι.
1688 3777 1850 3831 Ἀλλὰ
1883 3778 2039 3840 νόσος
2099 3777 2285 3840 αὐτοῖς
2350 3775 2622 3845 ἐνέσκηψε
2700 3772 2966 3842 λοιμικὴ,
3035 3772 3130 3824 καὶ
3189 3768 3463 3837 διέφθειρε

201 3871 584 3946 παμπληθεῖς.
616 3869 728 3924 Καὶ
762 3867 1067 3940 Βούλγαροι
1100 3868 1184 3935 δὲ,
1224 3870 1442 3934 τούτοις
1515 3871 1860 3936 ἐπελθόντες,
1901 3872 2101 3935 πολλας
2155 3867 2470 3941 χιλιοστύας
2514 3867 2719 3930 αὐτῶν,
2753 3863 2828 3928 ὣς
2869 3879 3015 3926 τινες
3061 3861 3464 3933 ἀναγράφουσι,

201 3968 482 4039 μαχαίρας
511 3967 694 4020 ἔθεντο
725 3964 1123 4035 παρανάλωμα.

267 4064 347 4119 B'.
388 4061 447 4114 Ὀ
503 4060 560 4113 δέ
608 4059 709 4130 τῆς
753 4059 1008 4121 Σικελίας
1054 4059 1362 4129 στρατηγὸς
1393 4060 1642 4131 Σέργιος,
1678 4060 1779 4129 τὴν

197 4157 307 4211 τῶν
347 4155 408 4206 Ἀ
421 4154 600 4225 ράὀων
631 4154 781 4206 κατὰ
796 4154 896 4225 τῆς
924 4155 1131 4217 πόλεως
1162 4153 1454 4205 ἐπέλευσιν
1477 4157 1661 4222 γνοὺς,
1687 4157 1783 4207 καὶ

199 4251 273 4311 ὡς
306 4250 367 4300 ἐν
399 4246 778 4316 ἀκαταστασία
799 4248 867 4298 τὰ
907 4245 1193 4317 Ῥωμαίων
1211 4247 1564 4314 τυγχάνουσι,
1589 4263 1787 4316 τυραν-

201 4340 306 4392 νίδι
361 4338 459 4391 καὶ
521 4336 684 4401 αὐτὸς
734 4337 1086 4407 ἐπεχείρησε,
1137 4338 1236 4390 καὶ
1285 4341 1383 4407 οὐχ
1435 4337 1630 4392 ἑαυτὸν
1685 4339 1788 4408 τῆς

199 4431 480 4502 βασιλείου
537 4427 739 4500 ἠξίωσε
791 4429 1062 4499 κλήσεως,
1101 4427 1248 4483 ἀλλά
1309 4447 1431 4484 τινα
1482 4429 1786 4501 Γρηγόριον

1957 4051 2018 4110 ΙΙ.
2039 4056 2253 4110 Interea
2267 4051 2488 4124 Sergius
2503 4049 2708 4106 Siciliae
2722 4057 2944 4119 praztor,
2959 4043 3177 4116 cognita
3195 4042 3348 4097 urbis
3365 4041 3468 4096 ob-

1885 4147 2100 4204 sidione
2132 4146 2390 4209 Arabica,
2423 4155 2477 4200 et
2503 4142 2720 4213 imperii
2745 4138 3185 4210 perturbatione.
3219 4133 3467 4205 tyranni-

1885 4241 2078 4294 demet
2098 4237 2214 4307 ipse
2235 4234 2538 4298 aﬂectavit,
2560 4248 2672 4287 non
2698 4231 2803 4286 sibi
2833 4229 2937 4299 ipsi
2960 4237 3224 4296 usurpato
3249 4225 3468 4295 imperii

1889 4331 2070 4395 titulo,
2088 4330 2182 4385 sed
2203 4329 2580 4384 ministrorum
2595 4339 2818 4382 suorum
2837 4321 3127 4392 quemdam
3144 4320 3468 4385 Gregorium

1891 4421 2106 4477 curavit
2135 4436 2164 4474 a
2193 4420 2396 4490 populo
2437 4420 2824 4488 imperatorem
2856 4413 3228 4474 salutandum,
3247 4411 3472 4466 nomine

197 4525 308 4576 τῶν
353 4523 821 4592 ὑπηρετουμένων
866 4520 1016 4591 αὖτῷ
1055 4519 1434 4591 ἀναρρηθῆναι
1489 4520 1644 4590 παρὰ
1692 4519 1771 4570 τοί

1893 4515 2012 4581 ejus
2031 4513 2084 4566 in
2109 4512 2393 4567 Tiberium
2411 4518 2768 4573 commutato,
2796 4509 2887 4577 qui
2907 4506 2974 4561 de
2999 4506 3176 4576 Sergii
3197 4506 3472 4559 sententia

204 4612 340 4667 λαοῦ
397 4611 623 4682 βασιλέα
688 4610 984 4680 πεποίηκε,
1056 4607 1442 4680 μετονομάσας
1485 4607 1577 4661 τὸν
1623 4607 1771 4679 ἄνδρε

1890 4604 2156 4674 quosdam
2203 4605 2270 4658 ad
2323 4603 2674 4674 magistratus
2717 4599 2920 4654 evexit.
2971 4597 3083 4650 lloc
3135 4595 3328 4648 nuntio
3360 4593 3472 4648 Leo

198 4705 483 4774 Τιϐέριον,
517 4703 575 4766 ὃς
600 4705 694 4756 καί
725 4721 877 4767 τινας
903 4704 980 4766 εἰς
1017 4702 1191 4772 ἀρχὰς
1221 4699 1420 4774 γνώμῃ
1448 4699 1543 4753 τοῦ
1565 4701 1771 4769 Σεργίοι

1891 4703 2220 4758 commotus,
2269 4693 2424 4762 102
2453 4692 2520 4746 de
2551 4687 2910 4760 opprimendo
2941 4696 3170 4757 tyranno
3199 4685 3471 4755 cegitaus,

197 4797 562 4868 προεϐίϐασε.
603 4795 767 4847 Ταῦτ’
798 4793 1137 4863 ἀγγελθέντα
1170 4793 1248 4864 τῷ
1279 4793 1476 4846 Λέοντι
1510 4792 1767 4862 διανέστη

1897 4786 2122 4844 Paulum
2153 4781 2522 4853 imperatoriis
2580 4777 2941 4848 equisonibus
2994 4774 3332 4845 prazfcctum,
3373 4775 3470 4844 qui

198 4907 304 4942 σαν
385 4889 552 4940 αὐτὸν
620 4887 700 4957 τῷ
769 4889 1171 4957 τυραννήσαντι
1232 4884 1656 4950 ἀντιτάξασθαι,
1703 4901 1771 4936 κα

1898 4880 2085 4950 lingua
2129 4877 2372 4930 llomana
2390 4872 2765 4927 chartularsus
2786 4867 3011 4932 dicitur,
3049 4866 3263 4936 patricii
3287 4865 3472 4935 digiti-

198 4982 422 5034 Παῦλον
456 4981 547 5034 τὸν
565 4980 673 5033 τῶν
697 4978 996 5049 βασιλικῶν
1027 4977 1356 5049 ἱπποκόμων
1393 4976 1771 5032 ἐπεστατοῦντι

1898 4980 2010 5026 tate
2039 4979 2317 5030 ornatum,
2377 4972 2433 5020 et
2481 4963 2680 5019 Sicilia:
2731 4967 3026 5030 prmtorem
3094 4957 3471 5028 designatum,

196 5072 654 5144 (xapzoukla'pzov
681 5070 1020 5143 ἡῬωμαίων
1041 5067 1150 5124 οῐδε
1171 5069 1359 5124 τοῦτον
1385 5068 1568 5137 λέγειν
1590 5065 1767 5138 φωνὴ)

1899 5071 2090 5118 contra
2123 5058 2445 5116 seditiosum
2479 5053 2646 5120 misit,
2701 5051 2904 5108 tradito
2938 5050 3125 5105 edicto
3156 5049 3224 5102 ad
3249 5049 3477 5118 provin-

194 5168 493 5238 πατρίκιον
542 5167 806 5237 τιμήσας,
839 5165 936 5219 καὶ
972 5163 1276 5236 στρατηγὸν
1314 5160 1570 5219 Σικελίας
1597 5160 1771 5229 ὀνομαε

1900 5156 2110 5212 ciarum
2140 5151 2424 5224 przesides.
2459 5149 2666 5219 quibus
2691 5162 2816 5202 eum
2835 5144 3081 5214 adjutare
3110 5144 3471 5213 jubebantur,

199 5275 325 5322 σας,
391 5257 607 5312 στέλλει
655 5259 796 5314 κατὰ
842 5256 937 5311 τοῦ
994 5257 1334 5322 ἀποστάτου,
1390 5253 1771 5324 προστάγματι

1903 5247 2234 5317 scriptisque
2273 5243 2340 5299 ad
2373 5241 2720 5298 Siciliensem
2750 5239 3056 5294 exercitum
3085 5236 3301 5297 litteris,
3341 5236 3470 5301 qui-

195 5350 338 5416 πρδς
397 5348 523 5412 τοὺς
554 5349 665 5402 τῶν
699 5348 894 5419 χωρῶν
935 5347 1204 5416 ἄρχοντας
1267 5343 1586 5414 ἐγχειρίσας
1615 5339 1771 5412 αὐτῷ1

1903 5338 2009 5394 bus
2042 5338 2340 5392 lloutanam
2383 5348 2500 5389 rem
2557 5331 2700 5387 bene
2728 5347 2788 5385 se
2842 5329 3050 5384 habere
3104 5327 3472 5396 signiﬁcabat,

200 5441 564 5511 συναίρεσθαι
606 5441 684 5511 τῷ
737 5440 940 5511 Παύλῳ
989 5438 1306 5504 κελεύοντα,
1361 5438 1455 5491 καὶ
1503 5435 1638 5508 πρὸς
1693 5436 1771 5505 τὴ¹

1904 5429 2186 5488 Arabibus
2247 5429 2360 5500 jam
2405 5425 2569 5482 victis
2617 5432 2673 5480 ct
2730 5422 3056 5495 proﬂigatis.
3090 5420 3195 5474 Eas
3255 5432 3479 5488 quoque

1393 5623 1598 5686 Variae
1648 5621 1964 5686 lectiones
1998 5627 2060 5683 et
2099 5626 2284 5682 notua.

267 5783 390 5855 (A6)
422 5780 512 5855 _Tﬁ
537 5780 605 5834 δὲ
642 5779 1070 5855 βασιλευρύσῃ
1104 5776 1224 5855 τῷν
1255 5777 1517 5855 πόλεων.
1562 5771 1635 5854 μί.
1679 5781 1771 5824 tun

1897 5782 2016 5832 ctor
2045 5767 2329 5828 Orationis
2364 5766 2418 5823 in
2465 5765 2674 5851 festum
2721 5759 2824 5830 τῆς
2853 5757 3204 5822 Ἀκαοίστοο,
3252 5771 3306 5826 p.
3349 5754 3474 5812 817.

198 5845 335 5910 urbs
372 5845 608 5910 'obs'cssa
642 5853 804 5908 fuerit
837 5867 865 5905 a
899 5850 1209 5916 Saracatis,
1248 5849 1429 5917 attigit
1491 5845 1664 5904 etiam
1702 5859 1802 5898 au~
