3962 6560
157 365 296 433 1333

1424 367 1828 430 ANNALIUM
1874 371 2025 431 LIB.
2063 371 2186 433 XV.

3265 370 3422 435 1331"

155 477 367 547 βασιλεῖ
393 474 845 546 προσεχώρησαν.
870 474 1183 531 Κάντεύθευν
1214 475 1497 548 ἐπαρθεὶς,
1552 476 1824 547 θρίαμϐον
1863 480 1958 532 ἐπὶ
2025 483 2090 552 τῇ
2159 480 2288 556 νίκῃ
2333 484 2674 554 κατήγαγεν,
2744 485 2908 552 αύτδς
2941 488 3047 557 μὲν
3073 477 3413 559 πανοπλίτης

152 569 303 626 διιὼν
327 567 448 638 μεθ’
479 565 836 638 ὡπλισμένης
857 567 958 637 τῆς
990 567 1275 636 στρατιᾶς,
1301 567 1426 630 τοὺς
1449 567 1495 619 δ’
1555 567 1942 636 αἰχμαλώτους
1987 571 2249 638 δεσμίους
2315 575 2485 644 ἄγων,
2551 579 2669 640 τοῖς
2727 577 2916 640 ὅπλοις
2954 579 3120 634 αὐτοῦ
3166 581 3266 651 τὴν
3335 584 3415 634 νί-

153 676 278 724 κην,
323 657 440 710 ἀλλ’
483 657 544 710 οὐ
579 659 646 727 τῇ
695 655 819 726 θεία
851 655 1082 725 δυνάμει
1126 657 1592 726 ἐπιγραφόμενος.
1660 655 1768 708 Καὶ
1809 659 1948 726 μετά
1974 661 2066 714 τὸν
2130 663 2401 735 θρίαμϐον
2435 669 2561 732 τοὺς
2590 669 2976 741 αίχμαλὼτους
3014 671 3222 736 πάντας
3247 669 3441 728 ,ἀναι-“

156 751 382 823 ρεθῆναι
421 747 782 817 προσέταξεν.

224 841 300 892 Ζ’.
341 835 539 904 Γέγονε
577 836 632 889 δὲ
661 835 873 906 χειμὼν
901 838 958 890 ἐν
978 837 1098 900 ταῖς
1129 837 1369 908 ἡμέραις
1403 837 1504 907 τῆς
1531 837 1732 907 αύτηαρ-

1909 838 2020 894 V‘ll.
2076 842 2190 898 Sub
2245 845 2368 915 ejus
2421 847 2654 918 imperio
2701 850 3001 906 saevissima
3055 851 3237 906 hiems
3291 851 3414 909 fuit.

155 931 281 1000 χίας
311 930 478 984 αὐτοῦ
530 929 728 1000 μέγας,
771 929 913 982 ὥστε
964 929 1039 999 μὴ
1073 930 1236 998 μόνον
1280 931 1406 993 τοὺς
1448 931 1732 1001 ποταμοὺς

157 1025 221 1075 ἐκ
277 1022 372 1074 τοῦ
403 1022 614 1092 ψύχους
650 1021 1138 1092 κρυσταλλωθῆναι
1187 1024 1390 1091 διόλου,
1447 1026 1585 1080 ἀλλὰ
1634 1027 1731 1078 καὶ

156 1115 328 1182 αὐτὴν
363 1116 464 1183 τὴν
496 1114 773 1169 θάλασσαν
805 1115 903 1186 τὴν
936 1115 1196 1186 ἀρκτῴαν
1229 1119 1324 1172 ἐπὶ
1356 1121 1546 1174 στάδια
1584 1123 1727 1174 πάνυ

157 1205 354 1268 πελλὰ,
382 1209 476 1258 καὶ
500 1206 590 1260 τὸν
617 1207 713 1260 τοῦ
741 1207 931 1262 στενοῦ
978 1208 1248 1279 πορθμὸν,
1291 1212 1388 1266 ttat
1419 1213 1510 1267 τὸν
1541 1215 1604 1267 ὲκ
1633 1217 1734 1285 τῆς

157 1297 370 1360 πόλεως
413 1299 550 1366 πρὸς
581 1301 954 1370 Χρυσόπολιν.
985 1301 1098 1358 Εἶτ’
1122 1301 1279 1367 αὖθις
1308 1304 1387 1375 τῷ
1411 1308 1734 1378 κρυστάλλῳ

159 1387 344 1455 χιόνος
391 1389 787 1462 ἐπιπεσούσης,
824 1393 1090 1464 κάκείνης
1120 1396 1185 1449 ἐκ
1221 1396 1317 1449 τοῦ
1352 1399 1554 1466 κρύους
1593 1415 1738 1468 συμ·

159 1479 491 1550 πιληθείσης
527 1499 589 1534 τε
634 1483 732 1536 καὶ
767 1485 1317 1558 κρυσταλλωθείσης,
1353 1487 1736 1558 πεζοποροῦνο

157 1589 250 1635 τες
285 1575 333 1624 οἱ
367 1573 650 1644 ἄνθρωποι
677 1574 898 1646 διῄεσαν
935 1578 1029 1632 τὸν
1082 1578 1334 1650 πορθμὸν
1373 1580 1470 1633 τοῦ
1522 1579 1736 1642 στενοῦ.

160 1664 258 1716 καὶ
290 1664 383 1715 τὸν
417 1667 481 1718 ἐκ
510 1666 613 1735 τῆς
659 1669 871 1733 πόλεως
914 1671 1054 1741 πρὸς
1087 1672 1458 1742 Χρυσόπολιν,
1498 1673 1737 1743 ἀχθοφο-

163 1755 368 1824 ροῦντά
392 1775 450 1809 τε
484 1759 778 1826 ὑποζύγια,
818 1762 913 1815 καὶ
950 1761 1074 1832 βόες
1107 1763 1327 1835 ἀμάξας
1355 1766 1614 1831 ἕλκοντες
1640 1768 1740 1821 σὺν

162 1847 352 1918 φόοτῳ
384 1849 584 1920 πολλῷ.
615 1851 786 1907 Τοῦτο
819 1855 874 1906 δὲ
927 1857 1023 1908 καὶ
1060 1859 1117 1911 ὲν
1150 1860 1272 1918 ταῖς
1305 1858 1497 1923 ἄλλαις
1533 1861 1738 1915 θαλάσ-

165 1956 286 2008 σαις
371 1941 495 1994 τότε
569 1943 826 2010 γενέσθαι
913 1947 1156 2017 λέγεται.
1214 1948 1362 2007 Εἶτα,
1415 1952 1509 2005 τοῦ
1579 1955 1742 2025 ἀέρος

164 2029 500 2101 θαλφθέντος
550 2035 778 2107 διῄρητο
828 2040 940 2094 τῶν
979 2043 1338 2112 κρυστάλλων
1376 2045 1438 2100 τὸ
1489 2049 1739 2118 συνεχὲς,

163 2123 262 2175 καὶ
316 2127 399 2188 εἰς
449 2129 717 2197 τμήματα
769 2131 1114 2190 διακέκοπτο.
1145 2137 1372 2209 Πνεῦμα
1401 2142 1458 2195 δὲ
1498 2145 1742 2199 πνεῦσαν

164 2216 368 2286 ἀθρόον
413 2221 644 2291 σφοδρόν
678 2241 738 2276 τε
773 2225 870 2278 καὶ
916 2225 1098 2296 βίαιον
1144 2201 1349 2300 ήλαυνε
1384 2236 1469 2289 διὰ
1507 2241 1607 2308 τῆς
1645 2239 1744 2292 θα·
1781 2201 1821 2255 Β

165 2309 377 2382 λάσσης
419 2314 488 2367 τά
530 2315 816 2386 τμήματα,
848 2320 970 2372 κατ’
1015 2319 1170 2376 ούδὲν
1210 2324 1510 2382 ἀπεοικότα
1539 2329 1748 2398 βουνῶν

169 2404 452 2471 μεγάλων,
498 2405 532 2474 ἦ
586 2409 767 2479 νήσων
825 2411 1218 2482 πολυπλεθρων
1269 2421 1476 2474 τινῶνο
1515 2416 1597 2486 οἷς
1653 2425 1750 2478 καὶ

167 2493 287 2586 ςῶα
327 2497 498 2567 ἀγριά
543 2516 602 2552 τε
638 2503 734 2554 καὶ
765 2506 1029 2577 χειροήθη
1083 2514 1551 2583 συνεπεπήγεσαν
1581 2516 1747 2586 πεδη-

166 2583 336 2638 θέντα
366 2587 442 2657 τῷ
470 2591 814 2658 κρυστάλλῳ,
843 2595 938 2647 καὶ
969 2596 1352 2668 ἀποψύξαντα.
1383 2603 1605 2658 Τούτων
1639 2583 1749 2659 τιῖιν

165 2677 530 2747 κρυστάλλων
581 2681 690 2750 (60)
736 2684 860 2739 τινὰ
894 2690 1006 2752 τοῖς
1053 2692 1345 2760 παραλίοις
1389 2696 1599 2766 τείχεσι
1647 2697 1748 2766 τῆς

166 2769 384 2834 πόλεως
413 2775 475 2843 τῇ
506 2773 594 2845 βίᾳ
624 2775 733 2828 τῶν
761 2778 980 2848 ἀνέμων
1009 2783 1133 2834 καθ’
1158 2785 1367 2840 ὑδάτων
1403 2789 1545 2858 μετά
1568 2790 1751 2860 ῥύμης

169 2863 420 2934 σφοδρᾶς
451 2867 849 2939 κυλινδούμενα
895 2871 974 2936 ὡς
1015 2877 1420 2947 προσήραττον,
1445 2881 1752 2936 κατέϐα).ον

176 2953 346 3016 εὐθὺς
387 2956 455 3009 τὰ
499 2963 1013 3032 προσαραττόμενα,
1046 2967 1142 3019 καὶ
1174 2969 1238 3021 ού
1281 2971 1349 3023 τὰ
1397 2972 1552 3042 τείχη
1589 2974 1751 3042 μόνον

168 3045 504 3114 ἡρείπωντο,
553 3050 692 3104 ἀλλὰ
747 3055 841 3108 καὶ
875 3056 1048 3112 οἰκίαι
1101 3059 1508 3130 πλησιάζουσαι
1534 3065 1752 3129 τούτοις

172 3143 656 3207 συγκατεσείοντο.
685 3149 797 3201 Καὶ
827 3149 1039 3220 αὐχμὸς
1086 3152 1133 3206 δ’
1181 3155 1274 3207 ἐπὶ
1321 3155 1534 3222 τούτοις
1581 3160 1754 3224 πολὺς

173 3230 404 3322 συνέϐη,
447 3231 523 3297 ὡς
581 3237 841 3304 καὶτοὺς
900 3242 1169 3308 ἀεννάους
1214 3249 1496 3322 ποταμοὺς
1552 3252 1754 3321 ξηραν-

171 3321 364 3391 οῆναι,
399 3328 494 3382 καὶ
541 3329 640 3393 τὰς
689 3334 872 3403 πηγάς
917 3336 1140 3401 τελείως
1173 3340 1474 3398 ἐπιλιπεῖν.
1507 3345 1678 3400 Οὐδὲν
1705 3347 1754 3400 δ’

170 3419 242 3513 ἐκ
300 3419 510 3476 τούτων
574 3425 874 3496 ὲϐελτιὼθη
933 3430 966 3499 ή
1025 3431 1290 3496 ἀσύνετος
1318 3435 1528 3491 ἐκείνου
1582 3439 1751 3513 ψυχὴ,

1835 929 1974 986 adeo
2015 943 2076 988 ut
2103 951 2210 991 non
2245 937 2396 993 lluvii
2427 948 2660 1006 tantum,
2693 942 2788 997 sed
2821 950 2876 998 et
2899 957 3047 997 mare
3081 941 3414 1012 septentrio-

1837 1025 1960 1080 nale
2002 1025 2069 1080 ad
2111 1030 2395 1099 complura
2439 1032 2613 1087 stadia
2653 1033 2950 1105 frigoribus
2989 1033 3415 1103 conglaciarent,

1838 1129 2132 1191 angustum
2159 1123 2288 1178 item
2311 1124 2538 1190 fretum,
2561 1135 2617 1182 et
2642 1142 2752 1197 quo
2777 1142 2844 1183 ex
2870 1128 3007 1183 urbe
3035 1125 3418 1198 Chrysopolim

1840 1213 2131 1283 trajicitur.
2166 1215 2413 1286 Cumque
2437 1217 2530 1271 nix
2559 1219 2612 1272 in
2642 1218 2870 1287 glaciem
2903 1217 3214 1278 cecidisset.
3246 1233 3422 1287 eaque

1839 1306 1962 1375 gelu
2005 1306 2228 1362 densata
2265 1317 2321 1364 et
2363 1308 2419 1363 in
2465 1310 2696 1380 glaciem
2743 1311 2858 1382 ipsa
2893 1327 3116 1382 quoque
3156 1325 3420 1366 conversa

1837 1403 2007 1458 esset,
2044 1395 2297 1452 homines
2333 1397 2535 1453 fretum
2568 1399 2806 1470 pedibus
2832 1400 3212 1472 Chrysopolim
3248 1413 3422 1470 usque

1842 1484 2180 1550 transibant,
2230 1496 2287 1542 et
2323 1489 2556 1544 sarcinis
2593 1498 2794 1544 onusta
2839 1490 3113 1560 iumenta,
3158 1496 3224 1543 et-
3252 1488 3435 1543 boves

1841 1579 2085 1649 plaustra
2115 1580 2295 1651 magni
2328 1581 2587 1651 ponderis
2614 1583 2917 1638 trahentes.
2942 1582 3094 1638 Idem
3123 1591 3254 1636 tunc
3277 1591 3334 1636 et
3366 1580 3422 1635 in

1841 1671 1964 1726 aliis
1991 1671 2237 1728 maribus
2264 1672 2532 1728 accidisse
2563 1672 2764 1728 fertur.
2798 1673 2948 1736 Post,
2971 1687 3098 1727 aere
3129 1671 3420 1741 tepefacto.

1841 1765 2102 1820 continua
2147 1765 2348 1836 glacies
2393 1764 2663 1821 dissoluta
2700 1773 2758 1821 ct
2798 1763 2851 1819 in
2891 1764 3162 1834 fragmina
3199 1763 3423 1819 redacta

1840 1865 1958 1921 est,
2008 1873 2130 1928 quas
2176 1857 2327 1912 venti
2369 1857 2714 1912 vehementis
2760 1856 2967 1927 impetu
3011 1855 3285 1910 violenter
3328 1868 3436 1923 per-

1843 1962 1992 2002 mare
2022 1947 2390 2018 agitabantur,
2426 1947 2586 2017 110
2614 1946 2848 2001 collibus
2868 1954 2924 2002 et
2945 1945 3202 2015 spatiosis
3231 1943 3428 1998 insulis

1844 2059 1952 2098 non
2005 2043 2332 2099 dissimilia.
2401 2043 2496 2099 llis
2549 2043 2860 2098 animantes
2912 2043 3132 2096 inerant
3183 2039 3313 2096 ferae
3369 2048 3428 2095 et

1848 2135 2062 2192 cicures
2103 2137 2428 2191 exanimatae
2475 2136 2822 2206 astrictaeque
2862 2135 3053 2206 glacie.
3080 2133 3284 2188 Eorum
3317 2131 3427 2192 irae

1850 2228 2093 2298 gminum
2140 2228 2387 2298 quaedam
2430 2229 2484 2283 vi
2532 2237 2824 2283 ventorum
2866 2227 2969 2282 sub
3018 2226 3176 2297 aquis
3215 2225 3422 2296 impetu

1851 2320 2190 2376 vehementis
2233 2321 2461 2376 marinis
2500 2321 2740 2390 impacta
2787 2301 3105 2382 manibus,
3153 2331 3262 2370 non
3309 2317 3425 2385 ipsa

1831 2423 2100 2479 -tantum,
2146 2412 2241 2470 sed
2285 2422 2340 2470 et
2384 2413 2595 2470 vicinas
2634 2411 2780 2469 aedes
2820 2417 3258 2482 prostraverunt.
3302 2408 3453 2474 Haec,

1849 2515 2017 2561 aestus
2045 2506 2237 2577 ingens
2261 2512 2348 2561 est
2373 2513 2628 2572 secutus,
2681 2520 2795 2576 quo
2833 2514 2891 2560 Cl
2925 2517 3202 2574 perennes
3236 2514 3431 2554 amnes

1851 2597 2036 2653 siccati
2079 2607 2243 2664 sunt,
2283 2606 2341 2654 et
2378 2597 2556 2654 fontes
2589 2596 2811 2668 penitus
2844 2595 3188 2651 defecerunt.
3226 2593 3453 2648 Verum,

1851 2691 2106 2762 stapidus
2133 2691 2482 2762 imperatoris
2513 2691 2732 2746 animus
2759 2689 2846 2745 bis
2875 2689 3042 2744 rebus
3074 2686 3212 2742 nihil
3235 2699 3428 2741 emen-

1853 2784 2015 2840 datus
2049 2793 2161 2847 cst,
2202 2783 2300 2840 sed
2346 2784 2715 2854 patriarcham
2752 2797 2914 2837 suum
2950 2793 3151 2834 arcano
3185 2777 3432 2832 interro-

1855 2879 2043 2949 gavit:
2081 2876 2143 2933 Si
2176 2876 2353 2931 Maria
2386 2877 2717 2946 Christipara
2749 2882 3064 2938 vocaretur,
3105 2869 3342 2940 nunquid
3377 2870 3460 2923 inv

1854 2987 1913 3024 eo
1941 2979 2076 3026 esset
2105 2969 2462 3024 incommodi?
2488 2967 2630 3022 Tum
2657 2968 2747 3022 ille
2775 2964 2841 3020 ad
2874 2978 3066 3036 preces
3096 2974 3432 3017 conversus:

1851 3062 1962 3127 Ne,
1997 3063 2203 3133 inquit,
2235 3061 2406 3125 alias,
2439 3076 2604 3130 neque
2638 3059 2782 3130 apud
2809 3055 2943 3112 alios
2974 3057 3265 3125 imperator
3293 3051 3465 3113 istud;

1854 3157 2156 3229 protuleris.
2183 3156 2278 3212 Est
2305 3155 2445 3209 enim
2469 3154 2700 3209 Nestorii
2731 3151 3016 3206 sententia.
3047 3149 3183 3204 Num
3216 3149 3436 3218 ignoras

1853 3261 1912 3306 ut
1941 3250 2031 3305 ille
2060 3250 2124 3304 ab
2161 3248 2306 3304 omni
2345 3247 2579 3318 ﬁdelium
2615 3244 2847 3300 Ecclesia
2888 3244 2955 3297 sit
2991 3241 3346 3313 proscriptus,
3387 3245 3462 3292 et.

1855 3347 2194 3398 anathemate
2237 3342 2493 3397 notatus?
2525 3338 2607 3395 Ad
2650 3340 2754 3393 hoc
2785 3337 2900 3399 ille,
2934 3353 3012 3397 se,
3049 3351 3154 3390 non
3186 3333 3324 3406 quod
3359 3332 3437 3386 ita

1855 3437 2102 3499 sentiret,
2143 3435 2236 3489 sed
2276 3431 2622 3504 cognoscendi
2670 3446 2832 3486 causa
2879 3428 3020 3483 illud
3052 3429 3435 3497 interrogasse.

173 3511 314 3604 ἀλλά
340 3513 432 3565 τὸν
461 3519 815 3590 πατριάρχην
853 3523 1022 3576 αὑτοῦ
1067 3525 1610 3598 προσκαλεσάμενος,
1643 3511 1747 3604 ἔφη

1857 3529 1924 3583 Et
1946 3543 2014 3583 eo
2039 3526 2337 3596 impietatis
2361 3536 2447 3581 est
2470 3538 2816 3595 progressus,
2843 3531 2905 3576 ut
2929 3521 3093 3575 etiam
3117 3527 3466 3580 sanctorum.

174 3603 239 3657 ἐν
286 3605 622 3678 ἀπορρήτοις
671 3613 841 3683 αὐτῷ.
879 3615 1026 3670 Εἰπέ
1075 3634 1195 3680 μοι,
1237 3618 1288 3670 εί
1349 3603 1755 3688 Χριστοτόκονο

176 3698 298 3763 τὴν
345 3702 582 3768 Μαρίαν
629 3707 956 3776 καλοῦμεν,
1011 3710 1103 3776 τίς
1150 3711 1220 3766 ἐκ
1281 3714 1497 3768 τούτου
1555 3717 1758 3772 ἔσεται

172 3792 423 3859 βλάϐης
465 3797 522 3850 ’0
549 3798 604 3851 δὲ
636 3801 834 3856 αὐτίκα
864 3805 944 3866 είς
985 3805 1222 3862 ἱκετείαν
1249 3811 1346 3879 ἐτρ
1361 3814 1521 3865 ἁπετο
1552 3813 1759 3878 λέγων’

177 3889 280 3956 Μὴ
312 3890 490 3945 τοῦτο
517 3892 738 3948 ἄλλοτε
765 3894 802 3964 ἢ
833 3897 983 3964 πρὸς
1010 3898 1208 3952 ἄλλον
1233 3901 1525 3972 ἐκφήνῃς,
1565 3898 1609 3958 ὦ
1642 3907 1756 3967 ,βα-

177 3981 384 4048 στιλεῦ,
415 3983 521 4036 τοῦ
556 3986 887 4054 Νεστορίου
933 3988 1046 4057 γάρ
1078 3989 1209 4043 ἐστι
1252 3991 1317 4045 τὸ
1350 3993 1636 4063 ἐννόημα.
1677 3998 1760 4052 “II

178 4075 299 4128 οὐκ
358 4071 524 4140 οἶδας
583 4077 740 4144 ὅπως
797 4078 1031 4145 ἐκεῖνος
1076 4081 1237 4149 παρὰ
1291 4083 1497 4152 πάσης
1549 4093 1763 4155 στηλι-

177 4169 417 4221 τεύεται
502 4169 869 4237 Ἐκκλησίας
935 4173 1188 4236 πιστῶν,
1261 4176 1361 4232 καί
1435 4179 1759 4249 ἀναθέιιατι

180 4259 647 4328 κατακέκριται;
689 4263 748 4316 Ὀ
775 4263 830 4316 δὲ
866 4267 1249 4338 ἀνταπεκρίθη
1301 4269 1452 4338 αὐτῷ
1501 4272 1582 4324 ὅτι
1637 4275 1759 4340 Οὐχ

178 4353 267 4418 ὡς
293 4353 411 4422 ἐγὼ
439 4354 592 4408 οὕτω
625 4356 868 4424 φρονῶν
919 4358 1092 4412 εἶπον
1123 4359 1320 4424 τοῦτο,
1363 4361 1526 4417 ἀλλὰ
1552 4365 1765 4432 μαθεῖν

182 4443 417 4499 ἐθέλων
449 4446 748 4515 ἠρώτησα.
788 4450 876 4513 Ἐς
916 4449 1169 4503 τοσοῦτον
1213 4451 1258 4504 δ’
1320 4453 1586 4525 ἐξηνέχθη
1642 4457 1762 4512 θεο-

189 4539 402 4610 μαχίας
428 4541 503 4605 ὡς
545 4544 638 4595 καὶ
677 4545 744 4597 τά
783 4544 890 4598 τῶν
923 4545 1097 4611 ἁγίων
1145 4543 1374 4614 λείψανα
1409 4547 1766 4616 παραδιδόναι

189 4633 352 4704 πυρὶ,
382 4635 478 4688 καὶ
503 4638 563 4689 τὸ
592 4636 762 4706 ἅγιος
800 4638 1056 4692 κελεῦσαι
1088 4640 1226 4709 μήτε
1251 4641 1343 4692 ἐπὶ
1367 4641 1467 4709 τῆς
1497 4638 1774 4700 Θεοτόκου,

187 4728 473 4795 λέγεσθαι,
510 4732 650 4801 μήτε
693 4732 799 4802 μὴν
839 4733 932 4786 ἐπί
960 4751 1106 4796 τινος
1137 4733 1246 4786 τῶν
1274 4729 1765 4800 εὐαρεστησάντων
1791 4770 1796 4788 ς

188 4819 338 4890 Θεῷ,
368 4821 482 4874 ἀλλ’
517 4825 545 4875 ὁ
581 4825 880 4888 ἀπόστολος
922 4826 1130 4893 Πέτρος
1167 4825 1264 4878 καὶ
1305 4823 1518 4885 Παῦλος
1559 4821 1763 4889 λέγειν,

191 4913 295 4965 καὶ
327 4915 543 4985 μάρτυρ
586 4915 883 4984 Γεώργιος,
931 4917 964 4988 ἢ
1019 4917 1320 4985 θεόδωρος,
1365 4916 1458 4968 καὶ
1511 4915 1602 4968 ἐπὶ
1661 4915 1770 4968 τῶν

189 5009 403 5061 λοιπῶν
453 5008 674 5077 ὁμοίως.
724 5009 836 5076 Τῆς
887 5010 942 5063 δὲ
993 5009 1103 5062 τῶν
1163 5009 1405 5079 ἀνιέρων
1459 5008 1770 5078 ἀρχιερέων

1861 3620 2126 3691 reliquias
2169 3619 2277 3690 igni
2326 3617 2597 3680 traderet,
2642 3623 2698 3671 et
2738 3613 2912 3668 sancti
2961 3611 3213 3671 titulum,
3255 3623 3438 3679 neque

1863 3715 2128 3786 Deiparaa,
2153 3727 2334 3783 neque
2363 3708 2462 3765 ulli
2487 3723 2677 3763 eorum
2705 3706 2798 3778 qui
2825 3706 2938 3760 Deo
2966 3703 3242 3773 placuere,
3271 3701 3448 3756 tribui

1862 3807 2104 3879 iuberet,
2128 3805 2221 3860 sed
2253 3802 2362 3859 dicl
2390 3801 2571 3866 vellet,
2601 3798 2882 3869 apostolus
2909 3797 3107 3853 Petrus
3130 3804 3187 3849 et
3211 3793 3466 3859 Paulus,_

1867 3907 2074 3971 martyr
2111 3895 2436 3952 Theodorus
2465 3902 2522 3948 et
2563 3889 2878 3962 Gregorius,
2911 3899 2968 3944 et
2999 3888 3080 3951 sic
3115 3887 3168 3941 in
3202 3885 3437 3941 caneris.

1865 3990 2002 4046 Cum
2038 3997 2218 4044 autem
2253 3985 2545 4057 impiorum
2580 3983 2966 4054 episcoporum
3011 3988 3336 4039 conventus,
3371 3971 3441 4030 de

1867 4099 1979 4154 quo
2001 4083 2110 4153 jam
2137 4097 2164 4135 a
2191 4094 2277 4134 me
2300 4077 2509 4133 dictum
2531 4084 2636 4138 est,
2662 4073 2829 4144 impia
2855 4087 2952 4127 sua
2978 4070 3200 4126 decreta
3231 4067 3440 4137 scripto

1869 4173 2188 4245 complexus
2225 4177 2390 4235 esset,
2436 4167 2491 4223 id
2529 4166 2796 4236 scriptum
2839 4163 3071 4218 Tomum
3101 4159 3438 4229 Synodicum

1870 4267 2036 4322 homo
2061 4264 2263 4333 impius
2287 4257 2546 4333 appellari
2571 4257 2764 4322 voluit,
2792 4263 2960 4326 utque
2982 4255 3032 4310 ei
3061 4252 3442 4308 subscribere-

1873 4370 1963 4416 tur
1993 4361 2062 4414 ab
2096 4357 2352 4414 omnibus
2387 4352 2766 4426 pontiﬁcibus,
2802 4361 2859 4405 et
2891 4349 3094 4404 virtute
3133 4345 3468 4414 illustribus

1874 4450 2160 4510 monachis
2203 4446 2522 4519 postulavit.
2578 4443 2731 4510 Quos
2776 4439 3080 4497 monachos
3119 4437 3224 4493 etsi
3275 4437 3446 4490 vehe-

1877 4543 2214 4599 mentissime
2249 4547 2570 4610 persecutus
2594 4535 2805 4599 fuerat,
2840 4533 2980 4590 adeo
3014 4541 3073 4585 ut
3099 4530 3212 4586 fere
3237 4528 3443 4594 nullus,

1876 4634 1970 4703 qui
2018 4631 2238 4702 quidem
2284 4629 2532 4699 prodiret
2576 4628 2631 4682 in
2681 4625 2985 4697 publicum,
3029 4623 3083 4677 in
3123 4620 3262 4676 urbe
3300 4629 3447 4675 esset

1877 4725 2125 4793 reliquus
2158 4738 2172 4776 :
2225 4729 2404 4776 tamen
2453 4719 2643 4789 plures
2672 4716 2854 4772 adhuc
2884 4713 3230 4776 habitabant,
3263 4718 3322 4767 et
3349 4711 3450 4766 alii

1877 4822 2030 4868 extra
2066 4810 2258 4865 urbem
2297 4809 2463 4864 vitam
2497 4806 2751 4878 agebant.
2783 4805 2884 4872 Qui
2918 4803 3085 4875 igitur
3119 4800 3446 4858 immanitati

1876 4905 1996 4975 ejus
2044 4912 2188 4958 metu
2234 4901 2536 4966 cedebant,
2581 4907 2637 4955 et
2676 4899 2898 4969 impiam
2931 4897 3080 4954 illam
3114 4896 3478 4967 scripturam

1874 4994 2296 5058 conﬁrmabant,
2340 4992 2524 5048 vivere
2565 4993 2704 5047 citra
2743 4989 3314 5051 noxaunsinebautur.
3344 4987 3449 5054 Qui

195 5100 554 5168 συναγωγῆς,
613 5101 746 5171 περὶ
796 5095 866 5173 ἦς
912 5101 1014 5172 ήδη
1051 5118 1150 5170 μοι
1191 5101 1434 5170 εἴρηται,
1483 5101 1668 5168 γραφῇ
1707 5116 1752 5152 τ;

1878 5087 2317 5160 refragabantur,
2349 5085 2565 5141 acerbis
2602 5083 2876 5138 mortibus
2905 5090 2963 5139 et
3004 5081 3286 5137 atrocibus
3314 5093 3450 5148 sup-

196 5193 338 5262 παρ’
398 5193 579 5245 αὐτῶν
633 5193 845 5256 ἀσεϐῶς
900 5193 1337 5264 δογματισοέντα
1397 5191 1774 5261 παραδόντων,

197 5285 387 5352 Τόμον
447 5284 736 5339 Συνοδικδν
799 5284 938 5338 αύτά
985 5284 1226 5347 καλέσας
1282 5286 1309 5336 ὁ
1368 5283 1774 5345 ἀσεϐέστατος,

1878 5179 2058 5251 pliciis
2082 5179 2191 5232 vita
2215 5177 2592 5248 privabantur.
2623 5171 2742 5241 Quo
2769 5183 3013 5243 tempore
3040 5185 3270 5242 magnus
3299 5182 3451 5222 asce-

1880 5285 1962 5328 tes
2006 5283 2063 5327 et
2107 5270 2312 5325 athleta
2360 5267 2595 5324 celebris
2640 5267 2990 5336 Stephanus,
3038 5263 3362 5332 acceptione
3395 5269 3453 5316 et

199 5374 410 5444 ἀπῄτει
457 5374 738 5446 ἀρχιερεῖς
781 5392 842 5435 τε
881 5374 1092 5437 πάντας
1145 5375 1237 5427 καὶ
1287 5374 1393 5426 τῶν
1433 5371 1750 5442 μοναζόντω

1878 5363 2283 5434 subscriptione
2313 5362 2443 5418 tomi
2479 5361 2626 5416 illius
2657 5367 2936 5423 recusata,
2968 5367 3092 5427 post
3125 5354 3295 5409 multa
3333 5362 3452 5407 tor-

197 5468 335 5531 τοὺς
370 5468 732 5538 περιϐοήτους
760 5468 847 5522 ἐπ’
873 5470 1069 5540 ἀρετῇ,
1087 5467 1262 5520 ταῦτα
1292 5464 1776 5534 ύποσημήνασθαι.

1883 5468 2065 5516 menta
2105 5457 2407 5513 crudeliter
2433 5458 2650 5512 occisus
2675 5463 2782 5520 est,
2817 5463 2871 5508 et
2898 5467 2928 5507 e
2962 5448 3200 5522 praatnrii
3227 5461 3453 5502 carcere

203 5561 273 5616 El
309 5561 420 5629 γὰρ
455 5561 548 5614 καὶ
586 5537 826 5632 διωγμὸν
857 5537 997 5614 κατά
1021 5537 1148 5612 ἡτῶν
1185 5556 1437 5629 μοναχῶν
1471 5555 1749 5626 βιρύτατο

1884 5557 2200 5621 protractus
2225 5563 2400 5620 usque
2429 5547 2510 5610 ad.
2533 5545 2846 5617 Pelagium,
2888 5543 3001 5599 illic
3037 5555 3162 5598 cum
3194 5537 3454 5596 eandem.-

1381 5692 1580 5756 Varize
1644 5689 1949 5755 lectiones
1993 5697 2062 5754 et.
2101 5691 2288 5753 notas.

287 5829 403 5900 (60)
436 5826 559 5890 ’τῶν
588 5825 1007 5898 κρυστάλλων.
1038 5825 1134 5880 ills.
1169 5824 1290 5878 Τῶν
1321 5820 1644 5901 τμημάτων.
