4010 6548
263 408 400 479 1353
1185 427 1189 430 ’
1486 422 1846 484 ΑΝΝΑΙᾸΙΙΙ

1971 423 2089 487 .lB.
2115 425 2236 486 xv.
2276 468 2283 473 π
3371 437 3554 525 ιειδι,

253 529 541 600 ἐφείσαντο
568 529 661 582 τοῦ
693 530 909 602 ἀνδρὸς,
937 535 1031 587 καὶ
1062 534 1169 599 ἔξω
1192 537 1301 600 τοῖς
1329 536 1635 611 ὀφθαλμοῖς
1660 541 1828 597 αυτοῦ

1934 542 2059 598 nica
2106 552 2280 613 stirpe
2314 541 2533 598 oriundi
2584 543 2794 600 ltaliam
2845 548 3295 617 invaserunt..ut
3344 568 3510 625 supra

249 610 618 691 ἐλυμήναντο,
669 620 775 699 τοῦ
811 619 868 674 δὲ
919 623 1102 691 φωτὸς
1147 625 1314 680 αὑτὸν
1364 627 1464 682 οὐκ
1501 610 1826 701 ἐστέρησαν.

1968 646 2021 691 ει
2073 610 2422 706 expositum,
2485 634 2821 711 fueruntque
2871 641 3242 700 Romanorum
3298 645 3548 719 bostesn

257 711 358 774 ’ος
417 710 718 780 μετέπειτα
769 712 847 782 τῷ
898 712 1007 766 τῶν
1056 715 1328 786 Φράγγων
1355 719 1498 806 ῥηγὶΔ
1532 721 1828 792 προσρυεὶς

1933 725 2041 782 Sed
2105 726 2209 781 sub
2267 725 2452 785 Leone
2525 710 2748 799 Isauro,
2802 737 3082 811 [temporis
3162 736 3309 794 illius
3367 755 3508 811 papa

247 799 537 870 Καρούλῳ,
575 799 711 871 παρ’
751 800 964 854 ἐκείνου
991 803 1074 867 είς
1103 805 1197 859 τὸν
1226 805 1333 875 τῆς
1376 802 1596 877 Ῥώμης
1618 807 1830 860 ἀποκα-

1932 816 2255 888 Gregorius,
2296 817 2369 875 ob
2414 833 2734 891 perrersam
2783 804 3103 896 opinionem
3157 829 3227 884 ab
3278 828 3374 887 illo
3403 832 3510 887 lm-

241 890 409 965 τέστη
448 891 665 963 θρόνον,
699 896 793 948 καὶ
819 896 946 959 τοὺς
969 895 1201 967 ἐχθροὺς
1233 898 1610 969 ἀντημύνατο,
1638 898 1824 965 ἐξότου

1931 919 2188 978 perature
2234 890 2427 971 impio
2456 913 2679 981 defecit,
2727 890 2893 988 eique
2947 918 3213 977 tributum
3263 924 3506 994 pendere

242 989 338 1064 καὶ
392 986 428 1056 ή
502 984 687 1060 Ῥώμη
747 987 854 1043 ὑπὸ
902 988 1030 1053 τοὺς
1083 989 1373 1060 Φράγγους
1426 990 1674 1060 ἐγένετο,
1729 991 1825 1044 τοῦ

1930 1002 2239 1063 recusarit.
2292 1020 2471 1077 neque
2519 1007 2624 1062 sibi
2671 1008 2969 1080 quidquam
3024 1028 3145 1068 esse
3198 1016 3278 1071 rei
3334 1016 3508 1073 voluit

242 1077 531 1148 Καροιὲλου
560 1079 948 1144 ταινιωθέντος
983 1086 1134 1155 παρά
1163 1081 1261 1135 τοῦ
1292 1084 1547 1149 Λέοντος,
1596 1084 1689 1139 καὶ
1728 1083 1825 1155 βαι

1928 1103 2053 1143 cum
2095 1090 2281 1161 impiis
2332 1094 2595 1152 Ecclesia:
2637 1077 3262 1175 constantinopolitauze
3300 1108 3506 1177 guber-

241 1170 437 1235 σιλέως
485 1171 782 1243 Ῥωμαίων
825 1174 1245 1243 ὀνομασθέντος.
1295 1175 1417 1228 Ἐπὶ
1447 1177 1547 1247 μὲν
1582 1177 1690 1247 γὰρ
1727 1175 1823 1229 τοῦ

1966 1183 2247 1247 atoribus,
2280 1187 2611 1259 omissisque
2651 1189 2832 1258 hellis,
2868 1209 3060 1263 pacem
3111 1212 3237 1253 cum
3275 1199 3502 1256 Francis
3540 1196 3544 1203 ’

237 1265 512 1339 προτέρου
543 1265 929 1323 Ἰουστινιανοῦ
958 1272 1024 1340 τῇ
1062 1268 1271 1342 Ἰταλίᾳ
1309 1270 1547 1341 ἐπῆλθον
1570 1271 1620 1323 oi
1644 1272 1820 1341 Φράγ-

1929 1272 2079 1330 fecit.
2122 1276 2237 1332 Sub
2269 1276 2633 1336 Constantino
2665 1298 2832 1353 porro
2861 1295 2916 1341 et
2966 1285 3145 1350 lrcne.
3194 1304 3335 1360 papa
3393 1291 3504 1346 Leo

234 1371 346 1423 γοι,
393 1359 460 1409 ἐκ
509 1356 698 1426 γένους
743 1358 897 1424 ϐντες
937 1359 1046 1414 τῶν
1080 1361 1406 1432 Γερμανῶν,
1453 1362 1528 1425 ὡς
1575 1362 1688 1417 ἄνω
1717 1379 1817 1415 που

1961 1381 2024 1421 os
2049 1368 2215 1424 etiam
2248 1369 2479 1427 Romam
2519 1372 2743 1429 admisit
2773 1392 2789 1430 :
2826 1377 2906 1433 sic
2933 1388 2990 1434 et
3040 1380 3192 1436 Italia
3244 1383 3499 1439 universa
3542 1394 3544 1403 ’

236 1448 484 1521 εἴρηται,
506 1453 601 1503 καὶ
634 1444 775 1520 ἦσαν
801 1453 914 1515 τοῖς
953 1451 1252 1524 Ῥωμαίοις
1288 1440 1565 1525 πολέμιοι.
1608 1453 1733 1509 Ἐπὶ
1762 1454 1819 1508 δὲ

1924 1465 1981 1512 et
2030 1458 2146 1530 ipsa
2196 1461 2369 1518 Roma
2414 1475 2546 1521 sunt
2585 1468 2773 1537 potiti.
2805 1468 2965 1527 [rene
3000 1474 3401 1541 monarchiam,
3439 1487 3502 1533 ut

228 1542 467 1605 Λέοντος
488 1541 580 1595 τοῦ
594 1540 845 1619 Ἱσαύρου
860 1546 890 1598 ὁ
910 1544 1030 1599 τότε
1053 1545 1243 1610 πάπας
1272 1546 1593 1618 Γρηγόριος,
1615 1546 1706 1601 διὰ
1719 1546 1811 1620 τὴν

1922 1550 2130 1607 dictum
2174 1564 2280 1615 est.
2337 1556 2556 1628 adepta,
2602 1557 2804 1618 fratres
2858 1564 3039 1619 mariti
3093 1567 3215 1639 ejus
3275 1582 3500 1625 carcere

232 1635 454 1689 ἐκείνου
488 1637 813 1704 κακοδοξίαν
833 1640 1083 1706 ἀποστάς
1108 1639 1207 1719 τοῦ
1234 1641 1495 1696 ὑπείκειν
1524 1643 1721 1714 ἐκείνῳ
1738 1641 1815 1713 τῷ

1919 1642 2115 1709 elapsi,
2165 1646 2221 1700 in
2260 1645 2507 1720 Magnam
2543 1652 2831 1710 ecclesiam
2869 1635 3257 1729 confugerunt,
3307 1676 3337 1716 a
3370 1661 3496 1734 qui-

227 1727 424 1781 ἀσεϐεῖ
450 1727 692 1800 βασιλεῖ,
726 1730 823 1784 καὶ⁵
844 1731 1244 1805 δασμοφορεῖν,
1274 1733 1373 1788 καὶ
1410 1732 1505 1788 τοῦ
1536 1735 1810 1787 κοινωνεῖν

1920 1732 2154 1792 busdam
2193 1755 2461 1797 novarum
2494 1759 2681 1799 rerum
2734 1746 2999 1804 studiosis
3038 1727 3269 1807 incitati.
3304 1751 3499 1812 Aetius

227 1827 348 1890 τοῖς
387 1825 605 1892 ἀσεϐῶς
644 1828 962 1899 προεστῶσι
992 1827 1097 1900 τῆς
1141 1826 1478 1894 Ἐκκλησίας
1519 1825 1622 1897 τῆς
1656 1827 1810 1881 Κων-

1920 1826 2091 1899 igitur
2127 1833 2442 1900 eunuchus,
2473 1837 2569 1907 qui
2606 1839 2845 1895 multum
2898 1843 3044 1912 apud
3087 1842 3494 1916 imperatricem

228 1918 761 1987 σταντινουπόλεως,
801 1918 1096 1974 ἐσπείσατο
1114 1922 1231 1983 τοῖς
1250 1919 1527 1991 Φράγγοις
1551 1956 1569 1986 ,
1596 1919 1690 1974 καὶ
1717 1919 1811 1983 τὰς

1921 1921 2253 1979 auctoritate
2310 1925 2548 1994 valebat,
2618 1927 2725 1986 ﬁde
2786 1930 3134 2002 impunitatis
3187 1936 3335 2007 data,
3399 1954 3499 1998 eos

225 2012 370 2085 πρὸς
393 2011 638 2076 ἐκείνους
667 2012 850 2086 μάχας
894 2014 1222 2069 κατέλυσεν.
1269 2011 1402 2065 Ἐπὶ
1430 2011 1488 2065 δὲ
1517 2011 1808 2065 Κωνσταν-

1918 2014 2152 2071 ecclesia
2219 2015 2455 2076 eductos
2525 2020 2774 2078 Athenas
2857 2026 3143 2101 relegavit.
3207 2029 3290 2088 lbi
3364 2049 3495 2091 cum

221 2103 377 2156 τίνου
403 2106 501 2158 καὶ
524 2104 766 2176 Είρήνης
787 2105 818 2158 ὁ
848 2104 1037 2167 πάπας
1059 2102 1340 2197 Λέωνῖκαὶ
1370 2101 1804 2197 εῑςτὴνῬιῖιμηι

1917 2118 2166 2179 agerent,
2195 2109 2373 2167 ϐιοωοί
2399 2112 2626 2183 quidam
2657 2113 3032 2174 Sclavirarum
3062 2122 3311 2193 gentium
3338 2125 3498 2197 prin-

231 2197 440 2261 αὐτοὺς
482 2195 816 2263 εἰσεδέξατο,
857 2198 954 2252 καὶ
995 2195 1142 2252 οὕτω
1180 2193 1283 2267 τῆς
1349 2194 1587 2261 Ἰταλίας
1630 2195 1814 2265 πάσης

1913 2198 2096 2270 cipem
2135 2217 2473 2271 convenere,
2527 2216 2755 2263 orantes
2787 2215 2849 2264 ut
2887 2225 2984 2268 eos
3037 2212 3166 2271 inde
3209 2193 3496 2287 educeret,

220 2289 324 2342 καὶ
351 2288 453 2357 τῆς
500 2287 722 2362 Ῥώμης
748 2289 924 2359 αὐτῆς
958 2289 1319 2361 ἐκυρίευσαν.
1347 2290 1461 2360 Τῆς
1492 2290 1735 2361 Εἰρήνης
1756 2288 1803 2343 δὲ

1912 2302 1973 2347 et
2034 2309 2205 2350 unum
2258 2311 2328 2352 ex
2382 2297 2464 2353 eis
2520 2298 2915 2371 imperatorem
2983 2304 3373 2380 designatum,
3439 2313 3495 2371 in

222 2381 686 2451 μοναρχησάσης,
717 2381 794 2445 ὡς
819 2381 1107 2450 λέλεκται,
1145 2383 1196 2436 oi
1234 2382 1596 2455 ἀνδράδελφοι
1636 2380 1805 2453 αὐτῆς

1917 2383 2110 2441 urbem
2163 2388 2576 2460 imperatoriam
2622 2394 2936 2453 reduceret.
2969 2397 3102 2466 Quae
3142 2417 3232 2459 res
3260 2418 3387 2461 cum
3422 2408 3492 2463 ad

217 2472 617 2546 καθειργμένοι
654 2474 1039 2547 τυγχάνοντες,
1072 2475 1416 2549 ἠδυνήθησαν
1461 2478 1529 2548 τῇ
1576 2476 1800 2547 Μεγάλῃ

1915 2478 2324 2549 imperatriccm
2376 2482 2560 2541 delata
2617 2496 2786 2555 esset,
2846 2491 3109 2550 omnibus
3158 2499 3303 2554 eruti
3360 2514 3494 2559 sunt

216 2571 571 2637 προσφυγεῖν
628 2571 930 2643 ἐκκλησίᾳ,
993 2571 1147 2643 παρά
1212 2588 1394 2663 τινωνρ
1431 2570 1799 2663 νεωτεριστῶι

1912 2571 2080 2627 oculi.
2136 2573 2206 2629 At
2273 2573 2607 2634 Francorum
2689 2580 2799 2637 dux
2875 2582 3130 2653 Carolus,
3192 2587 3495 2663 imperator

214 2661 302 2723 εἰς
352 2659 515 2733 τοῦτο
561 2661 1010 2727 ἀναπεισθέντες.
1104 2663 1310 2726 Ἀἐτιος
1336 2657 1432 2717 οὖν
1472 2663 1502 2716 ὁ
1555 2662 1797 2732 εὐνοῦχος

1916 2664 2290 2722 Romanorum
2324 2683 2352 2722 a
2387 2684 2526 2741 papa
2553 2670 2761 2739 Leone,
2794 2683 2855 2729 ut
2885 2674 3097 2735 dictum
3149 2657 3493 2756 estiappel-

217 2751 373 2823 μέγα
411 2756 534 2808 τότε
565 2753 719 2826 παρὰ
742 2758 808 2828 τῇ
847 2755 1143 2828 βασιλίσσῃ
1166 2756 1496 2826 δυνάμενος,
1528 2753 1800 2822 ἀπελθὼν,

1909 2756 2076 2825 latus,
2133 2759 2322 2818 missis
2390 2762 2459 2818 ad
2510 2762 2726 2822 Irenem
2797 2766 2996 2843 legatis
3052 2774 3275 2847 nuptias
3335 2751 3492 2837 illius

215 2844 316 2895 καὶ
385 2844 599 2911 πίστεις
657 2845 845 2912 αὐτοῖς
914 2849 1219 2920 παρασχὼν
1278 2848 1353 2912 ὡς
1426 2847 1581 2903 οὐδὲν
1631 2847 1798 2903 δεινὸν

1909 2850 2127 2938 ambiit,
2158 2869 2284 2910 cum
2335 2871 2440 2912 nec
2481 2855 2574 2913 illa
2604 2858 2677 2914 ab
2703 2876 2771 2916 eo
2805 2864 3064 2938 coniugio
3113 2844 3491 2930 abhorreret:

213 2936 529 3005 πείσονται,
574 2935 845 3009 ἐξήνεγκε
898 2918 1010 3011 τῆς
1071 2918 1367 3011 ἐκκλησίας
1433 2939 1654 3004 αὐτοὺς,
1708 2942 1796 2994 καὶ

1908 2918 2113 3014 resqu
2143 2945 2393 3003 confecta
2442 2958 2610 3017 esset,
2656 2951 2764 3009 nisi
2813 2956 3108 3015 eunuchus
3144 2962 3360 3031 Aetius,
3391 2981 3491 3037 po-

212 3028 300 3092 εῖς
323 3028 558 3100 Ἀθήνας
586 3030 923 3104 ἀπήχθησαν
952 3032 1261 3105 ὑπερόριοι.
1298 3033 1476 3087 Κάκεῖ
1504 3032 1795 3102 διαγόντων

1911 3037 2125 3094 testatis
2176 3042 2495 3113 particeps,
2558 3060 2781 3102 omnem
2836 3048 3112 3120 lapidem,
3179 3066 3240 3112 ut
3289 3028 3489 3125 aiunt,

214 3121 430 3188 αὐτῶν,
467 3124 614 3188 τινες
639 3124 753 3179 τῶν
782 3125 883 3196 τῆς
931 3124 1191 3191 Ἐλλάδος
1232 3125 1544 3198 προσῆλθον
1587 3126 1666 3198 τῷ
1703 3127 1797 3199 ἄρ-

1909 3127 2188 3195 movisset,
2220 3146 2290 3184 ne
2315 3130 2368 3185 id
2399 3134 2716 3206 conjugium
2748 3137 3131 3206 perficeretur.
3156 3141 3317 3210 Nam,
3359 3160 3487 3202 cum

212 3230 371 3285 χοντι
402 3215 517 3269 τῶν
551 3215 876 3273 Σθλαϐικῶν
923 3217 1121 3285 ἐθνῶν,
1168 3220 1420 3290 δεόμενοι
1455 3220 1623 3273 αὐτοῦ
1682 3218 1795 3286 ἐξα-

1908 3219 1961 3273 in
2006 3222 2153 3291 regia
2210 3225 2445 3279 multum
2500 3237 2703 3296 posset,
2759 3228 2982 3286 fratrem
3026 3247 3187 3289 suum
3246 3233 3487 3295 Leonem

210 3282 410 3376 γαγεῖν
460 3310 685 3379 αὐτοὺς,
725 3312 822 3368 καὶ
874 3311 973 3367 ἕνα
1029 3282 1495 3385 προχειρίσασθαι
1548 3282 1793 3385 βασιλέα,

1904 3282 2108 3369 ornare
2160 3312 2397 3385 imperio
2449 3317 2842 3386 meditabatur,
2882 3321 3038 3393 121
3069 3340 3233 3396 quem
3282 3327 3485 3400 insigni

210 3402 314 3454 καὶ
339 3403 574 3470 ἀγαγεῖν
605 3403 775 3459 αὐτὸν
821 3405 904 3466 εἰς
943 3404 1047 3477 τὴν
1102 3406 1353 3476 βασιλίδα
1398 3406 1508 3462 τῶν
1562 3405 1793 3464 πόλεων.

1902 3403 2091 3461 Studio
2124 3405 2192 3462 ad
2226 3418 2528 3478 praeturam
2565 3409 2815 3467 Thraciae
2844 3425 2900 3471 et
2942 3413 3277 3474 Macedonia
3305 3421 3484 3477 solum

210 3493 574 3565 Μηνυθέντος
610 3495 668 3549 δὲ
697 3496 895 3551 τούτου
922 3500 991 3569 τῇ
1029 3498 1288 3569 βασιλίδι,
1325 3500 1627 3571 προστάξει
1655 3502 1793 3556 ἐκεί·

1903 3508 2179 3563 evexerat,
2209 3516 2335 3556 cum
2376 3501 2493 3572 ipse
2523 3502 2829 3572 provinciis
2865 3503 3071 3578 Opsieii
3118 3511 3486 3569 orientalibus

211 3604 314 3658 νης
346 3588 836 3660 ἀπετυςρλώθησαν
871 3590 1137 3659 ἅπαντες.
1198 3592 1256 3646 ὐ
1294 3594 1351 3646 δὲ
1389 3594 1498 3648 τῶν
1528 3594 1794 3664 Φράγγων

1902 3601 2185 3660 ριἀιεεεει.
2216 3591 2373 3647 Unde
2412 3595 2591 3651 elatus
2622 3596 2770 3653 viros
2799 3597 3097 3656 honoratos
3120 3601 3482 3674 despiciebat.

213 3680 461 3749 ἀρχηγὸς
520 3679 806 3751 Καροῦλος
866 3681 1126 3753 βασιλεὺς
1180 3683 1468 3753 Ῥωμαίων
1518 3685 1673 3758 παρὰ
1701 3687 1795 3739 τοῦ

1901 3692 1957 3737 et
1986 3694 2315 3756 arroganter
2361 3689 2653 3744 tractabat.
2707 3691 2864 3758 Quod
2900 3692 2979 3748 illi
3023 3710 3168 3767 tcgre
3216 3697 3484 3765 ferentes.

210 3773 376 3824 πάπα
408 3770 663 3838 Λέοντος,
698 3771 773 3836 ὼς
806 3773 1049 3845 εἴρηται,
1072 3774 1499 3845 ἀναγορευθεὶς,
1532 3776 1793 3847 πρέσϐεις

1902 3777 2193 3832 consilium
2243 3790 2435 3836 contra
2492 3781 2901 3852 imperatricem
2958 3785 3225 3854 inierunt,
3265 3793 3485 3851 adhibi-

207 3863 430 3934 ἔπεμψε
458 3862 594 3935 πρὸς
620 3864 720 3936 τὴν
751 3865 1011 3937 Εἰρήνην,
1045 3867 1228 3937 ζητῶν
1258 3866 1626 3941 συζευχθῆναι
1657 3871 1790 3940 αὐτῇ

1903 3877 2067 3938 toque
2100 3868 2335 3938 patricio
2378 3871 2713 3943 Nicephoro,
2751 3877 2993 3945 generali
3030 3877 3331 3953 logotheta,
3356 3900 3485 3956 pro-

208 3958 360 4010 κατά
409 3956 722 4028 συμϐίωσιν
766 3959 1042 4031 γαμικὴν.
1095 3960 1205 4013 Καὶ
1256 3960 1368 4014 οὐδ’
1406 3962 1589 4033 ἐκείνῃ
1639 3962 1791 4015 τοῦτο

1903 3958 2069 4015 funda
2103 3970 2263 4017 nocte
2289 3961 2342 4016 in
2366 3961 2625 4020 Chalccm
2658 3959 2952 4038 venerunt,
2997 3970 3152 4028 lrene
3180 3987 3483 4047 aegrotante

209 4053 523 4124 ἀϐούλητον
552 4054 723 4122 ἔδοξε,
753 4057 849 4109 καὶ
882 4056 1110 4126 γέγονεν
1144 4055 1210 4110 ἂν
1231 4098 1246 4123 ,
1286 4058 1336 4109 εί
1372 4055 1449 4128 μὴ
1479 4058 1507 4112 ὁ
1535 4057 1792 4129 ἐκτομίας

1900 4062 1954 4107 et
1981 4053 2033 4108 in
2071 4052 2285 4109 aedibus
2341 4056 2460 4111 suis
2503 4056 2917 4115 Eleutherianis
2968 4061 3383 4125 decumbente:
3418 4087 3483 4125 ac

166 4146 417 4211 ’Ἂέτιος
476 4148 1002 4219 παραδυναστεύων,
1050 4152 1233 4204 πᾶσαν
1276 4149 1497 4221 ἐκίνησε
1543 4149 1749 4221 μηχανῆ

1899 4146 2230 4205 satellitibus
2292 4147 2550 4205 dixerunt
2617 4166 2677 4207 se
2729 4153 2798 4209 ab
2854 4154 3206 4228 imperatrice
3272 4163 3474 4225 missos

204 4242 288 4303 είς
314 4239 373 4293 τὸ
405 4241 483 4311 μὴ
532 4241 970 4313 ἀποτελεσθῆναι
1013 4242 1112 4312 τὴν
1161 4243 1446 4312 συζυγίαν.
1480 4240 1657 4307 Οὗτος
1686 4248 1787 4318 γὰρ

1898 4253 2039 4304 esse,
2070 4247 2131 4303 ut
2158 4239 2533 4311 Nicephorum
2574 4243 2966 4316 imperatorem
2997 4249 3376 4324 designarent,
3422 4270 3481 4313 ut

209 4333 360 4402 μέγα
418 4332 718 4403 δυνάμενος
768 4336 827 4386 ὲν
884 4338 997 4400 τοῖς
1058 4334 1397 4406 βασιλείοις,
1450 4336 1540 4390 τὸν
1592 4338 1792 4390 οἰκεῖον

1898 4331 2165 4401 patricius
2212 4334 2406 4390 Aetius
2447 4350 2568 4390 eam
2599 4351 2798 4408 cogere
2851 4337 3133 4398 desineret
3159 4343 3226 4400 ad
3255 4342 3479 4404 fratrem

203 4424 482 4495 ὁμαίμονι
509 4425 717 4480 Λέοντα
745 4425 977 4490 ἀξιῶσαι
1002 4426 1099 4495 τῆς
1137 4426 1416 4497 βασιλείας
1442 4427 1530 4480 διὰ
1561 4426 1786 4498 μελέτης

1900 4439 2059 4480 suum
2086 4423 2475 4497 imperatorem
2498 4425 2932 4485 decernendum.
2968 4430 3048 4488 llli
3077 4432 3209 4490 viris
3234 4439 3483 4506 patriciis

209 4517 501 4588 πεποίητο,
526 4517 586 4582 ὃς
614 4519 679 4590 δὴ
711 4518 865 4573 Λέων
886 4519 974 4573 διὰ.
1006 4519 1242 4590 σπουδῆς
1266 4516 1360 4595 τοῦ
1392 4519 1599 4572 Ἀετίου
1633 4520 1791 4591 μόνος

1899 4517 1968 4572 ob
2001 4533 2193 4574 eorum
2246 4519 2569 4589 dignitatem
2620 4520 2726 4577 fide
2756 4522 2965 4591 habita.
3022 4525 3125 4597 ipsi
3171 4529 3339 4586 etiam
3372 4549 3482 4590 una

212 4608 384 4673 αὐτὸς
419 4611 729 4680 στρατηγὸς
768 4610 994 4682 Θρᾴκης
1031 4611 1125 4664 καὶ
1169 4610 1509 4673 Μακεδονίας
1554 4611 1785 4682 nco-J65}

1895 4624 2019 4663 cum
2081 4609 2188 4662 illis
2255 4609 2632 4681 Nicephorum
2703 4612 3092 4686 imperatorem
3145 4621 3477 4694 salutarunt,

206 4701 381 4774 ϐλητο
404 4716 420 4732 ·
448 4704 477 4756 6
504 4701 562 4755 δέ
592 4718 656 4770 γε
687 4700 897 4768 Ἀέτιος
917 4703 1030 4757 τῶν
1059 4702 1214 4774 ἑῴων
1245 4698 1382 4775 ἦρχε
1409 4701 1663 4774 θεμάτων
1694 4703 1787 4756 τοῦ

1897 4709 2063 4770 atque
2090 4700 2163 4754 ita
2198 4700 2253 4755 in
2291 4702 2499 4770 regiam
2557 4703 2635 4758 illi
2676 4705 3115 4765 admissi-sunt.
3161 4712 3371 4772 Deinde
3412 4735 3475 4774 ea

217 4794 474 4866 Ὄψικίου
528 4797 623 4852 καὶ
664 4795 778 4850 τῶν
824 4796 1210 4855 ’Δνατολικῶν.
1260 4797 1573 4853 Κάντεῡθεν
1618 4800 1788 4870 ὑπερ-

1899 4793 2015 4863 ipsa
2079 4802 2239 4849 nocte
2290 4795 2450 4850 turba
2492 4797 2809 4866 promiscua
2871 4798 3145 4877 collecta,
3179 4802 3475 4878 Nicepliori

203 4888 490 4960 φρονήσας
520 4890 627 4945 τῶν
666 4891 726 4945 ἐν
757 4889 903 4945 τέλει
932 4892 1307 4962 περιεφρόνει,
1337 4892 1431 4947 καὶ
1452 4891 1786 4959 diaconum;

1899 4884 2336 4957 designationem
2379 4902 2478 4958 per
2526 4897 2700 4943 totum
2754 4889 2935 4946 forum
2990 4903 3118 4953 ante
3173 4897 3482 4959 diluculum

204 4982 398 5044 αὐτοῖς
429 4968 824 5055 προσεφέρετο.
862 4984 927 5037 Οί
959 4982 1017 5038 δὲ
1059 4983 1272 5049 τούτοις
1311 4984 1627 5056 ἀχθόμενοι,
1665 4984 1787 5054 βού-

1900 4976 2283 5048 ρυὺιὶυιιιιιιιιι,
2335 4975 2403 5032 'et
2465 4977 2650 5033 lrcnes
2706 4979 2919 5037 :rdibus
2977 4982 3033 5040 in
3096 4987 3303 5056 quibus
3358 5001 3472 5050 tum

206 5074 392 5145 λευμα
423 5077 570 5133 κατά
598 5079 700 5150 τῆς
742 5078 1068 5150 βασιλίσσης
1096 5080 1401 5145 συνέθεντο,
1436 5082 1533 5134 καὶ
1554 5079 1646 5133 τὸν
1683 5099 1787 5133 παι

1898 5068 2114 5140 agebat,
2173 5069 2480 5123 custodiam
2541 5070 2937 5129 adhibuerunt.
2988 5077 3083 5133 Die
3125 5079 3238 5151 jam
3290 5082 3481 5141 illucc-

202 5165 422 5236 τρίκιον
451 5167 775 5238 Νικηφόρον
809 5170 905 5222 καὶ
946 5170 1166 5238 γενικὴν
1214 5169 1507 5240 λογοθέτην
1549 5170 1785 5242 παραλα-

1896 5172 2107 5227 secnte,
2142 5178 2263 5218 eam
2289 5161 2342 5218 in
2372 5162 2695 5218 orientalem
2730 5164 2933 5237 regiam
2983 5169 3294 5229 traductam
3340 5192 3477 5232 cuu-

205 5260 396 5324 ϐὀντες
418 5299 434 5324 ,
471 5259 695 5330 βαθείας
728 5262 923 5326 νυκτὸς
964 5258 1132 5334 ἦλθον
1160 5261 1242 5325 εἰς
1270 5261 1371 5332 τὴν
1402 5262 1625 5334 Χαλκὴν
1645 5305 1660 5329 .
1690 5264 1788 5332 τῆς

1894 5259 2220 5318 Cluserunt:
2252 5268 2441 5330 postea
2471 5259 2715 5329 Magnam
2740 5262 3031 5319 ecclesiam
3063 5278 3195 5324 sunt
3216 5269 3472 5342 ingressi,

208 5350 530 5423 βασιλίσσης
564 5352 803 5423 Εἰρήνης
834 5353 1119 5423 νοσούσης,
1151 5354 1247 5406 καὶ
1273 5355 1330 5407 ὲν
1353 5350 1430 5423 τῷ
1455 5355 1588 5423 οῖκῳ
1619 5355 1790 5423 αὐτῆς

1897 5361 1958 5408 ut
1985 5351 2060 5408 ibi
2090 5350 2436 5423 Nieepltorus
2474 5352 2782 5411 diademate
2823 5368 3139 5425 ornaretur,
3202 5370 3258 5419 et
3301 5363 3479 5439 impe-

207 5443 288 5515 τῷ
334 5445 400 5499 εν
439 5446 556 5508 τοῖς
607 5445 955 5517 Ἐλευθερίου
995 5444 1258 5516 κειμένης
1283 5460 1297 5475 ⁸
1335 5441 1491 5499 εἷπον
1530 5440 1626 5498 οὖν
1673 5447 1788 5511 τοῖς

1539 5440 1626 5498 οὖν
1673 5447 1788 5511 τοῖς
1896 5454 2049 5500 rator
2084 5444 2551 5515 prcclamaretur;
2588 5445 2753 5518 idque
2783 5448 2988 5505 factum
3016 5461 3122 5510 est.

206 5539 393 5601 ὶκεϊσε
420 5539 773 5609 φυλάττουσι,
810 5541 967 5611 παρά
993 5541 1093 5613 τῆς
1126 5540 1454 5611 βασιλίσσης
1492 5541 1794 5610 σταλῆναι,
1836 5542 1927 5596 ἴνα
1955 5540 2183 5613 βασιλέα
2229 5541 2321 5595 τὸν
2396 5534 2716 5617 Νικηφόρον
2781 5546 3256 5619 ἀναγορεύσωσιν,
3297 5548 3376 5616 ὡς
3407 5552 3480 5608 ἀν

208 5626 356 5681 οὕτω
390 5627 675 5698 παύσηται
718 5618 753 5681 ’ὁ
800 5630 1088 5700 πατρίκιος
1138 5628 1343 5694 Ἀέτιος
1396 5628 1721 5701 βιαζόμενος
1778 5630 1950 5703 αὐτὴν
2026 5631 2118 5684 τὸν
2161 5629 2358 5684 ἑαυτοῦ
2402 5630 2666 5702 σύγγονον
2714 5635 3169 5708 προχειρίσασθαι
3222 5634 3479 5711 βασιλέα.

208 5716 618 5781 Πιστεὺσαντες
645 5717 741 5772 οὖν
771 5721 887 5783 τοῖς
908 5719 1082 5773 ταῦτα
1103 5719 1323 5789 λέγουσι
1346 5719 1661 5791 πατρικίοις
1712 5720 1822 5773 τῶν
1863 5720 2182 5792 περιφανῶν
2211 5718 2354 5785 οὖσι,
2386 5722 2480 5774 καῖ
2510 5723 2670 5778 αὐτοὶ
2694 5724 2786 5809 τὸν
2808 5724 3126 5798 Νικηφόρον
3161 5728 3260 5783 σὺν
3320 5731 3472 5786 ὲκεί-

208 5821 328 5867 νοις
359 5808 438 5867 εἰς
464 5805 698 5875 βασιλέα
735 5808 1108 5879 εὐφήμησαν,
1150 5809 1246 5864 καλ⁹
1279 5808 1426 5862 οὕτω
1490 5807 1997 5880 παραχωρηθέντες
2063 5809 2145 5871 είς
2209 5806 2271 5860 τὸ
2338 5809 2481 5878 μέγα
2529 5805 2781 5881 εἰσῆλθον
2851 5813 3176 5886 ἀνάκτορον.
3223 5816 3357 5871 Εἶτα
3402 5820 3474 5873 δι-

210 5893 384 5964 αὒτῆς
415 5896 517 5963 τῆς
544 5894 745 5959 νυκτὸς
777 5894 934 5966 ὖχλον
965 5895 1324 5967 ἀθροίσαντες
1359 5895 1635 5968 σύγκλυδα
1658 5936 1673 5965 ,
1703 5896 1794 5954 διὰ
1835 5897 2019 5968 πάσης
2082 5896 2182 5960 τῆς
2223 5895 2429 5967 ἀγορᾶς
2493 5898 2602 5970 πρὸ
2631 5901 2729 5972 τῆς
2773 5903 3007 5975 ἡμέρας,
3038 5903 3143 5978 τήν
3169 5903 3263 5959 τοῦ
3295 5905 3472 5980 Νικη-

412 5991 688 6056 Ρλτιιοι..
728 5992 848 6053 (in.
881 5989 1222 6056 CXXXIV.
2962 5994 3035 6057 43
