4010 6544
277 369 414 435 i377

1515 361 1719 434 ΛΝΝᾹ
1733 373 1924 434 LIUM
1967 373 2117 436 LIB.
2164 363 2287 435 XV".

3407 367 3548 440 13⁸18

274 482 470 552 ἑορτὴν
501 475 596 534 τοῦ
645 483 981 554 κατακρὶτου
1011 481 1112 554 τὴν
1145 479 1385 536 κόλασιν·
1423 483 1502 552 πῆ
1529 484 1584 537 δὲ
1613 484 1708 539 mi.
1735 489 1860 555 θρα-

1970 486 2161 548 t't-rrct,
2196 486 2394 555 partim
2445 475 2610 539 etiam
2660 484 2929 540 audacius
2967 480 3299 558 increpans,
3346 496 3403 543 et
3443 488 3552 544 ιω-

274 574 506 644 σύτερον
561 576 987 647 προσφερομένη
1037 575 1212 645 αὐτῷ,
1257 575 1350 628 καὶ
1405 575 1568 630 ἄθεον
1624 577 1857 644 λέγουσα

271 669 354 722 ὅτι
393 669 470 738 μὴ
502 666 901 723 ὑποστέλλεται
931 670 1032 739 τὴν
1064 669 1158 723 τοῦ
1208 669 1519 740 φρικώδους
1555 671 1857 743 μυστηρίου

271 762 491 831 ἡμέραν
539 761 642 830 τῆς
689 762 784 815 τοῦ
836 763 1092 833 Σωτῆρος
1138 763 1474 834 Γεννὴσεως.
1534 763 1758 828 Τούτοις
1794 766 1858 820 τὸ

273 854 510 921 σκληρὸν
565 855 781 907 ἐκείνου
815 855 1126 926 μαλάξασα,
1163 857 1430 909 πέπείκεν
1474 856 1686 910 ἀνεῖναι
1735 860 1857 917 τότε

271 944 349 1015 τῷ
388 945 613 1016 Μιχαὴλ
641 947 742 1017 τὴν
772 947 1056 1000 ἀπώλειαν
1079 947 1144 1004 ’τό
1170 950 1222 1002 δὲ
1259 949 1398 1019 πρὸς
1424 949 1525 1021 τὴν
1549 951 1862 1020 εύνέτειριιν

273 1037 478 1107 ἔφησεν
503 1053 521 1070 ο
564 1037 716 1092 Ἱδοὺ
765 1039 1097 1110 πέπεισμαι
1136 1057 1258 1107 σοι,
1309 1042 1472 1096 ἀλλὰ
1517 1039 1600 1095 σὺ
1651 1041 1861 1112 γνώσῃ

272 1131 371 1182 καί
427 1129 501 1184 τὰ
554 1128 736 1184 τέκνα
780 1129 853 1184 τὰ
889 1133 994 1196 σὰ,
1029 1133 1147 1186 ὅσα
1175 1132 1320 1202 ὑμῖν
1347 1134 1416 1188 ἐκ
1460 1135 1677 1188 τούτου
1709 1152 1862 1205 συμ-

273 1222 586 1292 ϐήσονται.
637 1223 696 1277 ὐ
753 1223 854 1294 μὲν
907 1221 1002 1279 οὖν
1039 1227 1261 1295 Μιχαὴλ
1303 1225 1448 1280 οὕτω
1503 1227 1598 1280 τὸν
1635 1227 1860 1298 ὄλεθρον

273 1315 610 1385 ὑπεξέφυγε.
643 1316 936 1388 Θαυμάσαι
970 1319 1016 1371 δ’
1051 1319 1120 1373 ἄν
1153 1337 1236 1383 τις
1263 1319 1385 1374 ὅθεν
1413 1321 1442 1372 ὁ
1489 1321 1642 1376 Λέων
1671 1323 1864 1392 προεῖ-

271 1423 374 1460 πεν
405 1407 466 1460 τὸ
499 1407 873 1477 γενησόμενον
899 1425 914 1440 ο
959 1409 1020 1462 ού
1055 1409 1164 1481 γὰρ
1197 1411 1421 1474 πάντως
1446 1411 1580 1464 αὐτὸ
1607 1414 1672 1464 ἐκ
1719 1411 1861 1464 Θειο-

269 1501 437 1572 τέρας
494 1501 789 1564 ἐπιπνοίας
833 1501 1153 1572 προέγνωσε
1183 1519 1198 1533 ·
1242 1503 1362 1567 πῶς
1402 1504 1514 1574 γὰρ
1572 1503 1860 1576 θεομαχῶν

269 1594 506 1658 ἐκεῖνος,
553 1593 650 1648 καὶ
681 1593 858 1658 ἄλλως
890 1594 1032 1665 ἀνὴρ
1062 1594 1140 1648 ὢν
1168 1595 1444 1667 αἱμάτων,
1481 1596 1579 1650 καὶ
1629 1597 1748 1667 βίου
1783 1596 1859 1667 μὴ

271 1685 466 1740 παθῶν
526 1685 971 1756 καθαρεύοντοςς
1019 1687 1258 1756 Λέγεται
1322 1687 1417 1742 οῦν
1473 1688 1862 1759 προεγνῶσοαι

268 1779 422 1850 αὐτῷ
453 1779 610 1851 παρά
632 1797 726 1833 του
749 1780 1214 1852 χρησμοδοτηοὲν,
1243 1782 1325 1835 δτι
1356 1782 1498 1834 κατὰ
1519 1781 1619 1851 τὴν
1644 1779 1862 1850 ἡμέραν

1969 581 2120 650 pium
2177 580 2499 650 appellans,
2563 581 2658 650 qui
2725 579 2870 634 diem
2933 582 3230 636 venerandi
3307 583 3556 654 mysterii

1973 672 2289 728 Nativitatis
2331 673 2644 727 Servatoris
2681 687 2791 728 non
2841 683 3149 728 vereretur.
3209 673 3305 728 llis
3365 676 3553 729 verbis

1971 762 2093 832 ejus
2125 762 2422 831 asperitate
2477 763 2762 832 mitigata,
2812 777 3114 833 persuasus
3163 772 3224 818 ut
3273 763 3558 820 Michaelis

1971 849 2258 907 interitum
2294 852 2564 918 differret,
2603 854 2669 907 ad
2722 856 3013 925 eonjugem
3057 853 3198 909 dixit
3235 873 3249 908 :
3288 855 3422 909 Ecce
3463 858 3556 909 obs

1967 951 2200 1014 tempero
2246 947 2338 1000 tibi
2369 961 2386 1000 :
2412 945 2502 999 sed
2555 955 2611 999 tu
2651 946 2903 1019 liberique
2943 950 3021 1003 tui
3069 952 3388 1020 cognoscetis
3439 965 3557 1014 qua

1966 1035 2107 1092 vobis
2163 1054 2227 1092 ex
2276 1055 2336 1092 eo
2378 1050 2631 1093 eventura
2675 1042 2804 1094 sint.
2861 1042 2930 1095 At
2959 1041 3190 1096 Michael
3232 1043 3338 1095 hoc
3395 1053 3555 1112 pacto

1967 1144 2162 1185 necem
2218 1132 2432 1202 eﬂ‘ugit.
2494 1132 2718 1187 Miretur
2769 1142 2954 1188 autem
3011 1135 3214 1203 aliquis
3250 1136 3395 1189 unde
3441 1135 3555 1190 Leo

1967 1222 2151 1277 futura
2181 1224 2522 1293 pnedixerit,
2551 1239 2676 1294 quae
2708 1226 2896 1294 utique
2928 1241 3036 1279 non
3065 1242 3130 1278 ex
3155 1227 3344 1282 divino
3370 1227 3555 1282 alliam

1965 1323 2260 1385 cognorat,
2297 1317 2502 1387 quippe
2540 1317 2706 1372 homo
2748 1319 2980 1374 infestus
3009 1321 3122 1375 Deo
3150 1333 3208 1376 et
3254 1323 3554 1392 sanguina-

1965 1408 2105 1471 rius,
2143 1409 2299 1481 133
2335 1411 2613 1480 vitamque
2643 1411 2851 1482 degens
2889 1413 3408 1482 perturbationibus
3457 1415 3560 1468 mi-

1967 1501 2117 1556 nime
2169 1504 2406 1570 puram?
2452 1503 2649 1558 Fertur
2680 1505 2962 1559 oraculum
3017 1521 3047 1560 a
3103 1505 3342 1575 quodam
3393 1521 3555 1560 acce-

1971 1593 2141 1663 pisse,
2175 1595 2293 1650 lore
2330 1603 2390 1650 ut
2414 1595 2504 1650 die
2530 1597 2847 1652 Nativitatis
2884 1597 3093 1652 Christi
3115 1639 3128 1659 .
3162 1607 3217 1652 et
3259 1597 3554 1668 imperium

1972 1693 2030 1740 et
2079 1684 2250 1738 vitam
2326 1687 2628 1744 amitteret.
2685 1687 3018 1742 Perhibctur
3076 1689 3242 1744 etiam
3294 1689 3348 1742 in
3406 1691 3556 1760 regia

1967 1779 2300 1836 bibliotheca
2334 1781 2506 1836 fuisse
2533 1782 2707 1845 liber,
2739 1798 2850 1852 quo
2881 1782 3101 1838 oracula
3134 1783 3202 1838 de
3256 1783 3556 1854 imperato-

269 1871 371 1942 τῆς
399 1871 717 1940 Γεννήσεως
748 1872 846 1926 τοῦ
894 1872 1161 1944 Χριστοῦ,
1212 1876 1312 1926 καὶ
1341 1873 1444 1943 τῆς
1477 1873 1655 1945 ἀρχῆς
1689 1874 1860 1926 exus-

1966 1873 2119 1928 ribus
2169 1874 2638 1938 continerentur,
2704 1875 3003 1945 formaeque
3058 1885 3111 1930 et
3163 1877 3448 1931 hominum
3499 1884 3557 1932 ct

272 1965 472 2029 σεῖται,
513 1963 609 2017 καὶ
672 1964 772 2034 τῆς
807 1961 977 2034 ζωῆς.
1021 1963 1184 2018 ’Λλλὰ
1239 1965 1334 2018 καί
1381 1981 1435 2018 τι
1475 1965 1610 2034 φασὶ
1643 1966 1712 2034 τῇ
1747 1963 1860 2015 τῶν

269 2059 598 2130 ἀνακτόρων
635 2057 843 2128 βισλίον
867 2056 1284 2122 ἐναποκεῖσθαι,
1317 2059 1375 2111 ὲν
1403 2050 1448 2126 ᾧ
1484 2057 1582 2112 καὶ
1617 2057 1860 2128 χρησμοὶ

273 2150 406 2219 περὶ
437 2149 548 2202 τῶν
589 2149 862 2220 βασιλέων
910 2145 1072 2222 ἦσαν,
1100 2150 1197 2202 καὶ
1230 2150 1442 2220 μορψαὶ
1491 2148 1861 2220 ένεγράιροντο

268 2245 582 2318 ἀνθρώπων
612 2261 672 2298 τε
733 2243 832 2298 καὶ
861 2241 1068 2314 Θηρῶν,
1096 2242 1192 2296 καὶ
1223 2241 1360 2313 μετὰ
1385 2240 1496 2295 τῶν
1538 2241 1717 2296 ἄλλων
1745 2243 1862 2294 ἐκεῖ

270 2341 364 2392 καὶ
384 2317 556 2392 Λέων
585 2335 688 2410 θὴρ
715 2317 1120 2408 ὲχρωμάτιστο,
1159 2329 1205 2404 ᾧ
1238 2336 1382 2390 κατὰ
1413 2334 1590 2390 νώτου
1624 2335 1686 2390 τὸ
1718 2351 1862 2388 στοια

269 2434 418 2502 χεῖον
445 2432 504 2484 τὸ
536 2433 580 2486 Χ
622 2431 1036 2504 έγκεχάρακτο*
1092 2430 1232 2501 ἀνὴρ
1289 2430 1336 2482 δ’
1356 2425 1427 2501 ἦν
1480 2428 1711 2484 ὄπισθεν
1763 2427 1862 2483 τοῦ

272 2524 462 2593 οηρδς,
482 2524 672 2593 δόρατι
695 2523 784 2576 διὰ
811 2522 980 2592 μέσου
1005 2522 1102 2576 τοῦ
1134 2523 1181 2576 Χ
1203 2523 1500 2577 διελαύνων
1515 2522 1610 2576 τὸν
1629 2521 1854 2576 Λέοντα.

286 2615 351 2668 'll
387 2616 486 2683 μὲν
516 2610 612 2668 οὖν
647 2613 833 2686 βίϐλος
867 2611 982 2684 εἶχε
1014 2615 1196 2678 ταυτὶ,
1226 2615 1322 2668 καὶ
1351 2609 1518 2686 ἦσαν,
1547 2613 1624 2678 ὡς
1658 2613 1860 2677 ἐδόκει,

275 2707 563 2760 Σιϐύλλεια
625 2707 1110 2779 χρησμφδὴματα.
1161 2706 1236 2760 Τὸ
1286 2705 1343 2760 δέ
1400 2705 1504 2776 τῆς
1557 2705 1862 2776 εἰρημένης

269 2800 739 2871 χρωματουργίας
779 2799 1188 2870 αἰνιγματῶδες
1229 2799 1675 2870 δυσερμήνευτον
1705 2795 1786 2861 ὃν,
1832 2799 1863 2851 ὁ

270 2891 394 2944 τότε
428 2891 730 2962 κοιαίστωρ
757 2891 833 2953 ὡς
861 2891 1106 2959 λέγεται,
1129 2890 1488 2959 διεσάφησεν,
1515 2887 1690 2942 εἰπὼν
1719 2889 1863 2942 κατὰ

270 2983 373 3053 τὴν
423 2984 644 3054 ἡμέραν
683 2988 786 3055 τῆς
830 2985 1146 3054 Γεννὴσεως
1191 2983 1288 3038 τοῦ
1332 2981 1576 3056 Χριστοῦ
1636 2983 1862 3053 βασιλέα

273 3076 658 3148 ἀναιρεθῆναι.
687 3077 762 3130 Τὸ
789 3077 889 3148 μὲν
918 3077 1028 3147 γάρ
1061 3076 1254 3148 θηρίον
1288 3075 1518 3147 βασιλέα
1545 3075 1766 3146 δηλοῦν,
1799 3077 1863 3129 τὸ

271 3170 330 3223 δὲ
363 3169 412 3222 Χ
453 3169 555 3240 τὴν
601 3169 905 3240 εἰρημένην
940 3169 1159 3240 ἡμέραν
1189 3167 1554 3232 αἰνίττεσθαι,
1590 3166 1654 3220 τὸ
1686 3167 1744 3220 δὲ
1772 3167 1861 3222 διὰ

275 3260 444 3330 μέσου
493 3260 588 3314 τοῦ
632 3261 680 3314 Χ
730 3260 809 3331 τῷ
855 3259 1137 3314 Λέοντιτδ
1165 3259 1295 3332 δόρυ
1343 3259 1751 3331 ὲμπὴγνυσοαι,
1801 3257 1861 3312 τδ

274 3353 396 3405 κατ’
432 3352 605 3424 αὐτὴν
657 3354 756 3423 τὴν
810 3353 1027 3424 ἡμέραν
1081 3353 1182 3422 τῆς
1229 3352 1427 3424 ἑορτῆς
1479 3353 1574 3405 τὸν
1631 3349 1863 3421 βασιλέα

275 3445 700 3516 κτανοὴσεσθαι.
738 3444 927 3498 Ταῦτα
962 3445 1055 3499 τὸν
1098 3443 1334 3516 βασιλέα
1367 3445 1686 3516 ἐτάραττεν,
1725 3445 1865 3498 ἀλλὰ

277 3534 386 3606 μὴν
421 3537 517 3588 καὶ
543 3537 706 3590 αὐτὸν
737 3538 835 3589 καὶ⁵
863 3538 924 3590 τὸ
955 3540 1056 3607 τῆς
1086 3539 1298 3608 μητρὸς
1328 3537 1684 3608 ἐξεδειμάτου
1739 3537 1863 3590 ὲνύ-

275 3642 454 3680 πνιον.
493 3625 680 3690 Ἔδοξε
731 3628 842 3698 γὰρ
885 3628 1074 3698 ἐκείνῃ
1103 3629 1162 3681 ὲν
1191 3626 1270 3698 τῷ
1310 3627 1426 3698 ναῷ
1456 3629 1554 3698 τῆς
1588 3628 1863 3698 Θεομήτο-

278 3735 371 3791 ρος
403 3715 549 3771 εἶναι
580 3719 659 3789 τῷ
688 3720 746 3772 ὲν
778 3717 1138 3789 Βλαχέρναις,
1173 3724 1268 3774 καὶ
1294 3722 1432 3792 ὁρᾷν
1463 3722 1704 3790 γυναῖκά
1739 3737 1864 3775 τινα

273 3811 753 3883 προπεμπομένην
807 3810 1037 3880 ἀνδράσι
1087 3810 1446 3881 λευχείμοσι,
1499 3814 1599 3866 καὶ
1651 3813 1863 3884 πλῆρες

272 3905 524 3976 αἱμάτων
555 3905 615 3956 τὸ
645 3903 873 3958 δάπεδον
907 3902 1001 3955 τοῦ
1037 3904 1191 3970 ναοῦ,
1223 3903 1464 3958 ἀκοῦσαί
1487 3923 1549 3959 τε
1579 3907 1676 3978 τῆς
1706 3907 1865 3978 δορυ-

273 3997 622 4068 φορουμένης
671 3997 912 4068 ἐκείνης,
950 3996 1282 4067 κελευούσης
1317 3997 1556 4068 αἵματος
1602 3997 1777 4067 ἄγγος
1811 4017 1862 4052 τι

273 4091 630 4164 πλησθῆναι,
672 4090 768 4144 καὶ
823 4091 1045 4161 δοθῆναι
1087 4094 1152 4163 τῇ
1207 4090 1300 4144 τοῦ
1349 4091 1615 4162 βασιλέως
1663 4094 1858 4164 μητρί’

271 4187 372 4255 τῆς
417 4185 475 4237 δὲ
527 4185 602 4255 μὴ
651 4185 1021 4255 προσιεμένης
1062 4187 1122 4239 τὸ
1161 4188 1639 4258 προσφερόμενον,
1691 4189 1861 4256 φάναι

276 4280 374 4347 τὴν
420 4279 698 4350 περιφανῆ
749 4279 986 4348 γυναῖκα
1036 4280 1291 4351 ἐκείνηνο
1335 4281 1398 4334 '0
1448 4281 1515 4334 δὲ
1564 4279 1677 4348 σὸς
1732 4281 1863 4346 υίὸς

273 4371 416 4438 τοὺς
460 4370 566 4440 ἐμὲ
607 4370 902 4439 τιμῶντας
931 4371 1196 4441 αἱμάτων
1228 4372 1592 4442 ἐμπίπλησι,
1623 4375 1720 4428 καὶ
1757 4377 1864 4428 τεν

279 4466 430 4519 Θεὸν
455 4465 552 4518 καί
588 4465 722 4518 Υὶόν
749 4483 870 4532 μου
896 4467 982 4532 εὶς
1023 4465 1212 4534 ὀργὴν
1235 4464 1442 4530 κινῶν,
1478 4469 1550 4520 οὐ
1581 4468 1858 4534 συνίησι.

1961 1963 2201 2018 ferarum
2242 1980 2550 2034 expressae,
2581 1974 2749 2036 atque
2798 1966 2943 2020 inter
2979 1973 3205 2020 caatcras
3255 1968 3341 2022 leo
3389 1967 3553 2022 etiam

1961 2055 2076 2110 fera
2133 2056 2244 2110 illic
2297 2056 2510 2126 pictus,
2557 2057 2744 2112 littera
2790 2076 2822 2127 χ
2857 2067 3012 2126 tergo
3057 2058 3177 2128 ejus
3224 2057 3554 2129 insculpta:

1961 2161 2104 2217 pone
2141 2147 2377 2203 bestiam
2411 2149 2494 2203 vir
2520 2149 2700 2204 stabat
2724 2193 2738 2212 .
2795 2150 2892 2220 qui
2938 2151 3153 2206 leonem
3185 2166 3283 2220 per
3313 2151 3554 2206 medium

1963 2240 1995 2291 χ
2035 2240 2416 2296 confodiebat.
2446 2241 2513 2295 Et
2565 2243 2683 2297 hzec
2728 2243 2872 2298 liber
2913 2243 3254 2306 continebat,
3303 2261 3426 2314 qua:
3464 2245 3554 2298 Si-

1962 2331 2167 2403 byllina
2191 2335 2415 2389 oracula
2447 2335 2801 2404 putabantur.
2836 2335 2969 2406 Ejus
3002 2335 3231 2406 pictura:
3255 2336 3553 2390 obscurnni

1963 2423 2311 2479 involucrum
2377 2435 2622 2494 qutestor
2693 2426 2840 2480 illius
2912 2426 3180 2498 temporis
3249 2428 3556 2497 explicasse

1961 2512 2161 2576 fertur,
2187 2523 2244 2568 et
2266 2513 2469 2570 dixisse
2505 2515 2892 2586 imperatorem
2917 2517 3004 2571 die
3035 2516 3350 2572 Nativitatis
3393 2519 3556 2572 Chri-

1961 2607 2029 2662 sti
2067 2609 2311 2664 occisum
2357 2608 2424 2662 iri
2463 2625 2477 2663 :
2519 2625 2644 2663 nam
2694 2609 2867 2663 feram
2920 2608 3235 2680 signiﬁcare
3289 2608 3554 2674 Leonem,

1959 2698 2200 2754 litteram
2250 2719 2284 2772 χ
2332 2701 2480 2756 diem
2532 2701 2685 2756 illum
2732 2702 3005 2762 innuere,
3052 2710 3110 2756 et
3151 2702 3279 2772 quia
3310 2716 3410 2771 per
3440 2717 3557 2755 me-

1961 2792 2113 2846 dium
2147 2811 2178 2863 χ
2215 2792 2368 2848 basta
2401 2794 2456 2848 in
2504 2794 2718 2849 leonem
2766 2793 3088 2864 iuligeretur
3112 2835 3126 2858 ,
3164 2793 3555 2864 imperatorem

1961 2902 2030 2943 eo
2062 2887 2153 2942 die
2189 2887 2433 2942 occisum
2480 2888 2570 2943 iri.
2620 2887 2746 2943 llaec
2779 2888 3176 2958 imperatorem
3213 2887 3513 2943 turbabant
3542 2928 3558 2952 ,

1963 2989 2067 3034 nec
2108 2980 2291 3035 minus
2322 2981 2517 3035 matris
2563 2980 2806 3034 terrebat
2854 2980 3215 3034 insomnium.
3249 2979 3559 3037 Videbatur

1966 3070 2056 3124 illa
2107 3070 2209 3126 sibi
2263 3073 2316 3126 in
2362 3072 2478 3126 aede
2530 3072 2779 3141 Deipara:
2833 3071 3234 3126 Blacherniana
3295 3087 3443 3136 esse,
3502 3078 3560 3126 et

1965 3176 2192 3215 cernere
2243 3173 2548 3216 matronam
2589 3160 2924 3232 quamdam,
2968 3177 3130 3232 quam
3175 3161 3560 3217 adolescentes

1966 3254 2216 3310 candidis
2245 3255 2423 3310 induti
2459 3255 2704 3310 vestibus
2729 3255 3134 3309 comitarentur
3153 3295 3168 3317 ,
3197 3263 3254 3310 et
3303 3254 3438 3310 tedis
3469 3269 3559 3311 so-

1965 3348 2080 3403 lum
2132 3346 2402 3418 sanguine
2450 3347 2812 3413 redundare,
2873 3348 3177 3417 audireque
3246 3358 3557 3403 matronam

1968 3441 2117 3496 illam
2147 3443 2343 3513 jubere
2371 3443 2488 3497 dati
2521 3443 2679 3496 matri
2715 3442 3066 3512 imperatoris
3099 3457 3191 3495 vas
3233 3456 3302 3496 eo
3329 3442 3557 3512 sangui-

1967 3551 2037 3590 ne
2093 3536 2348 3605 plenum,
2391 3551 2514 3606 quae
2575 3551 2701 3590 cum
2757 3536 2810 3590 id
2881 3537 3304 3600 adversaretur,
3358 3538 3548 3593 dicere

1967 3629 2236 3685 illustrem
2289 3631 2436 3685 illam
2480 3640 2786 3686 matronam
2817 3647 2834 3690 :
2864 3632 2933 3686 At
2973 3633 3121 3701 ﬁlius
3169 3643 3289 3687 tuus
3337 3650 3426 3688 eos
3467 3634 3559 3704 qui

1967 3739 2050 3777 me
2078 3733 2422 3785 venerantur,
2451 3727 2714 3796 sanguine
2742 3726 2949 3797 implet,
2978 3743 3147 3798 neque
3174 3726 3422 3797 intelligit
3443 3767 3460 3792 ,
3501 3743 3558 3780 se

1966 3825 2014 3870 et
2043 3815 2212 3869 Deum
2249 3827 2298 3869 et
2333 3815 2530 3870 Filium
2564 3834 2736 3872 meum
2774 3821 2844 3872 ad
2865 3821 3007 3872 iram
3041 3835 3386 3873 commovere.
3429 3818 3557 3875 Haec

1966 3909 2023 3963 in
2073 3910 2286 3964 somnis
2332 3910 2467 3966 vidit
2517 3911 2720 3965 Leonis
2767 3920 2974 3976 u‘ater,
3008 3912 3228 3982 ﬁlioque
3275 3914 3556 3982 exposuit,

1965 4000 2266 4067 obtestata,
2301 4002 2437 4057 utin
2473 4001 2817 4056 venerandus
2864 4002 3131 4072 imagines
3165 4003 3361 4058 smvire
3411 4003 3559 4059 desi-

1966 4101 2156 4147 steret.
2217 4092 2324 4147 Sed
2375 4092 2543 4147 miser
2600 4093 2770 4148 homo
2822 4091 3212 4152 obsurduerat.
3270 4091 3555 4164 Deumque

1963 4180 2236 4238 lacessere
2288 4182 2570 4253 pergebat.
2613 4171 2813 4238 Est‘ct
2871 4194 3095 4238 sanctus
3141 4183 3402 4237 Tarasius
3443 4183 3554 4254 jam

1964 4289 2030 4327 ex
2074 4273 2177 4328 hac
2210 4289 2519 4329 arumnosa
2550 4274 2657 4328 vita
2689 4274 3015 4340 translatus,
3045 4275 3263 4328 cuidam
3313 4273 3366 4327 in
3408 4288 3556 4328 soni-

1967 4365 2054 4421 nis
2109 4366 2298 4432 visus,
2345 4365 2439 4436 qui
2490 4365 2811 4420 Michaelem
2851 4365 3144 4450 quemdam
3194 4365 3554 4430 inclamaret,

1964 4473 2202 4527 cumque
2261 4457 2328 4511 ad
2379 4457 2750 4512 invadendum
2798 4465 2854 4512 et
2898 4456 3262 4512 occidendum
3318 4455 3554 4510 Lconeat

278 4557 468 4611 Ταῦτα
517 4558 574 4610 ἐν
614 4556 846 4628 ὀνείροις
875 4553 1018 4610 εἶδεν
1047 4559 1080 4628 ἡ
1115 4561 1308 4629 μήτηρ
1339 4557 1434 4611 τοῦ
1483 4558 1732 4624 Λέοντος,
1765 4561 1860 4611 καὶ

1967 4549 2308 4602 hortaretur.
2357 4548 2466 4604 Sed
2513 4559 2568 4604 et
2615 4548 3001 4604 Philomeliani
3056 4546 3310 4602 monachi
3354 4548 3555 4617 prtuli-

274 4648 353 4718 τῷ
388 4647 490 4720 υἱῷ
523 4648 829 4719 ἀπήγγειλε
871 4648 932 4700 τὸ
963 4650 1242 4716 ἐνύπνιον,
1277 4649 1373 4702 καὶ
1408 4649 1590 4702 ἐδέετο
1646 4649 1862 4703 παύσα-

279 4737 404 4791 σθαι
456 4737 554 4789 τοῦ
607 4738 748 4791 κατὰ
803 4736 912 4790 τῶν
951 4738 1165 4790 σεπτῶν
1209 4737 1437 4793 εἰκόνων
1481 4737 1857 4810 τολμήματος.

289 4830 434 4884 Ἀλλ’
456 4828 723 4899 ὲξεκώφει
751 4829 779 4880 ὁ
809 4829 1065 4893 δείλαιος,
1085 4831 1181 4884 καὶ
1209 4829 1500 4901 θεομαχῶν
1531 4831 1630 4884 οὐκ
1659 4831 1864 4885 ὲπαύε-

278 4941 360 4978 το.
393 4919 571 4976 Ὢπτο
599 4923 655 4976 δὲ
686 4925 778 4976 καὶ
807 4926 833 4976 ὁ
865 4925 1005 4988 θεῖος
1037 4926 1392 4996 πατριάρχης
1425 4925 1701 4994 Ταράσιος
1738 4924 1858 4978 καθ’

282 5018 486 5081 ὕπνους
526 5016 658 5081 τινὶ,
687 5017 787 5088 ἤδη
825 5017 922 5088 τῆς
952 5017 1221 5088 ὲπικὴρου
1256 5017 1464 5091 ταύτης
1507 5017 1652 5087 ζωῆς
1687 5035 1859 5090 μετα-

284 5107 436 5172 στὰς,
481 5104 848 5174 ἐπιϐοώμενός
895 5121 1020 5157 τινα
1065 5105 1311 5176 Μιχαὴλ,
1348 5106 1446 5159 καὶ
1483 5105 1733 5158 ἐπελθεῖν
1782 5104 1860 5176 τῷ

284 5198 500 5262 Λέοντι,
552 5195 648 5250 καὶ
686 5197 898 5248 κτεῖναι
954 5196 1146 5248 τοῦτον
1206 5197 1653 5267 ἐγκελευόμενος.
1699 5197 1860 5251 Ἀλλά

285 5290 382 5344 καὶ
410 5290 444 5360 ἡ
471 5287 567 5342 τοῦ
595 5293 652 5344 ὲν
685 5287 762 5360 τῷ
810 5288 1111 5359 Φιλομιλίῳ
1146 5287 1388 5359 μοναχοῦ
1437 5290 1861 5362 προαγόρευσις,

283 5381 382 5436 καὶ
409 5379 526 5435 ἄλλ’
553 5379 690 5435 ἄττα
719 5380 1037 5454 ὑπέθραπτε
1068 5381 1159 5434 τὸν
1189 5380 1397 5436 Λέοντα
1421 5382 1519 5436 καλ⁸
1564 5381 1860 5452 ἐδείμαινε.

282 5473 433 5537 Τέως
463 5471 508 5527 δ’
541 5471 636 5528 οῦν
668 5473 869 5538 κλοιοῖς
901 5473 1026 5536 τοὺς
1060 5473 1227 5537 πόδας
1254 5473 1350 5527 τοῦ
1385 5474 1610 5546 Μιχαὴλ
1632 5475 1861 5545 ὲνδηοάο

283 5584 470 5638 μενος,
496 5567 606 5621 ιτδν
654 5567 755 5636 μὲν
780 5567 860 5638 τῷ
895 5567 1084 5637 Παπίᾳ.
1113 5567 1643 5638 φρουρηθησόμενον
1683 5586 1862 5640 παρα·

290 5660 546 5714 δέδωκενο
582 5659 747 5723 αὐτὸς
787 5659 844 5712 δὲ
873 5659 972 5731 τὴν
1005 5659 1188 5714 κλεῖδα
1217 5660 1438 5730 κατεῖχε
1465 5658 1560 5714 τοῦ
1603 5660 1857 5732 σιδηρέου

280 5751 484 5822 δεσμοῦ
515 5766 529 5782 ο
566 5751 861 5823 έμιρροντις
906 5751 963 5805 δὲ
1005 5753 1106 5822 τὴν
1157 5751 1329 5806 νύκτα
1378 5751 1585 5820 διάγων
1609 5754 1713 5807 οὐκ
1745 5748 1858 5825 εἶχε

281 5842 371 5897 τὸν
393 5841 561 5896 ὕπνον
594 5845 703 5906 τοῖς
731 5843 974 5915 ὄμμασιν
1002 5843 1168 5900 αὑτοῦ
1203 5844 1552 5916 ἑφιζάνονταο
1586 5843 1858 5915 ἀφίπτατο

1972 4641 2084 4696 ctio
2115 4649 2170 4695 et
2213 4641 2318 4694 alia
2367 4640 2617 4711 quaedam
2672 4639 2910 4694 Leonem
2950 4639 3245 4694 turbabant
3284 4649 3339 4694 ct
3383 4637 3557 4694 terre;

1971 4734 2127 4790 bant.
2205 4734 2418 4790 Interea
2487 4734 2807 4789 Michaelem
2881 4733 3240 4804 compedibus
3307 4733 3552 4788 vinctum

1971 4827 2154 4897 Papia:
2188 4825 2609 4882 custodiendum
2657 4825 2921 4889 tradidit,
2959 4825 3164 4879 clavem
3199 4840 3334 4879 serae
3357 4824 3554 4878 ferrea:

1973 4920 2091 4990 ipse
2136 4919 2471 4983 asservavit,
2514 4933 2748 4988 eamque
2798 4924 3018 4972 noctem
3067 4916 3360 4971 sollicitam
3391 4926 3446 4972 et
3485 4931 3553 4970 ex

1969 5013 2341 5068 sollicitudine
2375 5013 2679 5067 insomnem
2720 5013 2850 5081 egit.
2883 5010 3063 5077 Quare
3091 5009 3270 5079 Papia:
3293 5007 3554 5064 conclave

1972 5105 2276 5176 ingressus,
2320 5105 2639 5162 Michaclem
2683 5105 2736 5158 in
2784 5105 2926 5160 lecto
2969 5102 3145 5158 otiose
3184 5100 3553 5157 dormientem

1970 5200 2163 5267 videt,
2197 5201 2420 5271 Papiam
2459 5214 2592 5254 vero
2632 5197 2785 5252 humi
2816 5198 3090 5268 iacentem
3127 5210 3143 5250 :
3176 5195 3322 5265 quod
3372 5193 3457 5248 vel
3494 5202 3554 5248 ut

1972 5293 2268 5349 honoraret
2301 5291 2621 5348 Michaelcm
2648 5291 2914 5356 iaciebat,
2947 5289 3066 5352 vel,
3103 5297 3164 5343 ut
3218 5285 3550 5358 putabatur,

1973 5385 2296 5441 insidiarum
2325 5394 2519 5442 contra
2552 5383 2944 5456 imperatorem
2972 5381 3250 5437 conscius.
3280 5378 3351 5436 Ut
3383 5378 3555 5450 igitur

1969 5478 2293 5541 Michaelem
2343 5491 2540 5532 somno
2584 5477 2861 5548 profundo
2910 5485 2967 5531 et
3018 5475 3174 5530 suavi
3225 5485 3550 5546 oppressum

1971 5569 2136 5634 vidit,
2167 5569 2374 5625 nullam
2403 5569 2833 5625 sollicitudinem
2870 5584 2983 5638 pra:
3018 5583 3078 5623 se
3117 5567 3429 5623 ferentem:
3465 5581 3553 5622 re-

1975 5663 2142 5718 cessit
2195 5662 2414 5730 iratus,
2473 5663 2724 5734 iramque
2792 5663 3093 5734 agitatione
3151 5660 3311 5734 135
3359 5673 3553 5715 manus

1974 5755 2298 5812 declaravit.
2339 5757 2416 5812 Ac
2450 5767 2776 5812 cmtemrum
2819 5772 2983 5831 nemo
3035 5757 3154 5828 ejus
3201 5752 3552 5825 przcsentiam

1972 5849 2435 5905 animadverterat
2477 5859 2677 5922 praeter
2709 5865 2881 5906 unum
2929 5850 3117 5922 Papiae
3160 5847 3408 5919 vigilem.
3455 5843 3553 5914 Qui
