4010 6548
447 369 585 438 1383

1703 371 2026 434 JOANNIS
2065 373 2386 432 ZONARE

3553 372 3694 438 i354

439 503 650 548 clarum
681 486 981 558 imaginum
1009 496 1217 542 emtum
1259 485 1312 540 lu
1348 485 1600 540 exsilium
1639 485 1812 541 misit.
1854 487 2006 541 Dein-

2121 488 2473 549 κατάστασιν,
2520 486 2654 539 ἀλλὰ
2725 485 2858 556 μηδὲ
2901 485 3198 555 βιάσασθαί
3249 504 3370 540 τινα
3403 487 3530 555 περὶ
3588 489 3688 544 τοῦ

438 583 508 636 de
591 580 929 636 Methodium
1001 579 1054 632 in
1111 577 1297 632 Acrita
1342 577 1674 641 conclusit,
1742 577 2005 648 inclytum

437 689 570 728 vero
605 671 962 741 Euthymiurn
999 685 1029 725 a
1071 669 1182 726 (ilio
1227 684 1328 723 suo
1376 669 1678 736 Theophila
1713 669 2012 723 crudeliter

440 762 624 832 ﬂagris
689 775 920 824 cat-sum,
973 759 1028 812 in
1075 768 1374 828 martyrum
1443 773 1735 812 numerum
1799 758 2010 812 retulit.

439 855 847 924 Copronymnm
896 853 950 906 iu
995 851 1251 906 omnibus
1297 850 1517 905 imitans
1551 861 1608 906 et
1659 850 1865 908 Judwis
1917 851 2013 906 ael-

441 945 642 1011 dictus,
695 945 927 999 Sahbata
967 943 1474 1014 jejunarijubebat.
1527 944 2010 998 liesurrcctioncm

442 1047 784 1092 mortuorum
823 1053 930 1090 non
977 1035 1260 1094 credebat.
1305 1050 1480 1104 eoque
1508 1034 1692 1088 futura
1738 1037 1878 1088 booa
1921 1051 2015 1090 su-

440 1128 664 1197 gillabat
695 1167 708 1191 ,
753 1136 809 1180 et
869 1126 1490 1196 prophetasirridebat,
1555 1126 1833 1182 daemones
1886 1142 2011 1181 esse

442 1217 811 1285 pernegabat,
857 1215 1246 1272 scortatiouem
1301 1227 1585 1286 peccatum
1638 1233 1747 1270 non
1800 1217 2014 1287 judica-

439 1307 554 1368 bat,
609 1307 762 1362 Judze
815 1309 1045 1364 salutem
1137 1308 1505 1372 ominabatur.
1577 1308 1784 1362 Pascha
1832 1309 2012 1364 alieno

437 1400 704 1454 celebrari
727 1410 970 1470 tempore
991 1399 1314 1455 aliirmabat.
1348 1399 1473 1455 Haec
1523 1415 1692 1470 pauca
1761 1415 1790 1454 e
1826 1401 2014 1456 multis

440 1492 807 1561 improbitatis
835 1509 899 1546 ac
927 1493 1108 1562 potius
1141 1492 1432 1548 dementia:
1457 1493 1605 1547 illius
1630 1492 1830 1548 indicia
1877 1509 2013 1548 con-

436 1583 727 1638 seribeuda
765 1584 977 1638 censui.
1043 1583 1199 1638 Nunc
1232 1583 1409 1639 oratio
1465 1584 1532 1638 ad
1597 1599 1685 1638 res
1730 1593 1911 1654 gestas
1959 1594 2015 1641 ct

436 1677 579 1730 bella
617 1678 788 1732 multa
811 1678 1031 1731 illorum
1063 1686 1373 1748 temporum
1421 1677 1825 1747 progrediatur.
1860 1677 2009 1732 Tho-

2119 581 2271 633 θείου
2317 579 2566 645 δοξάζειν
2596 580 2726 648 παρ’
2751 579 2779 632 ὃ
2807 579 3074 649 βούλεται.
3115 581 3203 634 Ἐν
3229 580 3415 648 ’λόγοις
3439 581 3483 633 δ’
3510 579 3693 652 ἔμεινε

2112 672 2309 727 ταῦτα.
2344 674 2420 725 Οὐ
2459 671 2599 741 μετά
2629 672 2765 724 πολὺ
2797 673 2905 742 γὰρ
2939 672 3040 742 τὴν
3093 673 3318 746 γνώμην
3349 674 3452 744 τὴν
3480 675 3693 728 οἰκείαν

2113 762 2169 815 δὲ
2225 765 2384 834 ἔφην,
2427 765 2520 816 καὶ
2553 763 2695 816 κατὰ
2729 762 2839 816 τῶν
2900 763 3202 834 ὀρθοδόξων
3255 763 3532 835 ἐχώρησε,
3593 767 3687 817 xa‘

2117 854 2347 919 πολλούς
2387 873 2450 908 τε
2477 855 2672 917 ἄλλους
2697 855 2894 918 δεινοῖς
2947 854 3267 926 περιέὸαλε,
3299 856 3434 926 πρὸς
3459 858 3574 920 τοῖς
3597 855 3667 912 ἀλ

2115 947 2227 1009 loc;
2254 947 2311 1000 δὲ
2343 947 2438 998 καὶ
2462 948 2553 1001 τὸν
2585 946 2728 1000 θεῖον
2763 947 3046 1012 Μεθόδιον,
3077 948 3174 1001 καὶ
3199 949 3294 1002 τὸν
3318 952 3418 1019 τῆς
3438 949 3694 1019 Σάρδεων

2114 1037 2631 1107 ἀρχιερατεύσαντα
2683 1038 2958 1110 Εὐθύμιον
2989 1039 3176 1110 ἑξορίῖ.
3205 1039 3561 1110 παρέπεμψε,
3603 1040 3693 1094 διὰ

2113 1131 2214 1202 τὴν
2241 1131 2349 1184 τῶν
2375 1131 2548 1199 ἁγίων
2570 1132 2797 1186 εἰκόνων
2826 1133 3020 1204 τιμήν.
3055 1132 3192 1188 Είτα
3221 1135 3315 1189 τὸν
3362 1138 3466 1203 μὶν
3502 1137 3691 1190 Μεθόο

2115 1224 2228 1278 διον
2250 1225 2611 1296 καθείργνυσι
2663 1226 2806 1280 κατὰ
2834 1226 2926 1280 τὸν
2968 1227 3247 1295 ’Δκρίταψ
3301 1229 3392 1281 τδν
3440 1230 3694 1301 ἀοίδιμον

2115 1315 2392 1386 Εὐθύμιον
2423 1319 2481 1372 δὲ
2533 1318 2859 1390 μαρτυρικῷ
2900 1319 3108 1374 τελειοῐ
3139 1318 3380 1391 θανάτῳ,
3447 1323 3694 1389 ἀφειδῶς

2118 1410 2519 1481 μαστιζόμενον
2541 1411 2631 1466 δια
2653 1412 2747 1466 τοῦ
2771 1412 2892 1466 υίοῦ
2914 1413 3082 1468 αὐτοῦ
3113 1414 3400 1484 Θεοφίλου.
3448 1415 3684 1487 Ἐζήλου

2115 1505 2160 1558 δ’
2199 1507 2259 1560 ἐν
2294 1506 2466 1560 ἅπασι
2496 1505 2589 1560 τὸν
2628 1505 3032 1578 Κοπρὼνυμον,
3081 1509 3176 1561 καὶ
3227 1513 3340 1575 τοῖς
3413 1512 3692 1576 Ἰουδαίοις

2116 1597 2460 1668 προσέκειτο,
2489 1597 2558 1652 τά
2580 1615 2640 1652 τε
2672 1597 2927 1652 Σάσϐατα
2955 1599 3238 1669 νηστεύειν
3263 1603 3588 1671 προσέταξε.
3608 1603 3691 1678 Τῇ

2114 1691 2410 1747 ἀναστάσει
2434 1709 2492 1744 τε
2524 1693 2797 1758 ἀπιστῶν,
2824 1692 3123 1760 διετώθαζε
3150 1695 3218 1749 τὰ
3249 1696 3518 1765 μέλλοντα
3551 1702 3694 1766 άγας

441 1781 560 1820 tnas
612 1782 755 1822 unus
802 1767 965 1821 trium
1005 1782 1197 1822 eorum
1239 1767 1305 1821 de
1348 1767 1548 1836 quibus
1587 1767 2006 1822 Philomelianus

2117 1787 2208 1853 οά,
2251 1788 2497 1849 καὶτοὺς
2548 1787 2838 1860 προφήτας
2881 1787 3124 1858 διέσυρε,
3168 1791 3260 1842 καὶ
3291 1790 3558 1861 δαίμονας
3591 1793 3697 1846 οὐκ

439 1856 534 1912 ille
575 1859 877 1913 monachus
900 1859 1162 1914 Dardanae
1183 1859 1512 1915 vaticinatus
1535 1860 1734 1922 fuerat,
1767 1871 1826 1913 ut
1846 1875 2006 1929 supra

2117 1876 2257 1934 εἶναι
2308 1880 2699 1936 διεδεσαιοῦτο·
2763 1881 3022 1953 πορνείαν
3081 1899 3140 1936 τε

438 1948 645 2002 dictum
695 1957 800 2012 est,
843 1965 1079 2019 quorum
1111 1951 1222 2005 duo
1253 1950 1484 2020 imperio
1529 1951 1758 2021 potitmi
1790 1961 2009 2016 essent,

441 2039 640 2099 tertius
689 2041 758 2108 (is
804 2057 934 2096 vero
982 2042 1222 2097 Thomas
1259 2052 1398 2103 erat)
1427 2044 1719 2098 invasurus
1761 2044 1850 2100 ille
1885 2045 2013 2114 qui-

437 2131 562 2187 dem
619 2134 988 2204 tyrannidem,
1039 2144 1096 2190 et
1146 2134 1396 2190 diadema
1460 2136 1566 2191 sibi
1626 2137 2011 2208 impositurus,

440 2225 596 2294 regni
657 2241 926 2290 vcrqmon
951 2241 1178 2297 compos
1208 2228 1448 2295 futurus,
1483 2229 1811 2284 seditionem
1857 2231 2011 2286 exci-

438 2318 593 2372 tavit.
649 2318 700 2372 ls
751 2319 950 2387 igitur,
998 2329 1057 2373 ut
1103 2328 1228 2374 ante
1271 2321 1537 2391 scriptum
1588 2331 1703 2387 est,
1757 2337 1787 2376 a
1825 2320 2010 2378 Leone

440 2407 852 2462 Fuederatorum
887 2409 1086 2480 legioni
1134 2412 1481 2481 praepositus,
1520 2423 1580 2466 ut
1603 2413 1908 2483 principem
1941 2412 2011 2471 de

437 2510 496 2550 se
522 2495 660 2550 bene
693 2498 948 2552 meritum
993 2515 1023 2553 a
1057 2500 1322 2556 Michaele
1369 2517 1570 2556 caesum
1603 2503 1879 2573 cognovit,
1913 2519 2010 2574 per

437 2589 679 2658 speciem
706 2591 857 2642 necis
883 2590 1028 2646 illius
1053 2593 1418 2658 vindicandas,
1451 2610 1576 2648 cum
1611 2611 1804 2650 revera
1829 2595 2010 2667 impe-

437 2679 579 2733 rium
603 2680 1216 2749 cogitaret,ilichaelem
1248 2694 1332 2740 est
1363 2701 1669 2756 aggressus,
1695 2689 2009 2758 coactisque

435 2787 547 2824 non
570 2773 986 2830 contemnendis
1019 2776 1216 2846 copiis,
1247 2779 1530 2834 universas
1556 2779 1670 2835 fere
1712 2780 2010 2836 orientales

435 2863 749 2932 provincias
781 2865 1105 2935 occupavit,
1145 2877 1203 2923 et
1239 2869 1456 2937 publica
1490 2885 1682 2924 eorum
1717 2872 2008 2942 vectigalia

437 2953 541 3008 sibi
584 2955 864 3011 alierenda
907 2958 1141 3013 curavit.
1199 2959 1354 3016 Unde
1391 2964 1570 3018 auctis
1605 2964 1806 3033 apibus
1839 2965 2005 3019 etiam

431 3049 716 3118 Agareuos
756 3049 976 3115 invasit,
1018 3051 1112 3120 qui
1169 3058 1284 3107 tum
1346 3067 1538 3110 omnes
1597 3057 1910 3124 provincias
1951 3066 2007 3112 ct

435 3140 584 3209 ipsas
628 3139 835 3228 insul/as
868 3140 940 3195 ob
985 3141 1308 3197 intestinum
1348 3144 1552 3199 bellum
1593 3147 1858 3202 audacius
1902 3164 2001 3219 po-

434 3233 785 3302 pulabantur,
837 3251 1144 3307 eorumque
1185 3237 1450 3308 impetum
1496 3243 1780 3309 repressit,
1817 3251 1872 3296 et
1911 3258 2000 3298 ca-

433 3327 561 3380 stris
595 3343 765 3397 pr0pe
789 3329 1005 3399 positis,
1038 3331 1338 3407 habitoque
1368 3332 1666 3401 colloquio,
1698 3334 1924 3404 pepigit,
1952 3336 1998 3389 si

433 3416 666 3486 imperio
710 3419 1013 3488 potiretur,
1057 3435 1115 3474 se
1160 3419 1422 3476 Romanis
1457 3421 1660 3476 ﬁnibus
1693 3423 1774 3476 eis
1815 3439 2002 3478 cessu-

435 3525 556 3562 rum
613 3525 756 3565 esse.
820 3512 916 3566 llis
947 3513 1225 3582 peractis,
1282 3524 1446 3583 caput
1497 3516 1802 3571 diademate
1848 3517 2000 3586 regio

431 3612 614 3666 ornat,
649 3614 705 3657 et
736 3603 805 3657 ab
835 3605 976 3659 Jobo
999 3604 1343 3662 Antiocheno
1366 3609 1679 3677 patriarcha
1705 3609 2002 3679 imperator

432 3695 760 3765 appellatur.
819 3697 952 3751 Inde
1010 3715 1135 3752 cum
1171 3715 1364 3771 magno
1419 3704 1661 3755 exercitu
1723 3703 2002 3772 profectus

437 3785 563 3854 (nec
602 3786 748 3840 enim
771 3789 1053 3858 Agarenos
1089 3793 1394 3855 duntaxat,
1439 3791 1534 3846 sed
1564 3803 1620 3847 et
1653 3793 1840 3862 plures
1869 3795 2004 3850 alias

434 3885 624 3942 gentes
663 3877 728 3929 ad
779 3877 907 3931 belli
952 3878 1272 3933 serietatem
1319 3881 1612 3952 asciverat)
1659 3884 2002 3954 tyrannidem

435 3967 642 4038 majore
687 3969 872 4022 animo
921 3969 1154 4024 invadit.
1204 3969 1332 4024 Fuit
1377 3972 1468 4026 hic
1506 3972 1744 4030 Thomas
1791 3991 1900 4030 non
1937 3993 2003 4031 et

417 4045 594 4130 gente
644 4060 898 4130 patricia,
939 4062 1034 4115 sed
1080 4061 1376 4117 admodum
1403 4064 1635 4119 obscura
1664 4082 1836 4136 eaque
1869 4068 2002 4123 Bar-

434 4149 586 4214 hara,
623 4159 885 4217 tantaque
926 4153 1109 4222 inopia
1143 4153 1478 4220 conﬂictata,
1512 4165 1572 4210 ut
1606 4159 1860 4213 mercede
1889 4176 2003 4215 ser-

434 4241 597 4294 viret.
632 4241 736 4295 Scd
784 4257 814 4295 a
855 4244 1068 4296 fortuna
1107 4253 1350 4305 evectus.
1406 4254 1464 4299 ut
1505 4245 1711 4300 dictum
1755 4258 1859 4314 est,
1913 4265 2003 4304 re-

433 4345 652 4400 gnoque
691 4331 950 4386 at'fectato
977 4331 1327 4388 Constantini
1362 4351 1561 4390 nomen
1596 4344 1912 4408 assumpsit,
1947 4351 2005 4396 et

435 4422 609 4477 lilium
656 4423 1002 4492 adoptivum,
1048 4419 1204 4494 137
1257 4427 1471 4495 imperii
1532 4440 1879 4497 consortem,
1944 4441 2006 4488 ut

434 4513 683 4613 putabat,
712 4515 921 4586 allegit.
1122 4518 1371 4624 exercitu
1400 4519 1683 4624 .Micl-iaelis
1718 4532 1907 4580 contra
1945 4542 2002 4582 se
2028 4537 2082 4599 ι)
2108 4553 2156 4606 ει
2185 4513 2285 4624 τὴς

435 4603 604 4660 misso
619 4621 968 4677 congressus,
994 4608 1117 4665 aliis
1147 4609 1346 4666 occisis
1365 4611 1487 4668 aliis
1509 4612 1733 4684 fugatis,
1764 4619 2004 4688 tyranni-

433 4788 607 4844 classe
641 4791 999 4861 imperatoria
1025 4794 1254 4866 politus,
1279 4796 1459 4853 Abido
1490 4799 1546 4853 in
1573 4798 1863 4857 Thraciam
1889 4813 2002 4860 tra-

430 4971 782 5043 Opsicianam
852 4981 1193 5049 provinciam
1221 5021 1238 5048 ,
1305 4983 1392 5037 cui
1445 4983 1728 5055 Cataquila
1754 5029 1768 5054 ,
1803 4999 1858 5041 et
1898 4990 1999 5043 Ar-

433 5069 780 5133 meniacam,
835 5072 924 5126 cui
982 5073 1248 5130 Olbianus
1293 5085 1571 5147 praeerat,
1627 5081 1720 5150 qui
1784 5084 2000 5152 tyranni

430 5157 750 5228 adoptivum
802 5163 972 5217 lilium
1028 5164 1246 5221 insidiis
1289 5178 1604 5238 exceptum,
1656 5172 1838 5227 statim
1878 5189 2003 5230 sus-

433 5246 576 5301 tulit.

2030 3212 2072 3269 ο
2109 3166 2278 3236 Οὗτος
2297 3176 2499 3241 τοίνυν,
2526 3175 2602 3240 ὼς
2630 3179 2730 3250 ἤδη
2760 3198 2850 3250 μοι
2893 3183 3128 3254 εἴρηται,
3159 3185 3342 3256 ἄρχων
3385 3188 3689 3257 καταστὰς,

2102 3263 2196 3316 τοῦ
2235 3265 2513 3336 τάγματος
2549 3270 2657 3322 τῶν
2689 3273 3029 3342 Φοιδεράτων
3087 3278 3242 3347 παρά
3291 3279 3387 3333 τοῦ
3415 3281 3678 3345 Λέοντος,

523 4827 607 4844 σου
643 4827 999 4861 ιιιιγυιαιυιια
1026 4827 1254 4866 γυιιιυο,
1279 4827 1459 4853 ηυιυυ
1492 4827 1546 4853 ιιι
1582 4827 1863 4857 lurauaul
1889 4827 2002 4860 tra-
2097 4827 2354 4898 τιόχειαν⁹
2392 4832 2544 4901 παρὰ
2569 4833 2664 4887 τοῦ
2704 4835 2829 4888 τότε
2865 4836 2956 4890 τδν

523 4882 557 4901 ἔ.
630 4881 670 4901 n
707 4883 717 4895 ι
799 4894 810 4901 .
852 4886 910 4901 ιοι
1339 4889 1373 4901 οι
1562 4893 1574 4901 .
1688 4894 1700 4901 .

429 4879 584 4991 Ξεοίι,
628 4881 1000 4941 Orientalibus
1035 4902 1175 4958 pene
1204 4889 1463 4946 omnibus
1492 4893 1767 4961 subactis,
1800 4908 2002 4966 praeter
2097 4879 2355 4991 τριξέὶιξ

3217 1884 3319 1953 οὐχ
3375 1885 3691 1956 ἁμάρτημα

2117 1974 2324 2041 ἡγεῖτο,
2370 1973 2466 2026 καὶ
2492 1973 2583 2027 τὸν
2607 1974 2699 2027 επὶ
2740 1975 2876 2028 πᾶσι
2903 1973 3036 2027 Θεὸν
3074 1975 3297 2046 ὀμνύειν
3327 1977 3692 2034 διεκελεύετο.

2117 2067 2208 2136 Τῷ
2256 2066 2314 2121 δι
2374 2066 2548 2138 Ἰούδα
2586 2065 2861 2137 σωτηρίαν
2889 2067 3221 2139 ἑπεφήμιζε,
3271 2071 3366 2124 καὶ
3396 2072 3457 2124 τὸ
3495 2072 3694 2142 Πάσχα

2112 2159 2175 2213 οὐ
2222 2158 2366 2212 κατὰ
2429 2157 2626 2230 καιρὸν
2677 2157 3043 2230 ἑορτάζεσθαι
3098 2160 3450 2231 ἐδειγμάτιζε.
3503 2164 3695 2217 Ταῦτα

2118 2249 2220 2321 μὲν
2253 2245 2347 2304 οὗν
2399 2251 2465 2304 ἐκ
2518 2250 2733 2304 πολλῶν
2763 2251 2923 2320 ὀλίγα
2968 2253 3066 2323 τῆς
3134 2254 3348 2308 ἐκείνου
3403 2255 3603 2320 κακίας
3655 2256 3692 2327 ἣ

2115 2345 2210 2399 καὶ
2233 2345 2418 2408 ἀνοίας
2443 2343 2799 2415 γνωρίσματα
2821 2344 3295 2417 ξυγγεγράεραται.
3349 2349 3418 2402 '0
3444 2349 3502 2402 δὲ
3529 2349 3689 2417 λόγος

2112 2437 2183 2490 τά
2211 2437 2331 2491 τότε
2355 2437 2742 2507 ξυμϐεϐηκότα
2768 2436 2956 2491 διδότω
2999 2440 3064 2510 τῇ
3109 2440 3346 2512 ἱστορίᾳ·
3372 2441 3444 2494 τὰ
3477 2441 3524 2494 δ’
3549 2437 3692 2514 ἦσαν

2111 2527 2368 2598 ἐμφύλιοι
2391 2528 2640 2598 πόλεμοι.
2677 2527 2736 2583 '0
2762 2528 2820 2583 δὲ
2840 2529 3048 2583 τούτων
3070 2530 3350 2602 κατάρξας
3381 2531 3584 2602 Θωμᾶς
3610 2534 3694 2607 (6)

2110 2615 2202 2692 ἦν,
2237 2615 2316 2684 εἷς
2347 2621 2457 2674 τῶν
2483 2621 2654 2694 τριῶν
2699 2623 2986 2693 τυγχάνων
3027 2623 3262 2694 ἀνδρῶν,
3298 2627 3425 2696 περὶ
3453 2617 3530 2679 ὧν
3558 2628 3588 2681 ό
3631 2628 3693 2679 ὲν

2109 2711 2190 2782 τῷ
2215 2710 2511 2783 Φιλομιλίῳ
2541 2712 2773 2783 μοναχδς
2823 2711 2899 2783 τῷ
2944 2711 3192 2786 Βαρδάνῃ
3241 2716 3576 2786 προέφησεν,
3614 2718 3694 2784 ὡς

2112 2801 2224 2856 ἀνω
2255 2821 2356 2857 που
2379 2805 2620 2874 εἴρηται,
2656 2803 2785 2867 τοὺς
2813 2803 2914 2874 μὲν
2937 2801 3031 2857 δύο
3064 2805 3432 2875 ἐπιϐήσεσθαι
3459 2808 3558 2878 τῆς
3583 2809 3684 2879 βα·

2114 2895 2314 2950 σιλείου
2349 2897 2544 2968 ἀρχῆς,
2573 2899 2663 2953 τὸν
2690 2899 2747 2953 δέ
2771 2918 2834 2969 γε
2857 2901 3064 2972 τρίτον,
3097 2903 3158 2968 δς
3189 2897 3364 2970 (οὗτος
3403 2900 3471 2975 ἦν
3496 2906 3526 2958 ό
3571 2907 3694 2960 Θωο

2114 2987 2242 3055 μᾶς)
2270 2990 2616 3060 ἐπιχειρῆσαι
2646 2993 2750 3063 μὲν
2783 2995 3082 3065 τυραννίδι,
3128 2999 3226 3052 καὶ
3251 2998 3430 3068 ἑαυτῷ
3462 2998 3694 3068 περιθέο

2110 3079 2236 3132 σθαι
2261 3081 2520 3153 διάδημα,
2551 3084 2626 3154 μὴ
2659 3087 2844 3156 μέντοι
2895 3089 2994 3143 καὶ
3015 3090 3116 3158 τῆς
3149 3090 3433 3160 βασιλείας
3473 3096 3690 3162 τυχεῖν.

2108 3352 2183 3416 ὡς
2219 3354 2361 3423 ἔγνω
2404 3358 2496 3410 τὸν
2526 3359 2824 3434 εὐεργέτην
2859 3365 3219 3434 ἀναιρεθέντα
3262 3370 3415 3439 παρὰ
3453 3370 3547 3424 τοῦ
3577 3374 3689 3426 Μι-

2106 3446 2268 3518 χαὴλ,
2300 3449 2378 3518 τῷ
2403 3451 2503 3520 μὲν
2553 3453 2733 3508 δοκεῖν
2776 3460 3040 3529 τιμωρῶν
3095 3462 3294 3533 ἐκείνῳ
3321 3503 3338 3527 ,
3366 3464 3445 3534 τῷ
3496 3465 3542 3518 δ’
3571 3465 3690 3520 ὄντι

2107 3539 2204 3609 τὴν
2233 3541 2514 3628 βασιλείαν
2553 3548 2898 3617 καραδοκῶν,
2929 3552 3178 3623 ἁνταίρει
3205 3556 3282 3624 τῷ
3307 3556 3555 3628 Μιχαὴλ,
3588 3561 3690 3611 καὶ

2109 3627 2403 3699 συναλίσας
2426 3630 2657 3702 δύναμιν
2682 3635 2781 3688 οὐκ
2805 3637 3304 3712 εὐκαταφρόνητον,
3324 3642 3544 3696 ἃπασαν
3567 3661 3664 3715 σχε

2109 3718 2200 3773 δὸν
2248 3721 2348 3792 τὴν
2379 3721 2520 3794 ἑῴαν
2547 3729 2740 3798 μοῖραν
2770 3731 3180 3801 ἐσφετερίσατο,
3223 3735 3318 3789 καὶ
3348 3737 3478 3800 τοὺς
3512 3738 3688 3808 δημοσ

2110 3812 2262 3874 σίους
2299 3815 2501 3886 φόρους
2541 3819 2691 3889 αὐτῷ
2723 3821 3055 3891 κομίζεσθαι
3110 3826 3527 3896 παρεσκεύασε.
3571 3831 3683 3883 Καὶ

2113 3905 2282 3970 πολὺς
2308 3908 2562 3963 ἐντεῦθεν
2599 3912 2894 3985 γενόμενος
2927 3918 3132 3988 ἐπῆλθε
3160 3920 3253 3972 καὶ
3281 3923 3394 3986 τοῖς
3441 3923 3686 3996 ’Δγαρη-

2113 3997 2248 4057 νοίς,
2279 3996 2600 4070 ἀδεέστερον
2649 4002 2774 4055 τότε
2829 4006 3015 4060 πᾶσαν
3079 4004 3426 4079 ληϊζομένοις
3478 4013 3683 4084 χώραν,

2115 4089 2208 4140 καὶ
2237 4091 2335 4153 τὰς
2377 4093 2574 4161 νήσους
2613 4096 2788 4160 αὐτὰς
2837 4098 2928 4154 διὰ
2964 4100 3057 4155 τὸν
3110 4105 3382 4173 ἐμφύλιον
3420 4108 3680 4179 πόλεμον.

2114 4181 2224 4235 Καὶ
2261 4183 2504 4238 ἐπελθὼν
2539 4189 2804 4260 ἀνέκοψεν
2837 4191 3038 4258 αὐτοὺς
3077 4195 3174 4267 τῆς
3205 4199 3403 4269 φορᾶς,
3434 4201 3531 4252 καὶ
3561 4202 3681 4252 ἁνα-

2115 4274 2287 4343 κόψας
2319 4281 2990 4354 παρεστρατοπεδεύσατο,
3045 4289 3138 4341 καὶ⁵
3182 4290 3240 4354 ἐς
3287 4289 3478 4360 λόγους
3521 4289 3683 4366 ἦλθεν

2113 4367 2320 4432 αὐτοῖς,
2353 4373 2447 4425 καὶ
2473 4374 2624 4442 ἥκων
2647 4376 2728 4440 είς
2768 4377 2983 4445 λόγους,
3018 4381 3312 4436 ἐσπείσατο
3357 4384 3453 4438 ἐπὶ
3490 4388 3684 4458 συνθή-

2112 4475 2238 4524 καις
2287 4461 2382 4515 τοῦ
2435 4463 2763 4536 Ῥωμαῖκῶν
2807 4470 2972 4537 ὁρίων
3026 4475 3434 4544 παραχωρῆσαι
3473 4479 3681 4544 αὐτοῖς,

2317 4556 2598 4626 βασιλείας
2642 4561 2921 4633 ἐγκρατὴς
2953 4565 3186 4633 γένοιτο.
3234 4566 3394 4622 Οὕτω
3422 4569 3480 4624 δὲ
3510 4571 3681 4624 ταῦτα

728 4641 968 4727 εἶιεωυδο
994 4641 1117 4727 ευιζο
1147 4641 1346 4666 “ww”
1365 4641 1487 4668 ⁵³³³⁸³
1509 4641 1733 4684 ¹υ5²¹ι¹⁵ν
1765 4641 2004 4688 ι)’¹“ῖ¹¹¹¹¹¹“
2100 4641 2539 4714 διοικησάμενος,
2577 4650 2672 4702 καὶ
2705 4651 2807 4721 τὴν
2851 4651 3097 4725 κεφαλὴν
3149 4656 3451 4727 ἀνεδήσατο
3494 4660 3679 4712 ταινία

728 4699 862 4727 εζητ.
947 4708 997 4727 ..ο
1047 4718 1073 4727 ,ι
1099 4718 1216 4727 --μμ
1271 4716 1578 4727 --_._-__.-
1669 4709 1682 4727 ε
1711 4725 1735 4727 ,_
1758 4725 1767 4727 _
1875 4713 1907 4727 ,α
3654 4715 3667 4727 ι

433 4693 558 4750 dem
599 4699 904 4767 stabilivit,
944 4708 1002 4756 et
1044 4703 1219 4759 classe
1266 4716 1582 4775 comparata
1611 4749 1625 4770 ,
1669 4709 1779 4764 imo
1835 4713 2001 4769 etiam

2110 4693 2382 4808 ﬂuctuati}:
2413 4739 2506 4792 καὶ
2533 4693 2894 4808 αὐτοκράτωρ
2922 4693 3205 4808 ἀνεόρήθη
3242 4693 3387 4802 κάτα
3413 4750 3516 4808 τὴν
3562 4715 3667 4804 ἈνΣ

2413 4739 2506 4792 καὶ
2533 4743 2894 4818 αὐτοκράτωρ
2926 4746 3205 4819 ἀνερρήθη
3242 4748 3387 4802 κατὰ
3413 4750 3516 4821 τὴν
3562 4751 3678 4804 Ἀν-

3016 4837 3207 4908 θρόνον
3237 4840 3412 4910 αὐτῆς
3442 4841 3535 4894 τὸν
3578 4861 3678 4895 παι

2361 4923 2417 4975 δν
2449 4924 2690 4996 ἔχοντος.
2735 4926 2858 4980 ’1ὼό
2889 4928 2934 4982 δ’
2964 4929 3175 4995 ἐκεῖνος
3217 4931 3509 5004 ἐκέκλητο.
3563 4936 3676 4987 K5.-

2101 5011 2282 5064 κεῖθεν
2332 5015 2594 5088 ὁρμηθεὶς
2642 5018 2741 5072 σὺν
2789 5020 3014 5092 μεγάλῳ
3071 5021 3443 5092 στρατεύματι
3496 5022 3674 5092 (ἔτυχε

2103 5103 2213 5174 γὰρ
2247 5108 2552 5178 συμμάχων
2581 5112 2680 5165 οὐκ
2727 5112 3048 5185 Ἀγαρηνῶν
3083 5115 3284 5184 μόνων,
3318 5114 3456 5168 ἀλλά
3498 5120 3590 5168 καὶ
3614 5114 3672 5178 ἐξ

2103 5195 2310 5267 ἑτέρων
2341 5199 2511 5254 ἐθνῶν
2544 5201 2831 5274 πλειόνων)
2865 5209 2932 5276 τῇ
2970 5207 3246 5278 τυραννίδι
3285 5207 3673 5278 κραταιότερον

2104 5287 2484 5366 ἐπεχείρησεν.
2518 5295 2623 5352 Ἦν
2657 5297 2714 5353 δὲ
2751 5299 2780 5352 ὁ
2819 5299 3020 5370 Θωμᾶς
3062 5291 3217 5364 οὗτος
3256 5301 3316 5354 οὐ
3352 5300 3463 5354 τῶν
3503 5300 3672 5354 εὐπαο

428 5369 650 5438 τριδῶν,
689 5371 826 5426 ἀλλὰ
869 5376 964 5426 καὶ
1014 5373 1125 5427 τῶν
1172 5374 1293 5429 λίαν
1335 5379 1589 5449 ἀσήμων,
1645 5382 1740 5434 καὶ
1786 5385 1994 5438 τούτων
2028 5388 2356 5460 Βαρϐάρων,
2427 5391 2520 5446 καὶ
2569 5391 2776 5463 ἀπορίᾳ
2844 5369 3141 5461 σύντροφος
3172 5395 3238 5464 τῇ
3270 5392 3498 5464 ἐσχάτῃ,
3533 5390 3668 5446 ὥστε

429 5462 525 5516 καὶ
555 5462 830 5518 δουλεύειν
873 5465 1092 5537 μισθοῦ.
1129 5467 1414 5538 ’Δναχθεὶς
1437 5471 1484 5525 δ’
1519 5473 1626 5528 ὑπὸ
1661 5474 1761 5545 τῆς
1828 5477 2022 5548 τύχης,
2061 5480 2138 5544 ὡς
2167 5482 2410 5554 εῐρηται,
2469 5485 2567 5538 καλ⁵
2597 5462 2872 5555 τυραννίδι
2902 5462 3281 5556 ἐπιχειρήσας,
3306 5462 3407 5555 τήν
3435 5462 3497 5538 τε
3540 5483 3670 5554 κλῆ-

1593 5588 1791 5651 Variae
1819 5589 2126 5659 lectiones
2165 5603 2226 5659 et
2270 5607 2457 5662 notas.

605 5679 1182 5772 θίξιέιξςςγᾼίροογηῐηυε
1212 5683 1268 5772 in
1289 5683 1409 5767 Vjta
1534 5686 1742 5772 Nicolai
1767 5689 1996 5772 S‘tudilge
2100 5707 2300 5772 narrat
2319 5701 2434 5770 ipse
2455 5699 2684 5772 Michael
2711 5701 2840 5772 imp.
2875 5700 2927 5756 in
2951 5699 3190 5770 Epistola
3223 5699 3288 5756 ad
3306 5699 3665 5772 Ludovicum,

500 5677 832 5802 (ὃζθωρᾷς.
863 5681 1182 5754 Anonymus
1212 5683 1268 5740 in
1289 5683 1409 5767 νέω
1446 5684 1503 5740 S.
1534 5686 1742 5742 Nicolai
1767 5689 1996 5747 Stuilitze

428 5748 535 5802 του
600 5753 1264 5843 ’°ﬁ*._“1’_9"_9‘3§l§.33°f39_
1285 5773 1401 5843 ῖης.
1436 5758 1759 5843 amem;
1801 5761 1996 5843 λυττίι·

427 5836 641 5884 σαντος.
678 5821 900 5876 Thowa:
947 5821 1266 5881 rebellionis
1299 5821 1752 5896 historiam'prae
1779 5821 1994 5886 caeteris

2101 5769 2243 5841 apud
2272 5769 2562 5826 Baronium
2591 5787 2682 5826 an.
2714 5771 2835 5838 89.4,
2863 5787 2918 5826 ιι.
2946 5769 3012 5827 l9
3032 5781 3087 5828 et
3110 5786 3264 5841 seqq.
