4010 6554
282 341 421 407 I335
628 351 633 358 ’
1515 338 1922 401 ANNALIUM
1964 338 2108 398 LIB.
2150 338 2270 400 XV.
3397 341 3529 408 1386

277 479 362 521 σιν
415 461 692 530 μετὲδετο,
733 461 1146 517 Κωνσταντϊνον
1194 458 1272 533 (7)
1307 455 1502 512 ἐαυτὸν
1544 455 1845 525 ὀνομάσας,
1887 455 1979 507 καὶ
2043 455 2300 508 κοινωνὸν
2350 453 2447 526 τῆς
2512 453 2812 525 βασιλείας,
2853 456 2929 520 ὼς
2958 458 3117 527 ᾣετο,
3155 457 3529 529 προσελάϐετο

274 555 410 617 υἱὸν,
431 555 744 628 εἰσποιητὸν
772 554 1193 626 οίκειωσάμενός
1226 569 1367 607 τινα.
1398 550 1505 604 Τοῦ
1535 549 1594 603 δὲ
1625 548 1846 619 Μιχαὴλ
1885 549 2149 618 στρατιὰν
2185 550 2308 603 κατ’
2378 549 2546 604 αὑτοῦ
2613 549 2961 617 ἐσταλκότος,
2991 550 3284 622 συμϐαλὼν
3318 552 3528 610 ἐκεῖνος

280 653 447 723 αὐτῇ,
471 653 600 717 τοὺς
639 654 738 723 μὲν
757 653 961 715 ἀνεῖλε,
993 651 1122 717 τοὺς
1169 650 1226 704 δὲ
1261 648 1508 719 φυγάδας
1540 647 1844 714 ἀπέφηνεν.
1889 643 2207 699 Κάντεῦθεν
2261 647 2653 718 κραταιότερον
2681 647 2783 714 τῆς
2844 648 3162 718 τυραννίδος
3199 649 3524 717 ἐπείληπτο,

271 745 368 798 καὶ
404 747 592 800 στόλον
617 746 1079 818 ἐξαρτυσάμενος,
1130 743 1268 797 ἀλλὰ
1303 743 1413 813 μὴν
1455 744 1551 794 καὶ
1597 737 1660 792 τὸ
1733 736 2012 807 βασιλικὸν
2081 739 2338 794 ναυτικὸν
2379 740 2469 810 ὑφ’
2522 741 2717 794 ἑαυτὸν
2782 742 3174 811 ποιησάμενος,
3246 742 3306 807 ἐξ
3365 740 3525 796 ’Δϐΰη

268 843 360 895 δου
386 843 526 913 πρὸς
554 843 656 914 τὴν
683 843 909 914 Θρᾴκην
941 840 1280 914 ἐπεραιώθη,
1313 839 1409 894 καὶ
1445 838 1516 892 τὰ
1545 836 1647 906 τῆς
1705 832 1881 904 Ἐᾠας
1911 834 2128 890 ἅπαντα
2197 836 2385 907 σχεδὸν
2417 837 2756 908 ὑπηγάγετο,
2823 837 2952 890 ἄνευ
2991 841 3181 908 μέντοι
3211 839 3317 892 τῶν
3357 838 3524 907 θέμα-

266 954 360 1002 τος
391 938 484 992 τοῦ
531 937 800 1008 Ὀψικίου,
827 930 889 991 οὗ
924 940 950 992 ὁ
982 937 1312 1002 Κατάκυλας
1352 935 1707 1006 ἐστρατήγει,
1766 934 1862 986 καὶ
1895 932 1990 986 τοῦ
2051 931 2163 984 τῶν
2205 932 2606 1000 Ἀρμενιακῶνο
2639 933 2668 985 ὁ
2716 933 2990 996 Ὀλϐιανδς
3024 934 3082 988 δὲ
3144 934 3244 1006 τήν
3287 953 3527 1006 στρατη-

266 1030 392 1098 γίδα
417 1029 610 1084 τούτου
651 1023 799 1100 εἶχεν
832 1028 1034 1100 ἀρχὴν,
1073 1028 1130 1094 ὃς
1155 1028 1219 1100 δὴ
1249 1028 1487 1098 λοχήσας
1520 1024 1738 1080 καὶτὸν
1803 1023 1881 1094 τῷ
1917 1024 2170 1094 τυράννῳ
2239 1023 2624 1094 εἰσποιηθέντα
2678 1025 2794 1078 υίὸν
2825 1024 3136 1097 κατασχὼν,
3171 1028 3383 1082 ἀνεῖλεν
3437 1032 3526 1083 εὑ·-

265 1124 387 1185 θύς.

335 1217 466 1275 ΚΓ.
505 1219 801 1288 Γενόμενος
837 1218 882 1272 δ’
928 1220 986 1272 ἐν
1029 1221 1095 1290 τῇ
1135 1219 1349 1291 Θρᾴκῃ,
1401 1219 1476 1282 ὡς
1538 1217 1780 1288 εἴρηται,
1824 1236 1833 1267 ι

2034 1210 2222 1265 XXIII.
2259 1209 2393 1265 Cum
2422 1203 2678 1271 Thomas,
2706 1219 2765 1263 ut
2794 1210 2997 1265 dictum
3019 1220 3123 1275 est,
3152 1212 3206 1267 in
3237 1213 3523 1271 Thraciam

263 1314 499 1383 Θωμᾶς,
585 1311 1056 1380 προστιθεμένους
1131 1312 1280 1383 αὐτῷ
1335 1313 1460 1376 τοὺς
1521 1311 1842 1381 ξύμπαντας

263 1402 526 1472 ἔσχηκεν.
561 1401 728 1466 Αὖθις
763 1399 856 1457 οὖν
889 1405 984 1458 τοῦ
1036 1403 1299 1476 βασιλέως
1339 1405 1484 1461 κατά
1508 1423 1567 1460 τε
1604 1405 1710 1476 γῆν
1742 1405 1841 1458 αὑ-

263 1496 342 1565 τῷ
373 1495 746 1564 συμμίξαντος
781 1497 870 1549 καὶ
905 1497 1047 1551 κατά
1072 1498 1372 1563 θάλασσαν,
1413 1500 1505 1552 καὶ
1536 1499 1704 1567 ἄμφω
1744 1500 1843 1561 τὰς

265 1588 530 1658 στρατιάς
561 1589 589 1641 ὁ
619 1590 882 1655 τύραννος
925 1589 1192 1660 ἐτρέψατό
1226 1607 1286 1644 τε
1336 1590 1432 1643 καὶ
1472 1589 1842 1654 διεσκέδασεν,

263 1677 623 1747 υίοθετήσατο
653 1677 698 1731 δ’
728 1677 937 1750 ἕτερον,
989 1678 1084 1731 τοῦ
1121 1678 1338 1750 πρώτου
1385 1678 1731 1740 κτανθέντος,
1767 1677 1844 1739 ὡς

265 1769 508 1838 εἴρηται,
569 1769 926 1823 Ἀναστάσιον
979 1769 1078 1840 μὲν
1118 1770 1481 1841 καλούμενον,
1523 1768 1758 1841 μοναχὸν
1796 1768 1840 1821 δ’

261 1860 391 1913 ὅντα
421 1859 514 1912 καὶ
547 1860 606 1912 τὸ
631 1862 732 1930 μὲν
767 1864 954 1933 σχῆμα
984 1862 1044 1914 τὸ
1077 1863 1220 1916 θεῖον
1245 1862 1687 1932 ἀποδυσάμενον,
1716 1876 1840 1914 στο-

261 1953 362 2023 λὴν
416 1953 475 2008 δὲ
521 1959 796 2025 κοσμικὴν
846 1955 1392 2027 μεταμφιασάμενον.
1457 1955 1546 2018 Ἐς
1589 1954 1744 2007 τοῦτο
1794 1953 1840 2006 δ’

260 2039 398 2114 ἧκεν
437 2046 677 2117 ἀπορίας
701 2048 729 2099 ὁ
753 2046 994 2116 Μιχαὴλ,
1018 2047 1094 2109 ὼς
1121 2046 1349 2117 σιδηρᾶν
1379 2048 1619 2099 ἐκτεῖναι
1648 2045 1839 2114 σειρὰν

262 2138 322 2202 ἐξ
365 2137 742 2208 Ἀκροπόλεως
791 2142 870 2201 εἰς
901 2140 961 2191 τὸ
1012 2139 1136 2192 κατ’
1183 2140 1484 2211 ἀντιπέραν
1541 2139 1835 2209 πολίχνιον,

263 2227 329 2280 ἶν’
355 2229 533 2282 ἄϐατα
571 2231 685 2294 τοῖς
717 2224 812 2283 τοῦ
855 2229 1122 2300 τυράννου
1171 2214 1496 2298 φυλάττοιτο
1545 2230 1614 2283 τὰ
1666 2231 1837 2293 ἐντός.

272 2320 410 2370 Ἀλλ’
433 2324 462 2374 ό
486 2319 687 2390 Θωμᾶς
711 2321 849 2391 ὁμοῦ
888 2325 956 2393 τῇ
1008 2321 1167 2375 πόλει
1221 2320 1524 2392 προσέϐαλε
1561 2322 1705 2376 κατά
1733 2321 1840 2391 γῆν

257 2429 316 2464 τε
349 2419 443 2464 καὶ
481 2411 784 2476 θάλασσαν,
817 2413 916 2483 τὴν
947 2412 1179 2484 σιδηρᾶν
1210 2413 1432 2484 ἐκείνην
1463 2414 1641 2485 ῥᾷστα
1686 2413 1838 2483 διαρ-

260 2503 430 2574 ρήξας
465 2503 678 2573 σειρὰν,
705 2503 803 2559 καὶ
835 2503 972 2576 ῷετο
1003 2506 1051 2558 εί
1095 2505 1257 2575 μόνον
1287 2504 1506 2574 φανείη,
1538 2505 1665 2567 τοὺς
1693 2506 1750 2559 ἐν
1769 2507 1834 2575 τῇ

1952 1306 2217 1370 venisset,
2241 1317 2432 1357 omnes
2463 1302 2529 1356 ad
2561 1318 2686 1356 eum
2715 1318 2772 1357 se
2813 1304 3186 1359 contulerunt.
3211 1306 3399 1377 Itaque
3425 1309 3526 1363 im-

1950 1404 2262 1464 peratorem
2308 1393 2493 1446 denuo
2540 1400 2684 1446 terra
2729 1391 2978 1461 marique
3010 1392 3176 1460 vicit,
3222 1396 3525 1468 proﬂigatis

1949 1484 2304 1547 exercitibus,
2351 1493 2405 1537 et
2442 1482 2496 1536 in
2525 1483 2801 1537 demortui
2837 1484 2933 1537 lilii
2959 1484 3139 1539 locum
3191 1487 3358 1542 alium
3394 1489 3525 1542 ado-

1953 1577 2148 1646 ptavit,
2199 1575 2422 1630 nomine
2480 1576 2832 1629 Anastasium
2865 1615 2882 1640 ,
2917 1578 3037 1646 qui,
3080 1594 3236 1634 sacro
3268 1583 3521 1636 monachi

1950 1669 2145 1724 habitu
2194 1668 2432 1740 abjecto,
2477 1667 2694 1722 civilem
2718 1678 3054 1738 sumpserat,
3101 1687 3280 1741 eoque
3311 1675 3525 1745 redegit

1949 1761 2289 1825 Michaclem,
2316 1767 2376 1814 ut
2402 1759 2582 1814 ferrea
2633 1770 2828 1815 catena
2847 1776 2912 1816 ex
2939 1762 3194 1833 Acropoli
3219 1766 3272 1819 in
3295 1751 3476 1834 oppid:
3502 1795 3526 1807 -

1948 1855 2062 1908 lum
2091 1870 2122 1909 e
2150 1854 2377 1924 regione
2412 1853 2579 1908 situm
2628 1862 2849 1909 extenta
2886 1863 3175 1924 tyrannum
3230 1857 3522 1928 prohibere

1947 1956 2263 2010 conaretur,
2302 1961 2373 2001 ne
2417 1947 2564 2000 intro
2596 1927 2936 2016 penetraret.
2976 1950 3084 2004 Sed
3106 1927 3348 2004 Thomas
3373 1959 3516 2005 terra

1949 2041 2199 2109 marique
2241 2040 2428 2103 simul,
2455 2037 2662 2109 impetu
2703 2038 2757 2091 in
2790 2039 2979 2094 urbem
3012 2040 3178 2104 facto,
3217 2050 3520 2108 catenaquu

1947 2131 2207 2186 facillime
2253 2139 2415 2199 rupta
2455 2168 2474 2192 ,
2515 2127 2783 2198 putabat,
2841 2129 2888 2183 si
2961 2145 2988 2183 a
3045 2129 3260 2184 civibus
3307 2138 3517 2184 tantum

1946 2221 2386 2289 conspiceretur,
2437 2219 2556 2273 fore
2616 2218 2720 2272 sibi
2787 2218 2862 2274 ob
2921 2220 3269 2288 imperatoris
3332 2219 3516 2272 odium

1946 2321 2137 2382 aperta
2166 2313 2371 2366 omnia.
2411 2311 2548 2366 Cum
2581 2319 2764 2366 autem
2801 2312 2947 2366 viros
2999 2311 3169 2366 fortes
3199 2290 3265 2366 se
3295 2309 3508 2380 praebc-

1948 2413 2072 2460 rent
2131 2406 2227 2476 qui
2259 2404 2451 2460 urbem
2484 2403 2805 2470 tuebantur,
2829 2419 2926 2474 spe
2951 2404 3216 2475 dejectus,
3255 2410 3366 2457 tum
3393 2402 3516 2472 qui-

1945 2498 2068 2553 dem
2118 2497 2364 2561 recessit,
2391 2511 2458 2552 ac
2480 2496 2681 2551 vallum
2726 2495 2928 2550 muniit
2969 2495 3117 2550 circa
3141 2509 3353 2549 sacram
3382 2509 3506 2548 san-

258 2593 412 2645 πόλει
442 2593 532 2647 διὰ
583 2595 682 2663 τὴν
726 2597 864 2665 πρὸς
907 2594 1000 2646 τὸν
1049 2592 1357 2666 κρατοῦντα
1394 2587 1716 2662 ἀπέχθειαν,
1749 2594 1833 2644 εὑ-

1939 2577 2153 2646 ctorum
2199 2589 2608 2660 Anargyrorum
2675 2587 2848 2642 aedem
2877 2629 2894 2654 ,
2944 2587 3037 2657 qui
3101 2587 3251 2641 locus
3299 2585 3510 2645 Paulini

255 2684 395 2754 χερῆ
419 2682 519 2755 τὴν
558 2683 764 2737 εἴσοδον
817 2684 965 2756 αὐτῷ
1007 2687 1332 2756 παρασχεῖν.
1375 2685 1530 2738 Ἐπεὶ
1574 2684 1620 2737 δ’
1663 2685 1839 2756 ἐρρω-

257 2777 456 2847 μένους
487 2777 690 2848 εὕρηκε
718 2777 850 2841 τοὺς
878 2778 1028 2842 ἐντὸς
1063 2778 1200 2848 πρὸς
1221 2778 1322 2848 τὴν
1352 2777 1452 2847 τῆς
1494 2777 1703 2841 πόλεως
1744 2794 1840 2846 φυ-

237 2869 456 2939 λακήν,
483 2869 580 2922 καὶ
609 2869 720 2922 τῶν
749 2869 986 2923 ἐλπίδων
1036 2869 1308 2940 ἐψεύσθη,
1337 2869 1461 2923 τότε
1499 2869 1598 2940 μὲν
1625 2868 1835 2940 ἀνεχώ-

263 2978 423 3032 ρησε,
477 2961 573 3015 καὶ
630 2961 884 3032 βάλλεται
929 2961 1148 3033 χάρακα
1209 2964 1352 3017 κατὰ
1411 2963 1474 3016 τὸ
1525 2963 1632 3016 τῶν
1674 2962 1834 3016 θείων

266 3049 621 3120 ’Δναργύρων
681 3047 982 3120 ἱερώτατον
1032 3049 1282 3118 τέμενοςο
1342 3051 1370 3104 ὁ
1419 3049 1586 3114 τόπος
1634 3049 1692 3104 δὲ
1736 3049 1834 3104 τοῦ

257 3137 531 3192 Παυλίνου
581 3136 891 3210 ὠνόμαστο.
942 3136 1200 3208 Ἡμερῶν
1229 3138 1287 3192 δέ
1318 3155 1483 3193 τινων
1515 3139 1836 3210 διαγενομέ-

252 3246 380 3294 νων,
428 3230 522 3282 καὶ
570 3229 712 3283 κατά
762 3230 960 3300 χέρσον
1009 3226 1166 3293 αὖθις
1221 3232 1316 3284 καὶ
1369 3234 1512 3286 κατά
1556 3232 1832 3286 θάλασσαν

251 3325 501 3391 ἐπήγαγε
535 3323 600 3391 τῇ
631 3322 787 3374 πόλει
837 3321 929 3375 τὸν
982 3322 1241 3392 πόλεμον,
1300 3321 1576 3386 ἑλεπόλεις
1633 3340 1692 3376 τε
1736 3323 1832 3376 καὶ

251 3418 531 3486 κλίμακας
558 3416 924 3485 ἐπαγόμενος.
983 3415 1068 3479 Ὠς
1100 3415 1146 3467 δ’
1180 3415 1334 3487 ἐώρα
1363 3415 1430 3470 τὰ
1460 3417 1560 3486 τῆς
1585 3417 1829 3487 σπουδῆς

249 3510 402 3579 αὑτῷ
454 3509 792 3578 πανταχόθεν
841 3509 1102 3578 ἀνήνυτα,
1150 3509 1275 3561 τότε
1325 3508 1423 3579 μέν
1463 3509 1565 3582 τὴν
1615 3508 1832 3579 ψυχρὰν

251 3604 662 3675 ἐκτρεπόμενος
711 3604 935 3674 Θρᾴκην
994 3603 1227 3675 (χειμὼν
1266 3603 1376 3676 γὰρ
1415 3598 1504 3674 ἦν)
1531 3604 1632 3674 τὴν
1667 3620 1832 3675 στρα-

253 3697 376 3750 τιὰν
406 3695 575 3751 αὐτοῦ
603 3697 722 3759 ταῖς
749 3695 956 3767 χώραις
996 3696 1290 3765 διένειμεν,
1331 3697 1391 3750 ἐν
1420 3695 1650 3759 ταύταις
1703 3713 1829 3764 σχο-

248 3789 540 3856 λάζουσαν,
576 3790 670 3843 καὶ
692 3788 792 3860 τὴν
831 3789 925 3842 τοῦ
959 3789 1228 3860 χειμῶνος
1261 3787 1670 3858 ἐκφευξομένην
1713 3786 1831 3858 δριο

251 3881 491 3951 μύτητα.
534 3879 696 3952 ¹Ἀρτι
739 3880 796 3934 δέ
823 3879 918 3934 τοῦ
967 3880 1126 3952 ἔαρος
1170 3881 1502 3971 ἐφεστῶτος,
1533 3881 1631 3934 καὶ
1666 3879 1830 3934 πάλιν
1857 3911 1902 3971 c

252 3974 498 4042 προσῆγε
530 3973 626 4024 καὶ
673 3971 1066 4041 ἀμφοτέρωθεν
1108 3972 1173 4041 τῇ
1208 3970 1364 4023 πόλει
1411 3968 1510 4039 τὴν
1541 3971 1827 4042 στρατιὰν,

249 4065 344 4117 καὶ
374 4063 737 4134 περιεκύκλου
758 4063 828 4116 τὰ
855 4062 1008 4133 τείχη
1037 4062 1115 4133 τῷ
1151 4079 1214 4116 τε
1255 4063 1407 4134 πεζῷ
1442 4062 1814 4134 στρατεύματι

250 4155 346 4207 καὶ
375 4153 456 4222 τῷ
491 4153 757 4225 ναυτικῷ.
790 4153 933 4224 Ἤδη
961 4154 1018 4206 δὲ
1047 4154 1144 4207 καὶ
1171 4152 1250 4225 τῷ
1270 4153 1491 4224 Μιχαὴλ
1523 4154 1822 4224 ἡτοίμαστο

251 4245 346 4299 καὶ
372 4245 559 4308 στόλος
591 4248 689 4300 καὶ
727 4247 1067 4318 στράτευμα.
1101 4247 1298 4316 Λόγοις
1327 4246 1422 4300 οὖν
1481 4246 1826 4316 παρακλητι-

249 4339 364 4399 κοῖς
387 4340 516 4403 τοὺς
558 4338 796 4401 οἰκείους
822 4341 1253 4412 παραθαρρύνας
1277 4342 1304 4394 ὁ
1328 4339 1602 4410 βασιλεὺς,
1633 4340 1829 4412 ἀθρόον

247 4435 312 4485 ἐκ
336 4431 600 4484 πλειόνων
616 4433 802 4487 πυλῶν
830 4433 1018 4502 ἐξάγει
1045 4432 1294 4495 τούτους,
1335 4433 1430 4485 καὶ
1453 4434 1827 4504 συρρήγνυται

255 4524 329 4595 τῷ
362 4525 457 4578 τοῦ
502 4525 772 4593 τυράννου
825 4525 963 4595 λαῷ.
1003 4525 1066 4578 Οί
1098 4525 1155 4579 δὲ
1200 4523 1276 4594 τῷ
1309 4525 1568 4594 αἰφνιδίῳ
1615 4525 1708 4577 καὶ
1748 4524 1827 4594 τῷ

248 4616 442 4688 θράσει
485 4615 597 4669 τῶν
661 4617 930 4671 ἐπιόντων
984 4615 1515 4682 ἀποδεδειλιακότες,
1565 4615 1635 4667 τὰ
1679 4614 1826 4668 νῶτα

252 4707 572 4778 μετέϐαλον,
613 4708 709 4760 καὶ
753 4707 952 4760 ἔπεσον
986 4708 1198 4771 πολλοὶ,
1236 4707 1332 4761 καὶ
1382 4710 1413 4778 ή
1458 4707 1582 4777 νίκη
1615 4706 1724 4761 τῶν
1760 4707 1826 4760 ἐκ

247 4800 349 4868 τῆς
385 4800 592 4862 πόλεως
619 4796 708 4871 ἦν.
757 4801 838 4853 Τὰ
870 4800 970 4870 μέν
994 4797 1089 4854 οὖν
1119 4801 1260 4854 κατά
1302 4801 1496 4870 χέρσον
1523 4798 1667 4852 οὕτω
1701 4816 1823 4852 συνο

249 4890 451 4962 ηνέχθή
491 4891 570 4963 τῷ
599 4892 904 4966 ἀποστάτῃ·
942 4893 1004 4945 οὐ
1030 4892 1138 4962 μὴν
1161 4891 1275 4944 ἀλλ’
1303 4891 1423 4944 οὐδὲ
1452 4890 1522 4945 τὰ
1555 4890 1699 4944 κατά
1730 4891 1827 4945 θά-

247 4983 458 5036 λασσαν
511 4983 730 5036 κάλλιον
774 4983 929 5052 ἐσχεν
965 4983 1140 5054 αὐτῷ.
1197 4983 1310 5046 Τὰς
1365 4981 1477 5053 γὰρ
1534 4981 1822 5051 βασιλικὰς

247 5076 501 5145 τριήρεις
527 5073 590 5127 τὸ
615 5075 708 5128 τοῦ
733 5075 1001 5144 τυράννου
1038 5074 1296 5128 ναυτικὸν
1327 5074 1669 5144 θεασάμενον
1695 5076 1823 5127 ἐπι-

248 5164 414 5226 ούσας
445 5166 617 5234 αὐτῷ,
647 5170 748 5237 οὐχ
775 5166 1107 5234 ὑπήνεγκεν,
1139 5165 1254 5218 ἀλλ’
1305 5164 1489 5230 εὐθὺς,
1539 5166 1640 5219 τὴν
1687 5182 1824 5234 συμ-

1939 2689 2188 2734 vocatur.
2247 2680 2454 2735 Diebus
2507 2679 2719 2749 aliquot
2771 2678 3002 2748 elapsis,
3069 2676 3262 2732 urbem
3331 2675 3515 2729 denuo

1940 2780 2082 2825 terra
2113 2770 2362 2840 marique
2385 2777 2685 2840 oppugnat,
2728 2769 3000 2824 machinis
3030 2776 3086 2822 et
3113 2768 3277 2823 scalis
3300 2765 3517 2821 adbibi-

1941 2863 2034 2919 tis.
2065 2863 2135 2919 Ut
2161 2878 2290 2919 vero
2314 2878 2372 2918 se
2412 2878 2635 2918 omnem
2669 2877 2892 2932 operam
2916 2871 2973 2916 et
3001 2861 3304 2930 impensam
3327 2860 3518 2915 ludere.

1937 2955 2098 3022 vidit,
2160 2963 2312 3022 tunc,
2368 2953 2565 3026 frigida
2620 2953 2854 3010 Thracia
2906 2953 3096 3008 relicta
3137 2955 3285 3024 (nam
3340 2952 3518 3008 hiems

1935 3047 2101 3118 erat),
2130 3048 2405 3102 exercitus
2438 3048 2493 3102 in
2539 3046 2851 3116 provincias
2867 3045 3170 3111 distribuit,
3205 3053 3264 3100 ut
3298 3044 3372 3100 ibi
3402 3046 3516 3100 otio

1935 3139 2166 3193 recreati
2201 3139 2401 3193 hiemis
2438 3137 2704 3193 saevitiam
2746 3137 3037 3192 evitarent.
3081 3136 3195 3192 Sub
3229 3139 3376 3193 veris
3405 3139 3511 3192 ini-

1934 3229 2105 3294 tium,
2148 3227 2394 3298 legiones
2441 3228 2623 3283 denuo
2657 3229 2914 3298 utrinque
2949 3236 3142 3282 contra
3183 3228 3372 3282 urbem
3402 3227 3497 3280 ad-

1935 3323 2129 3389 duxit,
2169 3337 2401 3392 eamque
2441 3330 2498 3377 et
2539 3322 2887 3393 pedestribus
2924 3330 2982 3377 et
3016 3322 3300 3377 navalibus
3338 3322 3514 3392 copiis

1935 3413 2318 3471 circumdedit.
2365 3413 2469 3469 Sed
2499 3422 2555 3468 et
2587 3413 2818 3469 Michael
2857 3413 3070 3468 interea
3116 3423 3172 3467 et
3199 3414 3426 3468 classem
3459 3425 3516 3466 et

1934 3507 2140 3562 milites
2175 3514 2479 3576 comparat,
2523 3521 2763 3577 suosque
2837 3505 3161 3561 cohortatus
3189 3545 3203 3570 ,
3261 3505 3514 3575 pluribus

1935 3598 2114 3668 portis
2155 3613 2222 3652 ex
2276 3598 2578 3667 improviso
2621 3597 2889 3668 impetum
2946 3597 3003 3652 in
3051 3597 3268 3668 tyranni
3326 3596 3514 3667 copias

1931 3689 2082 3746 fecit.
2116 3690 2199 3745 Illi
2226 3704 2358 3746 vero
2385 3699 2441 3744 et
2466 3691 2844 3759 inexspectata
2871 3689 3241 3759 aggressione,
3268 3696 3326 3743 et
3345 3688 3512 3742 auda-

1933 3783 2018 3839 cia
2082 3781 2327 3838 hostium
2381 3780 2582 3844 territi,
2629 3790 2778 3848 terga
2843 3780 3157 3846 dederunt,
3211 3779 3510 3849 multisque

1933 3873 2091 3929 caesis
2137 3871 2371 3927 victoria
2430 3885 2604 3940 penes
2647 3871 2892 3925 urbanos
2937 3870 3066 3926 luit.
3115 3873 3193 3925 Ae
3231 3880 3380 3926 terra
3429 3871 3511 3926 sic

1935 3975 2120 4022 actum
2157 3973 2244 4021 est
2280 3979 2404 4018 cum
2438 3963 2745 4028 desertore,
2791 3963 3040 4033 marique
3078 3963 3257 4019 nihilo
3287 3963 3508 4019 melius.

1935 4058 2070 4114 Nam
2121 4057 2337 4130 tyranni
2407 4072 2607 4122 naves,
2651 4070 2776 4111 cum
2809 4054 3218 4125 imperatoriam
3276 4056 3507 4111 classem

1937 4161 2129 4208 contra
2161 4165 2219 4206 se
2248 4150 2328 4205 ire
2356 4149 2644 4214 vidissent,
2672 4164 2784 4203 non
2813 4149 3168 4214 restiterunt,
3218 4149 3316 4204 sed
3369 4163 3506 4204 con-

1933 4259 2122 4314 gressu
2147 4243 2375 4308 evitato,
2401 4241 2619 4297 assidua
2643 4241 3003 4313 remigatione
3028 4241 3094 4296 ad
3117 4239 3507 4297 Continentem

1931 4337 2266 4407 appulerunt
2296 4355 2308 4391 :
2349 4336 2423 4391 ibi
2468 4335 2562 4390 alii
2593 4334 2965 4406 diﬂugerunt,
2985 4336 3079 4391 alii
3100 4335 3170 4391 ad
3188 4335 3509 4392 Michaelem

1931 4429 2273 4485 defecerunt.
2305 4430 2509 4485 Verum
2551 4429 2811 4485 desertor
2835 4431 3176 4501 tyrannidem
3225 4430 3384 4500 138
3419 4432 3513 4485 ad-

1934 4519 2046 4574 huc
2078 4520 2330 4590 urgebat,
2359 4535 2540 4589 neque
2572 4520 2714 4574 vallo
2742 4521 2945 4585 soluto,
2975 4529 3032 4576 et
3055 4521 3229 4576 classe
3258 4534 3421 4587 quam
3456 4519 3510 4572 in

1928 4610 2137 4666 Graecia
2206 4618 2452 4680 paratam
2550 4610 2788 4664 habebat
2867 4611 3156 4665 accersita.
3197 4608 3329 4675 Qua:
3383 4624 3508 4662 cum

1928 4699 2186 4764 venisset,
2217 4707 2274 4754 et
2299 4699 2450 4770 juxta
2482 4697 2710 4770 Byridas
2776 4713 2945 4753 naves
2978 4698 3260 4754 subductae
3300 4708 3504 4761 essent,

1927 4790 2206 4845 Michaelis
2236 4790 2505 4846 classiarii
2536 4805 2602 4845 ea
2630 4805 2689 4845 re
2723 4789 2962 4860 cognita,
2993 4801 3156 4844 noctu
3190 4804 3282 4844 eas
3315 4804 3507 4859 aggre-

1933 4883 2254 4947 diuntur,et
2276 4883 2539 4953 quasdam
2571 4882 2854 4939 hostilium
2878 4882 3100 4937 navium
3133 4892 3421 4952 ceperunt,
3453 4894 3509 4938 et

1931 4973 2192 5044 quasdam
2239 4973 2350 5044 igni
2397 4973 2588 5029 Graaco
2638 4973 3036 5039 incenderunt,
3091 4982 3152 5027 ut
3221 4990 3507 5044 perpaucm

1927 5065 2222 5120 admodum
2253 5075 2627 5136 superessent.
2661 5064 2833 5120 Terra
2863 5073 3047 5120 autem
3081 5065 3274 5121 crebra
3324 5067 3504 5135 prazlia

1927 5161 2154 5224 ﬁebant,
2177 5158 2482 5227 Theophilo
2530 5158 2876 5228 imperatoris
2897 5157 3009 5212 lilio
3038 5159 3200 5225 duce,
3230 5158 3324 5212 sed
3347 5173 3506 5220 ωέιιιυ

248 5252 457 5323 ⁸πλοκὴν
519 5256 594 5328 μὴ
648 5257 958 5329 θαρρἧαν,
1015 5255 1232 5326 εἰρεσία
1291 5257 1457 5326 συχνῇ
1515 5255 1652 5326 πρὸς
1715 5253 1816 5324 τὴν

1938 5251 2039 5308 Tere
2073 5251 2241 5306 Marte
2297 5250 2663 5320 pugnabatur,
2715 5250 2946 5306 victoria
2996 5250 3063 5306 ad
3093 5261 3344 5306 neutram
3383 5265 3482 5320 par

249 5343 448 5411 χέρσον
503 5346 828 5414 κατήγοντο,
863 5345 958 5397 καὶ
997 5344 1048 5396 οἱ
1100 5343 1197 5414 μὲν
1240 5343 1662 5413 ἀπεδίδρασκον,
1694 5343 1744 5395 οἱ
1768 5343 1826 5396 δέ

1935 5354 2042 5402 tem
2073 5344 2388 5400 inclinante.
2407 5343 2622 5399 Interea
2646 5358 2779 5400 vero
2825 5343 3034 5415 aliquid
3051 5343 3268 5410 accidit,
3287 5358 3398 5414 quo
3416 5359 3506 5404 res

1353 5555 1361 5570 ι
1428 5479 1629 5540 Varias
1669 5478 1974 5542 lectiones
2019 5485 2082 5543 et
2125 5484 2316 5542 notae.

322 5604 400 5728 QZ)
448 5607 928 5660 Κωνσταντῑνον.
965 5604 1130 5660 Addit
1180 5604 1451 5676 Georgius
1485 5603 1833 5663 Hamartolus

253 5675 308 5728 in
366 5675 548 5728 ‘hron.
581 5691 681 5728 nis.
719 5678 890 5728 lilium
928 5677 1114 5728 lrenes
1137 5677 1398 5728 Aueustaa
1451 5687 1712 5728 nrmterea
1776 5694 1833 5728 se

1939 5611 2040 5674 τῆς
2061 5608 2264 5679 Συρίας
2297 5608 2554 5676 ἀφίκετο,
2575 5609 2990 5662 Κωνσταντῖνον
3039 5606 3205 5658 αὑτὸν
3269 5624 3508 5674 μετωνο-

1945 5681 2146 5728 uacua.
2184 5680 2278 5728 καὶ
2301 5680 2417 5728 υἱὸν
2436 5679 2672 5728 Εἰρήνης
2693 5679 2791 5728 τῆς
2829 5677 3176 5728 ϐασιλίσσης.
3204 5677 3339 5728 Vide
3359 5677 3498 5728 (Jon-

386 5675 548 5730 hron.
581 5691 681 5730 nis.
719 5678 890 5730 lilium
928 5677 1114 5731 lrenes
1137 5675 1398 5745 Augustae
1450 5687 1712 5745 prmterea
1776 5694 1835 5733 se

1930 5677 2151 5749 'pa'tauq,
2184 5680 2278 5750 καὶ
2301 5680 2417 5732 υἱὸν
2436 5679 2672 5750 Εἰρήνης
2693 5679 2791 5750 τῆς
2829 5677 3176 5750 βασιλίσσης.
3204 5677 3339 5735 Vide
3359 5677 3498 5732 Con-

251 5745 458 5801 dixissc
501 5763 514 5803 :
542 5748 802 5816 Διογενής
837 5764 896 5798 τε
935 5748 1030 5800 καὶ
1048 5748 1259 5815 ἀφανὴς
1287 5745 1388 5813 ὢν,
1420 5749 1562 5818 πρδς
1590 5749 1658 5803 τὰ
1688 5748 1833 5820 μέρη

1942 5745 2144 5806 iinuat.
2181 5745 2515 5823 'l‘thphan.
2541 5745 2576 5804 Ι.
2611 5745 2649 5816 ι’,
2679 5764 2735 5803 n.
2762 5749 2815 5802 l.

584 5843 860 5904 PATROL.
903 5841 1017 5902 Gs.
1054 5841 1367 5904 CXXXIV.

3027 5839 3106 5901 1ι4
