4010 6546
448 415 591 480 I399

1709 403 2034 470 JOANNIS
2072 401 2396 464 ZONAR/E

3560 396 3706 463 1400

443 547 563 588 esse
598 529 927 601 suspicatus,
960 535 1270 583 commotus
1308 536 1365 582 et
1398 528 1477 583 ira
1510 533 1750 583 aestuans
1781 525 2014 592 impera—

2125 518 2299 570 txs‘tvo
2330 515 2713 588 ἀνθρωπάριον
2737 510 2807 566 τὰ
2833 510 2953 565 θεία
2986 507 3326 580 θεασάμενον
3360 506 3702 580 ἑκτυπώμα-

444 627 635 682 tricem
681 624 922 690 accedit,
968 631 1023 678 et
1056 621 1469 678 contumeliosis
1503 618 1667 676 dictis
1710 618 2012 678 insectans,

445 716 786 771 idololatram
830 713 1085 783 appellat,
1127 727 1299 782 eaque
1333 711 1501 766 refert
1532 726 1653 781 quae
1692 724 1722 765 a
1763 707 2013 763 Dendere

444 807 523 879 (id
556 807 701 862 enim
738 806 888 860 fatuo
924 820 1125 859 nomen
1157 805 1294 874 erat)
1331 804 1652 859 audivisset.
1689 802 1889 859 Verum
1921 799 2012 854 illa

443 901 700 957 maritum
723 900 953 954 solerter
982 898 1233 967 decepit:
1262 896 1445 967 Neque
1472 897 1633 961 enim,
1660 892 1860 964 inquit,
1881 893 2015 946 ima-

443 996 588 1065 gines
627 992 755 1047 ridi:
800 990 1087 1055 Denderis,
1125 992 1217 1042 sed
1265 1006 1383 1043 cum
1441 987 1711 1059 speculum
1758 987 2013 1048 intuerer,

443 1084 642 1153 formas
666 1095 782 1151 qua:
807 1081 862 1133 in
888 1096 944 1134 eo
962 1078 1678 1151 reprcseutabvanturmupas
1705 1074 2014 1147 appellavit.

446 1174 520 1226 Eo
565 1171 838 1242 probabili
887 1179 1234 1234 commento,
1269 1168 1618 1239 imperatoris
1659 1167 1795 1222 iram
1843 1164 2019 1220 decli-

442 1263 594 1319 navit
648 1263 1006 1332 furoremque
1031 1261 1210 1317 leniit.
1238 1261 1374 1316 Nam
1402 1276 1527 1316 cum
1553 1274 1748 1315 omnes
1777 1259 1830 1312 in
1861 1273 2014 1312 suam

442 1357 780 1427 impietatem
823 1355 1146 1427 pertrahere
1185 1358 1453 1418 studeret,
1496 1367 1673 1409 saevus
1718 1351 2014 1405 admodum

441 1464 570 1520 erga
603 1448 722 1519 pios
756 1447 879 1512 fuit,
911 1455 966 1501 et
998 1455 1057 1501 ut
1078 1446 1329 1518 justitiaa,
1366 1444 1447 1501 sic
1474 1453 1530 1500 et
1558 1445 1677 1514 ejus
1707 1458 1870 1514 quam
1901 1443 2017 1512 ipse

443 1542 710 1610 probabat
756 1542 982 1612 pietatis
1026 1541 1333 1596 acerrimus
1380 1538 1659 1603 defensor,
1704 1537 1956 1593 subditos
1986 1551 2016 1592 a

442 1632 592 1685 cultu
627 1630 926 1701 imaginum
964 1632 1237 1686 abducere
1272 1631 1465 1685 insano
1499 1630 1686 1685 studio
1716 1629 2020 1686 contende-

446 1724 557 1788 bat,
582 1724 840 1794 caquede
864 1741 1026 1780 causa
1046 1724 1247 1779 multos
1274 1722 1572 1794 puniebat:
1604 1729 1664 1777 ut
1687 1736 1803 1785 eos,
1824 1735 2018 1791 quem-

445 1817 740 1873 admodum
785 1818 1168 1887 intemperanti
1212 1817 1395 1886 lingua
1439 1815 1692 1879 dicebat,
1739 1814 1807 1869 ab
1840 1814 2015 1869 idolo-

2119 627 2210 673 τα,
2239 608 2296 663 τί
2324 609 2517 673 ταῦτα,
2565 607 2728 680 ἤρετο
2776 605 2875 676 τὴν
2926 602 3279 675 βασίλισσανσ
3328 603 3363 673 ἠ
3401 600 3459 655 δὲ
3486 602 3710 671 ἀφελῶς
3748 614 3757 617 '

2122 719 2240 765 πως
2267 700 2404 774 πρὸς
2432 702 2608 754 ἐκεῖνο
2655 696 2802 765 εἷπε,
2847 697 3039 753 Ταῦτα
3070 695 3143 750 τὰ
3172 694 3328 750 καλά
3364 711 3489 764 μου
3513 696 3704 748 νινία.

2134 793 2372 847 Ἐκεῖθεν
2399 792 2495 848 οὖν
2525 792 2737 857 ἐξελθὸν
2753 789 2813 845 τὸ
2834 789 3160 860 παράφορον
3181 788 3360 841 ὶκετνο
3384 784 3703 857 ἀνδράριον,

2122 880 2248 956 εὗρε
2275 885 2367 939 τὸν
2392 883 2652 954 Θεόφιλον
2695 880 3047 950 ἑστιώμενον.
3077 878 3279 952 ’Βρετο
3307 876 3442 947 γοῦν
3476 880 3504 931 6
3539 877 3697 947 βασι·

2122 979 2247 1043 λεὺς
2297 979 2462 1032 αὐτὸν
2489 976 2612 1032 ὅθεν
2665 976 2790 1048 ἥκοι
2816 991 2832 1041 ;
2882 976 2942 1029 '0
2970 973 3027 1028 δὲ
3057 972 3209 1043 παρὰ
3239 975 3305 1042 τῇ
3335 971 3555 1039 Μάννᾳ
3583 970 3700 1039 (2‘2)

2124 1070 2461 1142 πορευθῆναι
2506 1069 2846 1140 ἀντέφησεν,
2885 1065 3053 1136 (οὕτω
3104 1064 3214 1135 γὰρ
3242 1062 3429 1118 ἐκάλει
3455 1064 3571 1135 τὴν
3610 1063 3703 1114 δέ-

2125 1166 2375 1233 σποιναν)
2406 1162 2550 1233 ἒχειν
2572 1162 2741 1233 αὐτὴν
2773 1159 2929 1228 ῑλεγε
2971 1157 3117 1212 νινία
3143 1157 3305 1212 καλά.
3340 1157 3575 1218 Εἰκόνας
3602 1153 3707 1207 οὖν

2124 1256 2265 1314 εἶναι
2312 1260 2379 1313 τὰ
2414 1258 2555 1313 νινία
2608 1256 2960 1327 ὑποτοπήσας
2991 1256 3019 1307 6
3066 1252 3325 1324 βασιλεὺς
3373 1250 3702 1321 ὲξὼργιστο.

2123 1354 2221 1408 καὶ
2251 1352 2388 1424 πρὸς
2417 1355 2516 1421 τὴν
2565 1349 2808 1420 βασιλίδα
2837 1345 3133 1419 πορεύεται
3166 1345 3345 1397 πνέων
3377 1338 3575 1412 θυμοῦ,
3607 1341 3706 1392 καὶ

2125 1447 2315 1517 ὖϐρεις
2348 1445 2609 1515 κατέχεεν
2635 1442 2875 1510 ἐκείνης.
2896 1439 2990 1494 καὶ
3014 1435 3395 1503 είδωλολάτριν
3423 1430 3706 1502 ὠνόμαζε,

2122 1541 2191 1594 τὰ
2222 1537 2489 1610 εἰρημένα
2526 1535 2680 1606 παρὰ
2712 1533 2804 1587 τοῦ
2835 1530 3054 1601 Δένδερι
3102 1525 3466 1596 διηγούμενος
3490 1540 3505 1553 ·
3558 1539 3708 1576 ουτω

2124 1633 2234 1702 γὰρ
2261 1633 2321 1685 τὸ
2349 1626 2849 1700 παρακεκομμένω
2874 1627 3053 1677 ἐκεῖνο
3080 1622 3330 1676 ἐκαλείτο
3362 1617 3703 1688 ἀνθρώπιον.

2139 1726 2203 1778 Ἦ
2241 1722 2298 1775 δὲ
2322 1722 2503 1788 σοφῶς
2533 1720 2625 1774 τὸν
2657 1718 2826 1789 ἄνδρα
2855 1713 3257 1783 κατεσοφίσατο
3277 1728 3291 1743 ⁸
3328 1711 3412 1764 οὐ
3462 1707 3577 1777 γὰρ
3619 1708 3707 1760 ει-

2126 1821 2309 1883 κόνας
2324 1812 2485 1869 εἶδεν
2513 1816 2546 1867 ό
2568 1810 2860 1879 Δένδερις,
2883 1808 3089 1875 ἔλεγεν,
3106 1805 3265 1861 ἀλλὰ
3291 1803 3373 1869 τῷ
3395 1804 3711 1868 κατόπτρῳ

445 1910 625 1963 mania
677 1910 1013 1976 depelleret,
1077 1925 1141 1964 ac
1195 1911 1397 1963 multos
1455 1910 1805 1964 confessores
1859 1909 2011 1964 fecit.

2125 1929 2235 1980 μου
2266 1905 2740 1971 ἑνατενιζυύσης,
2780 1902 2883 1968 τὰς
2911 1901 3142 1955 ἐκεῖθεν
3162 1890 3709 1962 ἀντανακλωμένης

440 1995 708 2050 Joannem
763 1995 1108 2067 Synecllum,
1159 2013 1269 2067 quo
1320 1997 1581 2066 magistro
1626 2013 1762 2054 usus
1808 1998 2011 2065 fuerat,

444 2086 743 2156 impietatis
792 2104 904 2143 suae
954 2090 1202 2155 socium,
1252 2090 1409 2163 145
1447 2093 1515 2147 ad
1561 2093 1840 2162 Agarenos
1888 2107 2015 2148 cum

443 2178 697 2235 maximis
720 2179 915 2249 opibus
953 2181 1249 2252 ablegavit,
1278 2179 1496 2251 imperii
1530 2182 1761 2237 Romani
1794 2181 2017 2237 divitias

442 2280 858 2337 ostentatnrus,
900 2289 1135 2343 quarum
1192 2275 1487 2330 nonnullas
1536 2290 1728 2330 eorum
1780 2274 2016 2345 principi

443 2367 590 2419 dono
623 2366 793 2431 misit,
819 2367 1112 2421 nonnullas
1143 2367 1340 2423 Joanni
1377 2369 1444 2422 ad
1480 2367 1847 2423 ministerium
1874 2367 2018 2422 assi-

441 2457 664 2526 gnavit,
719 2457 864 2513 inter
906 2472 1044 2526 quas
1092 2458 1203 2514 duo
1249 2473 1475 2530 quoque
1519 2459 1777 2515 malluvia
1827 2474 2014 2522 aurea,

440 2547 676 2615 gemmis
699 2548 963 2605 distincta
990 2549 1239 2616 fuerunt,
1266 2552 1554 2622 exquisitae
1582 2552 1719 2608 artis
1742 2551 2017 2623 elegantia

442 2641 742 2705 adornata,
793 2651 1102 2713 praeterque
1155 2652 1352 2698 cattera
1398 2646 1585 2700 omnia
1640 2646 1838 2716 signati
1897 2646 2017 2701 auri

443 2732 795 2790 centenarios
835 2733 1197 2805 quadraginta
1239 2736 1291 2792 ei
1334 2737 1552 2793 dedisse
1579 2737 1927 2808 perhibetur,
1958 2748 2019 2792 ut

442 2823 721 2895 Agarenos
759 2842 901 2895 quos
941 2828 1108 2883 vellet
1162 2829 1469 2885 liberaliter
1495 2841 1555 2886 et
1592 2830 1883 2901 magniﬁce
1917 2830 2019 2884 do-

444 2924 623 2980 naret,
654 2915 836 2985 itaque
866 2919 1201 2986 percelleret
1232 2919 1527 2987 Barbaros,
1559 2921 1655 2992 qui
1687 2937 1814 2977 cum
1841 2929 2022 2976 tantas

446 3020 582 3075 opes
606 3007 985 3065 ministrorum
1008 3010 1359 3081 imperatoris
1379 3028 1500 3068 esse
1525 3022 1841 3079 cernerent,
1870 3012 2021 3083 cogi-

447 3108 647 3163 tarent,
694 3101 915 3169 quantis
960 3102 1076 3171 ipse
1107 3103 1319 3159 divitiis
1351 3105 1644 3175 potiretur.
1677 3106 1731 3160 Is
1764 3104 1934 3177 igitur
1962 3104 2019 3159 in

2118 2002 2271 2070 ἐώρα
2284 2001 2542 2070 μορφὰς,
2580 1996 2680 2049 καί
2714 1996 2937 2059 ταύτας
2967 1991 3133 2046 rtrla
3160 1989 3498 2057 ὠνόμασεν.
3545 1982 3711 2038 οὕτω

2121 2072 2377 2151 πιθανῶς
2402 2088 2494 2141 τὸν
2525 2085 2686 2154 λόγον
2722 2082 3117 2153 συμπλάσασα,
3148 2080 3249 2150 τὴν
3278 2076 3452 2148 ὀργὴν
3480 2073 3577 2129 τοῦ
3615 2073 3708 2142 βα-

2122 2184 2310 2247 σιλέως
2330 2177 2593 2252 ἐμάλαξε,
2627 2178 2719 2231 καὶ⁵
2747 2175 2841 2229 τὸν
2864 2173 3040 2243 θυμὸν
3062 2170 3479 2240 κατεστόρεσεν.
3509 2163 3621 2220 Ἦν
3649 2164 3710 2219 δὲ

2118 2277 2230 2336 τοῖς
2260 2270 2543 2326 εὐσεϐοῦσι
2572 2268 2692 2321 λίαν
2725 2265 2918 2335 βαρὺς,
2968 2261 3219 2317 σπεύδων
3261 2259 3473 2320 πάντας
3499 2256 3600 2325 τῆς
3624 2256 3711 2307 οξ-

2121 2367 2274 2430 κείας
2320 2360 2634 2424 δυσσεϐείας
2664 2356 2998 2429 ποιήσασθαι
3031 2353 3351 2415 κοινωνοὺς,
3391 2349 3484 2403 καὶ
3515 2348 3710 2414 ὥσπερ

2119 2461 2216 2516 τοῦ
2260 2456 2474 2513 δικαίου
2526 2452 2793 2522 διάπυρος
2822 2446 2893 2519 ἦν
2928 2446 3202 2517 ζηλωτὴς,
3250 2443 3396 2498 οὕτω
3447 2441 3544 2494 καὶ
3604 2439 3712 2506 τῆς

2122 2550 2425 2612 εὐσεϐείας.
2446 2545 2523 2608 ὡς
2554 2543 2712 2616 ᾤετο,
2747 2542 2842 2595 καὶ
2866 2540 3174 2610 ἀποστῆσαι
3203 2535 3300 2606 τῆς
3331 2533 3439 2588 τῶν
3479 2530 3717 2584 ἐκείνων

2120 2642 2285 2714 τιμῆς
2307 2635 2634 2707 ἐφιλονείκει
2663 2630 2987 2703 περιμανῶς
3020 2630 3083 2683 τὸ
3114 2628 3375 2699 ὑπήκοον.
3420 2620 3715 2678 Ἐντεῦθεν

2122 2732 2349 2798 ὲκόλαζε
2377 2731 2665 2790 πλείστους
2686 2725 2787 2795 τῆς
2824 2719 3224 2792 είδολομανίας,
3251 2718 3326 2775 ὥς
3355 2716 3541 2784 ἔλεγεν
3573 2716 3712 2766 ἁκο-

2123 2828 2304 2897 λάστῳ
2327 2822 2568 2893 γλώσσῃ,
2594 2818 2791 2880 αὐτοὺς
2823 2812 3093 2885 ἀφιστῶν,
3120 2810 3215 2864 καὶ
3240 2808 3473 2870 πολλοὺς
3507 2806 3712 2876 εἰργά-

2124 2938 2256 2976 σατο
2305 2915 2662 2988 ὁμολοητὰς.
2721 2911 2976 2981 Ἰωάννην
3027 2908 3086 2962 δὲ
3139 2910 3231 2961 τὸν
3265 2903 3594 2975 Σύγκελλον,
3646 2903 3712 2966 ὃς

2123 3012 2272 3083 αὐτῷ
2295 3008 2617 3069 διδάσκαλος
2643 3004 2861 3074 γέγονε,
2894 3001 3113 3070 καὶτῆς
3133 2998 3453 3061 δυσσεϐείας
3481 2990 3550 3066 ἦν
3588 3012 3711 3049 κοιο

2122 3102 2312 3168 νωνὸς,
2348 3100 2485 3169 πρὸς
2519 3099 2644 3160 τοὺς
2680 3094 3019 3165 Ἀγαρηνοὺς
3054 3088 3461 3157 ἐξαπέστειλεν,
3493 3084 3708 3139 ἐπιδεί-

449 3192 638 3247 urbem
682 3192 916 3264 Bagdam
962 3194 1243 3264 profectus
1282 3197 1380 3266 (ea
1422 3205 1584 3252 vetus
1627 3197 1870 3269 Babylon
1901 3205 2018 3265 est)

2125 3194 2318 3264 ξασθαι
2355 3208 2509 3259 σφισι
2558 3189 2648 3243 τὸν
2689 3186 2919 3240 πλοῦτον
2961 3185 3059 3254 τῆς
3092 3180 3372 3253 βασιλείας
3406 3177 3710 3245 Ῥωμαίων

447 3295 571 3335 cum
606 3280 660 3334 in
696 3282 963 3353 principis
996 3295 1352 3354 conspectum
1387 3286 1669 3352 venisset,
1711 3286 2020 3357 oblatisque

2127 3288 2468 3360 βουλόμενος.
2490 3281 2702 3337 Στέλλει
2730 3280 2774 3335 δ’
2801 3278 2965 3334 αύτδν
2987 3278 3084 3330 σὺν
3120 3275 3367 3347 χρήμασι
3396 3270 3544 3341 μάλα
3573 3268 3711 3321 πολ-

446 3370 798 3440 itnpcratoris
841 3374 1166 3429 muneribus
1215 3391 1340 3431 cum
1385 3390 1453 3431 eo
1502 3378 1810 3433 collocutus
1851 3388 2018 3445 esset,

446 3480 570 3521 eum
599 3466 669 3521 ob
694 3466 831 3534 haac,
873 3478 987 3522 tum
1032 3479 1257 3539 propter
1288 3468 1508 3526 dicendi
1552 3471 1661 3526 vim
1708 3472 1847 3541 (erat
1872 3473 2021 3527 enim

448 3559 504 3615 in
537 3559 922 3629 congressibus
966 3575 1231 3631 perquam
1258 3562 1519 3633 disertus)
1551 3572 1603 3618 et
1632 3565 1685 3618 in
1729 3565 1937 3620 honore
1967 3572 2024 3620 et

450 3652 503 3704 in
536 3650 900 3709 admiratione
943 3650 1068 3706 fuit.
1094 3652 1366 3709 Barbaros
1404 3663 1585 3709 tamen
1620 3670 1718 3710 sua
1755 3670 1885 3726 erga
1928 3670 2026 3709 eos

450 3741 827 3801 muniﬁcentia
868 3743 1045 3814 magis
1072 3744 1461 3815 obstupefecit.
1501 3745 1638 3801 Nam
1678 3745 1725 3801 si
1770 3747 1863 3817 qui
1894 3762 2022 3802 eum

448 3833 886 3901 conveniebant,
918 3851 1035 3892 stve
1065 3852 1096 3891 a
1129 3850 1232 3892 suo
1258 3836 1505 3907 principe
1538 3837 1724 3900 missi,
1757 3839 1873 3893 sive
1901 3838 2029 3894 aliis

447 3923 515 3980 de
541 3925 752 3991 causis,
804 3941 901 3982 eos
927 3942 1125 3998 magna
1154 3930 1388 3999 pecunia
1411 3929 1672 4001 donabat,
1699 3932 1874 4000 utqui
1902 3945 2023 3985 eam

448 4014 786 4086 acciperent,
809 4024 865 4070 et
882 4016 1207 4087 gauderent,
1228 4025 1286 4075 et
1304 4018 1656 4076 mirarentur.
1681 4019 1817 4076 Cum
1841 4029 2028 4075 autem

453 4110 568 4175 ipsc
603 4107 899 4177 aliquando
946 4109 1016 4165 ab
1054 4110 1449 4167 Amermumne
1492 4111 1562 4167 ad
1606 4112 1920 4168 convivium
1969 4113 2025 4167 in

445 4198 593 4254 mdes
626 4200 775 4256 illius
810 4200 1073 4259 invitatus
1100 4212 1247 4259 esset
1274 4245 1290 4267 ,
1326 4204 1563 4258 alterum
1596 4220 1663 4259 ex
1690 4205 1878 4261 aureis
1922 4205 2029 4260 illis

449 4291 724 4350 malluviis
758 4308 948 4350 secum
990 4296 1198 4361 attulit,
1240 4305 1300 4350 ιιι
1339 4312 1537 4367 aquam
1580 4298 1837 4353 manibus
1878 4298 2029 4354 illius

449 4382 781 4440 aﬂ‘underet.
817 4384 973 4451 Quod
1010 4401 1135 4440 cum
1170 4389 1514 4456 negligenter
1543 4387 1748 4443 alicubi
1783 4388 2029 4457 positum

446 4484 596 4532 esset
642 4476 740 4543 (ita
781 4478 930 4533 enim
977 4479 1243 4534 ministris
1274 4479 1391 4534 suis
1429 4480 1671 4536 Joannes
1714 4482 2022 4549 mandarat,

2123 3379 2257 3442 λοῐς,
2292 3371 2368 3431 ὧν
2396 3377 2465 3429 τὰ
2497 3374 2596 3444 μὲν
2628 3371 2778 3443 δῶρα
2810 3371 3075 3439 πέπομφε
3124 3365 3203 3437 τῷ
3248 3362 3573 3434 Ἀγαρηνῶν
3605 3360 3714 3430 ἀρα

2124 3469 2299 3543 χηγῷ,
2332 3468 2401 3522 τὰ
2429 3467 2485 3521 δὲ
2512 3466 2593 3529 είς
2611 3462 2918 3535 ὑπηρεσίαν
2949 3460 3028 3532 τῷ
3049 3456 3356 3528 πεμφθέντι
3380 3454 3712 3543 ἀπένειμεν,

2124 3541 2183 3617 εν
2206 3558 2288 3625 οἷς
2323 3559 2420 3616 καὶ
2444 3556 2598 3611 διττὰ
2642 3554 2945 3625 ἐτύγχανον
2978 3547 3367 3623 χερνιδὸξεστα
3402 3541 3612 3615 χρύσεά
3647 3557 3714 3593 τε

2126 3652 2217 3710 καὶ
2248 3651 2486 3718 διάλιθα,
2509 3649 2604 3703 καὶ
2635 3647 2832 3718 τέχνης
2865 3641 3132 3715 ἅκριὸούς
3163 3638 3555 3706 ἐνδεικνύμενα
3606 3634 3716 3704 χά-

2129 3764 2305 3818 ριτας.
2333 3743 2554 3797 Τούτων
2601 3740 2658 3795 δὲ
2710 3738 2928 3793 πάντων
2960 3734 3217 3788 ἐπέκεινα
3253 3731 3471 3799 λέγεται
3522 3728 3713 3818 δοῦναι

2126 3817 2278 3904 αὑτῷ
2323 3833 2419 3887 καὶ
2446 3829 2653 3903 χρυσοῦ
2697 3826 3036 3898 χαράγματα
3059 3821 3395 3891 κεντηνάρια
3424 3817 3711 3904 τεσσαρά-

2127 3903 2312 3993 κόντα,
2345 3927 2414 3980 ἶν’
2444 3925 2557 3995 ἔχοι
2587 3918 2881 3992 δωρεῖσθαι
2903 3916 3013 3970 τῶν
3036 3916 3101 3968 ὲκ
3122 3913 3224 3984 τῆς
3256 3913 3438 3981 ’Δγαρ
3463 3903 3557 3972 οἷς
3586 3907 3717 3979 $06-

2126 4021 2271 4077 >οιτο
2318 4017 2618 4091 φιλοτίμως
2672 4030 2734 4067 τε
2789 4010 2885 4065 καὶ
2929 4006 3191 4079 δαψιλῶς,
3230 4002 3533 4057 κάντεῦθεν
3580 4001 3716 4062 τοὺς
3778 4066 3794 4077 Α

2130 4114 2449 4184 Βαρϐἁρους
2477 4108 2792 4178 ἑκπλήττοι,
2823 4102 3232 4170 λογιζομένους,
3258 4098 3335 4159 ὡς
3373 4099 3422 4149 εί
3454 4093 3716 4184 τοσούτου

2127 4207 2177 4259 oi
2212 4183 2307 4258 τοῦ
2340 4203 2573 4264 ἄνακτος
2621 4197 2927 4267 εὐποροῖεν,
2983 4191 3148 4255 αὐτὸς
3188 4190 3396 4250 ἐκεῖνος
3436 4186 3610 4238 πόσου
3642 4183 3717 4238 ἂν

2127 4295 2215 4364 εἴη
2252 4293 2442 4364 κύριος
2477 4287 2745 4353 πλούτους
2790 4283 3152 4354 Ἀφικόμενος
3207 4276 3305 4333 οὖν
3338 4281 3419 4341 εἰς
3466 4277 3568 4347 τὴν
3610 4274 3713 4330 τοῦ

2128 4386 2313 4455 Βαγδᾶ
2355 4384 2512 4437 πόλιν
2540 4383 2568 4433 6
2612 4378 2915 4446 Σύγκελλος
2952 4374 3116 4446 (α’ύτη
3146 4373 3191 4427 δ’
3235 4373 3384 4424 ἐστὶν
3437 4372 3470 4441 ἡ
3502 4367 3717 4422 παλαιὰ

2132 4477 2412 4547 Βαόυλὼν)
2449 4475 2563 4547 (Ωὸ)
2610 4473 2705 4526 καὶ
2744 4469 2823 4541 τῷ
2855 4468 2962 4523 τῶν
3002 4465 3325 4538 ’Ᾱγαρηνῶν
3360 4463 3594 4535 ἀρχηγῷ
3624 4464 3711 4523 είς

452 4577 513 4624 ιιι
541 4570 777 4643 periret)
804 4586 833 4625 a
871 4571 1109 4641 quodam
1135 4579 1222 4627 est
1252 4580 1594 4643 surreptum,
1620 4575 2020 4645 quaesitumque

2131 4573 2263 4628 θέαν
2296 4569 2490 4632 ἐλθὼν,
2552 4567 2648 4619 καὶ
2689 4559 3019 4632 διαλεχθεὶς,
3053 4560 3149 4613 καὶ
3198 4558 3269 4612 τὰ
3309 4556 3407 4611 τοῦ
3441 4554 3714 4645 βασιλέως

448 4678 719 4733 nusquam
747 4670 1077 4734 comparuit.
1120 4665 1346 4721 Barbari
1385 4667 1553 4737 igitur
1583 4679 2021 4736 murmurarunt,

449 4765 509 4813 et
536 4759 775 4828 pretium
806 4760 955 4815 illius
984 4768 1041 4816 et
1079 4760 1405 4831 elegantiam
1441 4770 1832 4831 exaggerantes
1859 4775 1874 4812 :
1906 4760 2024 4829 ipse

453 4865 587 4905 vero
611 4865 735 4905 cum
749 4867 870 4906 eam
894 4852 1167 4922 iacturam
1190 4853 1298 4907 sibi
1324 4866 1475 4908 curae
1493 4868 1603 4908 non
1624 4867 1745 4908 esse
1768 4851 2022 4916 dixisset,

452 4957 551 4998 eos
591 4942 957 5013 obstupefecit
984 4961 1148 5015 quem
1185 4954 1392 5001 tantam
1438 4962 1555 5002 rem
1596 4945 1872 5016 negligere
1900 4957 2026 4999 cer-

2129 4665 2282 4735 δῶρα
2317 4657 2706 4732 προσαγαγὼν,
2753 4656 2846 4709 καὶ
2873 4654 2962 4707 διὰ
3011 4649 3208 4716 ταῦτα,
3239 4650 3337 4703 καὶ
3363 4649 3456 4703 διὰ
3483 4647 3584 4719 τὴν
3611 4644 3707 4700 τοῦ

2130 4753 2292 4821 λόγου
2321 4749 2551 4816 δύναμιν
2583 4741 2670 4816 (ἦν
2695 4745 2805 4814 γὰρ
2831 4743 2911 4806 είς
2939 4740 3178 4807 διάλεξιν
3229 4736 3558 4809 περιδέξιος)
3613 4738 3713 4790 καὶ

2131 4845 2358 4916 ἐτιμᾶτο
2383 4842 2480 4897 καὶ
2516 4835 2880 4908 ἐθαυμάζετο.
2922 4834 3089 4887 [Ῐλέον
3132 4832 3177 4886 δ’
3202 4831 3548 4915 ἔξεθᾲμϐησε
3579 4847 3714 4895 τους

2132 4935 2451 5008 Βαρϐάρους
2474 4927 2887 5001 φιλοτιμὼτατα
2937 4927 3074 4998 πρὸς
3102 4925 3305 4988 αὐτοὺς
3335 4922 3710 4993 διακείμενος.

453 5042 691 5100 rerent,
726 5042 781 5089 et
813 5051 847 5091 α
885 5035 1155 5093 ministris
1182 5038 1420 5092 alterum
1465 5035 1653 5091 an‘erri
1681 5015 1883 5107 iussit,
1916 5049 2020 5106 quo

2126 5031 2190 5084 Ei
2226 5028 2335 5098 γάρ
2368 5040 2514 5089 τινες
2541 5023 2738 5094 ἐκείνῳ
2767 5019 3101 5092 προσῄεσαν,
3132 5018 3165 5089 ἢ
3190 5016 3346 5090 παρὰ
3387 5015 3482 5070 τοῦ
3514 5017 3713 5087 σφετέα

454 5126 622 5181 allato
654 5128 826 5200 magis
855 5128 1019 5184 etiam
1050 5128 1306 5185 admirati
1339 5135 1490 5183 sunt.
1523 5127 1629 5184 Sed
1661 5137 1718 5184 et
1748 5128 2030 5200 Agareno-

454 5237 577 5277 rum
622 5223 879 5293 princeps
927 5224 1167 5280 vicissim
1218 5224 1680 5296 magniﬁcentiam
1722 5231 2030 5287 ostentans,

2130 5141 2225 5196 ρου
2257 5119 2601 5190 στελλόμενοι
2633 5117 2918 5188 ἄρχοντος.
2948 5113 2983 5183 ἢ
3030 5113 3177 5167 κατὰ
3202 5128 3327 5166 τινα
3374 5111 3568 5182 χρείαν
3613 5109 3714 5165 ἄλο

2127 5217 2252 5287 λην,
2281 5216 2562 5287 χρήμασιν
2591 5210 2789 5273 αὐτοὺς
2835 5207 3105 5274 ὶδεξιοῦτο
3164 5205 3457 5275 μεγάλοις,
3489 5204 3566 5268 ὡς
3609 5204 3708 5256 καὶ

451 5315 721 5371 Joannem
755 5317 968 5387 magnis
1002 5295 1326 5372 muneribus
1352 5316 1559 5383 affecit,
1595 5324 1651 5371 et
1676 5324 1802 5387 post
1833 5323 2020 5372 uetera

2129 5309 2344 5382 χαίρειν
2378 5306 2475 5359 καὶ
2501 5299 2945 5373 τεθηπέναιτοὶις
2967 5298 3143 5353 ταῦτα
3180 5295 3582 5367 λαμϐάνοντας.
3622 5295 3712 5348 '0-

1644 5452 1845 5516 Vurim
1872 5451 2177 5515 lectiones
2214 5451 2275 5509 et
2307 5450 2495 5507 notm.

529 5574 641 5644 (ἓῖὶ
693 5574 923 5641 Μάγνῳ.
976 5574 1054 5626 ita
1108 5572 1330 5645 quidam
1394 5571 1582 5640 codd.;
1615 5571 1709 5627 alii
1756 5573 2033 5639 Μάνα,ιιῑ

452 5645 838 5713 Theophanes,
872 5654 925 5700 ct
952 5647 1063 5698 alii.
1284 5646 1291 5651 '

526 5715 636 5781 (‘23)
698 5719 751 5768 II
783 5715 1010 5770 παλαιὰ
1056 5716 1366 5771 Βαϐυλών.
1398 5715 1569 5773 Sedes
1611 5714 1874 5786 principis
1923 5728 2024 5771 seu

452 5788 624 5857 natiue
682 5786 1137 5857 Sarracenoatm.
1184 5789 1418 5841 Arethas
1488 5786 1544 5842 in
1578 5786 1945 5857 Apocalypsin
1971 5801 2027 5843 ο..

457 5856 525 5913 56
561 5874 573 5911 :
608 5861 704 5912 Διὰ
744 5856 802 5911 δὲ
832 5857 928 5913 τοῦ
961 5858 1224 5923 στόματος
1256 5860 1288 5924 ἡ
1326 5855 1707 5923 Βαϐυλωνίών,
1746 5855 1811 5921 ἢν
1845 5855 1911 5910 ἂν
1939 5873 2024 5920 τις

2139 5561 2724 5637 ἀπαραλογίστιυςξὴν
2758 5634 2770 5637 _
2798 5561 2909 5637 ⁴τῶν
2943 5556 3347 5637 ψΣαρῤακῃνῶν
3390 5556 3708 5637 -ἑκδέξεται,

2138 5628 2271 5691 καθ”
2291 5638 2374 5690 ὅτι
2391 5628 2485 5688 καὶ
2517 5634 2574 5685 ὲν
2606 5628 2889 5687 Βαϐυλῶνι
2907 5636 3002 5685 νῦν
3025 5628 3141 5682 ἐστι
3167 5628 3227 5682 τὸ
3252 5629 3472 5698 ἀρχεῖον
3501 5628 3704 5690 αὐτων,

2130 5702 2207 5855 ὅ)ίῖ
2238 5709 2304 5776 δὴ
2329 5708 2358 5760 6
2387 5704 2756 5775 Ἀντίχριστος
2776 5746 2792 5773 ,
2814 5703 2887 5768 ὡς
2935 5700 3218 5773 Ῥωμαίων
3260 5698 3517 5770 βασιλεὺς
3568 5712 3711 5768 κρας

2131 5798 2159 5834 τ
2212 5796 2307 5833 σει.
