4010 6574
411 408 548 469 ιιοι

1636 413 2048 478 ANNALIUM
2088 414 2243 479 LIB.
2280 416 2407 480 XV.

3520 420 3666 486 1402

409 527 631 597 μέστιον
654 524 712 579 δέ
751 541 882 579 ποτε
920 527 1015 582 καὶ
1069 527 1386 599 ὁμοδίαιτον
1412 526 1608 584 τοῦτον
1636 530 1735 585 τοῦ
1780 531 1973 603 ’Δμερ-

2085 533 2271 589 omnia
2298 542 2524 589 centum
2553 531 2605 590 ei
2642 533 2892 605 captivos
2925 533 3080 593 dedit
3100 574 3118 599 ,
3151 535 3458 607 splendidis
3486 540 3663 595 vesti-

409 611 648 681 μουμνοῦ
674 612 1023 684 ποιουμένου,
1054 615 1119 670 τὸ
1138 614 1199 671 ἓν
1228 616 1338 672 τῶν
1364 617 1588 689 χρυσῶν
1606 617 1834 675 ἐκείνων
1863 639 1986 695 χερ-

404 705 727 771 νιϐοξέστων
742 702 890 778 εἶχεν
922 710 1056 775 ἐκεῖ,
1081 709 1226 781 ὕδωρ
1254 709 1405 781 αὐτῷ
1423 712 1659 782 ἐπιχέων
1689 716 1837 769 κατὰ
1870 731 1983 786 χει-

403 792 518 864 ρός.
537 792 708 849 Τοῦτο
737 795 869 866 γοῦν
893 798 1116 869 ἀμελῶς
1141 800 1394 871 κείμενον
1422 801 1591 870 (οὕτω
1618 802 1726 874 γὰρ
1751 804 1982 874 ποιῆσαι

402 887 513 951 τοῖς
561 887 729 942 αὐτοῦ
780 889 1111 961 θεράπουσιν
1173 893 1504 961 ἐνετείλατο,
1548 894 1617 949 ῐν’
1679 894 1980 967 ἀπόληται)

400 979 556 1049 παρά
599 996 696 1034 του
750 972 1007 1052 ἐκλάπης
1044 982 1136 1047 Ὦς
1171 984 1228 1037 δέ
1281 984 1622 1053 ζητούμενον
1677 984 1779 1039 οὐκ
1805 981 1896 1057 ἦν,
1927 985 1980 1040 0i

402 1070 680 1141 Bipﬁapot
702 1072 866 1143 θροῦν
901 1075 1158 1148 ῆγειραν,
1191 1076 1289 1132 καὶ
1328 1078 1390 1131 τὸ
1421 1078 1725 1149 πολύτιμον
1762 1078 1978 1132 ἐκείνου

399 1163 583 1218 καὶτὸ
606 1165 799 1231 κάλλος
839 1167 1239 1240 θαυμάζοντες.
1304 1170 1364 1224 '0
1390 1170 1446 1225 δέ
1486 1170 1560 1243 μή
1595 1169 1782 1241 μέλειν
1826 1168 1977 1240 αὐτῷ

2081 625 2187 682 bus
2218 637 2529 684 exornatus.
2564 626 2667 695 Qui
2698 643 2767 684 ex
2798 642 2864 684 ea
2898 629 3172 700 legatione
3207 646 3465 688 reversus
3485 672 3502 696 ,
3530 647 3658 688 cum

2081 718 2400 790 imperatori
2428 721 2558 790 quid
2598 730 2782 777 actum
2837 730 2985 778 esset
3015 723 3380 793 exposuisset.
3408 739 3474 779 ac
3505 724 3662 794 prin-

2080 811 2339 881 cipalium
2378 811 2578 867 aedium
2622 812 2827 883 ﬁguras
2862 822 2920 870 et
2963 815 3286 871 varietatem
3334 825 3654 882 narrasset,

2080 901 2439 973 cupiditatem
2470 905 2590 975 ejus
2619 905 2880 962 excitavit
2910 906 3249 977 cjuscemodi
3294 906 3453 977 regia:
3482 906 3655 960 militi-

2036 1012 2043 1017 ·
2078 992 2301 1057 caudae,
2337 1008 2401 1050 ac
2438 993 2592 1063 jussu
2635 995 2783 1051 illius
2813 997 2868 1051 in
2900 996 3137 1068 Bryante
3177 997 3381 1068 regiam
3425 996 3661 1068 Syriacae

2077 1097 2180 1153 pro
2210 1083 2393 1138 omnia
2429 1084 2665 1139 similem
2711 1087 3030 1157 auspicatus
3070 1096 3190 1153 est,
3232 1096 3291 1142 et
3342 1087 3660 1142 architectis

2079 1173 2267 1244 ﬁguris
2297 1177 2678 1246 mensurisque
2701 1177 3030 1243 latitudinis,
3057 1179 3425 1250 longitudinis
3452 1188 3509 1234 et
3532 1178 3660 1233 alti-

398 1256 532 1324 περὶ
584 1257 680 1311 τοῦ
730 1260 1074 1332 ἀπολομένου
1114 1261 1323 1327 είπὼν,
1370 1265 1483 1327 τοῖς
1537 1264 1638 1334 μὲν
1669 1261 1979 1333 Βαρϐάροις

397 1342 662 1415 ἔκπληξιν
702 1351 991 1424 ἐνεποίησε
1020 1392 1036 1417 ,
1090 1353 1336 1408 τοιούτου
1380 1354 1665 1427 χρήματος
1712 1356 1977 1425 ἀφροντι-

398 1437 632 1494 στοῦντα
684 1442 884 1513 ὁρῶσιν
929 1446 1132 1500 αὐτόν’
1186 1449 1299 1511 τοῖς
1341 1446 1388 1501 δ’
1448 1446 1646 1501 ἐαυτοῦ
1717 1447 2052 1517 θεράπουσιν
2090 1449 2149 1502 τὸ
2193 1448 2382 1516 ῑτερον
2419 1450 2663 1520 ἐνεγκεῖν
2702 1454 3113 1527 προετρέψατο,
3172 1455 3202 1510 δ
3261 1454 3527 1527 κομισθὲν
3577 1454 3662 1519 είς

395 1533 559 1586 πλέον
592 1532 801 1604 θάμϐος
828 1537 957 1601 τοὺς
999 1536 1320 1610 Βαρϐάρους
1359 1538 1578 1611 ἐνῆκεν.
1648 1538 2259 1610 ’ἀντιφιλοτιμούμενος
2316 1540 2373 1595 δέ
2436 1543 2532 1597 καὶ
2584 1546 2612 1597 ό
2638 1544 2746 1598 τῶν
2782 1526 3104 1616 ’Δγαρηνῶν
3149 1526 3413 1621 ἀρχηγὸς,
3443 1548 3660 1612 πολλοῖς

401 1628 488 1679 τὸν
554 1628 809 1700 Ἰωάννην
854 1630 1123 1696 ἐδεξιοῦτο
1165 1633 1486 1705 δωρήμασι,
1540 1633 1637 1689 καὶ
1700 1634 1795 1688 ἐπὶ
1855 1633 2024 1688 πᾶσιν
2086 1634 2239 1707 αὐτῷ
2292 1636 2674 1708 αἰχμαλώτους
2737 1641 3046 1712 παρέσχετο
3103 1643 3321 1709 ἑκατὸν,
3373 1642 3660 1713 ἁμφιάσας

394 1722 591 1787 αὐτοὺς
646 1723 1049 1797 λαμπροτέροις
1104 1727 1432 1799 ἐσθήμασιν.
1479 1727 1826 1782 Ἐπανελθὼν
1872 1723 1969 1781 οὖν
2005 1728 2218 1783 ἐκεῖθεν
2282 1731 2312 1784 ό
2385 1733 2659 1804 Ἰωάννης,
2692 1735 2788 1788 καὶ
2821 1735 2900 1807 τῷ
2931 1736 3145 1807 βασιλεῖ
3195 1738 3558 1810 διηγούμενος
3587 1742 3656 1795 τὰ

394 1820 531 1880 ἐκεῖ,
570 1819 801 1874 καὶτῶν
825 1821 1070 1892 ἁρχικῶν
1099 1823 1291 1876 οίκιῶν
1321 1824 1581 1894 σχήματά
1621 1840 1681 1877 τε
1715 1824 1811 1879 καὶ
1873 1823 2169 1892 ποικιλίαν,
2236 1827 2318 1891 είς
2381 1828 2561 1898 ἐρώτα
2617 1832 2878 1903 κεκίνηκε
2907 1833 3135 1889 τοιαῦτα
3162 1834 3657 1905 δομήσασθαι.Καὶ

396 1909 587 1976 μέντοι
613 1911 762 1984 αὐτῷ
805 1913 1068 1982 ἐπέταξεν
1094 1918 1153 1969 ἐν
1188 1915 1267 1987 τῷ
1306 1916 1547 1988 Βρύαντι
1584 1916 1879 1989 δείμασθαι
1924 1918 1976 1972 οί
2015 1917 2295 1990 ἀνάκτορα
2337 1922 2452 1984 τοῖς
2519 1925 2578 1975 ἐν
2638 1924 2811 1996 Συρία
2840 1927 3057 1980 ἐοικότα
3112 1930 3172 1981 ἐν
3220 1929 3426 1983 ἆπασι·
3478 1930 3574 1983 καλ⁸
3598 1930 3657 1993 ὃς

393 2004 704 2061 ἐπιστατῶν
730 2010 845 2073 τοῖς
880 2010 1089 2064 τούτων
1127 2013 1450 2085 δομήτορσι,
1476 2014 1573 2066 καὶ
1640 2015 1900 2085 σχήματα
1953 2013 2223 2070 διδάσκων
2282 2016 2380 2070 καὶ
2436 2018 2610 2090 μέτρα
2643 2018 2841 2092 εὔρους
2870 2039 2930 2074 τε
2968 2024 3063 2076 καὶ
3096 2024 3307 2094 μήκους
3335 2026 3430 2079 καὶ
3461 2024 3658 2094 ὕψους,

393 2106 532 2177 ταχὺ
555 2106 655 2169 τὰς
684 2107 976 2177 οίκοδομάς
999 2107 1354 2181 ἐξεπέρανεν.

2079 1264 2289 1320 tudinis
2343 1265 2506 1339 ιω
2548 1267 2982 1338 demonstratis,
3049 1285 3186 1342 opus
3242 1271 3504 1328 celeriter
3555 1270 3661 1326 ah-

2075 1355 2265 1411 solvit.

463 2222 592 2282 KZ'.
616 2215 786 2288 Οὗτος
811 2225 840 2278 ὁ
876 2224 1134 2295 βασιλεὺς
1182 2226 1282 2282 καὶ
1310 2228 1381 2283 τὰ
1408 2227 1658 2301 παράλια
1683 2228 1843 2298 τείχη
1873 2227 1973 2298 τῆς

2147 2226 2364 2284 XXVII.
2405 2227 2553 2282 Idem
2590 2228 2894 2299 imperator
2927 2228 3092 2282 etiam
3137 2228 3413 2283 maritima
3452 2228 3657 2284 muenia

390 2315 601 2380 πόλεως
652 2319 1001 2387 πεπονηκότα
1032 2319 1176 2385 τότε,
1232 2321 1329 2374 καὶ
1371 2323 1436 2375 ἐκ
1494 2322 1593 2391 τῆς
1624 2319 1718 2376 τοῦ
1774 2319 1971 2391 χρόνου

2081 2339 2206 2379 cum
2236 2333 2509 2381 vetustate
2540 2335 2653 2380 tum
2685 2325 2756 2380 ob
2785 2326 2925 2381 alios
2957 2341 3118 2380 casus
3150 2325 3368 2380 ruinosa
3392 2367 3408 2391 ,
3444 2325 3657 2396 magni-

390 2411 742 2481 παραρρυἦς,
800 2410 894 2463 καὶ
928 2408 994 2464 ἐκ
1051 2428 1216 2465 τινων
1268 2414 1701 2484 συμπτωμάτων
1743 2414 1971 2484 ἐτέρων,

2080 2416 2185 2472 ﬁce
2217 2417 2567 2481 instauravit,
2602 2418 2658 2472 in
2686 2418 2952 2485 majorem
2980 2416 3178 2471 educta
3201 2416 3572 2482 altitudinem,
3600 2426 3657 2471 ct

388 2499 697 2554 ἀνεκαίνισε
732 2500 1189 2572 μεγαλοπρεπῶς,
1221 2503 1303 2568 εἰς
1333 2503 1467 2574 ὕψος
1518 2503 1681 2559 πλέον
1715 2506 1747 2577 ἢ
1777 2506 1974 2578 πρότε-

390 2602 487 2662 ρον
533 2586 696 2664 ἦσαν,
731 2593 944 2664 ἐπάρας
979 2594 1122 2649 αὐτὰ
1176 2597 1271 2650 καὶ
1306 2596 1514 2663 ξενῶνα
1579 2598 1840 2667 μέγιστον
1888 2598 1971 2659 είς

388 2683 558 2753 ὅν·›μα
590 2685 1133 2758 οίκεῖονάνήγειρεν,
1194 2690 1253 2744 ἐν
1295 2688 1449 2761 τόπῳ
1471 2682 1533 2745 οὗ
1583 2690 1856 2761 πρότερον
1898 2685 1969 2761 ῆν

389 2776 721 2845 ἑταιρουσῶν
772 2779 1046 2847 γυναικῶν
1077 2781 1448 2850 καταγώγιον.
1480 2778 1590 2835 Ἦν
1628 2782 1685 2837 δέ
1715 2784 1811 2836 καὶ
1840 2781 1971 2855 περὶ

387 2869 457 2923 τὰ
486 2870 779 2940 ἀφροδίσια
829 2871 1132 2944 ἐγκρατὴς,
1182 2874 1257 2937 ώς
1285 2872 1433 2941 απαξ
1466 2873 1595 2928 ποτέ
1626 2873 1792 2944 ἔρωτι
1834 2892 1967 2930 παιο

387 2960 581 3030 δίσκης
625 2960 856 3029 ἁλῶναι,
914 2963 1370 3037 ὐπηρετουμένης
1418 2967 1488 3037 τῇ
1551 2965 1807 3037 βασιλίδι,
1866 2966 1969 3037 τὴν

387 3055 536 3127 ὥραν
554 3056 913 3128 διαπρεποῦς.
938 3060 1048 3130 Τῆς
1074 3058 1362 3132 Θεοδώρας
1385 3059 1443 3115 δέ
1471 3059 1561 3114 διὰ
1591 3061 1750 3116 τοῦτο
1770 3060 1969 3130 ἀλγού-

389 3167 510 3219 σης,
538 3150 882 3220 ἐπόμνυσθαί
907 3169 1073 3219 φασιν
1098 3152 1329 3216 ἐκεῖνον,
1363 3150 1438 3223 μὴ
1456 3152 1643 3206 ἄλλοτε
1675 3153 1750 3224 μὴ
1780 3152 1826 3206 δ’
1851 3154 1969 3209 ἐτέ-

391 3256 489 3309 ρας
518 3244 711 3312 πεῖραν
739 3241 921 3294 λαϐεῖν
946 3243 1223 3311 γυναικὸς,
1266 3243 1360 3295 καὶ
1396 3244 1486 3294 ἐπὶ
1520 3242 1599 3312 τῷ
1636 3244 1966 3315 ὀλισθήματι

386 3332 696 3396 δάκνεσθαι,
734 3335 828 3386 καὶ
860 3333 1197 3405 συγγνώμην
1230 3333 1290 3399 ἐξ
1321 3333 1537 3404 ἐκείνης
1568 3336 1758 3387 αἰτεῖν.
1806 3334 1968 3388 Ἀλλὰ

384 3423 559 3476 ταῦτα
589 3427 624 3495 ή
650 3427 776 3496 περὶ
808 3426 905 3489 τὰς
934 3425 1139 3489 σεπτὰς
1168 3424 1384 3488 εἰκόνας
1419 3426 1514 3479 ἐπί
1544 3443 1648 3478 του
1678 3424 1844 3493 μανία
1885 3428 1967 3489 είς

385 3516 541 3571 οὐδὲν
566 3516 739 3570 ἐποίει
770 3515 1103 3585 λογίζεσθαι.
1163 3516 1390 3571 Ἐλύττα
1420 3516 1528 3587 γὰρ
1556 3516 1818 3587 ἄντικρυς
1870 3518 1966 3571 καὶ

386 3608 550 3662 πλέον
583 3609 849 3681 ἐμεμήνει
889 3608 999 3661 τῶν
1030 3607 1137 3679 πρὸ
1171 3607 1362 3671 αὑτοῦ,
1392 3609 1488 3660 καὶ
1538 3608 1818 3678 ὠμότερος
1854 3608 1963 3661 τῶν
1993 3589 2040 3650 c

385 3697 634 3772 τιμητῶν
664 3698 772 3753 τῶν
802 3699 967 3768 ἱερῶν
986 3701 1401 3769 ἐκτυπωμὰτων
1425 3694 1494 3772 ἧν
1522 3699 1809 3770 κολαστής,
1830 3698 1969 3753 ἀλλὰ

389 3792 496 3865 μὴν
524 3793 619 3846 καὶ
650 3792 759 3846 τῶν
785 3793 1026 3863 γραφαῖς
1074 3792 1397 3845 τυπούντων
1432 3792 1595 3846 αὑτά.
1655 3792 1818 3845 Ὅθεν
1870 3790 1969 3845 καί

385 3901 509 3939 τινα
542 3884 777 3955 μοναχὸν
806 3884 1060 3954 Λάζαρον
1120 3883 1260 3955 (24),
1308 3884 1635 3954 περιϐόητον
1657 3882 1788 3937 ὄντα
1813 3901 1969 3953 τηνι-

386 3973 568 4029 καῦτα
595 3977 725 4043 περὶ
748 3973 848 4044 τὴν
881 3971 1161 4047 γραφικήν
1190 3972 1413 4044 ἀπηνῶς
1441 3971 1966 4044 αἰκισάμενος,καθ-

390 4064 572 4138 εἶρξεν
631 4067 711 4130 είς
741 4065 1120 4138 δεσμωτήριον
1138 4080 1155 4099 ⁸
1182 4065 1256 4129 ὡς
1282 4066 1327 4119 δ’
1347 4069 1412 4120 ἐκ
1440 4065 1548 4119 τῶν
1580 4065 1805 4137 πληγῶν
1828 4066 1971 4118 ἐκεῖ-

386 4173 476 4220 νος
503 4155 720 4227 ῥαΐσας,
753 4152 907 4221 αὖθις
937 4158 1036 4221 τὰς
1088 4159 1282 4228 χεῖρας
1326 4154 1500 4225 ἁγίων
1541 4155 1768 4209 εἰκόνων
1795 4155 1967 4208 ἐδίδου

385 4252 645 4321 γραφαῖς,
671 4248 880 4304 πέταλα
913 4253 940 4304 ὁ
972 4249 1232 4320 τύραννος
1261 4250 1548 4304 ἐκέλευσεν
1566 4248 1965 4320 ἐκπυρωθέντα

389 4341 614 4413 σιδήρεα
644 4344 755 4406 τοῖς
783 4342 877 4395 τοῦ
910 4340 1168 4413 Λαζάρου
1206 4341 1528 4412 ἐπιτεθῆναι
1560 4344 1818 4411 καρποῖς,
1882 4340 1969 4396 ἵνα

390 4434 467 4507 μή
489 4434 618 4498 τοὺς
656 4436 849 4500 πόνους
882 4434 992 4488 τῶν
1043 4433 1276 4507 καρπῶν
1310 4434 1483 4489 αὑτοῦ
1532 4437 1582 4489 οἱ
1608 4433 1969 4493 εὐσεϐοῦντες

387 4530 561 4602 εχοιεν
586 4531 932 4602 προσκυνεῖν.
976 4529 1039 4583 '0
1083 4528 1180 4599 μὲν
1208 4526 1307 4581 οὖν
1335 4526 1542 4597 ὑπέστη
1577 4525 1782 4596 ταύτην
1825 4525 1968 4597 ὑπὲρ

385 4622 497 4678 τῶν
521 4619 800 4676 σεϐαστῶν
830 4620 1055 4674 εἰκόνων
1094 4618 1194 4690 τὴν
1228 4615 1474 4685 κόλασιν,
1498 4613 1741 4687 ἐψεύσθη
1775 4615 1834 4669 δέ
1854 4613 1965 4668 τῶν

385 4712 621 4768 ἐλπίδων
667 4714 696 4767 ό
726 4712 1013 4784 τύραννος.
1048 4710 1285 4777 Λέγεται
1318 4708 1419 4780 μέν
1445 4709 1555 4778 γὰρ
1584 4707 1724 4780 μετὰ
1754 4705 1853 4778 τήν
1877 4706 1969 4761 κόο

383 4805 539 4860 λασιν
570 4807 670 4877 τῆς
720 4803 945 4877 εἱρκτῆς
976 4802 1267 4874 ἐκϐληθεὶς
1296 4803 1325 4857 ό
1361 4800 1705 4872 δμολογητὴς
1734 4801 1964 4865 ἐκεῖνος,

2078 2505 2375 2562 maximum
2412 2506 2715 2578 hospitium
2746 2506 2813 2561 de
2846 2520 2946 2561 suo
2984 2507 3207 2560 nomine
3239 2505 3511 2569 condidit,
3545 2521 3657 2575 quo

2083 2597 2137 2653 in
2170 2597 2293 2653 loco
2331 2598 2484 2668 prius
2514 2598 2919 2669 impudicarum
2963 2599 3261 2654 mulierum
3292 2599 3654 2654 diversorium

2082 2688 2280 2747 fuerat.
2309 2691 2368 2747 lu
2402 2691 2725 2747 libidinibus
2748 2692 2852 2747 fuit
2878 2692 3193 2756 continens,
3220 2707 3455 2761 cumque
3486 2692 3656 2746 semel

2080 2793 2267 2835 amore
2290 2782 2485 2853 puclla:
2511 2781 2942 2845 formosissimm,
2969 2796 3091 2849 quae
3124 2780 3457 2851 imperatrici
3484 2781 3660 2835 inser-

2074 2873 2288 2937 viebat,
2320 2885 2518 2945 captus
2540 2882 2718 2939 esset,
2754 2874 2919 2945 idque
2948 2873 3241 2930 Theodora
3270 2889 3413 2944 aegre
3444 2872 3652 2928 ferret:

2074 2982 2201 3023 eum
2248 2966 2524 3038 dejerasse
2567 2965 2790 3030 ferunt,
2828 2983 2886 3022 se
2931 2980 3211 3037 nunquam
3257 2965 3390 3019 alias
3425 2964 3657 3019 alterius

2075 3059 2325 3118 mulieris
2357 3059 2607 3115 notitiam
2636 3060 2916 3123 habuisse,
2951 3076 3131 3129 eoque
3160 3060 3317 3128 lapsu
3352 3057 3655 3125 dolentem,

2074 3152 2292 3206 veniam
2320 3151 2390 3204 ab
2417 3151 2507 3204 illa
2533 3150 2891 3220 petiisse.Sed
2921 3150 3075 3204 furor
3101 3153 3221 3219 ejus
3248 3158 3441 3204 contra
3468 3162 3655 3203 sacras

2074 3240 2340 3313 imagines
2359 3241 2567 3304 ell‘ecit,
2593 3251 2653 3296 ut
2674 3241 2764 3296 illa
2786 3257 2884 3313 pro
2907 3241 3080 3296 nihilo
3107 3248 3390 3312 putentur.
3416 3239 3651 3293 Prorsus

2072 3334 2221 3388 enim
2253 3333 2468 3389 insania
2497 3333 2731 3405 quadam
2770 3343 2826 3390 et
2854 3333 3008 3389 rabie
3044 3334 3250 3402 majore
3276 3348 3439 3403 quam
3476 3346 3647 3403 supe-

2074 3426 2253 3480 riores
2299 3425 2693 3494 imperatores,
2727 3426 2969 3481 cultores
2997 3435 3162 3495 atque
3200 3426 3365 3481 etiam
3412 3426 3652 3491 pictores

2074 3532 2353 3572 sacrarum
2381 3515 2680 3587 imaginum
2714 3516 3170 3588 persequebatur,
3195 3532 3370 3588 eaque
3394 3516 3461 3571 de
3486 3531 3649 3572 causa

2070 3609 2404 3663 monachum
2440 3610 2733 3680 quemdam
2772 3608 3073 3674 Lazarum,
3105 3609 3369 3679 pictorem
3406 3616 3521 3662 tum
3554 3620 3649 3662 ee-

2069 3700 2465 3765 leberrimum,
2509 3700 2813 3756 crudeliter
2853 3701 3230 3756 excruciatum
3274 3702 3328 3754 in
3372 3714 3649 3754 carcerem
3676 3762 3689 3781 κ

2069 3793 2324 3863 conjecit.
2356 3792 2459 3859 Qui
2487 3808 2637 3859 cum,
2670 3808 2737 3848 ex
2770 3792 2943 3863 plagis
2972 3792 3082 3848 illis
3115 3801 3412 3856 recreatus,
3448 3791 3645 3844 iterum

2070 3897 2265 3936 manus
2281 3897 2558 3937 sacrarum
2580 3884 2875 3955 imaginum
2899 3883 3125 3953 pictura:
3144 3882 3479 3944 admoveret,
3508 3880 3651 3951 igni-

2073 3982 2155 4027 tas
2189 3972 2421 4027 laminas
2448 3981 2715 4045 tyrannus
2738 3975 2858 4043 ejus
2885 3974 3139 4028 manibus
3162 3972 3442 4026 admoveri
3460 3970 3649 4042 jussit,

2071 4078 2139 4117 ne
2172 4063 2389 4117 labores
2412 4080 2673 4119 manuum
2701 4065 2823 4135 cjus
2850 4064 2924 4134 pii
2950 4062 3183 4117 adorare
3215 4070 3463 4133 possent.
3499 4062 3579 4117 Ac
3604 4061 3651 4117 is

2071 4153 2293 4225 quidem
2324 4153 2375 4208 id
2404 4156 2736 4225 supplicium
2763 4171 2827 4210 ea
2855 4153 2923 4209 de
2954 4169 3118 4208 causa
3147 4154 3429 4219 toleravit,
3461 4162 3647 4225 tyran-

2071 4262 2177 4301 nus
2223 4256 2406 4301 autem
2462 4261 2559 4317 spe
2606 4262 2705 4301 sua
2753 4245 3053 4302 frustratus
3094 4258 3200 4302 est.
3257 4246 3455 4301 Fertur
3499 4246 3649 4301 enim

2071 4337 2355 4413 confessor
2403 4336 2524 4403 ille,
2564 4345 2689 4408 post
2725 4352 2791 4393 ea
2830 4347 3105 4393 tormenta
3153 4352 3377 4393 carcere
3418 4338 3648 4407 eiectus,

2071 4429 2261 4500 plagas
2289 4427 2473 4483 adhuc
2499 4428 2554 4484 in
2581 4428 2833 4485 manibus
2864 4440 3105 4500 gestans,
3138 4430 3325 4486 divina
3356 4430 3651 4502 adjuvante

2070 4519 2283 4589 gratia,
2335 4520 2679 4575 vcnerandas
2723 4520 2993 4591 imagines
3041 4520 3393 4591 depiiixisse,
3436 4536 3499 4576 ac
3526 4530 3651 4589 post

2070 4610 2289 4681 tyranni
2330 4611 2613 4665 interitum
2640 4650 2656 4675 ,
2692 4610 2999 4667 Servatoris
3040 4612 3333 4680 imaginem
3364 4612 3418 4666 in
3447 4612 3649 4668 Chalce

2070 4701 2337 4772 pinxisse,
2370 4716 2433 4756 ac
2464 4701 2644 4772 qualis
2675 4717 2823 4757 nunc
2849 4703 3120 4768 cernitur,
3156 4704 3486 4768 restituisse,
3520 4720 3644 4759 cum

2071 4793 2224 4862 prius
2267 4792 2446 4865 imago
2478 4793 2590 4866 jam
2639 4792 2769 4848 olim
2808 4809 2965 4849 erasa
3005 4794 3219 4853 fuisset.
3262 4796 3411 4852 Idem
3452 4796 3653 4852 fratres

385 4897 467 4951 ιτι
496 4898 595 4961 τὰς
628 4896 845 4968 πληγὰς
876 4896 1059 4966 φέρων
1080 4896 1139 4949 ἐν
1184 4895 1307 4957 ταῖς
1336 4892 1517 4964 χερσὶ,
1563 4892 1662 4962 τῆς
1686 4889 1840 4954 θείας
1868 4891 1967 4962 χάο

2073 4882 2463 4957 Theophanem
2508 4893 2565 4942 et
2603 4884 2993 4953 Theodorum,
3036 4898 3329 4960 utrumque
3368 4890 3651 4945 confesso-

387 5004 537 5060 ριτος
590 4985 1079 5057 συνεφαπτομένης
1152 4983 1302 5057 αὐτῷ
1354 4982 1570 5045 εἰκόνας
1636 4981 1965 5052 διαχαράξαι

2073 4992 2210 5041 rem,
2241 4978 2313 5033 ob
2344 4993 2500 5033 suam
2534 4976 2871 5049 impietatem
2902 4979 3296 5050 prophetarum
3328 4983 3567 5037 oraculis
3590 4990 3653 5037 et

387 5079 612 5145 σεπτάς,
643 5080 783 5152 μετὰ
813 5078 872 5133 δέ
890 5078 989 5150 τήν
1013 5077 1107 5132 τοῦ
1135 5078 1399 5150 τυράννου
1428 5073 1751 5140 κιτάλυσιν,
1798 5073 1861 5126 τδ
1914 5073 1975 5127 ἐν

2080 5068 2493 5142 Scripturarum
2542 5069 2874 5128 testimoniis
2923 5072 3355 5143 reprehensam,
3404 5075 3646 5145 primum

1571 5232 1774 5296 Varia
1828 5231 2141 5300 lectiones
2166 5239 2230 5297 et
2256 5238 2450 5298 notm.

455 5403 572 5494 (θεὲ)
602 5385 1201 5494 νενιιιδεράξαρξχε
1233 5405 1456 5494 D2999
1484 5404 1816 5494 easne»
1830 5403 1976 5494 “1'2!-

1095 5477 1204 5531 206
1236 5491 1249 5527 :
1276 5475 1449 5545 Hujus
1501 5477 1821 5546 temporibus
1873 5475 1981 5530 Hi-
2079 5475 2215 5530 Vide
2237 5477 2404 5531 etiam
2436 5475 2638 5533 Nemea
2658 5477 2726 5532 ad
2757 5478 2820 5531 I7
2847 5475 3114 5533 Novemb.
3137 5476 3311 5531 Porro
3338 5475 3514 5531 sancti
3542 5475 3647 5532 La-

1049 5549 1179 5613 imp.
1205 5544 1814 5616 Constanlirwpolitanu:
1834 5546 1976 5599 urbis
2075 5545 2203 5616 zari
2227 5548 2489 5616 reliquias
2517 5547 2573 5601 in
2601 5545 2837 5602 Evandri
2872 5547 3266 5602 monasterium
3317 5545 3516 5616 rclatfas
3548 5546 3648 5601 do-

385 5478 449 5534 in
497 5478 801 5532 Benedicto
852 5478 944 5538 Ill,
991 5495 1045 5538 ι).

387 5495 449 5534 ιιι
497 5495 801 5532 neneutcto
853 5495 944 5538 ιιι,

387 5546 541 5604 citae!
574 5548 722 5614 ﬁlius
748 5495 1024 5618 Thcoplu‘ﬁ

2074 5405 2143 5478 ad
2166 5404 2249 5478 A23
2278 5405 2526 5478 Feb.quo
2553 5404 2753 5478 festum
2784 5406 2933 5463 illius
2961 5414 3128 5478 agunt
3138 5388 3317 5478 graeci
3340 5411 3399 5460 et
3431 5404 3641 5478 Latini-

2079 5473 2215 5530 Vide
2237 5477 2404 5531 etiam
2436 5473 2638 5533 Nemea
2658 5477 2726 5532 ad
2757 5478 2820 5531 I7
2847 5473 3114 5533 Novemb.
3137 5476 3311 5531 Porro
3338 5475 3514 5531 sancti
3542 5474 3647 5532 La-

382 5619 759 5699 impera_tor,op
783 5614 1014 5673 amorem
1036 5614 1648 5699 αροειοιοτειιιῳιιξεὶιοά
1668 5615 1732 5699 Β,
1752 5615 1975 5699 Ῥειινυιιι
2071 5625 2160 5699 cet
2182 5614 2552 5699 ξγιιειειῃ-ἰυιιι
2583 5632 2699 5699 ms;
2746 5617 2807 5699 I7
2844 5617 3124 5699 ‘Novemb.
3149 5616 3416 5699 quo_cjus
3441 5614 3649 5699 festum

386 5683 684 5758 apostolum
706 5688 903 5758 donum
929 5705 1022 5757 per
1048 5683 1268 5741 manum
1297 5683 1492 5739 Lauri
1522 5687 1862 5758 monachi,“
1883 5687 1972 5751 pi-

389 5755 572 5811 cforiw
604 5760 737 5811 artis
762 5755 1166 5821 nimie’eruditi,
1198 5772 1384 5827 genere
1407 5772 1550 5827 uero,
1575 5755 1823 5827 Cliqzuri,
1852 5767 1965 5827 etc.

391 5827 502 5886 Sed
534 5827 603 5883 de
632 5827 839 5884 Lazaro
879 5828 936 5884 in
984 5824 1608 5886 primis'consulendus
1664 5824 1966 5883 Bollandus

2069 5686 2354 5741 celebrant
2380 5686 2556 5743 Graeci
2586 5705 2601 5743 :
2656 5686 2769 5741 Kal
2808 5688 2871 5741 τὸ
2889 5686 3072 5756 τίμιον
3125 5686 3293 5740 αὑτοῦ
3323 5686 3481 5755 σῶμα
3513 5688 3634 5747 ἀναν

2066 5756 2354 5826 κομισθὲν,
2383 5756 2653 5830 κατετέθη
2674 5758 2732 5812 ἐν
2755 5758 2823 5830 τῇ
2857 5760 2996 5830 μονῇ
3023 5756 3125 5813 τοῦ
3145 5756 3439 5828 Εὐάνδρου.
