3962 6554
369 356 390 420 1
411 348 506 412 i0"!
1610 351 1929 416 JOANNIS

2054 351 2278 414 ΝΛΒίΕ
3471 358 3610 423 H08

367 455 635 512 Romanis
692 470 888 528 parum
948 456 1265 529 auspicatus
1327 457 1450 515 fuit.
1523 454 1724 517 Parum
1787 464 1937 517 enim

2054 463 2298 532 θέμενος,
2349 464 2445 518 καὶ
2505 463 2916 534 συνεμαχέσατο
2970 463 3049 535 τῷ
3089 466 3376 538 ’Δγαρηνῷ
3426 468 3612 541 δόρατι

365 549 562 612 abfuit,
594 551 726 620 quin
756 562 813 606 et
833 552 1135 622 imperator
1161 552 1229 606 ab
1254 552 1504 608 hostibus
1527 553 1937 608 circumventus

368 642 618 712 captivus
661 641 1053 698 adduceretur.
1103 644 1222 711 Quo
1268 644 1482 700 Manuel
1529 647 1773 717 c0gnito,
1822 647 1937 703 suis

260 784 263 787 γ
369 731 704 798 inclamatis,
755 732 810 785 in
851 734 1290 788 confertissimos
1323 734 1507 790 hostes
1554 735 1804 792 invectus
1837 738 1940 792 itn-

370 832 683 892 peratorem
744 839 802 878 se
856 824 1011 895 sequi
1067 824 1282 895 jubet:
1348 826 1530 881 stabat
1588 829 1735 881 enim
1789 840 1935 882 metu

365 916 653 981 attonitus,
715 915 810 970 sed
876 916 942 968 ad
1003 916 1289 969 velandam
1341 917 1500 988 149
1546 917 1814 988 ignaviam
1878 935 1937 974 se

369 1009 562 1062 relicto
601 1008 845 1062 exercitu
895 1006 1038 1061 uollc
1068 1008 1259 1077 fugere
1295 1008 1537 1063 dict-bat.
1573 1009 1709 1064 Cum
1750 1020 1937 1066 autem

368 1115 509 1168 smpe
534 1100 798 1165 monitus,
826 1109 884 1153 ut
909 1118 1085 1170 pugna
1116 1103 1430 1167 excederet,
1456 1102 1651 1157 timore
1682 1112 1937 1173 tanquam

367 1190 731 1259 compedibus
770 1192 989 1246 vinctus
1041 1202 1233 1256 staret,
1270 1192 1482 1246 Mauuel
1535 1195 1727 1247 stricto
1755 1209 1888 1249 ense
1922 1213 1937 1249 :

366 1279 481 1335 Nisi
510 1297 606 1346 me,
640 1282 838 1351 inquit,
878 1291 1083 1336 secutus
1115 1285 1300 1352 lueris,
1334 1293 1383 1336 te
1404 1285 1680 1353 perimam.
1713 1284 1941 1340 Prwstat

372 1373 510 1426 enim
558 1381 609 1426 te
656 1376 810 1439 mori,
848 1392 1007 1446 quam
1056 1375 1119 1430 ab
1164 1377 1391 1430 hostibus
1415 1386 1648 1446 captum,
1690 1375 1943 1433 Romana:

366 1464 665 1533 reipublicm
703 1474 910 1520 tantum
944 1469 1245 1538 imprimere
1290 1468 1532 1523 dedecus.
1564 1468 1638 1523 lis
1678 1468 1943 1525 Manuelis

370 1557 534 1611 minis
560 1573 702 1627 agre
736 1558 917 1614 soluto
953 1567 1131 1615 metus
1156 1570 1402 1629 stupore,
1431 1577 1670 1631 cumque
1695 1572 1939 1628 secutus,

365 1650 544 1703 evasit
568 1666 582 1703 :
618 1665 726 1718 qua
757 1650 825 1705 de
864 1665 1029 1707 causa
1058 1650 1238 1704 virum
1262 1661 1597 1706 servatorem
1626 1653 1938 1722 appellavit,

369 1740 748 1812 muniﬁceque
800 1753 1190 1797 remuneratus
1233 1751 1338 1798 est.
1386 1745 1589 1799 Verum
1620 1760 1727 1799 non
1769 1747 1941 1801 multo

368 1840 518 1900 post,
565 1833 877 1887 invidorum
926 1834 1127 1905 lingua:
1173 1835 1294 1903 ejus
1346 1835 1589 1889 animum
1636 1836 1691 1890 in
1727 1847 1945 1891 contra-

370 1921 512 1975 rium
544 1933 856 1989 verterunt,
899 1940 1077 1995 eoque
1120 1927 1454 1997 redegerunt
1501 1926 1745 1983 affectati
1788 1930 1941 2000 regni

369 2015 686 2080 calumniis,
739 2026 802 2071 ut
848 2017 1153 2073 Mauuelem
1196 2032 1471 2075 excaecare
1519 2019 1573 2074 in
1624 2022 1810 2076 animo
1849 2022 1948 2078 ba-

369 2105 546 2161 beret.
599 2107 720 2174 Quo
772 2108 861 2164 ille
916 2112 1137 2179 cognito
1186 2111 1243 2166 in
1310 2110 1622 2182 Agarenum
1685 2114 1945 2170 viciniam

372 2198 612 2268 aufugit,
644 2215 951 2271 eorumque
986 2203 1113 2257 duci
1163 2204 1462 2275 signiﬁcat,
1488 2207 1615 2275 quis
1643 2207 1757 2265 sit:
1796 2208 1946 2279 quod

370 2290 416 2344 si
450 2289 585 2346 lides
617 2290 721 2348 sibi
753 2292 937 2361 detur,
975 2309 1086 2348 non
1129 2306 1385 2350 coactum
1423 2296 1490 2351 iri
1523 2312 1583 2352 se
1619 2298 1944 2369 religionem

369 2383 611 2452 ejurare.
638 2399 696 2439 se
727 2386 795 2440 ad
832 2385 1013 2456 ipsum
1055 2387 1426 2444 defecturutn.
1460 2390 1560 2444 llle
1592 2394 1776 2447 statim
1818 2394 1947 2449 data

373 2476 481 2531 fide
502 2476 660 2531 ltetus
681 2493 806 2532 eum
837 2479 1087 2550 suscipit,
1111 2480 1326 2536 Manuel
1348 2482 1478 2537 dum
1506 2483 1583 2539 ibi
1609 2495 1946 2548 versaretur,

379 2568 708 2635 praepositus
741 2572 1030 2637 exercitui,
1059 2588 1203 2643 sazpe
1232 2591 1346 2629 rem
1376 2577 1517 2632 bene
1556 2577 1725 2647 gessit
1758 2589 1948 2634 contra

371 2656 588 2724 Persas,
646 2677 983 2733 magnosque
1035 2664 1349 2736 triumphos
1392 2667 1646 2739 adeptus,
1680 2669 1949 2740 Agarenis

369 2758 429 2805 et
465 2750 668 2808 charus
717 2760 773 2809 et
814 2754 1172 2813 admirationi
1211 2759 1336 2815 fuit.
1379 2758 1726 2829 Theophilus
1759 2770 1945 2817 autem

372 2841 639 2899 Manuelis
689 2845 870 2916 fugam
917 2864 1059 2916 egre
1109 2850 1314 2917 ferens,
1369 2852 1439 2909 de
1488 2868 1556 2909 eo
1627 2855 1946 2911 revocando

372 2936 668 3005 cogitabat.
716 2936 923 2996 Scribit
969 2942 1139 3012 igitur
1169 2943 1238 2999 ad
1288 2959 1415 3000 eum
1463 2944 1700 3013 litteras,
1748 2948 1949 3018 quibus

272 3086 275 3087 ν
368 3027 734 3098 jurejurando
767 3031 929 3087 ﬁdem
985 3049 1140 3090 suam
1194 3036 1247 3092 ei
1291 3036 1702 3110 obstringebat,
1743 3056 1948 3113 easque

372 3133 542 3215 aureo
569 3120 746 3191 sigillo
774 3123 1147 3188 confirmatas,
1177 3141 1275 3198 per
1295 3129 1626 3185 monachum
1654 3133 1946 3201 quemdam
1979 3152 2024 3215 ο

373 3206 441 3262 ad
466 3224 595 3263 eum
634 3210 824 3276 mittit,
860 3214 1087 3270 hortans
1122 3223 1183 3270 ut
1229 3216 1437 3272 redeat.
1489 3217 1586 3275 llle
1638 3219 1800 3286 redit,
1851 3223 1949 3277 sed

375 3316 485 3370 qua
516 3304 752 3371 ratione,
806 3307 857 3362 id
906 3324 1038 3363 vero
1089 3308 1299 3366 referre
1329 3319 1417 3367 est
1448 3326 1630 3382 Operae
1680 3315 1947 3384 pretium,

374 3391 543 3448 habet
582 3397 728 3451 enim
767 3400 1167 3467 expositionem
1216 3418 1325 3458 non
1358 3387 1757 3474 'injucundam.
1807 3408 1952 3462 Con-

375 3501 598 3555 gressus
646 3506 772 3545 cum
829 3492 1118 3557 monacho,
1161 3495 1255 3565 qui
1308 3494 1472 3552 fidem
1506 3498 1575 3552 ab
1614 3500 1949 3568 imperatore

375 3576 661 3647 afferebat,
682 3596 852 3652 seque
866 3598 1215 3641 reversurum
1234 3588 1537 3656 pollicitus.
1557 3589 1950 3646 lsmaelitarum

377 3669 682 3740 principem
733 3673 870 3741 adit,
925 3684 1119 3745 petens
1172 3680 1477 3734 exercitum
1537 3681 1642 3736 sibi
1697 3683 1841 3747 dari,
1893 3690 1954 3737 ut

375 3761 656 3830 profectus
726 3765 779 3819 in
840 3765 1260 3837 Cappadociam,
1321 3771 1599 3828 delatores
1667 3790 1797 3829 suos
1852 3775 1952 3847 (ibi

377 3852 526 3906 enitn
551 3869 645 3909 eos
673 3854 947 3926 habitare)
981 3859 1363 3926 ulcisceretur,
1399 3865 1625 3936 ejusque
1652 3865 1822 3920 filium
1848 3882 1953 3923 una

379 3942 548 4009 mitti,
609 3955 669 4000 ut
720 3945 774 4002 in
838 3964 896 4004 re
964 3950 1191 4006 militari
1245 3964 1623 4011 exerceretur.
1691 3957 1957 4031 Princeps

380 4035 617 4093 Manueli
650 4055 857 4096 morem
886 4043 1051 4113 gerit,
1097 4053 1155 4101 et
1203 4047 1332 4116 quia
1379 4047 1541 4104 ﬁdem
1593 4050 1645 4106 ei
1696 4051 1954 4120 habebat,

382 4142 542 4183 suum
572 4129 743 4186 illium
779 4149 886 4188 una
920 4135 1131 4192 mittit:
1171 4138 1241 4194 ita
1273 4138 1511 4195 discedit
1539 4141 1777 4208 Manuel,
1804 4161 1958 4201 cum-

379 4235 487 4288 que
516 4237 687 4292 prope
715 4222 847 4280 ﬂnes
884 4225 1154 4283 Rmuanos
1190 4240 1412 4285 ventum
1446 4215 1618 4297 esset,
1655 4249 1718 4289 as
1734 4246 1955 4306 sumpto

386 4312 660 4386 principis
704 4316 938 4388 Agareni
975 4319 1088 4375 filio
1123 4337 1246 4376 cum
1284 4323 1477 4392 paucis
1528 4322 1867 4389 Sarracenis.
1898 4347 1956 4385 se

381 4416 641 4462 venatum
664 4408 743 4463 ire
765 4409 1006 4478 simulat,
1037 4412 1226 4468 multis
1250 4416 1520 4473 ministris
1539 4419 1954 4484 comitantibus,

2042 554 2306 625 ἀσιδήρῳ,
2354 556 2451 608 καὶ
2494 555 2590 607 τοῦ
2634 556 2803 609 ἵππου
2857 556 3148 611 κατέϐαλε.
3195 558 3363 612 Πάλιν
3398 556 3493 613 οὖν
3534 560 3614 630 τῷ

2044 646 2260 718 βασιλεῖ
2291 649 2554 716 στρατεία
2601 648 2740 702 κατὰ
2779 650 2886 702 τῶν
2930 650 3279 720 Ἀγαρηνῶν,
3316 653 3414 705 καὶ
3446 651 3613 706 πάλιν

2045 739 2211 809 μάχη.
2246 744 2341 793 καὶ
2388 740 2446 793 τὸ
2480 742 2575 810 τῆς
2610 740 2791 811 μάχης
2825 741 2979 805 τέλος
3020 744 3134 805 τοῖς
3178 740 3475 812 Ῥωμαίοις
3511 742 3616 795 οὐκ

2041 831 2266 896 ἀγαθόν.
2309 830 2525 896 Μικροῦ
2588 831 2699 898 γὰρ
2747 830 2971 901 ἀπήχθη
3037 829 3105 884 ἂν
3155 831 3249 884 καί
3287 832 3315 884 ὁ
3358 829 3615 900 βασιλεὺς

2040 923 2381 992 δορυάλωτος
2427 923 2532 976 ὑπὸ
2568 923 2675 976 τῶν
2731 922 3099 993 Ἰσμαηλιτῶν
3151 921 3478 985 κυκλωθείς.
3527 921 3617 984 Ὧς

2041 1012 2087 1066 δ’
2119 1012 2261 1079 ἔγνω
2288 1013 2448 1066 τοῦτο
2487 1013 2514 1065 ό
2545 1012 2825 1081 Μανουὴλ,
2863 1012 3282 1082 ὲμὸοησάμενος
3319 1013 3455 1079 τοὺς,
3485 1014 3616 1080 περὶ

2047 1105 2232 1169 αὑτὸν,
2285 1106 2367 1166 εἰς
2424 1105 2588 1174 μέσον
2640 1103 2943 1158 εἰσελαύνει
2991 1103 3103 1157 τῶν
3156 1103 3455 1172 πολεμίων,
3519 1103 3617 1155 καὶ

2041 1195 2120 1267 τῷ
2161 1195 2390 1261 βασιλεῖ,
2426 1199 2613 1266 φησὶν,
2655 1193 2966 1249 ’Δκολούθει
2998 1211 3089 1264 μοι
3118 1210 3135 1226 ·
3170 1193 3357 1247 ἵστατο
3400 1192 3510 1262 γὰρ
3550 1193 3617 1243 ἐκ

2042 1289 2246 1353 δειλίας
2281 1289 2644 1357 ἀπεγνωκώς.
2680 1288 2743 1341 '0
2774 1287 2831 1342 δὲ
2861 1287 2960 1358 τὴν
3006 1285 3210 1339 δειλίαν
3249 1285 3616 1359 ἑπιχρωννὺς,

2047 1380 2123 1453 μὴ
2176 1381 2463 1451 βούλεσθαι
2508 1382 2702 1450 φυγεῖν
2748 1380 2896 1450 ἔφη,
2946 1376 3264 1433 καταλιπὼν
3327 1377 3421 1428 τὸν
3465 1375 3615 1428 λαόν.

2056 1472 2214 1525 Ἐπεὶ
2246 1471 2301 1524 δὲ
2333 1471 2593 1534 πολλάκις
2635 1470 2876 1537 ἐξελθεῖν
2909 1471 3007 1540 τῆς
3047 1471 3226 1540 μάχης
3262 1466 3620 1538 παρακαλού-

2047 1584 2229 1637 μενος,
2287 1567 2479 1637 ὥσπερ
2527 1565 2905 1636 πεπεδημένος
2957 1565 3022 1635 τῇ
3070 1563 3251 1633 πτοία,
3294 1560 3537 1629 είστήκει
3589 1558 3620 1611 ὁ

2044 1656 2303 1729 Μανουὴλ
2340 1657 2400 1709 τὸ
2440 1656 2590 1724 ξίφος
2624 1653 2993 1722 σπασάμενος.
3036 1653 3104 1706 Εἰ
3151 1651 3237 1719 μὴ
3285 1648 3457 1701 ἔποιό
3486 1664 3613 1714 μοι,

2048 1751 2238 1821 φησιν,
2270 1749 2486 1804 ain/ara
2531 1763 2605 1801 σε
2655 1744 2889 1802 ἀνελῶσ
2923 1743 3218 1812 κρεῖσσον
3270 1742 3383 1812 γάρ
3418 1756 3491 1795 σε
3520 1744 3624 1795 0a-

2048 1842 2197 1905 νεῖν,
2220 1842 2255 1910 ῆ
2285 1840 2592 1910 ληφθῆναι
2622 1839 2744 1904 τοῖς
2765 1838 3071 1903 ἐναντίοις,
3089 1835 3492 1905 αἰχμάλωτον.
3523 1831 3623 1884 καί

2050 1934 2326 1989 τοιοῦτον
2384 1930 2603 2001 αἶσχος
2652 1930 2727 1998 τῇ
2779 1932 3052 1995 «omne
3113 1926 3417 1995 Ῥωμαίων
3460 1939 3623 1991 περι-

2050 2027 2446 2094 ποιήσασθαι.
2483 2025 2719 2088 Ταύταις
2749 2019 2843 2078 οὖν
2877 2025 3001 2086 ταῖς
3040 2020 3136 2076 τοῦ
3166 2018 3430 2088 Μανουὴλ
3461 2018 3624 2070 ἀπειο

2051 2122 2170 2183 λαῖς
2238 2119 2395 2190 μόλις
2444 2121 2543 2189 τῆς
2593 2119 2658 2172 ἐκ
2699 2114 2796 2170 τοῦ
2839 2115 3010 2185 φόϐου
3049 2115 3259 2186 νάρκης
3285 2109 3495 2175 λυθεὶς,
3528 2110 3627 2162 καὶ

2052 2211 2427 2281 ἀκολουθήσας
2463 2209 2635 2282 αὐτῷ,
2665 2207 2902 2278 διεσώθη
2924 2224 2939 2240 ·
2983 2206 3108 2261 ὃθεν
3144 2205 3240 2261 καὶ
3276 2203 3503 2272 σωτῆρα
3532 2201 3625 2253 τὶν

2052 2301 2223 2374 ἄνδρα
2248 2301 2453 2366 ἐκάλει,
2478 2300 2574 2353 καί
2606 2301 2656 2353 oi
2677 2300 2745 2352 τὰ
2770 2297 2993 2370 σῶστρα
3018 2294 3255 2365 δαψιλῶς
3277 2293 3621 2348 ἁπετίννυεν.

2054 2396 2171 2448 Ούκ
2202 2395 2283 2459 εἰς
2321 2395 2540 2465 μακρὰν
2582 2392 2641 2445 δέ
2674 2393 2732 2446 αἰ
2760 2391 2869 2445 τῶν
2904 2389 3195 2461 βασκάιων
3236 2385 3485 2455 γλῶσσαι
3523 2384 3623 2454 τὴν

2054 2485 2283 2558 γνώμην
2315 2484 2408 2539 τοῦ
2456 2484 2727 2555 βασιλέως
2782 2484 2929 2537 κατὰ
2960 2480 3055 2535 τοῦ
3090 2479 3348 2552 Μανουὴλ
3383 2480 3463 2541 εἰς
3494 2477 3625 2530 τού-

2056 2576 2273 2629 ναντίον
2322 2573 2648 2645 ἐτρέψαντο.
2684 2570 2947 2625 Διέϐαλον
2978 2571 3087 2641 γὰρ
3129 2569 3292 2624 αὑτὸν
3317 2567 3394 2631 ὡς
3422 2583 3625 2634 τυρανο

2055 2665 2158 2720 νίδι
2189 2664 2599 2736 ἐπιχειροῦντα,
2618 2663 2714 2716 καὶ
2742 2663 2839 2734 1ἤδη
2871 2663 2993 2725 ταῖς
3021 2658 3299 2722 διαϐολαῖς
3331 2657 3627 2711 ἐπέπειστο

2053 2759 2082 2812 ό
2116 2755 2398 2825 Θεόφιλος,
2448 2756 2543 2809 καὶ
2590 2754 2683 2807 τὸν
2735 2752 2996 2823 Μανουὴλ
3046 2751 3398 2821 ἐκτυφλῶσαι
3449 2748 3628 2800 διανεο

2054 2853 2237 2921 νόητο.
2276 2850 2444 2912 Γνοὺς
2499 2846 2544 2901 δ’
2592 2848 2800 2907 ἐκεῖνος
2846 2845 2910 2899 τὸ
2957 2844 3359 2916 μελετώμενον,
3391 2841 3626 2908 ἀπέδρα,

2056 2943 2154 2998 καὶ
2193 2942 2367 3014 ἀγχοῦ
2421 2958 2525 2996 που
2574 2940 2870 3011 γενόμενος
2921 2939 3033 3000 τοῖς
3085 2936 3433 3006 Ἀγαρηνοῖς,
3475 2933 3628 3000 δηλοῖ

2054 3034 2133 3106 τῷ
2172 3033 2351 3088 αὐτῶν
2399 3031 2630 3103 ἀρχηγῷ
2667 3030 2817 3093 ὅστις
2882 3029 3023 3089 ἐστὶ,
3057 3028 3151 3080 καὶ
3192 3026 3268 3090 ώς
3316 3025 3366 3077 εἰ
3393 3024 3627 3094 λήψεται

2055 3129 2290 3194 πίστεις,
2329 3127 2405 3200 μὴ
2438 3125 2724 3198 βιασθῆναι
2771 3125 2872 3195 τὴν
2902 3123 3108 3179 οἰκείαν
3152 3121 3457 3195 θρησκείαν
3535 3119 3624 3184 ἐξ-

2052 3219 2378 3292 ομόσασθαι,
2406 3216 2833 3290 προσελεύσεταί
2865 3217 2935 3270 οἰ.
2989 3215 3049 3271 '0
3080 3214 3136 3267 δέ
3167 3213 3371 3267 αὐτίκα
3413 3212 3624 3274 πίστεις

2053 3330 2112 3367 τε
2135 3313 2343 3378 δίδωσι,
2370 3312 2470 3365 καὶ
2511 3309 2838 3382 περιχαρῶς
2870 3308 3032 3363 αὐτὸν
3062 3307 3417 3375 ὑποδέχεται.
3449 3304 3557 3357 Καὶ
3598 3308 3625 3355 ὁ

2053 3404 2311 3475 Μανουὴλ
2339 3404 2519 3456 ἐκεῖσε
2551 3403 2873 3472 γενόμενος,
2910 3401 3007 3453 καὶ
3050 3401 3373 3469 στράτευμα
3399 3412 3624 3448 uastau-

2055 3495 2193 3559 θείς,
2241 3493 2443 3557 πολλὰς
2498 3494 2783 3564 ἀριστείας
2840 3491 2982 3545 κατὰ
3032 3489 3262 3559 Περσῶν
3313 3488 3626 3557 εἰργάσατο.

2054 3581 2150 3634 καὶ
2184 3581 2399 3651 μεγάλα
2419 3580 2664 3653 τρόπαια
2703 3579 2925 3649 ἔστησε,
2950 3580 3045 3631 καὶ
3070 3577 3310 3647 ἐφιλεῖτο
3344 3577 3491 3644 παρᾶ
3518 3575 3629 3627 τῶν

2055 3672 2158 3743 τῆς
2190 3673 2371 3744 ΙἍγαρ
2432 3672 2528 3726 καὶ
2577 3671 2942 3741 ἐθαυμάζετο.
2988 3671 3047 3724 'O
3107 3670 3164 3723 δὲ
3226 3667 3489 3738 Θεόφιλος
3535 3669 3628 3720 καὶ

2057 3766 2315 3819 ἐλυπεῖτο
2361 3765 2452 3818 διὰ
2489 3766 2580 3819 τὸν
2619 3765 2903 3836 Μανουὴλ,
2952 3766 3049 3819 καὶ
3104 3764 3427 3834 ἐφρόντιζεν
3480 3778 3629 3818 οπως

2059 3859 2224 3914 αὐτὸν
2252 3858 2465 3912 ἐκεῖθεν
2497 3858 2963 3930 μετακαλέσηται.
2991 3859 3213 3921 Πίστεις
3245 3853 3338 3911 οὖν
3367 3856 3514 3924 αὐτῷ
3535 3856 3628 3908 καὶ

2056 3951 2125 4007 δι’
2159 3951 2324 4023 ὅρκου
2361 3950 2457 4005 καί
2508 3949 2578 4002 δι’
2636 3952 2919 4022 ἐγγράφου
2975 3951 3429 4021 χρυσοσημάντου
3491 3948 3629 4018 μετά

2057 4062 2209 4107 τινος
2270 4043 2511 4116 μοναχοῦ
2567 4045 2807 4109 στείλας,
2852 4041 3169 4097 ἐπανελθεῖν
3228 4042 3622 4111 προετρέπετο.

2060 4142 2173 4195 Καὶ
2205 4141 2266 4205 δς
2309 4140 2608 4210 ἐπανῆλθε,
2631 4141 2691 4194 τὸ
2724 4140 2769 4195 δ’
2807 4142 2973 4202 ὅπως,
3021 4137 3331 4208 διηγητέον,
3371 4137 3485 4191 ἔστι
3523 4136 3634 4205 γὰρ

2058 4235 2162 4288 οὐκ
2196 4235 2362 4302 ἄχαρι
2390 4232 2528 4304 πρὸς
2566 4233 2844 4305 διήγησιν.
2881 4229 3153 4300 Ἑντυχὼν
3176 4228 3253 4301 τῷ
3282 4230 3383 4293 τὰς
3419 4229 3634 4290 πίστεις

2059 4326 2124 4380 ἐκ
2157 4324 2423 4397 βασιλέως
2450 4322 2599 4395 αὐτῷ
2625 4324 2908 4393 κομίζοντι
2937 4323 3181 4392 μοναχῷ,
3220 4323 3316 4375 καὶ
3369 4318 3631 4387 συνθέμε-

2058 4434 2148 4477 νος
2208 4416 2569 4488 ὑποστρέψαι,
2633 4420 2886 4487 πρόσεισι
2946 4415 3025 4485 τῷ
3085 4416 3194 4467 τῶν
3271 4412 3634 4481 Ἰσμαηλιτῶν

387 4512 624 4568 cumque
667 4500 779 4571 jam
839 4502 894 4557 in
949 4503 1194 4559 Romana
1269 4508 1554 4575 provincia
1614 4520 1949 4576 versaretur,

2060 4509 2312 4579 ἁρχηγῷ,
2364 4507 2457 4562 καί
2494 4509 2731 4561 αἰτεῖται
2791 4506 3109 4577 στράτευμα
3162 4504 3211 4557 οἰ
3267 4502 3511 4572 δοθῆναι,
3545 4502 3632 4553 ἵνα

387 4588 796 4647 adolescentem
833 4595 1165 4663 amplexus:
1212 4597 1286 4652 Tu
1319 4600 1549 4670 quidem,
1602 4599 1806 4672 inquit,
1848 4604 1952 4669 liii,

386 4681 458 4734 ad
500 4691 592 4737 tua
630 4694 889 4740 revertere
917 4702 936 4741 :
963 4703 1056 4758 ego
1085 4705 1206 4743 vero
1234 4691 1303 4745 ad
1329 4690 1595 4748 Romanos
1630 4695 1954 4765 proﬁciscor.

381 4772 922 4848 Constantinopolim
958 4798 1238 4847 reversus,
1272 4798 1463 4854 magna
1494 4801 1618 4840 cum
1650 4786 1840 4843 latitia
1874 4797 1958 4844 est

382 4879 645 4934 exceptus
668 4870 736 4924 ab
758 4873 1122 4941 imperatore,
1154 4877 1449 4945 statimque
1478 4877 1721 4947 magistri
1750 4880 1959 4937 honore

384 4969 637 5024 ornatus,
700 4962 859 5034 150
919 4966 1271 5036 imperatoris
1331 4967 1503 5024 lilium
1566 4970 1885 5028 Micbaelem
1929 4990 1960 5029 e

387 5064 550 5106 sacro
586 5051 917 5124 baptismate
952 5057 1221 5127 suscepit,
1250 5073 1413 5128 quem
1452 5069 1611 5128 pater
1649 5061 1960 5119 diademate

384 5143 580 5213 cinxit,
632 5155 689 5202 et
744 5148 1120 5204 Romanorum
1183 5149 1573 5220 imperatorem
1636 5152 1957 5210 declaravit.

387 5235 630 5294 Antonio
654 5240 966 5310 patriarcha
988 5251 1227 5310 mortuo,
1251 5259 1377 5299 cum
1399 5261 1494 5300 χιιι
1514 5261 1688 5301 annos
1704 5246 1962 5302 Ecclesiae

392 5328 721 5396 praefuisset,
777 5333 1037 5399 Joannes,
1096 5350 1261 5405 quem
1303 5351 1470 5407 supra
1505 5337 1745 5393 diximus
1778 5339 1961 5395 Theo-

390 5421 527 5495 phili
563 5433 954 5495 prmeeptorem
982 5436 1038 5482 ct
1059 5427 1475 5498 suffragatorem
1507 5429 1695 5496 fuisse,
1724 5436 1962 5502 patriar-

392 5514 498 5570 cha
537 5515 878 5587 designatur,
914 5535 1077 5590 quem
1124 5528 1181 5576 et
1228 5520 1459 5576 Jannem
1518 5523 1814 5593 vocabant,
1846 5536 1960 5583 tmn

389 5607 467 5663 ob
525 5608 779 5678 haeresin,
846 5622 960 5670 tum
1018 5625 1243 5686 propter
1292 5614 1592 5687 praestigias
1650 5618 1707 5673 in
1761 5621 1965 5689 quibus

395 5709 655 5758 versatus
678 5713 815 5759 erat.
854 5703 1275 5783 sanctissimum
1305 5720 1438 5763 vero
1469 5702 1830 5774 Methodium,
1868 5714 1961 5783 qui

399 5790 605 5849 deinde
654 5778 1078 5863 patriarchicam
1144 5795 1363 5852 ornavit
1415 5796 1623 5864 sedem,
1690 5816 1961 5867 perversae

2060 4601 2206 4654 κατὰ
2282 4599 2384 4670 τὴν
2450 4599 2856 4653 Καππαδοκίαν
2926 4599 3246 4667 γενόμενος,
3302 4596 3630 4663 ἀνταποδοίη

2058 4693 2173 4755 τοῖς
2208 4692 2289 4754 εἰς
2318 4690 2669 4761 τὸνβασιλέα
2719 4690 3075 4744 κατειποῦσιν
3126 4690 3291 4743 αὐτοῦ
3340 4692 3480 4751 (ἐκεῖ
3526 4692 3633 4760 γὰρ

2060 4782 2248 4851 ἔλεγεν
2281 4783 2450 4837 οἰκεῖν
2492 4784 2619 4843 τοὺς
2656 4781 3000 4852 κατηγόρους
3035 4780 3246 4851 αὐτοῦ),
3275 4780 3428 4853 ἠξίου
3457 4780 3514 4834 δὲ
3542 4781 3633 4833 τὸν

2061 4876 2306 4946 ἀρχηγὸν
2337 4874 2446 4929 τῶν
2486 4874 2807 4946 Ἀγαρηνῶν
2841 4874 2938 4928 καὶ
2968 4875 3064 4928 τὸν
3089 4873 3201 4930 υἰδν
3244 4873 3411 4927 αὐτοῦ
3439 4891 3633 4927 συνεκο

2061 4968 2278 5040 πέμψαι
2335 4967 2508 5039 αὐτῷ,
2547 4969 2635 5022 ἵνα
2686 4985 2770 5021 σοι
2834 4967 3052 5030 τοῦτον,
3107 4967 3307 5036 λέγων,
3368 4969 3634 5037 γυμνάσια

2062 5062 2203 5133 πρὸς
2245 5059 2315 5114 τὰ
2344 5061 2601 5132 πολέμια.
2656 5059 2716 5114 '0
2765 5059 2822 5113 δέ
2856 5060 3128 5124 πείθεται,
3167 5059 3262 5111 καὶ.
3296 5059 3388 5112 τὸν
3435 5061 3637 5111 οἰκεῖον

2064 5152 2214 5226 αὐτῷ
2247 5153 2632 5224 συνεκπέμπει
2668 5153 2783 5206 υἱόν
2806 5168 2819 5182 ·
2862 5152 3087 5224 ἐθάρρει
3131 5151 3240 5221 γὰρ
3274 5150 3351 5220 τῷ
3380 5149 3641 5219 Μανουὴλ

2063 5245 2160 5299 καὶ
2191 5246 2503 5300 ἐπίστευσε.
2542 5247 2811 5308 Κάκεῖνος
2843 5245 3036 5318 ἀπῄει,
3072 5244 3166 5296 καὶ
3210 5243 3310 5315 ήδη
3347 5247 3462 5307 τοῖς
3499 5244 3639 5296 Ῥω·
3728 5308 3745 5318 .

2067 5338 2287 5407 μαῖκοῖς
2345 5336 2574 5406 ἐγγίσας
2627 5336 2826 5409 ὁρίοις,
2862 5336 2955 5389 τὸν
2995 5334 3090 5387 τοῦ
3137 5334 3401 5405 ἄρχοντος
3444 5332 3537 5387 τοῦ
3569 5335 3646 5386 ἐκ

2065 5432 2164 5499 τῆς
2198 5429 2380 5499 Ἀγαρ
2434 5429 2552 5483 υἰὸν
2603 5428 3055 5500 συμπαραλαϐὼν
3110 5427 3232 5499 μετ’
3274 5427 3472 5495 ὀλίγων
3530 5427 3647 5479 Σαε-

2068 5520 2351 5593 ρακηνῶν,
2399 5518 2547 5593 ἐξῄει
2595 5521 2758 5593 δῆθεν
2814 5522 2955 5592 πρὸς
3005 5519 3358 5591 κυνηγέσιον,
3422 5518 3651 5571 πολλῶν

2062 5613 2217 5685 αὑτῷ
2273 5614 2624 5683 θεραπόντων
2703 5614 3113 5684 συνεπομένων.
3181 5612 3272 5674 Ὠς
3327 5610 3420 5664 οὖν
3448 5634 3453 5639 ~
3483 5610 3653 5674 ἐντὸς

2065 5708 2247 5780 χώρας
2284 5709 2583 5779 Ῥωμαίων
2626 5709 2865 5776 ἐγένετο,
2898 5708 2977 5779 τῷ
3018 5707 3119 5778 υἱῷ
3151 5702 3247 5761 τοῦ
3292 5704 3652 5775 Ἰσμαηλίτου

2068 5801 2454 5871 περιπλακεὶς.
2514 5803 2595 5857 Σὺ
2639 5801 2776 5870 μὲν,
2827 5802 2953 5871 ἔφη,
3013 5800 3246 5865 τέκνον,
3296 5799 3655 5864 ὑπόστίιςςςε
