4010 6542
410 386 545 451 illi?

1658 384 1761 446 AN
1766 381 2062 445 NALIUM
2104 382 2254 443 LIB.
2291 382 2416 444 XV.

3507 378 3646 445 1410

404 505 552 571 πρὸς
581 502 654 558 τὰ
680 500 916 572 σὰ,ἐγὼ
947 499 1017 556 δὲ
1037 500 1188 569 πρὸς
1221 499 1543 569 Ῥωμαίους
1574 488 1964 568 πορεύσομαι.

2075 495 2320 567 Opinioni
2361 495 2754 568 refragantem,
2791 502 2912 564 post
2946 494 3148 554 multos
3178 499 3477 563 cruciatus,
3524 517 3646 555 ma-

414 594 758 648 Ἐπανελθὼν
823 593 869 646 δ’
927 596 1008 657 εἰς
1040 592 1140 663 τὴν
1201 590 1591 661 μεγαλόπολιν,
1646 589 1967 661 περιχαρῶς

401 683 594 754 ἐδέχθη
646 683 800 754 παρὰ
861 683 957 736 τοῦ
1008 684 1442 753 αὐτοκράτορος,
1504 681 1602 734 καὶ
1657 683 1969 751 μάγιστρος

401 776 600 830 αὐτίκα
643 775 930 846 τετίμητο,
963 776 1059 829 καὶ
1106 776 1171 828 ὲκ
1231 770 1342 829 τοῦ
1377 773 1539 842 ἁγίου
1587 772 1968 843 βαπτίσματος

400 866 494 919 τὸν
521 866 618 920 τοῦ
660 866 928 936 βασιλέως
955 867 1075 919 υἱὸν
1098 865 1317 938 Μιχαὴλ
1348 864 1590 930 ἐδέξατο,
1617 865 1677 920 δν
1719 867 1747 919 6
1782 865 1968 936 πατὴρ

405 959 497 1013 καὶ
568 959 858 1030 διαδήματι
940 959 1156 1030 ἔστεψε,
1214 961 1311 1013 καί⁵
1390 958 1614 1030 βασιλέα
1680 957 1968 1027 Ῥωμαίων

400 1052 615 1105 ἀνεῖπε.
665 1051 773 1105 Τοῦ
827 1052 1172 1125 πατριάρχου
1223 1051 1278 1105 δὲ
1321 1052 1615 1105 ’Δντωνίου
1666 1052 1767 1122 τὴν
1820 1050 1967 1121 ζωὴν

401 1144 902 1214 καταστρέψαντος,
948 1145 1007 1209 ὃς
1033 1144 1130 1214 ἐτη
1170 1144 1273 1214 τῆς
1320 1143 1647 1213 Ἐκκλησίας
1691 1143 1966 1214 ἐκράτησε

399 1236 682 1307 δεκατρία,
752 1236 1042 1305 Ἰωάννης,
1097 1235 1158 1288 δν
1205 1237 1234 1288 6
1289 1234 1447 1302 λόγος
1500 1235 1602 1306 ήδη
1666 1234 1966 1305 προείρηκε

400 1328 724 1382 διδάσκαλον
748 1328 1007 1397 γενέσθαι
1041 1328 1139 1383 τοῦ
1167 1328 1433 1397 Θεοφίλου
1470 1329 1566 1383 καὶ
1606 1325 1966 1398 συναιρεσιώ-

399 1436 520 1490 την,
568 1419 978 1490 προχειρίζεται
1034 1421 1407 1491 πατριάρχης,
1472 1421 1531 1475 δν
1605 1423 1703 1475 καλ⁵
1761 1421 1967 1491 ’Ῑάννην

398 1508 627 1564 ἐκάλουν
682 1510 731 1562 οἱ
787 1511 929 1574 τότε,
973 1509 1069 1563 καὶ
1125 1511 1216 1564 διά
1269 1512 1372 1581 τὴν
1430 1511 1664 1582 αἵρεσιν,
1722 1512 1819 1565 καὶ
1875 1510 1965 1564 διὰ

401 1597 678 1666 γοητείας.
725 1593 795 1669 ἦν
830 1598 940 1668 γὰρ
972 1599 1163 1663 αὐταῖς
1197 1600 1474 1672 ἐντριϐής.
1505 1601 1610 1654 Τὸν
1651 1601 1708 1655 δὲ
1745 1600 1969 1672 ἱερώτα-

398 1703 491 1740 τον
521 1687 783 1741 Μεθόδιον
808 1687 945 1757 (28),
978 1688 1039 1752 ὃς
1068 1687 1295 1760 ὕστερον
1318 1691 1414 1743 καὶ
1442 1689 1535 1742 τὸν
1562 1689 1968 1760 πατριαρχικδν

399 1785 677 1854 ἐκόσμησε
734 1782 949 1853 θρόνον,
1004 1783 1080 1854 μὴ
1141 1783 1464 1855 πειθόμενον
1532 1782 1826 1838 συνθέσθαι
1895 1785 1963 1854 τῇ

398 1875 692 1947 κακοδοξίᾳ
721 1874 909 1941 αὑτοῦ,
936 1876 1077 1944 μετὰ
1106 1875 1308 1939 πολλάς
1340 1875 1526 1939 αἰκίας
1571 1874 1795 1929 καὶτῶν
1839 1891 1962 1929 σια-

398 1964 572 2031 γόνων
607 1964 777 2017 αὐτοῦ
814 1963 1128 2030 σύνθλασιν,
1178 1966 1273 2019 καὶ
1320 1966 1432 2019 τῶν
1469 1966 1700 2021 ὀδόντων
1733 1965 1967 2038 ἐκριζω-

398 2073 504 2120 σιν,
536 2058 617 2118 είς
650 2055 749 2128 τὴν
789 2057 1074 2129 Πάνορμον
1097 2058 1283 2130 νῆσον,
1319 2058 1354 2131 ή
1391 2059 1484 2113 νῦν
1516 2057 1612 2113 τοῦ
1652 2058 1962 2127 Ἀντιγόνου

398 2148 664 2213 καλεῖται,
747 2146 1074 2220 ὁδυσσεσὴς
1142 2148 1468 2221 ὑπερορίζει
1528 2148 1810 2220 Θεόφιλος,
1871 2150 1966 2203 καὶ

328 2316 329 2319 η
397 2240 545 2303 ἐντὸς
572 2240 929 2312 καθείργνυσι
960 2242 1246 2312 μνήματος
1278 2243 1418 2313 μετά
1462 2243 1556 2298 δύο
1594 2244 1810 2315 λῃστῶν
1831 2260 1846 2276 ·
1886 2237 1964 2299 ὧν

395 2330 495 2383 τοῦ
553 2331 674 2395 ἑνὸς
706 2331 986 2398 θανόντος,
1023 2334 1157 2403 ὅσην
1185 2334 1214 2387 6
1268 2334 1424 2401 ἅγιος
1455 2335 1518 2387 ὲκ
1552 2335 1651 2405 τῆς
1689 2333 1965 2399 δυσώδους

397 2421 489 2475 τοῦ
540 2422 838 2488 τεθνεῶτος
894 2425 1185 2496 ἀποφορᾶς
1243 2426 1524 2497 ὑπήνεγκε
1577 2425 1699 2497 βίαν
1728 2429 1826 2481 καὶ
1861 2429 1960 2499 ἀη-

392 2515 533 2578 δίαν,
564 2517 664 2569 οὐκ
697 2516 764 2571 ἀν
801 2535 887 2596 τις
913 2518 1074 2586 λόγος
1129 2519 1331 2582 ἱκανῶς
1360 2519 1746 2591 διαγράψαιτο.
1812 2521 1963 2574 Ἑκεῖ

2070 586 2359 656 larumque
2425 586 2810 641 contusionem
2864 594 2920 641 et
2975 586 3225 642 dentium
3275 589 3643 657 evulsionem,

2071 678 2128 734 in
2184 678 2423 734 insulam
2471 680 2827 741 Panormum,
2878 694 3000 749 quae
3051 695 3198 735 nunc
3258 679 3514 752 Antigoni
3553 698 3649 737 co-

2070 781 2426 842 gnomentum
2475 770 2662 833 habet,
2703 769 2906 839 impius
2950 770 3157 840 relegat
3201 770 3563 840 TlteOpliilus,
3589 781 3649 828 et

2072 865 2213 919 intra
2248 874 2664 918 monumentum
2712 877 2837 918 cum
2885 861 3104 917 duobus
3147 862 3455 917 latronibus
3509 880 3646 918 eou-

2070 949 2290 1005 eludit:
2326 964 2560 1020 quorum
2609 949 2785 1005 altero
2840 961 3083 1015 mortuo,
3117 960 3378 1020 quantam
3430 950 3644 1006 violen-

2071 1039 2224 1105 tiam,
2285 1049 2342 1095 et
2391 1038 2702 1095 molestiam
2772 1039 2860 1093 vir
2925 1048 3149 1095 sanctus
3211 1055 3277 1094 ex
3348 1040 3641 1095 teterrima

2070 1126 2356 1181 cadaveris
2381 1126 2560 1182 fetore
2586 1127 2857 1194 tolerarit,
2884 1129 3032 1182 nulla
3063 1129 3355 1198 quisquam
3385 1130 3637 1185 oratione

2069 1219 2333 1290 consequi
2392 1228 2597 1290 potest.
2655 1220 2776 1275 Illic
2830 1221 2998 1291 igitur
3055 1221 3260 1291 inclyto
3325 1222 3420 1277 illo
3488 1231 3645 1293 patre

2071 1311 2308 1374 incluso,
2356 1312 2556 1368 fratres
2608 1312 2688 1367 illi
2747 1314 3098 1369 confessores
3155 1314 3525 1385 TheOpbanes
3586 1326 3642 1371 et

2070 1400 2414 1467 Theodorus,
2444 1411 2567 1474 post
2591 1404 2858 1458 facierum
2884 1406 3362 1475 compunctionem
3391 1407 3638 1474 relegati,

2068 1507 2193 1549 cum
2241 1494 2310 1549 ad
2340 1494 2517 1550 Certae
2549 1504 2768 1566 portum
2791 1498 3157 1567 appulissent,
3206 1513 3306 1567 per
3344 1499 3638 1568 quemdam

2069 1584 2398 1654 piscatorem
2426 1586 2708 1642 Methodio
2738 1588 3063 1644 familiarem
3096 1589 3212 1644 haec
3248 1589 3593 1660 scripserunt
3623 1608 3638 1646 :

2219 1719 2425 1793 [insuti
2465 1730 2689 1786 mortuo,
2721 1732 2876 1793 atque
2910 1732 3116 1793 mortuo
3148 1725 3312 1778 simul

2226 1788 2399 1862 Yitam
2431 1794 2637 1858 (eremi,
2669 1795 2759 1862 qui
2789 1788 2905 1845 cum
2940 1792 3185 1847 tellurem
3209 1796 3346 1848 colat

2210 1859 2367 1913 Polo:
2394 1869 2652 1928 pererrat,
2680 1859 2899 1916 litterati
2924 1863 3130 1918 litteras

2215 1928 2388 1984 Vincti
2411 1933 2596 1985 misere
2622 1931 2843 1985 uinculis
2868 1933 3147 1987 adobruta.

2060 2045 2274 2114 Quibus
2326 2059 2425 2116 per
2473 2044 2729 2100 eumdem
2766 2044 3098 2116 piscatorem
3141 2045 3226 2100 vir
3270 2054 3495 2103 sanctus
3550 2061 3640 2102 re-

2061 2138 2289 2210 scripsit
2323 2157 2336 2192 :

2207 2247 2443 2313 Quorum
2470 2255 2654 2301 notata
2686 2247 2904 2301 nomina
2933 2249 2987 2301 in
3017 2246 3316 2303 caelestibus

2202 2319 2374 2373 Libris
2409 2317 2677 2389 leguntur,
2718 2325 2767 2370 et
2802 2318 3096 2389 decentibus
3120 2320 3250 2373 votis

2214 2386 2552 2459 Compuneta:
2581 2388 2800 2457 frontes,
2831 2386 3037 2441 uinculo
3061 2389 3324 2459 oppressis

2212 2458 2349 2516 Dicit
2380 2458 2629 2525 salutem,
2650 2459 2740 2529 qui
2769 2460 2942 2512 vivens
2971 2458 3205 2529 sepultus
3236 2466 3337 2513 est.

396 2606 574 2659 τοίνυν
601 2593 1058 2680 ἐγκεκλεισμένου
1087 2609 1180 2662 τοῦ
1206 2609 1457 2679 ἀοιδίμου
1493 2590 1730 2664 γὲκείνου
1796 2609 2033 2680 Πατρδς,
2072 2609 2168 2663 καὶ
2230 2609 2279 2662 οἱ
2331 2607 2678 2675 αὐτάδελφοι,
2708 2604 2735 2660 ὅ
2775 2622 2836 2659 τε
2885 2606 3167 2677 Θεοφάνης
3211 2607 3308 2662 καὶ
3361 2590 3641 2679 Θεόδωρος

398 2698 540 2766 μετὰ
573 2700 674 2768 τὴν
710 2700 821 2753 τῶν
852 2701 1164 2772 προσώπων
1202 2701 1522 2768 κατάστιξιν
1578 2702 2058 2774 ὑπεροριζόμενοι,
2126 2700 2223 2755 καὶ
2294 2700 2438 2754 κατά
2498 2699 2590 2755 τὸν
2617 2699 2810 2770 Κάρτα
2841 2695 3044 2767 λιμένα
3083 2697 3511 2763 καταλύσαντες,
3548 2696 3642 2751 διά

393 2810 536 2857 τινος
554 2794 750 2857 ἀλιὲως
775 2794 1041 2867 συνήθους
1060 2794 1139 2865 τῷ
1158 2794 1289 2866 ἱερῴ
1311 2794 1556 2866 Μεθοδίῳ
1578 2795 1956 2850 ὲπιστέλλουσι
1994 2792 2168 2851 ταῦτα
2208 2809 2225 2827 ·

1324 2929 1412 2995 Τῷ
1444 2929 1611 2992 (ETw-tt
1640 2931 1853 3000 νεκρῷ,
1884 2930 1982 2986 καὶ
2020 2928 2211 2998 νεκρῷ
2244 2927 2546 2998 (conscripti).

1317 3005 1559 3057 Ναίοντι
1598 3004 1713 3071 τὴν
1742 2999 1878 3072 γῆν,
1920 3002 2021 3072 καί
2057 3000 2351 3072 ,πωλοῦντι
2388 3002 2495 3054 τὸν
2533 2999 2751 3063 πόλον,

1312 3074 1577 3139 Γραπτοὶ
1616 3070 1917 3143 ’γράφουσι
1947 3070 2026 3136 τῷ
2053 3070 2298 3139 δεσμίῳ.

396 3162 494 3232 οἷς
526 3165 822 3221 πάλιν-διά
858 3165 957 3220 τοῦ
1000 3163 1166 3219 αὑτοῦ
1208 3166 1406 3229 ἁλιέως
1447 3168 1475 3217 6
1521 3166 1669 3228 ὅσιος
1714 3162 2132 3227 ἀνταπέστειλε,

1314 3255 1461 3322 Τοὺς
1499 3254 1627 3320 ταῖς
1650 3255 1965 3318 ,βίϐλοισιν
1992 3253 2253 3320 οὐρανοῦ
2286 3249 2740 3320 κλησιγφάφους

1306 3326 1412 3380 Καὶ
1447 3326 1597 3393 πρὸς
1628 3323 1873 3393 μέτωπα
1902 3324 2226 3391 σωφρόνως
2260 3324 2655 3390 ἐστιγμένους

1303 3395 1639 3464 Προσεῖπεν
1668 3398 1701 3450 ό
1726 3393 2018 3460 ζώθαπτος
2049 3393 2130 3461 ὠς
2157 3393 2590 3478 συνδεσμιους.

424 3546 668 3617 Εδδομον
697 3544 742 3599 δ’
771 3544 888 3606 ἔτος
917 3541 1173 3606 διανύσας
1207 3543 1264 3595 ὲν
1298 3539 1373 3611 τῷ
1399 3540 1555 3609 τάφῳ
1582 3540 1610 3593 6
1632 3539 1809 3606 ἅγιος,
1839 3534 1959 3593 εἶτα

2066 3534 2197 3591 Cum
2223 3542 2405 3589 autem
2441 3531 2737 3604 septimum
2767 3550 2972 3590 annum
2993 3533 3049 3591 in
3069 3522 3328 3607 sepulcro
3347 3512 3637 3609 exegisset,

401 3639 607 3694 ἐκεῖθεν
631 3636 914 3709 ἐκδληθεὶς
939 3636 995 3689 ὲν
1026 3636 1138 3698 τοῖς
1163 3634 1482 3705 ἀνακτόροις
1509 3633 1955 3698 κατεκέκλειστο,

404 3731 626 3802 μηδενὸς
667 3728 830 3783 αὑτὸν
859 3726 1179 3798 ὁρῶντος,ἢ
1219 3725 1380 3796 μόνον
1421 3724 1514 3779 τοῦ
1559 3725 1964 3797 ὑπηρετοῦντος

393 3822 563 3894 αὐτῷ,
597 3821 691 3875 καὶ
717 3820 810 3874 τοῦ
840 3817 1137 3890 βασιλέως·
1171 3818 1476 3888 φιλοπονῶν
1508 3817 1616 3889 γάρ
1643 3820 1670 3871 6
1702 3816 1962 3887 Θεόφιλος

393 3917 490 3971 καὶ
527 3910 940 3981 ἀναγινώσκων,
970 3908 1160 3981 ἠρώτα
1206 3909 1300 3962 τὸν
1342 3910 1489 3981 ἱερὸν
1531 3909 1796 3963 Μεθὸδιον
1832 3907 1964 3979 περὶ

400 4003 469 4061 Iw
493 4003 853 4077 ἀμφιδάλλων
882 3997 973 4073 ἦν,
1002 4001 1082 4056 διὸ
1115 4001 1212 4056 καὶ
1251 4002 1309 4055 ἐν
1337 4005 1459 4067 ταῖς
1498 4001 1835 4074 ἀποδημίαις
1872 4002 1964 4057 ἀεὶ

399 4101 625 4155 συνόντα
656 4092 802 4166 εἶχεν
831 4092 1003 4166 αὐτῷ.

462 4190 592 4247 ΚΘ’.
640 4191 839 4262 Ἔαρος
864 4188 909 4242 δ’
941 4186 1285 4253 ἐπιστάντος,
1326 4185 1469 4241 κατά
1497 4187 1609 4240 τῶν
1643 4187 1964 4259 Ἀγαρηνῶν

391 4287 419 4339 6
451 4282 728 4356 βασιλεὺς,
764 4281 861 4335 καὶ
891 4280 1055 4334 πάλιν
1099 4277 1201 4352 ἦρε
1239 4278 1309 4334 τά
1340 4280 1502 4348 ὅπλα,
1540 4282 1635 4334 καὶ
1667 4280 1839 4333 πολλὰ
1865 4280 1962 4351 τῆς

393 4376 593 4445 Συρίας
619 4371 972 4444 ἐξεπόρθησε,
1009 4370 1105 4424 καὶ
1151 4370 1362 4424 πόλεων
1410 4371 1707 4441 ἐκράτησε,
1739 4372 1833 4426 καὶ
1864 4373 1963 4426 αὐ-

391 4468 494 4538 τῆς
526 4464 906 4535 Σωζοπέτρας,
965 4464 1000 4534 ἢ
1074 4463 1276 4534 πατρὶς
1319 4461 1583 4533 ἐτύγχανε
1620 4463 1715 4516 τοῦ
1760 4465 1961 4536 Ἀμερς

396 4558 642 4630 μουμνῆ,
668 4561 762 4611 καὶ
791 4557 966 4608 ταῦτα
999 4554 1173 4608 πολλά
1199 4546 1473 4624 ’δεομένου
1506 4555 1742 4619 ἐκείνου,
1771 4556 1964 4623 φείσα-

396 4652 521 4706 σθαι
580 4651 680 4719 τῆς
730 4649 990 4720 πατρίδος
1062 4645 1252 4703 αὐτοῦ.
1295 4646 1355 4699 '0
1412 4646 1513 4718 μὲν
1565 4641 1659 4700 οὖν
1707 4646 1964 4719 βασιλεὺς

392 4741 681 4807 ἀνέζευξεν
732 4738 998 4810 εὐτυχῶς.
1034 4737 1095 4791 Ὅ
1152 4737 1423 4805 Θεόφοδος
1467 4737 1524 4790 δὲ
1582 4736 1964 4808 καταλειφθεὶς

391 4835 535 4890 ὥστε
565 4835 635 4889 τά
695 4833 803 4888 τῶν
854 4831 1285 4904 στρατευμάτων
1333 4830 1815 4901 οἰκονομήσασθαι,
1843 4828 1964 4884 ἐπεὶ

2058 3625 2189 3681 inde
2220 3625 2431 3696 ejectus
2456 3638 2619 3695 atque
2652 3624 2706 3678 in
2735 3626 2884 3696 regia
2922 3628 3219 3683 conclusus
3260 3638 3368 3694 est,
3416 3631 3641 3686 nemine

2059 3736 2185 3777 cum
2205 3720 2449 3795 vidente,
2470 3727 2670 3789 praeter
2690 3719 3003 3774 ministrum
3026 3720 3594 3792 ejusettTlieopbilum
3619 3740 3636 3777 :

2059 3812 2156 3887 qui
2186 3828 2311 3868 cum
2344 3812 2593 3867 studiose
2616 3809 2846 3881 legeret,
2888 3811 3133 3867 divinum
3164 3814 3342 3867 virum
3379 3812 3454 3868 de
3502 3814 3642 3868 locis

2058 3905 2247 3967 dubiis
2296 3903 2690 3974 interrogabat,
2708 3918 2882 3974 eaque
2912 3905 2978 3959 de
3014 3920 3179 3960 causa
3211 3908 3378 3961 etiam
3412 3906 3466 3961 in
3504 3922 3638 3977 per-

2058 3999 2498 4073 egrinationibus
2565 4011 2783 4067 semper
2822 3998 3061 4055 habebat
3094 4015 3306 4055 secum.

2126 4185 2322 4243 XXIX.
2344 4184 2487 4240 Vere
2506 4184 2805 4257 incipiente
2824 4186 3124 4256 imperator
3145 4198 3355 4260 rursus,
3373 4182 3637 4253 Agarenis

2056 4294 2210 4336 arma
2236 4277 2423 4333 intulit
2450 4289 2529 4348 et,
2553 4296 2748 4351 magna
2778 4276 2949 4349 Syria:
2969 4285 3124 4347 parte
3146 4283 3378 4333 vastata,
3404 4274 3640 4331 urbibus

2055 4383 2140 4431 est
2186 4374 2415 4445 potitus,
2486 4373 2711 4446 ipsaque
2753 4372 3055 4441 Sozopetra
3093 4369 3271 4439 patria
3335 4366 3631 4421 Amerinu-

2059 4465 2204 4521 tunis
2228 4483 2242 4519 :
2270 4464 2520 4536 quamvis
2550 4465 2640 4520 ille
2675 4464 2934 4529 multum,
2966 4460 3063 4518 sed
3091 4459 3321 4525 frustra,
3345 4471 3508 4515 orare
3537 4497 3552 4524 ,
3580 4467 3642 4513 ut

2060 4555 2251 4630 patriae
2284 4555 2437 4625 151
2468 4572 2580 4611 sua:
2606 4563 2945 4625 parceretur.
2968 4554 3044 4608 Ac
3082 4553 3382 4623 imperator
3406 4551 3643 4607 feliciter

2063 4648 2287 4702 domum
2316 4647 2503 4703 rediit.
2536 4645 2911 4717 TheOphobus
2938 4652 3123 4700 autem
3158 4644 3223 4699 ad
3247 4643 3640 4714 gubernandas

2062 4740 2310 4811 legiones
2336 4740 2588 4804 relicms,
2620 4755 2746 4795 cum
2774 4739 3071 4794 Persarqu
3112 4736 3390 4807 stipendia
3426 4736 3639 4792 tardius

2064 4831 2418 4887 solverentur
2473 4829 2735 4899 (habebat
2783 4830 2934 4884 enim
2979 4825 3282 4898 imperator
3330 4827 3637 4882 exercitum

392 4928 454 4982 τὸ
489 4927 599 4981 τῶν
657 4923 883 4993 Περσῶν
946 4922 1213 4993 ὑστέρησε
1263 4918 1573 4991 σιτηρέσιον
1620 4919 1962 4991 (στράτευμα

2066 4920 2395 4994 Persicum),
2423 4897 2491 4977 ab
2524 4921 2634 4977 illis
2664 4919 3098 4991 indignantibus,
3128 4919 3215 4975 vel
3242 4918 3448 4975 invitus
3473 4931 3640 4990 atque

393 5020 503 5092 γὰρ
539 5015 609 5091 ἦν
637 5018 715 5089 τῷ
746 5016 957 5086 βασιλεῖ
986 5014 1304 5085 Περσικὸν),
1352 5010 1845 5082 περιαλγησάντων
1876 5009 1965 5064 διὰ

391 5112 550 5167 τοῦτο
577 5111 686 5164 τῶν
721 5107 967 5179 Ηερσῶν,
1003 5105 1259 5177 βασιλεὺς
1295 5104 1428 5175 παρ’
1462 5103 1643 5156 αὐτῶν
1682 5102 1966 5172 ἀνερρήθη

394 5203 489 5255 καί
516 5201 686 5265 ἄκων,
718 5199 919 5270 μᾶλλον
949 5197 1007 5251 δὲ
1047 5198 1143 5250 καὶ
1171 5195 1508 5265 παρακαλῶν
1539 5195 1734 5259 αὐτοὺς
1779 5193 1965 5263 μεθεῖ-

394 5310 485 5348 ναι
537 5293 638 5362 τῆς
692 5290 975 5357 ἀπονοίας,
1035 5289 1111 5358 μὴ
1183 5289 1278 5340 καὶ
1346 5286 1596 5352 ἑαυτοὺς,
1625 5287 1720 5339 καὶ
1776 5284 1968 5338 ἐαυτδν

395 5381 647 5451 ἐσχάτοις
704 5382 899 5441 κακοῖς
948 5377 1360 5448 περιδάλωσιν·
1426 5377 1546 5429 ἀλλ’
1596 5378 1697 5429 οὐκ
1756 5374 1966 5429 ἔπειθε.

396 5471 614 5525 Στέλλει
645 5472 776 5541 γοῦν
809 5473 946 5542 πρὸς
988 5471 1079 5525 τὸν
1112 5470 1356 5541 βασιλέα,
1391 5470 1552 5523 τοῦτο
1586 5470 1713 5534 τοὺς
1746 5469 1964 5539 Πέρσας

395 5562 873 5635 ἀποκρυψάμενος,
907 5562 1191 5631 γνωρίζων
1224 5561 1285 5615 τὸ
1306 5562 1547 5631 γεγονὸς,
1583 5561 1679 5615 καὶ
1708 5560 1879 5631 μηδέν
1908 5577 1965 5614 τι

2061 5015 2130 5070 ab
2150 5030 2213 5070 ea
2258 5015 2642 5084 desperatione
2673 5013 2878 5068 frustra
2930 5012 3251 5078 debortans,
3298 5026 3368 5066 ne
3412 5021 3469 5066 et
3496 5027 3555 5065 se
3582 5021 3641 5065 et

2062 5105 2391 5176 semetipsos
2416 5105 2472 5160 in
2499 5116 2745 5160 extrema
2774 5105 2915 5158 mala
2944 5104 3303 5175 conjicerent,
3339 5102 3640 5173 imperator

2063 5199 2355 5254 salutatur.
2396 5197 2515 5266 Quo
2547 5198 2715 5263 facto,
2765 5197 2906 5252 clam
2940 5196 3145 5261 Persis,
3197 5194 3255 5250 id
3306 5195 3634 5265 imperatori

2062 5290 2352 5361 signiﬁcat,
2379 5290 2541 5360 eique
2571 5288 2732 5343 ﬁdem
2778 5288 2930 5352 facit,
2977 5304 3045 5343 ne
3085 5287 3217 5357 quid
3245 5284 3455 5340 sinistri
3483 5285 3551 5340 de
3579 5301 3639 5341 sc

2066 5383 2401 5452 suspicetur.
2441 5382 2715 5436 Reversus
2747 5381 3138 5450 imperatorem
3182 5378 3416 5443 accedit,
3448 5386 3506 5431 et
3540 5393 3637 5430 cu-

2075 5465 2359 5545 pidissime
2392 5474 2688 5543 excipitur,
2716 5471 2948 5543 pristina
2975 5470 3237 5525 felicitate
3272 5477 3511 5537 recepta.
3541 5468 3640 5523 Est

2072 5571 2130 5618 et
2160 5563 2342 5617 Persis
2367 5563 2624 5618 omnibus
2652 5563 2780 5617 data
2810 5559 2991 5625 venia,
3034 5573 3213 5629 neque
3244 5556 3353 5613 alia
3400 5557 3638 5628 irrogata

1580 5701 1778 5764 Varla;
1806 5701 2111 5765 lectiones
2145 5708 2208 5764 et
2245 5710 2433 5765 notas.

472 5823 581 5886 (28)
613 5822 724 5880 Τὸν
755 5825 823 5879 δὲ
849 5825 1165 5895 ἱερώτατον
1191 5826 1502 5882 Μεθόδιον.
1542 5824 1712 5895 Cujus
1757 5824 1958 5883 festum

2066 5832 2163 5881 unt
2188 5823 2359 5883 Graeci
2389 5824 2458 5880 ill
2496 5823 2665 5893 Junii,
2700 5833 2758 5879 ut
2791 5832 2875 5880 cst
2902 5822 2956 5879 iu
2985 5821 3223 5880 Menaeis.
