3964 6252
319 360 328 367 ,
369 359 902 366 .m-______
925 356 1572 365 _.__.-_.___.__.-__~__...
1747 353 2074 363 _.___-~_._,
2101 357 2152 362 ._
2285 356 2438 363 -..μη
2455 355 2858 361 -_____-___._.,,-
2959 356 3106 361 -___,_
3141 356 3166 361 _
3193 356 3228 361 μ
3253 356 3292 361 ._
3335 356 3344 361 _
3387 358 3424 361 __

883 555 1630 691 ΙΩΑΝΝΟΥ
1718 554 2066 691 ΤΟΥ
2143 552 2964 689 ΑΣΚΗΤΟΥ

452 775 1375 1055 ’ΤΟΥ
1614 817 3250 1056 ΖΩΝΑΡΑ

420 1141 834 1198 ῙἚΓΟΝΟΤΟΣ
893 1144 1030 1198 ΤΟΥ
1086 1144 1416 1200 ΜΕΓΑΛΟΥ
1481 1145 1955 1219 ΔΡΟΥΓΓΑΡΙΟΥ
2031 1146 2163 1200 ΤΗΣ
2235 1146 2507 1215 ΒΙΓΛΔΣ,
2574 1147 2694 1201 1(Δί
2761 1145 3395 1204 ΠΡΩΤΟΔΣΗΚΡΗΤΙΣ

1177 1300 2662 1619 XPONIKQN.

683 1801 1835 2018 JOANNIS
1966 1810 2248 2019 Ζ(

1576 1807 1835 2018 IS
1966 1809 3137 2021 ZONAIUE

788 2361 1046 2423 MAGNI
1088 2361 1355 2421 ANTEA
1403 2358 1735 2421 \‘lGlLUM
1782 2355 2187 2419 PBIEFECTI
2229 2360 2332 2443 ΕΤ
2377 2359 2694 2435 ΡΒΙΜΙΑ
2741 2357 3117 2422 SECRETIS

1386 2556 2450 2739 ANNALES.

1097 2863 1475 2928 CAROLUS
1509 2862 1631 2924 ΗΠ
1660 2860 2024 2935 FRESNE,
2064 2861 2262 2962 DUM.
2303 2862 2419 2925 ΒΗ
2459 2861 2770 2939 CANGE,

850 2987 1020 3048 REGI
1051 2989 1095 3044 Α
1127 2986 1494 3057 CONSILIIS,
1540 2988 1633 3045 ET
1671 2987 2007 3045 FRANCI/E
2069 2988 2264 3045 APUD
2302 2989 2415 3047 AMJ

1540 2988 1633 3045 ET
1671 2987 2007 3045 FRANCI/E
2069 2988 2264 3045 APUD
2302 2989 2664 3047 AMBIANOS
2702 2990 3066 3060 ΩΠΛΕδἸὈΒ,

287 3132 722 3186 ποιπιλπη
740 3132 1123 3183 EDITIONEM
1151 3129 2002 3182 CUMSCRIPTISCODICIBUS
2019 3129 2390 3191 CONTULIT,
2412 3128 2721 3180 LATINAM
2743 3114 3136 3183 VERSIONEM
3152 3133 3557 3199 RECENSUII'.

1377 3239 1685 3289 ΑΝΝΑιΕε
1720 3236 1936 3288 NOTIS
1973 3236 2457 3289 ILLUSTBAYIT.

1879 3402 1949 3415 —

1375 3518 1872 3600 DUCANGII
1952 3518 2527 3599 PBIEFATIO.

368 3698 554 3754 Nemo
584 3705 676 3755 est
715 3706 831 3753 tum
860 3714 932 3754 ex
964 3698 1168 3755 nostris
1199 3706 1314 3754 tum
1366 3700 1534 3755 etiam
1592 3701 1797 3757 exteris
1843 3698 1941 3771 (1),
1970 3700 2062 3770 qui
2120 3700 2343 3771 Regiam
2399 3699 2733 3771 scriptor-um
2784 3699 3210 3772 Byzantinorum
3255 3704 3556 3761 editionem

293 3792 456 3848 velut
506 3792 774 3846 eximium
804 3790 1026 3847 Gallica:
1058 3791 1482 3862 magniﬁcentiae
1509 3799 1927 3846 monumentum
1962 3804 2071 3844 non
2105 3788 2387 3857 suspiciat.
2417 3787 2484 3841 Et
2507 3788 2707 3841 merito
2725 3802 2856 3843 sane
2887 3804 2953 3843 ac
2979 3790 3105 3860 jure
3129 3791 3359 3861 optimo,
3396 3808 3551 3859 cum,

314 3888 701 3950 praeterquam
724 3880 869 3950 quod
904 3880 1190 3935 historiam
1229 3881 1415 3934 minus
1441 3880 1708 3935 hactenus
1732 3891 1918 3934 notam
1947 3887 2003 3932 et
2042 3891 2168 3946 qua:
2197 3883 2278 3929 tot
2315 3890 2499 3928 rerum
2523 3873 2740 3929 eventis
2774 3875 3039 3942 varietur,
3076 3877 3418 3949 Romanique
3449 3882 3555 3935 im-

293 3967 445 4036 perii
480 3968 747 4021 universo
797 3981 936 4035 pene
965 3966 1088 4021 orbi
1127 3967 1259 4021 olim
1308 3967 1646 4021 dominantis
1684 3981 1890 4020 causas
1929 3961 2308 4018 inclinationis
2339 3969 2503 4032 atque
2545 3961 2722 4017 ruinae
2748 3962 2823 4017 ob
2860 3963 3054 4019 oculos
3079 3975 3372 4035 proponat,
3418 3971 3558 4040 typis

298 4052 404 4108 illa
435 4062 550 4108 tam
573 4054 933 4125 elegantibus
966 4054 1397 4123 cbartarumque
1446 4052 1825 4124 magnitudine
1853 4053 2121 4106 adornata
2164 4050 2279 4104 exit
2326 4049 2380 4104 in
2416 4049 2721 4120 publicum,
2751 4061 2812 4104 ut
2836 4052 3139 4120 quamdam
3169 4069 3283 4123 pra:
3326 4070 3386 4110 se
3420 4057 3555 4112 ferat

303 4142 682 4212 maiestatem,
713 4150 769 4195 et
802 4150 1076 4212 quotquot
1105 4143 1320 4197 litteras
1344 4150 1538 4196 amant
1581 4141 1650 4196 ad
1692 4140 1777 4196 sui
1811 4140 2108 4196 lectionem
2138 4135 2545 4206 quodammodo
2583 4136 2845 4192 sollicitet
2871 4146 2927 4192 et
2963 4139 3195 4194 alliciat.
3224 4140 3295 4195 At
3322 4157 3446 4195 cum
3477 4151 3560 4197 tot

296 4230 457 4285 inter
490 4229 663 4300 Regio
686 4230 800 4284 isto
821 4238 1096 4301 apparatu
1144 4228 1406 4300 insignes,
1427 4228 1661 4284 Joannis
1697 4229 1926 4283 Zonaras
1954 4226 2195 4281 Annales
2225 4225 2414 4280 Graece
2446 4225 2615 4279 semel
2646 4224 2939 4295 minmsque
2964 4223 3140 4281 nitide
3167 4224 3463 4298 impressas
3492 4248 3557 4286 ac

300 4315 365 4371 in
398 4331 646 4386 prxesens
676 4316 917 4372 rariores
954 4316 1204 4386 plerique
1232 4331 1301 4370 ex
1333 4315 1567 4371 eruditis
1592 4313 1895 4371 desiderari
1937 4314 2303 4378 monuissent,
2342 4314 2425 4368 vir
2467 4313 2879 4368 illustrissimus
2908 4315 3157 4370 marchi-o
3192 4317 3266 4371 de
3297 4318 3556 4383 Louvois,

304 4404 427 4473 regi
460 4403 534 4458 ab
576 4402 786 4459 intimis
823 4403 1077 4459 consiliis
1101 4410 1156 4458 et
1199 4402 1453 4468 secretis,
1486 4403 1646 4473 cujus
1672 4414 1819 4456 cura;
1849 4400 2082 4457 aediﬁcia
2117 4402 2307 4472 Regia,
2352 4410 2519 4465 artes,
2559 4401 2786 4471 ipsaque
2833 4405 3191 4474 typographia
3229 4406 3396 4476 Regia
3428 4422 3556 4476 per—

302 4490 480 4545 missa
511 4500 662 4557 sunt,
695 4490 752 4544 in
785 4491 928 4546 idem
960 4490 1129 4547 etiam
1162 4490 1457 4546 consilium
1488 4490 1839 4560 conspirante
1880 4489 2253 4544 illustrissimo
2286 4488 2455 4543 fratre
2497 4487 2916 4559 archiepiscopo
2940 4491 3238 4546 Rhemensi
3275 4508 3339 4547 ac
3377 4494 3557 4565 primo

304 4577 558 4632 Francia:
580 4579 723 4648 pari,
754 4593 854 4648 pro
884 4578 1074 4632 innato
1105 4593 1214 4631 non
1251 4577 1463 4647 vulgari
1490 4592 1619 4647 erga
1648 4576 1863 4632 litteras
1891 4576 2089 4630 aﬂ‘ectu
2121 4584 2181 4630 ut
2206 4583 2398 4631 auctor
2424 4575 2594 4645 Regia
2623 4573 2867 4630 editione
2911 4576 3271 4647 dignissimus
3299 4580 3559 4636 ederetur

306 4666 587 4737 Optimum
616 4666 816 4721 factum
850 4667 1029 4722 videri
1077 4665 1182 4721 sibi
1227 4664 1578 4737 signiﬁcavit.
1619 4664 1795 4720 Haece
1840 4663 1979 4719 mihi
2010 4662 2214 4718 deinde
2251 4662 2584 4717 demandata
2628 4662 2939 4732 provincia,
2979 4681 3087 4734 qua
3121 4666 3397 4723 doctiores
3423 4669 3558 4724 alios

302 4755 475 4825 longe
504 4755 703 4809 melius
731 4754 1093 4810 dcl'uncturos
1131 4754 1260 4810 licet
1293 4754 1521 4809 minime
1560 4753 1829 4818 dubitem,
1856 4769 2080 4808 manum
2123 4754 2309 4809 statim
2353 4753 2595 4816 admovi,
2657 4752 2880 4807 codices
2908 4764 3125 4810 veteres
3155 4769 3423 4826 quantum
3460 4774 3558 4828 per

306 4850 537 4911 tempus
563 4842 726 4896 licuit
756 4843 951 4914 collegi
984 4851 1042 4898 et
1074 4842 1311 4909 contuli,
1344 4851 1616 4912 notasque
1649 4841 1825 4913 adjeci
1855 4858 1873 4896 :
1905 4843 2054 4913 quod
2082 4841 2464 4913 qualecunque
2489 4850 2594 4905 est,
2622 4840 2765 4910 aequi
2796 4840 3038 4912 bonique
3081 4847 3435 4901 consulturos
3459 4846 3559 4901 be-

307 4930 515 4999 nignos
541 4928 779 4985 lectores
805 4931 1045 4985 conﬁdo.

380 5021 685 5078 Enimvero
716 5031 776 5078 ut
801 5023 870 5080 de
897 5025 1051 5081 hisce
1089 5024 1183 5096 qui
1210 5041 1368 5081 nunc
1399 5025 1674 5096 prodeunt
1701 5024 2008 5081 Annalibus
2047 5041 2110 5080 ac
2150 5024 2219 5080 de
2249 5041 2444 5081 eorum
2476 5037 2702 5085 auctore
2723 5029 2936 5086 Zonara
2965 5031 3217 5101 quaedam
3254 5028 3557 5100 praemittit-

306 5126 461 5176 mus,
496 5111 599 5167 hos
636 5116 938 5181 praesertim
976 5113 1334 5173 commendat
1362 5113 1647 5184 scriptoris
1675 5113 1938 5180 eruditio,
1975 5129 2100 5185 qua:
2130 5128 2242 5167 non
2282 5128 2351 5168 ex
2396 5114 2465 5170 iis
2493 5115 2659 5170 modo
2699 5117 2882 5189 colligi
2918 5127 3124 5188 potest,
3158 5116 3253 5172 sed
3294 5116 3458 5172 etiam
3491 5131 3559 5171 ex

305 5201 442 5257 aliis
464 5217 632 5272 quam
664 5202 921 5272 plurimis
968 5202 1254 5273 operibus,
1280 5218 1519 5273 quorum
1551 5202 1790 5257 indicem
1824 5202 2020 5257 huicce
2063 5199 2376 5255 Praefationi
2412 5202 2766 5274 subiicimus;
2799 5204 2855 5259 in
2896 5204 3098 5275 quibus
3140 5219 3321 5274 neque
3368 5196 3574 5258 rerum.

304 5288 686 5360 cognitionem
722 5304 899 5356 neque
927 5305 1055 5344 acre
1090 5289 1176 5344 vel
1208 5290 1445 5345 solidum
1479 5289 1756 5361 judicium
1788 5297 1848 5343 ut
1884 5304 1987 5344 nec
2016 5287 2273 5358 pietatem
2303 5288 2577 5358 quispiam
2607 5290 2908 5348 desideret.
2944 5292 3088 5359 Quin
3117 5292 3282 5346 etiam
3316 5290 3363 5347 si
3402 5301 3563 5348 nata-

310 5380 451 5433 lium
482 5377 749 5448 splendor
778 5379 1028 5449 gestique
1071 5379 1126 5434 in
1171 5380 1566 5449 imperatorum
1590 5378 1812 5448 palatiis
1843 5377 2195 5448 magistratus
2221 5375 2684 5434 existimationem
2716 5380 2955 5450 aliquam
2980 5378 3237 5449 scriptori
3263 5379 3560 5435 conciliare.

303 5477 568 5539 possunt,
597 5464 748 5536 quod
768 5480 932 5521 nemo
961 5466 1104 5522 forte
1128 5467 1184 5522 iu
1215 5466 1447 5523 dubium
1477 5466 1841 5531 revocaverit,
1868 5465 1939 5520 de
1979 5466 2075 5522 illo
2098 5466 2376 5537 praecipue
2407 5467 2503 5539 qui
2532 5467 2600 5524 de
2633 5469 2800 5525 rebus
2829 5468 3092 5541 politicis,
3117 5469 3173 5524 in
3207 5467 3410 5540 quibus
3437 5484 3561 5524 ver-

378 5645 461 5719 (ι)
495 5642 655 5699 Mart.
698 5643 943 5699 Hankius
975 5643 1028 5701 it.
1104 5643 1300 5703 .ml‘at.
1332 5642 1400 5698 ad
1448 5642 1546 5700 lib.
1592 5642 1667 5698 De
1707 5643 1888 5714 script.
1916 5641 2143 5715 Byzanl.

637 5737 909 5800 ΡΑτιιοι..
943 5740 1059 5803 GR.
1094 5739 1435 5802 CXXXIV.

3233 5741 3264 5800 1

1596 6028 2133 6139 3.3552371
