  <div class='ocr_page' id='page_1' title='image "/cluster/home/n/w/nwhite01/storage/ocr_20150623/134/mdp.39015032023197/013.png"; bbox 0 0 3964 6252; ppageno 0'>
   <div class='ocr_carea' id='block_1_1' title="bbox 398 353 2002 426">
    <p class='ocr_par' dir='ltr' id='par_1_1' title="bbox 398 356 2002 426">
     <span class='ocr_line' id='line_1_1' title="bbox 398 356 2002 426; baseline -0.004 -3"><span class='ocrx_word' id='word_1_1' title='bbox 398 361 461 426; x_wconf 82' lang='grc' dir='ltr'><strong>ιι</strong></span> <span class='ocrx_word' id='word_1_2' title='bbox 1803 356 1907 418; x_wconf 92' lang='lat' dir='ltr'><strong>DU</strong></span> <span class='ocrx_word' id='word_1_3' title='bbox 1947 357 2002 418; x_wconf 67' lang='lat' dir='ltr'><strong>C.</strong></span> 
     </span>
    </p>
   </div>
   <div class='ocr_carea' id='block_1_2' title="bbox 2107 353 3655 426">
    <p class='ocr_par' dir='ltr' id='par_1_2' title="bbox 2107 353 3655 420">
     <span class='ocr_line' id='line_1_2' title="bbox 2107 353 3655 420; baseline 0 -2"><span class='ocrx_word' id='word_1_4' title='bbox 2107 356 2212 418; x_wconf 81' lang='lat' dir='ltr'><strong>GH</strong></span> <span class='ocrx_word' id='word_1_5' title='bbox 3586 353 3655 420; x_wconf 64' lang='lat'><strong>32</strong></span> 
     </span>
    </p>
   </div>
   <div class='ocr_carea' id='block_1_3' title="bbox 394 467 3658 543">
    <p class='ocr_par' dir='ltr' id='par_1_3' title="bbox 394 467 3658 543">
     <span class='ocr_line' id='line_1_3' title="bbox 394 467 3658 543; baseline -0.003 -11"><span class='ocrx_word' id='word_1_6' title='bbox 394 485 548 532; x_wconf 86' lang='lat' dir='ltr'><strong>satus</strong></span> <span class='ocrx_word' id='word_1_7' title='bbox 571 485 676 541; x_wconf 86' lang='lat' dir='ltr'><strong>est,</strong></span> <span class='ocrx_word' id='word_1_8' title='bbox 710 472 957 530; x_wconf 90' lang='lat' dir='ltr'><strong>scribere</strong></span> <span class='ocrx_word' id='word_1_9' title='bbox 1006 471 1349 543; x_wconf 72' lang='lat' dir='ltr'><strong>aggreditur,</strong></span> <span class='ocrx_word' id='word_1_10' title='bbox 1395 485 1470 524; x_wconf 84' lang='lat' dir='ltr'><strong>eo</strong></span> <span class='ocrx_word' id='word_1_11' title='bbox 1522 484 1654 524; x_wconf 85' lang='lat' dir='ltr'><strong>sane</strong></span> <span class='ocrx_word' id='word_1_12' title='bbox 1700 467 1981 522; x_wconf 76' lang='lat' dir='ltr'><strong>celebrari</strong></span> <span class='ocrx_word' id='word_1_13' title='bbox 2036 469 2242 537; x_wconf 90' lang='lat' dir='ltr'><strong>poterit</strong></span> <span class='ocrx_word' id='word_1_14' title='bbox 2283 477 2345 524; x_wconf 81' lang='lat' dir='ltr'><strong>et</strong></span> <span class='ocrx_word' id='word_1_15' title='bbox 2392 469 2508 538; x_wconf 89' lang='lat' dir='ltr'><strong>ipse</strong></span> <span class='ocrx_word' id='word_1_16' title='bbox 2540 468 2784 524; x_wconf 78' lang='lat' dir='ltr'><strong>Zonaras</strong></span> <span class='ocrx_word' id='word_1_17' title='bbox 2832 484 3043 539; x_wconf 90' lang='lat' dir='ltr'><strong>:quem</strong></span> <span class='ocrx_word' id='word_1_18' title='bbox 3091 468 3428 539; x_wconf 81' lang='lat' dir='ltr'><strong>cacteroquin</strong></span> <span class='ocrx_word' id='word_1_19' title='bbox 3459 467 3529 522; x_wconf 87' lang='lat' dir='ltr'><strong>ab</strong></span> <span class='ocrx_word' id='word_1_20' title='bbox 3561 467 3658 522; x_wconf 89' lang='lat' dir='ltr'><strong>illo</strong></span> 
     </span>
    </p>
   </div>
   <div class='ocr_carea' id='block_1_4' title="bbox 393 555 3657 638">
    <p class='ocr_par' dir='ltr' id='par_1_4' title="bbox 393 555 3657 638">
     <span class='ocr_line' id='line_1_4' title="bbox 393 555 3657 638; baseline -0.005 -14"><span class='ocrx_word' id='word_1_21' title='bbox 393 571 628 635; x_wconf 82' lang='lat' dir='ltr'><strong>Zonara,</strong></span> <span class='ocrx_word' id='word_1_22' title='bbox 669 567 764 638; x_wconf 87' lang='lat' dir='ltr'><strong>qui</strong></span> <span class='ocrx_word' id='word_1_23' title='bbox 801 566 904 622; x_wconf 85' lang='lat' dir='ltr'><strong>sub</strong></span> <span class='ocrx_word' id='word_1_24' title='bbox 934 564 1319 622; x_wconf 56' lang='lat' dir='ltr'><strong>ﬁmstantino</strong></span> <span class='ocrx_word' id='word_1_25' title='bbox 1337 559 1812 633; x_wconf 82' lang='lat' dir='ltr'><strong>Porphyrogenito</strong></span> <span class='ocrx_word' id='word_1_26' title='bbox 1845 559 2050 614; x_wconf 78' lang='lat' dir='ltr'><strong>Leonis</strong></span> <span class='ocrx_word' id='word_1_27' title='bbox 2081 555 2361 628; x_wconf 74' lang='lat' dir='ltr'><strong>Sapientis</strong></span> <span class='ocrx_word' id='word_1_28' title='bbox 2395 556 2508 610; x_wconf 84' lang='lat' dir='ltr'><strong>ﬁlio</strong></span> <span class='ocrx_word' id='word_1_29' title='bbox 2537 557 2593 610; x_wconf 90' lang='lat' dir='ltr'><strong>in</strong></span> <span class='ocrx_word' id='word_1_30' title='bbox 2623 557 2748 612; x_wconf 79' lang='lat' dir='ltr'><strong>aula</strong></span> <span class='ocrx_word' id='word_1_31' title='bbox 2776 556 2914 612; x_wconf 76' lang='lat' dir='ltr'><strong>vixit</strong></span> <span class='ocrx_word' id='word_1_32' title='bbox 2940 558 3042 628; x_wconf 71' lang='lat'><strong>(2),</strong></span> <span class='ocrx_word' id='word_1_33' title='bbox 3071 571 3245 627; x_wconf 85' lang='lat' dir='ltr'><strong>genus</strong></span> <span class='ocrx_word' id='word_1_34' title='bbox 3279 557 3502 610; x_wconf 85' lang='lat' dir='ltr'><strong>duxisse</strong></span> <span class='ocrx_word' id='word_1_35' title='bbox 3531 571 3657 609; x_wconf 79' lang='lat' dir='ltr'><strong>sua-</strong></span> 
     </span>
    </p>
   </div>
   <div class='ocr_carea' id='block_1_5' title="bbox 394 642 3654 720">
    <p class='ocr_par' dir='ltr' id='par_1_5' title="bbox 394 642 3654 720">
     <span class='ocr_line' id='line_1_5' title="bbox 394 642 3654 720; baseline -0.006 -6"><span class='ocrx_word' id='word_1_36' title='bbox 394 661 490 715; x_wconf 85' lang='lat' dir='ltr'><strong>det</strong></span> <span class='ocrx_word' id='word_1_37' title='bbox 517 658 746 714; x_wconf 83' lang='lat' dir='ltr'><strong>omnino</strong></span> <span class='ocrx_word' id='word_1_38' title='bbox 770 655 1024 711; x_wconf 77' lang='lat' dir='ltr'><strong>nominis</strong></span> <span class='ocrx_word' id='word_1_39' title='bbox 1072 652 1403 710; x_wconf 71' lang='lat' dir='ltr'><strong>similitudo.</strong></span> <span class='ocrx_word' id='word_1_40' title='bbox 1453 651 1671 720; x_wconf 78' lang='lat' dir='ltr'><strong>Quippe</strong></span> <span class='ocrx_word' id='word_1_41' title='bbox 1706 650 1762 705; x_wconf 89' lang='lat' dir='ltr'><strong>in</strong></span> <span class='ocrx_word' id='word_1_42' title='bbox 1808 646 2040 704; x_wconf 81' lang='lat' dir='ltr'><strong>Joannis</strong></span> <span class='ocrx_word' id='word_1_43' title='bbox 2069 651 2126 700; x_wconf 91' lang='lat' dir='ltr'><strong>et</strong></span> <span class='ocrx_word' id='word_1_44' title='bbox 2160 643 2428 700; x_wconf 74' lang='lat' dir='ltr'><strong>Manuelis</strong></span> <span class='ocrx_word' id='word_1_45' title='bbox 2452 642 2746 707; x_wconf 85' lang='lat' dir='ltr'><strong>Comneni,</strong></span> <span class='ocrx_word' id='word_1_46' title='bbox 2797 644 3004 714; x_wconf 87' lang='lat' dir='ltr'><strong>quibus</strong></span> <span class='ocrx_word' id='word_1_47' title='bbox 3051 644 3458 715; x_wconf 69' lang='lat' dir='ltr'><strong>imperantibus</strong></span> <span class='ocrx_word' id='word_1_48' title='bbox 3497 644 3654 704; x_wconf 78' lang='lat' dir='ltr'><strong>vixit,</strong></span> 
     </span>
    </p>
   </div>
   <div class='ocr_carea' id='block_1_6' title="bbox 397 730 3658 818">
    <p class='ocr_par' dir='ltr' id='par_1_6' title="bbox 397 730 3658 818">
     <span class='ocr_line' id='line_1_6' title="bbox 397 730 3658 818; baseline -0.006 -16"><span class='ocrx_word' id='word_1_49' title='bbox 397 746 630 818; x_wconf 87' lang='lat' dir='ltr'><strong>palatio.</strong></span> <span class='ocrx_word' id='word_1_50' title='bbox 655 744 839 815; x_wconf 85' lang='lat' dir='ltr'><strong>magni</strong></span> <span class='ocrx_word' id='word_1_51' title='bbox 877 743 1188 814; x_wconf 76' lang='lat' dir='ltr'><strong>vigiliarum</strong></span> <span class='ocrx_word' id='word_1_52' title='bbox 1221 739 1508 811; x_wconf 83' lang='lat' dir='ltr'><strong>drungarii</strong></span> <span class='ocrx_word' id='word_1_53' title='bbox 1532 753 1652 800; x_wconf 86' lang='lat' dir='ltr'><strong>seu,</strong></span> <span class='ocrx_word' id='word_1_54' title='bbox 1685 745 1747 791; x_wconf 91' lang='lat' dir='ltr'><strong>ttt</strong></span> <span class='ocrx_word' id='word_1_55' title='bbox 1776 735 1956 791; x_wconf 86' lang='lat' dir='ltr'><strong>Latini</strong></span> <span class='ocrx_word' id='word_1_56' title='bbox 1993 731 2322 796; x_wconf 87' lang='lat' dir='ltr'><strong>ell‘erebant,</strong></span> <span class='ocrx_word' id='word_1_57' title='bbox 2353 730 2578 802; x_wconf 86' lang='lat' dir='ltr'><strong>vigilum</strong></span> <span class='ocrx_word' id='word_1_58' title='bbox 2609 731 2852 801; x_wconf 68' lang='lat' dir='ltr'><strong>praefecti</strong></span> <span class='ocrx_word' id='word_1_59' title='bbox 2877 747 2938 786; x_wconf 87' lang='lat' dir='ltr'><strong>ac</strong></span> <span class='ocrx_word' id='word_1_60' title='bbox 2976 731 3138 800; x_wconf 86' lang='lat' dir='ltr'><strong>primi</strong></span> <span class='ocrx_word' id='word_1_61' title='bbox 3169 747 3200 785; x_wconf 88' lang='lat' dir='ltr'><strong>a</strong></span> <span class='ocrx_word' id='word_1_62' title='bbox 3230 731 3658 800; x_wconf 34' lang='lat' dir='ltr'><strong>secretisOgesta:</strong></span> 
     </span>
    </p>
   </div>
   <div class='ocr_carea' id='block_1_7' title="bbox 395 820 3656 905">
    <p class='ocr_par' dir='ltr' id='par_1_7' title="bbox 395 820 3656 905">
     <span class='ocr_line' id='line_1_7' title="bbox 395 820 3656 905; baseline -0.006 -16"><span class='ocrx_word' id='word_1_63' title='bbox 395 833 713 905; x_wconf 84' lang='lat' dir='ltr'><strong>dignitates,</strong></span> <span class='ocrx_word' id='word_1_64' title='bbox 749 833 894 890; x_wconf 83' lang='lat' dir='ltr'><strong>inter</strong></span> <span class='ocrx_word' id='word_1_65' title='bbox 933 828 1270 886; x_wconf 53' lang='lat' dir='ltr'><strong>“Iuniores</strong></span> <span class='ocrx_word' id='word_1_66' title='bbox 1293 842 1512 896; x_wconf 77' lang='lat' dir='ltr'><strong>semper</strong></span> <span class='ocrx_word' id='word_1_67' title='bbox 1545 825 1764 891; x_wconf 70' lang='lat' dir='ltr'><strong>habitae,</strong></span> <span class='ocrx_word' id='word_1_68' title='bbox 1789 839 1990 896; x_wconf 85' lang='lat' dir='ltr'><strong>magno</strong></span> <span class='ocrx_word' id='word_1_69' title='bbox 2009 821 2182 877; x_wconf 85' lang='lat' dir='ltr'><strong>fuisse</strong></span> <span class='ocrx_word' id='word_1_70' title='bbox 2212 821 2359 891; x_wconf 85' lang='lat' dir='ltr'><strong>apud</strong></span> <span class='ocrx_word' id='word_1_71' title='bbox 2387 821 2757 890; x_wconf 83' lang='lat' dir='ltr'><strong>imperatores</strong></span> <span class='ocrx_word' id='word_1_72' title='bbox 2775 820 2898 874; x_wconf 91' lang='lat' dir='ltr'><strong>loco</strong></span> <span class='ocrx_word' id='word_1_73' title='bbox 2933 820 3066 874; x_wconf 80' lang='lat' dir='ltr'><strong>satis</strong></span> <span class='ocrx_word' id='word_1_74' title='bbox 3095 827 3354 890; x_wconf 86' lang='lat' dir='ltr'><strong>arguunt.</strong></span> <span class='ocrx_word' id='word_1_75' title='bbox 3385 821 3564 888; x_wconf 89' lang='lat' dir='ltr'><strong>Atque</strong></span> <span class='ocrx_word' id='word_1_76' title='bbox 3589 835 3656 871; x_wconf 78' lang='lat' dir='ltr'><strong>ex</strong></span> 
     </span>
    </p>
   </div>
   <div class='ocr_carea' id='block_1_8' title="bbox 394 906 3660 1004">
    <p class='ocr_par' dir='ltr' id='par_1_8' title="bbox 394 906 3660 1004">
     <span class='ocr_line' id='line_1_8' title="bbox 394 906 3660 1004; baseline -0.006 -26"><span class='ocrx_word' id='word_1_77' title='bbox 394 939 484 986; x_wconf 91' lang='lat' dir='ltr'><strong>eo,</strong></span> <span class='ocrx_word' id='word_1_78' title='bbox 515 923 570 976; x_wconf 92' lang='lat' dir='ltr'><strong>ni</strong></span> <span class='ocrx_word' id='word_1_79' title='bbox 603 921 790 988; x_wconf 90' lang='lat' dir='ltr'><strong>fallor,</strong></span> <span class='ocrx_word' id='word_1_80' title='bbox 815 935 851 978; x_wconf 85' lang='lat' dir='ltr'><strong>a</strong></span> <span class='ocrx_word' id='word_1_81' title='bbox 879 917 1176 974; x_wconf 84' lang='lat' dir='ltr'><strong>Theodoro</strong></span> <span class='ocrx_word' id='word_1_82' title='bbox 1199 917 1524 972; x_wconf 85' lang='lat' dir='ltr'><strong>Balsamonc</strong></span> <span class='ocrx_word' id='word_1_83' title='bbox 1551 913 1626 984; x_wconf 80' lang='lat' dir='ltr'><strong>t3)</strong></span> <span class='ocrx_word' id='word_1_84' title='bbox 1661 922 1718 972; x_wconf 82' lang='lat' dir='ltr'><strong>et</strong></span> <span class='ocrx_word' id='word_1_85' title='bbox 1739 930 1768 968; x_wconf 89' lang='lat' dir='ltr'><strong>a</strong></span> <span class='ocrx_word' id='word_1_86' title='bbox 1793 911 2053 968; x_wconf 66' lang='lat' dir='ltr'><strong>Matthaao</strong></span> <span class='ocrx_word' id='word_1_87' title='bbox 2082 910 2326 986; x_wconf 67' lang='lat' dir='ltr'><strong>Blastaxe</strong></span> <span class='ocrx_word' id='word_1_88' title='bbox 2357 907 2439 1004; x_wconf 57' lang='lat' dir='ltr'><strong>ll)</strong></span> <span class='ocrx_word' id='word_1_89' title='bbox 2472 908 2760 978; x_wconf 69' lang='grc' dir='ltr'><strong>ὑπερφυής</strong></span> <span class='ocrx_word' id='word_1_90' title='bbox 2786 906 3072 1004; x_wconf 56' lang='lat' dir='ltr'><strong>indigitari</strong></span> <span class='ocrx_word' id='word_1_91' title='bbox 3103 909 3266 1004; x_wconf 60' lang='lat' dir='ltr'><strong>solet,</strong></span> <span class='ocrx_word' id='word_1_92' title='bbox 3301 907 3448 976; x_wconf 90' lang='lat' dir='ltr'><strong>quod</strong></span> <span class='ocrx_word' id='word_1_93' title='bbox 3473 916 3660 1004; x_wconf 79' lang='lat' dir='ltr'><strong>essent</strong></span> 
     </span>
    </p>
   </div>
   <div class='ocr_carea' id='block_1_9' title="bbox 398 993 3656 1078">
    <p class='ocr_par' dir='ltr' id='par_1_9' title="bbox 398 993 3656 1078">
     <span class='ocr_line' id='line_1_9' title="bbox 398 993 3656 1078; baseline -0.006 -12"><span class='ocrx_word' id='word_1_94' title='bbox 398 1013 544 1066; x_wconf 86' lang='lat' dir='ltr'><strong>inter</strong></span> <span class='ocrx_word' id='word_1_95' title='bbox 590 1009 898 1066; x_wconf 83' lang='lat' dir='ltr'><strong>senatorias</strong></span> <span class='ocrx_word' id='word_1_96' title='bbox 930 1007 1240 1078; x_wconf 64' lang='lat' dir='ltr'><strong>pracipuae,</strong></span> <span class='ocrx_word' id='word_1_97' title='bbox 1279 1017 1404 1060; x_wconf 90' lang='lat' dir='ltr'><strong>eum</strong></span> <span class='ocrx_word' id='word_1_98' title='bbox 1432 1003 1606 1058; x_wconf 88' lang='lat' dir='ltr'><strong>hocce</strong></span> <span class='ocrx_word' id='word_1_99' title='bbox 1653 1001 1904 1072; x_wconf 82' lang='lat' dir='ltr'><strong>epitheto</strong></span> <span class='ocrx_word' id='word_1_100' title='bbox 1950 1005 2205 1054; x_wconf 87' lang='lat' dir='ltr'><strong>senatum</strong></span> <span class='ocrx_word' id='word_1_101' title='bbox 2241 1009 2304 1048; x_wconf 88' lang='lat' dir='ltr'><strong>ac</strong></span> <span class='ocrx_word' id='word_1_102' title='bbox 2355 995 2509 1065; x_wconf 86' lang='lat' dir='ltr'><strong>ipsos</strong></span> <span class='ocrx_word' id='word_1_103' title='bbox 2547 1003 2834 1050; x_wconf 84' lang='lat' dir='ltr'><strong>senatores</strong></span> <span class='ocrx_word' id='word_1_104' title='bbox 2868 993 3062 1052; x_wconf 89' lang='lat' dir='ltr'><strong>donari</strong></span> <span class='ocrx_word' id='word_1_105' title='bbox 3091 993 3286 1056; x_wconf 87' lang='lat' dir='ltr'><strong>solitos</strong></span> <span class='ocrx_word' id='word_1_106' title='bbox 3312 1003 3548 1058; x_wconf 87' lang='lat' dir='ltr'><strong>constet,</strong></span> <span class='ocrx_word' id='word_1_107' title='bbox 3577 994 3656 1046; x_wconf 90' lang='lat' dir='ltr'><strong>uti</strong></span> 
     </span>
    </p>
   </div>
   <div class='ocr_carea' id='block_1_10' title="bbox 390 1083 3661 1164">
    <p class='ocr_par' dir='ltr' id='par_1_10' title="bbox 390 1083 3661 1164">
     <span class='ocr_line' id='line_1_10' title="bbox 390 1083 3661 1164; baseline -0.005 -12"><span class='ocrx_word' id='word_1_108' title='bbox 390 1099 529 1153; x_wconf 81' lang='lat' dir='ltr'><strong>alibi</strong></span> <span class='ocrx_word' id='word_1_109' title='bbox 576 1097 942 1153; x_wconf 88' lang='lat' dir='ltr'><strong>observamus</strong></span> <span class='ocrx_word' id='word_1_110' title='bbox 989 1094 1068 1164; x_wconf 81' lang='lat'><strong>(5)</strong></span> <span class='ocrx_word' id='word_1_111' title='bbox 1102 1111 1116 1146; x_wconf 89' lang='lat'><strong>:</strong></span> <span class='ocrx_word' id='word_1_112' title='bbox 1155 1108 1266 1162; x_wconf 88' lang='lat' dir='ltr'><strong>quo</strong></span> <span class='ocrx_word' id='word_1_113' title='bbox 1293 1090 1520 1161; x_wconf 87' lang='lat' dir='ltr'><strong>quidem</strong></span> <span class='ocrx_word' id='word_1_114' title='bbox 1564 1099 1621 1144; x_wconf 92' lang='lat' dir='ltr'><strong>ct</strong></span> <span class='ocrx_word' id='word_1_115' title='bbox 1666 1089 1932 1143; x_wconf 90' lang='lat' dir='ltr'><strong>nobilitas</strong></span> <span class='ocrx_word' id='word_1_116' title='bbox 1958 1085 2178 1158; x_wconf 75' lang='lat' dir='ltr'><strong>generis</strong></span> <span class='ocrx_word' id='word_1_117' title='bbox 2205 1093 2262 1140; x_wconf 90' lang='lat' dir='ltr'><strong>et</strong></span> <span class='ocrx_word' id='word_1_118' title='bbox 2296 1084 2716 1155; x_wconf 78' lang='lat' dir='ltr'><strong>magistratuum</strong></span> <span class='ocrx_word' id='word_1_119' title='bbox 2743 1083 3004 1153; x_wconf 87' lang='lat' dir='ltr'><strong>splendor</strong></span> <span class='ocrx_word' id='word_1_120' title='bbox 3031 1083 3384 1152; x_wconf 83' lang='lat' dir='ltr'><strong>exprimitur,</strong></span> <span class='ocrx_word' id='word_1_121' title='bbox 3415 1097 3560 1146; x_wconf 91' lang='lat' dir='ltr'><strong>cum,</strong></span> <span class='ocrx_word' id='word_1_122' title='bbox 3601 1092 3661 1135; x_wconf 90' lang='lat' dir='ltr'><strong>ut</strong></span> 
     </span>
    </p>
   </div>
   <div class='ocr_carea' id='block_1_11' title="bbox 397 1173 2002 1258">
    <p class='ocr_par' dir='ltr' id='par_1_11' title="bbox 397 1176 2002 1258">
     <span class='ocr_line' id='line_1_11' title="bbox 397 1176 2002 1258; baseline -0.009 -16"><span class='ocrx_word' id='word_1_123' title='bbox 397 1187 476 1242; x_wconf 87' lang='lat' dir='ltr'><strong>ait</strong></span> <span class='ocrx_word' id='word_1_124' title='bbox 505 1185 810 1258; x_wconf 71' lang='lat' dir='ltr'><strong>Gregorius</strong></span> <span class='ocrx_word' id='word_1_125' title='bbox 839 1181 1222 1238; x_wconf 78' lang='lat' dir='ltr'><strong>Nazianzenus</strong></span> <span class='ocrx_word' id='word_1_126' title='bbox 1249 1179 1350 1250; x_wconf 82' lang='lat'><strong>(6),</strong></span> <span class='ocrx_word' id='word_1_127' title='bbox 1391 1178 1651 1249; x_wconf 79' lang='grc' dir='ltr'><strong>μέγιστον</strong></span> <span class='ocrx_word' id='word_1_128' title='bbox 1683 1177 1763 1239; x_wconf 74' lang='grc' dir='ltr'><strong>εἰς</strong></span> <span class='ocrx_word' id='word_1_129' title='bbox 1793 1176 2002 1244; x_wconf 75' lang='grc' dir='ltr'><strong>εὐγενεέ</strong></span> 
     </span>
    </p>
   </div>
   <div class='ocr_carea' id='block_1_12' title="bbox 2107 1173 3340 1258">
    <p class='ocr_par' dir='ltr' id='par_1_12' title="bbox 2112 1173 3340 1244">
     <span class='ocr_line' id='line_1_12' title="bbox 2112 1173 3340 1244; baseline -0.002 -16"><span class='ocrx_word' id='word_1_130' title='bbox 2112 1175 2388 1240; x_wconf 81' lang='grc' dir='ltr'><strong>ἀπόδειξιν</strong></span> <span class='ocrx_word' id='word_1_131' title='bbox 2419 1174 2728 1244; x_wconf 75' lang='grc' dir='ltr'><strong>συγκλήτου</strong></span> <span class='ocrx_word' id='word_1_132' title='bbox 2759 1174 3020 1236; x_wconf 79' lang='grc' dir='ltr'><strong>μετουσία</strong></span> <span class='ocrx_word' id='word_1_133' title='bbox 3049 1173 3340 1228; x_wconf 75' lang='lat' dir='ltr'><strong>habeatur.</strong></span> 
     </span>
    </p>
   </div>
   <div class='ocr_carea' id='block_1_13' title="bbox 469 1261 3764 1338">
    <p class='ocr_par' dir='ltr' id='par_1_13' title="bbox 469 1261 3764 1338">
     <span class='ocr_line' id='line_1_13' title="bbox 469 1261 3764 1338; baseline -0.004 -9"><span class='ocrx_word' id='word_1_134' title='bbox 469 1273 674 1329; x_wconf 79' lang='lat' dir='ltr'><strong>Verum</strong></span> <span class='ocrx_word' id='word_1_135' title='bbox 702 1269 974 1326; x_wconf 86' lang='lat' dir='ltr'><strong>abdicatis</strong></span> <span class='ocrx_word' id='word_1_136' title='bbox 995 1277 1185 1338; x_wconf 90' lang='lat' dir='ltr'><strong>postea</strong></span> <span class='ocrx_word' id='word_1_137' title='bbox 1214 1265 1473 1337; x_wconf 85' lang='lat' dir='ltr'><strong>palatinis</strong></span> <span class='ocrx_word' id='word_1_138' title='bbox 1499 1264 1673 1330; x_wconf 92' lang='lat' dir='ltr'><strong>curis,</strong></span> <span class='ocrx_word' id='word_1_139' title='bbox 1698 1278 1810 1334; x_wconf 92' lang='lat' dir='ltr'><strong>quo</strong></span> <span class='ocrx_word' id='word_1_140' title='bbox 1849 1263 1952 1318; x_wconf 88' lang='lat' dir='ltr'><strong>sibi</strong></span> <span class='ocrx_word' id='word_1_141' title='bbox 1997 1264 2050 1318; x_wconf 91' lang='lat' dir='ltr'><strong>in</strong></span> <span class='ocrx_word' id='word_1_142' title='bbox 2077 1263 2272 1334; x_wconf 90' lang='lat' dir='ltr'><strong>primis</strong></span> <span class='ocrx_word' id='word_1_143' title='bbox 2299 1271 2523 1317; x_wconf 85' lang='lat' dir='ltr'><strong>vacaret</strong></span> <span class='ocrx_word' id='word_1_144' title='bbox 2545 1262 2850 1332; x_wconf 70' lang='lat' dir='ltr'><strong>animaeque</strong></span> <span class='ocrx_word' id='word_1_145' title='bbox 2891 1261 3055 1316; x_wconf 90' lang='lat' dir='ltr'><strong>saluti</strong></span> <span class='ocrx_word' id='word_1_146' title='bbox 3087 1261 3433 1327; x_wconf 83' lang='lat' dir='ltr'><strong>consuleret,</strong></span> <span class='ocrx_word' id='word_1_147' title='bbox 3470 1277 3664 1317; x_wconf 88' lang='lat' dir='ltr'><strong>mona-</strong></span> <span class='ocrx_word' id='word_1_148' title='bbox 3747 1301 3764 1308; x_wconf 83' lang='lat'><strong>-</strong></span> 
     </span>
    </p>
   </div>
   <div class='ocr_carea' id='block_1_14' title="bbox 385 1348 3666 1425">
    <p class='ocr_par' dir='ltr' id='par_1_14' title="bbox 385 1348 3666 1425">
     <span class='ocr_line' id='line_1_14' title="bbox 385 1348 3666 1425; baseline -0.003 -9"><span class='ocrx_word' id='word_1_149' title='bbox 385 1361 567 1417; x_wconf 80' lang='lat' dir='ltr'><strong>.ehum</strong></span> <span class='ocrx_word' id='word_1_150' title='bbox 598 1360 803 1418; x_wconf 88' lang='lat' dir='ltr'><strong>induit.</strong></span> <span class='ocrx_word' id='word_1_151' title='bbox 843 1357 1150 1425; x_wconf 87' lang='lat' dir='ltr'><strong>relictaque</strong></span> <span class='ocrx_word' id='word_1_152' title='bbox 1182 1355 1320 1409; x_wconf 88' lang='lat' dir='ltr'><strong>urbe</strong></span> <span class='ocrx_word' id='word_1_153' title='bbox 1358 1353 1579 1424; x_wconf 86' lang='lat' dir='ltr'><strong>imperii</strong></span> <span class='ocrx_word' id='word_1_154' title='bbox 1609 1350 1876 1423; x_wconf 87' lang='lat' dir='ltr'><strong>primaria</strong></span> <span class='ocrx_word' id='word_1_155' title='bbox 1899 1352 1955 1405; x_wconf 92' lang='lat' dir='ltr'><strong>in</strong></span> <span class='ocrx_word' id='word_1_156' title='bbox 1987 1351 2226 1408; x_wconf 87' lang='lat' dir='ltr'><strong>insulam</strong></span> <span class='ocrx_word' id='word_1_157' title='bbox 2264 1349 2623 1406; x_wconf 85' lang='lat' dir='ltr'><strong>remotiorem</strong></span> <span class='ocrx_word' id='word_1_158' title='bbox 2665 1348 2895 1424; x_wconf 80' lang='lat' dir='ltr'><strong>secessit</strong></span> <span class='ocrx_word' id='word_1_159' title='bbox 2925 1367 2938 1403; x_wconf 92' lang='lat'>:</span> <span class='ocrx_word' id='word_1_160' title='bbox 2968 1350 3116 1420; x_wconf 91' lang='lat' dir='ltr'><strong>quod</strong></span> <span class='ocrx_word' id='word_1_161' title='bbox 3152 1349 3386 1420; x_wconf 75' lang='lat' dir='ltr'><strong>ipsemet</strong></span> <span class='ocrx_word' id='word_1_162' title='bbox 3434 1349 3488 1403; x_wconf 93' lang='lat' dir='ltr'><strong>in</strong></span> <span class='ocrx_word' id='word_1_163' title='bbox 3521 1350 3666 1406; x_wconf 67' lang='lat' dir='ltr'><strong>Prat-</strong></span> 
     </span>
    </p>
   </div>
   <div class='ocr_carea' id='block_1_15' title="bbox 403 1437 3740 1523">
    <p class='ocr_par' dir='ltr' id='par_1_15' title="bbox 403 1437 3740 1523">
     <span class='ocr_line' id='line_1_15' title="bbox 403 1437 3740 1523; baseline -0.004 -19"><span class='ocrx_word' id='word_1_164' title='bbox 403 1451 610 1505; x_wconf 82' lang='lat' dir='ltr'><strong>fatioue</strong></span> <span class='ocrx_word' id='word_1_165' title='bbox 647 1448 714 1502; x_wconf 84' lang='lat' dir='ltr'><strong>ad</strong></span> <span class='ocrx_word' id='word_1_166' title='bbox 735 1445 980 1499; x_wconf 82' lang='lat' dir='ltr'><strong>Annales</strong></span> <span class='ocrx_word' id='word_1_167' title='bbox 1006 1450 1277 1498; x_wconf 86' lang='lat' dir='ltr'><strong>testatur:</strong></span> <span class='ocrx_word' id='word_1_168' title='bbox 1305 1457 1417 1512; x_wconf 88' lang='lat' dir='ltr'><strong>quo</strong></span> <span class='ocrx_word' id='word_1_169' title='bbox 1443 1441 1572 1496; x_wconf 86' lang='lat' dir='ltr'><strong>loco</strong></span> <span class='ocrx_word' id='word_1_170' title='bbox 1598 1440 1652 1494; x_wconf 90' lang='lat' dir='ltr'><strong>in</strong></span> <span class='ocrx_word' id='word_1_171' title='bbox 1684 1439 1754 1494; x_wconf 87' lang='lat' dir='ltr'><strong>iis</strong></span> <span class='ocrx_word' id='word_1_172' title='bbox 1777 1448 1838 1495; x_wconf 82' lang='lat' dir='ltr'><strong>ut</strong></span> <span class='ocrx_word' id='word_1_173' title='bbox 1868 1455 1968 1509; x_wconf 91' lang='lat' dir='ltr'><strong>par</strong></span> <span class='ocrx_word' id='word_1_174' title='bbox 1982 1448 2102 1495; x_wconf 89' lang='lat' dir='ltr'><strong>erat</strong></span> <span class='ocrx_word' id='word_1_175' title='bbox 2123 1438 2547 1494; x_wconf 76' lang='lat' dir='ltr'><strong>conscribendis</strong></span> <span class='ocrx_word' id='word_1_176' title='bbox 2571 1437 2845 1492; x_wconf 76' lang='lat' dir='ltr'><strong>librorum</strong></span> <span class='ocrx_word' id='word_1_177' title='bbox 2881 1437 3160 1492; x_wconf 80' lang='lat' dir='ltr'><strong>defectum</strong></span> <span class='ocrx_word' id='word_1_178' title='bbox 3191 1445 3474 1501; x_wconf 86' lang='lat' dir='ltr'><strong>causatur,</strong></span> <span class='ocrx_word' id='word_1_179' title='bbox 3499 1439 3664 1501; x_wconf 77' lang='grc' dir='ltr'>αὐτὸς</span> <span class='ocrx_word' id='word_1_180' title='bbox 3737 1519 3740 1523; x_wconf 16' lang='grc' dir='ltr'><strong>Δ</strong></span> 
     </span>
    </p>
   </div>
   <div class='ocr_carea' id='block_1_16' title="bbox 403 1524 2002 1608">
    <p class='ocr_par' dir='ltr' id='par_1_16' title="bbox 403 1525 2002 1608">
     <span class='ocr_line' id='line_1_16' title="bbox 403 1525 2002 1608; baseline -0.008 -17"><span class='ocrx_word' id='word_1_181' title='bbox 403 1538 696 1608; x_wconf 77' lang='grc' dir='ltr'><strong>ὑπερόριος</strong></span> <span class='ocrx_word' id='word_1_182' title='bbox 733 1534 810 1586; x_wconf 81' lang='grc' dir='ltr'>ὢν</span> <span class='ocrx_word' id='word_1_183' title='bbox 841 1535 936 1586; x_wconf 77' lang='grc' dir='ltr'><strong>καὶ</strong></span> <span class='ocrx_word' id='word_1_184' title='bbox 967 1531 1162 1603; x_wconf 74' lang='grc' dir='ltr'>πόρῤω</span> <span class='ocrx_word' id='word_1_185' title='bbox 1191 1530 1287 1583; x_wconf 78' lang='grc' dir='ltr'><strong>τοῦ</strong></span> <span class='ocrx_word' id='word_1_186' title='bbox 1319 1531 1528 1592; x_wconf 71' lang='grc' dir='ltr'><strong>ἄστεως</strong></span> <span class='ocrx_word' id='word_1_187' title='bbox 1559 1530 1615 1581; x_wconf 77' lang='grc' dir='ltr'>ἐν</span> <span class='ocrx_word' id='word_1_188' title='bbox 1641 1525 1818 1597; x_wconf 79' lang='grc' dir='ltr'><strong>νησῖδι</strong></span> <span class='ocrx_word' id='word_1_189' title='bbox 1843 1528 2002 1580; x_wconf 77' lang='grc' dir='ltr'>ἐνδιαι</span> 
     </span>
    </p>
   </div>
   <div class='ocr_carea' id='block_1_17' title="bbox 2107 1524 3752 1608">
    <p class='ocr_par' dir='ltr' id='par_1_17' title="bbox 2107 1524 3752 1608">
     <span class='ocr_line' id='line_1_17' title="bbox 2107 1524 3752 1608; baseline 0.001 -29"><span class='ocrx_word' id='word_1_190' title='bbox 2107 1545 2280 1595; x_wconf 80' lang='grc' dir='ltr'>μενος.</span> <span class='ocrx_word' id='word_1_191' title='bbox 2304 1525 2442 1593; x_wconf 60' lang='lat' dir='ltr'><strong>Quae</strong></span> <span class='ocrx_word' id='word_1_192' title='bbox 2465 1541 2595 1580; x_wconf 81' lang='lat' dir='ltr'><strong>vero</strong></span> <span class='ocrx_word' id='word_1_193' title='bbox 2624 1525 2790 1581; x_wconf 86' lang='lat' dir='ltr'><strong>fuerit</strong></span> <span class='ocrx_word' id='word_1_194' title='bbox 2811 1524 3052 1580; x_wconf 88' lang='lat' dir='ltr'><strong>insnlula</strong></span> <span class='ocrx_word' id='word_1_195' title='bbox 3088 1527 3216 1590; x_wconf 89' lang='lat' dir='ltr'><strong>ista,</strong></span> <span class='ocrx_word' id='word_1_196' title='bbox 3243 1534 3395 1580; x_wconf 87' lang='lat' dir='ltr'><strong>tanto</strong></span> <span class='ocrx_word' id='word_1_197' title='bbox 3430 1527 3500 1580; x_wconf 89' lang='lat' dir='ltr'><strong>ab</strong></span> <span class='ocrx_word' id='word_1_198' title='bbox 3526 1527 3664 1582; x_wconf 88' lang='lat' dir='ltr'><strong>urbe</strong></span> <span class='ocrx_word' id='word_1_199' title='bbox 3715 1555 3752 1608; x_wconf 36' lang='grc' dir='ltr'>λι</span> 
     </span>
    </p>
   </div>
   <div class='ocr_carea' id='block_1_18' title="bbox 403 1611 3664 1695">
    <p class='ocr_par' dir='ltr' id='par_1_18' title="bbox 403 1611 3664 1695">
     <span class='ocr_line' id='line_1_18' title="bbox 403 1611 3664 1695; baseline -0.004 -16"><span class='ocrx_word' id='word_1_200' title='bbox 403 1625 580 1695; x_wconf 86' lang='lat' dir='ltr'><strong>spatio</strong></span> <span class='ocrx_word' id='word_1_201' title='bbox 617 1623 920 1692; x_wconf 84' lang='lat' dir='ltr'><strong>disparata,</strong></span> <span class='ocrx_word' id='word_1_202' title='bbox 951 1633 1062 1673; x_wconf 92' lang='lat' dir='ltr'><strong>non</strong></span> <span class='ocrx_word' id='word_1_203' title='bbox 1100 1627 1416 1688; x_wconf 90' lang='lat' dir='ltr'><strong>promptum</strong></span> <span class='ocrx_word' id='word_1_204' title='bbox 1447 1624 1532 1670; x_wconf 91' lang='lat' dir='ltr'><strong>est</strong></span> <span class='ocrx_word' id='word_1_205' title='bbox 1557 1615 1808 1686; x_wconf 89' lang='lat' dir='ltr'><strong>assequi;</strong></span> <span class='ocrx_word' id='word_1_206' title='bbox 1851 1613 1948 1669; x_wconf 87' lang='lat' dir='ltr'><strong>sed</strong></span> <span class='ocrx_word' id='word_1_207' title='bbox 1979 1613 2061 1666; x_wconf 85' lang='lat' dir='ltr'><strong>vel</strong></span> <span class='ocrx_word' id='word_1_208' title='bbox 2087 1612 2214 1668; x_wconf 90' lang='lat' dir='ltr'><strong>inde</strong></span> <span class='ocrx_word' id='word_1_209' title='bbox 2237 1613 2429 1667; x_wconf 86' lang='lat' dir='ltr'><strong>saltem</strong></span> <span class='ocrx_word' id='word_1_210' title='bbox 2461 1613 2593 1667; x_wconf 90' lang='lat' dir='ltr'><strong>licet</strong></span> <span class='ocrx_word' id='word_1_211' title='bbox 2619 1612 2916 1682; x_wconf 81' lang='lat' dir='ltr'><strong>conjicere,</strong></span> <span class='ocrx_word' id='word_1_212' title='bbox 2949 1613 3143 1666; x_wconf 85' lang='lat' dir='ltr'><strong>venire</strong></span> <span class='ocrx_word' id='word_1_213' title='bbox 3179 1613 3232 1664; x_wconf 91' lang='lat' dir='ltr'><strong>in</strong></span> <span class='ocrx_word' id='word_1_214' title='bbox 3259 1611 3490 1666; x_wconf 90' lang='lat' dir='ltr'><strong>dubium</strong></span> <span class='ocrx_word' id='word_1_215' title='bbox 3514 1611 3664 1681; x_wconf 88' lang='lat' dir='ltr'><strong>quod</strong></span> 
     </span>
    </p>
   </div>
   <div class='ocr_carea' id='block_1_19' title="bbox 405 1702 3666 1774">
    <p class='ocr_par' dir='ltr' id='par_1_19' title="bbox 405 1702 3666 1774">
     <span class='ocr_line' id='line_1_19' title="bbox 405 1702 3666 1774; baseline -0.003 -9"><span class='ocrx_word' id='word_1_216' title='bbox 405 1711 573 1766; x_wconf 89' lang='lat' dir='ltr'><strong>tradit</strong></span> <span class='ocrx_word' id='word_1_217' title='bbox 597 1709 844 1764; x_wconf 80' lang='lat' dir='ltr'><strong>Andreas</strong></span> <span class='ocrx_word' id='word_1_218' title='bbox 873 1706 1178 1766; x_wconf 85' lang='lat' dir='ltr'><strong>Thcvetus,</strong></span> <span class='ocrx_word' id='word_1_219' title='bbox 1221 1705 1461 1774; x_wconf 86' lang='lat' dir='ltr'><strong>scriptor</strong></span> <span class='ocrx_word' id='word_1_220' title='bbox 1495 1703 1836 1772; x_wconf 69' lang='lat' dir='ltr'><strong>cuctcroquin</strong></span> <span class='ocrx_word' id='word_1_221' title='bbox 1871 1703 1928 1754; x_wconf 90' lang='lat' dir='ltr'><strong>in</strong></span> <span class='ocrx_word' id='word_1_222' title='bbox 1963 1702 2090 1755; x_wconf 86' lang='lat' dir='ltr'><strong>aliis</strong></span> <span class='ocrx_word' id='word_1_223' title='bbox 2127 1703 2272 1757; x_wconf 86' lang='lat' dir='ltr'><strong>haud</strong></span> <span class='ocrx_word' id='word_1_224' title='bbox 2301 1711 2470 1758; x_wconf 73' lang='lat' dir='ltr'><strong>certae</strong></span> <span class='ocrx_word' id='word_1_225' title='bbox 2511 1702 2659 1766; x_wconf 76' lang='lat' dir='ltr'><strong>fidei,</strong></span> <span class='ocrx_word' id='word_1_226' title='bbox 2694 1718 2792 1756; x_wconf 90' lang='lat' dir='ltr'><strong>sua</strong></span> <span class='ocrx_word' id='word_1_227' title='bbox 2818 1711 2978 1757; x_wconf 71' lang='lat' dir='ltr'><strong>:elate</strong></span> <span class='ocrx_word' id='word_1_228' title='bbox 3011 1704 3190 1756; x_wconf 87' lang='lat' dir='ltr'><strong>visum</strong></span> <span class='ocrx_word' id='word_1_229' title='bbox 3223 1703 3404 1757; x_wconf 88' lang='lat' dir='ltr'><strong>adhuc</strong></span> <span class='ocrx_word' id='word_1_230' title='bbox 3438 1703 3490 1756; x_wconf 92' lang='lat' dir='ltr'><strong>in</strong></span> <span class='ocrx_word' id='word_1_231' title='bbox 3523 1717 3666 1772; x_wconf 84' lang='lat' dir='ltr'><strong>quo-</strong></span> 
     </span>
    </p>
   </div>
   <div class='ocr_carea' id='block_1_20' title="bbox 398 1790 3660 1862">
    <p class='ocr_par' dir='ltr' id='par_1_20' title="bbox 398 1790 3660 1862">
     <span class='ocr_line' id='line_1_20' title="bbox 398 1790 3660 1862; baseline -0.004 -7"><span class='ocrx_word' id='word_1_232' title='bbox 398 1802 529 1855; x_wconf 84' lang='lat' dir='ltr'><strong>dam</strong></span> <span class='ocrx_word' id='word_1_233' title='bbox 558 1796 756 1852; x_wconf 77' lang='lat' dir='ltr'><strong>Montis</strong></span> <span class='ocrx_word' id='word_1_234' title='bbox 789 1795 974 1850; x_wconf 80' lang='lat' dir='ltr'><strong>Sancti</strong></span> <span class='ocrx_word' id='word_1_235' title='bbox 1012 1794 1106 1862; x_wconf 90' lang='lat' dir='ltr'><strong>(ita</strong></span> <span class='ocrx_word' id='word_1_236' title='bbox 1137 1793 1312 1846; x_wconf 83' lang='lat' dir='ltr'><strong>Athos</strong></span> <span class='ocrx_word' id='word_1_237' title='bbox 1351 1791 1516 1848; x_wconf 88' lang='lat' dir='ltr'><strong>hodie</strong></span> <span class='ocrx_word' id='word_1_238' title='bbox 1552 1790 1882 1861; x_wconf 87' lang='lat' dir='ltr'><strong>appellatur)</strong></span> <span class='ocrx_word' id='word_1_239' title='bbox 1915 1790 2248 1844; x_wconf 81' lang='lat' dir='ltr'><strong>monasterio</strong></span> <span class='ocrx_word' id='word_1_240' title='bbox 2275 1791 2502 1844; x_wconf 75' lang='lat' dir='ltr'><strong>Zonara:</strong></span> <span class='ocrx_word' id='word_1_241' title='bbox 2534 1791 2878 1861; x_wconf 85' lang='lat' dir='ltr'><strong>epitaphium</strong></span> <span class='ocrx_word' id='word_1_242' title='bbox 2907 1790 3059 1846; x_wconf 76' lang='lat' dir='ltr'><strong>hisee</strong></span> <span class='ocrx_word' id='word_1_243' title='bbox 3094 1790 3277 1844; x_wconf 86' lang='lat' dir='ltr'><strong>verbis</strong></span> <span class='ocrx_word' id='word_1_244' title='bbox 3303 1801 3660 1860; x_wconf 87' lang='lat' dir='ltr'><strong>conceptum:</strong></span> 
     </span>
    </p>
   </div>
   <div class='ocr_carea' id='block_1_21' title="bbox 411 1878 2878 1950">
    <p class='ocr_par' dir='ltr' id='par_1_21' title="bbox 411 1878 2878 1950">
     <span class='ocr_line' id='line_1_21' title="bbox 411 1878 2878 1950; baseline -0.003 -10"><span class='ocrx_word' id='word_1_245' title='bbox 411 1885 678 1940; x_wconf 72' lang='lat' dir='ltr'><strong>EN&#39;I‘AAE</strong></span> <span class='ocrx_word' id='word_1_246' title='bbox 703 1883 1017 1937; x_wconf 77' lang='grc' dir='ltr'><strong>ΖΩΝΑΡΑΣ</strong></span> <span class='ocrx_word' id='word_1_247' title='bbox 1051 1879 1310 1942; x_wconf 78' lang='lat' dir='ltr'><strong>KEI&#39;I‘AI,</strong></span> <span class='ocrx_word' id='word_1_248' title='bbox 1337 1879 1441 1934; x_wconf 82' lang='lat' dir='ltr'><strong>nisi</strong></span> <span class='ocrx_word' id='word_1_249' title='bbox 1474 1879 1578 1934; x_wconf 83' lang='lat' dir='ltr'><strong>sub</strong></span> <span class='ocrx_word' id='word_1_250' title='bbox 1619 1879 1745 1932; x_wconf 61' lang='lat' dir='ltr'><strong>vita:</strong></span> <span class='ocrx_word' id='word_1_251' title='bbox 1775 1887 2021 1932; x_wconf 80' lang='lat' dir='ltr'><strong>extrema</strong></span> <span class='ocrx_word' id='word_1_252' title='bbox 2043 1892 2110 1930; x_wconf 88' lang='lat' dir='ltr'><strong>eo</strong></span> <span class='ocrx_word' id='word_1_253' title='bbox 2153 1878 2374 1933; x_wconf 79' lang='lat' dir='ltr'><strong>dicatur</strong></span> <span class='ocrx_word' id='word_1_254' title='bbox 2399 1879 2742 1934; x_wconf 88' lang='lat' dir='ltr'><strong>concessisse</strong></span> <span class='ocrx_word' id='word_1_255' title='bbox 2778 1879 2878 1950; x_wconf 70' lang='lat'><strong>(7).</strong></span> 
     </span>
    </p>
   </div>
   <div class='ocr_carea' id='block_1_22' title="bbox 476 1968 3666 2043">
    <p class='ocr_par' dir='ltr' id='par_1_22' title="bbox 476 1968 3666 2043">
     <span class='ocr_line' id='line_1_22' title="bbox 476 1968 3666 2043; baseline -0.003 -12"><span class='ocrx_word' id='word_1_256' title='bbox 476 1975 768 2043; x_wconf 90' lang='lat' dir='ltr'><strong>Utcunque</strong></span> <span class='ocrx_word' id='word_1_257' title='bbox 807 1971 875 2026; x_wconf 90' lang='lat' dir='ltr'><strong>de</strong></span> <span class='ocrx_word' id='word_1_258' title='bbox 907 1971 1010 2027; x_wconf 86' lang='lat' dir='ltr'><strong>bac</strong></span> <span class='ocrx_word' id='word_1_259' title='bbox 1047 1987 1108 2024; x_wconf 90' lang='lat' dir='ltr'><strong>re</strong></span> <span class='ocrx_word' id='word_1_260' title='bbox 1138 1971 1234 2036; x_wconf 88' lang='lat' dir='ltr'><strong>sit,</strong></span> <span class='ocrx_word' id='word_1_261' title='bbox 1273 1970 1360 2023; x_wconf 77' lang='lat' dir='ltr'><strong>vix</strong></span> <span class='ocrx_word' id='word_1_262' title='bbox 1400 1969 1613 2038; x_wconf 79' lang='lat' dir='ltr'><strong>aliquot</strong></span> <span class='ocrx_word' id='word_1_263' title='bbox 1643 1968 1702 2022; x_wconf 84' lang='lat' dir='ltr'><strong>in</strong></span> <span class='ocrx_word' id='word_1_264' title='bbox 1739 1968 2010 2022; x_wconf 77' lang='lat' dir='ltr'><strong>aaceterio</strong></span> <span class='ocrx_word' id='word_1_265' title='bbox 2043 1977 2220 2021; x_wconf 87' lang='lat' dir='ltr'><strong>annos</strong></span> <span class='ocrx_word' id='word_1_266' title='bbox 2251 1975 2534 2036; x_wconf 76' lang='lat' dir='ltr'><strong>exegerat,</strong></span> <span class='ocrx_word' id='word_1_267' title='bbox 2569 1983 2696 2022; x_wconf 86' lang='lat' dir='ltr'><strong>cum</strong></span> <span class='ocrx_word' id='word_1_268' title='bbox 2735 1983 2862 2022; x_wconf 85' lang='lat' dir='ltr'><strong>eum</strong></span> <span class='ocrx_word' id='word_1_269' title='bbox 2895 1984 3210 2024; x_wconf 80' lang='lat' dir='ltr'><strong>convenere</strong></span> <span class='ocrx_word' id='word_1_270' title='bbox 3233 1969 3395 2024; x_wconf 82' lang='lat' dir='ltr'><strong>amici</strong></span> <span class='ocrx_word' id='word_1_271' title='bbox 3429 1968 3508 2040; x_wconf 91' lang='lat'><strong>(8)</strong></span> <span class='ocrx_word' id='word_1_272' title='bbox 3533 1969 3666 2024; x_wconf 90' lang='lat' dir='ltr'><strong>hor-</strong></span> 
     </span>
    </p>
   </div>
   <div class='ocr_carea' id='block_1_23' title="bbox 406 2053 3668 2133">
    <p class='ocr_par' dir='ltr' id='par_1_23' title="bbox 406 2053 3668 2133">
     <span class='ocr_line' id='line_1_23' title="bbox 406 2053 3668 2133; baseline -0.002 -15"><span class='ocrx_word' id='word_1_273' title='bbox 406 2065 614 2133; x_wconf 83' lang='lat' dir='ltr'><strong>tatique</strong></span> <span class='ocrx_word' id='word_1_274' title='bbox 643 2069 774 2116; x_wconf 90' lang='lat' dir='ltr'><strong>sunt</strong></span> <span class='ocrx_word' id='word_1_275' title='bbox 800 2072 857 2113; x_wconf 91' lang='lat' dir='ltr'><strong>ut</strong></span> <span class='ocrx_word' id='word_1_276' title='bbox 889 2059 1200 2114; x_wconf 88' lang='lat' dir='ltr'><strong>solitarium</strong></span> <span class='ocrx_word' id='word_1_277' title='bbox 1230 2056 1374 2111; x_wconf 90' lang='lat' dir='ltr'><strong>istud</strong></span> <span class='ocrx_word' id='word_1_278' title='bbox 1402 2055 1578 2111; x_wconf 90' lang='lat' dir='ltr'><strong>otium</strong></span> <span class='ocrx_word' id='word_1_279' title='bbox 1611 2056 1666 2109; x_wconf 93' lang='lat' dir='ltr'><strong>in</strong></span> <span class='ocrx_word' id='word_1_280' title='bbox 1704 2055 1988 2124; x_wconf 85' lang='lat' dir='ltr'><strong>negotium</strong></span> <span class='ocrx_word' id='word_1_281' title='bbox 2021 2053 2247 2123; x_wconf 88' lang='lat' dir='ltr'><strong>aliquod</strong></span> <span class='ocrx_word' id='word_1_282' title='bbox 2283 2054 2586 2119; x_wconf 84' lang='lat' dir='ltr'><strong>conferret,</strong></span> <span class='ocrx_word' id='word_1_283' title='bbox 2623 2054 2772 2124; x_wconf 87' lang='lat' dir='ltr'><strong>quod</strong></span> <span class='ocrx_word' id='word_1_284' title='bbox 2801 2065 2856 2110; x_wconf 90' lang='lat' dir='ltr'><strong>ct</strong></span> <span class='ocrx_word' id='word_1_285' title='bbox 2882 2071 2995 2110; x_wconf 90' lang='lat' dir='ltr'><strong>rem</strong></span> <span class='ocrx_word' id='word_1_286' title='bbox 3045 2056 3320 2125; x_wconf 87' lang='lat' dir='ltr'><strong>publicam</strong></span> <span class='ocrx_word' id='word_1_287' title='bbox 3361 2058 3580 2128; x_wconf 86' lang='lat' dir='ltr'><strong>jttvaret</strong></span> <span class='ocrx_word' id='word_1_288' title='bbox 3609 2069 3668 2112; x_wconf 88' lang='lat' dir='ltr'><strong>et</strong></span> 
     </span>
    </p>
   </div>
   <div class='ocr_carea' id='block_1_24' title="bbox 393 2141 3668 2216">
    <p class='ocr_par' dir='ltr' id='par_1_24' title="bbox 393 2141 3668 2216">
     <span class='ocr_line' id='line_1_24' title="bbox 393 2141 3668 2216; baseline 0 -18"><span class='ocrx_word' id='word_1_289' title='bbox 393 2160 630 2204; x_wconf 75' lang='lat' dir='ltr'><strong>.a:t-ern:e</strong></span> <span class='ocrx_word' id='word_1_290' title='bbox 672 2149 797 2202; x_wconf 61' lang='lat' dir='ltr'><strong>vitae</strong></span> <span class='ocrx_word' id='word_1_291' title='bbox 819 2147 1106 2216; x_wconf 70' lang='lat' dir='ltr'><strong>prtemium</strong></span> <span class='ocrx_word' id='word_1_292' title='bbox 1152 2144 1258 2199; x_wconf 89' lang='lat' dir='ltr'><strong>sibi</strong></span> <span class='ocrx_word' id='word_1_293' title='bbox 1307 2143 1634 2198; x_wconf 89' lang='lat' dir='ltr'><strong>conciliaret</strong></span> <span class='ocrx_word' id='word_1_294' title='bbox 1667 2142 1856 2211; x_wconf 89' lang='lat' dir='ltr'><strong>:quod</strong></span> <span class='ocrx_word' id='word_1_295' title='bbox 1889 2141 2112 2210; x_wconf 84' lang='lat' dir='ltr'><strong>quidem</strong></span> <span class='ocrx_word' id='word_1_296' title='bbox 2148 2142 2381 2196; x_wconf 74' lang='lat' dir='ltr'><strong>maxime</strong></span> <span class='ocrx_word' id='word_1_297' title='bbox 2409 2143 2631 2210; x_wconf 79' lang='lat' dir='ltr'><strong>assequi</strong></span> <span class='ocrx_word' id='word_1_298' title='bbox 2667 2143 2862 2197; x_wconf 89' lang='lat' dir='ltr'><strong>liceret</strong></span> <span class='ocrx_word' id='word_1_299' title='bbox 2885 2144 2928 2197; x_wconf 89' lang='lat' dir='ltr'><strong>si</strong></span> <span class='ocrx_word' id='word_1_300' title='bbox 2966 2143 3257 2198; x_wconf 87' lang='lat' dir='ltr'><strong>historiam</strong></span> <span class='ocrx_word' id='word_1_301' title='bbox 3291 2145 3668 2200; x_wconf 85' lang='lat' dir='ltr'><strong>conscriberet</strong></span> 
     </span>
    </p>
   </div>
   <div class='ocr_carea' id='block_1_25' title="bbox 403 2229 3667 2306">
    <p class='ocr_par' dir='ltr' id='par_1_25' title="bbox 403 2229 3667 2306">
     <span class='ocr_line' id='line_1_25' title="bbox 403 2229 3667 2306; baseline -0.001 -16"><span class='ocrx_word' id='word_1_302' title='bbox 403 2253 528 2306; x_wconf 76' lang='lat' dir='ltr'><strong>qua:</strong></span> <span class='ocrx_word' id='word_1_303' title='bbox 557 2244 616 2290; x_wconf 91' lang='lat' dir='ltr'><strong>et</strong></span> <span class='ocrx_word' id='word_1_304' title='bbox 641 2243 926 2289; x_wconf 81' lang='lat' dir='ltr'><strong>resccaret</strong></span> <span class='ocrx_word' id='word_1_305' title='bbox 956 2245 1362 2301; x_wconf 87' lang='lat' dir='ltr'><strong>supervacanea</strong></span> <span class='ocrx_word' id='word_1_306' title='bbox 1379 2240 1437 2283; x_wconf 82' lang='lat' dir='ltr'><strong>et</strong></span> <span class='ocrx_word' id='word_1_307' title='bbox 1467 2246 1554 2284; x_wconf 90' lang='lat' dir='ltr'><strong>res</strong></span> <span class='ocrx_word' id='word_1_308' title='bbox 1589 2237 1894 2283; x_wconf 87' lang='lat' dir='ltr'><strong>memoratu</strong></span> <span class='ocrx_word' id='word_1_309' title='bbox 1936 2229 2216 2299; x_wconf 78' lang='lat' dir='ltr'><strong>digniores</strong></span> <span class='ocrx_word' id='word_1_310' title='bbox 2251 2230 2404 2282; x_wconf 91' lang='lat' dir='ltr'><strong>nullo</strong></span> <span class='ocrx_word' id='word_1_311' title='bbox 2428 2231 2725 2283; x_wconf 88' lang='lat' dir='ltr'><strong>verborum</strong></span> <span class='ocrx_word' id='word_1_312' title='bbox 2749 2229 2958 2284; x_wconf 91' lang='lat' dir='ltr'><strong>ambitu</strong></span> <span class='ocrx_word' id='word_1_313' title='bbox 2993 2233 3046 2284; x_wconf 91' lang='lat' dir='ltr'><strong>in</strong></span> <span class='ocrx_word' id='word_1_314' title='bbox 3073 2232 3463 2301; x_wconf 87' lang='lat' dir='ltr'><strong>compendium</strong></span> <span class='ocrx_word' id='word_1_315' title='bbox 3486 2233 3667 2302; x_wconf 84' lang='lat' dir='ltr'><strong>quod-</strong></span> 
     </span>
    </p>
   </div>
   <div class='ocr_carea' id='block_1_26' title="bbox 406 2316 3672 2390">
    <p class='ocr_par' dir='ltr' id='par_1_26' title="bbox 406 2316 3672 2390">
     <span class='ocr_line' id='line_1_26' title="bbox 406 2316 3672 2390; baseline -0.002 -11"><span class='ocrx_word' id='word_1_316' title='bbox 406 2327 533 2380; x_wconf 88' lang='lat' dir='ltr'><strong>dam</strong></span> <span class='ocrx_word' id='word_1_317' title='bbox 567 2323 946 2378; x_wconf 87' lang='lat' dir='ltr'><strong>contraheret.</strong></span> <span class='ocrx_word' id='word_1_318' title='bbox 977 2319 1084 2373; x_wconf 87' lang='lat' dir='ltr'><strong>Eos</strong></span> <span class='ocrx_word' id='word_1_319' title='bbox 1111 2319 1262 2373; x_wconf 88' lang='lat' dir='ltr'><strong>enim</strong></span> <span class='ocrx_word' id='word_1_320' title='bbox 1307 2318 1401 2388; x_wconf 89' lang='lat' dir='ltr'><strong>qui</strong></span> <span class='ocrx_word' id='word_1_321' title='bbox 1448 2318 1506 2370; x_wconf 89' lang='lat' dir='ltr'><strong>itt</strong></span> <span class='ocrx_word' id='word_1_322' title='bbox 1550 2317 1722 2371; x_wconf 90' lang='lat' dir='ltr'><strong>hocce</strong></span> <span class='ocrx_word' id='word_1_323' title='bbox 1761 2317 2082 2387; x_wconf 88' lang='lat' dir='ltr'><strong>scriptionis</strong></span> <span class='ocrx_word' id='word_1_324' title='bbox 2106 2332 2305 2388; x_wconf 79' lang='lat' dir='ltr'><strong>genere</strong></span> <span class='ocrx_word' id='word_1_325' title='bbox 2340 2331 2564 2386; x_wconf 85' lang='lat' dir='ltr'><strong>operam</strong></span> <span class='ocrx_word' id='word_1_326' title='bbox 2595 2316 2864 2371; x_wconf 86' lang='lat' dir='ltr'><strong>hactenus</strong></span> <span class='ocrx_word' id='word_1_327' title='bbox 2894 2318 3276 2382; x_wconf 72' lang='lat' dir='ltr'><strong>collocassent,</strong></span> <span class='ocrx_word' id='word_1_328' title='bbox 3311 2334 3497 2373; x_wconf 88' lang='lat' dir='ltr'><strong>rerum</strong></span> <span class='ocrx_word' id='word_1_329' title='bbox 3533 2336 3672 2390; x_wconf 88' lang='lat' dir='ltr'><strong>quas</strong></span> 
     </span>
    </p>
   </div>
   <div class='ocr_carea' id='block_1_27' title="bbox 407 2404 3672 2477">
    <p class='ocr_par' dir='ltr' id='par_1_27' title="bbox 407 2404 3672 2477">
     <span class='ocr_line' id='line_1_27' title="bbox 407 2404 3672 2477; baseline -0.002 -9"><span class='ocrx_word' id='word_1_330' title='bbox 407 2418 670 2468; x_wconf 87' lang='lat' dir='ltr'><strong>enarrant</strong></span> <span class='ocrx_word' id='word_1_331' title='bbox 709 2409 910 2464; x_wconf 90' lang='lat' dir='ltr'><strong>seriem</strong></span> <span class='ocrx_word' id='word_1_332' title='bbox 941 2408 1058 2462; x_wconf 86' lang='lat' dir='ltr'><strong>fere</strong></span> <span class='ocrx_word' id='word_1_333' title='bbox 1094 2421 1312 2476; x_wconf 84' lang='lat' dir='ltr'><strong>semper</strong></span> <span class='ocrx_word' id='word_1_334' title='bbox 1346 2406 1752 2474; x_wconf 84' lang='lat' dir='ltr'><strong>interrumpere</strong></span> <span class='ocrx_word' id='word_1_335' title='bbox 1783 2405 2075 2458; x_wconf 90' lang='lat' dir='ltr'><strong>inutilibus</strong></span> <span class='ocrx_word' id='word_1_336' title='bbox 2100 2405 2482 2475; x_wconf 76' lang='grc' dir='ltr'><strong>παρεκϐάσεσι</strong></span> <span class='ocrx_word' id='word_1_337' title='bbox 2519 2419 2616 2459; x_wconf 86' lang='lat' dir='ltr'><strong>seu</strong></span> <span class='ocrx_word' id='word_1_338' title='bbox 2645 2404 2987 2468; x_wconf 77' lang='lat' dir='ltr'><strong>excessibus,</strong></span> <span class='ocrx_word' id='word_1_339' title='bbox 3016 2406 3100 2460; x_wconf 80' lang='lat' dir='ltr'><strong>vel</strong></span> <span class='ocrx_word' id='word_1_340' title='bbox 3137 2406 3304 2461; x_wconf 89' lang='lat' dir='ltr'><strong>etiam</strong></span> <span class='ocrx_word' id='word_1_341' title='bbox 3337 2406 3672 2477; x_wconf 86' lang='lat' dir='ltr'><strong>descriptio-</strong></span> 
     </span>
    </p>
   </div>
   <div class='ocr_carea' id='block_1_28' title="bbox 407 2491 3668 2564">
    <p class='ocr_par' dir='ltr' id='par_1_28' title="bbox 407 2491 3668 2564">
     <span class='ocr_line' id='line_1_28' title="bbox 407 2491 3668 2564; baseline -0.003 -9"><span class='ocrx_word' id='word_1_342' title='bbox 407 2501 576 2556; x_wconf 87' lang='lat' dir='ltr'><strong>nibus</strong></span> <span class='ocrx_word' id='word_1_343' title='bbox 611 2507 708 2554; x_wconf 89' lang='lat' dir='ltr'><strong>aut</strong></span> <span class='ocrx_word' id='word_1_344' title='bbox 753 2495 1140 2559; x_wconf 90' lang='lat' dir='ltr'><strong>concionibus,</strong></span> <span class='ocrx_word' id='word_1_345' title='bbox 1175 2504 1340 2564; x_wconf 85' lang='lat' dir='ltr'><strong>atque</strong></span> <span class='ocrx_word' id='word_1_346' title='bbox 1365 2493 1506 2548; x_wconf 87' lang='lat' dir='ltr'><strong>adeo</strong></span> <span class='ocrx_word' id='word_1_347' title='bbox 1535 2493 1943 2562; x_wconf 86' lang='lat' dir='ltr'><strong>intempestivis</strong></span> <span class='ocrx_word' id='word_1_348' title='bbox 1980 2505 2036 2547; x_wconf 91' lang='lat' dir='ltr'><strong>et</strong></span> <span class='ocrx_word' id='word_1_349' title='bbox 2073 2508 2196 2561; x_wconf 72' lang='lat' dir='ltr'><strong>quae</strong></span> <span class='ocrx_word' id='word_1_350' title='bbox 2223 2491 2520 2545; x_wconf 90' lang='lat' dir='ltr'><strong>annalibus</strong></span> <span class='ocrx_word' id='word_1_351' title='bbox 2550 2507 2744 2560; x_wconf 89' lang='lat' dir='ltr'><strong>parutn</strong></span> <span class='ocrx_word' id='word_1_352' title='bbox 2785 2491 3121 2547; x_wconf 86' lang='lat' dir='ltr'><strong>conveniant</strong></span> <span class='ocrx_word' id='word_1_353' title='bbox 3160 2491 3228 2546; x_wconf 92' lang='lat' dir='ltr'><strong>de</strong></span> <span class='ocrx_word' id='word_1_354' title='bbox 3263 2492 3526 2562; x_wconf 61' lang='lat' dir='ltr'><strong>rtligionc</strong></span> <span class='ocrx_word' id='word_1_355' title='bbox 3554 2491 3668 2546; x_wconf 85' lang='lat' dir='ltr'><strong>dis-</strong></span> 
     </span>
    </p>
   </div>
   <div class='ocr_carea' id='block_1_29' title="bbox 411 2578 3674 2660">
    <p class='ocr_par' dir='ltr' id='par_1_29' title="bbox 411 2578 3674 2660">
     <span class='ocr_line' id='line_1_29' title="bbox 411 2578 3674 2660; baseline -0.003 -18"><span class='ocrx_word' id='word_1_356' title='bbox 411 2586 814 2660; x_wconf 83' lang='lat' dir='ltr'><strong>putationibus,</strong></span> <span class='ocrx_word' id='word_1_357' title='bbox 851 2585 982 2638; x_wconf 91' lang='lat' dir='ltr'><strong>dum</strong></span> <span class='ocrx_word' id='word_1_358' title='bbox 1029 2582 1156 2636; x_wconf 85' lang='lat' dir='ltr'><strong>[idei</strong></span> <span class='ocrx_word' id='word_1_359' title='bbox 1218 2582 1479 2653; x_wconf 80' lang='lat' dir='ltr'><strong>mysteria</strong></span> <span class='ocrx_word' id='word_1_360' title='bbox 1523 2590 1812 2652; x_wconf 78' lang='lat' dir='ltr'><strong>exponunt</strong></span> <span class='ocrx_word' id='word_1_361' title='bbox 1855 2581 1947 2635; x_wconf 83' lang='lat' dir='ltr'><strong>vel</strong></span> <span class='ocrx_word' id='word_1_362' title='bbox 1992 2581 2232 2636; x_wconf 66' lang='lat' dir='ltr'><strong>hazreses</strong></span> <span class='ocrx_word' id='word_1_363' title='bbox 2275 2580 2564 2634; x_wconf 81' lang='lat' dir='ltr'><strong>confutare</strong></span> <span class='ocrx_word' id='word_1_364' title='bbox 2614 2578 3034 2648; x_wconf 77' lang='lat' dir='ltr'><strong>aggrediuntur;</strong></span> <span class='ocrx_word' id='word_1_365' title='bbox 3083 2581 3422 2650; x_wconf 79' lang='lat' dir='ltr'><strong>argumentis</strong></span> <span class='ocrx_word' id='word_1_366' title='bbox 3448 2597 3478 2634; x_wconf 84' lang='lat' dir='ltr'><strong>c</strong></span> <span class='ocrx_word' id='word_1_367' title='bbox 3516 2595 3674 2634; x_wconf 85' lang='lat' dir='ltr'><strong>sacra</strong></span> 
     </span>
    </p>
   </div>
   <div class='ocr_carea' id='block_1_30' title="bbox 403 2665 3672 2746">
    <p class='ocr_par' dir='ltr' id='par_1_30' title="bbox 403 2665 3672 2746">
     <span class='ocr_line' id='line_1_30' title="bbox 403 2665 3672 2746; baseline -0.004 -15"><span class='ocrx_word' id='word_1_368' title='bbox 403 2676 700 2746; x_wconf 80' lang='lat' dir='ltr'><strong>Scriptura</strong></span> <span class='ocrx_word' id='word_1_369' title='bbox 729 2673 816 2728; x_wconf 83' lang='lat' dir='ltr'><strong>vel</strong></span> <span class='ocrx_word' id='word_1_370' title='bbox 845 2688 876 2727; x_wconf 91' lang='lat' dir='ltr'><strong>e</strong></span> <span class='ocrx_word' id='word_1_371' title='bbox 907 2671 1116 2727; x_wconf 87' lang='lat' dir='ltr'><strong>sanctis</strong></span> <span class='ocrx_word' id='word_1_372' title='bbox 1145 2669 1404 2725; x_wconf 78' lang='lat' dir='ltr'><strong>Patribus</strong></span> <span class='ocrx_word' id='word_1_373' title='bbox 1435 2669 1645 2739; x_wconf 87' lang='lat' dir='ltr'><strong>petitis.</strong></span> <span class='ocrx_word' id='word_1_374' title='bbox 1675 2668 1890 2736; x_wconf 85' lang='lat' dir='ltr'><strong>Quibus</strong></span> <span class='ocrx_word' id='word_1_375' title='bbox 1911 2668 2136 2738; x_wconf 87' lang='lat' dir='ltr'><strong>quidem</strong></span> <span class='ocrx_word' id='word_1_376' title='bbox 2169 2683 2233 2721; x_wconf 78' lang='lat' dir='ltr'><strong>ex</strong></span> <span class='ocrx_word' id='word_1_377' title='bbox 2266 2665 2622 2736; x_wconf 82' lang='lat' dir='ltr'><strong>cbronologis</strong></span> <span class='ocrx_word' id='word_1_378' title='bbox 2670 2666 2880 2734; x_wconf 89' lang='lat' dir='ltr'><strong>aliquot</strong></span> <span class='ocrx_word' id='word_1_379' title='bbox 2915 2667 3286 2736; x_wconf 84' lang='lat' dir='ltr'><strong>suggillabant</strong></span> <span class='ocrx_word' id='word_1_380' title='bbox 3311 2667 3406 2736; x_wconf 87' lang='lat' dir='ltr'><strong>qui</strong></span> <span class='ocrx_word' id='word_1_381' title='bbox 3437 2683 3500 2721; x_wconf 85' lang='lat' dir='ltr'><strong>ea</strong></span> <span class='ocrx_word' id='word_1_382' title='bbox 3531 2677 3672 2721; x_wconf 86' lang='lat' dir='ltr'><strong>tctu-</strong></span> 
     </span>
    </p>
   </div>
   <div class='ocr_carea' id='block_1_31' title="bbox 408 2752 3675 2832">
    <p class='ocr_par' dir='ltr' id='par_1_31' title="bbox 408 2752 3675 2832">
     <span class='ocr_line' id='line_1_31' title="bbox 408 2752 3675 2832; baseline -0.003 -17"><span class='ocrx_word' id='word_1_383' title='bbox 408 2770 625 2832; x_wconf 80' lang='lat' dir='ltr'><strong>pestate</strong></span> <span class='ocrx_word' id='word_1_384' title='bbox 667 2759 722 2814; x_wconf 87' lang='lat' dir='ltr'><strong>in</strong></span> <span class='ocrx_word' id='word_1_385' title='bbox 762 2759 1012 2813; x_wconf 89' lang='lat' dir='ltr'><strong>omnium</strong></span> <span class='ocrx_word' id='word_1_386' title='bbox 1046 2755 1303 2810; x_wconf 87' lang='lat' dir='ltr'><strong>manibus</strong></span> <span class='ocrx_word' id='word_1_387' title='bbox 1333 2756 1721 2820; x_wconf 87' lang='lat' dir='ltr'><strong>versabantur,</strong></span> <span class='ocrx_word' id='word_1_388' title='bbox 1752 2765 2038 2810; x_wconf 87' lang='lat' dir='ltr'><strong>auctorem</strong></span> <span class='ocrx_word' id='word_1_389' title='bbox 2085 2757 2231 2810; x_wconf 88' lang='lat' dir='ltr'><strong>forte</strong></span> <span class='ocrx_word' id='word_1_390' title='bbox 2274 2754 2538 2810; x_wconf 89' lang='lat' dir='ltr'><strong>Chronici</strong></span> <span class='ocrx_word' id='word_1_391' title='bbox 2579 2752 2727 2822; x_wconf 91' lang='lat' dir='ltr'><strong>quod</strong></span> <span class='ocrx_word' id='word_1_392' title='bbox 2762 2754 3196 2808; x_wconf 61' lang='lat' dir='ltr'><strong>Alexandrinum</strong></span> <span class='ocrx_word' id='word_1_393' title='bbox 3232 2764 3452 2820; x_wconf 86' lang='lat' dir='ltr'><strong>vocant,</strong></span> <span class='ocrx_word' id='word_1_394' title='bbox 3501 2755 3675 2809; x_wconf 79' lang='lat' dir='ltr'><strong>Geor-</strong></span> 
     </span>
    </p>
   </div>
   <div class='ocr_carea' id='block_1_32' title="bbox 412 2842 3674 2920">
    <p class='ocr_par' dir='ltr' id='par_1_32' title="bbox 412 2842 3674 2920">
     <span class='ocr_line' id='line_1_32' title="bbox 412 2842 3674 2920; baseline -0.002 -17"><span class='ocrx_word' id='word_1_395' title='bbox 412 2850 562 2920; x_wconf 82' lang='lat' dir='ltr'><strong>gium</strong></span> <span class='ocrx_word' id='word_1_396' title='bbox 594 2847 930 2920; x_wconf 79' lang='lat' dir='ltr'><strong>Syneellum,</strong></span> <span class='ocrx_word' id='word_1_397' title='bbox 963 2843 1261 2916; x_wconf 82' lang='lat' dir='ltr'><strong>Georgium</strong></span> <span class='ocrx_word' id='word_1_398' title='bbox 1309 2843 1712 2910; x_wconf 85' lang='lat' dir='ltr'><strong>Hamartolum,</strong></span> <span class='ocrx_word' id='word_1_399' title='bbox 1743 2844 2042 2914; x_wconf 87' lang='lat' dir='ltr'><strong>Georgium</strong></span> <span class='ocrx_word' id='word_1_400' title='bbox 2083 2842 2424 2908; x_wconf 85' lang='lat' dir='ltr'><strong>Cedrenum,</strong></span> <span class='ocrx_word' id='word_1_401' title='bbox 2458 2843 2710 2912; x_wconf 87' lang='lat' dir='ltr'><strong>aliosque</strong></span> <span class='ocrx_word' id='word_1_402' title='bbox 2752 2857 2991 2911; x_wconf 88' lang='lat' dir='ltr'><strong>quorum</strong></span> <span class='ocrx_word' id='word_1_403' title='bbox 3026 2843 3230 2914; x_wconf 89' lang='lat' dir='ltr'><strong>scripta</strong></span> <span class='ocrx_word' id='word_1_404' title='bbox 3263 2842 3536 2914; x_wconf 82' lang='lat' dir='ltr'><strong>ejusmodi</strong></span> <span class='ocrx_word' id='word_1_405' title='bbox 3579 2859 3674 2898; x_wconf 85' lang='lat' dir='ltr'><strong>su-</strong></span> 
     </span>
    </p>
   </div>
   <div class='ocr_carea' id='block_1_33' title="bbox 415 2933 1638 3006">
    <p class='ocr_par' dir='ltr' id='par_1_33' title="bbox 415 2933 1638 3006">
     <span class='ocr_line' id='line_1_33' title="bbox 415 2933 1638 3006; baseline -0.004 -16"><span class='ocrx_word' id='word_1_406' title='bbox 415 2936 772 3006; x_wconf 59' lang='lat' dir='ltr'><strong>pervacaneis</strong></span> <span class='ocrx_word' id='word_1_407' title='bbox 805 2933 1137 2988; x_wconf 82' lang='lat' dir='ltr'><strong>excursibus</strong></span> <span class='ocrx_word' id='word_1_408' title='bbox 1167 2933 1369 3002; x_wconf 89' lang='lat' dir='ltr'><strong>passim</strong></span> <span class='ocrx_word' id='word_1_409' title='bbox 1401 2941 1638 2987; x_wconf 88' lang='lat' dir='ltr'><strong>scatent.</strong></span> 
     </span>
    </p>
   </div>
   <div class='ocr_carea' id='block_1_34' title="bbox 485 3019 3674 3092">
    <p class='ocr_par' dir='ltr' id='par_1_34' title="bbox 485 3019 3674 3092">
     <span class='ocr_line' id='line_1_34' title="bbox 485 3019 3674 3092; baseline -0.001 -14"><span class='ocrx_word' id='word_1_410' title='bbox 485 3025 688 3079; x_wconf 73' lang='lat' dir='ltr'><strong>Verum</strong></span> <span class='ocrx_word' id='word_1_411' title='bbox 724 3019 942 3076; x_wconf 89' lang='lat' dir='ltr'><strong>tametsi</strong></span> <span class='ocrx_word' id='word_1_412' title='bbox 969 3019 1108 3074; x_wconf 88' lang='lat' dir='ltr'><strong>duas</strong></span> <span class='ocrx_word' id='word_1_413' title='bbox 1127 3034 1215 3074; x_wconf 89' lang='lat' dir='ltr'><strong>res</strong></span> <span class='ocrx_word' id='word_1_414' title='bbox 1237 3019 1562 3090; x_wconf 76' lang='lat' dir='ltr'><strong>languorem</strong></span> <span class='ocrx_word' id='word_1_415' title='bbox 1587 3019 1790 3074; x_wconf 80' lang='lat' dir='ltr'><strong>all‘erre</strong></span> <span class='ocrx_word' id='word_1_416' title='bbox 1817 3019 2042 3084; x_wconf 88' lang='lat' dir='ltr'><strong>animis,</strong></span> <span class='ocrx_word' id='word_1_417' title='bbox 2074 3019 2250 3074; x_wconf 88' lang='lat' dir='ltr'><strong>otium</strong></span> <span class='ocrx_word' id='word_1_418' title='bbox 2281 3029 2339 3074; x_wconf 90' lang='lat' dir='ltr'><strong>et</strong></span> <span class='ocrx_word' id='word_1_419' title='bbox 2363 3019 2748 3087; x_wconf 88' lang='lat' dir='ltr'><strong>solitudinem,</strong></span> <span class='ocrx_word' id='word_1_420' title='bbox 2779 3021 2926 3092; x_wconf 86' lang='lat' dir='ltr'><strong>quod</strong></span> <span class='ocrx_word' id='word_1_421' title='bbox 2958 3020 3142 3076; x_wconf 85' lang='lat' dir='ltr'><strong>aiebat</strong></span> <span class='ocrx_word' id='word_1_422' title='bbox 3176 3020 3414 3086; x_wconf 84' lang='lat' dir='ltr'><strong>Tullius,</strong></span> <span class='ocrx_word' id='word_1_423' title='bbox 3443 3036 3674 3090; x_wconf 84' lang='lat' dir='ltr'><strong>persua—</strong></span> 
     </span>
    </p>
   </div>
   <div class='ocr_carea' id='block_1_35' title="bbox 415 3105 3673 3178">
    <p class='ocr_par' dir='ltr' id='par_1_35' title="bbox 415 3105 3673 3178">
     <span class='ocr_line' id='line_1_35' title="bbox 415 3105 3673 3178; baseline -0.002 -12"><span class='ocrx_word' id='word_1_424' title='bbox 415 3127 538 3166; x_wconf 88' lang='lat' dir='ltr'><strong>sum</strong></span> <span class='ocrx_word' id='word_1_425' title='bbox 572 3110 822 3172; x_wconf 86' lang='lat' dir='ltr'><strong>haberet,</strong></span> <span class='ocrx_word' id='word_1_426' title='bbox 854 3117 912 3162; x_wconf 90' lang='lat' dir='ltr'><strong>et</strong></span> <span class='ocrx_word' id='word_1_427' title='bbox 939 3106 1085 3178; x_wconf 85' lang='lat' dir='ltr'><strong>apud</strong></span> <span class='ocrx_word' id='word_1_428' title='bbox 1129 3105 1497 3172; x_wconf 86' lang='lat' dir='ltr'><strong>Christianos,</strong></span> <span class='ocrx_word' id='word_1_429' title='bbox 1528 3123 1594 3162; x_wconf 90' lang='lat' dir='ltr'><strong>ac</strong></span> <span class='ocrx_word' id='word_1_430' title='bbox 1627 3107 1928 3163; x_wconf 81' lang='lat' dir='ltr'><strong>monachos</strong></span> <span class='ocrx_word' id='word_1_431' title='bbox 1962 3107 2018 3161; x_wconf 90' lang='lat' dir='ltr'><strong>in</strong></span> <span class='ocrx_word' id='word_1_432' title='bbox 2050 3106 2267 3177; x_wconf 86' lang='lat' dir='ltr'><strong>primis,</strong></span> <span class='ocrx_word' id='word_1_433' title='bbox 2304 3120 2506 3175; x_wconf 88' lang='lat' dir='ltr'><strong>pravas</strong></span> <span class='ocrx_word' id='word_1_434' title='bbox 2536 3107 2658 3162; x_wconf 88' lang='lat' dir='ltr'><strong>illas</strong></span> <span class='ocrx_word' id='word_1_435' title='bbox 2691 3123 2790 3163; x_wconf 90' lang='lat' dir='ltr'><strong>seu</strong></span> <span class='ocrx_word' id='word_1_436' title='bbox 2828 3107 3200 3177; x_wconf 78' lang='lat' dir='ltr'><strong>cogitationes</strong></span> <span class='ocrx_word' id='word_1_437' title='bbox 3231 3107 3545 3176; x_wconf 61' lang='grc' dir='ltr'><strong>(λογισμούς</strong></span> <span class='ocrx_word' id='word_1_438' title='bbox 3577 3123 3673 3161; x_wconf 85' lang='lat' dir='ltr'><strong>as-</strong></span> 
     </span>
    </p>
   </div>
   <div class='ocr_carea' id='block_1_36' title="bbox 408 3193 3678 3266">
    <p class='ocr_par' dir='ltr' id='par_1_36' title="bbox 408 3193 3678 3266">
     <span class='ocr_line' id='line_1_36' title="bbox 408 3193 3678 3266; baseline -0.001 -14"><span class='ocrx_word' id='word_1_439' title='bbox 408 3197 578 3253; x_wconf 81' lang='lat' dir='ltr'><strong>ectiei</strong></span> <span class='ocrx_word' id='word_1_440' title='bbox 605 3197 823 3265; x_wconf 81' lang='lat' dir='ltr'><strong>vocant)</strong></span> <span class='ocrx_word' id='word_1_441' title='bbox 847 3209 943 3248; x_wconf 91' lang='lat' dir='ltr'><strong>seu</strong></span> <span class='ocrx_word' id='word_1_442' title='bbox 970 3193 1328 3264; x_wconf 87' lang='lat' dir='ltr'><strong>cupiditates,</strong></span> <span class='ocrx_word' id='word_1_443' title='bbox 1369 3209 1493 3263; x_wconf 65' lang='lat' dir='ltr'><strong>quae</strong></span> <span class='ocrx_word' id='word_1_444' title='bbox 1518 3203 1758 3248; x_wconf 87' lang='lat' dir='ltr'><strong>mentem</strong></span> <span class='ocrx_word' id='word_1_445' title='bbox 1796 3209 1826 3246; x_wconf 89' lang='lat' dir='ltr'><strong>a</strong></span> <span class='ocrx_word' id='word_1_446' title='bbox 1851 3195 2092 3264; x_wconf 86' lang='lat' dir='ltr'><strong>negotiis</strong></span> <span class='ocrx_word' id='word_1_447' title='bbox 2121 3209 2350 3248; x_wconf 80' lang='lat' dir='ltr'><strong>vacuant</strong></span> <span class='ocrx_word' id='word_1_448' title='bbox 2391 3193 2653 3249; x_wconf 83' lang='lat' dir='ltr'><strong>invadere</strong></span> <span class='ocrx_word' id='word_1_449' title='bbox 2683 3195 2867 3250; x_wconf 87' lang='lat' dir='ltr'><strong>solent</strong></span> <span class='ocrx_word' id='word_1_450' title='bbox 2899 3205 2952 3250; x_wconf 91' lang='lat' dir='ltr'><strong>el</strong></span> <span class='ocrx_word' id='word_1_451' title='bbox 2987 3195 3040 3249; x_wconf 91' lang='lat' dir='ltr'><strong>in</strong></span> <span class='ocrx_word' id='word_1_452' title='bbox 3066 3204 3290 3266; x_wconf 87' lang='lat' dir='ltr'><strong>peccata</strong></span> <span class='ocrx_word' id='word_1_453' title='bbox 3321 3199 3436 3250; x_wconf 81' lang='lat' dir='ltr'><strong>fere</strong></span> <span class='ocrx_word' id='word_1_454' title='bbox 3457 3211 3678 3266; x_wconf 86' lang='lat' dir='ltr'><strong>semper</strong></span> 
     </span>
    </p>
   </div>
   <div class='ocr_carea' id='block_1_37' title="bbox 415 3281 3677 3355">
    <p class='ocr_par' dir='ltr' id='par_1_37' title="bbox 415 3281 3677 3355">
     <span class='ocr_line' id='line_1_37' title="bbox 415 3281 3677 3355; baseline -0.001 -15"><span class='ocrx_word' id='word_1_455' title='bbox 415 3289 766 3355; x_wconf 85' lang='lat' dir='ltr'><strong>demergunt,</strong></span> <span class='ocrx_word' id='word_1_456' title='bbox 817 3297 1050 3336; x_wconf 80' lang='lat' dir='ltr'><strong>avocare</strong></span> <span class='ocrx_word' id='word_1_457' title='bbox 1096 3281 1316 3336; x_wconf 89' lang='lat' dir='ltr'><strong>unicam</strong></span> <span class='ocrx_word' id='word_1_458' title='bbox 1363 3297 1526 3351; x_wconf 86' lang='lat' dir='ltr'><strong>posse</strong></span> <span class='ocrx_word' id='word_1_459' title='bbox 1567 3281 2016 3353; x_wconf 87' lang='lat' dir='ltr'><strong>occupationem,</strong></span> <span class='ocrx_word' id='word_1_460' title='bbox 2051 3296 2198 3352; x_wconf 69' lang='lat' dir='ltr'><strong>aegre</strong></span> <span class='ocrx_word' id='word_1_461' title='bbox 2253 3290 2440 3336; x_wconf 90' lang='lat' dir='ltr'><strong>tamen</strong></span> <span class='ocrx_word' id='word_1_462' title='bbox 2488 3281 2657 3336; x_wconf 88' lang='lat' dir='ltr'><strong>cessit</strong></span> <span class='ocrx_word' id='word_1_463' title='bbox 2685 3283 2992 3338; x_wconf 86' lang='lat' dir='ltr'><strong>amicorum</strong></span> <span class='ocrx_word' id='word_1_464' title='bbox 3025 3283 3360 3348; x_wconf 89' lang='lat' dir='ltr'><strong>hortatibus,</strong></span> <span class='ocrx_word' id='word_1_465' title='bbox 3399 3298 3525 3338; x_wconf 91' lang='lat' dir='ltr'><strong>cum</strong></span> <span class='ocrx_word' id='word_1_466' title='bbox 3560 3299 3677 3337; x_wconf 86' lang='lat' dir='ltr'><strong>rem</strong></span> 
     </span>
    </p>
   </div>
   <div class='ocr_carea' id='block_1_38' title="bbox 417 3369 3680 3440">
    <p class='ocr_par' dir='ltr' id='par_1_38' title="bbox 417 3369 3680 3440">
     <span class='ocr_line' id='line_1_38' title="bbox 417 3369 3680 3440; baseline -0.001 -12"><span class='ocrx_word' id='word_1_467' title='bbox 417 3388 538 3428; x_wconf 90' lang='lat' dir='ltr'><strong>esse</strong></span> <span class='ocrx_word' id='word_1_468' title='bbox 581 3379 837 3426; x_wconf 87' lang='lat' dir='ltr'><strong>cerneret</strong></span> <span class='ocrx_word' id='word_1_469' title='bbox 863 3384 986 3440; x_wconf 52' lang='lat' dir='ltr'><strong>qua).</strong></span> <span class='ocrx_word' id='word_1_470' title='bbox 1021 3369 1313 3434; x_wconf 90' lang='lat' dir='ltr'><strong>librorum,</strong></span> <span class='ocrx_word' id='word_1_471' title='bbox 1349 3369 1558 3438; x_wconf 88' lang='lat' dir='ltr'><strong>quibus</strong></span> <span class='ocrx_word' id='word_1_472' title='bbox 1587 3371 1840 3434; x_wconf 87' lang='lat' dir='ltr'><strong>carebat,</strong></span> <span class='ocrx_word' id='word_1_473' title='bbox 1889 3369 2104 3440; x_wconf 77' lang='lat' dir='ltr'><strong>capiam</strong></span> <span class='ocrx_word' id='word_1_474' title='bbox 2139 3369 2463 3438; x_wconf 88' lang='lat' dir='ltr'><strong>postularet.</strong></span> <span class='ocrx_word' id='word_1_475' title='bbox 2498 3369 2570 3424; x_wconf 85' lang='lat' dir='ltr'><strong>At</strong></span> <span class='ocrx_word' id='word_1_476' title='bbox 2613 3371 2875 3426; x_wconf 87' lang='lat' dir='ltr'><strong>vellicare</strong></span> <span class='ocrx_word' id='word_1_477' title='bbox 2920 3370 2956 3424; x_wconf 91' lang='lat' dir='ltr'><strong>ii</strong></span> <span class='ocrx_word' id='word_1_478' title='bbox 3008 3385 3118 3424; x_wconf 90' lang='lat' dir='ltr'><strong>non</strong></span> <span class='ocrx_word' id='word_1_479' title='bbox 3156 3369 3314 3440; x_wconf 91' lang='lat' dir='ltr'><strong>prius</strong></span> <span class='ocrx_word' id='word_1_480' title='bbox 3342 3371 3680 3426; x_wconf 88' lang='lat' dir='ltr'><strong>destiterunt</strong></span> 
     </span>
    </p>
   </div>
   <div class='ocr_carea' id='block_1_39' title="bbox 417 3455 3678 3530">
    <p class='ocr_par' dir='ltr' id='par_1_39' title="bbox 417 3455 3678 3530">
     <span class='ocr_line' id='line_1_39' title="bbox 417 3455 3678 3530; baseline -0.001 -16"><span class='ocrx_word' id='word_1_481' title='bbox 417 3473 579 3530; x_wconf 89' lang='lat' dir='ltr'><strong>quam</strong></span> <span class='ocrx_word' id='word_1_482' title='bbox 611 3457 962 3527; x_wconf 89' lang='lat' dir='ltr'><strong>improbitate</strong></span> <span class='ocrx_word' id='word_1_483' title='bbox 978 3455 1298 3510; x_wconf 87' lang='lat' dir='ltr'><strong>stitnnlandi</strong></span> <span class='ocrx_word' id='word_1_484' title='bbox 1329 3457 1395 3510; x_wconf 88' lang='lat' dir='ltr'><strong>ad</strong></span> <span class='ocrx_word' id='word_1_485' title='bbox 1422 3456 1836 3526; x_wconf 87' lang='lat' dir='ltr'><strong>suscipiendum</strong></span> <span class='ocrx_word' id='word_1_486' title='bbox 1860 3457 2394 3527; x_wconf 83' lang='lat' dir='ltr'><strong>opusitnpulissent.</strong></span> <span class='ocrx_word' id='word_1_487' title='bbox 2423 3457 2614 3512; x_wconf 74' lang='lat' dir='ltr'><strong>Victus</strong></span> <span class='ocrx_word' id='word_1_488' title='bbox 2635 3458 2800 3529; x_wconf 87' lang='lat' dir='ltr'><strong>igitur</strong></span> <span class='ocrx_word' id='word_1_489' title='bbox 2831 3457 3182 3513; x_wconf 81' lang='lat' dir='ltr'><strong>familiarium</strong></span> <span class='ocrx_word' id='word_1_490' title='bbox 3221 3459 3678 3529; x_wconf 81' lang='lat' dir='ltr'><strong>flagitationibus,</strong></span> 
     </span>
    </p>
   </div>
   <div class='ocr_carea' id='block_1_40' title="bbox 418 3542 3679 3618">
    <p class='ocr_par' dir='ltr' id='par_1_40' title="bbox 418 3542 3679 3618">
     <span class='ocr_line' id='line_1_40' title="bbox 418 3542 3679 3618; baseline -0.001 -16"><span class='ocrx_word' id='word_1_491' title='bbox 418 3557 474 3602; x_wconf 90' lang='lat' dir='ltr'><strong>et</strong></span> <span class='ocrx_word' id='word_1_492' title='bbox 503 3561 671 3615; x_wconf 90' lang='lat' dir='ltr'><strong>supra</strong></span> <span class='ocrx_word' id='word_1_493' title='bbox 715 3544 898 3598; x_wconf 88' lang='lat' dir='ltr'><strong>allatis</strong></span> <span class='ocrx_word' id='word_1_494' title='bbox 923 3542 1200 3597; x_wconf 86' lang='lat' dir='ltr'><strong>adductus</strong></span> <span class='ocrx_word' id='word_1_495' title='bbox 1231 3543 1560 3604; x_wconf 87' lang='lat' dir='ltr'><strong>rationibus,</strong></span> <span class='ocrx_word' id='word_1_496' title='bbox 1589 3543 1657 3597; x_wconf 90' lang='lat' dir='ltr'><strong>ad</strong></span> <span class='ocrx_word' id='word_1_497' title='bbox 1689 3544 1934 3598; x_wconf 87' lang='lat' dir='ltr'><strong>Annales</strong></span> <span class='ocrx_word' id='word_1_498' title='bbox 1963 3544 2402 3600; x_wconf 78' lang='lat' dir='ltr'><strong>conscribendos</strong></span> <span class='ocrx_word' id='word_1_499' title='bbox 2443 3561 2504 3600; x_wconf 89' lang='lat' dir='ltr'><strong>se</strong></span> <span class='ocrx_word' id='word_1_500' title='bbox 2543 3547 2806 3612; x_wconf 82' lang='lat' dir='ltr'><strong>accinxit,</strong></span> <span class='ocrx_word' id='word_1_501' title='bbox 2839 3559 2965 3599; x_wconf 91' lang='lat' dir='ltr'><strong>cum</strong></span> <span class='ocrx_word' id='word_1_502' title='bbox 3017 3545 3071 3600; x_wconf 89' lang='lat' dir='ltr'><strong>in</strong></span> <span class='ocrx_word' id='word_1_503' title='bbox 3107 3546 3213 3600; x_wconf 89' lang='lat' dir='ltr'><strong>hoc</strong></span> <span class='ocrx_word' id='word_1_504' title='bbox 3243 3560 3465 3601; x_wconf 84' lang='lat' dir='ltr'><strong>secessu</strong></span> <span class='ocrx_word' id='word_1_505' title='bbox 3491 3563 3679 3618; x_wconf 86' lang='lat' dir='ltr'><strong>agens,</strong></span> 
     </span>
    </p>
   </div>
   <div class='ocr_carea' id='block_1_41' title="bbox 419 3630 3678 3702">
    <p class='ocr_par' dir='ltr' id='par_1_41' title="bbox 419 3630 3678 3702">
     <span class='ocr_line' id='line_1_41' title="bbox 419 3630 3678 3702; baseline -0.001 -13"><span class='ocrx_word' id='word_1_506' title='bbox 419 3634 514 3689; x_wconf 90' lang='lat' dir='ltr'><strong>ubi</strong></span> <span class='ocrx_word' id='word_1_507' title='bbox 546 3632 614 3688; x_wconf 89' lang='lat' dir='ltr'><strong>ad</strong></span> <span class='ocrx_word' id='word_1_508' title='bbox 641 3631 991 3687; x_wconf 88' lang='lat' dir='ltr'><strong>condendam</strong></span> <span class='ocrx_word' id='word_1_509' title='bbox 1027 3630 1314 3685; x_wconf 82' lang='lat' dir='ltr'><strong>historiam</strong></span> <span class='ocrx_word' id='word_1_510' title='bbox 1347 3631 1642 3685; x_wconf 88' lang='lat' dir='ltr'><strong>necessarii</strong></span> <span class='ocrx_word' id='word_1_511' title='bbox 1687 3630 1816 3684; x_wconf 86' lang='lat' dir='ltr'><strong>libri</strong></span> <span class='ocrx_word' id='word_1_512' title='bbox 1869 3646 1977 3684; x_wconf 91' lang='lat' dir='ltr'><strong>non</strong></span> <span class='ocrx_word' id='word_1_513' title='bbox 2011 3640 2392 3700; x_wconf 87' lang='lat' dir='ltr'><strong>suppeterent,</strong></span> <span class='ocrx_word' id='word_1_514' title='bbox 2441 3633 2486 3686; x_wconf 91' lang='lat' dir='ltr'><strong>si</strong></span> <span class='ocrx_word' id='word_1_515' title='bbox 2523 3649 2632 3688; x_wconf 89' lang='lat' dir='ltr'><strong>non</strong></span> <span class='ocrx_word' id='word_1_516' title='bbox 2664 3633 2850 3686; x_wconf 91' lang='lat' dir='ltr'><strong>omnia</strong></span> <span class='ocrx_word' id='word_1_517' title='bbox 2904 3632 3140 3687; x_wconf 88' lang='lat' dir='ltr'><strong>dicenda</strong></span> <span class='ocrx_word' id='word_1_518' title='bbox 3191 3633 3678 3702; x_wconf 80' lang='lat' dir='ltr'><strong>complecteretur,</strong></span> 
     </span>
    </p>
   </div>
   <div class='ocr_carea' id='block_1_42' title="bbox 419 3717 3681 3792">
    <p class='ocr_par' dir='ltr' id='par_1_42' title="bbox 419 3717 3681 3792">
     <span class='ocr_line' id='line_1_42' title="bbox 419 3717 3681 3792; baseline 0.001 -18"><span class='ocrx_word' id='word_1_519' title='bbox 419 3720 638 3776; x_wconf 79' lang='lat' dir='ltr'><strong>veniam</strong></span> <span class='ocrx_word' id='word_1_520' title='bbox 667 3735 700 3774; x_wconf 89' lang='lat' dir='ltr'><strong>a</strong></span> <span class='ocrx_word' id='word_1_521' title='bbox 735 3717 976 3788; x_wconf 83' lang='lat' dir='ltr'><strong>benigno</strong></span> <span class='ocrx_word' id='word_1_522' title='bbox 1003 3717 1209 3772; x_wconf 78' lang='lat' dir='ltr'><strong>lectam</strong></span> <span class='ocrx_word' id='word_1_523' title='bbox 1239 3733 1298 3774; x_wconf 86' lang='lat' dir='ltr'><strong>se</strong></span> <span class='ocrx_word' id='word_1_524' title='bbox 1328 3717 1751 3786; x_wconf 86' lang='lat' dir='ltr'><strong>impetraturum</strong></span> <span class='ocrx_word' id='word_1_525' title='bbox 1781 3718 1943 3772; x_wconf 85' lang='lat' dir='ltr'><strong>facile</strong></span> <span class='ocrx_word' id='word_1_526' title='bbox 1975 3717 2081 3772; x_wconf 83' lang='lat' dir='ltr'><strong>sibi</strong></span> <span class='ocrx_word' id='word_1_527' title='bbox 2118 3721 2498 3789; x_wconf 88' lang='lat' dir='ltr'><strong>persuaderet.</strong></span> <span class='ocrx_word' id='word_1_528' title='bbox 2536 3721 2596 3776; x_wconf 85' lang='grc' dir='ltr'>ιη</span> <span class='ocrx_word' id='word_1_529' title='bbox 2641 3738 2750 3792; x_wconf 86' lang='lat' dir='ltr'><strong>qua</strong></span> <span class='ocrx_word' id='word_1_530' title='bbox 2791 3723 3131 3792; x_wconf 59' lang='lat' dir='ltr'><strong>ceteroquin</strong></span> <span class='ocrx_word' id='word_1_531' title='bbox 3163 3722 3570 3776; x_wconf 84' lang='lat' dir='ltr'><strong>conscribenda</strong></span> <span class='ocrx_word' id='word_1_532' title='bbox 3604 3723 3681 3778; x_wconf 88' lang='lat' dir='ltr'><strong>ita</strong></span> 
     </span>
    </p>
   </div>
   <div class='ocr_carea' id='block_1_43' title="bbox 418 3805 3684 3880">
    <p class='ocr_par' dir='ltr' id='par_1_43' title="bbox 418 3805 3684 3880">
     <span class='ocr_line' id='line_1_43' title="bbox 418 3805 3684 3880; baseline -0 -16"><span class='ocrx_word' id='word_1_533' title='bbox 418 3819 502 3866; x_wconf 86' lang='lat' dir='ltr'><strong>est</strong></span> <span class='ocrx_word' id='word_1_534' title='bbox 529 3817 798 3864; x_wconf 83' lang='lat' dir='ltr'><strong>versatus.</strong></span> <span class='ocrx_word' id='word_1_535' title='bbox 835 3817 896 3860; x_wconf 93' lang='lat' dir='ltr'><strong>ut</strong></span> <span class='ocrx_word' id='word_1_536' title='bbox 921 3805 1200 3876; x_wconf 53' lang='lat' dir='ltr'><strong>praecipua</strong></span> <span class='ocrx_word' id='word_1_537' title='bbox 1220 3813 1277 3860; x_wconf 90' lang='lat' dir='ltr'><strong>et</strong></span> <span class='ocrx_word' id='word_1_538' title='bbox 1306 3822 1428 3874; x_wconf 66' lang='lat' dir='ltr'><strong>quae</strong></span> <span class='ocrx_word' id='word_1_539' title='bbox 1451 3805 1686 3876; x_wconf 79' lang='lat' dir='ltr'><strong>alicujus</strong></span> <span class='ocrx_word' id='word_1_540' title='bbox 1709 3806 2036 3861; x_wconf 87' lang='lat' dir='ltr'><strong>viderentur</strong></span> <span class='ocrx_word' id='word_1_541' title='bbox 2066 3808 2336 3862; x_wconf 88' lang='lat' dir='ltr'><strong>momenti</strong></span> <span class='ocrx_word' id='word_1_542' title='bbox 2361 3825 2472 3863; x_wconf 90' lang='lat' dir='ltr'><strong>non</strong></span> <span class='ocrx_word' id='word_1_543' title='bbox 2499 3809 2774 3874; x_wconf 87' lang='lat' dir='ltr'><strong>omiserit,</strong></span> <span class='ocrx_word' id='word_1_544' title='bbox 2799 3828 2817 3860; x_wconf 80' lang='grc' dir='ltr'><strong>ι</strong></span> <span class='ocrx_word' id='word_1_545' title='bbox 2850 3825 3025 3880; x_wconf 90' lang='lat' dir='ltr'><strong>eaque</strong></span> <span class='ocrx_word' id='word_1_546' title='bbox 3056 3811 3110 3864; x_wconf 92' lang='lat' dir='ltr'><strong>in</strong></span> <span class='ocrx_word' id='word_1_547' title='bbox 3135 3811 3414 3880; x_wconf 88' lang='lat' dir='ltr'><strong>epitomen</strong></span> <span class='ocrx_word' id='word_1_548' title='bbox 3439 3811 3684 3879; x_wconf 82' lang='lat' dir='ltr'><strong>coegerit</strong></span> 
     </span>
    </p>
   </div>
   <div class='ocr_carea' id='block_1_44' title="bbox 421 3893 3668 3966">
    <p class='ocr_par' dir='ltr' id='par_1_44' title="bbox 421 3893 3668 3966">
     <span class='ocr_line' id='line_1_44' title="bbox 421 3893 3668 3966; baseline 0 -16"><span class='ocrx_word' id='word_1_549' title='bbox 421 3901 576 3953; x_wconf 81' lang='lat' dir='ltr'><strong>tanta</strong></span> <span class='ocrx_word' id='word_1_550' title='bbox 603 3894 893 3965; x_wconf 79' lang='lat' dir='ltr'><strong>elegantia,</strong></span> <span class='ocrx_word' id='word_1_551' title='bbox 928 3894 1080 3949; x_wconf 78' lang='lat' dir='ltr'><strong>salus</strong></span> <span class='ocrx_word' id='word_1_552' title='bbox 1105 3903 1166 3948; x_wconf 88' lang='lat' dir='ltr'><strong>ut</strong></span> <span class='ocrx_word' id='word_1_553' title='bbox 1193 3893 1446 3948; x_wconf 81' lang='lat' dir='ltr'><strong>videatur</strong></span> <span class='ocrx_word' id='word_1_554' title='bbox 1490 3905 1784 3950; x_wconf 86' lang='lat' dir='ltr'><strong>assecutus</strong></span> <span class='ocrx_word' id='word_1_555' title='bbox 1814 3895 1965 3966; x_wconf 86' lang='lat' dir='ltr'><strong>quod</strong></span> <span class='ocrx_word' id='word_1_556' title='bbox 2012 3905 2210 3950; x_wconf 90' lang='lat' dir='ltr'><strong>contra</strong></span> <span class='ocrx_word' id='word_1_557' title='bbox 2241 3913 2428 3952; x_wconf 89' lang='lat' dir='ltr'><strong>rerum</strong></span> <span class='ocrx_word' id='word_1_558' title='bbox 2465 3909 2725 3952; x_wconf 87' lang='lat' dir='ltr'><strong>naturam</strong></span> <span class='ocrx_word' id='word_1_559' title='bbox 2755 3908 2860 3962; x_wconf 91' lang='lat' dir='ltr'><strong>est,</strong></span> <span class='ocrx_word' id='word_1_560' title='bbox 2895 3897 3142 3952; x_wconf 88' lang='lat' dir='ltr'><strong>brevitas</strong></span> <span class='ocrx_word' id='word_1_561' title='bbox 3180 3909 3242 3951; x_wconf 91' lang='lat' dir='ltr'><strong>ut</strong></span> <span class='ocrx_word' id='word_1_562' title='bbox 3281 3898 3522 3952; x_wconf 91' lang='lat' dir='ltr'><strong>obseura</strong></span> <span class='ocrx_word' id='word_1_563' title='bbox 3554 3912 3668 3950; x_wconf 89' lang='lat' dir='ltr'><strong>non</strong></span> 
     </span>
    </p>
   </div>
   <div class='ocr_carea' id='block_1_45' title="bbox 417 3980 3677 4054">
    <p class='ocr_par' dir='ltr' id='par_1_45' title="bbox 417 3980 3677 4054">
     <span class='ocr_line' id='line_1_45' title="bbox 417 3980 3677 4054; baseline -0.001 -14"><span class='ocrx_word' id='word_1_564' title='bbox 417 3992 602 4046; x_wconf 83' lang='lat' dir='ltr'><strong>esset;</strong></span> <span class='ocrx_word' id='word_1_565' title='bbox 637 4001 656 4034; x_wconf 73' lang='grc' dir='ltr'><strong>ι</strong></span> <span class='ocrx_word' id='word_1_566' title='bbox 693 3981 844 4052; x_wconf 89' lang='lat' dir='ltr'><strong>quod</strong></span> <span class='ocrx_word' id='word_1_567' title='bbox 875 3980 946 4036; x_wconf 88' lang='lat' dir='ltr'><strong>de</strong></span> <span class='ocrx_word' id='word_1_568' title='bbox 973 3981 1176 4036; x_wconf 81' lang='lat' dir='ltr'><strong>Pontio</strong></span> <span class='ocrx_word' id='word_1_569' title='bbox 1205 3982 1458 4044; x_wconf 80' lang='lat' dir='ltr'><strong>Paulino,</strong></span> <span class='ocrx_word' id='word_1_570' title='bbox 1485 3982 1581 4050; x_wconf 90' lang='lat' dir='ltr'><strong>qui</strong></span> <span class='ocrx_word' id='word_1_571' title='bbox 1615 3990 1729 4037; x_wconf 86' lang='lat' dir='ltr'><strong>tres</strong></span> <span class='ocrx_word' id='word_1_572' title='bbox 1771 3982 2028 4038; x_wconf 89' lang='lat' dir='ltr'><strong>Suetonii</strong></span> <span class='ocrx_word' id='word_1_573' title='bbox 2056 3983 2234 4039; x_wconf 90' lang='lat' dir='ltr'><strong>libros</strong></span> <span class='ocrx_word' id='word_1_574' title='bbox 2262 3984 2332 4039; x_wconf 89' lang='lat' dir='ltr'><strong>de</strong></span> <span class='ocrx_word' id='word_1_575' title='bbox 2359 3985 2605 4054; x_wconf 80' lang='lat' dir='ltr'><strong>Regibus</strong></span> <span class='ocrx_word' id='word_1_576' title='bbox 2653 3985 2708 4039; x_wconf 91' lang='lat' dir='ltr'><strong>in</strong></span> <span class='ocrx_word' id='word_1_577' title='bbox 2739 3986 3128 4054; x_wconf 86' lang='lat' dir='ltr'><strong>compendium</strong></span> <span class='ocrx_word' id='word_1_578' title='bbox 3183 3985 3490 4052; x_wconf 88' lang='lat' dir='ltr'><strong>redegerat,</strong></span> <span class='ocrx_word' id='word_1_579' title='bbox 3532 3984 3677 4038; x_wconf 78' lang='lat' dir='ltr'><strong>dixit</strong></span> 
     </span>
    </p>
   </div>
   <div class='ocr_carea' id='block_1_46' title="bbox 425 4068 3684 4142">
    <p class='ocr_par' dir='ltr' id='par_1_46' title="bbox 425 4068 3684 4142">
     <span class='ocr_line' id='line_1_46' title="bbox 425 4068 3684 4142; baseline -0.001 -16"><span class='ocrx_word' id='word_1_580' title='bbox 425 4070 707 4127; x_wconf 70' lang='lat' dir='ltr'><strong>Ausonius</strong></span> <span class='ocrx_word' id='word_1_581' title='bbox 731 4070 831 4142; x_wconf 71' lang='lat' dir='ltr'><strong>t9).</strong></span> <span class='ocrx_word' id='word_1_582' title='bbox 859 4069 1093 4136; x_wconf 84' lang='lat' dir='ltr'><strong>Quidam</strong></span> <span class='ocrx_word' id='word_1_583' title='bbox 1128 4068 1278 4124; x_wconf 88' lang='lat' dir='ltr'><strong>enim</strong></span> <span class='ocrx_word' id='word_1_584' title='bbox 1309 4079 1461 4134; x_wconf 81' lang='lat' dir='ltr'><strong>sunt,</strong></span> <span class='ocrx_word' id='word_1_585' title='bbox 1493 4080 1556 4124; x_wconf 88' lang='lat' dir='ltr'><strong>ut</strong></span> <span class='ocrx_word' id='word_1_586' title='bbox 1594 4070 1780 4126; x_wconf 86' lang='lat' dir='ltr'><strong>aiebat</strong></span> <span class='ocrx_word' id='word_1_587' title='bbox 1811 4071 1986 4126; x_wconf 84' lang='lat' dir='ltr'><strong>Focas</strong></span> <span class='ocrx_word' id='word_1_588' title='bbox 2013 4069 2440 4137; x_wconf 85' lang='lat' dir='ltr'><strong>Grammaticus,</strong></span> <span class='ocrx_word' id='word_1_589' title='bbox 2467 4072 2561 4138; x_wconf 89' lang='lat' dir='ltr'><strong>qui</strong></span> <span class='ocrx_word' id='word_1_590' title='bbox 2608 4071 2718 4124; x_wconf 88' lang='lat' dir='ltr'><strong>late</strong></span> <span class='ocrx_word' id='word_1_591' title='bbox 2759 4073 3098 4140; x_wconf 87' lang='lat' dir='ltr'><strong>copioseque</strong></span> <span class='ocrx_word' id='word_1_592' title='bbox 3124 4069 3490 4139; x_wconf 85' lang='lat' dir='ltr'><strong>scripserunt,</strong></span> <span class='ocrx_word' id='word_1_593' title='bbox 3521 4069 3594 4123; x_wconf 90' lang='lat' dir='ltr'><strong>ita</strong></span> <span class='ocrx_word' id='word_1_594' title='bbox 3621 4081 3684 4124; x_wconf 89' lang='lat' dir='ltr'><strong>ut</strong></span> 
     </span>
    </p>
   </div>
   <div class='ocr_carea' id='block_1_47' title="bbox 422 4155 3681 4230">
    <p class='ocr_par' dir='ltr' id='par_1_47' title="bbox 422 4155 3681 4230">
     <span class='ocr_line' id='line_1_47' title="bbox 422 4155 3681 4230; baseline -0.001 -16"><span class='ocrx_word' id='word_1_595' title='bbox 422 4159 702 4230; x_wconf 81' lang='lat' dir='ltr'><strong>superﬂua</strong></span> <span class='ocrx_word' id='word_1_596' title='bbox 734 4156 1016 4212; x_wconf 87' lang='lat' dir='ltr'><strong>interdum</strong></span> <span class='ocrx_word' id='word_1_597' title='bbox 1062 4156 1319 4210; x_wconf 84' lang='lat' dir='ltr'><strong>ubertate</strong></span> <span class='ocrx_word' id='word_1_598' title='bbox 1373 4157 1710 4212; x_wconf 82' lang='lat' dir='ltr'><strong>narrationis</strong></span> <span class='ocrx_word' id='word_1_599' title='bbox 1748 4159 2016 4213; x_wconf 84' lang='lat' dir='ltr'><strong>memoria</strong></span> <span class='ocrx_word' id='word_1_600' title='bbox 2057 4157 2358 4229; x_wconf 87' lang='lat' dir='ltr'><strong>legentium</strong></span> <span class='ocrx_word' id='word_1_601' title='bbox 2393 4157 2767 4211; x_wconf 84' lang='lat' dir='ltr'><strong>confundatur</strong></span> <span class='ocrx_word' id='word_1_602' title='bbox 2795 4174 2810 4210; x_wconf 90' lang='lat'><strong>:</strong></span> <span class='ocrx_word' id='word_1_603' title='bbox 2839 4158 2956 4219; x_wconf 92' lang='lat' dir='ltr'><strong>alii,</strong></span> <span class='ocrx_word' id='word_1_604' title='bbox 2985 4162 3116 4211; x_wconf 89' lang='lat' dir='ltr'><strong>dum</strong></span> <span class='ocrx_word' id='word_1_605' title='bbox 3143 4157 3398 4211; x_wconf 86' lang='lat' dir='ltr'><strong>brevitati</strong></span> <span class='ocrx_word' id='word_1_606' title='bbox 3431 4155 3681 4224; x_wconf 87' lang='lat' dir='ltr'><strong>student,</strong></span> 
     </span>
    </p>
   </div>
   <div class='ocr_carea' id='block_1_48' title="bbox 421 4243 3685 4316">
    <p class='ocr_par' dir='ltr' id='par_1_48' title="bbox 421 4243 3685 4316">
     <span class='ocr_line' id='line_1_48' title="bbox 421 4243 3685 4316; baseline 0 -16"><span class='ocrx_word' id='word_1_607' title='bbox 421 4247 722 4302; x_wconf 83' lang='lat' dir='ltr'><strong>admodum</strong></span> <span class='ocrx_word' id='word_1_608' title='bbox 751 4243 1013 4299; x_wconf 79' lang='lat' dir='ltr'><strong>dilfusam</strong></span> <span class='ocrx_word' id='word_1_609' title='bbox 1041 4251 1322 4298; x_wconf 80' lang='lat' dir='ltr'><strong>coartasse</strong></span> <span class='ocrx_word' id='word_1_610' title='bbox 1351 4245 1662 4308; x_wconf 85' lang='lat' dir='ltr'><strong>materiam,</strong></span> <span class='ocrx_word' id='word_1_611' title='bbox 1719 4256 1780 4299; x_wconf 91' lang='lat' dir='ltr'><strong>ut</strong></span> <span class='ocrx_word' id='word_1_612' title='bbox 1829 4246 2006 4300; x_wconf 90' lang='lat' dir='ltr'><strong>sterili</strong></span> <span class='ocrx_word' id='word_1_613' title='bbox 2034 4246 2364 4316; x_wconf 81' lang='lat' dir='ltr'><strong>compendio</strong></span> <span class='ocrx_word' id='word_1_614' title='bbox 2411 4245 2549 4298; x_wconf 89' lang='lat' dir='ltr'><strong>nihil</strong></span> <span class='ocrx_word' id='word_1_615' title='bbox 2595 4245 2663 4299; x_wconf 88' lang='lat' dir='ltr'><strong>ad</strong></span> <span class='ocrx_word' id='word_1_616' title='bbox 2719 4245 2990 4316; x_wconf 84' lang='lat' dir='ltr'><strong>integram</strong></span> <span class='ocrx_word' id='word_1_617' title='bbox 3031 4245 3322 4300; x_wconf 86' lang='lat' dir='ltr'><strong>scientiam</strong></span> <span class='ocrx_word' id='word_1_618' title='bbox 3375 4246 3685 4301; x_wconf 86' lang='lat' dir='ltr'><strong>lectoribus</strong></span> 
     </span>
    </p>
   </div>
   <div class='ocr_carea' id='block_1_49' title="bbox 423 4329 3688 4406">
    <p class='ocr_par' dir='ltr' id='par_1_49' title="bbox 423 4329 3688 4406">
     <span class='ocr_line' id='line_1_49' title="bbox 423 4329 3688 4406; baseline 0 -17"><span class='ocrx_word' id='word_1_619' title='bbox 423 4335 738 4389; x_wconf 84' lang='lat' dir='ltr'><strong>conferant.</strong></span> <span class='ocrx_word' id='word_1_620' title='bbox 771 4331 962 4400; x_wconf 82' lang='lat' dir='ltr'><strong>Neque</strong></span> <span class='ocrx_word' id='word_1_621' title='bbox 1007 4341 1190 4386; x_wconf 85' lang='lat' dir='ltr'><strong>tamen</strong></span> <span class='ocrx_word' id='word_1_622' title='bbox 1234 4329 1342 4386; x_wconf 89' lang='lat' dir='ltr'><strong>sibi</strong></span> <span class='ocrx_word' id='word_1_623' title='bbox 1394 4329 1496 4400; x_wconf 85' lang='lat' dir='ltr'><strong>ipsi</strong></span> <span class='ocrx_word' id='word_1_624' title='bbox 1538 4331 1803 4388; x_wconf 84' lang='lat' dir='ltr'><strong>satisfecit</strong></span> <span class='ocrx_word' id='word_1_625' title='bbox 1836 4334 2092 4398; x_wconf 84' lang='lat' dir='ltr'><strong>omnino,</strong></span> <span class='ocrx_word' id='word_1_626' title='bbox 2131 4349 2256 4389; x_wconf 89' lang='lat' dir='ltr'><strong>eum</strong></span> <span class='ocrx_word' id='word_1_627' title='bbox 2285 4333 2488 4406; x_wconf 87' lang='lat' dir='ltr'><strong>quibus</strong></span> <span class='ocrx_word' id='word_1_628' title='bbox 2523 4333 2591 4386; x_wconf 89' lang='lat' dir='ltr'><strong>ad</strong></span> <span class='ocrx_word' id='word_1_629' title='bbox 2631 4333 2818 4403; x_wconf 81' lang='lat' dir='ltr'><strong>operis</strong></span> <span class='ocrx_word' id='word_1_630' title='bbox 2850 4333 2999 4402; x_wconf 83' lang='lat' dir='ltr'><strong>quod</strong></span> <span class='ocrx_word' id='word_1_631' title='bbox 3049 4335 3106 4388; x_wconf 93' lang='lat' dir='ltr'><strong>in</strong></span> <span class='ocrx_word' id='word_1_632' title='bbox 3149 4348 3347 4389; x_wconf 89' lang='lat' dir='ltr'><strong>manus</strong></span> <span class='ocrx_word' id='word_1_633' title='bbox 3373 4346 3688 4404; x_wconf 87' lang='lat' dir='ltr'><strong>sumpserat</strong></span> 
     </span>
    </p>
   </div>
   <div class='ocr_carea' id='block_1_50' title="bbox 421 4417 3686 4494">
    <p class='ocr_par' dir='ltr' id='par_1_50' title="bbox 421 4417 3686 4494">
     <span class='ocr_line' id='line_1_50' title="bbox 421 4417 3686 4494; baseline 0.001 -18"><span class='ocrx_word' id='word_1_634' title='bbox 421 4420 832 4478; x_wconf 82' lang='lat' dir='ltr'><strong>absolutionem</strong></span> <span class='ocrx_word' id='word_1_635' title='bbox 861 4432 1090 4474; x_wconf 80' lang='lat' dir='ltr'><strong>necesse</strong></span> <span class='ocrx_word' id='word_1_636' title='bbox 1115 4429 1236 4472; x_wconf 86' lang='lat' dir='ltr'><strong>erat</strong></span> <span class='ocrx_word' id='word_1_637' title='bbox 1256 4417 1548 4474; x_wconf 87' lang='lat' dir='ltr'><strong>codicibus</strong></span> <span class='ocrx_word' id='word_1_638' title='bbox 1575 4435 1818 4492; x_wconf 85' lang='lat' dir='ltr'><strong>persaepe</strong></span> <span class='ocrx_word' id='word_1_639' title='bbox 1839 4431 2078 4484; x_wconf 88' lang='lat' dir='ltr'><strong>careret,</strong></span> <span class='ocrx_word' id='word_1_640' title='bbox 2097 4437 2382 4488; x_wconf 85' lang='lat' dir='ltr'><strong>quoscum</strong></span> <span class='ocrx_word' id='word_1_641' title='bbox 2407 4420 2612 4490; x_wconf 60' lang='lat' dir='ltr'><strong>sapius</strong></span> <span class='ocrx_word' id='word_1_642' title='bbox 2641 4423 2948 4490; x_wconf 63' lang='lat' dir='ltr'><strong>quaesisset,</strong></span> <span class='ocrx_word' id='word_1_643' title='bbox 2975 4423 3222 4492; x_wconf 89' lang='lat' dir='ltr'><strong>reperire</strong></span> <span class='ocrx_word' id='word_1_644' title='bbox 3260 4439 3371 4478; x_wconf 88' lang='lat' dir='ltr'><strong>non</strong></span> <span class='ocrx_word' id='word_1_645' title='bbox 3403 4437 3686 4494; x_wconf 87' lang='lat' dir='ltr'><strong>potuerat,</strong></span> 
     </span>
    </p>
   </div>
   <div class='ocr_carea' id='block_1_51' title="bbox 423 4504 3684 4587">
    <p class='ocr_par' dir='ltr' id='par_1_51' title="bbox 423 4504 3684 4587">
     <span class='ocr_line' id='line_1_51' title="bbox 423 4504 3684 4587; baseline 0.002 -25"><span class='ocrx_word' id='word_1_646' title='bbox 423 4522 524 4562; x_wconf 83' lang='lat' dir='ltr'><strong>seu</strong></span> <span class='ocrx_word' id='word_1_647' title='bbox 553 4515 862 4577; x_wconf 87' lang='lat' dir='ltr'><strong>temporum</strong></span> <span class='ocrx_word' id='word_1_648' title='bbox 891 4504 1098 4576; x_wconf 72' lang='lat' dir='ltr'><strong>iniuria</strong></span> <span class='ocrx_word' id='word_1_649' title='bbox 1121 4515 1309 4560; x_wconf 83' lang='lat' dir='ltr'><strong>essent</strong></span> <span class='ocrx_word' id='word_1_650' title='bbox 1337 4505 1550 4574; x_wconf 86' lang='lat' dir='ltr'><strong>amissi,</strong></span> <span class='ocrx_word' id='word_1_651' title='bbox 1587 4522 1688 4564; x_wconf 81' lang='lat' dir='ltr'><strong>seu</strong></span> <span class='ocrx_word' id='word_1_652' title='bbox 1725 4509 2098 4580; x_wconf 86' lang='lat' dir='ltr'><strong>negligentius</strong></span> <span class='ocrx_word' id='word_1_653' title='bbox 2126 4509 2196 4562; x_wconf 90' lang='lat' dir='ltr'><strong>ab</strong></span> <span class='ocrx_word' id='word_1_654' title='bbox 2244 4509 2315 4562; x_wconf 89' lang='lat' dir='ltr'><strong>iis</strong></span> <span class='ocrx_word' id='word_1_655' title='bbox 2359 4507 2614 4576; x_wconf 87' lang='lat' dir='ltr'><strong>inquisiti</strong></span> <span class='ocrx_word' id='word_1_656' title='bbox 2643 4509 2856 4578; x_wconf 86' lang='lat' dir='ltr'><strong>quibus</strong></span> <span class='ocrx_word' id='word_1_657' title='bbox 2899 4509 2958 4564; x_wconf 87' lang='lat' dir='ltr'><strong>id</strong></span> <span class='ocrx_word' id='word_1_658' title='bbox 3016 4510 3224 4580; x_wconf 83' lang='lat' dir='ltr'><strong>negotii</strong></span> <span class='ocrx_word' id='word_1_659' title='bbox 3273 4511 3506 4566; x_wconf 88' lang='lat' dir='ltr'><strong>dederat</strong></span> <span class='ocrx_word' id='word_1_660' title='bbox 3545 4516 3684 4587; x_wconf 72' lang='grc' dir='ltr'><strong>μυ),</strong></span> 
     </span>
    </p>
   </div>
   <div class='ocr_carea' id='block_1_52' title="bbox 497 4701 2006 4790">
    <p class='ocr_par' dir='ltr' id='par_1_52' title="bbox 497 4701 2006 4790">
     <span class='ocr_line' id='line_1_52' title="bbox 497 4701 2006 4790; baseline 0.002 -32"><span class='ocrx_word' id='word_1_661' title='bbox 497 4704 578 4790; x_wconf 47' lang='grc' dir='ltr'><strong>(ᾖ)</strong></span> <span class='ocrx_word' id='word_1_662' title='bbox 617 4704 889 4790; x_wconf 57' lang='grc' dir='ltr'>ᾼιιριιξηι.</span> <span class='ocrx_word' id='word_1_663' title='bbox 916 4701 1238 4790; x_wconf 65' lang='grc' dir='ltr'><strong>Ι(ὶθιιιὶιιιιίίθιξ.</strong></span> <span class='ocrx_word' id='word_1_664' title='bbox 1274 4703 1331 4758; x_wconf 91' lang='lat' dir='ltr'><strong>in</strong></span> <span class='ocrx_word' id='word_1_665' title='bbox 1383 4703 1822 4778; x_wconf 80' lang='lat' dir='ltr'><strong>Porphyrogen.,</strong></span> <span class='ocrx_word' id='word_1_666' title='bbox 1857 4722 1913 4762; x_wconf 93' lang='lat' dir='ltr'><strong>n.</strong></span> <span class='ocrx_word' id='word_1_667' title='bbox 1953 4707 2006 4763; x_wconf 84' lang='lat'><strong>8.</strong></span> 
     </span>
    </p>
   </div>
   <div class='ocr_carea' id='block_1_53' title="bbox 429 4771 1171 4916">
    <p class='ocr_par' dir='ltr' id='par_1_53' title="bbox 429 4771 1171 4916">
     <span class='ocr_line' id='line_1_53' title="bbox 429 4771 928 4849; baseline -0.002 -20"><span class='ocrx_word' id='word_1_668' title='bbox 429 4771 665 4849; x_wconf 65' lang='grc' dir='ltr'><strong>[Ράιιθοι.</strong></span> <span class='ocrx_word' id='word_1_669' title='bbox 698 4785 738 4830; x_wconf 90' lang='lat' dir='ltr'><strong>t.</strong></span> <span class='ocrx_word' id='word_1_670' title='bbox 763 4771 928 4844; x_wconf 68' lang='lat' dir='ltr'><strong>CIXJ</strong></span> 
     </span>
     <span class='ocr_line' id='line_1_54' title="bbox 500 4842 1171 4916; baseline 0.003 -18"><span class='ocrx_word' id='word_1_671' title='bbox 500 4845 580 4916; x_wconf 60' lang='grc' dir='ltr'><strong>(ἦ)</strong></span> <span class='ocrx_word' id='word_1_672' title='bbox 615 4845 697 4916; x_wconf 78' lang='lat' dir='ltr'><strong>Ad</strong></span> <span class='ocrx_word' id='word_1_673' title='bbox 733 4859 858 4916; x_wconf 81' lang='lat' dir='ltr'><strong>can.</strong></span> <span class='ocrx_word' id='word_1_674' title='bbox 883 4845 950 4897; x_wconf 73' lang='lat'><strong>56</strong></span> <span class='ocrx_word' id='word_1_675' title='bbox 977 4842 1171 4914; x_wconf 83' lang='lat' dir='ltr'><strong>Apost.</strong></span> 
     </span>
    </p>
   </div>
   <div class='ocr_carea' id='block_1_54' title="bbox 503 4910 1072 4986">
    <p class='ocr_par' dir='ltr' id='par_1_54' title="bbox 503 4910 1072 4986">
     <span class='ocr_line' id='line_1_55' title="bbox 503 4910 1072 4986; baseline 0.002 -18"><span class='ocrx_word' id='word_1_676' title='bbox 503 4910 582 4986; x_wconf 72' lang='grc'><strong>(4)</strong></span> <span class='ocrx_word' id='word_1_677' title='bbox 619 4915 803 4986; x_wconf 43' lang='lat' dir='ltr'><strong>Lit:ng</strong></span> <span class='ocrx_word' id='word_1_678' title='bbox 831 4929 954 4984; x_wconf 83' lang='lat' dir='ltr'><strong>cap.</strong></span> <span class='ocrx_word' id='word_1_679' title='bbox 983 4910 1072 4986; x_wconf 72' lang='lat' dir='ltr'><strong>li.</strong></span> 
     </span>
    </p>
   </div>
   <div class='ocr_carea' id='block_1_55' title="bbox 503 4981 1298 5056">
    <p class='ocr_par' dir='ltr' id='par_1_55' title="bbox 503 4981 1298 5056">
     <span class='ocr_line' id='line_1_56' title="bbox 503 4981 1298 5056; baseline 0.001 -19"><span class='ocrx_word' id='word_1_680' title='bbox 503 4981 581 5056; x_wconf 73' lang='grc' dir='ltr'><strong>(ὸ)</strong></span> <span class='ocrx_word' id='word_1_681' title='bbox 620 4985 678 5056; x_wconf 85' lang='lat' dir='ltr'><strong>I_u</strong></span> <span class='ocrx_word' id='word_1_682' title='bbox 699 4981 877 5039; x_wconf 86' lang='lat' dir='ltr'><strong>Gloss.</strong></span> <span class='ocrx_word' id='word_1_683' title='bbox 899 4981 1044 5056; x_wconf 76' lang='lat' dir='ltr'><strong>med.</strong></span> <span class='ocrx_word' id='word_1_684' title='bbox 1075 4983 1298 5040; x_wconf 65' lang='lat' dir='ltr'><strong>Graecit.</strong></span> 
     </span>
    </p>
   </div>
   <div class='ocr_carea' id='block_1_56' title="bbox 503 5053 1452 5127">
    <p class='ocr_par' dir='ltr' id='par_1_56' title="bbox 503 5053 1452 5127">
     <span class='ocr_line' id='line_1_57' title="bbox 503 5053 1452 5127; baseline 0.001 -17"><span class='ocrx_word' id='word_1_685' title='bbox 503 5053 580 5127; x_wconf 82' lang='grc'><strong>(6)</strong></span> <span class='ocrx_word' id='word_1_686' title='bbox 615 5053 772 5127; x_wconf 54' lang='lat' dir='ltr'><strong>Qra}.</strong></span> <span class='ocrx_word' id='word_1_687' title='bbox 801 5058 866 5110; x_wconf 77' lang='grc'><strong>18</strong></span> <span class='ocrx_word' id='word_1_688' title='bbox 897 5055 952 5127; x_wconf 83' lang='lat' dir='ltr'><strong>in</strong></span> <span class='ocrx_word' id='word_1_689' title='bbox 987 5053 1044 5110; x_wconf 87' lang='lat' dir='ltr'><strong>S.</strong></span> <span class='ocrx_word' id='word_1_690' title='bbox 1077 5055 1334 5127; x_wconf 68' lang='lat' dir='ltr'><strong>tiyprian.</strong></span> <span class='ocrx_word' id='word_1_691' title='bbox 1443 5089 1452 5097; x_wconf 83' lang='lat'><strong>-</strong></span> 
     </span>
    </p>
   </div>
   <div class='ocr_carea' id='block_1_57' title="bbox 501 5123 2008 5252">
    <p class='ocr_par' dir='ltr' id='par_1_57' title="bbox 501 5123 2008 5252">
     <span class='ocr_line' id='line_1_58' title="bbox 501 5123 2008 5196; baseline 0.001 -16"><span class='ocrx_word' id='word_1_692' title='bbox 501 5123 578 5196; x_wconf 75' lang='grc' dir='ltr'><strong>(Ἰ)</strong></span> <span class='ocrx_word' id='word_1_693' title='bbox 615 5124 695 5179; x_wconf 81' lang='lat' dir='ltr'><strong>En</strong></span> <span class='ocrx_word' id='word_1_694' title='bbox 713 5123 946 5180; x_wconf 89' lang='lat' dir='ltr'><strong>&#39;l&#39;bcvcti</strong></span> <span class='ocrx_word' id='word_1_695' title='bbox 973 5123 1138 5180; x_wconf 78' lang='lat' dir='ltr'><strong>verba</strong></span> <span class='ocrx_word' id='word_1_696' title='bbox 1160 5123 1214 5178; x_wconf 86' lang='lat' dir='ltr'><strong>in</strong></span> <span class='ocrx_word' id='word_1_697' title='bbox 1241 5124 1542 5178; x_wconf 65' lang='lat' dir='ltr'><strong>Pota-trait:</strong></span> <span class='ocrx_word' id='word_1_698' title='bbox 1557 5133 1606 5178; x_wconf 84' lang='lat' dir='ltr'><strong>et</strong></span> <span class='ocrx_word' id='word_1_699' title='bbox 1626 5125 1732 5180; x_wconf 66' lang='lat' dir='ltr'><strong>sies</strong></span> <span class='ocrx_word' id='word_1_700' title='bbox 1755 5127 1844 5180; x_wconf 66' lang='lat' dir='ltr'><strong>de:</strong></span> <span class='ocrx_word' id='word_1_701' title='bbox 1859 5125 2008 5182; x_wconf 80' lang='lat' dir='ltr'><strong>hem-</strong></span> 
     </span>
     <span class='ocr_line' id='line_1_59' title="bbox 501 5194 2004 5252; baseline 0.001 -2"><span class='ocrx_word' id='word_1_702' title='bbox 501 5213 541 5250; x_wconf 72' lang='lat' dir='ltr'><strong>es</strong></span> <span class='ocrx_word' id='word_1_703' title='bbox 569 5195 821 5252; x_wconf 79' lang='lat' dir='ltr'><strong>illustres.</strong></span> <span class='ocrx_word' id='word_1_704' title='bbox 852 5195 1026 5252; x_wconf 86' lang='lat' dir='ltr'><strong>Paris.</strong></span> <span class='ocrx_word' id='word_1_705' title='bbox 1055 5194 1214 5252; x_wconf 70' lang='grc'><strong>1584.</strong></span> <span class='ocrx_word' id='word_1_706' title='bbox 1249 5194 1460 5252; x_wconf 89' lang='lat' dir='ltr'><strong>in-fol..</strong></span> <span class='ocrx_word' id='word_1_707' title='bbox 1506 5196 1548 5252; x_wconf 86' lang='grc' dir='ltr'><strong>Ι.</strong></span> <span class='ocrx_word' id='word_1_708' title='bbox 1573 5195 1646 5250; x_wconf 70' lang='grc'><strong>26</strong></span> <span class='ocrx_word' id='word_1_709' title='bbox 1669 5195 1704 5249; x_wconf 91' lang='lat' dir='ltr'><strong>b</strong></span> <span class='ocrx_word' id='word_1_710' title='bbox 1733 5205 1792 5250; x_wconf 90' lang='lat' dir='ltr'><strong>et</strong></span> <span class='ocrx_word' id='word_1_711' title='bbox 1832 5197 1901 5252; x_wconf 76' lang='lat'><strong>27</strong></span> <span class='ocrx_word' id='word_1_712' title='bbox 1931 5213 1962 5252; x_wconf 84' lang='lat' dir='ltr'><strong>a</strong></span> <span class='ocrx_word' id='word_1_713' title='bbox 1988 5216 2004 5252; x_wconf 85' lang='lat'><strong>:</strong></span> 
     </span>
    </p>
   </div>
   <div class='ocr_carea' id='block_1_58' title="bbox 432 5194 2008 5326">
    <p class='ocr_par' dir='ltr' id='par_1_58' title="bbox 432 5194 2008 5326">
     <span class='ocr_line' id='line_1_60' title="bbox 432 5194 2004 5259; baseline 0 -7"><span class='ocrx_word' id='word_1_714' title='bbox 432 5194 541 5252; x_wconf 63' lang='lat' dir='ltr'><strong>mea</strong></span> <span class='ocrx_word' id='word_1_715' title='bbox 561 5194 821 5258; x_wconf 73' lang='lat' dir='ltr'><strong>illustres,</strong></span> <span class='ocrx_word' id='word_1_716' title='bbox 852 5195 1026 5259; x_wconf 86' lang='lat' dir='ltr'><strong>Paris,</strong></span> <span class='ocrx_word' id='word_1_717' title='bbox 1055 5194 1214 5255; x_wconf 70' lang='grc'><strong>1584.</strong></span> <span class='ocrx_word' id='word_1_718' title='bbox 1249 5194 1460 5258; x_wconf 90' lang='lat' dir='ltr'><strong>in-fol.,</strong></span> <span class='ocrx_word' id='word_1_719' title='bbox 1506 5196 1548 5259; x_wconf 93' lang='lat' dir='ltr'><strong>l,</strong></span> <span class='ocrx_word' id='word_1_720' title='bbox 1573 5195 1646 5250; x_wconf 70' lang='grc'><strong>26</strong></span> <span class='ocrx_word' id='word_1_721' title='bbox 1669 5195 1704 5249; x_wconf 91' lang='lat' dir='ltr'><strong>b</strong></span> <span class='ocrx_word' id='word_1_722' title='bbox 1733 5205 1792 5250; x_wconf 90' lang='lat' dir='ltr'><strong>et</strong></span> <span class='ocrx_word' id='word_1_723' title='bbox 1832 5197 1901 5252; x_wconf 76' lang='lat'><strong>27</strong></span> <span class='ocrx_word' id='word_1_724' title='bbox 1931 5213 1962 5252; x_wconf 84' lang='lat' dir='ltr'><strong>a</strong></span> <span class='ocrx_word' id='word_1_725' title='bbox 1988 5216 2004 5252; x_wconf 85' lang='lat'><strong>:</strong></span> 
     </span>
     <span class='ocr_line' id='line_1_61' title="bbox 437 5263 2008 5326; baseline 0.001 -6"><span class='ocrx_word' id='word_1_726' title='bbox 437 5285 457 5320; x_wconf 80' lang='grc' dir='ltr'><strong>ι</strong></span> <span class='ocrx_word' id='word_1_727' title='bbox 561 5305 574 5319; x_wconf 96' lang='grc'><strong>.</strong></span> <span class='ocrx_word' id='word_1_728' title='bbox 605 5265 896 5320; x_wconf 83' lang='lat' dir='ltr'><strong>toutesfois</strong></span> <span class='ocrx_word' id='word_1_729' title='bbox 927 5266 1008 5319; x_wconf 86' lang='lat' dir='ltr'><strong>les</strong></span> <span class='ocrx_word' id='word_1_730' title='bbox 1033 5263 1310 5319; x_wconf 84' lang='lat' dir='ltr'><strong>Grecs&#39;du</strong></span> <span class='ocrx_word' id='word_1_731' title='bbox 1337 5273 1489 5320; x_wconf 86' lang='lat' dir='ltr'><strong>ment</strong></span> <span class='ocrx_word' id='word_1_732' title='bbox 1525 5264 1698 5320; x_wconf 85' lang='lat' dir='ltr'><strong>Athos</strong></span> <span class='ocrx_word' id='word_1_733' title='bbox 1735 5265 1906 5321; x_wconf 82' lang='lat' dir='ltr'><strong>m‘ont</strong></span> <span class='ocrx_word' id='word_1_734' title='bbox 1925 5269 2008 5326; x_wconf 90' lang='lat' dir='ltr'><strong>dit</strong></span> 
     </span>
    </p>
   </div>
   <div class='ocr_carea' id='block_1_59' title="bbox 2110 4706 3687 4782">
    <p class='ocr_par' dir='ltr' id='par_1_59' title="bbox 2110 4706 3687 4782">
     <span class='ocr_line' id='line_1_62' title="bbox 2110 4706 3687 4782; baseline 0.004 -20"><span class='ocrx_word' id='word_1_735' title='bbox 2110 4707 2180 4782; x_wconf 75' lang='lat' dir='ltr'><strong>de</strong></span> <span class='ocrx_word' id='word_1_736' title='bbox 2205 4706 2510 4782; x_wconf 80' lang='lat' dir='ltr'><strong>Charcbas,</strong></span> <span class='ocrx_word' id='word_1_737' title='bbox 2553 4709 2880 4782; x_wconf 83' lang='lat' dir='ltr'><strong>auquelya</strong></span> <span class='ocrx_word' id='word_1_738' title='bbox 2913 4726 3146 4782; x_wconf 80' lang='lat' dir='ltr'><strong>encores</strong></span> <span class='ocrx_word' id='word_1_739' title='bbox 3189 4713 3557 4782; x_wconf 83' lang='lat' dir='ltr'><strong>aujourd’buy</strong></span> <span class='ocrx_word' id='word_1_740' title='bbox 3611 4733 3687 4772; x_wconf 86' lang='lat' dir='ltr'><strong>un</strong></span> 
     </span>
    </p>
   </div>
   <div class='ocr_carea' id='block_1_60' title="bbox 2109 4777 3689 4858">
    <p class='ocr_par' dir='ltr' id='par_1_60' title="bbox 2109 4777 3689 4858">
     <span class='ocr_line' id='line_1_63' title="bbox 2109 4777 3689 4858; baseline 0.006 -28"><span class='ocrx_word' id='word_1_741' title='bbox 2109 4777 2222 4831; x_wconf 91' lang='lat' dir='ltr'><strong>fort</strong></span> <span class='ocrx_word' id='word_1_742' title='bbox 2261 4779 2404 4858; x_wconf 10' lang='lat' dir='ltr'><strong>ibe-au</strong></span> <span class='ocrx_word' id='word_1_743' title='bbox 2455 4777 2878 4858; x_wconf 55' lang='lat' dir='ltr'><strong>monastere&#39;de</strong></span> <span class='ocrx_word' id='word_1_744' title='bbox 2917 4781 3110 4858; x_wconf 66' lang='lat' dir='ltr'><strong>Grecz.</strong></span> <span class='ocrx_word' id='word_1_745' title='bbox 3258 4777 3470 4858; x_wconf 67' lang='lat' dir='ltr'><strong>zonam</strong></span> <span class='ocrx_word' id='word_1_746' title='bbox 3507 4777 3689 4858; x_wconf 82' lang='lat' dir='ltr'><strong>doneq</strong></span> 
     </span>
    </p>
   </div>
   <div class='ocr_carea' id='block_1_61' title="bbox 2109 4847 3689 4920">
    <p class='ocr_par' dir='ltr' id='par_1_61' title="bbox 2109 4847 3689 4920">
     <span class='ocr_line' id='line_1_64' title="bbox 2109 4847 3689 4920; baseline 0.006 -20"><span class='ocrx_word' id='word_1_747' title='bbox 2109 4857 2276 4920; x_wconf 79' lang='lat' dir='ltr'><strong>ayant</strong></span> <span class='ocrx_word' id='word_1_748' title='bbox 2304 4847 2568 4920; x_wconf 82' lang='lat' dir='ltr'><strong>detneuré</strong></span> <span class='ocrx_word' id='word_1_749' title='bbox 2605 4852 2733 4920; x_wconf 85' lang='lat' dir='ltr'><strong>einq</strong></span> <span class='ocrx_word' id='word_1_750' title='bbox 2758 4866 2856 4906; x_wconf 86' lang='lat' dir='ltr'><strong>aus</strong></span> <span class='ocrx_word' id='word_1_751' title='bbox 2880 4866 2952 4906; x_wconf 84' lang='lat' dir='ltr'><strong>en</strong></span> <span class='ocrx_word' id='word_1_752' title='bbox 2977 4868 3040 4908; x_wconf 88' lang='lat' dir='ltr'><strong>ce</strong></span> <span class='ocrx_word' id='word_1_753' title='bbox 3069 4853 3182 4908; x_wconf 88' lang='lat' dir='ltr'><strong>lieu</strong></span> <span class='ocrx_word' id='word_1_754' title='bbox 3207 4893 3221 4908; x_wconf 93' lang='lat'><strong>.</strong></span> <span class='ocrx_word' id='word_1_755' title='bbox 3244 4893 3258 4906; x_wconf 93' lang='lat'><strong>.</strong></span> <span class='ocrx_word' id='word_1_756' title='bbox 3287 4854 3567 4910; x_wconf 86' lang='lat' dir='ltr'><strong>Callineus</strong></span> <span class='ocrx_word' id='word_1_757' title='bbox 3587 4847 3689 4912; x_wconf 70' lang='lat' dir='ltr'><strong>seti</strong></span> 
     </span>
    </p>
   </div>
   <div class='ocr_carea' id='block_1_62' title="bbox 2107 4917 3690 4991">
    <p class='ocr_par' dir='ltr' id='par_1_62' title="bbox 2107 4917 3690 4991">
     <span class='ocr_line' id='line_1_65' title="bbox 2107 4917 3690 4991; baseline 0.006 -21"><span class='ocrx_word' id='word_1_758' title='bbox 2107 4917 2435 4991; x_wconf 69' lang='lat' dir='ltr'><strong>Patriarche</strong></span> <span class='ocrx_word' id='word_1_759' title='bbox 2465 4957 2481 4974; x_wconf 93' lang='lat'><strong>.</strong></span> <span class='ocrx_word' id='word_1_760' title='bbox 2506 4961 2520 4974; x_wconf 92' lang='lat'><strong>.</strong></span> <span class='ocrx_word' id='word_1_761' title='bbox 2553 4921 2645 4991; x_wconf 85' lang='lat' dir='ltr'><strong>luy</strong></span> <span class='ocrx_word' id='word_1_762' title='bbox 2678 4917 3006 4977; x_wconf 80' lang='lat' dir='ltr'><strong>cotnmanda</strong></span> <span class='ocrx_word' id='word_1_763' title='bbox 3058 4939 3119 4978; x_wconf 88' lang='lat' dir='ltr'><strong>se</strong></span> <span class='ocrx_word' id='word_1_764' title='bbox 3159 4924 3360 4980; x_wconf 86' lang='lat' dir='ltr'><strong>retirer</strong></span> <span class='ocrx_word' id='word_1_765' title='bbox 3415 4940 3484 4978; x_wconf 87' lang='lat' dir='ltr'><strong>au</strong></span> <span class='ocrx_word' id='word_1_766' title='bbox 3535 4939 3690 4980; x_wconf 90' lang='lat' dir='ltr'><strong>mont</strong></span> 
     </span>
    </p>
   </div>
   <div class='ocr_carea' id='block_1_63' title="bbox 2106 4987 3688 5066">
    <p class='ocr_par' dir='ltr' id='par_1_63' title="bbox 2106 4987 3688 5066">
     <span class='ocr_line' id='line_1_66' title="bbox 2106 4987 3688 5066; baseline 0.005 -24"><span class='ocrx_word' id='word_1_767' title='bbox 2106 4987 2356 5066; x_wconf 36' lang='lat' dir='ltr'><strong>Album...</strong></span> <span class='ocrx_word' id='word_1_768' title='bbox 2381 4989 2453 5043; x_wconf 77' lang='lat' dir='ltr'><strong>ou</strong></span> <span class='ocrx_word' id='word_1_769' title='bbox 2478 4987 2926 5066; x_wconf 68' lang='lat' dir='ltr'><strong>ayantdemeure</strong></span> <span class='ocrx_word' id='word_1_770' title='bbox 2949 4994 3116 5048; x_wconf 79' lang='lat' dir='ltr'><strong>treize</strong></span> <span class='ocrx_word' id='word_1_771' title='bbox 3141 5008 3262 5059; x_wconf 77' lang='lat' dir='ltr'><strong>aus,</strong></span> <span class='ocrx_word' id='word_1_772' title='bbox 3281 4993 3402 5049; x_wconf 73' lang='lat' dir='ltr'><strong>linit</strong></span> <span class='ocrx_word' id='word_1_773' title='bbox 3423 5011 3516 5050; x_wconf 86' lang='lat' dir='ltr'><strong>ses</strong></span> <span class='ocrx_word' id='word_1_774' title='bbox 3530 4997 3688 5066; x_wconf 84' lang='lat' dir='ltr'><strong>jours</strong></span> 
     </span>
    </p>
   </div>
   <div class='ocr_carea' id='block_1_64' title="bbox 2106 5058 3692 5136">
    <p class='ocr_par' dir='ltr' id='par_1_64' title="bbox 2106 5058 3692 5136">
     <span class='ocr_line' id='line_1_67' title="bbox 2106 5058 3692 5136; baseline 0.006 -26"><span class='ocrx_word' id='word_1_775' title='bbox 2106 5058 2350 5136; x_wconf 77' lang='lat' dir='ltr'><strong>a_agé_de</strong></span> <span class='ocrx_word' id='word_1_776' title='bbox 2388 5058 2985 5136; x_wconf 51' lang='lat' dir='ltr'><strong>quatrefvingtz-buiet</strong></span> <span class='ocrx_word' id='word_1_777' title='bbox 3028 5078 3128 5136; x_wconf 83' lang='lat' dir='ltr'><strong>ans</strong></span> <span class='ocrx_word' id='word_1_778' title='bbox 3157 5058 3280 5136; x_wconf 81' lang='lat' dir='ltr'><strong>sept</strong></span> <span class='ocrx_word' id='word_1_779' title='bbox 3308 5079 3485 5136; x_wconf 81' lang='lat' dir='ltr'><strong>moys,</strong></span> <span class='ocrx_word' id='word_1_780' title='bbox 3516 5058 3573 5120; x_wconf 77' lang='lat' dir='ltr'><strong>et</strong></span> <span class='ocrx_word' id='word_1_781' title='bbox 3603 5067 3692 5120; x_wconf 86' lang='lat' dir='ltr'><strong>fut</strong></span> 
     </span>
    </p>
   </div>
   <div class='ocr_carea' id='block_1_65' title="bbox 2106 5129 3686 5198">
    <p class='ocr_par' dir='ltr' id='par_1_65' title="bbox 2106 5129 3686 5198">
     <span class='ocr_line' id='line_1_68' title="bbox 2106 5129 3686 5198; baseline 0.005 -16"><span class='ocrx_word' id='word_1_782' title='bbox 2106 5129 2305 5198; x_wconf 88' lang='lat' dir='ltr'><strong>depuis</strong></span> <span class='ocrx_word' id='word_1_783' title='bbox 2335 5129 2798 5186; x_wconf 74' lang='lat' dir='ltr'><strong>bottorablement</strong></span> <span class='ocrx_word' id='word_1_784' title='bbox 2833 5134 3058 5187; x_wconf 83' lang='lat' dir='ltr'><strong>enterré</strong></span> <span class='ocrx_word' id='word_1_785' title='bbox 3085 5148 3156 5188; x_wconf 90' lang='lat' dir='ltr'><strong>en</strong></span> <span class='ocrx_word' id='word_1_786' title='bbox 3187 5129 3300 5188; x_wconf 76' lang='lat' dir='ltr'><strong>l’un</strong></span> <span class='ocrx_word' id='word_1_787' title='bbox 3327 5129 3425 5190; x_wconf 73' lang='lat' dir='ltr'><strong>des</strong></span> <span class='ocrx_word' id='word_1_788' title='bbox 3461 5151 3686 5190; x_wconf 83' lang='lat' dir='ltr'><strong>tuonas-</strong></span> 
     </span>
    </p>
   </div>
   <div class='ocr_carea' id='block_1_66' title="bbox 2108 5199 3688 5274">
    <p class='ocr_par' dir='ltr' id='par_1_66' title="bbox 2108 5199 3688 5274">
     <span class='ocr_line' id='line_1_69' title="bbox 2108 5199 3688 5274; baseline 0.005 -22"><span class='ocrx_word' id='word_1_789' title='bbox 2108 5206 2254 5274; x_wconf 60' lang='grc' dir='ltr'>ιρι-εδ</span> <span class='ocrx_word' id='word_1_790' title='bbox 2282 5199 2706 5274; x_wconf 80' lang='lat' dir='ltr'><strong>nomtnésainet</strong></span> <span class='ocrx_word' id='word_1_791' title='bbox 2729 5201 2880 5274; x_wconf 77' lang='lat' dir='ltr'><strong>Hetie</strong></span> <span class='ocrx_word' id='word_1_792' title='bbox 2903 5201 3096 5257; x_wconf 87' lang='lat' dir='ltr'><strong>dudict</strong></span> <span class='ocrx_word' id='word_1_793' title='bbox 3118 5213 3292 5269; x_wconf 71' lang='lat' dir='ltr'><strong>moui,</strong></span> <span class='ocrx_word' id='word_1_794' title='bbox 3321 5206 3370 5260; x_wconf 87' lang='lat' dir='ltr'><strong>la</strong></span> <span class='ocrx_word' id='word_1_795' title='bbox 3401 5206 3688 5274; x_wconf 88' lang='lat' dir='ltr'><strong>sepulture</strong></span> 
     </span>
    </p>
   </div>
   <div class='ocr_carea' id='block_1_67' title="bbox 2107 5266 3690 5350">
    <p class='ocr_par' dir='ltr' id='par_1_67' title="bbox 2107 5266 3690 5350">
     <span class='ocr_line' id='line_1_70' title="bbox 2107 5266 3690 5350; baseline 0.006 -30"><span class='ocrx_word' id='word_1_796' title='bbox 2107 5266 2311 5350; x_wconf 79' lang='lat' dir='ltr'><strong>duqnel</strong></span> <span class='ocrx_word' id='word_1_797' title='bbox 2342 5285 2403 5350; x_wconf 78' lang='lat' dir='ltr'><strong>se</strong></span> <span class='ocrx_word' id='word_1_798' title='bbox 2437 5272 2551 5350; x_wconf 78' lang='lat' dir='ltr'><strong>voit</strong></span> <span class='ocrx_word' id='word_1_799' title='bbox 2583 5286 2804 5350; x_wconf 85' lang='lat' dir='ltr'><strong>encore_</strong></span> <span class='ocrx_word' id='word_1_800' title='bbox 2831 5271 2900 5326; x_wconf 89' lang='lat' dir='ltr'><strong>de</strong></span> <span class='ocrx_word' id='word_1_801' title='bbox 2932 5283 3180 5350; x_wconf 75' lang='lat' dir='ltr'><strong>present,</strong></span> <span class='ocrx_word' id='word_1_802' title='bbox 3220 5266 3480 5350; x_wconf 73' lang='lat' dir='ltr'><strong>converte</strong></span> <span class='ocrx_word' id='word_1_803' title='bbox 3523 5275 3690 5330; x_wconf 80' lang='lat' dir='ltr'><strong>d’une</strong></span> 
     </span>
    </p>
   </div>
   <div class='ocr_carea' id='block_1_68' title="bbox 429 5335 2001 5408">
    <p class='ocr_par' dir='ltr' id='par_1_68' title="bbox 429 5335 2001 5408">
     <span class='ocr_line' id='line_1_71' title="bbox 429 5335 2001 5408; baseline 0.001 -16"><span class='ocrx_word' id='word_1_804' title='bbox 429 5353 538 5408; x_wconf 88' lang='lat' dir='ltr'><strong>quc</strong></span> <span class='ocrx_word' id='word_1_805' title='bbox 571 5338 762 5408; x_wconf 13' lang='lat' dir='ltr'><strong>cerl&#39;ut</strong></span> <span class='ocrx_word' id='word_1_806' title='bbox 797 5351 866 5390; x_wconf 86' lang='lat' dir='ltr'><strong>eu</strong></span> <span class='ocrx_word' id='word_1_807' title='bbox 897 5350 968 5388; x_wconf 90' lang='lat' dir='ltr'><strong>un</strong></span> <span class='ocrx_word' id='word_1_808' title='bbox 997 5335 1336 5408; x_wconf 27' lang='lat' dir='ltr'><strong>roeher‘qui</strong></span> <span class='ocrx_word' id='word_1_809' title='bbox 1383 5343 1516 5408; x_wconf 82' lang='lat' dir='ltr'><strong>peut</strong></span> <span class='ocrx_word' id='word_1_810' title='bbox 1563 5335 1717 5408; x_wconf 83' lang='lat' dir='ltr'><strong>avoir</strong></span> <span class='ocrx_word' id='word_1_811' title='bbox 1760 5337 1828 5392; x_wconf 89' lang='lat' dir='ltr'><strong>de</strong></span> <span class='ocrx_word' id='word_1_812' title='bbox 1874 5349 2001 5394; x_wconf 89' lang='lat' dir='ltr'><strong>tour</strong></span> 
     </span>
    </p>
   </div>
   <div class='ocr_carea' id='block_1_69' title="bbox 433 5403 2000 5478">
    <p class='ocr_par' dir='ltr' id='par_1_69' title="bbox 433 5403 2000 5478">
     <span class='ocr_line' id='line_1_72' title="bbox 433 5403 2000 5478; baseline 0.001 -14"><span class='ocrx_word' id='word_1_813' title='bbox 433 5403 698 5478; x_wconf 74' lang='lat' dir='ltr'><strong>(compris</strong></span> <span class='ocrx_word' id='word_1_814' title='bbox 728 5408 810 5462; x_wconf 89' lang='lat' dir='ltr'><strong>les</strong></span> <span class='ocrx_word' id='word_1_815' title='bbox 849 5405 1092 5478; x_wconf 77' lang='lat' dir='ltr'><strong>escueilz</strong></span> <span class='ocrx_word' id='word_1_816' title='bbox 1137 5404 1230 5478; x_wconf 77' lang='lat' dir='ltr'><strong>qui</strong></span> <span class='ocrx_word' id='word_1_817' title='bbox 1266 5403 1714 5478; x_wconf 46' lang='lat' dir='ltr'><strong>&#39;lfettvirOttnent)</strong></span> <span class='ocrx_word' id='word_1_818' title='bbox 1761 5409 2000 5478; x_wconf 81' lang='lat' dir='ltr'><strong>quotque</strong></span> 
     </span>
    </p>
   </div>
   <div class='ocr_carea' id='block_1_70' title="bbox 429 5475 2001 5548">
    <p class='ocr_par' dir='ltr' id='par_1_70' title="bbox 429 5475 2001 5548">
     <span class='ocr_line' id='line_1_73' title="bbox 429 5475 2001 5548; baseline 0.002 -15"><span class='ocrx_word' id='word_1_819' title='bbox 429 5475 598 5541; x_wconf 75' lang='lat' dir='ltr'><strong>Iieue,</strong></span> <span class='ocrx_word' id='word_1_820' title='bbox 629 5478 680 5533; x_wconf 90' lang='lat' dir='ltr'><strong>le</strong></span> <span class='ocrx_word' id='word_1_821' title='bbox 728 5475 1418 5548; x_wconf 30' lang='lat' dir='ltr'><strong>plusuinaceesstblelieu</strong></span> <span class='ocrx_word' id='word_1_822' title='bbox 1455 5490 1562 5544; x_wconf 89' lang='lat' dir='ltr'><strong>que</strong></span> <span class='ocrx_word' id='word_1_823' title='bbox 1603 5475 1745 5547; x_wconf 75' lang='lat' dir='ltr'><strong>j‘aye</strong></span> <span class='ocrx_word' id='word_1_824' title='bbox 1778 5475 2001 5536; x_wconf 50' lang='lat' dir='ltr'><strong>&#39;veu&#39;en</strong></span> 
     </span>
    </p>
   </div>
   <div class='ocr_carea' id='block_1_71' title="bbox 433 5543 2004 5618">
    <p class='ocr_par' dir='ltr' id='par_1_71' title="bbox 433 5543 2004 5618">
     <span class='ocr_line' id='line_1_74' title="bbox 433 5543 2004 5618; baseline 0.003 -18"><span class='ocrx_word' id='word_1_825' title='bbox 433 5559 583 5603; x_wconf 90' lang='lat' dir='ltr'><strong>toute</strong></span> <span class='ocrx_word' id='word_1_826' title='bbox 616 5549 666 5602; x_wconf 89' lang='lat' dir='ltr'><strong>la</strong></span> <span class='ocrx_word' id='word_1_827' title='bbox 703 5543 822 5618; x_wconf 80' lang='lat' dir='ltr'><strong>mer</strong></span> <span class='ocrx_word' id='word_1_828' title='bbox 851 5544 993 5618; x_wconf 64' lang='lat' dir='ltr'><strong>Egee</strong></span> <span class='ocrx_word' id='word_1_829' title='bbox 1035 5553 1092 5599; x_wconf 93' lang='lat' dir='ltr'><strong>ct</strong></span> <span class='ocrx_word' id='word_1_830' title='bbox 1125 5543 1549 5618; x_wconf 20' lang='lat' dir='ltr'><strong>Archipelague‘,</strong></span> <span class='ocrx_word' id='word_1_831' title='bbox 1595 5543 1651 5600; x_wconf 81' lang='lat' dir='ltr'><strong>ct</strong></span> <span class='ocrx_word' id='word_1_832' title='bbox 1682 5543 1750 5602; x_wconf 78' lang='lat' dir='ltr'><strong>de</strong></span> <span class='ocrx_word' id='word_1_833' title='bbox 1782 5559 2004 5618; x_wconf 87' lang='lat' dir='ltr'><strong>present</strong></span> 
     </span>
    </p>
   </div>
   <div class='ocr_carea' id='block_1_72' title="bbox 429 5611 2002 5689">
    <p class='ocr_par' dir='ltr' id='par_1_72' title="bbox 429 5611 2002 5689">
     <span class='ocr_line' id='line_1_75' title="bbox 429 5611 2002 5689; baseline 0.002 -18"><span class='ocrx_word' id='word_1_834' title='bbox 429 5619 648 5689; x_wconf 83' lang='lat' dir='ltr'><strong>appellé</strong></span> <span class='ocrx_word' id='word_1_835' title='bbox 675 5633 772 5686; x_wconf 88' lang='lat' dir='ltr'><strong>par</strong></span> <span class='ocrx_word' id='word_1_836' title='bbox 802 5617 884 5689; x_wconf 85' lang='lat' dir='ltr'><strong>les</strong></span> <span class='ocrx_word' id='word_1_837' title='bbox 897 5611 1088 5689; x_wconf 34' lang='lat' dir='ltr'><strong>fGrees</strong></span> <span class='ocrx_word' id='word_1_838' title='bbox 1119 5611 1334 5689; x_wconf 38' lang='lat' dir='ltr'><strong>Gaioic‘r</strong></span> <span class='ocrx_word' id='word_1_839' title='bbox 1362 5615 1656 5689; x_wconf 73' lang='lat' dir='ltr'><strong>d’Aadros,</strong></span> <span class='ocrx_word' id='word_1_840' title='bbox 1684 5611 2002 5689; x_wconf 66' lang='lat' dir='ltr'><strong>atttretttettt</strong></span> 
     </span>
    </p>
   </div>
   <div class='ocr_carea' id='block_1_73' title="bbox 427 5685 1998 5760">
    <p class='ocr_par' dir='ltr' id='par_1_73' title="bbox 427 5685 1998 5760">
     <span class='ocr_line' id='line_1_76' title="bbox 427 5685 1998 5760; baseline 0 -18"><span class='ocrx_word' id='word_1_841' title='bbox 427 5685 747 5760; x_wconf 72' lang='lat' dir='ltr'><strong>dictlebon</strong></span> <span class='ocrx_word' id='word_1_842' title='bbox 782 5685 1054 5760; x_wconf 68' lang='lat' dir='ltr'><strong>vieillard,</strong></span> <span class='ocrx_word' id='word_1_843' title='bbox 1078 5685 1156 5760; x_wconf 80' lang='lat' dir='ltr'><strong>les</strong></span> <span class='ocrx_word' id='word_1_844' title='bbox 1179 5685 1354 5737; x_wconf 85' lang='lat' dir='ltr'><strong>&#39;l‘urcs</strong></span> <span class='ocrx_word' id='word_1_845' title='bbox 1380 5685 1429 5760; x_wconf 81' lang='lat' dir='ltr'><strong>le</strong></span> <span class='ocrx_word' id='word_1_846' title='bbox 1457 5699 1743 5760; x_wconf 79' lang='lat' dir='ltr'><strong>nommcnt</strong></span> <span class='ocrx_word' id='word_1_847' title='bbox 1763 5688 1998 5760; x_wconf 70' lang='lat' dir='ltr'><strong>Cahyra,</strong></span> 
     </span>
    </p>
   </div>
   <div class='ocr_carea' id='block_1_74' title="bbox 429 5755 2001 5827">
    <p class='ocr_par' dir='ltr' id='par_1_74' title="bbox 429 5755 2001 5827">
     <span class='ocr_line' id='line_1_77' title="bbox 429 5755 2001 5827; baseline 0 -13"><span class='ocrx_word' id='word_1_848' title='bbox 429 5760 513 5814; x_wconf 59' lang='lat' dir='ltr'><strong>las</strong></span> <span class='ocrx_word' id='word_1_849' title='bbox 533 5757 807 5812; x_wconf 78' lang='lat' dir='ltr'><strong>llebrieux</strong></span> <span class='ocrx_word' id='word_1_850' title='bbox 838 5771 906 5810; x_wconf 91' lang='lat' dir='ltr'><strong>ou</strong></span> <span class='ocrx_word' id='word_1_851' title='bbox 939 5755 1079 5809; x_wconf 79' lang='lat' dir='ltr'><strong>.luil&#39;s</strong></span> <span class='ocrx_word' id='word_1_852' title='bbox 1117 5755 1188 5808; x_wconf 90' lang='lat' dir='ltr'><strong>du</strong></span> <span class='ocrx_word' id='word_1_853' title='bbox 1216 5770 1350 5825; x_wconf 80' lang='lat' dir='ltr'><strong>pays</strong></span> <span class='ocrx_word' id='word_1_854' title='bbox 1380 5757 1466 5827; x_wconf 72' lang='lat' dir='ltr'><strong>luy</strong></span> <span class='ocrx_word' id='word_1_855' title='bbox 1499 5757 1744 5814; x_wconf 88' lang='lat' dir='ltr'><strong>donnent</strong></span> <span class='ocrx_word' id='word_1_856' title='bbox 1782 5762 1833 5814; x_wconf 89' lang='lat' dir='ltr'><strong>le</strong></span> <span class='ocrx_word' id='word_1_857' title='bbox 1874 5755 2001 5815; x_wconf 78' lang='lat' dir='ltr'><strong>nom</strong></span> 
     </span>
    </p>
   </div>
   <div class='ocr_carea' id='block_1_75' title="bbox 2110 5340 3692 5411">
    <p class='ocr_par' dir='ltr' id='par_1_75' title="bbox 2110 5340 3692 5411">
     <span class='ocr_line' id='line_1_78' title="bbox 2110 5340 3692 5411; baseline 0.006 -20"><span class='ocrx_word' id='word_1_858' title='bbox 2110 5340 2295 5411; x_wconf 68' lang='lat' dir='ltr'><strong>picrre</strong></span> <span class='ocrx_word' id='word_1_859' title='bbox 2337 5340 2524 5411; x_wconf 86' lang='lat' dir='ltr'><strong>jaspée</strong></span> <span class='ocrx_word' id='word_1_860' title='bbox 2555 5350 2747 5395; x_wconf 81' lang='lat' dir='ltr'><strong>centre</strong></span> <span class='ocrx_word' id='word_1_861' title='bbox 2791 5340 3026 5410; x_wconf 81' lang='lat' dir='ltr'><strong>laquélle</strong></span> <span class='ocrx_word' id='word_1_862' title='bbox 3077 5343 3397 5400; x_wconf 80' lang='lat' dir='ltr'><strong>sontéeritz</strong></span> <span class='ocrx_word' id='word_1_863' title='bbox 3427 5359 3518 5398; x_wconf 77' lang='lat' dir='ltr'><strong>eos</strong></span> <span class='ocrx_word' id='word_1_864' title='bbox 3546 5357 3692 5401; x_wconf 83' lang='lat' dir='ltr'><strong>mets</strong></span> 
     </span>
    </p>
   </div>
   <div class='ocr_carea' id='block_1_76' title="bbox 2109 5408 3688 5486">
    <p class='ocr_par' dir='ltr' id='par_1_76' title="bbox 2109 5408 3688 5486">
     <span class='ocr_line' id='line_1_79' title="bbox 2109 5408 3688 5486; baseline 0.006 -24"><span class='ocrx_word' id='word_1_865' title='bbox 2109 5423 2180 5486; x_wconf 72' lang='lat' dir='ltr'><strong>en</strong></span> <span class='ocrx_word' id='word_1_866' title='bbox 2203 5408 2364 5475; x_wconf 59' lang='lat' dir='ltr'><strong>Grec,</strong></span> <span class='ocrx_word' id='word_1_867' title='bbox 2383 5408 2438 5465; x_wconf 81' lang='lat' dir='ltr'><strong>et</strong></span> <span class='ocrx_word' id='word_1_868' title='bbox 2461 5412 2511 5486; x_wconf 84' lang='lat' dir='ltr'><strong>la</strong></span> <span class='ocrx_word' id='word_1_869' title='bbox 2546 5415 2668 5480; x_wconf 87' lang='lat' dir='ltr'><strong>plus</strong></span> <span class='ocrx_word' id='word_1_870' title='bbox 2695 5420 2817 5486; x_wconf 64' lang='lat' dir='ltr'><strong>part</strong></span> <span class='ocrx_word' id='word_1_871' title='bbox 2840 5408 3118 5486; x_wconf 20' lang='lat' dir='ltr'><strong>siell‘aceiz</strong></span> <span class='ocrx_word' id='word_1_872' title='bbox 3143 5413 3268 5484; x_wconf 75' lang='lat' dir='ltr'><strong>qu’a</strong></span> <span class='ocrx_word' id='word_1_873' title='bbox 3299 5415 3490 5486; x_wconf 79' lang='lat' dir='ltr'><strong>grand‘</strong></span> <span class='ocrx_word' id='word_1_874' title='bbox 3525 5417 3688 5486; x_wconf 87' lang='lat' dir='ltr'><strong>pcine</strong></span> 
     </span>
    </p>
   </div>
   <div class='ocr_carea' id='block_1_77' title="bbox 2107 5477 3692 5548">
    <p class='ocr_par' dir='ltr' id='par_1_77' title="bbox 2107 5477 3692 5548">
     <span class='ocr_line' id='line_1_80' title="bbox 2107 5477 3692 5548; baseline 0.006 -16"><span class='ocrx_word' id='word_1_875' title='bbox 2107 5477 2190 5533; x_wconf 85' lang='lat' dir='ltr'><strong>les</strong></span> <span class='ocrx_word' id='word_1_876' title='bbox 2219 5491 2349 5548; x_wconf 90' lang='lat' dir='ltr'><strong>peut</strong></span> <span class='ocrx_word' id='word_1_877' title='bbox 2391 5496 2462 5535; x_wconf 85' lang='lat' dir='ltr'><strong>on</strong></span> <span class='ocrx_word' id='word_1_878' title='bbox 2497 5477 2644 5548; x_wconf 77' lang='lat' dir='ltr'><strong>ltre_.</strong></span> <span class='ocrx_word' id='word_1_879' title='bbox 2667 5477 2820 5534; x_wconf 45' lang='grc' dir='ltr'><strong>[ΕΙΣ</strong></span> <span class='ocrx_word' id='word_1_880' title='bbox 2857 5483 2946 5537; x_wconf 84' lang='grc' dir='ltr'><strong>ΤΟ</strong></span> <span class='ocrx_word' id='word_1_881' title='bbox 2977 5477 3206 5540; x_wconf 66' lang='grc' dir='ltr'><strong>ΠΔΡΟΝ</strong></span> <span class='ocrx_word' id='word_1_882' title='bbox 3234 5477 3616 5540; x_wconf 65' lang='grc' dir='ltr'><strong>ΜΝΗΜΕΙὺΝ</strong></span> <span class='ocrx_word' id='word_1_883' title='bbox 3649 5489 3692 5540; x_wconf 85' lang='grc' dir='ltr'>υ</span> 
     </span>
    </p>
   </div>
   <div class='ocr_carea' id='block_1_78' title="bbox 2112 5550 3010 5608">
    <p class='ocr_par' dir='ltr' id='par_1_78' title="bbox 2112 5550 3010 5608">
     <span class='ocr_line' id='line_1_81' title="bbox 2112 5550 3010 5608; baseline 0.007 -8"><span class='ocrx_word' id='word_1_884' title='bbox 2112 5550 2328 5603; x_wconf 81' lang='grc' dir='ltr'>ΣΟΦΟΣ</span> <span class='ocrx_word' id='word_1_885' title='bbox 2361 5551 2666 5604; x_wconf 83' lang='grc' dir='ltr'><strong>ΖΩΝΑΡΑΣ</strong></span> <span class='ocrx_word' id='word_1_886' title='bbox 2694 5551 2950 5608; x_wconf 73' lang='grc' dir='ltr'><strong>ΚΕΙΤΑΙ.</strong></span> <span class='ocrx_word' id='word_1_887' title='bbox 2991 5573 3010 5606; x_wconf 73' lang='grc' dir='ltr'><strong>ι</strong></span> 
     </span>
    </p>
   </div>
   <div class='ocr_carea' id='block_1_79' title="bbox 2182 5620 2646 5691">
    <p class='ocr_par' dir='ltr' id='par_1_79' title="bbox 2182 5620 2646 5691">
     <span class='ocr_line' id='line_1_82' title="bbox 2182 5620 2646 5691; baseline 0.006 -18"><span class='ocrx_word' id='word_1_888' title='bbox 2182 5620 2256 5691; x_wconf 74' lang='lat'><strong>(8)</strong></span> <span class='ocrx_word' id='word_1_889' title='bbox 2291 5621 2471 5691; x_wconf 86' lang='lat' dir='ltr'><strong>Praef.</strong></span> <span class='ocrx_word' id='word_1_890' title='bbox 2499 5638 2554 5674; x_wconf 85' lang='grc' dir='ltr'>ιι.</span> <span class='ocrx_word' id='word_1_891' title='bbox 2597 5625 2646 5676; x_wconf 86' lang='grc'><strong>1.</strong></span> 
     </span>
    </p>
   </div>
   <div class='ocr_carea' id='block_1_80' title="bbox 2183 5690 2566 5759">
    <p class='ocr_par' dir='ltr' id='par_1_80' title="bbox 2183 5690 2566 5759">
     <span class='ocr_line' id='line_1_83' title="bbox 2183 5690 2566 5759; baseline 0.005 -17"><span class='ocrx_word' id='word_1_892' title='bbox 2183 5690 2258 5756; x_wconf 65' lang='lat' dir='ltr'><strong>(il)</strong></span> <span class='ocrx_word' id='word_1_893' title='bbox 2299 5690 2478 5759; x_wconf 84' lang='lat' dir='ltr'><strong>Epist.</strong></span> <span class='ocrx_word' id='word_1_894' title='bbox 2517 5694 2566 5745; x_wconf 89' lang='lat'><strong>7.</strong></span> 
     </span>
    </p>
   </div>
   <div class='ocr_carea' id='block_1_81' title="bbox 2184 5761 2992 5830">
    <p class='ocr_par' dir='ltr' id='par_1_81' title="bbox 2184 5761 2992 5830">
     <span class='ocr_line' id='line_1_84' title="bbox 2184 5761 2992 5830; baseline 0.006 -17"><span class='ocrx_word' id='word_1_895' title='bbox 2184 5765 2294 5830; x_wconf 71' lang='grc' dir='ltr'><strong>μυ)</strong></span> <span class='ocrx_word' id='word_1_896' title='bbox 2328 5761 2523 5817; x_wconf 78' lang='lat' dir='ltr'><strong>Zonar.</strong></span> <span class='ocrx_word' id='word_1_897' title='bbox 2561 5763 2658 5817; x_wconf 89' lang='lat' dir='ltr'><strong>lib.</strong></span> <span class='ocrx_word' id='word_1_898' title='bbox 2702 5779 2778 5830; x_wconf 79' lang='lat' dir='ltr'><strong>ut,</strong></span> <span class='ocrx_word' id='word_1_899' title='bbox 2813 5779 2870 5819; x_wconf 80' lang='lat' dir='ltr'><strong>tt.</strong></span> <span class='ocrx_word' id='word_1_900' title='bbox 2903 5763 2992 5818; x_wconf 78' lang='lat' dir='ltr'><strong>5i.</strong></span> 
     </span>
    </p>
   </div>
  </div>
