3964 6252
314 379 380 441 13
1746 374 1879 432 PR)!

2010 374 2138 433 Tl-U
3508 368 3527 431 i
3539 378 3570 432 4

324 498 455 555 dum
634 499 873 555 extorris
906 510 961 556 ct
991 502 1181 571 procul
1208 500 1275 556 ah
1309 501 1444 555 urbe
1474 497 1529 552 in
1560 508 1727 568 parva
1766 492 1947 547 insula
1981 490 2151 545 vitam
2185 498 2371 558 ageret
2403 506 2413 541 :
2449 503 2514 543 cx
2538 504 2658 559 quo
2680 488 2892 543 factum
2922 491 3167 561 agnoscit
3200 500 3255 546 ut
3280 493 3569 548 Consulum

312 598 372 640 (ιι
399 586 737 644 dictatorum
776 588 1004 644 historia
1054 592 1238 645 minus
1272 589 1344 643 sit
1385 586 1659 642 absoluta.
1697 583 1886 651 Neque
1924 594 2089 649 porro
2129 576 2317 632 mirari
2349 575 2554 631 debere
2597 577 2783 632 subdit
2826 579 3113 642 lectorem,
3148 581 3192 633 si
3232 581 3284 635 in
3324 579 3390 634 iis
3432 598 3571 651 quos

316 678 657 747 conscripsit
698 678 1009 734 Annalibus
1041 679 1358 749 scriptionis
1386 678 1673 731 character
1702 671 1910 740 ubique
1952 666 2055 722 sibi
2089 666 2287 721 similis
2326 682 2433 719 non
2461 676 2740 729 occurrat,
2773 682 2897 721 cum
2929 668 3090 721 aliter
3120 668 3237 723 fieri
3269 670 3357 724 vis
3382 680 3571 740 queat.

321 774 382 819 ut
409 765 505 833 qui
543 765 831 821 historiam
853 782 884 820 e
905 768 1075 821 variis
1104 766 1474 837 scriptoribus
1500 760 1667 816 veluti
1695 761 1891 828 stipem
1924 755 2155 825 colligit,
2185 756 2405 809 illorum
2432 764 2487 809 et
2511 754 2751 810 dictione
2779 762 2834 808 e‘t
2861 758 3265 825 compositione
3295 758 3349 812 in
3381 759 3571 814 multis

320 868 430 906 non
457 863 666 909 utatur.
694 854 850 920 Quod
875 855 949 910 ita
973 863 1156 910 tamen
1175 853 1436 916 confecit,
1463 851 1591 906 utsi
1623 847 1830 916 aliquid
1855 845 1924 899 de
1951 860 2054 899 suo
2074 842 2440 912 interjecerit,
2466 842 2520 895 id
2544 842 2691 896 illius
2713 844 2856 913 ston
2881 860 3046 913 quem
3092 846 3431 915 sequebatur
3472 863 3564 900 au.

317 939 492 993 ctoris
519 950 785 1008 quantum
836 943 955 995 tieri
1003 942 1180 1010 potuit
1210 935 1735 995 accommodaverit,
1778 947 1847 987 ne
1904 931 2221 1000 scriptionis
2257 929 2397 985 ratio
2431 945 2460 982 a
2497 944 2619 984 sese
2651 930 2856 1001 ubique
2902 931 3170 989 dissidere
3222 935 3507 992 videretur
3554 956 3567 989 :

319 1040 449 1080 cum
483 1026 708 1081 interim
741 1028 848 1082 alia
897 1029 1058 1099 longe
1086 1045 1256 1098 quam
1299 1027 1484 1083 caeteri
1514 1025 1608 1096 qui
1658 1039 1745 1078 res
1800 1019 2223 1100 chronolog’eas
2269 1018 2538 1072 hactenus
2574 1024 2962 1084 tractaverant,
3007 1020 3247 1077 Annales
3276 1039 3405 1080 suos
3437 1043 3569 1082 con-

320 1114 616 1179 scriberet,
648 1131 735 1170 res
762 1131 959 1186 nempe
1001 1118 1157 1186 quasi
1189 1117 1255 1170 de.
1276 1131 1380 1170 suo
1401 1127 1744 1184 componens
1780 1118 1838 1164 et
1869 1123 2122 1172 narrans,
2154 1106 2382 1177 etquod
2411 1105 2571 1160 laude
2606 1104 2830 1175 dignum
2865 1116 2949 1163 est
2977 1124 3152 1179 eaque
3189 1128 3423 1178 summa,
3458 1132 3566 1172 non

317 1200 632 1256 alienorum
660 1202 829 1257 furtis
850 1203 1110 1273 plausum
1135 1213 1385 1274 captans,
1426 1216 1608 1271 neque
1643 1208 1908 1255 tractatus
1945 1197 2190 1267 integros
2219 1194 2566 1260 exseribens,
2597 1202 2657 1248 ut
2692 1190 2761 1249 de
2805 1195 2924 1264 ipso
2966 1192 3178 1251 Zonara
3226 1201 3421 1258 scribit
3456 1202 3567 1259 Leo

322 1288 559 1343 Allatius
576 1290 627 1360 (I
646 1291 717 1360 l).

392 1375 512 1429 Non
540 1376 765 1432 defuere
793 1386 974 1432 tamen
998 1379 1092 1447 qui
1119 1379 1372 1433 censorio
1403 1376 1640 1448 quodam
1662 1373 1872 1446 judicio
1906 1382 1967 1428 ut
1995 1371 2177 1426 minus
2204 1370 2542 1440 diligentem,
2583 1371 2815 1424 rnaxime
2855 1371 2947 1426 ubi
2979 1373 3047 1428 de
3089 1375 3255 1430 rebus
3297 1376 3566 1434 Romanis

321 1463 453 1531 agit,
481 1464 790 1519 vellicarint
814 1473 981 1535 atque
1002 1466 1144 1520 adeo
1176 1465 1621 1536 perstrinxerint.
1648 1482 1665 1512 ι
1691 1461 1910 1525 tlumia,
1934 1458 2325 1529 inquithorum
2348 1457 2488 1511 alter
2515 1457 2626 1529 (12)
2648 1500 2662 1523 ,
2690 1473 2817 1513 ante
2838 1460 3260 1518 Constantinum
3299 1466 3481 1538 int-pte
3514 1480 3567 1525 ct

325 1565 519 1618 parum
565 1551 858 1621 diligenter
909 1551 1003 1625 (de
1054 1556 1220 1609 rebus
1250 1552 1459 1608 Latinis
1513 1549 1725 1620 loquor)
1754 1548 2074 1616 exillicavit.
2122 1565 2141 1596 ι
2180 1544 2288 1600 Sed
2320 1562 2482 1614 quam
2510 1561 2646 1601 sano
2677 1547 2769 1601 illc
2798 1548 3011 1619 judicio
3040 1548 3155 1607 lucc
3177 1554 3445 1610 effutierit
3482 1558 3566 1613 ve!

325 1636 456 1692 inde
481 1646 653 1707 patet,
687 1639 834 1708 quod
867 1655 900 1693 a
923 1641 1086 1710 paulo
1115 1640 1456 1709 mquioribus
1481 1636 1786 1709 iudicibus,
1812 1636 1991 1705 iisque
2016 1633 2352 1705 pereruditis
2379 1634 2670 1705 quibusvis
2697 1635 3102 1708 chronologicis
3130 1642 3355 1712 scriptis
3386 1640 3558 1700 Anna-

319 1724 457 1778 lium
489 1725 713 1780 Zonaras
743 1743 871 1797 pars
901 1729 992 1783 illa
1021 1745 1143 1799 qua:
1172 1746 1262 1783 res
1295 1728 1518 1782 Latinas
1567 1732 1868 1796 pertractat
1909 1725 2067 1791 longe
2101 1731 2492 1791 anteponatur.
2534 1721 2670 1777 Nam
2699 1738 2825 1777 eum
2879 1725 2932 1778 in
2981 1730 3334 1785 recensendis
3368 1728 3566 1788 Roma-

317 1827 519 1867 norum
546 1815 713 1884 gestis
745 1831 813 1871 ex
849 1817 1021 1871 Dione
1052 1816 1380 1890 praesertim,
1406 1830 1571 1885 quem
1604 1814 1829 1867 minimc
1864 1821 2178 1866 truncatum
2224 1817 2284 1863 ut
2330 1809 2493 1863 hodie
2537 1809 2722 1864 editus
2754 1821 2838 1865 est
2881 1813 2979 1867 sed
3021 1814 3294 1886 integrum
3335 1820 3568 1890 legerat,

318 1899 553 1970 altisque
584 1902 946 1973 scriptoribus
969 1904 1059 1973 qui
1094 1886 1310 1974 periere
1341 1913 1650 1972 temporum
1678 1900 1901 1971 injuria,
1930 1899 2075 1952 banc
2104 1896 2349 1951 historia:
2382 1907 2594 1965 partem
2631 1900 2992 1968 eompcgerit,
3026 1919 3166 1958 nova
3210 1904 3324 1960 fere
3348 1886 3567 1979 semper

311 1994 376 2039 et
400 1987 472 2042 ab
508 1988 632 2043 aliis
656 1989 860 2045 indicta
888 2001 1283 2046 commemorat
1311 2009 1324 2044 :
1363 1991 1435 2044 ita
1470 1998 1531 2044 ut
1561 1988 1753 2049 multis
1782 1988 1835 2040 in
1860 1985 2000 2040 locis
2033 1984 2104 2040 de
2138 1984 2309 2039 verbo
2334 1984 2403 2038 ad
2442 1985 2670 2039 verbum
2694 1987 2922 2042 Dionem
2954 1993 3316 2062 exscripsisse
3348 1996 3567 2052 dicatur

315 2089 348 2126 a
373 2072 667 2131 Guillelmo
687 2075 991 2147 Xylandro,
1033 2077 1227 2132 Fulvio
1255 2077 1481 2139 Ursino,
1518 2075 1800 2130 Friderico
1829 2073 2126 2144 Sylburgio
2149 2084 2207 2128 et
2246 2073 2484 2128 Henrico
2515 2074 2755 2138 Valesio,
2804 2076 2967 2132 istius
2994 2080 3285 2151 scriptoris
3326 2086 3566 2140 eruditis

317 2161 741 2231 interpretibus,
774 2165 978 2235 quibus
1015 2166 1264 2220 solemne
1295 2174 1379 2220 est
1407 2180 1475 2219 ex
1515 2162 1729 2217 Zonara
1761 2171 1857 2215 aut
1879 2163 2057 2231 ipsum
2086 2160 2311 2215 Dionem
2342 2160 2639 2216 emendare
2663 2173 2759 2215 aut
2786 2163 3065 2221 Romanos
3093 2168 3399 2238 scriptores
3428 2174 3563 2229 alios
3616 2195 3623 2203 ·

317 2248 599 2304 illustrare
647 2268 661 2304 :
698 2254 840 2309 unde
865 2254 1193 2309 Theodorus
1216 2253 1493 2307 Marcilius
1531 2251 1643 2321 (l3)
1675 2250 1942 2305 Zonaram
1985 2256 2041 2300 ct
2074 2246 2417 2316 Xiphilinum
2452 2246 2642 2301 Dionis
2683 2248 2942 2320 subdigas
2989 2264 3167 2308 vocat.
3215 2255 3281 2311 Et
3309 2268 3459 2314 certe
3492 2260 3566 2316 ita

312 2335 384 2389 de
416 2337 628 2392 Znnara
679 2341 915 2396 sensisse
956 2350 1172 2398 constat
1204 2340 1458 2397 eumdem
1495 2334 1780 2403 Allatium,
1824 2355 1842 2389 ε
1893 2337 1989 2406 qui
2029 2355 2047 2387 ι
2094 2335 2171 2389 ait
2210 2335 2299 2390 ille
2350 2354 2367 2387 ι
2418 2335 2547 2390 licet
2590 2337 2644 2391 in
2695 2337 2924 2394 historia
2975 2351 3099 2411 post
3141 2343 3562 2405 Constantinum

314 2424 569 2494 Ilagnum
590 2426 833 2497 jejunior
864 2430 954 2493 sit,
984 2437 1040 2484 et
1073 2429 1289 2483 nonnisi
1317 2428 1475 2482 obvia
1506 2440 1740 2497 quaeque
1779 2423 2134 2493 percurrerit,
2153 2422 2212 2477 in
2248 2423 2333 2479 his
2364 2439 2495 2479 vero
2516 2440 2639 2495 qua:
2662 2433 2789 2481 ante
2820 2424 3240 2487 Constantinum
3270 2434 3338 2489 ad
3376 2439 3565 2493 mundi

303 2514 540 2569 exordia
571 2515 889 2587 diligentius
921 2528 978 2574 et
1000 2518 1278 2587 cepiosius
1307 2526 1577 2573 versatur.
1617 2534 1635 2566 ι
1670 2515 1788 2570 Non
1818 2512 2017 2566 mirum
2043 2512 2208 2581 igitur
2236 2511 2278 2565 si
2306 2511 2374 2566 ab
2400 2512 2706 2567 Alexandro
2738 2515 3059 2571 Brassicano
3085 2518 3136 2571 in
3156 2520 3481 2581 Prmfatione
3498 2529 3565 2581 ad

315 2602 638 2657 Salvianum
672 2606 901 2659 sincerae
953 2604 1077 2660 fidei
1137 2605 1456 2665 historicus,
1509 2610 1565 2658 et
1613 2618 1640 2657 a
1689 2603 2014 2658 Casaubono
2054 2599 2164 2669 (li)
2213 2599 2432 2655 dicatur
2488 2602 2574 2655 vir
2622 2603 3056 2661 eruditissimus.
3106 2607 3344 2665 Cedrcni
3387 2616 3563 2670 codici

318 2692 703 2762 manuscripto
730 2693 989 2748 schedam
1026 2694 1347 2764 ascripsisse
1377 2692 1581 2747 dicitur
1630 2690 1885 2752 Wolﬁus,
1928 2688 1982 2743 in
2024 2704 2131 2757 qua
2166 2687 2496 2742 observabat
2537 2700 2775 2745 tractare
2813 2692 2955 2747 idem
3001 2707 3384 2764 argumentum
3419 2706 3564 2772 quod

306 2776 580 2842 Zonaras,
620 2782 714 2834 sed
750 2781 952 2836 habere
985 2798 1014 2836 a
1058 2782 1270 2836 Zonara
1301 2782 1469 2835 multa
1524 2780 1593 2834 de
1642 2779 1911 2832 industria
1960 2776 2351 2846 praetermissa,
2388 2776 2675 2832 brevitatis
2702 2777 2845 2833 forte
2885 2782 3094 2847 studio,
3134 2787 3229 2840 sed
3268 2799 3428 2845 certe
3452 2810 3562 2847 ηυι,

308 2868 806 2934 praetermittenda,
843 2869 916 2923 ita
958 2877 1018 2923 ut
1060 2866 1285 2938 optione
1327 2868 1434 2923 sibi
1474 2867 1599 2922 data
1647 2867 1717 2921 ab
1759 2864 1918 2920 initio
1960 2862 2274 2919 Cedrenum
2318 2863 2545 2919 Zonara:
2589 2867 2943 2935 praetulisset.
2984 2869 3330 2944 Qui,ginquit
3363 2878 3561 2949 Xylan-

306 2954 414 3007 der
446 2954 582 3025 (l3),
613 2972 643 3010 a
677 2972 786 3027 quo
812 2957 927 3013 lucc
956 2973 1022 3014 ex
1045 2956 1245 3012 Wolfio
1280 2956 1618 3019 referuntur,
1657 2955 1723 3008 ad
1756 2970 1821 3009 ea
1851 2952 2091 3019 respexit
2127 2952 2418 3021 praecipue,
2445 2968 2566 3022 quae
2595 2952 2817 3009 aliunde
2848 2972 3011 3025 quam
3042 2975 3107 3013 ex
3144 2976 3210 3015 eo
3252 2966 3423 3033 repeti
3451 2981 3559 3023 non

313 3052 570 3111 possunt,
598 3059 723 3099 cum
755 3044 866 3101 duo
896 3044 1111 3115 priores
1141 3046 1368 3099 Zonara:
1398 3044 1532 3098 tomi
1586 3043 1747 3113 longe
1793 3041 2035 3110 alioquin
2078 3040 2190 3095 sint
2236 3041 2493 3097 meliores
2530 3058 2594 3097 ac
2625 3042 2786 3099 laude
2813 3043 3112 3117 digniores,
3151 3067 3315 3121 quam
3344 3070 3406 3109 ea
3442 3072 3562 3127 qua:

305 3131 382 3185 ad
408 3131 831 3188 Constantinum
863 3149 1036 3204 usque
1063 3133 1313 3204 Magnum
1338 3131 1631 3187 Cedrcnus
1660 3129 1900 3201 collegit.
1932 3128 2141 3185 Scribit
2174 3139 2436 3199 praetcrea
2485 3130 2628 3185 idem
2668 3130 2901 3188 Wolﬁus
2949 3136 3062 3208 (lti)
3113 3138 3382 3195 Zonaram
3428 3145 3564 3201 alias

307 3211 673 3287 prolixiorem
722 3220 919 3285 videri,
957 3231 1019 3276 ut
1059 3221 1115 3275 in
1160 3219 1390 3276 Iudaica
1446 3219 1701 3281 historia,
1731 3218 1868 3272 alias
1916 3216 2252 3280 breviorem,
2292 3224 2353 3271 ut
2394 3217 2448 3271 in
2493 3228 2807 3274 exterarum
2836 3223 3080 3291 gentium
3114 3228 3304 3295 gestis.
3351 3230 3413 3284 ln
3450 3248 3558 3303 quo

304 3307 537 3375 quidem
586 3308 628 3363 si
673 3323 780 3379 qua
820 3309 979 3379 culpa
1012 3306 1307 3363 commissa
1339 3314 1442 3369 est,
1483 3306 1898 3364 excusationem
1941 3304 2145 3361 habere
2186 3305 2358 3361 videri
2406 3305 2569 3371 hanc,
2613 3308 2760 3378 quod
2798 3309 2913 3378 ipse
2951 3327 3059 3367 non
3094 3330 3161 3368 ex
3209 3331 3311 3371 suo
3339 3317 3559 3390 ingenio

313 3394 667 3466 deprompsit
694 3410 758 3449 ca
796 3412 918 3466 quae
946 3396 1189 3466 scripsit,
1216 3394 1311 3448 sed
1347 3409 1413 3450 ex
1443 3394 1616 3448 variis
1637 3391 1962 3447 auctoribus
2006 3393 2234 3447 collecta
2265 3393 2319 3447 in
2352 3403 2563 3449 certum
2592 3395 2847 3451 ordinem
2900 3398 3111 3470 redegit
3139 3418 3154 3456 :
3187 3403 3281 3473 qui
3306 3416 3561 3474 auctores

314 3489 462 3538 inter
493 3498 554 3539 se
583 3482 938 3539 dissimillimi
982 3495 1131 3540 sunt.
1163 3481 1321 3550 Quod
1353 3491 1540 3537 autem
1573 3497 1683 3537 non
1712 3481 1899 3536 omnia
1931 3489 2253 3549 persecutus
2282 3492 2387 3548 est,
2435 3498 2544 3537 non
2584 3491 2696 3540 tam
2729 3484 3059 3555 negligentia
3089 3503 3251 3558 quam
3284 3493 3350 3548 de
3392 3495 3552 3549 indu-

311 3571 451 3627 stria
479 3569 699 3627 fecisse.

388 3659 613 3724 Verum,
644 3659 773 3716 licet
802 3660 857 3714 in
893 3660 961 3715 iis
986 3675 1110 3730 quae
1141 3669 1269 3731 post
1301 3658 1727 3716 Constantinum
1757 3657 2010 3728 Magnum
2046 3654 2270 3726 scripsit
2294 3656 2455 3713 obvia
2478 3673 2709 3730 quaeque
2742 3676 3069 3729 pencurrere
3098 3664 3368 3721 Zonaram
3402 3669 3550 3727 dicat

312 3745 575 3812 Allatius,
605 3748 770 3818 longe
796 3747 960 3804 aliter
993 3756 1177 3803 tamen
1210 3747 1451 3803 sensisse
1487 3746 1709 3801 videtur
1745 3744 1923 3801 exacti
1968 3743 2058 3798 vir
2095 3743 2293 3814 iudicii
2340 3743 2612 3800 Henricus
2652 3746 2922 3814 Valesius,
2963 3750 3057 3820 qui
3098 3769 3206 3807 non
3255 3755 3418 3811 modo
3461 3773 3557 3812 au-

307 3846 528 3891 ctorem
565 3845 651 3890 sat
681 3835 999 3903 diligentem
1030 3834 1179 3890 haud
1203 3834 1374 3891 semel
1403 3833 1682 3903 indigitat,
1714 3831 1810 3886 sed
1831 3830 1965 3886 etin
1998 3831 2066 3886 iis
2098 3831 2402 3901 praesertim
2439 3847 2561 3902 qua:
2591 3834 2847 3903 ejusdem
2897 3836 3242 3894 Constanini
3294 3840 3555 3899 familiam

316 3933 592 3991 spectant,
624 3924 1033 3978 accuratiorem
1064 3939 1228 3994 quam
1268 3923 1323 3978 in
1356 3921 1593 3983 caneris,
1624 3930 1806 3990 neque
1840 3919 1965 3973 aliis
1993 3919 2157 3973 obvia
2190 3919 2377 3974 dicere
2408 3919 2670 3976 observat
2695 3922 2831 3992 (l7).
2876 3920 2940 3977 Et
2978 3939 3109 3979 sane
3144 3943 3458 4000 quanquam
3500 3933 3552 3988 in

312 4011 675 4066 recensendis
702 4008 1115 4081 Cpolitanorum
1146 4010 1538 4081 imperatorum
1566 4009 1755 4078 gestis,
1788 4005 2089 4062 fusioribus
2127 4007 2268 4062 forte
2317 4007 2483 4063 editis
2514 4010 2927 4066 commentariis
2971 4017 3175 4069 versati
3224 4017 3334 4073 sint
3373 4018 3556 4075 Theo-

310 4098 548 4167 phanes,
580 4097 886 4163 Cedrenus,
921 4099 1184 4170 Scylitzes
1204 4108 1261 4154 et
1291 4097 1500 4167 aliquot
1533 4095 1648 4159 alii,
1680 4102 1895 4150 constat
1926 4094 1977 4148 id
1999 4094 2228 4150 Zonarae
2262 4097 2316 4151 in
2341 4096 2536 4167 primis
2571 4097 2859 4153 consilium
2893 4098 3081 4167 fuisse,
3115 4111 3176 4156 ut
3203 4120 3312 4159 non
3344 4108 3555 4176 plenio-

309 4201 431 4241 rem
458 4183 922 4256 quemadmodum
952 4186 987 4239 ii
1021 4185 1328 4249 historiam,
1363 4185 1459 4240 sed
1481 4183 1907 4239 contractiorem
1930 4192 2096 4252 atque
2120 4184 2263 4238 adeo
2296 4183 2687 4254 compendium
2714 4186 3115 4255 conscriberet,
3147 4189 3204 4243 in
3230 4208 3340 4261 quo
3372 4194 3553 4268 singu-

318 4276 453 4329 laria
480 4289 712 4345 quaeque
738 4281 796 4329 et
828 4289 949 4344 qua:
982 4274 1037 4328 in
1071 4290 1131 4328 re
1162 4274 1427 4329 historica
1460 4272 1723 4344 praecipui
1750 4270 2075 4326 viderentur
2112 4271 2374 4341 ponderis
2413 4272 2829 4344 perstringeret.
2866 4273 2939 4329 Ex
2968 4278 3172 4346 quibus
3209 4277 3368 4336 facile
3395 4283 3551 4338 dilui.

311 4374 407 4419 tut
439 4361 591 4434 quod
607 4364 695 4417 ait
722 4360 1003 4418 Gerardus
1047 4362 1291 4428 Vossius,
1332 4370 1446 4416 tum
1475 4362 1529 4416 in
1562 4377 1628 4417 eo
1653 4361 1917 4431 majorem
1955 4373 2142 4414 curam
2168 4367 2219 4414 et
2250 4358 2576 4414 industriam
2612 4361 2934 4427 desiderari,
2977 4373 3088 4418 tum
3121 4366 3287 4421 etiam
3324 4372 3557 4428 maxime

319 4451 630 4506 mirandum
654 4466 800 4517 esse,
838 4451 1019 4505 virum
1053 4466 1229 4521 usque
1254 4450 1393 4506 adeo
1418 4451 1797 4522 cxperientem
1826 4449 1879 4503 in
1904 4447 1990 4503 sui
2019 4446 2283 4518 temporis
2322 4449 2624 4519 praesertim
2673 4449 2841 4505 rebus
2878 4451 3142 4523 pleraque
3182 4457 3559 4525 perfunctorie

311 4549 530 4594 tantum
565 4540 776 4604 dicere,
817 4554 941 4594 cum
971 4539 1141 4594 multa
1174 4554 1479 4611 magnaque
1514 4540 1580 4594 iis
1608 4537 1962 4607 temporibus
1982 4543 2138 4607 gesta
2179 4543 2327 4601 sunt,
2376 4535 2631 4591 orientali
2676 4535 2812 4590 orbe
2849 4551 2978 4592 eum
3017 4540 3349 4597 occidentali
3398 4546 3562 4615 quasi

318 4637 685 4683 concurrente
712 4645 725 4681 :
752 4627 889 4681 adeo
924 4636 984 4681 ut
1006 4642 1178 4698 pauca
1218 4627 1329 4682 sint
1353 4626 1556 4696 quibus
1583 4625 1755 4680 ΔιειῙί
1787 4625 1955 4679 vitam
1994 4623 2399 4694 perstrinxerit.
2440 4623 2521 4690 ld,
2556 4627 2803 4693 inquam,
2845 4624 2992 4680 haud
3020 4642 3162 4696 aegre
3194 4630 3465 4686 refellitur
3490 4649 3553 4688 ex

312 4718 563 4773 auctoris
608 4717 783 4786 ipsius
813 4716 1105 4771 Annalium
1139 4715 1419 4776 lemmate,
1456 4715 1545 4769 vel
1572 4729 1641 4769 ex
1679 4714 1857 4783 ipsius
1898 4711 2250 4777 Praefationc,
2298 4711 2352 4765 in
2382 4726 2489 4780 qua
2522 4726 2634 4765 non
2662 4711 2956 4767 historiam
2989 4715 3088 4769 sed
3134 4715 3383 4773 historia:
3409 4735 3560 4774 com-

313 4805 584 4872 pendium
616 4804 861 4859 scribere
892 4819 952 4859 se
981 4804 1309 4874 profitetur;
1343 4804 1418 4857 ita
1446 4810 1504 4857 ut
1533 4803 1578 4856 si
1616 4800 1907 4875 prolixiori
1940 4799 2027 4854 sui
2056 4799 2321 4869 temporis
2350 4814 2440 4855 res
2470 4798 2666 4854 fuisset
2711 4811 3035 4869 persecutus
3064 4805 3400 4873 narratione,
3445 4810 3556 4878 pri-

321 4908 466 4946 mum
500 4894 792 4962 scriptoris
826 4890 1066 4947 cilicium
1114 4892 1343 4945 minime
1387 4890 1711 4946 observasse
1739 4889 2019 4943 diceretur
2050 4906 2062 4942 :
2096 4903 2243 4953 cum,
2271 4895 2331 4941 ut
2374 4888 2452 4942 ait
2485 4888 2699 4944 Plinius
2727 4888 2890 4952 alter,
2919 4890 3138 4946 titulum
3174 4908 3335 4949 suum
3376 4893 3559 4967 legere

320 4982 537 5044 debeat,
570 4992 739 5051 atque
764 4981 1075 5035 identidem
1106 4980 1447 5051 interrogare
1480 4994 1539 5035 se
1568 4978 1701 5049 quid
1733 4976 1966 5047 eruperit
2005 4977 2252 5033 scribere
2273 5014 2290 5041 ,
2331 4975 2582 5047 scireth
2612 4976 2657 5032 si
2681 4978 2925 5033 materiae
2960 4978 3285 5037 immoratur
3305 4999 3414 5039 non
3437 5000 3558 5041 esse

321 5070 559 5142 longum,
594 5070 975 5141 longissimum
1007 5071 1052 5125 si
1086 5071 1293 5141 aliquid
1336 5072 1573 5126 arcessit
1612 5079 1777 5139 atque
1818 5065 2069 5124 attrahit.
2108 5067 2284 5135 Atque
2328 5081 2394 5121 ex
2428 5067 2595 5121 haece
2635 5067 2882 5121 virorum
2909 5069 3254 5125 eruditorum
3290 5072 3441 5127 varia
3489 5074 3557 5127 de

322 5157 544 5213 Zonarte
574 5159 881 5214 Annalibus
916 5160 1190 5214 sententia
1227 5168 1377 5229 patet
1415 5176 1577 5230 quam
1609 5158 1955 5223 inl'austa‘sit'
1981 5168 2174 5208 eorum
2200 5162 2320 5207 sers
2350 5153 2445 5222 qui
2471 5154 2679 5224 aliquid
2708 5156 2957 5210 scribere
2985 5156 3404 5227 aggrediuntur,
3428 5174 3556 5214 cum

323 5246 609 5315 quibusvis
638 5262 701 5300 ac
725 5247 839 5301 fere
871 5247 1079 5317 iniquis
1110 5248 1397 5301 hominum
1424 5247 1650 5320 judiciis
1679 5254 1737 5301 et
1758 5260 2006 5301 censura:
2032 5244 2237 5315 ingenii
2279 5242 2447 5300 fmtus
2480 5255 2787 5317 exponunt.
3573 5250 3576 5253 λ

382 5332 655 5389 (ἒςηετιιιιι
688 5336 743 5387 in
787 5335 1079 5389 Annalium
1128 5335 1367 5390 decursu
1415 5334 1761 5389 occasionem
1800 5333 2076 5388 interdum
2124 5342 2307 5402 captat
2340 5332 2583 5388 Zonaras
2617 5334 2935 5390 Graecorum
2982 5350 3093 5389 sua:
3136 5335 3314 5390 aetatis
3372 5353 3556 5394 mores

322 5422 628 5490 vellicandi,
676 5425 846 5478 veluti
877 5440 1003 5479 cum
1044 5425 1292 5480 virorum
1332 5425 1839 5480 ecclesiasticorum
1904 5421 2203 5478 Simoniam
2253 5420 2450 5489 carpit.
2500 5433 2744 5477 comatos
2796 5432 2852 5476 et
2897 5422 3239 5479 cincinnatos
3288 5426 3558 5495 palatinos

384 5585 496 5657 (ω
526 5584 606 5657 οε
626 5583 818 5657 ονεοτθ-
905 5654 931 5657 _
1645 5580 1656 5608 ‘

1645 5580 1656 5608 ‘
2060 5587 2169 5656 (14)
2203 5586 2283 5640 Ad
2320 5588 2463 5642 Hist.
2504 5589 2642 5657 Aug.
2669 5601 2720 5657 p.
2748 5585 2873 5650 202,
2911 5585 2946 5639 2
2976 5585 3065 5643 ed.

386 5655 496 5721 (η)
524 5656 683 5725 Apud
707 5654 870 5710 Attat.
899 5654 973 5709 De
994 5672 1166 5714 error.
1189 5674 1367 5730 magn.
1391 5660 1555 5714 uiror.
1575 5657 1888 5723 indicendo,
2059 5654 2170 5722 (15)
2197 5658 2255 5712 ln
2282 5658 2493 5729 praefat.
2521 5654 2848 5712 ad'Cedren.

324 5739 371 5794 p.
396 5725 539 5797 liti,
806 5795 813 5797 ξ
857 5795 879 5797 μ
2065 5730 2174 5797 (υἱ)
2209 5728 2265 5781 In
2299 5728 2503 5797 praefat.

389 5796 495 5851 (15)
531 5796 584 5849 ln
605 5804 724 5851 not.
751 5795 816 5850 ad
850 5795 1078 5855 Sueten.
2064 5795 2175 5861 (Π)
2204 5803 2262 5853 In
2287 5795 2397 5852 not.
2435 5800 2503 5852 ad
2529 5799 2622 5853 lib.
2650 5813 2780 5855 xvul
2802 5798 3073 5856 Ammiani

1303 5926 1331 5942 δ
