3964 6252
311 905 319 918 Ι

388 367 456 434 15
1790 362 1894 422 DU
1929 359 2191 422 CANGll
3570 359 3638 424 16

382 478 708 554 perstringit
740 477 876 549 (l8),
902 487 957 532 et
987 475 1536 548 imperatores,quod
1573 472 1830 530 abdicato
1857 475 2041 542 patrio
2083 474 2286 528 vestitu
2330 471 2674 528 barbaricum
2713 473 3180 545 amplecterentur
3211 475 3344 548 (f9).
3387 474 3636 544 Denique

383 571 438 623 in
471 570 620 639 ipsos
655 565 836 641 adhuc
879 565 1158 636 Augustos
1205 579 1271 619 ae
1309 579 1503 619 eorum
1553 563 1607 617 in
1657 562 1826 617 rebus
1860 560 2321 616 administrandis
2372 562 2612 631 publicis
2669 563 3018 634 tyrannidem
3063 564 3283 634 gravius
3331 563 3635 618 invehitur.

381 657 518 713 Nam
555 663 616 710 ut
635 655 894 710 Valentis
919 652 1293 708 mathematici
1333 651 1448 723 (‘20)
1471 651 1540 706 de
1583 651 1740 706 urbis
1768 649 2072 720 Cpolitanae
2095 647 2389 702 duratione
2419 649 2630 704 editum
2657 650 2762 705 sub
2793 649 3163 706 Constantino
3190 649 3386 721 Magno
3441 649 3640 704 natali-

384 746 519 799 aitim
563 744 745 799 thema
790 741 1200 814 quodammodo
1234 751 1476 806 tueatur,
1506 755 1575 794 ne
1604 739 1834 792 omnino
1873 737 2070 792 falsum
2113 744 2358 806 putetur,
2403 752 2568 806 quam
2595 753 2771 792 annos
2793 738 2896 793 696
2927 737 3254 792 duraturam
3285 737 3638 808 pra-diverat.

303 803 333 892 ii
378 836 489 901 iam
517 833 648 887 olim
699 803 826 888 cuni
879 830 1160 888 scribebat
1187 829 1432 884 Zonaras
1460 803 1702 897 elapsos,
1732 825 1922 880 subdit
1964 835 2062 878 aut
2091 803 2283 876 falsam
2330 803 2752 879 existitnandam
2802 825 3051 897 ‘(alentis
3080 803 3517 895 praedictionem,
3543 833 3640 878 aut

381 934 556 974 armos
582 921 705 974 illos
739 918 1125 990 intelligendos
1165 931 1287 972 esse
1319 915 1526 985 quibus
1579 911 1834 968 instituta
1862 913 1942 966 rei
1994 911 2231 981 publicae
2280 927 2344 966 ac
2372 922 2551 966 status
2593 913 3090 979 conservabantur,
3122 914 3255 967 dum
3287 929 3424 967 suus
3463 913 3641 966 honor

313 991 316 996 ’
379 1017 498 1062 erat
544 1009 785 1072 senatui,
821 1006 951 1060 dum
997 1006 1148 1062 cives
1195 1002 1298 1058 sub
1332 1002 1577 1072 legitima
1619 999 1838 1070 imperii
1891 1009 2166 1068 potestate
2199 999 2492 1064 florebant,
2540 1015 2650 1054 non
2691 1009 2875 1055 autem
2925 1016 3051 1055 cum
3102 1001 3390 1055 manifesta
3421 999 3639 1070 vigebat

379 1095 631 1165 tyrannis
658 1094 1007 1148 dominorum
1040 1091 1258 1162 publica
1287 1090 1394 1145 sibi
1431 1105 1530 1160 pro
1563 1089 1794 1160 privatis
1823 1087 2226 1140 vindicantium
2256 1097 2313 1141 et
2353 1087 2421 1140 ad
2452 1103 2583 1142 suas
2617 1089 2932 1158 voluptates
2969 1089 3397 1151 conferentium,
3435 1103 3640 1158 easque

379 1200 572 1254 parum
611 1183 896 1248 honestas,
932 1198 1056 1236 cum
1086 1181 1307 1252 publica
1359 1180 1655 1250 quibusvis
1699 1178 1995 1240 donarent,
2031 1192 2133 1232 nec
2164 1191 2445 1245 pas'torum
2501 1177 2675 1231 instar
2722 1177 2980 1234 subditos
3013 1186 3336 1242 tractarent,
3388 1179 3637 1232 ncelana

381 1286 723 1340 supervacua
762 1271 1012 1336 detonsa,
1047 1269 1143 1326 sed
1172 1269 1493 1338 praedonum
1531 1283 1684 1322 more
1729 1282 1862 1321 oves
1897 1267 2212 1325 mactanda,
2241 1266 2306 1319 ad
2357 1265 2628 1320 medullas
2659 1265 2806 1335 ipsas
2836 1277 3190 1336 exsugerent.
3603 1272 3612 1278 ‘

450 1360 709 1415 Chronici
737 1357 957 1413 titulum
987 1356 1182 1412 huicec
1209 1357 1440 1410 Zonara:
1470 1357 1716 1410 historiae
1761 1355 2122 1424 ascripsimus
2158 1352 2628 1422 quemadmodum
2669 1353 2922 1408 Wolfius.
2968 1353 3100 1407 Nam
3136 1367 3193 1407 et
3221 1354 3292 1408 ita
3329 1354 3584 1408 laudatur
3611 1371 3640 1406 a

376 1448 640 1504 Michacle
670 1445 833 1518 Glyca
861 1445 917 1500 in
936 1445 1245 1500 Annalibus
1277 1462 1292 1502 :
1340 1445 1400 1497 Ὀ
1441 1445 1700 1514 Ζωναρᾶς
1738 1445 1798 1495 ἐν
1832 1443 1909 1510 τῷ

2081 1439 2182 1510 ικῷ
2214 1441 2652 1509 συντάγματι,ρι
2681 1440 2734 1493 in
2767 1442 2941 1494 altero
2977 1456 3008 1496 e
3038 1440 3326 1496 codicibus
3358 1442 3561 1513 Regiis,
3587 1443 3641 1496 in

377 1553 490 1609 quo
517 1537 760 1592 secunda
788 1536 1057 1590 duntaxat
1089 1551 1220 1605 pars
1249 1534 1592 1599 continetur,
1627 1533 1744 1587 haec
1770 1531 1942 1587 verba

2079 1537 2231 1582 ronte
2265 1527 2563 1598 leguntur:
2595 1527 2667 1579 Τὸ
2683 1528 2858 1599 παρὸν
2889 1527 3095 1598 βιϐλίον
3123 1529 3492 1598 χρονογράφος
3527 1529 3644 1580 ὀνο-

379 1623 636 1696 μάζεται.
662 1623 868 1680 Ver-um
899 1623 954 1676 in
991 1621 1184 1678 codice
1214 1619 1554 1686 Viennensi,
1599 1635 1709 1689 quo
1755 1635 1888 1672 usus
1931 1629 2018 1674 est
2055 1617 2288 1672 Wolfius
2312 1655 2326 1679 ,
2371 1615 2479 1669 alia
2538 1615 2776 1670 habetur
2822 1615 3120 1686 epigraphe
3144 1655 3160 1680 ,
3199 1615 3349 1671 hisce
3388 1617 3646 1672 videlicet

376 1710 608 1766 vocibus
640 1719 940 1779 concepta:
986 1707 1254 1777 Ἐπιτομὴ
1287 1706 1535 1775 ἱστοριῶν
1595 1705 1918 1772 συλλεγεῖσα.
1966 1705 2058 1756 καὶ
2115 1706 2500 1773 συγγραφεῖσα
2551 1705 2702 1774 παρᾶ
2761 1704 2854 1756 τοῦ
2909 1703 3222 1772 σοφωτάτου
3269 1706 3506 1774 μοναχοῦ
3547 1706 3643 1758 τοῦ

377 1798 636 1868 Ζωναρᾶ,
672 1796 768 1850 τοῦ
817 1795 1100 1866 γεγονότος
1144 1793 1381 1862 μεγάλου
1440 1791 1803 1864 δρουγγαρίου
1835 1791 1932 1859 τῆς
1975 1790 2167 1859 βίγ).ας
2220 1791 2316 1844 καὶ
2375 1793 2896 1862 πρωτοασηκρξτις.
2947 1791 3014 1846 Ει
3070 1808 3202 1846 sane
3252 1793 3642 1862 compendium

376 1885 621 1941 historiae
673 1885 920 1940 scribere
963 1897 1022 1938 se
1058 1881 1347 1952 profitetur
1403 1881 1518 1949 ipse
1549 1879 1794 1932 Zonaras
1818 1895 1832 1909 ·
1856 1879 1941 1949 Ἐι

2080 1879 2108 1933 i'
2142 1878 2409 1950 ἐπιτομὴν
2458 1879 2699 1954 ἱστορίας
2736 1881 3090 1950 πεποιημένῳ
3139 1881 3242 1934 οὐκ
3279 1882 3495 1934 ἐπέοικε
3546 1883 3645 1952 τὴν

375 1973 766 2045 πραγματείαν
798 1971 992 2026 θέσθαι
1025 1971 1374 2039 πολύστιγον,
1416 1979 1524 2022 etc.
1557 1967 1694 2038 (ει).

449 2069 779 2123 Universum
829 2083 962 2119 vero
1007 2079 1150 2134 opus
1177 2061 1316 2116 duas
1342 2062 1393 2114 in
1435 2071 1620 2130 partes
1661 2059 1990 2122 distribuit:
2034 2075 2098 2113 ac
2135 2061 2190 2113 in
2230 2061 2401 2130 priori
2451 2061 2678 2132 quidem
2717 2062 2964 2116 historia:
2995 2078 3159 2133 quam
3195 2063 3358 2134 vulgo
3391 2076 3636 2118 sanctam

378 2165 578 2210 vocant
604 2171 670 2208 ex
697 2154 870 2208 sacris
899 2152 1083 2206 Liltris
1106 2161 1162 2204 et
1193 2165 1260 2204 ex
1289 2148 1518 2218 Josephi
1553 2146 1934 2219 Archaeologia
1965 2149 2357 2219 compeiidintn
2384 2152 2730 2220 complexus,
2773 2159 2890 2205 tum
2922 2168 3010 2208 res
3043 2151 3360 2208 Graecorum
3393 2163 3644 2208 veterum

377 2244 574 2314 tangit,
607 2259 668 2296 ac
709 2242 1084 2295 Romanorum
1119 2237 1322 2293 deinde
1354 2237 1422 2291 ad
1451 2252 1516 2290 ea
1553 2251 1730 2306 usque
1787 2246 2037 2306 tempora
2089 2237 2384 2292 historiam
2425 2237 2705 2308 perducit,
2743 2240 2948 2308 quibus
2991 2255 3082 2294 res
3127 2240 3352 2310 publica
3390 2241 3443 2295 in
3479 2242 3648 2295 unius

377 2331 918 2388 administrationem
951 2343 1048 2382 seu
1087 2325 1468 2380 monarchiam
1505 2325 1729 2394 delapsa
1756 2335 1860 2378 est.
1890 2324 2134 2378 Alteram
2163 2335 2347 2380 autem
2378 2342 2407 2382 a
2443 2327 2800 2382 triumviratu
2838 2329 3081 2394 orditur,
3115 2345 3178 2384 ac
3210 2330 3504 2385 recensitis
3529 2331 3645 2385 sit:-

377 2422 633 2490 gulorum
691 2419 1090 2488 imperatorum
1145 2413 1315 2485 gestis
1357 2428 1534 2482 usque
1573 2411 1640 2465 ad
1672 2412 1850 2465 Alexii
1895 2411 2162 2467 Cotuncni
2215 2414 2428 2469 exitum
2481 2418 2856 2486 persoquitur,
2901 2417 2953 2473 id
2999 2427 3085 2472 est
3117 2419 3184 2472 ad
3227 2419 3486 2474 saeculum
3534 2433 3646 2489 quo

364 2512 500 2580 'ipse
537 2509 676 2562 vixit
709 2505 1089 2558 undecimum.
1122 2502 1242 2556 Non
1275 2501 1453 2556 solum
1477 2499 1627 2554 enim
1649 2499 1883 2554 Joannis
1914 2499 2180 2556 Cnmneni
2217 2503 2573 2573 imperatoris
2611 2505 2788 2560 Alexii
2834 2507 2930 2560 lilii
2975 2507 3250 2572 meminit,
3294 2507 3392 2561 sed
3428 2517 3483 2561 et
3520 2506 3644 2562 Ma-

377 2597 541 2652 nnele
573 2594 806 2650 Joannis
841 2592 953 2648 filio
982 2593 1290 2662 imperante
1327 2589 1532 2643 vixisse
1571 2587 1714 2641 infra
1751 2587 2036 2642 docemus.
2081 2589 2356 2644 Cat-terum
2401 2591 2516 2646 liaac
2567 2593 2865 2646 Annalium
2905 2594 3134 2648 Zonarae
3166 2595 3395 2665 partitio
3430 2611 3538 2648 non
3575 2610 3645 2648 ex

379 2691 494 2758 ipsa
539 2683 704 2739 modo
738 2681 1074 2738 Pra'fatione
1107 2679 1434 2751 percipitur,
1467 2677 1562 2732 sed
1589 2677 1895 2748 praesertim
1925 2693 1990 2731 ex
2025 2677 2211 2732 verbis
2240 2678 2448 2748 quibus
2478 2696 2605 2748 pars
2636 2680 2790 2750 prior
2817 2681 3100 2735 clauditur
3127 2682 3264 2753 (22),
3303 2693 3470 2752 atque
3506 2683 3645 2738 adeo

375 2791 442 2829 ex
469 2774 698 2829 alterius
726 2770 1115 2841 inscriptione,
1157 2784 1278 2838 quae
1303 2769 1356 2822 in
1389 2766 1614 2836 scriptis
1644 2765 1934 2820 codicibus

2077 2767 2274 2822 :verba
2305 2769 2564 2839 praefert:
2600 2773 2766 2842 Ἀρχὴ
2800 2771 2896 2842 τῆς,
2923 2774 3052 2842 περὶ
3081 2773 3190 2824 τῶν
3222 2773 3642 2844 αὐτοκρατόρων

377 2861 640 2933 ἱστορίας.
671 2859 886 2927 Quibus
923 2858 1146 2930 quidem
1183 2856 1414 2911 vocibus
1447 2855 1501 2909 in
1533 2854 1712 2910 altero
1749 2869 1818 2908 ex
1861 2854 2049 2924 Regiis
2081 2853 2220 2917 istae,
2271 2857 2593 2912 charactere
2622 2859 2753 2914 licet
2785 2860 2951 2930 paulo
2992 2861 3312 2922 recentiori,
3355 2861 3645 2930 praeﬁgun-

379 2963 466 3006 tur
493 2969 507 3004 :
539 2949 799 3020 Ἱστορίας
831 2947 1064 3017 Ζωναρᾶ
1097 2945 1260 3015 τόμος
1281 2943 1532 3014 δεύτερος
1567 2943 1662 2996 καὶ
1682 2941 1944 2994 τελευταῖς

2079 2943 2158 2996 led
2191 2944 2496 3012 praesertim
2531 2946 2672 2999 alter
2703 2961 2772 3001 ex
2803 2947 3012 3017 Regiis,
3047 2947 3139 3016 qui
3178 2948 3476 3002 secundam
3501 2949 3644 3001 dun-

378 3047 526 3093 taxat
575 3047 786 3109 partem
833 3034 1128 3089 Annalium
1172 3031 1400 3086 Zonarac
1445 3031 1854 3100 complectitur,
1907 3029 1960 3082 in
2027 3031 2220 3100 primis
2271 3042 2566 3086 contextus
2614 3034 2778 3088 lineis
2825 3035 2968 3089 hanc
3016 3036 3368 3105 partitionem
3416 3049 3644 3106 prmsns

376 3127 596 3192 astruit,
634 3125 688 3179 in
719 3139 830 3195 quo
863 3121 1103 3192 scriptor
1132 3121 1205 3174 ita
1232 3119 1375 3173 hanc
1404 3119 1622 3172 orditur
1653 3137 1664 3170 :
1709 3117 1802 3181 Ἐξ
1831 3120 1941 3188 ἀρχ’

2077 3117 2135 3170 ὲν
2165 3113 2279 3182 οὖν,
2306 3119 2382 3180 ὡς
2415 3121 2471 3172 ἐν
2505 3123 2570 3190 τῇ
2609 3121 2852 3192 προτέρᾳ
2892 3121 3062 3192 βίϐλῳ
3096 3140 3184 3192 μοι
3226 3125 3639 3194 προῖστόρηται,

379 3213 698 3287 βασιλεῦσιν
743 3215 775 3282 ἡ
815 3211 926 3262 τῶν
966 3208 1280 3278 ’1)ιυμαίων,
1318 3217 1426 3260 etc.
1469 3206 1572 3262 Ubi
1611 3204 1786 3259 codex
1835 3206 1944 3259 aliu

2073 3206 2220 3276 egius
2265 3217 2321 3260 et
2362 3206 2694 3263 Culhertcus
2727 3218 2930 3280 praeter
2974 3211 3274 3264 editionem
3313 3211 3638 3266 Wollianam

377 3306 497 3354 haec
531 3307 742 3352 tantum
775 3295 983 3350 habent
1010 3301 1039 3346 :'
1073 3292 1164 3356 Ἐξ
1191 3291 1368 3361 ἀρχῆς
1403 3290 1502 3380 μὲν
1529 3287 1644 3355 οὖν,
1677 3289 1754 3352 ὡς
1795 3290 1942 3358 ἱστόρ

2083 3333 2097 3356 ,
2127 3304 2238 3347 etc.
2283 3293 2390 3347 Sed
2423 3306 2478 3348 et
2513 3296 2567 3348 itt
2607 3296 2860 3367 ejusdem
2904 3296 3114 3352 codicis
3148 3297 3300 3368 Regii
3335 3298 3495 3352 initio
3526 3299 3641 3352 hanc

376 3389 680 3458 leguntur:
722 3385 810 3436 Ἐν
858 3383 1100 3456 προτέρᾳ
1147 3379 1313 3450 βίϐλῳ
1360 3377 1605 3449 περίέΑει
1648 3377 1715 3430 τὰ
1757 3377 2024 3448 Ἑϐραϊκὰ
2053 3381 2145 3432 καὶ
2178 3381 2246 3434 τὰ
2299 3383 2429 3452 περὶ
2470 3383 2760 3452 Ῥωμαίων
2805 3386 3051 3448 ὑπάτων,
3087 3386 3164 3454 τῷ
3189 3385 3245 3456 διὲ
3278 3387 3376 3448 τὰς
3403 3385 3510 3438 τῶν
3543 3386 3641 3438 απτ..

377 3473 731 3545 τοκρατόρων
767 3471 1033 3542 ἱστορίαις.
1069 3469 1214 3534 Quin
1245 3467 1414 3522 etiam
1446 3465 1747 3521 Wolfianos
1771 3463 1942 3519 COdin

2074 3483 2166 3521 inc
2213 3469 2506 3523 Annalium
2544 3470 2771 3526 Zonarac
2799 3474 3154 3542 partitionem
3202 3475 3508 3542 praetulisse
3547 3491 3639 3528 ar-

379 3561 498 3634 guit
532 3561 677 3631 quod
706 3561 760 3614 in
803 3558 986 3612 fronte
1024 3555 1269 3611 Zonaraci
1311 3553 1523 3608 codicis
1548 3569 1576 3606 a
1612 3569 1672 3608 se
1701 3551 1856 3622 Cpoli
1893 3554 2064 3623 empti
2094 3555 2328 3624 praefixit
2357 3557 2599 3612 Joannes
2631 3558 3110 3622 Deruschwamus,
3148 3569 3204 3614 et
3233 3565 3398 3616 exeo
3434 3563 3644 3617 descri-

381 3650 490 3722 psit
517 3650 572 3703 in
614 3665 712 3703 sua
751 3645 1077 3700 l’racf'atione
1111 3643 1366 3699 Wolfius.
1401 3641 1478 3696 Ex
1522 3643 1730 3711 quibus
1779 3635 2002 3696 abunde
2053 3642 2333 3713 colligitur
2365 3645 2532 3699 hosce
2567 3647 2810 3700 Annales
2845 3647 2899 3700 in
2935 3647 3076 3702 duos
3103 3647 3370 3703 duntaxat
3403 3659 3582 3705 tomos
3611 3668 3642 3706 a

376 3737 594 3790 Zonara
625 3735 796 3789 fuisse
828 3732 1177 3802 dispertitos,
1215 3745 1323 3784 non
1359 3746 1490 3784 vero
1523 3729 1576 3782 in
1627 3741 1760 3792 tres,
1798 3741 1858 3784 ut
1900 3729 2025 3784 illos
2054 3732 2242 3787 divisit
2270 3734 2414 3788 idem
2447 3735 2683 3790 Wolfius
2718 3755 2730 3790 :
2771 3751 3006 3806 quorum
3050 3737 3200 3804 prior
3237 3737 3306 3792 de
3333 3738 3502 3793 rebus
3539 3738 3640 3793 Ju-

379 3826 558 3880 tlaicis
585 3824 654 3878 ab
689 3823 850 3878 initio
881 3821 1070 3876 mundi
1105 3836 1279 3891 usque
1323 3821 1389 3872 ad
1430 3817 1994 3888 llierosolymitanum
2039 3822 2357 3890 excidium;
2387 3825 2529 3878 alter
2562 3825 2850 3879 historiam
2895 3825 3199 3880 Romanam
3232 3827 3301 3880 ab
3327 3826 3471 3882 Urbe
3501 3842 3635 3880 con-

379 3915 493 3967 dita
527 3928 701 3982 usque
733 3909 800 3964 ad
828 3908 1256 3965 Constantinum
1278 3905 1534 3977 Magnum
1566 3906 1811 3960 breviter
1837 3909 2256 3978 complectitur,
2287 3915 2342 3966 in
2371 3927 2478 3982 qua
2513 3923 2626 3966 tum
2665 3915 2916 3980 Dionem,
2952 3925 3015 3969 ut
3047 3916 3305 3970 diximus,
3335 3925 3447 3969 tum
3474 3916 3641 3969 etiam

379 4001 634 4070 Eutropit
660 4001 1022 4070 interpretem
1049 3995 1350 4057 i’aeanium,
1370 4009 1533 4063 quem
1569 3994 1638 4048 ad
1669 3995 1899 4048 verbum
1927 4011 2309 4067 saepenumero
2335 4001 2620 4062 exserihit,
2655 4011 2714 4054 ut
2749 4002 3102 4056 observatum
3136 4017 3165 4055 a
3198 4001 3478 4071 Scaligero
3503 4002 3639 4069 (‘25),

383 4089 692 4160 praesertim
725 4089 1000 4157 sequitur.
1055 4083 1280 4138 Tertius
1300 4080 1540 4152 denique
1579 4082 1980 4152 imperatorum
2024 4101 2114 4140 res
2157 4097 2340 4157 gestas
2369 4103 2397 4140 a
2432 4087 2798 4142 Constantino
2841 4087 3037 4157 Magno
3083 4103 3256 4156 usque
3308 4089 3376 4141 ad
3423 4089 3639 4144 obitum

381 4177 557 4231 Alexii
584 4174 854 4232 Comneni
887 4181 1108 4228 tractat.
1147 4170 1364 4225 Falsum
1397 4179 1578 4224 tamen
1621 4180 1840 4225 constat
1885 4170 2394 4238 Dernscliwamum,
2443 4188 2568 4227 cum
2612 4174 2750 4227 dixit
2791 4173 3032 4242 priorem
3075 4173 3371 4229 Annalium
3411 4175 3640 4233 Zonarac

380 4274 594 4336 partem
637 4264 692 4316 in
733 4259 1240 4330 Hierosolymorum
1279 4257 1560 4312 excidium
1593 4258 1870 4314 desinere.

459 4353 614 4407 Licet
644 4363 808 4422 porro
833 4347 1018 4404 Wollii
1051 4347 1252 4401 divisio
1287 4346 1513 4400 tolerari
1540 4347 1950 4416 quodannnodo
1974 4349 2170 4417 possit,
2206 4358 2264 4403 ut
2310 4364 2434 4419 quae
2477 4363 2689 4402 sacram
2724 4348 3014 4402 historiam
3049 4367 3076 4404 a
3113 4349 3372 4407 Romanse
3411 4355 3488 4408 ι’ιὶ
3539 4371 3639 4426 pn-

381 4437 567 4506 blicae,
607 4452 827 4492 rursum
861 4449 1200 4506 paganorum
1242 4448 1273 4487 a
1312 4433 1762 4490 Christianorum
1795 4437 2195 4506 imperatorum
2223 4436 2450 4490 historia
2482 4436 2809 4506 distinguat,
2857 4453 2982 4492 cum
3033 4439 3207 4508 ipsius
3235 4440 3462 4497 Zonarac
3496 4443 3640 4498 divi-

385 4514 532 4585 sioni
559 4525 840 4586 contraria
871 4523 964 4588 sit,
1005 4523 1180 4577 satius
1209 4521 1470 4578 duximus
1506 4539 1574 4578 ex
1616 4523 1862 4578 virorum
1907 4523 2256 4578 eruditorum
2287 4523 2520 4578 (ORSiiiO
2563 4523 2882 4580 uuiversmn
2925 4524 3031 4580 hoc
3069 4526 3362 4581 Annalium
3395 4545 3536 4599 opus
3583 4531 3639 4585 in

380 4617 558 4672 libros
589 4631 717 4670 xvnt
746 4612 964 4684 partiri,
992 4611 1169 4667 libros
1195 4627 1327 4668 vero
1357 4615 1411 4666 in
1441 4611 1738 4675 scctiones,

1125 4710 1129 4714 ”
1295 4715 1515 4772 Sumere
1541 4732 1606 4770 ne
1635 4716 1796 4770 lector
1826 4717 1957 4786 juge
1987 4727 2204 4786 paveret
2236 4733 2388 4788 Opus.

381 4808 509 4848 nam
543 4802 605 4848 ιιι

1297 4873 1598 4929 Intervalla
1627 4875 1724 4930 via:
1755 4873 1903 4944 fessis
1935 4884 2192 4943 prwstare
2228 4875 2434 4930 videtur

1371 4946 1477 5012 Qui
1505 4953 1654 4999 notat
1679 4945 1960 5015 inscriptus
1986 4945 2158 4999 millia
2185 4946 2368 5000 crebra
2396 4948 2532 5020 lapis
2557 4949 2693 5023 (25),

380 5077 394 5132 Ξ
405 5086 458 5132 ta
499 5074 765 5132 librorum
794 5073 1099 5130 divisiones
1127 5089 1158 5126 a
1185 5071 1452 5140 continua
1479 5065 1744 5124 lectionis
1772 5065 2104 5147 assiduitate
2129 5069 2357 5126 lectoris
2385 5073 2632 5128 animum
2665 5074 2937 5142 relaxant,
2983 5090 3111 5130 cum
3141 5074 3308 5130 habet
3338 5074 3430 5130 ubi
3471 5075 3640 5147 longo

379 5163 538 5234 quasi
569 5162 770 5218 itinere
791 5160 1123 5232 defatigatus
1145 5157 1446 5222 consistat;
1480 5155 1785 5226 praesertim
1814 5146 1984 5210 etiam
2017 5171 2143 5210 cum
2169 5159 2310 5214 nihil
2344 5162 2559 5215 auctori
2592 5161 2892 5217 detrahant
2924 5177 3024 5218 nec
3069 5163 3390 5233 scriptionis
3433 5146 3637 5219 seriem

377 5253 734 5323 abrumpant.
764 5250 920 5306 Adde
949 5248 1098 5320 quod
1130 5246 1182 5302 id
1217 5243 1536 5316 partitionis
1561 5257 1739 5315 genus
1769 5242 1836 5298 ad
1869 5243 2024 5298 locos
2057 5259 2124 5299 ex
2166 5247 2541 5317 scriptoribus
2568 5248 2824 5304 laudatos
2857 5249 3044 5304 statim
3089 5249 3453 5320 reperiendus
3492 5252 3638 5306 mul-

382 5349 500 5397 tum
530 5339 808 5395 conducat
841 5358 854 5390 :
891 5337 1039 5392 unde
1087 5334 1378 5390 inductum
1419 5331 1552 5386 illud
1595 5330 1713 5386 fere
1761 5331 1832 5386 ab
1873 5330 2277 5389 eruditioribus
2311 5335 2364 5389 in
2397 5335 2688 5404 quibusvis
2722 5337 3153 5406 exemplaribus,
3204 5353 3326 5408 quae
3372 5340 3638 5394 continua

376 5428 522 5488 serie
543 5427 750 5499 absque
777 5425 940 5481 libris
971 5425 1054 5480 vel
1081 5423 1291 5494 absque
1317 5419 1596 5493 capitibus
1619 5419 2042 5477 describuntur.
2077 5421 2234 5488 Quod
2263 5421 2512 5492 quidcm_
2533 5423 2609 5478 ita
2653 5424 2707 5477 in
2761 5423 2976 5480 Zonara
3005 5425 3374 5492 confecimus,
3401 5437 3461 5480 ut
3495 5427 3636 5484 alte-

2140 5579 2253 5652 (ἓὲ.)
2285 5581 2408 5652 Lib.
2436 5597 2512 5647 ix,
2538 5593 2676 5636 seet.
2708 5581 2809 5638 ult.

2137 5650 2249 5721 (25)
2282 5651 2340 5706 In
2365 5661 2478 5705 not.
2514 5653 2579 5704 ad
2611 5653 2840 5712 Euseb”
2871 5667 2924 5722 p.
2951 5651 3078 5714 ΞΗ,
3105 5653 3231 5719 “lii,
3263 5653 3298 5709 ‘2
3320 5650 3456 5709 edit.

2139 5724 2252 5794 (ει)
2285 5723 2524 5777 Rutilius
2553 5726 2774 5780 humat.
2806 5726 2902 5777 lib.
2941 5740 3000 5776 ιι.

449 5591 562 5663 (l8)
591 5589 715 5663 Lib.
743 5604 843 5652 vn,
876 5584 1126 5663 sect.__l_7.

449 5656 560 5732 (i9)
592 5661 712 5732 Lib.
739 5673 792 5722 ς,
829 5666 966 5732 se_ct.
993 5656 1085 5709 28.

445 5725 558 5804 (‘20)
587 5731 704 5804 Lib.
738 5744 851 5790 xm,
873 5725 930 5778 5.

445 5797 559 5869 fil)
586 5799 704 5856 Lib.
732 5813 813 5865 ιιι,
847 5806 984 5853 sect.
1011 5797 1100 5852 26.

3141 5912 3213 5920 σε-.
