3964 6252
284 344 349 405 l7
1710 339 2129 402 PR’IEFATIO.
3468 344 3534 407 18

278 465 396 504 ram
430 458 647 520 partem
677 450 1006 506 Wolfianam
1041 467 1072 506 a
1098 463 1198 514 vn,
1230 450 1451 504 tertiam
1487 463 1622 502 vero
1652 464 1681 502 a
1717 463 1810 502 xm
1841 447 2008 513 libro,
2044 456 2102 502 ιιι
2132 459 2341 519 partem
2370 450 2670 506 Annalium
2696 451 2926 507 alteram
2959 456 3263 511 secundum
3292 456 3536 529 auctoris

275 549 556 608 receptam
591 539 924 595 divisionem
953 556 981 593 a
1014 539 1159 594 libro
1193 555 1227 593 x
1263 537 1643 607 auspicemur.

343 626 464 681 1am
508 642 646 681 vero
675 627 810 697 quid
860 627 1120 682 Wolfium
1153 626 1441 697 impulerit
1482 633 1542 678 ut
1593 623 1659 677 ad
1710 623 1936 680 Zonarae
1985 627 2224 684 Annales
2261 629 2315 683 in
2351 628 2605 685 Latinam
2662 631 2904 703 linguam
2954 633 3361 689 convertendos
3412 648 3535 687 sese

274 714 609 781 aceinxerit,
640 715 897 785 pluribus
925 715 1172 770 declarat
1201 716 1321 786 ipse
1359 713 1415 768 in
1453 710 1807 777 Praefatione,
1842 728 2009 783 quam
2042 725 2248 770 nostra:
2292 716 2383 772 hic
2434 717 2784 787 subjicimus,
2817 728 2983 789 atque
3017 722 3186 775 etiam
3222 721 3275 775 iu
3312 721 3414 775 alia
3464 719 3533 774 ad

275 802 572 872 Nieepliori
612 802 870 873 Gregorae
892 802 1191 858 Historiam
1233 818 1263 856 a
1303 818 1360 857 se
1396 802 1605 871 pariter
1634 800 1793 855 Latio
1822 801 2106 868 donatam,
2143 819 2328 874 quam,
2367 813 2428 858 ut
2457 814 2513 859 et
2544 804 2792 871 Zonaras,
2821 805 3062 862 Antonio
3085 805 3334 877 Fuggero
3363 806 3533 860 nobili

273 890 554 945 Germano
593 892 823 946 dicavit.
857 892 916 947 ln
951 908 1059 961 qua
1088 901 1367 962 postrema
1411 893 1491 947 sic
1540 891 1827 961 loquitur:
1885 908 1905 942 ι
1945 890 2144 944 Fateor
2182 891 2440 961 equidem
2492 892 2560 947 ad
2605 894 2878 950 Zonaram
2917 894 3354 950 convertendum
3398 910 3535 964 prae.

276 979 404 1033 miis
432 994 462 1033 a
502 989 552 1033 te
589 979 914 1048 propositis,
960 994 1138 1049 coque
1184 989 1435 1049 tempore
1480 977 1933 1048 percpportunis,
1977 978 2137 1034 initio
2172 981 2472 1035 excitatum
2529 996 2614 1035 me
2662 981 2831 1037 fuisse
2867 982 3071 1052 potius'
3105 997 3271 1052 quam
3320 991 3535 1050 meapte

274 1069 567 1121 voluntate
613 1069 918 1123 accessisse
949 1085 963 1121 :
1019 1084 1131 1122 non
1186 1076 1293 1122 tam
1345 1067 1594 1122 laborum
1628 1076 1685 1121 et
1715 1067 2094 1122 molestiarum
2131 1067 2280 1139 fuga,
2315 1070 2522 1139 quibus
2554 1069 2629 1124 ita
2681 1078 2796 1125 tum
2837 1073 3058 1142 quoque
3096 1086 3444 1126 assueveram
3477 1079 3537 1123 ut

274 1156 470 1226 ignavo
496 1155 613 1208 otio
648 1155 785 1209 nihil
833 1155 970 1210 mihi
1015 1166 1161 1210 esset
1206 1155 1517 1218 molestius,
1566 1171 1733 1225 quam
1776 1154 2009 1224 privatis
2055 1157 2194 1212 meis
2232 1158 2450 1223 studiis,
2492 1159 2537 1215 si
2585 1158 2718 1229 quid
2769 1159 2998 1214 daretur
3039 1159 3161 1223 otii,
3208 1158 3449 1221 fruendi,
3480 1169 3537 1212 et

273 1246 597 1300 diuturnam
644 1245 801 1313 quasi
851 1246 1000 1299 sitim
1048 1245 1212 1299 varite
1251 1244 1509 1300 lectionis
1549 1244 1931 1316 restingucnili
1978 1244 2306 1315 cupiditate.
2350 1265 2368 1297 ι
2426 1246 2562 1302 Cum
2592 1262 2720 1305 vero
2754 1246 2823 1303 de
2859 1247 3239 1317 angerorum
3269 1246 3534 1302 nobilium

275 1333 479 1403 insigni
530 1333 863 1388 liberalitate
900 1349 966 1389 ac
1003 1333 1385 1388 munificentia
1425 1333 1480 1388 in
1519 1333 1787 1388 eruendis
1829 1332 1899 1387 ab
1946 1321 2176 1390 interitu
2209 1335 2374 1390 bonis
2403 1334 2562 1391 libris
2591 1336 2735 1392 idem
2768 1335 2883 1391 fere
2916 1335 3179 1406 praedicet
3207 1333 3537 1391 Guillelmus

275 1419 576 1491 Xylander,
605 1420 958 1491 praemiisque
993 1422 1208 1477 illectos
1250 1422 1320 1477 ab
1366 1422 1435 1476 iis
1482 1437 1596 1475 sum
1645 1422 1824 1476 aetatis
1865 1419 2018 1475 viros
2062 1420 2315 1477 eruditos
2361 1429 2598 1477 testetur
2626 1422 2720 1492 qui
2749 1422 2971 1480 Graecos
2999 1422 3296 1498 scriptores
3345 1420 3536 1475 Latina

273 1517 401 1575 toga
428 1507 703 1562 donarent
737 1509 976 1563 necdum
1006 1508 1214 1574 editos,
1244 1509 1330 1562 vel
1365 1508 1493 1563 inde
1522 1517 1673 1579 patet
1702 1518 1937 1579 quantas
1971 1507 2170 1564 debeat
2198 1510 2405 1581 gratias
2452 1526 2541 1565 res
2581 1511 2851 1565 litteraria
2878 1511 3013 1565 viris
3038 1508 3402 1579 principibus.
3440 1510 3534 1577 qui

276 1596 578 1665 propositis
608 1596 847 1652 subinde
872 1596 1096 1651 coronis
1133 1597 1412 1666 publicam
1443 1597 1741 1651 utilitatem
1772 1596 1879 1651 sibi
1906 1596 2207 1667 iuvandam
2250 1607 2589 1666 proponunt,
2618 1607 2675 1652 et
2706 1598 2878 1654 Musis
2908 1614 3020 1652 non
3051 1613 3272 1666 semper
3309 1597 3540 1665 opulen~

274 1687 365 1747 t‘s,
406 1684 522 1738 imo
567 1699 815 1754 persaepe
866 1685 1151 1755 inopibus,
1205 1700 1430 1737 manum
1485 1685 1629 1738 ultro
1669 1684 1978 1756 porrigunt.
2025 1685 2212 1754 Neque
2260 1686 2410 1740 enim
2453 1686 2611 1741 fateri
2660 1686 2990 1756 dedignatur
3022 1686 3258 1757 ipsemet
3283 1683 3537 1748 Wolﬁus,

272 1772 549 1841 quidquid
586 1773 858 1828 hactenus
890 1773 1166 1838 ediderat,
1203 1772 1257 1826 id
1296 1774 1380 1826 vel
1420 1772 1640 1842 publica
1693 1773 1929 1827 utilitate
1985 1773 2069 1827 vel
2121 1773 2467 1843 temporibus
2523 1773 2640 1828 suis
2684 1774 2985 1828 adductum
3029 1773 3248 1838 fecisse,
3281 1788 3384 1827 nec
3427 1779 3538 1825 tam

272 1859 473 1914 famam
510 1868 761 1930 captasse
812 1877 979 1930 quam
1032 1858 1235 1916 famem
1273 1860 1500 1916 vitasse.
1549 1859 1656 1915 Sed
1688 1871 1742 1913 et
1772 1858 2055 1930 Xylander
2084 1860 2242 1931 (25):
2288 1879 2306 1912 ι
2344 1861 2451 1926 Me,
2491 1880 2510 1913 ι
2548 1861 2753 1931 inquit,
2812 1881 2830 1913 ι
2879 1878 2946 1916 ne
2986 1862 3119 1931 quid
3167 1860 3537 1923 dissimulem,

272 1956 596 2018 paupertas,
630 1948 820 2004 utille
868 1949 966 2013 ait,
1015 1949 1234 2018 impulit
1279 1948 1460 2002 audax
1495 1957 1556 2002 ut
1593 1948 1769 2001 libros
1815 1946 2078 2003 facerem.
2131 1968 2149 2001 ι
2199 1950 2373 2015 Quem
2423 1949 2646 2020 quidem
2692 1951 2969 2006 dicentem
3018 1949 3297 2005 audivisse
3342 1942 3539 2002 scribit

273 2034 519 2090 Joannes
549 2036 921 2091 Leunclavius
951 2036 1089 2107 (96).
1132 2034 1580 2091 lucubrationem
1620 2036 1876 2090 Dioniam
1915 2043 1971 2089 et
2018 2035 2156 2092 alias
2198 2053 2308 2091 non
2339 2053 2369 2091 a
2404 2038 2549 2092 fama
2596 2037 2693 2092 sed
2731 2038 2875 2092 fame
2910 2036 3015 2092 sibi
3048 2037 3258 2106 pariter
3292 2043 3542 2089 extortas

272 2138 337 2176 ac
376 2124 754 2193 praecipitatas
798 2124 991 2180 fuisse.
1042 2125 1233 2195 Neque
1267 2133 1583 2179 nostrorum
1634 2122 1962 2177 sreculorum
2014 2124 2335 2179 istha-c'est
2367 2127 2636 2180 duntaxat
2664 2126 2914 2195 querela,
2958 2142 3081 2181 cum
3129 2125 3375 2195 legamus
3399 2125 3533 2192 (‘27).

274 2211 528 2267 Plautum
562 2221 790 2282 propter
820 2228 1056 2269 annonae
1080 2211 1457 2268 difﬁcultatem
1499 2212 1564 2266 ad
1596 2212 1768 2266 molas
1797 2212 2109 2266 manuarias
2138 2214 2405 2282 pistorem
2443 2229 2500 2269 se
2524 2216 2757 2280 locasse,
2803 2214 2990 2283 ibique
3023 2212 3243 2283 quoties
3270 2212 3342 2267 ab
3373 2227 3542 2282 opere

273 2312 545 2369 vacasset,
599 2304 849 2359 scribere
898 2303 1113 2361 fabulas
1150 2304 1373 2358 solitum
1425 2312 1481 2356 et
1523 2301 1762 2357 vendere
1792 2318 1805 2354 :
1837 2300 2117 2370 quomodo
2148 2302 2314 2355 etiam
2347 2301 2648 2357 Pacuvium
2682 2301 3096 2357 Brundusinum
3136 2300 3532 2369 tragoediarum

273 2385 603 2459 scriptorem
638 2391 825 2445 Romae
851 2389 1125 2460 picturam
1167 2390 1487 2445 exercuisse
1515 2405 1579 2443 ac
1612 2389 1828 2443 fabulas
1858 2386 2171 2441 vendidisse
2201 2386 2405 2442 fer’unt.
2440 2389 2548 2445 Sed
2575 2397 2632 2445 et
2657 2389 3031 2451 Lactantium,
3074 2388 3258 2443 virum
3291 2387 3539 2441 omnimn

275 2492 378 2531 suo
416 2487 670 2547 tempore
702 2479 1170 2540 eruditissimum,
1209 2478 1349 2533 adeo
1384 2478 1440 2532 in
1481 2478 1584 2532 hac
1629 2477 1740 2531 vita
1788 2490 2086 2546 pauperem
2134 2476 2327 2543 fuisse,
2372 2488 2430 2532 ut
2460 2480 2789 2549 plerumque
2822 2478 2990 2534 etiam
3031 2476 3363 2533 necessariis
3402 2476 3546 2530 indi-

273 2566 481 2635 gnerit,
517 2565 717 2621 scribit
745 2566 1041 2621 Eusebius.
1080 2565 1323 2621 Infausta
1349 2565 1576 2619 omnino
1602 2565 1974 2619 litteratorum
2020 2562 2290 2629 conditio,
2341 2566 2437 2635 qui
2472 2582 2541 2621 ne
2570 2582 2770 2637 panem
2798 2565 3173 2623 emendicent.
3209 2564 3384 2620 libros
3412 2579 3543 2618 con-

277 2654 445 2708 ficere
481 2662 783 2724 coguntur.
826 2653 1105 2709 Debemus
1156 2652 1323 2723 igitur
1373 2653 1682 2707 illustribus
1717 2651 2003 2721 Fuggcris,
2042 2652 2192 2721 quod
2236 2651 2459 2708 illorum
2505 2669 2641 2709 cura
2684 2665 2741 2709 et
2790 2653 3107 2724 sumptibus
3159 2653 3214 2706 in
3261 2651 3542 2722 publicum

275 2740 588 2810 prodierint
611 2741 841 2796 Joannis
873 2741 1122 2806 Zonaras,
1159 2739 1379 2810 Georgii
1410 2738 1668 2800 Cedreni,
1703 2738 1907 2792 Niceta:
1941 2738 2251 2795 Acominati
2280 2751 2337 2796 et
2369 2743 2670 2814 Nieephori
2714 2742 2974 2813 Gregoraa
3013 2741 3282 2804 historiae,
3313 2747 3371 2795 et
3395 2739 3543 2809 quod

275 2846 463 2884 rerum
497 2831 930 2902 llyzautinarum
954 2830 1108 2885 hisce
1132 2828 1481 2884 editionihus
1510 2838 1730 2899 gustum
1774 2827 1934 2896 primi
1964 2827 2375 2897 quodammodo
2409 2830 2733 2900 inspirarint
2756 2830 3070 2906 litterarum
3108 2826 3400 2883 studiosis.
3436 2825 3544 2880 Sed

276 2935 383 2971 non
412 2919 600 2974 minus
633 2919 902 2973 obstricta
946 2917 1054 2972 erit
1103 2917 1320 2972 erudita
1368 2916 1665 2986 posteritas
1699 2931 1890 2986 regum
1938 2925 2256 2972 nostrorum
2289 2919 2709 2986 munificentiae,
2749 2919 2847 2989 qui
2897 2933 3008 2972 non
3056 2917 3328 2970 hactenus
3381 2912 3547 2967 modo

276 3006 589 3076 publicatos
621 3008 1022 3077 imperatorum
1058 3004 1481 3076 Cpolitanorum
1537 3004 1791 3059 historia:
1836 3004 2164 3073 scriptores,
2216 3005 2310 3060 sed
2341 3014 2397 3059 et
2444 3021 2619 3061 novos
2648 3020 2711 3060 ac
2744 3021 2776 3059 e
2810 3001 3209 3073 manuscriptis
3261 3001 3549 3056 codicibus

276 3110 339 3147 ex
385 3094 538 3164 regia
567 3112 631 3148 ac
655 3095 920 3164 locupleti
955 3109 1186 3165 prorsus
1210 3093 1550 3148 bibliotheca
1576 3093 1938 3162 depromptos
1969 3093 2261 3163 magnifico
2288 3093 2428 3148 adeo
2475 3103 2643 3164 atque
2687 3093 2975 3164 splendido
3001 3097 3274 3160 apparatu
3298 3089 3388 3143 edi
3412 3105 3551 3159 quo-

279 3183 407 3237 tidie
438 3184 653 3244 volunt,
676 3183 813 3238 viris
840 3181 1022 3238 doctis
1047 3191 1106 3235 ut
1136 3182 1192 3236 in
1225 3180 1371 3236 idem
1401 3180 1695 3237 consilium
1723 3196 1832 3235 una
1862 3182 2202 3252 conspirent,
2220 3197 2430 3253 suaque
2449 3182 2738 3238 conferant
2769 3180 2974 3247 studia,
2996 3178 3169 3248 Regia
3194 3177 3547 3246 praemiorum

280 3270 531 3327 mercede
565 3272 811 3328 invitatis
840 3288 905 3327 ac
927 3272 1156 3327 illectis.

344 3360 647 3415 Enimvero
683 3369 743 3414 ut
772 3360 1005 3416 Wolﬁus
1034 3361 1089 3414 in
1124 3359 1412 3415 vertendis
1442 3360 1670 3414 Zonarm
1697 3358 2002 3416 Annalibus
2025 3368 2277 3417 versatus
2307 3360 2499 3428 fuerit,
2529 3375 2763 3431 quaeque
2791 3357 3105 3415 observarit
3148 3366 3356 3427 quotve
3398 3355 3550 3409 codi-

282 3449 437 3503 cibus
468 3450 699 3518 scriptis
728 3451 782 3503 in
818 3449 1014 3505 iisdem
1045 3449 1277 3505 edendis
1302 3465 1437 3504 usus
1466 3450 1660 3512 fuerit.
1692 3450 1961 3527 pluribus
1984 3451 2038 3504 in
2072 3449 2333 3520 pradicta
2385 3450 2451 3505 ad
2478 3449 2706 3506 eosdem
2739 3448 2981 3504 Annales
3013 3445 3343 3501 Praefatione
3378 3458 3553 3514 expo-

285 3537 396 3602 nit;
428 3549 488 3591 et
538 3547 602 3592 ut
631 3540 684 3591 in
723 3553 892 3608 opere
928 3538 1123 3593 Latine
1167 3536 1469 3608 Graeceque
1503 3538 1874 3594 exscribendo
1909 3539 2218 3610 adjutorem
2261 3539 2365 3594 sibi
2417 3538 2678 3595 asciverit
2719 3536 3015 3594 Jeremiam
3064 3533 3358 3597 Martium,
3415 3547 3555 3601 pra:-

284 3625 441 3680 claraa
473 3635 591 3679 tum
628 3624 833 3680 indolis
865 3626 1302 3691 adolescentem,
1332 3626 1609 3681 medicum
1647 3625 1849 3680 deinde
1882 3626 2172 3697 physicum
2197 3625 2608 3698 Augustanum.
2639 3627 2812 3692 Quem
2845 3624 3074 3694 quidem
3104 3638 3174 3677 ea
3203 3621 3272 3676 de
3298 3636 3358 3675 re
3382 3618 3552 3673 verba

284 3713 574 3770 facientem
614 3721 843 3785 prarstat
866 3715 1062 3780 audire
1104 3715 1160 3768 in
1198 3714 1532 3770 Przefatione
1575 3714 1641 3768 ad
1687 3713 1904 3769 Nonum
1950 3714 2254 3780 medicum,
2285 3731 2451 3784 quem
2488 3714 2840 3784 Argentorati
2878 3713 2924 3768 is
2962 3711 3176 3786 primus
3207 3708 3383 3764 edidit
3407 3722 3563 3761 anno

289 3802 423 3859 1568
463 3822 479 3857 :
523 3823 541 3854 ι
578 3802 717 3858 Cum
750 3803 955 3873 itaque,
996 3821 1015 3856 ι
1043 3804 1243 3873 inquit,
1291 3822 1311 3855 ‹
1349 3818 1457 3857 non
1493 3803 1647 3872 parvi
1696 3802 1964 3858 interesse
1993 3803 2244 3857 viderem
2291 3810 2353 3855 ut
2401 3802 2527 3871 quis
2570 3800 2981 3871 quamprimum
3022 3795 3250 3867 optimis
3303 3803 3557 3849 uteretur

288 3893 750 3963 prmeeptoribus,
784 3907 887 3946 nec
928 3892 1000 3947 ob
1048 3893 1126 3947 rei
1172 3892 1465 3947 familiaris
1511 3891 1822 3962 angustiam
1855 3889 1963 3943 alio
1994 3888 2248 3942 conferre
2286 3903 2395 3950 me,
2429 3886 2576 3956 quod
2607 3886 2769 3940 unice
2793 3884 3078 3953 optabam,
3104 3895 3347 3951 possem,
3397 3893 3552 3933 com~

287 3981 446 4036 mode
477 3996 613 4036 sane
647 3980 852 4035 cecidit
886 3988 962 4050 ιιι,
984 3996 1052 4035 eo
1098 3980 1219 4049 ipso
1268 3987 1518 4049 tempore
1558 3978 1713 4048 Cpoli
1752 3979 2053 4047 Augustam
2087 3974 2425 4028 all'errentur
2464 3973 2708 4028 Annales
2737 3971 2969 4028 Joannis
3007 3970 3237 4025 Zonaras
3262 3976 3319 4021 et
3350 3964 3557 4020 Nicetae

286 4067 571 4124 Choniata!
603 4068 862 4130 historia,
916 4067 1231 4137 sumptibus
1285 4065 1563 4135 magnifici
1614 4075 1671 4119 et
1713 4065 1966 4135 generQSi
2001 4063 2104 4117 viri
2153 4074 2211 4118 et
2254 4062 2631 4119 studiosorum
2674 4061 2924 4116 omnium
2975 4055 3289 4114 Maecenatis
3328 4052 3574 4109 Antonii.

289 4155 543 4227 Fuggeri.
596 4156 749 4222 Quos
786 4170 913 4211 cum
960 4154 1431 4225 prudentissimus
1470 4154 1574 4216 vir,
1604 4152 1681 4205 -in
1720 4151 1990 4220 judicium
2027 4148 2297 4229 adhibitis
2336 4149 2676 4204 doctissimis
2712 4146 3065 4213 hominibus,
3103 4143 3381 4214 pmcipuc
3421 4155 3555 4194 vero

291 4243 571 4299 Ludovico
595 4244 825 4306 Carino,
863 4242 954 4298 cui
982 4250 1039 4297 et
1075 4240 1361 4295 tribuebat
1395 4242 1631 4293 multum
1664 4248 1721 4293 et
1744 4256 1854 4309 quo
1895 4254 2004 4292 uno
2033 4228 2283 4292 omnium
2314 4238 2551 4292 maxime
2577 4236 2985 4298 delectabatur,
3026 4235 3226 4305 dignos
3274 4228 3567 4287 existima-2‘

290 4344 374 4387 ret
412 4342 474 4387 ut
505 4335 561 4387 in
593 4333 880 4404 publicum
932 4330 1169 4394 exirent,
1203 4340 1317 4383 tum
1364 4328 1435 4383 ob
1491 4345 1675 4383 rerum
1709 4345 1848 4398 quas
1889 4328 2203 4401 tractabant
2253 4326 2704 4397 amplitudinem,
2750 4336 2867 4380 tum
2923 4325 2995 4379 ob
3049 4321 3298 4377 historias
3352 4318 3554 4375 seriem

292 4420 667 4492 longissimam
697 4436 726 4475 a
767 4419 998 4475 condito
1025 4416 1235 4473 mundo
1274 4431 1450 4485 usque
1481 4415 1717 4486 eleganti
1751 4414 1947 4470 ordine
1975 4414 2292 4479 deductam,
2327 4414 2566 4469 sollicite
2602 4417 2687 4482 (ut
2724 4413 2829 4468 fuit
2857 4410 3222 4483 propagandae
3261 4406 3557 4479 posterita-

295 4508 365 4562 tis
402 4508 871 4576 studiosissimus)
911 4507 980 4562 de
1032 4504 1400 4561 conversione
1451 4504 1716 4574 cogitare,
1749 4510 1805 4556 et
1844 4517 2006 4571 quem
2032 4504 2082 4556 ei
2119 4502 2335 4557 muneri
2364 4502 2647 4573 praeﬁcere
2694 4510 2901 4572 posset,
2931 4500 3092 4555 anxie
3120 4496 3435 4553 deliberare
3466 4506 3558 4548 se-

294 4614 415 4651 cum
446 4597 641 4667 caepit,
674 4606 732 4652 et
767 4596 989 4652 tandem
1019 4594 1087 4649 de
1112 4593 1306 4647 multis
1330 4606 1777 4657 unumeumque
1811 4590 1963 4642 omni
1996 4590 2214 4645 liberali
2246 4590 2500 4644 doctrina
2539 4588 2933 4660 politissimum
2966 4587 3170 4652 virum,
3202 4593 3259 4639 et
3289 4583 3345 4638 in
3372 4582 3563 4651 lingua

299 4694 529 4755 utraque
561 4685 903 4754 singularem
952 4697 1150 4753 prope,
1212 4680 1611 4749 Hieronymum
1645 4677 1927 4742 Wolfium,
1968 4678 2172 4733 scholae
2217 4687 2274 4734 et
2322 4677 2479 4734 urbis
2510 4688 2708 4733 vestrae
2740 4683 3154 4738 ornamentum,
3200 4687 3308 4728 non
3361 4671 3559 4740 exigua

299 4773 508 4841 praemii
554 4788 652 4842 spe
681 4771 967 4842 proposita
1002 4770 1192 4840 elegit.
1231 4768 1405 4834 Quem
1436 4766 1679 4820 laborem
1713 4766 1818 4819 hoc
1852 4766 2117 4822 libentius
2140 4768 2407 4837 suscepit,
2442 4782 2552 4837 quo
2576 4766 2834 4833 juvandte
2876 4762 3222 4835 posteritatis
3257 4758 3561 4815 studiosior

297 4873 351 4915 et
385 4863 721 4933 Fuggcrana:
771 4861 993 4915 familiae
1032 4859 1213 4913 laudis
1259 4853 1627 4926 propagandae
1656 4852 1872 4907 avidior
1913 4853 2037 4909 fuit.
2077 4854 2186 4909 Sed
2226 4872 2352 4910 cum
2382 4855 2454 4910 ob
2490 4854 2748 4910 afﬂictam
2800 4851 3271 4915 valetudinent,.a
3303 4862 3414 4918 qua
3446 4844 3564 4933 fere

297 4932 582 5019 nunquam
615 4950 689 5003 ob
719 4949 1005 5004 assiduum
1032 4948 1088 5001 in
1118 4944 1320 5001 litteris
1348 4943 1618 5005 studium,
1651 4950 1711 4994 ut
1742 4957 1844 5011 ego
1868 4941 2092 5011 quidem
2124 4944 2401 5008 existimo,
2439 4944 2582 4998 liber
2612 4953 2723 5003 est.
2756 4943 2911 4997 solus
2938 4949 2997 4996 et
3025 4936 3271 4995 versioni
3316 4944 3383 4991 et,
3419 4932 3558 4988 εει-ιο

300 5038 473 5108 ptioni
501 5054 701 5094 vacare
729 5054 837 5093 non
869 5045 1075 5107 posset,
1108 5051 1195 5089 me
1224 5034 1353 5095 sibi,
1383 5031 1680 5087 accedente
1705 5032 2038 5087 auctoritate
2064 5042 2122 5088 et
2163 5033 2399 5089 consilio
2438 5033 2665 5087 Joannis
2708 5031 2966 5100 Baptistae
3015 5026 3328 5091 Heintzelii,
3374 5023 3478 5108 viri
3507 5028 3564 5075 el

302 5107 485 5183 rerum
535 5129 955 5183 tractandarum
1004 5142 1108 5181 usu
1139 5124 1328 5180 eximii
1362 5131 1418 5176 et
1456 5120 1564 5176 mei
1603 5118 1990 5180 amantissimi,
2032 5135 2063 5173 a
2108 5121 2268 5189 cujus
2295 5119 2687 5189 praedicatione
2736 5117 2944 5171 invitus
2991 5114 3311 5186 digredior,
3348 5107 3563 5164 socium

302 5215 554 5270 laborum
590 5212 861 5280 adjunxit,
894 5229 1126 5284 meaque
1153 5223 1322 5282 opera
1351 5210 1406 5264 in
1432 5206 1801 5263 cxscribendo
1829 5204 2046 5263 Zonara
2076 5218 2132 5262 et
2176 5206 2447 5262 Choniate
2494 5200 2683 5261 Graace
2734 5212 2791 5260 et
2836 5203 3033 5259 Latine
3092 5201 3235 5256 ultra
3285 5198 3581 5284 integrum

308 5319 506 5358 annum
544 5319 682 5359 usus
710 5313 820 5369 est,
850 5281 1084 5373 eamque
1112 5281 1222 5356 non
1255 5314 1487 5370 prorsus
1524 5294 1881 5365 improbavit.
1906 5294 2012 5360 Qui
2047 5296 2131 5349 vel
2165 5296 2236 5350 ob
2267 5284 2379 5353 hoc
2409 5296 2594 5349 minus
2633 5293 2817 5365 gravis
2848 5291 2984 5347 mihi
3022 5296 3147 5345 esSe
3177 5281 3565 5373 debuit,quod

307 5401 360 5445 et
389 5394 617 5448 triennii
665 5403 925 5464 sumptus
968 5372 1246 5447 Antonius
1280 5387 1583 5459 Fuggerus,
1625 5398 1693 5439 eo
1728 5392 1947 5449 exacto,
1982 5383 2266 5455 pollicitus
2308 5393 2416 5448 est,
2446 5391 2504 5436 et
2537 5381 2928 5464 liberalissime
2965 5377 3139 5464 etiam
3182 5372 3459 5446 praestitit.
3507 5376 3567 5424 (ει

306 5494 405 5550 ego
432 5490 645 5537 tantum
674 5460 931 5538 utilitatis
974 5498 1041 5536 ex
1085 5480 1340 5536 doctrina
1384 5486 1441 5532 et
1483 5473 1787 5531 domestica
1831 5469 2234 5527 consuetudine
2263 5467 2447 5524 Woltii
2490 5466 2635 5536 cepi,
2667 5474 2730 5518 ut
2757 5466 2880 5534 ejus
2911 5460 3119 5517 laboris
3152 5470 3434 5529 nunquam
3477 5467 3567 5508 me

311 5573 577 5637 pienitere
608 5571 835 5627 debeat.
878 5591 897 5624 ι
934 5570 1217 5625 Hactenus
1243 5570 1360 5625 ille.

381 5731 490 5805 (25)
524 5733 583 5805 in
613 5731 768 5805 praef.
800 5728 865 5805 ad
881 5726 1074 5805 _Cedr.
1599 5728 1614 5741 ‘
2067 5716 2178 5789 (27)
2215 5714 2415 5770 Euseb.
2447 5713 2501 5767 in
2525 5712 2657 5768 Chr.
2694 5710 2790 5765 lib.
2816 5725 2855 5767 ι.

387 5800 493 5873 (ἳΰ)
525 5803 582 5855 ln
609 5800 763 5873 praef.
789 5800 854 5853 ad
881 5800 1134 5854 Dionem.
