3964 6252
370 317 444 383 ιο
1771 323 1880 386 DU
1915 323 1935 384 (

2056 321 2180 384 cu
3106 393 3115 402 _
3547 317 3621 380 ρο

323 506 330 512 _
429 433 702 488 Cancrum
735 449 852 488 non
891 451 998 491 una
1043 445 1126 492 est
1175 437 1230 492 in
1287 453 1418 492 mss.
1470 437 1758 494 codicibus
1796 437 2024 490 lunam:
2077 435 2368 490 Annalium
2422 433 2814 504 descriptionis
2843 435 3005 498 ratio,
3050 448 3147 487 seu
3201 446 3388 486 rerum
3440 430 3494 484 in
3547 429 3620 491 iis

365 528 818 590 pertractatarum
847 533 1168 594 spectentur
1191 535 1537 597 argumenta,
1573 543 1700 596 quzu
1739 527 1790 580 in
1821 524 2152 595 quibusdam
2183 539 2248 578 ex
2283 524 2348 577 iis
2389 523 2445 579 in
2480 521 2844 594 marginibus,
2876 535 2972 576 seu
3007 521 3096 588 qui
3148 517 3446 582 interdum.
3488 533 3619 573 cum

367 624 509 662 nova
539 609 834 665 inchoatur
864 613 1116 676 materia,
1146 613 1201 668 in
1232 614 1354 684 ipso
1393 624 1654 669 contextu
1687 615 1830 667 tituli
1863 621 2234 682 apponuntur.
2271 611 2348 666 Ac
2371 623 2520 666 certe
2553 608 2732 680 quoad
2769 617 2930 663 notas
2962 607 3096 662 istas
3121 606 3469 679 marginales.
3499 621 3614 660 non

363 711 582 766 semper
619 700 786 753 etiam
831 700 1038 755 caedem
1085 702 1140 756 in
1185 703 1446 756 omnibus
1489 700 1898 772 exemplaribus
1929 701 1984 755 in
2013 699 2214 768 quibus
2262 698 2557 762 habentur,
2601 711 2704 751 nec
2753 695 2919 750 simili
2959 695 3200 750 dictione
3253 703 3506 748 exaratis.
3551 692 3612 746 In

362 785 694 852 quibusdam
728 796 994 857 praeterea
1028 789 1305 844 interdum
1337 791 1524 859 plures
1553 805 1615 845 ac
1647 789 1964 845 crebriores
1995 802 2160 856 quam
2191 785 2246 840 in
2269 785 2414 848 aliis,
2444 785 2499 840 in
2527 783 2858 856 quibusdam
2894 798 2994 853 per
3036 781 3324 837 intervalla
3365 779 3618 850 longius-

363 873 486 927 cola
525 873 810 930 brevlores
861 887 1182 932 occurrunt.
1239 879 1297 932 In
1344 878 1469 932 aliis
1507 878 1750 946 denique
1784 864 1848 931 ac
1891 872 2300 946 antiquioribus
2338 871 2627 928 codicibus
2672 871 2839 930 nulla:
2886 869 3006 926 fere
3053 883 3271 938 semper
3313 866 3616 925 habentur.

364 960 569 1014 Scribit
599 961 712 1018 Leo
729 965 965 1018 Allatius
986 966 1037 1019 in
1057 965 1300 1020 Diatriba
1333 965 1400 1020 dc
1420 965 1668 1036 Gcorgiis
1694 965 1785 1020 ulli
1812 965 1880 1020 de
1904 963 2156 1020 Cedreno
2175 959 2306 1033 [imo
2333 959 2584 1033 Scylitza,
2611 975 2660 1015 c.
2683 959 2778 1031 27]
2797 959 2930 1028 agit,
2959 967 3178 1014 exstare
3207 958 3262 1012 in
3283 955 3619 1012 bibliotheca

365 1051 644 1104 Slortiana
679 1053 932 1110 codicem
972 1054 1250 1125 ingentem
1287 1054 1506 1125 Georgii
1561 1054 1813 1126 Scylitzze
1843 1067 2041 1109 nomen
2079 1049 2486 1124 praderentem,
2521 1049 2650 1103 licet
2690 1048 2883 1103 unicos
2924 1048 3195 1102 duntaxat
3232 1045 3460 1107 Zonaras
3507 1047 3622 1100 An-

366 1139 518 1193 nales
542 1140 844 1194 comineat.
887 1140 994 1196 Sed
1025 1152 1081 1196 et.
1127 1142 1272 1196 inter
1301 1143 1521 1198 codices
1560 1142 1841 1197 Palatinos
1886 1142 2112 1196 Romam
2155 1139 2414 1195 advectos
2441 1153 2500 1195 se
2535 1138 2736 1196 vidisse
2779 1137 3025 1212 ejos‘lem
3059 1136 3288 1192 Zonara
3319 1134 3614 1190 historiam

365 1225 640 1296 principio
694 1227 965 1296 mutilam,
1031 1244 1062 1283 a
1114 1230 1432 1284 monarehia
1481 1230 1850 1284 Romanorum
1893 1229 2272 1300 incipientem,
2323 1227 2379 1282 in
2447 1242 2575 1297 qua,
2623 1226 2726 1282 etsi
2769 1225 2916 1282 notis
2969 1224 3037 1279 ab
3080 1223 3309 1279 historia
3359 1221 3616 1286 diversis,

367 1312 645 1381 praeﬁxum
679 1323 761 1368 est
795 1315 1071 1385 Γεωργιου
1093 1316 1190 1370 τοῦ
1219 1317 1510 1388 Σκυλίτζη.
1538 1318 1668 1384 Qua-
1695 1317 1918 1387 quidem

2049 1316 2156 1381 'ert,
2191 1314 2392 1384 inquit,
2425 1314 2496 1369 ab
2528 1314 2676 1370 edito
2705 1313 2941 1378 Zonara,
2970 1310 3197 1382 quodin
3232 1309 3416 1382 capita
3439 1308 3614 1363 divisa

367 1399 572 1470 ubique
601 1403 900 1475 summaria
929 1405 1173 1473 capitum
1204 1405 1484 1460 exhibeat.
1512 1423 1530 1455 ι
1567 1407 1646 1460 An
1681 1419 2070 1466 summarum,»
2107 1402 2296 1457 subdit
2327 1403 2472 1457 idem
2501 1402 2754 1460 Allatius.
2785 1420 2803 1452 ς
2842 1411 3036 1456 auctor
3067 1398 3334 1469 Scylilzes
3366 1395 3514 1452 istc?
3544 1412 3619 1450 an

365 1497 658 1556 propterea
703 1489 786 1544 vei
821 1489 1018 1544 fraude
1050 1505 1150 1546 sua
1197 1492 1282 1546 vel
1327 1491 1733 1562 exscriptorum
1789 1489 2081 1548 oscitanlia
2138 1491 2384 1546 historia:
2430 1499 2624 1546 auctor
2659 1487 3100 1544 comminiscitur
3134 1506 3154 1538 ι
3205 1501 3302 1541 seu
3351 1481 3620 1554 ﬁngitur?

366 1573 514 1628 unde
543 1589 772 1644 prorsus
811 1577 940 1632 licet
973 1579 1253 1650 conjicere
1297 1579 1480 1636 haece
1520 1595 1704 1634 rerum
1739 1590 2056 1650 argumenta
2107 1595 2215 1633 non
2259 1594 2379 1634 esse
2421 1579 2595 1648 ipsius
2615 1577 2860 1640 Zonartn.
2893 1585 3007 1632 tum
3052 1589 3120 1630 ex
3151 1589 3218 1630 eo
3256 1573 3421 1629 etiam
3468 1572 3619 1645 quod

362 1659 596 1716 diversis
619 1677 764 1733 saepe
793 1675 1060 1736 concepta
1109 1667 1294 1722 verbis
1335 1669 1610 1738 legantur,
1651 1679 1765 1723 tum
1819 1669 1992 1738 quod,
2023 1679 2080 1722 ut
2109 1670 2291 1740 attigi,
2324 1671 2474 1724 varie
2519 1669 2862 1742 marginibus
2901 1670 3180 1732 codicum.
3224 1669 3354 1727 alibl
3406 1669 3622 1726 scilicet

363 1748 562 1813 rarius,
595 1749 726 1806 alibi
761 1752 994 1823 singulis
1041 1755 1215 1811 ferme
1249 1757 1491 1824 periodis
1541 1757 1930 1826 appingantur.
1963 1756 2120 1825 Quod
2155 1773 2318 1826 quam
2365 1757 2560 1812 inutile
2600 1757 2674 1812 sit
2695 1757 2780 1812 vel
2823 1771 2892 1812 ex
2939 1772 3008 1812 eo
3055 1766 3227 1828 patet,
3279 1757 3428 1830 quod
3457 1757 3620 1827 longe

363 1836 537 1891 satius
564 1848 649 1892 est
695 1855 819 1908 qu:e
842 1843 896 1896 in
928 1853 1188 1897 contextu
1235 1845 1476 1899 breviter
1517 1845 1793 1915 descripta
1830 1845 2108 1902 habentur
2131 1847 2332 1918 legere,
2363 1861 2528 1916 quam
2583 1847 2638 1902 in
2688 1847 3048 1918 argumentis,
3081 1862 3208 1902 cum
3243 1845 3476 1902 totidem
3506 1845 3625 1908 fere

363 1939 584 1994 semper
619 1927 808 1981 verbis
857 1940 1134 1984 constent.
1169 1931 1240 1985 Ea
1267 1932 1672 2003 qualiacunque
1717 1941 1848 1986 sunt
1893 1941 1952 1987 et
2001 1931 2310 2004 cujnsmodi
2347 1933 2398 1986 itt
2435 1933 2556 1988 suis
2594 1931 2882 1989 codicibus
2924 1935 3212 1990 invenerat
3257 1934 3629 2005 Hieronymus

369 2012 598 2070 Wolﬁus
625 2015 678 2068 in
703 2016 1024 2073 interiorem
1053 2019 1319 2076 editionis
1343 2037 1456 2076 sua:
1498 2023 1797 2094 marginem
1823 2037 1918 2076 seu
1951 2021 2019 2076 ad
2055 2021 2299 2077 Grtecatn
2349 2023 2660 2080 columnam
2692 2021 2781 2076 edi
2813 2022 3056 2089 curavit,
3088 2030 3146 2076 et
3175 2037 3300 2078 cum
3333 2038 3443 2076 non
3484 2021 3620 2076 tanti

367 2101 708 2169 viderentur,
733 2119 928 2161 eorum
958 2111 1144 2162 omisit
1177 2109 1711 2179 interpretationem,
1758 2111 1904 2164 notis
1937 2109 2062 2165 aliis
2097 2110 2445 2165 brevioribus
2471 2109 2681 2164 Latinis
2711 2109 2777 2164 ad
2813 2110 3040 2170 alteram
3069 2110 3382 2168 columnam
3413 2111 3626 2181 pariter

368 2189 643 2260 ascriptis,
688 2207 812 2262 qum
857 2193 1094 2249 subinde
1135 2195 1204 2251 de
1249 2212 1434 2252 rerum
1473 2198 1812 2268 argumentis
1858 2199 2118 2254 lectorem
2165 2199 2550 2253 admonerent.
2615 2195 2820 2252 Harum
2871 2199 3164 2268 plerasque
3215 2198 3270 2254 in
3320 2198 3422 2254 hac
3452 2197 3622 2270 Regia

369 2278 458 2333 edi
481 2279 821 2347 curavimus,
856 2281 980 2336 aliis
1005 2283 1175 2338 certis
1194 2298 1259 2338 ex
1300 2285 1486 2339 causis
1515 2286 1756 2356 rejectis,
1791 2295 1909 2340 tum
1951 2287 2118 2342 etiam
2164 2304 2255 2353 ne,
2283 2287 2327 2342 si
2357 2286 2738 2342 crebrioribus
2767 2287 3040 2358 ejusmodi
3076 2287 3414 2358 argumentis
3443 2287 3627 2342 fusca-

372 2376 570 2422 rentur
598 2367 726 2438 libri
761 2371 1055 2440 margines,
1083 2371 1344 2428 editionis
1371 2388 1602 2442 prorsus
1644 2374 1825 2445 Regia:
1857 2385 2120 2432 venustas
2159 2392 2225 2432 ac
2250 2377 2511 2446 majestas
2543 2376 3065 2432 commacularetur.
3095 2377 3276 2446 Atque
3308 2375 3360 2430 id
3396 2375 3620 2446 quidem

369 2469 550 2508 causa:
584 2454 709 2521 fuit,
738 2465 798 2510 ut
827 2455 1016 2512 Grasea
1049 2459 1151 2513 ista
1182 2469 1504 2530 argumenta
1537 2463 1588 2514 in
1634 2463 1928 2518 interiores
1959 2465 2236 2536 n'targittes
2279 2465 2534 2535 rcjiccre,
2565 2463 2712 2534 quod
2746 2462 2950 2520 fecerat
2990 2462 3242 2527 Wolﬁus,
3285 2464 3464 2518 visum
3509 2477 3622 2518 non

368 2541 560 2607 fuerit,
595 2551 707 2603 tum
737 2544 883 2614 quod
913 2543 1019 2600 illa:
1049 2547 1103 2600 in
1141 2548 1480 2604 editionibus
1502 2550 1690 2621 Regiis
1719 2551 1882 2621 vulgo
1904 2551 2069 2608 hasce
2093 2561 2251 2607 notas
2293 2551 2562 2606 hactenus
2591 2567 2698 2606 non
2731 2543 3078 2616 admiserint,
3122 2561 3236 2604 tum
3265 2549 3431 2606 etiam
3471 2550 3626 2619 quod

367 2645 438 2685 eo
465 2643 595 2687 sunt
628 2634 872 2700 inutiles,
913 2637 1061 2705 quod
1097 2627 1363 2710 apposita:
1393 2639 1600 2695 Latinae
1643 2639 1786 2694 ident
1831 2655 2062 2712 prorsus
2109 2639 2367 2696 elliciant.
2413 2639 2488 2694 Ne
2523 2649 2705 2694 tamen
2733 2638 2937 2694 Graecis
2978 2638 3320 2710 argumentis
3364 2637 3626 2694 fraudare

369 2719 628 2774 lectorem
659 2721 970 2786 videamur,
995 2740 1058 2780 ea
1086 2741 1304 2782 rursum
1346 2727 1436 2782 hic
1476 2727 1812 2795 rccudimus,
1833 2729 2044 2799 aliquot
2068 2726 2123 2780 in
2151 2727 2290 2780 locis
2323 2742 2391 2781 ex
2425 2741 2557 2780 mss.
2585 2723 2872 2779 codicibus
2902 2725 3172 2786 auctiora,
3203 2737 3376 2792 eaque
3425 2737 3628 2778 secun-

369 2808 500 2863 dum
532 2809 801 2864 librorum
842 2822 898 2868 et
923 2815 1232 2870 sectionum
1259 2832 1518 2871 numeros
1544 2819 1774 2890 digesta,
1807 2818 1881 2872 ita
1913 2825 1972 2872 ut
2010 2833 2198 2872 rerum
2241 2833 2269 2870 τι
2298 2816 2510 2870 Zonara
2541 2815 2594 2869 in
2628 2814 2935 2873 Annalibus
2959 2813 3360 2884 descriptarum
3404 2810 3626 2867 elenchi

369 2914 466 2952 seu
497 2899 782 2956 summarii
812 2899 986 2957 vicem
1021 2915 1282 2974 praestare
1313 2906 1546 2974 possint.

437 2985 579 3052 Quid
614 3002 782 3056 porro
809 2998 1102 3059 postremae
1133 2993 1264 3048 huic
1297 3011 1358 3049 ac
1393 2994 1574 3065 Regia:
1621 3009 1846 3064 prorsus
1891 2993 2121 3050 Joannis
2149 2991 2377 3048 Zonaras
2419 2989 2714 3047 Annalium
2739 2989 2970 3046 editioni
3011 2989 3330 3053 accesserit,
3363 2989 3628 3046 lectorem

371 3073 603 3130 interest
631 3079 886 3134 educere.
918 3080 1104 3136 Grarca
1129 3084 1485 3147 contulimus,
1524 3085 1758 3138 maxime
1790 3085 1844 3137 in
1901 3083 2038 3138 locis
2066 3081 2158 3153 qui
2196 3081 2535 3136 dubietatem
2571 3079 2868 3155 quamdam
2900 3078 3295 3150 praeferebant,
3323 3095 3448 3134 cum
3491 3094 3630 3148 qua-

372 3179 498 3221 tuor
530 3168 820 3226 codicibus
867 3171 1053 3243 Regiis
1091 3183 1148 3228 et
1176 3185 1284 3227 uno
1328 3174 1644 3230 Colberteo.
1687 3174 1988 3246 Regiorum
2032 3174 2142 3230 duo
2184 3171 2370 3245 [1714.
2413 3187 2540 3228 saec.
2584 3189 2675 3226 xm
2712 3213 2726 3236 ,
2770 3179 2824 3226 et
2875 3172 3050 3236 1716,
3084 3187 3208 3226 sa-c.
3256 3168 3348 3242 xv]
3385 3171 3630 3241 integros

370 3257 610 3311 Annales
635 3259 1102 3334 complectuntur,
1135 3271 1503 3332 prmtcrquam
1547 3262 1692 3333 quod
1743 3263 1940 3318 horum
1973 3263 2113 3319 alter
2145 3261 2332 3335 [l7l6]
2372 3262 2594 3318 duobus
2626 3260 2772 3318 loliis
2803 3261 2966 3316 initio
2995 3260 3222 3315 mutilus
3259 3269 3344 3315 est
3371 3276 3386 3326 ;
3425 3260 3624 3315 tertius

373 3346 558 3417 H768.
586 3363 712 3405 sate.
749 3348 884 3423 xw].
911 3352 1212 3406 secundam
1255 3352 1549 3408 Annalium
1598 3362 1842 3426 partem;
1873 3362 2104 3429 quartus
2145 3347 2331 3424 [1718,
2379 3366 2506 3407 saec.
2549 3349 2664 3422 xvi]
2689 3351 2936 3413 demum,
2994 3349 3150 3418 isque
3197 3347 3498 3404 recentiori
3531 3348 3632 3402 dc-

371 3437 612 3506 scriptus
635 3453 820 3502 manu,
847 3440 1070 3495 eosdem
1103 3441 1342 3497 Annales
1385 3441 1454 3496 ab
1501 3443 1736 3514 imperio
1763 3442 2090 3497 Diocletiani
2123 3441 2192 3496 ad
2227 3439 2482 3496 Alexium
2519 3439 2786 3500 continet.
2810 3437 2992 3494 Codex
3039 3436 3370 3494 Colberteus
3398 3434 3512 3509 (28)
3543 3447 3632 3492 sat

371 3525 530 3581 bona:
559 3535 724 3592 noue,
759 3529 954 3596 paucis
976 3530 1143 3584 etiam
1175 3530 1387 3602 paginis
1439 3531 1598 3588 initio
1639 3531 1886 3598 mutilus,
1920 3530 2126 3586 desinit
2166 3531 2221 3584 in
2257 3530 2488 3601 hujusce
2525 3527 2786 3583 editionis
2817 3527 3124 3582 sectionem
3163 3526 3236 3581 54
3267 3525 3395 3580 libri
3431 3541 3527 3591 xu,
3573 3527 3629 3580 in

370 3613 648 3668 Maximini
683 3615 894 3672 scilicet
925 3626 981 3672 et
1025 3616 1220 3672 Licinii
1251 3619 1565 3688 impcriutn.
1598 3619 1787 3674 Varias
1816 3636 1884 3674 ex
1925 3619 2077 3674 hisce
2113 3617 2401 3674 codicibus
2433 3625 2724 3687 excerptas
2753 3613 3022 3672 lectiones
3077 3615 3131 3668 in
3183 3613 3350 3669 Notas
3391 3613 3634 3670 subinde

373 3701 687 3766 retulimus,
745 3705 1035 3760 nonnullis
1079 3722 1201 3776 qua:
1250 3717 1404 3762 extra
1457 3709 1893 3764 controversiam
1943 3706 2278 3764 videbantur
2313 3705 2370 3764 in
2404 3715 2726 3763 contextum
2759 3705 2942 3778 ipsum
2991 3701 3276 3760 immissis.
3307 3701 3630 3774 Hieronymi

370 3789 553 3846 Wollli
585 3791 900 3846 versionem
931 3791 1184 3849 Latinam
1223 3795 1502 3850 interdum
1536 3807 1592 3852 et
1621 3798 1802 3851 rarius
1830 3799 2272 3864 emendavimus,
2305 3799 2546 3854 maxime
2578 3797 2648 3853 iis
2679 3798 2816 3853 locis
2843 3797 2933 3852 ubi
2964 3795 3210 3855 auctoris
3245 3801 3487 3850 mentem
3519 3807 3632 3848 non

369 3881 596 3934 omnino
621 3892 742 3936 erat
768 3891 1076 3947 assecutus,
1113 3898 1254 3954 quos
1287 3885 1342 3938 in
1379 3885 1530 3939 Notis
1561 3886 1676 3941 fere
1705 3901 1925 3958 semper
1952 3888 2296 3949 indicamus;
2330 3885 2427 3940 sed
2455 3885 2758 3956 praesertim
2790 3883 2844 3938 in
2873 3898 2936 3938 ea
2971 3893 3124 3952 parte
3159 3882 3251 3935 tibi
3287 3897 3377 3936 res
3423 3881 3631 3948 Byzan-

372 3968 501 4022 tina
527 3976 934 4038 pertractantur
953 3971 1201 4040 quaedam
1235 3972 1583 4041 potissimum
1625 3975 2056 4043 imtnutavimus,
2088 3975 2180 4030 ubi
2217 3974 2485 4044 palatinas
2509 3988 2606 4028 seu
2657 3972 3063 4027 ecclesiasticas
3101 3968 3402 4038 dignitates
3435 3967 3633 4022 minus

372 4063 743 4114 eonsentanee
771 4057 1079 4114 reddidisse
1114 4059 1422 4114 videbatur.
1456 4060 1767 4118 Annalibus
1796 4045 2464 4135 deniqudAdnotationes
2489 4069 2706 4116 nostras
2739 4059 3101 4129 subjeeimus,
3136 4071 3242 4110 una
3275 4070 3402 4110 cum
3433 4054 3631 4109 Disco-

373 4144 620 4214 ptatione
643 4145 716 4200 de
743 4145 1027 4201 Hebdomo
1051 4153 1108 4200 et
1132 4145 1343 4216 aliquot
1365 4147 1760 4208 additamentis
1791 4153 1860 4208 ad
1898 4163 2140 4209 nostrant
2171 4151 2383 4223 Cpolim
2413 4148 2815 4206 Christianam.
2848 4146 2917 4202 de
2947 4145 3156 4215 quibus
3181 4143 3442 4200 omnibus
3470 4142 3636 4198 initio

374 4234 642 4304 cujusque
667 4233 1071 4288 lucubrationis
1105 4233 1365 4290 lectorem
1397 4252 1705 4295 mouemus.

444 4320 618 4375 Breve
649 4319 890 4390 denique
925 4321 1269 4390 (Ibronicon,
1316 4323 1541 4382 levioris
1577 4326 1719 4383 forte
1758 4328 1887 4384 licet
1939 4329 2224 4393 momenti,
2254 4324 2485 4384 Joannis
2512 4320 2740 4378 Zonarte
2778 4319 3087 4378 Annalibus
3110 4319 3458 4390 subjicimus,
3481 4322 3634 4391 quod

375 4419 697 4478 temporum
717 4409 784 4464 ab
817 4409 1026 4464 Adamo
1060 4411 1126 4465 ad
1163 4413 1416 4468 Alcxiutn
1463 4414 1832 4482 Comnenum,
1874 4434 1997 4488 qua:
2028 4419 2119 4474 ille
2165 4415 2540 4489 persequitur,
2591 4411 2952 4469 summarium
2997 4409 3280 4481 quoddam
3328 4411 3637 4473 contineat.

373 4498 684 4569 cojusmodi
717 4499 983 4554 nonnulla
1010 4501 1119 4556 alia
1149 4501 1426 4558 habentur
1455 4503 1510 4558 in
1537 4505 1826 4562 codicibus
1858 4506 2250 4576 manuscriptis
2279 4505 2634 4560 bibliothecae
2657 4501 2864 4572 Regiae,
2893 4515 3019 4571 quae
3051 4509 3236 4558 tamen
3269 4500 3323 4554 in
3359 4514 3632 4554 annorum

377 4587 823 4644 characterismis
853 4605 960 4644 non
991 4591 1221 4648 omnino
1249 4592 1456 4663 ubique
1486 4609 1616 4648 cum
1642 4609 1711 4650 eo
1739 4594 1887 4664 quod
1917 4595 2136 4650 edimus
2162 4581 2524 4656 convdniuut,
2550 4589 2990 4659 exscriptorum.
3024 4598 3086 4644 ut
3131 4587 3412 4650 existimo,
3447 4588 3634 4657 potius

375 4677 610 4741 incuria,
637 4691 804 4747 quam
833 4690 1024 4732 eorum
1051 4693 1081 4734 a
1113 4679 1320 4749 quibus
1349 4688 1480 4735 sunt
1501 4681 1772 4738 conlecta.
1811 4681 1884 4738 Ut
1919 4691 2104 4738 tamen
2136 4683 2352 4736 ueteris
2380 4679 2526 4736 istud
2565 4678 2908 4747 praeferrem.
2947 4675 3080 4730 fecit
3111 4675 3215 4730 viri
3253 4675 3308 4730 in
3337 4675 3632 4730 chronolo-

375 4765 512 4834 gieis
543 4775 603 4820 ut
633 4767 770 4820 etin
803 4767 1023 4822 ca‘tcris
1055 4767 1364 4838 disciplinis
1393 4769 1755 4825 versatissimi
1789 4770 2034 4842 Dionysii
2069 4769 2276 4826 Petavii
2309 4767 2634 4830 auctoritas,
2660 4781 2691 4821 a
2731 4779 2844 4836 quo
2875 4764 3115 4834 primum
3139 4762 3354 4817 editum
3389 4771 3478 4816 est
3500 4777 3632 4816 cum

376 4854 673 4924 Niccpltori
707 4855 1028 4924 patriarcha:
1047 4855 1324 4912 Breviario
1348 4857 1613 4913 historico
1637 4878 1651 4914 :
1682 4858 1825 4928 quod
1843 4874 1968 4914 cum
1999 4861 2052 4914 in
2077 4857 2246 4929 Regia
2267 4857 2512 4913 editione
2535 4854 2786 4923 ejusdem
2819 4851 3110 4922 scriptoris
3137 4849 3404 4906 omissum
3444 4849 3633 4909 fuerit.

377 4944 468 4998 hic
505 4957 722 4996 rursum
755 4959 1063 5014 proponere
1094 4945 1273 5000 visum
1313 4955 1418 5009 est,
1451 4956 1568 5000 tum
1610 4946 1867 5013 maxime,
1896 4956 1958 5002 ut
1989 4945 2292 5016 attigimus,
2321 4943 2468 5016 quod
2505 4943 2732 4998 eosdem
2775 4955 2918 5011 quos
2973 4939 3217 4994 Zonaras
3251 4952 3426 4992 annos
3485 4953 3634 4992 cutu-

376 5033 670 5100 plectatur,
698 5045 728 5086 a
758 5033 964 5088 mundo
990 5033 1202 5089 scilicet
1227 5033 1451 5089 comlito
1481 5049 1656 5106 usque
1686 5034 1759 5090 ad
1788 5033 2044 5090 eumdem
2075 5035 2350 5090 Alcxium.

447 5121 552 5176 Sed
599 5122 922 5193 priusquam
971 5123 1103 5178 huic
1152 5123 1468 5180 Praefationi
1521 5125 1647 5178 linis
1701 5125 2056 5196 imponatur,
2105 5133 2364 5196 praestat,
2417 5123 2565 5193 quod
2617 5136 2787 5193 supra
2835 5135 3032 5176 sumus
3085 5115 3338 5188 polliciti,
3401 5116 3634 5172 aliorum

376 5205 602 5262 Zonara:
629 5223 884 5278 operum,
932 5225 1172 5280 quorum
1222 5211 1488 5265 memoria
1539 5212 1606 5265 ad
1653 5227 1756 5268 nos
1789 5215 2069 5282 pervenit,
2113 5212 2350 5267 indicem
2385 5212 2682 5282 subjicere,
2719 5219 2780 5266 ut
2811 5210 2899 5266 vel
2935 5209 3084 5273 inde,
3127 5221 3293 5278 quam
3339 5205 3634 5276 singularis

377 5294 542 5348 fuerit
575 5297 676 5350 viri
707 5298 950 5354 eruditio
975 5312 1040 5352 ac
1071 5298 1270 5367 pietas,
1321 5299 1494 5354 lector
1522 5306 1872 5372 assequatur.
1903 5301 2084 5371 Atque
2112 5311 2172 5356 ut
2196 5302 2263 5354 ab
2301 5300 2470 5356 editis
2501 5307 2760 5354 sumatur
2797 5297 3042 5360 initium,
3079 5293 3326 5350 occurrit
3355 5293 3409 5346 in
3443 5293 3640 5362 primis

378 5382 818 5441 Commentarios
849 5388 901 5440 in
933 5401 1174 5442 canones
1204 5387 1580 5456 apostolorum
1623 5397 1680 5443 et
1720 5388 2085 5446 conciliorum
2132 5373 2323 5462 (ἔδει
2350 5389 2406 5444 in
2438 5388 2717 5458 Epistolas
2757 5386 3054 5444 canonicas
3082 5383 3220 5454 (50),
3253 5381 3413 5452 cujus
3445 5380 3634 5434 titulus

452 5580 564 5650 (28)
592 5581 756 5657 Nunc
798 5582 1000 5657 Regius
1051 5583 1211 5657 1717.
1253 5597 1378 5657 saec.
1435 5599 1553 5657 xttt.
1597 5585 1800 5657 Praeter
1849 5586 1950 5640 hos
2130 5585 2243 5657 (29)
2273 5583 2374 5657 βά.
2408 5583 2578 5638 Paris.
2623 5583 2777 5649 1618,
2808 5581 2860 5636 in
2895 5581 2990 5637 fol.
3027 5593 3082 5637 ct
3119 5583 3172 5636 in
3203 5577 3466 5647 Bercrcgii
3497 5576 3631 5631 Pan-

377 5627 858 5730 Zoitarzc_e_o_diccs
879 5627 1266 5730 Barisiissn'nt
1291 5653 1402 5730 duo
1439 5655 1555 5721 alii,
1579 5657 1718 5730 alter
1746 5655 1948 5712 Coisli-
2058 5627 2588 5730 dectisfcitnonnma
2759 5627 2788 5730 ἒ
2956 5725 2987 5730 __
3025 5723 3083 5730 ___
3280 5729 3283 5730 ν
3467 5716 3503 5730 ,ι
3574 5716 3583 5726 ,

379 5725 583 5796 giantts
611 5723 899 5796 _157._7s:cc.
928 5740 1040 5784 xtv.
1073 5727 1210 5778 alter
1239 5725 1399 5791 paulo
1454 5716 1578 5794 post
1615 5726 1884 5782 Zonaram
1919 5742 1948 5782 a
2134 5727 2246 5796 (50)
2283 5725 2384 5779 Ed.
2415 5725 2481 5779 ad
2509 5725 2715 5796 calcem
2748 5723 2987 5796 Gregorii
3024 5719 3426 5796 1'liattiiiitt_ttrgi,
3467 5716 3624 5769 Paris

379 5793 660 5866 Ducangio
683 5793 892 5850 editum
945 5797 1184 5851 Parisios
1223 5790 1502 5866 advectus,
1551 5797 1758 5869 Regius
1797 5799 1948 5854 1715.
2063 5790 2308 5865 ίϐὶιίὶιι
2339 5796 2432 5850 fol.
2469 5805 2526 5850 et
2559 5795 2611 5848 in
2646 5794 2910 5864 Berct-egit”
2941 5793 3232 5848 Pandectas
3256 5790 3572 5845 Canonum.
