3964 6252
404 369 481 434 23
1818 371 1921 434 DU
1959 378 1969 426 1

2106 366 2227 431 GU
3598 371 3670 432 24

351 497 365 509 δ
471 482 721 538 Meminit
758 486 998 557 denique
1043 487 1644 557 Joannes'j’ontanus,
1701 487 1755 541 in
1802 484 2130 541 Prtefatione
2177 483 2245 537 ad
2290 483 2580 541 historiam
2624 485 2856 543 Joannis
2900 485 3298 550 Cantacuzeni,
3350 498 3667 556 poematum

400 571 628 627 Joannis
655 574 881 629 Zonarm
911 577 976 631 dc
1012 577 1372 634 Processione
1411 576 1652 647 Spiritus
1682 577 1880 639 sancti,
1907 570 2110 646 (μικξό
2158 570 2519 630 Gencbrardo
2547 576 2601 631 in
2650 576 2904 631 Latinam
2934 577 3177 647 linguam
3226 589 3498 632 conversa
3541 589 3670 630 esse

402 657 679 713 observat.
708 659 784 713 Ea
810 674 934 714 cum
964 661 1019 714 in
1053 660 1313 715 omnibus
1344 660 1458 715 fere
1499 662 1855 715 bibliothecis
1874 668 2064 716 exacta
2096 662 2232 716 satis
2258 661 2508 717 adhibita
2543 663 2831 732 d‘Jigentia
2867 663 3287 734 conquisierim,
3321 677 3425 717 nec
3461 663 3674 733 reperi,

404 760 504 799 nec
534 746 629 799 ubi
671 756 729 802 et
776 749 831 802 in
867 764 980 819 quo
1005 748 1348 804 Gencbrardi
1393 749 1675 804 volumine
1705 749 1853 803 edita
1901 748 2010 802 sint
2057 748 2125 802 ab
2154 748 2386 818 hujusce
2419 752 2574 806 urbis
2613 752 2752 807 viris
2780 752 2960 807 doctis
2983 751 3191 807 rescire
3219 751 3374 821 potui
3401 751 3541 823 (34).
3574 750 3672 807 Sic

401 850 571 906 perm
605 837 927 893 Pontanus:
972 858 989 891 ι
1023 838 1294 893 Zonaram
1326 839 1499 894 fuisse
1545 839 1960 893 schismaticum
1995 839 2186 894 testari
2215 850 2450 910 possunt
2476 841 2598 912 ejus
2632 850 2881 912 poemata
2909 842 3317 897 aculeatissima
3344 841 3413 895 de
3440 855 3673 911 proces-

403 925 562 979 sione
588 920 777 979 sancti
798 926 1061 996 Spiritus,
1095 936 1150 982 ct
1178 927 1282 983 alia
1319 926 1586 981 adversus
1613 927 1838 981 Latinos
1867 928 2193 998 composita,
2219 946 2341 1000 qua:
2363 930 2755 987 Genebrardus
2789 932 2919 986 dum
2959 940 3336 996 converteret,
3383 946 3442 986 se
3473 929 3670 986 crimi-

409 1015 662 1068 nationes
687 1015 805 1069 illas
840 1016 1091 1071 omisisse
1121 1026 1328 1070 narrat.
1365 1036 1382 1068 ι
1415 1016 1547 1083 Qua:
1581 1016 1802 1086 quidem
1855 1016 2126 1086 ipsissima
2168 1017 2405 1074 Pontani
2453 1021 2620 1076 verba
2662 1020 2960 1092 exscripsit
3011 1020 3249 1076 Allatius
3295 1021 3349 1074 in
3402 1018 3671 1091 Creygto-

401 1118 532 1156 num
569 1103 705 1173 (55).
2534 1170 2549 1179 .

473 1192 773 1247 Enimvero
804 1203 1005 1264 praeter
1035 1209 1200 1263 supra
1230 1194 1450 1249 laudata
1478 1194 1706 1249 Joannis
1735 1193 1960 1247 lunai-re
1988 1216 2149 1264 ιῳιεηι
2185 1195 2654 1251 circumferuntur
2692 1197 2893 1266 passim
2922 1197 2977 1251 in
3019 1195 3372 1251 bibliothecis
3411 1193 3671 1264 Epistulae

400 1278 750 1348 dugiiiaticze,
779 1280 1130 1335 continentes
1163 1281 1552 1335 obscuriorum
1584 1298 1751 1336 sacra:
1780 1283 2080 1352 Scriptum
2125 1284 2366 1337 locorum
2401 1286 2849 1354 explicationem,
2898 1300 3134 1340 numero
3163 1299 3257 1337 sex
3304 1292 3360 1337 et
3390 1284 3673 1352 quinqua-

400 1366 577 1435 ginta,
620 1383 855 1437 quarum
895 1369 1094 1423 seriem
1132 1380 1191 1424 et
1219 1380 1539 1441 argumenta
1593 1370 1884 1439 descripsit
1926 1372 2123 1426 Petrus
2173 1372 2500 1429 Lambecius
2537 1374 2686 1444 ('56);
2738 1389 2877 1443 quas
2931 1373 3153 1444 quidem
3197 1374 3395 1429 Joanni
3443 1371 3672 1427 Zonarte

399 1454 623 1523 quidam
651 1455 895 1517 codices,
923 1457 1013 1510 alii
1042 1457 1292 1513 Michaeli
1319 1457 1502 1529 Glycm
1534 1459 1840 1523 ascribunt,
1876 1459 2015 1513 adeo
2058 1470 2116 1512 ut
2160 1461 2431 1515 hactenus
2464 1461 2736 1516 incertum
2765 1472 2984 1517 maneat
3016 1463 3199 1516 utrius
3243 1462 3357 1515 sint
3393 1481 3404 1514 :
3447 1459 3667 1514 tametsi

384 1542 460 1595 in
486 1557 607 1595 eam
639 1542 894 1595 videatur
920 1544 1228 1599 concedere
1268 1545 1598 1601 sententiam
1634 1545 1744 1599 Leo
1769 1546 2002 1600 Allatius
2034 1548 2146 1617 (57)
2172 1558 2230 1601 ut
2259 1548 2437 1619 Glyco:
2480 1549 2665 1619 potius
2691 1550 2812 1605 illas
2845 1551 3053 1605 tribuat
3081 1565 3246 1618 quam
3283 1550 3534 1625 ζουσι-ω,
3573 1549 3668 1602 ubi

403 1630 479 1681 'rta
516 1628 741 1684 scribit:
774 1649 790 1681 ι
818 1629 943 1686 Hinc
973 1639 1029 1685 et
1068 1631 1173 1685 alia
1201 1630 1432 1686 Michael
1471 1630 1689 1702 Glycas,
1726 1631 1957 1702 cpistola
1998 1635 2131 1689 satis
2182 1637 2393 1705 prolixa
2442 1638 2510 1691 ad
2558 1637 2907 1692 Joannicium
2951 1638 3305 1699 monachum,
3333 1646 3443 1692 etc.
3491 1635 3670 1707 Hujus

399 1718 566 1771 etiam
599 1719 889 1788 epistolam
916 1720 980 1775 de
1004 1719 1108 1774 hac
1130 1718 1323 1774 eadem
1351 1734 1409 1774 re
1439 1734 1497 1773 se
1522 1718 1716 1790 legisse
1747 1720 1941 1774 scribit
1968 1721 2327 1779 Casaubonus
2357 1725 2592 1780 exercit.
2641 1727 2696 1780 in
2745 1726 3041 1781 Baroniuin
3075 1726 3169 1792 16,
3204 1743 3260 1780 ιι.
3288 1725 3379 1791 49,
3423 1723 3521 1780 sed
3562 1725 3668 1780 sub

398 1805 625 1860 nomine
648 1806 875 1861 Zonaraa
899 1806 1128 1869 editam,
1155 1821 1320 1875 quam
1351 1806 1532 1877 Glycaa
1556 1822 1679 1862 esse
1713 1809 1935 1862 codices
1962 1809 2175 1879 antiqui
2202 1820 2616 1881 repraesentant.
2644 1812 2944 1884 Cujusnam
2974 1829 3107 1868 vero
3129 1814 3241 1868 sint
3270 1812 3376 1868 illae
3393 1812 3666 1881 epistola,

399 1907 523 1962 quae
546 1894 649 1946 sub
676 1893 900 1948 nomine
928 1892 1111 1963 Glycte
1140 1901 1198 1948 et
1226 1892 1455 1948 Zonarae
1495 1893 1719 1949 nomine
1750 1896 1805 1949 in
1854 1909 1984 1949 mss.
2018 1908 2290 1966 prostant,
2322 1900 2468 1957 alius
2506 1902 2618 1957 erit
2663 1903 2968 1958 disserendi
3018 1904 3199 1958 locus.
3248 1924 3268 1955 ι
3301 1901 3525 1958 Utinam
3560 1902 3667 1955 viri

399 1981 706 2036 doctissimi
737 1982 869 2036 etin
904 1997 963 2037 re
990 1989 1240 2038 veterum
1270 1982 1499 2037 libraria
1530 1982 1854 2053 peritissimi
1902 1992 2145 2041 exstaret
2185 2003 2354 2059 super
2395 1990 2498 2045 hac
2533 1989 2856 2047 difﬁcultate
2901 1991 3242 2054 dissertatio,
3289 2006 3413 2061 qua:
3458 2005 3558 2045 nos
3596 1990 3669 2044 ab

399 2070 505 2125 hac
532 2069 923 2139 disquisitione
943 2069 1202 2127 levasset.
1230 2069 1394 2127 Certe
1422 2071 1651 2127 Zonarte
1682 2072 1782 2127 has
1824 2072 2054 2128 ascribit
2090 2075 2261 2130 codex
2291 2077 2517 2149 Regius,
2558 2078 2656 2134 sed
2690 2079 2985 2135 recentiori
3018 2094 3183 2133 manu
3217 2080 3480 2149 scriptus,
3516 2093 3669 2133 anno

396 2158 610 2213 scilicet
640 2159 832 2213 mundi
859 2158 1015 2227 juxta
1036 2158 1256 2214 Graecos
1282 2159 1419 2214 6996
1439 2159 1666 2229 (Christi
1696 2160 1961 2229 l488),lnt

2113 2163 2217 2217 hoc
2243 2165 2404 2220 titulo
2450 2166 2763 2219 Ἐπιστολαὶ
2799 2165 2969 2235 κυροῦ
3014 2166 3266 2220 Ἰωάννου
3307 2166 3541 2235 Ζωναρᾶ
3570 2165 3670 2219 καὶ

397 2247 890 2317 πρωτοσυγκρίτης
928 2247 1025 2301 καὶ
1043 2247 1406 2318 δρουγγαρίου
1429 2248 1529 2317 τῆς
1553 2248 1764 2318 βίγλης.
1794 2247 1962 2304 Οοιιιὶι

2099 2267 2245 2307 »οπο
2266 2253 2357 2308 hic
2387 2255 2559 2309 codex
2605 2254 2686 2328 [n.
2716 2255 2878 2328 50i5]
2925 2257 2996 2310 45
3046 2254 3313 2310 duntaxat
3365 2255 3664 2324 epistolas.

397 2348 634 2403 quarum
651 2334 825 2404 prima
854 2333 1052 2389 Joanni
1085 2332 1311 2389 Sinaitte
1344 2330 1687 2402 inscribitur,
1713 2335 2015 2405 penultima
2050 2354 2204 2406 vero,
2232 2357 2353 2412 qua:
2382 2353 2470 2398 est
2491 2343 2560 2397 58
2596 2342 2649 2398 in
2669 2344 2850 2399 indice
2872 2343 3263 2408 Lambeciano,
3297 2342 3516 2398 videtur
3546 2357 3673 2400 esse

398 2422 668 2478 Manuelis
704 2421 971 2477 Comneni
997 2422 1448 2493 imper.,scripta
1489 2422 1770 2489 videlicet,
1795 2433 1854 2478 ut
1892 2441 1963 2495 pr:

2109 2467 2115 2480 ,
2147 2427 2452 2499 inscriptio,
2493 2429 2582 2499 Τῷ
2602 2430 2919 2502 τιμιωτάτῳ
2956 2430 3177 2500 μοναχῷ
3229 2432 3405 2501 κυρίῳ
3432 2430 3674 2501 Ἀλυπίῳ

398 2510 477 2579 τῷ
500 2511 805 2581 ἐγκλείστῳ
856 2511 919 2564 Et
949 2511 1056 2582 χρὴ
1090 2510 1189 2582 τὴν
1230 2512 1627 2583 μαθηματικὴν
1666 2512 1984 2583 ἐπιστήμην
2015 2512 2383 2583 ἀποτρόπαιον
2405 2515 2658 2585 ἡγεῖσθαι
2697 2517 3065 2571 παντάπασιν.
3091 2516 3316 2571 Initium
3349 2531 3480 2570 vero
3521 2513 3672 2569 illius

398 2609 507 2663 est,
553 2598 637 2650 Τὰ
662 2599 763 2668 τῆς
803 2599 1216 2671 μαθηματικῆς,
1242 2609 1351 2656 etc.
1395 2600 1577 2670 Atque
1625 2601 1678 2654 in
1725 2600 1908 2655 haeccc
1937 2617 1963 2653 ν

2133 2600 2379 2656 desinit:
2432 2603 2528 2656 Ἐκ
2570 2603 2776 2655 τούτων
2809 2597 2903 2656 οὖν
2952 2604 3170 2657 πάντων
3225 2602 3489 2672 μάνθανε,
3545 2602 3669 2671 ίερᾶι

401 2685 634 2757 κεφαλὴ,
675 2686 751 2750 ὡς
795 2687 1110 2758 εἱμαρμένη
1163 2687 1264 2757 μὲν
1311 2688 1403 2742 καὶ
1448 2689 1703 2759 γέννησις
1736 2687 2085 2742 παντάπασιν
2129 2689 2662 2759 ἀπηγόρευνταιςτδν
2695 2691 2831 2744 κατ’
2859 2690 3046 2745 είκὸνα
3088 2694 3183 2746 καὶ
3207 2690 3318 2761 γὰρ
3348 2688 3495 2744 Θεοῦ
3527 2688 3672 2744 πλα-

403 2774 601 2829 σθέντα
632 2775 852 2844 λογικδν
877 2775 1232 2842 αὐτεξούσιον
1268 2777 1594 2849 ἄνθρωπον·
1634 2780 1696 2831 οὐ
1753 2776 1862 2848 γὰρ
1909 2779 2169 2845 φυσικαῖς
2218 2778 2487 2845 ἀνάγκαις
2531 2777 2855 2830 ὑποκεῖσθαι
2902 2777 3370 2853 καταδεξώμεθαο
3416 2793 3671 2849 προγνωο

404 2864 602 2935 στικὴν
651 2865 707 2917 δέ
746 2882 869 2919 τινα
900 2867 1013 2928 τοῖς
1048 2866 1356 2938 ἀνθρώποις
1389 2864 2063 2937 ὲνδεδόξασϐαιδύναμιν,
2100 2864 2242 2918 καθὰ
2293 2866 2384 2918 καὶ
2435 2863 2651 2934 φθάσας
2694 2867 2722 2919 6
2767 2865 2926 2933 λόγος
2961 2865 3261 2931 ὑπέδειξεν,
3308 2865 3369 2920 ού
3411 2863 3673 2918 τοσοῦτον

402 2951 633 3007 ἀπέοικε
660 2952 741 3007 δι’
775 2955 842 3023 ἦν
868 2953 1052 3008 αἰτίαν
1082 2954 1410 3026 εἰρήκαμεν,
1441 2956 1489 3009 εί
1519 2956 1612 3009 καὶ
1643 2955 1794 3026 παρὰ
1828 2953 1936 3007 τῶν
1971 2951 2142 3020 ἀγίων
2181 2952 2444 3022 Πατέρων
2496 2953 2909 3023 ἐνασχολείσθαι
2948 2953 3166 3019 τούτοις
3222 2955 3284 3008 οὗ
3341 2952 3671 3024 συγχωρούο

406 3041 567 3111 μεθα,
591 3041 672 3095 ὅτι
706 3041 783 3111 μὴ
816 3041 960 3095 κατὰ
1007 3041 1168 3112 λόγον
1196 3042 1363 3114 ὀρθὸν
1391 3043 1577 3105 αὐτοῖς
1609 3041 1971 3112 ἀποχρώμεθο

2101 3041 2225 3094 ιιίυε
2268 3038 2520 3109 epistolae
2564 3039 3089 3111 Antapologeticum
3136 3042 3390 3112 sequitur
3439 3042 3495 3096 in
3539 3040 3666 3095 cod.

404 3130 539 3202 Reg.
573 3138 625 3184 et
669 3131 724 3185 in
750 3130 937 3186 Indice
963 3130 1358 3195 Lambeciano,
1390 3133 1485 3202 qui
1531 3133 1673 3186 hanc
1715 3130 1950 3185 Manueli

2105 3128 2210 3182 tlllO
2244 3127 2554 3193 ascribunt,
2610 3128 2716 3183 hoc
2759 3128 2968 3183 titulo:
3023 3128 3557 3198 Ἀνταπολογητικὺν
3605 3127 3670 3180 ὲκ

406 3218 611 3289 μέρους
641 3219 781 3288 πρὸς
811 3219 912 3289 τὴν
942 3220 1380 3291 ὲγχειρισθεῖσαν
1424 3219 1575 3289 αὐτῷ
1623 3219 1843 3290 γραφὴν
1878 3218 1972 3269 τοῦ
2011 3216 2275 3288 κραταιοῦ
2311 3216 2406 3269 καὶ
2450 3215 2606 3284 ἁγίου
2662 3216 2827 3287 ἡμῶν
2873 3217 3140 3287 βασιλέως
3188 3217 3359 3289 κυροῦ
3409 3216 3671 3285 Μανουὴλ

403 3306 721 3378 Κομνηνοῦ,
748 3305 850 3378 τὴν
883 3307 1252 3361 ἀπολυθεῖσα-ι
1288 3308 1425 3378 πρός
1457 3326 1581 3361 τινα
1619 3306 1855 3379 μοναχὸν
1896 3303 2355 3376 ἐπιμεμψάμενον
2396 3303 2456 3356 οὐ
2505 3304 2719 3375 μικρῶς
2742 3305 2913 3359 αὑτοῦ
2941 3305 3029 3360 διά
3070 3323 3136 3375 γε
3180 3306 3242 3359 τδ
3272 3307 3370 3376 τῆς
3414 3304 3673 3374 ἀστρολο-

404 3394 530 3463 γίας
566 3394 821 3465 μάθημα,
865 3397 963 3449 καὶ
995 3396 1414 3465 φιλονεικοῦσαν
1444 3395 1504 3450 τὸ
1540 3394 1783 3448 τοιοῦτον
1816 3394 2084 3464 συστῆσαι
2131 3391 2362 3464 μάθημα
2392 3394 2651 3460 φυσικαῖς
2697 3395 2792 3447 καὶ
2822 3398 3123 3465 γραφικαῖς
3161 3394 3495 3460 ἀποδείξεσι.
3528 3393 3673 3449 Tum

402 3498 534 3539 vero
559 3483 709 3538 illius
739 3483 960 3538 initium
990 3482 1143 3539 hisce
1169 3482 1356 3539 verbis
1393 3484 1704 3551 concipitur
1748 3499 1760 3535 :
1799 3481 1967 3550 Τολμί

2105 3482 2454 3551 ιομιμνὴσκω
2485 3479 2546 3533 τὸ
2595 3483 2931 3551 προγεγονὸς
2970 3483 3211 3555 γράμμα
3241 3484 3340 3553 τῆς
3389 3473 3670 3555 βασιλείας

407 3589 502 3624 σου
537 3573 632 3625 καὶ
671 3572 749 3635 είς
804 3572 964 3642 ἡμῶν
1010 3573 1112 3643 ἤδη
1167 3574 1355 3643 χεῖρας
1407 3571 1684 3641 ὲληλυθέν.
1740 3571 1850 3623 Καὶ
1913 3572 1972 3623 ἐν
2020 3569 2261 3641 πρώτοις
2304 3569 2404 3639 μὲν
2438 3570 2712 3635 ἀναγνοὺς
2746 3572 2839 3623 καί
2888 3572 3342 3643 περιεπτυξάμην
3386 3570 3536 3639 αὐτῷ
3574 3572 3673 3624 καὶ

405 3660 625 3731 θερμῶς
664 3660 1030 3731 κατεφίλησα.
1068 3661 1227 3725 Τίνος
1269 3660 1495 3727 ἓνεκεν;
1541 3661 1669 3713 "Ott
1700 3659 1946 3729 παναγία
1993 3659 2070 3730 τῷ
2106 3658 2222 3712 ὄντι
2268 3661 2363 3713 καὶ
2410 3659 2658 3730 ἠρεμαίᾳ
2694 3663 2867 3730 φωνῇ,
2902 3660 3042 3714 κατά
3096 3661 3329 3730 μίμησιν
3377 3658 3542 3714 αὐτοῦ
3574 3657 3671 3712 τοῦ

407 3749 653 3812 εἰπόντος
685 3749 944 3820 Χριστοῦ,
969 3769 988 3800 ι
1015 3749 1232 3804 Μάθετε
1261 3749 1373 3803 ἀπ’
1395 3748 1552 3819 ἐμοῦ,
1590 3752 1671 3804 ὅτι
1694 3748 1867 3819 πρᾶός
1893 3751 2010 3815 είμι
2036 3748 2131 3800 καὶ
2158 3747 2410 3810 ταπεινὸς
2438 3749 2505 3817 τῇ
2538 3747 2755 3818 καρδίᾳ,
2797 3765 2815 3798 ι
2851 3750 2988 3818 πρὸς
3019 3747 3185 3800 αὐτὸν
3232 3750 3447 3801 ἐκεῖνον
3482 3746 3673 3817 ὲποιή-

408 3854 542 3890 σατο
566 3838 665 3906 τὴν
694 3838 989 3909 ἀπόκρισιν
1011 3839 1104 3891 τὸν
1130 3837 1558 3909 ἀπερισκέπτως
1584 3837 1730 3890 οὕτω
1770 3836 1863 3890 τοῦ
1905 3834 2231 3904 θεοστεφοῦς
2279 3835 2707 3906 καταὸοώμενον
2746 3837 2987 3907 κράτους
3029 3852 3148 3890 σου.
3191 3837 3347 3889 Μετὰ
3392 3835 3449 3888 δὲ
3497 3833 3673 3887 ταῦτα

406 3925 468 3977 τδ
499 3925 740 3979 τοιοῦτον
770 3927 1009 3996 γράμμα
1034 3927 1327 3996 ὲθαύμακα
1353 3926 1499 3980 κατά
1538 3942 1602 3993 γε
1634 3926 1696 3977 τὸ
1739 3925 1941 3993 προσὸν
1982 3923 2132 3995 αὐτῷ
2174 3925 2282 3978 τῶν
2318 3924 2517 3991 λέξεων
2545 3925 2816 3995 στρυφνὸν
2851 3924 2945 3978 καὶ
2993 3922 3267 3995 εὔρυθμον
3318 3924 3413 3977 καὶ
3459 3921 3524 3975 τδ
3558 3921 3672 3975 τῶν

407 4013 698 4083 νοημάτων
727 4012 864 4083 βαθὺ
892 4016 990 4067 καὶ
1018 4015 1242 4069 πυκνόν.
1273 4010 1369 4075 Οἷς
1405 4014 1467 4083 δὴ
1497 3998 1758 4083 νοήμασι,
1790 4013 1884 4064 καὶ
1909 4013 2008 4064 οὐκ
2034 4005 2129 4062 οἷδ’
2160 4010 2328 4077 ὅπως,
2358 4012 2692 4081 περιπεσὼν,
2736 4009 3114 4080 χειροδοθῆναι
3147 4010 3254 4079 πρὸ
3277 4007 3370 4063 τοῦ
3399 4025 3671 4062 καταπνι·

405 4088 570 4169 γῆναι
596 4101 655 4152 τι)
692 4100 899 4165 τέλεον,
927 4110 1037 4156 etc.
1091 4101 1210 4156 Alia
1241 4117 1305 4155 ex
1341 4100 1533 4155 eadem
1571 4099 1802 4169 epistola
1847 4098 2213 4153 exseribimns
2253 4100 2307 4154 in
2356 4101 2512 4155 Notis
2531 4101 2597 4154 ad
2619 4112 2866 4155 nostrum
2890 4100 3183 4164 Zonaram,
3211 4100 3303 4154 ubi
3353 4098 3421 4154 de
3474 4098 3669 4154 Vectio

404 4189 635 4245 Valente
665 4198 1008 4256 astronomo,
1038 4192 1136 4260 qui
1175 4191 1480 4261 imperante
1504 4188 1867 4245 Constantino
1914 4186 2107 4257 Magno
2141 4188 2297 4252 vixit,
2330 4188 2563 4258 agimus.
2602 4188 2717 4244 Sub
2752 4187 2914 4242 tinem
2947 4203 3077 4243 vero
3126 4188 3241 4242 lucc
3288 4187 3609 4243 subdantur
3649 4207 3665 4242 :

409 4278 677 4347 Πείθομαι
707 4278 799 4331 οὖν
830 4280 1129 4346 καὶτοῦτο,
1160 4283 1425 4349 κράτιστε
1470 4277 1719 4348 βασιλεῦ,
1773 4278 1848 4340 ὼς
1881 4275 1979 4327 οὐκ
2018 4274 2084 4327 ἂν
2126 4278 2153 4329 6
2187 4277 2420 4346 μοναχὸς
2456 4278 2669 4340 ἐκεῖνος
2715 4277 2986 4330 παύσαιτό
3025 4291 3157 4328 ποτε
3191 4276 3523 4347 κατηγορῶν
3571 4275 3668 4328 τοῦ

411 4365 761 4437 μαθήματος,
798 4365 962 4437 εἷπερ
994 4365 1461 4438 εὐπαράγραπτοί
1499 4366 1639 4418 εἰσιν
1666 4365 1760 4417 ἐπὶ
1784 4362 2037 4417 τοσοῦτον
2070 4365 2119 4416 ei
2154 4366 2288 4419 κατ’
2321 4365 2489 4419 αὑτοῦ
2521 4366 2964 4437 προσφερόμενοι
2992 4368 3294 4438 μάρτυρες.
3327 4365 3409 4421 Ad
3459 4365 3673 4419 calcem

405 4451 647 4522 denique
667 4443 877 4508 codicis
896 4454 1053 4525 Regii
1087 4454 1483 4511 describuntur
1505 4468 1701 4511 eorum
1740 4452 1962 4508 nomina
1999 4468 2234 4522 quorum
2266 4452 2697 4507 auctoritatibus
2733 4470 2867 4509 usus
2892 4466 2977 4510 est
3008 4455 3370 4525 epistolarum
3409 4452 3673 4521 scriptor,

407 4539 830 4611 Συγγράφοντες
884 4543 978 4594 καὶ
1040 4542 1432 4614 συμμάρτυρις
1494 4541 1594 4612 τῆς
1672 4542 1855 4611 βίω-ου
1911 4542 2105 4604 αὐτοὶ,
2177 4540 2480 4611 Ιῖρηγόριος
2544 4543 2573 4593 6
2640 4542 2929 4610 θεολόγος,
2997 4543 3025 4594 6
3085 4543 3259 4612 μέγας
3338 4540 3665 4604 Βασίλειος,

407 4629 707 4700 Γρηγόριος
758 4628 969 4699 Νύσης,
1033 4629 1284 4704 Ἰωάννης
1340 4632 1368 4683 6
1412 4630 1857 4702 Χρυσορῤήμων,
1913 4632 1941 4682 6
1997 4630 2169 4700 μέγας
2219 4629 2564 4700 Ἀθᾳνάσιος,
2601 4630 2631 4682 6
2686 4628 2978 4701 Κύριλλος,
3028 4634 3057 4685 6
3092 4630 3268 4701 μέγας
3320 4629 3671 4698 Ἐπιφάνιος,

421 4718 827 4781 Ἀναστάσιοςὸ
857 4717 1144 4789 Συναϊτης,
1189 4718 1442 4789 Ἰωάννης
1475 4720 1503 4771 6
1534 4719 1922 4789 Δαμασκηνὸς,
1971 4717 2273 4789 Γρηγόριος
2318 4719 2346 4770 6
2384 4716 2654 4787 διάλογος,
2712 4717 2971 4790 Ἀνδρέας
3017 4719 3264 4790 Κρήτης,
3318 4717 3527 4788 Πέτρος
3571 4715 3674 4769 καὶ

434 4751 827 4781 ην.μ.υινιν,υ
857 4751 1144 4789 mutum
1205 4751 1439 4789 ,ωιννιις
1475 4751 1503 4771 υ
1534 4751 1922 4789 ηαμαδκιμυς,
1974 4751 2271 4789 ιριιιυμιυ,
2318 4751 2346 4770 υ
2384 4751 2654 4787 “anno.”
2727 4751 2939 4788 ηνυρςυι
3017 4751 3264 4790 “pq...”
3319 4751 3525 4788 ηενρ-ιι,
3572 4751 3672 4769 ...η

408 4806 622 4870 Παῦὶος
666 4809 714 4858 οί
759 4807 1070 4873 ἀπόστολοι,
1117 4808 1432 4877 Νικηφόρος
1478 4807 1844 4879 πατριάρχης,
1908 4806 2007 4860 σὺν
2037 4802 2248 4866 τούτοις
2296 4807 2393 4858 καὶ
2448 4804 2658 4874 Μωσῆς
2688 4806 2784 4859 καὶ
2828 4751 3019 4869 Δαϐἶδ,
3078 4807 3172 4859 καὶ
3220 4804 3306 4867 τίς
3350 4806 3379 4857 6
3416 4801 3672 4873 φωτίζων

408 4893 632 4957 τούτους
661 4896 758 4949 καὶ
787 4895 999 4968 μάρτυς
1056 4895 1316 4967 ἀψευδὴς,
1373 4896 1437 4949 τὸ
1466 4894 1693 4963 Πνεῦμα
1715 4896 1776 4948 τὸ
1806 4895 1973 4969 ἆγοιον.

2125 4893 2273 4948 hisce
2307 4892 2560 4963 epistolis
2581 4894 2794 4964 aliquot
2829 4893 3006 4948 edidit
3053 4892 3441 4948 Bonaventura
3474 4891 3672 4957 Vulca-

408 4983 538 5037 nius
564 4983 618 5036 in
649 4982 796 5038 notis
829 4983 897 5039 ad
934 4982 991 5039 S.
1023 4982 1289 5056 Cyrillum
1319 4994 1511 5040 contra
1547 4981 2169 5054 Anthropomorphitas,
2212 4998 2280 5037 ex
2306 4983 2429 5037 cod.
2461 4998 2624 5054 quem
2662 4982 2930 5054 Georgius
2972 4983 3157 5038 Douza
3189 4982 3346 5053 Cpoli
3379 4981 3672 5049 attulerat.

411 5072 624 5128 recenti
680 5081 736 5127 et
780 5088 974 5142 parum
1029 5072 1136 5128 lida
1182 5089 1368 5137 manu,
1418 5082 1479 5128 ut
1524 5073 1641 5143 ipse
1687 5081 1944 5134 testatur,
2000 5072 2305 5141 exscripto,
2352 5073 2449 5141 qui
2503 5072 2731 5128 Joannis
2780 5072 3004 5128 Zonarai
3060 5085 3261 5125 nomen
3315 5070 3668 5140 prmierebat.

411 5159 638 5216 Zonarte
673 5162 1029 5217 ascribuntur
1054 5172 1319 5233 prmterea
1351 5162 1467 5218 ista:
1499 5163 1746 5232 epistolae
1778 5163 1833 5217 in
1866 5161 2054 5216 indice
2084 5160 2359 5215 librorum
2380 5160 2698 5216 Grmcorum
2720 5175 2786 5215 ex
2808 5160 2933 5216 cod.
2964 5175 3066 5215 ms.
3098 5159 3233 5230 Reg.
3265 5159 3428 5213 2815.
3464 5159 3671 5215 Verum

412 5249 637 5304 codices
672 5250 785 5304 duo
808 5249 1067 5315 Caesarei,
1100 5266 1239 5321 quos
1269 5251 1455 5305 laudat
1484 5250 1819 5304 Lambecius
1844 5248 1981 5321 (58),
2016 5263 2255 5316 quorum
2290 5248 2443 5317 prior
2468 5248 2555 5314 50,
2584 5249 2724 5303 alter
2754 5248 2822 5303 56
2841 5247 3106 5318 epistolas
3138 5247 3406 5311 continet,
3436 5245 3674 5300 Michae-

413 5335 521 5390 iem
557 5336 778 5408 Glycam
806 5348 1091 5394 auctorem
1124 5339 1567 5414 praeferunt,hoc
1596 5339 1892 5393 lemmate:
1927 5338 1978 5390 Τε

2126 5336 2389 5404 ιφωτάτου
2416 5337 2508 5389 καὶ
2536 5336 2869 5403 λογιωτάτου
2901 5335 3069 5406 κυροῦ
3104 5334 3325 5414 Μιχαὴλ
3362 5334 3458 5388 τοῦ
3491 5334 3691 5388 Γλυκᾶ

413 5425 496 5487 εις
524 5425 621 5487 τὰς
649 5426 881 5496 ἀπορίας
911 5426 1014 5496 τῆς
1057 5425 1209 5490 θείας
1241 5411 1497 5497 Γραφῆς.’
1522 5426 1844 5480 Laudantur
1870 5425 1978 5479 etia

2137 5425 2381 5480 Gesnero
2417 5425 2520 5480 sub
2574 5425 2799 5480 nomine
2830 5424 3030 5496 Glycie,
3070 5435 3127 5478 ut
3152 5434 3207 5479 et
3226 5411 3327 5477 'ab'
3351 5421 3672 5479 Hoesclielio

414 5527 482 5567 ex
514 5512 649 5568 bibl.
689 5512 1008 5585 Augustana
1036 5516 1229 5572 eodem
1267 5517 1451 5584 titulo,
1486 5523 1542 5570 et
1566 5531 1596 5569 a
1633 5513 1838 5569 Jacobo
1872 5515 2143 5581 Pontano,
2169 5515 2262 5585 qui
2296 5518 2511 5585 priores
2540 5514 2679 5569 duas
2703 5513 2898 5570 Latine
2926 5511 3122 5570 edidit.
3159 5514 3264 5569 Sed
3293 5522 3347 5569 et
3370 5512 3434 5568 ad
3458 5516 3674 5567 calcem

484 5693 600 5766 (54)
638 5694 700 5751 ν.
742 5693 974 5752 Fabricii
1016 5698 1275 5755 Biblioth.
1302 5698 1394 5755 Gr.
1441 5696 1532 5754 ed.
1582 5694 1794 5763 "aries,
1822 5704 1859 5751 t.
1894 5693 1986 5761 XI,
2176 5693 2290 5766 (56)
2316 5693 2440 5766 L_ib.
2477 5710 2553 5760 tv,
2581 5693 2655 5766 de
2686 5692 2823 5747 Bibl.
2853 5691 3055 5766 Cscsar.

412 5780 470 5839 ιι·
497 5763 661 5839 ξὲὶσ-
806 5838 809 5839 ,

2173 5765 2288 5839 (62)
2325 5763 2849 5839 C_or_rtrg_Creygton,
2882 5780 2936 5834 p.
2972 5763 3095 5819 544.

486 5836 601 5910 (55)
632 5837 761 5910 Pag.
803 5838 929 5895 546.

2179 5835 2288 5906 \53)
2338 5834 2451 5893 FOL
2485 5834 2577 5903 30,
2602 5850 2654 5888 γ.
