3964 6252
266 387 340 454 25
382 406 393 413 '
1693 393 2119 461 PRJEFATIO.
3460 402 3535 466 26

266 503 474 558 codicis
506 505 830 574 posterioris
860 504 1092 561 Caesarei
1128 507 1244 562 haec
1294 506 1618 562 scribuntur
1648 523 1663 561 :
1712 504 1831 559 Τοῦ·

1972 507 2142 560 ι6>.ιον
2170 509 2404 582 ὑπάρχει
2430 512 2649 584 Μιχαὴλ
2671 513 2766 569 τοῦ
2799 514 3004 573 Fluxa.
3045 517 3367 574 Promiscue
3396 533 3533 574 vero

266 594 432 647 hasce
458 593 726 662 epistolas
760 595 862 649 sub
898 597 1121 651 nomine
1152 596 1380 653 Zonaras
1421 598 1536 652 sive
1578 595 1759 667 Glyeae
1794 610 2012 664 semper
2046 596 2235 652 laudat
2270 596 2526 663 Allatius,
2582 601 2684 656 lib.
2743 617 2778 658 ιι
2832 603 2908 658 De
2952 622 3208 660 consensu
3253 607 3534 676 utriusque

269 679 543 747 Ecclesim,
580 699 702 754 cap.
740 683 827 749 l8,
860 701 916 739 n.
948 685 1049 752 l7;
1077 685 1173 740 lib.
1211 699 1291 749 ιιι,
1318 700 1440 755 cap.
1470 684 1558 747 l5,
1584 701 1642 739 n.
1678 683 1730 747 8,
1758 698 1878 752 cap.
1912 681 2000 746 16,
2028 699 2063 737 n
2111 685 2202 750 24;
2241 700 2363 757 cap.
2397 688 2487 749 18.
2515 706 2571 743 ιι.
2605 690 2660 752 8,
2697 699 2966 747 etcontra
2990 692 3353 765 Creygtonem
3395 694 3528 762 ('59).

265 768 323 823 In
369 770 576 840 quibus
617 772 842 841 quidem
882 774 1021 829 locis
1053 773 1318 845 quasdam
1359 790 1425 830 ex
1469 773 1537 828 iis
1595 774 1838 842 integras
1869 771 2179 841 exscripsit,
2223 774 2297 827 ita
2353 782 2435 836 ut,
2473 769 2598 829 cum
2645 779 2942 842 scribebat,
2985 782 3146 852 cujus
3191 789 3378 835 essent
3418 797 3530 835 non

264 858 497 912 omnino
532 860 635 927 ipsi
677 876 777 930 pro
806 861 1117 915 indubitato
1149 861 1474 916 haberetur.
1501 860 1558 915 lvl
1588 859 1856 915 duntaxat
1884 871 2119 928 constat,
2161 863 2353 919 harum
2388 875 2671 922 auctorem
2697 870 2900 925 vixisse
2928 872 3031 926 sub
3073 872 3322 928 Manuele
3363 872 3531 929 Com-

264 960 431 1006 neno,
470 954 585 1000 tum
618 964 683 1002 ex
714 948 1168 1020 Antapologetico
1198 951 1357 1017 cujus
1404 949 1777 1012 meminimus,
1821 957 1936 1004 tum
1980 965 2045 1004 et
2078 952 2211 1006 viris
2243 953 2525 1023 primariis
2572 956 2712 1010 aulae
2738 957 3046 1028 Cpolitanae
3076 960 3282 1029 quibus
3320 961 3532 1030 aliquot

265 1031 673 1095 inscribuntur,
704 1044 868 1105 atque
901 1035 955 1089 in
988 1037 1056 1090 iis
1093 1036 1303 1092 Joanne
1335 1037 1485 1092 Duca
1519 1052 1715 1107 magno
1739 1037 2102 1094 hetaeriarcha
2128 1048 2184 1094 et
2206 1041 2446 1101 sebasto.
2478 1043 2636 1114 cujus
2676 1059 2788 1113 prie
2836 1047 3070 1113 caeteris,
3106 1056 3168 1101 ut
3209 1047 3350 1101 alios
3394 1062 3532 1114 pra:-

263 1130 500 1187 teream,
534 1123 744 1178 mentio
768 1123 1008 1179 occurrit
1034 1125 1176 1195 apud
1213 1125 1460 1181 Nic-ctam
1494 1126 1626 1197 (40),
1654 1134 1708 1181 et
1742 1126 1990 1183 Manuele
2021 1127 2306 1185 Comneno
2332 1129 2790 1199 Sebastocratore,
2816 1132 2911 1202 qui
2943 1149 3051 1189 non
3080 1134 3221 1190 alius
3251 1144 3337 1190 est
3364 1135 3433 1189 ab
3463 1150 3530 1189 eo

263 1212 424 1277 cujus
457 1209 668 1279 pariter
698 1211 949 1266 meminit
977 1211 1278 1268 Cinnamus
1306 1212 1442 1285 (41).

331 1294 569 1363 Quando
599 1314 731 1353 vero
756 1299 950 1370 Glycas
982 1301 1200 1362 vixerit,
1229 1317 1297 1355 ex
1329 1302 1478 1357 illius
1499 1303 1739 1358 Historia
1777 1319 1885 1359 non
1919 1313 2239 1376 promptum
2270 1317 2355 1364 est
2382 1309 2600 1379 assequi
2643 1295 2661 1363 ἐ
2696 1310 2913 1365 tametsi
2961 1310 3174 1366 Zonara
3245 1312 3526 1381 posterio-

262 1399 384 1438 rem
418 1385 609 1450 tuisse,
637 1388 723 1442 vel
752 1398 904 1443 certo
943 1401 1066 1460 post
1088 1390 1357 1446 Zonaram
1390 1392 1702 1462 scripsisse,
1721 1408 1788 1448 ex
1810 1409 1877 1448 eo
1900 1394 2209 1463 colligimus
2227 1395 2371 1465 quod
2398 1396 2548 1451 illius
2576 1397 2818 1451 Annales
2850 1412 2958 1452 non
2983 1399 3155 1453 semel
3179 1398 3370 1453 laudet
3390 1399 3526 1467 (42).

262 1470 424 1527 Unde
456 1474 551 1528 illo
578 1477 753 1530 multo
781 1492 902 1533 esse
938 1480 1301 1548 posteriorem
1329 1496 1439 1533 non
1467 1480 1670 1535 desunt
1699 1481 1792 1551 qui
1818 1482 2352 1554 eonjiciunt.Neque
2384 1483 2617 1554 perinde
2646 1501 2713 1539 ex
2765 1485 3095 1547 Annalibus,
3146 1486 3233 1542 vel
3283 1502 3351 1542 ex
3403 1486 3531 1541 aliis

262 1560 538 1618 hactenus
562 1565 729 1620 editis
757 1568 1043 1636 operibus,
1071 1569 1298 1624 Joannis
1323 1569 1552 1624 Zonaras
1570 1578 1784 1626 mtatem
1805 1571 1963 1641 plane
2003 1571 2504 1641 deprehendimus,
2531 1573 2637 1627 nisi
2666 1574 2811 1642 quod
2840 1584 2965 1645 post
3029 1574 3324 1644 imperium
3366 1575 3533 1631 Joan-

260 1651 357 1704 nis
380 1648 654 1706 Comneni
675 1654 844 1708 vitam
875 1655 1206 1724 produxisse
1233 1659 1469 1726 ipsemet
1498 1657 1755 1712 videatur
1778 1657 2045 1720 indicare,
2074 1671 2239 1731 atque
2264 1662 2402 1717 adeo
2423 1662 2627 1718 vixisse
2658 1662 2909 1718 Manuele
2933 1663 3265 1733 imperante,
3310 1679 3339 1718 a
3390 1678 3523 1732 quo,

260 1749 321 1795 ut
350 1741 573 1811 opinor,
609 1743 725 1813 ipse
750 1755 805 1799 ct
835 1746 1162 1801 Theodorus
1189 1748 1500 1815 Balsamon,
1532 1755 1645 1801 tum
1676 1747 1883 1819 Magnae
1911 1750 2173 1805 Ecclesiae
2206 1750 2513 1820 Cpolitanae
2576 1752 2946 1823 nomophylax
2989 1761 3045 1807 ct
3105 1751 3529 1823 chartophylax,

261 1828 470 1883 deinde
496 1832 881 1889 Antiochenus
908 1835 1246 1904 patriarcha,
1283 1845 1412 1891 sunt
1430 1837 1625 1891 delecti
1656 1846 1716 1891 ut
1736 1852 1923 1893 sacros
1956 1854 2197 1894 canones
2226 1839 2566 1909 inspicerent
2589 1850 2647 1895 et
2670 1857 2791 1911 quze
2816 1839 2871 1896 in
2896 1842 2962 1895 iis
2987 1841 3311 1896 obscuriora
3333 1856 3533 1895 occur-

263 1928 458 1972 rerent
498 1919 1022 1990 interpretarentur,
1053 1925 1140 1979 vel
1176 1940 1297 1994 quae
1324 1927 1677 1995 aliquatenus
1719 1926 1936 1997 legibus
1981 1926 2263 1982 adversari
2317 1927 2640 1982 viderentur
2698 1928 3091 1993 observarent;
3143 1927 3289 1997 quod
3346 1928 3413 1982 de
3473 1943 3532 1983 se

260 2015 502 2060 testatur
535 2007 825 2063 Balsainon
859 2011 913 2064 in
939 2010 1263 2066 Prmfatione
1296 2012 1362 2066 ad
1389 2013 1794 2083 expositionem
1817 2013 2244 2070 Nomocanonis.
2273 2013 2431 2082 Quod
2495 2015 2722 2085 quidem
2774 2015 2844 2069 ad
2887 2015 3070 2085 ipsum
3126 2016 3393 2068 Zonaram
3445 2032 3534 2069 rc-

259 2092 398 2147 ferri
433 2105 636 2165 potest,
664 2098 760 2166 qui
799 2113 930 2153 suos
961 2099 1014 2153 in
1057 2115 1297 2155 canones
1322 2099 1765 2157 Commentarios
1803 2117 1911 2158 non
1946 2111 2140 2171 suapte
2171 2102 2265 2156 sed
2299 2102 2528 2157 alterius
2556 2102 2710 2173 jussu
2743 2117 2802 2158 se
2852 2103 3253 2172 conscripsisse
3323 2103 3529 2173 prodit,

258 2185 341 2238 uti
373 2201 542 2256 supra
565 2187 1009 2256 observavimus,
1042 2189 1115 2244 ita
1144 2200 1326 2245 tamen
1353 2200 1414 2246 ut
1448 2191 1693 2248 Zonaras
1718 2208 1850 2249 suos
1879 2191 2128 2247 emiserit
2166 2202 2293 2245 ante
2325 2191 2732 2255 Balsamoncm,
2761 2206 2790 2245 a
2821 2207 2929 2260 quo
2951 2207 3060 2245 non
3086 2191 3256 2246 semel
3291 2201 3347 2245 et
3400 2206 3526 2246 eum

259 2274 447 2344 elogio
476 2274 524 2329 is
560 2274 839 2330 laudatur.
862 2277 941 2332 Ex
972 2278 1178 2349 quibus
1213 2280 1409 2336 saltem
1438 2280 1568 2336 licet
1588 2282 1868 2353 colligere,
1893 2279 1998 2335 sub
2057 2278 2307 2332 Manuele
2360 2279 2563 2331 vixisse
2608 2277 2882 2332 Zonaram
2931 2288 3098 2346 atque
3148 2278 3286 2333 adeo
3349 2278 3527 2346 ipsum

259 2361 511 2432 Glycam,
545 2362 591 2417 si
621 2364 844 2433 quidem
871 2365 1020 2420 illius
1073 2367 1478 2437 suntepistolze
1523 2368 1591 2424 de
1645 2368 1849 2439 quibus
1897 2367 2150 2436 agimus:
2219 2363 2364 2433 quod
2434 2372 2585 2419 certe
2629 2364 2865 2419 suadere
2925 2364 3148 2419 videtur
3211 2366 3534 2434 striptionis

257 2465 369 2518 qua
403 2449 461 2506 in
493 2451 806 2509 Annalibus
838 2454 1018 2508 utitur
1043 2455 1207 2517 ratio.
1235 2455 1330 2510 ubi
1362 2471 1531 2512 sacrm
1561 2457 1861 2527 Scriptum
1888 2454 2072 2522 potius
2099 2468 2265 2522 quam
2325 2442 2666 2508 illustrandae
2725 2452 2974 2508 historiae
3036 2461 3185 2508 totus
3230 2451 3527 2508 incumbit.

258 2536 408 2604 Quin
435 2539 605 2595 etiam
638 2541 694 2596 in
730 2541 797 2596 iis
824 2550 1174 2597 astronomos
1198 2542 1378 2613 carpit
1403 2552 1457 2597 et
1490 2543 1614 2598 illos
1645 2544 1737 2614 qui
1770 2554 2042 2613 astrorum
2063 2540 2452 2596 affectionibus
2484 2540 2753 2611 quidquid
2794 2541 2850 2595 in
2921 2553 3070 2597 terra
3120 2542 3303 2607 agitur
3350 2542 3528 2595 ascri-

258 2626 423 2693 bunt,
458 2627 601 2683 adeo
638 2637 700 2684 ut
721 2631 849 2692 τοὺς
881 2632 980 2700 μὲν
1008 2630 1263 2702 πόρνους,
1301 2634 1428 2695 τοὺς
1472 2632 1529 2686 δὲ
1565 2633 1823 2704 μοιχοὺς)

1966 2631 2128 2694 ,λλους
2169 2630 2330 2684 πάλιν
2372 2631 2569 2698 φονέας
2621 2630 2717 2683 καὶ
2771 2631 3031 2698 ἅρπαγας
3080 2630 3319 2686 efficiant
3381 2630 3531 2701 (45);

258 2715 410 2787 quod
451 2726 508 2772 et
532 2717 714 2788 ipsum
752 2718 947 2774 iisdem
980 2717 1154 2773 ferme
1185 2718 1374 2775 verbis
1405 2720 1643 2775 habetur
1677 2722 1730 2775 in
1760 2719 2213 2791 Antapologetieo
2244 2719 2404 2790 cujus
2436 2734 2604 2785 supra
2630 2717 2991 2773 meminimus
3028 2736 3041 2772 :
3080 2719 3212 2774 licet
3259 2718 3525 2784 fateatur,

260 2815 401 2860 utet
435 2815 634 2861 auctor
655 2805 1122 2878 Antapologrtici,
1154 2810 1325 2863 multa
1363 2825 1430 2864 ex
1458 2809 1705 2865 siderum
1735 2808 2128 2865 all‘ectionibus
2160 2807 2405 2877 etsignis
2450 2804 2774 2862 coelestibus
2827 2804 2883 2861 id
2935 2805 3080 2878 quod
3141 2805 3391 2862 futurum
3451 2806 3526 2862 sit

216 2885 221 2888 ’
257 2909 364 2949 nos
388 2909 557 2964 posse
587 2895 925 2964 conjectare.
956 2894 1032 2950 Ex
1054 2896 1258 2966 quibus
1280 2912 1391 2952 non
1416 2896 1645 2953 omnino
1674 2908 1854 2953 tamen
1881 2896 2176 2953 coniicitur
2206 2896 2526 2950 Michaelem
2579 2894 2800 2966 Glycam
2831 2910 2952 2950 esse
2993 2904 3276 2951 auctorem
3326 2895 3534 2967 episto-

257 2982 441 3038 larum
464 2983 535 3039 de
571 2984 774 3054 quibus
803 2984 1032 3055 agimus,
1061 3001 1187 3040 cum
1218 2984 1453 3042 trivialis
1479 2994 1535 3041 et
1579 2986 1874 3057 quibusvis
1909 2985 2070 3040 obvia
2104 2984 2646 3056 sitejusmodicirca
2680 2995 2959 3039 astrorum
3022 2983 3263 3038 inﬂuxus
3308 2992 3533 3038 senten-

261 3071 362 3137 tia,
392 3080 565 3140 atque
586 3070 725 3128 adeo
752 3073 924 3144 ipsius
956 3072 1293 3137 sitZonaraz,
1314 3076 1406 3144 qui
1444 3074 1499 3129 in
1531 3074 1838 3129 Annalibus
1865 3073 1975 3145 (44)
2035 3074 2207 3129 Deum
2252 3083 2397 3129 astra
2426 3072 2741 3128 condidisse
2766 3072 2958 3126 scribit
2987 3080 3047 3126 ut
3071 3079 3233 3127 terra:
3283 3072 3531 3126 ambitus

258 3175 363 3230 per
387 3176 455 3215 ea
490 3161 870 3216 illustraretur
906 3171 963 3216 et
994 3177 1256 3217 mensura
1290 3164 1559 3233 temporis
1582 3179 1648 3219 ex
1681 3178 1873 3218 eorum
1905 3162 2234 3217 circuitibus
2261 3169 2564 3232 peteretur,
2591 3177 2701 3215 non
2738 3174 2872 3214 vero
2937 3168 3000 3215 ut
3042 3174 3151 3214 una
3197 3176 3323 3215 cum
3377 3169 3528 3213 motu

259 3249 550 3304 stellarum
581 3248 769 3304 omnia
797 3259 984 3305 nostra
1019 3250 1505 3307 circumferantur.
1533 3252 1652 3308 lam
1685 3267 1817 3307 vero
1844 3250 2151 3306 Manuelem
2202 3251 2593 3321 imperatorem
2638 3251 2995 3304 astronomiae
3042 3248 3165 3319 plus
3217 3264 3382 3318 quant
3434 3263 3532 3318 par

260 3346 381 3393 erat
404 3353 634 3407 operam
666 3338 1023 3409 impendisse,
1050 3349 1106 3394 et
1133 3340 1541 3411 astrologorum
1578 3355 1753 3411 nugas
1787 3355 1888 3410 pro
1912 3340 2155 3396 oraculis
2183 3341 2496 3409 excepisse,
2521 3346 2758 3393 testatur
2793 3353 2904 3391 non
2936 3352 3049 3391 uno
3078 3337 3199 3392 loco
3220 3337 3442 3393 Nicetas
3471 3337 3531 3391 in

261 3425 412 3481 illius
439 3428 565 3488 Vita
600 3427 736 3498 (45),
767 3426 940 3495 Quem
970 3427 1193 3497 quidem
1222 3426 1369 3482 haud
1404 3428 1604 3482 mirum
1631 3428 1962 3483 sententiam
1994 3443 2147 3483 suam
2173 3427 2228 3482 in
2273 3427 2504 3497 cpistola
2533 3426 2599 3481 ad
2628 3424 2962 3480 monachum
2991 3424 3243 3480 ﬁrmasse
3297 3433 3380 3480 tot
3435 3440 3530 3480 sa-

263 3528 367 3569 cra:
388 3513 693 3585 Scriptum
725 3524 781 3569 ct
807 3515 1031 3569 Patrum
1058 3514 1506 3576 auctoritatibus,
1542 3530 1669 3570 cum
1701 3533 1730 3570 a
1759 3514 2030 3571 Cinname
2054 3515 2166 3587 (46)
2209 3512 2664 3592 divinisperinde
2720 3529 2784 3568 ac
2832 3513 3261 3569 humanioribus
3316 3513 3527 3568 litteris

268 3603 565 3658 admodum
603 3604 928 3670 instructus,
951 3612 1008 3657 et
1043 3603 1192 3658 bello
1220 3604 1404 3659 clarus
1438 3604 1683 3669 habitus,
1716 3605 1945 3659 Martem
1975 3613 2031 3659 et
2051 3603 2386 3659 Mercurium
2420 3616 2529 3657 una
2553 3611 2609 3655 et
2641 3598 2806 3654 simul
2839 3600 3082 3656 coluisse
3139 3599 3358 3656 dicatur
3385 3614 3401 3653 :
3455 3598 3541 3654 ita

270 3700 328 3746 ιιι
356 3692 597 3749 Manueli
626 3691 803 3763 aptari
840 3692 1082 3763 potuerit
1112 3692 1258 3761 quod
1286 3692 1622 3764 Calpurnius
1653 3692 1766 3766 (47)
1795 3693 1863 3748 de
1893 3693 2100 3749 Carino
2130 3693 2467 3765 imperatore
2497 3688 2710 3746 cecinit
2738 3704 2753 3744 :
2846 3750 2852 3755 _

1135 3824 1408 3898 Utcunque
1435 3835 1617 3882 tamen
1643 3829 2005 3898 conspeximus
2039 3827 2210 3893 ipsum

1132 3895 1383 3967 Longius,
1421 3915 1504 3963 ac,
1539 3901 1639 3953 nisi
1664 3915 1745 3952 me
1770 3895 1973 3967 decepit
1992 3899 2148 3962 visus,
2167 3899 2223 3951 in
2252 3912 2357 3950 uno

1134 3969 1204 4023 Et
1230 3966 1423 4024 Martis
1456 3968 1633 4025 vultus
1662 3976 1711 4022 et
1733 3966 1997 4038 Apollinis
2017 3982 2128 4022 esse
2156 3967 2361 4039 putavi.

336 4106 840 4218 (39,P.5M,5M.
967 4215 980 4218 Α
1128 4165 1201 4218 η

969 4215 980 4218 ,
1128 4165 1133 4171 “
1191 4217 1201 4218 ,
2030 4142 2142 4215 (44)
2172 4143 2304 4218 _Li_b.
2336 4146 2377 4213 ἱ,
2397 4141 2534 4218 n.'l_.

337 4209 447 4286 (to)
480 4219 539 4274 In
558 4209 752 4273 Alexio
789 4217 936 4288 Man.
960 4215 998 4273 t’.
1023 4233 1079 4272 n.
1113 4217 1232 4273 7-9.
2022 4209 2136 4288 (45)
2162 4214 2292 4288 Lib.
2317 4209 2382 4283 ιι,
2414 4233 2473 4272 ιι.
2504 4214 2566 4288 7;
2594 4215 2694 4272 lib.
2719 4230 2776 4285 v,
2808 4228 2869 4272 n.
2894 4213 2952 4282 2,
2972 4212 3045 4281 8;
3075 4209 3175 4269 lib.
3206 4226 3306 4278 vn,
3366 4226 3426 4267 ιι.
3465 4215 3519 4269 7.

334 4289 445 4429 (ιι)
474 4290 601 4344 Lib.
628 4303 686 4353 v,
710 4304 769 4343 ιι.
803 4287 889 4349 ιι,
918 4287 1007 4343 l5.

360 4359 446 4429 42)
472 4360 675 4429 Glycas
707 4374 765 4428 p.
794 4357 919 4429 tto,
950 4357 1080 4426 286,
1101 4358 1229 4427 294,
1256 4357 1386 4417 297.

993 4328 1007 4342 .
2022 4286 2134 4361 (46)
2160 4286 2286 4343 Lib.
2310 4304 2385 4349 γι,
2418 4303 2477 4343 n.
2495 4287 2554 4342 2.

989 4357 1080 4426 86,
1101 4358 1229 4427 294,
1256 4357 1386 4417 297.
2022 4361 2138 4429 (47)
2175 4359 2294 4415 Ecl.
2329 4358 2437 4415 ult.
2514 4356 2523 4365 ’

360 4356 446 4431 42)
472 4360 675 4432 Glycas
707 4374 765 4428 p.
794 4357 919 4432 ito,
950 4357 1080 4426 286,
1101 4358 1229 4427 294,
1256 4357 1386 4417 297.

957 4357 1080 4426 286,
1101 4358 1229 4427 294,
1256 4357 1386 4417 297.
2022 4356 2138 4432 (47)
2175 4359 2294 4415 Ecl.
2329 4358 2437 4415 ult.
2514 4356 2522 4365 '

337 4427 443 4503 (45)
474 4427 675 4503 Gl'ycas
708 4427 766 4500 ᾗ).
793 4427 886 4488 26.
1896 4440 1905 4487 ζ

1608 4811 2180 4907 LECTORI.

268 5011 498 5064 lenitum
524 5010 845 5072 subsequens
867 5005 1261 5072 praemittebatur
1282 5006 1425 5057 Notis
1447 5003 1699 5056 historicis
1711 5002 1792 5055 Du
1812 5002 1981 5069 Cauin
1998 5016 2124 5067 quas
2142 5015 2205 5054 ex
2236 5002 2435 5057 calcet.
2459 5002 2507 5055 Π
2523 5009 2784 5057 revocatas
2812 5006 2977 5057 textui
3005 5005 3333 5068 subjeclmus.
3375 5004 3517 5058 Eutr.

332 5316 615 5389 Ejusmodi
665 5323 788 5370 sunt
825 5316 916 5378 qui
958 5311 1262 5386 generalem
1302 5311 1599 5383 praesertim
1641 5318 1883 5379 spectant
1929 5313 2227 5377 historiam,
2278 5309 2722 5382 quemadmodum
2771 5318 2899 5364 sunt
2941 5307 3167 5364 Zonara:
3204 5326 3335 5380 quos
3376 5312 3536 5369 modo

270 5412 580 5473 recudimns,
610 5407 866 5472 Annales,
909 5417 967 5461 ut
997 5405 1277 5477 fusioribus
1316 5403 1585 5458 illustrari
1617 5401 2009 5458 commentariis
2042 5401 2257 5455 minime
2285 5398 2509 5453 debeant
2541 5414 2560 5452 :
2599 5414 2718 5475 cunt
2743 5401 2833 5470 qui
2860 5400 2915 5454 id
2940 5398 3240 5469 faciendum
3277 5400 3377 5454 sibi
3405 5418 3536 5472 pro-

270 5508 502 5570 poneret,
553 5497 831 5552 inutilibus
871 5497 1042 5567 potius
1072 5510 1134 5548 ac
1169 5493 1577 5563 supervacaneis
1626 5491 1891 5545 Lectorem
1921 5489 2173 5561 fatigaret
2216 5485 2685 5550 observationibus,
2724 5482 2885 5556 quam
2936 5485 3116 5540 labore
3145 5488 3325 5555 quovis
3352 5489 3533 5543 suble-

270 5599 427 5642 varet.
459 5586 542 5641 Ea
573 5586 764 5655 quippe
804 5592 881 5637 est
919 5581 1217 5651 scriptionis
1250 5579 1402 5633 istius
1444 5579 1604 5643 ratio,
1645 5588 1703 5633 ut
1731 5596 1847 5649 quae
1884 5593 1947 5632 ea:
1975 5576 2274 5631 auctoribus
2303 5575 2681 5662 decerpantur,
2722 5575 3060 5645 attingantar
3111 5575 3397 5639 duntaxat,
3438 5591 3533 5631 nec

272 5673 493 5744 pleniori
526 5674 770 5727 oratione
821 5668 1242 5724 conscribuntur.
1293 5665 1559 5722 Continuo
1589 5676 1855 5738 gestorum
1885 5668 2066 5731 series,
2108 5674 2158 5718 et
2189 5661 2475 5718 secundum
2514 5661 2763 5715 certiores
2794 5669 3089 5731 temporum
3119 5672 3274 5716 notas
3300 5663 3528 5733 digesta,

273 5763 320 5815 in
344 5762 449 5817 illis
480 5759 778 5816 attenditur
821 5758 1172 5828 potissimum,
1214 5755 1347 5809 adeo
1389 5765 1448 5809 ut
1493 5756 1638 5825 ipsas
1683 5754 1954 5810 consulere
2003 5754 2230 5824 origines
2276 5764 2480 5804 necesse
2526 5747 2738 5811 habeat,
2787 5750 2877 5819 qui
2903 5749 3220 5820 prolixiores
3250 5751 3524 5820 expetierit
3569 5824 3576 5831 _

274 5847 603 5903 narrationes
619 5861 643 5913 ;
680 5860 799 5900 cum
835 5859 1018 5899 eorum
1052 5843 1141 5914 qui
1167 5843 1399 5898 condunt
1420 5843 1642 5899 annales
1665 5845 1987 5916 pra’cipuunt
2016 5843 2085 5896 sit
2111 5837 2409 5907 consilium,
2450 5843 2509 5890 ut
2540 5835 2829 5894 universali
2854 5840 3088 5905 quadam
3128 5853 3305 5893 rerum
3336 5839 3522 5895 cauni-
