3964 6252
430 346 498 406 27
1672 349 2119 409 HIERONYMI
2162 352 2448 412 wmru
3610 343 3696 406 ελ

430 464 591 529 tione,
624 463 853 521 Lectoris
877 468 1118 523 animum
1157 468 1464 539 informem.
1519 486 1535 520 ι
1579 467 1666 524 Ita
1692 467 1920 523 Zonara:
1958 467 2091 521 illud
2136 470 2191 523 in
2235 471 2420 539 primis
2462 471 2593 540 fuit,
2636 478 2692 523 ut
2730 474 2864 522 recte
2896 469 2951 521 in
2982 465 3301 534 Prtefatione
3337 465 3411 518 ait
3443 461 3705 530 Wolfius,

428 560 627 606 certam
654 556 943 624 quamdam
967 557 1203 611 historice
1226 558 1378 627 quasi
1412 556 1749 628 disciplinam
1778 558 2149 621 constituendi,
2173 565 2222 610 et
2252 557 2487 628 dispersa
2516 559 2569 611 in
2610 557 2857 629 plurimis
2888 556 3144 614 membra,
3189 562 3239 605 et
3273 561 3448 622 partes
3485 551 3601 620 ejus
3633 553 3689 603 in

429 654 591 693 unum
624 642 887 712 quoddam
916 661 1101 715 corpus
1132 646 1421 716 redigendi.
1453 644 1657 717 Delegit
1685 646 1823 699 enim
1856 646 1952 699 sibi
1982 663 2085 699 non
2123 647 2380 710 omnium,
2407 647 2499 700 sed
2528 647 2917 715 prmeipuarum
2958 644 3194 715 gentium
3216 642 3461 695 historias
3482 655 3500 693 :
3524 654 3693 709 neque

429 728 517 779 e‘as
553 745 751 792 omnes,
780 731 872 784 sed
901 732 984 785 vel
1007 734 1300 803 prcecipuas
1331 737 1617 791 duntaxat.
1646 732 1727 787 vel
1762 749 1851 786 eas
1882 748 2001 801 qua:
2026 731 2095 787 ad
2127 731 2371 787 Ecclesia:
2402 735 2592 788 seriem
2629 734 3047 804 perspiciendum
3082 732 3253 802 facere
3289 728 3623 783 videbantur.
3666 745 3684 776 ι

430 812 491 866 In
517 816 615 869 hac
644 819 804 887 igitur
838 827 913 871 tot
941 831 1216 875 eventuum
1259 831 1417 894 atque
1460 837 1638 875 rerum
1668 822 2014 891 expositione,
2066 837 2228 890 quam
2274 821 2510 876 Annales
2548 821 2988 891 complectuntur,
3037 822 3126 890 qui
3161 818 3346 873 mundi
3368 815 3699 887 primordia,

437 898 741 975 Veterisque
771 904 1000 963 Faederis
1026 910 1295 973 historias,
1316 926 1437 979 quae
1459 925 1524 964 ex
1550 911 1717 964 sacris
1745 907 1940 974 Libris,
1968 916 2018 962 et
2050 925 2115 963 ex
2143 908 2389 980 Josepho,
2419 927 2482 964 ac
2513 908 2735 980 Georgio
2766 908 3047 980 Syncello:
3086 917 3179 963 aut
3207 923 3288 960 res
3329 904 3691 965 Cra-canicas.

427 988 509 1042 vel
541 991 699 1045 etiant
726 991 1022 1065 Romanas,
1054 1013 1145 1051 seu
1175 995 1471 1065 reipublicae
1498 1014 1591 1050 seu
1623 997 1832 1067 imperii
1878 1008 2118 1067 tempora
2160 1007 2484 1067 spectentur,
2514 1014 2579 1052 ex
2612 1001 2958 1070 scriptoribus
2989 997 3151 1067 refert
3181 994 3444 1057 Zonaras,
3468 1008 3587 1046 cum
3623 992 3697 1044 iis

426 1077 666 1146 conferre
704 1081 878 1146 vellet,
910 1099 974 1137 ac
1005 1099 1184 1137 eorum
1212 1086 1532 1138 auctoritate
1557 1082 1779 1152 ﬁrmare
1804 1084 1894 1155 qui
1927 1083 2172 1155 singulas
2209 1100 2273 1139 ex
2301 1085 2542 1155 professo
2580 1093 2999 1156 pertractarunt,
3031 1084 3112 1140 vel
3142 1100 3260 1154 qua:
3285 1082 3375 1136 ille
3405 1081 3483 1150 ide
3528 1079 3688 1133 indu-

427 1166 561 1221 stria
604 1170 780 1224 omisit
827 1173 1038 1243 aﬂ'erre,
1072 1174 1175 1227 duo
1208 1176 1413 1245 pariter
1438 1175 1635 1229 subiret
1667 1174 2024 1238 incommoda,
2055 1183 2110 1227 ut
2142 1184 2191 1227 et
2215 1175 2439 1228 nimium
2463 1175 2677 1236 diceret,
2716 1190 2810 1229 nec
2839 1182 3018 1229 tamen
3053 1181 3245 1238 totum,
3280 1181 3337 1225 ut
3370 1165 3699 1236 Quintiliani

429 1256 595 1309 verbis
641 1266 767 1312 utar
801 1276 820 1313 :
865 1259 1143 1329 fatendum
1188 1271 1367 1317 tamen
1410 1279 1681 1317 occurrere
1720 1262 1986 1317 interdum
2033 1263 2089 1318 in
2115 1263 2180 1317 iis
2217 1265 2409 1330 multa,
2438 1278 2555 1334 qua:
2577 1264 2761 1318 critica
2796 1263 3071 1335 indigeant
3100 1277 3261 1315 manu
3285 1276 3304 1314 :
3343 1275 3461 1313 cum
3487 1258 3543 1311 in
3572 1258 3692 1325 ipsa

427 1342 662 1397 videlicet
687 1348 1022 1413 narratione,
1065 1359 1158 1403 aut
1192 1352 1246 1405 in
1280 1366 1624 1417 personarum
1660 1351 1741 1405 vel
1776 1349 2012 1405 locorum
2058 1350 2494 1418 nomenclaturis,
2537 1360 2697 1421 atque
2724 1353 2856 1406 adeo
2888 1353 2941 1406 in
2982 1351 3138 1421 factis
3167 1349 3293 1419 ipsis
3326 1348 3492 1401 assuis
3521 1346 3694 1398 disce-

428 1428 560 1482 dunt
587 1433 921 1499 authenticis,
951 1436 1013 1489 de
1038 1437 1225 1505 quibus
1248 1435 1515 1493 Lectorem
1558 1440 1775 1494 interest
1798 1438 2104 1492 admonere.
2149 1438 2423 1494 Nonnulla
2449 1450 2572 1495 sunt
2608 1450 2891 1510 prtutcrea,
2926 1456 3044 1511 qua:
3072 1438 3197 1492 locis
3231 1436 3443 1490 exoticis
3474 1439 3695 1504 possunt

429 1517 705 1587 adornari,
730 1539 848 1576 cum
884 1522 1060 1579 lumen
1092 1526 1192 1580 sibi
1217 1527 1436 1583 invicem
1457 1526 1767 1600 plerumque
1796 1527 2126 1583 commodent
2149 1527 2437 1597 scriptores
2458 1544 2479 1583 :
2516 1529 2657 1599 quod
2680 1529 2887 1600 quidem
2912 1528 2963 1580 in
3003 1528 3162 1590 notis,
3187 1541 3319 1596 quas
3358 1524 3441 1577 hic
3466 1522 3520 1573 in
3550 1535 3695 1591 prte-

427 1621 547 1660 sens
576 1611 801 1671 edimus,
830 1630 925 1683 pro
956 1614 1099 1669 virili
1121 1617 1489 1684 prteslitimus,
1535 1617 1589 1671 in
1625 1619 1689 1671 iis
1724 1618 1958 1672 maxime
1989 1631 2106 1685 qua:
2145 1615 2461 1685 Byzantina:
2492 1616 2728 1671 historia:
2769 1615 3108 1670 illastranda:
3166 1612 3484 1669 conducunt.
3517 1624 3691 1679 quan-

429 1694 710 1765 doquidem
736 1700 886 1754 hosce
910 1702 1145 1759 Annales
1170 1705 1522 1775 publicamus,
1548 1706 1751 1761 cceteris
1785 1720 1964 1758 rerum
2009 1703 2435 1774 Byzantinarum
2459 1705 2823 1775 scriptoribus,
2855 1705 2993 1775 typis
3026 1704 3182 1773 regiis
3206 1704 3460 1755 hactenus
3482 1712 3705 1767 expres-

426 1783 522 1847 sis,
570 1786 958 1859 adjungendos.
1004 1791 1150 1846 Nam
1188 1801 1243 1847 ut
1290 1793 1677 1864 Theophanem,
1724 1810 1787 1847 ac
1818 1792 1960 1846 illius
1993 1790 2424 1855 Continuatores,
2468 1795 2550 1847 vel
2591 1796 2702 1864 qui,
2755 1803 2811 1847 ut
2853 1793 3116 1857 Zonaras,
3170 1788 3401 1843 Annales
3435 1804 3466 1839 α
3511 1780 3721 1839 mundi

429 1872 641 1926 conditu
672 1876 742 1928 ad
772 1893 869 1931 sua
905 1887 1169 1950 tempora,
1220 1881 1332 1936 alia
1376 1882 1512 1951 forte
1545 1881 1811 1945 methodo,
1843 1883 2226 1951 perduxerunt,
2271 1879 2553 1952 Georgium
2599 1882 2919 1944 Cedrenum,
2966 1880 3250 1949 Georgium
3296 1874 3697 1936 Hamartolum,

428 1956 743 2030 Symeonem
763 1962 1130 2035 Logothetam,
1173 1968 1437 2024 Joannem
1479 1967 1767 2039 Scylitzen,
1798 1966 2213 2024 Constantinum
2256 1967 2587 2035 Manassem,
2610 1970 2919 2025 Michaelem
2958 1970 3202 2040 Clycam,
3234 1967 3462 2028 Joelcm,
3491 1972 3540 2016 et
3563 1962 3700 2018 alios

427 2048 728 2105 istiusmodi
770 2069 890 2107 cum
919 2055 1032 2125 ipso
1060 2056 1277 2112 Zonara
1304 2073 1693 2127 compararem,
1738 2056 1993 2110 absonum
2032 2074 2248 2127 prorsus
2292 2059 2461 2113 visum
2511 2067 2665 2119 esset,
2709 2076 2828 2113 cum
2874 2058 3008 2112 satis
3062 2069 3111 2111 et
3156 2056 3366 2111 abunde
3397 2056 3484 2111 sit.
3515 2054 3562 2107 si
3585 2069 3704 2123 qua:

427 2145 550 2190 sunt
576 2147 728 2193 extra
771 2136 927 2195 usum
966 2159 1323 2210 communem,
1362 2143 1445 2201 vel
1473 2161 1506 2198 a
1537 2145 1739 2200 cceteris
1781 2144 2008 2207 intacta,
2039 2148 2094 2198 in
2132 2156 2286 2199 notas
2317 2147 2644 2216 referantur,
2683 2162 2747 2201 ex
2778 2146 2967 2217 quibus
3017 2145 3267 2213 scriptori
3305 2143 3397 2197 lux
3435 2152 3705 2211 utcunque

428 2223 702 2294 affulgeat.
735 2226 859 2281 lam
890 2245 1009 2282 vero
1039 2247 1157 2285 cum
1186 2234 1239 2285 in
1272 2233 1576 2287 uniuersam
1617 2230 1975 2302 Byzantinam
2006 2233 2285 2288 historiam
2315 2245 2612 2305 perpetuos,
2647 2243 2704 2288 ut
2724 2236 2801 2289 ita
2829 2234 3031 2297 dicam,
3073 2249 3166 2287 seu
3192 2233 3282 2296 qui
3306 2230 3527 2302 singulis
3553 2229 3711 2283 illius

428 2313 772 2382 scriptoribus
798 2318 977 2384 aptari
998 2321 1218 2388 possint,
1242 2322 1649 2375 commentarios
1677 2322 1904 2375 antehac
1930 2322 2209 2389 ediderim;
2245 2321 2444 2375 duobus
2480 2322 2761 2391 publicatis
2804 2320 3178 2384 voluminibus,
3213 2336 3441 2389 quorum
3468 2317 3702 2372 alterum

431 2396 701 2456 Familias
741 2405 1005 2474 Augustas
1039 2415 1087 2459 et
1130 2406 1486 2474 Dalmaticas,
1536 2426 1644 2463 una
1672 2426 1790 2462 cum
1826 2409 1972 2463 urbis
2021 2409 2627 2480 Constantinopolitanae
2670 2410 3039 2480 descriptione,
3086 2406 3339 2473 alterunt,
3389 2406 3460 2460 ad
3516 2406 3704 2459 medice

431 2495 480 2540 et
511 2488 711 2557 inﬁma:
735 2491 1029 2548 Grauitatis
1058 2494 1388 2551 Glossarium
1412 2497 1815 2569 complectatur,
1834 2501 1887 2553 in
1911 2516 2015 2569 quo
2045 2515 2149 2552 non
2186 2497 2340 2551 modo
2368 2497 2625 2552 uocabula
2672 2498 3070 2558 mixobarbara,
3105 2495 3196 2550 sed
3218 2497 3380 2548 etiam
3415 2494 3705 2564 dignitates

432 2577 712 2646 palatince,
744 2580 1029 2648 militares,
1067 2582 1437 2642 ecclesiastica:
1460 2594 1508 2639 et
1537 2588 1844 2642 monasticae
1880 2586 2260 2657 explicantur:
2302 2603 2468 2640 unum
2497 2596 2794 2658 supererat,
2830 2596 2889 2640 ut
2916 2585 3033 2640 sola
3074 2585 3337 2639 duntaxat
3389 2582 3537 2652 facta
3577 2581 3706 2635 illu-

432 2667 598 2719 strari
626 2683 777 2749 posse
806 2671 1120 2726 arbitrarer.
1160 2671 1312 2738 Quod
1342 2674 1551 2745 quidem
1578 2675 1654 2729 ita
1686 2692 1719 2728 a
1748 2690 1828 2728 me
1858 2675 2153 2745 prcrstitum
2176 2682 2272 2737 est,
2311 2683 2366 2727 ut
2391 2676 2438 2728 si
2467 2676 2592 2745 quid
2621 2677 2675 2728 in
2699 2690 2861 2743 supra
2903 2674 3207 2728 memoratis
3249 2671 3713 2726 lucubrationibus

432 2754 727 2819 excidisset,
757 2758 977 2813 subinde
1010 2770 1349 2827 annotarem,
1379 2762 1533 2833 idque
1562 2779 1700 2832 sa'pe
1734 2778 1798 2815 ex
1826 2761 2168 2832 scriptoribus
2199 2760 2431 2821 inedilis,
2468 2776 2531 2814 ne
2564 2761 2647 2815 vel
2678 2777 2744 2815 ex
2775 2761 2985 2815 incuria
3011 2771 3217 2826 nostra,
3244 2758 3324 2813 vel
3349 2774 3413 2811 ex
3437 2758 3705 2810 memoria:

437 2838 591 2910 lapsu
622 2843 954 2914 dispendium
984 2847 1167 2902 Lector
1198 2852 1461 2919 patiatur.
1495 2848 1599 2905 Sed
1641 2859 1690 2903 et
1733 2851 1913 2904 varias
1960 2850 2224 2903 interdum
2265 2848 2510 2903 lectiones
2550 2865 2614 2903 ex
2647 2848 2877 2904 Zonarat
2911 2864 3073 2903 manu
3094 2847 3386 2918 descriptis
3417 2845 3701 2905 codicibus,

434 2944 562 2997 quos
588 2930 762 2985 uidere
788 2935 1024 3002 contigit,
1063 2936 1286 2989 subinde
1323 2937 1625 2998 inserimus,
1665 2937 2031 3006 prwtermissis
2069 2937 2274 2990 interea
2307 2937 2636 3007 synonymis,
2687 2947 2946 3006 tanquam
2994 2934 3191 2989 nullius
3223 2932 3535 3003 compendii,
3565 2934 3712 3001 quod

434 3026 484 3070 et
512 3034 568 3071 se
592 3019 770 3088 fecisse
799 3021 1077 3089 profitetur
1108 3023 1328 3092 Wolﬁus
1360 3025 1657 3092 interpres;
1689 3027 1842 3093 cujus
1872 3023 2112 3093 alioquin
2156 3032 2310 3079 notas
2341 3026 2511 3095 priori
2543 3025 2761 3079 editioni
2789 3024 3048 3082 subditas,
3086 3039 3206 3076 cum
3255 3023 3447 3075 nostris
3481 3021 3564 3074 edi
3592 3022 3706 3074 suis

437 3104 563 3160 locis
588 3109 912 3173 curauimus,
947 3110 1125 3166 littera
1166 3114 1394 3167 nominis
1425 3113 1626 3168 initiali
1658 3113 1739 3168 W.
1792 3113 2078 3171 iudicatas,
2119 3116 2486 3179 pratermissis
2516 3111 2828 3183 quibusdam
2858 3110 3152 3165 inutilibus.
3189 3110 3360 3180 Atque
3381 3107 3706 3178 hae‘quidern

438 3196 670 3265 priorem
707 3197 1000 3252 Annalium
1039 3211 1266 3268 partem,
1309 3210 1357 3254 et
1410 3200 1639 3255 alteram
1690 3216 1855 3271 usque
1898 3201 1968 3253 ad
2007 3196 2422 3255 Constantinum
2465 3200 2727 3272 Magnum
2749 3200 3082 3271 potissimum
3126 3206 3388 3268 spectant,
3427 3200 3513 3252 ubi
3540 3196 3711 3269 paulo

437 3283 578 3336 uisus
598 3291 674 3337 est
707 3287 1030 3349 accuratior,
1078 3303 1241 3357 quam
1276 3288 1332 3340 in
1365 3288 1430 3342 iis
1478 3305 1596 3359 qua:
1628 3288 2054 3358 Byzantinorum
2088 3289 2473 3357 imperatorum
2512 3291 2742 3344 historia:
2779 3298 2932 3343 erant
2966 3288 3283 3351 subiunctat,
3310 3288 3362 3340 in
3389 3303 3495 3357 qua
3529 3288 3706 3340 minus

439 3370 690 3427 scientem
716 3371 879 3440 fuisse
905 3372 1087 3443 palam
1117 3383 1214 3439 est,
1244 3378 1382 3445 quod
1424 3383 1473 3430 et
1500 3376 1714 3445 ipsemet
1746 3378 1969 3446 ingenue
1994 3378 2268 3446 agnoscit;
2308 3376 2750 3446 quemadmodum
2795 3386 2842 3428 et
2874 3375 3142 3446 Xylander
3163 3376 3215 3428 in
3245 3375 3380 3427 notis
3407 3374 3478 3427 ad
3508 3374 3704 3428 Cedro-

443 3474 568 3512 num
609 3460 832 3530 singulis
872 3463 981 3531 fere
1013 3461 1160 3528 locis,
1200 3465 1290 3534 qui
1321 3480 1401 3518 res
1452 3462 1779 3533 Byzantinus
1821 3473 2085 3534 spectant,
2121 3482 2225 3519 non
2260 3465 2413 3520 modo
2450 3467 2696 3519 Itwsitare
2738 3467 2960 3535 cogitur,
3000 3464 3091 3518 sed
3122 3465 3320 3531 fatetur
3349 3461 3489 3516 ultro
3521 3478 3706 3517 uocum

443 3547 544 3600 sibi
568 3547 927 3611 insolentium,
959 3553 1159 3619 partim
1191 3554 1534 3623 hybridarum
1570 3570 1632 3606 ac
1667 3552 2111 3623 μιξοδαρϐάρων,
2146 3555 2345 3623 partim
2373 3569 2590 3624 prorsus
2625 3561 2674 3605 et
2703 3553 2772 3604 ad
2804 3550 2944 3620 apud
2979 3549 3196 3604 Latinos
3234 3558 3285 3602 et
3315 3548 3456 3619 apud
3495 3546 3710 3603 Crtecos

446 3638 871 3707 peregrinarum,
920 3642 1159 3694 notiones
1204 3644 1435 3712 ignotas,
1486 3659 1579 3696 nec
1635 3642 1764 3696 alibi
1795 3642 1955 3696 lectas
1980 3658 1999 3696 :
2039 3643 2176 3712 quod
2223 3658 2327 3699 non
2364 3642 2578 3695 omnino
2606 3639 2931 3702 mirandum,
2959 3639 3216 3709 siquidem
3246 3641 3345 3691 hac
3372 3645 3706 3708 tempestate,

449 3725 586 3779 nulli
624 3736 737 3781 tum
784 3728 892 3797 fere
937 3736 1107 3782 essent
1142 3730 1270 3784 editi
1312 3730 1626 3802 Byzantina:
1666 3732 1900 3785 historia:
1937 3731 2238 3800 scriptores.
2290 3740 2338 3783 et
2370 3731 2424 3784 in
2460 3730 2523 3782 iis
2566 3727 2904 3782 illustrandis
2949 3743 3101 3781 nemo
3128 3742 3193 3780 ex
3227 3734 3302 3779 tot
3333 3725 3456 3780 uiris
3487 3726 3715 3780 eruditis

339 3874 349 3884 ,
446 3816 626 3871 studia
653 3833 750 3870 sua
778 3818 1032 3873 hactenus
1060 3818 1384 3876 contulerat.

465 3963 3666 3989 “M—

1088 4153 2210 4310 ΗΙΕΒΟΝΥΜΙ
2321 4147 2653 4310 W0

1502 4153 2210 4310 lONYMI
2321 4147 3067 4310 WOLFII

927 4606 1638 4727 JOANNIS
1714 4610 2432 4728 ZONAR/E
2521 4603 3287 4767 ANNALES

1724 4846 2416 4958 PRZEFATIO,

494 5047 592 5111 Ad
621 5044 1019 5126 magniﬁcum
1058 5053 1114 5105 et
1144 5063 1512 5126 generosum
1545 5046 1748 5126 virum
1785 5043 1860 5102 Β.
1892 5042 2235 5126 Antonium
2271 5043 2631 5126 aggerum
2651 5043 3069 5126 Kirchpcrgw
3099 5052 3157 5104 et
3216 5045 3692 5111 Wet'ssenhorm‘

1285 5123 1630 5198 dominum,
1663 5125 1959 5187 Caesarea:
1989 5124 2307 5203 majestati
2339 5142 2377 5182 α
2410 5122 2718 5194 consiliis,
2753 5122 2878 5185 etc.

531 5450 683 5522 Opus
709 5448 814 5504 hoc
840 5448 1198 5504 historiarum
1231 5449 1456 5506 Joannis
1483 5449 1731 5512 Zonaras,
1795 5448 1900 5502 viri
1930 5463 2028 5503 sua
2072 5458 2235 5504 aelate
2281 5449 2335 5522 in
2384 5446 2676 5517 Cpolitano
2735 5447 2972 5519 imperio
3024 5449 3342 5512 clarissimi,
3392 5448 3560 5519 longo
3605 5451 3721 5521 jam

465 5554 715 5611 tempore
739 5556 769 5595 a
791 5540 980 5597 multis
1003 5539 1137 5596 viris
1168 5541 1508 5596 doctissimis
1536 5539 1939 5602 desideratum,
1978 5538 2187 5609 duplici
2217 5534 2565 5607 potissimum
2598 5537 2825 5592 nomine
2855 5536 3358 5591 commendandum
3385 5553 3510 5593 esse
3558 5541 3720 5594 viae-

471 5638 584 5692 tur,
613 5637 728 5682 tum
761 5638 986 5699 propter
1006 5629 1428 5698 amplitudinem
1461 5636 1518 5681 et
1550 5629 1878 5682 varietatem
1908 5642 2094 5680 rerum
2127 5642 2249 5696 qua:
2272 5625 2325 5681 iu
2354 5640 2421 5678 eo
2442 5623 2824 5689 continentur,
2861 5633 2976 5679 tum
3003 5625 3074 5679 ob
3131 5623 3484 5690 brevitatem,
3534 5624 3568 5679 h
3596 5628 3718 5680 -mi-

471 5718 636 5773 nibus
661 5719 747 5772 vel
778 5718 833 5772 in
870 5733 928 5771 re
959 5717 1180 5788 publicat
1213 5717 1298 5771 vel
1333 5715 1656 5772 domesticis
1691 5715 1929 5785 negotiis
1951 5715 2038 5769 vel
2069 5712 2268 5770 studiis
2286 5711 2636 5782 gravioribus
2669 5712 2979 5783 occupatis,
3008 5711 3094 5766 vel
3149 5711 3218 5765 iis
3269 5727 3508 5782 quorum
3564 5714 3726 5767 iulir-

376 5811 380 5815 ‘
475 5805 615 5862 tnior
640 5817 724 5863 est
753 5805 1039 5869 memoria,
1064 5814 1276 5870 gratam
1304 5814 1471 5860 atuue
1504 5802 1865 5863 aptissimam.
1890 5801 2081 5864 Neque
2106 5802 2255 5859 enim
2284 5800 2516 5858 cuilibet
2542 5800 3020 5857 accommodatum
3045 5799 3331 5855 estomnia
3359 5798 3570 5856 scriota
3606 5817 3727 5855 om-
