3964 6252
1529 286 1644 305 ωας
1680 276 1721 291 "‘

213 407 274 469 29
1621 400 2039 462 PRIEFATIO.
3376 384 3455 452 30

216 525 349 579 nium
389 521 789 576 historicorum
820 518 1101 579 evolvere,
1134 527 1191 572 et
1220 519 1521 591 przecipuas
1546 534 1634 575 res
1662 535 2008 575 summorum
2036 518 2395 586 imperiorum
2430 529 2460 569 a
2484 511 2675 567 mundi
2699 509 2953 574 exordio,
3003 517 3272 580 quantum
3322 507 3448 579 qui-

216 615 325 668 dem
345 610 679 666 mortalitati
716 617 916 663 nostrae
944 621 1269 662 concessum
1304 617 1409 669 est,
1441 624 1615 679 usque
1643 609 1709 663 ad
1740 610 1880 662 hanc
1910 616 2149 669 mtatem,
2195 606 2449 673 ignorare
2475 602 2878 673 turpissimum.
2910 600 3043 655 Nam
3068 598 3113 654 si
3179 598 3448 652 Cicerone

218 713 435 758 auctore
466 701 617 756 inter
646 698 926 777 hominem
947 703 1002 751 et
1036 695 1275 750 belluam
1309 698 1414 752 hoc
1454 699 1692 753 maxime
1733 698 1989 761 interest,
2023 695 2171 766 quo-:1
2200 695 2319 749 haec
2349 702 2561 747 tantum
2617 700 2886 761 quantum
2943 704 3108 743 sensu
3174 694 3450 748 movetur,

221 792 277 845 ad
298 790 350 845 id
383 791 567 844 solum
587 788 737 860 quod
769 770 923 843 adest
959 789 1220 859 quodque
1253 802 1493 857 praesens
1529 795 1615 842 est
1643 802 1701 842 se
1722 758 2123 849 accommodat,
2153 783 2436 853 paululum
2465 758 2760 836 admodum
2810 780 3054 835 sentiens
3109 758 3465 848 praeteritum

221 887 307 934 aut
333 878 605 940 futurum,
646 877 811 930 homo
839 885 1024 931 autem
1052 877 1312 947 quoniam
1359 874 1590 930 rationis
1650 883 1735 929 est
1783 874 2084 945 particeps,
2137 869 2529 941 consequentia
2574 870 2774 931 cernit,
2836 866 3103 937 principia
3147 873 3205 919 et
3264 876 3457 917 causas

222 981 397 1020 rerum
423 965 598 1027 videt,
630 979 934 1032 earumque
964 979 1289 1033 progressus
1320 971 1376 1017 et
1399 963 1554 1032 quasi
1577 963 1992 1017 antecessiones
2026 976 2135 1015 non
2173 960 2414 1030 ignorat,
2446 955 2844 1012 similitudines
2884 961 3189 1022 comparat,
3248 959 3307 1005 et
3361 965 3452 1003 re-

225 1056 321 1110 bus
349 1053 728 1125 praesentibus
757 1053 1004 1123 adiungit
1031 1062 1197 1123 atque
1230 1052 1473 1107 adnectit
1499 1051 1732 1113 futuras,
1759 1051 1918 1107 facile
1947 1051 2117 1106 totius
2148 1050 2273 1104 vitae
2298 1062 2524 1102 cursum
2555 1045 2729 1105 videt.
2763 1044 2828 1099 ad
2860 1057 3094 1111 eamque
3146 1037 3454 1110 degendam

225 1150 493 1214 praeparat
523 1157 613 1196 res
638 1140 996 1208 necessarias,
1024 1140 1114 1196 vix
1149 1139 1391 1194 hominis
1415 1139 1637 1194 nomine
1666 1138 1864 1209 dignus
1893 1146 1976 1194 est
2006 1138 2099 1209 qui
2133 1135 2397 1191 memoria
2432 1143 2485 1188 et
2543 1132 2870 1203 cogitatione
2922 1130 3062 1184 ultra
3115 1142 3270 1183 suam
3325 1133 3461 1180 mta-

227 1240 330 1284 tetn
358 1245 470 1283 non
499 1228 873 1299 progreditur.
908 1231 985 1283 Ac
1011 1228 1351 1299 przescientia
1392 1243 1581 1283 rerum
1613 1227 1941 1290 futurarum,
1972 1229 2017 1281 si
2047 1241 2153 1294 qua
2202 1233 2308 1291 est,
2361 1221 2531 1276 divini
2586 1220 2768 1290 potius
2825 1232 2948 1272 esse
2997 1215 3241 1270 muneris
3288 1226 3453 1283 quam

226 1316 450 1371 humani
482 1298 688 1386 ingenii
712 1315 960 1371 creditur
989 1298 1138 1370 :ietsi
1175 1331 1283 1371 non
1317 1316 1517 1372 desunt
1548 1316 1641 1386 qui
1663 1314 1747 1369 vel
1782 1323 1978 1368 natura
2006 1312 2215 1368 incitati
2250 1311 2333 1364 vel
2362 1318 2482 1363 arte
2531 1306 2704 1376 adiuti
2728 1306 2810 1360 vel
2866 1320 2967 1359 usu
3023 1317 3211 1357 rerum
3270 1298 3454 1355 edocti

225 1421 285 1460 ea
316 1405 626 1476 praedicunt
656 1421 776 1474 quae
807 1405 983 1458 multo
1014 1414 1137 1473 post
1164 1404 1348 1459 futura
1378 1412 1529 1460 sunt.
1570 1403 1703 1470 Quae
1741 1402 1967 1472 quidem
1993 1400 2222 1455 facultas
2250 1409 2305 1455 et
2351 1398 2518 1452 latius
2565 1402 2776 1465 pateret
2813 1401 2867 1446 et
2905 1391 3078 1443 multo
3139 1397 3285 1442 esset
3336 1387 3463 1441 illu-

226 1494 409 1556 strior,
445 1494 495 1548 si
525 1493 629 1547 tria
660 1492 779 1548 haec
812 1494 863 1547 in
901 1508 1010 1547 uno
1033 1494 1255 1548 homine
1281 1494 1745 1564 coniungerentur
1775 1507 1789 1544 :
1817 1491 2215 1559 praneritarum
2243 1503 2426 1543 autem
2458 1485 2730 1557 ignoratio
2755 1484 2810 1536 in
2863 1478 3087 1534 homine
3116 1476 3323 1531 litteris
3376 1476 3463 1529 vel

231 1580 580 1635 mediocriter
601 1580 817 1635 imbuto
850 1581 936 1635 vix
965 1581 1130 1635 ullam
1164 1580 1328 1636 habet
1351 1563 1785 1635 excusationem.
1820 1578 2010 1648 Neque
2038 1579 2185 1632 enim
2219 1578 2272 1630 in
2310 1577 2433 1640 hac,
2466 1585 2526 1629 ut
2556 1575 2609 1627 in
2642 1573 2755 1634 illa,
2790 1570 2873 1625 vel
2907 1570 2974 1623 de
3018 1566 3093 1622 rei
3143 1563 3464 1620 dillicultate

227 1670 308 1723 vel
333 1669 404 1725 de
426 1678 638 1724 natura:
663 1679 866 1725 nostra:
892 1669 1270 1724 imbecillitate
1298 1670 1454 1737 queri
1487 1681 1803 1738 possumus,
1835 1666 1928 1721 sed
1953 1665 2038 1719 vel
2072 1666 2269 1733 supina
2304 1660 2637 1732 negligentia
2660 1659 2743 1713 vel
2775 1655 3066 1725 occupatio
3128 1666 3465 1721 supervaca-

228 1772 329 1813 nea
357 1761 447 1816 vel
473 1759 637 1815 inane
673 1758 972 1829 voluptatis
1002 1758 1247 1813 studium
1269 1734 1740 1826 culpam—omnem
1778 1753 2035 1810 sustinet.
2058 1751 2193 1817 Quis
2225 1748 2375 1802 enim
2421 1747 2666 1802 omnium
2726 1742 3043 1798 mortalium
3110 1740 3181 1793 ita
3234 1734 3473 1807 negotiis

230 1846 486 1902 obruitur
505 1848 660 1917 quin,
687 1848 734 1900 si
759 1861 963 1917 parcus
993 1856 1049 1902 et
1076 1845 1323 1915 prudens
1348 1844 1418 1899 sit
1448 1843 1712 1913 temporis
1742 1838 2129 1911 pretiosissimi
2159 1850 2206 1891 et
2231 1834 2609 1904 irreparahilis
2626 1831 2872 1887 thesauri
2892 1830 3264 1899 dispensator,
3298 1837 3463 1878 unam

228 1945 394 2005 atque
411 1936 642 1990 alteram
668 1935 861 1989 horam
899 1933 1131 2005 legendo
1167 1911 1602 2002 meditandoque
1631 1929 1840 2000 absque
1871 1923 1981 1984 ullo
2011 1924 2362 1981 incommodo
2384 1922 2719 1979 valetudinis
2749 1930 2803 1977 et
2827 1935 3015 1976 rerum
3070 1930 3296 1973 suarmn
3346 1911 3469 1966 dis-

232 2004 435 2093 pendio
467 2025 718 2095 quotidie
742 2025 912 2095 possit
941 2004 1304 2096 impendere?
1339 2021 1603 2079 Videmus
1624 2021 1771 2073 enim
1797 2016 1997 2088 quibus
2025 2017 2207 2084 nugis,
2237 2028 2305 2068 ne
2329 2012 2460 2082 quid
2487 2012 2666 2066 dicam
2703 2009 2947 2080 gravius,
2995 2004 3273 2076 plerisque
3327 2010 3477 2096 tet-n-

231 2129 335 2185 pus
367 2121 581 2185 pereat,
607 2114 754 2184 quod
787 2115 947 2181 longe
980 2088 1188 2169 rectius
1214 2112 1397 2168 studio
1432 2108 1716 2180 sapientia:
1741 2085 2097 2161 tribueretur.
2127 2102 2240 2157 Nec
2269 2100 2471 2171 injuria
2496 2099 2580 2152 vir
2609 2097 2967 2169 gravissimus
3022 2092 3239 2147 Seneca
3292 2085 3475 2141 excla-

232 2212 363 2259 mat.
401 2176 658 2273 magnam
684 2203 809 2257 vita:
838 2176 1046 2270 partem
1071 2201 1208 2257 nihil
1241 2176 1555 2271 agentibus,
1596 2198 1857 2267 majorem
1888 2193 2030 2247 male
2064 2190 2374 2262 agentibus.
2401 2196 2571 2242 totam
2604 2185 2751 2239 aliud
2777 2181 3067 2253 agentibus
3097 2176 3263 2237 elabi,
3294 2187 3473 2242 eoque

233 2290 346 2345 ﬁeri
383 2300 448 2345 u‘.
478 2291 792 2346 necessaria
830 2293 1149 2361 ignoremus
1173 2288 1433 2360 quoniam
1455 2298 1865 2357 supervacanea
1888 2279 2268 2336 didicerimus.
2306 2274 2730 2346 Supervacanea
2770 2285 2938 2341 porro
2968 2264 3225 2335 intelligit
3270 2263 3471 2315 immo—

232 2376 416 2431 dicum
441 2377 807 2446 voluptatum,
832 2378 1081 2443 honoris,
1107 2350 1388 2447 potentiae,
1423 2350 1781 2447 pecuniaeque
1806 2369 2074 2431 studium,
2102 2366 2414 2421 necessaria
2438 2377 2571 2417 vero
2599 2356 3026 2431 philosophiam,
3051 2355 3155 2407 hoc
3181 2350 3474 2406 esthuma—

232 2480 425 2519 narum
458 2464 884 2535 divinarumque
919 2438 1510 2536 rerum-cognitionem
1547 2481 1560 2518 :
1588 2438 1709 2532 quae
1731 2460 1775 2517 si
1808 2458 1903 2514 ulli
1939 2455 2252 2511 mortalium
2280 2450 2518 2523 perfecta
2550 2448 2920 2518 contingeret.
2952 2440 3097 2497 haud
3131 2438 3299 2495 dubie
3358 2450 3478 2489 om-

233 2552 388 2606 nium
410 2552 559 2606 oculi
584 2562 748 2624 atque
779 2554 947 2608 animi
982 2554 1034 2607 in
1058 2554 1209 2609 illum
1239 2569 1407 2608 unum
1431 2528 1691 2621 tanquam
1726 2548 1890 2603 deum
1915 2542 2205 2615 quemdam
2238 2547 2715 2596 converterentur.
2749 2535 2907 2589 Nunc
2926 2531 3054 2603 quia
3088 2543 3287 2584 nomen
3314 2528 3478 2580 inane

234 2640 390 2694 multi
411 2612 693 2708 iactitant,
726 2643 982 2710 perpauci
1012 2657 1143 2695 vero
1170 2642 1243 2695 ita
1282 2649 1410 2695 sunt
1448 2612 1643 2692 morati
1670 2645 1729 2691 ut
1762 2644 1910 2690 recta
1935 2612 2075 2686 ratio
2105 2629 2365 2699 postulat,
2406 2626 2465 2680 ﬁt
2496 2638 2556 2680 ut
2605 2640 2695 2678 res
2748 2623 2863 2692 ipsa
2924 2620 3087 2690 vulgo
3116 2634 3222 2671 non
3271 2612 3470 2668 intelli-

231 2736 413 2797 gatur,
433 2739 488 2781 et
521 2743 724 2782 nomen
749 2730 1185 2797 odiosumuequc
1217 2738 1381 2798 atque
1408 2726 1702 2781 ridiculum
1733 2722 2021 2778 habeatur.
2083 2720 2253 2790 quue
2275 2717 2422 2772 haud
2475 2716 2590 2771 scio
2643 2728 2806 2784 quant
2874 2719 3043 2765 recte.
3102 2709 3289 2777 Neque
3329 2704 3493 2759 enim.

235 2814 550 2883 disciplina:
575 2824 671 2869 aut
704 2817 829 2869 vitae
862 2831 1035 2886 genus
1062 2815 1134 2869 ob
1169 2815 1459 2870 hominum
1483 2813 1758 2870 inscitiam
1791 2823 1885 2869 aut
1915 2811 2330 2884 perversitatem
2354 2807 2477 2879 iure
2511 2804 2821 2860 traducitur
2848 2818 2864 2857 :
2899 2810 2955 2855 et
2978 2799 3073 2870 qui
3119 2808 3226 2851 tam
3282 2808 3474 2849 severe

228 2902 505 2972 iudicant,
543 2917 614 2956 ne
637 2903 967 2973 semetipsos
990 2904 1240 2974 quidem,
1276 2903 1379 2957 nisi
1409 2903 1610 2957 mentis
1636 2916 1830 2957 errore
1870 2902 2206 2964 afficiantur,
2244 2894 2581 2968 probabunt.
2607 2892 2872 2947 Homines
2902 2889 3050 2944 enim
3077 2895 3207 2941 sunt
3243 2891 3304 2937 ut
3367 2897 3472 2935 cre-

238 2988 364 3054 teri,
393 2999 454 3044 et
482 2988 683 3043 iisdem
713 2970 1247 3045 ail'ectibus'obnoxii
1284 3010 1296 3043 :
1326 3000 1384 3046 et
1408 3006 1600 3060 parum
1628 2990 1855 3045 liberale
1882 2998 1968 3044 est
1997 3002 2170 3044 unum
2199 2994 2364 3055 atque
2389 2984 2627 3038 alterum
2658 2993 2872 3038 naevum
2905 2975 3185 3046 exagitare
3222 2970 3481 3026 dissimu-

235 3077 363 3132 latis
400 3077 735 3137 virtutibus.
760 3093 996 3149 quarum
1025 3079 1080 3134 in
1104 3078 1449 3148 philosophis
1487 3093 1599 3133 non
1648 3077 1877 3133 minima
1936 3086 2022 3133 est
2074 3074 2324 3131 studium
2370 3068 2691 3142 inquirendi
2734 3065 2852 3122 veri
2914 3073 2971 3119 et
3017 3059 3477 3116 moderandarum

236 3166 632 3230 cupiditatum,
658 3177 720 3221 ut
752 3145 892 3222 intra
922 3145 1131 3222 natura:
1177 3145 1559 3237 praescriptum
1611 3174 1994 3227 coerceantur,
2045 3161 2356 3231 eodemque
2411 3173 2512 3229 pro
2561 3171 2660 3213 sua
2731 3151 2880 3208 virili
2933 3145 3273 3220 producendi
3315 3157 3495 3212 quam.

236 3255 532 3324 plurimos.
565 3255 853 3311 Postulare
886 3265 1069 3312 autem
1093 3231 1222 3311 ut
1249 3271 1368 3311 sese
1399 3231 1539 3310 infra
1570 3270 1761 3310 omnes
1784 3253 2002 3308 intimos
2043 3249 2296 3305 homines
2355 3246 2636 3319 ahiiciant,
2697 3251 2753 3298 et
2794 3242 2851 3296 in
2896 3236 3160 3294 extremis
3220 3231 3484 3289 sordibus

236 3339 573 3413 Cynicorum
600 3358 756 3398 more
791 3344 999 3411 vivant,
1023 3344 1279 3399 immanis
1296 3353 1382 3400 est
1405 3343 1638 3399 inscitia:
1674 3351 1838 3413 atque
1862 3339 2152 3410 superbiae.
2189 3337 2295 3394 Sed
2328 3335 2395 3391 ad
2421 3333 2709 3389 historiam
2741 3330 2931 3393 redeo,
2980 3342 3104 3398 qua:
3156 3339 3281 3379 cum
3330 3335 3482 3375 cras-

242 3430 356 3485 sior
381 3431 640 3501 quadam
674 3431 1019 3504 philosophia
1046 3434 1137 3497 sit,
1167 3441 1223 3488 et
1251 3432 1515 3503 exemplis
1545 3434 1729 3502 potius
1750 3411 1915 3501 quam
1953 3427 2261 3501 rationibus
2288 3428 2455 3480 vitam
2489 3423 2708 3479 civilem
2764 3435 2829 3476 ac
2878 3419 3146 3488 privatam
3206 3411 3483 3504 instituat,

242 3534 350 3573 non
381 3520 619 3575 dubium
640 3530 725 3575 est
761 3495 1173 3591 quin-magnam
1207 3495 1739 3575 habeat-utilitatem
1770 3495 1896 3573 cum
1926 3500 2138 3572 summa
2166 3514 2439 3569 suavitate
2466 3512 2837 3582 coniunctam.
2861 3507 2920 3561 In
2974 3519 3078 3574 qua
3118 3515 3239 3571 (ιυω
3288 3495 3485 3591 ῐππῗί·

250 3622 354 3676 pue
386 3608 734 3664 observanda
774 3583 904 3675 sint,
927 3583 1228 3679 prudenter
1257 3607 1446 3663 Livius
1476 3607 1561 3661 his
1600 3606 1787 3661 verbis
1820 3612 2006 3660 monet
2034 3621 2048 3657 :
2085 3622 2103 3654 ι
2133 3604 2212 3658 Ad
2246 3602 2336 3657 illa
2360 3601 2494 3656 mihi
2525 3615 2624 3670 pro
2657 3612 2716 3654 se
2741 3597 2973 3667 quisque
2999 3591 3200 3647 acriter
3233 3583 3486 3641 intendat

247 3698 516 3765 animum,
553 3713 675 3769 quae
704 3700 837 3763 vita,
865 3701 957 3768 qui
993 3714 1173 3754 mores
1196 3697 1422 3760 fuerint,
1446 3711 1546 3767 per
1567 3710 1708 3765 quos
1741 3695 1889 3750 viros
1912 3695 2227 3765 quibusque
2255 3692 2470 3747 artibus
2497 3688 2647 3745 domi
2693 3686 3012 3755 militiaeque
3060 3689 3117 3736 et
3163 3683 3385 3749 partum
3430 3683 3491 3730 et

245 3798 469 3841 auctum
497 3786 789 3855 imperium
813 3787 904 3844 sit.
942 3786 1187 3841 Labente
1241 3785 1441 3840 deinde
1494 3784 1759 3854 paulatim
1808 3785 2117 3854 disciplina,
2178 3784 2330 3839 velut
2380 3779 2711 3837 dissidentes
2758 3777 2937 3847 primo
2979 3785 3161 3827 mores
3221 3772 3492 3836 sequatur

248 3876 456 3937 animo,
477 3874 681 3929 deinde
715 3884 777 3929 ut
804 3875 975 3945 magis
1008 3873 1291 3945 magisque
1317 3872 1454 3942 lapsi
1478 3849 1609 3936 sint,
1636 3879 1750 3925 tum
1778 3872 1858 3927 ire
1893 3849 2162 3939 coeperint
2187 3868 2524 3938 prmcipites,
2556 3864 2734 3920 donec
2766 3862 2833 3916 ad
2859 3861 2976 3915 haec
3021 3867 3288 3924 tempora,
3361 3849 3487 3919 qui-

250 3963 350 4016 bus
387 3977 492 4017 nec
518 3962 653 4016 vitia
681 3971 872 4016 nostra
908 3976 1007 4016 nec
1029 3940 1271 4016 remedia
1307 3940 1417 4030 pati
1446 3974 1762 4030 possumus,
1795 3967 2019 4014 ventum
2050 3965 2154 4011 est.
2182 3954 2297 4009 Hoc
2325 3952 2459 4008 illud
2480 3961 2565 4007 est
2595 3949 2868 4021 praecipue
2912 3945 2968 3999 in
3029 3940 3341 4012 cognitione
3397 3949 3489 3989 re-

252 4065 372 4102 rum
410 4049 635 4105 salubre
665 4064 730 4104 ac
759 4049 1104 4120 frugiferum,
1127 4046 1306 4103 omnis
1334 4056 1385 4101 te
1410 4021 1644 4116 exempli
1669 4021 2002 4101 documenta
2038 4044 2091 4098 in
2114 4042 2314 4098 illustri
2348 4040 2522 4112 posita
2555 4036 2896 4092 monimento
2926 4029 3131 4087 intueri
3159 4045 3174 4082 :
3212 4024 3339 4080 inde
3389 4021 3491 4076 tibi

252 4144 467 4207 tumque
494 4136 573 4192 rei
611 4112 1027 4207 publicquuod
1050 4135 1266 4190 imitere
1297 4133 1503 4203 capias,
1541 4112 1667 4187 inde
1695 4131 1903 4188 fmdum
1941 4132 2186 4201 inceptu,
2218 4129 2427 4186 fmdum
2469 4125 2644 4187 exitu.
2711 4122 2859 4195 quod
2909 4121 3070 4175 vites.
3138 4135 3156 4167 ι
3213 4112 3492 4167 Hactenus

252 4205 512 4281 illa—Sed
536 4234 594 4280 et
612 4205 839 4288 Cicero,
879 4232 1242 4293 praeterquam
1272 4221 1417 4292 quod
1451 4222 1529 4276 ait
1563 4239 1581 4270 σ
1612 4221 1824 4277 nescire
1856 4221 1989 4290 quid
2017 4230 2177 4276 antea
2206 4233 2371 4290 quam
2410 4226 2574 4272 natus
2599 4214 2676 4270 sis
2697 4209 2984 4272 acciderit,
3034 4205 3087 4262 id
3140 4212 3224 4259 est
3273 4213 3493 4269 semper

250 4327 372 4367 esse
400 4326 662 4382 puerum,
688 4330 705 4363 ι
735 4310 945 4383 magnis
967 4320 1129 4366 ornat
1166 4309 1423 4365 laudibus
1445 4309 1754 4375 historiam,
1786 4325 1911 4365 eum
1939 4316 2136 4365 testem
2169 4317 2501 4377 temporum,
2525 4305 2706 4360 lucem
2738 4297 3008 4360 veritatis,
3065 4293 3235 4347 vitam
3282 4301 3493 4344 memo-

253 4400 367 4466 riae,
398 4403 722 4472 magistram
753 4401 896 4466 vitae,
930 4401 1177 4454 nuntiam
1204 4398 1494 4453 vetustatis
1520 4398 1780 4468 appellat.
1799 4397 1930 4464 Quae
1952 4412 2077 4452 cum
2117 4411 2251 4451 vera
2274 4409 2397 4450 esse
2426 4407 2536 4447 non
2572 4404 2766 4461 negem
2791 4388 2993 4458 (neque
3022 4383 3169 4439 enim
3223 4390 3494 4449 quorum-

254 4488 376 4543 dam
408 4490 662 4545 fabulosa
699 4497 1005 4544 commenta
1036 4501 1152 4543 rem
1177 4487 1349 4556 ipsam
1383 4500 1739 4554 corrumpere
1767 4484 2045 4554 possunt),
2085 4492 2291 4549 tamen,
2323 4482 2369 4537 si
2407 4479 2642 4535 maxima
2673 4492 2739 4531 ex
2770 4484 2924 4546 parte
2961 4470 3207 4527 omnium
3271 4474 3492 4522 aetatum

255 4578 508 4639 consilia,
534 4588 678 4640 acta,
713 4588 943 4631 eventus
969 4553 1324 4639 aestimemus,
1358 4573 1487 4643 quid
1518 4553 1782 4628 estaliud
1811 4572 2044 4628 historia
2112 4585 2277 4642 quam
2335 4571 2529 4640 ingens
2587 4564 2863 4636 quoddam
2915 4560 3137 4630 pelagus
3194 4572 3257 4611 ac
3312 4553 3497 4624 potius

254 4664 605 4735 naufragium
634 4662 950 4718 miserabile
972 4662 1225 4716 humana:
1246 4639 1515 4727 stultitiae,
1546 4659 1918 4727 improbitatis
1938 4671 1994 4716 et
2026 4639 2283 4722 miseriae,
2314 4667 2370 4712 et
2390 4639 2676 4726 speculum
2700 4653 2858 4722 longe
2886 4647 3159 4703 illustrius
3200 4643 3325 4697 vita:
3386 4639 3484 4710 pri-

255 4762 395 4809 vatae
416 4762 473 4807 et
498 4752 759 4823 politicae,
797 4765 960 4821 quam
990 4750 1099 4805 ulla
1134 4749 1404 4805 comoedia
1431 4758 1526 4803 aut
1561 4747 2015 4819 tragmdia‘IQuze
2041 4746 2298 4816 cogitatio
2321 4745 2374 4799 in
2398 4745 2564 4815 huius
2590 4741 2775 4813 operis
2796 4735 3211 4794 elueubratione
3235 4739 3501 4800 perpetuo

256 4840 516 4895 sensibus
535 4848 703 4909 atque
735 4838 922 4891 animo
954 4852 1077 4891 meo
1108 4838 1394 4892 obversata
1428 4846 1533 4891 est.
1559 4835 1687 4890 Sive
1716 4835 1865 4890 enim
1892 4852 2046 4892 sacra
2063 4837 2178 4890 sive
2205 4833 2453 4904 profana,
2496 4831 2614 4885 sive
2674 4843 2815 4883 nova
2838 4827 2954 4881 sive
2999 4833 3188 4877 vetera
3240 4830 3498 4873 occurre-

257 4936 402 4994 rent,
438 4929 557 4983 sive
579 4925 805 4981 Hebraaa
826 4924 942 4979 sive
960 4923 1147 4980 Graeca
1171 4933 1561 4989 tractarentur,
1589 4924 1852 4979 cramhen
1877 4921 2127 4979 eamdem
2155 4920 2350 4990 repeti,
2374 4916 2707 4974 cantinelam
2732 4912 2985 4969 eamdem
3031 4908 3155 4964 cani
3202 4904 3458 4960 videbam
3484 4918 3500 4955 :

256 5017 444 5071 omnia
469 5017 630 5087 plena
655 5024 990 5079 erratorum,
1026 5015 1321 5077 scelerum,
1354 5013 1632 5077 fraudum,
1668 5012 2101 5077 mendaciorum,
2128 5008 2554 5080 praestigiarum,
2621 5015 3018 5063 aerumnarum,
3066 4993 3498 5050 dissensionum.

257 5108 521 5169 ctedium,
547 5104 917 5161 excidiorum.
950 5103 1019 5160 Ut
1042 5118 1134 5158 res
1160 5103 1276 5173 ipsa
1311 5102 1533 5157 abunde
1561 5102 1778 5167 doceat,
1811 5103 2111 5155 humanum
2144 5097 2425 5169 ingenium
2479 5094 2572 5157 ab,
2598 5097 2720 5163 ipso
2778 5099 2902 5145 ortu
2953 5100 3078 5143 esse
3120 5084 3500 5173 depravatum.

258 5210 440 5265 neque
468 5195 692 5249 inanem
730 5192 1007 5248 exstitisse
1041 5190 1284 5246 divinam
1319 5164 1778 5252 exsecrationem,
1811 5204 1937 5243 cum
1965 5187 2172 5255 ubique
2208 5164 2380 5239 sudor
2420 5183 2625 5245 vultus,
2675 5180 2882 5248 ubique
2933 5172 3129 5229 tribuli
3186 5178 3243 5222 et
3306 5164 3500 5234 spinae.

263 5249 470 5352 ubi-que
492 5279 776 5352 serpentis
803 5279 1020 5334 insidia:
1047 5288 1367 5348 appareant.
1401 5278 1536 5332 Boni
1563 5286 1619 5332 et
1646 5249 1926 5346 simplices
1954 5249 2112 5345 pauci
2151 5281 2281 5327 sunt
2308 5287 2322 5324 :
2356 5280 2413 5326 et
2448 5270 2492 5325 si
2523 5268 2617 5339 qui
2645 5275 2797 5330 sunt,
2824 5265 2860 5319 ii
2887 5263 3023 5318 alias
3048 5274 3149 5330 per
3178 5251 3491 5352 impruden-
3554 5249 3559 5253 ’

265 5370 395 5423 tiam
433 5371 490 5424 in
529 5369 748 5424 facinus
773 5375 961 5431 ruunt,
988 5367 1124 5420 alias
1154 5365 1311 5421 malis
1336 5366 1602 5436 exemplis
1622 5371 2076 5434 corrumpuntur,
2133 5361 2320 5416 aliasa
2366 5360 2603 5412 maximo
2659 5353 3036 5424 improborum
3085 5354 3142 5400 et
3173 5339 3498 5397 callidorum

265 5474 502 5514 numero
523 5458 940 5528 opprimuntur.
973 5455 1042 5510 Et
1071 5470 1387 5524 quanquam
1412 5463 1620 5509 naturae
1650 5430 1937 5507 hominum
1970 5452 2083 5507 duo
2108 5448 2342 5519 insignia
2374 5460 2621 5510 munera,
2650 5443 2883 5499 facultas
2909 5434 3142 5492 rationis
3186 5441 3242 5487 et
3292 5430 3501 5487 oratio-

263 5563 351 5601 nis
367 5520 634 5601 divinitus
663 5552 796 5600 sunt
822 5520 1106 5607 concessa,
1135 5520 1337 5612 quibus
1371 5541 1439 5597 ad
1474 5541 1958 5610 contemplandum
2019 5549 2077 5594 et
2124 5536 2516 5595 celebrandum
2558 5535 2723 5604 huius
2776 5524 3152 5583 universitatis
3209 5520 3503 5590 Opiticem.

264 5644 322 5688 et
345 5635 413 5690 ad
436 5634 698 5689 tuendam
729 5647 795 5687 ac
822 5631 1122 5703 iuvandam
1155 5630 1439 5685 hominum
1469 5630 1617 5685 inter
1650 5607 1799 5699 ipsos
1823 5629 2273 5684 communitatem
2294 5624 2562 5681 utendum
2586 5629 2727 5679 erat.
2785 5616 2839 5670 in
2897 5613 3108 5668 nullum
3163 5615 3276 5667 fere
3333 5607 3504 5663 alium

271 5737 428 5776 usum
451 5737 481 5776 a
505 5721 787 5792 plerisque
818 5693 883 5775 ea
918 5718 1168 5775 converti
1197 5716 1472 5784 videmus,
1501 5715 1609 5772 nisi
1646 5693 1717 5771 ad
1746 5716 2056 5786 expeditius
2085 5710 2387 5768 fallendum
2416 5717 2475 5762 et
2516 5704 2855 5765 nocendum,
2908 5711 2967 5756 et
3017 5700 3336 5754 vastitatem
3393 5693 3503 5769 efti-

269 5780 546 5867 ciendam.
570 5780 769 5865 Annon
827 5809 900 5862 ita
942 5807 1266 5877 plerumque
1291 5780 1520 5869 vivitur,
1552 5813 1611 5860 ut
1637 5780 2100 5872 quemadmodum
2127 5801 2257 5855 fera:
2283 5798 2336 5853 in
2355 5793 2655 5852 solitudine
2681 5801 2739 5847 ct
2768 5791 2943 5852 silvis.
3000 5790 3178 5849 pisces
3227 5785 3282 5841 in
3325 5780 3499 5839 ﬂumi-
