3964 6252
497 323 564 390 31
791 396 800 403 _
1187 293 1190 296 ’
1739 331 2180 392 HIEBONYMI
2225 334 2506 394 WOLFII
3675 335 3750 398 32

497 436 662 491 nibus
685 446 742 492 et
771 437 931 506 mari,
963 439 1218 505 volucres
1247 441 1302 494 in
1336 441 1620 497 innuensis
1641 441 1751 498 illis
1775 443 1920 496 aeris
1951 443 2165 510 spatiis,
2198 459 2392 513 magna
2419 459 2484 496 ex
2513 451 2667 510 parte
2697 444 2854 512 quasi
2881 453 3092 499 natura:
3115 445 3352 514 quadam
3391 447 3512 516 lege
3576 447 3756 504 imbe-

495 525 738 581 cilliores
764 529 1087 597 opprimunt
1115 538 1172 582 et
1196 529 1490 595 devorant,
1527 529 1599 583 ita
1625 530 1790 584 etiam
1823 530 1875 583 in
1912 539 2102 583 nostro
2135 547 2338 600 genere
2363 531 2706 586 callidissimi
2741 541 2796 586 et
2833 533 3200 603 potentissimi
3229 535 3436 605 quique
3504 535 3756 594 imbecil-

495 611 704 666 litatem
740 621 797 668 et
819 615 1231 683 simplicitatem
1267 627 1594 671 cancrorum
1633 617 1687 670 in
1721 633 1876 671 suam
1905 617 2146 686 praedam
2183 627 2430 676 vertunt.
2453 619 2752 688 aliquando
2777 621 2943 674 etiam
2976 621 3095 674 sine
3123 622 3330 685 fructu,
3387 623 3520 692 qttid
3569 624 3754 680 fructu

496 697 662 753 dico?
708 699 820 753 imo
873 702 1037 756 etiam
1089 719 1212 757 cum
1256 705 1500 774 periculo
1528 705 1966 758 etincommodo
1999 720 2100 758 suo
2133 705 2258 759 aliis
2299 715 2531 772 nocent;
2600 705 2766 775 idque
2817 723 2942 762 cum
2992 708 3224 772 facitmt,
3283 711 3436 777 quasi
3487 726 3546 766 re
3609 711 3754 768 bene

494 796 646 854 gesta
669 787 998 856 gloriantur.
1027 789 1496 861 lntereatheologi
1519 791 1586 845 de
1611 792 1762 860 justo
1800 792 1896 846 Dei
1933 792 2167 862 judicio,
2219 792 2286 848 de
2335 793 2576 862 prmmiis
2631 795 2869 863 piorum,
2903 795 2971 850 de
3032 797 3322 866 suppliciis
3376 797 3752 866 improborum

495 874 938 942 eoiicionantur;
975 893 1102 932 cum
1131 879 1234 948 ipsi
1259 894 1402 942 sese,
1440 879 1596 948 quasi
1627 880 1918 950 terrigenae
1943 881 2016 934 illi
2047 881 2270 943 fratres,
2311 879 2490 934 acutis
2535 881 2876 936 exacerbata:
2917 882 3115 950 lingua:
3173 883 3505 954 pugionibus
3557 887 3754 940 confo-

497 959 677 1025 diant,
707 964 1075 1034 eamdemque
1099 967 1348 1020 morbum
1377 966 1432 1020 in
1465 966 1664 1020 animis
1682 968 2008 1022 auditorum
2045 980 2373 1039 propagent,
2401 979 2458 1023 ut
2485 969 2630 1023 haud
2668 970 2873 1040 injuria
2922 972 3163 1027 dubitari
3221 983 3388 1042 queat
3445 992 3514 1029 an
3545 1014 3586 1031 ..
3653 979 3750 1034 sed

497 1050 923 1117 temperandum
950 1062 1033 1107 est
1049 1053 1280 1117 calamo,
1309 1069 1376 1109 ne
1404 1051 1521 1122 ipse
1550 1053 1603 1106 in
1630 1053 1774 1108 idem
1809 1055 2007 1108 vitium
2039 1055 2298 1112 incidam.
2320 1059 2636 1128 Philosophi
2671 1059 2738 1114 de
2773 1059 2967 1115 ofﬁciis
3000 1061 3348 1131 praecipiunt,
3411 1071 3464 1118 ct
3527 1063 3628 1131 ipsi
3680 1063 3754 1117 ab

492 1133 672 1189 ofﬁcio
706 1153 849 1207 stupe
879 1138 1171 1194 discedunt
1217 1158 1234 1197 :
1277 1157 1454 1210 neque
1509 1142 1622 1197 fere
1670 1159 1900 1212 usqttam
1954 1144 2075 1212 plus
2115 1154 2200 1200 est
2244 1147 2460 1216 injuria:
2515 1162 2678 1216 quam
2730 1148 2820 1202 ubi
2849 1148 2992 1218 juris
3037 1149 3360 1218 pluritnum,
3408 1165 3588 1220 neque
3629 1149 3755 1219 plus

493 1225 812 1279 morborum
863 1243 1025 1296 quam
1082 1229 1136 1282 in
1185 1228 1343 1299 copia
1393 1230 1787 1295 remediorum,
1849 1248 2117 1300 nusquam
2171 1234 2293 1304 plus
2360 1235 2696 1304 paupertatis
2745 1251 2908 1304 quam
2966 1235 3019 1290 in
3061 1237 3292 1292 summis
3343 1237 3565 1306 Opibus,
3613 1253 3751 1294 nus-

491 1327 655 1380 quam
715 1314 838 1384 plus
899 1315 1189 1370 dementize
1245 1333 1411 1386 quam
1461 1317 1515 1372 in
1573 1333 1786 1374 summa
1858 1319 2137 1388 sapientia:
2206 1322 2582 1390 persuasione.
2637 1321 2770 1389 Quae
2825 1323 3047 1393 quidem
3114 1325 3381 1395 sapientia
3451 1337 3752 1380 consuetu-

489 1398 640 1454 dinis
696 1401 1052 1469 inveteratae,
1117 1414 1468 1476 acceptaeque
1525 1421 1556 1460 a
1623 1407 1926 1476 majoribus
1998 1409 2314 1476 opinionis,
2373 1418 2429 1463 ct
2503 1411 2849 1465 auctoritatis
2924 1413 3312 1482 magistrorum
3377 1411 3753 1468 fundamentis

493 1483 641 1540 haud
695 1489 810 1543 seio
877 1505 1040 1558 quam
1105 1493 1280 1548 ﬁrmis
1337 1493 1615 1548 innititur.
1665 1493 1804 1548 l-linc
1875 1493 2090 1549 inﬁnita
2149 1495 2237 1548 illa
2289 1495 2514 1549 dissidia
2585 1497 2953 1566 religionum,
3015 1497 3426 1562 dot-trinarum,
3490 1514 3750 1563 morum,

495 1573 903 1640 institutorum,
954 1585 1010 1631 et
1071 1591 1298 1650 propter
1351 1581 1673 1651 opinionum
1741 1582 1841 1652 (rei
1906 1582 2215 1649 levissimae)
2279 1583 2658 1638 diversitatem
2723 1584 2988 1653 capitales
3050 1584 3392 1648 inimicitiae,
3447 1586 3752 1643 seditiones

495 1661 838 1730 perniciosae,
883 1665 1135 1736 bellaque
1197 1668 1566 1723 atrocissima.
1631 1669 1776 1723 lnter
1826 1669 1941 1724 haec
1999 1669 2090 1724 alii
2139 1669 2403 1733 fremunt,
2461 1670 2552 1724 alii
2601 1679 2849 1741 gemunt,
2907 1671 3076 1740 aliqui
3129 1671 3327 1737 rident,
3387 1672 3543 1727 multi
3593 1673 3748 1736 flent,

492 1750 677 1818 plures
704 1751 1078 1824 indignantur,
1115 1755 1361 1826 plerique
1395 1773 1590 1812 onmcs
1635 1766 2076 1826 conqucruntur.
2117 1757 2287 1811 Nemo
2311 1773 2420 1811 non
2459 1757 2636 1812 aliena
2683 1757 2815 1812 vitia
2873 1757 3140 1828 perspicit
3195 1768 3252 1812 et
3311 1760 3588 1828 exag’tat;
3647 1776 3753 1814 sua

492 1854 622 1892 vero
648 1841 794 1894 serio
825 1852 880 1895 ct
905 1852 1225 1897 constanter
1249 1846 1508 1898 emendat
1535 1843 1647 1898 fere
1671 1860 1855 1909 nemo,
1891 1855 1986 1898 aut
2008 1860 2142 1896 sane
2175 1843 2495 1914 paucissimi
2530 1845 2620 1898 :in
2651 1859 2762 1914 quo
2811 1845 3012 1914 exiguo
3057 1861 3217 1916 grege
3265 1847 3474 1898 utinam
3527 1857 3583 1900 et
3639 1862 3746 1916 ego

491 1925 761 1996 meipsu’m
789 1944 1080 1985 numerare
1111 1947 1326 2001 possem
1350 1935 1363 1986 Ξ
1403 1933 1508 1988 Sed
1545 1934 1732 1988 nescio
1753 1949 1864 2002 quo
1895 1941 2058 2002 pacto
2082 1932 2352 2001 exemplis
2373 1933 2546 2000 magis
2575 1946 2768 1986 omnes
2795 1932 3068 1986 trahimur
3094 1949 3258 2002 quam
3320 1933 3612 2002 disciplina
3683 1944 3741 1987 et

491 2015 724 2076 ratione,
749 2017 844 2069 καὶ
882 2017 969 2070 τὸν
998 2018 1319 2090 ἐπιχώριον,
1351 2030 1412 2074 ut
1448 2021 1847 2091 Aristophanes
1880 2021 1976 2082 ait,
2005 2023 2056 2073 ὰς

2174 2038 2288 2088 ιμεν
2314 2020 2535 2089 τρόπον.
2573 2019 2737 2074 Pauci
2768 2020 2916 2074 enim
2945 2035 3010 2074 ea
3035 2029 3160 2075 sunt
3193 2022 3276 2075 vel
3324 2021 3619 2091 prudentia
3655 2023 3739 2076 vel

487 2103 797 2157 animorum
835 2107 1147 2161 constantia
1183 2109 1420 2178 praediti,
1449 2119 1508 2163 ut
1533 2125 1658 2164 cum
1691 2109 1840 2164 vitiis
1877 2119 1932 2164 et
1962 2108 2250 2164 erroribus
2290 2123 2517 2162 suorum
2553 2115 2864 2176 tctnporum
2891 2124 3134 2178 pugnare
3165 2110 3399 2179 possint.
3445 2111 3520 2164 lla
3584 2111 3742 2180 quasi

490 2190 600 2244 fato
626 2192 858 2260 quodam
894 2195 1208 2264 praacipites
1233 2197 1284 2250 in
1316 2197 1447 2252 vitia
1475 2197 1710 2263 ruimus,
1743 2207 1800 2252 ct
1821 2213 1889 2252 ex
1919 2198 2066 2252 vitiis
2093 2197 2148 2250 in
2175 2197 2540 2250 calamitates.
2567 2197 2698 2261 Qua:
2729 2196 2965 2251 fortasse
3015 2198 3202 2252 minus
3247 2199 3434 2253 multae
3469 2209 3566 2253 aut
3626 2201 3738 2253 sal-

491 2291 599 2332 tetn
635 2279 874 2336 leriorcs
897 2293 1106 2347 essent,
1129 2283 1174 2338 si
1208 2293 1416 2340 rectam
1450 2287 1716 2339 rationem
1750 2295 1806 2340 et
1847 2285 2090 2354 reliquos
2120 2284 2302 2339 adhuc
2333 2282 2388 2336 in
2422 2293 2618 2336 natura
2661 2295 2854 2337 nostra
2909 2283 3113 2338 divinae
3159 2285 3304 2340 lucis
3352 2285 3624 2356 igniculos
3683 2287 3742 2340 in

491 2367 658 2422 tantis
677 2369 912 2426 fortumc
943 2371 1188 2426 tenebris
1215 2382 1474 2442 tanquam
1509 2371 1863 2427 ﬁdelissimos
1885 2371 2056 2426 duces
2081 2386 2470 2442 sequeremur.
2503 2368 2661 2435 Quod
2689 2370 2734 2423 si
2760 2369 2936 2435 ﬁeret,
2967 2386 3078 2426 non
3113 2373 3277 2428 toties
3305 2373 3474 2428 fatum
3507 2374 3643 2429 fatui
3684 2383 3745 2430 et

489 2471 688 2510 necant
713 2457 991 2514 fortunam
1018 2461 1146 2516 caaci
1183 2451 1795 2530 accusaremus,neque
1836 2470 2062 2514 nostros
2087 2475 2312 2514 errores
2340 2467 2398 2511 et
2429 2457 2559 2511 vitia
2607 2457 2864 2513 obscuris
2919 2459 3251 2528 quibusdam
3295 2461 3612 2518 nominibus
3649 2478 3750 2517 vc-.-

489 2541 746 2600 laremus.
773 2547 930 2602 Nulla
955 2547 1180 2618 quidem
1215 2558 1300 2604 est
1329 2546 1383 2603 in
1421 2548 1584 2604 terris
1621 2547 1703 2602 vel
1725 2546 2011 2617 sapientia:
2041 2543 2128 2598 vel
2157 2541 2384 2596 virtutis
2412 2540 2706 2611 perfectio,
2731 2549 2789 2598 et
2811 2541 3019 2598 frustra
3056 2543 3394 2600 describitur
3443 2545 3602 2601 nobis
3651 2546 3746 2602 ille

486 2631 579 2702 qui
610 2635 755 2704 apud
799 2633 1084 2691 Horatium
1122 2653 1138 2691 :

1953 2751 2066 2807 Uno
2105 2750 2278 2802 minor
2316 2755 2390 2801 est
2426 2746 2550 2802 Iove
2578 2759 2599 2798 :
2638 2749 2801 2811 dives,

1451 2822 1628 2882 Liber,
1657 2825 1967 2887 honoratus,
1991 2819 2228 2893 pulcher,
2269 2833 2363 2871 rex
2389 2819 2610 2888 denique
2642 2835 2845 2890 regum,

1440 2893 1718 2965 Prwripue
1743 2909 1930 2959 sanus,

469 3038 580 3082 'aut
603 3027 744 3098 apud
773 3027 1009 3084 Gellium
1038 3027 1340 3093 ἀκώλυτος,
1378 3029 1760 3093 ἀνεκϐίαστος,
1790 3029 2034 3098 ἀπαρεμτ

2183 3042 2292 3091 τος,
2322 3023 2630 3092 ἐλεύθερος,
2665 3022 2924 3096 εὔπορος,
2956 3025 3256 3094 εὐδαίμων.
3293 3027 3502 3094 Qualis,
3536 3039 3596 3084 ut
3625 3031 3747 3100 opi-

483 3131 606 3181 nor,
636 3131 798 3169 nemo
832 3131 1074 3185 unquam
1123 3116 1226 3170 fuit
1267 3115 1712 3186 nequefuturus
1744 3124 1848 3170 est.
1882 3115 2154 3170 Omnibus
2198 3117 2370 3180 enim,
2401 3114 2546 3183 quod
2595 3115 2866 3186 satyricus
2902 3115 3176 3185 perfacete
3215 3115 3389 3181 addit,
3423 3133 3530 3174 non
3579 3120 3746 3175 modo

481 3203 702 3272 pituita,
739 3203 834 3257 sed
867 3202 1000 3260 ﬂava
1028 3211 1084 3258 et
1107 3213 1224 3259 atra
1268 3204 1392 3260 bilis
1411 3203 1707 3274 aliquando
1737 3204 1967 3258 molesta
2003 3211 2110 3259 est.
2149 3201 2304 3268 Quod
2337 3203 2546 3256 utinam
2579 3203 2762 3256 minus
2792 3201 2988 3258 crebro
3015 3211 3072 3258 et
3108 3203 3162 3257 in
3193 3203 3356 3260 dictis
3384 3213 3442 3258 et
3486 3205 3540 3260 in
3579 3205 3747 3264 factis

480 3291 1060 3360 pmstantissimorum
1092 3293 1338 3348 virorum
1369 3301 1688 3346 cerneretur
1721 3291 1974 3360 lAlioqui
2007 3290 2314 3346 doctrinam
2352 3289 2661 3344 divinarum
2689 3289 3161 3360 humanarumque
3195 3307 3374 3346 rerum
3397 3301 3454 3348 et
3481 3293 3747 3364 integrio-

485 3394 602 3432 rem
636 3387 693 3434 et
726 3379 910 3433 minus
943 3389 1356 3435 controversam
1387 3389 1436 3434 et
1473 3380 1646 3433 multo
1675 3379 2072 3448 expeditiorem
2101 3378 2458 3444 haberemus,
2489 3385 2547 3432 et
2571 3379 2681 3432 vita
2707 3379 3022 3432 mortalium
3046 3381 3307 3434 aerumnis
3331 3380 3496 3450 longe
3522 3383 3748 3450 paucio-

482 3463 636 3518 ribus
676 3473 1042 3533 premeretur.
1086 3465 1191 3520 Sed
1227 3473 1431 3521 tantam
1460 3481 1581 3520 csse
1607 3465 1918 3520 vecordiam
1951 3473 2008 3522 et
2036 3467 2325 3530 malitiam,
2359 3477 2417 3521 ut
2455 3465 2610 3536 quasi
2637 3465 2704 3520 de
2744 3466 3016 3520 industria
3042 3467 3273 3522 miseros
3295 3477 3351 3523 et
3379 3484 3479 3523 nos
3513 3468 3662 3538 ipsos
3687 3481 3746 3526 et

479 3551 621 3607 alios
659 3567 780 3607 esse
811 3551 1081 3615 velimus,
1112 3552 1165 3606 id
1202 3569 1338 3608 vero
1367 3562 1456 3608 est
1495 3551 1818 3608 dolendum.
1849 3552 1990 3618 Quid
2036 3555 2183 3608 enim
2234 3555 2440 3616 obstat.
2491 3553 2702 3608 morbis
2727 3564 2784 3608 et
2831 3561 3010 3608 morte
3055 3556 3298 3624 exceptis
3327 3556 3578 3625 (quorum
3623 3557 3748 3614 illos

487 3639 916 3708 intemperantia
954 3641 1296 3710 voluptatum
1331 3651 1496 3709 atque
1530 3639 1821 3694 libidinum
1849 3642 2222 3712 eumulamus,
2255 3642 2398 3696 hanc
2439 3657 2584 3711 sazpe
2607 3641 2762 3710 quasi
2799 3640 3163 3712 refugientem
3197 3643 3338 3698 ultro
3367 3644 3746 3714 arcessimus),

479 3727 784 3798 quominus
823 3729 989 3784 etiam
1027 3729 1081 3782 in
1114 3729 1278 3784 terris
1310 3729 1497 3799 aliquo
1529 3729 1694 3785 intodo
1724 3729 1868 3784 beati
1913 3729 2120 3786 simus?
2151 3747 2277 3785 cum
2317 3730 2506 3785 divina
2536 3729 2844 3799 benignitas
2877 3729 2946 3784 ad
2978 3729 3186 3784 victum
3215 3739 3271 3786 et
3310 3731 3516 3785 cultum
3549 3749 3745 3789 neces-

480 3817 624 3872 saria
665 3816 969 3872 liberaliter
1007 3817 1194 3872 omnia
1239 3817 1590 3888 suppeditet,
1624 3818 1787 3873 modo
1829 3827 1977 3872 recte
2014 3825 2298 3873 uteremur
2329 3827 2384 3873 et
2431 3817 2749 3872 humaniter
2783 3817 3337 3874 communicaremus.
3388 3819 3524 3874 Nam
3573 3823 3746 3892 pesti-

480 3904 660 3961 lentiae
687 3905 910 3974 quidem
952 3917 1009 3960 et
1041 3905 1362 3962 sterilitates
1406 3917 1462 3962 et
1489 3916 1650 3962 terrae
1692 3917 1876 3960 motus
1906 3914 1962 3960 et
1998 3907 2276 3962 siccitates
2307 3914 2362 3960 et
2414 3903 2822 3964 inundationes.
2871 3913 2928 3958 et
2961 3903 3006 3956 si
3054 3919 3178 3972 quae
3206 3915 3336 3958 sunt
3375 3906 3497 3976 ejus
3528 3909 3746 3977 generis

479 3993 585 4046 alia
629 3993 848 4062 publica
895 3994 1068 4057 mala,
1113 3993 1168 4048 in
1198 3994 1365 4048 unius
1394 3994 1636 4048 hominis
1664 4004 1880 4049 aetatem
1929 3993 2106 4048 rarius
2147 3992 2419 4070 incidunt.
2453 3991 2601 4044 Bella
2633 4005 2766 4044 vero
2805 3990 2954 4043 nulla
2996 4000 3207 4046 naturae
3261 3995 3614 4059 necessitate,
3645 3996 3740 4050 sed

481 4079 1128 4151 hominumhcorumqne
1168 4081 1480 4151 principum
1515 4091 1572 4136 et
1601 4097 1814 4151 regum,
1847 4099 1986 4150 quos
2013 4081 2220 4134 virtute
2249 4089 2300 4131 et
2342 4076 2612 4146 sapientia
2637 4084 2900 4145 praestare
2931 4078 3142 4133 caeteris
3172 4086 3228 4132 et
3254 4079 3406 4134 cives
3437 4096 3569 4136 suos
3607 4083 3744 4139 red-

479 4169 614 4224 dere
653 4148 846 4226 bcatos
876 4148 1128 4232 decebat,
1168 4148 1256 4225 vel
1297 4148 1600 4225 ambitione
1628 4148 1711 4223 vel
1744 4148 2098 4223 aaztiulatione
2129 4167 2210 4220 vel
2236 4165 2467 4219 avaritia
2495 4164 2580 4218 vel
2610 4155 2938 4218 crudelitate
2967 4166 3258 4228 exsistunt,
3284 4177 3342 4223 et
3367 4168 3528 4240 longe
3571 4171 3747 4242 majo-

481 4273 598 4312 rem
625 4260 904 4315 malorum
938 4257 1184 4313 omnium
1215 4257 1412 4313 molem
1443 4273 1631 4313 secum
1667 4257 1895 4324 trahunt
1923 4270 2089 4324 quam
2112 4271 2234 4324 qua:
2268 4265 2487 4309 naturae
2523 4255 2681 4308 nobis
2711 4257 3012 4310 necessitas
3045 4255 3330 4327 imposuit.
3360 4257 3439 4314 Ne
3471 4275 3605 4316 vero
3637 4277 3746 4317 cae-

481 4345 586 4400 teri
613 4361 714 4398 nos
742 4355 1034 4400 excusatus
1061 4357 1318 4416 putemus
1341 4385 1358 4409 ,
1392 4360 1678 4414 nunquam
1709 4343 1991 4414 principes
2023 4352 2204 4398 tantos
2240 4345 2386 4398 ciere
2423 4343 2696 4398 tumultus
2741 4353 2990 4413 possent,
3045 4345 3147 4400 nisi
3191 4346 3501 4412 inferiores,
3546 4349 3744 4404 iisdem

481 4435 692 4490 morbis
714 4435 1052 4500 laborantes,
1081 4435 1296 4492 illorum
1325 4435 1724 4506 cupiditatibus
1750 4451 1862 4490 non
1889 4434 2170 4489 ministros
2198 4432 2362 4486 modo
2393 4431 2488 4487 sed
2523 4431 2694 4487 duces
2718 4431 2885 4486 etiam
2918 4447 2976 4488 se
3011 4435 3319 4502 praeberent
3351 4450 3364 4485 :
3399 4437 3491 4504 qui
3525 4436 3745 4492 honesti

479 4523 686 4579 laboris
717 4523 840 4593 fuga
861 4525 922 4578 et
962 4523 1182 4578 scelesti
1217 4524 1316 4579 otii
1347 4523 1646 4593 cupiditate
1677 4523 1862 4577 divina
1893 4523 2266 4590 humanaque,
2285 4521 2413 4590 jura
2443 4520 2626 4573 omnia
2659 4519 2863 4573 violare
2909 4535 3016 4574 non
3055 4531 3338 4586 verentur,
3379 4533 3438 4578 et
3484 4523 3744 4580 horribili

479 4612 666 4668 furore
691 4621 749 4668 et
775 4613 899 4682 plus
925 4628 1087 4682 quam
1117 4611 1360 4667 belluiua
1388 4611 1730 4666 immanitate
1762 4619 2111 4680 grassantur;
2141 4625 2264 4665 cutn
2289 4625 2378 4678 jne
2422 4607 2528 4676 ipsi
2577 4608 2800 4676 pessimi
2861 4607 2993 4669 sint,
3031 4607 3174 4662 bona
3205 4609 3374 4664 etiam
3408 4618 3504 4664 aut
3545 4612 3742 4668 saltem

480 4699 780 4755 mediocria
817 4699 1036 4770 ingenia
1073 4707 1469 4770 corrumpunt,
1505 4707 1600 4753 aut
1629 4705 1860 4752 caeteros
1889 4697 2110 4767 quietos
2135 4707 2192 4752 ct
2224 4695 2552 4764 tranquillos
2595 4710 2716 4748 esse
2755 4709 2863 4747 non
2896 4694 3204 4762 patiuntur.
3235 4695 3450 4751 Saevum
3487 4698 3744 4768 profecto

477 4797 536 4842 et
563 4787 898 4842 horrendum
937 4795 1022 4842 est
1054 4786 1244 4842 Martis
1273 4787 1588 4856 imperium,
1622 4785 1717 4856 qui
1755 4785 1901 4840 ferro
1929 4793 1985 4838 et
2019 4784 2128 4854 igni
2153 4785 2346 4848 saevit;
2390 4783 2482 4837 sed
2519 4783 2683 4852 paulo
2714 4781 2902 4835 mitior
2926 4788 3012 4834 est
3037 4781 3292 4836 Mercurii
3336 4784 3610 4852 tyrannis.
3643 4789 3742 4856 qui

480 4876 637 4932 falsis
683 4876 994 4933 rationibus
1031 4885 1088 4932 et
1117 4875 1336 4932 callidis
1361 4875 1546 4930 verbis
1573 4874 1768 4931 miscet
1795 4873 2004 4938 omnia,
2045 4881 2102 4928 et
2145 4873 2252 4928 tela
2295 4871 2409 4926 fere
2437 4869 2751 4940 suppeditat
2783 4883 2906 4938 quae
2949 4868 3090 4923 Mars
3123 4871 3428 4940 ejaculetur
3461 4891 3474 4926 :
3515 4875 3746 4942 pessimi

482 4983 614 5022 sane
648 4965 954 5038 dentagogi,
997 4975 1059 5020 ut
1093 4965 1161 5020 ab
1205 4964 1498 5036 astrologis
1529 4965 1900 5034 appellantur,
1935 4977 1999 5016 ac
2043 4962 2230 5032 potius
2263 4959 2734 5030 κοσμοκράτορες.
2768 4957 2903 5012 Nam
2945 4958 3029 5012 vis
3060 4967 3117 5012 et
3157 4958 3463 5030 fraus,jure
3499 4972 3556 5017 et
3602 4962 3751 5017 veri-

485 5065 595 5110 tate
621 5055 926 5124 oppressis,
956 5054 1284 5124 plerumque
1311 5069 1494 5108 rerum
1527 5051 1836 5122 potiuntur.
1868 5050 2022 5118 Quod
2053 5051 2154 5104 etsi
2190 5048 2262 5104 ita
2296 5051 2349 5104 in
2383 5055 2641 5118 promptu
2673 5055 2779 5109 cst,
2813 5059 2875 5099 ut
2901 5045 3141 5114 optabile
3171 5048 3243 5100 sit
3273 5063 3394 5102 esse
3427 5050 3746 5113 obscurius,

483 5154 665 5198 tamen
707 5143 896 5198 nescio
924 5158 1036 5212 quo
1069 5142 1234 5198 modo
1259 5124 1498 5196 lectione
1524 5141 1882 5194 historiarum
1919 5139 2091 5207 magis
2115 5139 2335 5192 animus
2367 5144 2748 5205 commoretur
2781 5145 2838 5188 et
2867 5132 2935 5188 ad
2975 5133 3434 5190 considerandam
3478 5138 3604 5192 vitae.
3641 5139 3748 5192 ltu-

483 5247 654 5286 mauaa
679 5231 795 5286 sive
813 5229 1388 5300 comico-tragrediam
1406 5229 1520 5284 sive
1550 5226 2110 5298 tragicmcomoediam
2129 5233 2186 5280 et
2211 5223 2491 5278 miseriam
2520 5219 2682 5274 simul
2710 5229 2766 5274 ct
2790 5219 3086 5272 vanitatem
3117 5219 3420 5290 impellitur
3445 5237 3458 5276 :
3489 5241 3614 5293 qua:
3645 5243 3747 5280 nos

481 5320 550 5375 ad
579 5320 746 5374 aliam
763 5319 956 5381 vitam,
971 5318 1074 5388 piis
1090 5317 1358 5372 divinitus
1373 5318 1722 5387 promissam,
1737 5314 1930 5386 majori
1947 5325 1990 5369 st
2003 5314 2130 5368 udio
2153 5325 2210 5368 et
2225 5309 2634 5366 ardentiorihus
2653 5307 2794 5362 votis
2814 5309 3174 5375 expetendam
3192 5310 3434 5366 excitare
3447 5312 3752 5384 debebant,

483 5419 542 5463 et
557 5407 690 5462 dum
708 5407 800 5462 hic
815 5422 1027 5471 sumus,
1059 5407 1225 5462 etiam
1243 5406 1644 5476 diligentiores,
1664 5404 2056 5474 prudentiores
2081 5410 2138 5456 et
2173 5398 2574 5467 moderatiores
2592 5393 2829 5450 eﬁYcere.
2855 5392 2989 5448 Nam
3028 5396 3267 5466 tragicos
3305 5413 3488 5462 casus,
3508 5416 3750 5469 quorum

487 5498 662 5566 plenae
677 5495 1086 5560 sunthistorim,
1105 5495 1187 5550 vel
1217 5510 1284 5549 ex
1315 5493 1572 5564 superbia
1603 5502 1660 5548 et
1689 5493 2012 5552 ambitione,
2040 5489 2126 5544 vel
2151 5503 2218 5542 ex
2253 5483 2584 5556 negligentia
2610 5496 2668 5535 et
2697 5479 3028 5545 temeritate,
3049 5483 3132 5538 vel
3161 5500 3226 5538 ex
3253 5485 3421 5540 animi
3442 5487 3751 5546 libidiueet

485 5583 758 5653 iujustitia
773 5591 954 5638 ortum
975 5582 1228 5638 habuisse
1249 5581 1366 5637 fere
1388 5589 1632 5647 constat;
1661 5593 1966 5650 perpaucos
1981 5587 2186 5639 autem,
2205 5573 2335 5628 dum
2367 5570 2545 5627 ollicio
2564 5570 2944 5638 fungerentur,
2980 5569 3290 5642 impegissc.
3323 5574 3495 5646 Cujus
3523 5578 3604 5632 rei
3639 5578 3748 5633 Zo-

485 5686 650 5725 naras
665 5681 851 5726 noster
875 5671 1124 5741 exempla
1153 5685 1291 5742 pene
1325 5670 1636 5732 innumera,
1670 5670 1727 5722 in
1753 5675 2030 5735 postremo
2060 5673 2210 5717 tomo
2245 5661 2546 5730 praesertim
2579 5655 2808 5728 (absque
2830 5670 2941 5725 quo
2977 5655 3022 5711 si
3053 5666 3220 5723 esset,
3247 5663 3620 5730 posteriorum
3644 5665 3752 5720 im-

491 5768 805 5824 peratorum
851 5775 940 5816 res
971 5768 1153 5826 gestas
1183 5774 1376 5827 magna
1393 5773 1458 5814 ex
1493 5767 1647 5826 parte
1675 5746 2074 5825 ignoraremus)
2099 5748 2427 5820 compendio
2454 5744 2744 5828 preponit.
2779 5742 2837 5800 ιιι
2869 5759 2980 5815 quo
3004 5747 3110 5802 etsi
3154 5747 3248 5805 alii
3279 5749 3386 5806 alia
3426 5750 3746 5811 desiderare
