3964 6252
212 337 294 401 33
1000 310 1005 315 ’
1650 334 2072 397 Puerum.
3408 340 3483 405 at

212 458 452 524 possunt
484 449 637 524 (quis
664 449 813 507 enim
839 448 1140 506 satisfaciat
1173 449 1513 518 omnibus?),
1546 458 1731 505 tamen
1768 459 1999 506 conatus
2033 436 2152 522 ejus
2183 452 2438 524 egregius
2462 459 2629 521 atque
2656 451 2970 509 institutum
3001 454 3327 524 praeclarum
3356 457 3500 520 fuit,

213 551 427 596 certam
465 539 764 611 quamdam
809 540 1054 595 historiae
1084 539 1242 610 quasi
1280 538 1627 609 disciplinam
1669 538 2070 604 constituendi,
2101 546 2157 592 et
2187 540 2433 609 dispersa
2468 540 2521 595 in
2556 541 2810 611 plurimis
2838 543 3215 599 voluminibus
3252 545 3503 600 membra

216 640 273 684 et
308 639 498 698 partes
526 629 650 698 ejus
680 628 734 682 in
765 644 935 681 tmum
966 627 1244 698 quoddam
1284 642 1489 697 corpus
1520 626 1827 696 redigendi,
1859 641 1923 680 ea
1951 627 2332 682 moderatione
2364 629 2633 692 adhibita,
2666 638 2728 683 ut
2758 629 2932 684 instar
2960 631 3095 685 lauti
3134 632 3309 702 magis
3335 647 3503 701 quam

214 717 432 786 eopiosi
467 717 842 776 convivatoris
872 716 1080 785 optima
1121 716 1306 785 potius
1346 729 1510 784 quam
1559 715 1798 784 plurima
1831 726 2151 785 apponeret,
2192 733 2294 772 nec
2324 719 2586 773 convivas
2613 735 2737 773 cum
2770 720 2992 775 fastidio
3022 720 3368 780 dimitteret.
3400 721 3515 775 sed-

219 807 294 860 ita
329 806 585 873 affectos,
614 815 675 860 ut
707 805 1062 860 Timotheum
1100 804 1168 859 de
1209 806 1435 859 Platone
1466 804 1672 858 dixisse
1708 806 1911 868 ferunt,
1939 819 2126 859 cmnas
2148 807 2270 876 ejus
2298 808 2466 859 etiam
2498 807 2763 876 postridie
2791 807 3083 862 delectare.
3115 809 3325 880 Delegit
3351 810 3501 862 enim

217 895 326 949 sibi
361 911 475 949 non
506 896 778 961 omnium,
811 895 904 950 sed
935 895 1338 965 praecipuarum
1362 891 1608 963 gentium
1641 892 1923 949 historias.
1954 907 2134 962 neque
2165 908 2259 948 eas
2290 908 2504 959 omnes,
2534 894 2630 949 sed
2657 896 2741 948 vel
2772 896 3078 964 praecipuas
3108 896 3376 952 duntaxat
3404 899 3489 952 vel

215 999 316 1037 eas
346 999 473 1052 qua:
508 983 576 1037 ad
614 983 863 1038 ecclesiae
908 983 1107 1037 seriem
1153 979 1601 1053 perspiciendam
1648 980 1828 1033 facere
1859 981 2209 1046 videbantur,
2250 981 2486 1036 consilio
2514 982 2837 1052 judicioque
2875 998 2998 1037 suo.
3031 983 3189 1050 Quod
3217 985 3332 1041 sive
3361 1000 3488 1055 pro-

220 1072 366 1125 barit
395 1072 513 1124 sive
542 1086 652 1124 non
680 1070 933 1140 probarit
961 1070 1242 1132 omnibus,
1271 1070 1376 1123 hoc
1399 1069 1476 1123 illi
1504 1084 1631 1123 cum
1661 1068 1872 1132 multis,
1898 1070 2032 1124 illud
2063 1083 2188 1124 cum
2220 1070 2572 1140 paucissimis
2590 1070 2973 1140 scriptoribus.
3000 1087 3069 1126 ne
3094 1072 3274 1128 dicam
3308 1073 3497 1137 nullis,

214 1175 519 1213 commune
550 1159 677 1214 erit.
716 1160 771 1213 lu
806 1160 946 1213 bona
988 1168 1168 1214 tamen
1202 1174 1299 1229 spe
1339 1174 1485 1221 sum,
1516 1158 1639 1212 fore
1663 1157 1849 1226 plures
1882 1159 1974 1227 qtti
2001 1158 2158 1211 avide
2181 1157 2462 1228 accepturi
2492 1166 2549 1212 et
2580 1158 2755 1225 gratis
2783 1158 2984 1213 animis
3014 1159 3120 1213 hoc
3150 1175 3294 1230 opus
3320 1162 3494 1230 pelle-

215 1248 364 1300 cturi
397 1247 534 1310 sint,
568 1262 732 1318 quam
773 1249 865 1316 qui
897 1246 1272 1317 contempturi
1310 1258 1404 1301 aut
1444 1245 1857 1301 ealumniaturi.
1896 1245 2239 1301 Morosorum
2280 1260 2414 1300 vero
2462 1254 2519 1300 et
2569 1245 3008 1303 obtrectatorum
3040 1247 3296 1317 querelas
3334 1258 3501 1318 atque

219 1335 449 1388 aculeos
478 1335 605 1403 quis
642 1334 927 1388 hominum
962 1335 1265 1389 deormnve
1290 1334 1553 1405 eﬂ’ugiat?
1584 1334 1811 1406 quibus,
1839 1334 1945 1387 nisi
1977 1334 2123 1402 quod
2154 1333 2255 1402 ips:
2292 1332 2562 1396 fecerunt,
2601 1332 2741 1386 nihil
2773 1333 2953 1402 placet
2982 1348 2995 1383 :
3027 1348 3095 1388 ac
3119 1348 3189 1388 ne
3232 1333 3340 1404 ipsi
3372 1335 3501 1405 qui-

215 1424 347 1478 dem
388 1423 496 1477 sibi
538 1423 743 1494 ubique
772 1423 905 1478 satis
934 1424 1177 1494 placent,
1213 1424 1420 1494 alioqui
1458 1439 1569 1479 non
1609 1423 1747 1478 alias
1772 1420 1922 1477 aliud
1951 1419 2252 1489 probarent
2281 1430 2447 1490 atque
2484 1420 2889 1491 improbarent.
2918 1421 3039 1476 Non
3088 1421 3307 1476 inlicior
3334 1438 3496 1492 posse

217 1511 398 1566 videri
423 1511 696 1566 Zonaram
741 1511 877 1565 alias
926 1511 1281 1580 prolixiorem
1309 1550 1324 1575 ,
1368 1523 1428 1566 ut
1467 1512 1522 1565 iu
1561 1511 1794 1567 Iudaica
1833 1510 2086 1576 historia,
2135 1511 2271 1565 alias
2307 1510 2643 1574 breviorem,
2675 1521 2738 1565 ut
2780 1511 2837 1565 iu
2886 1513 3497 1583 exterarum~gentium

218 1600 388 1653 rebus
429 1600 622 1668 gestis.
667 1600 724 1653 In
755 1613 866 1669 quo
897 1600 943 1653 si
974 1615 1084 1670 qua
1121 1599 1284 1668 culpa
1318 1599 1613 1654 commissa
1643 1608 1748 1663 est,
1780 1598 2191 1653 excusationem
2230 1598 2438 1654 habere
2469 1599 2691 1654 videtur
2737 1585 2900 1664 hanc,
2939 1599 3087 1669 quod
3134 1599 3250 1668 ipse
3288 1615 3400 1654 non
3430 1617 3500 1656 ex

216 1702 321 1742 suo
359 1687 580 1758 ingenio
615 1687 959 1757 deprompsit
984 1704 1047 1742 ea
1079 1702 1202 1757 qua:
1233 1688 1477 1757 scripsit,
1503 1687 1599 1742 sed
1639 1703 1707 1741 ex
1737 1686 1902 1740 variis
1939 1687 2263 1740 auctoribus
2291 1687 2524 1743 collecta
2568 1686 2625 1741 in
2676 1694 2890 1740 certum
2931 1686 3186 1742 ordinem
3225 1687 3488 1756 redegit;

213 1774 313 1841 qui
344 1783 606 1828 auctores
648 1774 793 1829 inter
823 1788 882 1829 se
912 1773 1268 1829 dissimillimi
1310 1783 1457 1829 sunt.
1488 1773 1645 1839 Quod
1680 1783 1862 1829 autem
1895 1788 2004 1827 non
2039 1774 2221 1827 omnia
2247 1783 2572 1843 persecutus
2595 1783 2699 1839 est,
2751 1774 2985 1829 fortasse
3023 1789 3132 1829 non
3168 1774 3502 1845 negligentia

213 1862 315 1916 sed
349 1861 420 1915 de
459 1860 730 1916 industria
765 1859 916 1916 fecit.
953 1860 1089 1916 Nam
1124 1861 1375 1917 omnium
1406 1861 1657 1932 gentium
1686 1870 1853 1930 atque
1886 1860 2108 1914 urbium
2145 1876 2235 1916 res
2277 1872 2459 1931 gestas
2485 1862 2804 1917 describere
2856 1862 3113 1917 immensi
3150 1872 3237 1917 est
3284 1864 3494 1933 negotii

215 1959 386 2017 atque
417 1948 561 2004 adeo
586 1949 809 2016 infiniti,
842 1960 903 2005 ut
935 1959 1146 2004 taceam
1178 1956 1288 2003 non
1320 1964 1542 2018 semper
1571 1963 1693 2003 esse
1719 1948 2087 2003 fructuosum.
2136 1949 2215 2003 Ac
2259 1964 2454 2019 parum
2481 1950 2637 2004 abest
2657 1949 2791 2020 quin
2815 1949 3017 2012 dicam,
3044 1949 3098 2003 id
3124 1949 3180 2003 in
3209 1957 3359 2005 tanta
3381 1965 3500 2006 am-

217 2037 494 2106 plitudine
535 2037 690 2092 orbis
727 2046 998 2092 terrarum
1038 2052 1149 2092 non
1189 2037 1364 2106 magis
1410 2051 1532 2091 esse
1578 2036 1663 2090 vel
1693 2035 1825 2090 utile
1865 2037 1950 2091 vel
1987 2036 2382 2099 necessarium,
2431 2051 2598 2106 quam
2643 2036 2689 2091 si
2730 2037 2855 2107 quis
2879 2036 2934 2090 in
2984 2036 3207 2091 civitate
3258 2035 3499 2091 maxima

214 2125 468 2179 omnium
492 2125 788 2180 domorum
820 2133 940 2180 acta
967 2138 1301 2196 cognoscere
1327 2123 1566 2179 studeat.
1595 2122 1855 2193 Insignia,
1889 2139 2032 2186 rara,
2059 2125 2353 2194 exquisita,
2377 2140 2481 2180 nos
2509 2126 2691 2195 aliqua
2713 2140 2778 2180 ex
2808 2134 2961 2194 parte
2985 2125 3313 2194 attingentia
3338 2124 3496 2195 igno-

217 2226 339 2267 rare
374 2221 538 2283 turpe
573 2227 588 2265 :
624 2212 936 2268 consectari
974 2212 1190 2284 singula
1221 2211 1561 2268 curiositatis
1594 2210 1778 2281 potius
1805 2220 1889 2267 est
1934 2226 2101 2281 quam
2125 2212 2474 2268 eruditionis.
2525 2212 2582 2267 Si
2614 2212 2964 2283 geographia,
3006 2213 3102 2282 qui
3140 2212 3308 2267 totius
3337 2222 3499 2267 terra:

217 2302 453 2357 formam
487 2310 680 2359 tenere
706 2318 766 2358 se
795 2302 1149 2373 proﬁtentur,
1176 2302 1379 2356 multas
1408 2309 1464 2356 et
1491 2315 1718 2370 magnas
1755 2299 1908 2354 orbis
1944 2311 2130 2369 partes
2169 2301 2426 2372 ignorare
2453 2301 2634 2366 licuit,
2671 2317 2771 2356 cur
2820 2315 2927 2355 non
2973 2299 3118 2354 idem
3161 2301 3219 2354 in
3264 2300 3500 2356 historia

216 2405 439 2461 quoque
480 2405 608 2446 cum
645 2390 802 2446 venia
835 2390 1033 2445 liceat?
1073 2389 1192 2445 Jam
1225 2389 1372 2459 quod
1411 2388 1477 2443 ad
1503 2388 1879 2443 elocutionem
1907 2387 2129 2451 attinet,
2157 2389 2470 2453 contiones,
2503 2396 2914 2460 strategemate,
2940 2388 3500 2456 consilia.eventus,

216 2476 409 2531 eadem
445 2476 564 2532 fere
597 2477 803 2547 ubique
844 2485 1165 2531 recurrunt.
1197 2476 1334 2531 Nam
1377 2475 1642 2549 finitimos
1674 2475 1909 2545 populos
1937 2476 2265 2547 plerumque
2308 2476 2378 2531 de
2422 2478 2628 2543 finibus
2670 2478 2963 2541 dimicare,
3010 2492 3134 2533 esse
3175 2492 3373 2533 causas
3409 2477 3500 2534 vel

216 2573 519 2633 praetextus
548 2565 817 2634 quosdam
860 2564 1132 2620 bellorum
1165 2574 1222 2619 et
1268 2562 1483 2619 subitas
1517 2562 1858 2628 occasiones,
1889 2562 1995 2618 alia
2047 2553 2216 2634 atque
2262 2564 2370 2620 alia
2416 2565 2671 2632 consilia,
2708 2564 3036 2630 sententias,
3067 2574 3320 2632 eventus,
3370 2565 3499 2636 quis

216 2651 447 2707 nescit?

1006 2756 1201 2813 Occidit
1229 2757 1443 2812 miseros
1469 2756 1678 2811 crambe
1709 2759 1939 2828 'repetita
1981 2759 2289 2829 magistros,

216 2845 398 2917 inquit
430 2845 549 2911 ille,
591 2853 648 2902 et
681 2845 792 2901 alio
819 2844 944 2900 loco

998 2933 1270 3001 Quidquid
1305 2943 1469 3003 agunt
1498 2934 1754 2997 homines,
1795 2943 1995 3000 votum,
2031 2935 2212 3000 timor,
2248 2934 2333 2988 ira
2360 2973 2375 2999 ,
2406 2933 2673 3004 voluptas,

998 3004 1234 3071 Gaudia,
1264 3005 1534 3058 discursus
1565 3008 1731 3058 nostri
1759 3006 1978 3076 farrago
2011 3005 2195 3060 libelli.

281 3147 419 3213 Qua:
445 3161 575 3201 eum
612 3145 691 3200 ita
720 3160 780 3202 se
812 3144 1072 3207 habeant,
1101 3152 1157 3200 et
1191 3144 1524 3215 Philosopho
1551 3155 1778 3201 ain-tore
1810 3145 2108 3216 singularia
2138 3145 2351 3200 inﬁnita
2378 3144 2488 3199 sint
2515 3160 2620 3202 nec
2652 3146 2781 3203 ullis
2817 3146 3065 3203 scientiae
3094 3143 3363 3202 limitibus
3401 3144 3492 3200 in-

215 3235 363 3289 cludi
392 3235 633 3304 possint,
672 3233 948 3304 praecipua
980 3247 1047 3286 ex
1083 3233 1152 3286 iis
1190 3232 1331 3287 scire
1361 3233 1495 3287 satis
1525 3241 1617 3287 est
1650 3232 1741 3303 (de
1770 3234 2090 3287 hominibus
2130 3233 2413 3303 occupatis
2441 3234 2661 3307 loquor)
2702 3245 2759 3290 et
2802 3235 3051 3290 ordinem
3098 3243 3402 3304 temporum
3428 3250 3495 3289 ac

216 3339 401 3376 rerum
429 3330 714 3393 gestarum
747 3320 933 3374 animo
975 3319 1293 3389 complecti.
1323 3318 1499 3386 Quam
1548 3320 1615 3374 ad
1661 3336 1772 3376 rem
1812 3336 1922 3374 non
1950 3335 2143 3389 parum
2182 3320 2484 3391 adjumenti
2527 3320 2721 3376 afferet
2754 3312 2997 3377 Zonaras
3029 3330 3252 3385 noster,
3286 3320 3381 3391 qui
3422 3321 3492 3375 ab

215 3410 349 3464 orbe
376 3408 608 3464 condito
637 3407 954 3477 auspicatus
982 3406 1051 3461 ad
1082 3422 1235 3461 suam
1268 3422 1443 3478 usque
1471 3418 1688 3462 aetatem
1714 3426 1728 3472 ;
1762 3409 1869 3463 hoc
1902 3419 1989 3462 est
2017 3409 2081 3462 ad
2114 3424 2288 3463 annos
2318 3407 2522 3464 abhinc
2548 3411 2787 3482 amplius
2825 3410 2931 3464 400
2962 3411 3256 3481 processit.
3292 3410 3349 3464 ln
3380 3426 3493 3480 quo

216 3512 443 3552 necesse
480 3495 675 3549 habuit
712 3494 886 3565 prima
918 3494 1075 3564 quasi
1109 3510 1295 3549 rerum
1330 3505 1608 3565 gestarum
1636 3495 1909 3550 cunabula
1943 3513 2008 3550 cx
2042 3497 2269 3551 Litteris
2294 3498 2489 3559 sacris.
2514 3498 2756 3569 Josepho
2782 3510 2944 3570 atque
2975 3499 3099 3554 aliis
3125 3499 3495 3568 scriptoribus

216 3585 451 3639 vetustis
488 3592 766 3653 repetere.
810 3582 939 3648 Qua:
979 3582 1160 3646 nobis,
1190 3583 1236 3637 si
1268 3584 1477 3653 absque
1507 3581 1653 3639 Mose
1686 3583 1900 3649 fuisset,
1934 3586 2092 3654 plane
2126 3585 2324 3654 ignotae
2352 3595 2537 3641 essent
2573 3608 2584 3642 :
2626 3588 2713 3642 cui
2746 3604 2848 3643 nos
2893 3597 2952 3644 ut
2993 3587 3260 3643 divinitus
3292 3588 3492 3641 edocm

218 3674 413 3744 religio
444 3684 658 3735 nostra,
686 3670 940 3742 quamvis
975 3671 1304 3727 adversante
1345 3672 1717 3741 philosophia,
1750 3673 1977 3728 credere
2007 3672 2169 3743 jubet
2199 3689 2259 3727 ac
2290 3673 2455 3743 cogit.
2491 3674 2559 3729 Ut
2592 3685 2650 3729 ut
2672 3674 2764 3739 sit,
2798 3684 3080 3729 auctorem
3117 3689 3183 3729 eo
3214 3674 3493 3743 antiquio-

219 3777 331 3816 rem
355 3770 413 3815 et
436 3758 732 3816 certiorem
757 3774 865 3813 non
901 3759 1189 3814 habemus.
1217 3759 1314 3813 Est
1343 3759 1490 3812 enim
1518 3759 1744 3814 .iudaica
1774 3759 1999 3815 historia
2033 3760 2200 3815 veluti
2235 3759 2650 3814 fundamentum
2673 3773 2766 3815 aut
2796 3761 3132 3832 principium
3151 3773 3487 3814 .caaterarum

220 3851 469 3906 omnium
509 3871 523 3905 :
558 3858 615 3905 et
642 3850 821 3918 gentis
855 3849 1004 3904 illius
1037 3849 1241 3903 mirum
1275 3846 1553 3917 quoddam
1588 3847 1783 3913 fatum,
1819 3859 1876 3903 ut
1907 3863 2046 3918 pene
2083 3856 2253 3902 totum
2287 3855 2561 3901 terrarum
2601 3847 2790 3902 orbem
2821 3859 3132 3917 pervagata,
3169 3847 3225 3900 in
3254 3847 3491 3902 summis

218 3950 535 3994 exterarum
558 3940 804 4008 gentium
828 3937 972 3992 odiis
996 3947 1053 3993 ct
1080 3936 1584 4000 adversationibus,
1612 3945 1792 3990 tamen
1823 3935 2113 4005 Opinioncs
2140 3949 2269 3989 suas
2293 3934 2531 3989 mirabili
2560 3935 2675 3990 sive
2704 3935 3006 4004 pertinacia
3033 3936 3147 3990 sive
3175 3937 3491 3990 constantia

220 4028 557 4090 defenderit,
597 4036 763 4096 atque
798 4025 962 4080 etiam
991 4024 1157 4080 hodie
1191 4033 1433 4088 tueatur,
1466 4034 1533 4077 et
1569 4024 1772 4079 multos
1797 4025 1851 4078 in
1879 4040 2035 4079 suam
2064 4024 2395 4078 sententiam
2429 4024 2776 4094 pertraxerit.
2806 4025 2978 4090 Quale
3009 4023 3146 4077 nihil
3178 4023 3233 4076 in
3264 4025 3486 4078 «ueteris

217 4116 439 4187 populis
469 4113 752 4170 cernitur:
774 4128 1007 4182 quorum
1044 4111 1310 4178 historiae,
1336 4112 1561 4166 insertis
1595 4112 1760 4166 etiam
1787 4121 1841 4167 et
1869 4113 2156 4184 explicatis
2184 4111 2424 4168 Danielis
2445 4122 2501 4168 et
2530 4115 2768 4169 aliorum
2801 4112 3195 4182 prophetarum
3221 4111 3488 4179 oraculis,

217 4206 400 4261 obiter
448 4203 826 4273 attinguntur,
858 4211 919 4256 ut
959 4200 1293 4273 Egyptiaca:
1319 4240 1334 4266 ,
1376 4201 1647 4271 Assyriae,
1684 4199 1947 4266 Persicae,
1978 4201 2340 4258 Macedonica:
2364 4242 2378 4265 ,
2410 4203 2687 4259 Romanos.
2726 4201 3049 4271 Quanquam
3086 4201 3171 4255 his
3206 4201 3489 4271 peculiare

218 4295 479 4347 volumen
550 4289 852 4349 dedicavit.
922 4291 1070 4359 quod
1131 4304 1230 4357 ego
1289 4289 1344 4341 in
1408 4288 1546 4343 duas
1601 4300 1787 4359 partes
1839 4288 2102 4356 distinxi,
2169 4301 2224 4344 et
2279 4288 2629 4345 Christianos
2697 4290 3060 4360 imperatores
3121 4289 3188 4343 ab
3247 4288 3492 4344 ethnicis

214 4382 508 4452 separavi,
566 4387 627 4433 ut
688 4388 864 4432 totum
907 4394 1047 4447 opus
1107 4376 1445 4446 tripartitum
1489 4388 1656 4433 esset.
1721 4377 1799 4432 De
1844 4379 2002 4448 cujus
2061 4386 2388 4447 argumento
2448 4378 2732 4433 hactenUs.
2776 4377 2935 4432 Nunc
2994 4376 3160 4432 etiam
3212 4377 3279 4432 de
3345 4376 3489 4447 stylo

210 4469 460 4526 auctoris
501 4467 756 4522 nonnihil
804 4475 890 4521 est
930 4466 1248 4530 dicendum,
1293 4467 1385 4536 qui
1415 4474 1557 4520 ‘cum
1582 4481 1689 4520 non
1731 4465 1897 4519 unius
1939 4463 2010 4518 sit
2047 4464 2266 4534 generis
2295 4474 2351 4519 et
2382 4463 2592 4530 formae,
2623 4465 2719 4520 sed
2769 4482 2871 4536 pro
2899 4465 3162 4520 varietate
3198 4474 3487 4519 auctorum

213 4576 244 4613 θ
266 4559 472 4628 quibus
499 4556 621 4611 haec
646 4556 818 4625 petita
849 4561 999 4621 sunt,
1035 4562 1090 4607 et
1130 4554 1245 4624 ipse
1268 4555 1461 4618 variet,
1492 4556 1545 4608 in
1580 4554 1775 4608 ultimo
1802 4562 1948 4607 lomo
1985 4551 2288 4620 praesertim
2313 4591 2326 4616 ,
2361 4567 2466 4621 qua
2513 4562 2671 4606 atate
2696 4551 2883 4608 Graeca
2909 4552 3113 4621 pariter
3146 4561 3202 4608 et
3241 4552 3487 4607 Romana

210 4650 397 4720 lingua
419 4645 798 4717 degeneravit,
827 4642 1033 4699 eruditi
1080 4644 1335 4698 homines
1369 4643 1426 4697 in
1476 4659 1543 4697 eo
1590 4643 1843 4699 nonnihil
1886 4640 2308 4696 desiderabunt.
2360 4640 2677 4695 Desideravi
2721 4650 2776 4696 et
2818 4643 2934 4711 ipse
2977 4641 3255 4704 nonnihil,
3308 4641 3488 4710 parci-

215 4738 455 4793 moniam
499 4735 557 4789 in
602 4733 799 4804 primis
843 4730 1280 4786 Demosthenica).
1322 4730 1591 4785 orationis
1617 4771 1633 4797 ,
1676 4746 1799 4800 quae
1843 4744 1968 4785 meo
2001 4729 2184 4798 palato
2236 4728 2397 4798 longe
2440 4728 2547 4783 fuit
2590 4728 2797 4800 gratior
2835 4738 2892 4783 et
2935 4728 3002 4784 ad
3044 4729 3481 4784 convertendum

214 4843 319 4881 non
376 4834 594 4880 tantum
623 4820 923 4893 jucundior
977 4819 1072 4875 sed
1123 4819 1287 4874 etiam
1342 4818 1557 4874 facilior
1595 4836 1608 4872 :
1642 4827 1703 4873 ut
1752 4826 1810 4872 ut
1862 4818 1986 4872 aliis
2025 4817 2264 4871 difﬁcilis
2295 4816 2571 4881 videatur,
2617 4827 2674 4872 et
2717 4833 2836 4873 mea
2886 4818 3154 4873 tenuitate
3206 4818 3483 4887 superior.

212 4916 287 4971 Na
424 4928 467 4967 tn
522 4913 626 4968 hoc
668 4910 902 4966 "auctore
957 4909 1145 4962 multae
1200 4916 1330 4962 sunt
1390 4918 1486 4963 aut
1541 4906 1676 4960 mihi
1730 4922 1777 4961 ο(

1936 4918 2059 4959 esse
2109 4903 2371 4958 videntur
2424 4905 2875 4974 περισσολογίαι,
2942 4921 3065 4976 quae
3123 4917 3184 4961 ut
3226 4906 3476 4962 Graecum

213 5017 527 5058 sermonem
584 5014 689 5053 suo
740 4997 980 5068 quodam
1013 4996 1177 5066 genio
1213 5010 1355 5064 saepe
1388 5009 1499 5048 non
1530 4994 1822 5049 infeliciter
1851 4992 2226 5071 lascivientem
2283 4993 2536 5057 deceant,
2580 4992 2794 5050 Latinis
2839 4996 3068 5051 auribus
3109 4996 3280 5051 multo
3319 5010 3477 5049 seve-

212 5090 476 5152 rioribus,
514 5087 619 5140 nisi
651 5086 888 5140 multum
929 5098 1031 5153 ego
1079 5080 1258 5143 fallor,
1297 5079 1645 5150 permolestae
1685 5080 1885 5134 futura:
1915 5092 2096 5138 erant.
2126 5085 2312 5154 anue
2345 5084 2413 5138 de
2443 5099 2630 5150 causa,
2678 5085 2767 5138 ubi
2822 5085 2961 5140 citra
2990 5086 3281 5142 sententiae
3307 5082 3475 5138 detri-

214 5188 459 5231 mentum
499 5173 622 5229 lieri
656 5171 856 5242 patuit,
901 5187 932 5225 a
973 5185 1061 5224 me
1097 5167 1303 5223 alicubi
1344 5166 1731 5236 praetermissa:
1770 5178 1915 5222 sunt.
1951 5169 2120 5240 quue
2154 5185 2278 5225 eum
2307 5186 2417 5226 non
2463 5179 2569 5225 tam
2617 5186 2738 5225 mea
2787 5181 3003 5241 sponte,
3046 5186 3210 5241 quam
3265 5170 3479 5225 monitu
3519 5242 3523 5247 ἢ

215 5265 670 5322 doctissimorum
704 5261 974 5325 virorum,
1008 5256 1278 5314 Joachimi
1309 5254 1612 5311 Camerarii
1645 5264 1699 5310 et
1733 5254 1995 5312 Ludovici
2041 5256 2250 5324 Carini,
2304 5257 2554 5324 fecerim,
2592 5274 2679 5312 me
2715 5258 2877 5313 facile
2908 5259 3045 5312 viris
3078 5257 3256 5311 doctis
3282 5257 3485 5326 proba-

217 5362 398 5410 turum
423 5351 672 5408 conlido.
702 5348 1088 5420 lmperitorum
1122 5355 1307 5400 autem
1342 5351 1398 5399 et
1425 5343 1856 5398 obtrectatorum
1884 5342 2117 5414 judicia,
2143 5360 2266 5413 qua:
2293 5344 2381 5399 vel
2405 5345 2553 5398 nulla
2577 5345 2662 5400 vel
2694 5360 2955 5415 perversa
2982 5353 3130 5408 sunt,
3167 5353 3480 5409 contemno,

216 5456 392 5513 neque
415 5441 561 5497 facio
594 5420 773 5510 pluris
802 5451 967 5507 quam
1004 5447 1248 5490 morsum
1279 5430 1479 5502 pulicis
1512 5420 1842 5500 elephantus
1869 5429 2110 5487 Indicus.
2149 5431 2343 5486 Fabris
2370 5432 2519 5487 enim
2550 5431 2768 5486 fabrilia
2808 5432 3089 5486 tractanda
3119 5442 3269 5498 sunt,
3301 5450 3484 5504 neque

217 5538 421 5585 teruere
470 5529 647 5584 falces
679 5527 737 5581 in
766 5525 1004 5580 alienam
1041 5536 1277 5577 messem
1321 5518 1705 5574 immittendae.
1749 5516 2021 5573 Concessa
2064 5519 2322 5573 omnibus
2352 5526 2438 5573 est
2468 5518 2538 5575 ab
2583 5518 2785 5573 invidia
2829 5527 2885 5572 ct
2916 5518 3193 5589 imperitia
3221 5520 3286 5575 ad
3314 5522 3485 5592 tequi-

218 5627 377 5673 tatem
409 5627 469 5674 et
506 5614 883 5673 eruditionem
933 5610 1270 5682 provocatio.
1309 5607 1457 5663 Idem
1488 5606 1622 5661 mihi
1668 5607 1779 5677 jus,
1818 5607 1908 5661 ubi
1951 5606 2036 5661 vel
2073 5608 2269 5662 decere
2311 5606 2396 5661 vel
2431 5607 2805 5662 necessarium
2838 5621 2959 5661 esse
2990 5607 3168 5662 visum
3201 5618 3304 5676 est,
3340 5619 3394 5664 et
3426 5610 3481 5664 in

218 5705 559 5778 dialogismis
602 5704 671 5758 ad
706 5711 1026 5773 perpetuam
1063 5700 1371 5755 orationem
1415 5696 1733 5766 redigendis
1778 5695 1920 5750 haud
1970 5713 2094 5750 raro
2137 5695 2386 5766 permisi,
2435 5710 2503 5749 ne
2548 5695 2769 5764 propria
2818 5695 3038 5750 nomina
3071 5707 3128 5752 et
3158 5698 3483 5768 pronomina
3575 5696 3581 5703 ’

218 5800 462 5864 (ιυειεκιειιιι
490 5803 548 5852 et
578 5794 811 5850 verbum
838 5791 1008 5860 inquit
1040 5801 1096 5846 ct
1122 5788 1226 5843 alia
1264 5784 1581 5858 hujusmodi
1608 5783 1674 5840 ad
1706 5784 1986 5840 fastidium
2037 5800 2211 5855 usque
2243 5782 2569 5840 inculcanda
2596 5791 2800 5838 essent.
2838 5781 2973 5849 Quis
3003 5785 3150 5839 enim
3186 5798 3297 5839 non
3328 5782 3483 5838 malit
