3964 6252
442 348 516 410 35
1356 288 1365 301 ”
1702 328 2153 392 HlERONYMI
2194 325 2482 387 WOLFII
3632 316 3703 379 36

443 468 572 508 cum
601 449 934 508 Aristoxeno
969 447 1155 505 redire
1194 446 1250 501 in
1284 441 1562 504 latomias,
1596 456 1763 512 quam
1792 438 2043 495 eamdem
2083 435 2264 491 cuculi
2308 433 2643 491 cantilenam
2669 429 2862 491 audire
2894 429 3101 485 toties?
3139 428 3202 486 Ut
3235 428 3383 484 enim
3407 425 3580 485 Graeci
3614 426 3701 480 vel

444 543 516 596 ob
542 541 856 611 complures
890 540 1087 594 breves
1120 547 1179 592 et
1218 532 1537 591 commodas
1566 531 1970 586 connexionum
2015 527 2333 595 particulas,
2375 526 2458 579 vel
2493 525 2565 580 ob
2620 522 3057 594 participiorum,
3110 536 3230 611 qua!
3254 521 3530 611 rprmteriti
3560 529 3702 611 lem-

446 629 600 700 poris
626 608 1084 697 significationem
1118 625 1341 688 habent,
1376 619 1812 680 multitudinem,
1844 617 1960 671 sive
1998 616 2163 668 etiam
2198 613 2320 669 aliis
2349 612 2419 666 de
2443 611 2646 676 causis,
2678 627 2814 682 quas
2847 611 2934 666 hic
2968 610 3222 682 persequi
3250 610 3472 680 longum
3508 608 3702 700 fuerit.

446 698 476 772 ξι
513 718 825 788 tautologiis
861 727 916 771 et
950 714 1327 786 perissologiis
1374 713 1561 766 minus
1609 709 1932 770 abhorrent,
1987 717 2042 761 et
2075 703 2259 759 omnia
2295 701 2562 756 minutius
2606 712 2664 756 et
2722 701 2996 756 curiosius
3035 708 3463 788 persequuntur,
3497 698 3579 788 sic
3597 698 3701 788 qui

450 806 594 875 apud
624 785 851 860 Latinos
874 785 1079 859 imitari
1121 806 1315 859 eadem
1353 799 1612 861 Volucrit,
1641 813 1724 852 me
1759 798 1805 850 is
1840 795 1895 849 in
1924 791 2257 848 horrendam
2309 800 2366 845 et
2406 790 2647 859 ineptam
2691 789 2897 844 incidet
2934 788 3318 857 loquacitatem
3347 786 3369 839 ?
3406 785 3509 851 Qui
3540 786 3707 854 igitur

449 894 809 963 interpretem
841 891 1160 963 huiusmodi
1197 890 1446 945 salebras
1473 885 1593 940 sine
1625 885 1736 939 ullo
1763 883 2050 939 sententia:
2081 881 2416 937 detrimento
2448 882 2711 934 vitantem
2754 879 2840 934 vel
2892 878 3232 947 negligentia:
3264 876 3347 930 vel
3380 876 3534 930 malae
3576 876 3704 963 tidei

447 961 732 1045 accusant,
774 961 931 1036 suam
954 982 1037 1035 vel
1071 979 1341 1035 inscitiam
1367 986 1425 1032 et
1447 974 1643 1047 judicii
1678 974 1917 1043 inopiam
1943 970 2031 1026 vel
2070 969 2323 1024 morbum
2356 967 2524 1022 animi
2561 976 2617 1022 et
2661 967 2808 1022 nulla
2838 965 2904 1020 de
2935 981 3097 1020 causa
3127 963 3487 1018 maledicendi
3517 961 3708 1017 libidi-

449 1086 572 1123 nem
617 1071 877 1138 produnt.
910 1070 1099 1139 Neque
1142 1077 1324 1121 tamen
1376 1064 1580 1119 indulsi
1619 1062 1751 1118 mihi
1788 1062 2045 1120 nimium.
2100 1064 2233 1118 Nam
2275 1065 2420 1133 quod
2452 1064 2605 1118 Plato
2636 1063 2734 1128 ait,
2770 1062 2819 1116 ei
2854 1061 2946 1130 qui
3003 1058 3056 1113 in
3096 1057 3430 1129 disiiutando
3476 1073 3709 1125 respon-

448 1155 576 1211 deat
611 1157 1007 1227 interrogantis
1053 1156 1283 1225 vestigia
1327 1151 1707 1223 persequenda
1742 1166 1883 1216 esse,
1927 1151 1980 1206 id
2033 1153 2206 1207 multo
2231 1153 2401 1222 magis
2448 1149 2757 1206 faciendum
2808 1164 2927 1203 csse
2963 1148 3153 1202 alienae
3183 1148 3385 1216 linguae
3416 1146 3577 1213 interl
3601 1146 3704 1198 reti

448 1246 706 1317 cogitavi.
737 1247 894 1313 Quod
943 1247 989 1300 si
1030 1246 1077 1299 is
1108 1245 1366 1314 scriptor,
1395 1256 1559 1310 quem
1602 1238 1988 1310 explicandum
2024 1241 2357 1312 susceperis,
2393 1248 2546 1294 recto
2595 1237 2810 1293 itineris
2843 1236 3142 1307 przecessit,
3194 1235 3300 1291 hoc
3329 1242 3413 1289 est
3444 1238 3488 1288 si
3519 1249 3707 1287 rerum

447 1334 749 1389 bonitatem
788 1350 913 1389 cum
940 1333 1212 1404 elegantia
1258 1330 1520 1386 dictionis
1553 1330 1862 1399 conjunxit,
1910 1329 2185 1399 interpres
2224 1340 2274 1384 et
2308 1328 2493 1383 minus
2524 1328 2729 1382 laboris
2763 1336 2819 1380 et
2854 1327 2977 1396 plus
3011 1324 3191 1379 laudis
3216 1323 3394 1392 capit:
3439 1322 3521 1376 sin
3558 1321 3711 1376 illius

448 1422 725 1477 salebrosa
756 1431 843 1476 est
866 1424 1068 1483 oratio,
1116 1429 1172 1475 et
1207 1435 1298 1474 res
1336 1418 1483 1473 haud
1527 1417 1704 1485 magni
1760 1417 2022 1472 momenti
2065 1417 2336 1478 continet,
2378 1416 2571 1469 aliena:
2618 1414 2793 1483 culpae
2833 1412 2965 1467 dare
3001 1427 3190 1482 pmnas
3232 1412 3398 1465 etiam
3433 1409 3710 1478 interpres

447 1511 685 1578 cogitur.
718 1509 879 1576 Nam,
904 1520 965 1565 ut
998 1509 1301 1579 Sophocles
1337 1508 1446 1562 alio
1475 1522 1639 1562 sensu
1666 1505 1917 1570 allirmat,
1945 1505 2210 1561 malarum
2244 1521 2426 1561 rerum
2457 1504 2685 1575 pulchra
2715 1520 2837 1559 esse
2874 1501 3329 1557 commemoratio
3357 1515 3464 1555 non
3500 1508 3706 1568 potest,

448 1608 507 1652 et
542 1595 796 1651 ordinem
838 1612 903 1652 ac
945 1596 1370 1667 dispositionem
1408 1609 1600 1650 earum
1651 1593 1947 1648 immutare
1994 1594 2086 1648 vix
2137 1595 2480 1649 conceditur.
2521 1594 2589 1649 Ut
2634 1594 2799 1661 igitur
2846 1593 3023 1645 oratio
3068 1588 3384 1658 interpretis
3428 1586 3621 1641 Latina
3651 1596 3709 1640 et

450 1703 587 1756 pura
625 1687 716 1751 sit,
752 1688 867 1756 ipsa
905 1695 1087 1742 tamen
1116 1686 1446 1756 compositio
1475 1686 1758 1740 horridum
1799 1686 2057 1755 quiddam
2089 1692 2253 1753 atque
2282 1698 2538 1750 asperum
2566 1690 2744 1743 sonat,
2780 1679 3043 1734 membris
3073 1689 3129 1734 ct
3162 1677 3414 1748 partibus
3446 1676 3566 1744 ejus
3592 1690 3705 1728 non

450 1764 627 1830 multo
659 1776 860 1831 melius
897 1792 1060 1846 quam
1095 1791 1262 1830 arena
1297 1776 1417 1830 sine
1445 1775 1598 1830 calce
1624 1775 2059 1829 coluerentibus.
2087 1772 2218 1838 Quae
2255 1773 2386 1825 vitia
2420 1772 2512 1840 qui
2544 1770 2788 1841 eﬂ‘ngere
2823 1770 3034 1835 volunt,
3071 1770 3124 1823 in
3153 1767 3300 1822 aliud
3337 1766 3558 1836 gravius
3592 1765 3711 1834 ple-

450 1879 685 1933 rumque
711 1864 986 1929 incidunt,
1026 1873 1088 1918 ut
1116 1864 1245 1918 dum
1279 1864 1517 1917 orationi
1550 1861 1821 1931 poliendae
1850 1870 1907 1915 et
1934 1859 2268 1915 exornandae
2295 1858 2539 1927 impense
2568 1858 2815 1917 student,
2851 1858 2917 1910 ab
2949 1856 3196 1911 auctoris
3226 1854 3516 1910 sententiis
3543 1853 3708 1922 longe

447 1952 749 2012 aberrent,
800 1961 857 2005 et
906 1952 1235 2022 gravissimo
1264 1950 1510 2020 perfidiae
1552 1949 1786 2005 crimine
1842 1964 1901 2004 se
1948 1948 2318 2019 obstringam.
2370 1946 2467 2001 llis
2507 1946 2872 2001 incommodis
2912 1955 3073 2001 acute
3123 1944 3442 2015 perspectis,
3489 1955 3709 1997 summo

449 2037 673 2109 ingenio
704 2048 763 2093 et
788 2040 1042 2095 doctrina
1093 2039 1177 2093 vir
1218 2038 1461 2095 Joannes
1497 2037 1762 2094 Jovianus
1799 2037 2083 2092 Pontanus
2140 2038 2397 2107 praeclare
2442 2034 2686 2104 scripsit,
2736 2035 2897 2089 malle
2938 2050 2997 2090 se
3036 2048 3310 2104 quemque
3357 2032 3553 2087 aﬂ‘erre
3584 2046 3705 2094 sua,

449 2140 615 2194 quam
649 2126 850 2182 otl‘erre
883 2129 1062 2183 aliena
1090 2147 1103 2181 :
1152 2137 1211 2182 et
1234 2128 1381 2196 quod
1428 2124 1672 2194 scripsit,
1726 2126 1844 2195 ipse
1873 2125 1926 2178 in
1956 2124 2205 2179 doctrina
2235 2138 2449 2179 morum
2479 2133 2536 2176 et
2562 2138 2747 2193 rerum
2780 2123 3087 2179 caelestium
3126 2120 3447 2191 explicanda
3490 2118 3641 2182 fecit,
3678 2135 3707 2171 a

451 2214 798 2284 philosophis
829 2225 886 2269 et
909 2217 1205 2286 astrologis
1249 2217 1420 2285 petita
1467 2214 1717 2278 materia,
1756 2230 1929 2282 quam.
1955 2228 2056 2269 suo
2085 2213 2357 2268 arbitratu
2402 2221 2461 2266 et
2491 2211 2789 2266 collocaret
2817 2220 2874 2265 et
2918 2219 3233 2266 cxornaret.
3284 2207 3389 2265 Sed
3428 2206 3560 2261 tanti
3601 2206 3709 2261 viri

450 2303 758 2372 exemplum
788 2319 890 2371 ego
919 2305 1142 2369 imitari,
1167 2303 1477 2373 praesertim
1510 2304 1562 2356 in
1589 2302 1696 2356 hoc
1720 2304 1908 2372 scripti
1933 2317 2155 2372 genere,
2193 2308 2249 2355 ct
2272 2299 2475 2370 ingenii
2507 2298 2775 2354 tenuitate
2798 2308 2856 2353 et
2875 2298 2999 2353 aliis
3025 2296 3389 2353 incommodis
3412 2295 3712 2365 impeditus

452 2404 632 2459 neque
666 2393 870 2462 possim
907 2409 1087 2464 neque
1118 2392 1317 2448 ausim.
1352 2392 1490 2446 lllud
1520 2391 1654 2446 mihi
1687 2393 1821 2447 satis
1855 2392 1978 2457 fuit,
2008 2400 2067 2445 ut
2087 2390 2395 2445 sententias
2421 2389 2566 2444 bona
2595 2388 2699 2443 ftde
2726 2388 3121 2459 appenderem,
3151 2395 3209 2443 et
3242 2386 3504 2447 dictione.
3536 2400 3715 2455 quan-

453 2486 569 2532 tum
600 2479 717 2548 ipse
742 2491 938 2535 auctor
964 2490 1019 2535 et
1059 2480 1327 2535 orationis
1359 2496 1493 2537 mea:
1522 2489 1820 2549 paupertas
1848 2489 2152 2549 pateretur,
2202 2491 2364 2547 quam
2416 2476 2644 2531 minime
2688 2492 2881 2546 aspera
2926 2485 3117 2531 uterer
3150 2482 3247 2529 aut
3296 2474 3550 2529 barbara.
3598 2472 3712 2528 Nec

455 2575 645 2627 tanien
672 2568 788 2638 ipse
836 2569 970 2623 mihi
1020 2569 1226 2639 ubique
1255 2569 1519 2633 satisfeci,
1555 2578 1615 2624 et
1647 2570 1701 2623 in
1732 2584 1866 2624 mem
1902 2567 2245 2624 infelicitatis
2271 2576 2426 2636 parte
2450 2564 2758 2630 numeravi,
2795 2564 2941 2636 quod
2979 2564 3034 2619 in
3067 2573 3349 2619 auctorem
3379 2561 3714 2618 luculentio-

456 2669 571 2708 rem
606 2671 716 2709 non
743 2655 1083 2712 incidissem.
1117 2658 1233 2712 Non
1268 2657 1414 2726 quod
1449 2657 1600 2711 hunc
1625 2656 2050 2727 reprehendam;
2087 2654 2183 2709 sed
2214 2652 2361 2723 quod
2412 2668 2607 2707 vereor
2651 2668 2721 2708 ne
2766 2654 2834 2707 ab
2867 2653 2990 2708 aliis
3038 2654 3155 2723 ipse
3192 2652 3584 2723 reprehendar,
3616 2651 3712 2719 qui

456 2741 593 2793 nihil
628 2741 729 2795 nisi
765 2741 951 2797 florem
981 2744 1242 2798 dictionis
1268 2754 1598 2813 sequuntur,
1630 2745 1723 2815 qui
1762 2745 2007 2813 profecto
2060 2744 2115 2799 in
2156 2742 2428 2796 brevitate
2467 2741 2749 2795 annalium
2801 2742 2981 2796 locum
3032 2757 3141 2795 non
3177 2741 3364 2795 habet.
3393 2740 3710 2795 chrtatem

459 2826 595 2880 Livii
633 2829 880 2896 quaeris?
917 2839 973 2884 at
1006 2831 1272 2886 orationis
1303 2832 1508 2887 divitia:
1535 2848 1660 2886 cum
1690 2842 2011 2902 paupertate
2039 2848 2223 2887 rerum
2252 2831 2682 2900 conjungentur.
2711 2830 3057 2901 Diligentiam
3080 2831 3138 2885 in
3169 2829 3553 2884 minutissimis
3586 2828 3713 2897 qui-

458 2916 674 2983 busque
704 2918 1103 2986 persequendis
1132 2920 1420 2987 postulas?
1476 2920 1629 2990 atqui
1663 2920 1717 2975 in
1769 2920 2103 2975 immensum
2128 2922 2385 2977 volumen
2430 2930 2712 2977 excrescet
2744 2920 2996 2986 historia,
3041 2937 3140 2976 nec
3175 2923 3287 2991 jam
3322 2918 3711 2988 compendium

457 3004 564 3057 erit
598 3003 693 3058 sed
722 3004 1072 3074 dispendium
1105 3017 1202 3062 aut
1226 3010 1409 3077 potius
1439 3009 1670 3064 furtum.
1724 3010 1860 3065 Nam
1885 3025 2048 3081 quem
2081 3011 2369 3079 prolixitas
2397 3010 2738 3064 voluminum
2782 3009 3042 3075 delectat,
3089 3010 3136 3064 is
3178 3025 3286 3064 non
3320 3009 3589 3079 epitomas
3614 3008 3709 3063 sed

461 3092 721 3147 historias
750 3093 912 3163 legat.
947 3093 1093 3161 Quas
1127 3095 1172 3149 si
1208 3111 1401 3151 omnes
1431 3096 1706 3163 meminit,
1742 3098 1881 3152 bene
1907 3106 2025 3151 est:
2068 3097 2153 3151 sin
2184 3098 2387 3162 minus,
2434 3097 2645 3151 Zonara
2680 3109 2938 3167 tanquam
2992 3098 3173 3153 indice
3208 3107 3263 3151 et
3296 3097 3566 3151 monitore
3596 3107 3685 3150 uta

463 3191 583 3245 tur;
623 3196 686 3234 ac
711 3180 915 3251 cogitet
937 3182 1079 3237 nihil
1107 3184 1176 3238 ab
1214 3184 1364 3238 onmi
1398 3193 1551 3255 parte
1577 3185 1795 3239 beatum
1824 3200 1968 3251 esse,
1998 3195 2053 3238 et
2084 3185 2444 3254 multiplicem
2475 3184 2758 3238 variarum
2800 3199 2984 3239 rerum
3016 3185 3069 3239 in
3099 3200 3212 3239 uno
3238 3202 3344 3240 non
3373 3199 3546 3254 usque
3576 3184 3717 3238 adeo

462 3284 659 3338 magno
687 3270 967 3325 volumine
1002 3272 1375 3342 cegnitionem
1408 3272 1531 3344 styli
1564 3272 1952 3337 incommodis,
1987 3272 2033 3327 si
2066 3288 2174 3342 qua
2204 3280 2357 3338 ’snnt,
2406 3282 2710 3343 comparet.
2747 3272 2879 3339 Qua:
2906 3275 3047 3329 ratio
3078 3288 3165 3330 me
3196 3289 3417 3344 quoque
3453 3274 3629 3329 movit
3658 3282 3726 3328 ur

462 3372 571 3410 non
601 3357 1051 3427 conquiescerem
1088 3360 1244 3430 prius
1275 3375 1439 3430 quam
1467 3377 1658 3415 saxum
1687 3361 1811 3425 hoc,
1845 3360 1995 3431 quod
2024 3368 2139 3415 toto
2166 3361 2270 3415 hoc
2298 3375 2446 3414 anno
2481 3360 2718 3424 versavi,
2752 3362 2820 3415 ad
2858 3362 3063 3417 montis
3094 3378 3357 3418 cacumen
3385 3362 3723 3431 perductum
3788 3397 3803 3407 ›

465 3444 683 3498 tandem
713 3445 1011 3515 aliquando
1044 3448 1408 3512 constitisset,
1464 3449 1670 3519 ingenti
1721 3451 1910 3519 utique
1946 3448 2134 3504 labore
2173 3457 2229 3502 ct
2274 3447 2463 3502 multis
2508 3448 2828 3516 sudoribus,
2868 3463 3205 3521 quocunque
3236 3451 3455 3505 tandem
3489 3460 3717 3505 eventu.

460 3531 598 3587 Nam
635 3543 695 3587 ut
717 3534 784 3588 de
816 3535 1193 3591 conversionis
1225 3537 1401 3608 ipsius
1428 3537 1692 3592 aerumnis
1722 3546 1953 3604 taceam,
1980 3546 2246 3608 quantum
2276 3538 2615 3594 diﬂicultatis
2645 3540 2700 3594 in
2733 3541 2848 3610 ipsa
2879 3541 3118 3596 lectione
3150 3541 3254 3597 fuit
3273 3542 3344 3597 ob
3367 3542 3720 3598 characteres

461 3621 902 3693 elegantissimos
932 3622 1056 3678 illos
1090 3624 1313 3693 quidem
1343 3626 1440 3680 sed
1468 3625 1612 3681 lectu
1641 3625 1993 3680 difﬁcsllimos

2157 3634 2255 3680 iter
2276 3624 2531 3681 alfectata
2573 3626 2662 3681 illa
2707 3627 2987 3683 scribendi
3018 3631 3345 3700 compendia
3378 3638 3436 3685 ct
3467 3630 3567 3700 τῆς
3588 3629 3722 3684 καλ-

463 3706 777 3779 λιγραφὶας,
810 3710 1054 3765 studium
1096 3712 1243 3766 unde
1271 3710 1483 3767 inﬁnita
1524 3724 1708 3769 errata
1741 3714 1999 3769 oriuntur
2031 3729 2100 3770 ex
2150 3712 2297 3777 {acili
2340 3722 2596 3769 notarum
2644 3716 2990 3771 mutatione:
3044 3733 3166 3787 quae
3204 3732 3330 3774 cum
3369 3717 3571 3773 alicubi
3607 3733 3722 3773 non

464 3798 771 3854 dissimiles
798 3810 931 3863 sint,
959 3800 1068 3854 vim
1103 3800 1534 3857 diversissimam
1565 3802 1793 3859 habent.
1828 3802 1985 3858 Unde
2018 3802 2221 3857 factum
2253 3810 2333 3869 ut,
2360 3802 2828 3872 quemadmodum
2864 3804 3195 3861 Plutarchus
3237 3821 3295 3861 se
3324 3805 3516 3861 Latina
3549 3807 3722 3863 verba

462 3902 530 3941 ex
557 3888 872 3957 cognitione
906 3902 1090 3942 rerum
1118 3897 1433 3944 assecutum
1493 3890 1786 3961 profitetur
1806 3934 1820 3953 ,
1856 3892 1929 3946 ita
1956 3907 2058 3962 ego
2093 3906 2237 3961 saepe
2264 3891 2333 3946 de
2367 3890 2636 3946 varietate
2662 3891 2916 3947 lcetionis
2937 3907 3004 3947 ex
3035 3908 3198 3948 sensu
3225 3904 3283 3948 et
3308 3894 3723 3951 constructione

464 3973 716 4028 divinare
766 3975 866 4029 sint
924 3984 1170 4041 coactus,
1219 3978 1434 4031 ratione
1483 3978 1644 4047 plane
1691 3986 2044 4046 praepostera.
2091 3978 2228 4033 Nam
2278 3989 2335 4032 et
2366 3979 2531 4033 verba
2564 3993 2772 4044 rerum,
2820 3988 2877 4034 et
2928 3980 3127 4035 litterae
3157 3983 3449 4037 verborum
3477 3994 3621 4038 noue
3662 3994 3723 4039 ut

465 4074 654 4116 essent
693 4071 820 4115 sunt
856 4063 1108 4117 inventae.
1146 4063 1336 4132 Neque
1362 4074 1541 4118 tamen
1582 4065 1683 4118 hac
1713 4066 1935 4117 solertia
1973 4081 2058 4117 me
2089 4066 2351 4132 expedire
2383 4067 2587 4135 ubique
2623 4068 2944 4137 potuissem,
2975 4069 3079 4122 nisi
3116 4073 3302 4139 plures
3332 4071 3465 4125 mihi
3502 4074 3724 4128 codices

465 4147 803 4217 suppeditati
836 4147 1093 4204 fuissent.
1130 4149 1378 4214 Quorum
1415 4158 1525 4204 tres
1557 4164 1587 4203 e
1623 4161 1714 4204 tua
1746 4149 2085 4205 bibliotheca
2121 4153 2331 4221 accepi,
2385 4155 2596 4223 magnis
2629 4155 2944 4225 sumptibus
2985 4156 3147 4228 Cpoli-
3181 4168 3529 4230 comparatos
3552 4176 3722 4231 Opera

465 4245 633 4306 atque
667 4237 940 4292 industria
963 4238 1169 4308 egregii
1204 4239 1309 4292 viri
1345 4249 1402 4294 et
1433 4239 1725 4309 prudentia
1757 4239 2075 4309 longinquis
2107 4241 2650 4312 peregrinationibus
2685 4243 2893 4316 Ulyssis
2939 4246 3193 4317 exemplo
3229 4261 3295 4301 ac
3333 4248 3508 4303 multo
3535 4264 3722 4304 rerum

468 4340 571 4378 usu
618 4335 774 4393 parta
817 4325 1224 4389 clari,.loannis
1269 4326 1686 4386 Dernscbwam.
1732 4327 1827 4396 qui
1885 4326 1942 4381 in
1993 4328 2177 4384 fronte
2229 4331 2589 4387 vetustissimi
2645 4332 2796 4387 illius
2839 4334 3045 4388 codicis
3086 4335 3202 4390 inec
3254 4338 3415 4392 verba
3458 4337 3722 4411 scripsit;

472 4429 494 4462 ι
542 4410 855 4465 Chronicon
889 4412 1118 4468 Joannis
1158 4413 1383 4467 Zonara:
1414 4414 1632 4469 duobus
1669 4416 1832 4470 tomis
1861 4414 2209 4479 distinctum,
2253 4430 2488 4484 quorum
2524 4418 2678 4487 prior
2719 4417 3004 4473 historiam
3050 4419 3332 4476 Judaicam
3370 4410 3723 4492 potissimum

467 4498 539 4553 ab
562 4500 788 4554 exordio
823 4499 1013 4553 mundi
1046 4516 1217 4571 usque
1247 4503 1314 4555 ad
1351 4501 1855 4574 Hierosolymorum
1888 4503 2185 4566 excidium,
2211 4504 2352 4558 alter
2386 4503 2777 4575 imperatorum
2815 4516 2921 4562 tam
2970 4508 3287 4565 Graecorum
3324 4528 3485 4581 quam
3516 4514 3725 4570 Romae

469 4602 670 4642 norum
699 4603 786 4643 res
815 4600 995 4658 gestas
1027 4605 1199 4658 usque
1223 4590 1290 4644 ad
1324 4590 1500 4644 Alesii
1530 4589 1796 4646 Conmeni
1822 4592 2035 4647 obitum
2070 4593 2492 4662 complectitur:
2533 4609 2679 4649 anno
2713 4597 2928 4649 Domini
2966 4599 3103 4651 1554
3137 4598 3291 4668 Cpoli
3339 4600 3394 4654 in
3432 4602 3567 4656 Pera
3607 4604 3726 4659 sive

468 4673 664 4729 Galata
700 4676 886 4746 (quam
928 4676 1060 4730 olim
1095 4678 1263 4747 κέρας
1292 4676 1409 4732 sive
1432 4678 1616 4732 Cornu
1647 4679 1978 4749 appellatam
2011 4686 2229 4751 putant)
2263 4681 2367 4737 150
2392 4683 2611 4737 ducatis
2642 4681 2965 4754 Hungaricis
2991 4687 3096 4740 emi
3126 4702 3156 4740 a
3180 4689 3470 4759 magnifico
3496 4689 3725 4747 domino

470 4759 712 4817 Antonio
755 4762 1185 4818 Cantacuzeno:
1229 4768 1389 4837 cujus
1435 4764 1668 4829 familia,
1719 4767 1848 4821 dum
1888 4781 1977 4822 res
2014 4767 2313 4840 Byzantina
2344 4772 2521 4835 stetit,
2570 4773 2923 4841 imperatoria
2977 4770 3101 4838 fuit,
3152 4791 3301 4831 nunc
3351 4777 3455 4832 sub
3488 4777 3727 4835 Torcico

470 4850 759 4905 dominatu
807 4851 872 4905 ad
908 4844 1179 4922 privatam
1233 4852 1608 4907 conditionem
1658 4854 1874 4909 redacta
1905 4864 2025 4908 est:
2070 4857 2140 4911 ab
2172 4873 2349 4928 eoque
2384 4868 2606 4929 rogatus
2649 4875 2768 4914 sum
2805 4871 2865 4914 ut
2902 4861 3006 4915 hoc
3040 4878 3180 4932 opus
3223 4865 3527 4935 aliquando
3551 4884 3726 4924 excu-

472 4939 722 5001 deretur,
769 4948 824 4993 et
869 4940 1122 5010 impressi
1179 4941 1386 4996 codicis
1434 4941 1538 4996 sibi
1570 4942 1727 5011 copia
1769 4943 1925 4997 ﬁeret
1958 4944 2027 4995 ob
2063 4943 2334 5000 Zonaram
2383 4958 2792 5002 conservatum.
2839 4949 3110 5005 Praeterea
3153 4954 3459 5007 secundum
3496 4955 3728 5012 Zonaras

474 5036 685 5081 tomum
733 5030 800 5081 de
847 5029 1280 5097 imperatoribus
1331 5029 1651 5084 conferendi
1703 5033 1878 5100 gratia
1931 5031 2000 5085 ab
2035 5034 2347 5088 Alexandro
2396 5035 2821 5104 cbartophvlace
2863 5038 3083 5107 triginta
3141 5039 3354 5095 ducatis
3398 5043 3729 5113 Hungaricis

470 5116 810 5186 comparavi.
847 5117 1030 5170 Alium
1079 5116 1211 5171 item
1248 5117 1473 5172 Zonaras
1512 5118 1757 5172 libellum
1791 5119 1858 5174 de
1897 5120 2062 5175 rebus
2096 5119 2314 5189 imperii
2348 5131 2406 5175 ct
2425 5120 2681 5175 Ecclesia:
2712 5138 2742 5176 a
2768 5122 3131 5180 Consmntino
3160 5143 3334 5197 usque
3364 5130 3432 5183 ad
3461 5130 3729 5188 Iustinia-

475 5220 608 5258 num
640 5206 1030 5274 imperatorcm
1072 5221 1135 5259 ex
1190 5216 1409 5261 vetusto
1452 5207 1645 5261 codice
1679 5208 2162 5265 transcribendum
2214 5212 2426 5268 curavi.
2466 5232 2484 5265 ι
2525 5212 2805 5270 Hactenus
2833 5216 2946 5270 ille.
2969 5218 3238 5283 Quartum
3268 5222 3537 5287 codicem,
3569 5226 3665 5294 qui
3696 5241 3728 5278 a

472 5294 837 5351 Constantino
872 5296 1064 5366 Magno
1091 5288 1412 5368 incipiebat,
1441 5299 1703 5354 omnibus
1739 5300 2083 5354 ornamentis
2132 5299 2454 5364 amplissimi
2487 5300 2612 5364 viri,
2664 5302 2874 5357 domini
2904 5314 2962 5360 et
2992 5306 3302 5363 Maecenatis
3332 5312 3462 5377 mei,
3495 5288 3730 5371 Joannis

469 5383 661 5437 Jacobi
697 5384 925 5455 Fuggeri
961 5385 1290 5441 bibliotheca
1323 5387 1749 5442 instructissima
1784 5387 2179 5457 suppeditavit.
2232 5389 2475 5460 Denique
2503 5400 2703 5460 praeter
2733 5407 2952 5448 omnem
2989 5410 3142 5465 spem
3175 5406 3227 5451 et
3256 5402 3728 5467 exspectationem

478 5492 655 5531 meam
686 5479 921 5532 accessit
952 5480 1281 5534 Viennensis
1330 5481 1680 5535 bibliotheca:
1729 5481 1902 5535 codex
1939 5481 2171 5549 integer,
2204 5477 2543 5548 benignitate
2596 5479 2862 5550 singulari
2903 5484 3200 5538 clarissimi
3230 5486 3333 5540 viri
3370 5496 3424 5540 et
3452 5491 3729 5544 senatoris

470 5561 631 5634 regii,
664 5566 871 5620 domini
905 5566 1162 5636 Gasparis
1186 5585 1215 5622 a
1246 5568 1526 5640 Nydprug,
1559 5578 1694 5629 ctc..
1731 5570 1877 5622 ultro
1895 5567 2318 5638 suppeditatus:
2353 5586 2515 5640 quem
2549 5580 2745 5633 totum,
2788 5573 3039 5644 adjutore
3064 5575 3303 5631 Jeremia
3343 5578 3559 5642 Martio,
3593 5598 3733 5650 pra-

474 5658 635 5712 clarae
664 5658 863 5715 indolis
889 5660 1236 5715 adolescente
1273 5663 1453 5733 (cujus
1495 5663 1548 5715 in
1595 5662 1699 5715 hoc
1744 5676 1911 5729 opere
1944 5660 2131 5713 Grmce
2162 5656 2468 5728 Latineque
2519 5661 2884 5717 exscribendo
2917 5665 3105 5717 solerti
3139 5674 3194 5718 et
3227 5666 3371 5721 fideli
3401 5684 3568 5737 opera
3606 5688 3728 5724 sum

474 5749 652 5815 usus),
690 5750 917 5816 contuli,
950 5759 1003 5805 et
1031 5754 1233 5805 multas
1261 5750 1437 5806 nostri
1472 5748 1682 5804 codicis
1712 5748 1938 5803 lacunas
1961 5746 2201 5816 explevi.
2229 5744 2331 5810 Qui
2357 5746 2535 5802 sicubi
2564 5749 2727 5803 ambo
2759 5767 2865 5804 non
2895 5752 3303 5818 satisfecerunt,
3332 5767 3562 5812 caeteros
3593 5776 3733 5817 atto-
