3964 6252
246 311 326 372 31
1138 348 1145 356 -
1700 313 1799 374 PR
1811 317 2122 381 iEFA'l‘iO.
3458 317 3531 384 33

244 440 367 494 que
402 433 515 478 tres
544 425 785 497 inspexi,
810 438 867 483 et
901 444 932 484 e
959 431 1128 485 variis
1159 430 1576 487 dillicullatibus
1602 448 1688 487 me
1719 445 1929 504 quanto
1951 426 2116 505 potui
2137 438 2325 493 studio
2357 438 2648 508 expedivi:
2691 447 2903 508 quanto
2930 438 3143 504 labore,
3188 454 3352 497 nemo
3382 443 3536 496 acati.-

257 510 430 565 mabil
461 512 667 567 melius
693 529 858 584 quam
884 515 981 586 qui
1014 517 1131 587 ipse
1164 518 1349 601 operis
1381 535 1490 573 non
1516 520 1805 576 dissimilis
1838 530 2148 592 periculum
2178 531 2392 588 fecerit.
2428 533 2485 586 Si
2519 546 2651 603 qua,
2679 532 2731 586 in
2760 532 3085 588 diversitate
3113 533 3227 598 illa,
3265 541 3533 591 incruenti

244 604 496 675 alicujus
548 621 673 660 esse
699 607 1058 676 videbantur,
1104 610 1171 665 ad
1199 611 1363 665 linem
1396 613 1582 681 operis
1624 614 1876 684 ascripsi.
1931 616 2218 673 Manifeste
2261 634 2395 674 vero
2430 621 2796 690 praetermissa
2833 630 2930 675 aut
2955 621 3253 691 depravasa
3295 638 3405 677 non
3436 627 3537 680 ad-

255 695 469 747 notavi.
501 692 678 764 Cujus
707 696 854 749 enim
896 697 1191 752 dementia:
1215 699 1403 766 fuerit,
1441 701 1820 770 persequenda
1847 703 2200 760 librariorum
2237 708 2321 761 vel
2353 708 2571 763 inscitia
2606 711 2690 762 vel
2734 710 3069 777 negligentia
3108 710 3190 765 vel
3220 712 3450 779 perfidia
3475 723 3536 767 et

252 785 391 839 mihi
417 797 478 840 et
517 785 827 843 lectoribus
872 790 1144 846 facessere
1194 793 1524 863 negotium?
1558 794 1630 849 Ut
1666 795 1814 849 enim
1859 794 2055 849 oculus
2102 795 2319 864 integer
2352 794 2653 849 candidum
2681 810 2711 848 a
2760 796 2919 864 nigro
2953 797 3112 852 facile
3135 798 3425 864 discernit,
3451 802 3535 857 sic

252 882 419 929 acuto
444 884 505 929 et
537 877 846 931 exerritato
892 879 1118 949 ingenio
1156 880 1348 935 videre
1390 896 1499 936 non
1531 881 1749 936 difﬁcile
1776 895 1880 953 est,
1928 902 2048 956 quin
2079 888 2244 942 lectio
2273 903 2402 942 vera
2447 888 2539 951 sit,
2588 904 2710 958 quae
2761 891 3154 959 pmtermissa,
3192 909 3315 963 quae
3345 896 3533 950 addita

246 981 320 1021 ex
350 983 723 1038 supervacuo,
758 987 881 1041 quae
904 972 1200 1042 depravata
1236 974 1369 1029 sint.
1412 976 1600 1045 Neque
1645 977 1731 1031 bis
1765 977 2336 1041 contentus,indicem
2381 991 2604 1047 quoque
2643 977 2816 1048 adjeci
2847 994 2862 1032 :
2917 980 3063 1050 quod
3113 996 3288 1051 genus
3325 998 3531 1053 operae,

244 1056 514 1125 quamvis
544 1058 851 1112 lectoribus
880 1061 1263 1129 utilissimum,
1292 1075 1351 1117 nt
1378 1064 1512 1118 nihil
1538 1065 1835 1119 admodum
1857 1066 2036 1122 laudis
2061 1076 2117 1122 et
2146 1067 2348 1138 ingenii
2380 1067 2567 1129 habet,
2589 1069 2664 1121 ita
2698 1069 2932 1124 multum
2960 1072 3227 1142 temporis
3247 1082 3304 1127 et
3328 1074 3534 1129 laboris

244 1147 357 1201 sibi
402 1149 688 1215 vindicat,
735 1153 1043 1221 pra-sertim
1087 1153 1132 1209 si
1185 1170 1312 1209 eum
1366 1155 1608 1210 indicem
1654 1171 1753 1226 per
1787 1155 2055 1224 temporis
2098 1157 2380 1225 angustias
2403 1163 2459 1211 et
2496 1156 2633 1211 alias
2691 1160 3087 1227 occupationes
3124 1160 3198 1214 ita
3241 1172 3531 1230 pertexere

249 1237 506 1293 licuisset
544 1240 629 1293 uti
653 1255 956 1310 cmpcram.
991 1242 1131 1310 Quid
1166 1242 1391 1300 multa?
1427 1243 1659 1299 Confido
1698 1261 1789 1300 me
1823 1245 2001 1301 ollicio
2034 1245 2213 1300 ﬁdelis
2256 1256 2313 1302 et
2357 1260 2466 1301 non
2509 1247 2765 1304 indiserti
2815 1251 3137 1320 interpretis
3180 1250 3376 1306 sedulo
3409 1268 3530 1308 esse

250 1329 508 1384 functum
540 1350 556 1393 ;
601 1333 655 1387 in
692 1333 744 1387 id
785 1344 938 1390 certe
968 1350 1199 1405 operam
1237 1336 1383 1391 dedi.
1435 1337 1531 1392 Sin
1569 1338 1692 1394 aliis
1729 1336 1877 1391 aliud
1916 1335 2216 1399 videbitur,
2274 1333 2412 1391 illud
2438 1336 2635 1392 saltem
2669 1337 2943 1393 allirrnare
2980 1353 3223 1409 possum,
3264 1356 3357 1397 me
3381 1343 3527 1412 quod

248 1419 475 1472 scierim
525 1430 583 1473 et
617 1424 890 1490 putuerim
955 1423 1062 1479 lide
1103 1425 1308 1494 Optima
1345 1426 1540 1481 fecisse
1584 1439 1639 1482 ct
1688 1419 1968 1495 diligentia
2002 1446 2247 1493 summa;
2292 1426 2467 1484 sicubi
2505 1444 2634 1484 vero
2668 1441 2764 1485 ant
2796 1432 3003 1501 ingenii
3026 1433 3300 1488 ‘viresaut
3335 1434 3528 1488 crudi-

249 1511 420 1566 tionis
447 1513 604 1567 nervi
642 1516 777 1569 mihi
809 1517 1109 1580 defuerint,
1142 1519 1375 1573 fortuna:
1404 1536 1524 1574 eam
1552 1535 1674 1575 esse
1702 1520 1814 1588 cui;

1987 1514 2371 1569 infelicitatem
2412 1530 2612 1580 meam,
2657 1533 2781 1586 qua:
2833 1533 2957 1572 cum
2997 1518 3119 1573 aliis
3178 1527 3389 1572 tantum
3417 1520 3531 1573 d's-

245 1598 477 1666 pliecat,
515 1602 649 1655 mihi
684 1605 850 1658 etiam
888 1605 1185 1673 plurimum
1224 1615 1403 1662 nocet.
1438 1607 1630 1678 Neque
1659 1618 1771 1662 tam
1802 1606 2056 1674 iniquum
2082 1603 2255 1657 ullum
2283 1618 2407 1658 esse
2434 1611 2590 1672 puto,
2621 1606 2714 1674 qui
2754 1604 2877 1674 plus
2904 1620 2933 1660 a
2977 1621 3064 1661 me
3089 1606 3332 1675 postulet
3360 1621 3528 1677 quam

246 1698 513 1755 prestare
561 1705 785 1758 queam.
836 1692 948 1762 Ego
990 1709 1125 1747 vero
1174 1694 1262 1758 iis,
1308 1695 1403 1763 qui
1448 1696 1533 1750 vel
1585 1696 1638 1750 in
1675 1695 1782 1749 hoc
1829 1694 1916 1748 vcl
1957 1692 2010 1745 in
2042 1692 2166 1745 aliis
2202 1691 2462 1760 operibus
2499 1706 2529 1746 a
2570 1707 2659 1747 me
2702 1694 2989 1748 conversis
3035 1693 3256 1748 laudem
3294 1693 3528 1748 solidam

243 1789 638 1845 assequentur,
688 1780 1008 1849 gratulabor
1055 1782 1245 1851 potius
1288 1799 1456 1852 quam
1495 1784 1776 1840 invidebo.
1826 1781 1969 1838 Cum
2007 1780 2179 1845 enim,
2224 1780 2497 1850 quidquid
2547 1781 2816 1836 hactenus
2855 1782 3024 1851 edidi,
3072 1783 3125 1837 id
3173 1782 3259 1838 vel
3303 1783 3527 1853 publica

242 1863 494 1916 utilitate
525 1865 609 1917 vel
662 1867 1006 1937 temporibus
1047 1869 1188 1924 meis
1221 1870 1496 1926 adductus
1540 1871 1786 1931 fecerim,
1822 1884 1925 1924 nec
1969 1879 2077 1923 tam
2113 1869 2311 1922 famam
2344 1870 2608 1937 captarim
2651 1884 2815 1937 quam
2858 1870 3057 1924 famem
3102 1872 3346 1935 vitarim,
3370 1872 3416 1924 si
3447 1887 3528 1926 ea:

242 1948 667 2006 lucubrationes
701 1968 835 2009 mea:
863 1955 1261 2012 illustrioribus
1292 1959 1537 2014 aliorum
1570 1957 1937 2022 editionibls,
1973 1958 2169 2028 quales
2216 1956 2393 2026 aliqui
2423 1957 2783 2025 pollicentur,
2815 1958 2984 2028 aliqui
3020 1959 3186 2013 etiam
3218 1959 3522 2021 minantur,

243 2037 466 2091 abolitae
518 2041 755 2104 fuerint,
792 2057 902 2097 non
946 2045 1138 2115 iniquo
1183 2045 1370 2101 animo
1407 2049 1699 2102 ferendum
1767 2046 1877 2102 erit
1916 2059 2100 2100 meum
2152 2044 2430 2113 privatum
2469 2042 2714 2098 dedecus
2758 2046 2824 2111 (si
2875 2046 3024 2115 quod
3069 2057 3250 2100 tamen
3287 2045 3525 2100 infelicis

242 2130 429 2194 pot'us
464 2142 633 2195 quam
667 2128 947 2186 inhonesti
982 2145 1216 2190 conatus
1248 2143 1332 2191 est
1363 2136 1628 2207 dedecus)
1668 2152 1791 2190 cum
1835 2118 1914 2188 rei
1948 2131 2178 2202 publica:
2210 2130 2498 2185 litterariae
2540 2132 2775 2187 utilitate
2802 2132 3083 2204 conjungi.
3119 2135 3206 2189 cui
3233 2149 3300 2188 ex
3337 2134 3524 2188 animo

242 2215 558 2269 consultum
605 2232 730 2271 esse
772 2227 831 2274 et
871 2222 995 2276 volo
1032 2233 1088 2277 et
1121 2224 1292 2278 volui.
1340 2224 1549 2279 Vellem
1590 2225 1847 2295 equidem
1883 2222 1938 2276 id
1963 2235 2087 2275 cum
2122 2219 2283 2273 laude
2331 2235 2449 2274 mea
2483 2220 2668 2290 potius
2696 2223 2951 2287 ctgloria
2982 2221 3096 2275 fieri
3138 2222 3342 2292 (neque
3369 2221 3519 2276 enim

241 2315 488 2355 amorem
522 2305 705 2359 nostri
737 2306 807 2361 ab
846 2308 963 2378 ipsa
994 2319 1190 2365 natura
1223 2311 1451 2366 insitum
1480 2314 1643 2383 plane
1672 2308 2023 2382 abiecimus),
2052 2308 2151 2366 sed
2175 2309 2219 2362 si
2256 2307 2382 2363 fatis
2410 2308 2573 2363 aliter
2613 2310 2791 2362 visum
2842 2317 2947 2373 est,
3000 2302 3106 2363 hoc
3132 2325 3353 2379 quoque
3375 2311 3521 2380 aequi

240 2390 487 2460 bonique
519 2389 835 2449 faciendum
867 2397 1000 2452 erit.

309 2479 495 2550 Atque
530 2479 647 2538 haec
676 2483 746 2537 de
775 2494 1001 2540 auctore
1033 2496 1091 2541 et
1118 2497 1429 2553 argumenti
1465 2504 1665 2557 genere
1697 2497 1752 2541 ct
1784 2502 1950 2558 Opera
1985 2500 2103 2540 mea
2131 2503 2144 2539 :
2185 2499 2332 2539 nunc
2361 2484 2429 2538 ad
2476 2498 2596 2538 eam
2628 2482 2972 2538 Prmfationis
3001 2495 3212 2555 partem
3241 2486 3520 2542 acceden-

241 2569 377 2624 dum
427 2581 536 2638 est,
578 2572 633 2627 in
686 2587 795 2641 qua
845 2572 1050 2642 alioqui
1105 2573 1339 2628 multum
1376 2574 1577 2629 sudare
1620 2575 1839 2637 solitus,
1876 2574 2025 2645 quod
2078 2574 2314 2628 verebar
2344 2587 2414 2628 ne
2461 2573 2549 2627 vel
2596 2572 2652 2626 in
2701 2572 3095 2627 assentationis
3141 2573 3518 2643 suspicionem

237 2660 734 2714 commemorando
778 2660 866 2715 vel
916 2660 975 2715 in
1006 2661 1354 2731 negligentia:
1388 2662 1599 2717 crimen
1646 2662 2047 2718 dissimulando
2078 2663 2328 2717 venirem
2368 2678 2382 2713 :
2434 2675 2584 2714 nunc
2633 2668 2693 2713 ιιι
2729 2660 2996 2715 liberiore
3041 2660 3145 2714 sim
3180 2661 3387 2728 animo,
3423 2673 3517 2718 tua

239 2745 513 2801 modestia
546 2747 632 2802 vel
670 2747 857 2817 potius
887 2749 1213 2818 magnitudo
1245 2750 1415 2805 animi
1461 2750 1614 2813 facit,
1654 2767 1761 2821 qua
1792 2751 1848 2806 id
1892 2752 1962 2805 ab
1997 2753 2224 2806 ineunte
2256 2758 2421 2805 atate
2463 2748 2766 2803 nieditatus
2795 2762 2918 2803 esse
2953 2747 3161 2804 videris
3188 2750 3336 2819 quod
3371 2751 3518 2820 apud

231 2831 565 2888 Ciceronem
598 2835 846 2906 Scipioni
875 2836 1146 2893 divinitus
1173 2838 1516 2908 praecipitur,
1549 2847 1609 2894 ut
1643 2841 1757 2894 alte
1789 2850 2044 2909 spectans
2081 2848 2247 2909 atque
2282 2837 2349 2890 ad
2385 2837 2662 2892 caelestem
2696 2836 2882 2890 sedem
2915 2846 2971 2891 et
2999 2846 3263 2892 aeternam
3289 2839 3516 2893 domum

231 2931 529 2982 contuens.
562 2939 743 2995 neque
770 2926 1123 2982 sermonibus
1152 2927 1297 2998 vulgi
1338 2925 1560 2983 dederis
1586 2936 1660 2990 te,
1692 2943 1796 2981 nec
1828 2927 1885 2981 in
1910 2928 2151 2996 prxmiis
2179 2925 2442 2979 humanis
2467 2940 2623 2997 Spem
2647 2925 2898 2994 posueris
2932 2940 3117 2979 rerum
3148 2937 3394 2994 tuarum,
3418 2925 3515 2981 sed

228 3012 352 3067 suis
382 3022 435 3067 te
466 3013 749 3070 illecebris
775 3015 892 3084 ipsa
925 3015 1102 3070 virtus
1128 3016 1358 3071 traxerit
1385 3015 1453 3071 ad
1484 3030 1678 3071 verum
1709 3015 1908 3083 decus:
1928 3024 1987 3068 ut
2018 3014 2150 3068 illud
2190 3013 2361 3068 Graeci
2404 3021 2579 3082 poeta:
2611 3012 2679 3068 de
2712 3023 2764 3068 te
2794 3012 2902 3066 dici
2936 3014 3146 3082 possit:

1118 3213 1194 3284 οὐ
1228 3210 1336 3284 γὰρ
1367 3210 1549 3284 δρκεῖν
1582 3211 1803 3284 ἄριστος
1834 3213 1950 3268 ἀλλ’
1977 3207 2116 3266 εἶναι
2153 3212 2351 3277 θέλεις,

1116 3281 1353 3355 Balleia»;
1383 3281 1558 3355 ᾇλοκᾳ.
1590 3281 1926 3355 διξλφρενῶν
1957 3284 2370 3355 καρπούμενιις,

1126 3354 1216 3421 Ἐξ
1252 3349 1320 3426 ἦς
1347 3353 1417 3405 τὰ
1456 3351 1616 3406 κεδνὰ
1653 3349 1938 3422 βλὰὰτάνει
1972 3349 2318 3426 βυῦλεύματα
2339 3372 2358 3388 ο

229 3536 434 3607 quibus
453 3531 713 3588 versibus
748 3529 802 3586 id
838 3528 1178 3602 Amphiarao
1216 3548 1320 3589 suo
1352 3535 1550 3590 tribuit
1587 3531 1904 3604 Eschylus,
1941 3540 2000 3587 ut
2032 3532 2271 3588 aliirmet
2303 3546 2430 3586 eum
2474 3532 2653 3586 virum
2686 3533 2960 3602 optimum
2989 3547 3114 3588 esse
3146 3534 3308 3591 malle
3342 3550 3508 3605 quam

227 3625 432 3688 videri,
470 3623 635 3693 cuius
673 3622 895 3676 animus
930 3631 1191 3691 tanquam
1246 3638 1378 3694 ager
1407 3624 1681 3680 fecundus
1705 3632 1762 3679 et
1814 3623 1983 3693 probe
2015 3608 2305 3686 subactus,
2341 3622 2628 3690 conceptis
2657 3620 2926 3676 virtutum
2972 3622 3302 3686 seminibus.
3333 3622 3510 3678 hone-

225 3724 440 3767 storum
470 3710 836 3768 consiliorum
868 3719 925 3764 et
951 3725 1072 3780 qua:
1098 3710 1229 3765 inde
1254 3712 1517 3766 oriuntur
1549 3713 1831 3767 actionum
1860 3709 2158 3780 quamdam
2183 3709 2339 3780 quasi
2369 3716 2614 3778 segetem
2645 3708 2911 3778 proferat.
2934 3707 3068 3775 Qua:
3096 3711 3143 3765 si
3170 3725 3267 3780 per
3285 3724 3507 3765 omnem

225 3801 406 3855 astatis
439 3808 549 3853 tua:
581 3798 905 3859 decursum,
940 3811 1103 3866 quem
1145 3797 1219 3851 ita
1257 3800 1576 3854 moderatus
1610 3814 1672 3853 es
1700 3808 1762 3852 ut
1797 3799 2028 3855 honesm
2066 3801 2286 3869 negotia
2327 3797 2655 3852 suavissimo
2689 3797 2806 3850 otio
2834 3810 3054 3865 semper
3092 3798 3501 3866 anteposueris,
3554 3836 3567 3844 .

223 3887 547 3958 singulatim
573 3885 857 3954 explicare
890 3883 1164 3948 studeam,
1195 3900 1336 3955 opus
1369 3886 1538 3942 lliade
1580 3887 1845 3956 prolixius
1892 3886 2029 3941 mihi
2080 3897 2362 3950 nascetur,
2390 3891 2449 3939 et
2476 3895 2583 3937 tua:
2613 3897 2779 3937 aures
2807 3883 2940 3937 satis
2985 3882 3106 3939 scio
3137 3899 3247 3938 non
3298 3883 3501 3940 ferent.

223 3976 358 4043 Quae
388 3977 563 4047 igitur
589 3962 803 4029 calamo
830 3972 916 4028 vel
954 3981 1045 4027 tua
1078 3974 1334 4029 voluntas
1370 3976 1453 4029 vel
1488 3989 1606 4029 mea
1637 3975 1973 4031 verecundia
2018 3983 2206 4043 negat,
2233 3988 2299 4028 ea
2347 3970 2694 4043 posteritatis
2730 3971 3081 4026 sermonibus
3119 3973 3206 4027 vel
3245 3971 3414 4026 invito
3451 3983 3503 4028 te

223 4066 681 4122 celebrabuntur.
713 4062 860 4118 idem
885 4062 1030 4116 enim
1059 4069 1145 4117 est
1168 4063 1355 4133 gloria:
1384 4063 1532 4133 quod
1562 4063 1825 4119 crocodili
1864 4062 2149 4132 ingenium
2181 4079 2194 4116 :
2227 4070 2527 4131 sequentes
2556 4059 2717 4130 lngit,
2746 4057 3021 4130 fugientes
3044 4059 3320 4130 sequitur.
3350 4059 3501 4114 Nihil

224 4162 311 4227 (ut
339 4154 675 4226 eloquentia:
711 4154 973 4209 Romanae
1018 4167 1219 4224 parens
1255 4154 1513 4224 testatur)
1557 4154 1625 4208 de
1659 4151 1972 4221 insignibus
2019 4152 2086 4204 ad
2135 4150 2354 4203 laudem
2390 4149 2529 4202 viris
2560 4147 2799 4202 obscure
2846 4147 3092 4202 nuntiari
3126 4148 3307 4203 solet:
3341 4147 3501 4204 fama:

224 4259 390 4299 nemo
425 4257 675 4312 unquam
706 4241 981 4311 imperare
1011 4240 1211 4309 potuit.
1243 4240 1362 4295 Non
1399 4234 1609 4311 patitur
1632 4241 1723 4295 illa
1754 4239 1976 4294 ilesiodi
2004 4237 2107 4292 dea
2141 4237 2245 4291 sibi
2275 4236 2465 4291 frenos
2493 4235 2646 4306 injici
2682 4253 2694 4289 :
2734 4235 2986 4305 loquitur
3018 4245 3078 4291 et
3101 4235 3321 4301 clamat,
3347 4246 3407 4291 ut
3427 4238 3498 4291 ab

224 4336 337 4398 ipsa
388 4332 723 4402 posteritate
751 4344 857 4384 vox
885 4330 1007 4400 ejus
1038 4328 1318 4383 audiatur.
1348 4329 1678 4385 Pncdicabit
1723 4329 1813 4384 illa
1846 4344 1954 4383 non
1995 4334 2208 4381 tantum
2240 4337 2566 4381 ornamenta
2598 4327 2856 4388 fortnam,
2893 4325 2965 4380 ob
2993 4340 3117 4395 qua:
3146 4341 3273 4381 cum
3303 4326 3503 4380 beatus

223 4420 502 4484 habearis,
536 4427 596 4473 tu
642 4433 707 4472 ea
758 4416 971 4471 umbrae
1015 4419 1290 4487 parietum
1338 4431 1666 4486 comparare
1698 4417 1863 4478 soles,
1895 4415 1992 4471 sed
2040 4425 2097 4469 et
2143 4415 2350 4485 ingenii
2393 4414 2835 4486 magnitudinem
2870 4423 2927 4469 et
2960 4413 3313 4485 prudentiam
3347 4424 3497 4468 tuam

222 4506 718 4575 periculosissimis
755 4505 1099 4576 temporibus
1135 4508 1190 4558 in
1222 4520 1280 4559 re
1314 4513 1373 4559 et
1404 4505 1626 4574 publica
1656 4517 1712 4560 et
1738 4505 1973 4574 privata,
2006 4506 2174 4558 animi
2210 4505 2581 4558 constantiam
2618 4513 2675 4558 et
2705 4503 3140 4574 aequabilitatem
3174 4503 3229 4557 in
3262 4512 3500 4572 utraque

219 4595 467 4658 fortuna,
496 4592 553 4647 in
586 4591 946 4662 amplissimis
971 4591 1195 4662 opibus.
1223 4606 1362 4660 quas
1399 4607 1431 4645 a
1457 4592 1757 4661 majoribus
1782 4600 2038 4660 acceptas
2063 4599 2119 4645 ct
2153 4590 2394 4645 feliciter
2423 4592 2768 4647 conservasti
2803 4599 2858 4645 et
2885 4592 3008 4646 siue
3050 4591 3379 4661 cujusquam
3414 4592 3502 4645 in-

216 4681 362 4752 juria
388 4680 751 4751 ainplilicasti
780 4689 836 4734 et
861 4679 927 4733 ad
959 4680 1097 4733 bene
1130 4680 1459 4733 merendum
1484 4679 1551 4732 de
1580 4680 1769 4734 multis
1799 4678 2105 4742 contulisti,
2134 4694 2257 4734 eam
2288 4680 2616 4734 modestiam
2643 4688 2698 4733 et
2725 4678 3085 4753 debitietiam
3117 4679 3344 4734 honoris
3365 4694 3499 4734 con-

222 4779 518 4839 temptum,
550 4767 646 4837 qui
687 4768 774 4821 vel
821 4767 877 4822 in
918 4765 1123 4822 inlimis
1154 4765 1478 4821 hominibus
1510 4780 1635 4820 raro
1669 4767 1984 4832 invenitur;
2026 4782 2128 4822 nec
2159 4767 2361 4823 tacebit
2408 4766 2493 4821 vel
2544 4767 2944 4837 benignitatem
2997 4780 3124 4837 erga
3157 4767 3394 4821 miseros
3440 4777 3499 4821 et

217 4858 475 4923 aﬂietos,
509 4857 601 4911 vel
626 4855 1014 4911 liberalitatem
1042 4872 1170 4927 erga
1219 4855 1500 4911 studiosos
1541 4864 1591 4910 et
1624 4854 1817 4912 doctos
1846 4871 1861 4910 :
1897 4855 1952 4910 in
1985 4871 2096 4925 quo
2126 4870 2363 4910 numero
2391 4856 2438 4910 si
2488 4857 2614 4925 quis
2659 4854 2797 4910 mihi
2847 4855 3002 4909 locus
3032 4863 3138 4917 est,
3171 4863 3226 4908 et
3273 4853 3318 4909 si
3350 4853 3496 4909 inter

217 4944 534 5007 lasciuius,
559 4943 819 5008 Carinas,
854 4943 1166 5007 Tonneros,
1203 4944 1459 5011 Streitos,
1489 4941 1767 5012 Siphanos
1798 4950 1965 5012 atque
1992 4943 2131 4998 alios
2158 4945 2496 5014 complures,
2526 4945 2621 5013 qui
2658 4953 2751 4997 tua
2783 4942 3167 4998 munificentia
3205 4942 3491 5008 fruuntur,

216 5033 497 5089 numerari
531 5046 751 5087 mereor
778 5032 862 5097 (ut
888 5043 1070 5086 autem
1098 5046 1335 5096 merear,
1364 5040 1454 5084 tua
1485 5030 1800 5086 humanitas
1826 5031 2011 5101 potius
2033 5047 2198 5101 quam
2231 5047 2349 5086 mea
2382 5032 2621 5102 dignitas
2654 5031 2833 5101 facit),
2862 5041 2917 5085 et
2937 5045 3041 5102 ego
3073 5046 3276 5085 nomen
3306 5044 3491 5084 meum

215 5137 281 5177 ex
311 5124 455 5194 grati
482 5120 657 5175 animi
681 5118 862 5174 oliicio
897 5118 1145 5189 proﬁteri
1180 5118 1375 5179 debeo.
1407 5118 1501 5187 qui
1534 5130 1657 5189 post
1679 5119 1893 5173 multas
1921 5135 2198 5174 mruiunas
2226 5128 2319 5174 tua
2359 5120 2721 5184 liberalitate,
2749 5120 2844 5173 Vir
2873 5119 3237 5188 amplissime,
3268 5118 3489 5172 tandem

220 5212 321 5267 hoc
354 5216 696 5266 consecutus
729 5208 941 5272 videor,
971 5217 1032 5262 ut
1060 5209 1127 5262 ad
1153 5223 1348 5263 omnes
1390 5207 1627 5262 fortunae
1671 5222 1851 5272 casus,
1885 5208 1979 5276 qui
2018 5208 2154 5262 varii
2202 5208 2546 5278 impendent,
2580 5207 2792 5278 aliquid
2836 5207 3014 5277 parati
3065 5206 3300 5261 subsidii
3354 5205 3488 5277 (nisi
3522 5240 3526 5244 ~

219 5299 391 5353 fatalis
421 5298 612 5367 aliqua
642 5296 927 5351 calamitas
960 5298 1360 5367 intercesserit)
1394 5311 1479 5350 me
1513 5296 1718 5351 habere
1752 5295 2025 5350 confidam
2053 5315 2064 5350 :
2096 5307 2153 5351 et
2178 5296 2269 5350 hic
2294 5312 2497 5360 annus,
2523 5296 2617 5350 cui
2653 5307 2710 5350 tu
2739 5307 3000 5365 tanquam
3034 5295 3274 5350 salutare
3303 5293 3487 5363 quod-

218 5386 338 5461 dam
361 5387 517 5440 sidus
546 5384 834 5446 affulsisti,
862 5384 916 5438 id
947 5383 1083 5437 mihi
1106 5384 1376 5450 attulerit,
1403 5382 1549 5454 quod
1579 5398 1677 5453 per
1704 5397 1923 5438 omnem
1954 5394 2169 5439 aetatem
2209 5385 2464 5440 exhausti
2490 5384 2711 5439 labores
2744 5399 2855 5438 non
2887 5384 3266 5438 contulerunt.
3297 5381 3374 5436 lta
3398 5396 3487 5438 res

216 5474 330 5544 ipsa
359 5492 446 5529 me
481 5474 668 5536 docet,
706 5473 870 5527 nimis
903 5487 1093 5536 verum
1123 5472 1256 5527 illud
1284 5487 1406 5529 esse
1434 5472 1589 5542 Regii
1620 5473 1772 5526 Vatis
1796 5473 2106 5537 oraculum,
2142 5474 2237 5543 qui
2268 5474 2472 5528 frustra
2509 5482 2637 5527 ante
2672 5472 2850 5526 lucem
2886 5471 3036 5540 surgi
3071 5478 3126 5524 et
3161 5485 3359 5539 panem
3391 5486 3488 5526 co-

216 5564 356 5617 medi
379 5561 616 5621 doloris.
651 5562 821 5615 Deum
850 5570 1034 5614 autem
1070 5560 1183 5614 suis
1207 5561 1295 5614 vel
1323 5560 1729 5615 dormientibus
1759 5562 2114 5630 suppeditare
2140 5560 2327 5615 omnia
2351 5559 2660 5616 conﬁrmat.
2692 5559 2806 5613 Etsi
2834 5568 3018 5612 autem
3052 5559 3108 5612 in
3139 5567 3291 5614 tanto
3316 5573 3486 5628 opere

218 5667 391 5721 neque
418 5651 725 5705 dormitare
753 5664 934 5717 neque
992 5649 1236 5701 dormire
1298 5649 1554 5710 nimium,
1585 5664 1648 5701 ac
1699 5663 1766 5701 ne
1817 5648 2152 5704 valetudinis
2180 5650 2403 5720 quidem
2451 5666 2669 5720 semper
2724 5648 2991 5703 rationem
3075 5650 3277 5703 habere
3329 5649 3485 5715 licuit

223 5743 363 5804 (nam
388 5743 529 5795 alias
559 5751 845 5807 nunquam
882 5747 1092 5791 tantum
1122 5738 1381 5792 volumen
1417 5738 1635 5792 tantillo
1666 5738 1850 5807 spatio
1884 5739 2146 5807 trniporis
2178 5739 2581 5808 absolvisscm),
2619 5747 2821 5804 tamen,
2855 5739 2900 5792 si
2932 5738 2991 5794 hi
3013 5738 3206 5794 decem
3238 5751 3479 5809 menses,
