3964 6252
474 317 550 381 39
1752 314 2076 378 JOANNIS
2108 313 2436 377 20mm
2923 388 2929 394 ,
3652 311 3730 377 ιο

389 500 397 506 υ
472 432 681 501 quibus
723 433 778 487 in
813 432 916 489 hac
945 431 1332 489 lucubratione
1354 434 1704 490 continenter
1733 432 1983 498 elaboro,
2019 448 2147 488 cum
2174 432 2325 488 omni
2368 439 2621 488 anteacta
2646 431 2756 487 vita
2800 446 2920 487 mea
2951 437 3365 503 comparentur,
3395 432 3558 503 plane
3602 429 3735 486 dor-

473 523 701 578 mientis
729 533 847 577 rete
880 523 1112 578 traxisse
1140 521 1354 587 videor;
1386 538 1582 594 meque
1606 522 1806 594 insigni
1837 521 2109 578 beneﬂcio
2132 531 2229 576 tuo
2254 521 2571 576 devinctum
2595 535 2714 575 esse
2750 520 2857 575 hoc
2883 519 3105 591 publico
3136 531 3499 576 monumento
3534 528 3734 583 testor,

474 611 623 682 quod
660 621 750 666 tua
774 609 1155 666 muniﬁcentia
1179 610 1449 666 studiosis
1483 611 1839 665 historiarum
1874 625 2023 664 nunc
2058 609 2297 680 primum
2331 611 2793 666 communicatur.
2826 610 2983 665 Faxit
3014 611 3161 666 Deus
3188 609 3432 680 optimus
3460 610 3738 664 maximus

475 708 538 753 ut
568 713 750 767 neque
785 706 837 751 te
864 706 1188 767 sumptuum
1221 708 1496 754 tantorum
1530 712 1710 766 neque
1743 711 1829 751 me
1859 696 2110 751 laborum
2144 699 2445 768 paeniteat;
2476 699 2732 769 idemque
2764 707 2812 752 te
2839 713 2964 753 cum
2999 698 3192 753 liberis
3222 700 3331 753 tuis
3363 695 3740 753 ornatissimis

476 790 700 855 tutaque
730 785 1069 855 amplissima
1100 785 1423 857 Fuggerana
1447 785 1655 839 familia
1679 798 1845 854 quam
1874 783 2187 840 diutissime
2216 786 2546 841 incolumem
2579 797 2635 841 et
2662 786 2950 841 ﬂorentem
2988 794 3296 841 conservet.
3321 786 3581 857 Augusta:
3604 784 3709 839 Vin

472 874 806 941 delicorum,
836 889 905 930 ex
937 875 1277 932 bibliotheca
1311 873 1472 930 herili
1510 890 1525 926 :
1557 872 1825 928 Kalendis
1852 872 2200 937 Novembris,
2237 889 2383 927 anno
2418 889 2451 929 a
2489 873 2788 929 Nativilate
2824 874 3039 929 Domini
3070 872 3305 928 MDLVI.

493 1065 3723 1103 W

638 1244 1850 1458 IQANNOY
1930 1247 2463 1465 ΤΟΥ
2553 1089 3724 1463 ΖΩΝΑΡῙ

1663 1553 2595 1690 ΧΡΟΝΙΚΟΝ.

1086 1973 2003 2157 JOANNIS
2136 1972 3093 2160 ZONAB/E

1712 2298 2491 2435 ANNALES.

871 2722 916 2794 1
958 2719 1639 2816 PREFATIO.

538 2882 807 2957 Equidem
825 2885 972 2943 haud
989 2889 1176 2960 inepte
1194 2890 1361 2947 rideri
1378 2907 1599 2963 queam,
1620 2901 1680 2949 ut
1696 2896 2058 2966 supervacuis

470 2979 533 3035 in
568 2979 736 3035 rebus
783 2980 975 3052 magis,
1017 2997 1181 3052 quam
1236 2983 1295 3038 in
1344 2986 1673 3042 necessariis
1733 2996 2053 3059 occupatus.

470 3068 827 3141 Posteaquam
845 3073 993 3127 enim
1018 3087 1050 3129 e
1090 3074 1273 3129 medio
1302 3076 1545 3142 excessi,
1572 3079 1852 3148 vitamque
1881 3080 2057 3151 delegi

466 3165 792 3228 solitariam,
806 3176 1074 3237 perpetuo
1087 3167 1224 3223 mihi
1242 3168 1344 3239 ipsi
1363 3170 1513 3225 velut
1528 3171 1718 3225 exsilio
1736 3171 2065 3240 indicto(id-

466 3270 577 3328 que
610 3257 757 3312 illius
776 3268 913 3313 nutu
938 3272 1248 3331 arcauoque
1277 3254 1509 3318 consilto
1526 3262 1753 3326 factum,
1773 3265 1865 3334 qui
1891 3280 2057 3335 supra

469 3364 571 3404 nos
599 3359 702 3416 est,
737 3353 915 3421 ruptis
948 3352 1183 3409 vinculis
1214 3356 1369 3423 meis,
1401 3356 1716 3426 ereptisque
1754 3357 1890 3410 mihi
1923 3357 2058 3412 cha-

468 3441 726 3509 rissimis,
751 3459 875 3500 cum
901 3444 1090 3499 dolore
1107 3446 1354 3516 quidem,
1387 3447 1598 3502 utiliter
1632 3447 1858 3517 tamen),
1875 3451 2061 3504 omni-

469 3547 544 3586 no
563 3535 1250 3605 mejampridem,omissis
1282 3535 1538 3605 negotiis,
1561 3536 1848 3605 turbisque
1884 3553 2052 3607 repu-

467 3624 652 3691 diatis,
688 3625 826 3680 nihil
857 3626 1003 3681 aliud
1031 3636 1264 3681 tractare
1294 3626 1679 3693 conveniebat,
1704 3627 1808 3681 nisi
1836 3621 1900 3682 ea
1929 3643 2053 3697 quas

464 3716 710 3771 animum
732 3722 1011 3787 excolunt,
1031 3729 1086 3774 et
1112 3734 1139 3773 a
1179 3720 1410 3774 maculis
1433 3735 1727 3789 pravarum
1768 3722 2052 3775 actionum

414 3814 428 3825 ‘
463 3812 824 3867 assuetudine
874 3813 925 3882 2
950 3811 1237 3882 impressis
1262 3822 1516 3883 purgant,
1550 3828 1783 3883 quaeque
1833 3811 2046 3869 Numen

465 3903 723 3959 infestum
756 3906 893 3959 mihi
939 3905 1010 3959 ob
1042 3906 1160 3975 ejus
1200 3915 1470 3975 pramepta
1520 3906 1744 3969 violata,
1779 3915 1835 3961 et
1865 3906 2059 3962 deser-

466 4002 576 4046 tam
611 3996 842 4065 justitia:
889 3996 1035 4050 viam
1076 3997 1297 4066 placare
1351 4006 1576 4066 queant,
1611 3998 1793 4067 itaque
1824 3998 2051 4055 delicto-

467 4104 587 4141 rum
638 4090 851 4144 veniam
909 4089 1235 4158 impetrare.
1294 4089 1405 4158 Ego
1456 4104 1589 4142 vero
1630 4092 1774 4158 (quae
1821 4105 1941 4144 mea
1981 4093 2048 4146 ad
2085 4061 2124 4113 Β

463 4189 613 4233 recte
673 4180 995 4235 faciendum
1053 4178 1307 4233 socordia
1356 4183 1460 4245 est)
1517 4182 1684 4234 rebus
1718 4180 2050 4235 necessariis

462 4271 752 4340 neglectis,
794 4271 849 4324 in
898 4271 1258 4342 supervacuis
1288 4268 1538 4325 elaboro.
1586 4270 1814 4333 Tamen,
1861 4279 1917 4323 ut
1949 4286 2050 4341 pro

463 4363 571 4417 mei
607 4363 932 4418 defensione
968 4364 1180 4433 aliquid
1226 4363 1454 4417 atl'eram
1492 4381 1507 4417 :
1552 4379 1662 4418 non
1705 4373 1918 4433 meapte
1950 4380 2052 4421 au-

462 4453 719 4510 ctoritate
743 4465 1061 4526 susceptum
1098 4458 1202 4512 hoc
1239 4472 1380 4526 opus
1408 4466 1513 4522 est,
1546 4457 1640 4512 sed
1670 4457 1890 4511 hortatu
1915 4460 2074 4558 ami-d

462 4560 656 4601 corum
706 4548 847 4618 :qui
885 4564 1012 4603 cum
1069 4564 1158 4603 me
1216 4549 1391 4604 otium
1449 4564 1613 4619 agere
1663 4549 1937 4614 viderent,
1993 4548 2065 4648 id?

372 4680 379 4689 ,
462 4638 686 4693 aiebant
720 4639 777 4694 in
823 4641 1107 4712 negotium
1159 4641 1387 4711 aliquod
1446 4657 1569 4698 esse
1622 4641 2046 4709 conferendum,

462 4730 608 4799 quod
640 4739 697 4784 et
747 4733 1144 4804 rempublicam
1169 4735 1413 4805 juvaret,
1436 4735 1686 4805 etipsum
1710 4750 1930 4807 quoque
1962 4737 2048 4791 di-

460 4822 650 4876 vinum
684 4825 816 4878 mihi
870 4827 1157 4895 praemium
1200 4827 1548 4882 conciliaret.
1594 4827 1887 4883 Addebam
1929 4845 2046 4896 eos,

462 4913 559 4982 qui
607 4914 861 4971 historiis
905 4926 964 4972 et
1020 4917 1190 4973 rebus
1245 4919 1378 4973 olim
1434 4919 1608 4989 gestis
1669 4920 2052 4976 describendis

458 5004 831 5074 laborassem,
877 5011 1077 5081 partim
1125 5027 1251 5067 cum
1282 5012 1389 5066 alia
1435 5012 1579 5068 facta
1626 5023 1898 5079 veterum,
1935 5024 2049 5070 tum

461 5109 851 5171 strategemata
899 5104 1168 5172 prolixius
1225 5105 1637 5175 conscripsisse,
1679 5115 1846 5176 atque
1903 5108 2050 5164 acies

463 5191 766 5249 instructas
805 5232 820 5258 ,
893 5196 1239 5250 exercituum
1337 5196 1629 5253 conﬂictus
1663 5238 1679 5263 ,
1750 5208 2051 5255 castrame-

463 5285 739 5350 tationes,
773 5301 1004 5356 aggeres
1048 5288 1337 5353 excitatos,
1383 5298 1434 5342 et
1463 5289 1599 5345 alias
1662 5289 1828 5362 hujus
1884 5306 2049 5362 gene-

2610 2725 3278 2815 IIPOOIMION.

2226 2886 2305 2938 A'.
2375 2885 2661 2959 Εὐστόχως
2712 2888 2776 2942 ἄν
2821 2904 2907 2952 τις
2974 2887 3164 2955 εἴποι,
3217 2885 3571 2951 ἐπιτωθάζων
3622 2902 3741 2956 μοι,

2158 2978 2343 3047 μεῖζόν
2375 2996 2455 3032 σοι
2488 2979 2581 3033 τοῦ
2637 2980 2797 3053 ἔργου
2842 2983 2902 3034 τὸ
2948 2982 3245 3053 πάρεργον.
3294 2980 3440 3035 Ἔδει
3482 2980 3593 3051 γάρ
3645 2996 3739 3050 με,

2158 3070 2253 3134 ὡς·
2286 3072 2502 3142 ἀληθῶς
2558 3073 2727 3129 πάλαι
2784 3075 2895 3129 τῶν
2934 3076 3277 3146 πραγμάτων
3315 3075 3610 3144 ἀφέμενον,
3645 3070 3746 3126 καὶ

2155 3158 2488 3229 τυρϐάζεται
2527 3161 2926 3234 ἀποσχόμενον,
2982 3163 3077 3217 καὶ
3125 3163 3219 3216 τοῦ
3274 3164 3442 3233 μέσου
3498 3179 3742 3233 μετανα-

2156 3250 2438 3318 στεύοντα,
2471 3255 2564 3308 καὶ
2591 3256 2715 3310 καθ’
2736 3258 2927 3312 ἑαυτὸν
2956 3258 3213 3328 ἑλόμενον
3258 3257 3378 3329 ζῇν,
3444 3255 3743 3327 ἀειφυγίαν

2156 3360 2216 3396 τε
2252 3343 2448 3398 ἑαυτοῦ
2502 3346 3026 3419 καταψηφισάμενον
3085 3347 3251 3417 (οὕτω
3304 3348 3375 3403 τὰ
3423 3347 3545 3401 καθ’
3589 3347 3743 3418 ἡμᾶς

2157 3439 2613 3509 οἰκονομήσαντος
2641 3440 2735 3495 τοῦ
2768 3440 2909 3513 ὑπὲρ
2934 3442 3102 3512 ἡμᾶς,
3136 3442 3325 3513 ἐπειδὴ
3357 3443 3482 3505 τοὺς
3503 3437 3743 3511 δεσμούς

2159 3546 2261 3600 μου
2295 3530 2568 3602 διέρρηξε,
2605 3532 2713 3585 τῶν
2741 3531 3013 3602 φιλτάτων
3048 3533 3321 3603 στερήσας
3358 3548 3449 3602 με,
3487 3525 3568 3594 οἷς
3598 3525 3744 3584 οἶδεν

2153 3624 2363 3687 ἐκεῖνος
2418 3623 2619 3692 λόγοις,
2669 3624 2937 3693 ἀλγεινῶς
2987 3625 3088 3697 μὲν
3138 3626 3283 3696 ἐμοὶ,
3346 3624 3744 3696 συμφερόντως

2153 3714 2197 3768 δ’
2228 3715 2399 3785 ὅμως)
2444 3716 2612 3788 μηδὲν
2653 3717 2841 3789 ἕτερον
2880 3720 3145 3789 μετιέναι,
3183 3717 3215 3788 ἢ
3256 3717 3356 3771 ὅσα
3393 3717 3570 3789 ψυχὴν
3609 3734 3744 3770 κατ·

2154 3808 2437 3878 αρτίζουσι
2491 3809 2587 3862 καὶ
2647 3809 2976 3882 καθαίρουσι
3030 3811 3140 3863 τῶν
3203 3810 3544 3864 ὲντακέντων
3597 3810 3740 3881 αὐτῇ

2157 3898 2520 3971 μολυσμάτων
2557 3901 2644 3955 διὰ
2674 3902 2988 3973 φαυλότητα
3025 3901 3301 3971 πράξεων,
3336 3902 3430 3956 καὶ
3476 3903 3614 3956 ἄττα
3648 3901 3742 3967 ἐξ·

2161 3990 2432 4045 ιλεοῦνται
2481 3992 2541 4045 τὸ
2566 3992 2729 4057 θεῖον,
2759 3993 2844 4061 ἐφ’
2882 3988 2963 4058 οἷς
3008 3993 3376 4065 παρόργισται
3402 3993 3533 4064 παρ’
3577 3993 3741 4064 ἐμοῦ,
3832 4043 3836 4046 .

2157 4085 2609 4153 παραϐεϐηκότος
2627 4084 2727 4148 τὰς
2747 4085 2966 4149 ἐντολὰς
2983 4084 3173 4148 αὑτοῦ,
3189 4085 3367 4140 καὶτὰ
3385 4084 3741 4156 δικαιώματα

2155 4178 2249 4231 καὶ
2269 4175 2452 4245 ζητεῖν
2472 4176 2616 4229 οὕτω
2633 4176 2963 4249 συγγνώμην
2981 4177 3075 4230 ἐπὶ
3088 4178 3198 4240 τοῖς
3217 4178 3577 4248 πταίσμασιν.
3596 4179 3741 4248 Ἐγὼ

2154 4271 2198 4323 δ’
2223 4269 2442 4338 ἀμελῶς
2465 4269 2602 4341 πρὸς
2621 4269 2683 4324 τὸ
2701 4270 2861 4341 ἔργον
2879 4272 2943 4324 ὲκ
2967 4270 3065 4337 τῆς
3091 4270 3231 4340 πρὸς
3247 4271 3314 4325 τὰ
3337 4271 3478 4326 καλὰ
3498 4274 3742 4342 νωτριάς

2155 4360 2548 4431 διατιθέμενος,
2582 4361 2714 4432 περὶ
2742 4361 2803 4414 τὸ
2826 4362 3104 4432 πάρεργον
3132 4362 3420 4417 κατέτεινα
3446 4362 3546 4433 τὴν
3570 4380 3741 4418 σπου-

2153 4453 2273 4524 δήν.
2293 4453 2436 4508 Ἀλλ’
2462 4455 2550 4508 ἵνα
2568 4471 2621 4508 τι
2638 4455 2733 4508 καὶ
2752 4454 3313 4526 ὑπεραπολογήσομαι
3340 4456 3606 4526 ἐμαυτοῦ,
3635 4459 3741 4511 οὐκ

2152 4547 2363 4601 οἴκοθεν
2392 4545 2660 4619 ὡρμήθην
2691 4549 2827 4619 πρὸς
2851 4547 2914 4601 τὸ
2949 4548 3278 4621 ἐγχείρημα.
3318 4550 3547 4621 Ἄνδρες
3577 4551 3636 4604 δέ
3668 4569 3737 4621 με

2153 4642 2298 4710 φίλοι
2327 4641 2465 4712 πρὸς
2492 4641 2655 4696 τοῦτο
2679 4642 3022 4713 παρέθηξαν,
3060 4642 3389 4714 σχολάζοντα
3414 4643 3734 4714 βλέποντες,

2154 4734 2249 4788 καὶ
2276 4733 2479 4804 χρῆσαι
2505 4732 2755 4802 λέγοντες
2787 4736 2852 4805 τῇ
2903 4733 3068 4805 σχολῇ
3104 4735 3240 4806 πρὸς
3276 4735 3437 4805 ἔργον
3470 4753 3740 4808 κοινωφε-

2152 4825 2263 4890 λὲς,
2296 4829 2388 4880 καὶ
2419 4825 2673 4895 κεῐσηταί
2711 4843 2792 4879 σοι
2836 4842 2889 4878 τι
2924 4826 3033 4879 κάκ
3080 4828 3271 4881 τούτου
3302 4829 3441 4898 πρὸς
3474 4830 3571 4882 τοῦ
3592 4829 3736 4883 Θεοῦ

2153 4919 2529 4989 ἀνταπόδομα.
2563 4918 2923 4991 Προσεπῆγον
2952 4922 3084 4994 γὰρ,
3116 4921 3191 4986 ὡς
3221 4922 3270 4976 οἱ
3296 4922 3425 4993 περὶ
3454 4921 3552 4985 τὰς
3592 4924 3741 4976 ἱστο-

2157 5013 2279 5083 ρίας
2303 5012 2662 5084 πονήσαντες,
2685 5012 2780 5065 καὶ
2810 5012 2880 5065 τὰ
2907 5012 3075 5067 πάλαι
3108 5014 3375 5083 γενόμενα
3407 5014 3738 5086 συγγραψά-

2156 5121 2329 5174 μενοι,
2364 5105 2413 5157 οἱ
2458 5104 2555 5174 μὲν
2594 5103 3037 5175 διεξοδικώτερον
3072 5106 3171 5169 τάς
3212 5123 3270 5158 τε
3308 5106 3472 5170 ἄλλας
3505 5108 3740 5177 πράξεις

2154 5196 2265 5250 τῶν
2297 5196 2545 5250 παλαιῶν
2568 5195 2800 5269 ἀνδρῶν,
2829 5197 3016 5252 καὶτὰ
3051 5198 3488 5270 στρατηγήματα
3530 5216 3739 5269 συγγε-

2155 5286 2403 5359 γράφασι
2445 5285 2783 5358 παρατάξεις
2834 5285 3207 5357 διηγούμενοι,
3255 5286 3349 5340 καὶ
3408 5285 3738 5356 συμπλοκὰς

461 5376 542 5430 ris
605 5391 865 5433 enarrare
930 5396 945 5434 :
999 5388 1373 5450 praetereaque
1439 5380 1600 5448 loca,
1664 5391 1720 5437 et
1785 5382 2048 5453 impedita

2157 5381 2604 5453 στρατευμάτων,
2630 5381 2724 5435 καὶ
2747 5382 3190 5452 στρατοπεδείας,
3216 5382 3310 5435 καὶ
3338 5382 3610 5452 χάρακας.
3639 5383 3736 5436 καὶ

464 5468 684 5534 itinera,
711 5480 765 5525 et
794 5481 1011 5528 montes
1032 5474 1236 5528 arduos
1261 5484 1427 5544 atque
1456 5474 1789 5540 inaccessos,
1822 5476 2046 5531 vallium

462 5559 591 5614 item
644 5564 947 5632 angustias,
1003 5564 1229 5619 urbium
1286 5564 1647 5628 munitiones,
1698 5575 1755 5620 et
1809 5569 2044 5622 turrium

460 5653 786 5709 altitudines
818 5656 1140 5721 immensas,
1180 5673 1464 5728 propeque
1513 5658 1568 5712 in
1606 5658 1807 5712 cmlum
1857 5672 2045 5727 porre-

461 5754 582 5802 ctas
610 5746 769 5817 quasi
805 5748 981 5804 oculis
1015 5749 1293 5822 subjicere
1325 5768 1336 5803 :
1370 5750 1571 5819 partim
1609 5750 1814 5820 scripta
1836 5766 1935 5806 sua
1974 5752 2043 5807 ad

2156 5476 2208 5528 εἰ
2240 5492 2294 5528 τι
2322 5473 2535 5537 τούτοις
2586 5473 2872 5545 ἑπόμενον.
2926 5473 3068 5546 Πρὸς
3110 5474 3169 5528 δὲ
3210 5477 3321 5536 τοῖς
3373 5476 3738 5545 περιηγήσεις

2153 5565 2369 5636 χωρίων
2411 5563 2506 5616 καὶ
2539 5561 2830 5634 δυσχορεας
2858 5562 3015 5628 ὁδῶν,
3046 5563 3139 5616 καὶ
3168 5561 3267 5633 ὄρη
3309 5565 3590 5636 προσάντη
3636 5566 3738 5618 καὶ

2153 5655 2419 5720 δύσϐατα,
2476 5652 2573 5708 καὶ
2620 5653 2878 5708 αὐλώνων
2929 5654 3326 5725 στενοχωρίας,
3380 5658 3475 5709 καὶ
3522 5657 3737 5710 πόλεων

2151 5747 2510 5820 ὀχυρότητας,
2547 5749 2642 5801 καὶ
2674 5748 3063 5819 πυργωμάτων
3088 5746 3197 5817 ὕψη
3230 5749 3503 5819 μετέωρα,
3530 5750 3624 5804 καὶ
3658 5751 3736 5814 ὡς
