3964 6252
243 284 301 348 il
1667 278 1861 342 Pii/El

1965 276 2088 342 T10.
3446 262 3514 331 »ίὲ

239 400 301 451 ἄν
345 412 430 459 τις
471 393 611 467 φαίῃ
663 393 902 466 αἰθέρια,
955 396 1068 457 τοῖς
1115 383 1176 446 ’δὲ
1222 394 1312 446 καὶ
1371 393 1506 464 πρὸς
1558 392 1861 456 ἐπίδειξιν,

1965 387 2358 444 stentationcm
2401 386 2654 441 retulisse
2685 425 2698 446 ,
2735 393 2796 439 ut
2827 399 2980 439 suam
3015 380 3294 438 scribendi
3339 381 3506 437 iacui.

241 488 608 544 συντέθεινται
631 488 700 540 τά
727 487 1164 558 συγγράμματα,
1184 487 1653 556 ἐπιδεικνυμένοις
1676 487 1824 548 ὅπως

239 582 381 654 εἶχον
444 583 575 651 περὶ
629 585 691 635 τὸ
742 583 977 652 γράφειν
1018 583 1326 653 δυνάμεως,
1369 583 1464 634 καὶ
1526 581 1615 633 διὰ
1671 579 1830 632 τοῦτο

240 678 586 748 δημηγορίας
633 675 839 744 μεταξὺ
882 676 1101 741 τιθεῖσι,
1142 677 1246 729 καὶ
1276 672 1829 746 παρεκόατικώτερον

242 771 272 839 ἢ
307 770 400 822 καί
431 767 872 838 ῥητορικώτερον
898 769 1267 837 κεχρημένοις
1308 767 1384 835 τῷ
1411 767 1575 836 λόγῳ.
1635 766 1828 826 Ἐνξοις

242 865 295 915 δὲ
335 864 431 915 καὶ
479 863 557 924 εἰς
591 859 852 927 διάλογον
897 859 959 912 τὸ
1006 861 1292 929 φιλότιμον
1339 858 1715 928 ἐτελεύτησεν,
1757 858 1832 921 ὡς

244 957 290 1009 θ’
343 954 580 1025 ὁπηνίκα
617 953 748 1023 περὶ
791 970 952 1006 τινων
979 951 1437 1022 ἐτεροδοξούντων
1469 954 1562 1004 καὶ
1594 949 1832 1019 σφαλλο-

250 1048 426 1117 μὲνων
462 1047 592 1117 περὶ
619 1045 689 1098 τὰ
715 1045 855 1115 ὀρθὰ
885 1045 1318 1117 συγγράψωνται
1343 1044 1611 1114 δόγματα,
1648 1042 1829 1096 διαλνέ⁴

251 1139 362 1202 ξεις
424 1137 706 1191 ποιεῖσθαι
767 1137 904 1208 πρὸς
953 1138 1197 1200 ἐκείνους
1255 1136 1331 1200 ὡς
1384 1137 1682 1207 παρόντας,
1742 1136 1837 1189 καὶ

248 1231 550 1302 διελέγχειν
606 1229 790 1283 αὐτῶν
847 1230 909 1282 τὸ
997 1230 1315 1297 κακόδοξον,
1360 1230 1471 1282 κάκ
1530 1231 1629 1299 τῆς
1684 1230 1836 1301 ἱερᾶς

249 1323 476 1393 Γραφῆς
511 1325 638 1386 τοὺς
679 1323 940 1394 ἐλέγχους
971 1323 1268 1392 παράγειν,
1318 1322 1350 1393 ἢ
1402 1324 1498 1377 καὶ
1562 1322 1839 1384 Ἰουδαίοις

250 1417 553 1484 ἀντιλέγειν
579 1455 594 1478 ,
647 1416 745 1470 καὶ
789 1415 1260 1479 ἐθε).οκακοῦντας
1301 1416 1573 1470 δεικνύειν
1617 1417 1836 1480 αὐτοὺς,

249 1513 297 1563 εἰ
337 1511 414 1580 μὴ
449 1510 507 1563 τὸ
539 1508 664 1564 καθ’
709 1513 857 1581 ἡμᾶς
907 1514 1212 1582 μυστήριον
1269 1513 1532 1582 δέχοιντο,
1577 1512 1673 1566 καὶ
1701 1514 1839 1583 χρή-

253 1619 372 1655 σεσι
400 1602 477 1672 (Ι)
511 1603 814 1673 κεχρῆσθαι
849 1607 1242 1673 προφητικαίς.
1268 1606 1376 1657 Καὶ
1403 1605 1542 1673 πρὸς
1570 1605 1842 1676 ’Έλληνας

249 1692 408 1760 αὖθις
445 1696 954 1758 ἀντικαθίστασθαι,
1007 1699 1104 1750 καὶ
1144 1699 1236 1751 τὸν
1283 1693 1444 1753 ’ὕθλον
1493 1698 1720 1751 ἐκείνων
1760 1701 1842 1758 εἱς

254 1790 425 1858 μέσον
451 1790 746 1858 παράγειν,
772 1791 868 1842 καὶ⁵
908 1791 1358 1859 καταμωκᾶσθαι
1393 1790 1501 1844 τῶν
1533 1791 1839 1862 μυθευομέ-

249 1900 358 1934 νων
399 1882 606 1946 αὐτοῖς,
652 1884 748 1935 καὶ
783 1881 883 1945 τὰς
915 1883 1094 1935 αὐτῶν
1139 1884 1360 1952 γραφὰς
1401 1884 1701 1954 προφέρειν
1741 1885 1842 1952 τῆς

250 1976 577 2042 κακοδοξίας
603 1978 683 2039 εἱς
730 1976 973 2048 ἔλεγχον.
1003 1978 1159 2031 Ἔστι
1192 1977 1234 2031 δ’
1264 1973 1359 2032 οὖν
1386 1977 1754 2046 γνωμολογεῖν
1782 1995 1841 2031 τε

251 2071 348 2123 καὶ
382 2070 741 2139 ἠθικεύεσθαι
790 2071 891 2140 (2).
938 2070 1126 2124 Ταῦτα
1161 2072 1207 2124 δ’
1248 2069 1456 2139 ἔφασαν
1493 2073 1604 2132 τοῖς
1633 2070 1843 2122 πλείοσι

249 2163 362 2216 τῶν
426 2165 916 2231 ἀναγινωσκόντων
1001 2164 1070 2216 τά
1123 2164 1232 2216 τῶν
1302 2163 1553 2236 ἱστοριῶν
1619 2163 1845 2216 ἐκείνων

255 2255 697 2327 συγγράμματα,
763 2256 850 2309 ἵνα
911 2256 987 2326 μὴ
1033 2256 1285 2325 λέγωμεν
1339 2257 1508 2308 πᾶσιν
1561 2255 1691 2318 ῑσως
1746 2255 1844 2326 (5),

255 2349 492 2420 φορτικά
538 2365 596 2401 τε
637 2349 736 2402 καὶ
769 2350 1117 2420 παρέλκοντα
1145 2350 1400 2420 ἥγηνται,
1435 2349 1518 2402 ὅτι
1557 2366 1616 2401 τε
1652 2347 1848 2418 σχολῆς

252 2444 363 2494 εἰσι
413 2440 648 2510 δεόμενα
690 2441 962 2505 πλείονος,
994 2442 1091 2494 καὶ
1121 2442 1225 2508 ὅτι,
1264 2441 1367 2495 κᾶν
1403 2442 1609 2510 ταύτης
1637 2444 1850 2510 τύχοιεν

253 2532 366 2584 τῶν
398 2532 664 2584 ἐπιόντων
705 2531 806 2595 τὰς
860 2533 1102 2603 ἱστορίας
1147 2533 1315 2598 τινὲς,
1359 2533 1589 2602 μάταιον
1621 2531 1851 2595 ἐκείνοις

258 2624 551 2679 ἀποϐαίνει
611 2626 674 2677 τὸ
730 2627 861 2695 περὶ
917 2626 1125 2689 ταύτας
1187 2628 1396 2692 πονεῖν,
1457 2626 1568 2678 τῶν
1623 2626 1852 2696 μακρῶν

257 2721 346 2790 διη
358 2737 620 2791 γηματων
647 2720 759 2774 τῶν
774 2721 903 2791 περὶ
933 2718 1314 2790 παρατάξεων,
1341 2722 1432 2774 καὶ
1456 2719 1733 2789 πολέμων,
1761 2721 1854 2773 καὶ

260 2812 356 2865 τοῦ
406 2813 517 2865 τῶν
589 2813 864 2884 στρατιῶν
921 2811 1258 2882 διακόσμου,
1333 2816 1430 2865 καὶ
1473 2813 1582 2865 τῶν
1653 2812 1854 2865 λοιπῶν

260 2905 373 2956 τῶν
433 2903 638 2974 όμοίων
697 2903 1102 2972 διαφευγόντων
1143 2903 1241 2973 τὴν
1287 2905 1551 2974 μνήμηνο
1619 2903 1727 2957 τῶν
1796 2903 1853 2956 δέ

265 3014 330 3064 γε
393 2996 750 3067 δημηγοριῶν
818 2997 912 3049 καὶ
974 2997 1081 3048 τῶν
1142 2995 1466 3061 διαλέξεων,
1521 2995 1618 3048 καὶ
1663 2997 1742 3059 εἰς
1798 2995 1858 3050 τὸ

265 3090 528 3156 ἀνόνητον
569 3088 992 3158 περισταμὲνων
1052 3090 1163 3150 τοῖς
1218 3086 1433 3140 ἐπιοῦσι
1481 3087 1548 3142 τὰ
1613 3088 1857 3158 ἱστορούσ

271 3197 434 3249 μενα.
471 3179 591 3232 Τίνι
625 3182 733 3250 γὰρ
757 3179 914 3232 ἔσται
958 3197 1042 3242 τις
1085 3179 1414 3246 λυσιτέλεια,
1443 3179 1649 3250 ἔλεγον,
1680 3183 1741 3233 ὲκ
1768 3182 1863 3235 τοῦ

270 3274 478 3342 γνῶναι
502 3274 556 3324 τί
581 3275 680 3343 μὲν
703 3275 731 3326 ὁ
755 3273 1091 3343 δημαγωγὸς
1149 3274 1237 3327 ὅδε
1292 3273 1540 3345 διελέχθη
1567 3273 1644 3345 τῷ
1666 3275 1824 3346 δήμῳ
1847 3291 1863 3341 ;

269 3367 324 3418 τί
375 3365 433 3417 δὲ
479 3368 592 3427 τοῖς
639 3362 1003 3435 στρατιώταις
1062 3364 1092 3418 ὁ
1153 3366 1510 3434 στρατηγός;
1570 3365 1602 3436 ἢ
1652 3364 1705 3417 τί
1757 3367 1868 3429 τοῖς

274 3457 581 3526 πρέσϐεσιν
611 3457 640 3508 ὁ
678 3446 1038 3528 αὐτοκράτωρ
1071 3458 1283 3520 ἐκεῖνος
1315 3457 1423 3527 ἔφη
1453 3459 1567 3520 τοῖς
1615 3458 1682 3511 ὲκ
1729 3459 1870 3528 Περ⁸

273 3551 409 3614 σῶν,
442 3550 476 3620 ἢ
518 3550 683 3608 ἄλλος
720 3551 832 3612 τοῖς
865 3551 928 3600 ἐκ
961 3549 1208 3612 Κελτῶν,
1254 3548 1286 3619 ἢ
1321 3548 1570 3614 Σκυθῶν,
1607 3549 1639 3619 ἢ
1672 3553 1783 3612 τοῖς
1813 3547 1873 3614 ἐξ

271 3641 561 3708 Αἰγύπτου
586 3640 776 3709 τυχὸν,
803 3638 836 3709 ἢ
862 3641 973 3702 τοῖς
1000 3642 1065 3691 ἐκ
1092 3639 1285 3692 Δακῶν
1311 3657 1371 3692 τε
1398 3639 1474 3709 (4)
1507 3640 1603 3692 καὶ
1633 3638 1870 3710 Τριϐαλ-

275 3733 390 3786 λῶν
414 3750 442 3799 νς
473 3733 528 3784 τί
557 3732 602 3784 δ’
632 3732 821 3802 ἕτερος
853 3734 919 3804 τῇ
951 3732 1248 3804 συγκλήτῳ
1289 3731 1476 3803 βουλῇ,
1515 3733 1548 3804 ἢ
1575 3735 1642 3804 τῇ
1673 3733 1876 3804 πληθυῖ

276 3829 349 3895 τῇ
371 3826 627 3896 δημότιδι
658 3825 994 3897 δημηγορῶν
1016 3826 1411 3898 προσωμίλησε
1441 3845 1454 3893 ;
1485 3827 1626 3889 Τοὺς
1661 3828 1758 3897 μὲν
1781 3824 1875 3882 οὖν

277 3917 514 3970 τοιαῦτα
547 3916 739 3985 ελεγον
778 3917 848 3971 τὰ
900 3917 1011 3971 τῶν
1054 3919 1308 3990 ἱστοριῶν
1358 3919 1702 3974 ἐκδεδυκέναι
1747 3937 1877 3989 συγ-

282 4010 622 4080 γράμματα,
661 4009 1095 4081 πεπλατυσμένα
1136 4011 1364 4082 δηλαδὴ.
1398 4012 1494 4064 καλ⁴
1526 4013 1659 4082 πρὸς
1695 4014 1754 4066 τὸ
1787 4031 1878 4082 φι-

283 4103 642 4172 λοτέμότερον
672 4103 1037 4156 ἀποκλίνοντα
1058 4118 1072 4131 ⁶
1101 4104 1228 4166 τοὺς
1247 4103 1302 4156 δὲ
1325 4103 1619 4168 ἀντιθέτως
1646 4104 1878 4170 ἐκείνοις

284 4197 610 4266 διατεθῆναι
643 4197 774 4267 περὶ
800 4196 898 4267 τὴν
924 4195 1034 4248 τῶν
1069 4196 1332 4265 ’ἱστοριῶν
1369 4197 1715 4268 συγγραφὴν.
1747 4197 1880 4269 βρα-

289 4289 694 4360 χυρῥημοσύνῃ
729 4289 1138 4359 χρησαμένους,
1179 4287 1476 4342 κάντεῦθεν
1515 4291 1642 4360 περὶ
1670 4292 1736 4343 τὰ
1761 4291 1882 4345 καίο

287 4398 389 4450 ,ρια
442 4380 783 4450 ζημιοῦντας
831 4383 956 4444 τοὺς
1008 4382 1138 4453 περὶ
1183 4380 1255 4434 τὰ
1285 4380 1435 4450 σφῶν
1476 4382 1884 4447 ἐσπουδακότας

1934 490 2098 536 tatem
2151 480 2622 542 demonstrarent,
2683 493 2861 547 eoque
2912 477 3213 532 conciones
3269 475 3512 546 interpo-

1931 577 2108 628 suisse
2165 588 2228 627 ac
2269 572 2640 643 digressiones
2673 568 2920 625 ora-torio
2951 568 3110 638 plane
3147 566 3311 620 modo
3346 583 3358 618 :
3389 581 3515 635 par-

1935 668 2030 720 tim
2086 665 2386 719 ambitione
2432 665 2670 734 quadam
2721 662 2974 716 desinere
3023 661 3076 715 in
3127 660 3397 730 dialogos,
3454 668 3516 712 ut

1929 774 2058 814 cum
2094 758 2162 813 de
2218 757 2501 827 aliquibus
2534 756 2770 810 diversas
2801 753 3108 825 opinionis,
3162 764 3220 808 et
3268 767 3297 806 a
3347 753 3516 806 rectis

1936 852 2226 907 sententiis
2278 850 2670 904 aberrantibus
2715 848 2989 913 scribunt,
3034 862 3159 900 cum
3211 847 3300 908 iis,
3357 847 3515 917 quasi

1935 945 2214 1007 adessent,
2241 943 2292 1014 3
2322 943 2629 1012 disputent,
2668 951 2722 996 et
2745 955 2943 1011 pravas
2981 954 3171 994 eorum
3208 939 3521 1008 persuasio-

1935 1057 2037 1096 nes
2058 1049 2326 1112 arguant,
2364 1037 2793 1110 probationibus
2823 1048 2877 1092 et
2907 1052 3063 1092 sacra
3108 1035 3391 1103 Scriptura
3426 1048 3521 1104 pc-

1939 1135 2090 1189 titis:
2129 1133 2468 1189 autJudaeos
2493 1132 2807 1194 confutent,
2851 1130 3211 1201 ipsorumque
3244 1127 3518 1198 pravitate

1939 1241 2005 1282 ac
2039 1227 2343 1296 pertinacia
2371 1225 2489 1279 ﬁeri
2531 1223 2868 1279 contendant
2897 1263 2911 1285 ,
2947 1221 3245 1292 quominus
3304 1218 3498 1291 religio

1939 1318 2028 1372 nis
2059 1329 2262 1373 nostrae
2299 1333 2498 1373 arcana
2532 1317 2955 1388 amplectantur,
2991 1316 3230 1371 oraculis
3279 1313 3520 1384 prOphe-

1944 1424 2124 1468 tarum
2181 1413 2238 1468 in
2274 1414 2519 1467 medium
2567 1411 2837 1467 adductis.
2875 1411 3052 1481 Atque
3093 1410 3261 1466 etiam
3306 1409 3526 1479 gentili-

1942 1508 2047 1564 bus
2073 1523 2194 1564 sese
2222 1523 2526 1578 opponere,
2557 1521 2864 1576 eorumque
2889 1520 3061 1574 nugas
3089 1503 3286 1559 aﬂ‘erre
3321 1503 3375 1558 in
3407 1518 3525 1558 me-

1943 1601 2118 1666 dium,
2145 1616 2208 1656 ac
2233 1599 2618 1655 deliramentis
2641 1598 2950 1652 fabularum
2977 1596 3353 1660 subsannatis,
3387 1596 3530 1650 scri-

1949 1705 2037 1765 pta
2087 1696 2332 1765 ipsorum
2368 1693 2580 1748 erroris
2634 1691 2971 1764 coargucndi
3025 1691 3200 1762 gratia
3252 1689 3528 1761 proferre,

1952 1806 2167 1844 necnon
2221 1790 2423 1844 alicubi
2496 1790 2800 1844 sententias
2851 1802 3172 1858 congerere,
3211 1793 3265 1840 et
3316 1786 3382 1840 de
3416 1786 3530 1840 for-

1952 1883 2166 1939 mandis
2191 1883 2439 1936 moribus
2465 1881 2771 1950 disputare.
2806 1879 2929 1935 "(ec
2959 1879 3182 1934 aiebant
3210 1877 3310 1943 illi,
3347 1879 3390 1932 si
3419 1893 3528 1931 non

1951 1975 2232 2041 omnibus,
2263 1985 2319 2030 at
2363 1975 2642 2045 plerisque
2696 1972 2998 2028 lectoribus
3057 1974 3288 2027 molesta
3333 1982 3389 2027 et
3440 1988 3534 2028 su-

1953 2083 2292 2140 pervacanea
2324 2066 2521 2131 videri,
2559 2065 2707 2135 quod
2745 2074 2802 2119 et
2833 2065 3064 2118 multum
3090 2063 3187 2118 otii
3222 2065 3530 2134 requirant,

1953 2172 2008 2216 et
2035 2161 2078 2214 si
2121 2161 2325 2229 quibus
2365 2159 2418 2212 id
2471 2165 2751 2227 suppetat,
2803 2158 3021 2211 inanem
3069 2167 3250 2211 tamen
3293 2159 3533 2213 laborem

1955 2251 2102 2304 sumi
2161 2251 2214 2302 in
2278 2249 2599 2304 evolvendis
2656 2248 2888 2318 prolixis
2953 2249 3063 2303 illis
3124 2250 3538 2305 narrationibus

1957 2343 2270 2412 praeliorum
2298 2350 2356 2397 et
2385 2341 2656 2396 bellorum
2685 2349 2740 2395 et
2777 2339 3143 2395 ordinationis
3169 2340 3535 2403 exercituum,

1959 2436 2306 2504 aliarumque
2330 2433 2595 2489 similium
2619 2449 2827 2494 rerum,
2864 2448 2988 2502 qua:
3019 2433 3283 2487 memoria
3317 2433 3541 2488 efﬂuere

1959 2527 2218 2583 soleant:
2259 2526 2373 2596 jam
2433 2525 2800 2580 concionibus
2855 2533 2912 2580 et
2973 2525 3444 2594 disputationibus
3486 2526 3540 2578 in

1961 2621 2196 2676 historia
2254 2619 2541 2690 tegendis,
2590 2620 2804 2673 nullum
2867 2619 2986 2674 lieri
3039 2634 3219 2690 opera-
3275 2621 3541 2688 pretium.

1965 2715 2095 2770 Nam
2121 2731 2283 2782 quem
2311 2731 2375 2769 ex
2414 2729 2479 2769 eo
2507 2714 2627 2784 capi
2658 2713 2924 2778 fructum,
2959 2713 3002 2768 si
3038 2714 3162 2782 quis
3207 2713 3366 2778 sciat,
3408 2713 3540 2784 quid

1964 2807 2048 2863 vel
2083 2808 2340 2862 tribunus
2387 2805 2566 2876 plebis
2597 2805 2742 2876 apud
2791 2804 3076 2874 populum,
3123 2805 3210 2858 vel
3257 2804 3365 2859 dux
3397 2805 3542 2875 apud

1966 2903 2170 2956 milites
2208 2901 2413 2955 dixerit
2445 2901 2469 2953 ?
2511 2898 2642 2969 quid
2684 2900 2816 2954 item
2847 2899 3144 2968 imperator
3171 2898 3312 2954 alius
3359 2899 3546 2968 legatis

1966 2997 2284 3059 Persarum,
2303 2995 2445 3049 alius
2470 2995 2748 3050 Gallorum
2774 3002 2868 3048 aut
2893 2992 3244 3064 Scytharum,
3271 3002 3366 3047 aut
3386 2991 3546 3064 [Egy-

1890 3123 1934 3181 c
1968 3087 2208 3156 ptiorum
2242 3085 2452 3149 forsan,
2495 3085 2836 3140 Dacorumve
2885 3093 2980 3138 aut
3025 3081 3394 3138 Triballorum
3456 3101 3545 3140 re-

1968 3180 2277 3250 Spondcrit?
2299 3196 2421 3250 qua:
2441 3178 2610 3234 verba
2635 3179 2775 3232 alius
2798 3177 2942 3247 apud
2974 3187 3156 3246 patres
3178 3167 3543 3248 conscriptur,

1967 3287 2063 3328 aut
2119 3275 2382 3345 populum
2435 3272 2669 3326 fecerit?
2722 3271 2937 3341 Scripta
2999 3272 3166 3342 igitur
3227 3271 3546 3342 hujusmodi

1970 3367 2293 3422 asserebant
2315 3367 2480 3422 latius
2497 3366 2741 3437 evagari,
2764 3376 2816 3419 ct
2840 3367 2904 3420 ad
2924 3366 3288 3420 ambitionem
3315 3364 3370 3438 ἀ,
3394 3365 3554 3421 incli-

1971 3474 2123 3513 nare.
2173 3459 2327 3513 Alios
2385 3473 2552 3529 porro
2610 3458 2914 3529 scriptorcs
2962 3459 3243 3513 contrario
3295 3459 3551 3515 laborare

1971 3553 2128 3609 vitio.
2170 3553 2264 3622 qui
2296 3552 2427 3605 dum
2457 3550 2788 3606 brevitatem
2848 3549 3193 3614 aﬂ‘ectarcnt,
3239 3568 3422 3606 rermn
3451 3568 3553 3608 ηοω

1974 3645 2340 3701 cessariarum
2407 3643 2733 3714 cognitione
2814 3643 3136 3698 fraudarem
3207 3645 3468 3699 lectorem
3533 3664 3547 3701 :

1969 3737 2269 3809 .praateritis
2310 3737 2641 3806 aliquando,
2680 3745 2774 3790 aut
2820 3737 3011 3790 saltem
3061 3740 3301 3792 l.re\'iter
3332 3739 3557 3805 perstri-

1975 3831 2101 3894 ctis,
2139 3828 2518 3898 praestantium
2563 3829 2808 3883 virorum
2865 3828 3029 3882 rebus
3082 3831 3270 3900 gestis,
3305 3845 3426 3898 qua:
3471 3832 3554 3885 vel

1978 3923 2183 3977 divinis
2215 3921 2482 3977 celebrari
2513 3921 2772 3978 laudibus
2817 3930 3136 3976 mereantur
3170 3965 3184 3986 ,
3223 3937 3328 3978 nec
3369 3923 3556 3979 decla-

1971 4024 2209 4077 rarent,
2269 4015 2362 4086 qui
2413 4030 2627 4077 mores,
2691 4030 2813 4084 qua!
2884 4014 3144 4083 ingenia,
3205 4031 3326 4085 qua:
3369 4018 3560 4073 consi~

1979 4107 2052 4162 lia
2102 4107 2319 4162 illorum
2376 4106 2584 4162 fuerint
2617 4147 2630 4169 ,
2683 4122 2785 4161 nec
2831 4122 2940 4178 quo
2985 4117 3144 4177 pacto
3190 4111 3425 4179 quisque
3477 4125 3560 4162 re-

1981 4217 2108 4274 gum
2183 4201 2255 4255 sit
2310 4199 2517 4270 potitus
2585 4215 2788 4270 regno,
2843 4198 2936 4269 qui
3009 4199 3175 4254 fuerit
3229 4213 3354 4256 ante
3424 4201 3558 4256 illud

1982 4302 2224 4363 partum,
2269 4291 2473 4362 quibus
2505 4302 2661 4347 ortus
2706 4291 3026 4361 majoribus.
3080 4291 3390 4355 Addebam,
3422 4295 3562 4347 scri-

1983 4396 2208 4454 ptorum
2262 4384 2484 4438 illorum
2544 4388 2791 4453 quaedam
2848 4383 3082 4437 nimium
3135 4384 3386 4438 inornata
3440 4401 3563 4439 esse

297 4474 742 4543 συγγράμματα,
771 4473 873 4525 ἅτε
905 4475 1001 4526 καὶ
1031 4473 1201 4538 αὐτὰς
1238 4474 1334 4537 τὰς
1369 4475 1738 4545 καιριωτέρας
1771 4475 1861 4528 τῶτ

1988 4477 2255 4543 dictione,
2286 4477 2686 4547 compositione
2717 4493 2930 4547 aspera,
2976 4477 3270 4548 verbisque
3308 4479 3562 4548 plebeiis.

301 4565 558 4634 πράξεων
588 4565 699 4616 τῶν
732 4564 1134 4634 ἱστορουμένων
1160 4565 1632 4634 παραλελοιπότας
1653 4569 1884 4639 ἀνδρῶν,

301 4657 451 4720 ἐνίας
482 4657 670 4726 μέντοι
709 4657 806 4710 καὶ
847 4656 1200 4726 ἐξυμνεῖσθαι
1236 4656 1471 4722 δικαίας,
1507 4657 1791 4729 βράχυστα
1831 4659 1887 4712 δέ

303 4765 424 4800 τ.να
445 4753 578 4818 περὶ
610 4750 842 4802 ἐκείνων
876 4749 1153 4814 εἰπόντας,
1179 4750 1468 4804 καὶταῦτα
1501 4755 1637 4823 μήτε
1668 4754 1728 4805 τὸ
1757 4748 1888 4824 ἦθος

305 4842 531 4893 ἐκείνων
573 4843 606 4911 ἢ
643 4839 741 4911 τὴν
791 4839 954 4908 φύσιν
1008 4840 1450 4912 παραδηλοῦντα,
1499 4847 1593 4896 καὶ
1629 4846 1728 4912 τὴν
1760 4863 1892 4916 προ-

304 4935 540 5003 αίρεσιν,
573 4933 701 5004 μήθ’
724 4935 871 4996 ὅπως
906 4933 1013 4986 τῶν
1060 4933 1494 5004 βασιλευσάντων
1536 4935 1765 5001 ἕκαστος
1793 4938 1892 5009 τῆς

286 5026 592 5095 ¹βασιλείας
647 5025 945 5097 ἐκράτησε,
998 5025 1129 5097 μήθ’
1181 5028 1330 5090 ὅστις
1397 5024 1468 5100 ἦν
1511 5028 1616 5099 πρὸ
1663 5028 1892 5101 ταύτης,

314 5119 440 5192 μήτ’
476 5122 542 5174 ἐκ
571 5119 734 5172 τίνων
765 5118 1002 5184 ἐγένετο.
1046 5117 1183 5170 Τινὰ
1224 5118 1280 5171 δὲ
1310 5119 1420 5171 τῶν
1443 5120 1894 5190 συγγραμμάτων

311 5216 518 5268 τούτων
550 5215 648 5268 καὶ
676 5213 1020 5284 ἁφελεστέρᾳ
1047 5210 1168 5266 λίαν
1189 5211 1505 5266 ἐκδεδόσθαι
1536 5213 1894 5282 προσετίθουν

315 5312 380 5378 τῇ
410 5309 638 5380 φράσει,
679 5305 1056 5358 συντεθεῖσθαί
1091 5321 1151 5356 τε
1197 5303 1340 5361 αὐτὰ
1377 5303 1773 5374 σολοικότερον,
1805 5306 1899 5358 καὶ

1987 4585 2052 4623 ac
2076 4584 2474 4640 nonnunquam
2512 4570 2765 4624 barbaris
2799 4578 3058 4624 constare
3093 4588 3106 4623 :
3141 4570 3287 4625 unde
3320 4571 3475 4624 ﬁeret
3509 4581 3567 4624 nt

1989 4659 2241 4714 homines
2287 4659 2492 4713 eruditi
2547 4660 2617 4713 ab
2662 4674 2858 4713 eorum
2899 4659 3142 4714 lectione
3181 4661 3565 4719 abhorrerent.

1989 4751 2084 4807 His
2115 4753 2192 4806 illi
2224 4752 2497 4817 dicendis,
2539 4761 2594 4807 et
2620 4752 2841 4822 scriptis
2880 4753 3274 4808 historicorum
3311 4756 3376 4810 ad
3422 4755 3569 4813 hunc

1993 4845 2216 4900 modum
2249 4845 2608 4900 traducendis
2637 4885 2651 4908 ,
2685 4861 2828 4916 sa-pc
2872 4863 2959 4901 me
2994 4848 3265 4902 cohortati
3313 4858 3463 4910 sunt,
3513 4860 3570 4904 ut

1995 4938 2156 4993 libris
2185 4937 2239 4992 in
2278 4953 2477 4994 manus
2513 4939 2770 5008 sumptis,
2815 4949 2920 4993 tam
2951 4955 3014 4994 ea
3066 4943 3563 5010 przctermittcrem,

1995 5048 2117 5102 quae
2148 5030 2220 5085 ob
2248 5031 2618 5100 proiixitatem
2664 5033 2928 5086 memoria
2963 5047 3071 5086 non
3120 5043 3362 5102 caperet,
3404 5051 3568 5102 quam

1997 5139 2122 5192 quac
2152 5121 2414 5178 utilitatis
2446 5123 2584 5177 nihil
2611 5125 2880 5178 haberent
2916 5140 2928 5178 :
2961 5135 3018 5179 ct
3064 5125 3222 5194 longa
3256 5129 3577 5182 narratione.

2001 5215 2056 5267 in
2103 5215 2495 5284 compendium
2544 5216 2784 5277 redacta,
2833 5217 3056 5271 brevem
3106 5216 3396 5271 historiam
3447 5221 3574 5274 ede-

2004 5320 2142 5368 rem,
2176 5319 2298 5374 qua:
2326 5308 2466 5358 facta
2517 5314 2572 5359 et
2621 5320 2709 5359 res
2748 5314 3052 5358 memoratu
3085 5302 3365 5372 digniores
3407 5321 3573 5375 quant

1501 5423 1704 5484 Varios
1728 5421 2038 5485 iectiones
2076 5430 2142 5482 et
2189 5431 2380 5482 notat.

391 5559 476 5635 (1ὶῆ
506 5560 794 5635 Χρήσεσι.
821 5555 896 5611 Ita
923 5570 1054 5635 mss.
1080 5552 1336 5610 Wolﬁani
1364 5563 1418 5608 et
1446 5553 1622 5624 Regii.
1656 5556 1725 5608 At
1754 5551 1897 5608 idem

324 5630 558 5706 \Voliius
591 5634 783 5706 ρήσεσι
815 5630 1082 5706 reposuit:

397 5701 471 5774 (Ξ)
509 5705 559 5756 Γ
561 5692 930 5774 imptum-air
987 5697 1084 5748 καὶ
1109 5695 1517 5774 ὴ-Ηικεύεσθιιιἶ
1563 5692 1905 5774 ξιυγαιξπαιςε,

333 5765 493 5832 verbo
518 5765 1007 5828 Latino-barbaro,
1052 5767 1348 5834 scriptores
1375 5765 1474 5819 ιυνί
1507 5765 1781 5822 inferioris
1810 5766 1908 5819 ali-

647 5868 920 5926 ΡΔΤιιοι.
965 5863 1076 5921 Gn.
1127 5859 1462 5923 CXXXIV.

2005 5561 2139 5620 ψιθὶ
2167 5559 2416 5605 ιιιυιιῑυν.

2084 5624 2159 5691 (5)
2203 5626 2402 5685 Ἴσως.
2427 5619 2552 5691 ιὶξιεσ
2579 5635 2683 5672 vox
2705 5617 2861 5671 abest
2879 5617 3182 5691 ab_aliquot
3210 5635 3342 5676 mss.

2085 5687 2160 5762 (4)
2209 5692 2311 5745 Ἐκ
2340 5690 2665 5763 Διιιπιςιιῦιίτεἶ
2700 5687 3010 5758 Δαμασκῶν
3043 5687 3334 5761 perperam
3366 5693 3583 5763 praefert

2015 5759 2156 5819 unus
2190 5779 2218 5818 c
2252 5777 2380 5816 mss.
2410 5759 2719 5815 Wolﬁanis.
