3964 6252
461 275 532 334 43
1749 283 2068 345 ΙΟΑΝΝΙό
2109 283 2428 346 ΖΟΝΛΒΑΞ
3650 281 3727 346 ﬂ

436 393 810 466 paucissimis
843 397 1328 468 complecteretur,
1361 407 1415 454 et
1451 400 1753 457 lectoribus
1791 404 1940 458 velut
1965 403 2027 458 ob

2144 407 2433 466 ἰδιωτικαῖς
2452 402 2660 469 λέξεσιν
2679 404 3030 476 ἐκφέρεσθαι,
3049 405 3082 477 ἢ
3103 406 3192 458 καὶ
3214 403 3510 476 βαρϐάροις
3528 405 3726 463 ἐνίοτε.

457 493 649 545 oculos
677 499 928 560 poneret.
959 493 1034 546 Ac
1075 492 1152 546 illi
1195 494 1421 564 quidem
1467 496 1785 564 huiusmodi
1828 495 2036 551 laboris

455 583 734 652 capiendi,
769 592 825 638 et
852 584 975 640 talis
999 584 1184 656 operis
1211 586 1594 643 conscribendi
1623 597 1880 644 auctores
1899 588 2037 645 mihi

453 675 628 732 fuere.

2149 498 2290 552 ὥστε
2333 498 2585 552 ἐντεῦθεν
2617 499 2795 569 ἀηδῶς
2822 501 2950 563 τοὺς
2981 499 3158 568 λόγοις
3199 497 3550 570 ὡμιληκότας
3589 498 3729 569 πρὸς

2149 592 2291 644 αὐτὰ
2321 591 2681 646 διατίθεσθαι.
2713 591 2956 646 Τοιαῦτα
2997 591 3278 660 λέγοντες,
3308 592 3402 646 καί
3440 589 3586 645 οὕτω
3614 589 3728 641 τῶν

2151 684 2442 754 ἱστορικῶν
2482 687 2960 757 συγγραμμάτων,
2983 686 3057 749 ὡς
3085 686 3348 756 εῖρηται,,
3383 684 3730 752 καθαπτόμε-

453 789 558 836 νοι,
599 773 856 837 πολλάκις
883 791 957 844 με
987 775 1303 846 παρέοηγον
1339 775 1439 842 τὰς
1474 777 1692 850 βίϐλους
1718 777 1822 832 ἀνὰ
1849 782 2037 850 χεῖρας
2079 780 2284 847 λαϐεῖν,
2355 785 2451 838 καὶ
2496 785 2851 853 παρεάσαντα
2893 785 2961 838 τὰ
3013 783 3210 849 πολλὰ,
3246 776 3322 836 ὧν
3366 783 3432 836 τὰ
3488 783 3588 853 μὲν
3656 786 3726 854 τῇ

457 865 647 936 μνήμῃ
685 867 1038 936 προσιζάνειν
1067 868 1158 922 διὰ
1179 869 1240 923 τὸ
1271 869 1478 942 πλῆθος
1513 871 1932 942 ἀποπεφύκασι,
1967 874 2037 927 τὰ
2073 875 2119 930 δ’
2141 879 2223 940 είς
2279 877 2436 930 οὐδὲν
2462 877 2792 932 τελευτῶσιν
2813 878 3098 950 ὀνήσιμον,
3123 878 3224 948 τὴν
3243 877 3301 930 δέ
3323 892 3385 946 γε
3443 875 3728 928 πεπλατυ-

455 960 662 1032 σμένην
685 963 1018 1034 ἐπιτεμόντα
1044 965 1300 1036 διήγησιν
1332 965 1599 1039 σύντομον
1625 969 1868 1040 ἱστορίαν
1889 970 2275 1036 έκδεδωκέναι,
2339 973 2682 1038 συνοπτικῶς
2749 973 3114 1028 διδάσκουσαν
3153 972 3280 1033 τοὺς
3346 971 3604 1032 ἐπιόντας
3670 975 3730 1024 τὸ

455 1056 634 1126 sum;
665 1069 802 1126 ιμμα
821 1057 892 1111 τά
914 1057 1252 1130 καιριώτερα
1275 1059 1386 1115 τῶν
1417 1063 1850 1134 πεπραγμένων,
1885 1065 1918 1132 ἢ
1949 1067 2044 1120 καὶ
2078 1067 2259 1132 ἄλλως
2316 1069 2746 1140 συμϐεϐηκότων
2774 1072 2888 1133 τοῖς
2946 1069 3076 1140 περὶ
3103 1061 3180 1121 ὧν
3205 1069 3238 1137 ἡ
3277 1065 3568 1136 συγγραφὴ
3605 1064 3729 1117 δια-

452 1149 692 1216 λέγεται.
728 1149 959 1204 Ἐκεῖνοι
989 1149 1089 1222 μὲν
1119 1150 1212 1206 οὖν
1242 1151 1383 1223 πρὸς
1419 1151 1663 1208 τοιοῦτόν
1691 1171 1762 1227 με
1802 1157 2141 1228 παρεκίνουν
2201 1160 2579 1215 ἀποδύσασθαι
2647 1162 2892 1231 πόνημα,
2957 1163 3052 1214 καὶ
3085 1159 3290 1214 τοιοῦδε
3352 1153 3729 1226 συγγράμμα-

451 1257 543 1302 τος
573 1239 838 1310 causam.

527 1337 588 1391 ll.
623 1337 736 1406 Ego
764 1353 896 1392 vero
931 1354 1056 1394 cum
1104 1348 1162 1394 et
1195 1342 1426 1399 remisso
1461 1359 1640 1400 essem
1680 1345 1868 1402 animo
1909 1346 2021 1418 (di-
2063 1360 2102 1414 Β

452 1444 572 1482 eam
609 1431 758 1483 enim
804 1429 953 1498 quod
988 1445 1076 1486 res
1114 1435 1220 1502 est)
1260 1433 1488 1504 otioque
1529 1434 1774 1502 deditus,
1825 1445 1881 1493 et
1916 1453 2033 1494 rem

450 1536 575 1580 esse
602 1535 888 1576 cernerem
924 1536 1133 1593 magna:
1163 1527 1568 1596 occupationis,
1599 1526 1651 1599 5
1698 1544 1930 1601 quaeque
1966 1531 2032 1585 li-

453 1612 681 1668 brorum
706 1612 923 1683 vc0piam
955 1617 1282 1686 postularet,
1313 1618 1658 1688 dubitabam,
1679 1623 1820 1678 etab
1837 1639 1905 1680 eo
1947 1640 2036 1681 co-

451 1717 587 1761 natu
639 1706 1030 1764 abhorrebam.
1071 1710 1276 1766 Verum
1328 1711 1406 1766 illi
1458 1728 1546 1770 me
1600 1715 1860 1772 vellicare
1921 1733 2032 1772 non

453 1801 609 1872 prius
634 1799 992 1860 destiterunt.
1021 1817 1184 1872 quam
1215 1803 1570 1874 improbitate
1597 1809 1920 1876 stintnlandi
1963 1809 2032 1864 ad

452 1893 870 1964 suscipiendum
921 1909 1060 1965 opus
1096 1897 1316 1950 tandem
1361 1900 1752 1970 pcrpulisscnt.
1803 1899 1946 1957 Nam
1987 1903 2033 1958 si

453 2002 608 2055 aqua:
644 1995 797 2055 gutta
855 1986 1095 2058 subinde
1151 1988 1401 2045 cadendo
1443 1991 1678 2046 solidam
1725 1995 1841 2048 saxi
1879 1995 2035 2050 duri-

455 2078 582 2134 tiem
609 2087 768 2134 cavat
801 2121 820 2144 ,
855 2089 1063 2150 quanto
1096 2081 1271 2150 magis
1299 2083 1474 2137 oratio
1521 2085 1721 2140 crebro
1759 2102 1924 2142 aures
1953 2087 2032 2143 le-

455 2171 624 2234 riens,
654 2173 821 2226 animi
855 2184 1153 2243 torporem,
1189 2183 1245 2228 et
1275 2175 1484 2244 quietis
1507 2177 1758 2233 studium
1793 2180 2034 2236 excutit?

454 2261 663 2317 Deinde
687 2261 744 2316 in
775 2255 1016 2318 mentem
1059 2265 1197 2320 mihi
1240 2271 1415 2333 venit,
1453 2267 1700 2324 laborem
1749 2269 1939 2335 illum,
1977 2284 2034 2326 ct

453 2353 698 2410 historia:
734 2353 1018 2411 scribendi
1051 2360 1494 2428 occupationem,
1517 2361 1730 2432 aliquid
1777 2365 2032 2422 utilitatis

452 2457 508 2501 et
529 2447 672 2503 lucri
702 2448 868 2504 etiam
895 2449 1082 2506 animo
1103 2466 1227 2508 esse
1261 2453 1578 2510 allaturain.
1609 2456 1746 2512 Nam
1773 2461 2031 2530 nequitia:

451 2534 617 2594 ‘latus
645 2541 818 2610 magis
839 2541 1086 2611 aspirare
1114 2543 1301 2598 solent
1325 2546 1495 2600 menti
1525 2547 1863 2617 quiescenti,
1909 2567 2029 2607 ma-

452 2631 746 2703 larumque
793 2635 1192 2705 cogitationum
1250 2646 1308 2694 et
1365 2639 1644 2698 rationum
1707 2643 1847 2700 alias
1891 2646 2030 2702 alios

2204 1347 2282 1402 B'.
2331 1346 2474 1416 Ἐγὼ
2497 1347 2557 1400 δὲ
2587 1345 2650 1400 τὸ
2683 1347 2783 1416 μὲν
2809 1345 3098 1414 ἀνειμένος
3130 1342 3230 1412 τὴν
3255 1341 3482 1419 γνώμην
3518 1340 3596 1394 ῶν
3627 1345 3728 1404 (εὲ-

2146 1441 2376 1512 ρήσεται
2407 1443 2519 1511 γὰρ
2543 1437 2800 1509 τάληθὲς)
2835 1439 2932 1492 καὶ
2956 1435 3211 1509 ῥᾳστώνῃ
3243 1434 3438 1500 συζῶν,
3466 1435 3530 1486 τὸ
3549 1433 3605 1487 δὲ
3630 1435 3728 1486 καὶ

2141 1535 2402 1606 ἀσχολίας
2441 1531 2690 1603 συνορῶν
2727 1531 2788 1584 τὸ
2816 1531 3054 1601 πρᾶγμα
3085 1527 3360 1598 δεόμενον,
3394 1525 3486 1580 καὶ
3527 1525 3730 1596 βίϐλων

2141 1627 2381 1692 πολλῶν,
2399 1623 2617 1680 ὤκνουν
2645 1625 2741 1678 καὶ
2765 1623 3072 1694 ἀνεδυόμην
3097 1619 3232 1690 πρὸς
3257 1619 3359 1690 τὴν
3383 1617 3724 1688 ἐγχείρησιν,

2141 1719 2208 1773 Ol
2253 1716 2309 1770 δέ
2358 1733 2426 1786 με
2474 1714 2760 1776 νύττοντες
2811 1713 2912 1766 οὐκ
2955 1711 3196 1774 ἀνίεσαν,
3247 1708 3342 1764 καί
3397 1725 3529 1762 ποτε
3585 1710 3728 1779 πρὸς

2139 1807 2370 1879 τοῦργον
2407 1808 2472 1878 τῇ
2501 1805 2612 1859 τῶν
2634 1803 2862 1874 νυγμῶν
2896 1801 3152 1873 συνεχείᾳ
3177 1799 3630 1870 διεγηγέρκασιν.
3665 1799 3727 1852 ΙΞί

2141 1901 2251 1970 γὰρ
2276 1899 2568 1953 κοιλαίνειν
2588 1898 2650 1951 τὸ
2671 1897 2769 1968 τῆς
2795 1895 3005 1966 πέτρας
3031 1893 3270 1965 σκληρὸν
3296 1891 3394 1947 καὶ
3419 1892 3727 1962 ἀπόκροτον

2143 1992 2356 2064 ρανίδος
2390 1991 2704 2060 ἐνδελέχεια
2759 1988 3006 2054 δύναται,
3059 1985 3261 2056 μᾶλλον
3319 1984 3386 2039 ἂν
3431 1984 3724 2055 δυνήσεται

2139 2083 2299 2153 λόγος
2325 2082 2612 2154 ἐνδελεχὴς
2645 2081 2715 2137 τὰ
2751 2076 2868 2135 ὦτα
2899 2077 3248 2150 θυροκοπῶν,
3271 2077 3498 2148 γνώμης
3526 2075 3724 2144 διεγεῖ-

2142 2192 2234 2245 ραι
2263 2172 2552 2247 ρᾳστὼνην
2603 2174 2700 2228 καὶ
2747 2173 3041 2242 ἀνειμένην
3083 2170 3430 2242 προαίρεσιν.
3465 2164 3598 2222 Εἶτά
3627 2183 3722 2236 μοι

2141 2269 2236 2322 καὶ
2269 2269 2344 2332 ὡς
2381 2268 2504 2321 οὐδὲ
2537 2267 2672 2338 πρὸς
2694 2266 2932 2337 ψυχικὴν
2953 2264 3222 2334 ὠφέλειαν
3243 2263 3475 2333 ἀκερδὴς
3499 2263 3530 2314 ὁ
3559 2261 3722 2324 πόνος

2141 2362 2316 2428 ἔσται,
2351 2363 2446 2415 καὶ
2473 2363 2506 2431 ἡ
2542 2361 2668 2432 περὶ
2693 2361 2791 2431 τὴν
2837 2357 3165 2429 συγγραφὴν
3207 2355 3456 2427 ἀσχολία,
3489 2353 3719 2424 ἐλήλυθε

2141 2456 2281 2509 κατά
2309 2453 2456 2509 νοῦν.
2495 2452 2824 2524 Ἥρεμοῡντι
2857 2453 2966 2522 γὰρ
2997 2451 3074 2522 τῷ
3099 2449 3182 2504 νοτ
3209 2450 3287 2522 (5)
3325 2447 3525 2520 μᾶλλον
3556 2447 3718 2502 εῐωθε

2137 2549 2239 2618 τῆς
2275 2546 2543 2618 πονηρίας
2573 2544 2855 2600 ἐπιπνέειν
2908 2544 2975 2597 τὰ
3021 2541 3332 2613 πνεύματα,
3365 2536 3719 2610 ὲνθυμήσεών

2137 2657 2196 2695 τε
2227 2639 2448 2711 φαύλων
2489 2637 2586 2690 καὶ
2643 2637 2924 2707 λογισμῶν
2972 2635 3161 2689 ἄλλοτε
3191 2635 3368 2689 ἄλλων
3397 2631 3718 2702 ἐπεγείρειν

451 2725 699 2780 excitare
738 2725 965 2795 ﬂuctus,
1021 2745 1258 2800 eamque
1308 2733 1662 2790 continenter
1717 2737 2027 2794 invadendo

2135 2731 2423 2792 κλυδώνια,
2455 2730 2550 2782 καὶ
2573 2727 3015 2792 καταϐαπτίζειν
3040 2726 3204 2779 αὑτὸν
3231 2728 3296 2796 τῇ
3333 2723 3588 2796 συνεχείᾳ
3606 2723 3718 2776 τῶν

452 2817 799 2892 demergere,
849 2829 907 2876 et
944 2833 1042 2878 aut
1083 2825 1140 2880 in
1189 2837 1417 2896 peccata
1460 2829 1746 2900 impellere
1793 2833 1860 2903 (si
1886 2833 2031 2890 facto

453 2911 660 2978 minus,
723 2926 778 2967 at
821 2915 1074 2988 assensu)
1120 2927 1216 2974 aut
1267 2919 1542 2976 undarum
1586 2922 1642 2978 in
1673 2939 1738 2980 ea
1778 2941 2029 2996 magnam

453 3001 806 3072 agitationem
863 3019 927 3060 ac
993 3009 1292 3064 tumultum
1357 3028 1728 3071 commovere.
1797 3016 2032 3075 Animus

453 3102 636 3147 autem
660 3098 830 3153 certis
861 3101 1099 3170 negotiis
1139 3113 1444 3173 occupatus
1481 3105 1722 3177 ellugere
1751 3108 1865 3166 fere
1891 3111 2032 3166 solet

455 3187 752 3242 multarum
809 3192 1207 3262 cogitationum
1280 3209 1685 3268 pravarumque
1755 3203 2030 3272 cupidita-

457 3288 569 3331 tum
627 3281 964 3336 dccumanns
1013 3283 1234 3350 lluctus.
1280 3287 1454 3356 Igitur
1541 3299 1654 3344 tum
1723 3293 2028 3350 amicorum

452 3373 952 3441 cohortationibus,
985 3385 1098 3430 tum
1166 3379 1419 3437 sordidas
1478 3392 1574 3437 aut
1623 3383 1819 3440 inanes
1868 3403 2031 3444 curas

450 3464 764 3534 cxpellendi
829 3467 1050 3534 studio,
1111 3469 1180 3524 ad
1245 3461 1386 3540 opus
1447 3472 1554 3528 hoc
1615 3475 2030 3546 suscipiendum

451 3572 572 3612 sum
622 3557 916 3614 adductus.
967 3560 1156 3631 Itaque
1209 3561 1416 3618 factum
1464 3574 1568 3629 est.
1605 3576 1662 3622 ut
1705 3569 1846 3625 hanc
1897 3587 2030 3641 pro-

451 3648 688 3704 vinciam
765 3652 1095 3722 acciperem.
1159 3652 1314 3720 Quod
1384 3655 1431 3710 si
1501 3657 1684 3713 minus
1758 3663 2030 3732 exquisite

451 3738 710 3808 perfecta:
751 3741 959 3794 fuerint
1001 3743 1187 3812 operis
1218 3743 1384 3815 hujus
1422 3746 1652 3819 singula:
1691 3761 1896 3820 partes,
1939 3769 2032 3809 vc-

450 3831 596 3886 niam
635 3849 665 3887 a
699 3833 999 3889 lectoribus
1026 3845 1176 3906 peto.
1218 3837 1497 3895 Fortassis
1525 3841 1674 3896 enim
1708 3842 1763 3898 in
1801 3845 1906 3900 hoc
1937 3863 2025 3902 se-

450 3937 608 3978 cessu
635 3939 783 3978 nunc
813 3925 996 3994 agenti
1029 3926 1187 3990 mihi,
1231 3943 1409 3998 neque
1451 3931 1613 4000 copia
1657 3932 1930 3990 librorum
1959 3937 2024 3990 ad

450 4013 795 4068 condendam
827 4016 1114 4071 historiam
1145 4017 1454 4073 necessaria
1473 4021 1825 4092 Gsuppetet,
1847 4042 2025 4096 neque

451 4107 753 4178 scriptores
776 4124 972 4164 omnes
1001 4109 1194 4163 iisdem
1231 4109 1298 4163 de
1329 4109 1496 4165 rebus
1535 4113 1729 4167 eadem
1781 4117 2026 4172 tradide-

453 4210 604 4266 runt,
639 4209 698 4254 ut
729 4217 837 4254 non
865 4201 918 4254 in
955 4201 1232 4271 pluribus,
1281 4201 1476 4255 saltem
1507 4201 1560 4255 in
1590 4203 1777 4258 multis
1813 4205 2028 4261 dissen-

455 4289 673 4344 tientes.
715 4290 869 4355 Quod
901 4291 944 4344 si
975 4289 1158 4345 omnia
1202 4291 1420 4345 curiose
1465 4293 1721 4363 persequi
1775 4295 2026 4362 voluero,

451 4398 515 4438 ac
555 4399 868 4447 recensere,
899 4383 1030 4454 quid
1055 4384 1196 4439 alius
1223 4393 1394 4454 atque
1439 4385 1580 4440 alius
1626 4386 1816 4442 eadem
1861 4389 1930 4444 de
1969 4407 2028 4446 re

451 4474 651 4530 dixerit
698 4493 712 4529 :
767 4475 898 4530 lllihi
949 4476 1114 4530 etiam
1157 4477 1433 4546 prolixum
1483 4495 1813 4550 unaquaque
1850 4481 1918 4537 de
1967 4499 2030 4538 re

453 4577 713 4622 nascetur
729 4583 890 4638 Opus.
921 4567 1274 4638 Quapropter
1301 4569 1609 4624 contrarias
1635 4569 2024 4626 historicorum

451 4659 803 4714 narrationes
849 4661 1136 4730 praeterire
1193 4661 1330 4715 mihi
1375 4663 1555 4716 visum
1597 4671 1702 4729 cst,
1750 4664 1856 4720 nisi
1893 4667 2024 4737 quid

452 4751 674 4806 maximi
725 4753 898 4808 fuerit
946 4754 1209 4808 momenti
1248 4770 1264 4808 :
1316 4769 1426 4825 quo
1473 4756 1870 4826 praetermisso,
1905 4759 2022 4830 ipsa

451 4845 699 4900 historice
743 4846 1032 4918 integritas
1074 4847 1339 4902 labascat.
1399 4849 1518 4903 lam
1557 4847 1858 4904 dictionem
1901 4866 2024 4907 esse

449 4938 677 5003 variam,
707 4955 808 4994 nec
830 4955 928 5010 per
954 4941 1136 4994 onmia
1161 4941 1244 4995 sui
1278 4940 1513 4996 similem
1568 4956 1732 4997 nemo
1763 4943 2020 5007 miretur,

2136 2819 2478 2892 προσϐολῶν,
2545 2820 2644 2898 και
2693 2819 2726 2888 ἢ
2795 2817 2931 2888 πρὸς
2989 2815 3268 2886 ἁμαρτίας
3321 2812 3716 2879 ἐξολισοαίνειν

2137 2915 2334 2977 ποιεῖν,
2361 2913 2409 2966 εἰ
2436 2912 2532 2966 καὶ
2560 2911 2634 2982 μὴ
2663 2909 2950 2983 πράξεσιν,
2977 2909 3116 2962 ἀλλά
3137 2924 3199 2976 γε
3225 2906 3714 2976 συγκαταθέσεσιν,

2133 3005 2166 3076 ἢ
2199 3006 2335 3066 τέως
2365 3003 2535 3073 ζάλην
2565 2999 2717 3071 αὑτῷ
2757 2999 2959 3068 πολλὴν
2999 2997 3384 3068 ἐπικυμαίνειν
3417 2998 3510 3050 καὶ
3537 2996 3716 3068 τάρα-

2133 3113 2249 3168 χον.
2293 3096 2356 3151 El
2383 3096 2441 3150 δέ
2471 3111 2616 3148 τισιν
2650 3095 2678 3146 ὁ
2710 3092 2835 3158 νοῦς
2859 3092 3243 3163 ὲνησχόληται,
3266 3089 3584 3160 διαφεύγειν
3619 3091 3718 3142 πέ-

2135 3205 2306 3258 φυκεν
2333 3188 2408 3252 ὡς
2435 3187 2644 3240 ἐπίπαν
2671 3187 2767 3249 τὰς
2797 3187 2862 3239 ὲκ
2893 3184 3004 3238 τῶν
3047 3183 3258 3237 πολλῶν
3290 3183 3566 3252 λογισμῶν
3598 3197 3717 3252 τρι-

2133 3281 2362 3350 κυμίας,
2397 3280 2494 3335 καὶ
2527 3279 2636 3332 τῶν
2663 3277 2918 3348 πονηρῶν
2949 3275 3325 3347 ἐνθυμήσεων.
3355 3277 3455 3330 Διά
3494 3291 3554 3328 τε
3596 3275 3716 3328 τοί-

2133 3388 2227 3425 νυν
2259 3371 2361 3442 τὴν
2401 3373 2466 3424 ἐκ
2514 3371 2624 3424 τῶν
2660 3369 2834 3440 φίλων
2867 3366 3196 3438 παράοηξιν,
3231 3365 3326 3420 καὶ
3355 3366 3442 3419 διὰ
3477 3367 3574 3436 τὴν
3603 3364 3715 3418 τῶν

2133 3464 2418 3536 ῥυπαρῶν,
2448 3463 2481 3536 ἢ
2515 3463 2608 3518 καὶ
2645 3463 2890 3534 ματαίων
2922 3460 3200 3530 λογισμῶν
3222 3459 3510 3529 ἀπόϐ.,σιν,
3541 3474 3716 3529 προσ-

2132 3558 2342 3628 ήγαγον
2377 3557 2573 3610 ἑαυτὸν
2600 3556 2676 3626 τῷ
2709 3553 3110 3624 σπουδάσματι.
3143 3551 3300 3606 Οὕτω
3345 3551 3444 3621 μὲν
3475 3547 3570 3605 οὖν
3617 3568 3713 3621 μοι

2131 3651 2414 3704 ἐπιϐαλεῖν
2445 3651 2668 3718 ἐγένετο
2699 3648 2777 3719 τῷ
2824 3647 3054 3718 παρόντι
3085 3645 3507 3716 συγγράμματι.
3549 3645 3614 3697 Εἰ
3652 3642 3712 3696 δὲ

2133 3745 2208 3814 μὴ
2237 3743 2682 3816 διηκριϐωμένην
2711 3743 2810 3812 τὴν
2839 3743 2968 3812 περὶ
2997 3741 3232 3796 ἑκάστου
3260 3741 3369 3794 τῶν
3393 3742 3710 3807 ἀναγραςο-

2133 3836 2310 3907 μένων
2355 3835 2596 3906 ἱστορίαν
2648 3835 2973 3906 ποιήσομαι,
3020 3832 3208 3904 νέμειν
3269 3847 3360 3902 μοι
3410 3829 3710 3900 συγνώμην

2129 3929 2278 4000 αὐτῷ
2310 3931 2437 3993 τοὺς
2484 3927 2902 3998 ἐντευξομένους
2955 3928 3116 3999 αὐτῇ.
3180 3925 3318 3980 Οὔτε
3363 3923 3472 3996 γὰρ
3508 3921 3709 3994 βίϐλων

2133 4025 2262 4086 ἴσως
2309 4041 2401 4092 μοι
2449 4022 2758 4092 εὐπορῆσαι
2797 4021 3110 4092 γενήσεται,
3143 4019 3268 4073 ὅσαι
3297 4035 3388 4088 μοι
3421 4015 3708 4086 χρειώδεις

2131 4113 2238 4165 εἰσὶ
2275 4115 2412 4182 προς
2453 4117 2514 4166 τὸ
2545 4113 2916 4186 σύγγραμμα,
2963 4113 3113 4184 παρὰ
3150 4115 3217 4184 τῇ
3255 4111 3486 4181 ἐσχατιᾷ
3528 4108 3709 4181 ταύτῃ

2128 4204 2441 4276 ποιουμένῳ
2471 4209 2590 4259 νυνὶ
2630 4209 2728 4280 τὴν
2761 4207 3064 4280 διατριϐὴν,
3097 4205 3222 4260 οὔτε
3253 4205 3453 4267 πάντες
3481 4205 3532 4258 οἱ
3574 4218 3707 4270 συγ-

2129 4298 2364 4368 γραφεῖς
2419 4299 2528 4352 τῶν
2592 4301 2845 4371 ἱστοριῶν
2883 4300 2950 4354 τὰ
2994 4299 3136 4353 αὐτὰ
3172 4299 3304 4370 περὶ
3353 4295 3462 4348 τῶν
3521 4295 3706 4348 αὐτῶν

2132 4394 2612 4465 συγγεγράφασιν,
2644 4394 2759 4447 ἀλλ’
2787 4395 2844 4446 ἐν
2874 4391 3088 4454 πολλιῖς
3130 4386 3512 4458 διαφωνοῦσιν,
3548 4385 3600 4436 εἰ
3637 4401 3706 4450 γε

2133 4485 2208 4555 μὴ
2240 4486 2298 4540 ἐν
2322 4488 2433 4548 τοῖς
2465 4485 2728 4540 πλείοσιν.
2757 4485 2815 4537 Ei
2843 4483 2898 4536 δὲ
2929 4484 3024 4536 καὶ
3053 4478 3410 4552 ὰκριϐοὖσθαι
3443 4477 3704 4547 βουλήσο-

2129 4595 2230 4648 μαι
2260 4575 2389 4648 περῖ
2423 4579 2658 4632 ἑκάστου
2685 4577 2792 4630 τῶν
2827 4575 3247 4648 ἱστορουμένων,
3279 4571 3376 4626 καὶ
3400 4569 3613 4640 δηλοῦν,
3647 4571 3704 4622 τί

2126 4671 2225 4740 μὲν
2259 4670 2348 4722 ὅδε
2381 4670 2510 4740 περὶ
2549 4669 2702 4722 τοῦδε
2731 4667 2878 4736 λέγει
2911 4671 2938 4721 6
2968 4667 3338 4738 συγγραφεὺς,
3365 4663 3416 4717 τί
3443 4665 3488 4717 δ’
3511 4663 3702 4734 ἕτερος

2125 4763 2250 4832 περὶ
2280 4761 2374 4814 τοῦ
2404 4760 2592 4827 αὑτοῦ,
2646 4759 2968 4830 πολύστιχον
3005 4759 3072 4813 ἂν
3120 4760 3217 4812 καὶ
3245 4757 3409 4819 αὐτὸς
3435 4757 3538 4824 τὴν
3567 4755 3700 4824 περὶ

2121 4855 2360 4909 ἑκάστου
2413 4853 2802 4922 πραγματείαν
2855 4853 3176 4920 ποιήσομαι.
3223 4849 3325 4903 Διὰ
3373 4846 3546 4902 ταῦτά
3605 4863 3701 4915 μοι

2121 4948 2334 5018 παρεᾷν
2363 4946 2608 5000 δέδοκται
2647 4945 2716 4998 τὰ
2747 4945 2830 5013 ἐφ’
2867 4940 2948 5008 οἷς
2995 4943 3247 5014 ἀλλήλοις
3292 4943 3346 4995 oi.
3404 4941 3532 5011 περὶ
3582 4939 3697 4994 τῶν

1635 5058 1834 5120 Varia;
1861 5059 2173 5124 lectiones
2213 5068 2274 5123 et
2305 5068 2494 5124 notae.

516 5178 593 5250 (ὃ)
639 5175 976 5246 Ἠρεμοῦντι
1009 5175 1118 5250 γᾴρ
1155 5175 1235 5250 τῷ
1259 5176 1372 5250 νοῒ,
1401 5184 1510 5232 etc.
1545 5177 1862 5250 Anornymus
1895 5196 2015 5236 mo-

439 5245 656 5322 naclius
687 5245 1112 5322 llatisponensis
1141 5245 1209 5301 de
1241 5247 1358 5322 suis
1384 5245 1802 5322 mutationibus,
1837 5266 2014 5322 nuper

439 5321 623 5374 editus
658 5336 688 5372 ιι
720 5319 837 5373 viro
875 5317 1195 5371 doctissimo
1232 5317 1392 5372 Joan.
1433 5318 1774 5375 Mabillonio.
1817 5317 2014 5376 Anale-

437 5401 570 5442 ctor.
609 5399 740 5442 tum.
765 5388 831 5443 IV
859 5407 870 5440 :
903 5385 1128 5457 Ideoque
1154 5387 1212 5440 in
1250 5395 1399 5441 tanta
1427 5387 1660 5444 molestia
1683 5393 2010 5454 tentationis,

436 5475 553 5529 qua:
583 5476 641 5510 eo
671 5461 836 5530 magis
868 5460 1191 5520 imminebat,
1224 5474 1326 5528 quo
1360 5460 1527 5529 magis
1560 5462 1786 5530 sospitas
1827 5477 2012 5530 corpo-

436 5534 565 5583 ralis
609 5531 800 5593 inerat,
831 5530 1130 5582 omnimodo
1179 5536 1412 5582 tractare
1463 5532 1610 5598 carpi,
1640 5531 1789 5600 quali
1816 5533 2008 5600 studio

433 5601 680 5669 qualique
728 5601 906 5652 labore
937 5616 1123 5669 carpas
1158 5601 1370 5669 spiritui
1399 5599 1728 5670 subjicere’m.
1776 5599 1916 5655 Nam
1947 5618 2012 5656 ea

435 5688 547 5737 (μιν
581 5673 925 5724 conmmniter
959 5687 1076 5722 cum
1123 5672 1326 5724 ert-teris
1378 5671 1630 5738 fratribus
1683 5671 1738 5723 in
1785 5671 2012 5726 cmnobio

433 5757 590 5810 agere
625 5741 846 5796 doecbar
877 5754 896 5792 :
930 5741 1022 5794 sed
1074 5751 1121 5794 et
1171 5741 1266 5794 illa
1315 5755 1434 5811 qua:
1477 5740 1694 5810 speciali
1741 5740 2010 5795 devotione

623 5989 648 6008 ν

2115 5181 2385 5236 scribendo
2430 5189 2524 5234 aut
2575 5178 2811 5250 legendo,
2839 5197 2931 5234 seu
2969 5182 3128 5234 etiam
3159 5177 3696 5250 jejunando'_spcnte

2115 5253 2270 5318 subii,
2304 5269 2408 5306 non
2455 5251 2582 5304 satis
2621 5247 2846 5321 aﬁligere
2873 5267 3060 5320 corpus
3089 5247 3418 5302 ridebantur.
3459 5247 3698 5321 Cuiuque

2115 5323 2206 5376 diu
2233 5331 2545 5384 tractarem,
2571 5337 2681 5390 quo.
2697 5320 3028 5390 potissimum
3050 5321 3224 5375 studio
3246 5328 3433 5372 memet
3450 5320 3504 5372 in
3531 5328 3698 5374 tantis

2113 5391 2360 5458 periculis
2387 5393 2724 5446 constitutum
2749 5392 3018 5462 aptissime
3047 5391 3348 5462 jugiterque
3369 5391 3700 5460 constringe-

2115 5477 2246 5524 rem,
2273 5465 2502 5516 occurrit
2543 5461 2744 5527 animo,
2773 5469 2830 5514 ut
2861 5461 2916 5515 in
2944 5461 3232 5514 dict’amine
3261 5475 3342 5512 me
3380 5475 3694 5526 occuparem

2113 5531 2293 5599 aliqua
2321 5549 2339 5586 :
2373 5533 2510 5600 quod
2535 5539 2583 5584 et
2602 5546 2740 5598 sazpe
2766 5540 3013 5600 expertus
3041 5547 3158 5585 sum
3185 5540 3408 5583 mentem
3436 5530 3696 5584 lascivom

2117 5597 2392 5671 cujuslibet
2422 5597 2720 5656 scholastici
2758 5597 3004 5656 instructi
3055 5603 3108 5654 in
3151 5600 3298 5654 nullo
3333 5615 3481 5668 posse
3521 5602 3700 5671 magis

2117 5673 2426 5744 constringi,
2452 5687 2612 5742 quam
2639 5673 2814 5726 stutio
2847 5672 3103 5726 dictandi.
