3964 6252
178 370 242 432 49
1609 367 2034 427 ΡΒᾹΞΡΑἪΟ.
3385 366 3464 429 50

178 504 305 558 σιρ.
342 486 672 556 ἀδελφιδοῦς
696 483 771 540 ὢν
810 483 905 539 τοῦ
958 483 1312 557 ἀνῃρημένου
1340 481 1647 552 Καίσαρος,
1680 481 1773 533 καὶ

1888 480 2053 534 navali
2083 479 2271 549 proelio
2306 479 2372 533 δι’]
2415 476 2632 535 Aetium
2663 488 3008 548 superatura,
3046 486 3102 533 et
3153 477 3277 548 fuga
3322 482 3453 532 Ale-

177 578 521 649 εξσποιηθεὶς
570 578 791 649 ἐκείνῳ,
826 577 953 641 τοὺς
1003 578 1185 646 φονεῖς
1220 575 1316 629 τοῦ
1339 572 1498 628 θετοῦ
1535 571 1770 643 μετῆλθε

181 671 417 741 πατρὸς,
471 671 616 741 ἔχων
650 672 750 725 καὶ
795 669 888 723 τὸν
935 667 1229 724 ’Λντώνιον
1269 670 1366 723 τοῦ
1417 668 1581 739 ἔργου
1623 666 1773 736 αὐτῴ

180 769 622 837 συναιρόμενοψ
689 764 986 836 μετέπειτα
1043 762 1103 816 δὲ
1162 761 1407 832 κάκείνῳ
1449 760 1771 829 διενεχθεὶς,

178 863 273 915 καὶ
331 861 573 929 νικήσας
631 857 911 930 ναυμαχίᾳ
962 857 1088 929 περὶ
1128 860 1189 911 τὸ
1229 858 1478 922 Ἀκτιον,
1514 850 1633 908 εἶτα
1669 855 1766 908 καὶ

176 958 255 1018 είς
285 954 710 1024 Ἀλεξάνδρειαν
754 954 853 1007 σύν
887 954 954 1024 τῇ
997 954 1334 1024 Κλεοπάτρᾳ.
1369 951 1611 1021 ςυγόντα
1657 953 1776 1004 ἐπι-

177 1045 537 1111 καταῗλαϐὼν,
569 1049 649 1109 είς
676 1046 840 1099 τοῦτο
872 1044 1240 1116 περιέστησεν
1286 1045 1532 1116 ἀνάγκης
1561 1044 1651 1099 τὸν
1684 1045 1777 1100 ἄν-

181 1140 311 1210 δρα,
360 1138 441 1203 ώς
490 1141 587 1193 καὶ
631 1138 1076 1211 διαχειρίσασθαι
1103 1137 1328 1192 ἑαυτόνο
1368 1140 1468 1209 ὅση
1496 1156 1556 1193 τε
1599 1138 1776 1209 φθορά

178 1232 293 1285 τῶν
338 1233 639 1303 Ῥωμαίων
683 1236 743 1286 ὲν
771 1235 886 1294 τοῖς
939 1230 1231 1303 ἐμφυλίοις
1260 1233 1520 1303 πολέμοις
1564 1231 1777 1295 τούτοις

178 1324 424 1393 ἐγένετο,
460 1325 735 1396 πρότερον
788 1325 887 1397 μὲν
929 1326 1065 1396 πρὸς
1100 1324 1339 1395 Βροῦτον
1385 1326 1480 1380 καὶ
1511 1325 1774 1392 Κάσσιον,

178 1418 274 1470 κού⁹
298 1418 428 1478 τούς
455 1416 653 1481 ἄλλους
678 1417 976 1490 ἀναιρὲτας
1006 1419 1100 1471 τοῦ
1135 1418 1438 1490 Καίσαρος,
1463 1417 1558 1471 τοῦ
1580 1419 1778 1471 Ὀκτα-

178 1511 301 1563 ϐίου
345 1512 444 1564 καὶ
486 1511 581 1564 τοῦ
618 1511 912 1567 Ἀντωνίου
955 1512 1504 1582 ἀντικαθισαμένων,
1531 1508 1652 1566 εἶτα
1683 1518 1780 1566 καὶ

178 1604 321 1676 πρὸς
368 1603 646 1677 ἀλλήλους
700 1605 1107 1678 μαχεσαμένων
1155 1607 1374 1660 αὐτῶν·
1410 1616 1503 1661 καὶ
1531 1606 1606 1669 ώς
1639 1607 1777 1673 ἐζω-

177 1696 364 1767 γρήθη
398 1697 500 1767 μὲν
529 1700 562 1769 ἡ
596 1699 929 1768 Κλεοπάτρα
954 1702 988 1771 ἡ
1015 1700 1115 1769 τῆς
1139 1700 1420 1769 Αἰγύπτου
1465 1701 1775 1771 βασίλισσα,

177 1787 316 1844 οὐσα
368 1790 481 1844 τῶν
524 1791 884 1862 Πτολεμαίων
920 1793 1213 1863 ἀπόγονος,
1249 1794 1430 1847 ἀνεῖλε
1470 1793 1528 1847 δὲ
1575 1793 1777 1865 ἑαυτὴν

180 1887 443 1958 κάκείνη.
465 1887 542 1949 ὡς
566 1888 825 1959 εἰκάσθη,
852 1888 1079 1953 ἀσπίδος
1102 1888 1348 1960 δήγματι
1369 1905 1384 1919 ·
1414 1888 1509 1943 καὶ
1530 1889 1613 1942 ὅτι
1636 1887 1780 1943 οὕτω

186 1982 304 2050 μετ’
335 1981 630 2035 ἐπινικίων
663 1982 937 2053 λαμπρῶν
960 1986 1042 2046 είς
1062 1981 1164 2054 τὴν
1216 1983 1441 2054 Ῥώμην
1464 1981 1779 2038 ἐπανελθὼν

182 2075 215 2123 ὁ
251 2070 571 2141 Ὀκτάβιος,
601 2071 702 2141 τῆς
745 2072 1048 2143 αὐταρχίας
1095 2072 1523 2143 ἀντεποιήσατο,
1558 2073 1651 2124 καὶ
1699 2072 1782 2133 είς

189 2164 398 2235 ἀκριϐῆ
455 2165 762 2234 μοναρχίαν
825 2165 927 2236 τὴν
971 2164 1081 2217 τῶν
1139 2163 1432 2234 Ῥωμαίων
1478 2163 1782 2234 ἡγεμονίαν

198 2259 529 2329 μετήνεγκε,
579 2260 677 2312 καὶ
708 2258 854 2322 τίνες
885 2257 1006 2328 μετ’
1050 2257 1215 2312 αὐτὸν
1249 2256 1661 2326 ἐμουάρχησαν,
1690 2255 1784 2309 καὶ

196 2351 338 2414 ὅπως
380 2352 620 2414 ἕκαστος
655 2351 753 2420 τῆς
791 2351 970 2421 ἀρχῆς
1018 2349 1217 2420 ἐπέϐη,
1253 2351 1346 2402 κα)⁵
1390 2350 1539 2410 ὅπως
1573 2348 1669 2399 καὶ
1697 2344 1783 2416 ἐφ’

194 2446 313 2497 ὅσον
344 2440 510 2515 ἦρξε,
537 2445 631 2496 καὶ
672 2444 771 2514 οἵῳ
808 2444 956 2496 τέλει
995 2443 1095 2513 τῆς
1127 2444 1273 2513 ζωῆς
1313 2444 1614 2512 συνέκυρσε
1642 2461 1654 2475 ι
1689 2442 1784 2493 καὶ

192 2539 334 2601 τίνες
379 2537 480 2590 ἐπὶ
525 2539 759 2601 τούτων,
793 2538 931 2606 μετά
981 2536 1107 2600 τούς
1142 2538 1377 2601 σεπτούς
1425 2536 1782 2597 ἀποστόλους,

193 2630 314 2694 τούς
362 2631 593 2703 θρόνους
649 2631 969 2700 ἐκόσμησαν
1022 2630 1134 2682 τῶν
1187 2630 1473 2699 τεσσάρων
1530 2628 1787 2698 μεγάλων

192 2721 563 2793 Ἐκκλησιῶν,
613 2725 714 2792 τῆς
769 2721 990 2792 Ῥώμης
1041 2721 1208 2788 λέγω,
1268 2723 1363 2773 καὶ
1403 2721 1499 2791 τῆς
1532 2719 1786 2785 Ἀλεξαν-

198 2814 401 2884 δρείας,
456 2814 801 2885 Ἀντιοχείας
850 2832 908 2867 τε
962 2816 1057 2867 καὶ
1110 2815 1208 2884 τῆς
1252 2812 1651 2884 Ἰερουσαλὴμ,
1692 2813 1787 2866 καὶ

199 2909 311 2961 ὅσοι
371 2907 588 2961 τούτων
652 2907 999 2979 μαρτυρικοῦ
1068 2907 1260 2970 τέλους
1329 2905 1785 2978 κατηξιώθησαν

198 3001 339 3063 ὅπως
377 3017 441 3052 τε
503 2999 708 3065 μᾶλλον
743 2999 853 3052 τῶν
909 2998 1087 3053 ἀλλων
1116 2997 1261 3052 κατά
1293 2996 1642 3069 Χριστιανῶν
1672 2997 1791 3062 ὲξε-

198 3099 475 3169 λύττησαν
539 3098 927 3167 Διοκλητιανδς
975 3095 1068 3148 καὶ
1116 3092 1513 3163 Μαξιμιανὸςὸ
1564 3090 1792 3163 Ἐρκού-

1876 572 2163 628 xantlriam
2193 589 2318 627 cum
2358 572 2650 642 Cleopatra
2685 573 2932 642 elapsum
2969 580 3186 630 nactus,
3231 570 3296 623 ad
3339 586 3455 623 ma-

1875 683 1980 721 nus
2007 666 2113 721 sibi
2147 667 2247 736 ipsi
2277 664 2588 720 all'erendas
2615 665 2973 734 compulerit;
2998 674 3217 734 quantm
3252 662 3455 716 Roma-

1874 774 2073 823 norum
2106 758 2160 813 in
2218 758 2477 813 eivil'hus
2511 758 2631 812 istis
2675 757 2838 812 bellis
2890 765 3099 827 strages
3136 756 3248 810 sint
3273 755 3457 816 editae,

1875 855 2114 927 primum
2159 852 2388 908 Octavio
2445 859 2501 904 et
2537 851 2781 907 Antonio
2832 849 3083 904 Cassium
3115 858 3170 903 et
3199 848 3455 911 Brutum,

1875 960 2214 1018 ceterosque
2255 945 2487 1003 Cmsaris
2547 959 2903 1016 percussores
2952 941 3459 1013 persequentibus.

1877 1042 2076 1100 deinde
2096 1042 2242 1097 inter
2279 1056 2399 1096 sese
2434 1039 2640 1095 bellum
2665 1037 3022 1110 gerentibus;
3052 1045 3113 1091 ut
3144 1034 3459 1106 CleOpatra,

1875 1137 2095 1211 Egypti
2128 1135 2317 1206 regina
2343 1150 2409 1189 ex
2443 1140 2605 1205 gente
2636 1131 3084 1193 Ptolema‘orum,
3114 1128 3239 1182 viva
3274 1127 3327 1181 in
3361 1143 3461 1197 po—

1882 1244 2141 1290 testatem
2198 1228 2429 1285 victoris
2488 1226 2732 1288 venerit,
2779 1234 2836 1279 et
2872 1223 3110 1293 scipsam
3157 1221 3240 1289 (ut
3272 1220 3459 1291 conje-

1880 1337 2038 1382 ctura
2088 1324 2215 1393 fuit)
2269 1338 2456 1378 morsu
2490 1317 2701 1389 aspidis
2746 1317 3020 1387 serpentis
3050 1313 3371 1378 sustulerit;
3398 1319 3462 1365 ut

1879 1419 1986 1473 hoc
2017 1416 2180 1471 modo
2225 1413 2477 1469 victoriis
2524 1411 2758 1465 illustris
2799 1406 3063 1464 Octavius
3090 1405 3325 1460 Romam
3377 1403 3462 1458 in-

1879 1525 2126 1583 gressus,
2164 1508 2456 1579 imperium
2490 1503 2584 1559 uni
2634 1501 2741 1558 sibi
2793 1499 3098 1571 usurparit,
3146 1496 3460 1569 principatu

1882 1605 2259 1660 Romanorum
2312 1598 2476 1669 plane
2525 1596 2582 1651 in
2647 1593 3026 1651 monarchiam
3074 1597 3461 1647 commutato:

1882 1697 1977 1768 qui
2007 1695 2057 1750 ci
2083 1692 2457 1750 successerint
2503 1689 2558 1743 in
2598 1687 2855 1759 imperio.
2891 1694 2952 1741 ut
3005 1685 3243 1756 quisque
3291 1682 3464 1749 impe-

1887 1788 2030 1843 rium
2079 1784 2410 1856 susceperit,
2473 1792 2533 1836 ut
2563 1788 2619 1835 et
2644 1778 2891 1850 quandiu
2941 1774 3251 1846 imperarit,
3297 1786 3463 1841 quem

1885 1885 2013 1941 vita:
2041 1883 2249 1938 exitum
2306 1876 2600 1940 habuerit;
2635 1875 2732 1944 qui
2766 1872 2869 1929 sub
2902 1872 3011 1938 his,
3068 1878 3193 1941 post
3246 1873 3467 1922 sanctos

1881 1975 2181 2047 apostolos,
2201 1982 2442 2042 quatuor
2475 1981 2795 2036 magnarum
2827 1963 3202 2019 Ecclesiarum
3234 1961 3472 2019 thronos

1884 2067 2155 2133 ornarint,
2189 2066 2478 2127 Romanae,
2518 2063 2765 2131 inquam,
2804 2054 3213 2117 Alexandrinum,
3271 2049 3470 2105 Antio-

1882 2162 2096 2225 chente,
2124 2168 2181 2214 et
2223 2155 2775 2227 llierosolymitanaz;
2819 2149 2912 2220 qui
2947 2164 3014 2204 ex
3045 2147 3136 2202 his
3173 2145 3226 2200 in
3255 2152 3466 2215 marty-

1884 2270 2007 2310 rum
2036 2267 2326 2308 numerum
2355 2260 2412 2303 et
2441 2247 2760 2319 dignitatem
2800 2244 2911 2298 sint
2943 2239 3153 2309 recepti
3186 2255 3201 2304 ;
3236 2246 3299 2291 ut
3334 2236 3467 2291 Dio-

1884 2347 2107 2405 cletiani
2173 2347 2271 2415 11
2329 2355 2385 2399 et
2421 2339 2733 2397 Maximiani
2788 2334 3029 2391 llerculii
3072 2331 3307 2401 insignis
3358 2343 3469 2399 prae

1885 2442 2100 2497 rteteris
2140 2437 2321 2494 rabies
2354 2438 2409 2490 in
2452 2432 2800 2491 Christianos
2850 2428 3167 2492 exstiterit;
3203 2434 3264 2479 ut
3301 2423 3468 2477 iidem

1886 2534 2144 2589 abdicato
2176 2527 2434 2601 imperio,
2455 2527 2594 2580 alios
2627 2540 2726 2579 suo
2771 2523 2893 2577 loco
2924 2518 3167 2575 Caesares
3212 2530 3471 2584 surroga-

1887 2628 2021 2689 rint,
2080 2639 2317 2694 quorum
2366 2636 2512 2676 unus
2585 2616 2691 2673 luit
2744 2613 3109 2671 Constantius
3172 2608 3412 2664 Chlorus
3449 2646 3464 2671 ,

1886 2717 2061 2791 Magni
2101 2713 2451 2773 Constantini
2482 2719 2659 2783 pater,
2691 2707 2776 2763 cui
2813 2704 3115 2762 Galliarum
3147 2709 3203 2755 et
3246 2698 3470 2753 Britan-

1888 2817 1991 2870 nia:
2024 2811 2318 2882 imperium
2353 2807 2535 2862 fuerat
2578 2802 2944 2864 attributum;
2980 2804 3040 2851 ut
3081 2795 3174 2850 hic
3225 2792 3471 2847 moriens

1889 2904 2318 2981 primogenitum
2370 2914 2531 2954 suum
2576 2893 3024 2955 Constantinum,
3086 2888 3291 2960 pietate
3342 2898 3474 2954 apo-

1889 3000 2047 3057 stolis
2082 2993 2500 3052 conferendum.
2540 2987 2756 3057 imperii
2793 2996 3169 3040 successorem
3218 2976 3473 3047 designa-

1890 3094 2067 3158 verit;
2102 3100 2161 3145 ut
2192 3088 2283 3144 hic
2317 3101 2461 3141 unus
2504 3098 2689 3137 rerum
2720 3078 2792 3133 sit
2821 3059 3053 3148 potitus,
3092 3071 3338 3127 subactis
3363 3083 3469 3122 εω-

150 3194 161 3201 ”
200 3159 467 3255 λιοςίκαὶ
515 3189 592 3249 ώς
626 3159 739 3260 τὴν.
783 3188 960 3260 ἀρχὴν
1009 3159 1343 3257 ἀποθέμενοι
1386 3159 1638 3251 ,ἐτέρους
1669 3182 1785 3236 ἀνθ’

1895 3186 2048 3251 teris,
2087 3198 2213 3240 eum
2263 3179 2487 3252 quidem
2535 3175 2754 3245 signum
2790 3167 2974 3225 crucis
3029 3181 3128 3236 per
3187 3161 3378 3218 stellas
3416 3159 3470 3213 in

196 3284 409 3338 ἑαυτῶν
439 3282 865 3353 ἐχειροτόνησαν
927 3279 1217 3350 Καίσαρας
1240 3294 1255 3308 °
1289 3270 1365 3331 ὧν
1389 3270 1470 3339 εἷς
1494 3274 1789 3328 Κωνστάν-

199 3394 306 3441 τιος
336 3380 366 3431 ὁ
398 3375 632 3446 Χλωρὸς
668 3374 747 3444 (7)
771 3369 864 3445 ἦν,
900 3375 927 3426 ό
957 3371 1053 3426 τοῦ
1092 3369 1333 3443 μεγάλου
1365 3368 1788 3422 Κωνσταντίνου

202 3470 403 3540 πατὴρ,
440 3469 542 3538 τῆς
574 3467 750 3539 ἀρχῆς
781 3466 891 3519 τῶν
924 3463 1171 3520 Γαλλιῶν
1196 3463 1292 3516 καὶ
1327 3460 1427 3531 τῆς
1454 3461 1790 3530 Βρεττανίας

204 3561 649 3632 ἀπονεμηθείσης
680 3559 866 3631 αὐτῷ’
921 3561 1015 3613 καὶ
1045 3558 1120 3623 ώς
1168 3556 1419 3627 θνήσκων
1461 3555 1671 3618 ἐκεῖνος
1696 3554 1791 3607 τὸν

206 3658 556 3725 πρωτότοκον
593 3656 710 3709 υίδν
743 3654 966 3720 ἑαυτοῦ,
999 3652 1192 3707 τοῦτον
1220 3652 1286 3722 δὴ
1316 3649 1410 3703 τὸν
1435 3648 1791 3703 ἱταπόστολον

204 3750 393 3801 Koma:
404 3747 748 3815 αντίνον,τῆς
768 3746 976 3808 οἰκείας
1001 3745 1176 3815 ἀρχῆς
1200 3743 1447 3815 διάδοχον
1470 3741 1788 3810 ἐποιήσατοο

205 3842 295 3895 καὶ
312 3842 389 3904 ώς
416 3841 699 3914 μονάρχης
719 3837 874 3905 οὗτος
897 3840 1289 3910 κατέστη,τούς
1302 3839 1522 3899 λοιποὺς
1536 3852 1790 3902 καταγω-

206 3934 520 4004 νισάμενος,
547 3933 807 4003 ὀφθέντος
833 3933 983 4003 αὐτῷ
1012 3932 1109 3987 τοῦ
1142 3930 1441 4003 σταυρικοῦ
1466 3927 1698 3999 σημείου
1716 3924 1788 3979 δι’

207 4029 457 4099 ἀστέρων
485 4029 546 4081 ὲν
577 4026 655 4096 τῷ
697 4026 946 4099 οὐρανῷ’
984 4027 1084 4081 καὶ
1115 4026 1191 4090 ὼς
1227 4023 1632 4097 προσεληλύθει
1658 4022 1793 4092 Χρι-

208 4120 333 4191 στῷ,
374 4121 475 4174 καὶ
511 4120 611 4192 τὴν
645 4120 831 4173 πίστιν
860 4119 1152 4180 ὲπλάτυνε.
1198 4117 1526 4190 παρρησίαν
1557 4113 1681 4177 δοὺς
1713 4112 1792 4183 τῷ

207 4214 553 4284 κηρύγματι,
586 4215 683 4266 ιιιαῖ¹
715 4214 865 4274 ὅπως
900 4214 958 4264 ὲν
987 4210 1064 4281 τῷ
1106 4209 1392 4279 Βυζαντίῳ
1421 4206 1579 4260 πόλιν
1610 4202 1792 4274 ἑαυτῷ

208 4305 499 4375 ὁμώνυμον
535 4305 858 4378 ᾠκοδόμησε
880 4347 895 4370 ,
924 4303 1072 4357 Νέαν
1121 4301 1340 4373 Ῥώμην
1386 4299 1664 4371 ὀνομάσας
1697 4298 1793 4352 αὐ-

209 4399 340 4467 τὴν,
385 4398 485 4452 καὶ
542 4397 825 4467 βασιλείαν
869 4400 932 4451 ὲκ
981 4399 1081 4468 τῆς
1132 4396 1514 4467 πρεσϐυτέρας
1568 4392 1793 4464 Ῥώμης

211 4495 285 4555 εἰς
330 4493 549 4562 ταύτην
596 4494 925 4563 μετήνεγκε.
979 4492 1091 4547 Καὶ
1137 4489 1286 4551 τίνες
1330 4489 1447 4557 μετ’
1483 4488 1692 4540 ἐκεῖνον
1735 4487 1792 4539 ἐν

216 4591 345 4659 αὐτῇ
380 4587 769 4651 ἐϐασίλευσαν,
813 4586 910 4640 καὶ
949 4580 1061 4649 οἷος
1099 4585 1332 4646 ἕκαστος
1364 4578 1433 4643 ἦν
1487 4582 1613 4644 τοὺς
1666 4581 1793 4649 1.00"

220 4698 371 4746 πους,
425 4682 567 4736 ἀλλά
615 4681 723 4754 μὴν
753 4682 850 4738 καὶ
885 4681 946 4735 τὸ
989 4679 1181 4744 σέϐας,
1219 4678 1315 4733 καὶ
1350 4678 1436 4746 ἐφ’
1467 4677 1592 4731 ὅσον
1628 4672 1795 4742 ἐκρά-

216 4790 341 4844 τηπε
371 4775 450 4848 (3)
484 4777 587 4846 τῆς
617 4776 821 4849 ἀρχῆς,
848 4777 942 4831 καὶ
973 4777 1122 4838 ὅπως
1151 4772 1455 4846 μετήλλαξε
1490 4769 1589 4841 τὴν
1623 4769 1788 4838 ζωήν*

1890 3282 2031 3339 celo
2064 3278 2359 3334 formatum
2392 3271 2442 3328 ci
2474 3267 2820 3341 apparuisset
2848 3281 2863 3318 :
2892 3270 2952 3317 ut
2989 3261 3056 3314 ad
3098 3255 3381 3314 Christum
3413 3265 3472 3307 se

1891 3371 2209 3436 contulerit,
2239 3369 2511 3437 ﬁdemque
2562 3358 2913 3434 propagarit,
2956 3350 3241 3423 Evangelii
3292 3346 3470 3402 libere

1891 3463 2231 3542 praedicandi
2300 3467 2572 3532 potestate
2625 3456 2789 3520 data;
2841 3458 2904 3505 ut
2961 3443 3212 3518 Byzantii
3277 3440 3472 3496 urbem

1893 3561 1996 3618 sibi
2031 3556 2416 3629 cognominem
2462 3545 2774 3611 tedilicarit,
2822 3542 2988 3599 Novae
3013 3539 3204 3594 Romae
3250 3532 3476 3588 nomine

1895 3654 2091 3718 indito,
2124 3659 2292 3720 atque
2342 3643 2638 3715 imperium
2673 3656 2743 3695 ex
2774 3646 2964 3693 vetere
3019 3631 3191 3686 Roma
3247 3627 3303 3682 in
3335 3626 3477 3680 hanc

1896 3719 2278 3807 transtulerit;
2315 3740 2411 3810 qui
2465 3746 2591 3808 post
2632 3748 2758 3788 eum
2798 3729 2877 3785 ibi
2909 3724 3212 3797 reguarint.
3272 3719 3479 3790 quibus

1893 3842 2130 3914 quisque
2164 3834 2336 3891 fuerit
2379 3830 2655 3886 moribus.
2686 3839 2793 3895 qua
2823 3821 3057 3893 pietate,
3092 3812 3342 3887 quandiu
3391 3818 3473 3863 te-

1896 3935 2081 3993 nuerit
2112 3926 2432 4000 imperium,
2481 3930 2541 3977 ut
2574 3936 2605 3975 e
2654 3919 2766 3973 vita
2804 3909 3158 3973 discesserit;
3191 3905 3284 3977 qui
3329 3902 3475 3958 Con-

1894 3994 2401 4092 stantinopolitame
2443 4010 2706 4069 Ecclesiae
2744 4002 3089 4078 praefuerint,
3136 4009 3195 4056 et
3226 3994 3473 4067 quandiu

1895 4090 2166 4189 quisque;
2198 4111 2291 4181 qui
2314 4125 2380 4165 ex
2414 4106 2522 4161 illis
2549 4112 2752 4158 rectam
2799 4093 3130 4155 sententiam
3176 4090 3485 4154 tenuerint,

1893 4179 1989 4280 qui
2017 4179 2086 4261 ab
2125 4219 2189 4259 ea
2211 4179 2277 4256 ad
2311 4200 2449 4255 alias
2475 4194 2766 4267 Opiniones
2793 4186 3126 4245 defecerint,
3159 4193 3215 4237 ut
3244 4179 3479 4250 quisque

1896 4318 1967 4356 ex
2013 4299 2119 4354 hac
2172 4297 2285 4351 vita
2315 4291 2599 4364 migrarit;
2643 4287 2745 4342 sub
2798 4283 3002 4354 quibus
3047 4273 3480 4348 imperatoribus

1897 4405 1954 4453 ct
2017 4388 2373 4465 patriarcbis,
2429 4394 2487 4441 et
2541 4397 2664 4437 cum
2728 4378 2934 4450 quibus
2983 4373 3220 4431 concilia
3274 4367 3482 4423 fuerint

1899 4462 2249 4559 conéregata.
2289 4478 2379 4535 Sic
2416 4492 2591 4546 usque
2623 4475 2688 4528 ad
2715 4470 2891 4527 nostri
2920 4467 3189 4539 temporis
3233 4462 3476 4531 impera-

1901 4593 2048 4639 tores
2084 4576 2428 4635 descendens
2460 4570 2659 4631 oratio,
2695 4561 3105 4621 consummabit
3157 4555 3476 4618 historiam,

1902 4675 2196 4730 multarum
2229 4667 2451 4723 interim
2481 4672 2537 4719 et
2569 4659 2911 4717 occultarum
2950 4669 3135 4709 rerum
3162 4649 3302 4704 facta
3334 4661 3484 4701 men-

1904 4770 2076 4822 tione.

215 4869 352 4932 τίνες
394 4888 455 4924 τε
506 4871 606 4942 τῆς
653 4871 711 4923 ὲν
755 4870 1170 4926 Κωνσταντίνου
1223 4865 1376 4921 πόλει
1431 4865 1779 4935 προέστησαν
1821 4858 2174 4928 Ἐκκλησίας,
2238 4855 2331 4909 καὶ
2364 4853 2450 4922 ἐφ’
2475 4853 2601 4905 ὅσον
2646 4847 2902 4911 ἕκαστος,
2970 4840 3066 4896 καὶ
3134 4836 3279 4900 τίνες
3306 4833 3486 4888 αὐτῶν

217 4961 305 5015 τοῦ
344 4963 511 5035 ὀρθοῦ
552 4966 828 5036 δόγματος
862 4965 1194 5036 ἀντείχοντο,
1229 4963 1375 5025 τίνες
1405 4962 1463 5015 δὲ
1496 4960 1791 5029 γεγόνασιν
1868 4954 2193 5027 ἑτερόδοξοι,
2259 4953 2411 5014 ὅπως
2456 4947 2566 5001 τῶν
2616 4945 2748 5016 τῇδε
2803 4937 3164 5015 μετελήλυθεν
3231 4935 3487 4994 ἕκαστος,

216 5061 307 5111 xtl.
330 5059 424 5114 ἐπὶ
458 5060 622 5114 τίνων
665 5059 1093 5129 αὐτοκρατόρων
1148 5058 1242 5112 καὶ
1314 5054 1696 5127 πατριαρχῶν,
1740 5052 1835 5105 καὶ
1875 5049 2017 5104 κατά
2078 5049 2239 5101 τίνων
2293 5045 2351 5100 αἱ
2411 5040 2623 5097 σύνοδοι
2679 5034 3177 5108 συγκεκρότηνται.
3225 5027 3380 5083 Οὕτω
3427 5039 3487 5076 τε

224 5154 416 5209 κατιὼν
487 5157 516 5208 ὁ
559 5154 723 5222 λόγος
770 5126 938 5225 μέχρι
985 5126 1102 5207 ’τῶν
1153 5151 1276 5205 καθ’
1326 5126 1474 5221 ἡμᾶς
1526 5145 1832 5215 γεγονότων
1907 5141 2357 5214 αὐτοκρατόρων,
2415 5134 2665 5206 περαίνει
2720 5132 2821 5204 τὴν
2869 5126 3221 5198 συγγραφὴν,

3272 5114 3487 5172 πολλῶν

224 5253 276 5304 ἐν
319 5252 396 5323 τῷ
451 5253 606 5323 μέσῳ
665 5251 763 5313 καὶ
811 5250 1151 5323 ἀποκρύφων
1205 5248 1386 5303 ἄλλων
1443 5245 1792 5317 μεμνημένος
1839 5240 2114 5312 ἱστοριῶν.

1401 5406 1608 5470 Variae
1653 5403 1966 5466 lectiones
2008 5403 2292 5464 etnotae.

293 5576 366 5649 (7)
399 5574 823 5649 Κωνστάντιος
861 5579 894 5631 ό
919 5573 1203 5649 Χᾷωρός.
1237 5570 1480 5649 _V_Vollius
1504 5571 1804 5649 _l_(wvurav-

229 5641 359 5712 τίνος
389 5650 668 5708 ediderat.
703 5655 761 5701 et
801 5648 874 5701 ita
918 5641 1124 5701 habent
1156 5644 1380 5712 quidam
1416 5641 1638 5697 codices
1671 5655 1801 5694 mss.

233 5718 375 5776 llunc
429 5719 774 5775 Κώνσταντα
829 5717 960 5772 alibi
1005 5715 1264 5787 appellat,
1311 5714 1590 5784 quomodo
1635 5712 1803 5766 etiam

1899 5566 2201 5629 scriptores
2240 5563 2472 5633 aliquot,
2496 5555 2566 5633 ἰιι
2593 5571 2696 5614 suo
2718 5555 2840 5633 loco
2878 5548 3242 5633 observamus

1973 5611 2197 5702 liii'iréi
2221 5611 2719 5700 ὅᾶἓιῖὲέὲρᾶτὴσε.
2769 5623 2848 5680 Ita
2893 5636 3026 5676 mss.
3063 5617 3224 5675 codd.
3254 5611 3485 5672 Wolﬁus

1906 5708 1992 5778 ἐφ’
2016 5708 2141 5763 ὅσον
2175 5704 2470 5777 legendum
2510 5707 2685 5770 putat.
