3964 6252
278 260 349 328 57
1556 264 1865 327 ANNALII

2007 266 2154 328 LIB.
2204 268 2256 326 Ι.
3495 267 3567 331 58

278 377 343 428 τὸ
372 373 637 442 πέλαγος.
671 372 827 443 Γηὼν
859 373 915 428 δὲ
947 373 1198 430 καλεῖται
1222 378 1249 429 6
1270 375 1530 449 δεύτερος
1552 396 1565 408 ·
1612 379 1865 450 σημαίνει

1981 378 2051 432 ab
2102 376 2330 433 Oriente
2389 377 2686 448 prominet.
2746 379 2886 434 Eum
2951 379 3229 451 Iosephus
3279 381 3465 436 Nilum
3537 399 3567 438 a

277 467 339 520 δὲ.
366 467 398 536 ἡ
426 464 624 533 κλῆσις
652 466 746 519 τὸν
774 465 884 520 ἀπὸ
932 467 1033 538 τῆς
1074 468 1344 538 ἀνατολῆς
1391 469 1762 540 ὲκδιδόμενον,
1810 471 1871 527 ὃν

276 561 475 613 Νεῖλον
499 558 769 628 Ἰώσηπος
796 560 946 630 λέγει
968 562 1405 634 προσαγορεύειν
1430 563 1556 628 τοὺς
1577 565 1871 633 Ἕλληνας.

288 652 352 705 Ὅ
384 652 432 706 δ’
463 653 558 707 ἐπὶ
588 653 753 706 τοῦτο
781 654 976 727 Τίγρις
1018 656 1188 721 ἐστιν,
1211 655 1271 709 δν
1315 658 1410 712 καὶ
1440 657 1640 725 Διγλὲιο
1687 659 1875 713 καλεῖ-

280 744 408 798 σθαί
446 762 617 814 φησιν
648 746 677 798 6
721 746 907 809 αὐτὸς,
946 747 1042 801 καὶ
1085 747 1147 801 τὸ
1185 751 1326 818 μετὰ
1381 751 1698 820 στενότητος
1776 751 1871 817 ὀξὺ

277 838 651 907 ἐμφαίνεσθαι
701 839 778 909 τῷ
825 839 1071 922 ὀνόματι.
1127 840 1185 893 '0
1219 841 1278 895 δὲ
1333 841 1524 904 λοιπὸς
1572 842 1870 912 Εὐφράτης

278 929 612 1000 ἐστίν-ἦτοι
664 927 840 998 φορὰ,
889 930 924 1003 ἡ
970 929 1177 997 ἄνθος,
1253 932 1287 1002 ἢ
1336 931 1724 1002 σχεδασιιός·
1776 936 1871 987 καὶ

231 1018 234 1021 ’
275 1022 451 1090 ἄμφω
479 1021 536 1074 δὲ
564 1013 714 1074 οὗτοι
748 1023 828 1086 εἰς
857 1022 956 1093 τὴν
1002 1022 1270 1094 Ἐρυθρὰν
1308 1023 1872 1080 εἰσϐάλλουσιοάλασ-

224 1162 232 1168 .
279 1129 406 1168 σαν.
452 1113 761 1186 Παρίστησι
811 1115 867 1169 δὲ
893 1114 1160 1187 τῷἈδὰμ
1191 1120 1218 1172 6
1245 1117 1377 1181 Θεὸς
1410 1118 1585 1171 πάντα
1614 1117 1683 1171 τὰ
1717 1116 1830 1183 ζῶα
1852 1134 1867 1150 ’

277 1209 305 1261 6
329 1206 386 1259 δὲ
416 1208 642 1279 ἑκάστῳ
672 1208 822 1277 γένει
866 1210 1051 1263 αὐτῶν
1072 1212 1313 1280 ὀνόματα
1341 1211 1549 1280 τίθησι.
1592 1211 1782 1276 κτίζει
1809 1229 1869 1266 τε

278 1298 383 1368 τὴν
425 1302 672 1365 γυναῖκα
701 1300 812 1373 [22)
836 1303 862 1355 ὁ
883 1301 1051 1366 Θεὸς,
1077 1302 1206 1373 μίαν
1246 1305 1356 1357 τῶν
1399 1303 1651 1374 πλευρῶν
1684 1301 1867 1357 λαϐὼν

279 1389 663 1453 ὑπνώττοντος
724 1391 821 1445 τοῦ
881 1391 1078 1462 ’Δόάμ,
1135 1394 1233 1448 καὶ
1291 1396 1647 1463 προσήγαγεν
1696 1394 1867 1466 αὐτὴν

277 1483 450 1553 αὐτῷ.
492 1483 554 1537 '0
591 1484 650 1537 δὲ
704 1486 767 1557 ἐξ
817 1486 1014 1540 ἑαυτοῦ
1065 1486 1369 1558 γενομένην
1426 1487 1638 1556 ταύτην
1689 1487 1864 1557 ἐγνώ-

280 1594 421 1646 ρισε,
481 1577 579 1630 καὶ
621 1581 859 1645 γυναῖκα
905 1580 1186 1649 ὠνόμασε.
1239 1580 1367 1645 Τοῖς
1415 1581 1525 1653 γὰρ
1572 1581 1854 1652 Ἑϐραίοις

287 1667 435 1722 Εὺὲα
491 1668 747 1722 καλεῖται
794 1672 827 1742 ἡ
885 1672 1047 1742 γυνὴ,
1101 1672 1332 1744 κάκείνη
1387 1672 1500 1727 Εῦα
1552 1673 1860 1743 ὡνόμαστο.

1977 468 2182 524 Grzecis
2243 471 2507 541 appellari
2573 471 2672 529 ait.
2715 471 2820 539 Qui
2892 474 3163 544 sequitur,
3217 473 3406 546 Tigris
3459 486 3564 539 est.

1977 579 2139 633 quem
2189 563 2487 632 Diglathun
2535 565 2800 636 appellari
2857 565 3002 621 idem
3057 576 3253 622 auctor
3286 568 3563 626 aﬂirmat:

1976 673 2088 727 quo
2119 658 2388 713 vocabulo
2418 675 2638 712 acumen
2675 659 2788 715 sive
2840 660 3098 715 celeritas
3130 676 3260 715 cum
3297 662 3566 733 angustiis

1974 748 2335 820 signiﬁcatur.
2393 750 2498 816 Qui
2554 759 2725 805 restat
2773 751 3086 821 Euphrates
3124 762 3209 807 est
3257 770 3271 807 :
3315 752 3563 807 declarat

1973 852 2157 897 autem
2191 858 2253 897 ca
2287 858 2391 895 vox
2420 844 2537 897 sive
2582 844 2862 911 impetum,
2913 845 3028 898 sive
3054 847 3263 914 ﬂorem,
3304 845 3419 900 sive
3452 846 3562 899 dis-

1972 932 2333 1002 sipationem:
2373 934 2428 988 lii
2476 934 2638 989 ambo
2685 936 2739 989 in
2786 936 3120 991 Erithrmum
3167 952 3318 991 mare
3362 954 3550 991 erum-

1972 1034 2132 1094 punt.
2171 1026 2320 1081 Deus
2361 1042 2528 1096 porro
2560 1027 2872 1081 animantes
2898 1046 3092 1085 omnes
3123 1038 3252 1085 ante
3282 1030 3561 1084 Adamum

1976 1118 2204 1183 statuit,
2253 1132 2315 1173 ut
2357 1119 2405 1173 is
2473 1120 2776 1190 unicuique
2838 1122 3025 1189 generi
3072 1138 3270 1177 nomen
3325 1123 3561 1177 inderet.

1972 1207 2239 1265 Praiterea
2265 1209 2553 1265 mulierem
2577 1210 2789 1274 condit,
2812 1220 2964 1266 costa
2996 1221 3215 1282 sumpta
3253 1211 3323 1266 ab
3349 1212 3561 1266 Adamo

1969 1299 2301 1365 dormiente,
2365 1313 2424 1357 et
2468 1318 2592 1357 eam
2648 1302 2879 1357 adducit
2934 1302 3034 1357 illi.
3088 1303 3140 1358 Is
3193 1320 3323 1358 vero
3379 1319 3448 1357 ex
3497 1318 3556 1357 se

1968 1391 2168 1448 factam
2228 1395 2496 1464 agnovit,
2554 1411 2620 1451 ac
2684 1397 2977 1453 mulierem
3047 1396 3373 1451 nominavit.
3422 1396 3560 1450 Nam

1967 1485 2138 1540 Evam
2176 1484 2392 1540 Hebraei
2436 1487 2726 1543 mulierem
2777 1497 2999 1554 vocant,
3033 1503 3143 1560 quo
3192 1488 3283 1542 illa
3334 1487 3560 1543 nomine

1966 1578 2147 1633 fuerat
2200 1578 2505 1650 appellata.
2562 1580 2641 1637 Ac
2688 1582 2914 1652 utrique
2961 1581 3129 1636 vitam
3181 1581 3233 1634 in
3298 1580 3568 1651 paradiso-

1964 1670 2179 1726 beatam
2202 1672 2455 1745 agebant,
2481 1675 2610 1729 nudi
2637 1674 3012 1744 simplicitate,
3072 1683 3130 1730 et
3178 1675 3289 1728 vita
3344 1674 3570 1729 fraudis

277 1757 384 1814 Ἦν
431 1761 537 1832 μὲν
594 1758 693 1816 οὖν
746 1764 948 1836 ἀμφοῖν
1000 1768 1058 1819 ὲν
1103 1765 1178 1833 τῷ
1240 1742 1558 1839 παραδείσῳ
1616 1742 1863 1837 μακαρία

1973 1765 2075 1837 17
2103 1742 2352 1834 experte.
2388 1766 2543 1822 lianc
2596 1742 2811 1822 invidet
2841 1767 2922 1822 eis
2980 1781 3232 1837 serpens,
3268 1766 3354 1821 vel
3396 1766 3560 1821 draco

279 1855 555 1933 διαγωγὴ,
621 1862 851 1926 γυμνοῖς
917 1858 1038 1913 οὖσι
1100 1862 1166 1931 τῇ
1233 1859 1523 1931 ἁπλότητι,
1591 1863 1686 1914 καὶ
1747 1862 1861 1934 ζωῇ

275 1951 341 2020 τῇ
380 1949 618 2020 ἀτέχνῳ.
650 1951 977 2006 Φθονοῦνται
1013 1952 1070 2005 δὲ
1099 1953 1254 2024 παρὰ
1286 1954 1380 2008 τοῦ
1409 1955 1610 2022 ὄφεως,
1657 1953 1852 2024 ῆμᾶλ-

278 2040 372 2095 λον
400 2045 559 2111 παρὰ
611 2045 708 2099 τοῦ
740 2045 936 2116 νοητοῦ
965 2045 1285 2116 δράκοντος.
1352 2048 1463 2102 Καὶ
1499 2047 1790 2118 πρόσεισιν
1835 2046 1863 2099 6

280 2132 403 2201 ἔσφις
456 2137 527 2206 τῇ
561 2138 809 2204 γυναικὶ.
863 2136 960 2191 καὶ
1011 2137 1375 2209 συμϐουλεύει
1416 2138 1722 2209 γεύσασθαι
1763 2139 1861 2194 τοῦ

278 2226 449 2294 φυτοῦ
474 2227 580 2298 τῆς
632 2230 977 2300 φρονήσεως·
1015 2232 1323 2305 ὁμοφωνεῖν
1357 2232 1412 2284 δὲ
1448 2231 1571 2285 τότε
1615 2233 1778 2304 φησὶν
1835 2236 1864 2289 6

287 2319 554 2389 Ἰώσηπος
591 2320 662 2374 τά
723 2320 840 2384 ζῶα
892 2320 1132 2377 ἅπαντα.
1212 2323 1280 2376 Ἦ
1328 2323 1386 2377 δὲ
1446 2324 1721 2390 πείθεται,
1768 2325 1864 2379 καὶ

280 2410 580 2482 ἡδυνθεῖσαι
604 2415 670 2483 τῇ
696 2411 925 2484 βρώσει,
959 2414 1140 2468 πείθει
1167 2417 1262 2470 καὶ
1285 2416 1380 2469 τὸν
1403 2416 1572 2489 ἄνδρα
1602 2418 1695 2471 τοῦ
1729 2435 1867 2489 καρ-

276 2502 380 2559 ποῦ
412 2507 737 2576 μετασχεῖν.
771 2507 881 2559 Καὶ
912 2506 1160 2576 ἔγνωσαν
1189 2511 1432 2579 γυμνοὺς
1482 2511 1734 2574 ἑαυτοὺς,
1770 2510 1864 2563 καὶ

275 2599 339 2650 ἐκ
370 2596 595 2665 φύλλων
646 2597 820 2667 συκῆς
875 2600 1141 2671 ἐποίησαν
1196 2601 1410 2664 ἑαυτοῖς
1478 2600 1862 2673 περιζώματα.

287 2690 666 2761 Ἐκρύπτοντό
695 2708 754 2744 τε
799 2690 887 2745 διὰ
913 2692 1012 2760 τὴν
1046 2693 1333 2763 γύμνωσιν
1384 2694 1496 2747 ἀπὸ
1529 2694 1622 2746 τοῦ
1651 2694 1788 2748 Θεοῦ
1838 2697 1866 2749 6

285 2782 460 2854 ’Δδάμ
482 2800 546 2835 τε
574 2784 671 2836 καὶ
698 2785 729 2854 ἡ
764 2785 930 2856 γυνή⁹
964 2785 1064 2838 καὶ
1102 2788 1130 2839 6
1159 2786 1292 2850 Θεὸς
1318 2787 1416 2858 τὴν
1438 2788 1621 2842 αἰτίαν
1652 2788 1862 2857 ἠρώτα,

274 2876 432 2929 καὶὸ
491 2876 669 2947 ’Λίοὰμ
719 2877 819 2947 τὴν
867 2876 1149 2945 γύμνωσιν
1218 2878 1613 2949 προεϐάλλετο,
1654 2882 1751 2934 καὶ
1804 2883 1866 2935 τὸ

274 2968 510 3040 αἰτίαμα
551 2969 839 3040 προσῆπτε
878 2973 942 3042 τῇ
994 2972 1235 3038 γυναικί.
1290 2970 1357 3027 Ἤ
1404 2972 1450 3026 δ’
1483 2971 1864 3044 ἐξηπατῆσθαι

272 3060 426 3131 παρὰ
458 3059 557 3113 τοῦ
590 3060 771 3129 ὄφεως
833 3060 1036 3129 ἔλεγεν.
1090 3060 1148 3113 '0
1171 3062 1227 3117 δὲ
1257 3062 1388 3125 Θεὸς
1441 3063 1518 3131 τῷ
1555 3062 1676 3133 ὄφει
1727 3081 1859 3119 κατ-

271 3151 631 3222 αρασάμενος
655 3152 943 3227 πρότερον,
961 3153 1141 3215 ποδῶν
1167 3171 1227 3208 τε
1251 3154 1416 3208 αὐτὸν
1444 3157 1741 3227 στερήσας,
1769 3158 1865 3210 καὶ

275 3245 374 3313 τὴν
422 3245 619 3315 φωνὴν
684 3243 1040 3314 ἀφελόμενος,
1083 3247 1224 3299 κατὰ
1275 3245 1367 3298 τὸν
1423 3244 1711 3318 Ἰώσηπον.
1771 3247 1869 3305 καὶ

276 3335 616 3390 ίλυσπᾱσθαι
665 3337 811 3390 κατὰ
844 3338 948 3408 γῆς
984 3338 1271 3405 ἐπιτάξας,
1304 3340 1400 3394 καὶ
1439 3340 1703 3411 πολέμιον
1727 3342 1867 3396 ἁπο-

274 3430 451 3499 φήνας
491 3429 555 3483 τὸ
588 3429 816 3501 σπέρμα
839 3429 949 3484 τῶν
1008 3431 1432 3503 ἅπατηθέντων,
1470 3433 1608 3503 πρὸς
1632 3433 1731 3505 τὴν
1764 3451 1868 3504 γυ-

272 3523 436 3573 ναῖκα
492 3520 790 3593 τρέπεται,
840 3521 1052 3594 καὶτῷ
1113 3523 1268 3595 ἀνδρὶ
1327 3525 1498 3596 αὐτὴν
1551 3526 1866 3598 ὑποχείριον

270 3613 478 3684 τίθησι,
512 3613 610 3675 καὶ
637 3616 757 3679 ταῖς
789 3616 846 3668 ἐν
881 3614 959 3687 τῷ
988 3615 1199 3670 τίκτειν
1228 3617 1417 3672 ὠδῖσιν
1444 3621 1698 3691 ἐπιτιμᾷ.
1731 3615 1865 3677 Εἶτα

273 3707 364 3759 καὶ
396 3705 490 3759 τὸν
520 3705 700 3778 Ἀδὰμ
731 3707 937 3775 ὑπάγει
967 3708 1260 3779 ἐπιτιμίῳ·
1292 3709 1402 3764 τόδ’
1433 3706 1503 3781 ἦν
1543 3713 1579 3783 ἡ
1605 3712 1739 3781 πρὸς
1764 3713 1866 3780 τὴν

274 3797 395 3867 vim
450 3794 633 3877 ὲξ-ἦς
667 3797 903 3870 ἐλήφθη.
946 3801 1291 3874 ἀποστροφὴ,
1343 3803 1527 3856 καὶτὸ
1581 3805 1638 3858 ἐν
1681 3805 1867 3873 ἱδρῶτι

272 3889 361 3949 τὸν
396 3888 566 3960 ᾇρτον
592 3889 820 3957 ἐσθίειν,
859 3890 956 3944 καὶ
989 3891 1051 3945 1:6
1080 3892 1179 3964 τὴν
1205 3892 1311 3961 γῆν
1344 3893 1590 3960 ἀκάνθας
1620 3897 1715 3949 καὶ
1747 3913 1870 3968 τρι-

1964 1856 2185 1923 potius,
2236 1848 2333 1926 qui
2401 1874 2500 1926 per
2549 1866 2871 1929 serpentem
2923 1858 3277 1929 intelligitur.
3333 1857 3575 1913 Accedit.

1965 1962 2216 2017 serpens,
2253 1950 2310 2003 lit
2344 1960 2547 2005 auctor
2576 1953 2800 2006 mulieri
2852 1953 3108 2023 gustandi
3152 1952 3219 2006 de
3252 1951 3452 2006 arbore
3477 1967 3559 2006 sa-

1965 2041 2186 2111 pientiae
2219 2041 2490 2114 (eamdem
2533 2054 2719 2098 autem
2773 2052 2889 2098 tum
2946 2043 3114 2098 fuisse
3173 2057 3364 2098 vocem
3399 2039 3559 2098 Jose-

1964 2134 2109 2205 pbus
2135 2137 2299 2189 tradit
2316 2136 2563 2190 omnium
2589 2135 2975 2208 animantium)
3004 2153 3020 2202 ;
3041 2137 3129 2190 illa
3152 2144 3328 2207 paret,
3349 2149 3560 2205 esuque

1966 2225 2241 2283 delectata
2275 2228 2474 2282 marito
2513 2230 2678 2282 etiam
2726 2228 3028 2298 persuadet
3059 2236 3120 2281 ut
3159 2226 3377 2282 fructus
3403 2235 3557 2281 esset

1965 2322 2259 2391 particeps.
2313 2321 2439 2375 Mox
2500 2322 2755 2375 nuditate
2811 2336 2911 2376 sua
2978 2321 3181 2388 agnita,
3240 2335 3272 2374 e
3342 2319 3561 2374 ﬁculnis

1965 2410 2115 2467 foliis
2159 2412 2379 2484 cingula
2436 2413 2544 2467 sibi
2595 2412 2798 2477 fecere,
2850 2426 3022 2481 seque
3060 2427 3090 2464 a
3134 2419 3433 2480 conSpectn
3463 2408 3561 2463 Dei

1966 2506 2290 2560 subducunt
2319 2505 2492 2559 Adam
2524 2513 2581 2559 et
2613 2505 2837 2560 mulier.
2866 2505 3037 2574 Cujus
3065 2504 3144 2558 rei
3171 2520 3395 2559 causam
3443 2503 3556 2558 Deo

1966 2606 2353 2673 percontante,
2406 2599 2648 2652 Adamus
2705 2596 3013 2652 nuditatem
3057 2605 3303 2660 excusat,
3348 2607 3404 2652 et
3437 2597 3556 2651 cul-

1967 2707 2092 2761 pam
2125 2692 2178 2745 in
2232 2691 2524 2745 mulierem
2570 2689 2852 2746 transfert.
2898 2690 3022 2746 Hatc
3062 2706 3197 2746 vero
3226 2707 3255 2745 a
3298 2700 3558 2761 serpente

1967 2800 2026 2839 se
2073 2784 2368 2855 deceptam
2447 2784 2727 2854 queritur.
2802 2784 2949 2839 Deus
3004 2792 3187 2840 autem
3239 2792 3556 2853 serpentem

1970 2876 2124 2947 prius
2178 2885 2523 2938 exsecratus,
2562 2877 2839 2946 privatum
2891 2875 3150 2947 pedibus,
3188 2875 3559 2945 ademptaque

1969 2987 2128 3038 voce,
2189 2980 2246 3026 et
2297 2969 2454 3024 humi
2512 2969 2754 3024 volutari
2797 2970 3035 3041 jussum,
3088 2969 3304 3024 hostem
3362 2984 3557 3023 eorum

1968 3063 2237 3125 declarat.
2285 3078 2425 3133 quos
2465 3062 2778 3133 decepisset
2825 3081 2838 3116 :
2872 3077 2936 3118 ac
2988 3061 3055 3117 ad
3096 3061 3387 3117 mulierem
3420 3076 3557 3116 con-

1964 3172 2178 3222 versus,
2233 3155 2431 3210 marito
2486 3171 2606 3210 eam
2667 3154 2848 3211 reddit
2905 3154 3223 3220 obnoxiam,
3255 3164 3312 3209 et
3355 3164 3550 3226 partus

1964 3249 2254 3306 doloribus
2285 3247 2504 3303 multat.
2551 3246 2761 3302 Deinde
2788 3246 2907 3301 viro
2936 3246 3103 3301 etiam
3152 3261 3370 3317 pmnam
3402 3247 3549 3301 irro-

1965 3351 2057 3415 gat
2101 3340 2453 3417 hujusmodi,
2513 3348 2659 3395 utet
2691 3339 2747 3393 in
2798 3347 3037 3404 terram,
3091 3337 3239 3393 unde
3297 3345 3557 3409 sumptus

1966 3446 2134 3501 esset,
2157 3443 2538 3491 reverteretur
2566 3452 2578 3486 :
2604 3443 2661 3489 et
2688 3434 2742 3487 in
2769 3431 2972 3488 sudore
2999 3447 3141 3502 pane
3169 3446 3270 3485 suo
3295 3445 3552 3486 vescere-

1968 3538 2086 3596 tur,
2114 3535 2172 3585 et
2204 3540 2351 3582 terra
2381 3526 2569 3597 spinas
2594 3535 2651 3580 et
2708 3524 2946 3579 tribulos
2981 3520 3033 3578 ei
3061 3522 3334 3594 gigneret.
3364 3521 3556 3591 Itaque

1967 3620 2223 3693 paradiso
2269 3620 2424 3690 ejicit
2468 3617 2722 3690 pelliceis
2764 3615 3108 3693 indumentis
3161 3615 3413 3680 amictos,
3458 3628 3561 3684 per

1966 3691 2090 3786 quae
2130 3713 2373 3768 crassior
2418 3725 2547 3765 caro
2583 3709 2836 3764 fortassis
2870 3718 2928 3763 et
2972 3691 3222 3763 mortalis
3270 3723 3335 3761 ac
3379 3706 3557 3761 refra-

1966 3809 2141 3864 ctaria
2191 3808 2545 3878 intelligitur.
2600 3806 2741 3860 Hinc
2779 3806 3059 3860 laboriosa
3090 3804 3254 3859 nobis
3297 3813 3355 3858 et
3390 3805 3557 3874 plena

1969 3898 2224 3953 dolorum
2252 3898 2367 3953 vita
2396 3897 2634 3962 exstitit,
2659 3905 2717 3952 et
2742 3897 2812 3952 ad
2840 3897 2975 3952 vitia
3001 3897 3323 3968 propensio.

279 3983 469 4048 ϐόλους
497 3985 817 4040 ἀνατέλλειν
849 3986 1022 4059 αὐτῷ.
1063 3988 1175 4042 Καὶ
1202 3990 1504 4060 μετοικίζει
1528 3992 1731 4058 αὐτοὺς
1797 3994 1863 4047 ἐκ
1938 3993 2031 4048 τοῦ
2072 3995 2436 4063 παραδείσου,
2514 3992 2816 4066 δερμάτινα
2882 3994 3068 4056 αὐτοῖς
3115 3989 3362 4062 περιθεὶς
3411 3989 3566 4043 ἐνδύ-

278 4095 444 4145 ματα,
484 4079 618 4141 ῖσως
641 4076 742 4149 τὴν
770 4080 1081 4150 παχυτέραν
1116 4080 1319 4149 σάρκα,
1359 4083 1454 4136 καὶ
1508 4083 1733 4157 θνητὴν,
1769 4086 1864 4140 καὶ
1903 4085 2218 4142 ἀντίτυπον.
2252 4085 2538 4140 Ἐντεῦθεν
2596 4086 2727 4155 ἡμῖν
2766 4085 2800 4156 ἠ
2834 4082 3085 4155 μοχθηρὰ
3113 4083 3208 4138 καὶ
3278 4081 3556 4144 δπώδυνος

275 4170 408 4242 ζωὴ,
443 4173 542 4224 καὶ
568 4171 632 4224 τὸ
664 4170 804 4243 πρὸς
828 4174 1029 4227 κακίαν
1049 4173 1351 4230 εὐόλισθον.

343 4267 416 4327 Γ.
440 4270 694 4323 Γίνονται
736 4269 918 4324 τοίνυν
951 4273 1139 4335 παῖδες
1177 4274 1384 4341 αὐτοῖς,
1432 4268 1508 4329 ὧν
1564 4276 1707 4331 Κάῖν
1756 4277 1859 4348 μὲν

2034 4276 2130 4337 ill.
2190 4274 2425 4332 Liberos
2489 4274 2656 4345 igitur
2711 4272 3040 4341 suscipiunt,
3094 4287 3331 4343 quorum
3393 4274 3551 4343 prior

276 4365 304 4414 6
340 4365 614 4437 πρότερος
643 4358 714 4434 ἦν
775 4360 1021 4431 (κτῆσιν
1081 4367 1339 4436 σημαίνει
1399 4366 1459 4422 τδ
1492 4368 1707 4441 ὄνομα),
1772 4371 1855 4425 ὅτι

279 4457 585 4527 ἐκτήσαντο
630 4455 934 4527 ἄνθρωπον.
980 4456 1151 4513 ’Δϐελ
1207 4457 1253 4511 δ’
1308 4461 1337 4512 6
1385 4458 1663 4530 δεύτερος⁸
1714 4461 1865 4532 δηλοῖ

276 4548 331 4605 δὲ
366 4549 601 4616 πένθος
640 4551 674 4619 ἡ
710 4550 924 4620 κλῆσις,
988 4548 1211 4605 ἔσεσθαι
1256 4550 1367 4624 γὰρ
1416 4554 1602 4617 αὐτοῖς
1663 4554 1862 4620 πένθος

276 4644 465 4715 ἔμελλε
496 4643 566 4698 δι’
609 4644 796 4699 αὐτόν.
825 4644 936 4698 Καὶ
965 4645 995 4697 6
1030 4646 1131 4714 μὲν
1164 4644 1329 4699 Ἅϐελ
1361 4646 1562 4716 νομεὺς
1618 4642 1687 4719 ἦν
1746 4665 1866 4701 ποι·

282 4736 468 4806 μνίου,
507 4735 609 4788 καὶ
636 4735 844 4806 ἀρετῆς
865 4735 1188 4806 ἐπεμέλετο.
1234 4735 1293 4790 Ὁ
1322 4737 1380 4791 δὲ
1420 4738 1561 4791 Κάῖν
1592 4736 1862 4810 ἐγεώργει

274 4829 371 4900 τὴν
400 4828 535 4900 γῆν,
568 4828 942 4899 πονηρότατος
983 4827 1080 4885 ὢν.
1109 4827 1282 4894 Δόξαν
1308 4830 1366 4883 δὲ
1384 4831 1572 4895 αὐτοῖς
1605 4831 1865 4903 ἀπαρχὰς

275 4924 339 4976 ὲκ
364 4924 475 4977 τῶν
508 4922 659 4976 ἰδίων
688 4921 868 4976 πόνων
891 4924 1268 4993 προσαγαγεῖν
1279 4921 1357 4991 τῷ
1373 4922 1558 4995 Θεῷ,ὁ
1589 4924 1684 4994 μὲν
1703 4922 1872 4977 Ἀϐελ

276 5012 346 5068 τὰ
370 5014 612 5085 κρείττω
633 5011 746 5066 τῶν
774 5012 1139 5087 πρωτοτόκων
1187 5016 1284 5074 καὶ
1313 5012 1647 5085 θρεμμάτων
1704 5032 1872 5086 προσ-

1967 4369 2179 4426 Cainus
2227 4367 2646 4439 (acquisitionem
2679 4366 2786 4420 hoc
2813 4364 3128 4437 significat),
3180 4364 3330 4436 quod
3380 4365 3562 4420 homi-

1976 4481 2105 4521 nem
2136 4464 2539 4535 acquisissent;
2576 4461 2851 4532 posterior
2881 4461 3089 4517 Abelus
3127 4460 3351 4532 (luctum
3401 4469 3563 4521 notat

1975 4558 2305 4614 vocabulum
2337 4574 2352 4611 :
2382 4573 2507 4611 nam
2534 4567 2756 4626 propter
2777 4571 2903 4609 eum
2926 4554 2980 4608 in
3013 4555 3166 4609 luctu
3192 4554 3361 4608 futuri
3380 4558 3559 4614 erant)

1971 4649 2281 4720 appellatus
2313 4656 2416 4704 est.
2451 4650 2531 4703 Ac
2553 4646 2760 4702 Abelus
2785 4643 3009 4715 quidem
3037 4654 3161 4697 erat
3197 4643 3389 4712 Opilio.
3443 4644 3557 4696 vir.-

1976 4743 2220 4811 tutisque
2251 4740 2570 4796 studiosus:
2601 4739 2805 4801 Cainus
2836 4746 3021 4792 autem
3056 4746 3263 4792 terram
3316 4734 3556 4796 colebat,

1975 4833 2140 4889 homo
2161 4831 2626 4903 improbissimus.
2659 4830 2833 4884 Porro
2860 4844 2988 4883 cum
3041 4828 3124 4883 eis
3163 4826 3341 4882 visum
3411 4836 3559 4880 esset

1975 4924 2247 4997 primitias
2301 4923 2557 4979 laborum
2616 4937 2845 4977 suorum
2907 4921 3111 4975 offerre
3164 4919 3299 4984 Deo,
3350 4918 3557 4973 Abelus

1977 5017 2362 5088 praestantiora
2387 5032 2454 5071 ex
2498 5015 2883 5086 primogenitis
2929 5013 3110 5085 gregis
3145 5011 3331 5070 offert.
3382 5009 3556 5065 Caino

282 5105 506 5178 ἠνεγκε,
530 5106 674 5161 Κάῖν
691 5105 747 5167 δὲ
770 5106 840 5161 τὰ
858 5105 1093 5177 τυχόντα
1120 5105 1490 5179 προσηγηόχει
1506 5108 1616 5161 τῶν
1636 5108 1736 5179 τῆς
1774 5108 1865 5178 γῆς

1978 5108 2099 5164 sine
2136 5109 2356 5165 delectu
2413 5108 2482 5164 de
2524 5118 2682 5163 teme
2734 5107 3011 5169 fructibus
3070 5105 3359 5160 offerente.
3417 5101 3554 5166 Cum

1482 5248 1684 5311 Varias
1720 5248 2030 5313 lectiones
2065 5258 2127 5314 et
2160 5258 2354 5314 uotae.

286 5376 559 5431 θάλασσαν
591 5375 648 5429 in
682 5381 891 5429 textum
918 5371 1276 5437 immisimus,
1301 5386 1367 5426 ex
1404 5372 1527 5427 cod.
1560 5374 1862 5429 Viennensi

286 5459 340 5503 et
361 5463 425 5502 ex
449 5446 672 5501 duobus
693 5445 885 5515 Regiis
908 5453 964 5498 et
992 5442 1306 5515 Golberteo.
1345 5442 1436 5515 S_ic
1463 5454 1646 5500 autem
1677 5444 1866 5499 edide-

287 5531 368 5579 rat
399 5516 630 5573 Wolﬁus
659 5534 673 5588 ξ
704 5512 1276 5588 Τὴνῴξῐνδικὴν-διιὼν
1310 5512 1516 5588 χιῦραν,
1552 5518 1645 5568 καὶ
1678 5516 1859 5588 πᾶσαν
1959 5512 2129 5588 ἐστὶν,
2156 5517 2276 5588 ἤτοι
2310 5515 2476 5588 ςρορά,
2511 5512 2835 5588 ἤγουν-ξείνη

1965 5374 2066 5445 τὴν
2106 5378 2211 5445 γῆν
2250 5373 2541 5428 Αἰθιοπίαν
2568 5391 2581 5407 ο
2620 5373 2763 5445 Ὀλδέ
2794 5389 2857 5445 γε
2900 5369 3088 5445 τρίτρς
3128 5366 3322 5445 Ἰξίγριξ
3362 5370 3554 5445 ἐπονοις

1966 5437 2222 5513 μάζετοὶι,
2260 5447 2544 5499 τουτέστιν
2582 5443 2768 5514 ἠχῶν,
2799 5442 2858 5496 '0
2905 5440 2962 5494 δὲ
3019 5437 3209 5514 λοιπὸς
3238 5437 3555 5514 Εύςρράιης

2844 5525 2963 5573 σις’
2999 5509 3095 5563 καὶ
3119 5511 3284 5580 ἄμφω
3314 5509 3371 5563 δὲ
3400 5511 3560 5581 οὑτοι

288 5591 381 5664 ἰὴν
407 5582 787 5664 τῆν’-κυκλῶνζ
815 5582 1059 5664 ξῦξλάτζ
1090 5583 1180 5664 Τῷ
1232 5582 1577 5664 δξδευτὲρῳ
1623 5586 1859 5664 ποταμῷ
1956 5587 2158 5664 είςξῂν
2178 5582 2463 5664 ξΕρυθ-ραν
2497 5582 2841 5664 εἰσϐάλλουσι
2874 5582 3182 5664 θάλασσαν.

292 5650 432 5712 Titini
454 5650 699 5725 τοῦνομα.
717 5672 732 5687 ·
759 5654 912 5724 δηλοῖ
939 5655 993 5708 δὲ
1023 5650 1185 5725 τειῦτο
1211 5654 1371 5709 πολύ.
1407 5650 1602 5717 Νεῖλος
1625 5655 1671 5709 δ’
1697 5650 1856 5722 οὗτος

2025 5650 2138 5727 (22⁷)
2171 5650 2463 5713 Γυναῖκα.
2499 5657 2572 5711 ita
2603 5654 2738 5732 Reg.
2771 5655 2910 5710 alter
2944 5653 3068 5711 cod.
3096 5652 3403 5712 Wolfianus
3440 5650 3541 5723 γιὶι

292 5732 395 5792 τοῖς
419 5718 650 5800 Ἕλλησι
691 5718 986 5802 κέκληται*
1023 5718 1179 5790 οὗτός
1229 5727 1376 5781 ἐστιν
1420 5725 1639 5787 κυκλῶν
1670 5718 1850 5786 πᾶσαν
1949 5718 2122 5789 ναίον.
