3964 6252
392 274 462 338 59
1662 266 1988 327 JUANNIS
2023 263 2348 324 7.0mm:
3581 251 3652 314 60
3727 219 3736 228 ’

387 397 570 441 autem
605 386 751 441 Deus
783 383 937 440 Abeli
981 399 1233 450 munera,
1279 381 1436 438 Caini
1485 381 1768 439 oblatione
1810 397 1976 452 repn-

2088 379 2332 448 καρπῶν·
2353 381 2447 430 καὶ
2471 377 2769 444 προσέσχεν
2788 373 2955 435 ὁθεδς
2978 374 3087 434 τοῖς
3115 369 3206 424 τοῦ
3234 369 3295 422 ’Δ
3307 368 3398 422 δελ
3425 367 3455 422 δ
3475 368 3650 440 ὸροις,

389 479 561 544 diata,
595 486 958 546 acceptasset,
995 477 1042 531 is
1065 478 1218 531 illum
1250 474 1355 530 sibi
1395 475 1679 546 praslatum
1721 491 1864 546 σιεγε
1897 475 1976 529 lc—

389 586 540 637 rens,
565 570 810 626 occidit:
847 580 904 625 et
937 570 1072 625 diris
1103 571 1379 641 obligatus
1410 584 1438 622 a
1465 569 1576 622 Deo
1613 568 1682 622 ad
1707 570 1972 639 gemitum

317 640 448 744 et
505 670 804 716 tremorem
839 661 1263 723 condemnatur,
1320 670 1378 715 et
1429 675 1460 712 a
1504 669 1806 728 conSpectu
1878 660 1972 715 Dei

332 783 346 814 -,
387 753 619 822 eiectus,
648 754 865 808 interra
897 755 1034 810 Naid
1068 755 1302 818 habitat,
1354 755 1540 826 ibique
1579 755 1786 809 liberos
1842 769 1976 824 pro-

344 831 565 900 ‘creat.
625 845 727 901 Hic
781 862 1070 902 mensuras
1111 858 1166 902 et
1227 847 1469 917 pondera
1523 847 1878 916 excogitavit,
1920 853 1976 900 et

393 940 606 1005 primus
619 954 781 1009 agros
805 939 1077 994 limitibus
1099 940 1372 999 distinxit.
1399 941 1660 1010 magister
1679 939 1972 1003 scelerum,

391 1039 560 1100 atque
595 1031 788 1086 urbem
841 1032 909 1088 de
951 1032 1172 1086 nomine
1222 1033 1572 1102 primogeniti
1629 1032 1716 1086 sui
1779 1031 1973 1086 Enossi

360 1107 663 1185 'condidit.
692 1127 886 1182 Enossi
919 1127 1066 1183 ﬁlius
1096 1127 1201 1181 fuit
1239 1127 1470 1192 Gaidad,
1499 1128 1592 1203 qui
1633 1127 1974 1182 Maleleelem

391 1217 615 1286 genuit,
639 1215 882 1273 Maleleel
901 1218 1252 1273 Malhusalem
1280 1235 1292 1272 :
1325 1235 1435 1290 quo
1458 1231 1619 1275 natus
1645 1218 1974 1286 Lamachus,

394 1323 425 1360 ο
453 1306 670 1363 duabus
700 1310 966 1363 uxoribus
1007 1309 1150 1366 ﬁlios
1193 1311 1437 1382 suscepit
1494 1329 1696 1373 Lxxvn.
1739 1328 1974 1382 quorum

387 1397 582 1455 Joabel
613 1401 983 1456 armentarius
1004 1401 1128 1468 fuit,
1157 1414 1316 1474 pastu
1349 1405 1455 1476 18
1482 1408 1666 1460 ovium
1689 1407 1972 1478 gaudens;

390 1489 551 1544 Jubal
587 1493 852 1548 musicam
887 1497 1240 1566 excogitavit,
1265 1505 1322 1552 et
1355 1497 1624 1552 citharam
1657 1515 1723 1554 ac
1774 1499 1976 1570 psalte-

389 1584 536 1636 rium
573 1587 882 1655 composuit
919 1605 934 1655 ;
967 1587 1180 1644 Thobel
1239 1589 1362 1646 Sela
1415 1599 1600 1654 natus,
1641 1591 1798 1647 faber
1850 1591 1975 1658 luit,

389 1674 538 1729 ferro
570 1683 626 1730 et
647 1691 754 1732 aere
783 1677 1070 1734 tractando
1093 1691 1416 1750 occupatus.
1453 1683 1663 1737 Adamo
1691 1681 1976 1752 postAbe-

395 1766 464 1818 lis
505 1767 788 1822 'nteritum
825 1785 999 1826 annos
1029 1780 1160 1826 nato
1190 1789 1357 1827 ccxxx
1391 1773 1534 1828 alius
1566 1784 1730 1829 natus
1765 1783 1851 1829 est
1909 1773 1973 1828 ﬁ-

391 1857 519 1926 lius,
545 1876 709 1928 quem
748 1860 977 1917 Sethum
1004 1865 1316 1935 appellavit.
1349 1863 1496 1920 Obiit
1547 1865 1811 1933 Adamus,
1846 1883 1974 1922 cum

391 1967 568 2005 annos
593 1953 818 2008 vixisset
875 1971 1038 2014 ncccc
1067 1967 1122 2011 et
1155 1973 1284 2012 xxx.
1336 1956 1540 2014 SetlIus
1571 1973 1746 2014 annos
1770 1975 1802 2013 ν
1835 1968 1889 2014 et
1914 1975 1976 2014 cc

393 2043 584 2112 gannit
618 2045 909 2102 Enossum.
945 2048 1044 2104 llic
1093 2049 1308 2118 primus
1368 2065 1540 2105 ausus
1582 2058 1666 2104 est
1715 2051 1974 2105 invocare

393 2151 592 2190 nomen
622 2137 838 2192 Domini
871 2139 990 2206 Dei,
1039 2150 1096 2196 et
1143 2142 1316 2196 Deum
1349 2141 1625 2212 appellare
1658 2142 1974 2199 Dominum.

389 2227 594 2285 Sethus
614 2246 736 2284 cum
760 2246 936 2287 annos
972 2249 1138 2288 ncccc
1163 2242 1218 2288 et
1245 2250 1318 2289 xn
1361 2235 1718 2305 explevisset,
1746 2235 1974 2303 defecit,

395 2321 523 2375 Iiliis
546 2331 603 2376 et
631 2321 848 2380 ﬁliabus
882 2325 1111 2382 relictis.
1141 2325 1244 2382 llic
1271 2328 1532 2383 virtutem
1567 2328 1761 2393 coluit,
1787 2329 1974 2384 idem-

393 2427 500 2480 que
525 2415 770 2468 studium
803 2417 1040 2486 posteris
1071 2418 1189 2472 suis
1236 2418 1483 2482 tradidit,
1527 2419 1621 2490 qui
1665 2419 1974 2478 doctrinam

391 2521 578 2558 rerum
603 2507 907 2562 cmlestium
943 2523 972 2562 a
1005 2523 1064 2564 se
1100 2510 1398 2576 inventam,
1422 2511 1638 2568 duabus
1677 2513 1974 2581 columnis,

391 2597 548 2650 alzeri
575 2598 824 2667 lapideae,
853 2599 1012 2653 alteri
1039 2615 1107 2654 ex
1134 2599 1306 2656 latere
1325 2601 1512 2656 coctili
1547 2601 1976 2672 inscripserunt:

394 2689 542 2757 quod
576 2690 820 2746 Adamus
849 2693 1202 2764 praedixerat,
1246 2695 1662 2750 universitatem
1701 2711 1884 2751 rerum
1923 2707 1979 2750 et

394 2778 504 2843 igni
532 2790 587 2834 et
615 2797 758 2850 aqua
789 2784 1110 2852 perituram.
1149 2784 1359 2840 Enosso
1403 2795 1566 2842 natus
1615 2797 1699 2842 est
1744 2787 1976 2852 Cainan,

395 2874 602 2943 a‘iique
640 2875 734 2928 ﬁiii
763 2886 818 2931 et
870 2876 1013 2932 ﬁliae.
1047 2877 1298 2934 Mortuus
1326 2887 1431 2944 est,
1463 2895 1586 2934 cum
1620 2880 1852 2936 vixisset
1883 2896 1980 2936 επις

395 2982 498 3020 nos
517 2985 545 3022 ν
573 2979 628 3022 et
650 2984 834 3024 ncccc.
853 2969 1100 3026 Cainano
1115 2971 1220 3027 orti
1251 2983 1379 3028 sunt
1400 2972 1665 3040 Meleleel,
1692 2974 1979 3044 aliiqueli-

2079 473 2144 542 τῇ
2179 471 2234 524 δὲ
2260 472 2356 522 τοῦ
2395 471 2533 522 Κέιῖν
2571 469 2630 520 οὐ
2657 465 2933 537 προσέσχε
2961 463 3321 533 προσαγωγῇ.
3339 460 3400 514 Ὀ
3439 460 3496 514 δὲ
3525 459 3657 531 φθο-

2077 567 2247 636 νήσας
2265 563 2359 619 ἐπὶ
2377 566 2440 635 τῇ
2462 563 2814 633 προτιμήσει,
2844 559 3045 612 κτείνει
3067 557 3247 620 αὑτὸν,
3271 557 3367 610 καὶ
3385 556 3660 628 ἐπάρατος

2077 658 2298 727 γίνεται
2325 656 2404 728 τῷ
2441 657 2585 727 Θεῷ,
2633 653 2730 707 καὶ
2771 653 2977 706 στένειν
3021 649 3116 704 καὶ
3159 650 3388 720 τρέμειν
3432 649 3663 703 καταδε-

2076 749 2351 804 δίκασται.
2387 745 2712 818 Ἐκδληθεὶς
2746 744 2802 797 δὲ
2855 743 2964 796 ὀιπό
3018 739 3315 812 προσώπου
3345 739 3440 793 τοῦ
3498 737 3657 805 Θεοῦ,

2078 844 2138 896 ἐν
2201 846 2271 915 γῇ
2319 841 2458 896 Natio
2518 839 2757 912 ᾤκησεν,
2821 835 2950 890 ἔνθα
3013 836 3111 890 καὶ
3147 835 3341 897 παῖδας
3386 835 3659 900 ἐγείνατο.

2123 929 2248 1000 ῧτος
2281 935 2457 1006 μέτρα
2485 953 2544 988 τε
2580 934 2676 988 καὶ
2714 932 2952 1004 στάθμια
2978 931 3261 999 ἐπενόησε.
3299 928 3407 982 Καὶ
3442 926 3662 998 πρῶτος

2078 1031 2240 1102 ὅρους
2277 1031 2520 1102 ἐπήξατο
2554 1029 2666 1102 (25)
2697 1029 2823 1098 γῆς,
2858 1025 3124 1098 πονηρίας
3159 1022 3481 1093 καθηγητὴς
3525 1037 3660 1089 χρη-

2083 1121 2389 1194 ματισθείς.
2450 1122 2560 1176 Καὶ
2618 1121 2774 1174 πόλιν
2825 1121 2906 1182 εἰς
2956 1118 3125 1186 ὄνομα
3176 1115 3270 1167 τοῦ
3310 1113 3662 1184 πρωτοτόκου

2078 1219 2196 1270 υἱοῦ
2247 1217 2414 1272 αὐτοῦ
2459 1215 2608 1278 Ενὼς
2639 1213 3009 1286 ᾠκοδόμησεν·
3067 1211 3183 1272 υἱὸς
3243 1209 3298 1262 δὲ
3328 1205 3423 1260 τοῦ
3493 1203 3664 1267 Ἐνὼς

2079 1309 2296 1375 Γαῖδᾶδ,
2339 1310 2454 1372 υίὸς
2509 1309 2565 1362 δὲ
2601 1307 2792 1362 τούτου
2848 1303 3154 1374 Μαλελεήλ,
3203 1302 3300 1354 τοῦ
3335 1300 3388 1354 δὲ
3443 1297 3664 1353 Μαθου-

2077 1403 2241 1462 σάλα,
2278 1394 2338 1454 οὗ
2391 1401 2580 1470 Λάμεχ
2613 1401 2747 1462 υἱός.
2788 1390 2959 1460 Οὗτος
3017 1395 3110 1449 δύο
3163 1395 3429 1462 γυναῖκας
3481 1389 3664 1458 ἐαυτῷ

2082 1495 2454 1566 συναρμόσας,
2492 1493 2654 1545 ’Λδὰν
2707 1491 2800 1544 καὶ
2860 1488 3049 1547 Σελάν,
3087 1485 3284 1548 παῖδας
3348 1485 3405 1551 ἐξ
3460 1485 3666 1553 ἀμφοῖν

2080 1589 2236 1658 ἔσχεν
2269 1589 2644 1658 ἐϐδομήκοντα
2693 1586 2788 1638 καὶ
2819 1583 2989 1637 {Mdv
3021 1573 3096 1633 ὧν
3151 1578 3372 1634 Ἰωαδὲλ
3403 1575 3501 1647 μὲν
3532 1593 3666 1644 κτη-

2079 1680 2345 1750 νοτρόφος
2375 1675 2468 1752 ἦν,
2508 1681 2603 1732 καὶ
2645 1677 2980 1748 προϐατείαν
3015 1671 3330 1745 ἠγάπησεν·
3364 1669 3578 1724 ’ίουϐἁλ
3610 1669 3669 1722 δὲ

2078 1771 2371 1840 Μουσικὴν
2421 1769 2712 1838 ἐπενόησε,
2737 1769 2828 1822 καὶ
2864 1767 3100 1836 κιθάραν
3125 1764 3532 1834 ἐμηχανήσατο,
3575 1761 3670 1813 καὶ

2077 1859 2401 1930 ψαλτήριον.
2437 1859 2610 1914 Θόδελ
2641 1859 2698 1914 δὲ
2753 1857 2992 1928 γεγονὼς
3049 1859 3112 1910 ἐκ
3175 1856 3366 1918 Σελᾶς,
3411 1853 3669 1922 σιδηρεῦς

2078 1949 2176 2026 ἦν,
2213 1953 2454 2025 ἐργάτης
2489 1954 2714 2024 σιδήρου
2739 1968 2798 2004 τε
2829 1951 2922 2005 καὶ
2968 1948 3194 2021 χαλκοῦ.
3259 1946 3350 2016 Τῷ
3406 1946 3462 1999 δὲ
3492 1945 3671 2014 Ἄδαρ.

2081 2049 2222 2116 μετὰ
2249 2047 2484 2100 θάνατον
2515 2045 2682 2100 Ἅϐελ
2734 2045 3027 2100 διακοσίων
3083 2041 3380 2111 τριάκοντα
3421 2039 3676 2109 γεγονότι

2079 2141 2241 2205 ἐτῶν,
2283 2141 2472 2212 ἕτερος
2517 2139 2785 2212 ἐγεννήθη
2830 2139 2966 2204 υίὸς,
3007 2139 3066 2190 ὃν
3100 2137 3327 2189 ἐκάλεσε
3391 2131 3527 2203 Σήθ.
3567 2130 3677 2184 Τέ-

2079 2231 2248 2302 θνηκε
2269 2232 2325 2286 δὲ
2365 2234 2392 2285 ὁ
2427 2233 2620 2302 Ἀδὰμ,
2653 2232 2751 2304 ἔτη
2811 2233 2986 2304 ζήσας
3022 2230 3314 2286 ἐννακόσια
3371 2226 3468 2281 καὶ
3521 2223 3678 2296 τριά-

2079 2340 2259 2377 κοντα.
2296 2324 2404 2394 Σὴθ
2429 2324 2484 2378 δὲ
2529 2325 2827 2394 γενόμενος
2870 2323 3008 2378 ἐτῶν
3039 2323 3202 2377 πέντε
3237 2321 3330 2376 καὶ
3357 2317 3674 2378 διακοσίων,

2078 2413 2338 2480 ἐγέννησε
2369 2415 2458 2466 τὸν
2480 2413 2674 2478 Ἐνώς,
2709 2415 2774 2479 ὃς
2797 2415 3012 2485 πρῶτος
3043 2415 3273 2486 ’ήλπισεν
3291 2406 3676 2465 ἐπικαλεῖσθαι

2077 2507 2138 2560 τὸ
2171 2507 2344 2576 ὄνομα
2375 2507 2580 2578 Κυρίου
2608 2505 2704 2560 τοῦ
2750 2507 2909 2573 Θεοῦ,
2961 2507 3054 2560 τόν
3116 2523 3176 2560 τε
3235 2503 3368 2558 θεὸν
3405 2517 3680 2574 προσαγο-

2083 2599 2281 2672 ρεῦσαι
2313 2601 2404 2653 τὸν
2433 2601 2664 2671 Κύριον.
2724 2599 2947 2654 Δώδεκα
2977 2599 3032 2652 δέ
3097 2599 3192 2653 καὶ
3222 2595 3514 2652 ἐννακόσια
3575 2595 3675 2665 Ετη

2078 2694 2148 2748 τὰ
2197 2695 2373 2747 πάντα
2424 2695 2605 2766 ζήσας
2652 2693 2784 2765 Σὴθ,
2843 2693 2940 2747 καὶ
2997 2677 3158 2756 ὐίοῦς
3211 2692 3308 2745 καὶ
3365 2688 3680 2758 θυγατέρας

2079 2787 2275 2853 λιπὼν,
2307 2786 2543 2852 ἐξέλιπε·
2583 2788 2639 2850 ὃς
2664 2787 2868 2858 ἀρετὴν
2913 2787 3125 2857 μετῄει,
3158 2786 3255 2839 καὶ
3285 2783 3532 2854 μιμητὰς
3550 2781 3680 2844 τοὺς

2081 2877 2382 2946 ἀπογόνους
2415 2876 2820 2947 κατέλειψενωῖ
2855 2879 3048 2947 σοφίαν
3081 2877 3177 2948 τὴν
3206 2876 3335 2944 περὶ
3361 2875 3428 2928 τὰ
3449 2872 3682 2944 οὐράνια

2083 2970 2440 3040 κατενόησανο
2476 2971 2572 3024 καὶ
2604 2971 2828 3040 στήλαις
2861 2971 3005 3038 δυσὶ,
3047 2971 3113 3042 τῇ
3161 2969 3259 3038 μὲν
3292 2970 3356 3022 ἐκ
3396 2966 3571 3030 λίθου,
3608 2965 3676 3035 τῇ

2089 3063 2148 3117 δὲ
2202 3065 2267 3118 ἐκ
2310 3062 2535 3117 πλίνθου
2605 3062 2780 3132 ὀπτῆς
2827 3063 3246 3132 πεποιημέναις,
3296 3061 3364 3113 τε
3400 3059 3683 3129 εὑρημένα

395 3055 534 3114 beri.
562 3059 730 3126 Obiit,
753 3077 878 3117 cum
909 3064 1135 3120 vixisset
1153 3081 1328 3121 annos
1344 3082 1501 3121 acccc
1523 3074 1578 3120 et
1601 3082 1652 3123 ιι.
1687 3066 1980 3122 Meleleelis
2007 3097 2049 3153 ο

399 3151 545 3206 lilius
573 3149 884 3226 iiIitJared,
917 3163 973 3207 et
1003 3153 1097 3210 alii
1134 3171 1148 3209 :
1182 3155 1294 3209 vita
1330 3156 1567 3210 excessit
1605 3171 1750 3211 anno
1801 3155 1978 3212 aetatis

2088 3153 2407 3224 ἐνέγραψαν,
2427 3153 2514 3208 ἵνα
2536 3153 2760 3217 καὶτοῖς
2783 3153 3082 3223 μετέπειτα
3107 3149 3684 3216 σώζωνται.Ἕσεσοαι

397 3257 652 3298 ncccxcv.
690 3243 854 3299 Jared
923 3255 1078 3316 pater
1133 3245 1403 3312 Henochi,
1453 3255 1509 3302 et
1563 3259 1763 3318 praeter
1815 3248 1983 3314 hunc,

2088 3243 2194 3314 γὰρ
2238 3243 2554 3314 ἀφανισμὸν
2589 3243 2685 3296 τοῦ
2719 3243 2948 3309 παντὸς,
2982 3242 3160 3312 Ἀδὰμ
3203 3245 3556 3314 προειρήκει,
3618 3243 3685 3296 ἐκ

399 3335 655 3397 aliarum.
713 3337 1008 3393 defunctus
1056 3346 1162 3404 est,
1199 3355 1326 3394 cum
1377 3339 1606 3394 vixisset
1636 3354 1813 3395 annos
1875 3355 1983 3395 an

2088 3337 2255 3406 πυρός
2288 3353 2348 3390 τε
2400 3337 2494 3390 καὶ
2523 3335 2733 3400 ὓδατος.
2757 3335 2852 3401 Ἐξ
2877 3336 3044 3400 Ἐνὼς
3075 3336 3133 3389 δὲ
3167 3335 3359 3407 ἐτέχθη
3395 3337 3424 3388 ὁ
3451 3336 3684 3406 Καῖνξὶιν⁸

401 3442 570 3496 supra
599 3444 781 3484 acccc.
825 3429 1066 3487 llenochi
1109 3431 1256 3486 ﬁlius
1282 3431 1386 3486 fuit
1420 3431 1744 3500 Mathusala,
1781 3439 1836 3488 et
1871 3431 1986 3486 alii.

399 3521 676 3591 Acceptus
705 3533 886 3578 autem
913 3524 1016 3578 fuit
1043 3523 1340 3580 Henochus
1379 3524 1634 3592 Domino,
1669 3533 1726 3578 et
1753 3525 1990 3578 transla-

405 3622 518 3677 tus,
551 3629 654 3668 nec
680 3624 958 3686 repertus,
981 3633 1157 3673 annos
1183 3626 1346 3674 natus
1397 3635 1618 3674 ccccxv.
1672 3616 1992 3672 Mathusalae

2087 3427 2238 3483 ἄλλοι
2273 3445 2330 3482 τε
2391 3429 2498 3481 υἱοὶ
2537 3427 2632 3480 καὶ
2678 3426 3098 3497 θυγατέρεςριαὶ
3120 3427 3390 3482 ἀπέθανεν
3407 3425 3498 3496 ἐτη
3515 3427 3688 3495 ζήσας

2087 3521 2251 3574 πέντε
2281 3521 2374 3573 καὶ
2397 3519 2712 3576 ἐννακόσια.
2749 3519 2846 3573 Ἐκ
2876 3520 2933 3573 δέ
2963 3521 3174 3573 Καῖνᾶν
3213 3519 3378 3590 ἐξέφυ
3405 3518 3687 3589 Μελελεὴλ

2093 3616 2190 3669 καὶ
2243 3613 2427 3683 ἕτεροι
2458 3613 2668 3677 παῖδες,
2709 3613 2807 3666 καὶ
2828 3613 3060 3684 τέθνηκε
3086 3611 3260 3684 ζήσας
3295 3613 3530 3684 ἀριθμὸν
3550 3611 3689 3664 ἐτῶν

405 3703 551 3757 titius
573 3703 884 3761 Lamechus
914 3707 1039 3771 fuit,
1071 3718 1127 3762 et
1178 3709 1293 3764 alii.
1341 3709 1575 3764 Moritur
1619 3723 1765 3763 anno
1816 3707 1992 3763 aetatis

397 3811 713 3852 vccccuix.
745 3797 1023 3856 Lamecho
1053 3811 1217 3856 natus
1245 3810 1330 3857 est
1357 3803 1488 3858 Noe.
1516 3801 1826 3858 Lamechus
1859 3814 1991 3856 vero

405 3899 655 3944 mortuus
695 3899 800 3958 est,
835 3894 1070 3964 expletis
1100 3896 1263 3950 annis
1288 3911 1502 3950 DCCLIII.

2103 3707 2434 3762 ἐννακοσίων
2487 3709 2582 3761 καὶ
2613 3707 2767 3761 δέκα.
2809 3709 2947 3771 Παῖς
3000 3707 3058 3762 δὲ
3093 3705 3376 3776 Μελελεὴλ
3431 3706 3460 3758 ὁ
3489 3705 3688 3776 Ἰάρεδ,

2099 3803 2194 3855 καὶ
2223 3801 2423 3871 ἕτεροι,
2455 3799 2512 3864 ὃς
2563 3800 2834 3854 κατέλυσε
2873 3799 2975 3870 τὴν
3002 3799 3150 3865 ζωὴν
3183 3797 3276 3852 ἐπ’
3306 3797 3486 3851 ἔτεσιν
3515 3799 3679 3851 ὀκταο

2093 3893 2297 3955 κοσίοις
2327 3892 2422 3945 καὶ
2449 3893 2614 3944 πέντε
2641 3889 2779 3962 πρὸς
2807 3891 3161 3960 ἐνενήκοντα.
3204 3889 3381 3960 Ἰἀρεδ
3409 3888 3466 3942 δὲ
3501 3889 3689 3958 πατὴρ

411 3983 500 4035 τοῦ
549 3983 748 4056 Ἑνὼχ,
801 3988 894 4040 καὶ
961 3991 1167 4043 παίδων
1229 3990 1322 4042 ἐπὶ
1385 3989 1558 4058 τούτῳ
1594 3988 1838 4060 ἐτέρων,
1897 3987 1993 4040 καὶ
2031 3984 2262 4053 τέθνηκε
2337 3985 2541 4055 βιώσας
2589 3983 2684 4056 ἐτη
2727 3985 3024 4038 ἐννακόσια
3076 3985 3174 4036 καὶ
3240 3983 3507 4055 ἐξήκοντα
3553 3983 3692 4050 πρὸς

403 4074 559 4131 δδσίν
595 4093 610 4110 ο
653 4078 766 4142 υίὸς
821 4081 878 4133 δὲ
927 4081 1021 4134 τοῦ
1087 4080 1266 4151 Ἑνὼχ
1315 4059 1654 4134 Μαθουσάλα
1709 4085 1806 4132 καὶ
1859 4073 2060 4146 ἕτεροι.
2104 4077 2458 4148 Εὒηρέστησε
2505 4076 2563 4130 δὲ
2615 4075 2786 4148 Ἑνὼχ
2849 4077 2929 4148 τῷ
2967 4075 3182 4148 Κυρίῳ,
3241 4077 3336 4130 καὶ
3395 4075 3688 4147 μετετέθη,

409 4173 502 4226 aut
551 4176 648 4246 οὐχ
682 4176 996 4247 εὑρίσκετο,
1039 4177 1178 4230 ἐτῶν
1216 4174 1460 4244 γεγονὼς
1531 4173 1866 4244 τριακοσίων
1932 4172 2200 4243 ἐξήκοντα
2261 4173 2358 4227 καὶ
2424 4175 2612 4228 πέντε.
2655 4175 2793 4238 Παῖς
2830 4173 2888 4226 δὲ
2934 4173 3030 4226 τοῦ
3079 4169 3410 4228 Μαθουσάλα
3469 4170 3688 4241 Λάμεχ,

410 4269 504 4320 καὶ
530 4267 730 4338 ἕτεροι,
763 4271 860 4322 καὶ
910 4269 1135 4340 θνήσκει
1191 4267 1362 4340 ζήσας
1397 4267 1492 4336 ἐτη
1537 4267 1826 4320 ἐννακόσια
1897 4267 2165 4336 ἐξήκοντα
2200 4267 2294 4320 καὶ
2333 4267 2511 4322 ἐννέα.
2542 4266 2667 4322 Νῶε
2739 4267 2785 4320 δ’
2817 4265 3018 4336 ἐτέχθη
3053 4264 3130 4334 τῷ
3154 4266 3372 4336 Λάμεχ,
3439 4265 3536 4318 καὶ
3599 4265 3690 4326 τέ-

411 4363 576 4434 θνηκε
607 4363 804 4434 Λάμεχ
839 4365 1143 4437 ἑπτακόσια
1163 4363 1336 4436 ζήσας
1361 4363 1480 4432 ἔτη,
1523 4364 1618 4416 καὶ
1657 4366 1998 4434 πεντήκοντα
2038 4364 2174 4434 πρδς
2200 4367 2313 4429 τοῖς
2339 4365 2509 4436 τρισί.
2839 4365 2848 4372 ’
2931 4435 2935 4438 ι

481 4460 572 4515 lV.
605 4461 736 4514 Non:
770 4470 882 4516 tres
913 4462 1024 4516 nati
1057 4470 1186 4516 sunt
1222 4461 1344 4528 lilii,
1379 4459 1598 4524 Semus,
1627 4459 1983 4527 Chamus,Ja«

2179 4467 2255 4516 A'.
2280 4462 2374 4533 Τῷ
2403 4461 2474 4516 ’δὲ
2501 4461 2625 4514 Νῶε
2667 4461 2818 4532 τρεῖς
2849 4461 3102 4530 ἐγένοντο
3132 4458 3341 4523 παῖδες,
3368 4457 3507 4531 Σήμ,
3540 4459 3700 4531 Χὰμ,

411 4549 633 4622 pbetus.
657 4551 780 4606 Filii
821 4569 988 4623 porro
1013 4552 1134 4620 Dei,
1168 4551 1482 4623 conspectis
1543 4553 1766 4608 ﬁliabus
1817 4552 1998 4607 homi-

413 4661 571 4710 num,
599 4660 694 4698 eas
725 4661 926 4700 uxores
951 4645 1249 4702 duxerunt.
1285 4646 1453 4702 Vocat
1481 4655 1666 4702 autem
1713 4645 1810 4701 Dei
1848 4645 2004 4728 ‘ﬁlios

414 4735 720 4808 Scriptura,
755 4737 909 4792 Sethi
939 4747 1210 4809 posteros,
1256 4739 1328 4794 ob
1382 4739 1624 4794 studium
1685 4750 1742 4794 et
1791 4739 2002 4794 cultum

415 4831 638 4886 virtutis
679 4849 692 4885 :
730 4849 840 4903 quo
885 4843 1046 4902 pacto
1098 4833 1266 4889 etiam
1324 4834 1468 4890 ﬁlios
1523 4833 1790 4890 Altissimi
1841 4841 2005 4889 vocat

413 4938 531 4988 eos,
565 4925 656 4994 qui
683 4934 812 4980 sunt
842 4928 1044 4981 virtute
1074 4927 1314 4998 prmditi.
1351 4925 1649 4982 Hominum
1689 4942 1820 4982 vero
1854 4924 2008 4980 ﬁlias

416 5015 683 5082 nominat,
721 5017 986 5074 oriundas
1009 5033 1079 5074 ex
1122 5017 1276 5075 Caini
1324 5021 1669 5092 posteritate.
1714 5019 2004 5090 Josephus

416 5115 600 5161 autem
659 5109 756 5172 ait,
796 5110 1022 5180 angelos
1057 5111 1340 5182 accepisse
1393 5113 1530 5166 ﬁlias
1570 5111 1881 5176 hominum,
1935 5122 2004 5162 eo

417 5199 500 5254 sic
522 5201 764 5270 (opinor)
799 5213 1042 5270 vocatos,
1083 5206 1230 5276 quod
1255 5206 1538 5276 placerent
1571 5205 1706 5269 Deo,
1741 5204 2002 5259 illorum-

419 5307 524 5362 que
556 5293 678 5349 vita:
720 5295 987 5351 rationem
1040 5298 1456 5354 aemularentur.
1516 5298 1864 5370 Multiplicati
1897 5299 2002 5355 ho-

2109 4553 2320 4625 'l&;eﬁ.
2353 4555 2582 4616 Ἰδόντες
2617 4554 2674 4606 δέ
2705 4555 2756 4606 οί
2785 4554 2891 4606 utet
2913 4553 3006 4606 τοῦ
3067 4551 3205 4606 Θεοῦ
3232 4551 3330 4616 τὰς
3385 4551 3697 4622 θυγατέρας

2109 4649 2220 4703 τῶν
2255 4647 2590 4718 ἀνθρώπων,
2614 4645 2808 4702 ἔλαϐον
2841 4647 3059 4710 ἑαυτοῖς
3089 4649 3376 4714 γυναῖκας’
3421 4647 3580 4718 uio-3g
3639 4647 3698 4702 δὲ

2113 4740 2208 4795 τοῦ
2239 4740 2376 4794 Θεοῦ
2411 4742 2630 4811 φησινή
2659 4739 2875 4811 Γραφὴ,
2898 4740 3028 4803 τοὺς
3075 4739 3383 4808 ἀπογόνους
3430 4739 3526 4792 τοῦ
3559 4739 3694 4812 Σὴθ,

2112 4835 2188 4898 ὡς
2215 4833 2416 4904 ἀρετὴν
2454 4832 2758 4902 μετιόντας,
2796 4831 2938 4884 καθὸ
2969 4831 3064 4886 καὶ
3093 4831 3245 4896 υἱοὺς
3284 4830 3545 4902 Ὑψίστου
3572 4837 3699 4896 τοὶς

2109 4925 2402 4996 ἐναρέτους
2420 4924 2594 4979 καλεῖ.
2621 4924 2941 4998 Θυγατέρας
2987 4924 3042 4978 δέ
3066 4925 3174 4978 τῶν
3199 4925 3509 4996 ἀνθρώπων
3539 4925 3698 4994 φησὶ,

2111 5018 2209 5078 τὰς
2236 5016 2435 5070 ἐκτῶν
2487 5015 2582 5069 τοῦ
2633 5015 2774 5069 Κάῖν
2831 5017 3120 5086 ἀπογόνων
3172 5018 3586 5087 καταγομένας.
3639 5018 3699 5070 Ὀ

2111 5109 2169 5164 δὲ
2205 5109 2476 5179 Ἰώσηπος
2535 5106 2808 5177 ἀγγέλους
2880 5108 3030 5176 λέγει
3073 5108 3171 5171 τὰς
3231 5109 3542 5178 θυγατέρας
3590 5110 3701 5163 τῶν

2111 5198 2418 5272 ἀνθρώπων
2452 5198 2663 5265 λαϐεῖν,
2699 5199 2841 5254 οῦτω
2859 5200 3118 5268 καλέσας,
3152 5196 3329 5271 οἶμαι,
3367 5202 3590 5267 αὐτοὺς,
3626 5203 3702 5264 ὡς

2112 5291 2550 5366 εὺαρεστοῦντας
2609 5293 2752 5365 Θεῷ,
2812 5295 2910 5348 καὶ
2959 5293 3060 5366 τὴν
3121 5293 3348 5348 ἐκείνων
3419 5295 3701 5348 πολιτείαν

1600 5443 1802 5506 Variae
1843 5443 2150 5507 lectiones
2181 5446 2243 5504 et
2287 5445 2480 5504 noue.

493 5571 991 5647 (‘23)_'E:tsrdn0's,
1016 5578 1112 5633 καὶ
1137 5577 1366 5647 πρῶτος
1389 5577 1566 5646 ὅρους
1594 5577 1882 5647 ἐπήξατο.
1911 5577 1959 5633 Α
1978 5609 2001 5620 -

423 5658 508 5699 ter
529 5645 652 5700 cod.
677 5646 780 5702 hoc
805 5647 926 5703 loco
954 5645 1186 5704 mutilus
1209 5649 1323 5704 haec
1344 5645 1610 5702 duntaxat
1637 5645 1802 5702 habet
1823 5665 1836 5700 :
1872 5647 2000 5699 ’Ee.

425 5715 636 5788 ενόησε.
670 5717 856 5790 Τούτῳ
885 5723 1137 5787 γεννᾶται
1176 5723 1306 5782 παῖς
1345 5717 1533 5780 Ἐνώς.
1576 5719 1664 5784 ἘΞ
1685 5713 1744 5771 οὗ
1773 5719 1986 5782 Γαῖδὶιδ,

2099 5579 2192 5645 ἀφ’
2223 5572 2285 5634 οὗ
2311 5575 2633 5646 Μαλελεήλ·
2663 5575 2740 5645 τῷ
2771 5574 2826 5630 δὲ
2855 5572 3190 5632 Μαθουσάλα
3216 5571 3464 5631 τίκτεται
3498 5570 3699 5641 ΛαμὲΧ

2101 5651 2234 5712 υίὸς.
2277 5653 2472 5714 Οοτος,
2497 5656 2608 5704 etc.
2643 5646 2732 5704 W.
