3964 6252
372 216 445 279 63
1641 214 1966 286 ιολΝΝἰέ
2004 224 2256 286 ΖΟΝΑΒ
2280 226 2331 287 Ε
3570 229 3642 295 64

366 334 521 402 πρὸς
600 338 849 392 πλείοιό
901 341 1147 408 χρόνον,
1188 340 1427 407 εἰκότως
1486 340 1632 402 ἔζων
1684 339 1919 408 πλῆθος
1948 339 2100 393 ἐτῶν
2158 344 2487 399 τοσούτων.
2547 346 2790 403 Ἔπειτα
2827 346 2927 401 καὶ
2989 343 3088 399 διὰ
3121 344 3236 413 τὴν
3266 347 3644 415 εὐχρηστίαν

362 424 455 483 ὧν
518 431 836 493 ἐπενόουν.
876 436 1280 506 ἀστρονομίας
1308 455 1368 492 τε
1424 418 1524 491 καὶ
1581 437 1961 510 γεωμετρίας,
1995 435 2147 504 ἅπερ
2168 439 2282 492 οὐκ
2351 439 2433 509 ἦν
2491 441 2785 511 ἀσφαλῶς
2844 443 3071 508 αὐτοὺς
3126 440 3508 507 κατανοῆσαι
3582 459 3644 497 τε

363 523 464 576 οιαὶ
522 524 714 579 size/‘1'
747 526 833 595 μὴ
883 526 1182 598 ζήσαντας
1247 530 1606 596 ἑξακοσίους
1651 530 1986 594 ἐνιαυτούς’
2029 528 2127 583 διὰ
2181 534 2487 588 τοσούτων
2520 533 2631 604 γὰρ
2678 534 3012 605 πληροῦται
3051 537 3087 589 ό
3129 535 3316 607 μέγας
3343 535 3643 602 ἐνιαυτός.

441 618 647 674 V.Noa’.
679 635 807 675 vero
837 620 950 687 ﬁlii,
982 623 1200 689 Scmus,
1232 625 1803 696 CbamusJaphetus,
1823 637 1950 679 cum

2127 625 2204 678 E'.
2234 626 2298 680 Οἱ
2336 627 2394 681 δὲ
2429 627 2522 681 τοῦ
2545 626 2670 681 Νῶε
2698 629 2909 694 παῖδες,
2951 629 3094 699 Σὴμ,
3124 628 3278 698 Χὰμ,
3306 629 3404 683 καὶ
3443 629 3647 699 Ἰἀφεο,

380 712 538 767 sedes
564 729 691 768 suas
730 730 759 768 e
791 716 1072 771 montibus
1107 720 1159 773 in
1191 720 1474 789 planitiem
1499 718 1913 774 transtulissent
1936 757 1951 782 ,

366 802 505 866 Noe,
536 806 778 874 plantata
811 809 992 872 vinea,
1031 819 1305 880 epotoque
1350 812 1476 866 vino
1513 810 1821 868 inebriatus
1853 827 1958 866 nu-

367 894 555 952 datur.
584 897 662 951 lbi
688 897 950 968 Chamus,
987 905 1235 958 nuditate
1259 904 1432 974 patris
1470 905 1605 968 visa,
1643 920 1758 959 rem
1785 904 1955 960 veluti

304 1069 311 1074 ι
365 1003 474 1055 per
500 990 744 1046 derisum
780 995 894 1048 suis
923 995 1188 1051 fratribus
1218 997 1453 1052 nuntiat.
1475 998 1676 1052 Verum
1704 998 1781 1052 illi
1802 1007 1957 1054 veste

302 1088 306 1103 λ
364 1078 427 1134 in
470 1092 684 1152 tergum
715 1086 939 1157 rejecta,
982 1098 1291 1144 retrorsum
1343 1100 1719 1155 accesserunt,
1757 1099 1814 1146 et
1855 1107 1959 1145 nu-

370 1171 598 1229 ditatem
641 1177 759 1246 ejus
794 1179 1004 1233 aversis
1051 1182 1228 1235 oculis
1258 1191 1649 1239 conlexcrunt.
1709 1183 1827 1250 Qua
1885 1183 1955 1240 de

370 1279 533 1318 causa
564 1266 703 1329 Noe,
728 1267 976 1324 discussa
1000 1270 1288 1338 ebrietate,
1340 1273 1463 1328 illos
1500 1274 1643 1330 votis
1689 1290 1957 1330 remune-

370 1363 544 1420 ratur,
597 1358 866 1413 Channnn
930 1362 1258 1418 detestatur.
1311 1362 1550 1436 Campus
1597 1382 1763 1437 quem
1800 1366 1955 1423 inco-

370 1447 524 1503 luere
559 1447 687 1503 Non:
745 1450 862 1510 ﬁlii.
895 1450 1140 1507 Sennaar
1159 1464 1430 1523 vocatur;
1470 1472 1708 1527 quorum
1752 1458 1955 1530 cuique

372 1541 559 1595 multis
614 1541 806 1597 liberis
870 1545 1036 1612 natis,
1076 1556 1132 1601 et
1175 1549 1229 1603 in
1271 1549 1509 1606 familias
1569 1552 1884 1623 propagatis
1936 1595 1954 1621 ,

371 1634 717 1705 multiplicati
751 1648 879 1693 sunt
917 1654 1109 1694 eorum
1142 1643 1371 1711 posteri.
1398 1643 1733 1713 Nemrodus,
1761 1646 1957 1703 Cbami

372 1741 567 1795 nepos,
599 1728 691 1797 qui
722 1731 933 1799 primus
968 1732 1022 1786 in
1050 1734 1213 1789 terris
1241 1735 1394 1805 gigas
1441 1737 1593 1792 visus
1634 1748 1739 1802 est,
1790 1739 1958 1796 homo

371 1818 572 1881 audax,
608 1828 662 1875 et
697 1822 899 1879 robore
952 1840 1213 1880 manuum
1267 1838 1537 1898 prazstans
1575 1832 1812 1897 cwteris,
1871 1843 1954 1906 ty-

369 1912 664 1967 rannicum
694 1913 987 1981 imperium
1029 1917 1289 1983 instituft,
1323 1935 1388 1975 ac
1410 1921 1492 1977 eis
1513 1921 1815 1978 condendae
1843 1931 1959 1978 tur-

373 2000 449 2057 ris
483 2020 548 2058 ex
583 2005 755 2060 coctis
792 2006 1061 2064 lateribus
1105 2018 1302 2065 auctor
1339 2011 1465 2067 fuit.
1518 2013 1626 2069 Sed
1673 2014 1818 2070 Dens
1872 2015 1958 2070 in-
1994 2045 2033 2100 Β

372 2097 627 2151 stitutum
662 2114 855 2153 eorum
887 2101 1087 2157 callide
1130 2104 1322 2164 elusit.
1378 2104 1577 2176 injecta
1641 2107 1954 2176 linguarum

369 2187 713 2255 diversitate,
750 2200 809 2245 ut
839 2192 933 2246 alii
977 2193 1213 2248 aliorum
1245 2210 1558 2251 sermonem
1601 2213 1713 2252 non
1756 2199 1960 2255 intelli-

368 2291 586 2352 gerent.
621 2281 864 2353 Campus
894 2285 984 2340 ille
1021 2301 1168 2342 nunc
1196 2288 1435 2360 Babylon
1458 2300 1706 2356 vocatur,
1737 2291 1808 2347 ob
1843 2308 1960 2348 ser-

371 2389 600 2433 monum
627 2375 1036 2433 confusionem.
1067 2378 1202 2433 Nam
1237 2379 1403 2435 Babel
1440 2380 1687 2439 Hebraeis
1707 2394 1794 2439 est
1826 2400 1957 2441 con-

376 2467 539 2523 lusio.
583 2467 665 2523 0b
695 2484 816 2524 eam
864 2469 1180 2541 linguarum
1236 2472 1614 2529 diversitatem
1676 2476 1750 2531 ita
1804 2477 1959 2533 luere

369 2560 634 2630 dispersi,
686 2570 747 2615 nt
793 2577 1013 2618 omnem
1062 2568 1463 2628 continentem.
1515 2584 1706 2625 onmes
1751 2569 1960 2626 insulas

370 2655 736 2724 complerent.
775 2657 849 2710 Ex
900 2657 1010 2712 illis
1061 2658 1190 2713 Non:
1247 2660 1484 2729 posteris
1528 2661 1602 2715 ita
1657 2662 1958 2733 dissipatis,

373 2756 566 2812 gentes
624 2749 862 2804 condita:
920 2758 977 2804 et
1033 2752 1433 2821 cognominatm
1488 2762 1637 2809 sunt.
1692 2754 1961 2824 Japhetus

373 2839 597 2907 quidem
629 2851 837 2910 septem
866 2841 1057 2912 genuit
1094 2842 1254 2909 lilios,
1283 2844 1376 2912 qui
1406 2858 1436 2897 a
1463 2844 1743 2900 montibus
1774 2845 1958 2900 Tauro

373 2942 432 2985 et
457 2933 670 2988 Amano
711 2935 986 3006 progressi
1039 2944 1189 3000 sunt,
1229 2936 1283 2990 in
1337 2936 1468 2991 Asia
1508 2953 1682 3006 usque
1733 2938 1801 2992 ad
1848 2939 1958 2993 Ta-

372 3024 521 3083 naim
586 3024 811 3082 ﬂuvium
846 3068 860 3091 ,
896 3028 951 3082 in
988 3029 1206 3098 Europa
1278 3044 1452 3099 usque
1485 3030 1551 3084 ad
1591 3028 1793 3096 Gades,
1821 3046 1961 3100 quo-

368 3133 501 3175 rum
525 3121 848 3189 cognomina
866 3122 1129 3191 gentibus
1152 3132 1283 3176 sunt
1309 3123 1501 3177 indita.
1532 3122 1794 3178 Comares
1809 3122 1959 3178 enim

376 3226 405 3261 a
440 3208 664 3275 Gomer,
688 3226 836 3266 nunc
863 3210 1065 3267 Galatas
1098 3214 1381 3269 dicuntur.
1414 3214 1666 3285 Magogos
1692 3230 1823 3270 suos
1856 3230 1958 3286 po-

374 3310 554 3356 slcros
591 3302 898 3358 nominavit
943 3302 1153 3373 Magog,
1205 3320 1356 3360 nunc
1400 3305 1615 3377 Scytha:
1664 3316 1957 3361 vocantur.

2060 716 2126 770 ἐκ
2148 717 2258 770 τῶν
2307 718 2452 790 ὀρῶν
2482 722 2565 782 είς
2614 719 2715 793 τὴν
2755 720 2983 776 πεδιάδα
3024 720 3377 791 κατῴκησαν.
3412 722 3539 775 Νῶε
3589 721 3646 775 δέ

2060 808 2340 876 φυτεύσας
2379 812 2708 883 ἀμπελῶνα,
2757 814 2916 870 ἔπιεν
2968 816 3032 867 ἐκ
3057 812 3154 867 τοῦ
3184 815 3352 876 οἴνου,
3385 815 3482 867 καὶ
3521 814 3644 883 ἐμε-

2060 899 2255 972 θύσθη.
2305 903 2401 957 καὶ
2435 904 2748 978 ἐγυμνώθη.
2784 905 2916 975 Χὰμ
2967 904 3025 959 δέ
3062 904 3161 976 τὴν
3209 903 3494 975 γύμνωσιν
3553 904 3648 957 τού

2060 993 2273 1065 πατρὸς
2326 994 2473 1062 ἰδὼν,
2505 1000 2621 1061 τοῖς
2660 999 2948 1067 συγγένοις
2983 996 3332 1068 ἀνήγγειλεν,
3355 993 3649 1065 οἷονέπεγ-

2057 1084 2234 1153 γελῶν
2254 1086 2335 1157 τῷ
2365 1086 2556 1158 πατρί.
2595 1089 2660 1142 Ol
2685 1087 2743 1142 δὲ
2771 1088 2916 1158 κατᾷ
2945 1087 3117 1141 νώτου
3166 1087 3388 1156 θέμενοι
3421 1087 3485 1141 τὸ
3511 1089 3645 1156 ἱμά-

2058 1196 2195 1243 τιον,
2242 1181 2344 1249 τὴν
2374 1180 2656 1252 πατρικὴν
2683 1180 2970 1251 ἐκάλυψαν
2998 1179 3309 1250 γύμνωσιν,
3347 1180 3651 1253 ὀπισθοφα-

2059 1269 2170 1333 νῶς
2200 1270 2396 1339 εόντες,
2437 1273 2534 1327 καὶ
2574 1272 2652 1344 μὴ
2700 1272 3148 1344 προσϐλέψαντες
3178 1272 3255 1344 τῷ
3319 1272 3510 1344 πατρί.
3558 1273 3653 1325 Διὸ

2059 1365 2156 1415 καὶ
2188 1362 2474 1433 ἀνανήψας
2501 1363 2530 1416 6
2557 1363 2682 1416 Νῶε
2709 1364 2839 1428 τοὺς
2880 1363 2982 1433 μὲν
3018 1363 3205 1434 εὐχαῖς
3234 1362 3536 1433 ἠμείψατο,
3570 1360 3650 1430 τῷ

2059 1450 2120 1504 δὲ
2150 1452 2283 1523 Χάμ
2312 1454 2688 1525 κατηράσατοο
2724 1454 2787 1508 τὸ
2842 1454 2901 1508 δὲ
2938 1454 3120 1509 πεδίον
3173 1453 3202 1507 6
3254 1452 3542 1524 κατῴκουν
3602 1455 3650 1509 οἱ

2062 1543 2168 1595 υἱοὶ
2200 1543 2350 1609 Νῶε,
2412 1544 2681 1616 κέκληται
2712 1545 2944 1617 Σεναάρ.
2980 1545 3203 1599 Πολλῶν
3243 1546 3301 1599 δὲ
3335 1546 3652 1615 γενομένων

2062 1636 2303 1709 ἑκάστῳ.
2334 1639 2565 1703 παίδων,
2604 1642 2700 1692 καἺ⁵
2753 1641 2834 1704 είς
2882 1638 3075 1708 γενεάς
3100 1639 3474 1710 προελθόντων
3512 1639 3651 1709 (25),

2059 1720 2482 1801 ἐπληθύνθὴσαν
2529 1732 2578 1785 οἱ
2615 1729 2822 1785 τούτων
2851 1731 3133 1799 ἀπόγονοι.
3171 1730 3402 1800 Νεῦρὼδ
3456 1731 3511 1783 δέ
3565 1748 3652 1793 τις

2058 1823 2086 1874 6
2124 1821 2220 1875 τοῦ
2289 1822 2422 1893 Χάμ
2478 1823 2695 1887 υἱωνὸς,
2737 1822 2798 1887 ὃς
2861 1823 3079 1895 πρῶτος
3127 1822 3285 1894 ὤφθη
3342 1822 3509 1892 γίγας
3560 1824 3653 1875 ἐπὶ

2060 1915 2162 1983 τῆς
2196 1915 2321 1986 γῆς,
2370 1914 2648 1986 τολμηρὸς
2704 1917 2799 1971 καὶ
2850 1916 2995 1969 κατὰ
3054 1919 3216 1989 χεῖρα
3265 1917 3650 1985 γενναιότερος

2059 2008 2171 2062 τῶν
2222 2008 2400 2062 ἄλλων
2446 2008 2736 2079 ὑπάρχων,
2777 2009 2861 2071 είς
2895 2010 3194 2077 τυραννίδα
3227 2011 3294 2063 τὰ
3333 2008 3645 2077 πράγματα

2068 2099 2423 2171 περιέστησε.
2453 2099 2554 2156 καὶ
2584 2100 2800 2172 πύργον
2852 2101 3161 2172 οἰκοδομεῖν
3200 2102 3387 2164 αὐτοῖς
3412 2101 3654 2154 ὑπέθετο

2066 2190 2127 2257 ἐξ
2155 2191 2333 2263 ὀπτῆς
2390 2192 2614 2247 πλίνθου
2672 2194 3064 2265 δεδομημένον.
3112 2194 3256 2248 Ἀλλ’
3300 2197 3329 2249 6
3368 2195 3503 2258 Θεὸς
3550 2196 3653 2259 τὰς

2065 2283 2276 2338 τούτων
2309 2284 2510 2355 βουλὰς
2545 2285 2657 2355 (26)
2694 2286 3045 2342 διεσκέδασεν
3071 2287 3312 2356 εὐφυῶς,
3354 2288 3653 2349 ἀσυνέτους

2064 2375 2178 2429 τῶν
2239 2378 2371 2448 παρ’
2403 2377 2653 2447 ἀλλήλων
2693 2379 2889 2446 φωνῶν
2926 2379 3016 2433 διὰ
3063 2380 3160 2434 τοῦ
3207 2380 3320 2433 τῶν
3385 2379 3652 2447 γλωσσῶν

2068 2467 2343 2539 μερισμοῦ
2407 2469 2630 2532 τούτους
2682 2471 3128 2541 ἀποφηνάμενος.
3205 2470 3307 2523 Τὸ.
3342 2469 3399 2522 δὲ
3464 2469 3653 2521 π-δῖον

2066 2561 2250 2613 ἐκεῖνο
2283 2559 2378 2612 νῦν
2414 2561 2677 2614 Βαϐυλὼν
2719 2562 2987 2627 καλεῖται,
3015 2562 3104 2615 διὰ
3150 2561 3251 2629 τὴν
3282 2564 3409 2630 περὶ
3467 2560 3653 2613 διάλε-

2066 2668 2194 2705 κτον
2242 2654 2527 2723 σύγχυσιν.
2572 2654 2813 2725 Ἑϐραῖοι
2873 2655 2969 2725 μὲν
3026 2654 3138 2723 γὰρ
3198 2653 3371 2706 Boiis).
3421 2652 3653 2706 καλοῦσι

2064 2744 2164 2816 τὴν
2197 2744 2480 2816 σύγχυσιν.
2523 2748 2851 2801 Σκίδνανται
2898 2747 2955 2801 δὲ
2995 2747 3184 2812 λοιπὸν
3212 2746 3317 2800 ὑπὸ
3360 2747 3459 2816 τῆς
3495 2746 3653 2800 ἀλλο-

2066 2839 2368 2910 γλωσσίας,
2428 2840 2503 2904 ὡς
2548 2842 2733 2895 πᾶσαν
2786 2842 3018 2912 ἧπειρον
3061 2842 3159 2896 καὶ
3194 2842 3362 2910 νῆσον
3423 2842 3652 2911 πληρω-

2067 2932 2231 3002 θῆναι
2266 2932 2472 2990 αὐτῶν.
2527 2932 2949 2987 Σκεδασθέντων
2996 2933 3053 2987 δὲ
3083 2935 3194 2988 τῶν
3225 2933 3508 3002 ἀπογόνων
3555 2933 3650 2987 τοῦ

2065 3026 2214 3090 Νῶε,
2268 3025 2328 3091 ἐξ
2371 3027 2600 3081 ἐκείνων
2632 3027 2701 3080 τὰ
2737 3026 2868 3097 ἔθνη
2921 3027 3266 3099 συνέστησάν
3304 3045 3363 3080 τε
3390 3027 3484 3081 καὶ
3516 3025 3657 3079 ὠνο-

2068 3119 2378 3190 μάσθησαν.
2435 3120 2606 3172 Ἐπτά
2641 3119 2775 3188 γοῦν
2839 3120 2868 3173 6
2921 3120 3103 3189 ’ίάφεθ
3155 3120 3304 3184 υἱοὺς
3332 3120 3650 3191 ἐγέννησεν,

2065 3213 2114 3265 οἱ
2146 3210 2255 3264 ἀπὸ
2289 3209 2384 3264 τοῦ
2400 3211 2620 3281 Ταύρου
2652 3211 2746 3265 καί⁵
2777 3211 3021 3283 Ἀμάνου
3047 3213 3156 3266 τῶν
3180 3212 3322 3282 ὀρῶν
3352 3212 3649 3283 προῆλθον,

2068 3306 2164 3358 ἐπὶ
2207 3304 2310 3375 μὲν
2335 3305 2436 3375 τῆς
2463 3304 2657 3368 Ἀσίας
2689 3305 2822 3375 ἄχρι
2853 3305 3104 3374 ποταμοῦ
3151 3304 3437 3368 Ταναῖδος·
3470 3305 3565 3358 ἐπὶ
3590 3305 3650 3358 δὲ

374 3394 678 3461 Αυιονοη,
709 3395 867 3452 [ones
897 3405 1159 3455 etomnes
1182 3398 1356 3455 ϐιτεοὶ
1387 3414 1690 3470 cognomen
1723 3400 1952 3456 habent.

2065 3397 2166 3467 τῆς
2191 3395 2464 3467 Εὐρώπης
2512 3396 2618 3460 ἕως
2652 3398 2945 3473 Γαδείρων,
2979 3392 3056 3453 ὧν
3094 3400 3205 3464 τοῖς
3253 3398 3485 3467 ὀνόμασι
3552 3399 3650 3452 καὶ

374 3488 421 3541 A
455 3486 634 3543 Madui
695 3487 907 3553 Madaei,
942 3489 1049 3545 hoc
1093 3501 1180 3546 est
1234 3491 1398 3557 Medi,
1465 3510 1615 3550 nunc
1666 3505 1955 3552 vocantur.

378 3581 591 3636 Thobcl
610 3582 886 3640 Tltobelos
912 3601 943 3640 a
983 3602 1041 3641 se
1065 3590 1495 3658 cognominavit,
1522 3590 1707 3647 lbcres
1733 3593 1787 3646 bi
1813 3601 1961 3647 sunt.

379 3677 602 3733 Mosoch
633 3687 828 3736 auctor
857 3681 961 3734 fuit
983 3664 1427 3750 Mescluenorum,
1460 3686 1554 3755 qui
1583 3702 1729 3742 nunc
1753 3687 1967 3758 Cappa-

371 3772 543 3827 doces
573 3772 869 3829 habentur.
906 3774 1106 3830 Tbiras
1130 3791 1158 3830 a
1191 3792 1250 3833 se
1276 3778 1583 3833 nominavit
1618 3779 1838 3843 Thiros,
1868 3781 1963 3850 qui

376 3871 588 3919 mutato
644 3876 768 3934 post
820 3865 1045 3920 nomine
1096 3866 1341 3922 Thraces
1386 3868 1518 3923 dicti
1582 3879 1732 3924 sunt.
1762 3870 1844 3924 Ab
1870 3870 1966 3926 Ja-

377 3956 527 4024 pbeti
551 3972 717 4025 porro
746 3960 982 4027 posteris
1019 3958 1075 4012 lii
1107 3959 1212 4013 orti
1254 3970 1385 4013 sunt
1408 3978 1420 4012 :
1447 3963 1819 4021 Aschanaxes.
1856 3963 1964 4017 Rc-

376 4062 545 4117 genes
570 4048 818 4113 dit-ti,ab
853 4051 1182 4105 Ascltanaxo
1240 4066 1254 4101 :
1306 4049 1616 4120 [lipbatliaai
1671 4053 1776 4119 (sic
1832 4054 1965 4105 olim

378 4141 758 4212 Paphlagones
802 4144 1096 4212 vocabant)
1160 4158 1336 4213 genus
1386 4142 1593 4198 ducere
1645 4160 1677 4197 a
1729 4144 1968 4213 Riphato

376 4235 703 4290 creduntur.
801 4235 1145 4306 Thorgannei
1223 4219 1594 4306 Thorgantam
1681 4246 1965 4291 auctorem

376 4332 585 4400 iactant
607 4370 623 4394 ,

380 4423 590 4493 pellati.
667 4423 854 4478 Elisan
936 4423 1260 4478 Alismorum
1353 4423 1618 4493 princeps
1707 4423 1965 4485 exstitit.

384 4516 479 4591 qui
547 4524 679 4571 sunt
742 4514 1034 4572 Eolenses
1071 4533 1086 4570 :
1128 4526 1185 4571 et
1250 4516 1490 4572 Tarseus
1547 4517 1965 4583 Tbarsensium,

378 4610 463 4664 sic
555 4607 703 4663 enim
805 4609 935 4663 olim
1014 4606 1217 4664 Cilices
1299 4612 1639 4663 vocabantur
1718 4625 1732 4661 :
1822 4608 1968 4663 unde

377 4703 657 4782 precipua
728 4702 863 4758 urbs
931 4717 1126 4757 eorum
1202 4702 1406 4757 Tarsus
1482 4701 1738 4763 dicitur.
1824 4702 1968 4758 facta

390 4798 492 4866 21
534 4797 698 4850 unius
722 4796 920 4851 littera:
943 4796 1268 4851 mutatione.
1301 4794 1391 4849 Sic
1419 4795 1566 4849 enim
1601 4796 1874 4865 Joscphus
1901 4797 1969 4850 de

389 4888 568 4945 Tarso
615 4889 831 4942 scribit.
886 4889 992 4943 Alii
1047 4889 1261 4945 dicunt.
1317 4888 1578 4943 Perseum
1628 4888 1682 4942 in
1720 4888 1970 4943 Ciliciam

392 4980 725 5050 profectum,
761 4995 826 5035 ac
847 4980 915 5035 de
949 4980 1235 5035 condenda
1272 4979 1410 5035 urbe
1441 4979 1798 5051 cogitantem.
1835 4979 1966 5034 dum

383 5075 559 5134 labris
614 5076 795 5130 locum
856 5073 1011 5128 urbis
1088 5074 1516 5140 demonstraret,
1573 5074 1757 5142 planta
1810 5072 1969 5143 pedis

386 5177 587 5228 terram
616 5167 975 5239 percussisse.
1002 5177 1166 5236 atque
1197 5167 1323 5222 inde
1344 5167 1535 5223 urbem
1563 5167 1799 5237 (Τάρσος
1817 5166 1965 5222 enim

383 5259 626 5341 plantam
662 5259 875 5315 Latinis
913 5260 1206 5330 signiﬁcat)
1250 5260 1712 5330 cognominatam.
1764 5259 1959 5315 Cheli-

2066 3490 2200 3559 ἔθνη
2234 3489 2647 3563 ἐπεκλήθησαν.
2695 3492 2973 3562 Γομαρεῖς
3026 3491 3129 3561 μὲν
3164 3491 3275 3546 ἀπὸ
3343 3492 3546 3562 Γόμερ,
3597 3493 3650 3544 οῖ

2065 3581 2162 3635 νῦν
2192 3581 2434 3636 Γαλάται
2460 3582 2775 3653 λεγόμενοι·
2818 3583 3103 3651 Μαγώγας
3126 3583 3183 3636 δὲ
3211 3583 3341 3646 τοὺς
3379 3583 3439 3647 ἐξ
3481 3583 3651 3636 αὑτοῦ

2066 3675 2357 3745 ὠνόμασεν
2385 3677 2412 3727 6
2442 3675 2681 3745 Μαγὼγ,
2714 3676 2921 3730 Σκύθαι
2955 3676 3010 3730 δὲ
3042 3676 3138 3730 νῦν
3190 3676 3503 3731 καλοῦνται.
3551 3673 3652 3730 Ἐκ

2066 3769 2122 3822 δὲ
2155 3769 2348 3821 Ἰωϐἀν
2380 3768 2564 3831 Ἴωνες
2579 3769 2676 3821 καὶ
2712 3769 2918 3832 πάντες
2950 3768 3210 3838 Ἓλληνες
3241 3769 3650 3839 ἐπεκλήθησαν.

2069 3864 2167 3916 Ἐκ
2209 3862 2394 3917 Μοιδαῖ
2429 3863 2487 3915 δὲ
2511 3863 2767 3926 Μαδαῖοι,
2806 3863 2854 3914 οἱ
2913 3862 3092 3933 Μῆδοι
3144 3861 3652 3934 προσαγορεύονται

2071 3955 2188 4009 νῦν.
2226 3954 2417 4015 Θοϐἐλ,
2446 3951 2725 4021 Θιιΰήλους
2753 3952 2880 4014 τοὺς
2942 3951 3002 4018 ἐξ
3046 3952 3212 4006 αὐτοῦ
3269 3953 3650 4022 ἐπωνόμασεν

2069 4041 2221 4100 οὗτοι
2247 4046 2293 4098 δ’
2319 4045 2458 4098 εἰσὶν
2496 4045 2730 4115 ἰΰηρέςο
2765 4048 2792 4098 6
2842 4044 2898 4097 δέ
2938 4063 3003 4114 γε
3056 4044 3246 4115 Μοσὺχ
3309 4044 3404 4097 τοῦ
3459 4044 3655 4113 γένους

2072 4138 2311 4210 κατῆρξε
2363 4135 2469 4191 τῶν
2501 4137 2830 4207 Μεσχηνῶν,
2868 4139 3239 4192 Καππαδόκαι
3291 4132 3439 4192 οὗτοι
3491 4139 3653 4207 νομί-

2073 4230 2279 4296 ζονται.
2320 4229 2523 4301 Θειράς
2559 4230 2618 4283 δὲ
2653 4230 2859 4301 Θείρας
2893 4232 3022 4291 τοὺς
3051 4230 3113 4295 ἐξ
3159 4230 3324 4284 αὑτοῦ
3377 4231 3656 4300 πρυτηγό·

725 4338 852 4399 post
935 4339 1148 4385 mutato
1229 4331 1456 4385 nomine
1549 4328 1793 4403 Phryges
1878 4346 1960 4400 ap-

2075 4339 2289 4393 ρευσεν,
2331 4324 2379 4373 οἱ
2431 4321 2646 4395 Θρᾷκες
2691 4321 3195 4393 μετωνομάσθησαν
3249 4321 3497 4390 ὕστερον.
3554 4322 3653 4374 Ἐκ

2070 4416 2128 4470 δὲ
2156 4417 2262 4469 τῶν
2294 4415 2536 4484 ἐκγόνων
2586 4415 2769 4483 Ἰάφεο
2823 4414 3153 4486 Ἀσχανάξαι
3193 4415 3290 4483 μὲν
3320 4417 3369 4469 οἱ
3419 4414 3651 4483 κληθέν-

2070 4531 2163 4578 τες
2232 4515 2519 4584 Ῥηγῆνες,
2584 4510 2645 4577 ἐξ
2681 4512 2954 4583 Ἀσχανάξ
3009 4510 3392 4582 προήχθησαν.
3463 4510 3650 4579 Ῥιφα-

2076 4606 2216 4661 θαῖοι
2251 4607 2309 4659 δὲ
2345 4606 2508 4676 (οὕτω
2552 4607 2682 4677 πρὶν
2731 4607 2856 4663 τοὺς
2893 4603 3251 4672 Παφλαγόνας
3298 4602 3550 4674 ἐκάλουν)
3587 4606 3652 4657 ἐκ

2090 4699 2282 4769 Ῥιφὰθ
2306 4700 2364 4754 τὸ
2393 4699 2549 4768 γένος
2587 4699 2766 4752 ἕλκειν
2786 4699 3157 4753 πιστεύονται·
3190 4701 3282 4750 καὶ
3302 4700 3649 4769 θοργαμαίοι

2074 4794 2165 4846 τὸν
2232 4793 2529 4863 Θοργαμᾶν
2584 4792 2850 4861 πρόγονον
2925 4792 3137 4856 ἑαυτοῖς
3225 4792 3648 4859 ἐπιγράφουσιν,

2069 4885 2118 4937 οἳ
2175 4885 2388 4955 Φρύγες
2462 4883 2882 4953 μετεκλήθησαν
2955 4883 3204 4953 ὕστερον.
3290 4882 3512 4936 Ἔλισάν
3595 4882 3651 4935 at

2067 4975 2683 5046 Ἀλισαίωνάρχηγέτης
2715 4976 2970 5043 ἐγένετο,
3011 4977 3173 5046 οἷπερ
3223 4976 3362 5030 εἰσὶν
3415 4976 3647 5039 Αἰολεῖς.

2071 5072 2180 5124 Καὶ
2239 5068 2491 5139 Θαρσεὺς
2542 5070 2652 5121 τῶν
2729 5068 3235 5137 Θαρσέων“ὲγένετο
3273 5068 3558 5139 πρόγονος-
3590 5070 3650 5135 τό

2068 5162 2178 5232 γάρ
2239 5162 2408 5215 πάλαι
2441 5160 2677 5231 Θαρσεῖς
2723 5161 3019 5216 ἐκαλοῦντο
3072 5164 3122 5216 οἱ
3165 5160 3428 5224 Κίλικες.
3485 5163 3649 5214 Ὅθεν

2066 5258 2165 5311 καὶ
2193 5256 2227 5325 ἡ
2251 5254 2360 5307 τῶν
2399 5257 2531 5324 παρ’
2562 5254 2748 5319 αὐτοῖς
2794 5255 3004 5308 πόλεων
3053 5254 3455 5326 ἀξιολογωτέρα
3498 5256 3646 5323 'l'ap.

1582 5353 1779 5415 Venite
1813 5352 2119 5414 lectiones
2160 5357 2223 5413 et
2260 5356 2453 5411 notae.

455 5457 567 5528 (25)
600 5458 699 5526 Εἰς
720 5459 933 5528 γενεὰς
958 5460 1393 5528 προελθόντων.
1428 5458 1836 5529 Παρελθόντων.

454 5527 571 5598 (26)
615 5527 772 5584 Ἀλλ’
808 5534 840 5584 ό
877 5527 1019 5596 Θεὸς
1052 5532 1159 5595 τὰς
1182 5531 1408 5584 τούτων
1436 5527 1699 5594 βουλάς.
1726 5527 1883 5598 Οὕτω
1907 5527 1961 5579 δὲ

386 5597 701 5680 ήεμηνᾶιτας
757 5602 960 5680 εὐτοὺς
1018 5601 1162 5680 ὁρῶν
1222 5603 1249 5653 ό
1312 5601 1493 5680 Θεδςη
1523 5597 1965 5680 ὲτερογλιῇσσους

384 5666 705 5755 ἓίργᾶσατο.
756 5671 871 5729 Hoc
925 5666 1061 5738 est,
1092 5672 1249 5737 Deus,
1302 5688 1419 5724 cum
1469 5671 1700 5740 furorem
1746 5666 1965 5720 illorum

2063 5466 2317 5519 cerneret,
2354 5456 2623 5526 e/fecitiut
2671 5454 2888 5509 diversis
2940 5455 3136 5526 linguis
3181 5453 3543 5526 loquerentur.
3570 5453 3647 5526 Et

2064 5530 2227 5597 paulo
2268 5518 2446 5599 post:
2496 5525 2560 5580 '0
2588 5525 2666 5599 δὲ
2729 5529 2915 5589 τόπο·,
2966 5518 3037 5579 ἐπί
3181 5518 3392 5599 πύργον
3410 5524 3649 5599 *‹ξ›κοδόο

2067 5594 2222 5667 μουν,
2258 5594 2399 5651 locus
2429 5612 2549 5650 vero
2580 5597 2631 5667 in
2666 5614 2767 5666 quo
2798 5606 2997 5650 turrem
3023 5594 3380 5650 exstruebant.
3410 5594 3475 5648 Et.
3501 5609 3648 5662 ntus,

2067 5666 2164 5737 pro
2198 5670 2323 5737 ἄχρι
2356 5666 2634 5737 ποταμοῦ,
2673 5669 2855 5738 μέχρι.
2885 5668 2971 5720 W.
