3964 6252
360 228 420 291 67
1635 215 1961 280 JOANNIS
1997 176 2318 274 zonae
3557 202 3627 264 es

361 354 550 396 norem
577 337 884 395 asserebat.
908 337 1024 405 Qua
1047 338 1116 393 de
1149 354 1208 394 re
1236 335 1619 393 controversia
1647 337 1783 390 inter
1815 347 1940 388 cum

2064 330 2339 402 ιιουργὺν,
2383 330 2450 382 ἐκ
2475 326 2582 380 τῶν
2625 322 2948 396 ποιημάτων
2995 319 3324 376 καταλαϐὼν
3347 317 3438 370 τὸν
3471 333 3604 384 ποιη

361 443 417 490 et
443 432 733 488 Chaldaeos
767 439 910 494 orta,
935 430 1263 502 demigravit
1297 430 1470 494 illinc,
1500 438 1728 484 auctore
1775 440 1938 496 quem

361 535 696 597 cognoverat
721 525 855 588 Deo,
891 533 948 580 et
975 523 1341 580 Chananaeam
1379 523 1578 578 tenuit.
1611 521 1784 588 Quam
1815 535 1940 574 cum

361 619 534 674 fames
563 627 862 688 premeret,
911 617 1048 672 abiit
1078 617 1133 670 in
1162 616 1480 688 Egyptum,
1529 613 1717 684 ibique
1749 611 1820 666 ob
1851 625 1942 664 sa-

361 709 622 776 pientiam
681 708 1034 763 admirationi
1119 707 1370 770 habitus,
1433 704 1836 760 arithmeticam
1888 709 1945 755 et

362 801 764 854 astronomiam
793 799 1026 856 rudibus
1045 810 1160 854 tum
1184 799 1390 853 artium
1424 797 1642 852 illarum
1669 793 1944 865 Egyptiis

363 891 594 946 tradidit
640 909 655 946 :
709 908 832 962 quae
866 893 1092 963 quidem
1135 907 1166 946 a
1209 889 1486 946 Chaldaeis
1520 891 1575 944 in
1622 887 1940 959 Egyplum,

365 995 530 1054 atque
565 987 690 1040 inde
725 993 776 1038 in
820 986 1084 1040 Graeciam
1117 984 1379 1039 transisse
1415 982 1806 1053 perhibentur.
1842 978 1946 1033 As-

367 1079 533 1148 syriis
556 1090 740 1133 autem
782 1077 1096 1133 Sodomitas
1119 1077 1412 1147 aggressis,
1445 1074 1590 1146 apud
1617 1089 1758 1143 quos
1775 1071 1947 1126 Lotus

369 1168 556 1222 t'ratris
597 1169 892 1223 Abrahami
929 1169 1097 1234 (ilius,
1137 1179 1192 1222 et
1223 1167 1372 1222 Sarae
1417 1166 1584 1220 frater
1619 1163 1902 1220 habitabat
1927 1201 1943 1226 ,

369 1274 433 1311 ac
459 1261 649 1314 multis
679 1259 1090 1316 Sedomitarum
1137 1259 1468 1326 interfectis,
1499 1257 1824 1326 exterisque
1851 1271 1948 1310 ea-

371 1351 501 1418 ptis,
537 1351 706 1406 Lotus
734 1353 900 1406 etiam
930 1352 1072 1406 inter
1103 1360 1332 1406 caeteros
1357 1355 1592 1422 capitur.
1628 1349 1748 1417 Quo
1773 1348 1950 1403 Abra-

372 1443 567 1496 hamus
603 1443 902 1508 intellecto,
933 1459 1061 1499 cum
1093 1459 1324 1500 cccxvm
1369 1443 1558 1500 vernis
1582 1452 1639 1498 et
1669 1458 1729 1497 ιιι
1756 1441 1950 1496 amicis

372 1533 624 1604 Assyrios
659 1537 1039 1604 persequitur,
1069 1535 1268 1590 Lutum
1298 1551 1364 1590 ac
1390 1534 1706 1590 Sodomitas
1726 1534 1946 1588 liberat.

377 1624 765 1680 Revertentem
810 1627 879 1682 ab
927 1627 1170 1682 hostium
1221 1627 1628 1697 persecutione,
1666 1625 1820 1680 urbis
1847 1623 1948 1679 So-

2042 431 2163 496 τὴν,
2215 426 2310 478 καὶ
2360 423 2538 492 τούτῳ
2604 421 2754 491 μόνῳ
2807 421 2907 488 τὴν
2953 418 3120 486 τιμὴν
3175 414 3475 484 ἀπονέμειν
3515 410 3627 465 δεῖν

2043 520 2220 587 ἔλεγε.
2269 516 2690 570 Στασιασὰντων
2717 512 2774 566 δὲ
2816 510 2907 564 διὰ
2937 509 3112 564 ταῦτα
3160 507 3296 578 πρὸς
3326 505 3492 558 αὐτὴν
3518 502 3628 556 τῶν

2046 611 2352 674 Χαλδαίων,
2373 604 2698 679 μετῴκησεν
2723 605 2958 666 ἐκεῖθεν,
2985 601 3080 656 τοῦ
3107 599 3448 668 γνωσθέντος
3478 593 3628 664 αὐτῷ

2045 705 2294 760 κελεύσει
2324 701 2483 766 Θεοῦ,
2515 699 2609 752 καὶ
2639 698 2738 769 τὴν
2768 695 3083 750 Χαναναίαν
3111 693 3316 760 ἔσχηκε
3355 687 3482 758 γῆν.
3527 687 3626 740 Λιι-

2050 799 2152 872 μοῦ
2179 798 2236 852 δὲ
2265 797 2366 867 τὴν
2396 792 2715 848 Χαναναίαν
2768 789 3076 853 πιέζοντος,
3117 783 3526 856 μεταναστεύει
3550 783 3633 844 εἰς

2047 895 2342 962 Αιγυπτον.
2373 889 2486 942 Καὶ
2513 885 2855 957 θαυμασθεὶς
2879 882 2973 937 ἐπὶ
2995 880 3237 940 συνέσει,
3260 877 3362 948 τὴν
3388 873 3629 946 ἀριθμη-

2046 986 2210 1058 τικὴν
2263 986 2376 1047 τοῖς
2428 981 2748 1052 Αἰγυπτίοις
2803 978 2902 1032 καὶ
2959 975 3031 1028 τὰ
3079 974 3209 1044 περὶ
3238 967 3628 1042 ἀστρονομίας,

2047 1080 2279 1151 ἀμαθῶς
2307 1077 2517 1132 τούτων
2541 1074 2747 1145 ἔχουσι,
2780 1068 3178 1141 παραδίδωσιν.
3221 1063 3320 1116 Ἐκ
3342 1059 3632 1116 Χαλδαίων

2049 1174 2160 1244 γὰρ
2195 1171 2419 1240 λέγεται
2454 1162 2911 1236 φοιτῆσαιταῦτα
2936 1159 3073 1231 πρὸς
3106 1151 3412 1224 Αἴγυπτον,
3442 1152 3634 1206 natst-

2051 1269 2144 1322 θεν
2177 1265 2314 1332 πρδς
2364 1261 2638 1332 Ἕλληνας
2683 1256 2821 1326 (29).
2855 1251 3165 1323 Ἀσσυρίων
3201 1244 3248 1302 δ’
3293 1244 3632 1302 ἐπελθόντων

2049 1362 2164 1422 τοῖς
2215 1355 2552 1425 Σοδομίταις.
2587 1345 2668 1414 οἷς
2727 1347 2964 1418 συνῴκει
2997 1345 3092 1398 καὶ
3121 1342 3270 1407 Λὼτ,
3293 1337 3633 1407 ἀδελφόπαις

2050 1452 2128 1508 ὢν
2161 1449 2437 1521 Ἀϐραὰμ,
2469 1447 2570 1515 τῆς
2597 1445 2816 1514 Σάρρας
2864 1458 2925 1494 τε
2981 1437 3232 1506 ἀδελφὸς,
3259 1433 3358 1489 καὶ
3417 1429 3633 1486 πολλῶν

2057 1547 2157 1618 μὲν
2188 1543 2467 1597 πεσόντων
2503 1535 2830 1608 Σοδομιτῶν,
2855 1529 3410 1604 αἰχμαλωτισθέντων
3440 1525 3498 1578 δὲ
3526 1523 3632 1576 τῶν

2053 1638 2280 1700 λοιπῶν,
2320 1634 2416 1687 καὶ
2462 1629 2588 1686 Λὼτ
2624 1631 2737 1692 τοῖς
2769 1618 3632 1697 Σοδομίταις,συνηχμαλὼτευτο.

373 1717 532 1788 lyma:
567 1735 661 1773 rex
685 1720 906 1774 nomine
937 1720 1373 1777 Melehisedccus
1400 1719 1514 1792 (qui
1551 1717 1756 1774 Graecis
1779 1732 1949 1786 regem

2064 1738 2125 1788 '0
2155 1731 2342 1806 μαθὼν
2363 1729 2639 1800 Ἀϐραὰμ,
2669 1725 2768 1778 σὺν
2793 1719 3131 1794 τριακοσίοις
3179 1717 3326 1770 ὀκτὼ
3372 1713 3480 1806 καί
3501 1711 3634 1806 δεκα

370 1805 576 1874 justum
607 1805 901 1878 signiﬁcat)
948 1808 1171 1878 excipit.
1215 1807 1434 1879 Solyma
1477 1822 1608 1862 vero
1643 1815 1760 1860 tum
1797 1803 1952 1859 dicc-

375 1893 540 1949 batur
567 1897 702 1950 urbs
733 1895 1062 1952 Jerusalem.
1088 1897 1240 1953 Adeo
1273 1909 1487 1954 vetusta
1524 1899 1614 1953 illa
1641 1906 1744 1962 est,
1787 1905 1954 1967 atque

379 2003 574 2043 omnes
609 1989 936 2059 antiquitate
969 2001 1212 2060 superat.
1243 1991 1390 2046 Deus
1415 1991 1712 2060 approbata
1749 1990 1954 2044 virtute

375 2077 698 2143 Abrahami,
731 2083 1236 2138 remunerationem
1272 2083 1350 2138 illi
1385 2083 1699 2152 pollicetur.
1727 2077 1826 2136 Illo
1859 2097 1958 2136 au—

377 2186 486 2231 tem
516 2176 756 2239 dicente,
787 2176 1022 2245 quodvis
1051 2177 1157 2232 sibi
1191 2175 1519 2230 beneﬁcium
1562 2175 1789 2231 insuave
1812 2174 1954 2242 fore,

377 2267 473 2336 qui
531 2265 754 2320 lnerede
801 2277 1021 2322 careret
1070 2269 1404 2338 (nequedum
1456 2267 1600 2322 enim
1641 2283 1956 2336 germanam

380 2359 624 2414 sobolem
660 2369 1002 2427 susceperat,
1049 2360 1198 2415 Sara:
1243 2361 1404 2415 vulva
1462 2361 1960 2431 obstructa,,Deus

379 2451 544 2504 etiam
576 2439 747 2507 lilium
771 2453 820 2507 ei
845 2468 905 2508 se
938 2452 1198 2507 daturum
1223 2453 1518 2523 promittit,
1539 2469 1569 2508 a
1593 2469 1703 2524 quo
1729 2471 1962 2526 magnus

381 2544 618 2616 pepulus
669 2553 818 2600 esset
865 2545 1274 2616 propagandus.
1313 2547 1488 2602 stellis
1535 2563 1768 2602 numero
1799 2565 1899 2618 par
1941 2566 1956 2604 :

381 2654 622 2708 eumque
653 2653 764 2694 una
794 2654 920 2692 cum
953 2639 1071 2694 suis
1098 2639 1326 2694 masculi
1359 2654 1524 2694 sexus
1555 2639 1811 2710 pudenda
1851 2641 1963 2696 eir-

381 2732 700 2786 cumcidere
728 2731 915 2801 jussit,
947 2747 1016 2786 ne
1035 2747 1211 2802 genus
1238 2733 1358 2802 ejus
1389 2748 1515 2787 cum
1550 2733 1672 2788 aliis
1703 2733 1963 2804 gentibus

394 2825 833 2879 confunderetur
879 2841 892 2878 :
917 2826 1102 2895 itaque
1125 2825 1619 2880 circumciduntur.
1645 2825 1963 2880 Abrahamo

377 2916 492 2984 jam
528 2915 856 2970 centenario
913 2919 1217 2994 nasciture
1261 2915 1394 2972 Sara
1443 2917 1612 2984 ﬁlius,
1667 2917 1761 2972 Dei
1805 2919 1960 2988 jussu

384 3010 602 3065 lsaaeus
653 3010 983 3081 appellatus.
1039 3012 1187 3082 quod
1246 3014 1409 3068 risum
1458 3012 1732 3084 signiﬁcat
1779 3029 1793 3064 :
1847 3011 1965 3068 sive

383 3101 533 3172 quod
587 3102 744 3164 Sara,
776 3103 905 3158 dato
952 3105 1178 3159 oraculo
1217 3105 1287 3161 de
1335 3115 1496 3175 partu
1546 3120 1648 3161 suo
1699 3105 1896 3160 riserat
1945 3120 1959 3158 :

385 3194 531 3264 quod
562 3193 636 3256 ob.
656 3193 873 3248 eﬁ‘etam
908 3205 1148 3260 aetatem,
1178 3195 1534 3266 promissioni
1566 3195 1728 3250 ﬁdem
1761 3195 1965 3250 habere

385 3283 628 3348 diﬂieile,
642 3299 818 3354 neque
835 3284 942 3338 ulla
955 3299 1080 3354 spes
1093 3287 1263 3356 prolis
1277 3294 1397 3342 erat
1413 3283 1966 3357 (nonagenariaenim

385 3379 632 3433 lsaacum
665 3377 772 3448 23
801 3377 1036 3458 peperit}
1063 3395 1076 3432 :
1116 3379 1231 3434 sive
1263 3379 1409 3450 quod
1442 3395 1599 3450 puer,
1627 3379 1772 3432 risus
1791 3393 1967 3432 occa-

389 3468 474 3521 sio
501 3467 668 3522 l‘uerit
694 3469 1038 3540 parentibus,
1066 3468 1170 3522 hoc
1197 3477 1304 3534 est,
1330 3468 1630 3523 alacritatis
1658 3474 1713 3522 et
1743 3467 1966 3524 laetitiae.

383 3557 595 3614 Octavo
626 3570 753 3630 post
798 3559 1146 3614 nativitatem
1195 3559 1286 3614 die
1339 3576 1476 3631 puer
1502 3561 1966 3618 circumciditur:

385 3656 481 3724 qui
512 3671 633 3710 mos
671 3657 838 3711 etiam
880 3671 912 3710 ιι
941 3655 1148 3713 Judzeis
1189 3653 1539 3710 observatur.
1581 3655 1792 3711 Arabes
1835 3672 1969 3712 vero

385 3762 534 3800 anno
559 3763 652 3802 xm
686 3746 1084 3802 circumcidere
1128 3762 1332 3818 pueros
1373 3749 1571 3812 solent,
1602 3747 1748 3818 quod
1775 3746 1970 3801 Ismael

386 3837 567 3908 gentis
610 3837 866 3894 conditor
899 3839 1047 3894 circa
1089 3853 1210 3894 eam
1245 3839 1415 3894 fuerit
1458 3849 1674 3894 a-tatem
1727 3839 1971 3893 cireum-

387 3929 557 3983 cisus.
582 3929 716 3982 Nam
745 3945 855 3998 quo
886 3938 1133 3998 tempore
1155 3929 1638 3983 circumcisionem
1660 3929 1972 3984 Abrahamo

389 4019 678 4074 mandarat
705 4021 870 4078 Deus.
903 4037 999 4074 xm
1023 4035 1296 4075 annorum
1330 4019 1532 4073 fuerat.
1559 4021 1844 4090 Signiﬁcat
1871 4035 1972 4073 au-

389 4122 500 4166 tem
523 4110 768 4166 lsmaelis
789 4127 993 4166 nomen
1017 4111 1269 4164 divinitus
1294 4121 1574 4177 vocatum,-
1602 4110 1803 4180 quippc
1826 4110 1974 4180 quod

393 4203 538 4256 Deus
577 4202 957 4258 Abrahamum
1011 4203 1279 4275 supplicis
1337 4204 1447 4258 voti
1501 4213 1815 4272 compotem
1851 4203 1976 4256 red-

392 4295 642 4360 didisset,
681 4297 810 4350 dato
846 4298 982 4351 ﬁlio.
1021 4297 1222 4354 Genuit
1255 4307 1440 4352 autem
1475 4297 1623 4350 hunc
1649 4312 1716 4351 ex
1755 4296 1972 4363 ancilla,

2052 1803 2294 1886 οἰκέταις
2334 1819 2526 1886 αὐτοῦ,
2559 1819 2654 1872 καὶ
2680 1815 2860 1888 φίλοις
2897 1813 3069 1885 τρισὶ,
3097 1806 3425 1872 κατεδίωξεν
3460 1803 3636 1856 ὀπίσω

2054 1918 2163 1970 τῶν
2195 1913 2525 1984 Ἀσσυρίων,
2570 1911 2666 1965 καὶ
2691 1908 2818 1972 τούς
2851 1923 2911 1960 τε
2958 1901 3256 1972 Σοδομίτας
3291 1897 3488 1954 ἔσωσε,
3543 1894 3638 1945 καὶ

2056 2012 2148 2064 τὸν
2173 2008 2316 2062 Λώτ.
2354 2005 2665 2061 Ἐπανιόντι
2693 2001 2738 2055 δ’
2767 2003 2830 2053 ὲκ
2851 2001 2948 2069 τῆς
2973 1994 3272 2060 διώξεως-,ό
3296 1991 3396 2062 τῆς
3420 1988 3635 2054 Σόλυμα

2057 2101 2268 2162 πόλεως
2289 2097 2542 2166 βασιλεὺς
2563 2093 2726 2148 αὑτὸν
2749 2091 3097 2161 ὑποδέχεται,
3123 2083 3464 2154 κεκλημένος
3494 2078 3639 2149 Μελ-

2059 2193 2298 2264 χισεδέκ.
2330 2189 2600 2259 Σημαίνει
2627 2185 2683 2239 δὲ
2712 2183 2874 2238 τοῦτο
2913 2177 3408 2252 μεθαρμοζόμενον
3434 2175 3514 2264 εἰς
3542 2169 3639 2239 τὴν

2070 2263 2344 2353 Ἑλλήνων
2397 2280 2702 2343 διάλεκτον,
2759 2273 3062 2341 βασιλεὺς
3099 2270 3354 2333 δίκαιος.
3420 2263 3638 2332 Σόλυμα

2059 2380 2170 2449 γὰρ
2215 2374 2284 2449 ἦν
2322 2375 2495 2444 ὄνομα
2535 2372 2658 2424 τότε
2688 2372 2753 2440 τῇ
2790 2369 2948 2421 πόλει
3015 2359 3409 2436 Ἰερουσαλήμ·
3467 2355 3640 2416 οὕτως

2061 2471 2268 2542 ἀρχαία
2313 2468 2436 2521 λίαν
2473 2467 2508 2535 ἡ
2553 2464 2730 2526 πόλις,
2777 2462 2870 2514 καὶ
2903 2457 3086 2530 χρόνῳ
3113 2455 3184 2510 τὰ
3213 2451 3480 2542 πρεσϐεῖα
3508 2449 3642 2542 κλη-

2065 2539 2358 2632 ρωσαμένη
2393 2557 2532 2609 κατὰ
2567 2553 2778 2608 πασῶν.
2805 2551 2917 2620 Τῆς
2949 2548 3150 2619 ἀρετῆς
3183 2547 3242 2601 δὲ
3269 2545 3360 2598 τὸν
3383 2539 3644 2612 Ἀϐραὰμ

2063 2651 2466 2722 ἀποδεξάμενος
2497 2651 2525 2702 ὁ
2555 2647 2688 2708 Θεὸς
2717 2643 2956 2714 ἀμοιϐὴν
2992 2643 3136 2712 ὑπὲρ
3161 2639 3332 2708 αὐτῆς
3360 2633 3644 2704 ἐπηγγέλ-

2061 2747 2187 2799 λετο
2208 2763 2220 2774 ·
2255 2742 2351 2796 τοῦ
2388 2742 2446 2794 δὲ
2483 2741 2730 2810 φαμένου
2761 2737 2926 2807 ἄχαρι
2955 2736 3072 2811 πᾶν¹
3098 2731 3248 2801 αύτῷ
3275 2729 3455 2784 δοκεῖν
3481 2727 3644 2796 εὐερο

2065 2839 2304 2908 γέτημα,
2357 2837 2434 2903 μὴ
2463 2831 2644 2902 ἔχοντι
2695 2827 2786 2882 τὸν
2815 2825 2976 2879 τοῦτο
3000 2823 3377 2892 διαδεξόμενον
3399 2823 3414 2886 (
3435 2814 3502 2889 ἦν
3533 2815 3646 2884 γὰρ

2067 2931 2145 2985 ἔτι
2179 2929 2346 3000 γονῆς
2376 2923 2628 2996 ἀμοιρῶν
2661 2922 2914 2993 γνησίας,
2938 2919 3020 2972 ὅτι
3040 2919 3138 2988 τὴν
3169 2917 3379 2987 μήτραν
3403 2915 3438 2984 ὴ
3459 2912 3647 2982 Eappa

1991 3057 2034 3112 ε
2069 3020 2388 3095 πεπήρωτο)
2431 3021 2458 3073 ὁ
2487 3018 2622 3081 Θεὸς
2653 3015 2750 3069 καὶ
2781 3015 2952 3069 παῖδα
2992 3011 3192 3112 Seba-st):
3222 3007 3376 3112 αὐτῶ
3404 3006 3649 3112 καθυπε-

2069 3132 2251 3186 σχετο,
2283 3115 2378 3168 καὶ
2415 3110 2477 3176 ἐξ
2525 3107 2740 3163 ἐκείνου
2778 3106 2922 3177 μέγα
2977 3101 3264 3174 προελθεῖν
3317 3100 3492 3163 ἔθνος,
3536 3097 3649 3159 τοῖς

2068 3211 2306 3280 ἄστρασι
2326 3205 2416 3258 τὸν
2441 3201 2676 3274 ἀριθμὸν
2705 3199 3054 3268 ἐξισούμενον
3073 3213 3090 3227 ο
3118 3195 3213 3248 καὶ
3234 3189 3650 3263 περιτμηθῆναι

2067 3301 2136 3354 τὰ
2169 3298 2346 3352 αἰδοία
2380 3295 2542 3348 αὑτὸν
2565 3293 2660 3346 καὶ
2689 3292 2817 3354 τοὺς
2845 3289 2937 3342 ὑπ’
2969 3287 3136 3341 αὑτὸν
3164 3284 3455 3337 ἐκέλευσεν
3478 3282 3648 3352 ἀρρεδ

2070 3409 2186 3458 νας,
2216 3391 2283 3444 ἵν’
2308 3389 2392 3458 εἴη
2421 3387 2481 3440 τὺ
2512 3387 2670 3454 γένος
2710 3381 2878 3436 αὐτοῦ
2912 3385 3025 3444 τοῖς
3054 3379 3234 3441 ἄλλοις
3270 3377 3484 3430 ἔθνεσιν
3519 3375 3648 3427 ἀνε-

2070 3479 2357 3550 πιμικτὸν,
2417 3478 2512 3531 καλ⁸
2567 3473 3038 3548 περιετμήθησαν.
3093 3470 3308 3522 Γίνεται
3356 3467 3540 3520 τοίνυν
3572 3462 3652 3534 τῷ

2085 3573 2334 3644 Ἀϐραὰμ
2399 3573 2530 3632 παῖς
2577 3569 2778 3623 ἑκατὸν
2831 3565 3082 3636 γεγονότι
3141 3561 3407 3616 ἐνιαυτῶν
3438 3561 3502 3613 ὲκ
3551 3557 3652 3627 τῆς

2072 3667 2312 3737 Σάρρας,
2343 3662 2401 3716 ὂν
2421 3663 2448 3714 ὁ
2483 3661 2612 3724 Θεὸς
2639 3660 2829 3713 Ἰσαὰκ
2855 3657 3090 3710 καλέσαι
3126 3651 3455 3726 προσέταξε.
3490 3648 3656 3720 Δηλοί

2071 3758 2126 3810 δὲ
2153 3757 2212 3809 τὸ
2248 3757 2422 3826 ὄνομα
2445 3755 2675 3822 γέλωτα,
2703 3751 2736 3824 ἢ
2769 3751 2852 3804 ὅτι
2900 3748 3162 3819 μειδίαμα
3204 3749 3272 3817 τῇ
3307 3746 3498 3815 Σάρῤᾳ
3525 3741 3652 3809 ἐγέ-

2072 3867 2214 3912 νετο,
2251 3847 2502 3912 τέξεσθαι
2555 3844 2728 3912 αὐτὴν
2755 3840 2852 3894 τοῦ
2901 3839 3038 3894 Θεοῦ
3069 3835 3536 3910 χρηματίσαντος,
3567 3831 3656 3883 διὰ

2072 3946 2132 3998 τὸ
2159 3945 2258 4012 τῆς
2289 3939 2637 4008 ὑποσχέσεως
2669 3935 2919 4003 δύσελπι,
2954 3933 3222 4004 παρήλικι
3264 3927 3424 4000 οῡσῃ,
3447 3926 3542 3978 καὶ
3578 3925 3654 3994 μὴ

2076 4029 2434 4104 προσδοκώσῃ
2499 4029 2680 4080 τεκεῖν
2771 4026 3124 4096 (ἐνενήκοντα
3185 4020 3294 4092 γὰρ
3358 4018 3498 4072 ἑτῶν
3563 4017 3656 4069 τὸν

2076 4123 2265 4178 Ἰσαὰκ
2285 4121 2519 4174 τεκοῦσα
2552 4117 2874 4190 ἐτύγχανεν)
2909 4119 2942 4188 ἢ
2996 4118 3080 4170 δτι
3117 4114 3352 4185 γέλωτος
3393 4110 3657 4173 ὑπόθεσις

2076 4221 2188 4280 τοῖς
2211 4215 2432 4285 γονεῦσι
2457 4215 2516 4267 rb
2540 4214 2752 4270 παιδίον
2776 4214 3015 4282 ἐγένετο,
3041 4209 3310 4281 θυμηδίας
3331 4205 3536 4278 δηλαδὴ
3563 4206 3660 4260 καὶ

2078 4311 2273 4380 χαρᾶς.
2334 4308 2611 4378 Τεχθέντα
2665 4307 2721 4360 δὲ
2785 4306 2876 4360 τὸν
2934 4305 3106 4358 παῖδα
3145 4300 3530 4368 τοῦτο’),κατέι
3556 4299 3656 4370 τὴν

393 4427 518 4466 cum
551 4427 657 4482 qua
688 4426 815 4466 eum
843 4411 976 4467 Sara
1003 4426 1118 4466 rem
1153 4412 1359 4467 habere
1385 4412 1646 4481 jusserat.
1671 4409 1809 4464 Nam
1841 4409 1961 4481 quia

2083 4403 2278 4472 ὀγδόην
2316 4403 2533 4472 ἡμέραν
2565 4401 2592 4454 ὁ
2616 4399 2798 4472 πατὴρ
2819 4399 3170 4471 περιέτεμεν.
3204 4395 3370 4450 Ὅθεν
3397 4392 3457 4447 οὗ
3469 4411 3538 4446 τω
3563 4393 3660 4444 καὶ

397 4515 512 4558 tum
539 4518 606 4558 cx
636 4518 757 4558 sese
787 4501 926 4556 nihil
972 4518 1168 4572 patere
1210 4511 1446 4573 poterat,
1499 4517 1532 4555 a
1567 4502 1766 4555 marito
1797 4500 1976 4570 petiit,

393 4605 458 4650 ut
479 4612 604 4651 cum
632 4597 830 4650 ancilla
859 4596 1184 4658 domestica,
1220 4595 1474 4668 Aigyptia
1501 4610 1722 4665 genere,
1760 4593 1846 4647 cui
1871 4609 1975 4648 no-

393 4706 520 4747 men
546 4689 691 4760 Agar
721 4701 864 4756 erat,
899 4691 1296 4747 concumberet
1324 4709 1337 4744 :
1363 4707 1394 4744 e
1427 4707 1530 4760 qua
1559 4697 1746 4744 natum
1777 4689 1975 4744 lsmae-

396 4781 526 4845 lem,
566 4797 664 4851 pro
697 4783 810 4838 ﬁlio
843 4779 950 4838 sibi
982 4783 1314 4837 vcndieavit.
1353 4773 1486 4836 Post
1518 4791 1698 4837 tamen
1731 4782 1973 4836 lsaacum

395 4875 666 4944 genitura,
687 4876 916 4946 Agarem
937 4877 1200 4946 cum'Jilio
1221 4892 1286 4932 ex
1309 4875 1658 4930 annulatione
1684 4874 1973 4945 relegavit.

397 4969 533 5022 Cum
565 4969 632 5024 ad
659 4969 897 5024 alerissct
917 4969 1156 5036 lsaacus,
1179 4981 1299 5035 aut,
1340 4978 1392 5022 ut
1420 4969 1689 5039 Josephus
1713 4967 1976 5023 llebraaus

2081 4496 2194 4556 τοῖς
2221 4490 2498 4557 Ἰουδαίοις
2551 4491 2867 4559 ὲνενόμιστο
2911 4486 3360 4558 περιτέμνεσθαι.
3413 4482 3661 4554 ’Ἄραϐες

2080 4589 2138 4642 δὲ
2167 4587 2307 4657 μετὰ
2353 4583 2808 4657 τρισκαιδέκατον
2856 4579 2975 4643 ἔτος
3029 4577 3156 4642 τοὺς
3191 4577 3390 4638 παῖδας
3444 4574 3662 4644 περιτέ-

2085 4697 2240 4750 μνειν
2271 4679 2553 4743 εἰώθασιν,
2582 4679 2666 4730 ὅτι
2692 4676 2788 4728 καὶ
2833 4671 3062 4743 Ἰσμαὴλ
3097 4673 3124 4723 ὁ
3156 4668 3458 4741 προπάτωρ
3477 4665 3663 4718 αὐτῶν

2078 4771 2137 4827 ιν
2168 4775 2344 4844 τούτῳ
2377 4771 2454 4842 τῷ
2487 4771 2662 4842 χρόνῳ
2697 4768 3120 4838 περιετέτμητο.
3153 4763 3528 4834 Τρισκαίδεκα
3555 4759 3663 4830 γὰρ

2081 4863 2150 4939 ἦν
2186 4865 2345 4930 ἐτῶν,
2381 4867 2470 4919 ὅτε
2497 4862 2576 4934 τῷ
2611 4860 2866 4931 Ἀϐραὰμ
2896 4859 2923 4911 ό
2954 4858 3086 4920 Θεὸς
3118 4855 3351 4919 ἐπέταξε
3385 4853 3485 4924 τὴν
3511 4869 3662 4922 περι-

2085 4961 2280 5032 τομήν.
2338 4957 2606 5028 Σημαίνει
2658 4955 2714 5006 δὲ
2753 4953 2814 5006 τὸ
2875 4951 3049 5020 ὄνομα
3097 4949 3258 5002 τοῦτο
3299 4949 3665 5014 Θεόκλητον,

400 5059 588 5122 tradit.
613 5060 699 5118 vir
732 5059 911 5116 factus
938 5071 1084 5116 esset
1120 5065 1266 5132 (nam
1303 5061 1548 5116 lsaacum
1585 5073 1699 5116 tum
1733 5061 1961 5131 quinde-

2071 5056 2146 5118 ὡς
2174 5053 2271 5108 τοῦ
2295 5051 2432 5105 ε)εοῦ
2482 5049 2586 5117 τῆς
2625 5046 2838 5108 ἱκεσίας
2873 5044 3130 5115 Ἀϐραὰμ
3171 5041 3528 5104 ἀκούσαντος,
3569 5041 3666 5095 καὶ

398 5154 506 5208 cim
556 5170 828 5211 annorum
903 5154 1074 5210 fuisse
1136 5156 1265 5225 ait),
1300 5157 1444 5210 Deus
1495 5157 1798 5226 periculum
1849 5154 1980 5210 facit

398 5249 719 5316 Abrahami,
747 5260 802 5306 et
827 5251 996 5304 ﬁlium
1016 5249 1302 5304 immolare
1320 5249 1498 5318 jubet,
1526 5259 1689 5320 atque
1716 5250 1769 5304 in
1795 5261 1978 5304 monte

398 5341 636 5410 quodam
661 5343 890 5398 adolere
915 5343 1259 5413 unigenitum
1291 5341 1444 5396 itlum
1469 5352 1522 5396 et
1545 5342 1830 5396 dilectum.
1861 5341 1980 5396 Non

401 5433 712 5506 refragatur
757 5437 1105 5516 Abrahamus
1139 5455 1152 5491 :
1201 5435 1297 5492 sed
1347 5435 1460 5490 ﬁlio
1489 5445 1801 5504 assumpto,
1833 5445 1888 5488 et
1924 5435 1980 5489 in

2077 5149 2245 5203 παῖδα
2275 5147 2458 5206 δόντος
2495 5141 2666 5210 αὐτῇ.
2717 5140 3004 5208 Ἐγείνατο
3047 5137 3104 5191 δὲ
3137 5135 3330 5190 τοῦτον
3387 5138 3451 5188 ὲκ
3480 5135 3666 5187 παιδί-

2077 5257 2238 5309 σκης.
2281 5239 2347 5308 ἣν
2375 5239 2408 5307 ἡ
2456 5234 2641 5303 Σᾱιρῥα
2674 5229 2825 5299 αὐτῴ
2862 5228 3316 5296 συγκατέκλινεν.
3353 5225 3516 5287 Ὶδίας
3559 5225 3668 5294 γὰρ

2079 5331 2392 5402 ἀμοιροῦσα
2416 5329 2535 5381 τότε
2565 5325 2753 5395 γονῆς,
2789 5323 2972 5392 οἰκείᾳ
3008 5322 3295 5399 παιδίσκῃ,
3331 5317 3512 5389 ’Δγὰρ
3548 5317 3664 5370 ὀνο-

2089 5426 2384 5500 μασθείσῃ,
2438 5423 2716 5498 Αἱίγυπτίᾳ.
2771 5419 2833 5471 τὸ
2881 5417 3062 5486 γένος,
3119 5413 3472 5488 μιγῆναιτδν
3495 5412 3666 5485 ἄνδρα

1592 5559 1793 5621 Var-ite
1824 5559 2134 5622 lectiones
2165 5562 2224 5616 et
2260 5559 2450 5614 notae.

474 5690 588 5764 (39)
620 5694 775 5764 Πρὸς
808 5695 1140 5764 Ἕλληνας.
1170 5692 1282 5758 Εἰς.
1313 5691 1378 5747 Ει
1402 5701 1522 5762 post
1557 5687 2107 5761 αἰχμαλωτισθέντων
2137 5697 2236 5754 pro
2268 5674 2839 5750 α’χμαλωτευοέντων.
2873 5671 2962 5729 W.
