3964 6252
439 292 472 354 7
486 288 501 351 t
1707 277 2031 343 JOANNIS
2066 275 2389 340 zonas;
3634 274 3701 340 ῃ

440 414 554 459 nat.
613 399 901 458 Profectus
931 392 1158 456 Carram
1185 441 1198 464 ,
1244 394 1392 471 apud
1434 393 1710 454 Labancm
1755 399 2019 454 Rebecca:

2134 415 2252 463 νους
2283 398 2377 453 τοῦ
2414 397 2682 469 ᾀδομένου
2717 398 2995 468 θεάματος
3032 397 3133 467 τῆς
3169 396 3455 467 κλίμακος.
3498 391 3566 471 ἧς
3597 400 3705 453 τῶν

440 491 637 546 mat‘ris
686 491 912 546 fratrem
941 487 1169 545 divertit
1198 509 1212 544 :
1243 505 1272 544 a
1306 504 1416 560 quo
1458 498 1723 560 exceptus
1768 489 2020 559 hospita-

439 585 590 648 liter,
636 598 785 637 ειη-αι
829 598 1055 654 gregum
1087 582 1663 652 praificituruLabani
1713 596 1878 651 porro
1899 580 2022 636 dua:

441 687 602 731 erant
627 677 750 730 lilia:
787 693 800 730 :
833 686 965 731 natu
1002 677 1193 747 majori
1225 675 1359 742 Liai,
1393 676 1594 730 minori
1630 674 1890 729 Rachelis
1926 690 2024 728 no-

442 784 569 822 men
599 776 736 823 erat.
778 769 1017 825 Jacobus
1059 784 1247 823 amore
1284 767 1522 839 junioris
1548 767 1871 837 corripitur,
1903 782 2024 837 quae

443 874 691 914 sororem
725 862 898 914 forma
932 861 1227 930 superabat
1261 878 1275 913 :
1312 869 1368 913 et
1401 859 1674 914 Labanem
1706 859 1774 914 de
1796 874 1860 913 ea
1884 859 2023 914 allo-

444 948 655 1021 quitur.
697 950 743 1004 ls
772 950 1176 1020 desponsurum
1223 965 1280 1004 se
1334 950 1477 1004 illam
1528 949 1577 1005 ei
1628 949 1943 1020 pollicetur,
1977 949 2026 1004 si

444 1048 653 1109 septem
687 1041 789 1096 sibi
813 1056 990 1098 annos
1019 1043 1306 1097 inserviat.
1378 1041 1589 1096 Annuit
1618 1049 1852 1119 amator,
1884 1049 2026 1096 tem-

445 1151 549 1204 pus
577 1137 836 1201 elabitur,
869 1136 1090 1206 nuptias
1109 1146 1336 1206 apparat
1382 1149 1542 1191 socer
1576 1153 1591 1189 :
1629 1134 1724 1189 sed
1760 1143 1926 1189 noctu
1964 1133 2029 1188 fi-

445 1229 573 1283 liam
617 1237 750 1283 natu
786 1231 1047 1300 majorem
1094 1228 1300 1283 Iacobo
1338 1228 1392 1282 in
1435 1228 1734 1283 thalamum
1783 1228 2025 1283 adducit.

447 1323 550 1387 Qui
613 1338 775 1378 mane
834 1324 1140 1392 impostura
1199 1322 1458 1392 cognita,
1520 1336 1643 1376 cum
1712 1336 1906 1376 socero
1958 1321 2028 1376 de

448 1412 652 1480 injuria
684 1414 1022 1482 expostulat.
1077 1413 1172 1467 ille
1211 1423 1394 1468 autem
1426 1412 1721 1468 Rachelem
1777 1413 1944 1468 etiam
1978 1413 2029 1467 ei

452 1502 559 1571 25
603 1513 727 1572 post
771 1504 1001 1558 alterius
1050 1505 1287 1574 septenii
1338 1504 1660 1559 servitutem
1717 1505 2025 1573 pollicetur.

447 1593 578 1648 Eam
609 1594 982 1649 conditionem
1015 1594 1256 1651 Iacobus
1285 1609 1473 1650 amore
1526 1594 1793 1649 subactus
1846 1593 2029 1648 denuo

446 1686 646 1757 accipit
680 1704 694 1741 :
730 1697 785 1743 et
809 1688 1001 1744 alteris
1032 1697 1241 1759 septem
1294 1688 1455 1743 annis
1511 1688 1735 1759 elapsis,
1772 1687 2032 1743 Rachelis

2123 491 2315 562 ἄκρων
2344 491 2404 543 τὸ
2444 498 2545 560 μεν
2568 493 2635 562 τῇ
2666 493 2764 562 γῇ,
2792 491 2855 544 τὸ
2884 489 2941 544 δὲ
2967 490 3047 561 τῷ
3070 489 3287 561 οὐρανῷ
3314 493 3705 561 προσῇρειστο,

2123 584 2216 635 καὶ
2248 584 2466 652 μυεῖται
2495 581 2567 635 τὰ
2589 581 2855 648 μέλλοντα
2887 582 2953 634 ὲκ
2985 581 3079 634 τοῦ
3109 581 3452 651 κρείττονος,
3486 583 3581 635 καὶ
3614 583 3707 636 τὸν

2122 673 2289 727 τόπον
2323 675 2381 727 δν
2426 664 2470 740 ᾧ
2514 673 2576 726 τὸ
2610 674 2795 744 ὅραμα
2834 667 2963 737 εἶδε,
3004 671 3212 741 Βαιθὴλ
3247 672 3667 744 προσηγόρευσε
3690 690 3703 703 ·

2125 766 2280 834 δηλοῖ
2315 764 2372 818 δὲ
2406 765 2585 819 θείαν
2621 765 2835 819 ἑστίαν
2862 763 2984 818 καθ’
3013 764 3304 835 Ἕλληνας.
3340 766 3711 835 Καταντήσας

2125 857 2182 910 δὲ
2210 859 2290 922 εἰς
2315 857 2568 929 Κάρραν,
2612 857 2863 929 κατήχθη
2911 857 3048 928 πρὸς
3092 857 3281 912 Λάϐαν
3323 856 3416 910 τὸν
3450 858 3552 926 τῆς
3603 875 3711 926 μη-

2125 950 2253 1018 τρξς
2298 950 2398 1020 τῆς
2456 949 2755 1013 Ῥεϐέκκας
2814 949 3122 1020 ὁμαίμονα,
3175 949 3271 1003 καὶ
3330 948 3510 1014 ξενίας
3578 948 3711 1019 παρ’

2128 1044 2324 1113 ἐκείνῳ
2354 1041 2642 1113 τετύχηκε,
2675 1041 2773 1097 καὶ
2802 1041 2900 1114 τὴν
2938 1041 3256 1113 ἐπιμέλειαν
3290 1041 3402 1096 τῶν
3439 1042 3710 1114 ποιμνίων

2130 1134 2466 1189 πιστεύεται.
2499 1134 2604 1188 Δύο
2642 1133 2699 1187 δὲ
2729 1133 2809 1204 τῷ
2836 1133 3025 1188 Λάϐαν
3063 1132 3363 1205 θυγατέρες
3385 1133 3707 1205 ἐτύγχανον,

2127 1220 2202 1280 ὧν
2241 1227 2275 1299 ὴ
2308 1227 2407 1298 μὲν
2431 1226 2780 1298 πρεσϐυτέρα
2818 1227 2975 1292 Λεία,
3010 1227 3043 1297 ἡ
3072 1227 3117 1281 δ’
3147 1224 3313 1296 ἑτέρα
3345 1226 3547 1297 Ῥαχὴλ
3580 1228 3711 1278 ἐπε-

2130 1319 2416 1390 κέκληντο.
2461 1319 2556 1383 Είς
2594 1317 2780 1390 ἔρωτα
2823 1317 2916 1373 οὖν
2967 1319 3069 1388 τῆς
3118 1319 3390 1390 νεωτέρας
3457 1319 3716 1390 ἠρέθιστο

2143 1410 2359 1469 Ἰακὼϐ.
2392 1412 2616 1475 ἀστείας
2648 1408 2819 1482 οὔσης
2855 1408 2916 1463 τὸ
2949 1408 3091 1475 εἶδος
3125 1414 3275 1483 παρὰ
3303 1411 3403 1482 τὴν
3440 1410 3712 1479 ἀδελφὴν,

2131 1505 2226 1557 καὶ
2258 1502 2524 1573 προσάγει
2557 1503 2748 1572 λόγους
2788 1503 2865 1574 τῷ
2905 1503 3095 1557 Λάϐαν
3135 1506 3264 1574 περὶ
3333 1504 3504 1575 αὐτῆς
3558 1505 3617 1556 ’0
3658 1504 3718 1556 δὲ

2130 1597 2386 1667 ὁμολογεί
2434 1601 2813 1669 κατεγγυῆσαι
2857 1597 2937 1668 τῷ
2986 1596 3184 1652 Ἰακὼὸ
3230 1598 3333 1669 τὴν
3405 1597 3618 1668 Ραχὴλ,
3666 1603 3718 1651 εί

2134 1689 2230 1741 ἐπὶ
2258 1687 2353 1760 ἐτη
2387 1688 2527 1741 ἑπτὰ
2551 1688 2832 1742 δουλεύσει
2861 1688 3031 1760 αὐτῷ.
3055 1689 3364 1745 Κατανεύει
3390 1690 3530 1761 πρὸς
3555 1691 3719 1744 τοῦτο

445 1750 610 1833 etiam
644 1782 1004 1836 matrimonio
1034 1750 1266 1869 potitur.
1294 1780 1390 1835 Lia
1409 1782 1521 1850 jam
1550 1750 2029 1836 edacoboliberos

2134 1782 2163 1833 6
2210 1750 2470 1853 ἐραστὴς,
2520 1781 2853 1853 παρέρχεται
2896 1784 2924 1835 6
2974 1750 3188 1853 καιρὸς,
3250 1750 3544 1851 ἑτοιμάζει
3586 1783 3719 1846 τοὺς

447 1867 709 1933 habebat,
743 1870 1028 1925 Rubenem
1064 1867 1512 1941 primogenitum,
1555 1869 1700 1940 quod
1737 1884 1805 1925 ex
1844 1870 2031 1925 divina

448 1959 829 2016 misericordia
867 1963 913 2016 is
947 1963 1055 2017 sibi
1118 1962 1463 2033 contigisset.
1520 1961 1684 2033 Egre
1727 1962 1940 2019 ferebat
1969 1979 2031 2018 e-

444 2053 559 2106 nim
587 2069 830 2109 amorem
862 2055 1048 2109 mariti
1077 2071 1207 2125 erga
1237 2070 1485 2110 sororem
1520 2072 1534 2109 :
1567 2056 1940 2125 sperabatque
1968 2071 2030 2111 se

447 2146 862 2203 honoratiorem
920 2147 1059 2213 fore,
1108 2148 1156 2202 si
1220 2158 1436 2204 uterum
1470 2149 1660 2203 ferret.
1717 2148 2032 2204 Secundum

2134 1874 2346 1944 γάμους
2396 1875 2425 1927 6
2472 1875 2763 1942 πενίὶερΰς.
2808 1872 3022 1936 Νυκτὸς
3070 1873 3126 1926 δὲ
3174 1874 3275 1946 τὴν
3325 1875 3716 1945 πρεσϐυτέραν

2133 1966 2242 2019 τῶν
2264 1967 2584 2039 θυγατέρων
2612 1966 2930 2033 συνευνάζει
2951 1966 3032 2037 τῷ
3060 1964 3277 2023 Ἰακώϐ.
3310 1967 3478 2032 Γνοὺς
3508 1967 3565 2021 δὲ
3596 1968 3719 2037 μεθ’

2135 2058 2386 2130 ἡμέραν,
2441 2060 2517 2120 ὠς
2562 2060 2940 2131 ἐξηπάτηται,
2989 2060 3206 2114 ἀδικίαν
3263 2061 3586 2115 ἐπενεκάλει
3642 2059 3721 2131 τῷ

2136 2150 2409 2220 πενθερῷ.
2456 2150 2516 2206 '0
2550 2151 2607 2205 δὲ
2638 2152 2733 2204 καὶ
2767 2152 2866 2222 τὴν
2912 2150 3116 2224 Ῥαχὴλ
3159 2151 3310 2223 αὐτῷ
3343 2152 3723 2223 ἐπηγγέλλετο

448 2237 760 2294 Simeonem
812 2224 1085 2309 appellat,
1124 2240 1271 2309 quod
1318 2249 1442 2295 vota
1492 2240 1665 2311 ipsius
1716 2241 2029 2298 exaudisset

2140 2244 2281 2315 μετὰ
2304 2243 2553 2298 δουλείαν
2575 2245 2769 2315 ἑτέρας
2800 2245 3122 2308 ἑπταετίας.
3143 2244 3402 2299 Πείθεται
3434 2244 3529 2300 οὖν
3558 2241 3719 2304 αὖθις

444 2331 613 2386 Deus.
643 2332 773 2386 Post
812 2332 961 2386 hunc
996 2332 1158 2388 Levis
1201 2334 1469 2396 nascitur,
1520 2336 1613 2405 qui
1647 2337 2029 2405 conjunctionis

2135 2337 2426 2391 δουλεῦσαι
2469 2340 2496 2392 ὁ
2554 2337 2772 2403 Ἰακὼϐ,
2815 2337 3177 2410 δουλούμενος
3228 2337 3414 2411 ἔρωτι.
3456 2338 3571 2393 Καὶ
3599 2339 3722 2409 μεθ’
3830 2361 3835 2365 ’

447 2420 915 2489 confirmationem
969 2421 1268 2492 signiﬁcat.
1340 2422 1500 2479 Hune
1546 2423 1718 2480 ludas
1749 2426 2028 2496 sequitur,

2137 2428 2334 2501 ἑτέραν
2372 2428 2664 2485 ἑπταετίαν
2707 2430 2803 2485 καὶ
2835 2432 2904 2503 τῇ
2953 2431 3161 2503 Ῥαχὴλ
3194 2430 3603 2496 συνευνάζεται.
3638 2430 3720 2502 Τῇ

449 2513 593 2583 quod
610 2528 808 2570 nomen
832 2515 1133 2585 gratiarum
1153 2516 1414 2570 actionem
1440 2525 1621 2573 sonat.
1649 2519 1880 2587 Rachel,
1904 2521 2029 2591 quia

2139 2522 2243 2592 μὲν
2275 2522 2370 2577 οὖν
2407 2523 2544 2596 Λεία
2576 2524 2768 2588 παῖδες
2796 2519 2939 2595 ἦσαν
2970 2523 3032 2589 ἐξ
3074 2523 3294 2579 Ἰακώϐ.
3338 2525 3449 2579 Καὶ
3492 2524 3723 2597 Ῥουϐῑμ

447 2606 659 2661 liberos
682 2621 791 2661 non
812 2607 1072 2674 habebat,
1097 2607 1271 2662 verita
1298 2624 1369 2663 ne
1386 2610 1570 2664 minus
1597 2612 1837 2680 gratiosa
1860 2619 2029 2679 esset,

2140 2617 2240 2688 μὲν
2269 2618 2428 2671 καλεί
2464 2618 2558 2671 τὸν
2590 2618 2963 2689 πρωτότοκον,
2997 2619 3080 2672 ὅτι
3114 2616 3232 2672 κατ’
3263 2617 3417 2671 ἔλεον
3450 2618 3590 2688 αὐτῇ
3625 2620 3723 2687 γέ-

449 2696 709 2749 maritum
739 2707 980 2760 orat,.ut
1007 2712 1134 2753 cum
1169 2698 1367 2752 ancilla
1401 2714 1501 2754 sua
1555 2702 2029 2771 congrederetur:

2137 2727 2282 2764 νοιτο
2315 2709 2412 2763 τοῦ
2445 2709 2604 2764 Θεοῦ.
2645 2709 2932 2765 Ἐδάκνετο
2960 2710 3072 2781 γὰρ
3110 2712 3399 2783 ἐρωμένης
3435 2713 3537 2783 τῆς
3563 2712 3725 2765 ἀδελε-

449 2787 543 2842 ille
573 2789 940 2860 obtemperat.
998 2792 1076 2846 Ex
1132 2806 1310 2863 eoque
1361 2792 1555 2850 Jacobi
1617 2811 1742 2851 cum
1774 2797 1923 2852 Balla
1955 2798 2029 2870 (id

2138 2799 2247 2870 φῆς
2278 2798 2355 2870 τῷ
2404 2800 2584 2869 ἀνδρὶ,
2636 2800 2730 2854 καὶ
2787 2801 3095 2870 προσεδόκα
3141 2802 3347 2872 μᾶλλον
3394 2803 3724 2875 ἐντιμοτέρα

446 2880 597 2935 enim
619 2882 831 2937 ancillae
859 2899 1062 2939 nomen
1086 2886 1229 2957 erat)
1249 2900 1570 2958 congressu,
1595 2889 1712 2945 Dan
1739 2893 1988 2947 nascitur
2015 2910 2029 2948 :

2134 2894 2490 2965 γενήσεσθαι,
2518 2895 2567 2948 εί
2601 2893 2758 2965 σχοίη
2806 2893 2951 2949 κατά
3000 2893 3263 2966 γαστρὸς.
3314 2895 3419 2949 Τὸν
3460 2894 3720 2967 δεύτερον

447 2973 686 3026 divinum
716 2973 988 3043 judicium
1016 2976 1122 3031 hoc
1149 2977 1477 3033 vocabulum
1503 2979 1790 3051 significat.
1818 2983 2029 3039 Rursus

2136 2986 2195 3041 δὲ
2241 2985 2469 3056 Συμεὼν
2499 2986 2784 3058 ὀνομάζει.
2840 2986 3006 3059 Δηλοῖ
3046 2987 3107 3041 δὲ
3139 2986 3300 3041 τοῦτο
3338 2987 3585 3059 ὲπήκοον
3632 2989 3725 3043 τὸν

444 3064 638 3119 eadem
692 3065 1004 3135 Nephtalim
1060 3071 1226 3138 parit,
1278 3071 1385 3126 hoc
1434 3079 1520 3127 est
1555 3080 1790 3128 astutum
1822 3089 1842 3130 :
1876 3077 2027 3146 quod

2135 3077 2269 3131 Θεὸν
2303 3077 2558 3147 γενέσθαι
2606 3080 2766 3150 αὐτῇ.
2808 3080 2919 3133 Καὶ
2949 3079 3045 3134 επὶ
3074 3079 3236 3133 τοῦτο
3262 3080 3525 3148 γεννᾶται
3563 3079 3721 3148 Λευῒ,

447 3155 556 3212 hoc
581 3167 707 3212 astu
741 3158 1066 3216 fecunditati
1112 3163 1320 3218 sororis
1349 3180 1408 3221 se
1432 3167 1802 3236 opposuisset.
1824 3167 1923 3223 Lia
1951 3185 2029 3226 a2-

2138 3171 2460 3236 κοινωνίας
2504 3168 2744 3242 τούνομα
2784 3170 3046 3242 σημαίνει
3079 3171 3444 3239 βεϐαιωτήν.
3474 3169 3617 3228 Μεθ’
3661 3173 3723 3228 6v

442 3271 761 3325 mulatione
823 3272 1076 3337 incitata,
1134 3272 1396 3344 Zelpbam
1441 3277 1697 3332 ancillam
1759 3292 1917 3336 suam
1974 3292 2032 3338 et

441 3350 566 3429 ipsa
593 3359 802 3416 Jacobo
836 3363 1167 3432 despondet,
1205 3380 1329 3434 quae
1368 3365 1582 3423 Gaduni
1629 3371 1845 3440 peperit
1876 3388 1892 3426 :
1921 3372 2033 3442 for-

449 3453 616 3507 tuitus
649 3454 834 3507 vocari
866 3462 1052 3523 queat.
1083 3456 1263 3510 Alium
1304 3468 1425 3527 post
1456 3459 1606 3514 hunc
1650 3463 1905 3517 Asserem
1936 3478 2034 3532 pa-

462 3542 562 3609 rit,
596 3556 758 3611 quem
784 3558 1095 3614 prosperum
1141 3547 1529 3617 interpreteris
1557 3549 1690 3605 licet
1721 3552 1908 3621 :quod
1934 3551 2030 3607 Lia

447 3634 522 3688 ob
573 3634 879 3689 liberorum
931 3637 1343 3694 multitudinem
1382 3641 1616 3697 celebris
1640 3652 1696 3698 et
1745 3643 1905 3700 beata
1934 3660 2032 3714 per

442 3726 602 3780 illum
663 3737 885 3797 partum
938 3727 1187 3784 habenda
1216 3741 1383 3787 esset.
1415 3730 1552 3787 Cum
1602 3742 1785 3790 autem
1835 3736 2033 3793 Ruben

436 3815 558 3872 Lia!
578 3816 736 3873 illius
774 3819 1149 3891 mandragorae
1170 3824 1309 3878 mala
1332 3825 1629 3892 attulisset,
1662 3826 1875 3883 Rachel
1906 3844 2035 3899 par—

438 3922 560 3964 tem
596 3910 703 3966 sibi
729 3912 851 3968 dari
897 3914 1080 3984 petiit,
1117 3930 1384 3971 concesso
1410 3916 1521 3973 Lia:
1564 3927 1726 3975 nocte
1765 3921 1878 3990 illa,
1910 3937 2034 3993 quae

434 4003 553 4057 sibi
576 4003 902 4072 debebatur,
928 4008 1113 4062 mariti
1138 4016 1437 4064 concubitu
1471 4027 1487 4065 :
1515 4025 1546 4067 e
1568 4027 1681 4080 quo
1703 4010 2034 4070 muiicrcula

437 4094 757 4151 dsacbarem
781 4098 1032 4171 suscipit,
1055 4102 1199 4171 quod
1225 4117 1424 4157 nomen
1450 4105 1684 4159 mercede
1697 4108 1929 4174 genitum
1955 4108 2033 4164 si-

436 4187 669 4256 gnificat
703 4208 717 4244 :
751 4201 811 4246 et
864 4192 1101 4247 alterum
1162 4191 1337 4251 ﬁlium
1379 4194 1736 4259 Zabulonem,
1785 4197 1892 4254 hoc
1927 4209 2032 4267 est,

453 4282 645 4351 pignus
677 4283 1052 4339 benevolentiae
1083 4301 1215 4358 erga
1244 4302 1340 4353 se;
1365 4303 1431 4342 ac
1458 4287 1626 4342 filiam
1660 4290 1875 4345 Dinam.
1925 4291 2035 4348 Na-

455 4372 635 4426 scitur
661 4383 718 4427 et
746 4374 973 4430 Racheli
1007 4376 1155 4431 filius
1182 4378 1460 4449 Josepbus
1491 4395 1506 4434 :
1531 4379 1589 4435 id
1615 4394 1817 4437 nomen
1846 4398 2033 4440 acces-

434 4467 659 4520 ‘sionem
678 4467 762 4522 rei
798 4467 1036 4540 alicujus
1061 4469 1261 4526 futurae
1283 4481 1457 4528 notat.

2151 3263 2354 3329 Ἰούδας
2397 3265 2536 3336 αὐτῇ
2579 3264 2937 3319 ἁποτίκτεται
2973 3267 3367 3336 εὐχαριστίας
3408 3269 3448 3336 ἠ
3492 3250 3722 3336 κλῆσις

2136 3356 2435 3428 δηλωτική.
2469 3356 2549 3427 Τῇ
2587 3357 2645 3411 δὲ
2687 3356 2897 3429 Ῥαχὴλ
2932 3358 3148 3415 παιδίον
3179 3359 3283 3413 οὐκ
3314 3354 3406 3431 ἦν,
3429 3361 3526 3413 καὶ
3554 3360 3725 3415 δεδοι-

2137 3451 2268 3503 κυῖα
2314 3451 2391 3520 μὴ
2445 3448 2515 3503 δι’
2570 3450 2829 3505 ἀτεκνίαν
2878 3451 3358 3524 παρευδοκιμηθῇ,
3401 3452 3581 3507 δέεται
3622 3455 3721 3507 τοῦ

2137 3541 2332 3613 ἀνδρὸς
2381 3545 2446 3614 τῇ
2499 3542 2807 3617 θεραπαίνῃ
2854 3544 3026 3614 αὐτῆς
3078 3544 3378 3599 συνελθεῖν.
3425 3544 3486 3598 '0
3521 3544 3579 3599 δὲ
3623 3547 3721 3601 καὶ

2139 3633 2410 3701 πείθεται,
2444 3639 2539 3690 καὶ¹
2567 3639 2634 3709 τῇ
2677 3637 2862 3709 Βάλλα
2900 3639 3244 3709 συνέρχεται,
3280 3638 3379 3693 καὶ
3418 3639 3638 3693 παιδίον
3661 3640 3721 3707 ἐξ

2152 3726 2345 3781 Ἰακὼϐ
2368 3730 2401 3799 ὴ
2432 3727 2609 3783 Βάλλα
2640 3732 2830 3802 γεννᾷ,
2853 3731 2950 3785 καὶ
2975 3732 3082 3785 Δάν
3120 3732 3326 3802 ἐκλήθη
3359 3734 3388 3786 6
3415 3735 3566 3796 παῖς,
3593 3736 3721 3789 θεά.

2137 3836 2347 3890 κριτον
2371 3821 2578 3877 εἴποιεν
2609 3822 2720 3896 (50)
2751 3824 3035 3895 Ἕλληνες.
3069 3824 3193 3880 Κάκ
3223 3827 3324 3896 τῆς
3356 3826 3529 3897 αὐτῆς
3563 3827 3725 3892 αὐθις

2136 3912 2383 3968 τίκτεται
2413 3915 2761 3987 Νεφθαλεὶμ,
2791 3915 3237 3986 εὑμηχάνητος,
3265 3911 3380 3971 οἷον
3399 3916 3489 3971 διὰ
3528 3916 3593 3972 τὸ
3629 3918 3727 3972 άν-

2137 4003 2571 4075 τιτεχνάσασθαι
2620 4006 2760 4077 πρὸς
2806 4006 2910 4078 τὴν
2959 4006 3249 4061 εὐτεκνίαν
3297 4005 3400 4076 τῆς
3455 4005 3721 4079 ἀδελφῆς.

2140 4095 2306 4166 Ζηλοῖ
2328 4095 2421 4149 επὶ
2454 4096 2673 4161 τούτοις
2703 4098 2737 4168 ἡ
2779 4098 2939 4164 Λεία,
2981 4100 3077 4153 καὶ
3103 4099 3583 4170 παρακατακλίνει
3613 4104 3722 4154 κά-

2140 4186 2294 4258 κείνη
2344 4185 2423 4258 τῷ
2486 4188 2687 4243 Ἰακὼϐ
2737 4188 2950 4260 Ζελφὰν
3001 4192 3102 4261 τὴν
3159 4191 3297 4245 ἰδίαν
3350 4191 3722 4263 θεράπαιναν.

2141 4279 2270 4334 Υίὸν
2315 4279 2374 4334 δὲ
2404 4280 2500 4334 καὶ
2541 4281 2683 4353 αὐτὴ
2713 4283 2963 4351 ἐγείνατο
2974 4282 3088 4336 Γάδ
3107 4297 3121 4312 ·
3147 4283 3407 4352 τυχαῖον
3424 4284 3492 4337 ἄν
3507 4299 3595 4347 τις
3618 4301 3723 4338 ικα-

2140 4372 2272 4446 λέσῃ
2301 4374 2488 4431 αὐτόν.
2519 4377 2633 4431 Καὶ
2660 4376 2758 4430 ἐπὶ
2790 4376 2966 4449 τούτῳ
2993 4377 3168 4431 τίκτει
3199 4378 3294 4431 καὶ
3322 4378 3533 4449 ἕτερον,
3564 4373 3721 4441 οὗτος

2058 4470 2105 4525 D
2133 4473 2178 4526 δ’
2197 4468 2266 4546 ἦν
2288 4473 2316 4525 6
2356 4472 2560 4544 ’Δσσήρ
2578 4484 2594 4502 ο
2626 4471 2836 4541 λέγοιτο
2852 4470 2908 4522 δὲ
2926 4472 3307 4540 μακαριστὴς
3361 4468 3436 4532 ὡς
3466 4469 3723 4536 εὐκλείας

444 4562 511 4628 τῇ
540 4560 678 4631 Λείᾳ
707 4558 797 4613 διὰ
827 4560 926 4628 τὴν
954 4562 1314 4616 πολυτεκνίαν
1353 4565 1450 4619 καί⁸
1483 4567 1839 4639 μακαρισμοῦ
1868 4569 2161 4639 γενόμενος
2207 4566 2402 4629 αἴτιος.
2469 4566 2550 4637 Τῇ
2622 4564 2760 4635 Λείᾳ.
2802 4563 2861 4616 δὲ
2942 4561 3174 4634 Ῥουϐὶμ
3241 4563 3337 4619 τοῦ
3401 4561 3520 4617 υίοῦ
3562 4581 3715 4634 μανι

434 4653 714 4725 ιδραγύρου
749 4656 896 4726 μῆλα
926 4654 1282 4726 κομίσαντος,
1324 4655 1449 4728 ᾔτει
1488 4657 1689 4731 Ῥαχὴλ
1716 4660 2044 4731 μεταδοῦναι
2080 4661 2288 4714 τούτων
2318 4660 2477 4729 αὐτῇ,
2509 4661 2612 4713 καὶ
2661 4658 2898 4729 ἀμοιϐὴν
2943 4657 3232 4728 προύτίθει
3260 4661 3326 4730 τῇ
3360 4657 3564 4728 ἀδελφῇ
3630 4659 3724 4712 τὸν

438 4751 572 4804 ’κατ’
622 4752 843 4822 εκείνην
890 4752 989 4822 τὴν
1038 4752 1208 4806 νύκτα
1263 4753 1490 4825 λέκτρον
1539 4755 1634 4809 τοῦ
1689 4755 1904 4811 Ἰακώϐ.
1961 4757 2027 4810 Ἦ
2102 4757 2211 4828 γὰρ
2261 4757 2358 4822 νὺξ
2405 4755 2592 4827 ἐκείνη
2643 4759 2711 4826 τῇ
2784 4754 2990 4825 Ῥαχὴλ
3038 4755 3524 4827 προσκεκλήρωτο.
3610 4757 3723 4831 Καὶ

447 4844 840 4910 συνευνάζεται
867 4846 956 4899 διὰ
1000 4845 1160 4903 τοῦτο
1188 4850 1256 4920 τῇ
1295 4848 1433 4920 Λείᾳ
1460 4850 1488 4903 6
1532 4848 1751 4915 Ἰακὼϐ,
1826 4851 1922 4904 καὶ
1970 4851 2148 4904 τίκτει
2179 4852 2376 4915 παῖδας
2405 4850 2485 4903 ἔτι
2556 4849 2667 4903 δύω
2703 4848 2766 4902 τὸ
2829 4848 3077 4917 γύναιον,
3109 4848 3201 4901 τὸν
3243 4847 3500 4919 Ἰσαχαρ·
3530 4849 3627 4902 τὸν
3659 4852 3724 4902 ὲκ

444 4941 668 5012 μισθοῦ
688 4941 747 4994 δὲ
775 4942 1066 5012 γεγονότα
1098 4944 1360 5015 σημαίνει
1380 4945 1443 4999 τδ
1467 4944 1641 5016 ὄνομα
1661 4961 1676 4977 ⁸
1710 4948 1806 5000 καὶ
1866 4946 2156 5001 Ζαϐουλὼν
2178 4962 2191 4976 ’
2252 4946 2409 5015 δηλοῖ
2468 4946 2527 5000 δὲ
2569 4941 2661 4996 τδν
2694 4942 3212 5013 ἠνεχυρασμένον.
3248 4943 3455 5009 εὐνοίῃ
3476 4945 3541 5012 τῇ
3578 4941 3722 5013 πρὸς

445 5036 653 5108 αύτήνο
691 5035 786 5089 καὶ
812 5036 1090 5113 θυγατέρα
1133 5037 1430 5108 κληθεῖσαν
1466 5040 1680 5095 Δείναν.
1715 5040 1936 5095 Γίνεται
1966 5040 2024 5094 δὲ
2061 5043 2160 5095 καὶ
2221 5044 2288 5113 τῇ
2343 5039 2545 5112 Ῥαχὴλ
2579 5039 2698 5104 υἱὸς
2770 5038 2973 5108 Ἰωσήφ
2996 5051 3011 5066 ⁶
3034 5036 3096 5089 τὸ
3120 5035 3163 5089 δ’
3193 5035 3365 5107 ὄνομα
3393 5036 3722 5109 προσθήκην

454 5131 589 5194 τινὸς
625 5131 995 5201 γενησομένου
1035 5131 1208 5201 δηλοῖ.

516 5226 656 5283 Vill.
687 5226 780 5284 Sic
834 5229 996 5283 annis
1060 5227 1268 5299 vigenti
1330 5227 1576 5284 Iacobus
1617 5231 1796 5286 soceri
1858 5230 2029 5301 opilio

2214 5228 2299 5286 H'.
2331 5227 2468 5292 Ἐτη
2505 5225 2609 5297 μὲν
2654 5219 2749 5280 οὖν
2801 5225 2978 5279 εἰκοσι
3020 5224 3308 5296 ἐποίμαινε
3353 5223 3431 5295 τῷ
3466 5224 3723 5295 πενθερῷ

1651 5393 1850 5455 Variae
1877 5393 2186 5458 lectiones
2216 5399 2278 5454 et
2315 5402 2508 5454 notua.

514 5535 629 5613 (ευ)
663 5537 978 5613 Θερξςριτον
1007 5542 1258 5596 εἴποιεν.
1296 5539 1425 5613 Haec
1456 5540 1648 5597 Latine
1684 5542 1817 5597 satis
1862 5557 2017 5597 com-

2134 5558 2300 5613 quare
2326 5551 2442 5613 arte
2471 5539 2748 5613 quantum
2782 5546 2999 5613 vertere
3037 5553 3227 5601 manui,
3256 5555 3420 5613 quam
3448 5550 3713 5610 astutum,

446 5608 617 5683 mode
653 5609 812 5683 reddi
863 5628 974 5665 non
1023 5614 1271 5681 pessuut,
1305 5612 1422 5668 sive
1453 5613 1691 5667 divinum
1731 5613 2018 5683 judicium,
2129 5608 2224 5667 aut
2272 5608 2643 5677 artiﬁciosum.
2688 5609 2764 5662 ita
2797 5608 2961 5683 etiam
3009 5608 3376 5683 μακαριστὴς,
3422 5608 3718 5681 beatorem,

447 5687 539 5734 aut
567 5680 818 5744 iudicem,
838 5684 963 5753 sive
994 5679 1242 5737 divinitus
1276 5683 1581 5753 judiCatum
1619 5679 1790 5738 dicas.
1837 5684 2024 5753 Εὐμη-
2131 5686 2175 5737 si
2210 5683 2397 5737 dicere
2430 5684 2613 5742 liceat,
2663 5679 3098 5753 quaui___beatum
3165 5679 3351 5748 potius
3409 5679 3716 5752 significat;

450 5754 679 5822 κάνητος
704 5752 933 5822 passivae
954 5749 1371 5821 significationis
1399 5756 1583 5823 potius
1610 5769 1731 5810 esse
1763 5749 2022 5808 videtur:
2136 5753 2457 5808 I’rosvcrum
2495 5768 2598 5820 ego
2624 5750 2784 5803 verti.
2822 5749 2909 5802 W.
