3964 6252
315 323 320 326 -
421 285 492 342 75
1687 287 2009 347 JOANNIS
2053 285 2372 346 ZONAIUE
3607 281 3677 344 76

414 405 602 456 adhuc
633 401 906 456 viventem
943 401 1152 455 invenit
1181 416 1193 456 :
1221 401 1316 456 sed
1346 401 1723 475 Rebeeeajam
1751 404 1986 459 obierat.

2103 387 2435 472 κειμένων(
2470 403 2566 456 καὶ
2614 401 2973 472 ὀδυνωμένων
3037 403 3124 455 διὰ
3189 401 3288 471 τὴν
3342 398 3678 468 φλεγμονὴν,

422 495 534 548 Nec
563 493 734 548 multo
766 493 1068 564 postetiam
1092 493 1312 548 lsaacus
1349 494 1605 560 moritur,
1642 504 1699 550 et
1733 511 1840 549 una
1873 511 1999 550 cum

422 601 590 641 uxore
637 586 695 640 in
763 585 942 655 patrio
1008 593 1367 641 monumento
1421 585 1686 656 sepelitur
1719 625 1734 653 ,
1774 587 2003 658 expletis

419 679 544 731 'ritze
569 678 731 733 annis
759 693 924 747 supra
959 693 1186 732 ccxxv.

2108 493 2366 545 ἐπέθεντο
2414 492 2620 556 αὐτοῖς,
2660 497 2756 544 καὶ
2799 493 3012 546 ἀνεῖλον
3052 493 3323 554 ἅπαντας,
3359 489 3681 556 ἀγνοοῦντος

2107 585 2201 637 τοῦ
2246 584 2441 637 Ἰακώϐ
2479 601 2493 616 ο
2546 579 2589 651 ᾧ
2635 584 3023 656 χαλεπαίνοντι
3073 584 3160 637 διὰ
3205 583 3399 645 ταῦτα,
3456 581 3681 652 θαρρεῖν

2111 678 2401 730 ἐκέλευσεν
2443 680 2471 731 ό
2503 678 2659 741 Θεός.
2705 677 2912 734 Ἐλθὼν
2950 677 3007 731 δὲ
3053 678 3114 730 έν
3143 675 3350 745 Βαιθὴλ
3395 679 3422 730 ὁ
3463 672 3680 749 ⁹ίακὼϐ,

419 776 552 824 ὅπου
583 771 674 824 τὸν
698 771 908 840 ὄνειρον
938 771 1222 836 ἐθεάσατο,
1255 771 1467 827 ἔθυσεν.
1497 771 1605 825 Καὶ
1634 770 1863 842 προῖὼν,
1886 769 1984 841 τὴν
2040 771 2242 842 Ῥαχὴλ
2287 773 2350 824 ἐκ
2397 769 2623 824 τοκετοῦ
2701 771 2993 836 θανοῦσαν,
3059 772 3117 824 ὲν
3151 770 3400 840 Ἑφρατᾶ
3453 770 3674 822 θάπτει.

422 869 531 923 Καὶ
558 869 630 920 τὸ.
651 867 710 932 ἐξ
755 867 926 936 αὐτῆς
960 867 1173 921 παιδίον
1204 867 1467 936 Βενιαμὶν
1498 866 1747 931 ἐκάλεσε,
1776 864 1866 918 διὰ
1893 864 1991 935 τὴν
2031 863 2118 917 ἐπ’
2151 863 2300 933 αύτῷ
2362 863 2666 934 γενομένην
2731 865 2798 934 τῇ
2836 863 3006 934 μητρὶ
3033 862 3249 932 ὀδύνην.
3291 859 3500 915 Ἐλθὼν
3530 861 3576 913 δ’
3602 863 3680 924 εἰς

419 969 669 1038 Χεϐρὼν,
708 965 863 1019 πόλιν
903 964 1011 1017 τῶν
1059 963 1408 1024 Χαναναίων,
1457 959 1726 1014 κατέλαϐε
1792 965 1887 1012 τὸν
1953 961 2167 1030 πατέρα
2215 958 2385 1012 αὐτοῦ
2417 959 2605 1013 Ἰσαὰκ
2636 958 2716 1010 ἔτι
2753 958 2964 1023 ζῶντα·
3033 959 3067 1028 ἡ
3134 960 3189 1013 δὲ
3231 960 3500 1016 Ῥεϐέκκα
3539 964 3678 1034 ἔφθη

417 1064 623 1117 θανεῖν.
673 1059 914 1130 Θνήσκει
962 1056 1019 1109 δὲ
1057 1057 1194 1126 μετά
1231 1055 1406 1126 βραχὺ
1446 1055 1541 1107 καὶ
1581 1054 1610 1106 ό
1677 1053 1885 1118 Ἰσαὰκ,
1935 1053 2030 1106 κοιλ⁸
2105 1052 2375 1106 θάπτεται
2415 1054 2513 1105 σὺν
2571 1054 2638 1123 τῇ
2695 1051 2919 1120 γυναικὶ
2969 1052 3124 1121 παρὰ
3174 1052 3251 1122 τῷ
3301 1053 3506 1124 γονικῷ
3543 1073 3683 1125 μνη-

421 1156 578 1226 μείῳ,
613 1151 819 1224 βιώσας
863 1149 957 1220 ἐτη
1014 1151 1176 1200 πέντε
1210 1147 1308 1199 κοιλ⁸
1343 1145 1675 1215 ὀγδοήκοντα
1707 1143 1841 1214 πρὸς
1870 1146 1984 1207 τοῖς
2020 1143 2235 1197 ἑκατόν.

487 1244 578 1298 ιχ.
614 1243 789 1297 Esaus
816 1249 1000 1295 autem
1045 1238 1297 1292 idumaeae
1346 1237 1673 1307 imperabat,
1709 1235 1920 1306 regioni
1961 1250 1992 1290 a

418 1355 476 1393 se
505 1337 634 1391 dato
675 1333 920 1389 nomine.
952 1332 1126 1386 Edom
1159 1331 1307 1384 enim
1355 1340 1582 1385 vocatus
1613 1329 1816 1395 fuerat,
1847 1327 1993 1398 quod

407 1428 714 1500 aliquando
768 1425 1061 1480 famelicus
1111 1439 1141 1478 a
1203 1431 1407 1478 venatu
1459 1437 1739 1487 reversus,
1787 1431 1912 1476 cum
1963 1433 1995 1473 a

413 1520 581 1575 fratre
611 1517 886 1586 petiisset,
917 1523 978 1568 ut
1016 1515 1245 1578 lentem,
1279 1528 1444 1583 quam
1488 1513 1584 1568 ille
1613 1513 1720 1567 sibi
1747 1518 1991 1575 coxerat,

413 1614 588 1674 daret,
642 1605 1006 1678 jurejurando
1057 1605 1309 1667 adactus,
1342 1603 1522 1658 aetatis
1563 1603 1987 1674 praerogativam

411 1701 489 1757 illi
531 1700 824 1755 concessit.
880 1698 960 1752 Ex
1003 1713 1070 1753 eo
1102 1697 1524 1768 cognominatus
1565 1707 1651 1750 est
1696 1694 1894 1759 Edom,
1919 1694 1991 1746 ob

412 1798 592 1852 rufum
661 1795 956 1851 admodum
1011 1793 1174 1848 lentis
1194 1791 1456 1847 colorem.
1498 1791 1669 1845 Edom
1705 1804 1871 1860 porro
1893 1788 1998 1842 He-

409 1891 573 1958 braeis
611 1889 792 1958 rufum
840 1885 1128 1958 signiﬁcat.
1170 1884 1410 1940 Jacobus
1459 1884 1760 1953 losephum
1814 1882 1884 1937 ob
1939 1892 1996 1938 et

411 1985 598 2038 vultus
646 1981 1003 2053 elegantiam,
1057 1988 1116 2034 et
1173 1979 1380 2050 ingenii
1425 1979 1836 2042 dexteritatem,
1882 1991 1996 2046 prae

409 2075 620 2136 ceteris
651 2070 936 2142 diligebat.
970 2069 1161 2139 Itaque
1186 2077 1242 2124 et
1269 2068 1446 2138 patria
1469 2068 1732 2131 charitas,
1759 2075 1815 2121 et
1847 2082 1993 2120 som-

408 2168 496 2222 nia
529 2180 651 2236 quae
679 2163 914 2227 viderat,
935 2161 1166 2215 fratrum
1202 2159 1466 2214 invidiam
1491 2160 1568 2213 illi
1600 2159 1992 2213 conciliarunt.

411 2257 632 2314 Somnia
661 2251 982 2324 huiusmodi
1015 2251 1258 2306 fuerunt.
1280 2251 1464 2306 Unum
1505 2250 1816 2319 :Tempore
1850 2264 1993 2304 mes-

411 2353 486 2406 sis
519 2364 646 2406 cum
677 2347 942 2402 fratribus
972 2353 1208 2408 metens,
1237 2342 1553 2412 manipulos
1582 2342 1690 2396 sibi
1715 2342 1888 2412 ligare
1937 2351 1994 2397 et

411 2455 767 2511 ιυιιιροιιοτο,
799 2454 862 2493 ac
890 2452 1022 2492 suos
1051 2437 1310 2491 immotos
1357 2445 1533 2501 stare,
1569 2450 1709 2504 quos
1758 2434 1993 2488 fraterni

409 2537 767 2584 necui-rentes
801 2526 1099 2581 adorarent
1127 2542 1139 2578 :
1171 2524 1432 2589 alterum,
1469 2541 1498 2578 a
1521 2525 1635 2580 sole
1664 2533 1720 2579 et
1749 2525 1879 2580 luna
1928 2539 1992 2581 ac

413 2618 643 2689 reliquis
673 2616 847 2672 stellis
882 2614 1103 2672 adorari
1131 2613 1236 2670 sibi
1266 2613 1585 2669 videbatur.
1617 2613 1726 2670 llas
1750 2614 1994 2668 visiones

411 2709 685 2768 fratribus
735 2706 908 2762 etiam
953 2705 1328 2777 prementibus
1363 2707 1508 2776 patri
1564 2706 1829 2764 referens.
1860 2706 1994 2775 quid

405 2803 508 2860 sibi
540 2801 766 2866 vellent,
792 2798 934 2854 seire
959 2798 1238 2868 cupiebat.
1275 2797 1348 2853 At
1377 2798 1471 2852 ille
1503 2797 1827 2853 felicitatem
1859 2806 1994 2854 nato

407 2891 809 2956 denuntiabat,
867 2905 932 2946 ac
962 2889 1079 2945 fore
1112 2899 1350 2961 tempus,
1379 2905 1488 2960 quo
1529 2900 1582 2944 et
1605 2906 1635 2944 a
1670 2890 1993 2960 parentibus

407 2993 464 3039 et
490 3000 518 3036 a
549 2981 816 3037 fratribus
841 2980 1142 3047 coleretur,
1174 2989 1231 3036 et
1262 2979 1607 3035 adoraretur.
1641 2980 1768 3036 liae
1791 2981 1988 3036 fratres

2161 1233 2237 1287 θ’.
2285 1233 2459 1286 Ἦσαύ
2492 1233 2548 1286 δὲ
2582 1229 2720 1304 ἦρχε
2752 1231 2856 1302 τῆς
2924 1231 3256 1301 Ἰδουμαίας,
3296 1232 3536 1297 καλέσας
3581 1237 3681 1305 τήν

2094 1323 2280 1395 χώραν
2310 1324 2406 1393 ἀφ’
2439 1324 2658 1378 ἑαυτοῦ.
2693 1322 2874 1392 Ἐδὼμ
2897 1325 3006 1394 γὰρ
3038 1325 3245 1387 ἐκεῖνος
3277 1325 3568 1394 ἐκέκλητο,
3598 1327 3681 1378 ὅτι

2094 1417 2202 1472 ἀπὸ
2232 1417 2405 1489 θήρας
2431 1415 2564 1469 ποτὲ
2591 1416 2878 1486 λιμώττων
2910 1415 3244 1480 ἐπανελθὼν,
3281 1419 3376 1469 καὶ
3401 1418 3493 1469 τὸν
3523 1417 3683 1469 ἀδελ-

2097 1509 2198 1577 φὺν
2229 1508 2407 1578 εὑρὼν
2450 1506 2634 1578 φακὴν
2665 1508 3038 1574 ὲτοιμάσαντα
3071 1507 3252 1576 ἐαυτῷ
3283 1507 3421 1578 πρὸς
3447 1509 3679 1578 τροφὴν,

2100 1601 2253 1672 ἠξίου
2278 1601 2461 1655 δοῦναι
2481 1601 2652 1672 αύτῷ.
2679 1602 2738 1654 Ὀ
2753 1602 2807 1654 δὲ
2826 1581 3122 1654 ἀποδόσθαι
3138 1600 3286 1671 αὐτῷ
3307 1601 3367 1653 τὸ
3390 1599 3682 1670 πρεσϐεῖον

2100 1694 2415 1763 ἠνάγκασεν
2460 1694 2582 1745 ἀντὶ
2636 1693 2736 1762 τῆς
2766 1695 2970 1762 φακῆς,
3007 1693 3099 1746 καὶ
3131 1694 3458 1762 παραχωρεῖ
3486 1691 3680 1744 τούτου

2104 1785 2223 1856 μεθ’
2252 1786 2432 1855 ὅρκων
2471 1785 2561 1837 διὰ
2613 1783 2703 1837 τὸν
2752 1785 2943 1855 λιμόνο
2979 1785 3102 1839 ὅθεν
3145 1785 3327 1855 Ἐδὼμ
3374 1786 3680 1855 ἐπεκλήθη,

2100 1876 2188 1930 διά
2221 1877 2320 1948 τὴν
2359 1875 2664 1944 ξανθότητα
2703 1877 2803 1947 τῆς
2833 1877 3016 1946 φακῆς
3043 1891 3058 1909 ⁶
3096 1876 3298 1946 σφόδρα
3336 1878 3445 1948 γὰρ
3474 1873 3544 1950 ἦν
3581 1877 3683 1948 τὴν

2099 1968 2291 2039 χροίαν
2333 1967 2586 2037 τοιαύτη.
2634 1967 2811 2036 Ἐδὼμ
2841 1969 2895 2022 δὲ
2930 1970 3072 2039 παρ’
3135 1969 3408 2040 Ἑϐραίοις
3437 1970 3499 2022 τὸ
3545 1970 3682 2039 ἐρυ-

2101 2060 2248 2127 θρὸν
2304 2058 2656 2129 ὀνομάζεται.
2701 2060 2896 2112 Ἰακὼϐ
2958 2061 3016 2114 δὲ
3063 2060 3154 2114 τὸν
3199 2062 3264 2115 ἐκ
3313 2061 3416 2130 τῆς
3484 2059 3683 2133 Ῥαχὴλ

2103 2153 2326 2224 Ἰωσὴφ,
2361 2156 2450 2208 διά
2477 2170 2537 2206 τε
2580 2154 2674 2225 τὴν
2708 2153 2802 2206 τοῦ
2836 2153 3134 2223 προσώπου
3170 2155 3421 2223 εὐφυΐαν,
3459 2157 3553 2209 καὶ
3585 2158 3684 2226 τὴν

2107 2244 2209 2313 τῆς
2240 2244 2421 2315 ψυχῆς
2451 2245 2674 2317 ἀρετὴν,
2704 2245 2869 2298 πλέον
2894 2245 3002 2298 τῶν
3022 2246 3200 2300 ἄλλων
3233 2247 3440 2301 παίδων
3469 2248 3679 2318 ἠγάπα.

2104 2337 2177 2390 ἰι
2209 2355 2270 2390 τε
2323 2339 2456 2405 γοῦν
2492 2338 2587 2392 τοῦ
2635 2340 2840 2410 πατρὸς
2884 2342 3113 2412 στοργὴ,
3149 2342 3243 2395 καὶ
3289 2342 3338 2394 οἱ
3362 2341 3566 2412 ὄνειροι
3593 2341 3686 2404 οὓς

2101 2429 2380 2494 ἐθεάσατο,
2401 2431 2478 2493 είς
2502 2430 2696 2498 φθόνον
2721 2431 2887 2485 αὑτοῦ
2905 2433 3030 2494 τοὺς
3056 2431 3318 2500 ἀδελφοὺς
3334 2433 3680 2503 κεκινήκασι.

2101 2521 2221 2576 Τῶν
2271 2523 2326 2575 δὲ
2380 2522 2677 2593 ὀνειράτων
2724 2523 2785 2575 τὸ
2832 2524 2932 2594 μὲν
2982 2520 3051 2595 ἦν
3101 2525 3363 2579 τοιοῦτον.
3422 2524 3510 2577 Ἐν
3565 2524 3686 2596 ὥρᾳ

2102 2613 2294 2684 θέρους
2315 2613 2509 2679 ἐδόκει,
2540 2615 2679 2683 μετὰ
2707 2615 2814 2668 τῶν
2842 2615 3090 2684 ἀδελφῶν
3108 2616 3363 2685 θερίζων,
3389 2615 3684 2687 δράγματα

2100 2705 2323 2775 δεσμεῖν
2368 2706 2462 2759 xa't
2503 2706 2734 2773 τιθέναι,
2771 2707 2866 2760 καὶ
2896 2708 2962 2760 τά
2993 2707 3092 2776 μὲν
3131 2709 3299 2762 αὑτοῦ
3334 2710 3586 2779 ἠρεμεῖν,
3615 2710 3686 2763 τά

2100 2800 2155 2852 δὲ
2179 2801 2287 2853 τῶν
2311 2801 2557 2870 ἀδελφῶν
2581 2803 2990 2873 προστρέχοντα
3012 2807 3338 2875 προσκυνεῖν
3358 2807 3469 2868 τοῖς
3493 2803 3682 2859 αὐτοῦ.

2102 2894 2174 2946 Τὸ
2209 2894 2288 2956 δὲ,
2326 2894 2416 2948 τὸν
2452 2895 2602 2964 ἥλιον
2628 2895 2722 2949 καὶ
2757 2898 2854 2966 τὴν
2889 2896 3142 2967 σελήνην,
3182 2897 3275 2951 καὶ
3307 2899 3433 2960 τοὺς
3459 2899 3684 2962 λοιποὺς

2102 2987 2211 3038 τῶν
2242 2987 2490 3057 ἀστέρων
2522 2991 2853 3057 προσκυνεῖν
2902 2990 3077 3042 ἐδόκει
3112 2990 3282 3060 αύτῷ.
3320 2990 3540 3054 Ταύτας
3584 2991 3685 3053 τὰς

408 3090 551 3147 aegre
579 3073 748 3140 ferre,
774 3081 832 3128 et
887 3082 1044 3128 torve
1101 3071 1572 3128 adolescentulum
1608 3073 1830 3127 intueri.
1862 3074 1991 3128 Post

2103 3077 2253 3148 ὄψεις
2307 3079 2385 3150 τῷ
2436 3080 2602 3149 πατρὶ
2659 3080 3040 3149 διηγούμενος,
3089 3082 3376 3151 παρόντων
3429 3081 3523 3136 καὶ
3574 3082 3686 3135 τῶν

410 3167 525 3222 inec
561 3175 718 3236 pater
739 3164 1043 3234 Joseplium
1076 3164 1142 3219 ad
1173 3164 1334 3229 ﬁlios,
1365 3181 1558 3236 greges
1614 3165 1838 3221 Sicimis
1893 3183 1992 3236 pa-

408 3267 648 3323 scentes,
678 3257 857 3312 visum
886 3256 1074 3312 mittit.
1117 3256 1237 3323 Quo
1267 3268 1588 3327 conspecto,
1632 3258 1698 3312 ad
1735 3274 1862 3313 eum
1899 3275 1994 3329 pc-

346 3415 350 3418 ,
410 3353 724 3407 rimendum
751 3361 882 3407 sunt
908 3351 1194 3407 concitati.
1223 3348 1328 3404 Sed
1363 3349 1559 3405 Ruben
1593 3351 1874 3416 monebat,
1925 3366 1996 3406 ne

409 3445 655 3500 fraterno
699 3443 968 3514 sanguine
1009 3457 1208 3497 manus
1241 3443 1583 3512 polluerent,
1628 3443 1724 3498 sed
1758 3443 1810 3497 in
1864 3459 1996 3514 pro-

410 3540 619 3592 ximum
663 3547 894 3610 puteum
963 3538 1278 3607 conjectum
1337 3537 1514 3592 emori
1575 3537 1865 3591 sinerent:
1917 3537 1998 3590 sic

408 3632 586 3687 levius
619 3631 737 3686 fore
778 3630 1018 3685 facinus.
1074 3629 1200 3696 Quo
1254 3628 1491 3684 consilio
1547 3628 1997 3682 adolescentibus

410 3727 661 3796 probato,
689 3738 922 3795 puerum
957 3721 1162 3778 sensim
1206 3721 1261 3775 in
1297 3730 1526 3790 puteum
1555 3718 1802 3775 demisit.
1828 3719 1998 3774 Judas

409 3835 541 3874 vero
565 3817 817 3873 Arabicis
845 3813 1255 3871 mercatoribus
1278 3813 1430 3880 visis,
1460 3822 1659 3868 auctor
1695 3812 1755 3867 fit
1811 3812 2000 3867 fratri-
2034 3809 2048 3822 ⁸

416 3913 522 3967 bus
561 3909 838 3966 vendendi
867 3907 980 3963 illis
1019 3906 1274 3976 Josephi.
1309 3905 1996 3974 Assentiuntur,cumque

413 4003 612 4074 viginti
646 4004 813 4058 minis
843 4002 1114 4065 vendunt,
1145 4015 1321 4054 annos
1344 4009 1535 4054 natum
1569 4002 1994 4070 septemdecim.

411 4095 610 4152 Ruben
651 4104 818 4150 noctu
886 4093 954 4147 ad
1017 4101 1245 4162 puteum
1289 4091 1524 4156 accedit,
1577 4101 1638 4145 ut
1695 4090 1995 4160 losephum

412 4185 539 4242 inde
563 4194 814 4255 ereptum
843 4184 984 4239 clam
1021 4181 1290 4236 fratribus
1327 4190 1706 4236 conservaret.
1741 4180 1860 4246 Quo
1887 4197 1995 4234 non

413 4273 662 4336 invento,
733 4272 952 4341 lugens,
1004 4271 1210 4325 fratres
1257 4269 1634 4324 criminatur:
1674 4270 1770 4323 sed
1813 4286 1871 4324 re
1930 4286 1998 4324 ex

411 4366 522 4436 28
554 4364 668 4419 illis
706 4363 952 4434 cognita,
988 4362 1179 4433 lugere
1211 4361 1437 4417 desinit.
1466 4361 1548 4416 liii
1584 4363 1769 4416 tunica
1809 4362 1996 4416 adole-

2099 3173 2400 3237 συγγόνων,
2431 3171 2528 3240 τὴν
2557 3171 2792 3240 δήλωσιν
2822 3171 3004 3242 ἐζήτει
3039 3171 3256 3240 μαθεῖν.
3306 3173 3364 3225 ’0
3406 3173 3462 3225 δὲ
3500 3171 3686 3225 εὐδαι-

2101 3263 2292 3329 μονίαν
2323 3263 2658 3332 κατήγγειλε
2687 3263 2765 3334 τῷ
2791 3263 2944 3316 παιδί
2972 3281 2984 3294 ο
3011 3263 3105 3316 καὶ
3132 3265 3320 3335 καιρὸν
3353 3263 3530 3334 ἥξειν,
3561 3264 3685 3318 καθ’

2100 3355 2158 3407 ὃν
2192 3355 2296 3406 ὑπὸ
2340 3355 2448 3407 τῶν
2497 3356 2705 3423 γονέων
2743 3356 2977 3408 καὶτῶν
3023 3357 3273 3425 ἀδελφῶν
3320 3359 3688 3428 τιμηθήσεται

2098 3449 2195 3500 καὶ
2227 3449 2760 3519 προσκυνηθήσεται.
2793 3449 2979 3502 Ταῦτα
3007 3449 3132 3512 τοὺς
3153 3449 3413 3519 ἀδελφοὺς
3442 3449 3684 3519 ἐλύπησε

2097 3540 2192 3593 τοῦ
2225 3541 2445 3608 Ἰωσὴφ,
2474 3541 2568 3592 καὶ
2622 3540 2992 3592 ὑπεϐλέποντο
3029 3539 3090 3593 τὺ
3136 3541 3441 3610 μειράκιον.
3475 3540 3688 3608 Νεμόνο

2097 3650 2206 3686 των
2232 3633 2286 3685 δὲ
2329 3634 2396 3684 τὰ
2431 3632 2659 3703 ποίμνια
2693 3632 2801 3684 τῶν
2836 3631 3044 3684 παίδων
3078 3631 3172 3684 τοῦ
3206 3631 3406 3685 Ἰακὼὸ
3437 3633 3494 3683 ἐν
3530 3631 3684 3682 Σικί-

2100 3741 2243 3794 μοις,
2267 3725 2294 3776 ό
2311 3723 2496 3794 πατὴρ
2520 3724 2728 3794 πέμπει
2750 3724 2841 3776 τὸν
2869 3723 3089 3792 Ἰωσὴφ,
3115 3723 3360 3786 ἐκείνους
3386 3723 3684 3792 ἐπισκεψόο

2103 3833 2286 3886 μενον.
2341 3818 2402 3868 Ui
2467 3815 2524 3868 δὲ
2575 3815 2765 3868 τοῦτον
2827 3815 3051 3878 ἰδόντες,
3110 3814 3380 3885 ὥρμησαν
3448 3815 3686 3870 ἀνελεῖν.

2106 3910 2340 3980 Ῥουϐὶμ
2389 3911 2445 3962 δὲ
2499 3907 2875 3972 συνεϐούλευε,
2922 3909 2995 3978 μὴ
3050 3909 3375 3978 αὐτόχειρας
3435 3909 3690 3974 γενέσθαι

2103 4001 2199 4053 τοῦ
2229 4000 2484 4068 ἀδελφοῦ,
2513 4001 2624 4053 ἀλλ’
2647 4003 2727 4063 εἰς
2749 4003 2839 4053 τὸν
2865 4000 3273 4070 παρακείμενον
3294 3999 3497 4052 λάκκον
3529 4001 3688 4071 ῥίψαι

2099 4094 2297 4156 αζτὸν,
2345 4094 2432 4146 ἵνα
2487 4093 2750 4148 ἀποθάνει
2787 4094 2938 4154 ἐκεῖ,
2970 4093 3063 4144 καί
3111 4091 3255 4144 οὕτω
3315 4091 3692 4163 μετριώτερον

2099 4184 2276 4237 ἔσοιτο
2303 4186 2362 4236 τὸ
2388 4185 2574 4238 κακόν.
2612 4184 3050 4238 Συναινεσάντων
3072 4182 3127 4234 δὲ
3157 4182 3234 4252 τῷ
3271 4182 3412 4250 λόγῳ
3441 4183 3552 4236 τῶν
3569 4201 3692 4236 νεα-

2100 4275 2322 4336 νίσκων,
2352 4274 2532 4328 λαϐὼν
2559 4277 2586 4327 ὁ
2633 4274 2860 4344 Ῥουϐὶμ
2885 4275 2946 4326 τὸ
3001 4273 3308 4344 μειράκιον,
3335 4276 3524 4346 ἡρέμα
3559 4277 3692 4329 καθ-

2101 4371 2296 4436 ῖμιησεν
2349 4369 2430 4428 εἰς
2483 4367 2574 4419 τὸν
2625 4367 2852 4421 λάκκον.
2888 4366 3086 4429 Ἰούδας
3133 4366 3191 4418 δὲ
3241 4368 3518 4438 ἐμπόρους
3571 4370 3694 4423 ἰδὼν

413 4456 616 4512 scentis
640 4455 860 4510 hircino
885 4455 1154 4525 sanguine
1167 4455 1396 4525 polluta,
1415 4454 1482 4509 ad
1507 4464 1716 4524 patrem
1745 4456 1993 4520 veniunt,

2107 4460 2374 4529 Ἀραϐας,
2423 4461 2816 4512 συνεϐούλευσε
2870 4463 2982 4524 τοῖς
3039 4460 3292 4529 ἀδελφοῖς
3343 4463 3434 4514 τὸν
3485 4464 3693 4534 Ἰωσὴφ

413 4552 682 4617 dicentes,
725 4566 781 4606 se
809 4549 1112 4617 Joseplium
1148 4545 1252 4604 nec
1287 4547 1517 4614 vidisse,
1566 4563 1670 4603 nec
1715 4549 1994 4618 quomodo

416 4643 727 4700 interiisset
774 4643 964 4698 seirc'
1013 4641 1108 4697 sed
1165 4641 1411 4696 tunicam
1475 4640 1623 4694 illam
1677 4641 1994 4710 reperiisse,

412 4744 757 4793 cruentatam
793 4743 846 4788 et
884 4733 1208 4789 laceratam.
1243 4730 1486 4788 Jacobus
1533 4747 1694 4785 sacco
1745 4732 1992 4798 indutus,

417 4829 712 4899 losephum
767 4828 938 4898 luget.
992 4825 1060 4880 At
1114 4827 1269 4881 illum
1327 4842 1357 4880 a
1414 4827 1824 4880 mercatoribus
1861 4827 1998 4881 emit

417 4923 736 4991 l’etephres,
759 4921 925 4975 homo
946 4918 1256 4992 Egyptius,
1283 4917 1590 4973 Pharaonis
1612 4919 1758 4988 regis
1805 4917 1998 4987 coquis

417 5016 801 5086 praefectus,et
826 5012 1130 5068 honoriﬁce
1159 5018 1374 5068 tractat.
1406 5008 1606 5064 Herilis
1633 5019 1816 5064 autem
1838 5025 1996 5073 uxor,

415 5106 662 5160 ctforma
687 5115 746 5159 et
778 5103 1110 5158 dexteritate
1135 5103 1255 5172 ejus
1283 5103 1338 5155 in
1370 5116 1616 5154 amorem
1648 5100 1847 5166 illecta,
1879 5116 2000 5155 ver-

418 5200 504 5252 bis
531 5199 595 5252 ad
633 5215 761 5254 eum
788 5201 857 5253 de
880 5211 1181 5265 congressu
1207 5191 1391 5260 factis,
1420 5194 1693 5263 repulsam
1733 5194 1842 5251 fert
1879 5211 1893 5248 :
1935 5210 1999 5248 ac

418 5289 596 5344 nili-.lo
642 5299 825 5344 tamen
879 5287 1064 5343 secius
1115 5286 1440 5357 cupiditatis
1493 5285 1692 5340 ardore
1747 5288 1996 5351 subacta,

419 5398 630 5454 speque
670 5379 1041 5452 persuadendi
1070 5379 1302 5450 deiecta,
1344 5379 1453 5433 vim
1479 5388 1657 5449 parat.
1688 5379 1757 5435 Ut
1812 5390 1996 5434 autem

415 5473 747 5528 adolescens
776 5481 930 5526 veste
960 5469 1152 5525 relicta
1191 5471 1396 5535 exsilit,
1428 5471 1518 5524 illa
1557 5471 1732 5526 tristis
1782 5482 1838 5526 et
1872 5488 1996 5542 per-

422 5566 640 5623 turbata
672 5564 828 5618 sedet
866 5581 878 5616 :
927 5563 1241 5632 maritoque
1297 5578 1538 5627 reverso,
1577 5563 1875 5633 losephum
1909 5581 2000 5618 ae-

420 5669 596 5724 cusat,
635 5657 1024 5712 demonstrans
1069 5667 1303 5718 vestem,
1355 5671 1520 5725 quam
1571 5655 1661 5708 ille
1697 5656 2000 5710 viulalurus

418 5753 719 5818 dominam,
760 5749 1094 5821 reliquisset.
1127 5748 1425 5819 Petepltrcs
1455 5746 1755 5818 losephum
1792 5747 1843 5800 in
1876 5761 1998 5800 ear-

2100 4554 2491 4623 ἀπεμπολῆσαι
2521 4556 2724 4616 αὐτοῖς.
2756 4555 2866 4606 Καὶ
2891 4554 3048 4617 δόξαν
3070 4553 3248 4618 τοῦτο,
3280 4558 3389 4616 τοῖς
3416 4556 3692 4627 ἐμπόροις

2100 4647 2264 4698 αὑτὸν
2313 4646 2662 4700 ἀποδίδονται
2713 4645 2862 4716 μνῶν
2896 4647 3092 4713 εἴκοσι,
3129 4649 3267 4700 ἑτῶν
3317 4649 3693 4702 ἑπτακαίδεκα

2102 4738 2386 4806 γεγονότα.
2453 4739 2682 4808 Ῥουϐὶμ
2751 4739 2808 4792 δὲ
2900 4741 3118 4810 νύκτωρ
3163 4741 3255 4792 ἐπὶ
3313 4741 3407 4792 τὸν
3489 4740 3693 4794 λάκκον

2102 4834 2308 4898 ἐλθὼν,
2383 4833 2448 4885 i'v’
2526 4832 2792 4903 ἐξενέγκῃ
2852 4831 2943 4884 τὸν
3025 4832 3268 4903 Ἰωσὴφ,
3341 4833 3438 4884 καὶ
3499 4833 3692 4908 σώσῃ,

2100 4929 2228 4990 τοὺς
2294 4925 2558 4992 ἀδελφοὺς
2623 4923 2844 4989 λαθὼν,
2917 4926 3013 4977 καὶ
3091 4924 3164 4996 μὴ
3235 4924 3412 4995 εὑρὼν
3486 4927 3691 4992 αὑτὸν,

2104 5019 2316 5072 πενθῶν
2349 5019 2540 5088 ᾐτιᾶτο
2591 5018 2717 5079 τοὺς
2766 5017 3050 5084 ἀδελφούς.
3083 5019 3205 5070 Τῶν
3250 5017 3400 5070 δὲτὸ
3446 5021 3696 5090 πραχθὲν

2105 5110 2456 5178 φρασάντων,
2483 5107 2722 5161 παύεται
2765 5108 2859 5160 τού
2884 5107 3134 5171 πένθους.
3163 5110 3269 5161 Τὸν
3286 5109 3342 5163 δὲ
3366 5113 3693 5180 χιτωνίσκον

2104 5203 2197 5256 τοῦ
2233 5202 2522 5273 μειρακίου
2547 5201 2740 5272 αἵματι
2770 5203 2978 5272 τράγου
3005 5202 3357 5272 μολύναντες,
3387 5198 3525 5275 ἧκον
3560 5206 3693 5276 πρὸς

2102 5294 2195 5346 τὸν
2236 5293 2472 5362 πατέρα,
2502 5294 2596 5345 καὶ
2641 5287 2814 5358 είπον,
2850 5294 2942 5345 τὸν
2993 5294 3093 5364 μὲν
3120 5295 3320 5365 Ἰωσὴφ
3367 5295 3496 5366 μήτ’
3543 5298 3691 5362 ἰδεῖν,

2109 5380 2235 5449 μήθ’
2283 5381 2433 5443 ὃπως
2484 5379 2812 5450 διέφθαρται
2859 5385 3102 5450 γνῶναιο
3144 5385 3348 5454 χιτῶνα
3398 5385 3457 5438 δὲ
3507 5388 3695 5442 τοῦτον

2106 5474 2306 5541 εὑρεῖν,
2336 5474 2657 5544 ᾑμαγμένον
2705 5475 2798 5526 καὶ
2849 5475 3205 5546 διερρωγότα.
3253 5476 3454 5530 Ἰακὼϐ
3499 5479 3559 5533 δὲ
3605 5482 3696 5533 ἐπὶ

2107 5564 2184 5632 τῷ
2208 5563 2480 5633 μειρακίῳ
2509 5564 2725 5618 πενθῶν
2754 5566 3070 5632 ἐκαθέζετο,
3097 5578 3193 5622 καί
3216 5570 3420 5623 σάκκον
3444 5571 3694 5634 ὲνδύσας.

2107 5657 2210 5706 Τὸν
2239 5657 2442 5724 Ἰωσὴφ
2470 5654 2526 5707 δὲ
2559 5657 2620 5708 ἐκ
2653 5657 2762 5709 τῶν
2803 5659 3064 5728 ἐμπόρων
3099 5659 3354 5730 ώνήσατο
3384 5661 3694 5732 Πετεφρὴς,

2105 5747 2243 5818 ἀνὴρ
2276 5747 2590 5817 Αἰγύπτιος,
2619 5749 2709 5802 ἐπὶ
2734 5749 2842 5803 τῶν
2866 5751 3132 5819 βασιλέως
3159 5751 3358 5822 Φαραὼ
3389 5756 3694 5826 μαγείρων,
