3964 6252
286 327 357 387 77
734 302 747 319 ‘
1571 323 1982 405 ANNALIIL’M
2020 325 2162 384 LIB.
2221 323 2270 385 Ι.
2470 288 2483 295 ’
3496 336 3564 404 7s

287 446 380 498 καί
401 437 548 513 εἶχεν
574 441 735 494 αὐτὸν
755 440 811 492 ἐν
829 439 991 509 τιμῇ.
1009 438 1122 508 Τῆς
1141 436 1199 491 δέ
1222 438 1319 491 τοῦ
1335 436 1603 493 δεσπότου
1626 438 1879 508 γυναικὸς

1993 453 2176 494 cercm
2220 438 2592 495 maleﬁcornm
2623 439 2819 512 conjici
2844 440 3022 515 jubet,
3054 461 3165 515 quo
3214 455 3269 502 et
3306 448 3571 519 pincerna

282 537 375 589 διά
407 553 467 588 τε
502 530 811 602 εὐμορφίαν
858 530 954 585 καὶ
1001 529 1100 602 τὴν
1138 529 1305 585 αὐτοῦ
1356 528 1640 601 δεξιότητα
1666 533 1883 602 ἐρωτι,

288 625 402 689 κῶς
426 623 790 693 διατεθείσης,
828 623 924 677 καὶ
954 621 1149 691 λόγους
1186 622 1318 692 περὶ
1360 622 1562 692 μίξεως
1604 638 1883 692 προσαγα-

283 717 531 787 γούσης,
577 718 917 787 παρέπεμπε
979 715 1081 786 τὴν
1143 715 1392 779 ἀξίωσιν.
1447 714 1512 767 Ἦ
1579 714 1637 768 δὲ
1692 714 1882 778 δεινῶς

285 810 730 881 πολιορκουμένη
774 809 852 880 τῷ
895 808 1085 881 ἔρωτι,
1128 808 1396 878 δευτέραν
1441 809 1615 878 ἐπῆγε
1661 810 1880 878 πεῖραν,

282 905 376 957 καὶ
412 904 477 956 τὸ
501 903 714 956 πείθειν
744 901 1085 971 ἀπογνοῦσα,
1121 901 1407 972 βιάζεσθαι
1442 901 1656 972 ἤθελεν.
1698 901 1785 964 Ὠς
1825 900 1881 954 δὲ

284 997 383 1049 καὶ
429 995 491 1047 τὸ
523 995 742 1064 ἱμάτιον
783 999 813 1048 δ
852 994 1138 1058 νεανίσκος
1169 992 1510 1052 καταλιπὼν.
1552 992 1878 1063 ἐξεπήδησε,

284 1089 533 1157 καθῆστο
583 1086 838 1158 κατηφὴς
892 1087 987 1140 καὶ
1033 1086 1440 1158 συγκεχυμένη.
1474 1084 1714 1138 Ἐλθόντι
1742 1083 1798 1137 δέ
1831 1085 1879 1138 τ’

285 1178 445 1246 ἀνδρὶ
497 1177 793 1248 κατηγόρει
834 1175 930 1230 τοῦ
969 1177 1193 1248 Ἰωσὴφ,
1250 1179 1346 1231 καὶ
1390 1178 1453 1230 τὸ
1516 1178 1732 1245 ἱμάτιον
1778 1178 1879 1229 ἐπ-

284 1268 588 1330 εδείκνυεν,
615 1266 693 1331 ὣς
722 1266 802 1321 ὅτ’
830 1268 1104 1338 ἐπεχείρει
1143 1268 1447 1338 βιάζεσθαι,
1491 1268 1879 1331 καταλιπόντος

286 1361 439 1415 αὐτό.
477 1361 763 1432 Πετεφρὴς
800 1360 855 1415 δὲ
888 1362 969 1422 είς
1011 1359 1108 1432 τὴν
1147 1360 1255 1412 τῶν
1288 1359 1614 1432 κακούργων
1651 1359 1878 1430 εἱρκτὴν

284 1453 545 1522 ἐμϐάλλει
591 1453 683 1505 τὴν
719 1453 924 1522 Ἰωσὴφ
956 1491 970 1516 ,
1004 1452 1062 1504 ἐν
1180 1452 1272 1505 καὶ
1318 1453 1346 1505 ὁ
1386 1452 1623 1521 οἰνοχόος
1675 1449 1878 1522 Φαραὼ

282 1542 404 1596 κατ’
436 1543 611 1616 ὀργὴν
652 1543 1056 1607 ἐνεκέκλειστο,
1089 1542 1187 1596 κοιλ⁹
1236 1545 1264 1597 ὁ
1310 1542 1753 1614 ἀρχισιτοποιόςο
1795 1538 1877 1607 οἷς

285 1636 524 1706 συνήθης
585 1635 905 1706 γενόμενος,
967 1635 1191 1707 ἠξιοῦτο
1256 1639 1467 1706 φρᾶσαι
1529 1638 1713 1699 αὐτοῖς
1765 1636 1876 1689 τῶν

279 1728 552 1781 ἐνυπνίων
575 1727 676 1800 τὴν
698 1727 953 1799 δήλωσιν.
987 1730 1047 1783 Ὀ
1079 1731 1180 1801 μὲν
1219 1729 1329 1799 γὰρ
1360 1729 1598 1800 οἰνοχόος
1629 1727 1875 1799 ἄμπελον

1993 527 2300 584 Pharaonis
2328 545 2428 599 per
2452 530 2797 586 iracundiam
2827 533 3112 605 coniectus
3141 535 3342 602 fuerat,
3375 549 3431 593 et
3461 556 3571 602 ma.

1990 619 2163 691 gister
2200 622 2635 693 pistorumzqui
2702 621 2841 680 inita
2896 640 3021 680 cum
3054 643 3122 682 eo
3166 628 3570 701 familiaritate,

1990 715 2253 784 petebant
2281 715 2492 770 somnia
2528 715 2633 771 sibi
2669 717 2739 771 ab
2764 733 2830 772 co
2855 734 2951 774 sua
2979 718 3273 777 declarari.
3304 724 3571 788 Pinc-erm

1988 808 2156 862 vitem
2187 807 2294 863 sibi
2325 808 2512 863 videre
2541 809 2691 864 visus
2728 810 2930 878 fuerat,
2971 813 3115 868 unde
3154 822 3266 870 tres
3317 818 3574 887 palmites

1986 907 2409 960 euaserrentur.
2460 901 2526 955 de
2584 901 2788 971 quibus
2839 918 3049 975 magna:
3085 917 3143 960 et
3186 916 3415 963 matura:
3455 925 3574 969 ιιι-ω

1990 990 2391 1060 dependcrcnt.
2434 1007 2573 1063 quas
2606 993 2659 1046 in
2692 994 2932 1064 phialam
2957 998 3573 1071 exprimeret,eamque

1987 1083 2260 1139 Pharaoni
2289 1085 2536 1148 ollerret,
2565 1088 2660 1157 qui
2681 1087 2915 1159 benigne
2933 1100 3270 1160 acceptaret.
3298 1092 3574 1163 Iosephus

1987 1174 2188 1230 bonam
2229 1178 2428 1232 somnii
2457 1177 2577 1234 esse
2610 1178 3067 1249 signiﬁcationem
3093 1183 3370 1239 asserebat
3403 1201 3415 1236 :
3446 1200 3573 1245 nam

1989 1267 2134 1324 intra
2172 1270 2418 1324 triduum
2459 1271 2752 1341 pristinam
2783 1271 2833 1326 ei
2878 1271 3220 1328 iunctionem
3254 1276 3570 1335 restitutum

1989 1360 2485 1433 iritpetebatqne,
2544 1372 2605 1418 ιιι
2668 1363 2716 1418 is
2778 1364 2945 1419 rebus
2993 1366 3107 1435 suis
3151 1368 3429 1433 secundis,
3486 1372 3573 1431 sui

1991 1448 2399 1504 rccordaretur.
2458 1451 2733 1506 Pistorum
2760 1461 2945 1508 autem
2977 1456 3238 1530 magister
3280 1457 3433 1513 visus
3461 1459 3568 1518 sibi

1987 1538 2294 1596 luerattria
2322 1542 2563 1599 canistra
2594 1544 2648 1599 in
2675 1545 2852 1615 capite
2883 1546 3049 1612 ferre,
3084 1547 3195 1601 duo
3227 1549 3384 1616 plena
3417 1551 3575 1620 paniu-

1985 1628 2110 1695 bus,
2144 1634 2368 1687 tertium
2399 1634 2630 1688 obsonio
2653 1646 2710 1689 et
2724 1636 2889 1691 variis
2914 1636 3054 1692 cibis
3075 1637 3363 1704 refertum,
3394 1655 3515 1709 quae
3541 1656 3574 1702 α

1993 1725 2383 1781 derolantibus
2408 1727 2636 1782 alitibus
2664 1727 3060 1798 diriperentur.
3078 1729 3422 1786 Dixitautem
3444 1732 3575 1792 huic

280 1822 414 1890 ίρᾷν
441 1820 646 1887 ἔδοξεν,
682 1820 741 1886 ἐξ
768 1817 834 1895 ἦς
867 1823 996 1892 τρία
1025 1824 1256 1893 ἐφύοντο
1283 1822 1560 1893 κλήματα,
1592 1816 1668 1876 ὧν
1691 1820 1879 1892 ἀπῃώ-

1988 1819 2152 1874 etiam
2178 1819 2469 1888 Iosephus,
2514 1820 2621 1873 tria
2666 1820 2911 1875 canistra
2947 1822 3260 1893 signiﬁcare
3301 1823 3572 1887 triduum.

282 1927 449 1980 ρηντο
497 1911 732 1981 μεγάλοι
787 1914 882 1967 καὶ
938 1914 1192 1986 πέπειροι
1239 1915 1482 1984 βότρυες.
1534 1912 1771 1978 Τούτους
1831 1912 1879 1966 δ’

1986 1925 2050 1964 ac
2079 1910 2167 1966 die
2192 1911 2369 1992 .tertia
2410 1927 2742 1983 suspensum
2800 1928 2928 1967 eum
2973 1915 3286 1971 carnivoris
3340 1917 3575 1979 alitibus

280 2000 601 2055 ἀποθλίϐειν
647 2003 730 2067 είς
771 2004 995 2075 φιᾲλην,
1028 2006 1125 2058 καὶ
1169 2008 1469 2077 προσάγειν
1514 2006 1592 2077 τῷ
1646 2006 1873 2078 Φαραὼ,

1985 2004 2100 2059 fore
2129 2005 2336 2059 cibum.
2378 2005 2609 2078 Utrique
2669 2008 2923 2063 accidere
2974 2023 3097 2079 qua:
3122 2008 3398 2081 Iosephus
3434 2026 3574 2088 prm-

283 2092 540 2147 κάκεῖνον
567 2094 759 2151 λαϐεῖν
798 2099 1110 2168 προσηνῶς.
1151 2097 1364 2168 ’Λγαθὰ
1396 2099 1529 2167 γοῦν
1582 2098 1905 2174 σημαίνειν.
1986 2100 2228 2155 dixerat.

283 2187 431 2258 αὑτῷ
471 2187 565 2241 τὸν
593 2188 805 2261 δνειρον
833 2189 1085 2260 ἐξηγεῖτο
1114 2193 1142 2244 ὀ
1174 2190 1399 2261 Ἰωσήφ.
1432 2190 1526 2243 Ἐν
1559 2191 1669 2262 γὰρ
1700 2190 1880 2262 τρισὶν
1921 2192 2161 2262 ἡμέραις
2221 2193 2343 2249 ταῖς
2408 2192 2817 2261 προσαγοὺσαις
2847 2195 2929 2256 εἰς
2958 2194 3020 2247 τὸ
3059 2194 3325 2269 πρότερον
3357 2197 3571 2252 ἀποκαο

282 2281 695 2353 τασταθήσεται
730 2282 1065 2355 διακόνημα,
1099 2284 1194 2337 καὶ
1224 2283 1382 2355 ἠξίου
1417 2284 1730 2355 μεμνῆσθαι
1770 2284 1961 2348 αὑτοῦ,
2028 2286 2483 2356 εὖπραγήσαντα.
2566 2286 2626 2339 'U
2664 2286 2721 2340 δὲ
2754 2287 3167 2357 ἁρχισιτοποιὸς
3232 2288 3361 2360 τρία
3428 2291 3571 2353 καινὰ

284 2376 461 2431 ἐδόκει
522 2376 711 2447 φέρειν
767 2377 860 2430 ἐπὶ
906 2380 1006 2447 τῆς
1050 2378 1321 2448 κεφαλῆς,
1372 2378 1468 2431 δύο
1533 2379 1633 2448 μὲν
1682 2376 1865 2451 ἄρτων
1905 2378 2197 2451 πλήρη,τδ
2229 2378 2274 2431 δ’
2340 2377 2530 2449 ἕτερον
2575 2378 2710 2449 ὕψου
2759 2382 2854 2434 καὶ
2895 2382 3161 2437 ποικίλων
3237 2382 3568 2460 βρωμάτων,

286 2468 365 2524 Τὰ
423 2470 485 2523 δὲ
545 2470 920 2542 διαρπαγῆναι
977 2471 1082 2524 ὑπὸ
1143 2473 1365 2542 πτηνῶν
1423 2473 1873 2542 καθιπταμένων.
1920 2472 2067 2543 Ἔφη
2112 2472 2168 2525 δέ
2218 2475 2313 2526 καὶ
2342 2472 2519 2544 τούτῳ
2565 2473 2593 2525 ὁ
2659 2474 2861 2545 Ἰωσὴφ
2904 2473 2973 2528 τὰ
3015 2478 3142 2553 τρία
3211 2480 3355 2530 atavi:
3401 2478 3574 2550 τριῶν

286 2562 517 2634 ἡμερῶν
535 2559 680 2617 εἶναι
707 2563 1043 2634 σημαντικὰ,
1068 2564 1165 2619 καὶ
1190 2567 1247 2617 ἐν
1267 2568 1333 2640 τῇ
1352 2563 1512 2643 τρίτῃ
1536 2567 1569 2637 ἡ
1579 2565 1642 2634 μέ
1653 2582 1721 2636 pa
1747 2565 1965 2636 μέλλειν
2017 2564 2182 2619 αὑτὸν
2241 2565 2651 2637 κρεμασοέντα,
2721 2567 3094 2643 σαρκοφάγοις
3128 2567 3355 2625 ἔσεσθαι
3405 2569 3571 2647 βορὰν

288 2658 583 2720 πετεινοῖς.
620 2657 820 2725 Γέγονε
852 2656 899 2708 δ’
928 2655 1017 2709 ἐπ’
1050 2657 1276 2733 ἀμφοῖν,
1311 2657 1386 2721 ὡς
1416 2656 1617 2727 Ἰωσὴφ
1657 2657 1993 2729 ἐξηγήσατο.

359 2748 415 2805 1⁸.
460 2746 600 2803 Εἶτα
643 2750 722 2820 τῷ
758 2747 961 2820 Φαραὼ
992 2749 1021 2802 ὁ
1068 2748 1200 2813 Θεὸς
1238 2751 1391 2819 ὄψεις
1435 2751 1703 2808 ἐνυπνίων
1749 2753 1872 2803 ἑπι-

2047 2749 2117 2808 X.
2151 2750 2285 2806 Post
2305 2751 2422 2808 haec
2449 2752 2596 2809 Deus
2629 2751 2905 2811 Pharaoni
2943 2753 3073 2815 bina
3130 2756 3247 2815 visa
3283 2757 3337 2812 in
3362 2762 3576 2820 somnis

287 2842 503 2912 πέμπει
529 2841 738 2904 διττὰς,
766 2842 861 2894 καὶ
890 2841 989 2904 τὰς
1020 2839 1282 2911 δηλώσεις
1319 2844 1545 2912 ἀμφοῖν.
1590 2841 1649 2895 '0
1687 2842 1742 2894 δέ
1764 2842 1876 2895 τῶν

1985 2845 2996 2916 oﬂ'ert,eorumqueenarrationcs.At
3042 2844 3134 2903 ille
3182 2848 3299 2904 visa
3343 2850 3572 2921 quidem

289 2937 388 3005 μὲν
438 2934 621 3004 ὃψεων
666 2935 1065 3005 ἐμιμνήσκετο,
1087 2934 1194 2988 τῶν
1234 2934 1280 2987 δ’
1318 2936 1635 3006 ἐξηγήσεων
1678 2935 1876 2995 ἐπελά-

286 3026 431 3081 ϐετο.
464 3026 744 3095 Συγκαλεῖ
772 3028 954 3080 τοίνυν
982 3029 1110 3091 τοὺς
1146 3026 1257 3081 τῶν
1285 3028 1608 3096 Αἰγυπτίων
1654 3027 1876 3100 σοφοὺς,

284 3216 519 3287 δήλωσιν
548 3218 809 3271 ἀπαιτεῖ·
865 3216 1221 3289 ἀπορούντων
1273 3216 1319 3270 δ’
1367 3217 1617 3280 ἐκείνων,
1652 3214 1874 3286 ὀργίζε-

286 3326 399 3365 ται.
470 3311 533 3363 ’0
579 3311 628 3363 δ’
683 3311 942 3380 οίνοχὸος,
1002 3310 1052 3362 εί
1106 3310 1200 3362 καὶ
1264 3310 1339 3380 μὴ
1395 3308 1682 3379 πρότερον,
1737 3307 1876 3361 ἀλλὰ

285 3404 406 3456 τότε
497 3402 640 3473 πρὸς
734 3403 961 3473 μνήμην
1054 3395 1158 3474 ἧκε
1249 3401 1344 3454 τοῦ
1438 3400 1637 3471 Ἰωσὴφ
1674 3443 1688 3467 ,
1782 3401 1877 3452 καὶ

287 3495 537 3550 διδάσκει
633 3496 764 3566 περὶ
855 3494 1071 3548 ἐκείνου
1157 3495 1273 3548 τὸν’
1329 3494 1551 3564 Φαραώ.
1644 3495 1876 3563 Ἀγεται

286 3588 464 3641 τοίνυν
510 3586 733 3640 αὐτίκα.
782 3586 842 3639 Ὁ
892 3586 948 3640 δὲ
1003 3586 1179 3658 φησί’
1216 3587 1462 3652 Νεανία,
1495 3585 1721 3656 φράσαι
1770 3601 1876 3655 μοι

285 3681 402 3749 τὴν
466 3681 678 3750 κρίσιν
738 3678 856 3732 τῶν
920 3679 1262 3747 ὀνειράτων,
1325 3665 1523 3748 ὧνπερ
1575 3678 1873 3751 τεθέαμαι.

290 3772 513 3838 Ἔδοξα
563 3772 723 3844 ,βόας
786 3770 1100 3841 εὐτραφεῖς
1162 3770 1312 3824 ἑπτὰ
1378 3770 1698 3838 προϊόντας
1766 3766 1875 3823 τοῦ

287 3863 564 3934 ποταμοῦ
606 3864 759 3931 πρὸς
789 3863 857 3916 τὸ
890 3862 1033 3929 ἕλος
1061 3862 1275 3934 χωρεῖν
1304 3878 1319 3892 ·
1363 3862 1606 3927 ἑτέρους
1641 3860 1692 3912 δ’
1723 3858 1874 3917 ἑπτὰ

288 3957 567 4027 ίσχνοὺς,
615 3956 714 4009 καί
763 3957 1167 4025 τετηγμένους
1204 3951 1359 4025 λιμῷ
1393 3953 1502 4007 τοῦ
1549 3952 1733 4019 ἕλους
1777 3952 1874 4016 ἐξ·

286 4051 585 4117 ελθόντας
638 4046 1028 4119 συναντῆσαι
1089 4050 1357 4114 τούτοις,
1413 4048 1511 4105 καὶ
1562 4044 1875 4121 βρωθῆναι

288 4142 447 4212 παρὰ
482 4140 605 4197 τῶν
634 4139 929 4209 δευτέρων
968 4139 1113 4205 τοὺς
1155 4139 1427 4209 πρώτους
1467 4140 1563 4193 καὶ
1634 4139 1870 4202 πίονας,

289 4234 390 4289 καὶ
419 4235 634 4304 μένειν
687 4232 771 4286 ἔτ’
826 4234 1050 4299 αὐτοὺς
1108 4233 1323 4302 ὁμοίως
1372 4232 1644 4300 ίσχνούς.
1690 4225 1873 4297 Αὖθις

290 4327 341 4380 δ’
378 4327 498 4398 ὁρῶ
547 4325 825 4396 στάχυας
861 4326 1013 4379 ἑπτὰ
1061 4325 1364 4399 ἐκφὺντας
1390 4322 1553 4395 ῥίζης
1576 4322 1716 4390 μιᾶς
1767 4325 1873 4376 θα-

290 4421 509 4489 λεροὺς
553 4418 655 4472 καὶ
706 4417 1101 4488 κεκλιμένους
1145 4415 1225 4483 τῷ
1257 4416 1433 4485 βάρει
1470 4415 1551 4481 τῷ
1584 4415 1690 4469 τοῦ
1733 4431 1871 4483 καρ-

1977 2935 2326 3002 memlnerat,
2359 2937 2778 2992 enarrationum
2805 2948 2990 2994 autem
3017 2940 3225 2996 oblitus
3244 2940 3445 2997 fuerat.
3467 2942 3574 3003 [tas

1979 3041 2086 3099 que
2102 3025 2376 3094 sapientes
2392 3023 2772 3097 Egyptiornm
2788 3035 3075 3092 convocat,
3096 3030 3305 3085 somnia
3323 3041 3569 3098 enarrat,

176 3158 179 3161 -
286 3123 382 3177 καὶ
447 3122 792 3192 ἀπαγγέλλει
868 3124 1053 3188 αὐτοῖς
1116 3123 1185 3177 τὰ
1256 3122 1484 3182 ἐνύπνια
1513 3163 1530 3188 ,
1611 3122 1706 3176 καὶ
1779 3125 1879 3193 τὴν

1985 3119 2500 3189 interpretationem
2544 3118 2787 3188 expetit:
2819 3117 3024 3189 quibus
3054 3118 3441 3177 hazsilantibus
3463 3119 3574 3178 ira-

1983 3212 2173 3267 scitur.
2199 3212 2268 3267 At
2285 3212 2569 3283 pincerna,
2588 3211 2686 3266 etsi
2705 3210 2917 3282 pridem
2935 3211 3163 3281 oblitus,
3182 3212 3401 3268 tandem
3417 3215 3574 3270 Iose-

1981 3304 2075 3375 phi
2094 3304 2236 3360 redit
2255 3305 2308 3358 in
2330 3302 2652 3359 memoriam
2673 3321 2686 3359 :
2709 3303 2777 3358 de
2790 3318 2858 3358 eo
2877 3319 3060 3377 regem
3078 3305 3297 3365 edocet.
3323 3306 3569 3379 Addncj~

1983 3403 2072 3449 tur
2087 3394 2197 3469 29
2220 3394 2309 3449 ille
2332 3395 2535 3450 statim.
2564 3392 2663 3450 Cui
2687 3409 2784 3455 rex
2814 3412 2828 3449 :
2858 3395 3192 3463 Adolescens,
3211 3397 3574 3466 inquit,som.

1980 3488 2189 3541 niorum
2218 3502 2336 3556 qua-
2372 3487 2489 3541 'vidi
2512 3488 2778 3554 judicium
2813 3489 2943 3545 mihi
2975 3489 3210 3548 declara.
3259 3487 3378 3543 Vidi
3419 3491 3571 3548 boves

1979 3594 2051 3634 vn
2083 3580 2342 3650 pinguese
2365 3580 2584 3648 [lumine
2617 3580 2951 3641 ascendentes
2976 3621 2991 3646 ,
3024 3597 3080 3634 se
3112 3582 3349 3651 conferre
3379 3582 3449 3637 ad
3472 3600 3571 3653 pa.

1980 3669 2153 3725 ladem
2179 3711 2195 3736 ,
2244 3673 2429 3746 quibus
2470 3673 2567 3727 alii
2604 3688 2680 3727 vn
2716 3682 3048 3732 occurrerent
3093 3683 3274 3733 tenues
3324 3684 3372 3728 et
3425 3676 3569 3747 fama

1980 3765 2203 3834 confecti
2226 3781 2242 3818 :
2273 3774 2432 3834 alque
2463 3766 2739 3836 pinguibus
2762 3765 2870 3819 illis
2896 3767 3158 3822 devoratis
3177 3806 3191 3830 ,
3217 3781 3365 3837 teque
3391 3774 3569 3826 tenues

1979 3866 2274 3911 manerent.
2336 3856 2534 3911 Rursus
2571 3858 2677 3912 vidi
2704 3860 2876 3935 spicas
2902 3874 2978 3914 vn
3003 3900 3017 3921 ,
3046 3875 3110 3912 ea:
3145 3876 3252 3914 uno
3269 3867 3448 3931 vegeto
3474 3875 3571 3913 ca-

1979 3945 2121 4001 lamo
2175 3956 2400 4014 enatus,
2455 3949 2685 4020 pondere
2741 3966 3034 4021 granorum
3090 3951 3380 4007 inclinatas
3436 3966 3456 4005 :
3504 3973 3567 4010 ac

1974 4056 2141 4111 prope
2190 4041 2311 4097 illas
2348 4043 2564 4103 totidem
2615 4043 2792 4098 videre
2825 4044 3040 4101 videbar
3080 4047 3252 4121 spicas
3280 4057 3496 4118 tenues,
3523 4065 3573 4114 et

1979 4134 2041 4188 ob
2087 4136 2393 4208 squalorem
2418 4147 2634 4208 aspectu
2658 4138 2858 4211 facias,
2895 4154 3014 4209 qua:
3057 4136 3104 4193 et
3137 4140 3266 4217 ἔρειο
3305 4141 3563 4212 fecundas

1975 4241 2027 4285 et
2056 4230 2304 4301 pulchras
2338 4240 2729 4289 consumerent.
2752 4231 2832 4292 Ad
2865 4231 2980 4287 haec
3004 4232 3319 4306 Iosephus:
3348 4235 3465 4292 Etsi
3488 4279 3504 4303 ,
3535 4256 3566 4294 ο

1976 4339 2103 4385 νοτ,
2143 4323 2359 4394 inquit,
2403 4324 2609 4378 somnia
2651 4324 2774 4377 bina
2824 4334 2985 4391 sunt,
3032 4326 3216 4384 eadem
3267 4337 3446 4383 tamen
3493 4339 3571 4389 est

1975 4416 2248 4485 utriusque
2304 4414 2360 4468 in
2410 4414 2647 4484 futurum
2703 4416 3046 4487 signiﬁcatio.
3101 4418 3242 4481 Nam
3291 4424 3563 4490 etboues,

292 4512 429 4567 ποῦ.
503 4511 785 4578 Πλησίον
836 4509 890 4563 δ’
945 4508 1146 4564 αὐτῶν
1201 4498 1551 4577 ἰσαρίθμους
1617 4505 1874 4560 ἐδόκουν

1985 4506 2192 4565 animal
2224 4509 2431 4561 arando
2465 4508 2698 4562 exerceri
2735 4510 2950 4564 solitum
2974 4552 2991 4576 ,
3029 4530 3061 4566 a
3097 4514 3444 4571 deterioribus
3480 4521 3572 4572 de-

296 4604 442 4671 ὁρᾷν
488 4601 766 4670 στάχυας
810 4601 1091 4668 ἀδιανεῗς
1125 4601 1244 4655 ὑπὸ
1279 4598 1566 4667 ἀδροσίας
1600 4597 1700 4651 καὶ
1729 4598 1879 4671 πρὸς

297 4690 510 4759 ὅρασιν
553 4691 785 4759 ἀηδεῖς,
843 4691 901 4746 οἳ
953 4692 1052 4744 καὶ
1091 4689 1462 4757 ἀνήλισκον
1492 4687 1630 4754 τοὺς
1669 4686 1882 4755 εὐκάρ-

297 4804 447 4853 πους
483 4802 547 4840 τε
580 4786 681 4839 καὶ
712 4784 990 4853 ὡραίους.
1037 4783 1100 4836 ’0
1127 4782 1173 4836 δ’
1236 4781 1435 4852 Ἰωσήφ
1460 4797 1474 4811 ’
1524 4780 1656 4835 Κᾶν
1689 4780 1879 4847 διττὰ,

299 4881 485 4950 φησὶν,
522 4872 570 4933 ὦ
608 4876 898 4942 βασιλεῦ,
934 4875 1054 4930 εἰσὶ
1095 4875 1168 4928 τὰ
1202 4873 1481 4938 ἐνύπνια,
1537 4872 1698 4926 ἀλλὰ
1731 4871 1883 4943 μίαν

299 4975 513 5043 ἔχουσι
560 4971 683 5026 τῶν
722 4972 1078 5041 μελλόντων
1107 4968 1224 5036 τὴν
1248 4965 1541 5034 δήλωσιν.
1580 4965 1648 5018 ΟΖ
1679 4982 1743 5017 τε
1773 4964 1882 5035 γὰρ

295 5066 464 5133 βόες,
511 5061 661 5124 ζῶον
705 5062 799 5116 ἐπ’
827 5061 1057 5130 ἀρότρῳ
1092 5059 1343 5123 πονοῦν,
1377 5057 1497 5114 ὑπὸ
1528 5055 1646 5111 τῶν
1688 5058 1884 5128 χειρό-

305 5174 422 5211 νων
464 5157 941 5225 κατεσθιόμενα,
993 5153 1094 5207 καί
1148 5155 1203 5206 ol
1234 5150 1566 5215 θάλλοντες
1614 5149 1882 5219 στάχυες

306 5247 421 5302 ὑπὸ
451 5244 576 5301 τῶν
608 5243 887 5314 ἀδρανῶν
915 5241 1352 5311 δαπανώμενοι,
1385 5242 1565 5311 λιμὸν
1610 5239 1708 5293 ἐπὶ
1742 5254 1884 5293 τοσ-

307 5338 483 5393 οῦτον
542 5338 650 5408 ἐτη
720 5338 796 5409 τῇ
839 5339 1004 5408 χώρα
1056 5355 1174 5393 σου
1230 5339 1755 5407 καταγγέλλουσιν
1817 5337 1887 5389 ἐν

312 5431 638 5502 ίσαρίθμοις
665 5431 964 5498 ἐνιαυτοῖς
998 5430 1407 5499 εὐθηνηθείσῃ
1443 5429 1734 5497 πρότερον
1761 5426 1887 5495 τοῖς

314 5524 579 5592 καρποῖς,
625 5525 708 5593 ὡς
753 5524 871 5595 τὴν
920 5525 1153 5580 τούτων
1187 5523 1478 5592 εὐφορίαν
1501 5518 1889 5589 ἀναλωθῆναι

311 5613 427 5667 ὑπὸ
447 5611 566 5667 τῶν
588 5613 814 5669 ἔπειτα.
846 5617 914 5673 Et
932 5613 1001 5671 δὲ
1028 5613 1109 5667 σὺ
1139 5609 1482 5682 ταμιεύσεις
1503 5612 1576 5666 τὰ
1603 5609 1714 5679 τῆς
1743 5613 1890 5678 πρόι

319 5711 482 5779 τέρας
522 5713 932 5784 εὐδαιμονίας,
966 5714 1054 5778 εὶς
1084 5710 1228 5778 τοὺς
1254 5709 1365 5780 τῆς
1401 5708 1656 5779 ἀφορίας
1691 5707 1890 5761 ἐνιαυ-

322 5803 479 5882 τοὺς,
508 5806 718 5881 θήσεις
767 5807 892 5878 τοῖς
943 5805 1285 5882 Αἰγυπτίοις
1331 5804 1785 5875 ἀνεπαίσθητον
1823 5801 1890 5858 τὸ

1983 4600 2157 4655 vorali
2180 4640 2193 4662 ,
2226 4608 2275 4653 et
2302 4600 2460 4672 spicm
2486 4603 2732 4673 ﬂorentes
2761 4620 2792 4656 a
2829 4604 3067 4662 tenuibus
3114 4605 3404 4678 absumpta
3426 4648 3443 4673 ,
3494 4619 3571 4666 tot

1985 4710 2247 4752 annorum
2292 4694 2485 4765 famem
2527 4705 2629 4750 tua:
2677 4697 2879 4766 regioni
2920 4700 3269 4768 portendunt,
3302 4718 3419 4756 cum
3447 4704 3569 4774 qui.

1986 4786 2104 4845 dem
2137 4788 2354 4841 totidem
2403 4789 2558 4841 anuis
2602 4796 2886 4860 proventus
2929 4806 3155 4850 annona:
3193 4792 3491 4849 uberrimus
3533 4815 3566 4851 a

1986 4879 2360 4949 posterioribus
2405 4880 2472 4932 sit
2523 4881 2897 4934 absumendus.
2954 4883 3032 4940 Tu
3057 4899 3198 4950 vero,
3249 4886 3293 4939 si
3338 4889 3568 4956 priorem

1987 4975 2193 5046 copiam
2215 4974 2268 5025 in
2298 4972 2592 5036 sterilitatis
2618 4990 2787 5033 annos
2819 4979 3113 5046 seposueris
3135 5017 3150 5042 ,
3181 4994 3389 5033 sensum
3420 4979 3569 5033 istius

1988 5065 2313 5123 calamitatis
2365 5063 2628 5136 Egypliis
2683 5066 2903 5125 adimes.
2962 5067 3177 5127 Pharao
3220 5068 3442 5138 Iosephi
3483 5087 3569 5125 sa-

1990 5154 2198 5225 pientia
2246 5154 2704 5224 obstupefactus,
2756 5167 2870 5212 tum
2923 5157 2994 5211 ob
3044 5157 3382 5213 somniorum
3435 5173 3569 5214 con-

1985 5241 2296 5312 jecturam,
2343 5250 2460 5295 tum
2518 5255 2746 5313 propter
2786 5245 3076 5300 consilium
3126 5263 3139 5299 :
3179 5245 3296 5310 Tu,
3345 5246 3566 5318 inquit,

1989 5333 2129 5404 ipse,
2167 5348 2346 5387 rerum
2374 5336 2601 5389 istarum
2633 5336 2894 5405 conjector
2918 5344 2969 5389 et
2999 5351 3207 5398 suasor,
3244 5336 3381 5392 idem
3407 5341 3569 5404 etiam

1991 5424 2330 5478 consiliorum
2386 5425 2793 5483 administrator
2834 5426 2959 5480 eris.
3004 5425 3192 5495 Itaque
3237 5438 3568 5498 potestatem

1993 5533 2150 5575 suam
2208 5519 2265 5573 in
2291 5535 2419 5574 eum
2446 5520 2698 5582 confert,
2736 5528 2794 5573 ut
2818 5528 2874 5572 et
2907 5518 3087 5588 sigillo
3109 5519 3412 5579 Pharaonis
3441 5532 3564 5579 ute-

1994 5618 2183 5671 retur.
2237 5618 2295 5664 et
2328 5625 2629 5680 purpuram
2660 5616 2932 5678 gestaret,
2964 5617 3021 5664 et
3054 5624 3221 5665 curru
3252 5613 3569 5675 veheretur.

1994 5703 2208 5759 Accidit
2239 5703 2345 5757 hoc
2392 5703 2630 5772 Iosepho
2653 5701 2721 5756 30
2752 5715 2925 5756 annos
2964 5712 3092 5757 nato
3112 5748 3125 5769 ,
3165 5719 3325 5774 quem
3361 5706 3573 5764 Pharao

1997 5795 2668 5873 psmlhomphanechum,
2694 5794 2800 5855 hoc
2831 5804 2934 5865 est,
2964 5795 3289 5855 occultorum
3314 5799 3573 5873 interpre-
