3964 6252
386 277 476 357 ,τι

1676 273 1999 336 JOANNIS
2037 269 2359 331 ZONARE
3586 276 3655 337 80

402 403 504 447 tem
548 390 784 447 vocabat
833 406 845 444 :
893 390 1054 458 eique
1092 406 1316 445 uxorem
1361 391 1694 446 Asenetbam
1728 393 1982 450 nomine.

2095 387 2477 455 δυστύχημα.
2520 384 2720 456 Φαραὼ
2759 386 2816 441 δὲ
2859 387 2954 458 τὴν
3003 387 3200 458 Ἰωσὴφ
3232 389 3531 458 ἐκπλαγείς
3585 408 3672 446 σο-

404 478 789 553 lleliopolitani
842 483 1117 553 pontificis
1169 482 1371 548 filiam,
1419 484 1726 553 despondet
1777 500 1846 539 :c
1876 500 1981 552 qua

311 610 314 614 ι
403 588 530 632 ante
555 577 754 631 famem
787 576 993 631 liberos
1019 575 1268 645 suscipit,
1299 592 1532 646 quormu
1559 585 1686 632 natu
1722 578 1982 647 majorem

403 668 706 725 ldanassem
756 669 826 724 ab
860 667 1140 722 «oblivione
1184 676 1373 733 vocat,
1421 669 1566 739 quod
1610 669 1984 724 calamitatum

402 761 607 816 oblitus
643 769 789 816 esset
838 778 852 814 :
902 760 1174 815 minorem
1215 760 1576 830 Ephraimnm
1609 803 1623 824 ,
1667 777 1697 815 a
1745 763 1985 818 retribu~

376 846 379 855 “
406 854 575 916 tione,
602 851 746 920 quod
780 851 1049 921 majorum
1082 865 1308 905 suorum
1344 850 1572 906 libertas
1595 851 1701 906 sibi
1734 853 1985 908 restituta

404 955 572 1000 esset.
617 943 892 998 Adventat
940 944 1150 998 interea
1196 942 1439 1013 penuriae
1488 951 1704 1012 tempus
1752 962 1766 998 ι
1809 959 1986 1013 neque

405 1037 695 1109 Aigyptum
732 1035 998 1090 duntaxat
1024 1035 1232 1089 invadit
1260 1034 1452 1099 fames,
1481 1035 1577 1088 sed
1615 1050 1737 1089 eam
1765 1052 1986 1106 quoque

406 1133 684 1202 regionem
710 1170 726 1193 ,
756 1130 810 1184 in
845 1144 951 1198 qua
982 1125 1221 1183 Jacobus
1250 1126 1584 1198 inquilinum
1615 1127 1832 1198 agebat.
1859 1128 1985 1182 Mit-

405 1226 471 1277 ιίι
501 1223 668 1294 igitur
697 1221 839 1276 filios
864 1223 919 1275 in
950 1219 1242 1293 IEgyptum
1268 1261 1283 1287 ,
1315 1221 1384 1275 ad
1410 1221 1704 1276 emendum
1736 1221 1986 1276 frumen-

405 1327 519 1366 tum
541 1354 554 1375 ,
585 1313 705 1368 solo
734 1312 1054 1383 Benjamine
1090 1310 1235 1382 apud
1264 1326 1322 1367 se
1359 1319 1598 1378 retento,
1632 1321 1692 1367 ut
1721 1322 1851 1368 natu
1885 1312 1986 1368 mi-

403 1408 574 1461 nimo.
617 1406 899 1462 Accedunt
937 1406 1014 1460 illi
1070 1405 1407 1476 Josephum;
1442 1407 1534 1477 qui
1577 1423 1686 1463 non
1735 1409 1984 1478 agnitus,

403 1499 652 1565 agnoscit
698 1498 897 1552 fratres
923 1538 937 1562 ,
969 1506 1026 1552 et
1069 1498 1417 1569 exnloratum
1464 1500 1683 1556 venisse
1731 1500 1855 1557 ilios
1885 1501 1982 1556 ait.

404 1594 420 1643 l
452 1591 484 1643 li
514 1599 569 1644 ct
609 1589 754 1644 unde
793 1590 1085 1657 venerint,
1118 1603 1175 1646 et
1207 1606 1266 1646 se
1302 1607 1412 1645 uno
1453 1601 1608 1662 patre
1642 1602 1802 1648 natos
1826 1608 1946 1647 esse
1969 1634 1983 1656 ,

2089 481 2239 549 φίαν,
2261 480 2351 533 διά
2379 496 2435 531 τε
2466 479 2564 548 τὴν
2595 480 2856 548 ἐξήγησιν
2882 480 2977 534 καὶ
3001 481 3099 550 τὴν
3128 482 3459 552 συμϐουλήν·
3483 484 3675 550 Αὐτὸς

2081 575 2121 633 Δό
2159 576 2408 635 τούτων,
2461 571 2590 640 ἔφη,
2646 570 2855 640 κριτής
2887 589 2976 638 τε,
3015 573 3114 626 καὶ
3149 573 3525 642 σύμϐουλος,
3578 577 3675 630 καὶ

2085 666 2400 733 οἰκονόμος
2434 664 2549 732 ἓση
2585 663 2707 717 τῶν
2727 664 3209 739 βουλευθέντων.
3258 667 3367 719 Καὶ
3397 668 3677 737 παρέσχεν

2086 756 2233 827 αὐτῷ
2278 755 2377 826 τὴν
2411 755 2664 821 ἐξουσίαν
2707 754 2895 819 αὑτοῦ,
2945 755 3088 810 ὥστε
3144 759 3405 829 σφραγίδι
3438 759 3677 829 χρῆσθαι

2084 854 2151 918 τῇ
2195 847 2416 919 Φαραὼ,
2455 849 2549 901 καὶ
2591 847 2886 918 πορφύραν
2932 848 3240 914 ἐνδύεσθαι,
3287 851 3383 904 καὶ
3426 853 3677 906 ἐλαύνειν

2086 943 2172 1010 ἐφ’
2200 941 2467 1012 ἅρματος.
2508 935 2618 994 Ἦν
2658 940 2717 993 δὲ
2746 941 2870 994 τότε
2899 941 3196 1013 τριάκοντα
3257 942 3500 1011 γεγονὼς
3542 946 3678 997 ἐτῶν

2099 1035 2320 1105 Ἰωσήφ.
2362 1034 2750 1105 Προσηγόρευε
2792 1034 2848 1087 δὲ
2894 1035 3060 1087 αὐτὸν
3103 1037 3131 1088 6
3178 1033 3379 1104 Φαραὼ
3420 1037 3678 1105 Ψονοομ-

2086 1125 2329 1195 φάνηχον
2369 1125 2507 1197 (3'2).
2549 1126 2814 1195 Σημαίνει
2840 1126 2898 1178 δὲ
2932 1127 2992 1179 τὸ
3030 1125 3226 1192 ὖνομα,
3258 1127 3550 1195 κρυπτῶν
3578 1130 3680 1183 εὐ-

2076 1215 2288 1285 ρετήν,
2324 1216 2662 1285 Συζεύγνυσι
2713 1218 2771 1271 δὲ
2824 1216 2975 1288 αὒτῷ
3024 1218 3121 1271 καὶ
3180 1221 3416 1286 γυναῖκα
3453 1221 3676 1274 Ἀσενέθ

2088 1308 2455 1379 κεκλῃμένην,
2488 1310 2589 1379 τὴν
2622 1308 2900 1379 θυγατέρα
2926 1308 3021 1362 τοῦ
3063 1310 3123 1363 ὲν
3172 1310 3355 1364 Ἡλίου
3403 1312 3558 1366 πόλει
3599 1313 3677 1366 is-

2088 1401 2230 1474 ρέων
2281 1400 2687 1471 πρωτεύοντος.
2743 1401 2838 1467 ἘΞ
2874 1395 2943 1471 ἧς
2993 1400 3145 1471 αὐτῷ
3200 1401 3442 1470 γίνονται
3484 1404 3678 1468 παῖδες

2086 1494 2194 1563 πρὸ
2234 1493 2331 1546 τοῦ
2380 1491 2565 1564 λιμοῦ,
2610 1487 2687 1547 ὧν
2721 1495 2749 1545 ὁ
2794 1492 3169 1563 πρεσϐύτερος
3210 1488 3280 1564 ἦν
3332 1495 3672 1563 Μανασσῆν

2085 1583 2345 1655 ἐπίληθον
2385 1584 2444 1638 δὲ
2489 1583 2663 1654 δηλοῖ,
2697 1585 2780 1636 ὅτι
2817 1584 2987 1654 λήθην
3018 1582 3219 1656 εὕρατο
3252 1585 3361 1639 τῶν
3391 1586 3677 1657 ἀτυχημά-

403 1683 583 1739 :dliuc
615 1684 949 1763 superstite,
978 1699 1046 1739 ac
1075 1683 1242 1738 alium
1278 1682 1504 1739 fratrem
1527 1694 1660 1738 natu
1696 1684 1982 1739 minimum

2087 1693 2218 1732 των.
2257 1675 2503 1748 Ἐφραίμ
2533 1676 2590 1729 δὲ
2637 1677 2665 1729 6
2698 1675 2965 1747 νεώτερος
2996 1694 3008 1705 ’
3055 1677 3344 1740 ἀποδιδοὺς
3389 1677 3447 1731 δὲ
3493 1677 3673 1743 τοῦτο,

402 1792 523 1832 esse
563 1776 709 1847 apud
745 1784 987 1845 patrem,
1018 1776 1232 1832 dicunt.
1279 1776 1556 1847 Iosephus
1597 1785 1711 1831 tum
1761 1777 1982 1831 demum

2094 1768 2373 1841 σημαίνει,
2408 1769 2494 1822 διὰ
2528 1769 2588 1821 τὸ
2616 1768 2951 1840 ἀποδοθῆναι
2998 1769 3149 1841 αὒτῷ
3194 1770 3295 1842 τὴν
3324 1770 3431 1825 τῶν
3466 1772 3666 1842 προγόο

401 1886 459 1923 se
502 1868 665 1923 fidem
719 1868 827 1924 illis
872 1867 1191 1924 habiturum
1236 1867 1408 1931 dicit,
1451 1868 1498 1924 si
1537 1868 1764 1923 fratrem
1820 1870 1985 1923 mini-

401 1977 550 2015 mum
587 1960 654 2015 ad
678 1976 738 2015 se
765 1960 1145 2016 adduxissent.
1191 1959 1302 2032 30
1350 1960 1452 2015 Dat
1487 1960 1570 2016 eis
1598 1960 1933 2015 frumentum
1965 1978 1982 2014 :

402 2061 742 2124 argentoque
786 2067 947 2108 sacco
977 2053 1249 2124 cujusque
1276 2052 1418 2107 clam
1457 2052 1737 2122 imposito.
1765 2051 1990 2125 Symeo—

402 2162 527 2200 ncm
574 2144 789 2200 reditus
830 2144 1050 2200 illorum
1101 2143 1298 2199 vadem
1348 2143 1574 2199 retinet.
1622 2144 1878 2199 Redeunt
1916 2145 1987 2199 ad

400 2236 666 2291 Iacobum
708 2235 802 2289 filii
823 2276 840 2301 ,
885 2233 1222 2289 frumentum
1251 2233 1552 2289 afferentes
1577 2273 1592 2300 ,
1622 2244 1679 2290 et
1709 2235 1837 2306 quid
1881 2236 1985 2290 sibi

402 2326 693 2381 accidisset
726 2324 1063 2379 nuntiantes.
1114 2322 1210 2379 Ille
1262 2334 1539 2380 retentum
1585 2341 1712 2382 esse
1761 2325 1987 2398 Symeo—

404 2437 529 2476 nem
571 2434 715 2491 aegre
741 2417 880 2484 fert,
914 2417 1287 2491 llenjaminem
1334 2419 1390 2475 iu
1415 2418 1706 2491 [Egyptum
1757 2421 1984 2491 perduci

406 2527 465 2565 se
523 2522 815 2580 passurum
872 2516 1049 2577 negat.
1107 2501 1404 2567 Frumento
1452 2518 1636 2565 autem
1688 2510 1801 2581 jam
1854 2527 1989 2567 cun-

404 2612 644 2672 sumpto.
689 2616 816 2655 eum
862 2599 945 2656 eis
992 2601 1099 2655 alia
1136 2600 1451 2656 conditione
1499 2604 1700 2658 reverti
1733 2603 1786 2658 in
1820 2603 1988 2676 Egy-

404 2702 557 2764 ptum
603 2708 713 2746 non
745 2691 978 2758 liceret,
1020 2691 1126 2745 nisi
1154 2691 1472 2763 Benjamine
1514 2694 1680 2749 etiam
1724 2695 1985 2765 adducto,

316 2778 321 2781 “
404 2785 582 2839 victus
624 2783 953 2838 necessitate
993 2790 1152 2853 pater
1191 2783 1443 2840 concedit
1476 2802 1492 2839 :
1520 2794 1575 2841 et
1615 2786 1817 2857 duplex
1866 2788 1988 2844 fru-

396 2876 578 2931 ‘inenti
627 2872 901 2946 pretium,
945 2888 1011 2930 ac
1042 2874 1285 2947 Josepho
1332 2892 1561 2933 munera
1605 2878 1780 2935 addit.
1820 2881 1892 2937 Ut
1932 2881 1987 2939 in

404 2960 695 3041 Egyptum
768 2982 1006 3035 venere,
1067 2966 1307 3038 Josepho
1381 2984 1612 3024 munera
1685 2971 1983 3049 offerunt;

406 3063 500 3132 qui
550 3058 869 3132 Benjatnine
930 3059 1070 3126 viso,
1117 3061 1475 3116 miseratione
1533 3072 1874 3126 commotus,
1915 3065 1983 3121 ad

2089 1880 2195 1916 νων
2217 1862 2557 1933 ἐλευθερίαν.
2597 1862 2883 1915 Ἐντεῦθεν
2912 1858 3050 1936 ἧκεν
3075 1864 3105 1915 6
3131 1865 3228 1934 τῆς
3251 1863 3459 1928 ἐνδείας
3481 1864 3671 1934 καιρὸς

2085 1956 2147 2008 οὐ
2182 1954 2353 2025 μόνης
2392 1953 2450 2007 δὲ
2500 1956 2599 2024 τῆς
2647 1954 2929 2023 Αἰγύπτου
2980 1955 3395 2028 κατεκράτησεν
3436 1959 3465 2011 6
3494 1956 3673 2028 λιμὸς,

2087 2045 2226 2101 ἀλλὰ
2258 2046 2487 2116 καὶτῆς
2534 2047 2742 2118 χώρας,
2791 2046 2914 2100 καθ’
2963 2047 3028 2119 ῆν
3077 2046 3327 2119 παρῴκει
3382 2050 3411 2101 6
3452 2048 3670 2104 Ἰακώϐ.

2090 2140 2314 2209 Πέμπει
2346 2138 2531 2192 τοίνυν
2565 2140 2694 2203 τοὺς
2724 2140 2874 2202 υἱοὺς
2915 2139 2995 2203 είς
3026 2139 3326 2208 Αἴγυπτον,
3364 2144 3508 2195 σῖτον
3534 2140 3674 2212 ὠνη-

2092 2230 2392 2302 σαμένους,
2433 2229 2598 2301 μόνον
2628 2229 2762 2301 παρ’
2798 2229 2980 2301 ἑαυτῷ
3013 2230 3303 2303 κατασχὼν
3347 2232 3439 2285 τὸν
3474 2232 3665 2287 Βενια-

2092 2325 2206 2394 μὶν,
2229 2323 2307 2387 ὡς
2334 2322 2627 2378 νεώτατον.
2660 2324 2723 2377 Ol
2751 2324 2853 2394 μὲν
2884 2322 2977 2378 οὖν
2999 2324 3305 2394 προσῆλθον
3327 2325 3406 2395 τῷ
3445 2325 3668 2396 Ἰωσήφ.
3691 2329 3697 2334 ’

2098 2413 2161 2467 Ὃ
2195 2412 2253 2465 (Σὲ
2291 2411 2369 2485 μὴ
2408 2413 2676 2482 γνωσθεὶς
2709 2412 2928 2481 ἐπέγνω
2960 2413 3088 2477 τοὺς
3127 2414 3409 2483 ἀδελφοὺς,
3450 2417 3545 2471 καὶ
3574 2432 3673 2469 κα-

2088 2506 2400 2569 ταοκόπους
2423 2506 2611 2573 ἔλεγεν
2634 2506 2794 2575 ἣκειν
2828 2506 3045 2569 αὐτούς.
3077 2509 3139 2560 Οί
3165 2508 3222 2561 δὲ
3251 2506 3375 2561 ὅθεν
3400 2526 3460 2561 τι
3482 2509 3672 2579 ἧκοιεν

2088 2598 2297 2668 ἔλεγον,
2337 2599 2431 2651 καί⁵
2457 2598 2533 2661 ὡς
2559 2598 2677 2661 ἐνὸς
2721 2593 2831 2652 εἷεν
2863 2600 3074 2669 πατρὸς
3104 2599 3185 2653 ἔτι
3216 2600 3440 2665 ζῶντος,
3473 2602 3569 2655 καὶ
3596 2603 3671 2666 ὡς

2088 2690 2277 2763 ἕτερος
2299 2689 2564 2760 νεώτερος
2602 2690 2830 2760 ἀδελφός
2859 2693 2978 2744 ἐστι
3003 2691 3156 2764 παρὰ
3191 2693 3269 2762 τῷ
3304 2694 3491 2763 πατρί.
3526 2696 3671 2767 Πλη-

2089 2784 2357 2856 ροιρορίαν
2383 2783 2427 2836 δ’
2453 2782 2643 2851 ἔλεγεν
2683 2783 2881 2856 Ἰωσὴφ
2916 2784 3102 2840 δοῦναι
3140 2785 3292 2856 αὐτῷ
3313 2786 3591 2856 ἀληθείας,
3621 2791 3672 2843 εἰ

2088 2877 2180 2930 τὸν
2203 2876 2469 2948 νεώτερον
2505 2876 2736 2945 ἀδελφὸν
2768 2877 3058 2949 κομίσουσι
3105 2878 3243 2948 πρὸς
3275 2879 3459 2934 αὐτόν.
3506 2881 3674 2935 Δίδω-

2092 2985 2176 3022 σιν
2212 2965 2309 3023 οὖν
2357 2971 2502 3022 σῖτον
2538 2970 2742 3032 αὐτοῖς,
2772 2970 2866 3023 καὶ
2906 2969 2970 3023 τὸ
3016 2969 3280 3043 ἀργύριον
3325 2971 3404 3042 τῷ
3435 2972 3673 3028 ἑκάστου

2092 3062 2284 3133 σάκκῳ
2322 3061 2609 3133 ἐνθέμενος
2640 3062 2815 3134 λάθρα
2845 3078 2860 3095 ο
2910 3064 3145 3134 κατέσχε
3195 3063 3253 3116 δὲ
3295 3064 3388 3118 τὸν
3419 3064 3671 3136 Συμεὼν,

404 3156 672 3225 Iacrymas
719 3151 1147 3207 dissimulanti-as
1201 3152 1428 3208 secedit.
1481 3153 1689 3210 Deinde
1724 3155 1982 3212 fratribus

2090 3153 2193 3223 τῆς
2248 3153 2512 3206 ἐπανόδου
2563 3152 2823 3223 ἐσόμενον
2873 3154 3103 3223 ὃμήρον.
3161 3152 3494 3225 Ἐπανῇλοον
3535 3156 3672 3226 πρὶς

404 3245 470 3298 ad
501 3258 714 3299 caenam
738 3242 1037 3309 adhibitis,
1069 3234 1253 3314 duplis
1302 3244 1677 3315 Benjaminem
1722 3248 1989 3316 portioni-

404 3338 508 3392 bus
549 3335 813 3408 appositis
850 3335 1126 3390 honorat:
1163 3344 1220 3391 et
1261 3344 1591 3406 quaestorem
1643 3337 1982 3396 frumentum

398 3416 514 3484 illis
537 3427 668 3484 dare
696 3427 892 3500 jubet,
916 3436 972 3483 et
999 3428 1235 3497 pretium
1269 3427 1325 3483 in
1365 3441 1553 3484 saccos
1588 3430 1902 3500 imponere,
1931 3443 1988 3488 et

400 3520 459 3575 in
490 3506 843 3592 VBenjaminis
877 3520 1151 3576 sarcinam
1187 3520 1457 3591 scyphum
1494 3531 1816 3591 argenteum
1850 3539 1985 3579 con-

397 3613 592 3685 jicerc.
634 3595 736 3668 liis
772 3610 935 3669 factis
981 3610 1275 3666 discedunt
1322 3610 1564 3678 fratres,
1618 3625 1844 3683 recepto
1885 3614 1985 3685 εγ-

408 3718 622 3759 meone.
685 3700 793 3760 Eos
840 3704 1108 3760 abeuntes
1166 3701 1515 3758 circumdant
1553 3706 1812 3776 equites,
1849 3708 1987 3779 obji-

402 3805 614 3854 clentes
649 3795 859 3852 furtum
893 3794 1084 3867 scyphi
1129 3811 1146 3851 :
1177 3809 1341 3865 quem
1364 3835 1380 3863 ,
1413 3794 1775 3866 inquisitione
1806 3796 1983 3864 facta,

404 3894 458 3946 in
519 3886 850 3963 Benjaminis
913 3884 1131 3945 sarcina
1221 3887 1528 3958 reperiunt.
1608 3889 1984 3961 Benjaminem

399 3983 619 4054 equites
671 3970 743 4038 ad
787 3980 1089 4052 Josephum
1147 3978 1473 4047 abducunt,
1524 3997 1686 4051 quem
1751 3981 1984 4046 fratres,

400 4074 587 4130 scissis
626 4071 914 4140 Vestibus,
967 4072 1359 4144 plorantesque
1408 4073 1801 4143 sequebantur.
1840 4074 1988 4128 Jose-

401 4167 545 4236 ptius
598 4166 898 4221 insectatus
939 4179 1079 4229 eos,
1119 4171 1182 4219 ut
1230 4162 1515 4234 ingratos,
1554 4164 1753 4220 missos
1815 4164 1986 4231 facit,

400 4259 572 4314 solius
623 4256 963 4328 Benjamipis
1011 4253 1329 4311 retentioue
1372 4263 1672 4310 contentus
1726 4271 1742 4306 :
1802 4255 1986 4310 caeteri

400 4348 618 4404 attoniti
653 4356 858 4403 aStant.
896 4347 1068 4403 Judas
1092 4362 1227 4401 vero
1253 4361 1478 4402 causam
1516 4362 1682 4416 agere
1711 4361 1943 4404 exorsus
1963 4385 1987 4412 ,.

2088 3243 2180 3296 τὸν
2223 3243 2418 3296 Ἰακὼϐ
2461 3243 2512 3296 oi
2566 3244 2695 3306 υἱοὶ,
2742 3244 2835 3296 τὸν
2883 3247 3029 3297 σῖτον
3082 3244 3423 3315 κομίζοντες,
3471 3248 3568 3300 καὶ
3603 3248 3675 3301 τὰ

2091 3335 2378 3404 συμϐάντα
2421 3336 2792 3404 ἀπήγγειλαν,
2837 3336 2932 3389 καὶ
2964 3336 3143 3406 λύπην
3180 3337 3330 3408 αὑτῷ
3362 3340 3393 3403 ἠ
3437 3338 3533 3392 τοῦ
3566 3340 3674 3393 Συ-

2093 3426 2241 3496 μεὼν
2271 3428 2446 3480 ἐποίει
2470 3429 2823 3499 κατάσχεσις,
2857 3428 3038 3482 δοῦναι
3063 3446 3122 3482 τε
3156 3428 3249 3483 τὸν
3272 3431 3532 3501 Βενιαμὶν
3565 3434 3673 3485 ἀπ·

2088 3520 2325 3590 ἀχθῆναι
2373 3520 2453 3583 είς
2498 3521 2778 3590 Αἴγυπτον
2800 3522 2862 3574 οὐ
2907 3522 3256 3577 κατένευσεν.
3292 3524 3431 3595 Ἤδη
3466 3524 3524 3578 δὲ
3572 3524 3669 3579 τοῦ

2091 3615 2239 3666 σίτου
2275 3613 2703 3684 δαπανηθέντος,
2733 3615 2856 3667 ἐπεὶ
2889 3617 2966 3685 μὴ
2993 3615 3168 3680 ἄλλως
3203 3613 3330 3687 ἐξῆν
3368 3619 3555 3681 αὐτοῖς
3589 3622 3671 3684 είς

2088 3706 2366 3772 Αἴγυπτον
2414 3704 2696 3770 ἀπελθεῖν,
2755 3706 2804 3758 εί
2846 3706 3049 3776 μήκαὶ
3091 3707 3183 3761 τὸν
3233 3707 3494 3778 Βενιαμὶν
3541 3698 3673 3763 συν·

2089 3800 2399 3867 επάγοιντο,
2434 3797 2679 3852 ὑπείκων
2711 3796 2928 3871 ἀνάγκῃ
2959 3798 3174 3854 δίδωσιν
3211 3799 3372 3854 αὐτὸν
3401 3802 3430 3856 6
3462 3801 3671 3874 πατὴρ,

2088 3891 2184 3943 καὶ
2217 3890 2316 3961 τὴν
2350 3891 2443 3942 τοῦ
2470 3890 2622 3942 σίτου
2648 3891 2816 3959 τιμὴν
2845 3891 3191 3957 διπλασίονα,
3226 3893 3320 3945 καὶ
3351 3893 3431 3964 τῷ
3467 3894 3671 3963 Ἰωσὴφ

2086 3980 2315 4052 δωρεάς.
2356 3981 2447 4043 Ὠς
2491 3981 2536 4033 δ’
2565 3977 2730 4052 ἦλθον
2764 3983 2844 4045 εἰς
2888 3983 3187 4052 Αἴγυπτον,
3216 3986 3572 4057 προσήγαγον
3601 3986 3672 4041 τὰ

2087 4072 2236 4143 δῶρα
2269 4070 2441 4141 αὐτῷ.
2491 4073 2552 4125 Ὀ
2584 4072 2641 4125 δὲ
2672 4072 2762 4127 τὸν
2799 4072 3057 4144 Βενιαμὶν
3101 4074 3247 4143 ἰδὼν,
3290 4076 3387 4129 καὶ
3436 4077 3674 4149 συνθρο-

2089 4164 2378 4232 πτόμενος,
2405 4165 2492 4218 ίνα
2524 4166 2600 4237 μὴ
2627 4164 2884 4237 δακρύων
2919 4168 3242 4240 καταφανὴς
3268 4170 3498 4239 γένοιτο,
3536 4190 3672 4242 μετ-

2089 4254 2245 4327 έστη.
2273 4252 2411 4310 Εἶτα
2431 4257 2526 4310 ἐπὶ
2547 4258 2763 4314 δεῖπνον
2787 4260 3210 4332 παραλαμϐάνει
3233 4263 3359 4326 τοὺς
3381 4264 3668 4335 ἀδελφοὺς,

2088 4348 2185 4400 καὶ
2214 4347 2525 4403 διπλασίοσι
2564 4351 2785 4420 μοίραις
2811 4352 3084 4420 ἐδεξιοῦτο
3121 4352 3214 4407 τὸν
3257 4355 3540 4426 Βενιαμὶν,
3576 4359 3671 4412 καὶ

401 4454 527 4493 cum
583 4437 757 4492 multa
798 4437 866 4493 ad
926 4437 1463 4493 eommlserationem
1527 4444 1654 4508 apta
1712 4437 1981 4507 dixisset,

2087 4439 2179 4493 τὸν
2206 4438 2300 4495 τοῦ
2326 4441 2482 4512 σίτου
2528 4445 2737 4514 ταμίαν
2779 4444 2966 4499 δοῦναι
3006 4448 3156 4500 σῖτον
3201 4449 3387 4511 αὐτοῖς
3429 4449 3669 4514 κελεύει,

399 4530 658 4587 affectum
714 4530 940 4602 Iosephi
980 4529 1058 4584 ita
1088 4529 1427 4597 commovit,
1459 4538 1522 4584 ut
1563 4545 1665 4587 nec
1689 4530 1823 4584 iram
1851 4529 1978 4585 diu-

398 4610 508 4680 tius
531 4622 790 4679 simulare
830 4634 1058 4694 posset,
1092 4630 1151 4678 et
1184 4636 1243 4677 se
1266 4620 1534 4678 fratribus
1571 4622 1977 4694 agnoscendum

400 4710 701 4785 praberet,
730 4723 787 4770 et
818 4714 1050 4785 gratiam
1096 4713 1179 4769 eis
1208 4712 1439 4768 haberet
1461 4753 1478 4779 ,
1509 4722 1572 4769 ut
1595 4714 1689 4784 qui
1716 4714 1979 4770 consilio-

400 4818 519 4862 rum
559 4807 657 4864 Dei
684 4806 753 4863 de
783 4823 842 4863 se
871 4823 940 4863 ex
978 4813 1135 4877 parte
1173 4804 1408 4861 fuissent
1444 4806 1728 4878 adjutores
1766 4824 1780 4861 :
1828 4806 1978 4861 Abite

400 4914 557 4970 ergo,
620 4898 835 4966 inquit,
865 4907 913 4951 et
963 4904 1074 4952 meo
1114 4896 1409 4969 signiﬁcate
1459 4896 1603 4968 patri
1627 4914 1646 4951 :
1681 4900 1899 4968 ipsoque
1928 4908 1977 4952 et

399 4992 544 5044 omni
561 4984 673 5060 ejus
701 4990 1015 5061 cogna‘tiOne
1050 4998 1324 5060 assumpta
1344 5030 1359 5054 ,
1387 4991 1488 5044 huc
1539 4993 1935 5062 commigratote
1960 5008 1980 5046 :

400 5098 526 5136 nam
556 5083 725 5151 [ames
752 5082 925 5136 adhuc
964 5081 1382 5153 quinquennium
1412 5080 1675 5136 duratura
1704 5091 1800 5137 est.
1855 5083 1984 5139 Haec

2088 4534 2185 4587 καὶ
2237 4533 2338 4603 τὴν
2394 4534 2562 4605 τιμὴν
2618 4533 2856 4589 ἐνθεῖναι
2902 4538 3017 4599 τοῖς
3069 4539 3331 4603 σάκκοις,
3380 4541 3461 4603 εἰς
3502 4541 3563 4595 δὲ
3608 4544 3669 4595 τὸ

2086 4623 2181 4679 τοῦ
2209 4625 2468 4695 Βενιαμὶν
2495 4627 2716 4697 φορτίον
2743 4627 2835 4681 καὶ
2858 4626 3067 4698 σκύφον
3087 4629 3359 4702 ἀργύρεον
3381 4633 3665 4703 ὲμσαλεῖν.

2087 4714 2309 4771 Τούτων
2342 4716 2399 4771 δὲ
2429 4717 2754 4787 γεγονότων,
2783 4719 3032 4791 ἀπῄεσαν
3054 4722 3105 4774 oi
3133 4722 3375 4793 ἀδελφοὶ,
3408 4724 3669 4792 λαϐόντες

2088 4811 2185 4865 καὶ
2207 4811 2299 4864 τὸν
2332 4810 2582 4882 Συμεών.
2616 4811 3018 4880 Περικυκλοῦσι
3061 4813 3119 4867 δὲ
3164 4815 3430 4881 ἀπιόντας
3465 4818 3665 4884 αὐτοὺς

2090 4905 2302 4968 ἱππεῖς,
2332 4902 2772 4971 ἐπεγ-καλοῦντες
2808 4904 2905 4975 τὴν
2933 4906 3026 4958 τοῦ
3060 4906 3271 4977 σκύφου
3311 4910 3542 4981 κλοπὴν,
3572 4915 3669 4968 καὶ

2089 4994 2422 5065 ἐρευνῶντες
2472 4989 2632 5067 εὖρον
2674 4995 2765 5049 τὸν
2815 4996 3021 5066 σκύφον
3062 4998 3217 5069 παρά
3243 4999 3323 5070 τῷ
3349 5001 3534 5075 φόρτῳ
3567 5005 3668 5057 Βε-

2088 5087 2301 5157 νιαμίν.
2330 5085 2398 5140 Οἱ
2428 5086 2528 5157 μὲν
2562 5080 2655 5141 οὖν
2680 5087 2869 5151 ἱππεῖς
2896 5082 3032 5158 ἦγον
3057 5089 3196 5161 πρὸς
3223 5091 3315 5146 τὸν
3352 5091 3552 5165 Ἰωσὴφ
3573 5095 3667 5149 τὸν

1525 5200 1730 5262 Variae
1760 5200 2069 5265 lectiones
2096 5215 2158 5266 et
2190 5211 2380 5266 notae.

472 5304 586 5375 (32)
622 5300 1171 5375 ἰνονθομςράνηχονἶ
1204 5301 1280 5358 lta
1331 5304 1677 5372 reposuimus
1712 5321 1784 5360 ex
1819 5305 1977 5360 Jose-

399 5372 515 5448 pho
551 5372 651 5448 lib.
686 5390 724 5440 ι,
753 5388 875 5448 cap.
908 5372 994 5427 19.
1016 5372 1562 5448 Wolﬁusperperatn
1599 5376 1858 5448 ediderat
1884 5393 1975 5430 το-

400 5443 769 5526 ῧοιμφάνηχον.
803 5445 916 5526 Plit)
945 5444 1107 5526 codri].
1125 5443 1315 5526 ,Βοεῑζ
1332 5454 1389 5499 et
1410 5443 1736 5526 Cplberteus
1765 5446 1974 5526 deﬂag-

402 5513 1138 5587 φάνήχονξρτῳίειυῃι.,8οὰ
1183 5520 1241 5569 ut
1286 5514 1579 5587 Iosephus,
1621 5516 1693 5568 ita
1724 5513 1787 5570 et
1815 5513 1974 5570 Philo

398 5583 620 5649 Iudaeus
673 5583 728 5639 in
772 5583 870 5638 lib.
920 5585 996 5641 De
1025 5593 1217 5640 mutat.
1260 5583 1462 5640 nomin.
1497 5585 1640 5640 hanc
1671 5598 1860 5640 vocem
1893 5590 1973 5641 sic

399 5660 580 5727 effert.
607 5658 766 5727 cujus
795 5654 1250 5727 significationem
1293 5654 1366 5711 ita
1398 5656 1643 5727 declarat
1670 5656 1724 5709 in
1762 5657 1857 5710 lib.
1895 5655 1972 5709 De

396 5724 619 5800 Josep/io
644 5745 660 5782 :
678 5724 1061 5798 ’Μετονομάζει
1084 5727 1139 5779 δὲ
1165 5726 1327 5780 αὑτὸν
1359 5726 1467 5780 ἀπὸ
1497 5725 1594 5795 τῆς
1618 5725 1967 5795 ὀνειροκριτι-

2079 5308 2183 5376 κῆς
2219 5305 2474 5376 ἐγχωρίῳ
2525 5305 2745 5395 γλώττῃ
2780 5308 3256 5391 προσαγορεύσας.
3277 5313 3459 5396 ⁸Ρῃιιιο
3496 5316 3665 5371 aliter

2077 5378 2432 5459 bancuefl‘ert
2476 5386 2667 5459 auctor
2696 5380 2942 5459 chronica
2984 5378 3366 5459 _.llrandnm-,
3396 5401 3508 5454 quo
3540 5388 3664 5443 loco

2078 5446 2532 5520 scribit_Mosem_,
2577 5445 2724 5520 haud
2776 5463 2936 5520 secus
2975 5449 3298 5520 Josephum,
3339 5445 3531 5511 eodem
3564 5475 3663 5512 uo-

2077 5517 2245 5592 ιιιίηειΔ
2271 5517 2443 5592 fuisse
2472 5518 2544 5592 ab
2574 5516 2850 5592 dﬂgyptiis
2875 5516 3230 5589 appellatum,
3275 5516 3421 5592 quod
3470 5528 3659 5584 futura

2078 5588 2398 5662 praedixerit
2436 5605 2450 5642 :
2478 5589 2582 5662 Τὸν
2597 5588 2850 5662 Μωῦσῆν
2884 5588 3034 5662 μετὰ
3066 5592 3128 5644 τὸ
3149 5588 3456 5662 επαγῖαγείν
3486 5600 3657 5653 αὑτὸν

2075 5659 2175 5719 τὰς
2202 5658 2439 5741 ⁸ιτξμςλγάς,
2466 5660 2517 5741 oi
2541 5658 2833 5741 Αἰγύπτιοι
2865 5658 3660 5741 ψομίξομφαχῂξπρδσηγόρευ-

2079 5679 2175 5719 ταις
2202 5679 2439 5726 πληγας,
2466 5679 2517 5711 οι
2541 5679 2833 5727 Αιγυπτιοι
2865 5679 2941 5730 φο
2985 5679 3045 5713 uo
3175 5681 3245 5733 χη
3279 5679 3373 5736 πρι

2079 5744 2198 5793 σαν,
2225 5727 2254 5779 ὃ
2282 5728 2665 5801 ἑρμηνεύεται,
2699 5722 2743 5797 ᾧ
2766 5679 3373 5805 ἀπεκαῖύφςιτςῖιέλλον.
