3964 6252
405 455 472 516 5.3
1681 451 2002 515 JOANNIS
2039 449 2358 510 zemas
3602 448 3672 515 8t

477 571 572 630 Ml
629 571 862 647 Egyptii
891 619 906 638 ,
944 577 1070 646 quia
1119 573 1315 630 ﬂorere
1359 573 1622 628 videbant
1673 571 1978 631 Israelitas,
2015 574 2054 627 Α

409 667 564 722 obliti
589 668 811 738 Josephi
839 712 852 734 ,
884 670 1062 725 varias
1105 669 1160 722 in
1205 682 1301 722 eos
1344 681 1615 720 mrumnas
1651 664 1983 732 excogitant.

409 752 542 812 Nam
586 769 642 813 et
686 759 868 814 Nilum
924 761 977 814 in
1027 760 1290 829 plurimas
1340 758 1514 812 fossas
1565 756 1814 811 derivare
1865 755 1984 825 jus-

409 859 599 902 serunt
630 891 642 910 ,
691 861 745 904 et
778 851 939 904 urbes
973 851 1311 905 circumdare
1346 848 1652 911 mcenihus,
1684 859 1737 901 et
1763 861 1986 916 aggeres

413 941 694 1004 excitare,
745 942 851 1011 32
906 957 1004 1012 per
1033 958 1170 1012 quos
1215 941 1320 994 Nili
1358 940 1759 993 exundationes
1819 953 1984 991 coer-

414 1041 704 1093 cerentur,
757 1042 814 1087 et
887 1032 1195 1101 pyramides
1269 1039 1576 1083 exstruere.
1662 1027 1984 1098 llujusmodi

417 1120 584 1190 igitur
631 1124 795 1179 rebus
849 1123 1107 1177 Hebraeos
1151 1121 1558 1175 excruciabant.
1598 1121 1673 1175 Ac
1718 1120 1879 1188 longo
1909 1120 1983 1174 illi

417 1223 663 1282 tempore
699 1215 831 1270 istas
855 1231 1127 1270 aerumnas
1169 1215 1492 1278 tolerarant,
1518 1228 1640 1267 cum
1669 1214 1890 1282 quidam
1920 1230 1985 1266 ex

415 1305 795 1360 sacerdotibus
833 1305 1099 1359 Pharaoni
1161 1305 1414 1370 nuntiat,
1449 1306 1566 1360 fore
1618 1314 1676 1358 ut
1725 1307 1872 1360 circa
1928 1307 1982 1360 id

418 1405 636 1465 tempus
677 1397 900 1466 quidam
954 1397 1216 1452 lsraelitis
1249 1408 1588 1459 nasceretur,
1619 1398 1710 1461 qui
1760 1399 1804 1452 si
1853 1397 1985 1452 ado-

414 1487 673 1554 levisset,
707 1499 763 1545 et
805 1491 1091 1563 Egyptios
1142 1492 1542 1562 depressurus,
1591 1502 1647 1547 et
1699 1494 1988 1564 populares

411 1594 542 1634 suos
583 1591 878 1638 evecturus
900 1592 1064 1639 esset.
1100 1585 1217 1652 Qua
1270 1601 1326 1641 re
1377 1586 1708 1655 perterritus
1753 1587 1982 1648 Pharao,

409 1687 602 1726 mnnes
648 1675 921 1731 masculos
956 1677 1047 1745 qui
1082 1675 1326 1731 Hebraeis
1371 1689 1752 1737 nascerentur,
1788 1677 1840 1730 in
1881 1677 1982 1730 [luo

411 1780 536 1817 men
581 1767 857 1834 projectos
903 1769 1086 1823 necari
1115 1769 1290 1838 jubet.
1327 1769 1481 1835 Quod
1531 1770 1845 1838 quicunque
1889 1784 1984 1838 pa-

2159 568 2257 621 IB'.
2294 569 2582 636 Αἰγύπτιοι
2634 569 2687 622 δὲ
2734 568 3090 638 ἀκμάζοντας
3139 567 3268 631 τοὺς
3326 567 3672 637 Ἰσραηλίτας

2087 661 2344 730 ὁρῶντες,
2379 661 2474 713 καὶ
2503 662 2598 715 τοῦ
2639 660 2840 730 Ἰωσήφ
2893 661 3338 729 ἐπιλελησμένοι,
3385 660 3667 714 ταλαιπω-

2093 752 2213 824 ρίας
2267 752 2520 816 ποικίλας
2562 753 2682 806 κατ’
2741 752 2918 807 αὐτῶν
2966 753 3244 804 ὲπένοουν.
3299 752 3403 804 Τόν
3445 769 3502 803 τε
3559 753 3672 820 γάρ

2091 846 2336 912 ποταμὸν
2365 847 2444 906 εἰς
2486 844 2763 913 διώρυχας
2807 845 3066 905 πλείστας
3111 847 3444 911 κατατεμεῖν
3487 845 3672 908 αὐτοῖς

2091 936 2385 1000 ἐπέταξαν,
2440 939 2534 990 καὶ
2577 937 2929 1007 οίκοδομῆσαι
2972 936 3127 1005 τείχη
3169 939 3286 998 ταῖς
3331 935 3542 1000 πόλεσι,
3579 938 3671 989 κα)⁵

2088 1027 2322 1099 χώματα
2357 1031 2660 1098 ἀνεγεῖραι,
2695 1029 2782 1081 ἵνα
2817 1029 2886 1081 δι’
2920 1029 3103 1080 αὐτῶν
3134 1029 3162 1080 ὁ
3201 1029 3446 1096 ποταμὸς
3480 1029 3672 1096 λιμνά-

2089 1122 2202 1186 ζειν
2232 1122 2560 1191 ἀνείργοιτο,
2595 1123 2689 1174 καὶ
2722 1121 2946 1191 ἀνιστᾷν
2967 1120 3301 1190 πυραμίδας,
3331 1119 3424 1172 καὶ
3457 1120 3672 1182 τούτοις

2087 1215 2216 1275 τοὺς
2257 1212 2540 1282 Ἐϐραίους
2583 1213 2891 1283 ὲξέτρυχον.
2948 1213 3153 1282 Χρόνον
3203 1212 3302 1281 μὲν
3340 1211 3432 1263 οὖν
3478 1211 3673 1282 συχνὸν

2090 1307 2176 1358 ἐπ’
2209 1307 2400 1368 αὐταῖς
2445 1306 2699 1375 διήνυσαν
2729 1309 2847 1368 ταῖς
2879 1305 3212 1360 κακώσεσιν.
3252 1302 3384 1358 Εἶτα
3421 1307 3530 1359 τῶν
3573 1306 3674 1358 Ἱε-

2093 1399 2529 1469 ρογραμματέων
2574 1416 2660 1462 τις
2710 1399 2963 1466 ἀγγέλλει
3015 1399 3093 1468 τῷ
3137 1399 3359 1467 Φαραὼ,
3405 1399 3671 1468 τεχθήσε-

2090 1492 2216 1544 σθαι
2238 1492 2359 1544 τινὰ
2395 1491 2519 1544 κατ’
2551 1493 2759 1543 ἐκεῖνον
2791 1494 2882 1544 τὸν
2907 1491 3098 1556 καιρὸν
3127 1493 3240 1553 τοῖς
3284 1491 3672 1560 Ἰσραηλίταις,

2087 1579 2146 1640 ὃς
2178 1579 2407 1647 τραφεὶς
2434 1580 2764 1633 ταπεινώσει
2805 1580 2902 1649 μὲν
2945 1581 3073 1643 τοὺς
3114 1580 3470 1646 Αἰγυπτίους,
3506 1581 3676 1651 αὐξή-

2092 1686 2174 1721 σει
2204 1669 2263 1722 δὲ
2291 1669 2417 1731 τοὺς
2448 1671 2755 1738 ὁμογενεῖς.
2796 1669 2991 1730 Δείσας
3028 1665 3121 1722 οὖν
3146 1669 3174 1721 ὁ
3201 1669 3426 1740 Φαραὼ,
3459 1671 3674 1724 κελεύει

2090 1763 2200 1814 πᾶν
2228 1763 2396 1832 ἄρσεν
2421 1761 2732 1830 γενώμενον
2759 1765 2871 1826 τοῖς
2901 1762 3198 1831 Ἑϐραίοις,
3231 1762 3564 1832 ῥιπτοῦντας
3596 1765 3676 1824 είς

411 1863 628 1908 rentum
667 1857 1004 1927 negligerent
1029 1899 1043 1922 ,
1067 1873 1191 1912 cum
1223 1859 1372 1912 omni
1408 1858 1612 1911 familia
1651 1859 1930 1927 perituros
1964 1873 1977 1910 :

2100 1855 2184 1908 τὸν
2205 1854 2474 1923 ποταμὸν,
2507 1854 2850 1923 διαφθείρειν
2879 1868 2894 1884 ·
2931 1855 3058 1914 τοὺς
3098 1853 3155 1906 δὲ
3189 1853 3263 1923 μὴ
3287 1852 3430 1906 οὕτω
3457 1854 3669 1906 ποιοῦν-

408 1953 464 1996 ct
530 1958 718 2014 partus
789 1948 1140 2004 liebrararum
1208 1951 1504 2006 mulierum
1576 1950 1646 2004 ab
1716 1948 1986 2019 {Egyptiis

409 2034 803 2094 obstetricibus
844 2041 1132 2096 observari
1181 2042 1360 2113 jubet.
1417 2043 1494 2097 Ac
1532 2042 1609 2095 illi
1656 2042 1879 2110 quidem
1933 2040 1990 2092 in

405 2125 497 2182 his
525 2140 702 2185 erant.
749 2129 981 2196 Quidam
1025 2142 1209 2186 autem
1262 2132 1347 2186 vir
1394 2132 1598 2186 nobilis
1634 2131 1707 2185 ob
1744 2130 1989 2184 edictum

408 2217 554 2271 istud
602 2219 908 2288 angebatur
945 2221 1092 2284 (nam
1135 2237 1274 2275 uxor
1305 2222 1426 2290 ejus
1477 2221 1686 2275 ferebat
1739 2219 1984 2283 uterum)

408 2323 473 2362 ac
500 2319 754 2378 precatus
779 2311 966 2376 Deum,
996 2313 1050 2366 in
1073 2314 1282 2367 somnis
1305 2321 1581 2375 monetur,
1602 2328 1671 2368 ne
1698 2314 1950 2383 desperet
1976 2330 1990 2368 :

407 2399 548 2455 Nam
582 2409 632 2453 et
658 2417 788 2470 puer
816 2403 1018 2472 (inquit
1059 2404 1225 2469 Deus)
1253 2421 1405 2474 quem
1434 2406 1680 2459 dixerunt
1711 2403 1949 2476 Egyptii
1971 2449 1985 2473 ,

409 2501 531 2550 tuus
576 2496 718 2558 erit,
768 2503 818 2548 et
871 2499 1099 2552 manebit
1151 2499 1430 2552 incolumis
1460 2541 1475 2564 ,
1523 2507 1574 2552 et
1625 2499 1992 2570 ignorantibus

408 2584 806 2641 insidiatoribus
856 2590 1172 2644 educabitur
1219 2606 1239 2644 :
1283 2599 1332 2644 et
1379 2590 1721 2660 popularibus
1766 2592 1875 2644 suis
1928 2606 1993 2644 ea:

409 2677 727 2748 Egyptiaea
772 2683 1020 2737 servitute
1057 2685 1276 2753 ereptis,
1321 2691 1521 2738 (eterna
1557 2685 1814 2738 memoria
1849 2683 1988 2737 cele-

410 2765 672 2823 brabitur.
724 2769 923 2825 Frater
952 2776 1075 2827 item
1109 2774 1225 2844 ejus
1251 2789 1370 2828 cum
1405 2777 1514 2829 suis
1561 2777 1782 2844 posteris
1818 2791 1994 2829 sacer-

411 2859 507 2914 dos
550 2879 698 2917 meus
735 2879 941 2936 semper
965 2867 1086 2920 erit.
1147 2866 1294 2922 Uxor
1325 2867 1464 2921 clam
1495 2867 1824 2922 custodibus
1859 2881 1994 2936 pue-

413 2968 536 3007 rum
576 2971 780 3011 marem
807 2958 859 3012 ei
884 2960 1066 3028 parit,
1110 2975 1274 3030 quem
1315 2969 1426 3016 tres
1465 2975 1683 3015 menses
1731 2969 1994 3029 parentes

412 3047 586 3103 alunt.
634 3048 741 3104 Sed
797 3060 947 3107 metu
999 3052 1222 3108 tandem
1272 3054 1529 3117 subacti,
1587 3054 1823 3110 salutem
1871 3053 1992 3123 ejus

414 3135 526 3193 Deo
575 3141 968 3200 committunt:
1001 3159 1066 3199 ac
1097 3145 1150 3198 in
1185 3145 1447 3199 ﬁscellam
1491 3146 1761 3201 bitumine
1799 3145 1990 3200 illitam

2094 1965 2192 2010 τας
2221 1946 2328 2000 τῶν
2359 1946 2568 1999 παίδων
2604 1948 2808 2008 τοκείς,
2855 1945 3104 2013 παγγενῆ
3149 1946 3492 2014 ἀναιρεῖσθαι
3529 1963 3544 1978 ⁰
3581 1947 3676 1999 καὶ

2092 2039 2219 2101 τοὺς
2247 2038 2502 2101 τοκετοὺς
2525 2037 2582 2090 δὲ
2609 2037 2716 2091 τῶν
2749 2037 3023 2107 Ἐϐραίων
3051 2038 3347 2105 γυναικῶν,
3377 2037 3476 2100 τὰς
3507 2039 3677 2105 Αἰγυ-

2093 2131 2257 2193 πτίας
2311 2130 2475 2200 μαίας
2523 2129 2991 2200 παραφυλάττειν.
3041 2131 3152 2184 Καὶ
3189 2130 3239 2182 ot
3283 2130 3383 2198 μὲν
3418 2126 3560 2201 ἦσαν
3618 2135 3678 2183 ὲν

2092 2220 2322 2283 τούτοις.
2371 2221 2536 2292 Ἀνὴρ
2573 2221 2630 2273 δέ
2661 2238 2744 2284 τις
2774 2221 2883 2273 τῶν
2919 2221 2978 2274 εὖ
3010 2223 3316 2290 γεγονότων
3341 2220 3480 2289 πρὸς
3499 2218 3677 2274 ταῦτα

2092 2314 2324 2366 διέκειτο
2353 2312 2628 2384 χαλεπῶς.
2674 2316 2998 2385 Ἐκυοφόρει
3041 2316 3150 2383 γάρ
3197 2317 3230 2383 ἠ
3279 2316 3472 2369 τούτου
3514 2315 3675 2386 γυνη,

2095 2408 2188 2461 καὶ
2210 2405 2388 2458 ἐδέετο
2410 2407 2503 2459 τοῦ
2530 2407 2687 2460 Θεοῦ.
2719 2407 2809 2476 Μὴ
2833 2407 3237 2472 ἀπογινώσκειν
3257 2409 3312 2461 δὲ
3331 2408 3453 2461 καθ’
3475 2407 3677 2469 ὕπνους

2097 2499 2436 2569 προσέταξεν
2465 2497 2615 2567 αὐτῷ
2646 2500 2673 2550 ὁ
2702 2497 2924 2559 Θεός.Ὄ
2961 2513 3023 2551 τε
3061 2499 3172 2566 γὰρ
3207 2499 3370 2564 παῖς,
3404 2499 3478 2552 ὃν
3503 2495 3679 2552 εἷπον

2095 2591 2420 2659 Αἰγύπτιοι,
2471 2591 2603 2653 σὸς,
2653 2588 2885 2656 ἔλεγεν,
2934 2587 3130 2651 ἔσται,
3166 2590 3263 2644 καί
3313 2589 3677 2656 σωθήσεται,

2094 2685 2190 2738 καί
2251 2683 2640 2753 τραφήσεται,
2705 2681 2911 2736 λαθὼν
2957 2681 3101 2748 τοὺς
3142 2682 3677 2748 ἐπιϐουλεύοντας.

2094 2779 2191 2831 καὶ
2244 2777 2421 2830 λύσει
2474 2775 2590 2844 μὲν
2637 2773 2745 2841 τῆς
2809 2773 2944 2842 παρ’
2989 2775 3336 2840 Αἰγυπτίοις
3397 2775 3681 2840 δουλείας

2094 2869 2237 2933 τοὺς
2275 2867 2643 2936 ὁμοφύλους,
2695 2865 2939 2934 μνήμης
2971 2863 3038 2917 δὲ
3086 2865 3329 2919 αἰωνίου
3381 2865 3678 2930 τεύξεται.

2107 2959 2172 3012 '0
2228 2957 2298 3010 δὲ
2342 2955 2607 3024 ἀδελφὸς
2647 2955 2836 3009 αὐτοῦ
2875 2954 3179 3022 ἱεράσεται
3232 2973 3334 3024 μοι
3384 2956 3509 3009 σὺν
3556 2956 3684 3023 τοῖς

2095 3051 2372 3118 ἐκγόνοις
2397 3047 2746 3112 διαπαντός.
2804 3047 2991 3099 Τεκτει
3047 3047 3225 3100 τοίνυν
3279 3047 3429 3118 αὑτῷ
3477 3049 3679 3118 ήγυνη

2101 3141 2314 3194 παιδίον
2347 3140 2537 3211 ἄρρεν,
2564 3136 2806 3192 λαθοῦσα
2839 3139 2968 3200 τοὺς
2997 3137 3266 3207 φύλακας,
3298 3143 3394 3192 καὶ
3420 3141 3682 3209 τρέφεται

414 3227 730 3296 impositum
775 3230 1081 3297 infantem,
1111 3234 1166 3286 in
1217 3234 1441 3287 fluvium
1490 3233 1786 3289 demittunt
1835 3233 1989 3288 :Ma—

2101 3231 2251 3302 παρὰ
2291 3231 2398 3284 τῶν
2445 3230 2712 3283 τεκόντων
2759 3229 2821 3282 τὸ
2875 3229 3075 3300 βρέφος
3126 3231 3220 3282 ἐπὶ
3271 3230 3448 3300 μῆνας
3507 3232 3681 3299 τρεῖς.

413 3318 646 3374 riamme
683 3323 838 3389 pueri
861 3337 1052 3377 sorore
1085 3324 1416 3378 observante
1440 3364 1454 3386 ,
1487 3323 1618 3394 quid
1659 3324 1726 3379 de
1756 3339 1824 3380 eo
1849 3323 1998 3378 futu-

413 3421 536 3460 rum
562 3418 728 3463 esset.
782 3411 995 3467 Interea
1042 3412 1399 3468 Thermuthis
1437 3413 1545 3468 tilia
1600 3411 1902 3469 Pharaonis
1930 3414 1998 3468 ad

412 3499 590 3568 ripam
660 3501 932 3569 lusitans,
1003 3504 1260 3560 ﬁscellam
1341 3505 1537 3570 videt,
1612 3507 1729 3560 tolli
1797 3507 1994 3578 jubet,

413 3603 757 3660 puerumque
807 3592 985 3647 visum
1030 3594 1103 3662 ob
1158 3597 1624 3666 pulchritudinem
1672 3607 1728 3653 et
1777 3603 1993 3670 magni-

415 3681 663 3736 tudinem
718 3683 918 3753 diligit.
967 3685 1334 3742 Adducuntur
1378 3687 1644 3759 Egyptiae
1690 3690 1991 3754 mulieres,

414 3771 701 3829 laetatura:
748 3791 978 3845 puerum
1027 3794 1040 3830 :
1087 3787 1144 3832 at
1185 3778 1274 3832 ille
1339 3795 1630 3834 mammam
1683 3780 1994 3852 Egyptiam

411 3876 716 3921 aversatur.
770 3867 907 3922 Tum
943 3869 1255 3925 Mariamme
1281 3913 1295 3936 ,
1325 3873 1480 3941 quasi
1531 3873 1761 3928 fortuito
1815 3874 1996 3929 inter-

411 3957 654 4012 venisset
686 3973 701 4010 :
742 3958 965 4029 Regina,
989 3961 1190 4030 inquit,
1217 3965 1261 4016 si
1291 3963 1513 4017 IIebra'a
1548 3965 1739 4019 mulier
1769 3977 1999 4031 vocetur,

414 4046 652 4110 fortassis
711 4051 953 4104 admittet
1028 4069 1315 4106 mammam
1377 4055 1575 4122 infans.
1641 4056 1735 4109 illa
1797 4059 1979 4111 vocari

410 4139 567 4208 jubet
599 4158 612 4194 :
648 4141 942 4198 adducitur
968 4144 1122 4212 pueri
1160 4155 1356 4209 mater,
1387 4146 1477 4200 cui
1508 4147 1866 4202 Thermuthis
1892 4147 1998 4201 ali-

413 4235 653 4288 moniam
707 4238 826 4307 ejus
882 4239 1136 4294 mercede
1182 4241 1365 4303 locat,
1410 4243 1632 4296 nomine
1683 4257 1750 4296 ex
1795 4251 2002 4297 eventu

416 4325 612 4380 indito.
652 4328 787 4381 Nam
823 4344 1022 4399 aquam
1044 4348 1152 4386 nios
1179 4342 1380 4387 vocant
1402 4333 1676 4405 Egyptii;
1698 4337 1848 4407 hyses
1869 4375 1883 4398 ,
1908 4352 2005 4392 eos

416 4419 513 4487 qui
539 4434 607 4472 ex
645 4431 787 4489 aqua
823 4421 1158 4490 eripiuntur.
1197 4427 1478 4481 Ambobus
1514 4429 1684 4498 igitur
1704 4429 1792 4484 his
1818 4431 2004 4484 verbis

415 4513 734 4581 compositis
758 4555 772 4580 ,
810 4516 878 4570 ad
918 4514 1141 4572 infantis
1180 4533 1376 4574 nomen
1415 4521 1504 4574 illa
1545 4537 1642 4575 usa
1679 4531 1785 4576 est.
1824 4521 2002 4578 Moses

417 4604 486 4656 ab
521 4606 834 4662 Abrahamo
871 4610 1143 4676 septimus
1176 4620 1516 4666 numeratur.
1551 4613 1685 4667 Nam
1725 4615 1998 4668 Amarami
2036 4583 2075 4634 θ

420 4697 565 4753 ﬁlius
607 4697 746 4762 luit.
786 4701 1028 4758 Caathus
1052 4703 1324 4758 Amarami
1362 4714 1536 4774 pater,
1561 4707 1652 4762 ille
1689 4707 1846 4763 Levis
1870 4708 2006 4772 ,Le-

418 4793 500 4846 vis
521 4793 732 4856 Jacobi,
750 4793 986 4848 Jaoobus
1009 4795 1174 4850 lsaaci
1198 4797 1361 4858 ﬁlius,
1391 4809 1545 4866 patre
1568 4799 1684 4853 nati
1710 4801 2005 4856 Abraamo.

421 4889 623 4942 Mosem
690 4894 801 4940 tres
853 4903 1027 4942 annos
1070 4896 1256 4942 natum
1299 4900 1356 4943 et
1395 4900 1624 4946 staturae
1663 4896 1966 4963 proceritas
1995 4939 2008 4962 ,

420 4979 524 5049 33
555 4989 611 5033 et
638 4979 825 5032 for-mm
853 4979 1142 5048 elegantia,
1172 4979 1440 5036 beneficio
1480 4983 1718 5051 quodam
1762 4987 2007 5041 numinis

421 5072 792 5126 decorabant:
841 5071 1118 5141 ingenium
1151 5087 1316 5142 porro
1358 5089 1521 5143 supra
1556 5086 1776 5144 captum
1827 5084 2004 5138 aetatis

424 5166 478 5232 in
535 5181 602 5219 eo
651 5164 919 5218 elucebat.
973 5162 1325 5219 Thermuthis
1369 5167 1554 5237 itaque
1602 5169 1735 5223 orba
1786 5171 1998 5240 liberis,

420 5273 548 5309 enim
574 5257 820 5324 adoptat,
843 5255 908 5309 ad
941 5264 1148 5324 patrem
1181 5257 1360 5311 aifert.
1417 5259 1464 5313 Is
1491 5276 1718 5329 puerum
1754 5267 1999 5336 comple—

424 5347 613 5410 ctitur,
637 5355 694 5402 et
720 5347 969 5401 diadema
1006 5363 1102 5418 per
1140 5347 1429 5404 blanditias
1472 5351 1522 5405 ei
1553 5353 1784 5422 imponit
1810 5373 1824 5409 :
1855 5360 1999 5425 quod

427 5453 583 5505 puer,
611 5448 671 5492 ut
701 5439 810 5493 {ert
841 5438 986 5494 illius
1018 5441 1196 5495 aatatis
1225 5441 1568 5511 simplicitas,
1602 5446 1753 5500 humi
1787 5448 1997 5518 abjicit,

2100 3323 2412 3386 Δεδοικότες
2463 3322 2539 3388 δὲ,
2599 3323 2691 3373 ἐπὶ
2739 3319 2826 3390 τῷ,
2853 3320 2972 3390 Θεῷ
3022 3323 3123 3390 τὴν
3180 3321 3348 3374 αὑτοῦ
3404 3323 3684 3391 σωτηρίαν

2103 3413 2451 3484 πεποίῆνται,
2475 3414 2572 3465 καὶ
2596 3413 2816 3482 πλέγμα
2840 3429 2890 3464 τι
2924 3413 3396 3482 μηχανησάμενοι,
3420 3413 3686 3482 ἀσφάλτῳ

2101 3525 2161 3559 τε
2192 3506 2637 3577 περιχρίσαντες,
2679 3505 2952 3557 ἐντιθέασι
2996 3505 3057 3557 τὸ
3103 3503 3326 3574 βρέφος,
3362 3505 3458 3556 καὶ
3488 3505 3685 3572 ἀφιᾶσι

2105 3601 2246 3671 μετὰ
2277 3599 2371 3652 106
2409 3597 2652 3668 ποταμοῦ
2707 3599 2841 3666 (55).
2905 3598 2968 3650 Ἠ
2995 3597 3052 3650 δὲ
3101 3597 3196 3650 τοῦ
3231 3597 3443 3650 παιδίου
3477 3596 3687 3664 ἀδελφὴ

2102 3693 2438 3762 Μαριάμμη,
2467 3691 2772 3760 παρετήρει
2797 3688 2857 3740 τὸ
2887 3689 3277 3758 γενησόμενον.
3309 3689 3591 3752 Παίζουσα
3624 3691 3684 3744 δὲ

2105 3784 2253 3854 παρὰ
2274 3785 2391 3846 ταῖς
2422 3783 2612 3851 ὄχθαις
2643 3780 2734 3834 τοῦ
2763 3781 3011 3850 ποταμοῦ
3033 3781 3406 3851 Θέρμουθιῃή
3437 3780 3688 3852 θυγάτηρ

2102 3875 2323 3945 Φαραὼ,
2377 3877 2481 3945 ὁρᾷ
2531 3875 2591 3927 τὸ
2637 3874 2882 3942 πλέγμα,
2942 3873 3038 3927 καὶ
3093 3873 3351 3924 στείλασα
3395 3872 3690 3942 κομίζεται

2102 3969 2282 4022 τοῦτο.
2325 3967 2533 4019 ’ἰδοῦσα
2575 3966 2628 4017 δὲ
2688 3966 2748 4018 τὸ
2809 3965 3047 4029 παιδίον,
3101 3965 3390 4034 ἠγάπησεν
3423 3965 3557 4017 αὐτὸ
3591 3967 3694 4019 καὶ

2104 4061 2193 4112 διὰ
2241 4058 2456 4119 κάλλος,
2494 4057 2588 4108 καὶ
2621 4057 2707 4109 διὰ
2755 4057 3006 4125 μέγεθος.
3056 4058 3165 4107 Καὶ
3201 4057 3546 4125 παράγονται
3583 4074 3692 4126 γυ-

2105 4155 2290 4214 ναῖκες
2318 4149 2614 4214 Αἰγύπτιαι
2651 4150 2986 4217 θηλάσουσαι
3007 4150 3164 4202 αὑτό.
3197 4151 3269 4201 Τὸ
3298 4149 3356 4203 δὲ
3389 4150 3562 4221 θήλην
3589 4153 3696 4205 αὑ-

2104 4245 2214 4297 τῶν
2229 4245 2290 4298 οὐ
2318 4244 2591 4315 προσίετο.
2627 4243 2690 4294 'll
2706 4243 2762 4294 δὲ
2791 4243 3106 4311 Μαριάμμη
3132 4241 3208 4302 ὡς
3235 4243 3374 4310 τάχα
3401 4258 3698 4313 παρατυγ-

2105 4338 2360 4406 χάνουσα,
2421 4335 2787 4395 Βιισίλισσα,
2844 4334 2990 4392 εἶπε.
3055 4334 3110 4385 ει
3151 4334 3378 4400 Ἐϐραῒς
3432 4337 3694 4404 κληθείη

2104 4431 2282 4502 γυνὴ,
2313 4431 2459 4493 ἴσως
2489 4429 2862 4497 προσήσεται
2894 4427 3093 4493 θὴλην
3131 4428 3198 4481 τὸ
3225 4428 3458 4496 βρέφος
3487 4433 3700 4498 ὁμοτε.

2105 4525 2272 4587 νοῦς.
2337 4523 2401 4577 'H
2436 4521 2512 4582 δὲ,
2555 4521 2854 4581 Κάλεσον,
2901 4519 3028 4586 ἔφη·
3095 4518 3188 4571 καὶ
3238 4520 3535 4589 παρήγαγε
3587 4524 3697 4595 τὴν

2115 4615 2348 4687 μητέρα.
2386 4613 2494 4665 Καὶ
2526 4614 2556 4681 ἡ
2593 4609 2900 4681 Θέρμουθις
2935 4611 3033 4678 τὴν
3076 4609 3174 4661 τοῦ
3235 4609 3423 4673 παιδὸς
3478 4613 3698 4684 τροφὴν

2116 4708 2386 4779 ἔμμισθον
2419 4705 2555 4773 αὐτῇ
2583 4702 2894 4770 ἀνατίθησι,
2926 4703 3022 4754 καὶ
3055 4703 3118 4754 ὲκ
3146 4700 3243 4754 τοῦ
3276 4701 3698 4772 συμσεόηκότος

2112 4799 2367 4868 ὀνομάζει
2423 4795 2574 4849 αὑτό.
2611 4794 2685 4847 Τὸ
2719 4793 2829 4862 γὰρ
2876 4793 3021 4864 ὕδωρ
3051 4794 3179 4863 μῶς
3229 4793 3488 4847 καλοῦσιν
3521 4797 3700 4863 Αίγύ-

2113 4911 2281 4956 πτιοι,
2312 4891 2474 4957 ὑσῆς
2501 4889 2557 4942 δὲ
2587 4890 2713 4948 τοὺς
2753 4887 2812 4951 ἐξ
2842 4886 3037 4950 ὓδατος
3074 4889 3439 4958 σωζομένους.
3481 4891 3547 4941 Ἀ
3560 4908 3695 4961 μφω

2112 4983 2243 5052 γοῦν
2298 4981 2550 5032 συνθεῖσα
2601 4978 2670 5030 τά
2701 4979 2924 5047 ῥήματα
2969 4980 3050 5039 εἰς
3104 4978 3298 5047 κλῆσιν
3358 4980 3545 5042 αὐτοῖς
3602 4981 3698 5035 τοῦ

2113 5077 2347 5146 βρέφους
2399 5072 2691 5142 ἐχρήσατο.
2755 5065 2862 5121 Ἦν
2927 5070 2972 5122 δ’
3031 5067 3092 5132 ἐξ
3160 5071 3412 5139 Ἀϐραὰμ
3461 5072 3700 5143 ἕϐδομος

2108 5171 2374 5237 Μωῦσῆς.
2422 5165 2681 5235 ’Δμαράμ
2717 5163 2814 5232 μὲν
2837 5164 2946 5231 γὰρ
2972 5163 3134 5224 αὐτὸς
3156 5157 3224 5232 ἦν
3253 5165 3404 5225 παῖς,
3446 5165 3609 5217 Καὰο
3639 5165 3696 5217 δι

2109 5263 2186 5331 τῷ
2217 5259 2478 5330 Ἀμαρὰμ
2501 5257 2528 5307 ὁ
2549 5255 2750 5324 πατήρ.
2773 5255 2831 5305 '0
2864 5255 2920 5306 δὲ
2947 5252 3039 5305 τοῦ
3070 5252 3222 5318 Λευῒ,
3248 5255 3344 5306 καὶ
3371 5253 3463 5306 τοῦ
3497 5255 3700 5309 Ἰακὼὸ

2111 5358 2138 5406 ό
2184 5352 2336 5406 Λευῒ.
2399 5346 2594 5402 ’ἰακὼό
2653 5347 2710 5399 δὲ
2757 5345 2951 5414 ἐτέχθη
3007 5344 3086 5414 τῷ
3135 5345 3341 5408 Ἰσαὰκ,
3401 5347 3597 5400 Ἰσαὰκ
3652 5349 3698 5399 δ’

2109 5448 2272 5516 ἐξέφυ
2329 5442 2426 5496 τοῦ
2499 5441 2774 5512 Ἁϐραάμ.
2831 5440 3050 5508 Τριετεί
3122 5441 3181 5493 δὲ
3253 5439 3332 5508 τῷ
3383 5441 3541 5493 παιδὶ
3602 5458 3698 5509 γε-

1597 5557 1799 5617 Vat-im
1835 5559 2144 5621 lectiones
2177 5567 2240 5620 et
2280 5565 2468 5619 notas.

429 5751 442 5802 ι
501 5680 609 5759 (36)
653 5678 810 5736 Μετὰ
841 5675 943 5733 τοῦ
980 5681 1270 5747 ποταμοῦ.
1319 5682 1462 5753 Lege
1513 5686 1674 5737 κατά.
1727 5684 1894 5744 Error
1922 5688 1992 5740 li-

445 5766 620 5802 παι-ιι.

445 5766 620 5803 ΜὫΙΊΙ.

497 5823 997 5886 (ΞΜΒσσίλισσα.
1053 5829 1130 5881 Ita
1184 5826 1553 5884 Thermutim,
1606 5828 1748 5893 regis
1804 5825 1994 5886 tiliam,

431 5895 661 5963 rcginam
715 5906 872 5952 vocat
907 5897 1196 5966 Josephus,
1229 5897 1324 5952 lib.
1356 5913 1414 5964 tt,
1460 5910 1579 5965 cap.
1623 5893 1676 5957 5,
1716 5897 1857 5950 unde
1899 5913 1996 5950 sua

2103 5688 2287 5744 hausit
2314 5687 2576 5741 Zonaras.
2621 5685 2825 5740 Smibit
2855 5682 3056 5736 Suidas
3087 5697 3152 5736 ex
3190 5678 3514 5741 Aristotele,
3542 5678 3693 5747 apud

2107 5758 2335 5826 Cyprios
2403 5774 2586 5826 regum
2650 5757 2788 5810 lilio;
2853 5755 3240 5826 avum-152m
3289 5748 3447 5826 tilias
3485 5753 3694 5826 nivis-

2111 5817 2209 5887 σάξ
2245 5817 2563 5898 αρρθιίιιῖτιε.
2603 5828 2732 5881 Vide
2757 5827 2930 5882 Gloss.
2961 5823 3105 5875 med.
3135 5821 3258 5874 Lat.
3286 5823 3339 5874 in
3365 5817 3596 5888 Regina.
