3964 6252
317 379 386 443 εδ
1581 372 1917 433 ANNALIL'

2039 373 2186 433 LIB.
2231 374 2279 435 Ι.
3513 373 3584 436 86

317 496 514 566 τονότι,
553 493 677 550 ’καὶ
736 495 798 552 τὸ
859 495 961 566 τῆς
1016 494 1235 568 ἡλικίας
1293 492 1614 566 ἀνάστημα,
1681 494 1779 550 καὶ
1830 494 1891 548 τὸ

2018 495 2230 550 »ειιίὺυε
2271 493 2553 552 insistens.
2585 494 2704 562 Quo
2756 494 2804 552 is
2852 494 3133 561 sacerdos,
3178 495 3272 567 qni
3314 511 3381 553 ex
3423 507 3585 570 gente

314 594 411 662 τῆς
462 591 678 660 μορφῆς
724 589 942 643 ἀστεῖον
985 590 1051 642 ἐκ
1104 586 1384 660 θειοτέρας
1429 588 1706 660 ἐπέτρεπε
1737 586 1896 658 χάρι-

313 703 424 747 τος.
461 683 599 738 ’11δέ
624 685 839 747 σύνεσις
862 684 999 738 πολὺ
1022 682 1293 754 κρείττων
1317 683 1418 753 τῆς
1437 681 1653 754 ἡλικίας
1676 680 1894 751 ἐφύετο.

325 777 388 828 'll
418 774 726 844 Θέρμουθις
752 772 846 827 οῦν
881 771 1113 842 γνησίας
1148 769 1459 842 ἀμοιροῦσα
1495 769 1681 838 γονῆς,
1716 769 1896 823 υίοτε-

317 867 491 918 θείται
527 864 712 928 αὐτὸν,
748 865 841 916 καὶ
883 860 1106 933 κομίζει
1147 861 1286 932 πρὸς
1334 860 1428 914 τὸν
1471 859 1710 931 πατέρα.
1754 860 1813 914 Ὁ
1843 860 1899 914 δέ

312 959 404 1010 τὸν
438 959 604 1010 παῖδα
642 955 1202 1027 προστερνισάμενος,
1244 954 1554 1022 ἐπιτίθησιν
1580 952 1731 1024 αὐτῷ
1756 953 1899 1008 κατὰ

315 1055 709 1125 φιλοφρόνησιν
740 1054 799 1107 τὸ
822 1053 1082 1123 διάδημα.
1111 1053 1218 1106 Καὶ⁹
1242 1052 1269 1104 δ
1294 1052 1422 1114 παῖς
1448 1049 1602 1116 αὐτὸ,
1635 1048 1778 1104 κατὰ
1801 1066 1900 1119 νη-

312 1150 552 1219 πιότητα
580 1147 763 1218 δῆθεν,
804 1148 991 1218 ῥιπτεῖ
1017 1145 1162 1199 κατὰ
1193 1145 1323 1216 γῆς,
1361 1144 1456 1198 καλ¹
1492 1143 1754 1197 ἐπέϐαινε
1787 1144 1900 1207 τοῖς

313 1243 496 1298 ποσίν.
526 1244 702 1313 Ὅπερ
735 1243 763 1296 ό
810 1241 1315 1312 Ἱερογραμματεὺς
1349 1238 1714 1309 θεασάμενος,
1749 1237 1806 1302 ὃς
1837 1239 1902 1290 ἐκ

309 1337 425 1390 τῶν
468 1335 737 1405 Ἐϐραίων
783 1333 1040 1404 γενέσθαι
1095 1333 1242 1397 τινὰ,
1285 1333 1379 1386 τὸν
1437 1331 1535 1405 τὴν
1583 1331 1900 1399 Αἰγυπτίων

312 1428 494 1499 ἀρχὴν
528 1427 942 1481 ταπεινὼσοντα
960 1427 1249 1498 προεῖπεν,
1278 1426 1614 1496 ἀνακραγών
1639 1442 1654 1455 θ
1687 1421 1898 1490 Οὗτος,

312 1519 493 1583 εἶπεν,
525 1519 760 1586 ἐκεῖνος
781 1521 812 1572 ό
852 1519 1015 1584 παῖς,
1035 1519 1107 1573 ὃν
1129 1519 1369 1574 ἀνελὼν
1395 1519 1520 1586 τοῖς
1551 1520 1902 1590 Αἰγυπτίοις

314 1614 380 1668 τὸ
403 1613 543 1679 δέος
564 1613 826 1680 aspicis.
867 1611 1047 1682 Ἕφθη
1079 1612 1125 1664 δ’
1150 1611 1312 1666 αὐτὸν
1345 1614 1376 1682 ή
1404 1611 1713 1682 Θέρμουθις
1736 1611 1902 1680 ἐξαρ-

314 1707 566 1772 πάσασα,
596 1705 694 1758 καὶ
724 1705 819 1758 τὸν
868 1702 1070 1772 Φαραὼ
1100 1705 1158 1758 δέ
1206 1704 1415 1774 νωθρὸν
1456 1703 1593 1774 πρὸς
1623 1704 1715 1756 τὸν
1741 1706 1902 1772 φόνον

311 1800 568 1870 διέθηκεν
595 1801 621 1852 ό
649 1799 799 1861 Θεός.
836 1796 1134 1868 Παρελθὼν
1165 1797 1223 1851 δέ
1249 1798 1330 1860 είς
1353 1797 1577 1867 ἡλικίαν
1605 1799 1632 1850 ὁ
1657 1797 1900 1866 Μωῦσῆς

314 1894 380 1944 ἐκ
412 1891 676 1962 τοιαύτης
703 1891 873 1958 λαϐῆς
901 1887 1012 1954 οἷος
1045 1889 1149 1960 τὴν
1178 1890 1380 1960 ἀρετὴν
1401 1885 1492 1959 ἦν,
1529 1889 1765 1960 φανερὸς
1792 1891 1905 1950 τοῖς
1939 1872 1980 1930 Β

317 1983 643 2050 Αἰγυπτίοις
692 1983 929 2050 ἐγένετο.
974 1981 1268 2053 Πρόσοικοι
1322 1982 1478 2044 ὄντες
1525 1982 1589 2050 τῇ
1645 1979 1908 2050 Αἰγύπτῳ

317 2077 599 2142 Αἰθίοπες,
631 2079 872 2130 ἐσίνοντο
899 2077 997 2144 τὴν
1017 2075 1208 2146 χώραν
1231 2075 1434 2128 αὐτῶν.
1463 2075 1528 2128 Ol
1550 2075 1594 2124 δ’
1614 2074 1908 2140 Αἰγύπτιοι

320 2170 720 2241 στρατεύουσιν
758 2171 847 2222 ἐπ’
879 2170 1103 2234 αὐτοὺς,
1142 2169 1236 2222 καὶ
1278 2167 1616 2239 ἡττήθησαν.
1649 2165 1908 2230 Αἰθίοπες

318 2266 371 2319 δέ
412 2266 937 2336 καταφρονήσαντες
961 2263 1167 2329 αὐτῶν,
1197 2263 1296 2335 τὴν
1323 2265 1543 2317 ἃπασαν
1573 2262 1909 2332 κατέτρεχον

322 2358 620 2426 Αἴγυπτον.
660 2357 817 2410 Κατὰ
849 2356 906 2409 δὲ
935 2356 1082 2410 θεῖον
1112 2355 1387 2426 χρησμὸν,
1424 2356 1572 2409 αἰτεῖ
1597 2353 1696 2426 τὴν
1731 2355 1906 2423 θυγα-

324 2453 454 2522 τέρα
480 2452 575 2505 τδν
605 2450 851 2521 Μωῦσὴν
891 2449 1098 2520 Φαραὼ
1126 2451 1228 2521 ήδη
1263 2448 1634 2519 ἀνδρωθέντα,
1666 2448 1787 2500 κατ’
1815 2448 1912 2501 Αί-

327 2545 532 2599 θιόπων
567 2543 878 2614 στρατηγὸν
939 2542 1091 2614 αύτῴ
1135 2541 1531 2612 γενησόμενον.
1577 2541 1642 2594 Ἥ
1676 2541 1733 2594 δὲ
1755 2541 1912 2594 δίδω-

329 2654 428 2700 σιν,
463 2634 764 2706 δρκὼτασα
806 2637 897 2688 τὸν
943 2635 1182 2704 πατέρα,
1219 2634 1389 2705 μηδὲν
1447 2634 1716 2688 διαθεῖναι
1748 2634 1914 2688 αὐτὸν

330 2730 520 2784 κακόν.
556 2729 801 2796 Μωῦσῆς
855 2727 912 2780 δὲ
942 2727 1036 2780 τὸν
1090 2726 1330 2798 πόλεμον
1364 2728 1697 2791 πιστευθεὶς,
1729 2729 1789 2780 ού
1825 2727 1917 2782 διὰ

332 2825 602 2895 συνήθους
635 2823 758 2876 ὁδοῦ
786 2823 910 2889 ἄγει
966 2821 1060 2873 ἐπὶ
1103 2823 1232 2884 τοὺς
1281 2819 1582 2892 πολεμίους
1614 2821 1714 2890 τὴν
1745 2838 1917 2889 στρα-

329 2921 470 2982 τιὰν,
496 2917 634 2971 ἀλλὰ
667 2915 736 2970 δι’
759 2915 1060 2986 ἀστιΰήτου
1092 2915 1158 2967 ἐκ
1182 2913 1426 2984 πλήθους
1470 2912 1720 2983 ἑρπετῶν
1773 2911 1916 2966 1066-

331 3012 433 3066 λων
454 3028 469 3042 ·
507 3009 640 3064 ἔνθα
676 3008 772 3062 καὶ
799 3008 899 3080 τὴν
941 3005 1160 3061 σύνεσιν
1192 3005 1358 3060 αὐτοῦ
1392 3005 1731 3072 ἐπεδείξατο.
1775 3003 1918 3058 Πλέ-

333 3121 518 3173 γματα
552 3101 664 3173 γὰρ
727 3101 984 3172 ποιήσας,
1025 3097 1331 3155 καὶταῦτα
1393 3097 1694 3168 πληρώσας
1755 3095 1918 3151 ῐὸεων

1999 586 2356 642 Hebraeorum
2383 588 2657 643 oriturum
2690 603 2812 644 esse
2847 587 3085 652 dixerat,
3117 588 3212 658 qui
3257 587 3471 660 Egypti
3500 603 3587 643 re-

1998 696 2168 750 gnum
2215 681 2581 751 depressurus
2627 691 2796 744 esset,
2849 691 3170 752 conspecto,
3219 683 3536 737 exclamans
3570 719 3584 733 .

2002 771 2125 835 Hic,
2170 771 2370 842 inquit,
2404 772 2496 826 ille
2539 789 2668 842 puer
2688 781 2803 827 est:
2836 773 2933 826 hoc
2967 773 3266 842 interfecto,
3311 771 3592 843 IEgyptios

2001 877 2143 920 metu
2185 864 2485 921 libera.Sed
2509 865 2869 921 Thermutbis
2905 881 3079 935 puero
3108 873 3301 935 erepto
3330 874 3589 920 antever-

2003 960 2086 1023 tit,
2107 969 2162 1014 et
2185 959 2524 1014 Pharaonem
2558 959 2701 1014 Deus
2726 959 3034 1028 segniorem
3070 958 3137 1012 ad
3167 957 3372 1012 eadem
3408 959 3592 1013 reddi-

2001 1054 2178 1108 derat.
2212 1053 2393 1110 ;Etate
2439 1068 2760 1124 progressus
2800 1054 2997 1118 Moses,
3026 1069 3134 1121 qua
3177 1053 3379 1107 virtute
3420 1064 3586 1117 esset,

2003 1151 2094 1204 tali
2128 1149 2414 1205 occasione
2452 1147 2724 1220 Egyptiis
2751 1149 3011 1203 innotuit.
3045 1147 3338 1216 Ethiopes
3357 1144 3590 1216 Egypto

2004 1243 2224 1297 ﬁnititni
2255 1243 2534 1312 regionem
2567 1240 2921 1312 populantur.
2953 1239 3196 1312 IEgyptii
3229 1238 3373 1294 bello
3395 1251 3588 1293 contra

2001 1352 2100 1393 eos
2135 1344 2304 1400 moto,
2349 1343 2406 1389 ct
2451 1334 2841 1400 succumbunt,
2874 1342 2931 1388 et
2953 1331 3293 1402 contemptui
3326 1341 3456 1387 sunt
3495 1330 3593 1384 ho-

2003 1430 2200 1495 stibus,
2253 1430 2328 1484 ita
2388 1436 2448 1483 ut
2503 1427 2816 1481 universam
2878 1425 3169 1498 Aﬁgyptum
3225 1425 3590 1479 incursarent.

2002 1525 2217 1580 Pharao
2265 1538 2330 1576 ex
2387 1521 2614 1576 oraculo
2655 1519 2860 1575 Mosem
2912 1520 3025 1589 jam
3058 1518 3238 1572 virum
3290 1515 3516 1577 factum,
3565 1527 3592 1566 a

2007 1616 2117 1670 ﬁlia
2158 1616 2357 1670 ducem
2408 1615 2563 1684 petit.
2605 1613 2871 1669 Concedit
2909 1612 3045 1677 illa;
3097 1610 3192 1666 sed
3233 1605 3598 1682 jurejurando

2008 1721 2219 1780 patrem
2271 1708 2460 1779 adigit,
2512 1723 2582 1762 ne
2637 1705 2771 1777 quid
2831 1706 2907 1761 illi
2963 1712 3180 1760 noceat.
3232 1702 3409 1757 Moses
3464 1700 3597 1754 belli

2009 1819 2221 1859 summa
2255 1803 2361 1858 sibi
2396 1801 2635 1865 credita,
2667 1817 2777 1855 non
2806 1800 2967 1856 solita
3008 1799 3096 1854 via
3119 1797 3422 1853 exercitum
3447 1793 3602 1849 ducit

2011 1906 2203 1950 contra
2249 1898 2454 1959 hostes,
2507 1895 2602 1948 sed
2650 1909 2750 1964 per
2782 1893 2903 1948 loca
2947 1892 3019 1947 ob
3050 1899 3443 1946 venenatarum
3501 1887 3598 1941 beo

2010 1989 2244 2044 stiarum
2303 1987 2716 2042 multitudinem
2771 1985 2940 2050 invia,
2999 1985 3186 2054 ibique
3248 1978 3598 2052 prudentiam

2011 2098 2167 2138 suam
2217 2080 2581 2136 demonstrat.
2640 2079 2776 2133 Nam
2833 2078 3052 2133 ﬁscellis
3106 2075 3286 2131 ibides
3342 2073 3600 2144 (quarum

2013 2177 2250 2237 multas,
2297 2189 2501 2244 easque
2529 2173 2745 2228 cicures
2797 2170 3067 2242 ,‘Egyptus
3128 2168 3259 2237 alit)
3315 2165 3598 2246 inclusas,

2012 2279 2202 2325 contra
2231 2266 2522 2336 )Ethiopes
2548 2264 2747 2335 portati
2774 2264 2926 2332 (sunt
2951 2270 3136 2316 autem
3169 2259 3346 2313 ibides
3372 2272 3602 2328 serpen-

2015 2363 2166 2418 tibus
2213 2357 2444 2428 infestae)
2485 2357 2691 2428 quibus
2729 2352 3250 2426 propugnatricibus
3278 2359 3467 2408 contra
3510 2364 3608 2403 ve-

2015 2464 2246 2510 nenatas
2293 2451 2500 2506 bestias
2551 2464 2703 2514 usus,
2738 2456 2795 2502 et
2848 2447 3139 2516 zEtltiOpes
3185 2459 3288 2499 nec
3315 2445 3608 2514 opinantes

2016 2561 2327 2618 aggressus,
2376 2543 2570 2606 vineit,
2621 2557 2687 2596 ac
2735 2540 2905 2595 urbes
2939 2554 3130 2595 eorum
3162 2538 3358 2608 capit:
3393 2537 3487 2605 qui
3547 2536 3603 2588 in

2019 2640 2214 2696 urbem
2260 2635 2556 2706 Ethiopia:
2606 2633 2814 2700 regiam
2851 2633 3054 2695 Saban,
3081 2634 3230 2699 (post
3261 2645 3292 2684 a
3335 2627 3608 2698 Cambysc

2018 2751 2085 2791 ex
2115 2732 2339 2788 nomine
2367 2728 2574 2785 sororis
2603 2727 2788 2782 Meroe
2814 2725 2962 2780 dicta
2992 2724 3099 2791 est)
3129 2719 3420 2791 compulsi,
3460 2719 3610 2774 obsi-

2020 2829 2244 2891 dentur,
2295 2832 2352 2880 et
2390 2823 2436 2878 si
2473 2821 2608 2878 urbs
2660 2821 2751 2875 illa
2809 2819 3112 2874 haberetur
3145 2812 3606 2884 inexpugnabilis.

2020 2922 2224 2977 Verum
2274 2916 2494 2972 Tharbe
2555 2911 2824 2985 principis
2888 2909 3211 2978 Ethiopum
3267 2904 3398 2967 ﬁlia,
3451 2911 3608 2971 capta

2021 3029 2207 3071 amore
2230 3011 2416 3074 Mosis,
2440 3005 2813 3062 internuntios
2829 3003 2894 3058 ad
2907 3019 3032 3058 eum
3059 2999 3227 3055 mittit
3243 2997 3311 3054 de
3329 2995 3606 3068 coniugio.

2023 3107 2121 3162 ille
2176 3101 2404 3167 annuit,
2451 3099 2497 3155 si
2527 3098 2720 3153 urbem
2749 3095 2854 3151 sibi
2900 3092 3162 3149 traderet.
3206 3089 3292 3145 Fit
3327 3087 3432 3143 hoc
3462 3085 3612 3141 dicto

335 3197 563 3268 (πολλὰς
591 3195 649 3248 δὲ
681 3194 890 3257 ταύτας
939 3193 1134 3263 τρέφει
1169 3191 1266 3245 καὶ
1316 3190 1632 3261 χειροήθεις
1662 3191 1693 3260 ἡ
1744 3192 1917 3258 Δίγυ-

2025 3197 2210 3254 citius.
2248 3193 2428 3249 Moses
2475 3189 2698 3261 nuptias
2744 3187 3011 3247 Celebrat,
3063 3180 3348 3254 Egyptios
3399 3178 3614 3234 reducit

341 3291 517 3359 πτος),
559 3287 706 3343 κατὰ
734 3289 834 3356 τὴν
866 3287 986 3341 ὁδὸν
1021 3287 1244 3354 ἐκείνην
1273 3282 1557 3354 ἐκόμιζεν.
1582 3284 1647 3337 Δί
1679 3282 1734 3336 δὲ
1778 3283 1922 3346 ἴϐεις

339 3388 445 3448 τοῖς
480 3383 713 3446 ίοὸόλοις
757 3381 971 3442 τούτοις
1014 3380 1289 3448 πολέμιοι.
1329 3378 1446 3446 ,Καὶ
1493 3379 1725 3441 ταύταις
1786 3395 1921 3448 προ-

339 3495 471 3547 ηγου
483 3477 678 3546 μέναις
705 3474 806 3545 τῆς
832 3473 1095 3543 στρατιᾶς
1130 3470 1438 3541 προμάχοις
1467 3469 1612 3524 κατὰ
1634 3471 1744 3524 τῶν
1777 3470 1921 3523 ίοὸόο

339 3571 440 3622 λων
496 3569 798 3639 ἐχρήσατο,
849 3567 944 3620 καὶ
986 3565 1158 3635 μηδὲν
1210 3562 1544 3633 προγνοῦσιν
1596 3563 1777 3616 ἔπεισι
1807 3565 1923 3627 τοῖς

341 3663 570 3732 Αἰθίοψι.
628 3662 740 3714 Καὶ
775 3659 1000 3719 τούτους
1023 3660 1168 3728 νικᾷ,
1198 3659 1292 3711 καὶ
1328 3657 1515 3719 πόλεις
1543 3656 1721 3710 αὐτῶν
1753 3656 1919 3726 αἱρεῖ.

344 3755 402 3804 Ol
428 3754 486 3806 δὲ
527 3749 918 3811 συνελαθέντες
952 3751 1031 3807 εἰς
1070 3747 1251 3800 Σαϐὰν
1277 3747 1415 3817 (55),
1450 3746 1604 3799 πόλιν
1651 3747 1925 3816 βασίλειον

343 3838 503 3896 οὖσαν
552 3838 864 3901 Αἰθιοπίας,
906 3837 972 3907 ἢν
1023 3837 1253 3905 ὕστερον
1312 3835 1623 3906 Καμϐύσης
1698 3837 1924 3906 Μερόην

343 3933 597 4003 ὠνόμασε
620 3930 714 3984 διὰ
739 3929 841 3998 τὴν
870 3926 1164 3998 ὁμώνυμον
1186 3925 1449 4003 ἀδελφὴν,
1474 3924 1922 3997 ἐπολιορκοῦντο.

344 3999 534 4082 Ἦν-δὲ
567 4027 600 4097 ή
635 4024 792 4087 πόλις
823 4020 1312 4092 δυσπολιόρκητος.
1340 3999 1572 4091 ⁹Θὸιρόης
1597 4019 1654 4073 δέ
1700 4019 1795 4072 τοῦ
1831 4021 1928 4072 Αί-

347 4121 546 4174 θιόπων
575 4116 912 4188 κρατοῦντος
937 4114 1186 4184 θυγάτηρ
1215 4112 1292 4176 είς
1322 4113 1504 4183 ἔρωτα
1534 4111 1732 4166 ὤλισθε
1764 4113 1928 4166 Μωῦ-

349 4217 504 4278 σέως,
535 4213 635 4266 καὶ
661 4206 1202 4276 διαπέμπεταιπρδς
1237 4206 1407 4259 αὑτὸν
1448 4208 1579 4276 περὶ
1621 4205 1826 4276 γάμου.
1866 4205 1924 4257 Ὀ

347 4309 402 4363 δὲ
433 4307 749 4370 κατένευεν,
789 4301 839 4354 εί
867 4300 1140 4371 παραδοίη
1165 4298 1265 4370 τὴν
1313 4298 1467 4352 πόλιν
1508 4297 1679 4368 αὐτῷ.
1724 4297 1923 4351 Φθάνει

2023 3291 2271 3348 domum.
2303 3289 2373 3341 At
2411 3282 2491 3340 illi
2533 3292 2590 3338 et
2617 3280 2853 3336 oderant
2896 3279 3050 3333 illum
3077 3316 3092 3342 ,
3127 3287 3443 3346 quanquam
3477 3286 3612 3326 con-

2023 3384 2261 3446 servati,
2292 3389 2350 3436 et
2377 3379 2718 3434 Pharaonem
2749 3381 2942 3429 contra
2961 3386 3087 3426 eum
3120 3367 3473 3439 instigabant.
3509 3362 3612 3429 Qui

2025 3483 2082 3530 et
2117 3469 2498 3530 sacerdotibus
2527 3467 2938 3532 obtemperans,
2977 3468 3034 3516 et
3053 3463 3202 3514 caede
3229 3454 3490 3527 Ailgyptii,
3519 3453 3614 3522 qui

2023 3565 2315 3621 llebrazum
2344 3560 2665 3632 ﬁagellarat,
2687 3556 2938 3612 irritatus
2965 3555 3050 3625 (ut
3079 3554 3133 3608 in
3165 3553 3307 3606 libro
3335 3549 3616 3606 Geneseos

2023 3661 2360 3722 continetur,
2387 3671 2509 3712 esse
2538 3653 2814 3722 Iosephus
2841 3652 2946 3706 hoc
3002 3647 3288 3720 praeteriit)
3314 3645 3435 3700 vita:
3454 3641 3619 3697 Mosls

2029 3753 2346 3809 insidiatur.
2381 3749 2609 3814 Tamen.
2637 3746 2748 3810 ille,
2775 3743 3030 3813 quamvis
3055 3742 3156 3794 vite
3181 3737 3616 3796 custodirentur,

2028 3848 2168 3903 clam
2202 3861 2302 3915 per
2336 3842 2616 3896 desertum
2656 3837 2866 3907 aufugit
2895 3837 2948 3888 in
2979 3833 3089 3903 34
3121 3831 3311 3886 urbem
3362 3827 3618 3890 Matliam,

2029 3954 2096 3992 ae
2123 3931 2431 3991 sacerdotis
2457 3931 2622 4001 hujus
2645 3926 2747 3982 loci
2771 3925 3010 3995 hospitio
3035 3925 3208 3979 utitur
3236 3940 3249 3976 :
3279 3921 3373 3991 qui
3395 3919 3619 3974 nomine

2031 4027 2239 4097 duplici
2283 4023 2566 4096 praeditus,
2611 4029 2668 4076 et
2714 4019 2920 4091 Raguel
2969 4029 3024 4074 et
3069 4017 3262 4074 Jothor
3295 4012 3619 4070 vocabatur.

2031 4122 2084 4176 is
2117 4120 2282 4174 ﬁliam
2328 4131 2483 4172 suam
2527 4115 2830 4184 Sephoram
2868 4111 3003 4167 Mosi
3039 4125 3265 4166 uxorem
3291 4106 3618 4177 despondet,

2033 4223 2090 4271 et
2120 4227 2308 4269 curam
2339 4225 2563 4282 gregum
2597 4207 2840 4262 mandat.

347 4403 406 4455 τὺ
465 4402 633 4472 ἔργον
680 4397 808 4461 τοὺς
856 4395 1074 4463 λόγους,
1134 4392 1229 4446 καὶ
1262 4392 1504 4461 Μωῦσῆς
1563 4391 1739 4444 ἐτέλει
1800 4389 1929 4450 τοὺς
1969 4387 2206 4459 γάμους,
2240 4387 2336 4440 καὶ
2389 4385 2518 4449 τοὺς
2546 4383 2884 4454 Αἰγυπτίους
2942 4385 3236 4455 ἀπήγαγεν
3260 4384 3342 4447 είς
3379 4381 3625 4453 τὴνὲαυ-

348 4493 474 4549 τῶν.
512 4493 628 4547 Οἰδ⁹
662 4491 889 4563 ἐμίσουν
920 4487 1083 4544 αὑτὸν
1117 4486 1212 4539 καὶ
1238 4483 1563 4554 σωζόμενοι,
1596 4485 1692 4538 καὶ
1731 4481 1988 4554 ἠρέθιζον
2054 4478 2148 4535 τὸν
2218 4477 2421 4552 Φαραὼ
2451 4477 2572 4532 κατ’
2637 4476 2830 4535 αὐτοῦ.
2868 4477 2926 4532 '0
2951 4477 3009 4532 δέ
3041 4479 3138 4531 καὶ
3186 4479 3302 4540 τοῖς
3323 4479 3626 4550 ἱερογραμ-

354 4589 586 4661 ματεῦτι
611 4586 963 4657 πειθόμενος,
1000 4587 1098 4641 καλ⁸
1143 4586 1233 4640 διὰ
1275 4585 1369 4638 τὸν
1393 4583 1560 4654 φόνον
1608 4581 1702 4636 τοῦ
1757 4579 2092 4647 Αἰγυπτίου,
2161 4577 2257 4632 τοῦ
2331 4575 2425 4631 τὸν
2475 4575 2735 4648 Ἐὃραῖον
2767 4574 3150 4647 μαστίξοντος,
3217 4576 3294 4640 ὡς
3318 4577 3388 4645 τῇ
3455 4575 3626 4646 βίϐλῳ

353 4689 739 4759 περιείληπται
778 4685 876 4752 τῆς
923 4683 1294 4754 Γενέσεως(εί
1332 4682 1425 4736 καὶ
1488 4681 1648 4735 τοῦτο
1719 4677 2075 4748 παρέδραμεν
2110 4679 2140 4729 ὁ
2221 4673 2508 4746 Ἰώσηπος)
2543 4671 2771 4728 ἐπέθετο
2821 4675 2888 4744 τῇ
2959 4672 3240 4744 ἀναιρέσει
3300 4671 3396 4724 τοῦ
3456 4672 3628 4726 Mutil-

353 4785 510 4846 σέως.
572 4781 633 4833 '0
682 4778 740 4831 δὲ
797 4777 894 4832 κοιλ⁸
944 4778 1054 4830 τῶν
1081 4776 1216 4830 ὁδῶν
1273 4774 1704 4844 φυλαττομένων
1757 4770 1940 4825 λαθὼν
2014 4767 2269 4834 ὑπέξεισι
2308 4765 2401 4822 διὰ
2460 4767 2561 4836 τῆς
2611 4767 2849 4838 ἐρήμου,
2914 4767 3012 4818 καὶ
3079 4766 3160 4828 είς
3217 4763 3377 4818 πόλιν
3438 4765 3626 4818 ἄπεισι

351 4877 600 4942 Μαδιάμ,
623 4874 720 4927 καὶ
753 4872 1022 4937 ξενίζεται
1049 4869 1205 4939 παρὰ
1236 4869 1315 4939 τῷ
1349 4870 1447 4937 τῆς
1482 4867 1690 4929 πόλεως
1711 4867 1869 4935 ἱερεῖ,
1893 4864 1973 4928 ὃς,
1999 4863 2270 4932 διώνυμος
2296 4861 2394 4926 ὢν,
2435 4859 2712 4930 Ῥαγουὴλ
2735 4859 2986 4915 ἐκαλεῖτο
3006 4861 3103 4915 καὶ
3137 4858 3331 4930 ἰοθόρ.
3369 4861 3427 4913 '0
3447 4859 3504 4913 δὲ
3526 4859 3627 4928 τὴν

355 4967 632 5038 θυγατέρα
663 4962 828 5018 αὑτοῦ
855 4961 1162 5030 Σεπφώραν
1186 4959 1263 5030 τῷ
1293 4959 1504 5030 Melissi];
1537 4957 1673 5030 πρὸς
1704 4956 1880 5026 γάμον
1905 4953 2210 5018 ἐκδίδωσιν,
2234 4953 2331 5006 καὶ
2366 4951 2601 5024 ποιμένα
2637 4953 2874 5006 ποιεῖται
2906 4951 3016 5005 τῶν
3043 4951 3241 5006 ἐαυτοῦ
3267 4950 3626 5021 θρεμμάτων.

421 5082 523 5137 ll".
553 5082 755 5148 Νέμων
778 5079 823 5132 δ’
855 5079 950 5132 ἐπὶ
973 5078 1033 5130 τὺ
1063 5077 1282 5132 Σίναιον
1321 5077 1446 5148 ὅρος
1478 5079 1506 5130 ὁ
1536 5078 1800 5146 Μωῦσῆς,
1835 5075 1917 5129 τοί

2111 5071 2256 5126 XIII.
2282 5070 2420 5127 Cum
2460 5079 2642 5125 autem
2677 5069 2744 5124 ad
2779 5069 3039 5142 Synaeum
3070 5076 3316 5122 montem
3349 5072 3620 5136 pasceret,

359 5177 485 5246 περὶ
508 5175 608 5244 τὴν
637 5173 800 5244 βάτον
834 5171 1082 5236 ἀξιοῦται
1115 5172 1416 5241 ὁράματος,
1453 5170 1520 5241 ἢν
1559 5169 1758 5238 ἔφλεγε
1799 5169 1912 5240 πῦρ

2046 5164 2226 5218 cernit
2272 5162 2599 5217 miraculum
2650 5161 2785 5216 illud
2845 5161 2970 5216 rubi
3005 5181 3018 5216 :
3050 5161 3144 5230 qui
3197 5173 3320 5213 cum
3373 5157 3628 5214 arderet.

359 5268 418 5321 οὗ
493 5268 684 5338 μέντοι
753 5265 1070 5319 κατέκαιεν.
1131 5259 1268 5316 Εῐτα
1330 5263 1429 5316 καὶ
1485 5262 1675 5332 φωνῆς
1727 5261 1940 5315 ἐκεῖθεν

362 5357 569 5423 ἀκούει.
608 5360 642 5427 ἢ
677 5355 752 5424 μὴ
789 5353 1110 5425 προϐαίνειν
1151 5353 1468 5418 ἐπέταττεν,
1506 5350 1603 5405 ἅτε
1645 5351 1792 5406 θείου
1845 5352 1938 5404 τοῦ

363 5451 528 5504 τόπου
558 5448 950 5519 τυγχάνοντος,
1009 5448 1102 5500 καὶ
1159 5447 1230 5499 τὰ
1279 5445 1518 5514 ἐσόμενα
1560 5446 1933 5516 προηγόρευε,

365 5544 457 5595 καλ⁸
486 5543 710 5595 ἀπιέναι
739 5539 892 5610 αὑτῷ
922 5541 1000 5603 είς
1035 5540 1314 5613 Αἴγυπτον
1345 5537 1588 5599 ἐκέλευε,
1630 5537 1763 5600 τοὺς
1802 5535 1940 5606 ὀμο-

369 5637 542 5719 γεντ’ίς
579 5635 678 5704 τῆς
721 5635 838 5687 ἐκεῖ
876 5631 1176 5695 κακώσεως
1224 5630 1614 5696 ἁπαλλάξοντι,
1675 5629 1770 5682 καὶ
1813 5627 1943 5693 ἐξάο

2049 5273 2158 5312 non
2192 5256 2562 5312 cremabatur.
2611 5255 2817 5310 Deinde
2847 5269 3037 5310 vocem
3071 5252 3234 5306 etiam
3285 5251 3411 5304 inde
3455 5250 3627 5313 audit,

2051 5366 2171 5421 quae
2193 5348 2448 5420 progredi
2485 5357 2731 5414 vetaret,
2761 5347 2906 5417 quod
2940 5347 3094 5400 locus
3114 5343 3204 5398 ille
3221 5343 3442 5396 divinus
3464 5356 3628 5402 esset,

2051 5455 2108 5500 et
2130 5445 2315 5500 futura
2348 5444 2691 5515 przediceret,
2719 5450 2775 5496 et
2805 5439 2958 5493 abire
2987 5437 3040 5489 in
3072 5434 3365 5507 Egyptum
3393 5435 3635 5506 jubet-et,

2055 5548 2114 5594 ut
2148 5539 2440 5609 populares
2475 5552 2604 5592 suos
2635 5551 2703 5590 ex
2739 5534 2844 5587 illis
2876 5531 3138 5586 aerumnis
3175 5531 3420 5600 eriperet
3456 5548 3466 5581 :
3498 5543 3637 5596 quos

2052 5645 2179 5684 cum
2211 5630 2491 5686 eduxisset
2519 5645 2584 5683 ex
2606 5625 2856 5697 lEgypto,
2883 5638 3038 5679 saera
3069 5624 3122 5678 in
3147 5623 3267 5678 loco
3291 5621 3382 5681 illa
3406 5621 3634 5678 facet-ct.

1604 5743 1803 5805 Varias
1830 5740 2145 5805 lectiones
2179 5749 2239 5805 et
2264 5749 2454 5804 notae.

439 5859 548 5931 (35)
581 5855 812 5913 Βασάν.
842 5853 1046 5910 Σαϐαν.
1077 5851 1152 5909 Ita
1183 5852 1372 5910 codice
1410 5851 1581 5922 Regio
1625 5858 1679 5908 et
1706 5849 2048 5907 Colbertino.
