3964 6252
326 239 397 300 s7
1593 252 1918 315 JOANNIS
1960 253 2323 345 zoxans
3518 263 3589 327 88

323 360 449 415 H:cc
474 361 607 417 Mosi
633 364 901 423 divinitus
921 382 951 423 e
974 368 1192 425 ﬁamma
1214 370 1609 441 signiﬁcantur.
1637 370 1910 425 Cancrum

2018 369 2159 434 ξοντι
2202 372 2404 436 αὐτοὺς
2435 373 2536 445 τῆς
2566 373 2873 451 Αἰγύπτου,
2911 374 3107 441 θυσίας
3155 394 3213 430 τε
3252 377 3336 442 είς
3386 377 3599 433 ἐκεῖνον

324 452 370 505 is
414 453 723 518 dubitabat.
755 474 867 528 quo
894 470 1059 530 pacto
1099 462 1184 517 vel
1229 463 1587 532 popularibus
1636 464 1752 518 suis
1784 478 1911 532 per-

324 547 605 611 suaderet,
634 550 718 606 vel
753 568 785 617 a
811 552 1097 609 Pharaone
1123 563 1479 624 extorqueret
1518 556 1751 616 exitum,
1782 570 1908 610 cum

327 639 472 695 Deus
488 657 551 695 ea
571 657 631 698 se
650 641 911 701 facillime
936 646 1281 703 redditurum
1335 646 1648 718 pollicetur,
1675 649 1728 703 in
1753 649 1913 720 cujus

326 734 408 789 rei
443 734 627 800 ﬁdem,
674 737 929 794 baculum
965 741 1116 796 humi
1162 742 1477 813 projiceret.
1511 743 1631 808 Quo
1662 743 1827 807 facta,
1867 743 1915 799 is

326 841 556 897 serpens
573 830 788 885 exstitit
812 851 826 887 :
851 842 1130 904 receptus,
1156 835 1208 887 in
1231 834 1486 889 baculum
1509 835 1670 891 redit.
1692 835 1912 889 Manum

329 920 460 975 item
490 921 545 974 in
576 923 759 978 sinum
793 923 995 980 abdere
1029 925 1240 996 jussus,
1270 926 1501 996 pretulit
1532 927 1706 982 instar
1744 928 1916 982 calcis

328 1011 618 1073 candidam
654 1029 669 1069 :
701 1030 824 1084 quae
870 1030 996 1070 mox
1047 1024 1105 1071 et
1164 1017 1277 1085 ipsa
1331 1017 1623 1086 pristinum
1675 1018 1912 1072 colorem

329 1104 545 1174 recipit.
590 1105 806 1162 Rursus
835 1122 867 1163 e
897 1108 1212 1179 prepinquo
1253 1124 1452 1179 aquam
1486 1108 1775 1165 eﬁ'underc
1794 1110 1914 1180 jus—

326 1212 445 1261 sus,
494 1211 779 1256 cruentam
830 1203 1001 1258 videt.
1065 1201 1160 1257 His
1214 1203 1485 1272 portentis
1535 1203 1910 1267 conﬁrmatus,

328 1306 442 1345 rem
479 1293 618 1347 citra
662 1295 1074 1350 cunctationem
1107 1295 1266 1365 jubet
1311 1295 1554 1366 aggredi.
1604 1296 1915 1366 Assumptis

326 1382 499 1452 igitur
527 1400 716 1452 uxore,
760 1395 819 1442 et
861 1401 931 1445 ex
971 1402 1034 1442 ea
1084 1391 1359 1457 susceptis
1404 1388 1616 1453 liberis,
1643 1388 1909 1450 Gersone,

325 1476 473 1544 quod
527 1493 728 1533 nomen
781 1479 1093 1549 signiﬁcat,
1129 1481 1425 1535 adventum
1475 1482 1529 1535 in
1567 1483 1912 1552 peregrinam

329 1574 556 1628 terram.
598 1578 653 1623 et
689 1568 970 1636 Eleazaro,
1013 1575 1065 1642 (a
1110 1572 1298 1627 divino
1329 1572 1536 1628 auxilio
1574 1585 1791 1643 sumpta
1830 1579 1917 1627 est

325 1659 674 1728 appellatio),
726 1664 780 1717 in
821 1660 1112 1735 Egyptum
1161 1664 1549 1733 proﬁciscitur.
1586 1664 1666 1719 Ad
1716 1665 1917 1719 limites

328 1767 619 1823 progresso
651 1753 821 1812 frater
849 1755 1031 1813 Aaron
1056 1757 1323 1813 occurrit.
1359 1757 1538 1813 Ambo
1570 1757 1914 1813 Pharaonem

327 1845 553 1908 adeunt,
575 1855 634 1902 et
658 1847 753 1904 Dei
779 1849 1054 1905 mandatis
1080 1850 1347 1920 expositis
1374 1859 1619 1911 monent,
1640 1866 1708 1905 ne
1728 1849 1917 1904 divino

328 1940 562 1995 mmsilio
606 1941 950 1999 adversetur.
992 1944 1094 2001 Illo
1140 1945 1308 2002 verba
1363 1960 1555 2003 eorum
1603 1947 1916 2012 deridente,

327 2034 591 2092 miracula
649 2038 842 2094 edunt.
900 2040 1138 2097 Baculus
1198 2043 1479 2113 projectus
1536 2041 1597 2096 ﬁt
1660 2057 1914 2112 serpens.

322 2128 479 2195 Quod
524 2130 968 2195 incantatoribus
1014 2133 1398 2206 Egyptiorum
1433 2135 1686 2196 imitatis,
1739 2135 1921 2190 versis

323 2207 553 2279 illorum.
587 2222 753 2277 etiam
800 2223 1014 2281 baculis
1065 2226 1120 2280 in
1149 2234 1457 2297 serpentes,
1504 2242 1698 2282 rursus
1741 2226 1920 2281 Moses

324 2331 487 2370 suum
512 2315 769 2372 baculum
821 2318 975 2373 humi
1031 2321 1256 2391 proiicit
1287 2339 1303 2375 :
1339 2322 1434 2391 qui
1496 2322 1550 2375 in
1604 2332 1919 2392 serpentem

325 2418 592 2476 mutatus,
641 2411 871 2467 baculos
942 2411 1348 2486 Egyptiorum,
1401 2416 1495 2484 qui
1573 2417 1916 2486 serpentium

327 2503 567 2570 speciem
592 2503 892 2571 habebant,
916 2505 1164 2561 devorat.
1192 2506 1402 2562 Deinde
1426 2507 1480 2561 in
1502 2523 1658 2562 suam
1681 2508 1916 2565 formam

325 2605 611 2651 reversum
667 2596 887 2667 recipit.
944 2597 1229 2654 Pharaone
1275 2614 1411 2654 vero
1458 2615 1517 2655 se
1573 2599 1916 2664 oﬁirmante.

325 2701 482 2757 aqua:
522 2688 578 2743 in
623 2704 882 2746 cruorem
928 2701 1233 2756 mutantur,
1273 2691 1473 2747 deinde
1514 2708 1659 2748 ranae
1697 2709 1921 2749 omnem

329 2787 530 2834 terram
580 2779 798 2854 Egypti
847 2793 1141 2855 occupant,
1195 2793 1384 2854 postea
1423 2786 1662 2855 pediculi
1706 2795 1918 2841 eterra

329 2873 659 2930 scaturiunt.
690 2878 771 2932 Ac
795 2886 993 2935 cetera
1017 2878 1240 2948 quidem
1289 2878 1550 2935 miracula
1578 2879 1747 2935 etiam
1775 2879 1918 2935 Pha-

329 2966 516 3023 raonis
559 2969 993 3041 prmtigiatores
1029 2972 1364 3028 videbantur
1400 2973 1605 3029 imitari
1639 2992 1651 3028 :
1685 2977 1917 3045 pedicu-

1943 1717 1991 1777 B

2013 466 2105 519 τὸν
2142 466 2311 519 τόπον
2350 466 2530 521 ποιετν
2581 466 2913 524 ἐντέλλεται.
2959 468 3149 523 Ταῦτα
3178 469 3241 524 ἐκ
3290 470 3385 524 τοῦ
3426 473 3599 541 πυρὸς

2015 559 2385 614 θεοκλυτεῖται
2411 563 2439 615 6
2483 560 2747 632 Μωῦσῆς.
2796 562 2856 616 '0
2884 562 2930 616 δ’
2975 563 3175 634 ἠπόρει
3231 563 3420 636 πῶςῆ
3471 567 3600 629 τοὺς

2013 655 2253 717 οἰκείους
2284 653 2549 716 πείσειεν,
2580 652 2612 726 ἢ
2656 654 2911 722 βιάσαιτο
2933 654 3136 725 Φαραὼ
3175 656 3473 727 ἐπιτρέψαι
3498 660 3599 725 τὴν

2013 747 2214 804 ἔξοδον.
2248 749 2355 819 καὶ
2389 749 2419 802 6
2443 750 2576 813 Θεὸς
2604 750 2778 821 ῥᾷστα
2803 751 2979 804 ταῦτα
3007 749 3196 818 θήσειν
3228 751 3599 822 ἐπηγγέλλετο

2015 836 2187 910 αὐτῷ,
2221 841 2318 893 καὶ
2363 843 2444 904 εἰς
2489 841 2674 894 πίστιν
2706 841 2808 911 τὴν
2864 840 3172 913 βακτηρίαν
3232 844 3313 903 εἰς
3361 841 3464 913 τὴν
3494 845 3598 913 γῆν

2014 934 2238 1001 ἀφεῖναι
2275 934 2584 999 κελεύεται,
2636 935 2732 987 καὶ
2784 934 3039 1003 ἀφέντος,
3091 933 3313 1007 δράκων
3353 936 3593 1004 ἐγένετο.

2014 1021 2129 1078 Εῐτ’
2152 1025 2571 1096 ὲπιλαϐομένον,
2599 1026 2763 1080 πάλιν
2807 1027 3048 1098 βάκτρον
3070 1021 3160 1100 ἦν.
3194 1028 3307 1081 Kal
3347 1030 3597 1081 καθεῖναι

2014 1118 2114 1188 τὴν
2180 1118 2362 1186 δεξιὰν
2414 1122 2497 1181 είς
2552 1119 2644 1173 τδν
2707 1119 2909 1173 κόλπον
2955 1118 3348 1191 προσταχθεὶς,
3396 1119 3598 1191 λευκὴν

2014 1211 2211 1280 ὁμοίαν
2260 1211 2467 1284 τιτάνῳ
2516 1213 2620 1281 τὴν
2671 1211 2844 1282 χρόαν
2896 1210 3218 1283 ἐξήνεγκεν,
3259 1209 3381 1266 εἶτα
3411 1214 3494 1275 είς
3540 1211 3601 1265 τὸ

2016 1305 2285 1375 πρότερον
2313 1300 2454 1368 εἶδος
2478 1302 2857 1374 ἀποκατέστη.
2888 1303 3002 1359 Καὶ
3022 1303 3116 1357 τοῦ
3144 1304 3373 1375 πλησίον
3405 1301 3601 1367 ὓδατος

2014 1396 2202 1450 λαϐεῖν
2241 1396 2577 1460 κελευσθεὶς,
2625 1396 2717 1450 καῖ
2771 1398 3038 1467 καταχέαι
3079 1396 3180 1466 τῆς
3235 1396 3361 1466 γῆς,
3404 1397 3509 1467 ὁρᾷ
3541 1398 3601 1448 τὸ

2015 1490 2179 1561 χυθὲν
2209 1491 2547 1563 αἱματῶδες.
2577 1478 2819 1569 Θαρρεϊν
2855 1489 2950 1544 οὖν
2979 1490 3073 1544 ἐπὶ
3101 1491 3318 1552 τούτοις
3352 1505 3600 1558 παρεκε-

2015 1583 2225 1649 λεύετο,
2286 1583 2381 1637 καὶ
2437 1584 2637 1653 μηκέτι
2695 1582 2905 1652 μένειν.
2969 1580 3317 1653 Παραλαϐὼν
3366 1576 3460 1634 οὖν
3501 1580 3602 1650 τὴν

2016 1677 2277 1744 γυναῖκα,
2307 1675 2401 1728 καὶ
2422 1675 2551 1737 τοὺς
2587 1674 2786 1738 παῖδας
2816 1674 2944 1751 τοὺς
2975 1674 3034 1739 ἐξ
3066 1673 3259 1743 αὐτῆς,
3299 1673 3548 1743 Γηρσὼν,
3575 1672 3602 1724 6

2022 1768 2280 1838 σημαίνει
2320 1768 2402 1821 δτι
2439 1769 2521 1831 εἰς
2569 1768 2670 1838 τὴν
2725 1767 2908 1839 ξένην,
2967 1769 3062 1822 καὶ
3108 1768 3401 1838 Ἐλεάζαρ,
3451 1767 3605 1837 δηλοῖ

2018 1862 2076 1914 δὲ
2098 1859 2172 1924 ὡς
2206 1860 2484 1931 συμμάχῳ
2516 1861 2786 1930 χρήσαιτο
2824 1856 2903 1931 τῷ
2937 1857 3181 1932 πατρῴῳ
3221 1859 3365 1929 Θεῷ,
3408 1857 3603 1928 ὥρμη-

2023 1971 2114 2007 σεν
2154 1955 2235 2015 είς
2262 1954 2562 2020 Αἴγυπτον.
2594 1951 2972 2022 Πλησιάσαντι
3023 1949 3083 2004 δὲ
3122 1952 3150 2002 6
3174 1949 3404 2018 ἀδελφὸς
3431 1949 3605 2019 ὑπην-

2020 2062 2188 2114 τησεν
2239 2045 2473 2115 Ἀαρών.
2539 2044 2946 2113 Παραγίνονται
2974 2033 3074 2095 οὖν
3113 2042 3283 2111 ἄμφω
3315 2040 3454 2111 πρὸς
3491 2042 3604 2094 «b1-

2026 2137 2162 2207 ραὼ,
2215 2139 2309 2191 καὶ
2362 2138 2432 2190 τὰ
2495 2139 2559 2189 ὲκ
2613 2136 2751 2190 Θεοῦ
2799 2134 3261 2206 προστεταγμένα
3324 2134 3601 2196 εἰπόντες,

2019 2230 2208 2299 ἠξίουν
2242 2229 2316 2298 μὴ
2349 2228 2741 2298 ἀντιπράττειν
2775 2230 2841 2299 τῇ
2881 2226 3004 2298 θείᾳ
3047 2226 3237 2298 βουλῇ.
3283 2226 3604 2279 Χλευάσαν-

2020 2341 2112 2388 τος
2165 2324 2208 2377 5‘
2244 2323 2481 2389 ἐκείνου,
2544 2322 2694 2393 ἔργῳ
2722 2321 2790 2374 τά
2844 2322 3051 2391 σημεῖα
3103 2320 3404 2385 ἐδείκνυον,
3443 2320 3601 2388 καὶὴ

2023 2416 2217 2487 ῥάϐδος
2257 2416 2383 2484 ὀφις
2416 2418 2637 2485 ριφεῖσα
2680 2415 2919 2482 ἐγένετο.
2955 2414 3029 2466 Τὸ
3081 2414 3128 2467 δ’
3173 2414 3307 2467 αὐτὸ
3342 2413 3439 2466 καὶ
3492 2412 3603 2466 τῶν

2019 2509 2339 2578 Αἰγυπτίων
2366 2508 2637 2563 ὲπαοιδῶν
2671 2506 3079 2577 πεποιηκότων,
3129 2506 3226 2559 καλ⁵
3264 2506 3367 2568 τὰς
3412 2505 3605 2572 σφετέ-

2025 2620 2124 2675 ρας
2162 2603 2470 2675 βακτηρίας
2502 2584 2928 2672 μεταϐαλοντων
2965 2602 3047 2663 εἰς
3067 2600 3396 2671 δράκοντας,
3433 2600 3601 2653 Maiis-

2022 2698 2125 2767 σῆς
2156 2696 2259 2768 τὴν
2287 2696 2597 2768 βακτηρῗαν
2626 2693 2788 2757 αὖθις
2830 2695 3017 2765 ῥιπτεῖ
3056 2693 3200 2747 κατὰ
3221 2693 3347 2761 γῆς,
3386 2692 3482 2746 καὶ
3521 2692 3603 2754 εἰς

2019 2792 2145 2860 ὅφιν
2172 2790 2604 2861 μεταϐληθείσα,
2636 2791 2738 2852 τὰς
2771 2789 2880 2842 τῶν
2910 2786 3231 2857 Αἰγυπτίων
3275 2785 3601 2857 βακτηρίας,

2021 2884 2079 2939 αἳ
2107 2884 2405 2955 δράκοντες
2428 2882 2669 2944 ἐδόκουν,
2707 2881 3028 2951 κατήσθιεν.
3082 2875 3219 2933 Εἶτα
3251 2879 3333 2941 εἰς
3381 2877 3443 2929 τὸ
3473 2878 3599 2929 ἐαυ·

2021 2978 2121 3048 τῆς
2159 2976 2349 3047 σχῆμα
2386 2974 2809 3045 μεταπεσοῦσαν
2867 2972 3042 3042 αὐτὴν
3076 2969 3393 3042 κομίζεται.
3423 2970 3602 3038 Σκληο

323 3064 506 3118 lorum
537 3075 722 3121 autem
753 3075 1032 3137 spectrum
1053 3068 1187 3139 quia
1207 3068 1467 3141 efﬁngere
1488 3084 1598 3124 non
1630 3078 1909 3140 poterant,

2020 3070 2319 3139 ρυνομένου
2352 3066 2410 3120 δὲ
2440 3064 2666 3137 Φαραὼ,
2701 3068 2783 3128 εις
2833 3059 2975 3135 αἷμα
3018 3063 3090 3116 τὰ
3138 3062 3309 3117 ὕδατα
3368 3060 3603 3131 μεταΰέ-

326 3156 600 3214 Pharaoni
631 3159 911 3223 dicebant,
943 3161 1075 3216 illud
1111 3161 1340 3232 digitum
1386 3163 1480 3218 Dei
1518 3177 1661 3219 esse.
1703 3163 1907 3219 Verum

326 3262 454 3303 cum
488 3249 535 3304 is
562 3249 703 3305 nihil
749 3252 996 3317 cederet,
1051 3253 1380 3323 ingruerunt
1441 3270 1666 3321 muscae,
1704 3264 1762 3311 et
1803 3250 1911 3328 35

326 3343 620 3413 perierunt
667 3343 931 3414 pecudes.
995 3344 1204 3401 Deinde
1254 3360 1379 3401 cum
1440 3347 1619 3403 Moses
1683 3347 1911 3419 fuligine

326 3436 670 3492 caminorum
716 3451 900 3493 aerem
944 3438 1302 3508 opplevisset,
1357 3441 1543 3496 ulcera
1589 3451 1646 3496 et
1678 3443 1913 3511 pustulae

327 3540 441 3585 tam
491 3529 546 3584 in
599 3528 921 3585 hominibus
957 3544 1121 3600 quam
1166 3530 1475 3601 pecudibus
1505 3532 1911 3590 eﬁ'erbuerunt.

328 3623 543 3678 Rursus
571 3622 780 3693 grando
816 3622 1048 3694 depluit,
1078 3641 1244 3694 quam
1272 3638 1474 3682 secutae
1505 3639 1634 3682 sunt
1663 3631 1909 3693 locusta»,

326 3725 451 3787 post
481 3732 619 3787 quas
649 3717 889 3773 tenebrae
911 3717 1196 3791 rEgyptios
1241 3728 1355 3776 tres
1396 3721 1518 3776 dics
1551 3723 1909 3793 operuerunt.

327 3811 577 3882 Denique
605 3820 728 3883 post
760 3813 878 3870 hac
907 3814 1090 3868 omnia
1120 3815 1615 3885 primogenitorum
1645 3834 1912 3875 consecu-

329 3912 419 3957 tus
461 3912 547 3959 εει
594 3905 878 3961 interitus.
924 3906 1061 3961 Nam
1112 3923 1238 3963 cum
1292 3910 1643 3967 occalluisset
1676 3912 1911 3977 Pharao,

324 3996 489 4066 jussit
514 3997 661 4052 Deus
692 3999 896 4054 Mosem
925 3998 1258 4055 sacriﬁcium
1294 4001 1349 4056 in
1381 4002 1528 4057 diem
1558 4005 1764 4059 mensis
1798 4021 1910 4067 xw,

328 4102 616 4158 apparare,
655 4089 752 4159 qui
784 4091 991 4146 mensis
1028 4091 1098 4145 ab
1137 4089 1382 4148 Hebraeis
1424 4093 1614 4159 Nisan,
1648 4096 1717 4150 ab
1745 4095 1914 4167 Egy-

328 4183 462 4252 ptiis
490 4183 837 4250 Pharmutbi,
858 4184 1004 4254 apud
1045 4184 1371 4241 Macedones
1391 4185 1699 4243 Xanthicus
1723 4189 1913 4259 appel-

327 4275 496 4338 latur,
548 4274 740 4330 Latine
789 4276 1000 4343 Aprilis
1038 4277 1263 4332 dicitur.
1304 4277 1437 4344 Quae
1485 4280 1605 4335 dies
1653 4296 1744 4335 xuv
1787 4273 1913 4335 cum

327 4367 567 4432 adesset,
599 4367 912 4424 sacriﬁcant
937 4384 1151 4433 omnes,
1183 4381 1240 4426 et
1264 4366 1612 4426 victimarum
1648 4374 1914 4446 sanguine

327 4461 518 4517 limina
567 4460 770 4517 aedium
816 4462 1138 4532 inungunt:
1169 4478 1435 4534 comaque
1476 4474 1724 4536 peracta,
1780 4466 1912 4522 reli-

329 4552 489 4624 quias
545 4552 899 4609 comburunt.
952 4553 1108 4610 Unde
1164 4568 1231 4609 ex
1289 4555 1384 4609 illo
1419 4564 1666 4627 tempore
1711 4556 1915 4614 festum

330 4645 545 4702 Hebraei
583 4646 872 4703 celebrant
904 4648 1052 4703 circa
1092 4648 1144 4703 id
1192 4659 1431 4719 tempus,
1461 4658 1519 4704 et
1556 4649 1915 4715 sacriﬁcant;

332 4739 484 4810 quod
525 4739 726 4795 festum
766 4741 975 4797 Pascha
1003 4751 1243 4809 vocant;
1281 4744 1335 4798 id
1371 4742 1463 4798 alii
1497 4745 1785 4799 transitum
1832 4744 1917 4799 iu-

331 4840 724 4903 terpretantur,
766 4833 1059 4902 Iosephus,
1109 4837 1541 4905 prmteritionem,
1574 4837 1721 4907 quod
1771 4838 1914 4893 Deus

329 4934 492 4978 nocte
541 4923 633 4978 illa
678 4916 927 4980 Hebraeis
979 4924 1295 4994 prazteritis,
1347 4910 1910 4997 Egyptiosintcritu

328 5013 825 5086 primogenitorum
871 5014 1149 5075 alnixerit.
1184 5015 1300 5084 Qua
1329 5016 1400 5072 de
1433 5033 1594 5075 causa
1625 5021 1912 5089 congressi

326 5104 567 5177 Egyptii
630 5105 970 5173 Pharaonem
1023 5117 1187 5163 orant
1238 5118 1299 5166 ut
1342 5109 1585 5168 dimittat
1630 5110 1911 5170 Hebraeos.

326 5195 493 5252 Jubet
556 5197 671 5254 ille.
768 5198 1071 5255 Discedunt
1133 5200 1349 5258 Hebraei
1394 5221 1408 5260 :
1457 5219 1694 5274 quorum
1755 5204 1913 5263 fuere

330 5287 611 5358 (militaris
637 5290 906 5348 duntaxat
931 5292 1131 5364 aetatis)
1170 5303 1425 5351 sexcenta
1458 5296 1653 5355 millia.
1689 5297 1909 5370 Egressi

327 5390 458 5453 sunt
489 5396 679 5439 mense
726 5383 1027 5447 Xanthico,
1067 5385 1157 5442 die
1187 5402 1275 5453 xv,
1307 5388 1524 5445 oriente
1564 5389 1716 5455 luna,
1748 5391 1911 5447 annis

2019 3161 2238 3231 ὄληται.
2281 3155 2421 3212 Εἶτα
2474 3158 2738 3229 βάτραχοι
2766 3157 2949 3211 πᾶσαν
3000 3156 3102 3227 τὴν
3164 3154 3270 3225 γῆν
3316 3153 3601 3222 Αἰγύπτου

2020 3254 2319 3324 ἐκάλυψαν.
2370 3254 2498 3308 ’Ertl
2521 3252 2737 3314 τούτοις
2779 3249 3008 3312 σκνίπες
3057 3249 3120 3302 ἐκ
3152 3247 3249 3319 τῆς
3282 3247 3387 3317 γῆς
3425 3246 3604 3301 ἀνεδό·

2022 3349 2223 3420 θησαν.
2255 3347 2339 3401 Τὰ
2367 3349 2469 3415 μὲν
2497 3343 2766 3401 οῦν.ἇλλα
2794 3345 3059 3416 τεράστια
3110 3342 3209 3395 καὶ
3261 3342 3313 3394 oi
3360 3339 3602 3393 ὲπαοιδοὶ

2019 3441 2224 3514 Φαραὼ
2257 3440 2481 3496 ἐδόκουν
2529 3441 2727 3503 ποιεῖν,
2776 3438 3012 3496 σκνίπας
3062 3436 3119 3489 δὲ
3170 3437 3447 3502 φαντάσαι
3505 3434 3604 3485 οὐκ

2019 3534 2393 3608 ἠδυνήθησαν.
2425 3529 2598 3589 Εἶπον
2629 3532 2722 3586 οῦν
2767 3531 2905 3603 πρὸς
2936 3526 3158 3600 Φαραὼ,
3202 3530 3285 3582 ὅτι
3335 3527 3603 3589 δάκτυλος

2022 3631 2157 3685 Θεοῦ
2177 3629 2340 3682 τοῦτο
2368 3627 2538 3682 ἐστίν.
2559 3626 2617 3680 Ὀ
2643 3626 2688 3679 δ’
2718 3628 2799 3679 ἔτι
2827 3625 3112 3688 άνένδοτος
3140 3620 3210 3695 ἦν
3241 3623 3337 3677 καὶ
3382 3623 3603 3690 ἐγένετο

2023 3723 2316 3791 κυνόμυια,
2382 3721 2475 3774 καὶ
2533 3719 2674 3789 μετὰ
2731 3714 2908 3770 ταῦτα
2972 3715 3152 3786 φθορὰ
3193 3714 3304 3768 τῶν
3360 3712 3598 3781 κτηνῶν.

2026 3816 2262 3871 Ἔπειτα
2310 3815 2404 3869 τοῦ
2466 3814 2750 3874 Μωῢσέως
2816 3809 3141 3880 καμινιαίαν
3193 3806 3425 3875 αἰθάλην
3504 3804 3599 3857 τοῦ

2021 3908 2187 3980 ἀέρος
2215 3905 2750 3965 κατασκεδάσαντος,
2792 3901 2926 3972 ἕλκη
2968 3902 3062 3953 καὶ⁵
3105 3899 3398 3971 φλυκτίδες
3437 3897 3496 3950 ἓν
3542 3914 3599 3949 τε

2020 4002 2134 4062 τοῖς
2166 4000 2391 4069 κτήνεσι
2422 3998 2517 4050 καὶ
2566 3997 2623 4049 ὲν
2672 3998 2786 4058 τοῖς
2821 3994 3137 4064 ἀνθρώποις
3178 3990 3468 4056 άνέξεσαν,
3507 3990 3600 4042 καί

2024 4091 2180 4153 αὖθις
2210 4089 2424 4162 χάλαζα
2457 4085 2618 4158 ὕσθη,
2655 4087 2750 4140 καὶ
2784 4088 2901 4157 μετ’
2934 4082 3109 4155 αὐτὴν
3161 4083 3395 4154 ἐπῆλθεν
3437 4083 3602 4152 ἀκρὶς

2024 4185 2119 4237 καὶ
2146 4182 2240 4235 ἐπὶ
2269 4181 2497 4244 ταύταις
2540 4180 2735 4243 σκότος
2784 4179 2911 4242 τοὺς
2950 4176 3285 4246 Αἰγυπτίους
3323 4175 3416 4228 ἐπὶ
3450 4177 3601 4238 τρεῖς

2024 4275 2241 4348 ἡμέρας
2267 4272 2526 4342 ἐκάλυψε.
2564 4272 2889 4325 Τελευταῑον
2923 4270 2969 4323 δ’
3020 4271 3293 4339 ὲπὴνεκτο
3326 4266 3600 4337 τούτοιςὴ

2022 4362 2133 4421 τῶν
2202 4365 2565 4438 πρωτοτόκων
2617 4361 2888 4417 ἀπώλεια.
2973 4358 3426 4430 Σκληρυνομένου
3488 4358 3601 4427 γὰρ

2019 4458 2264 4529 Φαραὼ,
2311 4458 2600 4512 ἐκέλευσεν
2659 4457 2688 4508 6
2737 4454 2872 4515 Θεὸς
2924 4454 3132 4523 Μωῡσῇ
3174 4452 3369 4506 θυσίαν
3419 4446 3632 4521 παρα-ιτ

2017 4546 2285 4610 σκευάσαι
2313 4554 2395 4617 εἰς
2422 4553 2523 4623 τὴν
2551 4548 3161 4619 τεσσαρεσκαιδεκάτην
3189 4544 3289 4598 τοῦ
3321 4545 3514 4615 μηνὸς,
3541 4543 3602 4608 δς

2015 4646 2168 4718 παρὰ
2223 4646 2324 4717 μὲν
2387 4643 2661 4714 Ἐσραίοις
2717 4642 2894 4696 Νισᾶν
2944 4638 3217 4702 καλεῖται,
3260 4638 3393 4708 παρ’
3428 4639 3602 4704 Αἰγυσ-
3653 4642 3658 4647 “

2016 4740 2197 4803 πτίοις
2225 4741 2282 4793 δὲ
2330 4736 2641 4809 Φαρμουθὶ,
2680 4733 2836 4801 παρὰ
2886 4731 3168 4786 Μακεδόσι
3196 4730 3254 4782 δὲ
3306 4728 3598 4790 Ξανθικδς,

2016 4833 2109 4886 καὶ
2139 4831 2273 4901 παρ’
2313 4828 2573 4897 Ἕλλησιν
2630 4824 2946 4897 ’Λπρίλλιος
3004 4821 3141 4894 (56).
3198 4819 3502 4889 Ἐνστάσης
3540 4818 3600 4870 δὲ

2020 4924 2125 4992 τῆς
2154 4916 2791 4991 τεσσαρεσκαιδεκάτης,
2843 4917 3088 4977 ἅπαντες
3133 4912 3312 4973 ἔθυον,
3370 4913 3465 4964 καὶ
3520 4909 3599 4979 τῷ

2018 5017 2113 5070 τοῦ
2144 5015 2390 5086 θύματος
2417 5013 2615 5084 αἵματι
2657 5011 2759 5073 τὰς
2791 5011 2954 5079 φλιὰς
2994 5007 3107 5061 τῶν
3157 5009 3349 5062 οἰκιῶν
3390 5008 3596 5079 ἔχριον,

2018 5112 2112 5164 καὶ
2157 5110 2578 5179 δειπνήσαντες,
2628 5106 2740 5159 τῶν
2797 5106 2979 5176 κρεῶν
3038 5104 3110 5157 τὰ
3159 5102 3601 5175 περιττεύσαντα

2018 5204 2281 5259 ἔκαυσαν.
2345 5200 2509 5253 Ὅθεν
2565 5200 2755 5253 ἔκτοτε
2817 5199 3013 5268 ἑορτὴν
3053 5197 3287 5261 ἄγουσιν
3351 5196 3598 5266 Ἑϐραῖοι

2020 5294 2163 5348 κατὰ
2218 5292 2312 5346 τὸν
2362 5290 2557 5362 καιρὸν
2593 5292 2808 5352 τοῦτον,
2857 5290 2954 5344 κα)⁸
2990 5290 3201 5353 θύουσι,
3253 5288 3446 5358 Πάσχα
3497 5288 3598 5358 τὴν

2019 5385 2216 5460 ἑορτὴν
2244 5384 2562 5448 καλοῦντες.
2587 5386 2660 5440 Τὸ
2692 5387 2750 5439 δὲ
2772 5385 2969 5456 Πάσχα
2990 5384 3140 5441 ἄλλοι
3179 5383 3282 5453 μὲν
3307 5382 3598 5437 διάϐασιν

1538 5506 1742 5570 νοτία)
1765 5507 2078 5571 lectiones
2108 5509 2169 5568 et
2201 5511 2391 5568 nota).

401 5603 514 5669 (56)
553 5582 695 5672 Iiap’
723 5607 1022 5680 Ἕλλησιν
1061 5609 1417 5680 namnam.
1459 5611 1578 5680 lmo
1610 5610 1757 5680 apud
1798 5610 1902 5666 La—

2018 5611 2102 5666 hlc
2156 5608 2459 5680 utetia’libi
2488 5624 2600 5664 non
2627 5610 2797 5665 semel
2825 5607 3101 5680 Ἕλληνας
3131 5616 3291 5680 vocat
3324 5605 3592 5680 Zonaras,

329 5673 495 5748 tinos,
532 5691 630 5748 seu
678 5687 739 5733 ut
783 5673 949 5735 habet
976 5678 1034 5735 S.
1070 5673 1341 5736 Maximus
1372 5673 1453 5736 'in
1501 5673 1773 5748 Computo
1803 5682 1904 5737 Ec-

2008 5695 2151 5752 quos
2172 5679 2266 5752 alii
2289 5679 2582 5752 Romanos;
2617 5688 2813 5737 contra
2836 5676 3005 5750 quam
3036 5679 3317 5750 Eunapius
3342 5680 3395 5734 in
3420 5676 3595 5749 Chry-

328 5747 640 5802 clesiasticu
684 5760 842 5819 parte
877 5765 916 5815 ι,
939 5765 1062 5821 cap,
1100 5750 1190 5816 l3,
1223 5751 1367 5806 κατὰ
1410 5747 1740 5820 Ῥωμαίους.
1791 5752 1900 5806 Sed

2018 5747 2227 5807 sautbio
2256 5765 2314 5819 ρ.
2348 5750 2438 5805 89.
