3964 6252
199 322 262 388 f9
1459 327 1781 388 ANNALII

1908 331 2052 391 LIB.
2099 331 2146 391 Ι.
3381 342 3457 404 εχ)

195 437 478 509 σημαίνειν
528 436 738 506 φασίν
807 437 1073 508 Ἰώσηπος
1123 439 1180 493 δὲ
1237 443 1635 512 ὺπερϐασίαν,
1686 448 1766 500 ὅτι

1885 449 2291 520 quadringentis
2324 458 2380 506 ct
2411 449 2632 522 triginta
2680 459 2967 522 postquam
3015 454 3364 517 Abrahamus
3391 463 3447 516 iu

193 532 308 586 κατ’
350 531 572 602 ἐκείνην
612 533 714 602 τὴν
775 532 972 598 νύκτα,
1010 535 1137 599 τοὺς
1210 537 1494 604 Ἐϐραίους
1551 542 1577 594 ὁ
1630 541 1759 604 Θεὸς

192 624 454 693 ὕπερϐὰς,
483 625 805 691 Αἰγυπτίοις
839 627 1110 696 ἐνέσκηψε
1136 627 1237 697 τὴν
1261 629 1371 681 τῶν
1397 633 1760 700 πρωτοτόκων

194 716 421 787 φθοράν.
465 717 630 770 Ὅθεν
691 718 1042 782 συνελθόντες
1083 721 1376 789 Αἰγύπτιοι
1425 724 1638 777 ἐδέοντο
1671 724 1764 778 τοῦ

187 809 408 880 Φαραὼ,
469 811 732 864 ἀπολύειν
770 812 897 876 τοὺς
953 813 1262 883 Ἐϐραίους.
1321 816 1382 868 '0
1447 816 1501 869 δὲ
1545 817 1769 871 ἀπιέναι

191 903 530 972 προσέταξεν
554 919 568 935 ο
614 904 664 955 οί
711 903 757 958 δ’
787 905 1040 978 ἐξῄεσαν.
1073 901 1183 958 Ἦν
1217 906 1274 960 δὲ
1309 907 1370 959 τὸ
1423 907 1532 959 τῶν
1571 926 1771 980 μεταν-

1871 539 2231 598 Cbananzeam
2266 554 2609 614 pervenerat,
2645 556 2769 616 post
2815 548 3003 604 Jacobi
3051 551 3106 605 in
3156 553 3446 625 [Egyptum

1875 633 2255 702 migrationem
2305 637 2462 692 annis
2513 637 2766 694 ducentis
2816 649 2871 694 et
2917 643 3251 710 quindecim.
3301 647 3448 702 Mose

1877 733 1991 780 tum
2026 741 2199 781 annos
2224 743 2356 780 Lux
2389 739 2532 795 nato,
2565 747 2727 800 quem
2758 733 2938 786 Aaron
2968 735 3202 790 triennio
3223 754 3448 807 supera-

1877 819 2007 874 bat:
2038 820 2335 874 avehentes
2365 821 2527 875 etiam
2553 839 2674 878 ossa
2703 823 2918 895 Josephi
2947 841 3152 890 secum,
3178 832 3448 899 quemad-

1878 911 2099 966 modum
2132 912 2221 969 ille
2253 915 2560 970 mandarat.
2594 916 2684 972 Sic
2719 917 2794 972 illi
2830 919 3339 988 proficiscebantur.

195 999 510 1069 ισταμένων
535 999 742 1068 πλῆθος
773 1001 832 1053 τὸ
854 1003 1256 1074 στρατεύσιμον
1291 1003 1508 1074 ἠλικίαν
1549 1003 1673 1076 ἔχον
1745 1007 1928 1077 μόνον,
1998 1009 2261 1080 μυριάδες
2325 1011 2612 1083 ἑξήκοντα.
2663 1014 2918 1085 Ἐξῆλθον
2954 1016 3010 1070 δὲ
3056 1017 3226 1086 μηνὸς
3257 1019 3450 1074 Ξανθι-

193 1092 278 1145 κοῦ
311 1093 430 1165 ('57)
501 1095 731 1167 πέμπτῃ
785 1095 880 1146 καὶ
951 1094 1156 1168 δεκάτῃ
1205 1098 1349 1150 κατὰ
1409 1098 1661 1169 σελήνην,
1707 1097 1847 1168 μετὰ
1888 1101 1981 1170 ἔτη
2035 1103 2363 1174 τετρακόσια
2424 1106 2726 1176 τριάκοντα
2775 1107 2866 1160 τοῦ
2913 1108 3002 1172 τέιν
3059 1109 3312 1180 Ἀϐραὰμ
3366 1113 3447 1176 είς

193 1187 505 1280 Χαναναίαν
542 1189 756 1280 ἐλθεῖνο
794 1192 859 1244 ἐκ
894 1189 952 1243 δὲ
983 1192 1082 1261 τῆς
1123 1190 1320 1247 Ἰακὼϐ
1390 1194 1472 1255 είς
1515 1192 1794 1260 Αἴγυπτον
1835 1195 2153 1267 παροικίας,
2209 1196 2350 1267 μετὰ
2403 1198 2692 1264 ἐνιαυτοὺς
2739 1200 3046 1266 διακοσίους
3101 1203 3196 1256 καὶ
3260 1219 3450 1256 πεντεο

192 1285 443 1338 καῖδεκα.
477 1278 582 1338 Ἦν
631 1285 688 1338 δὲ
728 1285 939 1356 Μωῢσῇ
985 1285 1108 1337 τότε
1167 1284 1314 1353 ζωῆς
1381 1284 1499 1348 ἔτος
1549 1285 1933 1356 ὀγδοηκοστὸν,
1990 1287 2206 1360 Ἀαρὼν
2255 1291 2312 1343 δὲ
2376 1292 2556 1362 τρισὶν
2616 1293 2900 1365 ὑπερεῖχε.
2954 1295 3336 1364 Συνεπήγοντο
3389 1294 3447 1348 δὲ

189 1380 277 1433 καὶ
319 1380 393 1431 τὰ
420 1377 558 1430 ὀστᾶ
603 1375 696 1430 τοῦ
748 1378 967 1448 Ἰωσὴφ,
1025 1377 1360 1448 πληροῦντες
1402 1378 1500 1449 τὴν
1547 1377 1769 1446 ἐντολὴν
1807 1377 1902 1431 τοῦ
1929 1379 2144 1447 ἀνδρός.
2183 1382 2246 1435 Ol
2285 1381 2385 1452 μὲν
2421 1381 2513 1436 οὖν
2537 1383 2810 1454 ἀπῄεσαν.

255 1477 360 1528 1Δ’.
420 1474 712 1543 Αἰγύπτιοι
760 1473 817 1525 δὲ
865 1473 1281 1544 μετεμέλλοντο,
1347 1474 1443 1528 καὶ
1508 1474 1768 1538 λαϐόντες

1948 1475 2084 1531 XIV.
2115 1475 2186 1530 At
2213 1477 2452 1549 Egyptii
2480 1478 2585 1534 acti
2611 1478 2954 1548 poenitentia,
2983 1479 3253 1547 correptis
3280 1478 3450 1534 armis

187 1567 323 1621 ὅπλα
355 1566 602 1620 ἐδίωκον.
667 1563 966 1629 Ἐξακόσια
1019 1564 1065 1616 δ’
1111 1560 1252 1635 ἦσαν
1284 1565 1469 1628 αὐτοῖς
1520 1563 1766 1636 ἅρματα,

191 1662 378 1720 ἱππεῖς
422 1676 484 1711 τε
556 1657 1041 1729 πεντακισμύριοι,
1103 1657 1200 1710 καὶ
1267 1656 1529 1728 μυριάδες
1596 1657 1770 1709 εἴκοσι

189 1749 446 1803 ὁπλιτῶν.
493 1748 778 1818 Ἐϐραίους
818 1749 861 1801 δ’
887 1751 967 1812 εἰς
999 1749 1312 1817 ἀπόγνωσιν
1345 1745 1479 1820 ἦγον
1507 1749 1564 1800 ἐν
1598 1747 1770 1816 στενῷ

191 1840 454 1907 γεγονότα
516 1839 585 1891 τὰ
624 1839 952 1908 πράγματα,
1029 1840 1124 1890 καὶ
1175 1836 1344 1899 λίθοις
1401 1835 1619 1906 βάλλειν
1680 1834 1771 1886 τὸν

191 1933 433 2002 Μωῦσῆν
461 1931 708 2001 ἔμελλον.
749 1931 808 1984 '0
855 1931 912 1983 δὲ
963 1929 1267 2000 παρεκάλει
1313 1929 1464 1999 αὐτῷ
1515 1928 1767 1992 ἕπεσθαι,

192 2033 279 2083 καὶ
309 2023 452 2098 ἦγεν
485 2026 686 2088 αὐτοὺς
720 2025 814 2079 ἐπὶ
846 2023 1144 2087 θάλασσαν,
1175 2024 1270 2076 καὶ
1301 2022 1434 2085 στὰς
1457 2022 1584 2092 παρ’
1607 2023 1769 2091 αὐτῇ,

194 2123 282 2175 καὶ
315 2123 412 2174 τὶν
449 2117 583 2173 Θεδν
635 2119 1094 2188 ὲπιϐοησὰμενος,
1149 2117 1344 2170 τύπτει
1389 2119 1453 2186 τῇ
1502 2117 1774 2186 βακτηρίᾳ

195 2211 612 2282 τὴ-ιθάλτσσαν.
662 2209 724 2263 Ἦ
775 2210 831 2262 δὲ
884 2209 1148 2275 ἀνεκόπη,
1181 2209 1276 2262 καὶ
1323 2209 1537 2277 γυμνὴν
1591 2207 1772 2276 ἀφῆκε

198 2308 300 2366 τοῖς
354 2302 633 2372 Ἑϐραίοις
655 2300 754 2370 τὴν
787 2300 889 2369 γῆν
907 2315 920 2328 ·
946 2301 1194 2352 κάκεῖνοι
1225 2298 1493 2351 διέϐαινον
1518 2299 1777 2350 σπεύδον-

197 2415 301 2458 τες.
368 2384 640 2465 Ὀρῶντες
679 2393 932 2447 δὲταῦτα
967 2393 1282 2460 Αἰγύπτιοι,
1316 2393 1411 2444 καὶ
1450 2391 1608 2444 αὐτοὶ
1641 2408 1774 2462 προ-

199 2485 455 2550 τάξαντες
490 2483 582 2536 τὸν
616 2483 805 2546 ἵππον,
845 2484 1096 2540 ἐδίωκον.
1134 2483 1275 2551 ’Ήδη
1308 2481 1351 2533 δ’
1379 2482 1472 2534 ἐπὶ
1503 2481 1602 2550 τὴν
1637 2482 1777 2534 ἀντιο

203 2575 371 2644 πέραν
429 2578 538 2643 γῆν
569 2574 679 2627 τῶν
734 2573 1004 2642 Ἑϐραίων
1036 2570 1437 2632 διασωθέντων,
1501 2573 1775 2640 ἐπιχεῖται

201 2670 306 2730 τοῖς
336 2667 662 2735 Αἰγυπτίοις
694 2668 726 2737 ἡ
755 2665 1026 2727 θάλασσα,
1057 2663 1151 2716 τοῦ
1176 2661 1459 2724 Μωῦσέως
1492 2665 1556 2732 τῇ
1595 2661 1774 2730 ῥάϐδῳ

184 2759 646 2829 ὶπιστρεπτικῶς
679 2757 789 2827 (38)
814 2755 972 2818 αὖθις
1001 2755 1062 2806 τὸ
1101 2753 1248 2824 ’ύδωρ
1282 2752 1644 2817 πατάξαντος,
1680 2751 1776 2803 καὶ

1877 1579 1973 1620 eos
2017 1567 2511 1638 persequebantur,
2542 1569 2801 1626 curribus
2824 1569 3124 1634 sexcentis,
3163 1569 3452 1638 equitibus

1877 1656 2241 1727 quinquagies
2290 1658 2460 1721 mille,
2505 1667 2562 1712 et
2607 1657 2860 1714 ducentis
2902 1658 3149 1716 millibus
3180 1655 3448 1726 peditum.

1879 1749 2093 1804 Hebraei
2126 1750 2179 1803 in
2204 1751 2483 1820 angustias
2523 1750 2733 1806 redacti
2762 1760 2996 1808 aestuare
3016 1792 3031 1815 ,
3062 1749 3153 1803 vix
3181 1765 3213 1805 a
3244 1747 3453 1816 lapida-

1882 1841 2028 1896 tione
2083 1843 2250 1896 Mosis
2303 1843 2408 1898 sibi
2451 1853 2758 1912 temperare
2805 1862 2818 1897 :
2875 1843 2965 1900 ille
3024 1844 3233 1900 hortari
3285 1852 3346 1898 ut
3394 1856 3453 1898 se

1880 1943 2267 2004 sequerentur,
2295 1934 2362 1988 ad
2403 1950 2554 1990 mare
2587 1935 2813 1991 ducere.
2845 1935 2924 1990 lbi
2965 1935 3021 1988 in
3053 1934 3240 1988 littore
3274 1943 3451 1995 stans,

1881 2023 1993 2078 Deo
2023 2023 2296 2087 invocato,
2323 2025 2518 2080 baculo
2541 2041 2689 2081 mare
2723 2026 2986 2095 percutit.
3022 2024 3161 2078 Illud
3188 2024 3456 2078 discludi-

1882 2127 1992 2184 tur,
2030 2127 2087 2172 ut
2129 2118 2270 2172 nuda
2300 2119 2543 2175 Hebraeis
2571 2120 2732 2175 tellus
2769 2126 3097 2188 appareret:
3132 2115 3453 2171 festinanter

1881 2208 2064 2279 itaque
2106 2219 2409 2264 transeunt.
2439 2211 2592 2275 Quod
2626 2211 2871 2268 videntes
2897 2208 3156 2279 Egyptii,
3183 2207 3367 2276 equite
3397 2207 3453 2260 in

1883 2303 2061 2358 fronte
2086 2305 2372 2366 collocato,
2392 2314 2819 2372 persequuntur.
2845 2303 2963 2358 Jam
2987 2310 3168 2356 autem
3213 2297 3456 2354 Hebrazis

1883 2396 1940 2452 in
1959 2396 2271 2466 oppositum
2307 2396 2463 2449 littus
2489 2395 2626 2449 citra
2656 2409 2853 2453 noxam
2884 2391 3139 2462 egressis,
3169 2388 3460 2460 )Egyptios

1883 2503 2022 2558 aqua
2071 2502 2101 2540 a
2147 2487 2293 2542 Mose
2345 2485 2495 2554 virga
2550 2497 2832 2553 percussa,
2866 2491 2926 2536 ut
2966 2481 3020 2536 in
3067 2494 3226 2539 suum
3273 2479 3455 2532 locum

1884 2575 2289 2647 regrederetur,
2335 2573 2594 2628 ﬂuctibus
2633 2570 2982 2631 coeuntibus,
3038 2583 3192 2626 mare
3247 2565 3460 2621 obruit.

1883 2665 2072 2731 Itaque
2117 2663 2356 2734 zEgyptii
2401 2661 2641 2716 universi
2693 2662 2747 2715 in
2781 2660 2890 2731 36
2933 2657 3097 2714 undis
3151 2657 3456 2726 perierunt.

1882 2754 2096 2810 Hebraei
2155 2770 2288 2809 vero
2334 2752 2593 2808 laudibus
2656 2752 2828 2806 Deum
2884 2749 2994 2804 laeti
3045 2746 3458 2803 concelebrant.

203 2855 266 2906 τὲι
319 2854 524 2926 τούτου,
562 2851 867 2912 ἑνώσαντος
922 2849 1166 2918 κύματα.
1229 2845 1538 2899 Ἀπώλοντο
1590 2841 1684 2898 οὖν
1723 2846 1772 2896 οἱ

1885 2848 2056 2902 Moses
2085 2847 2249 2901 etiam
2279 2845 2554 2900 canticum
2593 2844 2704 2898 Deo
2755 2841 2886 2898 facit
2915 2840 3170 2896 versibus
3199 2837 3458 2899 senariis,

205 2945 494 3014 Αἰγύπτιοι
546 2945 606 2996 ὲν
650 2946 764 3004 τοῖς
812 2941 970 2995 ὕδασι
1049 2939 1384 3010 ξύμπαντες.
1436 2939 1546 2992 Kal.
1593 2937 1776 3008 οἱμὲν

217 3037 534 3104 Ἐϐραῖοιὲν
569 3033 764 3104 ὕμνοις
825 3029 984 3102 ἦσαν,
1029 3034 1125 3085 καὶ
1179 3031 1422 3102 ἔχαιρον.
1483 3032 1694 3100 Μωῦσῇ
1720 3029 1776 3082 δὲ

203 3127 311 3199 ᾠδὴ
337 3129 644 3196 πεποίηται
673 3125 810 3196 πρὸς
836 3127 968 3178 Θεὸν
992 3126 1051 3177 ἐν
1076 3125 1366 3195 ἑξαμέτρῳ
1415 3125 1553 3192 τόνῳ
1597 3140 1780 3176 συντε-

207 3223 452 3292 θειμένη,
485 3219 562 3284 ὥς
587 3238 755 3292 φησιν
785 3223 812 3274 ὁ
851 3221 1141 3289 Ἰώσηπος.
1176 3222 1256 3274 Τὰ
1293 3220 1338 3273 δ’
1377 3220 1517 3272 ὅπλα
1548 3219 1657 3271 τῶν
1687 3220 1780 3272 Αί-

207 3316 452 3379 γυπτίων
479 3314 578 3366 σὺν
620 3313 734 3375 τοῖς
780 3312 1032 3379 σώμασιν
1073 3311 1253 3364 αὐτῶν
1285 3310 1654 3381 ὲκϐρασθέντα
1681 3309 1779 3378 τῆς

210 3407 482 3476 ῡαλάσσης
514 3405 620 3458 ὑπὸ
665 3404 760 3457 τοῦ
804 3403 1142 3470 πνεύματος,
1211 3402 1471 3463 λαϐόντες
1512 3401 1778 3470 Ἑϐραῖοι,

209 3500 413 3564 τούτοις
439 3498 816 3565 ὼπλίσθησαν.
845 3497 958 3549 Καὶ
983 3491 1120 3565 ἦγεν
1161 3494 1354 3556 αὐτοὺς
1377 3493 1672 3562 ὁςΜωῦσῆς
1703 3493 1782 3554 είς

213 3593 406 3664 τδὸρος
440 3593 595 3654 Σινᾶ,
631 3591 812 3643 θύσων
845 3590 980 3657 ἐκεῖί
1009 3588 1078 3640 τὰ
1113 3587 1355 3656 σῶστρα,
1385 3586 1461 3648 ὡς
1491 3584 1638 3654 αὑτῷ
1686 3585 1773 3636 ὲν-

213 3685 485 3738 ετέταλτο.
526 3683 860 3752 Ἀγομένους
884 3679 929 3732 δ’
960 3680 1077 3732 ὲκεῖ
1121 3680 1154 3748 ἡ
1184 3677 1294 3729 τῶν
1322 3677 1540 3746 τροφῶν
1582 3675 1774 3728 ἐλύπει

215 3782 428 3846 σπάνις,
464 3781 560 3833 καὶ
599 3781 633 3848 ἠ
658 3778 748 3830 τοῦ
773 3777 964 3840 ὓδατος
1001 3774 1197 3828 ἔνδεια.
1230 3773 1338 3828 Καὶ
1365 3773 1537 3835 οὕτως
1560 3770 1778 3842 ἔχοντες

216 3875 293 3936 εἰς
320 3874 484 3926 τόπον
517 3870 898 3940 ἀφικνοῦνται,
947 3869 1007 3922 ὲν
1056 3861 1312 3938 ᾦλφρέαρ
1346 3860 1436 3935 ἦν,
1463 3858 1524 3916 οὗ
1554 3863 1614 3916 τὸ
1641 3863 1787 3934 ὕδωρ

217 3966 305 4019 ei
333 3964 556 4033 πικρίαν
595 3962 817 4016 ἄποτον.
853 3960 962 4014 Καὶ
995 3959 1057 4012 τὸ
1086 3959 1258 4025 ὄνομα
1294 3956 1387 4009 τοῦ
1425 3956 1650 4026 τόπουή
1688 3954 1788 4024 μὲν

217 4058 320 4125 τῆς
356 4057 572 4121 Ἑξόδου
613 4055 793 4124 βίϐλος
840 4053 1102 4124 Μαιρῤὰν
1129 4049 1411 4119 ὀνομάζει,
1447 4050 1476 4102 ὁ
1513 4047 1558 4101 δ’
1603 4048 1791 4118 Ἰώση-

1875 2937 2116 3007 Josepbo
2147 2947 2394 2991 auctore.
2434 2937 2601 2991 Arma
2638 2935 3016 3006 Aigyptiorum
3055 2947 3179 2987 cum
3211 2931 3458 2999 corpori-

1834 3051 1838 3056 ·
1877 3031 1983 3085 bus
2008 3045 2198 3085 eorum
2227 3047 2257 3083 a
2284 3039 2448 3082 vento
2489 3028 2544 3082 in
2579 3027 2736 3082 littus
2762 3027 2933 3096 ejecta
2965 3025 3212 3093 capiunt,
3238 3023 3456 3090 sibique

1877 3121 2314 3177 accommodant.
2342 3120 2518 3175 Moses
2545 3135 2640 3175 eos
2667 3119 2720 3173 in
2757 3127 2998 3173 montem
3025 3115 3154 3170 Sina
3183 3115 3356 3175 ducit,
3391 3113 3459 3166 ad

1879 3212 2211 3270 exsolvenda
2255 3221 2379 3268 vota
2432 3212 2544 3264 Deo
2589 3209 2660 3264 ob
2699 3209 2933 3262 salutem
2987 3205 3262 3276 adeptam,
3298 3211 3358 3257 ut
3405 3203 3460 3256 in

1879 3305 2148 3360 mandatis
2189 3309 2491 3372 acceperat.
2535 3300 2672 3353 Dum
2713 3313 2780 3351 eo
2810 3296 3110 3359 ducuntur,
3149 3301 3206 3347 et
3233 3291 3463 3346 cibario-

1881 3413 2002 3451 rum
2036 3397 2286 3467 peuuria,
2329 3403 2385 3446 et
2421 3407 2576 3462 aquae
2616 3391 2800 3460 in0pia
2834 3388 3105 3442 laborant.
3145 3386 3235 3440 Sic
3281 3383 3463 3437 allecti

1884 3492 1938 3546 in
1972 3492 2152 3546 locum
2193 3486 2547 3558 perveniunt,
2587 3483 2682 3538 ubi
2716 3489 2918 3553 puteus
2947 3487 3089 3538 erat,
3126 3477 3283 3546 cujus
3321 3490 3462 3543 aqua

1883 3579 1954 3634 ob
1993 3578 2306 3632 amariciem
2365 3574 2540 3643 poturi
2603 3587 2712 3626 non
2779 3576 2996 3639 poterat
3043 3567 3226 3637 (quem
3282 3566 3462 3617 locum

1883 3671 2025 3725 liber
2058 3669 2228 3724 Exodi
2268 3669 2494 3722 Maerran
2525 3664 2791 3726 nominat,
2819 3659 3094 3726 Iosephus
3125 3657 3194 3711 ab
3226 3654 3466 3710 llebra'is

1886 3764 2001 3818 Mar
2021 3771 2276 3817 vocatum
2323 3759 2494 3814 fuisse
2527 3756 2694 3811 tradit
2725 3775 2736 3808 :
2782 3755 2863 3808 sic
2885 3753 3032 3807 enim
3080 3765 3323 3804 amarum
3360 3747 3462 3798 diri

1886 3857 2074 3926 lingua
2122 3855 2338 3916 eorum)
2364 3859 2419 3904 et
2448 3858 2639 3903 contra
2675 3847 2872 3901 ducem
2912 3845 3176 3897 fremunt.
3209 3839 3260 3893 Is
3295 3839 3464 3892 Deum

1890 3956 2269 4016 comprecatus
2310 3943 2482 4013 prius,
2531 3940 2678 4010 ligno
2709 3936 2947 4007 quodam
2993 3933 3047 3988 in
3075 3939 3302 4001 puteum
3329 3942 3465 3982 con-

1887 4043 2056 4113 jecto,
2103 4052 2302 4108 aquam
2347 4035 2561 4088 dulcem
2599 4030 2799 4085 reddit.
2831 4025 3104 4099 Josepbus
3137 4037 3246 4076 non
3277 4019 3468 4074 crede-

227 4113 328 4213 πᾷξ
359 4113 489 4220 Μαρ
520 4113 682 4202 αὐτὸν
710 4113 981 4218 κληθῆναι
1001 4113 1160 4216 ’παρὰ
1190 4113 1608 4214 τωνἙϐραίων
1664 4113 1781 4206 συγ-

1895 4151 1954 4189 re
1978 4133 2219 4195 videtur,
2243 4131 2419 4201 {aquae
2445 4141 2697 4196 saporem
2731 4121 2995 4178 miraculo
3046 4125 3337 4178 mutatum,
3371 4113 3467 4166 sed

222 4207 511 4310 γράφεται,
541 4240 673 4311 Μὰρ
707 4239 770 4292 τὸ
803 4207 1043 4305 ’πικρὸν
1085 4207 1263 4303 λέγων
1308 4207 1449 4296 τοὺς·
1503 4229 1781 4302 Ἑϐραίους

1894 4226 2221 4280 naturaliter
2257 4221 2311 4277 id
2344 4219 2629 4276 accidisse.
2675 4216 2766 4270 Ait
2807 4213 2953 4267 enim
2999 4209 3199 4264 Mosem
3233 4207 3381 4276 ligno
3415 4207 3468 4256 in

225 4333 439 4386 καλεῖν·
476 4334 569 4386 καὶ
613 4331 711 4385 τοῦ
750 4326 1086 4400 δημαγωγοῦ
1134 4323 1568 4394 κατεγόγγυζον.
1623 4323 1684 4376 '0
1729 4321 1788 4375 δὲ

226 4425 323 4479 τοῦ
352 4425 482 4480 Θεοῦ
535 4426 803 4499 πρότερον
857 4422 1092 4494 δεηθεὶς,
1141 4420 1297 4485 ξύλον
1355 4417 1559 4482 λαϐὼν,
1605 4417 1687 4478 είς
1731 4415 1794 4468 τὸ

230 4518 406 4587 φρέαρ
429 4515 670 4579 ἐνέϐαλε,
699 4512 866 4567 καὶτὸ
888 4511 1033 4581 ὓδωρ
1064 4509 1390 4578 ὲγλύκανεν.
1427 4500 1487 4560 '0
1507 4505 1565 4560 δὲ
1602 4503 1794 4574 Ἰώση-

232 4625 335 4672 πος
364 4607 499 4661 ἔοικε
544 4607 621 4680 μὴ
655 4603 929 4659 πιστεύων
961 4603 1039 4666 ὡς
1089 4600 1332 4672 θαύματι
1387 4603 1454 4671 τῇ
1496 4597 1794 4667 γλυκάνσει

231 4699 328 4752 τοῦ
358 4698 566 4763 ὓδατος,
598 4697 734 4752 ἀλλὰ
772 4694 1018 4766 φυσικῶς
1047 4693 1179 4748 αὐτὸ
1215 4691 1594 4762 γλυκανθῆναι
1630 4689 1800 4766 δοξά-

235 4789 363 4853 ζων.
401 4790 556 4856 Λέγει
585 4782 715 4857 γὰρ,
747 4787 828 4841 ὅτι
865 4786 925 4839 τὸ
955 4780 1156 4851 ξύλονὸ
1181 4783 1425 4852 Μωΰσῆς
1455 4784 1534 4846 είς
1565 4765 1633 4835 τὸ,
1653 4780 1798 4854 ὕδωρ

238 4879 434 4948 βαλὼν,
495 4881 767 4946 ἐξαντλεῖν
822 4879 883 4932 τδ
927 4877 1111 4950 φρέαρ
1147 4876 1394 4938 ἐκέλευε,
1457 4874 1551 4927 καὶ
1599 4873 1649 4926 οἱ
1700 4873 1800 4942 μὲν

239 4974 484 5027 ἐπόνουν.
518 4974 591 5026 Τὸ
618 4972 663 5025 δ’
700 4971 804 5024 ὑπὸ
835 4969 942 5024 τῶν
971 4967 1213 5040 συνεχῶν
1240 4965 1469 5036 πληγῶν
1521 4980 1804 5033 γεγυμνα-

241 5066 456 5133 σμένον,
486 5065 578 5118 xui
613 5061 1050 5130 κεκαθαρμένον,
1081 5060 1184 5131 ήδη
1205 5058 1440 5129 πότιμον
1471 5052 1560 5127 ἦν.
1603 5053 1715 5126 Τὴν
1743 5054 1802 5108 δὲ

238 5157 354 5210 τῶν
384 5157 597 5228 τροφῶν
627 5156 836 5209 ἔνδειαν
893 5153 1106 5217 ἰάσατο,
1145 5151 1240 5205 τοῦ
1291 5149 1426 5204 Θεοῦ
1484 5146 1700 5216 δεηθεὶς
1730 5144 1800 5198 δι’

242 5249 502 5319 ὀρτύγων.
543 5249 878 5317 Ἐφίπταται
898 5245 1005 5318 γὰρ
1035 5245 1104 5315 τῇ
1130 5245 1241 5298 τῶν
1277 5240 1546 5314 Ἐϐραίων
1580 5255 1800 5309 trapeti—

245 5343 380 5414 ϐολῇ
408 5344 598 5412 πλῆθος
623 5339 876 5413 ὀρτύγων
913 5337 1009 5402 οὒς
1060 5337 1420 5400 συλλαϐόντες
1451 5333 1662 5406 ἤσθιον,
1704 5330 1805 5384 καὶ

1892 4330 2089 4386 aquam
2145 4315 2415 4382 conjecto,
2479 4303 2758 4364 exhauriri
2821 4315 3016 4370 aquam
3066 4295 3296 4367 iussisse
3343 4310 3356 4346 :
3410 4306 3472 4344 ar

1893 4382 2024 4458 dum
2059 4401 2135 4456 illi
2172 4399 2366 4454 intenti
2407 4402 2594 4452 essent
2621 4390 2796 4463 operi,
2829 4404 3026 4460 aquam
3060 4382 3472 4442 continentibus

1892 4495 2092 4551 ictibus
2123 4491 2476 4548 exercitatam
2516 4496 2572 4542 et
2619 4491 2994 4554 expurgatam,
3025 4476 3317 4550 potabilcm
3350 4484 3471 4530 tan-

1897 4590 2021 4644 dem
2048 4600 2170 4644 esse
2199 4584 2416 4638 factam.
2451 4578 2796 4636 Cibariorum
2831 4575 2960 4628 item
3010 4569 3250 4642 penuria:
3281 4581 3472 4621 occur-

1900 4682 1993 4746 rit,
2041 4677 2152 4732 Deo
2197 4678 2469 4736 invocato,
2521 4686 2616 4738 per
2652 4666 2983 4726 coturnices,
3002 4677 3235 4735 quarum
3287 4659 3474 4728 ingens

1901 4770 2197 4828 multitudo
2250 4767 2308 4822 in
2357 4774 2534 4821 castra
2588 4761 2944 4816 Hebraeorum
2990 4755 3170 4812 delata
3208 4759 3264 4806 et
3298 4760 3474 4819 capta,

1902 4866 2100 4921 famem
2142 4861 2318 4918 sedat.
2347 4856 2554 4922 Deinde
2596 4868 2846 4916 mannam
2877 4849 3018 4920 pluit
3049 4847 3131 4902 eis
3160 4847 3324 4907 Deus,
3359 4842 3482 4896 dul-

1903 4958 2096 5016 cedine
2138 4953 2283 5009 melli
2321 4965 2531 5022 parem,
2569 4943 2942 5020 magnitudine
2982 4954 3152 5012 grano
3201 4934 3477 4993 coriandri

1904 5049 2160 5106 similem.
2213 5045 2319 5100 Est-
2348 5053 2530 5097 autem
2577 5039 2772 5100 Manna
2814 5035 2882 5090 ab
2914 5033 2995 5092 eis
3029 5030 3316 5106 appellata,
3351 5039 3473 5078 cum

1907 5143 2226 5198 dubitarent
2277 5135 2407 5208 quid
2469 5134 2547 5188 rei
2595 5138 2759 5188 esset.
2819 5126 2940 5182 Man
2970 5125 3118 5185 enim
3150 5123 3331 5187 lingua
3364 5115 3478 5208 illa

1911 5229 2360 5302 interrogationis
2389 5240 2606 5298 quoque
2634 5233 2763 5277 nota
2795 5228 2877 5275 est
2907 5237 2920 5273 :
2955 5217 3034 5278 sic
3060 5213 3330 5280 Josephus
3362 5207 3480 5260 haec

1914 5322 2102 5378 tradit.
2167 5323 2363 5378 Jussus
2428 5329 2611 5372 autem
2675 5323 2796 5372 erat
2853 5308 3085 5381 quilibet
3147 5303 3477 5362 Assaronem

1422 5470 1628 5534 Variae
1680 5468 1982 5531 lectiones
2013 5469 2076 5526 et
2099 5469 2287 5523 noue.

331 5610 433 5677 (37)
457 5612 746 5668 Ξανθικοῦ
769 5611 1006 5680 πέμπτῃ
1047 5600 1392 5680 καὶ-δεκάτη
1439 5599 1586 5654 κατὰ
1615 5596 1799 5680 aedri-

251 5667 391 5752 ’ῥητὴ
421 5667 662 5737 Xanthici
704 5697 798 5736 seu
831 5667 1029 5749 Aprilis
1061 5675 1275 5752 dccimo_
1305 5667 1484 5752 quinto
1517 5667 1801 5752 secundum

259 5739 458 5806 iam»...
489 5754 812 5822 Ambiguum
843 5739 930 5805 est
967 5757 1151 5800 utrum
1195 5744 1297 5797 sub
1318 5739 1502 5797 ortum
1539 5739 1704 5802 lunae,
1732 5753 1802 5791 an

1909 5605 2099 5647 mense
2128 5585 2327 5646 lunari.
2357 5582 2536 5653 inquit
2569 5579 2818 5653 Wolfius.

1982 5633 2782 5732 (ﬁsi_‘E§[é}5§r}}}¢§§_“ita
2828 5647 2961 5716 Reg.
3009 5652 3062 5699 et
3109 5641 3353 5699 Colbert.
3407 5633 3458 5689 ιι

1911 5719 2202 5801 ιπίτρέψῃ.
2233 5719 2358 5782 cod.
2391 5725 2528 5778 alter
2553 5719 2752 5776 Wolfii.
