  <div class='ocr_page' id='page_1' title='image "/cluster/home/n/w/nwhite01/storage/ocr_20150623/134/mdp.39015032023197/053.png"; bbox 0 0 3964 6252; ppageno 0'>
   <div class='ocr_carea' id='block_1_1' title="bbox 460 330 3707 418">
    <p class='ocr_par' dir='ltr' id='par_1_1' title="bbox 460 330 3707 418">
     <span class='ocr_line' id='line_1_1' title="bbox 460 330 3707 418; baseline -0.004 -10"><span class='ocrx_word' id='word_1_1' title='bbox 460 342 525 409; x_wconf 79' lang='lat'><strong>91</strong></span> <span class='ocrx_word' id='word_1_2' title='bbox 1724 336 2043 403; x_wconf 81' lang='lat' dir='ltr'><strong>JOANNIS</strong></span> <span class='ocrx_word' id='word_1_3' title='bbox 2080 335 2404 418; x_wconf 69' lang='lat' dir='ltr'><strong>ZONARIE</strong></span> <span class='ocrx_word' id='word_1_4' title='bbox 3046 396 3049 399; x_wconf 68' lang='lat'><strong>,</strong></span> <span class='ocrx_word' id='word_1_5' title='bbox 3262 394 3267 397; x_wconf 93' lang='lat'><em>_</em></span> <span class='ocrx_word' id='word_1_6' title='bbox 3638 330 3707 396; x_wconf 65' lang='grc' dir='ltr'><strong>οε</strong></span> 
     </span>
    </p>
   </div>
   <div class='ocr_carea' id='block_1_2' title="bbox 456 448 2033 532">
    <p class='ocr_par' dir='ltr' id='par_1_2' title="bbox 456 455 2033 532">
     <span class='ocr_line' id='line_1_2' title="bbox 456 455 2033 532; baseline 0 -19"><span class='ocrx_word' id='word_1_7' title='bbox 456 473 751 532; x_wconf 70' lang='grc' dir='ltr'>υιιθιιευιτο</span> <span class='ocrx_word' id='word_1_8' title='bbox 800 455 855 512; x_wconf 88' lang='lat' dir='ltr'><strong>id</strong></span> <span class='ocrx_word' id='word_1_9' title='bbox 913 468 1087 527; x_wconf 83' lang='lat' dir='ltr'><strong>genus</strong></span> <span class='ocrx_word' id='word_1_10' title='bbox 1134 456 1239 528; x_wconf 84' lang='lat' dir='ltr'><strong>est)</strong></span> <span class='ocrx_word' id='word_1_11' title='bbox 1285 471 1350 514; x_wconf 79' lang='lat' dir='ltr'><strong>ex</strong></span> <span class='ocrx_word' id='word_1_12' title='bbox 1398 472 1466 513; x_wconf 89' lang='lat' dir='ltr'><strong>eo</strong></span> <span class='ocrx_word' id='word_1_13' title='bbox 1512 457 1812 528; x_wconf 82' lang='lat' dir='ltr'><strong>colligere:</strong></span> <span class='ocrx_word' id='word_1_14' title='bbox 1851 473 1961 529; x_wconf 92' lang='lat' dir='ltr'><strong>quo</strong></span> <span class='ocrx_word' id='word_1_15' title='bbox 1990 458 2033 513; x_wconf 93' lang='lat' dir='ltr'><strong>si</strong></span> 
     </span>
    </p>
   </div>
   <div class='ocr_carea' id='block_1_3' title="bbox 2136 448 3709 532">
    <p class='ocr_par' dir='ltr' id='par_1_3' title="bbox 2143 448 3709 523">
     <span class='ocr_line' id='line_1_3' title="bbox 2143 448 3709 523; baseline -0.003 -13"><span class='ocrx_word' id='word_1_16' title='bbox 2143 457 2238 511; x_wconf 77' lang='grc' dir='ltr'>ἐπὶ</span> <span class='ocrx_word' id='word_1_17' title='bbox 2277 455 2492 518; x_wconf 87' lang='grc' dir='ltr'><strong>τούτοις</strong></span> <span class='ocrx_word' id='word_1_18' title='bbox 2520 451 2581 507; x_wconf 79' lang='grc' dir='ltr'>τὸ</span> <span class='ocrx_word' id='word_1_19' title='bbox 2612 450 2805 507; x_wconf 77' lang='grc' dir='ltr'>Μάννα</span> <span class='ocrx_word' id='word_1_20' title='bbox 2837 448 2969 505; x_wconf 78' lang='grc' dir='ltr'>ὗσεν</span> <span class='ocrx_word' id='word_1_21' title='bbox 3007 451 3193 518; x_wconf 76' lang='grc' dir='ltr'>αὐτοῖς</span> <span class='ocrx_word' id='word_1_22' title='bbox 3256 452 3285 507; x_wconf 85' lang='lat'><strong>6</strong></span> <span class='ocrx_word' id='word_1_23' title='bbox 3327 450 3481 516; x_wconf 80' lang='grc' dir='ltr'>Θέδς,</span> <span class='ocrx_word' id='word_1_24' title='bbox 3527 452 3709 523; x_wconf 83' lang='grc' dir='ltr'>μέλιτι</span> 
     </span>
    </p>
   </div>
   <div class='ocr_carea' id='block_1_4' title="bbox 454 548 2031 621">
    <p class='ocr_par' dir='ltr' id='par_1_4' title="bbox 454 548 2031 621">
     <span class='ocr_line' id='line_1_4' title="bbox 454 548 2031 621; baseline 0 -17"><span class='ocrx_word' id='word_1_25' title='bbox 454 553 580 621; x_wconf 98' lang='lat' dir='ltr'><strong>quis</strong></span> <span class='ocrx_word' id='word_1_26' title='bbox 624 551 747 620; x_wconf 84' lang='lat' dir='ltr'><strong>plus</strong></span> <span class='ocrx_word' id='word_1_27' title='bbox 790 549 1120 619; x_wconf 76' lang='lat' dir='ltr'><strong>collegisset,</strong></span> <span class='ocrx_word' id='word_1_28' title='bbox 1167 548 1433 618; x_wconf 81' lang='lat' dir='ltr'><strong>postridie</strong></span> <span class='ocrx_word' id='word_1_29' title='bbox 1485 564 1592 603; x_wconf 90' lang='lat' dir='ltr'><strong>non</strong></span> <span class='ocrx_word' id='word_1_30' title='bbox 1618 557 1737 603; x_wconf 90' lang='lat' dir='ltr'><strong>erat</strong></span> <span class='ocrx_word' id='word_1_31' title='bbox 1781 551 1921 615; x_wconf 87' lang='lat' dir='ltr'><strong>esui,</strong></span> <span class='ocrx_word' id='word_1_32' title='bbox 1976 558 2031 604; x_wconf 90' lang='lat' dir='ltr'><strong>et</strong></span> 
     </span>
    </p>
   </div>
   <div class='ocr_carea' id='block_1_5' title="bbox 456 639 2032 709">
    <p class='ocr_par' dir='ltr' id='par_1_5' title="bbox 456 639 2032 709">
     <span class='ocr_line' id='line_1_5' title="bbox 456 639 2032 709; baseline 0 -15"><span class='ocrx_word' id='word_1_33' title='bbox 456 643 741 698; x_wconf 80' lang='lat' dir='ltr'><strong>vermibus</strong></span> <span class='ocrx_word' id='word_1_34' title='bbox 772 653 825 698; x_wconf 88' lang='lat' dir='ltr'><strong>et</strong></span> <span class='ocrx_word' id='word_1_35' title='bbox 852 640 1218 697; x_wconf 76' lang='lat' dir='ltr'><strong>amaritudine</strong></span> <span class='ocrx_word' id='word_1_36' title='bbox 1248 650 1594 709; x_wconf 90' lang='lat' dir='ltr'><strong>corruptum.</strong></span> <span class='ocrx_word' id='word_1_37' title='bbox 1622 639 1679 694; x_wconf 89' lang='lat' dir='ltr'><strong>Id</strong></span> <span class='ocrx_word' id='word_1_38' title='bbox 1710 656 1774 695; x_wconf 87' lang='lat' dir='ltr'><strong>eo</strong></span> <span class='ocrx_word' id='word_1_39' title='bbox 1798 641 2032 695; x_wconf 90' lang='lat' dir='ltr'><strong>consilio</strong></span> 
     </span>
    </p>
   </div>
   <div class='ocr_carea' id='block_1_6' title="bbox 453 734 2034 800">
    <p class='ocr_par' dir='ltr' id='par_1_6' title="bbox 453 734 2034 800">
     <span class='ocr_line' id='line_1_6' title="bbox 453 734 2034 800; baseline -0.003 -10"><span class='ocrx_word' id='word_1_40' title='bbox 453 735 682 800; x_wconf 77' lang='lat' dir='ltr'><strong>factum,</strong></span> <span class='ocrx_word' id='word_1_41' title='bbox 715 750 782 790; x_wconf 90' lang='lat' dir='ltr'><strong>ne</strong></span> <span class='ocrx_word' id='word_1_42' title='bbox 818 735 910 788; x_wconf 92' lang='lat' dir='ltr'><strong>ubi</strong></span> <span class='ocrx_word' id='word_1_43' title='bbox 949 734 1156 789; x_wconf 84' lang='lat' dir='ltr'><strong>robusti</strong></span> <span class='ocrx_word' id='word_1_44' title='bbox 1209 734 1438 788; x_wconf 89' lang='lat' dir='ltr'><strong>multum</strong></span> <span class='ocrx_word' id='word_1_45' title='bbox 1469 739 1903 798; x_wconf 85' lang='lat' dir='ltr'><strong>coacervassent,</strong></span> <span class='ocrx_word' id='word_1_46' title='bbox 1950 734 2034 786; x_wconf 93' lang='lat' dir='ltr'><strong>in-</strong></span> 
     </span>
    </p>
   </div>
   <div class='ocr_carea' id='block_1_7' title="bbox 457 824 2032 898">
    <p class='ocr_par' dir='ltr' id='par_1_7' title="bbox 457 824 2032 898">
     <span class='ocr_line' id='line_1_7' title="bbox 457 824 2032 898; baseline -0.003 -16"><span class='ocrx_word' id='word_1_47' title='bbox 457 829 601 882; x_wconf 76' lang='lat' dir='ltr'><strong>ﬁrmi</strong></span> <span class='ocrx_word' id='word_1_48' title='bbox 644 837 889 898; x_wconf 80' lang='lat' dir='ltr'><strong>egerent.</strong></span> <span class='ocrx_word' id='word_1_49' title='bbox 943 828 1056 882; x_wconf 85' lang='lat' dir='ltr'><strong>Hoc</strong></span> <span class='ocrx_word' id='word_1_50' title='bbox 1095 827 1244 881; x_wconf 86' lang='lat' dir='ltr'><strong>victu</strong></span> <span class='ocrx_word' id='word_1_51' title='bbox 1296 842 1469 881; x_wconf 87' lang='lat' dir='ltr'><strong>annos</strong></span> <span class='ocrx_word' id='word_1_52' title='bbox 1510 824 1868 895; x_wconf 75' lang='lat' dir='ltr'><strong>quadraginta</strong></span> <span class='ocrx_word' id='word_1_53' title='bbox 1903 832 2032 878; x_wconf 90' lang='lat' dir='ltr'><strong>sunt</strong></span> 
     </span>
    </p>
   </div>
   <div class='ocr_carea' id='block_1_8' title="bbox 458 916 2031 985">
    <p class='ocr_par' dir='ltr' id='par_1_8' title="bbox 458 916 2031 985">
     <span class='ocr_line' id='line_1_8' title="bbox 458 916 2031 985; baseline -0.003 -12"><span class='ocrx_word' id='word_1_54' title='bbox 458 921 561 985; x_wconf 87' lang='lat' dir='ltr'><strong>usi,</strong></span> <span class='ocrx_word' id='word_1_55' title='bbox 595 920 771 975; x_wconf 86' lang='lat' dir='ltr'><strong>donec</strong></span> <span class='ocrx_word' id='word_1_56' title='bbox 799 936 830 974; x_wconf 91' lang='lat' dir='ltr'><strong>e</strong></span> <span class='ocrx_word' id='word_1_57' title='bbox 863 920 1084 974; x_wconf 88' lang='lat' dir='ltr'><strong>deserto</strong></span> <span class='ocrx_word' id='word_1_58' title='bbox 1115 925 1489 973; x_wconf 84' lang='lat' dir='ltr'><strong>excesserunt.</strong></span> <span class='ocrx_word' id='word_1_59' title='bbox 1525 917 1714 972; x_wconf 87' lang='lat' dir='ltr'><strong>Denuo</strong></span> <span class='ocrx_word' id='word_1_60' title='bbox 1760 917 1812 969; x_wconf 88' lang='lat' dir='ltr'><strong>in</strong></span> <span class='ocrx_word' id='word_1_61' title='bbox 1852 916 2031 970; x_wconf 88' lang='lat' dir='ltr'><strong>locum</strong></span> 
     </span>
    </p>
   </div>
   <div class='ocr_carea' id='block_1_9' title="bbox 459 1008 2033 1085">
    <p class='ocr_par' dir='ltr' id='par_1_9' title="bbox 459 1008 2033 1085">
     <span class='ocr_line' id='line_1_9' title="bbox 459 1008 2033 1085; baseline -0.002 -18"><span class='ocrx_word' id='word_1_62' title='bbox 459 1029 726 1085; x_wconf 89' lang='lat' dir='ltr'><strong>aquarum</strong></span> <span class='ocrx_word' id='word_1_63' title='bbox 748 1021 1028 1084; x_wconf 88' lang='lat' dir='ltr'><strong>expertem</strong></span> <span class='ocrx_word' id='word_1_64' title='bbox 1055 1012 1347 1083; x_wconf 78' lang='lat' dir='ltr'><strong>progressi,</strong></span> <span class='ocrx_word' id='word_1_65' title='bbox 1374 1010 1595 1065; x_wconf 86' lang='lat' dir='ltr'><strong>nomine</strong></span> <span class='ocrx_word' id='word_1_66' title='bbox 1622 1009 1920 1080; x_wconf 79' lang='lat' dir='ltr'><strong>Rapliidin,</strong></span> <span class='ocrx_word' id='word_1_67' title='bbox 1942 1008 2033 1064; x_wconf 86' lang='lat' dir='ltr'><strong>siti</strong></span> 
     </span>
    </p>
   </div>
   <div class='ocr_carea' id='block_1_10' title="bbox 460 1102 2030 1172">
    <p class='ocr_par' dir='ltr' id='par_1_10' title="bbox 460 1102 2030 1172">
     <span class='ocr_line' id='line_1_10' title="bbox 460 1102 2030 1172; baseline -0.005 -10"><span class='ocrx_word' id='word_1_68' title='bbox 460 1119 656 1163; x_wconf 85' lang='lat' dir='ltr'><strong>contra</strong></span> <span class='ocrx_word' id='word_1_69' title='bbox 701 1106 906 1162; x_wconf 88' lang='lat' dir='ltr'><strong>Mosem</strong></span> <span class='ocrx_word' id='word_1_70' title='bbox 956 1106 1401 1162; x_wconf 89' lang='lat' dir='ltr'><strong>exstimulantur.</strong></span> <span class='ocrx_word' id='word_1_71' title='bbox 1448 1102 1496 1158; x_wconf 88' lang='lat' dir='ltr'><strong>Is</strong></span> <span class='ocrx_word' id='word_1_72' title='bbox 1534 1111 1789 1172; x_wconf 86' lang='lat' dir='ltr'><strong>precatus</strong></span> <span class='ocrx_word' id='word_1_73' title='bbox 1838 1102 2030 1165; x_wconf 90' lang='lat' dir='ltr'><strong>Deum,</strong></span> 
     </span>
    </p>
   </div>
   <div class='ocr_carea' id='block_1_11' title="bbox 452 1192 2035 1269">
    <p class='ocr_par' dir='ltr' id='par_1_11' title="bbox 452 1192 2035 1269">
     <span class='ocr_line' id='line_1_11' title="bbox 452 1192 2035 1269; baseline -0.004 -18"><span class='ocrx_word' id='word_1_74' title='bbox 452 1199 676 1269; x_wconf 84' lang='lat' dir='ltr'><strong>jubetur</strong></span> <span class='ocrx_word' id='word_1_75' title='bbox 722 1197 915 1252; x_wconf 85' lang='lat' dir='ltr'><strong>baculo</strong></span> <span class='ocrx_word' id='word_1_76' title='bbox 942 1205 1225 1266; x_wconf 89' lang='lat' dir='ltr'><strong>percutere</strong></span> <span class='ocrx_word' id='word_1_77' title='bbox 1254 1202 1503 1264; x_wconf 87' lang='lat' dir='ltr'><strong>petram:</strong></span> <span class='ocrx_word' id='word_1_78' title='bbox 1540 1209 1650 1264; x_wconf 90' lang='lat' dir='ltr'><strong>quo</strong></span> <span class='ocrx_word' id='word_1_79' title='bbox 1680 1192 1846 1255; x_wconf 82' lang='lat' dir='ltr'><strong>facto,</strong></span> <span class='ocrx_word' id='word_1_80' title='bbox 1880 1206 2035 1262; x_wconf 72' lang='lat' dir='ltr'><strong>aqua:</strong></span> 
     </span>
    </p>
   </div>
   <div class='ocr_carea' id='block_1_12' title="bbox 458 1282 2032 1357">
    <p class='ocr_par' dir='ltr' id='par_1_12' title="bbox 458 1282 2032 1357">
     <span class='ocr_line' id='line_1_12' title="bbox 458 1282 2032 1357; baseline -0.004 -15"><span class='ocrx_word' id='word_1_81' title='bbox 458 1287 855 1357; x_wconf 85' lang='lat' dir='ltr'><strong>limpidissimae</strong></span> <span class='ocrx_word' id='word_1_82' title='bbox 887 1286 1043 1355; x_wconf 89' lang='lat' dir='ltr'><strong>copia</strong></span> <span class='ocrx_word' id='word_1_83' title='bbox 1064 1285 1322 1354; x_wconf 89' lang='lat' dir='ltr'><strong>erumpit.</strong></span> <span class='ocrx_word' id='word_1_84' title='bbox 1353 1284 1482 1339; x_wconf 90' lang='lat' dir='ltr'><strong>Inde</strong></span> <span class='ocrx_word' id='word_1_85' title='bbox 1500 1283 1872 1348; x_wconf 66' lang='lat' dir='ltr'><strong>Amalecliitae,</strong></span> <span class='ocrx_word' id='word_1_86' title='bbox 1908 1282 2032 1336; x_wconf 84' lang='lat' dir='ltr'><strong>lini-</strong></span> 
     </span>
    </p>
   </div>
   <div class='ocr_carea' id='block_1_13' title="bbox 467 1373 2036 1440">
    <p class='ocr_par' dir='ltr' id='par_1_13' title="bbox 467 1373 2036 1440">
     <span class='ocr_line' id='line_1_13' title="bbox 467 1373 2036 1440; baseline -0.001 -10"><span class='ocrx_word' id='word_1_87' title='bbox 467 1379 618 1434; x_wconf 76' lang='lat' dir='ltr'><strong>timis</strong></span> <span class='ocrx_word' id='word_1_88' title='bbox 655 1377 818 1433; x_wconf 88' lang='lat' dir='ltr'><strong>etiam</strong></span> <span class='ocrx_word' id='word_1_89' title='bbox 861 1379 917 1431; x_wconf 91' lang='lat' dir='ltr'><strong>in</strong></span> <span class='ocrx_word' id='word_1_90' title='bbox 963 1377 1225 1431; x_wconf 83' lang='lat' dir='ltr'><strong>auxilium</strong></span> <span class='ocrx_word' id='word_1_91' title='bbox 1270 1375 1531 1440; x_wconf 86' lang='lat' dir='ltr'><strong>evocatis,</strong></span> <span class='ocrx_word' id='word_1_92' title='bbox 1554 1383 1745 1429; x_wconf 88' lang='lat' dir='ltr'><strong>contra</strong></span> <span class='ocrx_word' id='word_1_93' title='bbox 1778 1373 2036 1428; x_wconf 72' lang='lat' dir='ltr'><strong>Hebraeos</strong></span> 
     </span>
    </p>
   </div>
   <div class='ocr_carea' id='block_1_14' title="bbox 458 1464 2033 1536">
    <p class='ocr_par' dir='ltr' id='par_1_14' title="bbox 458 1464 2033 1536">
     <span class='ocr_line' id='line_1_14' title="bbox 458 1464 2033 1536; baseline -0.004 -14"><span class='ocrx_word' id='word_1_94' title='bbox 458 1468 788 1536; x_wconf 84' lang='lat' dir='ltr'><strong>procedunt.</strong></span> <span class='ocrx_word' id='word_1_95' title='bbox 837 1466 1015 1523; x_wconf 87' lang='lat' dir='ltr'><strong>Moses</strong></span> <span class='ocrx_word' id='word_1_96' title='bbox 1047 1466 1324 1522; x_wconf 80' lang='lat' dir='ltr'><strong>bellicosis</strong></span> <span class='ocrx_word' id='word_1_97' title='bbox 1364 1481 1394 1521; x_wconf 91' lang='lat' dir='ltr'><strong>a</strong></span> <span class='ocrx_word' id='word_1_98' title='bbox 1427 1467 1634 1536; x_wconf 87' lang='lat' dir='ltr'><strong>reliqua</strong></span> <span class='ocrx_word' id='word_1_99' title='bbox 1668 1464 1824 1520; x_wconf 89' lang='lat' dir='ltr'><strong>turba</strong></span> <span class='ocrx_word' id='word_1_100' title='bbox 1852 1479 2033 1532; x_wconf 85' lang='lat' dir='ltr'><strong>segre-</strong></span> 
     </span>
    </p>
   </div>
   <div class='ocr_carea' id='block_1_15' title="bbox 461 1557 2036 1628">
    <p class='ocr_par' dir='ltr' id='par_1_15' title="bbox 461 1557 2036 1628">
     <span class='ocr_line' id='line_1_15' title="bbox 461 1557 2036 1628; baseline -0.002 -18"><span class='ocrx_word' id='word_1_101' title='bbox 461 1559 622 1628; x_wconf 80' lang='lat' dir='ltr'><strong>gatis,</strong></span> <span class='ocrx_word' id='word_1_102' title='bbox 679 1566 736 1613; x_wconf 88' lang='lat' dir='ltr'><strong>et</strong></span> <span class='ocrx_word' id='word_1_103' title='bbox 781 1558 911 1613; x_wconf 82' lang='lat' dir='ltr'><strong>Jesu</strong></span> <span class='ocrx_word' id='word_1_104' title='bbox 966 1558 1130 1613; x_wconf 82' lang='lat' dir='ltr'><strong>Navis</strong></span> <span class='ocrx_word' id='word_1_105' title='bbox 1180 1558 1293 1612; x_wconf 84' lang='lat' dir='ltr'><strong>tilio</strong></span> <span class='ocrx_word' id='word_1_106' title='bbox 1340 1557 1480 1613; x_wconf 86' lang='lat' dir='ltr'><strong>duce</strong></span> <span class='ocrx_word' id='word_1_107' title='bbox 1521 1567 1729 1622; x_wconf 87' lang='lat' dir='ltr'><strong>creato,</strong></span> <span class='ocrx_word' id='word_1_108' title='bbox 1781 1571 1845 1611; x_wconf 84' lang='lat' dir='ltr'><strong>ac</strong></span> <span class='ocrx_word' id='word_1_109' title='bbox 1878 1564 2036 1624; x_wconf 88' lang='lat' dir='ltr'><strong>parte</strong></span> 
     </span>
    </p>
   </div>
   <div class='ocr_carea' id='block_1_16' title="bbox 460 1649 2038 1720">
    <p class='ocr_par' dir='ltr' id='par_1_16' title="bbox 460 1649 2038 1720">
     <span class='ocr_line' id='line_1_16' title="bbox 460 1649 2038 1720; baseline -0.003 -14"><span class='ocrx_word' id='word_1_110' title='bbox 460 1651 740 1706; x_wconf 84' lang='lat' dir='ltr'><strong>exercitus</strong></span> <span class='ocrx_word' id='word_1_111' title='bbox 771 1650 839 1705; x_wconf 88' lang='lat' dir='ltr'><strong>ad</strong></span> <span class='ocrx_word' id='word_1_112' title='bbox 864 1666 1130 1719; x_wconf 90' lang='lat' dir='ltr'><strong>aquarum</strong></span> <span class='ocrx_word' id='word_1_113' title='bbox 1152 1650 1458 1706; x_wconf 88' lang='lat' dir='ltr'><strong>custodiam</strong></span> <span class='ocrx_word' id='word_1_114' title='bbox 1491 1649 1599 1720; x_wconf 81' lang='lat'><strong>37</strong></span> <span class='ocrx_word' id='word_1_115' title='bbox 1642 1649 1859 1715; x_wconf 90' lang='lat' dir='ltr'><strong>relicta,</strong></span> <span class='ocrx_word' id='word_1_116' title='bbox 1919 1650 2038 1717; x_wconf 89' lang='lat' dir='ltr'><strong>ipse</strong></span> 
     </span>
    </p>
   </div>
   <div class='ocr_carea' id='block_1_17' title="bbox 462 1739 2037 1812">
    <p class='ocr_par' dir='ltr' id='par_1_17' title="bbox 462 1739 2037 1812">
     <span class='ocr_line' id='line_1_17' title="bbox 462 1739 2037 1812; baseline -0.001 -18"><span class='ocrx_word' id='word_1_117' title='bbox 462 1750 704 1797; x_wconf 90' lang='lat' dir='ltr'><strong>montem</strong></span> <span class='ocrx_word' id='word_1_118' title='bbox 730 1741 1048 1797; x_wconf 88' lang='lat' dir='ltr'><strong>conscendit</strong></span> <span class='ocrx_word' id='word_1_119' title='bbox 1078 1760 1092 1796; x_wconf 91' lang='lat'><strong>:</strong></span> <span class='ocrx_word' id='word_1_120' title='bbox 1134 1742 1375 1812; x_wconf 88' lang='lat' dir='ltr'><strong>Jesuque</strong></span> <span class='ocrx_word' id='word_1_121' title='bbox 1416 1742 1659 1805; x_wconf 89' lang='lat' dir='ltr'><strong>mandat,</strong></span> <span class='ocrx_word' id='word_1_122' title='bbox 1690 1751 1750 1795; x_wconf 91' lang='lat' dir='ltr'><strong>ut</strong></span> <span class='ocrx_word' id='word_1_123' title='bbox 1787 1741 1898 1795; x_wconf 88' lang='lat' dir='ltr'><strong>Deo</strong></span> <span class='ocrx_word' id='word_1_124' title='bbox 1931 1739 2037 1793; x_wconf 83' lang='lat' dir='ltr'><strong>fre-</strong></span> 
     </span>
    </p>
   </div>
   <div class='ocr_carea' id='block_1_18' title="bbox 2135 542 3709 621">
    <p class='ocr_par' dir='ltr' id='par_1_18' title="bbox 2135 542 3709 621">
     <span class='ocr_line' id='line_1_18' title="bbox 2135 542 3709 621; baseline -0.001 -20"><span class='ocrx_word' id='word_1_125' title='bbox 2135 548 2239 621; x_wconf 81' lang='grc' dir='ltr'>μὲν</span> <span class='ocrx_word' id='word_1_126' title='bbox 2264 549 2364 620; x_wconf 80' lang='grc' dir='ltr'>τὴν</span> <span class='ocrx_word' id='word_1_127' title='bbox 2390 546 2583 618; x_wconf 78' lang='grc' dir='ltr'>ἡδονὴν</span> <span class='ocrx_word' id='word_1_128' title='bbox 2617 543 2883 616; x_wconf 74' lang='grc' dir='ltr'>ἐμφερὲς,</span> <span class='ocrx_word' id='word_1_129' title='bbox 2919 543 2980 597; x_wconf 85' lang='grc' dir='ltr'>τὸ</span> <span class='ocrx_word' id='word_1_130' title='bbox 3007 542 3063 596; x_wconf 84' lang='grc' dir='ltr'>δὲ</span> <span class='ocrx_word' id='word_1_131' title='bbox 3119 543 3353 615; x_wconf 87' lang='grc' dir='ltr'>μέγεθος</span> <span class='ocrx_word' id='word_1_132' title='bbox 3388 546 3709 617; x_wconf 82' lang='grc' dir='ltr'>κοριὰνδρου</span> 
     </span>
    </p>
   </div>
   <div class='ocr_carea' id='block_1_19' title="bbox 2134 637 3709 714">
    <p class='ocr_par' dir='ltr' id='par_1_19' title="bbox 2134 637 3709 714">
     <span class='ocr_line' id='line_1_19' title="bbox 2134 637 3709 714; baseline -0.004 -17"><span class='ocrx_word' id='word_1_133' title='bbox 2134 644 2413 714; x_wconf 87' lang='grc' dir='ltr'>σπέρματι</span> <span class='ocrx_word' id='word_1_134' title='bbox 2450 643 2660 711; x_wconf 84' lang='grc' dir='ltr'>ὅμοιον.</span> <span class='ocrx_word' id='word_1_135' title='bbox 2717 640 2913 695; x_wconf 84' lang='grc' dir='ltr'>Μάννα</span> <span class='ocrx_word' id='word_1_136' title='bbox 2946 637 3003 691; x_wconf 85' lang='grc' dir='ltr'>δὲ</span> <span class='ocrx_word' id='word_1_137' title='bbox 3040 637 3176 710; x_wconf 85' lang='grc' dir='ltr'>παρ’</span> <span class='ocrx_word' id='word_1_138' title='bbox 3224 638 3450 691; x_wconf 85' lang='grc' dir='ltr'>ἐκείνων</span> <span class='ocrx_word' id='word_1_139' title='bbox 3486 638 3709 709; x_wconf 83' lang='grc' dir='ltr'>κληθὲν,</span> 
     </span>
    </p>
   </div>
   <div class='ocr_carea' id='block_1_20' title="bbox 2132 728 3712 806">
    <p class='ocr_par' dir='ltr' id='par_1_20' title="bbox 2132 728 3712 806">
     <span class='ocr_line' id='line_1_20' title="bbox 2132 728 3712 806; baseline -0.004 -19"><span class='ocrx_word' id='word_1_140' title='bbox 2132 734 2209 797; x_wconf 87' lang='grc' dir='ltr'>ὡς</span> <span class='ocrx_word' id='word_1_141' title='bbox 2233 733 2585 806; x_wconf 77' lang='grc' dir='ltr'><strong>ἀπορούντων</strong></span> <span class='ocrx_word' id='word_1_142' title='bbox 2621 731 2675 784; x_wconf 84' lang='grc' dir='ltr'><strong>τί</strong></span> <span class='ocrx_word' id='word_1_143' title='bbox 2722 730 2787 785; x_wconf 80' lang='grc' dir='ltr'>ἂν</span> <span class='ocrx_word' id='word_1_144' title='bbox 2828 730 2914 800; x_wconf 78' lang='grc' dir='ltr'>εἴη</span> <span class='ocrx_word' id='word_1_145' title='bbox 2956 728 3107 784; x_wconf 83' lang='grc' dir='ltr'>αὐτό.</span> <span class='ocrx_word' id='word_1_146' title='bbox 3161 728 3236 782; x_wconf 83' lang='grc' dir='ltr'><strong>Τὸ</strong></span> <span class='ocrx_word' id='word_1_147' title='bbox 3285 728 3396 800; x_wconf 80' lang='grc' dir='ltr'>γὰρ</span> <span class='ocrx_word' id='word_1_148' title='bbox 3438 729 3566 783; x_wconf 84' lang='grc' dir='ltr'><strong>Μάν</strong></span> <span class='ocrx_word' id='word_1_149' title='bbox 3615 731 3712 784; x_wconf 77' lang='grc' dir='ltr'>καὶ</span> 
     </span>
    </p>
   </div>
   <div class='ocr_carea' id='block_1_21' title="bbox 2134 820 3707 898">
    <p class='ocr_par' dir='ltr' id='par_1_21' title="bbox 2134 820 3707 898">
     <span class='ocr_line' id='line_1_21' title="bbox 2134 820 3707 898; baseline -0.003 -19"><span class='ocrx_word' id='word_1_150' title='bbox 2134 826 2478 898; x_wconf 82' lang='grc' dir='ltr'>ἐπερώτησιν</span> <span class='ocrx_word' id='word_1_151' title='bbox 2533 824 2706 895; x_wconf 77' lang='grc' dir='ltr'>δηλοῖ,</span> <span class='ocrx_word' id='word_1_152' title='bbox 2762 823 2905 876; x_wconf 88' lang='grc' dir='ltr'><strong>κατά</strong></span> <span class='ocrx_word' id='word_1_153' title='bbox 2956 820 3054 893; x_wconf 86' lang='grc' dir='ltr'>τὴν</span> <span class='ocrx_word' id='word_1_154' title='bbox 3125 821 3356 875; x_wconf 76' lang='grc' dir='ltr'><strong>ἐκείνων</strong></span> <span class='ocrx_word' id='word_1_155' title='bbox 3402 820 3707 875; x_wconf 80' lang='grc' dir='ltr'>διάλεκτον.</span> 
     </span>
    </p>
   </div>
   <div class='ocr_carea' id='block_1_22' title="bbox 2135 912 3710 986">
    <p class='ocr_par' dir='ltr' id='par_1_22' title="bbox 2135 912 3710 986">
     <span class='ocr_line' id='line_1_22' title="bbox 2135 912 3710 986; baseline -0.003 -14"><span class='ocrx_word' id='word_1_156' title='bbox 2135 916 2292 973; x_wconf 78' lang='grc' dir='ltr'>Οὕτω</span> <span class='ocrx_word' id='word_1_157' title='bbox 2319 919 2415 973; x_wconf 78' lang='grc' dir='ltr'>καὶ</span> <span class='ocrx_word' id='word_1_158' title='bbox 2452 917 2627 972; x_wconf 87' lang='grc' dir='ltr'>ταῦτα</span> <span class='ocrx_word' id='word_1_159' title='bbox 2676 914 2963 986; x_wconf 84' lang='grc' dir='ltr'>Ἰώσηπος.</span> <span class='ocrx_word' id='word_1_160' title='bbox 3025 913 3374 967; x_wconf 79' lang='grc' dir='ltr'>Ἐνετέταλτο</span> <span class='ocrx_word' id='word_1_161' title='bbox 3422 913 3480 966; x_wconf 78' lang='grc' dir='ltr'>δὲ</span> <span class='ocrx_word' id='word_1_162' title='bbox 3534 912 3710 968; x_wconf 76' lang='grc' dir='ltr'>ἀσσάο-</span> 
     </span>
    </p>
   </div>
   <div class='ocr_carea' id='block_1_23' title="bbox 2137 1003 3709 1085">
    <p class='ocr_par' dir='ltr' id='par_1_23' title="bbox 2137 1003 3709 1085">
     <span class='ocr_line' id='line_1_23' title="bbox 2137 1003 3709 1085; baseline -0.004 -20"><span class='ocrx_word' id='word_1_163' title='bbox 2137 1029 2283 1085; x_wconf 89' lang='grc' dir='ltr'>ρωνα</span> <span class='ocrx_word' id='word_1_164' title='bbox 2319 1012 2383 1064; x_wconf 83' lang='grc' dir='ltr'><strong>ἐκ</strong></span> <span class='ocrx_word' id='word_1_165' title='bbox 2411 1009 2605 1062; x_wconf 87' lang='grc' dir='ltr'>τούτου</span> <span class='ocrx_word' id='word_1_166' title='bbox 2654 1007 2884 1061; x_wconf 71' lang='grc' dir='ltr'>ἕκαστον</span> <span class='ocrx_word' id='word_1_167' title='bbox 2944 1005 3225 1074; x_wconf 83' lang='grc' dir='ltr'><strong>συλλέγειν</strong></span> <span class='ocrx_word' id='word_1_168' title='bbox 3258 1003 3319 1075; x_wconf 79' lang='lat'><em>(6</em></span> <span class='ocrx_word' id='word_1_169' title='bbox 3347 1004 3404 1056; x_wconf 82' lang='grc' dir='ltr'>δὲ</span> <span class='ocrx_word' id='word_1_170' title='bbox 3452 1005 3709 1077; x_wconf 78' lang='grc' dir='ltr'><strong>ἀσσάρων</strong></span> 
     </span>
    </p>
   </div>
   <div class='ocr_carea' id='block_1_24' title="bbox 2137 1095 3731 1171">
    <p class='ocr_par' dir='ltr' id='par_1_24' title="bbox 2137 1095 3731 1171">
     <span class='ocr_line' id='line_1_24' title="bbox 2137 1095 3731 1171; baseline -0.003 -18"><span class='ocrx_word' id='word_1_171' title='bbox 2137 1101 2338 1171; x_wconf 83' lang='grc' dir='ltr'><strong>μέτρον</strong></span> <span class='ocrx_word' id='word_1_172' title='bbox 2364 1099 2555 1167; x_wconf 59' lang='lat' dir='ltr'><strong>tactv):</strong></span> <span class='ocrx_word' id='word_1_173' title='bbox 2579 1099 2627 1151; x_wconf 83' lang='grc' dir='ltr'><strong>εί</strong></span> <span class='ocrx_word' id='word_1_174' title='bbox 2647 1097 2702 1150; x_wconf 87' lang='grc' dir='ltr'><strong>δέ</strong></span> <span class='ocrx_word' id='word_1_175' title='bbox 2732 1115 2816 1161; x_wconf 88' lang='grc' dir='ltr'><strong>τις</strong></span> <span class='ocrx_word' id='word_1_176' title='bbox 2846 1095 3008 1151; x_wconf 81' lang='grc' dir='ltr'>πλέον</span> <span class='ocrx_word' id='word_1_177' title='bbox 3042 1095 3347 1163; x_wconf 79' lang='grc' dir='ltr'><strong>συνέλεξεν,</strong></span> <span class='ocrx_word' id='word_1_178' title='bbox 3368 1096 3449 1158; x_wconf 86' lang='grc' dir='ltr'><strong>είς</strong></span> <span class='ocrx_word' id='word_1_179' title='bbox 3471 1096 3570 1165; x_wconf 79' lang='grc' dir='ltr'>τὴν</span> <span class='ocrx_word' id='word_1_180' title='bbox 3606 1095 3705 1151; x_wconf 75' lang='grc' dir='ltr'><strong>αὖ·</strong></span> <span class='ocrx_word' id='word_1_181' title='bbox 3728 1166 3731 1171; x_wconf 23' lang='grc' dir='ltr'><strong>η</strong></span> 
     </span>
    </p>
   </div>
   <div class='ocr_carea' id='block_1_25' title="bbox 2139 1187 3710 1264">
    <p class='ocr_par' dir='ltr' id='par_1_25' title="bbox 2139 1187 3710 1264">
     <span class='ocr_line' id='line_1_25' title="bbox 2139 1187 3710 1264; baseline -0.004 -18"><span class='ocrx_word' id='word_1_182' title='bbox 2139 1211 2252 1263; x_wconf 87' lang='grc' dir='ltr'>ριον</span> <span class='ocrx_word' id='word_1_183' title='bbox 2280 1193 2511 1264; x_wconf 79' lang='grc' dir='ltr'>ἄδροτον</span> <span class='ocrx_word' id='word_1_184' title='bbox 2567 1187 2659 1262; x_wconf 81' lang='grc' dir='ltr'>ἦν,</span> <span class='ocrx_word' id='word_1_185' title='bbox 2713 1188 2820 1243; x_wconf 79' lang='grc' dir='ltr'><strong>ὑπό</strong></span> <span class='ocrx_word' id='word_1_186' title='bbox 2860 1206 2921 1241; x_wconf 89' lang='grc' dir='ltr'><strong>τε</strong></span> <span class='ocrx_word' id='word_1_187' title='bbox 2981 1188 3289 1258; x_wconf 85' lang='grc' dir='ltr'><strong>σκωλήκων</strong></span> <span class='ocrx_word' id='word_1_188' title='bbox 3349 1189 3446 1241; x_wconf 76' lang='grc' dir='ltr'>καὶ</span> <span class='ocrx_word' id='word_1_189' title='bbox 3481 1187 3710 1259; x_wconf 78' lang='grc' dir='ltr'><strong>πικρίας</strong></span> 
     </span>
    </p>
   </div>
   <div class='ocr_carea' id='block_1_26' title="bbox 2135 1279 3709 1354">
    <p class='ocr_par' dir='ltr' id='par_1_26' title="bbox 2135 1279 3709 1354">
     <span class='ocr_line' id='line_1_26' title="bbox 2135 1279 3709 1354; baseline -0.003 -18"><span class='ocrx_word' id='word_1_190' title='bbox 2135 1282 2574 1354; x_wconf 86' lang='grc' dir='ltr'>διεφθαρμένων.</span> <span class='ocrx_word' id='word_1_191' title='bbox 2622 1279 2798 1334; x_wconf 88' lang='grc' dir='ltr'>Τοῦτο</span> <span class='ocrx_word' id='word_1_192' title='bbox 2849 1280 2906 1335; x_wconf 83' lang='grc' dir='ltr'>δὲ</span> <span class='ocrx_word' id='word_1_193' title='bbox 2958 1280 3303 1352; x_wconf 81' lang='grc' dir='ltr'>ᾠκονόμητο,</span> <span class='ocrx_word' id='word_1_194' title='bbox 3360 1281 3447 1335; x_wconf 82' lang='grc' dir='ltr'>ἴνα</span> <span class='ocrx_word' id='word_1_195' title='bbox 3488 1281 3566 1351; x_wconf 79' lang='grc' dir='ltr'>μὴ</span> <span class='ocrx_word' id='word_1_196' title='bbox 3600 1280 3709 1332; x_wconf 85' lang='grc' dir='ltr'>τῶν</span> 
     </span>
    </p>
   </div>
   <div class='ocr_carea' id='block_1_27' title="bbox 2135 1370 3710 1447">
    <p class='ocr_par' dir='ltr' id='par_1_27' title="bbox 2135 1370 3710 1447">
     <span class='ocr_line' id='line_1_27' title="bbox 2135 1370 3710 1447; baseline 0 -22"><span class='ocrx_word' id='word_1_197' title='bbox 2135 1374 2470 1445; x_wconf 76' lang='grc' dir='ltr'>ἐρρωμένων</span> <span class='ocrx_word' id='word_1_198' title='bbox 2506 1371 2642 1427; x_wconf 79' lang='grc' dir='ltr'>πολὺ</span> <span class='ocrx_word' id='word_1_199' title='bbox 2682 1372 3051 1441; x_wconf 84' lang='grc' dir='ltr'>συναγόντων,</span> <span class='ocrx_word' id='word_1_200' title='bbox 3097 1372 3359 1447; x_wconf 79' lang='grc' dir='ltr'>ἐπιλείπῃ</span> <span class='ocrx_word' id='word_1_201' title='bbox 3394 1374 3505 1436; x_wconf 82' lang='grc' dir='ltr'>τοῖς</span> <span class='ocrx_word' id='word_1_202' title='bbox 3548 1370 3710 1426; x_wconf 83' lang='grc' dir='ltr'>ἀσθε-</span> 
     </span>
    </p>
   </div>
   <div class='ocr_carea' id='block_1_28' title="bbox 2134 1463 3712 1535">
    <p class='ocr_par' dir='ltr' id='par_1_28' title="bbox 2134 1463 3712 1535">
     <span class='ocr_line' id='line_1_28' title="bbox 2134 1463 3712 1535; baseline -0.002 -17"><span class='ocrx_word' id='word_1_203' title='bbox 2134 1463 2274 1519; x_wconf 84' lang='grc' dir='ltr'>νέσι.</span> <span class='ocrx_word' id='word_1_204' title='bbox 2300 1464 2379 1534; x_wconf 81' lang='grc' dir='ltr'><strong>Τῇ</strong></span> <span class='ocrx_word' id='word_1_205' title='bbox 2413 1464 2470 1517; x_wconf 84' lang='grc' dir='ltr'>δὲ</span> <span class='ocrx_word' id='word_1_206' title='bbox 2504 1467 2679 1535; x_wconf 82' lang='grc' dir='ltr'>τροφῇ</span> <span class='ocrx_word' id='word_1_207' title='bbox 2731 1463 2907 1535; x_wconf 76' lang='grc' dir='ltr'>ταύτῃ</span> <span class='ocrx_word' id='word_1_208' title='bbox 2954 1464 3366 1534; x_wconf 84' lang='grc' dir='ltr'>τεσσαράκοντα</span> <span class='ocrx_word' id='word_1_209' title='bbox 3404 1464 3712 1534; x_wconf 79' lang='grc' dir='ltr'>ἐχρήσαντο</span> 
     </span>
    </p>
   </div>
   <div class='ocr_carea' id='block_1_29' title="bbox 2137 1556 3712 1633">
    <p class='ocr_par' dir='ltr' id='par_1_29' title="bbox 2137 1556 3712 1633">
     <span class='ocr_line' id='line_1_29' title="bbox 2137 1556 3712 1633; baseline -0.004 -17"><span class='ocrx_word' id='word_1_210' title='bbox 2137 1562 2334 1628; x_wconf 81' lang='grc' dir='ltr'>ἐτεσιν,</span> <span class='ocrx_word' id='word_1_211' title='bbox 2360 1562 2446 1631; x_wconf 82' lang='grc' dir='ltr'>ἐφ’</span> <span class='ocrx_word' id='word_1_212' title='bbox 2483 1563 2609 1615; x_wconf 80' lang='grc' dir='ltr'>ὅσον</span> <span class='ocrx_word' id='word_1_213' title='bbox 2642 1556 2786 1633; x_wconf 79' lang='grc' dir='ltr'>ἦσαν</span> <span class='ocrx_word' id='word_1_214' title='bbox 2833 1562 2891 1614; x_wconf 84' lang='grc' dir='ltr'><strong>ἐν</strong></span> <span class='ocrx_word' id='word_1_215' title='bbox 2926 1562 2991 1632; x_wconf 81' lang='grc' dir='ltr'>τῇ</span> <span class='ocrx_word' id='word_1_216' title='bbox 3037 1561 3252 1632; x_wconf 86' lang='grc' dir='ltr'>ἐρήμῳ.</span> <span class='ocrx_word' id='word_1_217' title='bbox 3300 1559 3465 1622; x_wconf 79' lang='grc' dir='ltr'>Αὖθις</span> <span class='ocrx_word' id='word_1_218' title='bbox 3507 1556 3599 1612; x_wconf 82' lang='grc' dir='ltr'><strong>οῦν</strong></span> <span class='ocrx_word' id='word_1_219' title='bbox 3631 1558 3712 1622; x_wconf 80' lang='grc' dir='ltr'><strong>είς</strong></span> 
     </span>
    </p>
   </div>
   <div class='ocr_carea' id='block_1_30' title="bbox 2136 1651 3713 1727">
    <p class='ocr_par' dir='ltr' id='par_1_30' title="bbox 2136 1651 3713 1727">
     <span class='ocr_line' id='line_1_30' title="bbox 2136 1651 3713 1727; baseline -0.006 -15"><span class='ocrx_word' id='word_1_220' title='bbox 2136 1656 2365 1727; x_wconf 80' lang='grc' dir='ltr'>ἄνυδρον</span> <span class='ocrx_word' id='word_1_221' title='bbox 2388 1652 2553 1723; x_wconf 86' lang='grc' dir='ltr'>ῆλθον</span> <span class='ocrx_word' id='word_1_222' title='bbox 2592 1654 2782 1719; x_wconf 83' lang='grc' dir='ltr'>τόπον,</span> <span class='ocrx_word' id='word_1_223' title='bbox 2816 1654 3160 1723; x_wconf 87' lang='grc' dir='ltr'>καλούμενον</span> <span class='ocrx_word' id='word_1_224' title='bbox 3201 1653 3473 1721; x_wconf 80' lang='grc' dir='ltr'>Ῥαφιδὶν,</span> <span class='ocrx_word' id='word_1_225' title='bbox 3504 1652 3603 1705; x_wconf 73' lang='grc' dir='ltr'>καὶ</span> <span class='ocrx_word' id='word_1_226' title='bbox 3634 1651 3713 1704; x_wconf 87' lang='grc' dir='ltr'>δι-</span> 
     </span>
    </p>
   </div>
   <div class='ocr_carea' id='block_1_31' title="bbox 2137 1742 3712 1816">
    <p class='ocr_par' dir='ltr' id='par_1_31' title="bbox 2137 1742 3712 1816">
     <span class='ocr_line' id='line_1_31' title="bbox 2137 1742 3712 1816; baseline -0.003 -15"><span class='ocrx_word' id='word_1_227' title='bbox 2137 1747 2317 1816; x_wconf 77' lang='grc' dir='ltr'>ψῶτες</span> <span class='ocrx_word' id='word_1_228' title='bbox 2346 1747 2485 1801; x_wconf 89' lang='grc' dir='ltr'><strong>κατά</strong></span> <span class='ocrx_word' id='word_1_229' title='bbox 2539 1746 2819 1809; x_wconf 83' lang='grc' dir='ltr'>Μωῦσέως</span> <span class='ocrx_word' id='word_1_230' title='bbox 2883 1744 3194 1816; x_wconf 83' lang='grc' dir='ltr'>κεκίνηντο.</span> <span class='ocrx_word' id='word_1_231' title='bbox 3235 1745 3293 1798; x_wconf 89' lang='grc' dir='ltr'><strong>Ὀ</strong></span> <span class='ocrx_word' id='word_1_232' title='bbox 3338 1743 3396 1798; x_wconf 83' lang='grc' dir='ltr'>δὲ</span> <span class='ocrx_word' id='word_1_233' title='bbox 3443 1742 3541 1797; x_wconf 88' lang='grc' dir='ltr'><strong>τοῦ</strong></span> <span class='ocrx_word' id='word_1_234' title='bbox 3576 1742 3712 1797; x_wconf 91' lang='grc' dir='ltr'>Θεοῦ</span> 
     </span>
    </p>
   </div>
   <div class='ocr_carea' id='block_1_32' title="bbox 462 1803 2033 1907">
    <p class='ocr_par' dir='ltr' id='par_1_32' title="bbox 462 1832 2033 1907">
     <span class='ocr_line' id='line_1_32' title="bbox 462 1832 2033 1907; baseline 0.004 -22"><span class='ocrx_word' id='word_1_235' title='bbox 462 1841 572 1898; x_wconf 88' lang='lat' dir='ltr'><strong>tus,</strong></span> <span class='ocrx_word' id='word_1_236' title='bbox 627 1842 817 1888; x_wconf 87' lang='lat' dir='ltr'><strong>contra</strong></span> <span class='ocrx_word' id='word_1_237' title='bbox 873 1832 1058 1889; x_wconf 84' lang='lat' dir='ltr'><strong>hostes</strong></span> <span class='ocrx_word' id='word_1_238' title='bbox 1104 1834 1305 1888; x_wconf 88' lang='lat' dir='ltr'><strong>educat</strong></span> <span class='ocrx_word' id='word_1_239' title='bbox 1355 1836 1560 1904; x_wconf 90' lang='lat' dir='ltr'><strong>copias.</strong></span> <span class='ocrx_word' id='word_1_240' title='bbox 1605 1835 1868 1893; x_wconf 84' lang='lat' dir='ltr'><strong>Conserta</strong></span> <span class='ocrx_word' id='word_1_241' title='bbox 1919 1837 2033 1907; x_wconf 87' lang='lat' dir='ltr'><strong>jam</strong></span> 
     </span>
    </p>
   </div>
   <div class='ocr_carea' id='block_1_33' title="bbox 2136 1803 3715 1907">
    <p class='ocr_par' dir='ltr' id='par_1_33' title="bbox 2139 1803 3715 1907">
     <span class='ocr_line' id='line_1_33' title="bbox 2139 1803 3715 1907; baseline -0.002 -16"><span class='ocrx_word' id='word_1_242' title='bbox 2139 1803 2680 1906; x_wconf 60' lang='lat' dir='ltr'><strong>6eq0€iq,xs).eésrat</strong></span> <span class='ocrx_word' id='word_1_243' title='bbox 2726 1803 2908 1907; x_wconf 67' lang='grc' dir='ltr'>ράῦδῳ</span> <span class='ocrx_word' id='word_1_244' title='bbox 2956 1803 3075 1905; x_wconf 48' lang='grc' dir='ltr'>τὴν.</span> <span class='ocrx_word' id='word_1_245' title='bbox 3097 1836 3308 1905; x_wconf 88' lang='grc' dir='ltr'>πέτραν</span> <span class='ocrx_word' id='word_1_246' title='bbox 3352 1834 3579 1904; x_wconf 81' lang='grc' dir='ltr'><strong>πλῆξαι,</strong></span> <span class='ocrx_word' id='word_1_247' title='bbox 3618 1835 3715 1889; x_wconf 76' lang='grc' dir='ltr'>καὶ</span> 
     </span>
    </p>
   </div>
   <div class='ocr_carea' id='block_1_34' title="bbox 460 1923 2037 1994">
    <p class='ocr_par' dir='ltr' id='par_1_34' title="bbox 460 1923 2037 1994">
     <span class='ocr_line' id='line_1_34' title="bbox 460 1923 2037 1994; baseline 0.004 -18"><span class='ocrx_word' id='word_1_248' title='bbox 460 1939 665 1993; x_wconf 85' lang='lat' dir='ltr'><strong>pugna,</strong></span> <span class='ocrx_word' id='word_1_249' title='bbox 693 1923 874 1993; x_wconf 82' lang='lat' dir='ltr'><strong>quoad</strong></span> <span class='ocrx_word' id='word_1_250' title='bbox 898 1924 1075 1980; x_wconf 80' lang='lat' dir='ltr'><strong>Moses</strong></span> <span class='ocrx_word' id='word_1_251' title='bbox 1102 1939 1298 1980; x_wconf 87' lang='lat' dir='ltr'><strong>manus</strong></span> <span class='ocrx_word' id='word_1_252' title='bbox 1316 1939 1532 1981; x_wconf 84' lang='lat' dir='ltr'><strong>sursum</strong></span> <span class='ocrx_word' id='word_1_253' title='bbox 1560 1929 1799 1994; x_wconf 85' lang='lat' dir='ltr'><strong>tenebat,</strong></span> <span class='ocrx_word' id='word_1_254' title='bbox 1824 1930 2037 1984; x_wconf 61' lang='lat' dir='ltr'><strong>Hebraei</strong></span> 
     </span>
    </p>
   </div>
   <div class='ocr_carea' id='block_1_35' title="bbox 459 2014 2036 2086">
    <p class='ocr_par' dir='ltr' id='par_1_35' title="bbox 459 2014 2036 2086">
     <span class='ocr_line' id='line_1_35' title="bbox 459 2014 2036 2086; baseline 0.002 -18"><span class='ocrx_word' id='word_1_255' title='bbox 459 2014 827 2068; x_wconf 84' lang='lat' dir='ltr'><strong>Amalecbitas</strong></span> <span class='ocrx_word' id='word_1_256' title='bbox 899 2015 1039 2069; x_wconf 89' lang='lat' dir='ltr'><strong>male</strong></span> <span class='ocrx_word' id='word_1_257' title='bbox 1104 2016 1411 2071; x_wconf 83' lang='lat' dir='ltr'><strong>tractabant</strong></span> <span class='ocrx_word' id='word_1_258' title='bbox 1454 2034 1467 2070; x_wconf 89' lang='lat'><strong>:</strong></span> <span class='ocrx_word' id='word_1_259' title='bbox 1510 2033 1636 2072; x_wconf 91' lang='lat' dir='ltr'><strong>cum</strong></span> <span class='ocrx_word' id='word_1_260' title='bbox 1713 2018 2036 2086; x_wconf 84' lang='lat' dir='ltr'><strong>remisisset,</strong></span> 
     </span>
    </p>
   </div>
   <div class='ocr_carea' id='block_1_36' title="bbox 458 2105 2033 2177">
    <p class='ocr_par' dir='ltr' id='par_1_36' title="bbox 458 2105 2033 2177">
     <span class='ocr_line' id='line_1_36' title="bbox 458 2105 2033 2177; baseline 0.002 -17"><span class='ocrx_word' id='word_1_261' title='bbox 458 2107 783 2161; x_wconf 79' lang='lat' dir='ltr'><strong>extensione</strong></span> <span class='ocrx_word' id='word_1_262' title='bbox 848 2106 939 2160; x_wconf 86' lang='lat' dir='ltr'><strong>illa</strong></span> <span class='ocrx_word' id='word_1_263' title='bbox 992 2105 1271 2177; x_wconf 80' lang='lat' dir='ltr'><strong>fatigatus,</strong></span> <span class='ocrx_word' id='word_1_264' title='bbox 1348 2108 1514 2162; x_wconf 89' lang='lat' dir='ltr'><strong>iidem</strong></span> <span class='ocrx_word' id='word_1_265' title='bbox 1572 2110 2033 2164; x_wconf 87' lang='lat' dir='ltr'><strong>succumbebant.</strong></span> 
     </span>
    </p>
   </div>
   <div class='ocr_carea' id='block_1_37' title="bbox 2142 1921 3716 1998">
    <p class='ocr_par' dir='ltr' id='par_1_37' title="bbox 2142 1921 3716 1998">
     <span class='ocr_line' id='line_1_37' title="bbox 2142 1921 3716 1998; baseline -0.003 -16"><span class='ocrx_word' id='word_1_266' title='bbox 2142 1928 2390 1998; x_wconf 80' lang='grc' dir='ltr'><strong>πλήττει,</strong></span> <span class='ocrx_word' id='word_1_267' title='bbox 2440 1921 2505 1998; x_wconf 84' lang='grc' dir='ltr'>ἦς</span> <span class='ocrx_word' id='word_1_268' title='bbox 2561 1925 2761 1979; x_wconf 82' lang='grc' dir='ltr'>αὐτίκα</span> <span class='ocrx_word' id='word_1_269' title='bbox 2812 1925 2957 1995; x_wconf 73' lang='grc' dir='ltr'>ὕδωρ</span> <span class='ocrx_word' id='word_1_270' title='bbox 2988 1924 3291 1993; x_wconf 79' lang='grc' dir='ltr'>ἐξεῦλύσθη</span> <span class='ocrx_word' id='word_1_271' title='bbox 3339 1924 3475 1978; x_wconf 85' lang='grc' dir='ltr'>πολύ</span> <span class='ocrx_word' id='word_1_272' title='bbox 3525 1943 3584 1979; x_wconf 85' lang='grc' dir='ltr'><strong>τε</strong></span> <span class='ocrx_word' id='word_1_273' title='bbox 3619 1926 3716 1978; x_wconf 77' lang='grc' dir='ltr'>καὶ</span> 
     </span>
    </p>
   </div>
   <div class='ocr_carea' id='block_1_38' title="bbox 2139 2015 3717 2087">
    <p class='ocr_par' dir='ltr' id='par_1_38' title="bbox 2139 2015 3717 2087">
     <span class='ocr_line' id='line_1_38' title="bbox 2139 2015 3717 2087; baseline -0.003 -15"><span class='ocrx_word' id='word_1_274' title='bbox 2139 2020 2550 2086; x_wconf 78' lang='grc' dir='ltr'>διαυγέστατον.</span> <span class='ocrx_word' id='word_1_275' title='bbox 2579 2019 2640 2070; x_wconf 79' lang='lat' dir='ltr'><strong>Ui</strong></span> <span class='ocrx_word' id='word_1_276' title='bbox 2663 2016 3104 2087; x_wconf 81' lang='grc' dir='ltr'>δὲ’Λμαληκίται</span> <span class='ocrx_word' id='word_1_277' title='bbox 3129 2015 3269 2070; x_wconf 89' lang='grc' dir='ltr'><strong>κατά</strong></span> <span class='ocrx_word' id='word_1_278' title='bbox 3299 2017 3408 2068; x_wconf 82' lang='grc' dir='ltr'>τῶν</span> <span class='ocrx_word' id='word_1_279' title='bbox 3444 2016 3717 2087; x_wconf 72' lang='grc' dir='ltr'>Ἐϐραίων</span> 
     </span>
    </p>
   </div>
   <div class='ocr_carea' id='block_1_39' title="bbox 2141 2107 3717 2180">
    <p class='ocr_par' dir='ltr' id='par_1_39' title="bbox 2141 2107 3717 2180">
     <span class='ocr_line' id='line_1_39' title="bbox 2141 2107 3717 2180; baseline 0 -19"><span class='ocrx_word' id='word_1_280' title='bbox 2141 2109 2404 2180; x_wconf 77' lang='grc' dir='ltr'>ἐχώρουν,</span> <span class='ocrx_word' id='word_1_281' title='bbox 2434 2109 2561 2168; x_wconf 84' lang='grc' dir='ltr'>τοὺς</span> <span class='ocrx_word' id='word_1_282' title='bbox 2594 2108 2913 2176; x_wconf 82' lang='grc' dir='ltr'>περιοίκους</span> <span class='ocrx_word' id='word_1_283' title='bbox 2961 2108 3287 2178; x_wconf 78' lang='grc' dir='ltr'>συμμάχους</span> <span class='ocrx_word' id='word_1_284' title='bbox 3332 2107 3717 2179; x_wconf 79' lang='grc' dir='ltr'>προσκαλεσά-</span> 
     </span>
    </p>
   </div>
   <div class='ocr_carea' id='block_1_40' title="bbox 462 2197 2033 2271">
    <p class='ocr_par' dir='ltr' id='par_1_40' title="bbox 462 2198 2033 2267">
     <span class='ocr_line' id='line_1_40' title="bbox 462 2198 2033 2267; baseline 0.002 -13"><span class='ocrx_word' id='word_1_285' title='bbox 462 2200 653 2267; x_wconf 89' lang='lat' dir='ltr'><strong>Itaque</strong></span> <span class='ocrx_word' id='word_1_286' title='bbox 705 2198 905 2253; x_wconf 82' lang='lat' dir='ltr'><strong>Aaroni</strong></span> <span class='ocrx_word' id='word_1_287' title='bbox 960 2199 1140 2264; x_wconf 83' lang='lat' dir='ltr'><strong>fratri,</strong></span> <span class='ocrx_word' id='word_1_288' title='bbox 1194 2210 1252 2254; x_wconf 87' lang='lat' dir='ltr'><strong>et</strong></span> <span class='ocrx_word' id='word_1_289' title='bbox 1302 2200 1396 2255; x_wconf 91' lang='lat' dir='ltr'><strong>Ori</strong></span> <span class='ocrx_word' id='word_1_290' title='bbox 1448 2201 1793 2255; x_wconf 78' lang='lat' dir='ltr'><strong>Mariammes</strong></span> <span class='ocrx_word' id='word_1_291' title='bbox 1841 2203 2033 2258; x_wconf 87' lang='lat' dir='ltr'><strong>marito</strong></span> 
     </span>
    </p>
   </div>
   <div class='ocr_carea' id='block_1_41' title="bbox 2136 2197 3717 2271">
    <p class='ocr_par' dir='ltr' id='par_1_41' title="bbox 2145 2197 3717 2271">
     <span class='ocr_line' id='line_1_41' title="bbox 2145 2197 3717 2271; baseline 0.001 -19"><span class='ocrx_word' id='word_1_292' title='bbox 2145 2218 2313 2270; x_wconf 83' lang='grc' dir='ltr'>μενοι.</span> <span class='ocrx_word' id='word_1_293' title='bbox 2347 2202 2586 2271; x_wconf 83' lang='grc' dir='ltr'>Μωῦσῆς</span> <span class='ocrx_word' id='word_1_294' title='bbox 2614 2199 2671 2252; x_wconf 82' lang='grc' dir='ltr'>δὲ</span> <span class='ocrx_word' id='word_1_295' title='bbox 2699 2198 2758 2252; x_wconf 84' lang='grc' dir='ltr'>τὸ</span> <span class='ocrx_word' id='word_1_296' title='bbox 2813 2200 3056 2270; x_wconf 85' lang='grc' dir='ltr'>μάχιμον</span> <span class='ocrx_word' id='word_1_297' title='bbox 3096 2199 3189 2253; x_wconf 90' lang='grc' dir='ltr'><strong>τοῦ</strong></span> <span class='ocrx_word' id='word_1_298' title='bbox 3226 2197 3359 2254; x_wconf 85' lang='grc' dir='ltr'>λαοῦ</span> <span class='ocrx_word' id='word_1_299' title='bbox 3388 2200 3497 2254; x_wconf 88' lang='grc' dir='ltr'><strong>τῶν</strong></span> <span class='ocrx_word' id='word_1_300' title='bbox 3537 2199 3717 2254; x_wconf 73' lang='grc' dir='ltr'>ἄλλων</span> 
     </span>
    </p>
   </div>
   <div class='ocr_carea' id='block_1_42' title="bbox 465 2287 2033 2363">
    <p class='ocr_par' dir='ltr' id='par_1_42' title="bbox 465 2287 2033 2357">
     <span class='ocr_line' id='line_1_42' title="bbox 465 2287 2033 2357; baseline 0.003 -14"><span class='ocrx_word' id='word_1_301' title='bbox 465 2287 711 2352; x_wconf 82' lang='lat' dir='ltr'><strong>mandat,</strong></span> <span class='ocrx_word' id='word_1_302' title='bbox 758 2300 820 2344; x_wconf 92' lang='lat' dir='ltr'><strong>ut</strong></span> <span class='ocrx_word' id='word_1_303' title='bbox 850 2289 1107 2357; x_wconf 89' lang='lat' dir='ltr'><strong>utrinque</strong></span> <span class='ocrx_word' id='word_1_304' title='bbox 1132 2296 1373 2344; x_wconf 84' lang='lat' dir='ltr'><strong>astantes</strong></span> <span class='ocrx_word' id='word_1_305' title='bbox 1411 2305 1605 2345; x_wconf 89' lang='lat' dir='ltr'><strong>manus</strong></span> <span class='ocrx_word' id='word_1_306' title='bbox 1626 2291 1729 2346; x_wconf 88' lang='lat' dir='ltr'><strong>sibi</strong></span> <span class='ocrx_word' id='word_1_307' title='bbox 1759 2293 2033 2347; x_wconf 80' lang='lat' dir='ltr'><strong>fulcirent.</strong></span> 
     </span>
    </p>
   </div>
   <div class='ocr_carea' id='block_1_43' title="bbox 2136 2287 3720 2363">
    <p class='ocr_par' dir='ltr' id='par_1_43' title="bbox 2142 2289 3720 2363">
     <span class='ocr_line' id='line_1_43' title="bbox 2142 2289 3720 2363; baseline 0.001 -18"><span class='ocrx_word' id='word_1_308' title='bbox 2142 2289 2463 2356; x_wconf 82' lang='grc' dir='ltr'>ἀποδιελὼν,</span> <span class='ocrx_word' id='word_1_309' title='bbox 2493 2292 2588 2344; x_wconf 77' lang='grc' dir='ltr'>καὶ</span> <span class='ocrx_word' id='word_1_310' title='bbox 2612 2290 2823 2361; x_wconf 80' lang='grc' dir='ltr'>Ἰησοῦν</span> <span class='ocrx_word' id='word_1_311' title='bbox 2844 2291 2934 2344; x_wconf 79' lang='grc' dir='ltr'>τὸν</span> <span class='ocrx_word' id='word_1_312' title='bbox 2964 2290 3059 2345; x_wconf 87' lang='grc' dir='ltr'><strong>τοῦ</strong></span> <span class='ocrx_word' id='word_1_313' title='bbox 3110 2292 3268 2363; x_wconf 84' lang='grc' dir='ltr'>Ναυῆ</span> <span class='ocrx_word' id='word_1_314' title='bbox 3306 2294 3606 2358; x_wconf 69' lang='grc' dir='ltr'>ἐπιστήσας</span> <span class='ocrx_word' id='word_1_315' title='bbox 3628 2294 3720 2347; x_wconf 77' lang='grc' dir='ltr'>αύ-</span> 
     </span>
    </p>
   </div>
   <div class='ocr_carea' id='block_1_44' title="bbox 463 2377 2033 2455">
    <p class='ocr_par' dir='ltr' id='par_1_44' title="bbox 463 2377 2033 2445">
     <span class='ocr_line' id='line_1_44' title="bbox 463 2377 2033 2445; baseline 0.003 -13"><span class='ocrx_word' id='word_1_316' title='bbox 463 2377 555 2432; x_wconf 72' lang='grc' dir='ltr'>Βίο</span> <span class='ocrx_word' id='word_1_317' title='bbox 615 2377 827 2434; x_wconf 69' lang='lat' dir='ltr'><strong>Hebraei</strong></span> <span class='ocrx_word' id='word_1_318' title='bbox 884 2380 1141 2445; x_wconf 88' lang='lat' dir='ltr'><strong>victores,</strong></span> <span class='ocrx_word' id='word_1_319' title='bbox 1217 2380 1585 2438; x_wconf 80' lang='lat' dir='ltr'><strong>Amalechitas</strong></span> <span class='ocrx_word' id='word_1_320' title='bbox 1656 2384 2033 2439; x_wconf 86' lang='lat' dir='ltr'><strong>internecione</strong></span> 
     </span>
    </p>
   </div>
   <div class='ocr_carea' id='block_1_45' title="bbox 2136 2377 3716 2455">
    <p class='ocr_par' dir='ltr' id='par_1_45' title="bbox 2142 2382 3716 2455">
     <span class='ocr_line' id='line_1_45' title="bbox 2142 2382 3716 2455; baseline 0.001 -18"><span class='ocrx_word' id='word_1_321' title='bbox 2142 2386 2274 2449; x_wconf 80' lang='grc' dir='ltr'>τοῖς,</span> <span class='ocrx_word' id='word_1_322' title='bbox 2304 2382 2474 2454; x_wconf 78' lang='grc' dir='ltr'>μέρος</span> <span class='ocrx_word' id='word_1_323' title='bbox 2495 2383 2552 2436; x_wconf 84' lang='grc' dir='ltr'><strong>δέ</strong></span> <span class='ocrx_word' id='word_1_324' title='bbox 2579 2400 2632 2436; x_wconf 87' lang='grc' dir='ltr'><strong>τι</strong></span> <span class='ocrx_word' id='word_1_325' title='bbox 2651 2384 2751 2453; x_wconf 88' lang='grc' dir='ltr'><strong>τῆς</strong></span> <span class='ocrx_word' id='word_1_326' title='bbox 2768 2385 3028 2454; x_wconf 82' lang='grc' dir='ltr'>στρατιᾶς</span> <span class='ocrx_word' id='word_1_327' title='bbox 3053 2383 3371 2438; x_wconf 85' lang='grc' dir='ltr'>καταλιπὼν</span> <span class='ocrx_word' id='word_1_328' title='bbox 3401 2387 3481 2447; x_wconf 86' lang='grc' dir='ltr'><strong>είς</strong></span> <span class='ocrx_word' id='word_1_329' title='bbox 3497 2384 3594 2455; x_wconf 80' lang='grc' dir='ltr'>τὴν</span> <span class='ocrx_word' id='word_1_330' title='bbox 3616 2385 3716 2438; x_wconf 83' lang='grc' dir='ltr'><strong>τοῦ</strong></span> 
     </span>
    </p>
   </div>
   <div class='ocr_carea' id='block_1_46' title="bbox 461 2472 2033 2551">
    <p class='ocr_par' dir='ltr' id='par_1_46' title="bbox 461 2472 2033 2545">
     <span class='ocr_line' id='line_1_46' title="bbox 461 2472 2033 2545; baseline 0.005 -19"><span class='ocrx_word' id='word_1_331' title='bbox 461 2472 813 2540; x_wconf 80' lang='lat' dir='ltr'><strong>delevissent,</strong></span> <span class='ocrx_word' id='word_1_332' title='bbox 853 2472 962 2529; x_wconf 85' lang='lat' dir='ltr'><strong>nisi</strong></span> <span class='ocrx_word' id='word_1_333' title='bbox 1004 2489 1113 2531; x_wconf 88' lang='lat' dir='ltr'><strong>nox</strong></span> <span class='ocrx_word' id='word_1_334' title='bbox 1155 2475 1402 2545; x_wconf 59' lang='lat' dir='ltr'><strong>praelium</strong></span> <span class='ocrx_word' id='word_1_335' title='bbox 1436 2475 1768 2538; x_wconf 85' lang='lat' dir='ltr'><strong>diremisset.</strong></span> <span class='ocrx_word' id='word_1_336' title='bbox 1809 2478 1961 2533; x_wconf 91' lang='lat' dir='ltr'><strong>nullo</strong></span> <span class='ocrx_word' id='word_1_337' title='bbox 2004 2493 2033 2534; x_wconf 89' lang='lat' dir='ltr'><strong>e</strong></span> 
     </span>
    </p>
   </div>
   <div class='ocr_carea' id='block_1_47' title="bbox 2136 2472 3706 2551">
    <p class='ocr_par' dir='ltr' id='par_1_47' title="bbox 2142 2476 3706 2551">
     <span class='ocr_line' id='line_1_47' title="bbox 2142 2476 3706 2551; baseline -0.012 -20"><span class='ocrx_word' id='word_1_338' title='bbox 2142 2477 2332 2538; x_wconf 75' lang='grc' dir='ltr'>ὓδατος</span> <span class='ocrx_word' id='word_1_339' title='bbox 2365 2476 2636 2547; x_wconf 80' lang='grc' dir='ltr'>φυλακὴν,</span> <span class='ocrx_word' id='word_1_340' title='bbox 2657 2476 2822 2539; x_wconf 81' lang='grc' dir='ltr'>αὐτὸς</span> <span class='ocrx_word' id='word_1_341' title='bbox 2854 2476 2952 2546; x_wconf 80' lang='grc' dir='ltr'>μὲν</span> <span class='ocrx_word' id='word_1_342' title='bbox 2989 2477 3255 2549; x_wconf 72' lang='grc' dir='ltr'><strong>ἀνεχώρει</strong></span> <span class='ocrx_word' id='word_1_343' title='bbox 3287 2478 3424 2551; x_wconf 65' lang='grc' dir='ltr'>πρὸς</span> <span class='ocrx_word' id='word_1_344' title='bbox 3457 2478 3517 2531; x_wconf 81' lang='grc' dir='ltr'><strong>τδ</strong></span> <span class='ocrx_word' id='word_1_345' title='bbox 3539 2478 3665 2549; x_wconf 62' lang='grc' dir='ltr'>δρας</span> <span class='ocrx_word' id='word_1_346' title='bbox 3690 2497 3706 2512; x_wconf 92' lang='grc'><strong>.</strong></span> 
     </span>
    </p>
   </div>
   <div class='ocr_carea' id='block_1_48' title="bbox 461 2564 3711 2643">
    <p class='ocr_par' dir='ltr' id='par_1_48' title="bbox 461 2564 3711 2643">
     <span class='ocr_line' id='line_1_48' title="bbox 461 2564 3711 2643; baseline 0.003 -28"><span class='ocrx_word' id='word_1_347' title='bbox 461 2564 577 2619; x_wconf 82' lang='lat' dir='ltr'><strong>suis</strong></span> <span class='ocrx_word' id='word_1_348' title='bbox 605 2579 768 2620; x_wconf 73' lang='lat' dir='ltr'><strong>caeso.</strong></span> <span class='ocrx_word' id='word_1_349' title='bbox 2142 2570 2320 2640; x_wconf 84' lang='grc' dir='ltr'>Ἰησοῦ</span> <span class='ocrx_word' id='word_1_350' title='bbox 2356 2571 2398 2623; x_wconf 70' lang='grc' dir='ltr'>δ’</span> <span class='ocrx_word' id='word_1_351' title='bbox 2430 2570 2740 2624; x_wconf 80' lang='grc' dir='ltr'>ἐνετέλλετο</span> <span class='ocrx_word' id='word_1_352' title='bbox 2770 2572 3094 2626; x_wconf 77' lang='grc' dir='ltr'>πεποιθέναι</span> <span class='ocrx_word' id='word_1_353' title='bbox 3132 2573 3274 2643; x_wconf 83' lang='grc' dir='ltr'>Θεῷ,</span> <span class='ocrx_word' id='word_1_354' title='bbox 3318 2575 3414 2625; x_wconf 76' lang='grc' dir='ltr'>καὶ</span> <span class='ocrx_word' id='word_1_355' title='bbox 3451 2574 3511 2626; x_wconf 82' lang='grc' dir='ltr'>τὸ</span> <span class='ocrx_word' id='word_1_356' title='bbox 3536 2571 3711 2642; x_wconf 82' lang='grc' dir='ltr'>στρά-</span> 
     </span>
    </p>
   </div>
   <div class='ocr_carea' id='block_1_49' title="bbox 460 2656 3716 2736">
    <p class='ocr_par' dir='ltr' id='par_1_49' title="bbox 460 2656 3716 2736">
     <span class='ocr_line' id='line_1_49' title="bbox 460 2656 3716 2736; baseline 0.002 -27"><span class='ocrx_word' id='word_1_357' title='bbox 460 2675 640 2726; x_wconf 87' lang='grc' dir='ltr'>τευμα</span> <span class='ocrx_word' id='word_1_358' title='bbox 679 2659 821 2712; x_wconf 71' lang='grc' dir='ltr'>κειτά</span> <span class='ocrx_word' id='word_1_359' title='bbox 849 2656 961 2710; x_wconf 80' lang='grc' dir='ltr'><strong>τῶν</strong></span> <span class='ocrx_word' id='word_1_360' title='bbox 1000 2657 1261 2712; x_wconf 79' lang='grc' dir='ltr'>ἐναντίων</span> <span class='ocrx_word' id='word_1_361' title='bbox 1296 2657 1538 2727; x_wconf 78' lang='grc' dir='ltr'>ἐξάγειν.</span> <span class='ocrx_word' id='word_1_362' title='bbox 1608 2660 1747 2732; x_wconf 85' lang='grc' dir='ltr'><strong>Ἤδη</strong></span> <span class='ocrx_word' id='word_1_363' title='bbox 1804 2656 1899 2715; x_wconf 86' lang='grc' dir='ltr'><strong>οῦν</strong></span> <span class='ocrx_word' id='word_1_364' title='bbox 1964 2663 1993 2715; x_wconf 97' lang='lat'><strong>6</strong></span> <span class='ocrx_word' id='word_1_365' title='bbox 2035 2661 2273 2731; x_wconf 83' lang='grc' dir='ltr'>πόλεμος</span> <span class='ocrx_word' id='word_1_366' title='bbox 2342 2664 2781 2735; x_wconf 78' lang='grc' dir='ltr'>συνερρήγνυτοο</span> <span class='ocrx_word' id='word_1_367' title='bbox 2838 2663 2933 2718; x_wconf 71' lang='grc' dir='ltr'>καὶ</span> <span class='ocrx_word' id='word_1_368' title='bbox 2985 2660 3167 2736; x_wconf 81' lang='grc' dir='ltr'>μέχρι’</span> <span class='ocrx_word' id='word_1_369' title='bbox 3195 2665 3294 2735; x_wconf 80' lang='grc' dir='ltr'>μὲν</span> <span class='ocrx_word' id='word_1_370' title='bbox 3331 2665 3573 2734; x_wconf 72' lang='grc' dir='ltr'><strong>Μωῦσῆς</strong></span> <span class='ocrx_word' id='word_1_371' title='bbox 3611 2666 3716 2729; x_wconf 80' lang='grc' dir='ltr'><strong>τὰς</strong></span> 
     </span>
    </p>
   </div>
   <div class='ocr_carea' id='block_1_50' title="bbox 463 2742 3716 2826">
    <p class='ocr_par' dir='ltr' id='par_1_50' title="bbox 463 2742 3716 2826">
     <span class='ocr_line' id='line_1_50' title="bbox 463 2742 3716 2826; baseline 0.005 -30"><span class='ocrx_word' id='word_1_372' title='bbox 463 2748 657 2814; x_wconf 79' lang='grc' dir='ltr'>χεῖρας</span> <span class='ocrx_word' id='word_1_373' title='bbox 687 2742 831 2817; x_wconf 78' lang='grc' dir='ltr'>εῖχεν</span> <span class='ocrx_word' id='word_1_374' title='bbox 869 2746 1028 2816; x_wconf 80' lang='grc' dir='ltr'>ὑψοῦ,</span> <span class='ocrx_word' id='word_1_375' title='bbox 1086 2748 1212 2812; x_wconf 76' lang='grc' dir='ltr'>τοὺς</span> <span class='ocrx_word' id='word_1_376' title='bbox 1249 2750 1628 2819; x_wconf 77' lang='grc' dir='ltr'>’Δμαληκίτας</span> <span class='ocrx_word' id='word_1_377' title='bbox 1675 2753 1725 2805; x_wconf 82' lang='grc' dir='ltr'>οἱ</span> <span class='ocrx_word' id='word_1_378' title='bbox 1781 2751 2027 2824; x_wconf 74' lang='grc' dir='ltr'>Ἑϐραῖοι</span> <span class='ocrx_word' id='word_1_379' title='bbox 2065 2753 2255 2816; x_wconf 83' lang='grc' dir='ltr'>κακῶς</span> <span class='ocrx_word' id='word_1_380' title='bbox 2312 2753 2630 2807; x_wconf 82' lang='grc' dir='ltr'>διετίθεντο.</span> <span class='ocrx_word' id='word_1_381' title='bbox 2718 2754 2942 2820; x_wconf 84' lang='grc' dir='ltr'>Ὁσάκις</span> <span class='ocrx_word' id='word_1_382' title='bbox 2996 2756 3053 2808; x_wconf 84' lang='grc' dir='ltr'>δὲ</span> <span class='ocrx_word' id='word_1_383' title='bbox 3098 2756 3195 2819; x_wconf 77' lang='grc' dir='ltr'><strong>τὰς</strong></span> <span class='ocrx_word' id='word_1_384' title='bbox 3237 2759 3425 2826; x_wconf 81' lang='grc' dir='ltr'>χεῖρας</span> <span class='ocrx_word' id='word_1_385' title='bbox 3467 2755 3654 2811; x_wconf 72' lang='grc' dir='ltr'>καθίει</span> <span class='ocrx_word' id='word_1_386' title='bbox 3687 2760 3716 2811; x_wconf 89' lang='lat'><strong>6</strong></span> 
     </span>
    </p>
   </div>
   <div class='ocr_carea' id='block_1_51' title="bbox 461 2838 3714 2920">
    <p class='ocr_par' dir='ltr' id='par_1_51' title="bbox 461 2838 3714 2920">
     <span class='ocr_line' id='line_1_51' title="bbox 461 2838 3714 2920; baseline 0.005 -29"><span class='ocrx_word' id='word_1_387' title='bbox 461 2838 725 2903; x_wconf 81' lang='grc' dir='ltr'>Μωῡσῆς,</span> <span class='ocrx_word' id='word_1_388' title='bbox 757 2841 826 2909; x_wconf 76' lang='grc' dir='ltr'>τῇ</span> <span class='ocrx_word' id='word_1_389' title='bbox 860 2839 1128 2893; x_wconf 82' lang='grc' dir='ltr'>ἀνατάσει</span> <span class='ocrx_word' id='word_1_390' title='bbox 1197 2840 1408 2895; x_wconf 88' lang='grc' dir='ltr'>τούτων</span> <span class='ocrx_word' id='word_1_391' title='bbox 1476 2844 1837 2916; x_wconf 75' lang='grc' dir='ltr'>πονούμενος,</span> <span class='ocrx_word' id='word_1_392' title='bbox 1901 2844 2354 2916; x_wconf 86' lang='grc' dir='ltr'>καταπονηθῆναι</span> <span class='ocrx_word' id='word_1_393' title='bbox 2402 2846 2528 2910; x_wconf 80' lang='grc' dir='ltr'>τοὺς</span> <span class='ocrx_word' id='word_1_394' title='bbox 2589 2846 2881 2917; x_wconf 74' lang='grc' dir='ltr'>Ἐϐραίους</span> <span class='ocrx_word' id='word_1_395' title='bbox 2930 2848 3261 2903; x_wconf 80' lang='grc' dir='ltr'>συνέόαινεν.</span> <span class='ocrx_word' id='word_1_396' title='bbox 3331 2850 3714 2920; x_wconf 79' lang='grc' dir='ltr'>Ἐκατέρωθεν</span> 
     </span>
    </p>
   </div>
   <div class='ocr_carea' id='block_1_52' title="bbox 460 2923 3715 3013">
    <p class='ocr_par' dir='ltr' id='par_1_52' title="bbox 460 2923 3715 3013">
     <span class='ocr_line' id='line_1_52' title="bbox 460 2923 3715 3013; baseline 0.006 -33"><span class='ocrx_word' id='word_1_397' title='bbox 460 2923 554 2980; x_wconf 67' lang='grc' dir='ltr'>οὖν</span> <span class='ocrx_word' id='word_1_398' title='bbox 600 2928 695 2980; x_wconf 70' lang='grc' dir='ltr'><strong>τὸν</strong></span> <span class='ocrx_word' id='word_1_399' title='bbox 732 2929 967 2997; x_wconf 75' lang='grc' dir='ltr'>ἀδελφὸν</span> <span class='ocrx_word' id='word_1_400' title='bbox 1005 2928 1242 3000; x_wconf 82' lang='grc' dir='ltr'>’Δαρὼν,</span> <span class='ocrx_word' id='word_1_401' title='bbox 1286 2932 1383 2986; x_wconf 76' lang='grc' dir='ltr'>καὶ</span> <span class='ocrx_word' id='word_1_402' title='bbox 1426 2933 1546 3005; x_wconf 82' lang='grc' dir='ltr'>Ὠρ,</span> <span class='ocrx_word' id='word_1_403' title='bbox 1580 2935 1670 2987; x_wconf 82' lang='grc' dir='ltr'>τὸν</span> <span class='ocrx_word' id='word_1_404' title='bbox 1703 2934 1873 3005; x_wconf 74' lang='grc' dir='ltr'>ἄνδρα</span> <span class='ocrx_word' id='word_1_405' title='bbox 1928 2937 2024 3005; x_wconf 86' lang='grc' dir='ltr'><strong>τῆς</strong></span> <span class='ocrx_word' id='word_1_406' title='bbox 2066 2935 2305 3005; x_wconf 76' lang='grc' dir='ltr'>ἀδελφῆς</span> <span class='ocrx_word' id='word_1_407' title='bbox 2337 2937 2595 3007; x_wconf 80' lang='grc' dir='ltr'>Μαριὰμ,</span> <span class='ocrx_word' id='word_1_408' title='bbox 2654 2938 2860 3006; x_wconf 78' lang='grc' dir='ltr'>στήσας</span> <span class='ocrx_word' id='word_1_409' title='bbox 2891 2939 3109 3009; x_wconf 80' lang='grc' dir='ltr'>ἀνέχειν</span> <span class='ocrx_word' id='word_1_410' title='bbox 3178 2939 3277 3005; x_wconf 74' lang='grc' dir='ltr'><strong>τὰς</strong></span> <span class='ocrx_word' id='word_1_411' title='bbox 3305 2944 3496 3013; x_wconf 79' lang='grc' dir='ltr'>χεῖρας</span> <span class='ocrx_word' id='word_1_412' title='bbox 3542 2943 3715 2998; x_wconf 82' lang='grc' dir='ltr'>αὐτοῦ</span> 
     </span>
    </p>
   </div>
   <div class='ocr_carea' id='block_1_53' title="bbox 460 3019 3717 3107">
    <p class='ocr_par' dir='ltr' id='par_1_53' title="bbox 460 3019 3717 3107">
     <span class='ocr_line' id='line_1_53' title="bbox 460 3019 3717 3107; baseline 0.006 -38"><span class='ocrx_word' id='word_1_413' title='bbox 460 3019 764 3075; x_wconf 79' lang='grc' dir='ltr'>ἐνετείλατο</span> <span class='ocrx_word' id='word_1_414' title='bbox 813 3021 908 3075; x_wconf 80' lang='grc' dir='ltr'>καὶ</span> <span class='ocrx_word' id='word_1_415' title='bbox 957 3024 1101 3075; x_wconf 75' lang='grc' dir='ltr'>οὕτω</span> <span class='ocrx_word' id='word_1_416' title='bbox 1145 3025 1272 3087; x_wconf 80' lang='grc' dir='ltr'>τοὺς</span> <span class='ocrx_word' id='word_1_417' title='bbox 1340 3025 1709 3094; x_wconf 81' lang='grc' dir='ltr'>Ἀμαληκίτας</span> <span class='ocrx_word' id='word_1_418' title='bbox 1750 3026 2011 3091; x_wconf 82' lang='grc' dir='ltr'>νικῶντες</span> <span class='ocrx_word' id='word_1_419' title='bbox 2063 3026 2329 3093; x_wconf 71' lang='grc' dir='ltr'>Ἑϐραῖοι,</span> <span class='ocrx_word' id='word_1_420' title='bbox 2391 3029 2600 3093; x_wconf 80' lang='grc' dir='ltr'>πάντας</span> <span class='ocrx_word' id='word_1_421' title='bbox 2636 3028 2944 3095; x_wconf 75' lang='grc' dir='ltr'>ἀπώλεσαν,</span> <span class='ocrx_word' id='word_1_422' title='bbox 2990 3031 3057 3085; x_wconf 82' lang='grc' dir='ltr'>ἂν</span> <span class='ocrx_word' id='word_1_423' title='bbox 3105 3034 3156 3085; x_wconf 87' lang='grc' dir='ltr'><strong>εί</strong></span> <span class='ocrx_word' id='word_1_424' title='bbox 3199 3033 3275 3103; x_wconf 81' lang='grc' dir='ltr'>μὴ</span> <span class='ocrx_word' id='word_1_425' title='bbox 3321 3034 3418 3101; x_wconf 78' lang='grc' dir='ltr'><strong>νὺξ</strong></span> <span class='ocrx_word' id='word_1_426' title='bbox 3478 3036 3717 3107; x_wconf 76' lang='grc' dir='ltr'>ἐπέσχεν</span> 
     </span>
    </p>
   </div>
   <div class='ocr_carea' id='block_1_54' title="bbox 460 3111 1641 3187">
    <p class='ocr_par' dir='ltr' id='par_1_54' title="bbox 460 3111 1641 3187">
     <span class='ocr_line' id='line_1_54' title="bbox 460 3111 1641 3187; baseline 0.008 -24"><span class='ocrx_word' id='word_1_427' title='bbox 460 3113 659 3175; x_wconf 72' lang='grc' dir='ltr'>αὐτοὺς</span> <span class='ocrx_word' id='word_1_428' title='bbox 699 3112 969 3185; x_wconf 73' lang='grc' dir='ltr'>Ἐϐραίων</span> <span class='ocrx_word' id='word_1_429' title='bbox 1000 3116 1057 3170; x_wconf 80' lang='grc' dir='ltr'>δὲ</span> <span class='ocrx_word' id='word_1_430' title='bbox 1087 3115 1350 3187; x_wconf 82' lang='grc' dir='ltr'>τέθνηκεν</span> <span class='ocrx_word' id='word_1_431' title='bbox 1380 3117 1503 3170; x_wconf 71' lang='grc' dir='ltr'>οὐδὲ</span> <span class='ocrx_word' id='word_1_432' title='bbox 1539 3111 1641 3184; x_wconf 78' lang='grc' dir='ltr'>εἷς.</span> 
     </span>
    </p>
   </div>
   <div class='ocr_carea' id='block_1_55' title="bbox 534 3207 2033 3287">
    <p class='ocr_par' dir='ltr' id='par_1_55' title="bbox 534 3207 2031 3286">
     <span class='ocr_line' id='line_1_55' title="bbox 534 3207 2031 3286; baseline 0.007 -25"><span class='ocrx_word' id='word_1_433' title='bbox 534 3207 651 3262; x_wconf 75' lang='lat' dir='ltr'><strong>XV.</strong></span> <span class='ocrx_word' id='word_1_434' title='bbox 722 3208 794 3262; x_wconf 67' lang='lat' dir='ltr'><strong>Et</strong></span> <span class='ocrx_word' id='word_1_435' title='bbox 830 3224 897 3265; x_wconf 89' lang='lat' dir='ltr'><strong>eo</strong></span> <span class='ocrx_word' id='word_1_436' title='bbox 934 3212 1060 3266; x_wconf 89' lang='lat' dir='ltr'><strong>loco</strong></span> <span class='ocrx_word' id='word_1_437' title='bbox 1091 3214 1360 3283; x_wconf 83' lang='lat' dir='ltr'><strong>progressi</strong></span> <span class='ocrx_word' id='word_1_438' title='bbox 1387 3255 1401 3277; x_wconf 88' lang='lat'><strong>,</strong></span> <span class='ocrx_word' id='word_1_439' title='bbox 1451 3216 1712 3270; x_wconf 84' lang='lat' dir='ltr'><strong>trimestri</strong></span> <span class='ocrx_word' id='word_1_440' title='bbox 1764 3227 1885 3286; x_wconf 88' lang='lat' dir='ltr'><strong>post</strong></span> <span class='ocrx_word' id='word_1_441' title='bbox 1915 3218 2031 3272; x_wconf 79' lang='lat' dir='ltr'><strong>exi-</strong></span> 
     </span>
    </p>
   </div>
   <div class='ocr_carea' id='block_1_56' title="bbox 2136 3207 3718 3287">
    <p class='ocr_par' dir='ltr' id='par_1_56' title="bbox 2208 3210 3718 3287">
     <span class='ocr_line' id='line_1_56' title="bbox 2208 3210 3718 3287; baseline 0.003 -20"><span class='ocrx_word' id='word_1_442' title='bbox 2208 3212 2308 3269; x_wconf 88' lang='lat' dir='ltr'><strong>IE&#39;.</strong></span> <span class='ocrx_word' id='word_1_443' title='bbox 2347 3212 2592 3265; x_wconf 77' lang='grc' dir='ltr'>Ἐκεῖθεν</span> <span class='ocrx_word' id='word_1_444' title='bbox 2624 3212 2874 3284; x_wconf 72' lang='grc' dir='ltr'>ἀπῄεσαν</span> <span class='ocrx_word' id='word_1_445' title='bbox 2904 3214 2986 3274; x_wconf 84' lang='grc' dir='ltr'><strong>είς</strong></span> <span class='ocrx_word' id='word_1_446' title='bbox 3022 3212 3081 3264; x_wconf 73' lang='grc' dir='ltr'>τὸ</span> <span class='ocrx_word' id='word_1_447' title='bbox 3119 3210 3326 3280; x_wconf 65' lang='grc' dir='ltr'>πρόσω,</span> <span class='ocrx_word' id='word_1_448' title='bbox 3369 3215 3462 3267; x_wconf 78' lang='grc' dir='ltr'><strong>καὶ</strong></span> <span class='ocrx_word' id='word_1_449' title='bbox 3502 3216 3564 3269; x_wconf 85' lang='grc' dir='ltr'><strong>ἐν</strong></span> <span class='ocrx_word' id='word_1_450' title='bbox 3594 3234 3718 3287; x_wconf 88' lang='grc' dir='ltr'>τρι-</span> 
     </span>
    </p>
   </div>
   <div class='ocr_carea' id='block_1_57' title="bbox 465 3301 2033 3378">
    <p class='ocr_par' dir='ltr' id='par_1_57' title="bbox 465 3301 2033 3378">
     <span class='ocr_line' id='line_1_57' title="bbox 465 3301 2033 3378; baseline 0.006 -24"><span class='ocrx_word' id='word_1_451' title='bbox 465 3312 578 3355; x_wconf 88' lang='lat' dir='ltr'><strong>tum</strong></span> <span class='ocrx_word' id='word_1_452' title='bbox 631 3317 697 3356; x_wconf 90' lang='lat' dir='ltr'><strong>ex</strong></span> <span class='ocrx_word' id='word_1_453' title='bbox 750 3301 982 3373; x_wconf 67' lang='lat' dir='ltr'><strong>Egypto</strong></span> <span class='ocrx_word' id='word_1_454' title='bbox 1009 3304 1229 3372; x_wconf 87' lang='lat' dir='ltr'><strong>spatio,</strong></span> <span class='ocrx_word' id='word_1_455' title='bbox 1264 3306 1331 3360; x_wconf 91' lang='lat' dir='ltr'><strong>ad</strong></span> <span class='ocrx_word' id='word_1_456' title='bbox 1365 3306 1497 3362; x_wconf 87' lang='lat' dir='ltr'><strong>Sina</strong></span> <span class='ocrx_word' id='word_1_457' title='bbox 1542 3317 1783 3363; x_wconf 88' lang='lat' dir='ltr'><strong>montem</strong></span> <span class='ocrx_word' id='word_1_458' title='bbox 1839 3325 2033 3378; x_wconf 82' lang='lat' dir='ltr'><strong>perve-</strong></span> 
     </span>
    </p>
   </div>
   <div class='ocr_carea' id='block_1_58' title="bbox 466 3395 2032 3472">
    <p class='ocr_par' dir='ltr' id='par_1_58' title="bbox 466 3395 2032 3472">
     <span class='ocr_line' id='line_1_58' title="bbox 466 3395 2032 3472; baseline 0.005 -25"><span class='ocrx_word' id='word_1_459' title='bbox 466 3396 644 3448; x_wconf 87' lang='lat' dir='ltr'><strong>niunt.</strong></span> <span class='ocrx_word' id='word_1_460' title='bbox 677 3395 754 3449; x_wconf 90' lang='lat' dir='ltr'><strong>Ibi</strong></span> <span class='ocrx_word' id='word_1_461' title='bbox 790 3395 966 3449; x_wconf 83' lang='lat' dir='ltr'><strong>Moses</strong></span> <span class='ocrx_word' id='word_1_462' title='bbox 994 3412 1109 3451; x_wconf 88' lang='lat' dir='ltr'><strong>rem</strong></span> <span class='ocrx_word' id='word_1_463' title='bbox 1147 3397 1388 3452; x_wconf 82' lang='lat' dir='ltr'><strong>divinam</strong></span> <span class='ocrx_word' id='word_1_464' title='bbox 1413 3401 1579 3456; x_wconf 76' lang='lat' dir='ltr'><strong>facit:</strong></span> <span class='ocrx_word' id='word_1_465' title='bbox 1619 3413 1690 3456; x_wconf 83' lang='lat' dir='ltr'><strong>.et</strong></span> <span class='ocrx_word' id='word_1_466' title='bbox 1720 3417 1750 3455; x_wconf 87' lang='lat' dir='ltr'><strong>a</strong></span> <span class='ocrx_word' id='word_1_467' title='bbox 1790 3402 2032 3472; x_wconf 82' lang='lat' dir='ltr'><strong>Ragucle</strong></span> 
     </span>
    </p>
   </div>
   <div class='ocr_carea' id='block_1_59' title="bbox 462 3484 2033 3562">
    <p class='ocr_par' dir='ltr' id='par_1_59' title="bbox 462 3484 2033 3562">
     <span class='ocr_line' id='line_1_59' title="bbox 462 3484 2033 3562; baseline 0.004 -25"><span class='ocrx_word' id='word_1_468' title='bbox 462 3501 656 3539; x_wconf 83' lang='lat' dir='ltr'><strong>socero</strong></span> <span class='ocrx_word' id='word_1_469' title='bbox 677 3484 861 3539; x_wconf 87' lang='lat' dir='ltr'><strong>aditur</strong></span> <span class='ocrx_word' id='word_1_470' title='bbox 883 3524 897 3551; x_wconf 90' lang='lat'><strong>,</strong></span> <span class='ocrx_word' id='word_1_471' title='bbox 930 3486 1021 3555; x_wconf 90' lang='lat' dir='ltr'><strong>qui</strong></span> <span class='ocrx_word' id='word_1_472' title='bbox 1052 3501 1176 3540; x_wconf 89' lang='lat' dir='ltr'><strong>cum</strong></span> <span class='ocrx_word' id='word_1_473' title='bbox 1200 3504 1460 3558; x_wconf 76' lang='lat' dir='ltr'><strong>generum</strong></span> <span class='ocrx_word' id='word_1_474' title='bbox 1502 3492 1734 3562; x_wconf 88' lang='lat' dir='ltr'><strong>negotiis</strong></span> <span class='ocrx_word' id='word_1_475' title='bbox 1771 3491 2033 3545; x_wconf 86' lang='lat' dir='ltr'><strong>obrutum</strong></span> 
     </span>
    </p>
   </div>
   <div class='ocr_carea' id='block_1_60' title="bbox 460 3577 2034 3653">
    <p class='ocr_par' dir='ltr' id='par_1_60' title="bbox 460 3577 2034 3653">
     <span class='ocr_line' id='line_1_60' title="bbox 460 3577 2034 3653; baseline 0.009 -27"><span class='ocrx_word' id='word_1_476' title='bbox 460 3577 696 3637; x_wconf 82' lang='lat' dir='ltr'><strong>videret.</strong></span> <span class='ocrx_word' id='word_1_477' title='bbox 732 3577 990 3631; x_wconf 88' lang='lat' dir='ltr'><strong>omnibus</strong></span> <span class='ocrx_word' id='word_1_478' title='bbox 1030 3593 1155 3632; x_wconf 88' lang='lat' dir='ltr'><strong>eum</strong></span> <span class='ocrx_word' id='word_1_479' title='bbox 1201 3579 1549 3646; x_wconf 84' lang='lat' dir='ltr'><strong>adeuntibus,</strong></span> <span class='ocrx_word' id='word_1_480' title='bbox 1571 3585 1783 3648; x_wconf 88' lang='lat' dir='ltr'><strong>suadet,</strong></span> <span class='ocrx_word' id='word_1_481' title='bbox 1818 3595 1870 3638; x_wconf 88' lang='lat' dir='ltr'><strong>ut</strong></span> <span class='ocrx_word' id='word_1_482' title='bbox 1894 3584 2034 3653; x_wconf 88' lang='lat' dir='ltr'><strong>juris</strong></span> 
     </span>
    </p>
   </div>
   <div class='ocr_carea' id='block_1_61' title="bbox 461 3669 2031 3752">
    <p class='ocr_par' dir='ltr' id='par_1_61' title="bbox 461 3669 2031 3752">
     <span class='ocr_line' id='line_1_61' title="bbox 461 3669 2031 3752; baseline 0.01 -31"><span class='ocrx_word' id='word_1_483' title='bbox 461 3669 685 3722; x_wconf 81' lang='lat' dir='ltr'><strong>dicundi</strong></span> <span class='ocrx_word' id='word_1_484' title='bbox 750 3669 1083 3739; x_wconf 80' lang='lat' dir='ltr'><strong>provinciam</strong></span> <span class='ocrx_word' id='word_1_485' title='bbox 1127 3671 1246 3725; x_wconf 89' lang='lat' dir='ltr'><strong>aliis</strong></span> <span class='ocrx_word' id='word_1_486' title='bbox 1292 3675 1543 3729; x_wconf 86' lang='lat' dir='ltr'><strong>mandet:</strong></span> <span class='ocrx_word' id='word_1_487' title='bbox 1599 3676 1715 3746; x_wconf 88' lang='lat' dir='ltr'><strong>ipse</strong></span> <span class='ocrx_word' id='word_1_488' title='bbox 1764 3682 2031 3752; x_wconf 86' lang='lat' dir='ltr'><strong>majorum</strong></span> 
     </span>
    </p>
   </div>
   <div class='ocr_carea' id='block_1_62' title="bbox 463 3766 2033 3840">
    <p class='ocr_par' dir='ltr' id='par_1_62' title="bbox 463 3766 2033 3840">
     <span class='ocr_line' id='line_1_62' title="bbox 463 3766 2033 3840; baseline 0.01 -25"><span class='ocrx_word' id='word_1_489' title='bbox 463 3778 644 3816; x_wconf 86' lang='lat' dir='ltr'><strong>rerum</strong></span> <span class='ocrx_word' id='word_1_490' title='bbox 690 3777 823 3817; x_wconf 89' lang='lat' dir='ltr'><strong>cura</strong></span> <span class='ocrx_word' id='word_1_491' title='bbox 860 3772 1151 3837; x_wconf 87' lang='lat' dir='ltr'><strong>suscepta,</strong></span> <span class='ocrx_word' id='word_1_492' title='bbox 1198 3766 1360 3820; x_wconf 88' lang='lat' dir='ltr'><strong>saluti</strong></span> <span class='ocrx_word' id='word_1_493' title='bbox 1416 3771 1602 3840; x_wconf 83' lang='lat' dir='ltr'><strong>pepuli</strong></span> <span class='ocrx_word' id='word_1_494' title='bbox 1642 3776 1930 3839; x_wconf 86' lang='lat' dir='ltr'><strong>consulat,</strong></span> <span class='ocrx_word' id='word_1_495' title='bbox 1978 3785 2033 3832; x_wconf 90' lang='lat' dir='ltr'><strong>et</strong></span> 
     </span>
    </p>
   </div>
   <div class='ocr_carea' id='block_1_63' title="bbox 463 3857 2035 3936">
    <p class='ocr_par' dir='ltr' id='par_1_63' title="bbox 463 3857 2035 3936">
     <span class='ocr_line' id='line_1_63' title="bbox 463 3857 2035 3936; baseline 0.008 -26"><span class='ocrx_word' id='word_1_496' title='bbox 463 3857 746 3929; x_wconf 81' lang='lat' dir='ltr'><strong>pra-fectus</strong></span> <span class='ocrx_word' id='word_1_497' title='bbox 788 3860 1069 3931; x_wconf 83' lang='lat' dir='ltr'><strong>designet,</strong></span> <span class='ocrx_word' id='word_1_498' title='bbox 1105 3862 1197 3932; x_wconf 91' lang='lat' dir='ltr'><strong>qui</strong></span> <span class='ocrx_word' id='word_1_499' title='bbox 1225 3863 1407 3918; x_wconf 86' lang='lat' dir='ltr'><strong>decies</strong></span> <span class='ocrx_word' id='word_1_500' title='bbox 1432 3864 1703 3931; x_wconf 86' lang='lat' dir='ltr'><strong>millenis,</strong></span> <span class='ocrx_word' id='word_1_501' title='bbox 1730 3867 1823 3936; x_wconf 92' lang='lat' dir='ltr'><strong>qui</strong></span> <span class='ocrx_word' id='word_1_502' title='bbox 1859 3867 2035 3922; x_wconf 82' lang='lat' dir='ltr'><strong>mille-</strong></span> 
     </span>
    </p>
   </div>
   <div class='ocr_carea' id='block_1_64' title="bbox 462 3950 2030 4025">
    <p class='ocr_par' dir='ltr' id='par_1_64' title="bbox 462 3950 2030 4025">
     <span class='ocr_line' id='line_1_64' title="bbox 462 3950 2030 4025; baseline 0.006 -23"><span class='ocrx_word' id='word_1_503' title='bbox 462 3950 570 4012; x_wconf 87' lang='lat' dir='ltr'><strong>nis,</strong></span> <span class='ocrx_word' id='word_1_504' title='bbox 601 3951 694 4018; x_wconf 92' lang='lat' dir='ltr'><strong>qui</strong></span> <span class='ocrx_word' id='word_1_505' title='bbox 734 3951 1045 4021; x_wconf 89' lang='lat' dir='ltr'><strong>qningenis,</strong></span> <span class='ocrx_word' id='word_1_506' title='bbox 1083 3953 1352 4016; x_wconf 89' lang='lat' dir='ltr'><strong>centenis,</strong></span> <span class='ocrx_word' id='word_1_507' title='bbox 1388 3955 1827 4025; x_wconf 84' lang='lat' dir='ltr'><strong>quinquagenis,</strong></span> <span class='ocrx_word' id='word_1_508' title='bbox 1865 3959 2030 4012; x_wconf 90' lang='lat' dir='ltr'><strong>trice-</strong></span> 
     </span>
    </p>
   </div>
   <div class='ocr_carea' id='block_1_65' title="bbox 463 4039 2035 4114">
    <p class='ocr_par' dir='ltr' id='par_1_65' title="bbox 463 4039 2035 4114">
     <span class='ocr_line' id='line_1_65' title="bbox 463 4039 2035 4114; baseline 0.006 -22"><span class='ocrx_word' id='word_1_509' title='bbox 463 4039 549 4092; x_wconf 87' lang='lat' dir='ltr'><strong>nis</strong></span> <span class='ocrx_word' id='word_1_510' title='bbox 615 4040 765 4104; x_wconf 91' lang='lat' dir='ltr'><strong>item,</strong></span> <span class='ocrx_word' id='word_1_511' title='bbox 786 4042 994 4097; x_wconf 83' lang='lat' dir='ltr'><strong>vicenis</strong></span> <span class='ocrx_word' id='word_1_512' title='bbox 1016 4081 1030 4107; x_wconf 93' lang='lat'><strong>,</strong></span> <span class='ocrx_word' id='word_1_513' title='bbox 1061 4052 1113 4097; x_wconf 90' lang='lat' dir='ltr'><strong>et</strong></span> <span class='ocrx_word' id='word_1_514' title='bbox 1147 4041 1308 4096; x_wconf 85' lang='lat' dir='ltr'><strong>denis</strong></span> <span class='ocrx_word' id='word_1_515' title='bbox 1332 4044 1579 4111; x_wconf 66' lang='lat' dir='ltr'><strong>prtesint.</strong></span> <span class='ocrx_word' id='word_1_516' title='bbox 1624 4044 1883 4114; x_wconf 84' lang='lat' dir='ltr'><strong>Raguelis</strong></span> <span class='ocrx_word' id='word_1_517' title='bbox 1915 4063 2035 4101; x_wconf 93' lang='lat' dir='ltr'><strong>mo-</strong></span> 
     </span>
    </p>
   </div>
   <div class='ocr_carea' id='block_1_66' title="bbox 463 4126 2033 4205">
    <p class='ocr_par' dir='ltr' id='par_1_66' title="bbox 463 4126 2033 4205">
     <span class='ocr_line' id='line_1_66' title="bbox 463 4126 2033 4205; baseline 0.004 -21"><span class='ocrx_word' id='word_1_518' title='bbox 463 4131 595 4185; x_wconf 85' lang='lat' dir='ltr'><strong>nitis</strong></span> <span class='ocrx_word' id='word_1_519' title='bbox 648 4141 803 4201; x_wconf 88' lang='lat' dir='ltr'><strong>paret</strong></span> <span class='ocrx_word' id='word_1_520' title='bbox 850 4133 1062 4199; x_wconf 81' lang='lat' dir='ltr'><strong>Moses;</strong></span> <span class='ocrx_word' id='word_1_521' title='bbox 1116 4133 1378 4203; x_wconf 89' lang='lat' dir='ltr'><strong>populum</strong></span> <span class='ocrx_word' id='word_1_522' title='bbox 1435 4150 1607 4205; x_wconf 89' lang='lat' dir='ltr'><strong>prope</strong></span> <span class='ocrx_word' id='word_1_523' title='bbox 1646 4126 1806 4190; x_wconf 33' lang='lat' dir='ltr'><strong>‘Sina</strong></span> <span class='ocrx_word' id='word_1_524' title='bbox 1853 4147 2033 4193; x_wconf 89' lang='lat' dir='ltr'><strong>castra</strong></span> 
     </span>
    </p>
   </div>
   <div class='ocr_carea' id='block_1_67' title="bbox 462 4224 2031 4296">
    <p class='ocr_par' dir='ltr' id='par_1_67' title="bbox 462 4224 2031 4296">
     <span class='ocr_line' id='line_1_67' title="bbox 462 4224 2031 4296; baseline 0.003 -18"><span class='ocrx_word' id='word_1_525' title='bbox 462 4224 645 4279; x_wconf 89' lang='lat' dir='ltr'><strong>locare</strong></span> <span class='ocrx_word' id='word_1_526' title='bbox 671 4225 848 4295; x_wconf 81' lang='lat' dir='ltr'><strong>jubet,</strong></span> <span class='ocrx_word' id='word_1_527' title='bbox 882 4226 1001 4295; x_wconf 90' lang='lat' dir='ltr'><strong>ipse</strong></span> <span class='ocrx_word' id='word_1_528' title='bbox 1028 4235 1270 4280; x_wconf 91' lang='lat' dir='ltr'><strong>montem</strong></span> <span class='ocrx_word' id='word_1_529' title='bbox 1304 4225 1574 4281; x_wconf 83' lang='lat' dir='ltr'><strong>ascendit.</strong></span> <span class='ocrx_word' id='word_1_530' title='bbox 1608 4225 1854 4296; x_wconf 91' lang='lat' dir='ltr'><strong>Populus</strong></span> <span class='ocrx_word' id='word_1_531' title='bbox 1876 4227 2031 4296; x_wconf 87' lang='lat' dir='ltr'><strong>jnssa</strong></span> 
     </span>
    </p>
   </div>
   <div class='ocr_carea' id='block_1_68' title="bbox 465 4317 2031 4385">
    <p class='ocr_par' dir='ltr' id='par_1_68' title="bbox 465 4317 2031 4385">
     <span class='ocr_line' id='line_1_68' title="bbox 465 4317 2031 4385; baseline 0.003 -16"><span class='ocrx_word' id='word_1_532' title='bbox 465 4317 791 4385; x_wconf 78' lang='lat' dir='ltr'><strong>exsequitur</strong></span> <span class='ocrx_word' id='word_1_533' title='bbox 815 4356 829 4380; x_wconf 87' lang='lat'><strong>,</strong></span> <span class='ocrx_word' id='word_1_534' title='bbox 865 4331 988 4370; x_wconf 88' lang='lat' dir='ltr'><strong>cum</strong></span> <span class='ocrx_word' id='word_1_535' title='bbox 1017 4317 1140 4372; x_wconf 90' lang='lat' dir='ltr'><strong>aliis</strong></span> <span class='ocrx_word' id='word_1_536' title='bbox 1181 4318 1346 4372; x_wconf 89' lang='lat' dir='ltr'><strong>rebus</strong></span> <span class='ocrx_word' id='word_1_537' title='bbox 1383 4318 1700 4381; x_wconf 90' lang='lat' dir='ltr'><strong>immundis,</strong></span> <span class='ocrx_word' id='word_1_538' title='bbox 1737 4333 1863 4374; x_wconf 90' lang='lat' dir='ltr'><strong>cum</strong></span> <span class='ocrx_word' id='word_1_539' title='bbox 1900 4334 2031 4373; x_wconf 86' lang='lat' dir='ltr'><strong>con-</strong></span> 
     </span>
    </p>
   </div>
   <div class='ocr_carea' id='block_1_69' title="bbox 389 4410 2039 4481">
    <p class='ocr_par' dir='ltr' id='par_1_69' title="bbox 389 4410 2039 4481">
     <span class='ocr_line' id='line_1_69' title="bbox 389 4410 2039 4481; baseline 0.004 -18"><span class='ocrx_word' id='word_1_540' title='bbox 389 4471 401 4481; x_wconf 48' lang='grc'><strong>,</strong></span> <span class='ocrx_word' id='word_1_541' title='bbox 466 4425 655 4479; x_wconf 84' lang='lat' dir='ltr'><strong>gressu</strong></span> <span class='ocrx_word' id='word_1_542' title='bbox 682 4410 978 4465; x_wconf 89' lang='lat' dir='ltr'><strong>mulierum</strong></span> <span class='ocrx_word' id='word_1_543' title='bbox 1015 4411 1256 4465; x_wconf 89' lang='lat' dir='ltr'><strong>triduum</strong></span> <span class='ocrx_word' id='word_1_544' title='bbox 1285 4411 1587 4467; x_wconf 90' lang='lat' dir='ltr'><strong>abstinens.</strong></span> <span class='ocrx_word' id='word_1_545' title='bbox 1617 4413 1716 4467; x_wconf 90' lang='lat' dir='ltr'><strong>Die</strong></span> <span class='ocrx_word' id='word_1_546' title='bbox 1742 4413 1906 4469; x_wconf 87' lang='lat' dir='ltr'><strong>tertio</strong></span> <span class='ocrx_word' id='word_1_547' title='bbox 1938 4431 2039 4469; x_wconf 90' lang='lat' dir='ltr'><strong>nu-</strong></span> 
     </span>
    </p>
   </div>
   <div class='ocr_carea' id='block_1_70' title="bbox 2140 3303 3716 3377">
    <p class='ocr_par' dir='ltr' id='par_1_70' title="bbox 2140 3303 3716 3377">
     <span class='ocr_line' id='line_1_70' title="bbox 2140 3303 3716 3377; baseline 0.007 -27"><span class='ocrx_word' id='word_1_548' title='bbox 2140 3309 2292 3374; x_wconf 82' lang='grc' dir='ltr'>μήνῳ</span> <span class='ocrx_word' id='word_1_549' title='bbox 2325 3307 2463 3373; x_wconf 79' lang='grc' dir='ltr'>μετὰ</span> <span class='ocrx_word' id='word_1_550' title='bbox 2496 3303 2593 3366; x_wconf 78' lang='grc' dir='ltr'>τὴν</span> <span class='ocrx_word' id='word_1_551' title='bbox 2651 3303 2708 3365; x_wconf 79' lang='grc' dir='ltr'>ἐξ</span> <span class='ocrx_word' id='word_1_552' title='bbox 2754 3303 3033 3370; x_wconf 80' lang='grc' dir='ltr'>Αἰγύπτου</span> <span class='ocrx_word' id='word_1_553' title='bbox 3092 3304 3390 3368; x_wconf 80' lang='grc' dir='ltr'>ἐξέλευσιν,</span> <span class='ocrx_word' id='word_1_554' title='bbox 3454 3306 3716 3377; x_wconf 86' lang='grc' dir='ltr'>παρῆσαν</span> 
     </span>
    </p>
   </div>
   <div class='ocr_carea' id='block_1_71' title="bbox 2126 3383 3709 3470">
    <p class='ocr_par' dir='ltr' id='par_1_71' title="bbox 2126 3383 3709 3470">
     <span class='ocr_line' id='line_1_71' title="bbox 2126 3383 3709 3470; baseline 0.004 -25"><span class='ocrx_word' id='word_1_555' title='bbox 2126 3383 2229 3446; x_wconf 39' lang='lat' dir='ltr'><strong>ibi.</strong></span> <span class='ocrx_word' id='word_1_556' title='bbox 2256 3399 2314 3447; x_wconf 78' lang='grc' dir='ltr'>τὸ</span> <span class='ocrx_word' id='word_1_557' title='bbox 2340 3394 2463 3465; x_wconf 78' lang='grc' dir='ltr'>ὅρος</span> <span class='ocrx_word' id='word_1_558' title='bbox 2490 3394 2640 3446; x_wconf 67' lang='grc' dir='ltr'>Σινῐί.</span> <span class='ocrx_word' id='word_1_559' title='bbox 2680 3396 2789 3448; x_wconf 72' lang='grc' dir='ltr'><strong>Καὶ</strong></span> <span class='ocrx_word' id='word_1_560' title='bbox 2824 3395 2985 3447; x_wconf 77' lang='grc' dir='ltr'>ἔθυσε</span> <span class='ocrx_word' id='word_1_561' title='bbox 3026 3395 3273 3464; x_wconf 74' lang='grc' dir='ltr'><strong>Μωῦσῆς</strong></span> <span class='ocrx_word' id='word_1_562' title='bbox 3296 3398 3413 3448; x_wconf 86' lang='grc' dir='ltr'>ἐκεῖ</span> <span class='ocrx_word' id='word_1_563' title='bbox 3456 3397 3534 3468; x_wconf 84' lang='grc' dir='ltr'>τῷ</span> <span class='ocrx_word' id='word_1_564' title='bbox 3565 3399 3709 3470; x_wconf 83' lang='grc' dir='ltr'>Θεῷ,</span> 
     </span>
    </p>
   </div>
   <div class='ocr_carea' id='block_1_72' title="bbox 2133 3472 3712 3560">
    <p class='ocr_par' dir='ltr' id='par_1_72' title="bbox 2133 3472 3712 3560">
     <span class='ocr_line' id='line_1_72' title="bbox 2133 3472 3712 3560; baseline 0.003 -22"><span class='ocrx_word' id='word_1_565' title='bbox 2133 3487 2269 3538; x_wconf 79' lang='grc' dir='ltr'>ὅπου</span> <span class='ocrx_word' id='word_1_566' title='bbox 2327 3488 2420 3537; x_wconf 67' lang='grc' dir='ltr'>καὶ</span> <span class='ocrx_word' id='word_1_567' title='bbox 2480 3485 2753 3557; x_wconf 83' lang='grc' dir='ltr'>Ῥαγουὴλ</span> <span class='ocrx_word' id='word_1_568' title='bbox 2790 3488 2817 3538; x_wconf 88' lang='lat'><strong>6</strong></span> <span class='ocrx_word' id='word_1_569' title='bbox 2861 3485 3124 3554; x_wconf 79' lang='grc' dir='ltr'>πενθερὸς</span> <span class='ocrx_word' id='word_1_570' title='bbox 3164 3472 3329 3539; x_wconf 79' lang='grc' dir='ltr'>αὐτοῦ</span> <span class='ocrx_word' id='word_1_571' title='bbox 3393 3491 3712 3560; x_wconf 77' lang='grc' dir='ltr'>ἀπήντησεν</span> 
     </span>
    </p>
   </div>
   <div class='ocr_carea' id='block_1_73' title="bbox 2135 3576 3717 3651">
    <p class='ocr_par' dir='ltr' id='par_1_73' title="bbox 2135 3576 3717 3651">
     <span class='ocr_line' id='line_1_73' title="bbox 2135 3576 3717 3651; baseline -0.004 -21"><span class='ocrx_word' id='word_1_572' title='bbox 2135 3576 2304 3645; x_wconf 71' lang='grc' dir='ltr'>αὐτῷ.</span> <span class='ocrx_word' id='word_1_573' title='bbox 2339 3578 2688 3644; x_wconf 79' lang='grc' dir='ltr'>Θεασάμενος</span> <span class='ocrx_word' id='word_1_574' title='bbox 2730 3576 2787 3628; x_wconf 84' lang='grc' dir='ltr'>δὲ</span> <span class='ocrx_word' id='word_1_575' title='bbox 2834 3576 2925 3629; x_wconf 86' lang='grc' dir='ltr'>τὸν</span> <span class='ocrx_word' id='word_1_576' title='bbox 2974 3576 3222 3648; x_wconf 78' lang='grc' dir='ltr'>γαμϐρὸν</span> <span class='ocrx_word' id='word_1_577' title='bbox 3268 3580 3326 3632; x_wconf 93' lang='grc' dir='ltr'><strong>ἐν</strong></span> <span class='ocrx_word' id='word_1_578' title='bbox 3395 3579 3538 3651; x_wconf 74' lang='grc' dir='ltr'>ὄχλῳ</span> <span class='ocrx_word' id='word_1_579' title='bbox 3572 3599 3717 3651; x_wconf 80' lang='grc' dir='ltr'>πρα-</span> 
     </span>
    </p>
   </div>
   <div class='ocr_carea' id='block_1_74' title="bbox 2134 3669 3716 3741">
    <p class='ocr_par' dir='ltr' id='par_1_74' title="bbox 2134 3669 3716 3741">
     <span class='ocr_line' id='line_1_74' title="bbox 2134 3669 3716 3741; baseline 0.004 -18"><span class='ocrx_word' id='word_1_580' title='bbox 2134 3672 2359 3739; x_wconf 81' lang='grc' dir='ltr'>γμὰτων</span> <span class='ocrx_word' id='word_1_581' title='bbox 2414 3670 2564 3732; x_wconf 78' lang='grc' dir='ltr'>ὄντα,</span> <span class='ocrx_word' id='word_1_582' title='bbox 2604 3671 2822 3723; x_wconf 82' lang='grc' dir='ltr'>πάντων</span> <span class='ocrx_word' id='word_1_583' title='bbox 2855 3669 2940 3721; x_wconf 83' lang='grc' dir='ltr'>ἐπ’</span> <span class='ocrx_word' id='word_1_584' title='bbox 2972 3671 3135 3722; x_wconf 70' lang='grc' dir='ltr'>αὑτὸν</span> <span class='ocrx_word' id='word_1_585' title='bbox 3183 3670 3537 3741; x_wconf 78' lang='grc' dir='ltr'>βαδιζόντων,</span> <span class='ocrx_word' id='word_1_586' title='bbox 3588 3693 3716 3728; x_wconf 85' lang='grc' dir='ltr'>συν-</span> 
     </span>
    </p>
   </div>
   <div class='ocr_carea' id='block_1_75' title="bbox 2134 3761 3715 3838">
    <p class='ocr_par' dir='ltr' id='par_1_75' title="bbox 2134 3761 3715 3838">
     <span class='ocr_line' id='line_1_75' title="bbox 2134 3761 3715 3838; baseline 0.003 -22"><span class='ocrx_word' id='word_1_587' title='bbox 2134 3761 2387 3817; x_wconf 77' lang='grc' dir='ltr'>εϐούλευε</span> <span class='ocrx_word' id='word_1_588' title='bbox 2420 3762 2519 3832; x_wconf 82' lang='grc' dir='ltr'>τὴν</span> <span class='ocrx_word' id='word_1_589' title='bbox 2550 3763 2648 3832; x_wconf 83' lang='grc' dir='ltr'>μὲν</span> <span class='ocrx_word' id='word_1_590' title='bbox 2678 3762 2785 3815; x_wconf 85' lang='grc' dir='ltr'><strong>τῶν</strong></span> <span class='ocrx_word' id='word_1_591' title='bbox 2812 3761 2978 3815; x_wconf 83' lang='grc' dir='ltr'>δικῶν</span> <span class='ocrx_word' id='word_1_592' title='bbox 3013 3761 3241 3833; x_wconf 80' lang='grc' dir='ltr'>ζήτησιν</span> <span class='ocrx_word' id='word_1_593' title='bbox 3262 3764 3473 3836; x_wconf 84' lang='grc' dir='ltr'>ἑτέροις</span> <span class='ocrx_word' id='word_1_594' title='bbox 3500 3767 3715 3838; x_wconf 82' lang='grc' dir='ltr'>ἐπιτρέ-</span> 
     </span>
    </p>
   </div>
   <div class='ocr_carea' id='block_1_76' title="bbox 2135 3851 3708 3926">
    <p class='ocr_par' dir='ltr' id='par_1_76' title="bbox 2135 3851 3708 3926">
     <span class='ocr_line' id='line_1_76' title="bbox 2135 3851 3708 3926; baseline 0.002 -20"><span class='ocrx_word' id='word_1_595' title='bbox 2135 3871 2281 3911; x_wconf 85' lang='grc' dir='ltr'>πειν.</span> <span class='ocrx_word' id='word_1_596' title='bbox 2304 3852 2469 3905; x_wconf 79' lang='grc' dir='ltr'>αὐτὸν</span> <span class='ocrx_word' id='word_1_597' title='bbox 2492 3852 2548 3904; x_wconf 82' lang='grc' dir='ltr'>δὲ</span> <span class='ocrx_word' id='word_1_598' title='bbox 2585 3852 2694 3905; x_wconf 87' lang='grc' dir='ltr'>τῶν</span> <span class='ocrx_word' id='word_1_599' title='bbox 2724 3851 2995 3921; x_wconf 79' lang='grc' dir='ltr'>μειζόνων</span> <span class='ocrx_word' id='word_1_600' title='bbox 3036 3856 3288 3919; x_wconf 86' lang='grc' dir='ltr'>προνοεῖν</span> <span class='ocrx_word' id='word_1_601' title='bbox 3330 3859 3708 3926; x_wconf 81' lang='grc' dir='ltr'>πραγμάτων,</span> 
     </span>
    </p>
   </div>
   <div class='ocr_carea' id='block_1_77' title="bbox 2135 3943 3712 4021">
    <p class='ocr_par' dir='ltr' id='par_1_77' title="bbox 2135 3943 3712 4021">
     <span class='ocr_line' id='line_1_77' title="bbox 2135 3943 3712 4021; baseline 0.001 -22"><span class='ocrx_word' id='word_1_602' title='bbox 2135 3948 2230 3999; x_wconf 69' lang='grc' dir='ltr'>καὶ</span> <span class='ocrx_word' id='word_1_603' title='bbox 2255 3946 2354 4015; x_wconf 83' lang='grc' dir='ltr'><strong>τῆς</strong></span> <span class='ocrx_word' id='word_1_604' title='bbox 2382 3943 2476 3997; x_wconf 88' lang='grc' dir='ltr'><strong>τοῦ</strong></span> <span class='ocrx_word' id='word_1_605' title='bbox 2511 3943 2643 3996; x_wconf 89' lang='grc' dir='ltr'>λαοῦ</span> <span class='ocrx_word' id='word_1_606' title='bbox 2677 3943 2956 4013; x_wconf 68' lang='grc' dir='ltr'>σωτηρίας</span> <span class='ocrx_word' id='word_1_607' title='bbox 2978 3961 2992 3976; x_wconf 72' lang='grc'><strong>⁸</strong></span> <span class='ocrx_word' id='word_1_608' title='bbox 3027 3945 3123 3997; x_wconf 72' lang='grc' dir='ltr'>καὶ</span> <span class='ocrx_word' id='word_1_609' title='bbox 3166 3946 3311 3999; x_wconf 80' lang='grc' dir='ltr'><strong>κατά</strong></span> <span class='ocrx_word' id='word_1_610' title='bbox 3350 3949 3584 4018; x_wconf 87' lang='grc' dir='ltr'>μυρίους</span> <span class='ocrx_word' id='word_1_611' title='bbox 3612 3951 3712 4021; x_wconf 75' lang='grc' dir='ltr'><strong>ἄρ-</strong></span> 
     </span>
    </p>
   </div>
   <div class='ocr_carea' id='block_1_78' title="bbox 2136 4031 3712 4105">
    <p class='ocr_par' dir='ltr' id='par_1_78' title="bbox 2136 4031 3712 4105">
     <span class='ocr_line' id='line_1_78' title="bbox 2136 4031 3712 4105; baseline 0.003 -18"><span class='ocrx_word' id='word_1_612' title='bbox 2136 4051 2331 4104; x_wconf 84' lang='grc' dir='ltr'>χοντας</span> <span class='ocrx_word' id='word_1_613' title='bbox 2366 4032 2766 4100; x_wconf 83' lang='grc' dir='ltr'>ἀποδεικνύειν,</span> <span class='ocrx_word' id='word_1_614' title='bbox 2817 4031 2940 4086; x_wconf 71' lang='grc' dir='ltr'>εἶτα</span> <span class='ocrx_word' id='word_1_615' title='bbox 2975 4035 3118 4088; x_wconf 86' lang='grc' dir='ltr'><strong>κατά</strong></span> <span class='ocrx_word' id='word_1_616' title='bbox 3157 4034 3388 4105; x_wconf 75' lang='grc' dir='ltr'>χιλίους,</span> <span class='ocrx_word' id='word_1_617' title='bbox 3430 4039 3527 4090; x_wconf 69' lang='grc' dir='ltr'>καὶ</span> <span class='ocrx_word' id='word_1_618' title='bbox 3570 4041 3712 4093; x_wconf 72' lang='grc' dir='ltr'>κατὰ</span> 
     </span>
    </p>
   </div>
   <div class='ocr_carea' id='block_1_79' title="bbox 2135 4127 3714 4200">
    <p class='ocr_par' dir='ltr' id='par_1_79' title="bbox 2135 4127 3714 4200">
     <span class='ocr_line' id='line_1_79' title="bbox 2135 4127 3714 4200; baseline 0.003 -20"><span class='ocrx_word' id='word_1_619' title='bbox 2135 4127 2531 4191; x_wconf 84' lang='grc' dir='ltr'>πεντακοσίους</span> <span class='ocrx_word' id='word_1_620' title='bbox 2559 4127 2780 4197; x_wconf 78' lang='grc' dir='ltr'>ἐτέρους</span> <span class='ocrx_word' id='word_1_621' title='bbox 2816 4130 3066 4200; x_wconf 80' lang='grc' dir='ltr'>ἐφιστᾷν,</span> <span class='ocrx_word' id='word_1_622' title='bbox 3091 4129 3188 4182; x_wconf 75' lang='grc' dir='ltr'>καὶ</span> <span class='ocrx_word' id='word_1_623' title='bbox 3215 4130 3309 4183; x_wconf 75' lang='grc' dir='ltr'>ἐπὶ</span> <span class='ocrx_word' id='word_1_624' title='bbox 3330 4130 3547 4195; x_wconf 79' lang='grc' dir='ltr'>τούτοις</span> <span class='ocrx_word' id='word_1_625' title='bbox 3582 4135 3714 4185; x_wconf 82' lang='grc' dir='ltr'>ἐκα-</span> 
     </span>
    </p>
   </div>
   <div class='ocr_carea' id='block_1_80' title="bbox 2136 4220 3713 4291">
    <p class='ocr_par' dir='ltr' id='par_1_80' title="bbox 2136 4220 3713 4291">
     <span class='ocr_line' id='line_1_80' title="bbox 2136 4220 3713 4291; baseline 0.003 -20"><span class='ocrx_word' id='word_1_626' title='bbox 2136 4221 2469 4291; x_wconf 83' lang='grc' dir='ltr'>τοντάρχους</span> <span class='ocrx_word' id='word_1_627' title='bbox 2530 4220 2626 4273; x_wconf 84' lang='grc' dir='ltr'>καὶ</span> <span class='ocrx_word' id='word_1_628' title='bbox 2692 4223 3205 4290; x_wconf 84' lang='grc' dir='ltr'>πεντηκοντάρχους</span> <span class='ocrx_word' id='word_1_629' title='bbox 3263 4224 3460 4288; x_wconf 86' lang='grc' dir='ltr'>ποιεῖν,</span> <span class='ocrx_word' id='word_1_630' title='bbox 3509 4227 3604 4277; x_wconf 79' lang='grc' dir='ltr'>καὶ</span> <span class='ocrx_word' id='word_1_631' title='bbox 3653 4228 3713 4278; x_wconf 87' lang='grc' dir='ltr'>ὲν</span> 
     </span>
    </p>
   </div>
   <div class='ocr_carea' id='block_1_81' title="bbox 2135 4311 3715 4384">
    <p class='ocr_par' dir='ltr' id='par_1_81' title="bbox 2135 4311 3715 4384">
     <span class='ocr_line' id='line_1_81' title="bbox 2135 4311 3715 4384; baseline 0.004 -21"><span class='ocrx_word' id='word_1_632' title='bbox 2135 4311 2454 4381; x_wconf 79' lang='grc' dir='ltr'>τριάκοντα,</span> <span class='ocrx_word' id='word_1_633' title='bbox 2489 4315 2578 4367; x_wconf 73' lang='grc' dir='ltr'>καὶ</span> <span class='ocrx_word' id='word_1_634' title='bbox 2602 4316 2798 4379; x_wconf 77' lang='grc' dir='ltr'>εἴκοσι,</span> <span class='ocrx_word' id='word_1_635' title='bbox 2829 4314 2924 4366; x_wconf 80' lang='grc' dir='ltr'>καὶ</span> <span class='ocrx_word' id='word_1_636' title='bbox 2951 4311 3085 4364; x_wconf 84' lang='grc' dir='ltr'>δέκα</span> <span class='ocrx_word' id='word_1_637' title='bbox 3121 4313 3347 4384; x_wconf 61' lang='lat' dir='ltr'><strong>semth</strong></span> <span class='ocrx_word' id='word_1_638' title='bbox 3386 4314 3512 4378; x_wconf 82' lang='grc' dir='ltr'>τοὺς</span> <span class='ocrx_word' id='word_1_639' title='bbox 3534 4315 3715 4369; x_wconf 79' lang='grc' dir='ltr'>διακο-</span> 
     </span>
    </p>
   </div>
   <div class='ocr_carea' id='block_1_82' title="bbox 2139 4394 3709 4474">
    <p class='ocr_par' dir='ltr' id='par_1_82' title="bbox 2139 4394 3709 4474">
     <span class='ocr_line' id='line_1_82' title="bbox 2139 4394 3709 4474; baseline 0.002 -18"><span class='ocrx_word' id='word_1_640' title='bbox 2139 4405 2471 4474; x_wconf 86' lang='grc' dir='ltr'>σμήσοντας.</span> <span class='ocrx_word' id='word_1_641' title='bbox 2498 4406 2687 4460; x_wconf 84' lang='grc' dir='ltr'>Ταῦτα</span> <span class='ocrx_word' id='word_1_642' title='bbox 2731 4405 2826 4460; x_wconf 83' lang='grc' dir='ltr'><strong>τοῦ</strong></span> <span class='ocrx_word' id='word_1_643' title='bbox 2869 4403 3136 4473; x_wconf 79' lang='grc' dir='ltr'>Ῥαγουὴλ</span> <span class='ocrx_word' id='word_1_644' title='bbox 3180 4394 3709 4473; x_wconf 76' lang='grc' dir='ltr'>συμϐουλεύσαντος,</span> 
     </span>
    </p>
   </div>
   <div class='ocr_carea' id='block_1_83' title="bbox 462 4493 2033 4579">
    <p class='ocr_par' dir='ltr' id='par_1_83' title="bbox 462 4503 2033 4579">
     <span class='ocr_line' id='line_1_83' title="bbox 462 4503 2033 4579; baseline 0.004 -21"><span class='ocrx_word' id='word_1_645' title='bbox 462 4503 560 4558; x_wconf 90' lang='lat' dir='ltr'><strong>bes</strong></span> <span class='ocrx_word' id='word_1_646' title='bbox 588 4503 942 4559; x_wconf 76' lang='lat' dir='ltr'><strong>Hebrzeorum</strong></span> <span class='ocrx_word' id='word_1_647' title='bbox 978 4513 1152 4558; x_wconf 87' lang='lat' dir='ltr'><strong>castra</strong></span> <span class='ocrx_word' id='word_1_648' title='bbox 1193 4504 1530 4571; x_wconf 89' lang='lat' dir='ltr'><strong>circumdat,</strong></span> <span class='ocrx_word' id='word_1_649' title='bbox 1567 4521 1691 4561; x_wconf 90' lang='lat' dir='ltr'><strong>cum</strong></span> <span class='ocrx_word' id='word_1_650' title='bbox 1727 4507 2033 4579; x_wconf 82' lang='lat' dir='ltr'><strong>fulguribus</strong></span> 
     </span>
    </p>
   </div>
   <div class='ocr_carea' id='block_1_84' title="bbox 2136 4493 3768 4579">
    <p class='ocr_par' dir='ltr' id='par_1_84' title="bbox 2141 4493 3768 4569">
     <span class='ocr_line' id='line_1_84' title="bbox 2141 4493 3768 4569; baseline 0.001 -19"><span class='ocrx_word' id='word_1_651' title='bbox 2141 4496 2383 4565; x_wconf 82' lang='grc' dir='ltr'>Μωῦσῆς</span> <span class='ocrx_word' id='word_1_652' title='bbox 2420 4498 2562 4551; x_wconf 85' lang='grc' dir='ltr'><strong>κατά</strong></span> <span class='ocrx_word' id='word_1_653' title='bbox 2617 4498 2718 4569; x_wconf 82' lang='grc' dir='ltr'>τὴν</span> <span class='ocrx_word' id='word_1_654' title='bbox 2751 4497 2964 4551; x_wconf 83' lang='grc' dir='ltr'>ἐκείνου</span> <span class='ocrx_word' id='word_1_655' title='bbox 3030 4494 3316 4565; x_wconf 84' lang='grc' dir='ltr'>ὑποθήκην</span> <span class='ocrx_word' id='word_1_656' title='bbox 3357 4499 3522 4551; x_wconf 80' lang='grc' dir='ltr'>ποιεῖ.</span> <span class='ocrx_word' id='word_1_657' title='bbox 3576 4493 3713 4551; x_wconf 74' lang='grc' dir='ltr'>Εἶτα</span> <span class='ocrx_word' id='word_1_658' title='bbox 3763 4506 3768 4511; x_wconf 87' lang='grc'><strong>“</strong></span> 
     </span>
    </p>
   </div>
   <div class='ocr_carea' id='block_1_85' title="bbox 463 4593 2031 4666">
    <p class='ocr_par' dir='ltr' id='par_1_85' title="bbox 463 4593 2031 4666">
     <span class='ocr_line' id='line_1_85' title="bbox 463 4593 2031 4666; baseline 0.005 -17"><span class='ocrx_word' id='word_1_659' title='bbox 463 4593 837 4659; x_wconf 85' lang='lat' dir='ltr'><strong>terribilibus,</strong></span> <span class='ocrx_word' id='word_1_660' title='bbox 868 4603 921 4649; x_wconf 92' lang='lat' dir='ltr'><strong>et</strong></span> <span class='ocrx_word' id='word_1_661' title='bbox 951 4595 1156 4665; x_wconf 83' lang='lat' dir='ltr'><strong>impetu</strong></span> <span class='ocrx_word' id='word_1_662' title='bbox 1182 4607 1508 4651; x_wconf 85' lang='lat' dir='ltr'><strong>ventorum:</strong></span> <span class='ocrx_word' id='word_1_663' title='bbox 1564 4597 1767 4666; x_wconf 90' lang='lat' dir='ltr'><strong>quibus</strong></span> <span class='ocrx_word' id='word_1_664' title='bbox 1814 4598 2031 4657; x_wconf 65' lang='lat' dir='ltr'><strong>Hebraei</strong></span> 
     </span>
    </p>
   </div>
   <div class='ocr_carea' id='block_1_86' title="bbox 463 4684 2030 4754">
    <p class='ocr_par' dir='ltr' id='par_1_86' title="bbox 463 4684 2030 4754">
     <span class='ocr_line' id='line_1_86' title="bbox 463 4684 2030 4754; baseline 0.006 -17"><span class='ocrx_word' id='word_1_665' title='bbox 463 4684 742 4754; x_wconf 77' lang='lat' dir='ltr'><strong>perterriti</strong></span> <span class='ocrx_word' id='word_1_666' title='bbox 768 4724 782 4746; x_wconf 91' lang='lat'><strong>,</strong></span> <span class='ocrx_word' id='word_1_667' title='bbox 816 4685 954 4738; x_wconf 86' lang='lat' dir='ltr'><strong>intra</strong></span> <span class='ocrx_word' id='word_1_668' title='bbox 985 4686 1336 4741; x_wconf 79' lang='lat' dir='ltr'><strong>tabernacula</strong></span> <span class='ocrx_word' id='word_1_669' title='bbox 1377 4702 1439 4742; x_wconf 86' lang='lat' dir='ltr'><strong>se</strong></span> <span class='ocrx_word' id='word_1_670' title='bbox 1472 4691 1776 4747; x_wconf 89' lang='lat' dir='ltr'><strong>continent.</strong></span> <span class='ocrx_word' id='word_1_671' title='bbox 1826 4689 2030 4748; x_wconf 88' lang='lat' dir='ltr'><strong>Deinde</strong></span> 
     </span>
    </p>
   </div>
   <div class='ocr_carea' id='block_1_87' title="bbox 463 4773 2027 4849">
    <p class='ocr_par' dir='ltr' id='par_1_87' title="bbox 463 4773 2027 4849">
     <span class='ocr_line' id='line_1_87' title="bbox 463 4773 2027 4849; baseline 0.006 -24"><span class='ocrx_word' id='word_1_672' title='bbox 463 4773 641 4829; x_wconf 85' lang='lat' dir='ltr'><strong>Moses</strong></span> <span class='ocrx_word' id='word_1_673' title='bbox 676 4776 922 4843; x_wconf 88' lang='lat' dir='ltr'><strong>procedit</strong></span> <span class='ocrx_word' id='word_1_674' title='bbox 942 4816 956 4838; x_wconf 89' lang='lat'><strong>,</strong></span> <span class='ocrx_word' id='word_1_675' title='bbox 995 4775 1194 4829; x_wconf 85' lang='lat' dir='ltr'><strong>ﬁducia</strong></span> <span class='ocrx_word' id='word_1_676' title='bbox 1230 4775 1426 4846; x_wconf 88' lang='lat' dir='ltr'><strong>plenus</strong></span> <span class='ocrx_word' id='word_1_677' title='bbox 1448 4815 1464 4841; x_wconf 91' lang='lat'><strong>,</strong></span> <span class='ocrx_word' id='word_1_678' title='bbox 1493 4791 1705 4849; x_wconf 91' lang='lat' dir='ltr'><strong>suoque</strong></span> <span class='ocrx_word' id='word_1_679' title='bbox 1730 4792 2027 4848; x_wconf 88' lang='lat' dir='ltr'><strong>conspectu</strong></span> 
     </span>
    </p>
   </div>
   <div class='ocr_carea' id='block_1_88' title="bbox 465 4866 2032 4939">
    <p class='ocr_par' dir='ltr' id='par_1_88' title="bbox 465 4866 2032 4939">
     <span class='ocr_line' id='line_1_88' title="bbox 465 4866 2032 4939; baseline 0.006 -20"><span class='ocrx_word' id='word_1_680' title='bbox 465 4866 821 4935; x_wconf 87' lang='lat' dir='ltr'><strong>popularibus</strong></span> <span class='ocrx_word' id='word_1_681' title='bbox 865 4878 1070 4921; x_wconf 90' lang='lat' dir='ltr'><strong>metum</strong></span> <span class='ocrx_word' id='word_1_682' title='bbox 1112 4866 1306 4921; x_wconf 92' lang='lat' dir='ltr'><strong>adimit</strong></span> <span class='ocrx_word' id='word_1_683' title='bbox 1341 4883 1355 4921; x_wconf 92' lang='lat'><strong>:</strong></span> <span class='ocrx_word' id='word_1_684' title='bbox 1403 4883 1526 4939; x_wconf 61' lang='lat' dir='ltr'><strong>quae</strong></span> <span class='ocrx_word' id='word_1_685' title='bbox 1568 4871 1845 4926; x_wconf 88' lang='lat' dir='ltr'><strong>mandarit</strong></span> <span class='ocrx_word' id='word_1_686' title='bbox 1887 4872 2032 4928; x_wconf 84' lang='lat' dir='ltr'><strong>Deus</strong></span> 
     </span>
    </p>
   </div>
   <div class='ocr_carea' id='block_1_89' title="bbox 459 4959 2036 5035">
    <p class='ocr_par' dir='ltr' id='par_1_89' title="bbox 459 4959 2036 5035">
     <span class='ocr_line' id='line_1_89' title="bbox 459 4959 2036 5035; baseline 0.005 -23"><span class='ocrx_word' id='word_1_687' title='bbox 459 4959 713 5028; x_wconf 90' lang='lat' dir='ltr'><strong>exponit,</strong></span> <span class='ocrx_word' id='word_1_688' title='bbox 740 4968 796 5014; x_wconf 92' lang='lat' dir='ltr'><strong>et</strong></span> <span class='ocrx_word' id='word_1_689' title='bbox 826 4976 945 5029; x_wconf 78' lang='lat' dir='ltr'><strong>qua:</strong></span> <span class='ocrx_word' id='word_1_690' title='bbox 968 4960 1051 5015; x_wconf 90' lang='lat' dir='ltr'><strong>cis</strong></span> <span class='ocrx_word' id='word_1_691' title='bbox 1073 4960 1324 5016; x_wconf 86' lang='lat' dir='ltr'><strong>instituta</strong></span> <span class='ocrx_word' id='word_1_692' title='bbox 1347 4962 1458 5017; x_wconf 88' lang='lat' dir='ltr'><strong>sint</strong></span> <span class='ocrx_word' id='word_1_693' title='bbox 1481 4964 1748 5021; x_wconf 88' lang='lat' dir='ltr'><strong>tenenda:</strong></span> <span class='ocrx_word' id='word_1_694' title='bbox 1778 4965 2036 5035; x_wconf 89' lang='lat' dir='ltr'><strong>producit</strong></span> 
     </span>
    </p>
   </div>
   <div class='ocr_carea' id='block_1_90' title="bbox 458 5050 2030 5120">
    <p class='ocr_par' dir='ltr' id='par_1_90' title="bbox 458 5050 2030 5120">
     <span class='ocr_line' id='line_1_90' title="bbox 458 5050 2030 5120; baseline 0.008 -21"><span class='ocrx_word' id='word_1_695' title='bbox 458 5052 725 5120; x_wconf 77' lang='lat' dir='ltr'><strong>populum</strong></span> <span class='ocrx_word' id='word_1_696' title='bbox 783 5065 909 5106; x_wconf 89' lang='lat' dir='ltr'><strong>cum</strong></span> <span class='ocrx_word' id='word_1_697' title='bbox 959 5050 1223 5106; x_wconf 85' lang='lat' dir='ltr'><strong>uxoribus</strong></span> <span class='ocrx_word' id='word_1_698' title='bbox 1257 5058 1314 5107; x_wconf 93' lang='lat' dir='ltr'><strong>et</strong></span> <span class='ocrx_word' id='word_1_699' title='bbox 1350 5053 1541 5108; x_wconf 83' lang='lat' dir='ltr'><strong>liberis</strong></span> <span class='ocrx_word' id='word_1_700' title='bbox 1587 5054 1656 5110; x_wconf 89' lang='lat' dir='ltr'><strong>ad</strong></span> <span class='ocrx_word' id='word_1_701' title='bbox 1695 5055 2030 5111; x_wconf 87' lang='lat' dir='ltr'><strong>audiendum</strong></span> 
     </span>
    </p>
   </div>
   <div class='ocr_carea' id='block_1_91' title="bbox 464 5140 2033 5208">
    <p class='ocr_par' dir='ltr' id='par_1_91' title="bbox 464 5140 2033 5208">
     <span class='ocr_line' id='line_1_91' title="bbox 464 5140 2033 5208; baseline 0.006 -15"><span class='ocrx_word' id='word_1_702' title='bbox 464 5140 659 5195; x_wconf 87' lang='lat' dir='ltr'><strong>Deum.</strong></span> <span class='ocrx_word' id='word_1_703' title='bbox 700 5141 950 5197; x_wconf 82' lang='lat' dir='ltr'><strong>Audiunt</strong></span> <span class='ocrx_word' id='word_1_704' title='bbox 994 5142 1074 5196; x_wconf 91' lang='lat' dir='ltr'><strong>illi</strong></span> <span class='ocrx_word' id='word_1_705' title='bbox 1110 5157 1399 5208; x_wconf 85' lang='lat' dir='ltr'><strong>vocemex</strong></span> <span class='ocrx_word' id='word_1_706' title='bbox 1430 5144 1539 5198; x_wconf 89' lang='lat' dir='ltr'><strong>alto</strong></span> <span class='ocrx_word' id='word_1_707' title='bbox 1567 5144 1883 5205; x_wconf 88' lang='lat' dir='ltr'><strong>demissam.</strong></span> <span class='ocrx_word' id='word_1_708' title='bbox 1939 5145 2033 5202; x_wconf 88' lang='lat' dir='ltr'><strong>lIle</strong></span> 
     </span>
    </p>
   </div>
   <div class='ocr_carea' id='block_1_92' title="bbox 462 5234 2033 5306">
    <p class='ocr_par' dir='ltr' id='par_1_92' title="bbox 462 5234 2033 5306">
     <span class='ocr_line' id='line_1_92' title="bbox 462 5234 2033 5306; baseline 0.007 -22"><span class='ocrx_word' id='word_1_709' title='bbox 462 5247 655 5288; x_wconf 86' lang='lat' dir='ltr'><strong>rursus</strong></span> <span class='ocrx_word' id='word_1_710' title='bbox 712 5242 957 5290; x_wconf 86' lang='lat' dir='ltr'><strong>montem</strong></span> <span class='ocrx_word' id='word_1_711' title='bbox 1004 5234 1369 5289; x_wconf 87' lang='lat' dir='ltr'><strong>conscendit:</strong></span> <span class='ocrx_word' id='word_1_712' title='bbox 1408 5235 1463 5289; x_wconf 91' lang='lat' dir='ltr'><strong>in</strong></span> <span class='ocrx_word' id='word_1_713' title='bbox 1506 5251 1617 5306; x_wconf 89' lang='lat' dir='ltr'><strong>quo</strong></span> <span class='ocrx_word' id='word_1_714' title='bbox 1653 5253 1779 5293; x_wconf 92' lang='lat' dir='ltr'><strong>cum</strong></span> <span class='ocrx_word' id='word_1_715' title='bbox 1825 5239 2033 5295; x_wconf 87' lang='lat' dir='ltr'><strong>diutius</strong></span> 
     </span>
    </p>
   </div>
   <div class='ocr_carea' id='block_1_93' title="bbox 463 5325 2026 5396">
    <p class='ocr_par' dir='ltr' id='par_1_93' title="bbox 463 5325 2026 5396">
     <span class='ocr_line' id='line_1_93' title="bbox 463 5325 2026 5396; baseline 0.006 -21"><span class='ocrx_word' id='word_1_716' title='bbox 463 5333 794 5390; x_wconf 76' lang='lat' dir='ltr'><strong>lucraretur,</strong></span> <span class='ocrx_word' id='word_1_717' title='bbox 818 5325 1065 5395; x_wconf 82' lang='lat' dir='ltr'><strong>populus</strong></span> <span class='ocrx_word' id='word_1_718' title='bbox 1084 5325 1152 5381; x_wconf 90' lang='lat' dir='ltr'><strong>ad</strong></span> <span class='ocrx_word' id='word_1_719' title='bbox 1171 5326 1443 5381; x_wconf 85' lang='lat' dir='ltr'><strong>Aaronem</strong></span> <span class='ocrx_word' id='word_1_720' title='bbox 1478 5327 1763 5383; x_wconf 81' lang='lat' dir='ltr'><strong>continens</strong></span> <span class='ocrx_word' id='word_1_721' title='bbox 1783 5347 1796 5383; x_wconf 93' lang='lat'><strong>:</strong></span> <span class='ocrx_word' id='word_1_722' title='bbox 1824 5328 2026 5396; x_wconf 76' lang='lat' dir='ltr'><strong>Facito,</strong></span> 
     </span>
    </p>
   </div>
   <div class='ocr_carea' id='block_1_94' title="bbox 463 5410 2036 5487">
    <p class='ocr_par' dir='ltr' id='par_1_94' title="bbox 463 5410 2036 5487">
     <span class='ocr_line' id='line_1_94' title="bbox 463 5410 2036 5487; baseline 0.006 -24"><span class='ocrx_word' id='word_1_723' title='bbox 463 5410 662 5479; x_wconf 86' lang='lat' dir='ltr'><strong>inquit,</strong></span> <span class='ocrx_word' id='word_1_724' title='bbox 695 5411 838 5467; x_wconf 74' lang='lat' dir='ltr'><strong>nobis</strong></span> <span class='ocrx_word' id='word_1_725' title='bbox 865 5412 1025 5467; x_wconf 76' lang='lat' dir='ltr'><strong>deos:</strong></span> <span class='ocrx_word' id='word_1_726' title='bbox 1050 5428 1174 5467; x_wconf 87' lang='lat' dir='ltr'><strong>nam</strong></span> <span class='ocrx_word' id='word_1_727' title='bbox 1198 5413 1323 5484; x_wconf 82' lang='lat' dir='ltr'><strong>quid</strong></span> <span class='ocrx_word' id='word_1_728' title='bbox 1356 5412 1491 5469; x_wconf 79' lang='lat' dir='ltr'><strong>Mosi</strong></span> <span class='ocrx_word' id='word_1_729' title='bbox 1522 5417 1795 5483; x_wconf 72' lang='lat' dir='ltr'><strong>acciderit,</strong></span> <span class='ocrx_word' id='word_1_730' title='bbox 1817 5418 2036 5487; x_wconf 82' lang='lat' dir='ltr'><strong>ignora-</strong></span> 
     </span>
    </p>
   </div>
   <div class='ocr_carea' id='block_1_95' title="bbox 472 5499 2037 5572">
    <p class='ocr_par' dir='ltr' id='par_1_95' title="bbox 472 5499 2037 5572">
     <span class='ocr_line' id='line_1_95' title="bbox 472 5499 2037 5572; baseline 0.006 -19"><span class='ocrx_word' id='word_1_731' title='bbox 472 5516 610 5553; x_wconf 79' lang='lat' dir='ltr'><strong>mus.</strong></span> <span class='ocrx_word' id='word_1_732' title='bbox 654 5499 836 5554; x_wconf 87' lang='lat' dir='ltr'><strong>Aaron</strong></span> <span class='ocrx_word' id='word_1_733' title='bbox 856 5501 910 5556; x_wconf 84' lang='lat' dir='ltr'><strong>vi</strong></span> <span class='ocrx_word' id='word_1_734' title='bbox 948 5501 1243 5568; x_wconf 85' lang='lat' dir='ltr'><strong>subactus,</strong></span> <span class='ocrx_word' id='word_1_735' title='bbox 1290 5520 1488 5561; x_wconf 84' lang='lat' dir='ltr'><strong>aureas</strong></span> <span class='ocrx_word' id='word_1_736' title='bbox 1514 5505 1767 5572; x_wconf 87' lang='lat' dir='ltr'><strong>inaures,</strong></span> <span class='ocrx_word' id='word_1_737' title='bbox 1796 5517 1853 5560; x_wconf 89' lang='lat' dir='ltr'><strong>et</strong></span> <span class='ocrx_word' id='word_1_738' title='bbox 1876 5523 2037 5562; x_wconf 91' lang='lat' dir='ltr'><strong>mun-</strong></span> 
     </span>
    </p>
   </div>
   <div class='ocr_carea' id='block_1_96' title="bbox 471 5591 2041 5668">
    <p class='ocr_par' dir='ltr' id='par_1_96' title="bbox 471 5591 2041 5668">
     <span class='ocr_line' id='line_1_96' title="bbox 471 5591 2041 5668; baseline 0.009 -30"><span class='ocrx_word' id='word_1_739' title='bbox 471 5591 603 5645; x_wconf 83' lang='lat' dir='ltr'><strong>dum</strong></span> <span class='ocrx_word' id='word_1_740' title='bbox 635 5592 957 5648; x_wconf 89' lang='lat' dir='ltr'><strong>muliebrem</strong></span> <span class='ocrx_word' id='word_1_741' title='bbox 990 5609 1222 5649; x_wconf 87' lang='lat' dir='ltr'><strong>uxorum</strong></span> <span class='ocrx_word' id='word_1_742' title='bbox 1249 5606 1307 5651; x_wconf 89' lang='lat' dir='ltr'><strong>et</strong></span> <span class='ocrx_word' id='word_1_743' title='bbox 1343 5596 1575 5650; x_wconf 77' lang='lat' dir='ltr'><strong>ﬁliarum</strong></span> <span class='ocrx_word' id='word_1_744' title='bbox 1602 5614 1699 5650; x_wconf 82' lang='lat' dir='ltr'><strong>eos</strong></span> <span class='ocrx_word' id='word_1_745' title='bbox 1727 5595 1930 5651; x_wconf 73' lang='lat' dir='ltr'><strong>afferre</strong></span> <span class='ocrx_word' id='word_1_746' title='bbox 1949 5598 2041 5668; x_wconf 83' lang='lat' dir='ltr'><strong>ju-</strong></span> 
     </span>
    </p>
   </div>
   <div class='ocr_carea' id='block_1_97' title="bbox 472 5682 2038 5753">
    <p class='ocr_par' dir='ltr' id='par_1_97' title="bbox 472 5682 2038 5753">
     <span class='ocr_line' id='line_1_97' title="bbox 472 5682 2038 5753; baseline 0.002 -13"><span class='ocrx_word' id='word_1_747' title='bbox 472 5683 589 5740; x_wconf 75' lang='lat' dir='ltr'><strong>bet.</strong></span> <span class='ocrx_word' id='word_1_748' title='bbox 611 5682 859 5740; x_wconf 73' lang='lat' dir='ltr'><strong>Aﬂerunt</strong></span> <span class='ocrx_word' id='word_1_749' title='bbox 882 5687 998 5751; x_wconf 87' lang='lat' dir='ltr'><strong>illa,</strong></span> <span class='ocrx_word' id='word_1_750' title='bbox 1027 5695 1085 5742; x_wconf 91' lang='lat' dir='ltr'><strong>et</strong></span> <span class='ocrx_word' id='word_1_751' title='bbox 1107 5688 1340 5742; x_wconf 86' lang='lat' dir='ltr'><strong>vitulum</strong></span> <span class='ocrx_word' id='word_1_752' title='bbox 1367 5704 1598 5743; x_wconf 84' lang='lat' dir='ltr'><strong>aureum</strong></span> <span class='ocrx_word' id='word_1_753' title='bbox 1627 5687 1754 5743; x_wconf 84' lang='lat' dir='ltr'><strong>inde</strong></span> <span class='ocrx_word' id='word_1_754' title='bbox 1773 5687 2038 5753; x_wconf 84' lang='lat' dir='ltr'><strong>conﬂant,</strong></span> 
     </span>
    </p>
   </div>
   <div class='ocr_carea' id='block_1_98' title="bbox 2145 4586 3714 4659">
    <p class='ocr_par' dir='ltr' id='par_1_98' title="bbox 2145 4586 3714 4659">
     <span class='ocr_line' id='line_1_98' title="bbox 2145 4586 3714 4659; baseline 0.003 -21"><span class='ocrx_word' id='word_1_755' title='bbox 2145 4586 2370 4655; x_wconf 84' lang='grc' dir='ltr'>πλησίον</span> <span class='ocrx_word' id='word_1_756' title='bbox 2411 4589 2835 4659; x_wconf 83' lang='grc' dir='ltr'>μετασκηνῶσαι</span> <span class='ocrx_word' id='word_1_757' title='bbox 2865 4589 2960 4640; x_wconf 91' lang='grc' dir='ltr'><strong>τοῦ</strong></span> <span class='ocrx_word' id='word_1_758' title='bbox 2988 4587 3152 4657; x_wconf 81' lang='grc' dir='ltr'>ὄρους</span> <span class='ocrx_word' id='word_1_759' title='bbox 3186 4587 3317 4639; x_wconf 80' lang='grc' dir='ltr'>Σινᾶ</span> <span class='ocrx_word' id='word_1_760' title='bbox 3347 4587 3427 4659; x_wconf 87' lang='grc' dir='ltr'>τῷ</span> <span class='ocrx_word' id='word_1_761' title='bbox 3466 4588 3579 4658; x_wconf 80' lang='grc' dir='ltr'>λαῷ</span> <span class='ocrx_word' id='word_1_762' title='bbox 3623 4592 3714 4642; x_wconf 84' lang='grc' dir='ltr'><strong>ὲν-</strong></span> 
     </span>
    </p>
   </div>
   <div class='ocr_carea' id='block_1_99' title="bbox 2140 4677 3716 4750">
    <p class='ocr_par' dir='ltr' id='par_1_99' title="bbox 2140 4677 3716 4750">
     <span class='ocr_line' id='line_1_99' title="bbox 2140 4677 3716 4750; baseline 0.002 -18"><span class='ocrx_word' id='word_1_763' title='bbox 2140 4677 2480 4748; x_wconf 84' lang='grc' dir='ltr'>τειλάμενος,</span> <span class='ocrx_word' id='word_1_764' title='bbox 2531 4681 2696 4743; x_wconf 75' lang='grc' dir='ltr'>αὐτὸς</span> <span class='ocrx_word' id='word_1_765' title='bbox 2759 4680 2840 4742; x_wconf 83' lang='grc' dir='ltr'><strong>είς</strong></span> <span class='ocrx_word' id='word_1_766' title='bbox 2872 4678 2933 4731; x_wconf 81' lang='grc' dir='ltr'>τὸ</span> <span class='ocrx_word' id='word_1_767' title='bbox 2963 4677 3088 4748; x_wconf 79' lang='grc' dir='ltr'>ὅρος</span> <span class='ocrx_word' id='word_1_768' title='bbox 3138 4679 3328 4750; x_wconf 74' lang='grc' dir='ltr'><strong>ἀνῄει⁹</strong></span> <span class='ocrx_word' id='word_1_769' title='bbox 3376 4679 3468 4733; x_wconf 78' lang='grc' dir='ltr'>καὶ</span> <span class='ocrx_word' id='word_1_770' title='bbox 3513 4680 3539 4733; x_wconf 86' lang='lat'><strong>6</strong></span> <span class='ocrx_word' id='word_1_771' title='bbox 3584 4680 3716 4746; x_wconf 76' lang='grc' dir='ltr'>λαὸς</span> 
     </span>
    </p>
   </div>
   <div class='ocr_carea' id='block_1_100' title="bbox 2143 4767 3715 4841">
    <p class='ocr_par' dir='ltr' id='par_1_100' title="bbox 2143 4767 3715 4841">
     <span class='ocr_line' id='line_1_100' title="bbox 2143 4767 3715 4841; baseline 0.001 -19"><span class='ocrx_word' id='word_1_772' title='bbox 2143 4771 2580 4841; x_wconf 87' lang='grc' dir='ltr'>μετεσκήνωσεν,</span> <span class='ocrx_word' id='word_1_773' title='bbox 2616 4767 2862 4837; x_wconf 86' lang='grc' dir='ltr'>ἀγνεύων</span> <span class='ocrx_word' id='word_1_774' title='bbox 2895 4772 2997 4841; x_wconf 84' lang='grc' dir='ltr'><strong>τήν</strong></span> <span class='ocrx_word' id='word_1_775' title='bbox 3040 4785 3099 4821; x_wconf 85' lang='grc' dir='ltr'><strong>τε</strong></span> <span class='ocrx_word' id='word_1_776' title='bbox 3132 4768 3300 4839; x_wconf 81' lang='grc' dir='ltr'>ἄλλην</span> <span class='ocrx_word' id='word_1_777' title='bbox 3330 4768 3579 4839; x_wconf 77' lang='grc' dir='ltr'>ἁγνείαν,</span> <span class='ocrx_word' id='word_1_778' title='bbox 3611 4772 3715 4824; x_wconf 65' lang='grc' dir='ltr'><strong>καλ⁵</strong></span> 
     </span>
    </p>
   </div>
   <div class='ocr_carea' id='block_1_101' title="bbox 2139 4859 3717 4932">
    <p class='ocr_par' dir='ltr' id='par_1_101' title="bbox 2139 4859 3717 4932">
     <span class='ocr_line' id='line_1_101' title="bbox 2139 4859 3717 4932; baseline 0.002 -19"><span class='ocrx_word' id='word_1_779' title='bbox 2139 4861 2247 4914; x_wconf 75' lang='grc' dir='ltr'><strong>ἀπὸ</strong></span> <span class='ocrx_word' id='word_1_780' title='bbox 2273 4861 2536 4930; x_wconf 78' lang='grc' dir='ltr'>γυναικὸς</span> <span class='ocrx_word' id='word_1_781' title='bbox 2561 4859 2852 4921; x_wconf 87' lang='grc' dir='ltr'>συνουσίας</span> <span class='ocrx_word' id='word_1_782' title='bbox 2880 4861 3076 4929; x_wconf 86' lang='grc' dir='ltr'>τρίτην</span> <span class='ocrx_word' id='word_1_783' title='bbox 3095 4861 3337 4932; x_wconf 75' lang='grc' dir='ltr'>ἡμέραν.</span> <span class='ocrx_word' id='word_1_784' title='bbox 3372 4862 3531 4915; x_wconf 82' lang='grc' dir='ltr'>Κατά</span> <span class='ocrx_word' id='word_1_785' title='bbox 3557 4861 3617 4914; x_wconf 80' lang='grc' dir='ltr'><strong>δέ</strong></span> <span class='ocrx_word' id='word_1_786' title='bbox 3648 4879 3717 4931; x_wconf 87' lang='grc' dir='ltr'><strong>γε</strong></span> 
     </span>
    </p>
   </div>
   <div class='ocr_carea' id='block_1_102' title="bbox 2130 4950 3717 5024">
    <p class='ocr_par' dir='ltr' id='par_1_102' title="bbox 2130 4950 3717 5024">
     <span class='ocr_line' id='line_1_102' title="bbox 2130 4950 3717 5024; baseline 0.003 -19"><span class='ocrx_word' id='word_1_787' title='bbox 2130 4952 2231 5021; x_wconf 80' lang='grc' dir='ltr'><strong>τὴν</strong></span> <span class='ocrx_word' id='word_1_788' title='bbox 2275 4952 2468 5024; x_wconf 83' lang='grc' dir='ltr'>τρίτην</span> <span class='ocrx_word' id='word_1_789' title='bbox 2511 4950 2682 5007; x_wconf 74' lang='grc' dir='ltr'>ἔωθεν</span> <span class='ocrx_word' id='word_1_790' title='bbox 2765 4951 2965 5023; x_wconf 81' lang='grc' dir='ltr'>νεφέλη</span> <span class='ocrx_word' id='word_1_791' title='bbox 3035 4952 3403 5023; x_wconf 85' lang='grc' dir='ltr'>περιεκύκλου</span> <span class='ocrx_word' id='word_1_792' title='bbox 3458 4953 3521 5006; x_wconf 81' lang='grc' dir='ltr'>τὸ</span> <span class='ocrx_word' id='word_1_793' title='bbox 3602 4956 3717 5009; x_wconf 86' lang='grc' dir='ltr'><strong>τῶν</strong></span> 
     </span>
    </p>
   </div>
   <div class='ocr_carea' id='block_1_103' title="bbox 2148 5044 3715 5122">
    <p class='ocr_par' dir='ltr' id='par_1_103' title="bbox 2148 5044 3715 5122">
     <span class='ocr_line' id='line_1_103' title="bbox 2148 5044 3715 5122; baseline 0.003 -22"><span class='ocrx_word' id='word_1_794' title='bbox 2148 5046 2420 5117; x_wconf 77' lang='grc' dir='ltr'>Ἐϐραίων</span> <span class='ocrx_word' id='word_1_795' title='bbox 2451 5047 2841 5119; x_wconf 83' lang='grc' dir='ltr'>στρατόπεδον,</span> <span class='ocrx_word' id='word_1_796' title='bbox 2873 5049 3156 5122; x_wconf 87' lang='grc' dir='ltr'>ἀστραπαί</span> <span class='ocrx_word' id='word_1_797' title='bbox 3178 5066 3237 5102; x_wconf 89' lang='grc' dir='ltr'><strong>τε</strong></span> <span class='ocrx_word' id='word_1_798' title='bbox 3266 5044 3408 5121; x_wconf 80' lang='grc' dir='ltr'>ἦσαν</span> <span class='ocrx_word' id='word_1_799' title='bbox 3453 5050 3715 5122; x_wconf 71' lang='grc' dir='ltr'>φοϐεραὶ,</span> 
     </span>
    </p>
   </div>
   <div class='ocr_carea' id='block_1_104' title="bbox 2137 5141 3715 5215">
    <p class='ocr_par' dir='ltr' id='par_1_104' title="bbox 2137 5141 3715 5215">
     <span class='ocr_line' id='line_1_104' title="bbox 2137 5141 3715 5215; baseline 0.003 -21"><span class='ocrx_word' id='word_1_800' title='bbox 2137 5141 2235 5194; x_wconf 77' lang='grc' dir='ltr'>καὶ</span> <span class='ocrx_word' id='word_1_801' title='bbox 2263 5142 2596 5210; x_wconf 83' lang='grc' dir='ltr'>πνευμάτων</span> <span class='ocrx_word' id='word_1_802' title='bbox 2630 5141 2955 5214; x_wconf 78' lang='grc' dir='ltr'>σφοδρότης,</span> <span class='ocrx_word' id='word_1_803' title='bbox 2990 5141 3027 5196; x_wconf 78' lang='grc' dir='ltr'><strong>ἀ</strong></span> <span class='ocrx_word' id='word_1_804' title='bbox 3059 5144 3189 5207; x_wconf 82' lang='grc' dir='ltr'>τοὺς</span> <span class='ocrx_word' id='word_1_805' title='bbox 3230 5143 3520 5215; x_wconf 79' lang='grc' dir='ltr'>Ἐϐραίους</span> <span class='ocrx_word' id='word_1_806' title='bbox 3573 5146 3715 5199; x_wconf 82' lang='grc' dir='ltr'>ἐδεί-</span> 
     </span>
    </p>
   </div>
   <div class='ocr_carea' id='block_1_105' title="bbox 2143 5231 3715 5303">
    <p class='ocr_par' dir='ltr' id='par_1_105' title="bbox 2143 5231 3715 5303">
     <span class='ocr_line' id='line_1_105' title="bbox 2143 5231 3715 5303; baseline 0.003 -21"><span class='ocrx_word' id='word_1_807' title='bbox 2143 5247 2302 5300; x_wconf 89' lang='grc' dir='ltr'>μαινε</span> <span class='ocrx_word' id='word_1_808' title='bbox 2327 5232 2449 5294; x_wconf 80' lang='grc' dir='ltr'>ταῖς</span> <span class='ocrx_word' id='word_1_809' title='bbox 2482 5233 2712 5302; x_wconf 80' lang='grc' dir='ltr'>σκηναῖς</span> <span class='ocrx_word' id='word_1_810' title='bbox 2749 5231 3181 5302; x_wconf 79' lang='grc' dir='ltr'>προσμένοντας.</span> <span class='ocrx_word' id='word_1_811' title='bbox 3229 5233 3614 5303; x_wconf 84' lang='grc' dir='ltr'>Ἐπιφαίνεται</span> <span class='ocrx_word' id='word_1_812' title='bbox 3658 5234 3715 5287; x_wconf 82' lang='grc' dir='ltr'><strong>δέ</strong></span> 
     </span>
    </p>
   </div>
   <div class='ocr_carea' id='block_1_106' title="bbox 2136 5320 3714 5394">
    <p class='ocr_par' dir='ltr' id='par_1_106' title="bbox 2136 5320 3714 5394">
     <span class='ocr_line' id='line_1_106' title="bbox 2136 5320 3714 5394; baseline 0.003 -20"><span class='ocrx_word' id='word_1_813' title='bbox 2136 5322 2166 5374; x_wconf 87' lang='lat'><strong>6</strong></span> <span class='ocrx_word' id='word_1_814' title='bbox 2192 5322 2433 5391; x_wconf 83' lang='grc' dir='ltr'>Μωῦσῆς</span> <span class='ocrx_word' id='word_1_815' title='bbox 2463 5320 2717 5391; x_wconf 73' lang='grc' dir='ltr'>ἔμπλεως</span> <span class='ocrx_word' id='word_1_816' title='bbox 2745 5323 3004 5394; x_wconf 86' lang='grc' dir='ltr'>θάρσους,</span> <span class='ocrx_word' id='word_1_817' title='bbox 3034 5323 3132 5378; x_wconf 85' lang='grc' dir='ltr'>καὶ</span> <span class='ocrx_word' id='word_1_818' title='bbox 3182 5324 3370 5394; x_wconf 71' lang='grc' dir='ltr'>ὀφθεὶς</span> <span class='ocrx_word' id='word_1_819' title='bbox 3430 5325 3714 5379; x_wconf 79' lang='grc' dir='ltr'>ἀπαλλάτο</span> 
     </span>
    </p>
   </div>
   <div class='ocr_carea' id='block_1_107' title="bbox 2138 5410 3713 5486">
    <p class='ocr_par' dir='ltr' id='par_1_107' title="bbox 2138 5410 3713 5486">
     <span class='ocr_line' id='line_1_107' title="bbox 2138 5410 3713 5486; baseline 0.003 -20"><span class='ocrx_word' id='word_1_820' title='bbox 2138 5429 2218 5466; x_wconf 84' lang='grc' dir='ltr'><strong>τει</strong></span> <span class='ocrx_word' id='word_1_821' title='bbox 2246 5410 2342 5465; x_wconf 90' lang='grc' dir='ltr'><strong>τοῦ</strong></span> <span class='ocrx_word' id='word_1_822' title='bbox 2383 5412 2538 5475; x_wconf 86' lang='grc' dir='ltr'>δέους</span> <span class='ocrx_word' id='word_1_823' title='bbox 2570 5412 2791 5477; x_wconf 73' lang='grc' dir='ltr'>αὐτοὺς,</span> <span class='ocrx_word' id='word_1_824' title='bbox 2821 5414 2915 5466; x_wconf 79' lang='grc' dir='ltr'>καὶ</span> <span class='ocrx_word' id='word_1_825' title='bbox 2971 5415 3171 5484; x_wconf 84' lang='grc' dir='ltr'>μηνύει</span> <span class='ocrx_word' id='word_1_826' title='bbox 3223 5414 3406 5486; x_wconf 83' lang='grc' dir='ltr'>σφίσιν</span> <span class='ocrx_word' id='word_1_827' title='bbox 3447 5416 3485 5470; x_wconf 79' lang='grc' dir='ltr'><strong>ἀ</strong></span> <span class='ocrx_word' id='word_1_828' title='bbox 3511 5417 3541 5469; x_wconf 88' lang='lat'><strong>6</strong></span> <span class='ocrx_word' id='word_1_829' title='bbox 3578 5415 3713 5481; x_wconf 76' lang='grc' dir='ltr'>Θεὸς</span> 
     </span>
    </p>
   </div>
   <div class='ocr_carea' id='block_1_108' title="bbox 2136 5503 3712 5578">
    <p class='ocr_par' dir='ltr' id='par_1_108' title="bbox 2136 5503 3712 5578">
     <span class='ocr_line' id='line_1_108' title="bbox 2136 5503 3712 5578; baseline 0.004 -24"><span class='ocrx_word' id='word_1_830' title='bbox 2136 5503 2461 5567; x_wconf 84' lang='grc' dir='ltr'>ἐνετείλατο,</span> <span class='ocrx_word' id='word_1_831' title='bbox 2499 5504 2593 5557; x_wconf 79' lang='grc' dir='ltr'>καὶ</span> <span class='ocrx_word' id='word_1_832' title='bbox 2644 5504 2744 5556; x_wconf 87' lang='grc' dir='ltr'>ὅσα</span> <span class='ocrx_word' id='word_1_833' title='bbox 2792 5503 3089 5575; x_wconf 83' lang='grc' dir='ltr'>φυλάξουσι</span> <span class='ocrx_word' id='word_1_834' title='bbox 3129 5509 3362 5578; x_wconf 88' lang='grc' dir='ltr'>νόμιμα,</span> <span class='ocrx_word' id='word_1_835' title='bbox 3405 5508 3500 5560; x_wconf 70' lang='grc' dir='ltr'>καὶ</span> <span class='ocrx_word' id='word_1_836' title='bbox 3541 5524 3712 5577; x_wconf 81' lang='grc' dir='ltr'>προσ-</span> 
     </span>
    </p>
   </div>
   <div class='ocr_carea' id='block_1_109' title="bbox 2140 5593 3711 5665">
    <p class='ocr_par' dir='ltr' id='par_1_109' title="bbox 2140 5593 3711 5665">
     <span class='ocr_line' id='line_1_109' title="bbox 2140 5593 3711 5665; baseline 0.003 -19"><span class='ocrx_word' id='word_1_837' title='bbox 2140 5593 2265 5661; x_wconf 83' lang='grc' dir='ltr'>άγει</span> <span class='ocrx_word' id='word_1_838' title='bbox 2287 5595 2377 5647; x_wconf 72' lang='grc' dir='ltr'>τὸν</span> <span class='ocrx_word' id='word_1_839' title='bbox 2405 5594 2532 5650; x_wconf 65' lang='grc' dir='ltr'>λαὶν</span> <span class='ocrx_word' id='word_1_840' title='bbox 2563 5595 2680 5665; x_wconf 71' lang='grc' dir='ltr'>ἅμα</span> <span class='ocrx_word' id='word_1_841' title='bbox 2704 5594 2919 5663; x_wconf 72' lang='grc' dir='ltr'>γυναιξὶ</span> <span class='ocrx_word' id='word_1_842' title='bbox 2944 5597 3038 5649; x_wconf 71' lang='grc' dir='ltr'>καὶ</span> <span class='ocrx_word' id='word_1_843' title='bbox 3063 5598 3299 5663; x_wconf 81' lang='grc' dir='ltr'>τέκνοις,</span> <span class='ocrx_word' id='word_1_844' title='bbox 3322 5597 3396 5662; x_wconf 82' lang='grc' dir='ltr'>ὡς</span> <span class='ocrx_word' id='word_1_845' title='bbox 3417 5597 3711 5652; x_wconf 78' lang='grc' dir='ltr'>ἀκούσαιεν</span> 
     </span>
    </p>
   </div>
   <div class='ocr_carea' id='block_1_110' title="bbox 2138 5687 3710 5760">
    <p class='ocr_par' dir='ltr' id='par_1_110' title="bbox 2138 5687 3710 5760">
     <span class='ocr_line' id='line_1_110' title="bbox 2138 5687 3710 5760; baseline 0.004 -21"><span class='ocrx_word' id='word_1_846' title='bbox 2138 5687 2231 5739; x_wconf 91' lang='grc' dir='ltr'><strong>τοῦ</strong></span> <span class='ocrx_word' id='word_1_847' title='bbox 2278 5687 2435 5743; x_wconf 82' lang='grc' dir='ltr'>Θεοῦ.</span> <span class='ocrx_word' id='word_1_848' title='bbox 2505 5689 2616 5741; x_wconf 73' lang='grc' dir='ltr'><strong>Καὶ</strong></span> <span class='ocrx_word' id='word_1_849' title='bbox 2661 5689 2861 5758; x_wconf 71' lang='grc' dir='ltr'>ἢκουον</span> <span class='ocrx_word' id='word_1_850' title='bbox 2917 5691 3102 5760; x_wconf 83' lang='grc' dir='ltr'>φωνῆς</span> <span class='ocrx_word' id='word_1_851' title='bbox 3149 5691 3345 5760; x_wconf 55' lang='grc' dir='ltr'>ὑψόθεν</span> <span class='ocrx_word' id='word_1_852' title='bbox 3392 5691 3710 5758; x_wconf 79' lang='grc' dir='ltr'>γινομένης.</span> 
     </span>
    </p>
   </div>
   <div class='ocr_carea' id='block_1_111' title="bbox 473 5776 2033 5854">
    <p class='ocr_par' dir='ltr' id='par_1_111' title="bbox 473 5776 2033 5847">
     <span class='ocr_line' id='line_1_111' title="bbox 473 5776 2033 5847; baseline 0.001 -16"><span class='ocrx_word' id='word_1_853' title='bbox 473 5776 639 5847; x_wconf 87' lang='lat' dir='ltr'><strong>eique</strong></span> <span class='ocrx_word' id='word_1_854' title='bbox 673 5778 978 5846; x_wconf 84' lang='lat' dir='ltr'><strong>immolant.</strong></span> <span class='ocrx_word' id='word_1_855' title='bbox 1022 5781 1199 5837; x_wconf 84' lang='lat' dir='ltr'><strong>Moses</strong></span> <span class='ocrx_word' id='word_1_856' title='bbox 1239 5780 1309 5836; x_wconf 88' lang='lat' dir='ltr'><strong>de</strong></span> <span class='ocrx_word' id='word_1_857' title='bbox 1355 5790 1540 5835; x_wconf 84' lang='lat' dir='ltr'><strong>monte</strong></span> <span class='ocrx_word' id='word_1_858' title='bbox 1580 5780 1957 5846; x_wconf 85' lang='lat' dir='ltr'><strong>descendens,</strong></span> <span class='ocrx_word' id='word_1_859' title='bbox 1987 5788 2033 5835; x_wconf 86' lang='lat' dir='ltr'><strong>et</strong></span> 
     </span>
    </p>
   </div>
   <div class='ocr_carea' id='block_1_112' title="bbox 2136 5776 3711 5854">
    <p class='ocr_par' dir='ltr' id='par_1_112' title="bbox 2144 5777 3711 5854">
     <span class='ocr_line' id='line_1_112' title="bbox 2144 5777 3711 5854; baseline 0.001 -21"><span class='ocrx_word' id='word_1_860' title='bbox 2144 5777 2254 5833; x_wconf 75' lang='grc' dir='ltr'><strong>Εἶτ’</strong></span> <span class='ocrx_word' id='word_1_861' title='bbox 2309 5779 2463 5844; x_wconf 76' lang='grc' dir='ltr'>αὖθις</span> <span class='ocrx_word' id='word_1_862' title='bbox 2497 5781 2706 5835; x_wconf 74' lang='grc' dir='ltr'>ἄνεισιν</span> <span class='ocrx_word' id='word_1_863' title='bbox 2765 5784 2843 5845; x_wconf 83' lang='grc' dir='ltr'><strong>εἰς</strong></span> <span class='ocrx_word' id='word_1_864' title='bbox 2897 5781 2957 5835; x_wconf 80' lang='grc' dir='ltr'>τὸ</span> <span class='ocrx_word' id='word_1_865' title='bbox 2986 5782 3148 5851; x_wconf 76' lang='grc' dir='ltr'>ὅρος’</span> <span class='ocrx_word' id='word_1_866' title='bbox 3207 5784 3301 5834; x_wconf 74' lang='grc' dir='ltr'>καὶ</span> <span class='ocrx_word' id='word_1_867' title='bbox 3340 5785 3711 5854; x_wconf 71' lang='grc' dir='ltr'>χρονήςαντος</span> 
     </span>
    </p>
   </div>
  </div>
