3964 6252
281 388 344 457 93
1522 398 1801 458 ANNALI
1815 401 1853 460 υ

1968 402 2114 463 LIB.
2168 402 2216 465 Ι.
3436 410 3508 472 94

280 509 401 571 ἐκεῖ,
428 508 455 559 ὁ
478 506 606 570 λαὸς
636 505 898 577 ἡθροίσθη
919 505 1057 576 πρὸς
1096 504 1329 576 Ἀαρὼν,
1343 506 1544 577 λέγων·
1574 511 1846 577 Ποίησον

1959 512 2085 567 cluas
2128 512 2425 569 testimonii
2465 512 2676 570 tabulas
2715 515 2967 572 manibus
2996 516 3213 584 ferens,
3242 518 3512 590 lapideas,

276 599 410 667 ἡμῖν
435 598 632 665 θεοὺς.
667 601 702 653 ό
743 600 852 670 γὰρ
877 599 1140 669 Μωῠσῆς
1168 602 1281 654 οὐκ
1308 600 1559 668 υίδαμεν
1589 602 1647 654 τι
1672 603 1835 670 τέγο.

274 707 389 745 rev.
460 689 673 760 Ἀαρὼν
720 690 775 743 δὲ
833 689 1178 759 βιαζόμενος,
1228 694 1621 762 προσενεγκεῖν
1686 690 1837 762 αὐτῷ

274 784 524 848 ἰπέταξεν
562 783 793 838 ἕκαστον
813 785 882 837 τά
922 782 1118 837 ἐνώτια
1146 784 1215 837 τὰ
1234 785 1433 853 χρυσᾶ,
1469 786 1564 840 xa‘t
1613 784 1706 838 τὸν
1745 785 1839 837 κό-

278 891 407 944 σμον
431 875 492 926 ὃν
520 875 577 928 αί
607 875 886 942 γυναῖκες,
921 874 1016 927 καὶ
1041 875 1099 926 αί
1130 874 1427 944 Θυγατέρες
1456 873 1641 947 αὐτῶν
1678 892 1840 945 περι-

272 967 491 1020 έκειντο.
531 966 593 1019 Ol
624 966 679 1019 δὲ
730 968 1106 1037 προσήγαγον,
1142 968 1237 1021 καὶ
1291 968 1354 1032 ἐξ
1398 967 1581 1022 αὐτῶν
1640 966 1841 1038 μόσχον

272 1057 530 1127 ἐποίησαν
560 1057 850 1127 χωνευτὸν,
896 1058 988 1111 καὶ
1038 1057 1240 1112 ἔθυσαν
1286 1057 1459 1130 αύτῷ.
1507 1059 1752 1128 Μωῠσῆς
1782 1058 1840 1111 δὲ

272 1151 610 1205 καταϐαίνων
644 1151 753 1203 ἀπὸ
782 1150 877 1205 τοῦ
899 1152 1082 1221 ὅρους.
1116 1150 1214 1206 καὶ
1246 1153 1343 1214 τάς
1377 1150 1473 1205 δύο
1502 1150 1716 1214 πλάκας
1744 1149 1839 1203 τοῦ

273 1241 573 1311 μαρτυρίου
606 1241 664 1293 έν
696 1242 819 1303 ταῖς
848 1242 1009 1310 χερσὶ¹
1058 1240 1264 1312 φέρων,
1300 1238 1543 1304 λιθίνους
1603 1256 1840 1304 καταγε-

267 1334 592 1403 γραμμένας
633 1334 721 1385 ἐπ’
755 1333 1085 1404 ἀμφοτέρων
1111 1334 1223 1387 τῶν
1273 1333 1479 1404 μερῶν,
1522 1333 1599 1396 ὡς
1627 1333 1841 1404 ήγγησε

266 1425 326 1492 τῇ
358 1421 710 1493 παρεμϐολῇ,
744 1424 848 1493 ὁρᾷ
893 1423 986 1475 τὸν
1012 1422 1237 1493 μόσχον,
1285 1421 1383 1476 καὶ
1434 1420 1713 1491 ὀργισθεὶς
1741 1420 1842 1485 τάς

266 1514 476 1577 πλάκας
506 1514 818 1585 συνέτριψε,
840 1514 939 1586 ,καὶ
961 1512 1143 1566 λαϐὼν
1163 1512 1254 1567 τὸν
1281 1513 1483 1584 μόσχον
1507 1511 1839 1579 κατέκαυσε,

266 1607 352 1659 καὶ
381 1605 675 1672 ἐλέπτυνε,
712 1605 807 1659 καὶ
841 1604 1023 1675 βαλὼν
1052 1606 1132 1670 είς
1151 1604 1294 1676 ὕδωρ
1318 1605 1539 1658 ὲπότισε
1572 1603 1663 1657 τὸν
1686 1602 1837 1656 λαόν.

266 1696 369 1752 Καὶ
398 1698 713 1751 ἐνετείλατο
742 1700 858 1761 τοῖς
887 1697 1025 1760 υίοῖς
1062 1695 1224 1763 Λευῒ,
1255 1698 1351 1749 καὶ
1377 1695 1596 1767 διῆλθον
1621 1694 1710 1748 διὰ
1739 1694 1840 1763 τῆς

263 1789 641 1860 παρεμϐολῆς,
680 1789 777 1842 καὶ
804 1788 1140 1841 ἀπέκτειναν
1182 1787 1436 1849 πολλοὺς,
1470 1785 1543 1849 ὡς
1574 1786 1652 1847 εἰς
1684 1800 1842 1854 τρισο

1946 607 2208 676 utrinque
2238 608 2472 678 scriptas
2498 623 2511 661 :
2539 615 2602 662 ut
2632 608 2829 664 castris
2857 609 3327 684 appmpinquans,
3373 616 3517 668 vitu-

1940 697 2053 751 lum
2115 697 2300 763 videt,
2371 699 2544 753 iratus
2617 698 2832 754 tabulas
2885 698 3220 769 confringit,
3281 700 3513 755 vitulum

1942 785 2339 840 comminutum
2372 787 2686 852 comburit,
2726 787 2891 842 scobe
2938 788 2994 842 in
3036 803 3231 858 aquam
3264 790 3508 861 conjecta

1941 886 2095 945 potat
2120 877 2231 947 38
2261 878 2544 948 populum.
2588 878 2795 935 Levitis
2830 879 3082 943 mandat,
3116 888 3176 934 ut
3208 896 3305 950 per
3329 891 3506 936 castra

1942 970 2294 1037 grassentur:
2319 984 2349 1023 α
2378 970 2580 1039 quibus
2610 971 2785 1025 tribus
2819 971 3041 1025 circiter
3063 970 3307 1025 millibus
3337 972 3518 1025 homi-

1942 1074 2075 1113 num
2121 1060 2322 1115 occisis
2346 1100 2361 1119 .
2390 1060 2445 1113 in
2482 1072 2724 1114 montem
2771 1062 3072 1116 revertitur
3095 1104 3110 1129 ,
3151 1058 3380 1118 dicens:
3419 1062 3522 1115 Do-

1943 1151 2103 1215 mine,
2125 1151 2347 1221 populus
2367 1153 2617 1222 peccavit,
2636 1153 2774 1221 quod
2794 1161 3062 1219 peccatum
3076 1155 3121 1206 si
3136 1154 3208 1206 eis
3223 1154 3515 1218 condones,

1943 1241 2069 1294 bene
2115 1251 2225 1297 est:
2267 1246 2351 1297 sin
2394 1244 2602 1308 minus,
2641 1259 2723 1296 me
2758 1259 2959 1313 quoque
2986 1260 3012 1297 e
3042 1244 3174 1298 libro
3204 1253 3291 1299 tuo
3323 1245 3515 1302 deleto.

1941 1331 2108 1388 Jubet
2138 1334 2286 1389 Deus
2324 1334 2529 1390 Mosem
2559 1333 2897 1389 descendere
2920 1374 2935 1399 ,
2960 1349 3025 1389 ac
3068 1336 3329 1404 populum
3355 1335 3408 1389 in
3435 1336 3520 1389 lo-

1944 1435 2070 1476 cum
2105 1422 2456 1494 designatum
2480 1424 2816 1492 perducere:
2839 1422 3001 1492 eique
3022 1433 3376 1493 conspectum
3400 1425 3521 1493 eius

1946 1514 2192 1585 petenti,
2232 1514 2539 1582 posteriora
2575 1529 2673 1568 sua
2725 1513 3113 1582 conspicienda
3160 1514 3385 1583 praebet.
3430 1514 3522 1571 Sic

1943 1620 2137 1660 rursus
2164 1605 2230 1658 ad
2267 1605 2529 1675 populum
2564 1606 2653 1659 ille
2690 1604 3001 1669 descendit,
3036 1604 3178 1660 duas
3200 1604 3419 1660 tabulas
3445 1604 3526 1660 af-

1944 1696 2128 1752 ferens
2149 1739 2164 1761 ,
2196 1697 2401 1765 quibus
2420 1697 2611 1752 decem
2642 1696 2721 1751 illi
2746 1710 3028 1752 sermones
3055 1694 3305 1767 inscripti
3338 1702 3519 1751 erant.

1944 1786 2214 1843 Caeterum
2242 1787 2411 1842 facies
2436 1788 2556 1858 ejus
2589 1791 2658 1841 ita
2705 1787 2983 1857 fulgebat,
3045 1796 3104 1842 ut
3128 1803 3249 1843 eam
3283 1789 3521 1857 populus

262 1881 468 1950 χιλῗους
523 1882 654 1944 τοὺς
705 1879 978 1943 πεσόντας
1024 1878 1425 1951 ἀριθμηθῆναι.
1487 1874 1833 1944 ’Υπέστρεψε

1963 1880 2146 1934 ntueri
2179 1880 2472 1949 nequiret:
2504 1895 2681 1949 eaque
2715 1880 2784 1935 de
2813 1895 2976 1935 causa
3005 1880 3151 1934 velat
3179 1895 3322 1945 eam,
3354 1889 3522 1950 atque

262 1972 314 2025 δὲ
338 1974 584 2042 Μωῦσῆς
620 1971 759 2043 πρὸς
787 1972 849 2025 τὸ
870 1970 1016 2042 ὄρος,
1047 1971 1228 2039 λέγων
1247 1987 1260 2000 ο
1281 1971 1476 2038 Κύριε,
1504 1965 1849 2036 ἡμάρτηκεν

264 2066 476 2132 ἀλαός
518 2082 662 2128 σου,
707 2063 807 2118 καί
849 2068 967 2117 νῦν
1010 2065 1063 2117 ει
1101 2062 1217 2132 μὲν
1245 2061 1432 2129 ἀφίης
1482 2058 1690 2123 αὐτοῖς
1733 2056 1848 2123 τὴν

262 2158 584 2225 ἁμαρτίαν,
615 2156 803 2225 ἄφες·
840 2158 894 2209 εί
938 2154 1007 2207 δὲ
1046 2152 1156 2224 μὴ,
1201 2151 1354 2222 κάμὲ
1395 2151 1728 2219 ἐξάλειψον
1775 2149 1843 2202 ἐκ

263 2246 366 2315 τῆς
387 2248 621 2311 ,βίϐλου
652 2261 794 2299 σου.
824 2244 934 2299 Καὶ
984 2239 1140 2297 εἶπεν
1169 2241 1320 2312 αὐτῷ
1368 2238 1573 2311 Κύριος
1600 2254 1613 2267 ⁸
1657 2234 1846 2291 Κατά-

264 2338 408 2409 ϐτιθι,
448 2339 725 2408 όδήγησον
752 2336 844 2391 τὸν
888 2334 1016 2388 λαὸν
1046 2333 1236 2388 τοῦτον
1272 2334 1353 2396 είς
1409 2332 1501 2385 τὸν
1551 2330 1739 2388 τόπον,
1787 2329 1845 2380 ὃν

264 2427 413 2484 εἶπόν
443 2446 553 2483 σοι.
586 2431 695 2483 Καὶ
739 2429 1027 2496 ἐνεφάνισε
1068 2426 1275 2497 Κύριος
1326 2424 1405 2495 τῷ
1445 2422 1653 2493 Μωῦσῇ
1683 2424 1842 2492 αἰτή-

266 2540 420 2577 σαντι
456 2524 588 2577 ἰδεῖν
621 2521 805 2586 αὐτὸν,
850 2521 920 2575 τὰ
972 2518 1201 2575 ὀπίσθια
1244 2517 1434 2572 αὐτοῦ.
1482 2517 1591 2569 Καὶ
1638 2514 1845 2585 κατέϐη

264 2617 396 2685 πρὸς
443 2616 542 2669 τὸν
592 2615 723 2669 λαὸν
770 2610 951 2678 αὖθις,
1006 2612 1101 2666 δύο
1151 2611 1369 2674 πλάκας
1422 2608 1843 2678 ἐπιφερόμενος,

261 2707 385 2771 τοὺς
437 2706 575 2760 δέκα
611 2703 806 2773 λόγους
863 2702 1288 2773 γεγραμμένους
1343 2698 1597 2770 ἐχούσαςο
1660 2700 1754 2753 καὶ
1811 2701 1845 2769 ή

262 2796 380 2867 ὄψις
414 2797 518 2851 τοῦ
542 2797 838 2865 προσώπου
861 2794 1027 2848 αὐτοῦ
1070 2792 1284 2864 ὑπῆρχε
1316 2791 1706 2863 δεδοξασμένη.
1749 2793 1845 2845 καὶ

262 2890 356 2943 οὐκ
390 2889 631 2959 iis-suto
658 2887 907 2941 ἀτενίσαι
959 2884 1112 2955 αὐτῷ
1144 2874 1197 2937 ’ὁ
1225 2884 1376 2948 λαὸς,
1417 2884 1513 2936 καὶ
1557 2882 1847 2954 περιέθετο

265 2982 539 3049 κάλυμμα
574 2979 706 3049 περὶ
763 2976 860 3048 τὴν
899 2975 1024 3046 όψιν
1063 2973 1254 3039 αὑτοῦ,
1312 2975 1408 3026 καὶ
1437 2969 1615 3033 οὕτως
1649 2970 1846 3042 ὡμίλει

264 3075 479 3135 αὐτοῖς.
511 3071 621 3127 Καὶ
651 3068 991 3140 ἀπήγγειλεν
1022 3067 1207 3130 αὐτοῖς
1238 3065 1275 3119 ἃ.
1314 3064 1624 3118 ἐνετείλατο
1661 3067 1689 3116 ὁ
1710 3063 1847 3127 Θεὸς

265 3167 394 3236 περί
431 3182 497 3219 τε
524 3164 729 3217 θυσιῶν
772 3163 867 3216 καὶ
916 3160 1251 3232 καθαρσίων,
1281 3159 1374 3212 καὶ
1418 3157 1574 3224 ζώων
1600 3157 1846 3226 ἀκαθάρ-

1951 1971 2027 2025 ita
2052 1985 2175 2024 eum
2206 1970 2273 2025 iis
2305 1971 2625 2041 colloquens
2645 2011 2660 2035 ,
2697 1972 2953 2026 mandata
2989 1973 3087 2027 Dei
3121 1973 3188 2028 de
3213 1973 3518 2040 sacriﬁciis,

1950 2060 2014 2114 de
2039 2060 2482 2124 lustrationibus.
2521 2062 2588 2116 de
2611 2064 2939 2119 animalibus
2966 2064 3184 2118 mundis
3205 2072 3258 2118 et
3281 2062 3494 2117 immun
3518 2100 3522 2104 -

1949 2150 2054 2216 dis,
2093 2167 2334 2222 quorum
2381 2155 2470 2207 liis
2518 2154 2898 2219 abstinerent,
2943 2156 3052 2210 illis
3099 2155 3410 2217 alerentur,
3450 2154 3519 2208 de

1956 2244 2104 2298 coitu
2131 2244 2344 2303 illicito.
2364 2245 2431 2299 de
2450 2246 2817 2302 matrimoniis
2846 2247 3193 2301 sacerdotum
3216 2257 3273 2302 et
3296 2245 3518 2316 pontiﬁ-

1948 2336 2179 2399 cum,’de
2198 2336 2460 2401 Sabbato,
2475 2336 2543 2391 de
2559 2351 2704 2391 anno
2720 2338 2954 2406 septimo
2970 2347 3026 2392 et
3040 2336 3517 2408 quinquagesimo,

1948 2444 2111 2498 quem
2140 2430 2429 2484 Jubilaeum
2468 2440 2688 2490 vocant.
2713 2433 2959 2500 exponit.
2981 2432 3147 2487 lubet
3170 2448 3337 2503 porro
3366 2433 3514 2487 Deus

1952 2518 2373 2574 tabernaculum
2407 2521 2524 2575 ﬁeri
2548 2561 2563 2583 ,
2599 2523 2652 2576 in
2678 2524 2824 2592 quod
2863 2524 3243 2584 descenderet.
3267 2525 3523 2594 quodque

1949 2625 2072 2665 cum
2105 2611 2187 2664 eis
2226 2611 2641 2668 discedentibus
2674 2614 3101 2670 transferretur:
3150 2615 3526 2672 dimensiones

1951 2711 2007 2757 et
2037 2703 2263 2773 ﬁguram
2291 2705 2411 2773 ejus
2443 2704 2577 2760 Mosi
2618 2706 2994 2771 demonstrat,
3036 2708 3337 2762 secundum
3386 2723 3525 2777 quas

1948 2792 2004 2847 id
2039 2793 2420 2850 fabricandum
2443 2806 2612 2852 esset.
2650 2798 2893 2868 Populus
2924 2798 2994 2853 iis
3023 2799 3191 2854 rebus
3222 2800 3398 2864 laetus,
3424 2814 3526 2853 au-

1952 2900 2096 2950 rum,
2122 2897 2433 2957 argentum,
2467 2905 2731 2960 gemmas,
2755 2905 2852 2955 aes,
2879 2892 3045 2961 ligna,
3079 2892 3219 2961 pilos
3242 2890 3522 2961 caprinos,

1951 2973 2125 3041 pelles
2149 2975 2411 3039 arietum,
2436 2975 2611 3030 linum
2639 2984 2697 3031 et
2724 2977 2879 3031 lanas
2898 2977 3134 3031 confert.
3158 2977 3324 3047 Operi
3349 2978 3528 3031 taber-

1953 3064 2131 3119 naculi
2157 3066 2483 3121 conﬁciendi
2515 3068 2810 3139 praeﬁcitur
2839 3067 3106 3137 Beseleel,
3129 3068 3531 3137 Mariasororis

1949 3154 2116 3214 Mosis
2145 3157 2309 3225 ﬁlius,
2333 3167 2391 3215 et
2418 3159 2727 3231 Eliphatus.

263 3279 370 3316 των
398 3278 468 3315 τε
499 3260 593 3313 καὶ
622 3258 905 3330 καθαρῶν,
936 3256 1078 3311 ὥστε
1107 3255 1216 3309 τῶν
1241 3254 1342 3324 μὲν
1371 3253 1695 3322 ἀπέχεσθαι,
1727 3253 1841 3315 τοῖς
1876 3250 1933 3303 δὲ
1967 3252 2285 3325 τρέφεσθαι,
2312 3255 2441 3325 περί
2477 3272 2538 3308 τε
2564 3255 2769 3326 μίξεων
2790 3254 3067 3325 ἀθέσμων,
3129 3252 3224 3309 καὶ
3279 3253 3432 3312 τίνας
3461 3252 3512 3305 οῖ

268 3354 435 3426 ἱερεῖς
468 3357 550 3418 είς
580 3352 761 3423 γάμον
789 3352 1112 3420 ἀγάγονται,
1153 3347 1251 3400 καὶ
1298 3347 1417 3409 οἵας
1446 3344 1496 3398 οἱ
1526 3345 1825 3415 ἀρχιερεῖς,
1866 3343 1963 3396 καὶ
2024 3346 2154 3416 περὶ
2217 3346 2524 3411 Σαϐϐάτου,
2574 3352 2671 3401 καὶ
2708 3347 2803 3401 τοῦ
2831 3348 3062 3418 ἑϐδόμου
3093 3345 3365 3409 ἐνιαυτοῦ,
3417 3345 3517 3397 καὶ

264 3448 355 3503 τοῦ
405 3444 815 3516 πεντηκοστοῦ,
870 3444 932 3496 ὃν
970 3441 1286 3510 Ἰωϐηλαίον
1337 3436 1584 3491 καλοῦσι.
1625 3437 1733 3489 Καὶ
1763 3437 1847 3488 ὅτι
1885 3435 2200 3502 ἐπέταξενὸ
2238 3438 2371 3503 Θεὸς
2428 3440 2637 3510 σκηνὴν
2676 3439 2953 3509 γενέσθαι,
2979 3441 3060 3502 είς
3086 3438 3155 3509 ἢν
3203 3438 3271 3491 ἂν
3337 3454 3520 3506 παρα-

266 3544 500 3613 γίνοιτο,
560 3537 1013 3608 συνεπαγομένην
1056 3536 1241 3597 αὐτοῖς
1291 3533 1716 3602 μεταϐαίνουσι·
1748 3533 1841 3584 καὶ
1907 3532 2083 3603 μέτρα
2149 3534 2247 3601 τῆς
2294 3534 2504 3606 σκηνῆς
2536 3535 2737 3602 ἔδειξεν
2767 3535 2940 3604 αὐτῷ,
3012 3535 3108 3589 καὶ
3160 3536 3345 3605 σχῆμα
3396 3531 3527 3586 καθ’

265 3636 295 3692 ὸ
323 3640 394 3693 ἂν
422 3634 927 3702 κατασκευασθείη.
964 3635 1023 3687 '0
1047 3632 1102 3686 δὲ
1130 3631 1256 3695 λαὸς
1275 3630 1562 3701 χαίροντες
1593 3628 1685 3682 ἐπὶ
1718 3629 1954 3694 τούτοις,
2015 3631 2298 3701 προσῆγον
2365 3633 2567 3704 χρυσόν
2625 3650 2683 3686 τε
2727 3632 2824 3685 καὶ
2868 3631 3133 3703 ἄργυρον,
3209 3628 3304 3681 καὶ
3341 3624 3455 3679 λίθο
3471 3638 3585 3685 vc,

268 3731 513 3802 τιμίους,
544 3729 644 3782 καὶ
677 3728 899 3798 χαλκὸν,
939 3726 1033 3780 καὶ
1065 3724 1222 3791 ξύλα,
1247 3723 1345 3776 καὶ
1410 3723 1606 3793 τρίχας
1642 3721 1883 3788 αίγείας,
1924 3720 2018 3772 καὶ
2081 3722 2324 3793 δέρματα
2354 3724 2547 3796 κριῶν,
2588 3725 2683 3778 καὶ
2724 3720 2890 3787 λίνον,
2955 3724 3049 3775 καῖ⁸
3088 3720 3233 3792 ἔρια.
3270 3717 3524 3789 ’Λρχιτέ-

270 3842 473 3889 κτονας
507 3821 553 3878 δ’
584 3823 840 3893 ἐφίστησι
881 3821 978 3892 τῆς
1012 3819 1242 3891 σκηνῆς.
1274 3817 1367 3871 τδν
1408 3834 1471 3870 τε
1508 3818 1606 3885 τῆς
1638 3815 1877 3884 ἀδελφῆς
1914 3814 2080 3870 αὐτοῦ
2121 3821 2222 3890 τῆς
2280 3818 2517 3890 Μαριὰμ
2545 3820 2663 3872 υίὸν
2690 3818 2783 3872 τὸν
2808 3815 3096 3886 Βεσελεὴλ,
3121 3816 3218 3868 καὶ
3248 3815 3343 3867 τὸν
3391 3814 3533 3866 Ἐλι-

274 3916 441 3987 φάτζ.

342 4014 467 4079 ἶς’.
496 4008 639 4079 Ἤδη
680 4007 738 4061 δὲ
780 4004 881 4077 τῆς
928 4007 1139 4078 σκηνῆς
1197 4003 1600 4076 εἰργασμένης,
1661 4001 1859 4071 ἔστησε

274 4103 486 4174 ταύτην
512 4105 540 4156 ὸ
574 4102 840 4168 Μωῦσῆς.
869 4098 1143 4169 Εῖργαστο
1164 4098 1218 4151 δὲ
1251 4098 1346 4150 καὶ
1368 4095 1650 4168 ἡκιϐωτὸς
1676 4095 1742 4148 ἑκ
1767 4094 1862 4160 ξύ-

277 4193 385 4249 λων
417 4193 713 4263 ἀσήπτων,
737 4190 1122 4258 ἁπανταχόθεν
1146 4189 1371 4260 χρυσίον
1394 4187 1857 4256 περιεκάλυπτεν,

277 4280 445 4362 ﬁxa;
482 4282 581 4337 δύο
635 4283 850 4345 πλάκας
898 4283 1168 4346 ἐνέθεντο,
1224 4284 1278 4334 αί
1315 4282 1440 4343 τοὺς
1479 4280 1613 4332 δέκα
1668 4279 1866 4347 λόγους

281 4378 431 4451 εἶχον
478 4377 997 4448 ἐγγεγραμμένους.
1052 4370 1152 4431 Ὧν
1195 4379 1223 4430 ὁ
1273 4376 1371 4447 μὲν
1426 4375 1664 4445 πρῶτος,
1731 4376 1867 4428 Ἕνα

282 4471 417 4526 Θεὸν
442 4467 586 4524 εἷναί
616 4487 773 4539 φησι,
804 4471 898 4522 καὶ
926 4468 1114 4522 τοῦτον
1145 4468 1306 4536 μόνον
1341 4465 1595 4519 σέϐεσθαι
1625 4465 1757 4522 δεῖν.
1806 4462 1865 4519 '0

218 4616 223 4619 _
283 4565 540 4636 δεύτερος
609 4562 687 4627 δὲ,
744 4559 990 4629 Μηδενὸς
1036 4558 1224 4612 είκόνα
1270 4555 1410 4622 ζώου
1479 4559 1674 4621 ποιεῖν,
1731 4556 1867 4625 μηδὲ

284 4656 640 4729 προσκυνεῖν.
674 4653 734 4706 '0
764 4654 972 4723 τρίτος,
1003 4652 1131 4706 Ἐπὶ
1154 4650 1349 4720 μηδενὶ
1376 4648 1597 4720 ματαίῳ
1620 4649 1713 4703 τὸν
1733 4649 1867 4701 Θεὸν

286 4751 539 4819 ὀμνύναι.
586 4745 649 4799 '0
670 4745 956 4814 τέταρτος,
982 4742 1096 4806 Τὰς
1143 4740 1448 4811 ἑϐδομάδας
1485 4741 1863 4811 παρατηρεῖν,

287 4839 744 4909 ἀναπαυομένους
773 4837 832 4902 ὲξ
864 4835 1027 4908 ἔργου
1080 4835 1302 4898 παντός.
1344 4834 1405 4885 '0
1460 4832 1736 4901 πέμπτος,
1774 4831 1868 4883 Γο-

270 4934 403 5006 ,νεῖς
436 4933 630 5002 τιμᾷν.
667 4928 727 4982 '0
766 4926 949 4991 ἕκτος,
1002 4924 1170 4978 Φόνου
1228 4922 1558 4993 ἀπέχεσθαι.
1611 4920 1670 4973 ὐ
1721 4920 1871 4972 ἕϐδο-

298 5042 416 5095 μος,
442 5026 536 5087 Μὴ
574 5019 879 5092 μοιχεύειν.
917 5018 980 5073 '0
1007 5017 1214 5086 ὄγδοος,
1243 5016 1335 5085 Μὴ
1375 5014 1654 5067 κλέπτειν.
1700 5011 1758 5066 '0
1788 5012 1871 5065 ἒν-

296 5133 478 5181 νατος,
529 5113 623 5184 Μὴ
664 5111 1162 5183 ψευδομαρτυρεῖν.
1223 5108 1281 5161 '0
1334 5106 1585 5169 δέκατος,
1624 5102 1870 5174 Μηδενὸς

298 5206 582 5279 ἀλλοτρίου
641 5202 957 5272 ἐπιθυμεῖν.
1034 5195 1259 5267 Ταύτην
1315 5192 1411 5250 οὖν
1476 5196 1574 5265 τὴν
1637 5192 1872 5247 κιϐωτὸν

305 5299 623 5368 εἰσάγουσιν
665 5297 746 5358 είς
812 5292 874 5345 τὸ
922 5291 1134 5345 ἄδυτον.
1178 5289 1267 5343 Ἐν
1321 5285 1482 5357 δὲ’τῷ
1527 5286 1638 5356 ναῷ
1663 5285 1875 5339 τιθέασι

305 5390 608 5462 τράπεζαν,
648 5388 744 5440 καὶ
777 5386 872 5438 ἐπὶ
910 5381 1116 5453 ταύτης
1144 5381 1345 5451 ἄρτους
1373 5377 1619 5448 ἀζύμους
1642 5376 1877 5444 δώδεκα,

312 5484 407 5534 καὶ
440 5479 666 5551 λυχνίαν
688 5477 919 5548 χρυσῆν,
944 5476 1038 5527 καὶ
1071 5473 1431 5543 θυμιατήριον
1462 5468 1673 5537 ξύλινον
1702 5468 1876 5534 ἐντὸς,

315 5572 508 5637 ἔξωθεν
533 5572 591 5625 δὴ
625 5568 837 5642 χρυσίῳ
863 5563 1434 5635 περικεκαλυμμένον.
1473 5561 1585 5615 Καὶ
1626 5560 1734 5629 πρὸ
1782 5563 1880 5630 τῆς

1877 3909 1924 3968 C

2041 4003 2176 4059 XVI.
2198 3998 2637 4055 Tabernaculum
2661 3998 2771 4068 jam
2802 3994 3114 4050 confectum
3145 3991 3322 4048 Moses
3347 3992 3532 4064 erigit.

1967 4096 2165 4152 Arcam
2186 4093 2350 4148 etiam
2397 4089 2685 4146 fabrefecit
2707 4103 2738 4144 e
2763 4087 2926 4159 lignis
2945 4102 3052 4140 non
3074 4085 3536 4156 putrescentibus.

1967 4185 2326 4245 circumcirca
2357 4182 2609 4236 inaurat:
2645 4181 2701 4235 in
2724 4194 2901 4250 eaque
2922 4177 3060 4233 duas
3084 4177 3316 4240 tabulas,
3340 4176 3540 4245 quibus

1967 4280 2265 4347 decalogus
2296 4273 2688 4330 continebatur
2711 4311 2726 4336 ,
2761 4270 2971 4325 condit.
2999 4268 3177 4324 Unum
3213 4282 3335 4322 esse
3369 4268 3540 4322 Deum

1967 4367 2234 4432 alﬁrmat,
2278 4378 2516 4433 eumque
2544 4361 2721 4416 solum
2752 4358 3065 4414 colendum.
3099 4358 3373 4418 Alterum,
3405 4356 3543 4411 Nul-

1967 4460 2075 4514 lius
2104 4457 2400 4513 animantis
2434 4454 2727 4523 imaginem
2767 4451 3070 4507 faciendam
3101 4458 3158 4503 et
3193 4449 3544 4504 adorandum

1970 4564 2114 4604 esse.
2146 4547 2421 4610 Tertium,
2449 4545 2556 4600 Per
2581 4543 2678 4598 Dei
2706 4557 2909 4597 nomen
2941 4540 3013 4595 ob
3040 4540 3245 4595 nullam
3275 4553 3390 4594 rem
3423 4539 3544 4593 ina-

1970 4656 2097 4697 nem
2145 4654 2269 4695 esse
2312 4635 2636 4708 jurandum.
2684 4634 2951 4701 Quartum
2980 4672 2994 4696 ,
3052 4632 3205 4686 Diem
3250 4632 3545 4700 septimum

1971 4730 2400 4791 observandum,
2449 4737 2617 4797 atque
2655 4726 2711 4780 in
2733 4725 2829 4786 illo
2869 4723 3021 4779 omni
3048 4737 3216 4792 opere
3266 4721 3552 4777 abstinen-

1972 4823 2124 4878 dum.
2153 4821 2444 4888 Quintum,
2469 4819 2732 4874 Parentes
2754 4813 3129 4872 honorandos.
3164 4812 3414 4874 Sextum,
3440 4811 3555 4865 Ca:-

1973 4921 2043 4970 de
2081 4910 2490 4968 abstinendum.
2545 4908 2851 4978 Septimum
2878 4946 2894 4971 ,
2940 4905 3060 4961 Non
3107 4901 3549 4960 adulterandum.

1971 5005 2236 5061 Octavum
2261 5044 2275 5063 .
2308 5001 2428 5056 Non
2457 4999 2776 5055 furandum.
2817 4997 3068 5060 Nonum,
3100 4995 3222 5049 Non
3250 4989 3549 5047 dicendum

1972 5112 2092 5153 esse
2119 5079 2312 5151 falsum
2355 5093 2755 5149 testimonium.
2784 5089 3103 5149 Decimum,
3135 5082 3277 5137 Nihil
3315 5080 3553 5134 alienum

1975 5184 2473 5258 concupiscendum
2507 5197 2649 5238 esse.
2686 5187 2880 5236 Arcam
2929 5179 3070 5232 banc
3094 5175 3149 5228 in
3185 5171 3346 5242 adyta
3390 5168 3559 5223 colic-

1900 5239 1958 5322 Ϊ)
1984 5287 2131 5345 cant,
2153 5239 2222 5332 rin
2261 5276 2377 5331 aede
2417 5288 2661 5329 mensam
2695 5278 2964 5333 statuunt,
2998 5275 3054 5322 et
3082 5265 3135 5317 in
3162 5277 3224 5316 ea
3260 5273 3427 5328 panes
3449 5266 3559 5312 non

1986 5373 2342 5427 fermentatos
2373 5365 2665 5422 duodecim
2692 5381 2705 5417 :
2736 5362 2846 5432 39
2872 5353 3263 5416 candelabrum
3301 5353 3428 5406 item
3459 5365 3558 5405 au-
3592 5396 3595 5399 λ

1980 5478 2170 5526 reum,
2216 5467 2271 5515 et
2315 5474 2465 5513 aram
2526 5454 2846 5510 suilitoriam
2893 5447 3229 5503 intrinsecus
3282 5444 3559 5513 ligneam,

1984 5555 2117 5610 foris
2155 5567 2292 5608 auro
2340 5551 2719 5604 incrustatam.
2770 5544 2911 5597 Ante
2946 5536 3360 5595 tabernaculum
3407 5547 3558 5589 aram

318 5628 518 5734 σκηνῆς
558 5628 745 5733 βωμμὸν
806 5628 1062 5727 ίδρύσατο
1117 5628 1349 5719 ξύλινον,
1411 5652 1642 5723 χαλκαῖς
1672 5628 1853 5703 Ϋλεπίσ

1985 5645 2168 5715 posuit
2229 5643 2501 5712 ligneam,
2555 5634 2775 5691 laminis
2850 5630 3051 5686 ferreis
3115 5628 3563 5686 circumtectam,

321 5751 796 5825 περιεληλαμένον,
842 5740 906 5801 οὗ
927 5747 1198 5816 ἀντικρυς
1250 5743 1438 5812 φιάλαι
1493 5742 1586 5795 καὶ
1607 5741 1883 5811 κρατῆρες

323 5848 418 5903 σὺν
470 5849 719 5908 θυῖσκοις
750 5842 1023 5908 ἐτίθεντο,
1084 5841 1175 5894 καὶ
1222 5838 1355 5894 ἀλλα
1412 5836 1604 5910 σκεύη,
1654 5834 1691 5890 ἃ
1741 5833 1877 5906 πρὸς

1990 5742 2046 5794 in
2081 5752 2187 5805 qua
2214 5733 2411 5803 phiala:
2439 5738 2493 5785 et
2518 5740 2761 5783 crateres
2799 5739 2926 5780 cum
2970 5720 3178 5777 acerris
3223 5715 3561 5773 collocabant

1988 5840 2079 5885 tur
2106 5843 2120 5882 :
2150 5827 2363 5894 aliaque
2395 5835 2553 5883 vasa,
2584 5833 2705 5883 quae
2737 5817 2805 5872 ad
2835 5814 3103 5873 sacriﬁcia
3173 5818 3361 5867 parata
3383 5813 3560 5863 erant.
