3964 6252
364 342 437 404 93
1620 336 1656 398 J
1661 333 1868 409 OANN
1874 334 1948 394 IS
1982 332 2305 394 ZONARA!
3567 323 3651 384 96

364 467 432 506 ex
456 462 593 503 auro
622 447 825 504 omnia.
852 447 1126 503 Parantur
1156 454 1213 502 et
1241 444 1624 502 sacerdotibus
1658 460 1723 500 ac
1761 444 1947 516 ponti.

2078 441 2376 515 ερουργίαν
2423 438 2747 513 ἡτοίμαστο,
2793 436 3004 511 χρύσεα
3040 435 3243 493 πάντα.
3283 437 3538 494 Γίνονται
3584 440 3653 493 δὲ

365 542 452 598 ﬁci
474 542 639 597 etiam
664 541 837 597 stolae.
868 540 1193 595 Pontiﬁcem
1228 548 1415 594 autem
1436 538 1712 594 Aaronem
1736 552 1946 593 renunv

2078 533 2143 587 :al.
2171 535 2285 596 τοῖς
2305 531 2509 605 ἱερεῦσι
2527 532 2739 601 στολαὶ,
2765 530 2904 586 ἀλλά
2936 529 3123 600 μέντοι
3140 531 3235 585 καὶ
3258 527 3338 601 τῷ
3361 531 3650 603 ἀρχιερεῖ.

364 636 531 691 tiarat
561 635 728 690 Deus.
768 635 908 689 Tum
944 635 1121 690 Moses
1154 634 1358 705 populo
1389 640 1691 703 convocato
1725 649 1740 686 :
1791 628 1947 697 Viri,

2078 627 2352 699 Αρχιερέα
2379 627 2439 681 δὲ
2461 628 2491 681 ὁ
2523 626 2658 692 Θεὸς
2717 626 2811 680 τον
2865 623 3082 696 Ἀαρὼν
3126 624 3457 696 ἐψηφίσατο.
3506 625 3655 678 Συν-

364 726 567 799 inquit,
594 743 722 798 opus
755 726 1055 782 absolutum
1099 734 1203 792 est,
1241 723 1586 793 sacriﬁcandi
1634 732 1814 778 autem
1853 725 1952 778 Ιιο-

2078 721 2310 791 ιθροίσας
2338 719 2399 774 δὲ
2438 721 2499 774 τὸ
2529 719 2735 791 πλῆθος
2756 722 2786 774 δ
2815 720 3082 789 Μωῦσῆς,
3112 719 3378 788 Ἄνδρες,
3408 719 3539 791 ἔφη,
3571 720 3649 773 τὸ

367 836 495 874 nare
538 823 809 874 Aaronem
837 818 1093 890 dignatur
1125 818 1284 875 Deus.
1312 817 1519 871 Deinde
1547 815 1802 873 conferre
1830 815 1948 870 sin-

2078 814 2163 871 ιὲν
2185 817 2365 886 ἔργον
2394 817 2762 879 τετέλεσται,
2789 814 2901 885 τῆς
2925 815 2994 869 δὲ
3016 814 3126 870 τοῦ
3157 812 3425 883 ἱερᾶσθαι
3463 813 3655 881 τιμῆς

375 913 533 982 gulos
559 912 716 982 jubet
751 910 882 967 Sicli
914 912 1234 975 semissem,
1273 910 1342 966 ad
1376 910 1716 967 tabernaculi
1779 910 1951 965 mini-

2078 908 2252 975 ἱΘεὸς
2279 909 2390 966 τὸν·
2425 907 2642 977 Ἀαρὼν
2688 908 2868 973 ἀξιοῖ.
2904 908 3223 979 Προσέταξε
3277 909 3334 962 δὲ
3368 908 3649 978 Μωῡσῆς,

368 1003 537 1059 stet-ia
563 1002 946 1059 sustentanda.
966 1003 1064 1058 Est
1091 1011 1275 1057 autem
1313 1000 1523 1066 Siclus,
1558 1001 1813 1069 llebraici
1842 1018 1950 1056 nu-

2081 1005 2325 1076 iczpépstv
2344 1004 2578 1058 ἕκαστον
2607 1004 2799 1058 Σίκλου
2834 1008 2893 1058 τὸ
2914 1004 3112 1075 ἥμισυ,
3148 1003 3217 1057 ἶν’
3241 1005 3321 1067 εἰς
3348 1006 3451 1067 τὰς
3512 1005 3654 1079 περὶ

369 1094 642 1149 mismatis
680 1110 859 1171 genus
886 1134 902 1160 ,
942 1094 1090 1164 quod
1130 1103 1366 1164 quatuor
1414 1092 1703 1151 drachmas
1740 1093 1951 1151 Atticas

2078 1096 2149 1168 ιὴν
2200 1097 2407 1169 σκηνὴν
2454 1097 2649 1169 χρείας
2714 1095 2800 1168 εἴη
2855 1096 3145 1167 ἀνάλωμα.
3213 1094 3274 1150 '0
3330 1094 3388 1149 δὲ
3446 1096 3653 1162 Σεκλος

368 1187 535 1241 valet.
574 1185 855 1242 Numerus
882 1201 1074 1243 eorum
1113 1185 1208 1257 qui
1242 1184 1604 1243 conferebant
1631 1228 1645 1251 ,
1677 1184 1784 1241 fuit
1820 1201 1946 1241 sex-

2082 1191 2333 1262 Εϐραίων
2364 1191 2482 1245 εστι
2535 1189 2801 1259 νόμισμα,
2848 1189 3110 1253 Ἀττικάς
3165 1188 3456 1260 δεχόμενον
3509 1187 3653 1257 δρα-

370 1287 691 1345 centorum,
745 1278 990 1350 quinque
1057 1276 1332 1342 millium,
1392 1277 1822 1347 quingentorum
1894 1286 1953 1333 et

2078 1283 2200 1354 ξμάς
2230 1284 2528 1354 τέσσαρας.
2566 1283 2640 1337 To
2675 1282 2732 1336 δὲ
2770 1282 2979 1353 πλῆθος
3009 1283 3121 1336 τῶν
3152 1282 3524 1355 εἰσφερόντων
3577 1277 3656 1351 ἦν

370 1370 768 1441 quinquaginta
793 1388 808 1425 :
842 1385 969 1427 cum
991 1384 1059 1425 ex
1085 1369 1339 1440 ingenuis
1370 1370 1407 1425 ii
1441 1369 1707 1426 duntaxat
1729 1370 1951 1426 confer-

2078 1375 2318 1446 ιυριάδες
2354 1374 2622 1446 ἑξήκοντα
2668 1377 2763 1427 καὶ
2802 1374 3237 1445 πεντακισχίλιοι
3292 1374 3654 1427 πεντακόσιοι

370 1470 519 1526 rent,
553 1463 648 1531 qui
682 1462 1007 1517 vicesimum
1034 1476 1238 1525 annum
1269 1463 1659 1526 excessissent,
1684 1477 1858 1533 usque
1881 1465 1948 1517 ad

2078 1469 2411 1539 πεντήκοντα.
2452 1467 2566 1538 Τὴν
2597 1465 2647 1519 δ’
2674 1466 2938 1537 εἰσφοράν
2977 1463 3264 1520 ἐποιοῦντο
3288 1466 3399 1519 τῶν
3430 1465 3657 1519 ἐλευθέ-

372 1552 916 1624 quinquagesimum.
1004 1552 1331 1615 Confectum
1383 1563 1473 1611 est
1532 1554 1950 1611 tabernaculum

2078 1582 2161 1617 ιων
2191 1564 2240 1616 οἱ
2267 1562 2357 1615 τὸν
2380 1562 2627 1615 εἰκοστὸν
2657 1560 3003 1631 ὑπερϐάντες
3043 1561 3312 1624 ἐνιαυτὸν,
3358 1561 3488 1630 ἄχρι
3514 1577 3655 1611 πεν-

372 1644 661 1701 mensibus
693 1655 926 1714 septem.
978 1645 1233 1709 Ostendit
1277 1654 1464 1702 autem
1503 1647 1649 1703 Deus
1675 1647 1949 1703 descensu

2078 1656 2342 1727 ἠκοστού.
2390 1654 2655 1726 Ἐποιήθη
2684 1654 2740 1708 δὲ
2772 1657 2805 1725 ἠ
2837 1653 3015 1725 σκηνὴ
3043 1653 3209 1724 μησὶν
3237 1652 3397 1709 ἑπτά.
3430 1653 3655 1719 "Eosth

375 1737 433 1792 in
461 1735 879 1792 tabernaculum
905 1752 1006 1792 suo
1027 1780 1043 1805 ,
1081 1738 1134 1792 id
1161 1752 1304 1808 opus
1332 1754 1401 1793 ex
1422 1738 1590 1793 animi
1616 1738 1699 1793 sui
1726 1745 1950 1793 senten-

2078 1750 2115 1803 ῑὲ
2140 1750 2168 1802 ὁ
2195 1748 2329 1811 Θεὸς
2357 1748 2503 1800 κατὰ
2526 1745 2759 1817 γνώμην
2788 1746 2955 1800 αὐτοῦ
3004 1746 3064 1799 τὸ
3111 1745 3271 1817 ἔργον
3325 1744 3654 1816 γενόμενον,

374 1829 451 1887 tia
477 1820 791 1887 confectum
819 1846 962 1887 esse.
1009 1831 1363 1890 Praesentiam
1424 1847 1591 1903 porro
1652 1846 1808 1886 suam
1879 1832 1955 1887 ita
1989 1801 2031 1855 Β

374 1919 696 1976 declaravit.
762 1919 940 1992 Vapor
989 1922 1090 1977 soli
1147 1923 1507 1983 tabernaculo
1564 1922 1952 1989 incumbebat,

375 2025 557 2079 neque
612 2011 818 2066 densus
889 2022 946 2067 et
1013 2013 1325 2076 involutus,
1389 2029 1455 2068 ac
1513 2013 1754 2067 nubibus
1799 2013 1952 2066 simi.

374 2101 465 2172 lis.
508 2119 689 2177 neque
747 2105 976 2164 omnino
1031 2106 1214 2161 tenuis
1241 2115 1299 2161 et
1332 2121 1526 2170 rarus,
1557 2118 1618 2160 ut
1641 2114 1958 2175 penetraret

375 2203 529 2256 visus
548 2242 563 2266 ,
593 2201 691 2257 sed
721 2201 907 2256 suavis
930 2198 1059 2255 inde
1083 2214 1176 2255 ros
1197 2198 1529 2253 dcstillabat.
1557 2199 1737 2253 Moses
1761 2198 1960 2254 diebus

378 2302 591 2363 septem
620 2293 673 2347 in
708 2292 1064 2351 tabernaculo
1093 2293 1199 2347 sub
1230 2290 1322 2346 dio
1359 2290 1658 2344 sacrilirat.
1703 2288 1911 2343 Octavo
1944 2331 1959 2355 ,

376 2382 578 2438 festum
613 2381 811 2437 indicit
845 2383 1050 2451 pOpulo
1071 2421 1086 2445 ,
1118 2394 1176 2435 et
1207 2382 1383 2436 sacris
1417 2382 1638 2449 operari
1669 2379 1850 2451 jubet.
1892 2382 1963 2436 At

380 2473 461 2528 illi
499 2484 715 2530 certare
772 2474 916 2529 inter
973 2488 1096 2529 sese
1139 2473 1496 2528 liberalitate.
1548 2470 1798 2526 Victimis
1847 2473 1960 2542 jam

379 2580 489 2620 arte
524 2566 797 2636 impositis
819 2609 831 2626 .
866 2564 1009 2636 ignis
1045 2574 1243 2635 sponte
1275 2581 1375 2620 sua
1403 2573 1585 2628 ortus,
1621 2565 1808 2619 omnia
1842 2579 1965 2634 quae

381 2658 441 2712 in
473 2657 566 2731 illa
595 2669 779 2724 erant,
813 2657 1113 2713 Consumit.
1147 2657 1300 2720 Post,
1330 2665 1570 2727 quatuor
1599 2657 1835 2711 ﬁliorum
1861 2658 1968 2710 Aa-

382 2747 540 2803 ronis
574 2758 706 2803 natu
731 2748 1075 2819 grandiores,
1104 2747 1364 2802 Nadabus
1383 2757 1441 2802 et
1462 2748 1636 2802 Abius
1655 2748 1831 2803 sacris
1859 2762 1965 2802 non

384 2839 491 2893 rite
542 2839 705 2895 factis
727 2879 743 2901 .
778 2849 1014 2910 pectora
1043 2851 1101 2895 et
1133 2840 1304 2895 facies
1330 2881 1345 2904 ,
1380 2840 1493 2909 igni
1541 2842 1687 2894 ultro
1727 2849 1923 2895 exorto
1948 2878 1964 2905 ,

386 2928 604 2985 adusti:
657 2929 928 2986 cadavera
975 2947 1170 2986 eorum
1221 2940 1381 2987 extra
1414 2932 1589 2996 elata,
1629 2941 1685 2986 et
1730 2932 1967 3000 sepulta.

384 3024 597 3082 Dehinc
629 3025 805 3081 Moses
845 3024 1051 3081 tribum
1103 3025 1401 3081 Leviticam
1442 3027 1511 3079 ab
1544 3027 1668 3080 aliis
1701 3035 1969 3079 secretam

2060 1842 2438 1916 παρουσιάσας
2462 1843 2521 1895 ὲν
2561 1843 2629 1912 τῇ
2658 1842 2852 1915 σκηνῇ.
2909 1838 3067 1894 Οὕτω
3099 1838 3155 1892 δὲ
3183 1838 3283 1910 τὴν
3341 1837 3660 1910 παρουσίαν

2059 1935 2351 2005 ἐδήλωσεν.
2398 1933 2593 2004 Ἀχλὺς
2623 1933 2766 2004 ὑπὲρ
2796 1930 3146 2004 τῆν’σκηνὴν
3184 1930 3354 2002 μόνην
3403 1929 3655 1999 ἐγένετο,

2060 2027 2185 2082 οὒτε
2224 2028 2421 2099 βαθεία
2449 2027 2545 2082 καὶ
2576 2025 3071 2099 συμπεπιλημένη,
3089 2025 3186 2079 καὶ
3208 2018 3428 2092 νέφεσιν
3486 2026 3661 2092 ἐμφεο

2062 2120 2182 2193 ρὴς,
2211 2120 2335 2175 οὔτε
2370 2121 2512 2175 πάνυ
2537 2121 2709 2190 λεπτή
2762 2136 2822 2173 τε
2853 2118 2949 2173 καὶ
2979 2117 3173 2188 ἀραιά,
3228 2116 3306 2180 ὡς
3363 2115 3433 2169 δι’
3473 2116 3652 2184 αὐτῆς

2062 2214 2383 2267 διικνεῖσθαι
2420 2212 2522 2282 τὴν
2556 2213 2748 2284 ὅρασιν
2777 2228 2793 2243 ⁸
2832 2210 2989 2283 ήδεῖα
3020 2209 3077 2263 δὲ
3118 2209 3214 2263 ἀπ’
3264 2206 3438 2276 αὐτῆς
3498 2205 3655 2277 ἐρῤει

2062 2307 2274 2377 δρόσος.
2309 2306 2551 2376 Μωῦσῆς
2579 2305 2634 2359 δὲ
2668 2305 2859 2359 ἔθυσεν
2895 2306 2952 2357 ὲν
2981 2302 3061 2374 τῷ
3087 2302 3189 2372 τῆς
3218 2303 3427 2373 σκηνῆς
3456 2299 3663 2371 αἰθρίῳ

2068 2399 2182 2468 (59)
2213 2398 2299 2469 ἐφ’
2331 2397 2544 2470 ἡμέρας
2582 2396 2746 2463 ἑπτὰ,
2776 2399 2841 2468 τῇ
2877 2394 2935 2449 δὲ
2988 2396 3158 2468 ὀγδόῃ
3191 2392 3385 2465 ἑορτὴν
3418 2392 3660 2463 ἐκήρυξε

2064 2492 2143 2562 τῷ
2180 2490 2318 2560 λαῷ,
2349 2493 2443 2544 καὶ
2473 2490 2625 2543 θύειν
2655 2487 2944 2554 ἐπέταξεν.
2977 2488 3041 2541 οι
3077 2487 3135 2542 δὲ
3179 2485 3433 2558 ἀλλήλοις
3492 2483 3661 2555 ήμιλ-

2065 2582 2257 2637 λῶντο.
2303 2581 2706 2651 Ἐπικειμένων
2752 2580 2810 2634 δὲ
2843 2579 2951 2632 τῶν
2988 2577 3153 2649 ἱερῶν
3206 2577 3286 2647 τῷ
3321 2576 3515 2647 βωμῷ,
3542 2575 3656 2647 πῦρ

2068 2671 2290 2741 ἀνήφθη
2311 2671 2642 2740 αὐτόματον,
2668 2670 2762 2723 καὶ
2789 2671 2968 2722 πάντα
2994 2670 3064 2720 τὰ
3094 2668 3188 2720 ἐπὶ
3209 2666 3303 2719 τοῦ
3324 2663 3513 2737 βωμοῦ
3541 2665 3654 2719 ἐδα-

2070 2764 2341 2834 πάνησεν.
2394 2764 2459 2815 Ol
2516 2762 2573 2815 δὲ
2612 2761 2985 2833 πρεσϐύτεροι
3038 2759 3149 2813 τῶν
3197 2759 3482 2829 τεσσάρων
3527 2758 3660 2810 υἱῶν

2083 2852 2319 2925 Ἀαρὼν,
2366 2854 2558 2908 Ναδὲιϐ
2590 2851 2896 2907 καὶἈϐιοὺ
2943 2852 3097 2923 παρὰ
3148 2851 3216 2904 τά
3260 2850 3663 2919 διατεταγμένα

2076 2947 2364 3011 θύσαντες,
2394 2945 2818 3017 κατεκαύθησαν
2842 2945 2911 3000 τὰ
2942 2945 3144 3015 στέρνα
3175 2961 3233 2997 τε
3264 2943 3362 2997 καὶ
3391 2943 3460 2998 τά
3486 2943 3661 3015 πρόσ-

2072 3055 2221 3103 ωπα,
2263 3037 2435 3108 πυρὸς
2461 3036 2792 3105 ὲξαφθέντος
2820 3036 3160 3106 αὐτομάτου,
3210 3035 3303 3088 καὶ
3360 3034 3661 3103 φλέξαντος

389 3115 634 3173 lustrat:
666 3118 857 3186 eisque
893 3117 1313 3176 tabernaculum
1346 3129 1404 3172 et
1435 3133 1589 3173 sacra
1616 3134 1744 3172 vasa
1781 3119 1967 3184 tradit,

2078 3125 2277 3188 αὐτούς
2307 3142 2321 3157 ·
2356 3118 2431 3179 ὧν
2463 3126 2533 3178 τά
2568 3123 2802 3194 σώματα
2838 3123 2944 3190 ἔξω
2972 3124 3074 3194 τῆς
3109 3124 3465 3196 παρεμϐολῆς
3501 3141 3665 3195 κομι-

389 3217 452 3264 ut
478 3210 866 3271 sacerdotibus
907 3211 977 3273 ad
1011 3211 1393 3280 praescriptum
1442 3226 1639 3266 eorum
1686 3210 1971 3266 ministra-

389 3314 536 3358 rent.
574 3301 672 3358 His
714 3304 959 3373 peractis
983 3343 999 3369 ,
1048 3319 1344 3361 numerare
1377 3304 1642 3374 populum
1679 3304 1968 3360 instituit:

390 3395 713 3465 inventique
760 3405 919 3462 sunt,
965 3397 1062 3466 qui
1092 3412 1247 3452 arma
1273 3396 1416 3452 ferre
1451 3406 1705 3467 possent,
1743 3410 1977 3451 sexcen-

390 3485 495 3539 ties
528 3484 676 3539 mille
697 3523 713 3547 ,
745 3494 827 3539 ter
859 3485 1009 3541 mille
1039 3487 1286 3543 sexcenti
1304 3497 1359 3541 et
1383 3488 1782 3557 quinquaginta
1802 3487 1966 3543 exiis

392 3579 488 3647 qui
523 3593 729 3632 annum
759 3579 1084 3633 vicesimum
1111 3591 1466 3635 excesserant
1491 3619 1505 3642 ,
1540 3591 1597 3636 et
1625 3581 1975 3650 quinquage-

392 3671 595 3726 simum
625 3672 943 3741 attigerant.
984 3673 1089 3728 Pro
1122 3674 1268 3727 tribu
1301 3683 1488 3729 autem
1540 3673 1784 3735 Levitica
1820 3672 1977 3735 Jose-

393 3764 487 3833 phi
514 3764 658 3819 ﬁlios
681 3765 1045 3834 Ephraimum
1078 3776 1135 3821 et
1166 3766 1474 3825 Manassen)
1502 3766 1742 3821 tribunis
1767 3766 1979 3820 substi-

392 3856 540 3921 tuit,
589 3858 900 3912 secundum
949 3858 1272 3913 mandatum
1332 3859 1703 3929 progenitoris
1758 3858 1975 3914 Jacobi.

393 3947 714 4003 Levitarnm
764 3966 931 4019 porro
962 3965 1232 4007 numerus
1255 3949 1366 4021 ω
1392 3950 1650 4005 inventus
1683 3956 1771 4004 est
1805 3953 1974 4003 trium

395 4053 453 4098 et
484 4045 676 4114 viginti
704 4046 959 4109 millium.
995 4048 1444 4119 octingentorum
1481 4056 1537 4100 et
1568 4048 1874 4116 oetoginta.

2075 3216 2295 3278 σθέντα.
2327 3217 2629 3289 ἐτάφησαν.
2659 3218 2771 3289 Τὴν
2794 3217 2848 3270 δὲ
2879 3217 3053 3289 φυλὴν
3079 3217 3174 3270 τοῦ
3198 3215 3332 3270 Λευτ
3354 3216 3463 3281 τῶν
3488 3217 3664 3271 ἄλλων

2073 3310 2359 3382 διακρίνας
2395 3311 2612 3382 ἥγνισε,
2647 3311 2744 3365 καὶ
2776 3312 3102 3382 παρέδωκεν
3133 3310 3323 3374 αὐτοῖς
3371 3308 3472 3381 τήν
3532 3326 3666 3381 σκη·

2075 3402 2194 3472 νὴν,
2229 3404 2325 3456 καὶ
2349 3403 2417 3457 τά
2454 3405 2625 3474 σκεύη
2659 3405 2727 3456 τά
2781 3404 2921 3476 ἱερὰ,
2983 3406 3074 3460 ἵνα
3118 3405 3193 3471 ὡς
3249 3403 3571 3474 ύφηγῶνται
3617 3405 3664 3457 oi

2078 3496 2268 3565 ἱερεῖς,
2296 3496 2651 3566 ὑπηρετῶσιν
2677 3496 2853 3550 αὐτοί.
2911 3496 3069 3551 Μετά
3126 3495 3304 3550 ταῦτα
3359 3494 3666 3567 ἀριθμῆσαι

2074 3587 2270 3655 διέγνω
2307 3589 2398 3641 τὸν
2427 3588 2576 3654 λαὸν,
2615 3593 2709 3642 καὶ
2766 3590 3079 3660 εὑρέθησαν
3123 3591 3232 3645 τῶν
3281 3591 3429 3645 ὅπλα
3480 3589 3667 3660 φέρειν

2074 3679 2392 3752 δυναμένων
2429 3682 2691 3751 μυριάδες
2717 3680 3007 3750 ἑξήκοντα,
3041 3682 3136 3735 καὶ
3162 3681 3479 3752 τρισχίλιοι,
3531 3678 3667 3751 πρὸς

2076 3768 2389 3833 ἑξακοσίοις
2413 3773 2507 3824 καὶ
2542 3772 2906 3843 πεντήκοντα.
2933 3766 3096 3826 Οὗτοι
3118 3771 3163 3824 δ’
3179 3769 3321 3841 ἦσαν
3341 3772 3390 3824 οί
3415 3772 3507 3824 τὸν
3529 3772 3667 3823 είκο-

2078 3860 2203 3912 στὸν
2229 3861 2574 3930 ὑπερϐάντες
2603 3864 2874 3929 ἐνιαυτὸν,
2898 3866 2996 3917 καὶ
3018 3865 3146 3935 ἄχρι
3173 3867 3268 3925 τοῦ
3296 3860 3667 3935 πεντηκοστοῦ

2076 3950 2404 4018 ἑφθακότες.
2422 3952 2571 4005 Ἀντί
2599 3952 2654 4005 δὲ
2675 3953 2776 4024 τῆς
2806 3955 3101 4023 Λευῖτικῆς
3131 3954 3308 4025 φυλῆς
3331 3957 3443 4018 τοῖς
3466 3953 3670 4026 Φυλάρ·

2078 4065 2192 4117 χοις
2221 4046 2523 4110 κατέλεξαν
2557 4048 2686 4112 τοὺς
2718 4051 2917 4112 παῖδας
2946 4050 3040 4103 τοῦ
3080 4048 3302 4119 Ἰωσὴφ,
3331 4049 3426 4101 τὸν
3443 4050 3669 4107 Μανασ-

399 4136 499 4206 σῆν
537 4138 632 4191 καὶ
702 4140 792 4191 τὸν
832 4139 1093 4211 Ἐφραῒμ,
1156 4139 1299 4196 κατά
1337 4138 1435 4209 τὴν
1473 4139 1741 4206 διαταγὴν
1808 4138 1903 4191 τού
1951 4138 2304 4209 προπάτορος
2378 4137 2601 4192 Ἰακὼϐ.
2643 4140 2708 4192 Οἱ
2761 4138 2821 4193 δέ
2870 4156 2936 4210 γε
2975 4139 3205 4193 Λευῖται
3239 4136 3520 4211 δισμύριοι
3581 4137 3672 4191 κα)⁸

396 4228 688 4300 τρισχίλιοι
757 4231 1160 4301 ἀριθμηθέντες
1233 4226 1569 4299 εὑρέθησαν,
1621 4227 1761 4296 πρὸς
1816 4228 2163 4291 ὀκτακοσίοις
2194 4228 2293 4281 καὶ
2323 4229 2683 4301 ὀγδοήκοντα.

467 4323 635 4379 XVII.
668 4326 802 4381 Post
823 4326 940 4382 hac
967 4326 1205 4394 populus
1233 4322 1566 4379 seditionem
1598 4322 1732 4378 Mosi
1770 4331 1973 4389 movet,

2156 4321 2268 4380 lZ'.
2299 4322 2434 4378 Εῐτα
2460 4324 2745 4388 στασιάζει
2773 4326 2835 4378 τὸ
2863 4325 3069 4396 πλῆθος
3099 4325 3192 4380 τὸν
3219 4325 3463 4397 Μωύσῆν
3490 4328 3670 4381 αἰτιώ-

400 4432 747 4486 conquerens
774 4433 834 4474 se
863 4434 894 4473 ο
928 4418 1069 4472 bona
1126 4431 1274 4473 terra
1326 4417 1383 4471 in
1434 4416 1675 4472 desertis
1712 4416 1981 4471 oberrare

400 4524 626 4569 coaetos
659 4511 728 4566 ab
756 4526 849 4566 eo.
878 4510 1064 4580 ltaque
1097 4527 1168 4565 ex
1187 4525 1255 4565 eo
1282 4510 1406 4565 loco
1436 4510 1493 4565 in
1521 4519 1725 4565 terram
1755 4526 1853 4566 eos
1873 4509 1978 4565 du-

403 4608 501 4669 cit,
539 4619 663 4673 qute
690 4603 859 4658 Vallis
881 4603 1190 4667 dicebatur,
1211 4602 1539 4658 Cbananaate
1563 4611 1726 4658 terrae
1756 4603 1985 4674 propin-

2087 4436 2270 4490 μενον,
2294 4421 2377 4474 ὅτι
2405 4421 2511 4491 γῆς
2539 4422 2754 4493 ἀγαθῆς
2790 4423 2989 4485 αὐτοὺς
3021 4423 3364 4493 ἀποστήσας,
3389 4425 3446 4475 ἐν
3483 4423 3670 4493 ἐρήμῳ

2086 4511 2398 4565 πλανᾶσθαι
2432 4512 2762 4575 πεποίηκεν.
2807 4513 3131 4583 ’Δναγαγὼν
3182 4515 3239 4568 δὲ
3298 4516 3498 4576 αὐτοὺς
3534 4516 3670 4567 ἐκεῖ.

2085 4603 2179 4658 θεν
2205 4605 2285 4668 ε’ίς
2316 4603 2418 4676 τὴν
2463 4607 2811 4678 καλουμένην
2873 4608 3164 4678 Φάραγγα,
3227 4608 3458 4679 πλησίον
3511 4605 3671 4661 οὖσαν

403 4713 568 4767 quam
589 4715 604 4753 :
622 4707 678 4751 et
706 4696 951 4765 singulos
977 4710 1045 4750 ex
1070 4696 1319 4767 qualibet
1347 4697 1494 4752 tribu
1527 4697 1788 4758 delectos,
1817 4697 1973 4752 mittil

2084 4695 2184 4766 τῆς
2214 4695 2540 4750 Χαναναίων
2570 4699 2695 4766 γῆς,
2730 4696 2788 4760 ἐξ
2815 4698 3059 4766 ἑκάστης
3113 4698 3289 4768 φυλῆς
3324 4699 3423 4752 ἕνα
3475 4697 3669 4767 λαϐὼν,

404 4789 751 4858 exploratum
766 4787 914 4842 vires
944 4786 1406 4853 Cbananaeorum,
1433 4796 1489 4844 et
1504 4788 1618 4858 agri
1645 4788 1986 4857 qualitatem.

408 4880 476 4935 lli
507 4881 875 4952 quadraginta
909 4881 1108 4936 diebus
1151 4881 1377 4951 regione
1426 4889 1715 4951 peragrata
1740 4921 1756 4945 ,
1800 4895 1991 4934 rever-

2089 4788 2617 4859 κατασκοπήσοντας
2648 4788 2858 4842 ἔστειλε
2884 4791 2986 4861 τήν
3013 4808 3073 4844 τε
3096 4791 3336 4862 δύναμιν
3363 4791 3476 4844 τῶν
3506 4792 3671 4844 Χανα·

2092 4880 2285 4944 ναίων,
2307 4879 2404 4932 καὶ
2419 4879 2522 4948 τῆς
2540 4881 2643 4951 γῆς
2664 4881 2765 4952 τὴν
2789 4883 3054 4953 ποιότητα
3082 4883 3223 4955 (ιο).
3244 4883 3307 4940 ΟΞ
3333 4884 3387 4936 δὲ
3407 4883 3669 4951 τεσσαρά-

410 4985 626 5038 tuntur,
678 4975 899 5029 fruetus
922 4974 1088 5028 etiam
1115 4989 1185 5029 ex
1215 4988 1279 5026 ea
1308 4987 1495 5028 secum
1529 4972 1829 5027 afferentes
1860 4989 1874 5026 :
1927 4987 1973 5026 at

2088 4988 2256 5024 κοντα
2290 4971 2529 5047 ἡμέραις
2572 4972 2875 5036 διελθόντες
2936 4976 3035 5045 τὴν
3088 4976 3216 5046 γῆν,
3278 4970 3671 5046 ὑπενόστησαν,

412 5079 573 5123 terra
594 5068 817 5138 quidem
841 5066 1143 5121 bonitatem
1164 5065 1411 5131 laudant,
1446 5064 1541 5120 sed
1565 5064 1767 5141 popqu
1785 5074 1973 5120 metun

2093 5068 2190 5117 atat
2220 5065 2475 5135 καρποὺς
2511 5063 2577 5116 ἐκ
2611 5062 2715 5131 τῆς
2763 5067 2869 5136 γῆς
2918 5068 3138 5141 ἐκείνης
3196 5067 3541 5137 κομίζοντες,
3583 5069 3669 5121 καὶ

412 5161 689 5231 injiciunt,
719 5160 877 5230 quasi
903 5160 1139 5214 obtineri
1171 5167 1429 5228 nequeat,
1465 5168 1581 5213 tum
1606 5140 1675 5213 ob
1703 5157 1973 5212 ﬂuminun

2099 5155 2198 5226 τὴν
2229 5153 2547 5225 μὲν-χώραν
2577 5154 2814 5227 ἐπῄνουν
2866 5157 2943 5222 ὡς
3007 5158 3247 5230 ἀγαθὴν,
3276 5159 3337 5211 τὸ
3369 5159 3424 5211 δὲ
3475 5158 3668 5229 πλῆθος

415 5253 874 5322 magnitudinem,
911 5261 1027 5306 tum
1072 5253 1144 5307 ob
1177 5251 1347 5305 ardua
1395 5252 1523 5321 juga
1563 5252 1855 5310 montium.
1887 5259 1973 5303 tun

2101 5247 2332 5316 ἐφόδων
2361 5247 2438 5310 ὡς
2474 5245 2645 5316 οὔσης
2676 5249 2885 5321 ἀπόρου
2920 5252 3019 5321 τῆς
3057 5252 3230 5322 αὐτῆς
3272 5251 3668 5322 κατασχέσεως,

416 5347 488 5402 ob
536 5346 703 5402 urbes
742 5345 1162 5402 munitissimus.
1188 5344 1303 5399 Hoc
1334 5345 1529 5400 nuntio
1558 5358 1750 5399 rursus
1783 5343 2008 5398 irritan-

2103 5342 2190 5395 διά
2218 5356 2280 5394 τε
2312 5339 2579 5411 ποταμῶν
2609 5343 2841 5416 μεγέθη,
2873 5348 2970 5400 καὶ
3022 5344 3167 5414 ὀρῶν
3215 5343 3547 5415 δυσχωρίας,
3585 5343 3670 5397 καὶ

1596 5512 1807 5575 Varia;
1836 5510 2145 5572 lectiones
2176 5515 2236 5570 et
2270 5515 2458 5570 notua.

492 5665 603 5735 (59)
649 5666 752 5720 Ἐν
780 5660 859 5733 τῷ
888 5667 1094 5734 αἰθρίῳ
1118 5668 1229 5737 τῆς
1256 5668 1516 5737 σκηνῆς.
1552 5668 1621 5721 In
1655 5684 1720 5722 ea
1749 5666 2000 5721 tubemao

420 5738 529 5809 culi
561 5747 712 5809 parte
757 5752 875 5809 quae
898 5745 1063 5809 patet,
1109 5737 1189 5795 vel
1229 5742 1324 5794 sub
1359 5739 1444 5792 dio
1468 5739 1627 5808 juxta
1688 5737 2002 5792 tabernacu-

429 5806 569 5866 lum.
597 5806 687 5863 W.

2174 5665 2288 5737 (ιο)
2324 5666 2432 5737 Kal
2458 5664 2577 5737 ,τῆς
2598 5631 2857 5737 γῆς’τὴν
2887 5662 3195 5737 ᾳοιόεητςιλ.
3224 5660 3572 5737 ρκαίίιαεεικ.
3602 5660 3667 5737 Ita

2100 5731 2237 5807 Reg.
2271 5731 2326 5789 et
2354 5731 2785 5807 ColbertJAlIer
2810 5733 2980 5807 codex
3019 5732 3333 5807 weltianus
3359 5731 3528 5799 habet
3563 5732 3667 5785 πιό·

2101 5804 2262 5874 τητα,
2292 5806 2682 5874 uiuqucdincm,
2722 5804 2773 5859 id
2814 5817 2897 5859 est
2937 5804 3298 5858 fertilitatem.
