3964 6252
442 291 511 354 99
1702 275 2034 340 JOANNIS
2070 273 2391 336 ZUNARE

3585 264 3687 326 100

435 401 635 462 lerant,
671 394 917 451 suiliunt.
945 394 1086 449 Tum
1114 392 1316 465 ingens
1334 389 1549 444 llamma
1582 387 1806 449 emicat,
1836 387 2020 456 qualis

2139 381 2384 451 τυνίζησε
2409 380 2540 451 περὶ
2588 382 2688 442 τὰς
2720 377 2947 432 ἐκείνων
2981 378 3209 448 σκηνὰς,
3270 377 3369 430 καὶ
3416 376 3615 439 αὐτούς
3646 393 3706 428 τε

437 486 699 540 videlicet
721 486 949 556 jubente
974 480 1470 543 Deo-incendatur,
1499 494 1605 547 qua
1638 478 1714 532 illi
1757 492 1862 531 CCL
1897 490 2005 530 una

438 594 563 633 cum
595 578 739 634 Core
772 576 848 630 ita
882 574 1316 644 conﬂagrarunt,
1354 579 1420 625 ut
1477 584 1581 624 nec
1608 567 1878 623 cadavera
1921 582 2019 621 eo-

441 687 559 726 rum
594 668 992 739 rcperirentur.
1017 665 1182 720 Solus
1196 664 1379 719 Aaron
1406 660 1700 716 incolumis
1718 659 2017 714 invenitur.

454 762 635 816 Moses
696 757 979 813 tburibula
1029 756 1248 810 illorum
1303 754 1550 809 virorum
1601 750 1747 805 circa
1804 766 2012 805 aeneam

439 868 594 907 aram
657 850 848 920 reponi
893 849 1078 919 jubet,
1106 849 1161 903 in
1185 847 1262 901 rei
1293 856 1459 917 gesta:
1505 851 1925 899 monumentum
1954 841 2023 897 ad

442 956 736 1015 posteros;
776 959 842 998 ac
880 943 1065 998 denuo
1121 941 1311 996 habita
1357 939 1647 1003 concione,
1701 935 1870 992 edicit
1919 935 2023 989 tri-

443 1039 628 1101 bunis,
657 1049 717 1091 ut
741 1036 964 1093 nomina
982 1034 1225 1092 tribuum
1247 1032 1461 1087 baculis
1484 1031 1745 1099 inscripta
1765 1029 2021 1084 afferant.

442 1130 579 1187 Nam
638 1128 788 1183 illius
838 1127 954 1182 fore
994 1123 1387 1185 sacerdotium,
1426 1123 1480 1177 in
1525 1121 1684 1191 cujus
1724 1120 1921 1174 baculo
1950 1118 2026 1173 si-

442 1236 617 1290 gnum
647 1218 915 1274 edidisset
938 1217 1103 1272 Deus.
1144 1212 1400 1269 Alferunt
1432 1212 1600 1282 igitur
1627 1221 1742 1266 tum
1771 1210 1866 1266 alii
1896 1224 2027 1264 suos

443 1311 689 1375 baculos,
725 1318 838 1363 tum
870 1310 1051 1362 Aaron
1091 1320 1311 1376 quoque
1343 1319 1526 1363 suum,
1586 1302 1776 1358 Levita
1834 1300 2029 1355 inscri-

443 1410 560 1470 pto.
585 1401 694 1454 Eos
724 1400 775 1451 in
803 1397 1157 1452 tabernaculo
1182 1395 1274 1450 Dei
1300 1394 1548 1462 repowit
1572 1394 1802 1461 Moyses,
1834 1392 2032 1461 postri-

445 1492 533 1544 die
569 1490 798 1558 protulit
829 1504 893 1542 ac
915 1489 1098 1544 caeteri
1124 1487 1368 1557 quidem,
1399 1487 1591 1555 quales
1621 1484 1863 1548 fuerant,
1892 1483 2031 1539 tales

444 1580 552 1652 42
584 1589 903 1635 manserant
940 1598 953 1637 :
998 1579 1233 1651 Araonis
1278 1588 1464 1634 autem
1518 1586 1574 1632 et
1609 1591 1794 1631 ramos
1824 1584 1881 1631 et
1906 1577 2029 1630 fru-

447 1679 569 1724 ctus
585 1670 923 1740 germinarat
948 1687 961 1723 :
989 1685 1126 1738 quos
1149 1669 1364 1723 fructus
1383 1667 1617 1723 Levitici
1649 1668 1791 1722 liber
1820 1681 2026 1733 nuces;

2122 477 2216 527 καὶ
2251 475 2318 528 τὰ
2353 472 2535 527 αὐτῶν
2561 474 2642 535 είς
2678 472 2738 524 τὸ
2772 472 2963 541 χάσμα
2992 471 3321 540 κατήνεγκε,
3377 469 3473 521 καὶ
3526 468 3704 532 οὕτως

2121 564 2280 629 αὖθις
2309 564 2540 634 συνῆλθε
2562 563 2624 617 τὸ
2656 562 2906 626 διεστὼς.
2963 562 3085 615 Ἐπὶ
3115 560 3328 624 τούτοις
3358 559 3550 630 ἔφριξε
3607 561 3709 630 μὲν

2122 659 2151 710 6
2193 656 2342 720 λαὸς,
2402 657 2647 724 Μωῦσῆς
2715 655 2773 707 δδ
2829 654 2989 708 καλεῖ
3030 654 3161 716 τοὺς
3218 652 3347 723 περὶ
3408 652 3711 725 ἱερωσύνης

2124 747 2552 818 ἀμιλλαμίνους.
2617 747 2727 800 Kal
2793 745 3144 808 συνελθόντες
3217 745 3561 814 πεντήκοντα
3616 746 3712 798 καὶ

2123 841 2390 894 διακόσιοι
2447 840 2643 911 ἄνδρες
2696 839 2806 893 τῶν
2852 839 3166 910 ἐπισήμων,
3216 839 3313 892 καὶ
3350 836 3571 905 Ἀαρὼν
3618 839 3715 891 καὶ

2125 934 2273 1005 Κορὲ
2309 935 2417 1005 πρὸ
2446 933 2547 1004 τῆς
2583 932 2791 1001 σκηνῆς
2821 933 2914 986 ἐπὶ
2985 934 3098 995 τοῖς
3136 931 3524 1001 θυμιατηρίοις
3575 928 3716 982 καθ-

2126 1024 2316 1096 ήγιζον
2354 1023 2390 1078 ἃ
2411 1024 2691 1094 ἐκόμιζον.
2742 1021 3047 1093 Ἐξέλαμψε
3072 1022 3130 1075 δὲ
3178 1020 3292 1092 πῦρ
3314 1021 3447 1074 πολὺ
3478 1014 3594 1073 οἷον
3647 1019 3714 1073 ἂν

2126 1117 2264 1171 Θεοῦ
2304 1116 2670 1179 κελεύσαντος
2724 1113 3016 1183 ἀναφθείη,
3051 1113 3144 1181 ὑφ’
3166 1104 3229 1166 οῦ
3259 1112 3397 1165 οἵτε
3441 1111 3714 1164 διακόσιοι

2129 1210 2223 1262 καὶ
2260 1208 2625 1276 πεντήκοντα,
2657 1206 2758 1259 καὶ
2777 1204 2922 1273 Κορὲ
2952 1202 3353 1273 διεφθάρησαν,
3381 1200 3457 1265 ὡς
3487 1201 3628 1270 μηδὲ
3650 1199 3717 1254 τά

2131 1298 2364 1369 σώματα
2395 1298 2581 1353 αὐτῶν
2635 1297 2949 1369 εὑρεθῆναι·
2988 1296 3150 1366 μόνος
3169 1294 3226 1348 δὲ
3258 1293 3477 1360 Ἀαρὼν
3510 1293 3717 1363 εὑρέθη

2131 1390 2437 1460 ἁλώὸητος.
2490 1389 2731 1459 Μωῦσῆς
2758 1389 2815 1443 δὲ
2849 1388 2918 1440 τὰ
2972 1386 3316 1456 θυμιατήρια
3350 1384 3459 1438 τῶν
3506 1384 3721 1453 ἀνδρῶν

2131 1484 2360 1537 ἐκείνων
2427 1483 2557 1552 περὶ
2605 1484 2697 1535 τὸν
2758 1480 2992 1550 χάλκεον
3041 1478 3299 1545 ἐκέλευσε
3375 1476 3721 1531 καταθέσθαι

2134 1575 2342 1645 βωμὸν,
2387 1574 2454 1627 ἵν’
2489 1574 2799 1642 ὑπόμνησις
2829 1566 2934 1629 ὦσι
2956 1571 3065 1625 τῶν
3096 1570 3428 1638 γεγονότων,
3477 1569 3574 1622 καλ⁵
3603 1569 3721 1629 τοῖς

2137 1668 2458 1738 μετέπειτα.
2513 1665 2923 1734 Ἐκκλησιάσας
2975 1664 3034 1716 δὲ
3086 1663 3248 1717 πάλιν
3301 1663 3532 1731 προεῖπε
3601 1661 3723 1724 τοῖς

446 1737 718 1830 Josepbus
749 1737 1064 1831 amygdalas
1095 1761 1267 1816 fuisse
1299 1760 1449 1814 dicit.
1478 1759 1898 1829 Obstupuerunt
1922 1758 2026 1828 igi-

2139 1737 2430 1826 φυλάρχοις
2475 1755 2653 1825 ἥκειν,
2688 1753 2758 1811 τὰ
2786 1755 2898 1806 τῶν
2922 1753 3106 1823 φυλῶν
3125 1753 3367 1823 ὀνόματα
3392 1750 3723 1822 βακτηρίαις

449 1862 541 1905 tur
576 1867 790 1915 omnes,
823 1852 1040 1906 Aarone
1077 1861 1161 1906 ter
1186 1849 1459 1907 divinitus
1483 1851 1686 1908 electo.
1731 1849 1853 1908 lam
1901 1848 2031 1919 quia

448 1939 693 1995 Levitica
725 1941 904 1996 tribus
939 1942 1214 1995 bellorum
1250 1948 1307 1995 et
1335 1941 1746 2012 expeditionum
1773 1939 2038 1995 immunis

448 2040 586 2095 erat,
617 2047 685 2087 ne
716 2032 787 2086 ob
812 2047 926 2087 rem
952 2032 1387 2088 necessariarum
1419 2031 1731 2102 penuriam,
1754 2045 2039 2089 sacrorum

449 2136 637 2174 curam
662 2121 987 2192 adiicerent,
1010 2121 1168 2193 jubet
1202 2121 1414 2195 Moyses
1437 2117 1706 2185 Hebraeis,
1742 2129 1800 2173 ut
1821 2118 2040 2175 Chana-

450 2228 568 2267 nata
614 2224 758 2268 terra
793 2225 970 2283 parta,
1002 2214 1205 2284 oppida
1231 2227 1393 2267 vam
1418 2211 1627 2267 Levitis
1665 2212 2030 2284 assignarent,

454 2313 514 2358 ut
548 2319 711 2375 agros
757 2313 886 2361 ante
917 2319 1003 2367 ea,
1034 2312 1092 2358 et
1146 2304 1390 2358 decimas
1422 2318 1734 2357 annuarum
1789 2303 2031 2374 frugum,

346 2442 357 2453 .
454 2404 571 2450 tum
596 2396 752 2467 ipsis,
804 2406 921 2451 tum
978 2394 1362 2451 sacerdotibus
1409 2395 1762 2468 penderent:
1815 2397 2035 2467 aliaque

455 2487 695 2558 plurima
756 2486 837 2543 eis
895 2502 926 2543 a
960 2489 1165 2559 populo
1217 2485 1513 2543 tribuenda
1567 2486 1878 2553 constituit,
1911 2503 2036 2559 quae

454 2581 551 2652 qui
584 2581 904 2652 singulatim
938 2583 1082 2639 scire
1128 2581 1409 2637 desiderat
1443 2580 1497 2636 in
1533 2581 1698 2649 libro,
1747 2582 1843 2652 qui
1869 2581 2035 2638 Levi-

458 2676 600 2728 ticus
622 2673 950 2729 inscribitur
985 2674 1253 2730 inveniet.

2131 1845 2600 1915 ἐπιγεγραμμένα
2634 1843 2984 1914 κομίζοντας,
3047 1842 3243 1912 ἐκείνῳ
3280 1842 3379 1911 τῆς
3407 1842 3722 1911 ἱερωσύνης

2133 1940 2420 2008 ἐσομένης,
2461 1932 2633 2008 οὗπερ
2684 1936 2751 1990 ἂν
2773 1938 2838 2005 τῇ
2882 1934 3158 2006 βακτηρίᾳ
3214 1935 3444 2003 σημεῖον
3486 1933 3720 2003 γένηται

2138 2029 2203 2082 ὲκ
2235 2028 2404 2083 Θεοῦ.
2469 2027 2805 2096 Κομίζουοιν
2844 2023 2961 2090 οὖν,
2984 2025 3135 2078 οἵτε
3164 2024 3314 2080 ἄλλοι
3358 2025 3453 2078 καὶ
3481 2023 3717 2094 Ἀαρὼν,

2138 2122 2456 2192 ἐπιγράψας
2484 2125 2552 2192 τῇ
2589 2120 2866 2191 βακτηρία
2909 2120 3167 2190 Λευῖτην,
3208 2117 3276 2179 ἀς
3328 2119 3388 2172 ἐν
3422 2120 3489 2189 τῇ
3542 2119 3719 2189 σκηνῇ

2140 2212 2236 2267 τοῦ
2270 2213 2405 2266 Θεοῦ
2437 2212 2699 2269 κατέθετο
2724 2212 2991 2282 Μωῦσῆς,
3021 2214 3087 2283 τῇ
3129 2212 3174 2265 δ’
3203 2213 3435 2285 ἐπιούσῃ
3480 2212 3713 2282 προεκό-

2147 2321 2316 2374 μισαν
2344 2304 2572 2366 ταύτας.
2598 2307 2706 2359 Καὶ
2729 2307 2784 2359 αί
2823 2305 2921 2375 μὲν
2953 2304 3134 2370 ἄλλαι,
3159 2299 3272 2357 οἷαί
3330 2320 3437 2376 περ
3497 2303 3724 2372 ἐτύγχαι

2143 2414 2256 2463 νον,
2282 2397 2498 2467 έμενον,
2526 2400 2560 2468 ὴ
2591 2398 2648 2451 δὲ
2676 2397 2885 2468 Ἀαρὼν
2933 2397 3239 2468 ἐσλάστησε
3271 2396 3502 2460 κλάδους
3525 2412 3586 2448 τε
3618 2395 3715 2448 καὶ

2142 2488 2413 2560 καρπούς.
2447 2489 2552 2544 Τὸν
2569 2490 2627 2543 δὲ
2659 2491 2876 2562 καρπὸν
2907 2493 2940 2561 ή
2969 2490 3069 2562 μὲν
3100 2491 3194 2543 τοῦ
3225 2490 3515 2545 Λευῖτικοῦ
3541 2487 3723 2559 βίϐλος

2143 2581 2329 2651 κάρυα
2377 2581 2550 2649 λέγει,
2595 2582 2890 2652 ἀμύγδαλα
2920 2583 2977 2637 δὲ
3041 2585 3070 2637 ό
3125 2580 3411 2649 Ἰώσηπος.
3465 2580 3725 2649 Ἐξεπλά-

2143 2689 2326 2742 γησαν
2370 2670 2466 2735 οὖν
2513 2676 2741 2741 πάντες,
2790 2677 2913 2748 τρὶς
2939 2657 3032 2730 τὸν
3059 2674 3275 2748 ’Δαρὼν
3303 2676 3727 2746 χειροτονήσαν-

456 2783 551 2830 τος
606 2766 703 2819 τοῦ
734 2766 893 2821 Θεοῦ.
922 2767 1083 2821 Ἐπεὶ
1123 2766 1181 2820 δὲ
1219 2766 1481 2837 πολέμων
1545 2766 1644 2820 καὶ
1701 2765 1991 2838 στρατείας
2052 2766 2079 2837 ἢ
2120 2765 2231 2819 τῶν
2295 2768 2543 2823 Λευῖτῶν
2587 2770 2780 2839 ἀφεῖτο
2831 2769 2998 2840 φυλὴ,
3051 2770 3140 2824 ῖνα
3209 2770 3285 2841 μὴ
3349 2770 3438 2824 διὰ
3489 2769 3725 2839 ἀπορίαν

461 2863 567 2915 τῶν
652 2864 971 2933 ἀναγκαίων
1028 2862 1284 2936 ἀμελοῖεν
1360 2866 1462 2937 τῆς
1528 2865 1876 2936 λειτουργίας
1945 2863 2041 2920 τοῦ
2119 2864 2291 2937 ἱεροῦ,
2327 2866 2548 2923 ἐκέλευε
2600 2867 2841 2937 Μωῦσῆς
2922 2867 3022 2937 τὴν
3072 2866 3387 2921 Χαναναίαν
3436 2864 3721 2937 κτησαμέ·

456 2971 584 3021 νους
609 2959 739 3024 τοὺς
776 2956 1088 3031 Ἐϐραίους,
1108 2956 1255 3012 ὀκτὼ
1270 2956 1366 3012 καὶ
1388 2958 1808 3028 τεσσαράκοντα
1837 2958 2026 3021 πόλεις
2065 2960 2399 3030 κατανεῖμαι
2462 2962 2577 3023 τοῖς
2629 2957 2905 3025 Λευῖταις,
2938 2959 3034 3012 καὶ
3096 2960 3201 3029 γῆν
3235 2959 3349 3028 πρὸ
3384 2960 3591 3024 αὐτῶν,
3625 2960 3720 3013 καὶ

457 3053 695 3123 δεκάτην
753 3050 862 3104 τῶν
924 3049 1189 3104 ἐπετείων
1262 3050 1494 3121 καρπῶν
1573 3051 1759 3113 αὐτοῖς
1816 3066 1876 3104 τε
1941 3050 2040 3104 καὶ
2076 3053 2190 3116 τοῖς
2251 3052 2459 3123 ἱερεῦσι
2506 3050 2705 3119 τελεῖν,
2785 3053 2879 3105 καὶ
2927 3051 3065 3107 ἀλλα
3112 3051 3172 3106 δὲ
3219 3048 3447 3105 πλεῖστα
3510 3053 3724 3118 τούτοις

458 3145 720 3215 χορηγεῖν
769 3143 859 3196 τὸν
902 3140 1033 3198 λαὸν
1090 3143 1402 3210 διετάξατο,
1460 3137 1536 3196 ὧν
1597 3142 1659 3197 τδ
1705 3142 1831 3197 καθ’
1881 3143 2171 3200 ἕκαστονό
2221 3144 2425 3216 ζητῶν,
2503 3143 2605 3217 τὴν
2665 3145 2761 3200 τοῦ
2818 3145 3109 3201 Λευῖτικοῦ
3170 3145 3354 3217 βίϐλον
3406 3147 3725 3222 ἀναπτύξας

461 3239 711 3306 εύρὴσεα

531 3325 721 3383 XVIII.
758 3326 854 3381 His
878 3326 1049 3382 rebus
1077 3325 1372 3391 ordinatis,
1403 3326 1583 3386 Moses
1610 3342 1743 3383 cum
1783 3327 2033 3382 exercitu

2213 3323 2327 3383 ΠΥ.
2358 3325 2546 3380 Ταῦτα
2584 3325 2642 3379 δὲ
2671 3325 2931 3392 διατάξας
2975 3327 3239 3397 Μωῡσῆς,
3282 3328 3378 3381 ἐπὶ
3420 3329 3521 3401 τὴν
3563 3330 3725 3385 Ὶδουυ

460 3418 529 3474 ad
581 3418 872 3472 ldumaeam
914 3417 1147 3483 accedit,
1211 3417 1503 3472 transitum
1553 3425 1771 3489 petens.
1815 3418 1887 3475 At
1942 3433 2033 3475 rex

2145 3419 2315 3490 μαίαν
2341 3415 2478 3491 ἦλθε
2505 3421 2645 3490 μετὰ
2670 3420 2771 3491 τῆς
2817 3422 3105 3492 στρατιᾶς,
3174 3422 3278 3474 καὶ
3312 3422 3466 3492 ἠξίου
3516 3424 3722 3492 παρελ-

459 3512 610 3568 illius
634 3521 792 3566 terra:
820 3526 946 3566 cum
976 3511 1206 3584 armatis
1231 3511 1407 3581 copiis
1437 3512 1704 3567 occurrit.
1730 3510 1908 3567 Moses
1935 3509 2033 3564 ita-

2143 3510 2256 3564 θεῖν
2278 3510 2347 3566 δι’
2377 3512 2572 3581 αὐτῆς.
2598 3511 2711 3581 Τῆς
2732 3511 2920 3581 χώρας
2948 3512 3005 3565 δὲ
3025 3512 3054 3563 6
3085 3511 3361 3582 βασιλεὺς,
3389 3513 3528 3583 μετὰ
3558 3531 3724 3583 στρα-

462 3619 571 3674 que
602 3619 702 3673 per
725 3603 1008 3659 desertum
1035 3604 1240 3674 pergit,
1265 3605 1509 3659 monitus
1528 3619 1559 3659 a
1579 3604 1691 3659 Deo
1709 3619 1779 3658 ne
1802 3618 2033 3675 pugnam

2141 3603 2263 3665 τιᾶς
2279 3598 2512 3657 ἒνόπλου
2546 3603 2874 3674 προῡπήντᾳ
2897 3602 2975 3673 τῷ
3006 3605 3242 3673 Μωῦσῇ.
3274 3604 3384 3657 Kal
3411 3604 3471 3668 ὃς
3509 3605 3598 3659 διὰ
3622 3606 3722 3674 τῆς

460 3698 869 3765 auspicaretur.
924 3695 1003 3752 Eo
1060 3703 1312 3764 tempore
1372 3695 1540 3750 etiam
1575 3695 1891 3751 Mariamme
1923 3710 2042 3748 mo-

460 3788 627 3852 ritur,
664 3784 831 3841 Mosis
853 3800 1037 3854 soror,
1087 3787 1516 3859 quadragesimo
1554 3801 1701 3843 anno
1757 3796 1879 3856 post
1927 3786 2043 3841 exi-

461 3890 577 3935 tum
610 3896 675 3935 ex
708 3878 961 3953 Egypto.
1018 3881 1230 3951 Populo
1290 3881 1462 3953 igitur
1516 3881 1685 3937 ductu
1730 3881 1898 3936 Mosis
1944 3896 2042 3951 per

461 3969 738 4025 desertum
785 3982 843 4026 et
884 3972 1146 4028 Arabiam
1188 3973 1599 4042 proﬁciscente,
1655 3973 1842 4028 Aaron
1872 3974 2043 4028 etiam

461 4060 599 4126 obit,
635 4061 747 4114 alto
784 4074 970 4117 monte
1004 4077 1329 4126 conscenso,
1389 4073 1448 4117 et
1489 4062 1901 4132 pontiﬁcalibus
1947 4078 2045 4117 ve-

466 4152 651 4207 stibus
685 4154 948 4209 Eleazaro
984 4154 1098 4209 ﬁlio
1132 4154 1352 4209 traditis
1380 4154 1434 4209 in
1478 4156 1665 4226 populi
1716 4164 2041 4224 conspectu,

469 4259 615 4299 anno
643 4246 821 4300 aetatis
850 4261 1039 4300 cxxm.
1067 4245 1244 4301 Moses
1267 4245 1335 4299 ad
1375 4244 1741 4300 Moabitarum
1770 4254 1827 4299 et
1853 4247 2047 4298 Antor-

465 4333 743 4388 rbaenrum
770 4335 1052 4403 regionem
1077 4350 1421 4407 progressus,
1438 4336 1657 4406 petebat
1679 4347 1739 4389 ut
1760 4335 2043 4391 traducere

463 4425 654 4480 liceret
686 4425 1012 4480 exercitum.
1061 4426 1168 4481 Sed
1228 4428 1332 4482 loci
1375 4428 1524 4482 illius
1570 4443 1667 4482 rex
1700 4428 1846 4482 Seon
1896 4437 2047 4483 tran-

463 4516 573 4571 situ
613 4517 876 4587 populum
910 4518 1263 4587 prohibebat.
1324 4518 1461 4574 Cum
1519 4530 1705 4576 autem
1752 4520 1887 4576 Mosi
1918 4536 2046 4576 ora-

465 4607 651 4662 culum
687 4609 1023 4674 consulenti,
1075 4609 1324 4664 victuriae
1371 4610 1526 4681 signa
1577 4611 1822 4667 dedisset
1874 4613 2040 4680 Deus,

2140 3694 2352 3764 ἐρήμου
2408 3692 2629 3763 ἐχώρει,
2654 3692 2734 3762 μὴ
2768 3693 2964 3762 ἄρχειν
3006 3692 3189 3763 μάχης
3220 3748 3225 3752 ,
3252 3692 3721 3763 συμῦουλεύοντος

2143 3782 2241 3839 τοῦ
2276 3781 2436 3839 Θεοῦ.
2475 3782 2611 3836 Τότε
2640 3784 2740 3836 καὶ
2764 3783 3079 3853 Μαριάμμη
3119 3782 3382 3853 τέθνηκε,
3413 3782 3511 3837 τοῦ
3558 3785 3724 3838 Μωῡ-

2146 3871 2338 3941 σέωςὴ
2371 3870 2658 3939 σύγγονος,
2703 3873 2844 3941 μετά
2878 3875 3322 3943 τεσσαρακοστὸν
3379 3874 3500 3938 ἔτος
3532 3876 3634 3945 τῆς
3664 3874 3725 3940 ἐξ

2142 3960 2424 4028 Αἰγύπτου
2458 3960 2664 4026 ἐξόδου.
2699 3960 2804 4013 Τὸν
2828 3961 2887 4015 δὲ
2937 3961 3067 4016 λαὸν
3095 3963 3282 4033 ἀπῆγε
3313 3963 3403 4017 διὰ
3456 3965 3558 4034 τῆς
3591 3966 3722 4036 ἐρή-

2148 4068 2274 4125 μου,
2312 4053 2409 4105 καὶ
2435 4054 2538 4123 τῆς
2570 4050 2857 4121 ’Δραΰίας,
2892 4053 3025 4107 ἔνθα
3053 4056 3150 4110 καὶ
3192 4055 3406 4126 Ἀαρὼν
3433 4056 3723 4127 ἐτελεύτη,

2147 4160 2239 4205 σεν
2273 4145 2354 4207 εἰς
2381 4144 2507 4215 ὅρος
2535 4144 2749 4209 ἀναϐὰς
2797 4134 3027 4215 ὑψηλὸν,
3061 4147 3159 4205 καὶ
3186 4146 3287 4218 τὴν
3321 4148 3721 4220 ἀρχιερατικὴν

2146 4235 2342 4304 στολὴν
2391 4236 2673 4305 παραδοὺς
2721 4237 2799 4310 τῷ
2853 4236 2955 4308 υἱῷ
3011 4236 3299 4308 Ἐλεάζαρ,
3347 4240 3442 4293 τοῦ
3484 4239 3722 4311 πλήθους

2145 4329 2405 4400 ὁρῶντος,
2462 4329 2557 4402 ἔτη
2598 4332 2749 4403 βιοὺς
2785 4331 2984 4391 ἑκατὸν
3017 4332 3155 4402 πρὸς
3186 4335 3364 4387 είκοσι
3392 4332 3490 4386 καὶ
3519 4336 3721 4405 τρισίν.

2146 4422 2352 4477 Ἐλθὼν
2390 4423 2448 4477 δὲ
2477 4424 2718 4493 Μωῦσῆς
2761 4424 2855 4477 ἐπὶ
2884 4422 2983 4494 τὴν
3027 4424 3339 4479 Μωαϐιτῶν
3379 4425 3475 4478 καὶ
3524 4426 3723 4499 Ἀμορσ

2149 4517 2319 4587 ραίων
2346 4515 2553 4587 χώραν,
2580 4516 2659 4585 τῷ
2711 4515 2935 4587 στρατῷ
2961 4516 3134 4574 δίοδον
3171 4517 3314 4587 ῆτει.
3345 4516 3504 4587 Σηὼν
3533 4519 3591 4572 δὲ
3626 4519 3725 4588 τῆς

2148 4607 2331 4680 χώρας
2357 4611 2385 4661 6
2417 4607 2682 4678 βασιλεὺς
2726 4608 3030 4667 διασαίνειν
3059 4610 3188 4673 τοὺς
3259 4608 3546 4682 Ἐϐραίους
3586 4610 3726 4668 ἐκώ⁴

464 4698 678 4753 Hebraei
714 4699 882 4753 armis
915 4701 1171 4769 sumptis,
1196 4701 1249 4753 in
1284 4699 1536 4769 praelium
1566 4706 1797 4755 vadunt.
1831 4701 2033 4757 Statim

2147 4700 2265 4764 λύε,
2288 4699 2512 4753 καὶτοῦ
2551 4698 2689 4752 Θεοῦ
2745 4700 2904 4769 νίκην
2957 4700 3309 4770 σημήναντος
3341 4700 3591 4772 ἐρομένῳ
3646 4701 3724 4773 τῷ

466 4790 523 4844 in
552 4788 732 4861 fugam
766 4799 1060 4849 vertuntur
1088 4792 1418 4858 Amorrbazi,
1437 4802 1492 4846 et
1523 4807 1717 4851 omnes
1734 4793 2037 4861 intereunt,

467 4895 595 4950 rege
634 4882 802 4935 etiam
831 4882 1037 4947 occiso,
1069 4890 1127 4938 et
1157 4882 1332 4955 captis
1358 4881 1612 4955 urbibus,
1648 4898 1712 4938 ac
1754 4884 2043 4953 provincia

467 4986 759 5044 occupata.
812 4973 962 5045 Ogus
1008 4975 1141 5033 item
1201 4973 1522 5031 Galaditicac
1570 4984 1628 5030 et
1675 4975 2043 5032 Gaulanitidis

467 5081 585 5132 rex,
624 5065 717 5136 qui
750 5064 916 5121 Seoni
937 5067 1048 5136 jam
1099 5066 1390 5122 interfecto
1438 5065 1719 5141 suppetias
1758 5069 2037 5136 veniebat,

466 5157 743 5212 lsraelitas
773 5158 1112 5229 aggreditur.
1163 5157 1268 5212 Sed
1299 5168 1356 5213 et
1402 5160 1521 5229 ipse
1557 5159 1611 5213 in
1649 5160 1839 5233 praelio
1868 5162 2037 5223 cadit.

468 5260 525 5303 et
581 5252 861 5307 exercitus
913 5252 1035 5322 ejus
1067 5252 1283 5306 deletur
1324 5254 1502 5322 captis
1549 5255 1805 5319 urbibus,
1861 5264 1917 5308 et
1951 5255 2039 5309 in-

467 5339 606 5394 colis
666 5342 994 5397 interfectis.
1047 5344 1177 5398 Inde
1211 5343 1387 5399 Moses
1439 5346 1627 5415 copias
1676 5346 1734 5401 in
1787 5362 2034 5416 magnam

467 5428 751 5499 planitiem
778 5433 952 5499 ducit,
986 5443 1042 5489 et
1070 5441 1250 5489 castra
1284 5444 1474 5490 contra
1509 5436 1923 5492 Hierichuntem
1952 5437 2035 5491 lo-

467 5530 574 5585 cat,
612 5523 804 5579 urbem
829 5526 1066 5593 beatam,
1098 5542 1162 5582 ac
1204 5529 1505 5598 palmarum
1531 5538 1589 5582 et
1631 5528 1865 5582 Balsami
1890 5530 2033 5583 fera-

467 5627 612 5668 cem.
646 5613 877 5672 Balacus
899 5627 1083 5674 autem
1123 5634 1218 5674 rex
1251 5620 1563 5674 Balaamum
1610 5629 1790 5673 vatem
1844 5635 2035 5674 accer-

467 5713 563 5774 sit,
596 5715 657 5763 ut
679 5707 957 5771 Israelitas
989 5712 1127 5773 diris
1149 5713 1464 5771 devoveret.
1500 5710 1608 5767 Sed
1638 5711 1743 5765 iter
1763 5712 2032 5787 ingresso,

2150 4792 2380 4861 Μωῦσῇ,
2412 4793 2512 4854 τὰς
2548 4790 2856 4853 πανοπλίας
2891 4788 3257 4854 ἀναλαὸὁντες
3288 4791 3554 4863 Ἐὁραῖοι,
3589 4795 3724 4864 πρὸς

2153 4883 2335 4955 μάχην
2365 4882 2631 4951 ἐχώρουν.
2663 4881 2972 4953 Τρέπονται
3003 4882 3049 4935 δ’
3081 4884 3283 4938 αὐτίκα
3307 4886 3355 4937 οἱ
3380 4885 3721 4956 Ἀμορῤαῖοι,

2152 4978 2248 5028 καὶ
2277 4973 2519 5035 ἅπαντες
2544 4974 2945 5045 διεφθάρησαν.
2971 4975 3239 5032 Πέπτωκε
3286 4975 3344 5029 δὲ
3372 4980 3473 5030 καὶ
3504 4977 3663 5045 Σηὼν
3695 4980 3724 5033 6

2148 5067 2332 5122 αὐτῶν
2386 5065 2663 5137 βασιλεὺς,
2714 5068 2810 5123 καὶ
2857 5071 2959 5136 τὰς
3020 5068 3207 5134 πόλεις
3261 5064 3426 5135 εἷλον,
3494 5071 3592 5123 καὶ
3624 5073 3721 5143 τὴν

2147 5161 2254 5233 γῆν
2283 5163 2510 5215 ἐκείνων
2538 5159 2874 5231 παρέλαὸον.
2905 5161 3247 5217 Ἐπιτίθεται
3273 5161 3331 5214 δὲ
3360 5164 3478 5225 τοῖς
3508 5162 3726 5234 Ἰσραηφ

2143 5253 2347 5321 λίταις,
2384 5255 2477 5307 καὶ
2520 5253 2624 5321 ὀγ
2670 5253 2700 5306 6
2728 5254 2829 5323 τῆς
2877 5253 3197 5323 Γαλαδηνῆς
3254 5255 3476 5324 καὶτῆς
3507 5256 3721 5311 Γαυλαο

2145 5347 2346 5410 νίτιδος
2397 5345 2655 5416 βασιλεὺς
2703 5345 2999 5417 σύμμαχος
3049 5346 3221 5400 ὲλθὼν
3268 5347 3348 5418 τῷ
3412 5348 3570 5420 Σηὼν
3620 5351 3720 5423 ῆδη

2148 5438 2476 5490 ἀπολωλότι.
2508 5438 2686 5501 Αὐτός
2731 5455 2792 5491 τε
2813 5435 2908 5492 οὖν
2950 5439 3178 5508 θνήσκει
3207 5441 3351 5495 κατὰ
3380 5443 3480 5511 τὴν
3514 5445 3720 5514 μάχην,

2148 5529 2245 5582 καὶ
2306 5531 2333 5581 ὁ
2365 5530 2599 5599 στρατὸς
2630 5529 2797 5583 αὐτοῦ
2830 5530 3233 5603 διαφθείρεται,
3271 5534 3365 5592 καὶ
3421 5535 3481 5590 αἱ
3534 5535 3721 5601 πόλεις

2147 5622 2417 5688 ἑάλωσαν,
2477 5620 2575 5673 καὶ
2604 5622 2655 5674 οἱ
2711 5622 3051 5690 ἐνοικοῦντες
3117 5627 3422 5684 ἀπώλοντο.
3475 5627 3719 5685 Ἐκεῖθεν

2144 5713 2202 5773 δὲ
2229 5713 2473 5789 Μωῦσῆς
2506 5714 2607 5792 τὴν
2650 5715 2884 5791 δύναμιν
2928 5722 3149 5778 κατὰτὸ
3180 5725 3323 5791 μέγα
3354 5724 3539 5781 πεδίον
3569 5726 3719 5798 ἄνει,
