3964 6252
254 325 335 387 101
1481 323 1894 385 ANN-ALIUM
1936 323 2083 384 LIB.
2135 323 2182 382 I.
2473 357 2476 360 ~
3379 320 3481 382 1οΞ

248 437 331 488 καὶ
389 435 810 506 στρατοπεδεύει
862 434 1219 508 Ἱεριχοῦντος
1279 435 1482 488 ἔναντι.
1544 434 1706 496 Πόλις
1757 432 1804 486 δ’

1916 431 2130 485 divinus
2158 429 2383 500 angelus
2416 429 2682 488 occurrit.
2719 443 2829 498 quo
2856 428 3033 488 asina.
3070 428 3159 482 cui
3190 429 3478 484 Balaamus

1913 521 2206 586 insidebat,
2235 520 2644 583 animadverso,
2699 537 2808 574 non
2863 521 3342 590 progrediebatur,
3383 538 3481 576 ne-

1910 630 2016 684 que
2051 613 2284 667 cedebat
2308 613 2631 666 verberibus
2665 631 2678 665 :
2719 613 2814 666 sed
2854 613 2943 666 Dei
2999 622 3136 666 nutu
3186 628 3321 667 voce
3375 615 3484 668 hu-

1911 720 2068 757 mana
2095 704 2262 766 edita,
2291 704 2684 770 expostulabat
2733 703 2840 775 43
2876 719 3002 758 cum
3033 705 3281 767 domino,
3310 719 3340 758 a
3375 720 3484 774 quo

1911 798 2227 865 vapulabat,
2263 797 2408 864 quod
2437 813 2542 849 non
2571 797 2919 866 intelligeret,
2977 797 3246 852 divinitus
3268 813 3331 851 ea
3360 813 3488 868 pro-

1910 889 2112 951 hiberi,
2155 889 2220 942 ad
2282 905 2402 958 qua:
2469 899 2808 957 properaret.
2855 889 3000 942 Voce
3046 889 3137 943 illa
3189 891 3487 959 perterrito

1909 982 2073 1035 etiam
2107 981 2331 1051 angelus
2358 989 2608 1050 apparet,
2651 995 2714 1033 ac
2755 995 2810 1035 se
2855 981 2930 1033 ait
2980 981 3232 1051 iumento
3267 985 3374 1035 iter
3400 982 3486 1034 in-

1913 1072 2241 1126 tercludere.
2275 1071 2495 1125 Reverti
2554 1071 2850 1134 volentem,
2900 1081 2960 1124 ut
2985 1082 3174 1142 pergat
3203 1073 3484 1138 hortatur,

1910 1173 1964 1218 ct
1988 1164 2256 1234 quidquid
2282 1165 2332 1218 ci
2371 1164 2636 1219 divinitus
2658 1165 2981 1234 inspiretur,
3007 1166 3176 1220 dicat.
3202 1168 3278 1220 Ac
3331 1166 3488 1220 veuit

1912 1256 2004 1310 ille
2035 1257 2255 1325 quidem
2292 1256 2358 1308 ad
2401 1255 2680 1320 Balacum,
2718 1266 2770 1310 et
2801 1256 2854 1310 in
2891 1267 3130 1312 montem
3164 1258 3485 1328 perductus.

1911 1355 2121 1417 septem
2158 1349 2329 1401 tauris
2365 1348 2705 1416 totidemque
2730 1347 2996 1403 arietibus
3022 1350 3338 1413 immolatis,
3359 1365 3486 1404 cum

1913 1453 2150 1509 Stragem
2197 1440 2495 1509 signiﬁcari
2554 1439 2790 1505 videret,
2846 1458 2955 1495 non
2990 1443 3152 1496 modo
3189 1444 3328 1496 mala
3378 1458 3488 1496 non

1914 1533 2245 1604 imprecatus
2298 1542 2381 1588 est
2433 1534 2722 1596 Israelitis.
2782 1534 2875 1588 sed
2915 1544 2971 1587 et
3007 1535 3154 1603 ipsos
3205 1545 3261 1589 et
3317 1551 3482 1588 omne

245 1622 431 1690 φωνὴν,
465 1625 754 1691 ἐπιφανεὶς
785 1625 812 1676 6
846 1624 1102 1692 ἄγγελος,
1136 1623 1298 1686 αὐτὸς
1329 1622 1428 1692 τὴν
1478 1624 1595 1675 ὁδὸν
1653 1621 1808 1689 ἔλεγε

1916 1641 2086 1693 genus
2110 1641 2302 1678 eorum
2334 1624 2530 1678 faustis
2565 1625 2842 1679 onduibus
2891 1634 2945 1678 et
2981 1625 3183 1678 divinis
3231 1625 3492 1679 laudibus

247 1715 464 1770 κωλύειν
529 1716 606 1785 τῷ
664 1717 876 1786 κτήνει.
937 1717 1272 1786 Βουλόμενον
1322 1715 1367 1767 δ’
1422 1715 1808 1783 ἀναστρέφειν,

1916 1725 2256 1784 prosecutus.
2283 1716 2360 1770 Ac
2388 1718 2630 1787 graviter
2665 1717 2754 1771 illa
2823 1717 3022 1772 lcrenti
3071 1718 3306 1772 Balaco:
3368 1716 3489 1770 Non

243 1811 424 1879 χωρεῖν
466 1785 808 1879 προσωτέρω
832 1785 1232 1878 παρώρμησεν,
1287 1808 1382 1860 καὶ
1407 1808 1435 1859 ὃ
1469 1807 1534 1860 ἂν
1579 1810 1642 1858 ἐκ
1673 1805 1807 1859 Θεοῦ

1916 1823 2065 1876 penes
2136 1823 2250 1871 nos,
2320 1785 2517 1876 inquit,
2569 1819 2666 1870 est,
2719 1825 2749 1861 ο
2806 1824 2919 1873 rex,
2970 1812 3073 1863 ista
3148 1808 3229 1862 vel
3320 1807 3488 1878 loqui,

243 1901 434 1967 ἑμπνευ
450 1900 633 1968 σθείη,
665 1899 828 1952 τοῦτο
857 1900 1060 1967 λέγειν.
1093 1901 1202 1954 Καὶ
1231 1899 1257 1950 6
1281 1899 1379 1966 μὲν
1409 1899 1532 1968 ἥκει
1565 1899 1700 1966 πρὸς
1719 1897 1809 1950 τὸν

1916 1897 1990 1950 vel
2043 1905 2212 1950 tacere
2240 1913 2257 1950 :
2283 1898 2371 1950 sed
2423 1915 2540 1950 cum
2575 1899 2779 1953 divinus
2812 1903 3028 1969 spiritus
3065 1917 3158 1953 nos
3201 1903 3492 1969 occuparit,

242 1992 432 2046 Βαλάκ.
507 1994 618 2044 Καὶ
668 1993 748 2055 είς
800 1992 924 2062 ὅρος
984 1993 1196 2062 ἀχθεὶς,
1275 1995 1417 2049 ἑπτά
1470 2009 1528 2045 τε
1575 1990 1809 2061 ταύρους

1916 2007 2040 2059 quas
2062 1993 2170 2060 ipse
2197 1990 2327 2053 vult,
2360 2007 2452 2059 per
2496 2008 2587 2044 nos
2615 2008 2759 2044 voces
2791 1992 2914 2045 edit.
2953 1993 3058 2046 Sed
3083 1994 3210 2062 quia
3239 1994 3332 2045 tibi
3363 2009 3492 2061 gra-

243 2083 634 2148 δλοκαυτώσας,
671 2084 763 2135 καὶ
806 2082 1109 2146 τοσούτους
1141 2084 1355 2155 κριοὺς,
1405 2083 1480 2147 ὼς
1540 2077 1649 2134 εἶδε
1686 2098 1810 2152 τρο-

1916 2091 2032 2134 tum
2069 2083 2241 2150 facere
2267 2085 2440 2153 cupio,
2477 2082 2645 2136 denuo
2682 2084 2991 2137 instruenda
3032 2085 3130 2136 erit
3177 2100 3273 2136 ara
3310 2093 3358 2135 et
3420 2084 3494 2137 vi-

244 2178 340 2244 πὴν
391 2175 836 2244 σημαινομένην,
896 2177 957 2228 ού
1019 2176 1178 2245 μόνον
1234 2177 1293 2227 οὐ
1350 2173 1656 2244 κατηύξατο
1701 2172 1810 2224 τῶν

1916 2176 2099 2228 ctimw.
2138 2173 2348 2228 Rursus
2406 2175 2570 2244 igitur
2627 2175 2915 2238 sacriﬁcat,
2951 2185 3008 2228 et
3046 2175 3100 2228 in
3135 2175 3327 2229 faciem
3365 2189 3495 2243 pro-

256 2266 542 2336 Ἐϐραίων,
596 2267 713 2320 ἀλλ’
748 2268 1074 2330 ἐπιθειάσας
1119 2266 1314 2329 αὐτούς
1353 2283 1410 2319 τε
1439 2266 1624 2319 καὶτὸ
1653 2264 1810 2332 γένος

1916 2265 2116 2335 lapsus,
2150 2265 2335 2320 clades
2378 2266 2602 2336 regibus
2627 2275 2680 2321 et
2717 2267 2952 2322 urbibus
2985 2266 3334 2322 imminentes
3359 2266 3496 2320 vati-

244 2357 376 2409 ᾶπαν
417 2357 608 2410 αὐτῶν
631 2358 939 2428 ,εὐλόγησε,
964 2358 1060 2411 καὶ
1114 2357 1415 2427 ὲξύμνησε.
1475 2355 1582 2408 Τοῦ
1617 2355 1671 2408 δὲ
1705 2355 1802 2406 Βα-

1916 2356 2155 2411 cinatur.
2197 2358 2312 2423 Qua
2356 2357 2424 2411 de
2473 2373 2634 2412 causa
2671 2357 2900 2414 Balacus
2950 2373 3076 2413 eum
3117 2359 3235 2412 sine
3286 2359 3497 2412 honore

244 2443 336 2496 λὰκ
380 2446 833 2517 δυσχεραίνοντος
884 2450 978 2500 ἐπὶ
1034 2447 1274 2511 τούτοις,
1322 2448 1428 2515 ἔφη
1471 2447 1500 2498 6
1554 2446 1805 2516 Βαλαάμ·

1916 2448 2157 2502 dimittit.
2185 2448 2444 2518 ldemque
2475 2458 2598 2518 post
2621 2452 2685 2505 de
2709 2451 2947 2504 Balaami
2975 2450 3231 2515 concilio,
3255 2451 3499 2518 virgines

245 2539 354 2590 Οὐκ
381 2537 471 2606 ἐφ’
507 2537 659 2604 ἡμῖν
687 2538 819 2604 περὶ
854 2536 972 2590 τῶν
1000 2539 1284 2591 τοιούτων
1312 2535 1494 2606 σιγᾷν
1533 2538 1572 2606 ἢ
1613 2536 1813 2606 λέγειν

1921 2539 1978 2594 in
2018 2541 2392 2595 lsraelitarum
2427 2552 2607 2597 castra
2636 2543 2825 2608 mittit.
2882 2559 2912 2598 a
2947 2545 3150 2613 quibus
3181 2543 3395 2598 Hebrrei
3429 2543 3496 2596 ad

242 2627 418 2694 ἐστὶν,
449 2623 811 2693 ὧβασιλεῦ,
847 2630 997 2684 ἀλλ’
1045 2630 1143 2682 ὅτε
1174 2628 1330 2698 ἡμᾶς
1377 2629 1444 2684 τὸ
1499 2629 1605 2683 τοῦ
1662 2627 1810 2683 Θεοῦ

1916 2631 2118 2686 coitum
2147 2633 2550 2696 alliciebantur,
2587 2645 2643 2688 ut
2671 2635 2721 2688 id
2751 2636 2962 2689 facinus
2993 2644 3164 2690 totum
3196 2635 3496 2690 exercitum

240 2719 383 2787 ,λάϐῃ
419 2720 686 2789 πνεῦμα,
732 2720 804 2786 ἂς
836 2721 1029 2775 ἐκεῖνο
1049 2722 1340 2785 ,ϐούλεται
1371 2722 1570 2791 φωνὰς
1598 2720 1811 2790 ἀφίησι

1916 2733 2342 2793 pervagaretur,
2397 2738 2584 2777 amore
2641 2723 3112 2778 Madianiticarum
3177 2724 3493 2785 mulierum,

243 2810 524 2880 δι’ήμῶν.
577 2811 742 2880 Ἐμοί
801 2813 871 2866 δὲ
901 2812 1245 2882 χαρίζεσθαι
1268 2815 1626 2882 ,βουλομένῳ
1687 2829 1810 2877 σοι,

1916 2814 2025 2867 diis
2063 2829 2252 2867 earum
2290 2813 2535 2868 Hebraeis
2571 2815 3042 2880 sacrificantibus,
3075 2821 3131 2869 et
3158 2814 3311 2870 cibos
3343 2815 3496 2868 inso-
3552 2837 3556 2840 ·

239 2903 432 2970 ,ϐωμὸν
472 2897 656 2966 αὖθις
681 2903 1073 2972 ἐτοιμαστέον
1112 2906 1210 2957 καὶ
1260 2905 1510 2972 θύματα.
1544 2903 1672 2955 Θύει
1700 2903 1812 2954 τοί-

1916 2905 2045 2958 litos
2097 2905 2554 2959 concedentibus.
2603 2905 2778 2959 Moses
2828 2905 3034 2975 populo
3065 2905 3132 2960 ad
3165 2905 3489 2960 concionem

243 3009 328 3044 νυν
351 2994 444 3046 καὶ
491 2993 687 3055 πάλιν,
721 2995 818 3046 καὶ
875 3011 1058 3047 πεσων
1113 2995 1208 3046 ἐπὶ
1255 2994 1451 3064 στόμα,
1512 2993 1813 3064 προύλεγεν

1916 3005 2132 3062 vocato,
2170 2995 2408 3060 dicebat,
2447 2997 2828 3054 adolescentes
2857 3012 3036 3067 neque
3073 3012 3155 3062 se,
3189 3012 3370 3068 neque
3397 3012 3494 3066 pa-

241 3085 333 3136 δσα
364 3103 420 3137 τε
453 3085 780 3155 βασιλεῦσιν
804 3087 956 3140 ἔσται
989 3087 1162 3157 πάθη,
1196 3088 1291 3138 καὶ
1312 3085 1414 3139 ὅσα
1445 3087 1568 3146 ταῖς
1599 3083 1810 3138 πόλεσι.

1919 3091 2100 3146 tribus
2126 3091 2241 3147 suis
2287 3090 2450 3158 digna
2479 3091 2680 3156 facere,
2717 3107 2925 3162 eosque
2953 3091 3234 3162 corrigere
3269 3099 3483 3160 satageo

249 3176 422 3229 Βαλὰκ
483 3177 547 3230 δὲ
592 3178 807 3246 ἀτίμως
859 3179 1182 3248 ἀποπέμπει
1225 3176 1317 3228 τὸν
1374 3175 1625 3244 Βαλαάμ.
1684 3172 1813 3226 Εἶτα

1920 3183 2029 3236 bat.
2063 3181 2332 3236 Caaterum
2365 3182 2626 3238 Zambres
2659 3181 2952 3236 Simeonia:
3002 3181 3180 3237 tribus
3211 3180 3488 3251 princeps,

248 3269 337 3334 τας
372 3270 690 3340 παρθένους
741 3271 1046 3338 ἐπιπέμπει
1080 3272 1195 3332 τοῖς
1248 3268 1636 3337 Ἰσραηλίταις,
1677 3266 1813 3319 κατὰ

1919 3275 2012 3344 qui
2048 3275 2448 3330 Madianitieam
2479 3276 2764 3330 mulierem
2796 3276 2898 3330 sibi
2931 3284 3154 3344 nuptam
3187 3276 3380 3328 insano
3423 3289 3491 3327 a-

246 3362 559 3430 συμϐουλὴν
624 3360 878 3428 Βαλαὰμ,
939 3356 1027 3422 αἷς
1060 3361 1109 3412 ot
1141 3359 1250 3412 τῶν
1309 3359 1576 3427 Ἐϐραίων
1633 3357 1813 3418 παῖδες

1918 3382 2070 3420 more
2116 3365 2423 3434 deperibat,
2484 3366 2834 3436 impudenter
2882 3381 3002 3420 sese
3038 3365 3169 3419 Mosi
3219 3365 3498 3435 opposuit,

244 3450 584 3516 ἁλίσκονται,
617 3451 712 3504 καὶ
759 3451 987 3512 ταύταις
1040 3449 1331 3519 συιιῄεσαν,
1386 3449 1459 3511 ὡς
1527 3445 1813 3508 διαπαντὸς

1921 3474 2098 3526 neque
2128 3471 2365 3526 unquam
2401 3456 2747 3511 deserturum
2785 3457 3149 3527 jurejurando
3181 3455 3490 3509 afﬁrmavit.

1921 3550 2154 3604 Phinees
2183 3558 2366 3606 autem
2429 3550 2706 3620 pontificis
2765 3550 3011 3604 Eleazari
3097 3549 3242 3603 ﬁlius
3294 3549 3504 3603 doloris

1921 3641 2219 3697 acerbitate
2247 3645 2449 3707 victus,
2504 3657 2612 3695 non
2672 3642 2828 3711 prius
2877 3650 2934 3695 et
2991 3641 3398 3696 Madianitidem
3447 3651 3504 3694 et

1921 3734 2208 3790 Zambrcm
2243 3736 2424 3802 gladio
2466 3735 2763 3789 verberare
2800 3734 3030 3800 destitit,
3083 3751 3245 3802 quam
3289 3745 3504 3786 utrum-

1922 3841 2029 3892 que
2060 3825 2372 3878 occidissct.
2417 3825 2574 3878 Hunc
2605 3825 2696 3876 alii
2725 3827 2960 3893 juvenes
3007 3824 3240 3878 studiosi
3275 3823 3498 3876 virtutis

1923 3901 2155 3981 imitari,
2192 3917 2539 3986 perimebant
2567 3919 2947 3972 adolescentes
2994 3917 3087 3986 qui
3123 3925 3312 3971 contra
3356 3916 3502 3980 leges

1924 4009 2133 4080 patrias
2167 4007 2495 4078 alienigenis
2530 4007 2863 4061 mulieribus
2914 4022 2972 4062 se
3027 4007 3496 4062 contaminarant.

1925 4101 2003 4154 lta
2035 4100 2139 4153 viri
2213 4115 2304 4153 xw
2359 4099 2602 4154 millibus
2655 4099 2800 4152 baud
2856 4097 3143 4168 pauciores
3197 4096 3502 4167 perierunt.

249 530 378 580 ἐστὶν
407 528 681 599 εὐδαίμων
739 527 905 598 αῦτη,
961 528 1218 596 φοινικᾶς
1268 545 1328 580 τε
1385 526 1654 597 φέρουσα,
1713 523 1808 575 καὶ

249 620 508 690 βάλσαμον
572 621 878 690 νεμομένη.
920 619 1103 672 Βαλὰκ
1151 619 1209 672 δὲ
1257 621 1284 671 ὁ
1340 618 1450 670 τῶν
1492 615 1806 671 Μωαϐιτῶν

249 711 509 782 βασιλεὺς,
549 711 943 780 μετακαλεῖται
991 711 1080 764 τὸν
1106 711 1315 780 μάντεα
1371 709 1625 779 Βαλαὰμ,
1659 709 1807 770 ὅπως

247 803 549 874 ὲπ’ὀλέθρ·;›
607 804 715 855 τῶν
772 803 1134 876 Ἰσραηλιτῶν
1193 803 1334 872 ἀρὰς
1390 802 1594 872 ποιήσῃ
1626 816 1807 868 παραυ

248 895 679 963 γενόμενος.Καὶ
741 896 768 947 6
821 897 919 964 μὲν
973 893 1160 964 ἀπῄει.
1219 893 1379 946 Κατά
1438 893 1637 961 δὲτὴν
1689 891 1806 944 ὁδὸν

245 985 459 1052 ἀγγέλου
488 986 632 1038 θείου
668 985 1079 1053 προσϐαλόντος
1115 984 1286 1053 αύτῷ,
1315 987 1347 1056 ή
1387 978 1584 1056 ὃνο;.ᾖ
1617 985 1643 1036 6
1696 983 1804 1035 Ba-

250 1075 382 1143 λαὰμ
418 1078 704 1145 ὲπωχεῖτο,
758 1077 983 1128 συνεῖσα
1011 1074 1106 1127 τοῦ
1155 1075 1302 1126 θείου
1349 1073 1681 1142 πνεύματος,
1742 1072 1804 1124 ού

245 1167 578 1235 προέϐαινεν,
631 1165 751 1219 οὐδὲ
781 1169 904 1228 ταῖς
947 1167 1188 1234 πληγαῖς
1223 1165 1477 1218 ἐνεδίδουο
1509 1167 1807 1233 φωνήσασα

245 1259 283 1310 δ’
305 1258 661 1328 ἀνθρωπίνως
711 1259 850 1311 κατὰ
878 1258 1029 1312 θείαν
1057 1258 1338 1326 βούλησιν,
1394 1255 1582 1309 ἄδικον
1621 1255 1807 1307 ἐκάλει

243 1351 324 1402 τὸν
347 1351 618 1418 δεσπότην
671 1350 892 1420 πληγὰς
945 1351 1086 1420 αὐτῇ
1155 1348 1512 1419 ἐπιφέροντα,
1576 1345 1673 1398 καὶ
1733 1344 1808 1416 μὴ

247 1441 501 1498 συνιέντα.
531 1441 612 1493 ὅτι
647 1441 711 1492 ἐκ
737 1439 873 1492 Θεοῦ
909 1435 990 1504 οἷς
1035 1440 1304 1492 ἔσπευσεν
1337 1441 1633 1509 ὑπηρετεῖν
1694 1439 1808 1507 εἷρ-

245 1549 404 1599 γεται.
436 1532 862 1602 Ταραττομένου
893 1532 937 1584 δ’
964 1531 1134 1586 αὑτοῦ
1168 1532 1258 1585 διὰ
1301 1533 1400 1601 τὴν
1457 1531 1808 1601 ἀνθρωπίνην

245 3545 339 3613 ήδη
384 3544 481 3597 τοῦ
550 3543 790 3614 στρατοῦ
845 3546 943 3614 τὴν
1001 3541 1348 3612 παρανομίαν
1405 3542 1604 3612 χωρεῖν
1657 3542 1820 3610 ἔρωτι

247 3637 348 3688 τῶν
431 3638 800 3692 Μαδιανιτῶν
885 3637 1189 3704 γυναικῶν,
1251 3636 1392 3698 Θεοῖς
1469 3634 1646 3687 αὐτῶν
1713 3633 1821 3685 τῶν

255 3727 515 3798 Ἐὅρλίων
553 3729 815 3795 Θυόντων,
861 3729 956 3781 καὶ
990 3730 1285 3798 ἀσυνήθων
1334 3727 1646 3796 γευομένων
1692 3742 1818 3793 τρο⁹

249 3819 375 3885 φῶν.
428 3820 686 3889 Μωῦσῆς
718 3821 774 3874 δὲ
817 3823 896 3882 είς
955 3821 1258 3889 ἐκκλησίαν
1291 3819 1519 3887 ἀγαγὼν
1549 3821 1638 3870 τὸν
1669 3818 1819 3879 λαὸν,

247 3914 338 3964 ουκ
397 3913 528 3979 ἄξια
589 3913 724 3983 δρᾷν
777 3911 1007 3979 ἑαυτῶν,
1059 3913 1180 3964 οὐδὲ
1223 3911 1330 3964 τῶν
1393 3909 1644 3980 πατέρων
1696 3909 1824 3971 τοὺς

248 4004 393 4067 νέους
446 4006 639 4073 ἔλεγε·
700 4005 797 4057 καὶ
849 4005 1114 4074 ἐπειρᾶτο
1164 4003 1390 4066 τούτους
1467 4000 1821 4071 ἐπανορθοῦν.

252 4096 512 4166 Ζαμδρὴς
545 4097 608 4150 δὲ
649 4098 929 4167 φύλαρχος
970 4098 1045 4150 ῶν
1072 4096 1250 4166 φυλῆς
1275 4095 1372 4164 τῆς
1404 4095 1820 4164 Συμεωνίτιδος,

250 4190 338 4238 καὶ
378 4189 738 4242 Μαδιανίτιδι
779 4189 1072 4254 συνοικῶν,
1103 4189 1200 4242 καὶ
1255 4188 1578 4257 περιμανῶς
1610 4186 1826 4255 ἐκείνης

247 4277 403 4346 ἐρῶν,
445 4281 739 4343 Μωῦσέως
787 4281 1276 4350 κατηναιδεύσατο,
1333 4280 1429 4332 καὶ
1465 4281 1542 4347 μὴ
1591 4277 1656 4331 ἄν
1695 4295 1826 4330 ποτε

249 4370 341 4440 τὴν
389 4376 635 4440 γυναῖκα
689 4372 1014 4425 καταλιπεῖν
1069 4369 1418 4439 διωμώσατο.
1465 4369 1522 4422 Ὀ
1555 4367 1742 4429 Φινεὲς
1771 4365 1826 4418 δὲ

1924 4193 2000 4247 Ea
2040 4210 2097 4248 re
2137 4193 2313 4248 Moses
2365 4194 2560 4254 iratus,
2611 4201 2802 4245 castra
2835 4191 3156 4245 Madianitas
3200 4189 3504 4244 exercitum

1929 4285 2118 4348 mittit,
2156 4285 2377 4339 Phinea:
2417 4285 2674 4338 mandato
2711 4282 2966 4352 imperio.
3003 4281 3198 4336 Praelio
3245 4281 3507 4335 commis-

1929 4393 2010 4440 so,
2046 4391 2200 4444 reges
2246 4390 2436 4428 eorum
2475 4375 2678 4429 cadunt
2709 4390 2940 4428 numero
2983 4375 3249 4442 quinque,
3277 4381 3333 4426 et
3365 4373 3509 4425 mul-
3575 4422 3578 4424 γ

246 4466 335 4515 τοῦ
384 4465 704 4537 ἀρχιερέως
761 4464 837 4517 ὢν
891 4466 1021 4527 παῖς
1074 4462 1366 4531 Ἐλεάζαρ,
1425 4459 1813 4531 περιαλγήσας,

1931 4467 2105 4522 titudo
2133 4466 2345 4534 ingens.
2393 4465 2603 4519 Hebraei
2642 4466 2920 4534 regionem
2975 4478 3166 4518 eorum
3213 4462 3504 4531 diripiunt.

252 4555 344 4606 οὐκ
374 4558 553 4627 ἀνῆκε
597 4556 779 4610 παίων
814 4558 881 4626 τῇ
941 4557 1192 4626 ῥομφαίᾳ
1219 4555 1318 4623 τὴν
1351 4553 1676 4607 Μαδιανίτιν
1733 4551 1813 4603 καί

1929 4556 2144 4612 civibus
2178 4570 2283 4608 una
2312 4570 2436 4609 cum
2462 4555 2729 4608 uxoribus
2761 4553 2981 4616 occisis,
3010 4551 3144 4605 solis
3195 4549 3504 4618 virginibus

253 4647 336 4698 τὸν
369 4649 669 4718 Ζαμϐρὴν,
699 4649 804 4712 ἕως
859 4648 956 4701 καὶ
989 4648 1159 4715 ἄμφω
1202 4645 1547 4700 ἀπέκτεινεν.
1583 4645 1678 4694 Ὃν
1731 4639 1813 4694 xa'

1933 4652 2240 4714 parcentes.
2273 4658 2395 4713 qua:
2426 4643 2580 4696 fuere
2619 4643 2685 4696 ad
2729 4657 2872 4695 χχιιι
2904 4641 3098 4704 millia,
3137 4653 3276 4707 quas
3333 4639 3507 4690 Moses

253 4737 395 4792 ἄλλοι
456 4743 614 4806 νέοι,
649 4734 731 4803 οἷς
778 4740 977 4810 ἀρετῆς
1039 4737 1242 4809 ἔμελε,
1288 4737 1691 4806 μιμησάμενοι,
1745 4735 1812 4786 ἀν

1930 4735 2336 4796 sacerdotibus,
2387 4733 2498 4805 44
2537 4733 2745 4786 Levitis
2769 4742 2824 4786 ct
2872 4733 3076 4801 populo
3099 4731 3421 4785 distribuit:
3455 4739 3509 4782 et

218 4829 410 4904 ιῄρονν
449 4833 567 4885 τῶν
601 4834 735 4885 νέων
773 4833 901 4894 τοὺς
949 4832 1043 4884 ἐπὶ
1081 4829 1330 4897 γυναιξὶν
1382 4826 1700 4895 ἀλλοφύλοις
1729 4842 1813 4877 παι

1935 4827 2061 4898 quia
2113 4828 2222 4896 jam
2277 4826 2433 4880 senio
2471 4827 2756 4879 confectus
2795 4836 2936 4889 erat,
2988 4838 3368 4879 successorem
3402 4821 3508 4876 sibi

254 4927 703 4995 ρανῡμήσαντας.
757 4924 1120 4979 Ἀπόλλυνται
1168 4918 1262 4976 οὖν
1293 4920 1486 4989 ἄνδρες
1529 4919 1630 4970 οὐκ
1670 4916 1813 4971 em.

1937 4919 2190 4988 designat
2218 4919 2403 4973 Jesum
2437 4917 2604 4971 Navis
2635 4918 2827 4971 lilium.

248 5035 368 5079 τους
403 5019 628 5089 μυρίων
697 5019 790 5071 καὶ
834 5016 1315 5088 τετρακισχιλίων.
1370 5012 1654 5065 Ἐντεῦθεν
1737 5010 2096 5081 παροξυνθεὶς
2139 5012 2380 5082 Μωῡσῆς
2471 5011 2614 5063 κατά
2669 5013 2779 5063 τῶν
2829 5010 3177 5064 Μαδιανιτῶν
3239 5008 3507 5075 ἐξέπεμψε

253 5117 540 5181 στρατιὰν,
585 5114 938 5184 στρατάρχην
986 5113 1158 5179 αὐτῆς
1188 5107 1478 5171 ἀποδείξας
1521 5107 1612 5160 τὸν
1661 5107 1868 5169 Φινεές.
1906 5107 2015 5159 Καὶ
2088 5108 2268 5176 μάχης
2322 5107 2619 5176 συστάσης,
2695 5107 2848 5160 οἵτε
2903 5106 3143 5175 βασιλεῖς
3196 5105 3376 5156 αὐτῶν
3422 5103 3507 5154 πί-

252 5225 505 5270 πτουσιν,
531 5209 690 5271 ὄντες
725 5210 905 5275 πέντε,
937 5208 1032 5260 καὶ
1061 5205 1268 5275 πλῆθος
1311 5205 1452 5272 ἄγαν
1502 5201 1660 5256 πολύ.
1713 5203 1776 5254 Οἱ
1823 5203 1878 5254 δὲ
1931 5201 2173 5271 Ἑϐραῖοι
2216 5203 2315 5261 τὴν
2366 5202 2549 5271 χώραν
2607 5202 2788 5256 αὐτῶν
2859 5201 3222 5272 διηρπάκασι.
3260 5197 3509 5258 καὶτοὺς
3575 5240 3577 5243 .

250 5305 550 5371 οἰκήτορας
589 5302 685 5355 σὺν
725 5301 944 5369 γυναιξὶ
1003 5298 1443 5368 διαφθείραντες,
1513 5295 1680 5366 μόνας
1734 5295 1833 5358 τὰς
1873 5294 2179 5366 παρθένους
2207 5294 2520 5359 κατέλιπον,
2566 5296 2644 5356 είς
2710 5292 3046 5363 τρισμυρίας
3104 5289 3199 5342 καὶ
3242 5288 3509 5358 δισχιλίας

252 5401 699 5468 ἀριθμουμένας,
727 5399 791 5460 ἀς
829 5401 942 5460 τοῖς
990 5396 1199 5466 ἱερεῦσι
1229 5413 1287 5448 τε
1316 5392 1686 5454 καῖΛευΐταις
1729 5394 1824 5446 καὶ
1898 5393 1974 5461 τῷ
2021 5391 2135 5461 λαῷ
2206 5387 2442 5460 διένειμε
2492 5390 2756 5459 Μωῦσῆς.
2808 5385 3043 5457 Γηραιὸς
3093 5384 3150 5437 δὲ
3204 5385 3510 5453 τυγχάνων,

251 5497 496 5564 διάδοχον
531 5494 734 5547 ἑαυτοῦ
762 5494 1068 5562 κατέστησε
1115 5491 1206 5543 τὸν
1251 5488 1347 5543 τοῦ
1395 5487 1552 5556 Ναυῆ
1602 5483 1834 5555 Ἰησοῦν,
1878 5486 2234 5547 κελεύσαντος
2259 5484 2354 5536 τοῦ
2383 5482 2540 5536 Θεοῦ.

321 5587 424 5641 ιΘ’.
464 5589 538 5641 Δί
589 5585 758 5651 φυλαὶ
798 5585 855 5637 δὲ
901 5585 1007 5638 Γάδ
1034 5601 1093 5635 τε
1157 5583 1252 5634 καὶ
1293 5582 1540 5650 Ῥουϐὶμ,
1592 5583 1686 5632 καὶ
1734 5579 1813 5646 τῆη

2021 5576 2164 5629 Χιχ.
2200 5575 2334 5628 Cum
2368 5574 2542 5628 tribus
2570 5573 2763 5634 Gadia,
2802 5571 3075 5632 Rubenia.
3112 5579 3170 5626 et
3218 5571 3513 5625 Manassea:

254 5683 345 5734 τοῦ
411 5681 697 5746 Μανασσῆ
737 5680 770 5747 ή
811 5679 1062 5748 ἡμίσεια,
1114 5675 1327 5727 ἐδέοντο
1389 5672 1692 5734 Μωῦσέως,
1736 5674 1813 5736 si;

1943 5669 2184 5722 semissis
2228 5667 2426 5720 Mosem
2460 5674 2701 5726 orarent,
2741 5675 2800 5717 ut
2828 5665 3276 5718 Amorrbzeorum
3311 5673 3510 5718 terram

256 5775 358 5834 τῶν
416 5770 786 5846 ’Δμορραίων
836 5770 940 5842 γῆν
1024 5766 1452 5841 προσκληρῶσαι
1510 5765 1715 5826 αὐτοῖς.
1777 5763 1813 5813 't

1945 5761 2080 5834 ipsis
2106 5760 2432 5815 attribueret
2454 5775 2466 5824 ;
2486 5759 2669 5826 itaque
2705 5756 2794 5811 ille
2822 5755 3094 5822 ignaviam
3124 5757 3204 5812 eis
3227 5755 3503 5812 ooorobra
