3964 6252
457 310 556 374 103

1716 313 2048 374 IOANNIS
2087 310 2410 372 ZONMLE

3619 303 3730 368 104

449 431 552 485 ret,
593 420 762 491 utqui
798 420 926 476 belli
953 420 1249 477 Cl‘ananmi
1287 424 1606 478 societatem
1643 441 1768 479 cum
1798 424 2027 494 popula-

2134 425 2188 477 δέ
2223 423 2431 485 δειλοὺς
2477 420 2675 484 αὐτοὺς
2714 419 3002 488 ἀπεκάλει,
3039 420 3135 476 καὶ
3183 422 3262 493 μὴ
3320 420 3576 485 θέλοντας
3617 422 3729 491 τῆς

445 511 600 565 ribus
633 511 1005 565 detrectarent
1048 530 1061 567 :
1102 515 1178 566 illi
1208 530 1266 567 se
1292 514 1672 582 defendentes,
1707 515 1867 568 aliam
1901 514 2031 568 alle-

444 607 640 661 rebant
681 622 924 670 causam,
958 609 1105 679 quod
1134 625 1355 680 pecora,
1387 627 1622 681 quorum
1661 611 1832 680 cepiis
1855 612 2031 666 abun-

444 702 658 765 darent,
689 701 742 753 in
777 716 839 754 ea
887 703 1109 773 regione
1140 704 1385 758 relicturi
1413 713 1617 769 essent,
1661 714 1779 758 acta
1807 704 1884 758 rei
1935 719 2031 773 pe-

445 794 734 857 cuniarize,
784 803 843 849 ut
868 796 971 865 ipsi
1001 798 1352 866 popularium
1387 797 1691 850 certamina
1716 797 2029 864 expeditius

446 883 781 951 aaljutareut.
809 884 1160 940 Collaudavit
1194 901 1256 940 ea
1293 887 1492 951 Moses,
1529 902 1696 955 atque
1737 887 1804 940 iis
1834 886 2027 940 condi-

447 974 692 1029 ticnibus
754 976 1116 1031 Amoritidem
1181 977 1263 1031 eis
1317 977 1494 1031 Moses
1552 977 1824 1031 attribuit.
1888 975 2026 1031 Cum

443 1075 628 1119 autem
657 1067 882 1134 quidam
908 1068 1205 1122 Manasseze
1246 1069 1444 1132 tribus,
1471 1069 1605 1124 solis
1645 1068 1852 1123 relictis
1885 1069 2026 1122 lilia-

444 1155 568 1222 bus,
601 1156 954 1223 decessisset,
1010 1159 1404 1231 interrogatus,
1455 1161 1613 1230 cujus
1674 1171 1821 1214 esset
1877 1161 2025 1214 illius

442 1254 647 1319 portio,
678 1251 965 1320 respondit
995 1271 1007 1306 :
1051 1252 1095 1305 si
1139 1252 1342 1321 quibus
1372 1253 1657 1307 tribulium
1705 1253 2028 1322 nupsissent

444 1343 703 1411 virgines,
729 1352 787 1396 ut
823 1357 927 1395 una
975 1357 1100 1395 cum
1130 1344 1385 1412 portione
1412 1343 1480 1398 ad
1522 1343 1646 1398 illos
1672 1345 1977 1399 transirent
2011 1361 2024 1398 :

442 1436 526 1483 sin
564 1431 842 1500 aliquibus
873 1431 1101 1486 alterius
1147 1433 1325 1488 tribus
1365 1433 1866 1502 desponderentnr,
1902 1449 2028 1502 por-

443 1523 648 1575 tionem
679 1525 732 1575 in
766 1524 944 1592 patria
979 1523 1124 1577 tribu
1173 1526 1575 1595 relinquerent.
1629 1525 1722 1580 Sic
1757 1527 2026 1596 cujusque

441 1614 584 1666 bona
611 1615 664 1667 in
691 1629 787 1668 sua
817 1617 961 1669 tribu
990 1617 1427 1673 esseretinenda
1456 1619 1766 1672 constituit.
1793 1619 1910 1672 Jam
1931 1634 2029 1671 au-

443 1717 550 1759 tem
601 1709 965 1778 quadraginta
1003 1710 1162 1762 annis
1190 1711 1207 1779 (
1238 1709 1490 1779 demptis
1527 1709 1751 1780 triginta
1801 1695 2025 1780 diebus)

439 1800 661 1867 elapsis,
698 1815 764 1853 ex
789 1816 897 1869 quo
930 1801 1194 1854 Israelita:
1243 1799 1477 1872 Egypto
1509 1811 1882 1868 excesserant,
1913 1801 2028 1856 Mo-
2054 1791 2101 1851 B

440 1905 528 1944 ses
557 1907 730 1946 annos
759 1907 860 1947 cxx
914 1902 1097 1956 natus,
1141 1893 1345 1961 populo
1400 1893 1503 1945 sibi
1530 1902 1766 1946 mortem
1818 1895 2025 1946 instare

439 1983 749 2048 denuntiat,
778 1983 969 2038 multis
1026 1985 1319 2054 prreceptis
1367 1984 1529 2050 datis,
1553 1983 1918 2054 legibusitem
1969 1993 2054 2038 et-

441 2073 759 2143 reipublieae
806 2075 987 2130 forma
1042 2075 1364 2144 descriptis,
1405 2083 1462 2129 et
1514 2075 1777 2129 mandata
1832 2085 2025 2130 contra

441 2145 813 2219 Amalecltitas
843 2165 1222 2234 expeditione,
1254 2181 1318 2219 ac
1346 2166 1710 2236 jurejurando
1735 2177 1928 2223 exacto
1957 2167 2027 2222 de

444 2258 727 2311 servandis
749 2259 982 2328 legibus,
1011 2273 1226 2312 necnon
1253 2259 1585 2327 imperatore
1601 2258 1668 2312 ad
1687 2258 2029 2315 Citananaaos

444 2353 588 2406 bello
612 2354 879 2420 pete-udos
943 2351 1173 2406 incitato
1205 2367 1218 2404 :
1251 2350 1408 2416 Ecce,
1443 2352 1647 2422 inquit,
1695 2353 1765 2406 ad
1792 2354 2026 2424 majores

442 2460 646 2498 ηοω-οδ
668 2444 818 2498 abeo.
868 2441 1013 2496 Nam
1038 2443 1178 2497 hunc
1229 2443 1357 2496 mihi
1389 2443 1529 2497 diem
1584 2444 1914 2515 migrationis
1957 2445 2028 2499 ad

441 2538 562 2591 illos
594 2537 731 2591 Deus
756 2537 1062 2608 prarﬁnivit.
1099 2535 1196 2591 His
1225 2537 1456 2602 auditis,
1485 2538 1723 2608 populus
1758 2539 1813 2592 in
1847 2539 2026 2610 lacry-

442 2645 560 2683 mas
579 2637 635 2684 et
661 2628 848 2683 [letum
880 2629 1063 2700 erupit
1096 2629 1575 2694 inconsolabiletn,
1610 2645 1674 2684 ac
1702 2640 1939 2697 tantum,
1970 2641 2030 2686 ut

441 2722 674 2776 allectus
707 2723 798 2777 ille
829 2722 962 2776 Mosi
1003 2723 1169 2776 etiam
1214 2725 1300 2776 vel
1351 2722 1524 2776 invito
1558 2721 1830 2793 lacrymas
1858 2739 2027 2778 excu-

445 2821 604 2867 teret.
637 2815 948 2867 Abeuntem
983 2829 1107 2867 eum
1145 2813 1429 2879 inlocum,
1465 2815 1558 2868 tibi
1587 2815 1732 2869 inter
1767 2817 2028 2870 mortales

443 2921 561 2959 esse
589 2905 892 2972 desineret,
929 2907 1419 2977 prosequebantur
1455 2923 1650 2963 omnes
1676 2909 2023 2978 plangentes.

441 3001 509 3053 At
532 3000 622 3055 ille
649 3013 812 3054 manu
840 3007 1072 3056 cwteros
1100 3001 1334 3057 ulterius
1368 3001 1624 3072 progredi
1649 3012 2029 3068 vetans,sena-

2135 515 2275 584 πρὸς
2307 512 2656 575 Χαναναίους
2707 512 2894 582 μάχης
2946 513 3286 582 κοινωνῆσαι
3343 514 3451 574 τοῖς
3503 512 3731 580 ὁμοφύ-

2134 608 2269 669 λοις.
2321 604 2732 674 Ἀπελογοῦντο
2772 605 2816 657 δ’
2847 607 3049 658 ἐκεῖνοι
3084 603 3161 676 μὴ
3195 603 3356 656 τοῦτο
3383 599 3549 666 εἶναι,
3580 602 3731 656 ἀλλὰ

2136 699 2332 768 πλήθει
2355 697 2724 768 βοσκημάτων
2749 697 3206 767 εὐθηνουμένους,
3230 695 3518 766 βούλεσθαι
3545 695 3730 749 ταῦτα

2136 794 2286 861 παρὰ
2338 794 2404 862 τῇ
2479 789 2635 860 χώρᾳ
2716 790 3065 855 καταλιπεῖν,
3143 787 3323 858 ἀγαθῇ
3371 788 3727 858 τυγχανούσῃ

2134 888 2270 957 πρὸς
2301 888 2650 956 τετραπόδων
2679 883 2910 956 τροφὴν,
2950 883 3015 936 ἵν’
3082 877 3192 934 εἷεν
3225 881 3380 934 αὐτοὶ
3404 881 3542 951 πρὸς
3588 882 3727 943 τοὺς

2130 981 2348 1048 ἀγῶνας
2377 982 2490 1043 τοῖς
2517 978 2807 1048 ὁμογενέσι
2850 977 3275 1048 συνεπαίροντες
3310 973 3556 1039 εὔζωνοι.
3582 973 3731 1028 Ἐπ-

2133 1072 2292 1143 ῄνεσε
2357 1071 2535 1126 ταῦτα
2589 1072 2853 1140 Μωῡσῆς,
2892 1071 2986 1122 καὶ
3035 1069 3135 1139 τὴν
3192 1068 3476 1139 Ἀμορίτιν
3530 1067 3727 1129 αὐτοῖς

2135 1166 2596 1238 τροσεκλήρωσεν
2627 1165 2720 1218 ἐπὶ
2755 1163 3036 1226 τοιαύταις
3076 1161 3397 1231 συνθήκαις.
3445 1159 3730 1229 Τεθνηκό-

2131 1276 2222 1320 τος
2260 1258 2318 1312 δέ
2342 1275 2488 1320 τινος
2531 1261 2597 1310 ἐκ
2614 1257 2716 1326 τῆς
2757 1255 3032 1324 Μανασσῆ
3063 1255 3236 1323 φυλῆς
3283 1255 3377 1306 ἐπὶ
3405 1253 3723 1320 θυγατράσι

2136 1352 2350 1418 μόναις,
2385 1348 2688 1420 ἐρωτηθεὶς
2749 1347 3022 1416 Μαῡσῆς,
3071 1346 3216 1409 τίνος
3251 1346 3279 1398 ὁ
3335 1346 3549 1398 ἐκείνου
3578 1344 3722 1410 κλῆ-

2133 1461 2225 1514 ρος
2250 1443 2469 1509 ἐσοιτο;
2523 1441 2862 1511 ἀπεκρίνατο
2887 1456 2900 1470 '
2941 1441 3001 1492 Εί
3033 1441 3136 1508 μέν
3187 1456 3297 1493 τισι
3323 1439 3434 1491 τῶν
3467 1437 3726 1507 φυλετῶν

2133 1536 2552 1604 συνοικήσουσιν
2583 1533 2641 1585 αἱ
2681 1534 2974 1603 παρθένοι,
3009 1531 3151 1600 μετὰ
3201 1529 3297 1584 τοῦ
3335 1529 3542 1598 κλήρου
3577 1528 3725 1597 πρὸς

2131 1630 2377 1692 ἐκείνους
2420 1629 2802 1700 χωρείτωσαν·
2838 1626 2888 1679 εἰ
2915 1626 2972 1679 δὲ
3007 1623 3404 1696 μνηστεύοιντό
3450 1638 3593 1674 τισιν
3655 1622 3722 1688 ἐξ

2135 1722 2332 1790 ἐτέρας
2373 1720 2573 1790 φυλῆς,
2615 1720 2708 1773 τὸν
2740 1719 2942 1788 κλῆρον
2972 1719 3222 1773 ἐάτωσαν
3263 1718 3322 1768 ἐν
3347 1719 3413 1786 τῇ
3479 1713 3722 1785 πατρῴᾳ

2132 1813 2301 1884 φυλῇ,
2340 1813 2435 1866 καὶ
2490 1811 2636 1864 οὕτω
2677 1813 2866 1882 μένειν
2925 1813 3159 1865 ἑκάστου
3215 1809 3416 1879 κλῆρον
3471 1809 3531 1862 ἐν
3588 1811 3719 1871 ταῖς

2131 1908 2326 1976 φυλαῖς
2360 1907 2667 1972 διετάξατο.
2705 1907 2847 1973 Ἤδη
2869 1905 2926 1963 δὲ
2954 1905 3369 1976 τεσσαράκοντα
3399 1902 3721 1971 διεληλυθό-

2127 2019 2238 2055 των
2284 2000 2447 2070 ἐτῶν,
2481 2000 2667 2065 ἐξότου
2717 2001 2816 2070 τῆς
2847 1997 3128 2066 Αἰγύπτου
3167 1999 3215 2049 οἱ
3251 1994 3582 2065 Ἰσραηλίται
3623 1993 3719 2058 ἐξ-

2131 2069 2447 2162 εληλύθασι,
2475 2069 2780 2163 τριάκοντα
2814 2088 3113 2143 ἐνδεουσῶν
3155 2088 3398 2160 ἡμερῶν,
3451 2085 3721 2157 ἀθροίσας

2129 2185 2223 2238 τὸν
2269 2184 2398 2237 λαὸν
2429 2184 2696 2254 Μωῦσῆς,
2729 2183 2924 2238 ἑκατὸν
2980 2183 3187 2236 εἴκοσιν
3231 2178 3497 2234 ἐνιαυτῶν
3547 2195 3722 2246 γεγο-

2132 2275 2260 2342 νὼς,
2296 2278 2358 2330 τὸ
2381 2279 2581 2331 οἰκεῖον
2624 2277 2813 2338 αὐτοῖς
2845 2274 3181 2345 κατήγγειλε
3213 2273 3387 2334 τέλοςο
3418 2273 3512 2324 καὶ
3541 2270 3721 2324 πολλὰ

2132 2371 2505 2442 παραινέσας,
2533 2369 2628 2422 καὶ
2663 2369 2861 2439 νόμους
2914 2367 3040 2430 δοὺς
3079 2369 3137 2420 ἐν
3189 2365 3414 2436 βίϐλοις,
3463 2363 3557 2417 καὶ
3610 2363 3720 2430 τῆς

2133 2463 2407 2534 σφετέρας
2431 2461 2712 2524 πολιτείας
2743 2461 3013 2526 διάταξιν,
3069 2460 3165 2513 καὶ
3207 2457 3538 2527 στρατεῦσαι
3570 2456 3723 2510 κατὰ

2131 2557 2240 2610 τῶν
2265 2554 2656 2626 Ἀμαληκιτῶν
2686 2553 3093 2624 ἐντειλάμενος,
3146 2554 3278 2624 περὶ
3307 2554 3404 2623 τῆς
3455 2552 3718 2623 φυλακῆς

2133 2667 2193 2702 τε
2221 2649 2332 2702 τῶν
2365 2650 2546 2717 νόμων
2595 2649 2761 2715 ὅρκον
2820 2648 3138 2718 ἀπαιτήσας
3198 2647 3419 2710 αὐτοὺς,
3478 2648 3574 2698 καὶ
3622 2645 3722 2697 τὸν

2133 2741 2467 2810 δημαγωγὸν
2487 2739 2696 2810 Ἰησοῦν
2724 2739 3048 2810 παραθήξας
3073 2739 3166 2790 ἐπὶ
3201 2738 3325 2800 τοὺς
3373 2739 3722 2800 Χαναναίους

2134 2833 2487 2901 στρατεῦσαιο
2535 2833 2716 2896 Ἰδοὺ,
2772 2833 2958 2902 φησὶν,
2995 2832 3146 2899 πρὸς
3191 2831 3331 2897 τοὺς
3388 2830 3722 2899 ἡμετέρους

2131 2925 2332 2994 ἄπειμι
2369 2927 2728 2994 προγόνους.
2775 2923 2960 2992 Τήνδε
2993 2940 3096 2993 μοι
3141 2927 3251 2993 γὰρ
3307 2925 3420 2991 τὴν
3487 2925 3722 2992 ἡμέραν

2132 3013 2241 3081 τῆς
2271 3013 2422 3081 πρὸς
2439 3014 2709 3076 ἐκείνους
2743 3016 3006 3082 ἀφίξεως
3042 3014 3261 3078 ὥρισεν
3295 3018 3327 3068 ό
3353 3015 3519 3079 Θεός.
3563 3015 3636 3066 Τὸ
3660 3014 3723 3068 δὲ

447 3095 657 3150 toribus
689 3104 902 3150 tantum
955 3103 1010 3150 et
1032 3095 1301 3157 Pontiﬁce
1321 3095 1587 3149 Eleazaro
1622 3093 2027 3167 etimperatorc

2134 3105 2340 3176 πλῆθος
2364 3105 2619 3174 ἐδάκρυε,
2653 3109 2748 3160 καὶ
2778 3103 2846 3178 ἦν
2877 3110 2906 3160 ὁ
2939 3107 3134 3178 θρῆνος
3165 3108 3345 3162 αὐτῶν
3387 3109 3724 3178 ἀπαράκλη-

439 3187 566 3242 Jesu
609 3187 1030 3252 comitantibus,
1070 3186 1248 3240 donec
1273 3185 1429 3241 venit
1454 3184 1521 3240 ad
1559 3196 1801 3240 montem
1838 3187 2027 3242 Naban

441 3289 494 3333 et
527 3293 790 3333 cacumen
815 3279 1100 3343 Phasente,
1132 3278 1281 3348 quod
1316 3288 1401 3334 est
1453 3279 1508 3333 in
1544 3287 1844 3349 conspectu
1899 3280 2028 3334 llie-

442 3371 740 3438 richuntis,
771 3371 918 3426 unde
955 3371 1007 3425 ei
1044 3371 1314 3426 Dominus
1353 3381 1523 3436 terra,
1557 3372 2032 3441 cujusliwredita—

442 3500 550 3543 tem
588 3489 796 3543 adituri
823 3499 1009 3544 essent
1038 3490 1324 3554 lsraelitac,
1359 3499 1660 3544 monstrata
1693 3489 1831 3543 dixit
1857 3508 1870 3543 :
1895 3487 2031 3554 Ocu-

441 3585 505 3639 lis
525 3584 628 3636 tuis
650 3585 811 3637 istam
833 3585 1060 3648 intuere,
1087 3584 1177 3638 sed
1195 3585 1531 3654 ingressurus
1563 3600 1666 3636 non
1679 3599 1751 3638 es.
1774 3582 2031 3638 Admon-

443 3688 550 3734 lem
583 3679 734 3733 hunc
768 3692 1119 3749 progressus,
1153 3677 1248 3748 qui
1270 3677 1497 3748 quidem
1521 3677 1666 3731 altus
1690 3687 1796 3740 est,
1831 3683 2028 3730 senatu

438 3773 1024 3838 dimisso,Eleazarum
1044 3771 1224 3826 solum
1245 3779 1298 3824 et
1317 3770 1506 3825 .lesum
1536 3784 1728 3824 secum
1754 3768 1986 3822 adducit
2012 3782 2026 3820 :

439 3865 546 3937 45
577 3875 742 3934 atque
777 3880 902 3919 cum
935 3864 1017 3918 eis
1051 3863 1384 3927 collocutus,
1419 3861 1705 3930 densaque
1736 3859 1884 3914 nube
1919 3859 2030 3913 cir-

440 3958 1022 4024 cutndatus,evanuit.
1049 3956 1327 4012 Scribitur
1350 3962 1536 4007 autem
1566 3953 1622 4006 in
1646 3953 1822 4006 sacris
1847 3951 2030 4006 Libris

439 4053 565 4106 ideo
599 4060 876 4115 mortuus,
911 4064 981 4104 ne
1016 4048 1088 4102 ob
1126 4045 1489 4100 excellentem
1526 4043 1817 4103 virtutem,
1853 4043 2030 4096 auda-

438 4145 616 4198 ciores
635 4143 804 4211 aliqui
827 4143 999 4196 Deum
1020 4153 1141 4194 esse
1165 4138 1372 4191 factum
1397 4134 1776 4204 perhiberent.
1803 4133 2028 4188 Summa

439 4235 617 4289 artatis
643 4237 764 4304 ejus
793 4233 949 4287 fuere
994 4231 1124 4284 anni
1157 4238 1380 4285 centum
1411 4238 1469 4282 et
1515 4227 1708 4297 viginti
1743 4242 1757 4279 :
1787 4239 2028 4295 quorum

441 4330 723 4387 trientem,
761 4339 871 4377 uno
915 4335 1106 4376 mense
1151 4319 1337 4373 minus
1367 4319 1422 4372 in
1477 4317 1711 4387 imperio
1748 4317 1871 4371 l'uit.
1925 4316 2029 4370 De-

438 4421 690 4474 functum
740 4419 1002 4472 luxerunt
1032 4415 1152 4469 dies
1187 4414 1432 4484 triginta.
1471 4413 1540 4467 Et
1587 4412 1706 4466 base
1750 4409 2025 4480 Josepltus

2134 3215 2247 3262 τος,
2275 3201 2372 3252 καὶ
2405 3199 2683 3263 τοσοῦτος,
2726 3201 2802 3263 ὠς
2865 3201 2958 3254 καί
2991 3202 3155 3254 αὑτὸν
3189 3202 3436 3270 Μωῦσῆν
3498 3202 3724 3270 ἐκνικη-

2134 3291 2292 3362 θῆναι
2325 3292 2436 3363 (41)
2489 3293 2562 3362 τῷ
2595 3293 2780 3358 πάθει,
2813 3295 2905 3346 καὶ
2957 3297 3314 3363 προενεγκεῖν
3345 3295 3579 3363 δάκρυα.
3614 3296 3721 3346 Πο-

2135 3385 2420 3453 ρευομένῳ
2476 3384 2685 3455 δ’,ὃπου
2713 3384 2942 3454 ἔμελλεν
2975 3385 3186 3456 ἀφανὴς
3222 3386 3470 3449 ἔσεσθαι,
3497 3387 3722 3438 εἵποντο

2134 3477 2337 3538 πάντες
2365 3480 2715 3546 κοπτόμενοι.
2765 3477 2822 3530 Ὀ
2848 3477 2903 3530 δὲ
2936 3479 3062 3542 τοὺς
3091 3480 3190 3547 μὲν
3228 3479 3440 3548 πόρρω,
3475 3480 3542 3548 τῇ
3575 3480 3723 3547 χειρὶ

2134 3568 2468 3633 κατασείων,
2533 3572 2719 3637 μένειν
2769 3570 3012 3632 ἐκέλευε,
3068 3572 3204 3640 μόνη
3277 3570 3322 3622 δ’
3368 3572 3400 3639 ἡ
3456 3570 3723 3640 γερουσία

2134 3662 2497 3732 προέπεμπεν
2549 3662 2732 3727 αὑτὸν,
2769 3663 2865 3714 καὶ
2899 3664 2926 3715 ὁ
2957 3665 3254 3734 ἀρχιερεὺς
3283 3663 3570 3734 Ἐλεάζαρ,
3627 3669 3720 3719 καὶ

2131 3758 2159 3808 ὁ
2192 3758 2499 3824 στρατηγὸς
2529 3753 2761 3825 Ἰησοῦς,
2797 3753 2903 3818 ἓως
2928 3757 3021 3807 ἐπὶ
3045 3758 3102 3807 τὸ
3146 3755 3272 3825 ὅρος
3321 3751 3456 3825 ἦλθε
3505 3757 3720 3824 Ναϐᾶν,

2133 3849 2226 3900 ἐπὶ
2257 3847 2504 3917 κορυφὴν
2543 3847 2759 3900 Φασενᾶ
2808 3847 2947 3918 (42),
2980 3848 3014 3917 ἥ
3070 3849 3187 3900 ἐστι
3239 3850 3383 3902 κατὰ
3423 3851 3722 3918 πρόσωπον

2143 3939 2376 4010 Ἱεριχώο
2432 3939 2556 3991 ὅθεν
2621 3938 2824 4003 ἔδειξεν
2861 3941 3012 4009 αὐτῷ
3064 3941 3270 4011 Κύριος
3322 3940 3422 4011 τὴν
3494 3943 3621 4011 γῆν,
3653 3943 3722 4012 ἣν

2131 4031 2360 4102 ἔμελλον
2393 4034 2807 4103 κληρονομῆσαι
2831 4034 2881 4086 οἱ
2907 4034 3014 4084 υίοὶ
3045 4033 3286 4103 Ἰσραὴλ,
3340 4033 3511 4086 είπὼν
3544 4036 3718 4104 αὐτῷ,

2145 4123 2262 4178 Ἶδὲ
2313 4125 2542 4192 ταύτην
2608 4125 2729 4192 τοῖς
2781 4125 3114 4196 ὀφθαλμοῖς
3169 4143 3313 4192 σου,
3367 4129 3456 4192 είς
3519 4131 3722 4197 αὐτὴν

2133 4217 2186 4268 δ’
2233 4218 2349 4271 οὐκ
2410 4220 2761 4288 είσελεύσῃ.
2833 4220 2961 4273 Ἐπὶ
3008 4220 3064 4272 δὲ
3113 4220 3174 4272 τὸ
3229 4222 3352 4290 ὅρος
3417 4222 3575 4275 τοῦτο
3627 4226 3722 4275 ἐλ-

2135 4307 2266 4377 θὼν,
2319 4310 2524 4380 ὑψηλὸν
2591 4314 2882 4381 τυγχάνον,
2933 4313 3032 4381 τὴν
3097 4313 3196 4381 μὲν
3245 4315 3540 4384 γερουσίαν
3607 4317 3720 4370 ἀπ-

2133 4403 2346 4474 έπεμψε
2379 4421 2393 4433 ·
2436 4405 2528 4458 τὸν
2591 4406 2638 4458 δ’
2687 4405 2954 4475 Ἐλεάζαρ
3013 4407 3112 4460 καὶ
3176 4405 3383 4478 Ἰησοῦν
3453 4410 3716 4480 ἐπήγετο·

440 4514 629 4568 tradit.
676 4511 780 4568 Sed
807 4495 1225 4566 Deulcronomii
1256 4509 1396 4562 liber
1425 4508 1505 4561 sic
1544 4505 1612 4559 ad
1644 4504 1876 4559 verbum
1925 4505 2026 4557 ba-

2136 4499 2230 4550 καὶ
2265 4498 2611 4568 προσομιλῶν
2638 4499 2844 4563 αὐτοῖς,
2869 4501 3067 4567 νέφους
3100 4497 3297 4568 ἀθρόον
3327 4502 3722 4571 περιλαϐόντος

440 4614 532 4662 bet
567 4627 578 4657 ;
619 4610 686 4660 Et
721 4607 846 4659 obiit
879 4605 1072 4666 Moses,
1101 4601 1334 4669 famulus
1368 4600 1600 4663 Domini,
1624 4614 1790 4668 neque
1816 4602 1868 4652 in
1889 4599 2028 4652 hunc

439 4703 577 4755 diem
605 4703 890 4770 quisquam
922 4696 1121 4750 obitum
1147 4695 1260 4764 ejus
1289 4694 1452 4746 novit.
1490 4691 1682 4761 Sopito
1701 4691 1812 4761 jam
1847 4691 2021 4758 luctu,

436 4797 598 4850 Jesus
632 4793 1016 4862 exploratores
1051 4787 1471 4842 Hiericltuntem
1509 4784 1698 4848 mittit,
1727 4793 1783 4837 et
1811 4782 2019 4851 Gadiaz,

437 4886 724 4945 ltubeuiae,
758 4897 822 4935 ac
854 4881 1150 4935 Manassea:
1186 4875 1365 4930 tribus
1391 4874 1672 4944 principes
1693 4875 2017 4935 accersitos,

436 4981 580 5051 pacti
607 4993 731 5031 eum
767 4975 916 5029 Mose
949 4971 1070 5026 initi
1103 4970 1366 5024 admonet
1402 4985 1418 5020 :
1452 4966 1547 5036 qui
1586 4980 1711 5020 cum
1746 4965 2024 5034 quinqua-

435 5076 586 5143 ginta
657 5069 904 5124 millibus
977 5074 1321 5121 armatorutn
1391 5076 1518 5116 eum
1588 5061 1656 5113 ad
1727 5059 2022 5114 Iordanem

437 5177 770 5239 sequuntur.
823 5166 1100 5221 Caeterum
1159 5162 1544 5230 exploratores
1598 5155 2020 5210 llierichuntem

438 5263 614 5324 missi,
641 5261 777 5316 urbe
805 5267 916 5313 tota
942 5257 1297 5328 perl-ustrata,
1321 5250 1528 5322 cogniti
1548 5259 1604 5305 et
1628 5247 1744 5318 regi
1771 5246 2022 5312 indicati,

437 5358 621 5409 statim
651 5350 1047 5423 comprehendi
1077 5348 1358 5418 jubentur.
1386 5345 1464 5400 Ea
1495 5359 1552 5397 re
1581 5343 1780 5397 mulier
1801 5340 2026 5394 nomine

437 5445 622 5508 Raab,
665 5444 732 5497 ad
777 5458 942 5512 quam
984 5440 1376 5510 confugerant,
1423 5435 1737 5497 intellecta,
1772 5431 2026 5486 homines

2137 4589 2325 4656 αὑτὸν,
2359 4590 2578 4656 ἐγένετο
2613 4592 2850 4661 ἀφανής.
2875 4591 2914 4643 Γ
2919 4591 3193 4661 εγράφασι
3237 4591 3282 4644 δ’
3314 4593 3473 4646 αὐτὸν
3512 4597 3571 4645 ἐν
3598 4602 3722 4659 ταῖς

2136 4682 2310 4752 ἱεραῖς
2346 4681 2561 4744 metu;
2599 4682 2899 4748 τεθνεῶτα,
2944 4684 3031 4737 ἵνα
3061 4690 3136 4756 μὴ
3169 4686 3255 4739 διὰ
3286 4686 3583 4756 περιϐολὴν
3618 4690 3722 4756 τῆς

2129 4777 2263 4844 περὶ
2304 4775 2470 4828 αὑτὸν
2511 4775 2716 4845 ἀρετῆς
2751 4775 3066 4845 τολμήσωσί
3087 4795 3232 4840 τινες
3265 4781 3440 4830 είπεῖν
3475 4779 3549 4840 ὡς
3577 4781 3720 4834 ἀπο.

2129 4867 2416 4922 τεθέωται.
2464 4867 2689 4919 Ἐϐίωσε
2723 4867 2782 4920 δὲ
2811 4868 2910 4939 τὴν
2927 4868 3056 4939 ὃλην
3093 4869 3240 4940 ζωὴν
3277 4872 3558 4934 ἐνιαυτοὺς
3590 4873 3724 4928 ἐκα-

2129 4960 2224 5011 τὸν
2257 4959 2452 5021 εἰκοσι,
2487 4951 2562 5011 ὧν
2592 4954 2727 5028 ἦρξε
2755 4960 2817 5011 τὸ
2851 4959 3033 5032 τρίτον
3069 4962 3257 5031 μέρος,
3292 4964 3409 5025 ἐνὸς
3437 4965 3723 5028 λείποντος

2134 5053 2326 5122 μηνὸς,
2359 5051 2456 5106 κα)⁸
2490 5053 2800 5122 ἐπένθησαν
2834 5055 3000 5108 αὑτὸν
3035 5056 3120 5125 ἐφ’
3142 5057 3361 5126 ἡμέρας
3398 5058 3720 5126 τριάκοντα.

2133 5145 2320 5198 Ταῦτα
2355 5146 2455 5215 μέν
2497 5162 2665 5214 φησιν
2706 5147 2735 5197 ὁ
2782 5147 3066 5219 Ἰώσηπος.
3106 5147 3169 5200 Ἦ
3196 5148 3254 5200 δὲ
3292 5149 3386 5202 τοῦ
3452 5152 3724 5221 Δευτερο-

2131 5239 2323 5308 νομίου
2373 5237 2553 5309 βίϐλος
2604 5238 2742 5310 πρὸς
2791 5240 2852 5293 τὸ
2893 5241 3042 5294 τέλει
3091 5239 3238 5294 οὔτω
3298 5243 3542 5312 περιέχει
3579 5245 3724 5314 πρὸς

2131 5334 2198 5403 ρῆ
2210 5351 2285 5402 μα
2310 5351 2324 5363 ο
2357 5334 2467 5387 Kal
2497 5335 2862 5400 ἐτελεύτησε
2888 5333 3174 5404 Μωῢσῆς,
3205 5336 3441 5403 οἰκέτης
3469 5339 3722 5406 Κυρίου,

2135 5429 2235 5480 καὶ
2271 5428 2383 5480 οὐκ
2416 5423 2581 5481 οἶδεν
2619 5428 2821 5495 οὐδεὶς
2851 5428 2970 5497 τὴν
3018 5429 3314 5499 τελευτὴν
3351 5431 3561 5496 αὑτοῦ,
3609 5431 3727 5498 ἕως

1645 5576 1847 5638 Variae
1898 5573 2207 5636 lectiones
2259 5579 2320 5634 et
2358 5580 2550 5634 nota).

511 5744 625 5814 (si)
694 5741 1124 5814 Ἑκνικηθῆνᾳι
1182 5739 1260 5803 τῷ
1289 5737 1521 5814 “stridet.
1603 5730 2019 5804 Ἐκκινηθῆναι.

439 5811 744 5871 WOltianus
774 5818 899 5870 cod.
937 5812 1254 5883 νικηθῆναι,
1277 5811 1524 5865 Culbcrt.

2206 5729 2317 5854 atde)
2356 5729 2620 5785 Φασενᾶ.
2657 5731 2867 5799 Φατγᾶ.
2921 5729 3000 5786 Ita
3036 5729 3294 5786 Wolﬁan.
3356 5739 3414 5786 et
3470 5728 3725 5790 Colltcrt.

2135 5817 2300 5857 εοιια.
