3964 6252
338 263 446 327 105

1625 270 2046 332 ΛΝΝΑῌΗΜ
2082 272 2224 331 LIB.
2272 273 2316 332 Ι.

3503 270 3604 334 l‘Jb

333 379 442 445 τῆς
481 378 706 448 ἡμέρας
736 381 960 448 ταύτης
1026 381 1166 452 Ἤδη
1193 382 1246 434 δὲ
1278 381 1370 435 τοῦ
1411 381 1644 445 πένθους
1674 381 1922 451 λελωφη-

2054 383 2276 437 iccultat
2311 384 2416 438 sub
2449 382 2546 438 lini
2587 382 2887 448 fasciculis,
2921 393 2978 439 et
3017 381 3436 454 inquisitoribus
3471 381 3606 438 dicit

334 476 519 538 κότος,
570 475 783 545 πέμπει
821 478 1204 542 κατασκόπους
1244 480 1326 542 εἰς
1382 475 1712 550 Ἱεριχοῦντα
1743 480 1772 530 6
1815 476 1923 543 Ἰη-

336 565 488 628 σοῦς.
525 565 1063 636 Μετακαλεσάμενος
1101 569 1157 621 δὲ
1187 570 1314 632 τοὺς
1347 568 1659 639 φυλάρχους
1697 567 1796 637 τῆς
1825 565 1920 619 τοῦ

345 658 582 727 Ῥουϐἱμ
627 659 824 728 φυλῆς,
875 660 973 712 καὶ
1021 662 1121 730 τῆς
1153 661 1279 725 Γὰδ,
1334 663 1428 714 καὶ
1477 662 1576 730 τῆς
1629 659 1922 729 Μανασσῆ⁹

337 749 770 822 ὑπεμίμνησκεν
804 754 1002 816 αὐτοὺς
1024 752 1134 807 τῶν
1169 756 1304 824 πρὸς
1333 754 1577 823 Μωῦσῆν
1611 750 1921 820 συνθηκῶν.

337 843 464 896 Τῶν
499 844 560 897 δὲ
602 846 889 916 ἑπομένων
936 846 1198 910 πεντάκις
1252 847 1466 918 μυρίοις
1515 845 1785 908 ὁπλίταις,
1831 843 1926 896 ἐπὶ

335 937 429 990 τὸν
478 939 753 1010 Ἰορδάνην
794 940 1046 1011 προσῄει.
1085 940 1148 993 Οἱ
1178 939 1236 993 δὲ
1275 937 1618 1007 πεμφθέντες
1652 937 1925 990 κατάσκο-

341 1049 455 1094 ποι,
498 1035 580 1096 εἱς
623 1031 834 1104 Ἱεριχὼ
882 1033 1351 1104 παραγενόμενοι,
1397 1031 1494 1103 τὴν
1527 1030 1681 1084 πόλιν
1705 1030 1927 1084 ἅπασαν

341 1125 706 1193 κατενόησαν.
743 1125 1080 1188 Γνωσθέντες
1108 1124 1185 1189 δὲ,
1224 1123 1302 1192 τῷ
1331 1123 1547 1193 βασιλεῖ
1594 1122 1692 1192 τῆς
1741 1121 1928 1191 χώρας

344 1195 670 1283 μηνύονται.
713 1215 770 1270 Ὀ
792 1215 835 1268 δ’
869 1215 1034 1280 εὐθὺς
1065 1216 1263 1279 αὐτοὺς
1307 1215 1680 1286 συλληφθῆναι
1706 1214 1930 1267 ἐκέλευε

343 1330 455 1366 σεν.
502 1312 593 1376 Ὠς
631 1312 688 1365 δὲ
746 1312 890 1380 ἔγνω
923 1311 1024 1380 τὴν
1065 1310 1259 1378 ἔφοδον
1305 1310 1414 1364 τῶν
1445 1309 1753 1379 ζητούντων
1802 1306 1928 1370 τοὺς

339 1405 543 1474 ἄνδρας
574 1407 609 1475 ἡ
652 1407 815 1474 γυνὴ,
851 1406 981 1475 παρ’
1099 1403 1575 1473 προσπεφεύγασι,
1625 1404 1795 1459 Ῥαὰϐ
1830 1422 1930 1457 κα-

340 1500 607 1571 λουμένη,
647 1499 774 1562 τοὺς
806 1499 905 1569 μὲν
933 1498 1272 1568 κατέκρυψε,
1303 1498 1450 1552 λίνου
1488 1500 1675 1562 αὐτοῖς
1701 1500 1929 1566 ἀγκαλί-

341 1594 438 1657 δας
495 1592 824 1664 ἐπιθεμένη.
882 1594 1007 1656 Τοῖς
1067 1593 1126 1645 δὲ
1185 1591 1442 1663 ζητοῦσιν
1496 1592 1706 1660 ἔλεγεν,
1749 1594 1823 1656 ὡς
1876 1594 1926 1647 οἱ

344 1683 594 1752 ἀγνῶτες
621 1683 816 1755 ἄνδρες
841 1685 1064 1748 ἐκεῖνοι,
1101 1685 1236 1754 πρὶν
1279 1683 1436 1737 δῦναι
1472 1685 1563 1737 τὸν
1589 1684 1764 1754 ἥλιον,
1797 1686 1926 1754 παρ’

2032 477 2180 532 viros
2232 477 2356 532 illos
2407 478 2644 549 ignotos,
2695 489 2825 535 ante
2863 479 3000 534 solis
3045 494 3324 542 occasum,
3356 478 3499 548 apud
3548 494 3607 534 se

2029 578 2277 624 comatos
2308 570 2654 626 discessisse.
2695 571 2778 626 illi
2809 572 2890 627 sic
2918 589 2948 627 a
2993 572 3224 628 muliere
3268 572 3430 636 elusi,
3469 573 3610 626 alius

2031 661 2138 716 alio
2165 661 2510 729 dilabuntur,
2534 667 2876 734 persecuturi
2898 680 3014 720 eos.
3040 665 3180 720 Tum
3211 665 3358 720 Raab
3383 665 3606 719 domum

2032 769 2092 808 se
2145 756 2392 824 recipere
2417 757 2576 827 jubet
2601 758 2770 821 viros,
2802 757 3057 813 beneficii
3105 758 3191 814 sui
3223 773 3516 821 memores,
3547 773 3610 814 ac

2037 855 2181 900 terra
2231 847 2540 904 Cbananwa
2596 853 2838 921 potitos,
2871 851 3078 907 referre
3131 853 3384 923 gratiam.
3416 852 3499 907 Illi
3555 861 3614 906 et

2035 939 2240 1010 gratias
2271 953 2462 1012 agunt,
2496 959 2728 1014 eamque
2759 945 2850 999 ubi
2886 945 3018 1000 urbs
3043 958 3200 1016 capta
3231 954 3397 1011 esset,
3426 955 3488 1001 ut
3521 961 3614 1000 res

2035 1049 2165 1089 suas
2190 1043 2246 1088 et
2292 1037 2634 1092 necessarios
2662 1039 2718 1092 in
2743 1038 3048 1093 diversorio
3079 1038 3458 1103 concluderet,
3485 1053 3614 1093 sus-

2036 1143 2209 1197 penso
2254 1144 2356 1199 pro
2398 1129 2609 1184 foribus
2652 1145 2911 1200 purpura:
2955 1147 3157 1200 panno,
3207 1141 3452 1195 monent,
3504 1147 3615 1200 quo

2037 1229 2366 1274 nosceretur
2418 1221 2655 1285 domus,
2708 1230 2762 1275 et
2810 1231 3256 1277 conservaretur.
3309 1223 3497 1293 Itaque
3545 1223 3615 1276 ad

2035 1325 2166 1366 suos
2190 1311 2496 1366 incolumes
2520 1312 2746 1375 reversi,
2769 1311 2902 1382 quid
2928 1312 3247 1382 gessissent,
3271 1313 3616 1367 renuntiant.

2037 1404 2174 1460 Cum
2229 1414 2414 1460 autem
2467 1405 2725 1460 Jordanis
2773 1405 3150 1466 intumuisset,
3185 1405 3266 1460 sic
3299 1406 3460 1461 Jesus
3509 1404 3619 1461 He-

2039 1497 2218 1552 braaos
2246 1513 2346 1567 per
2384 1513 2512 1552 eum
2543 1497 2809 1552 traduxit.
2848 1497 3244 1553 Praecedebant
3275 1500 3616 1556 sacerdotes.

2039 1607 2221 1646 aream
2290 1592 2550 1647 ferentes.
2605 1591 2818 1648 Deinde
2891 1591 3135 1655 Levitze,
3199 1591 3619 1647 tabernaculum

2039 1693 2338 1752 gestantes.
2372 1683 2485 1739 Hos
2528 1683 2769 1754 populus
2799 1683 3156 1753 sequebatur.
3187 1683 3259 1740 Ut
3303 1693 3489 1738 autem
3532 1696 3622 1736 sa-

341 1778 478 1846 αὑτῇ
508 1775 931 1845 δειπνήσαντες,
981 1776 1401 1846 ἀπηλλάγησαν.
1445 1777 1511 1829 Οἱ
1547 1776 1592 1827 δ’
1630 1777 1803 1840 οὕτως
1830 1780 1934 1830 αύ-

2054 1778 2359 1832 rerdotibus
2379 1776 2569 1846 primis
2599 1776 2882 1847 ingressis,
2909 1778 3148 1846 impetus
3172 1777 3414 1831 fluminis
3433 1775 3618 1831 statim

340 1871 467 1928 τοὺς
495 1866 842 1938 ὑπελθούσης
871 1867 970 1936 τῆς
994 1867 1277 1936 γυναικὸς,
1302 1865 1573 1938 ὥρμησαν
1596 1867 1757 1932 ἄλλος
1783 1869 1938 1921 ἀλλα-

337 1958 464 2029 χοῦ,
495 1960 624 2021 τοὺς
677 1958 880 2030 ἄνδρας
940 1959 1252 2021 διώκοντες.
1320 1957 1384 2011 Ἡ
1429 1960 1486 2012 δὲ
1540 1959 1709 2012 Ῥαὰὸ
1738 1962 1942 2030 χωρεῖν

342 2054 636 2104 ἐκέλευσεν
660 2051 756 2104 ἐπὶ
776 2053 842 2104 τὰ
873 2052 1052 2104 οἰκεῖα
1084 2052 1212 2114 τοὺς
1242 2051 1468 2120 ἄνδρας,
1500 2054 1596 2106 καί
1625 2053 1942 2123 μεμνῆσθαι

339 2145 535 2214 αὐτῆς,
575 2147 673 2198 καὶ
703 2143 940 2214 ἀμοιϐὴν
975 2144 1216 2209 ἐκτίσαι,
1255 2144 1354 2212 τῆς
1386 2146 1715 2200 Χαναναίων
1753 2145 1941 2218 χώρας

342 2239 856 2309 ἐπικρατήσαντας.
888 2239 950 2291 Οἱ
993 2237 1051 2290 δὲ
1091 2239 1186 2291 καὶ
1228 2239 1391 2309 χάριν
1427 2239 1576 2308 ἔχειν
1603 2238 1944 2308 ὡμολόγουν,

2038 1871 2483 1940 interrumpitur,
2514 1884 2707 1924 omnes
2734 1869 2998 1923 audacter
3033 1870 3318 1939 trajecere,
3345 1868 3623 1924 stantibus

2038 1963 2094 2017 in
2125 1960 2308 2015 medio
2341 1958 2745 2023 sacerdotibus,
2773 1958 2952 2013 donec
2984 1961 3222 2028 populus
3264 1959 3550 2014 transisset
3599 1977 3615 2012 :

2039 2071 2103 2109 ac
2134 2064 2250 2109 tum
2277 2055 2502 2109 demum
2548 2052 2652 2122 ipsi
2701 2051 2868 2106 etiam
2898 2060 3029 2105 sunt
3055 2051 3285 2121 egressi,
3316 2067 3485 2107 cursu
3513 2053 3588 2106 flu
3608 2084 3622 2094 -

2039 2147 2205 2202 minis
2261 2149 2314 2202 in
2365 2147 2641 2215 integrum
2702 2144 2982 2199 restituto.
3035 2143 3276 2199 Iordane
3333 2153 3620 2215 superato,

2037 2251 2220 2297 castra
2245 2239 2439 2295 decem
2471 2237 2664 2293 stadiis
2698 2237 2769 2292 ab
2809 2237 3170 2292 Hierichunte
3198 2237 3404 2292 locant.

343 2337 436 2388 καὶ
463 2335 634 2405 ἡνίκα
658 2334 727 2388 ἂν
771 2337 806 2406 ἡ
847 2335 1003 2398 πόλις
1027 2333 1341 2406 ἁλίσκηται,
1371 2333 1471 2406 τὴν
1502 2335 1697 2400 κτῆσίν
1731 2353 1792 2389 τε
1834 2339 1930 2392 καὶ
1969 2338 2099 2402 τοὺς
2164 2337 2402 2397 οἰκείους
2441 2335 2524 2395 εἱς
2595 2334 2657 2386 τὸ
2698 2331 3046 2400 καταγώγιον
3080 2331 3455 2404 ἐγκαθεῖρξαι,
3481 2333 3622 2404 αὐτῇ

342 2428 707 2495 ἐνετέλλοντο,
739 2431 1102 2499 ἀπαιωρῆσαι
1139 2424 1196 2478 δὲ
1232 2429 1328 2483 καὶ
1368 2427 1642 2498 φοινικίδα
1681 2427 1787 2499 πρὸ
1849 2431 1957 2485 τῶν
1997 2429 2201 2502 θυρῶν,
2237 2427 2305 2482 ἵν’
2354 2427 2442 2498 εἴη
2485 2428 2764 2497 γνώριμος
2810 2428 2844 2496 ἡ
2880 2426 3051 2491 οἱκία,
3090 2426 3188 2480 καὶ
3253 2426 3621 2497 διαφυλαχθῇ.

343 2525 455 2576 Καὶ
502 2525 553 2575 οἱ
601 2524 703 2594 μὲν
755 2524 893 2594 πρὸς
945 2525 1072 2598 τοὺς
1115 2523 1354 2587 οἰκείους
1406 2521 1713 2591 ἐσώθησαν,
1751 2525 1846 2578 καὶ
1899 2525 1935 2579 ἃ
1976 2523 2223 2595 ἔπραξαν
2263 2523 2508 2594 ἐδήλουν.
2575 2522 2682 2575 Τοῦ
2757 2521 3024 2594 Ἰορδάνου
3049 2523 3106 2576 δὲ
3147 2522 3348 2576 πολλοῦ
3385 2521 3626 2594 ῥέοντος.

342 2616 489 2668 οὕτω
517 2617 646 2678 τοὺς
682 2616 970 2685 Ἐὕραίους
995 2619 1024 2670 6
1062 2662 1064 2664 τ
1096 2617 1306 2687 Ἰησοῦς
1343 2617 1430 2669 ἔπ’
1468 2617 1636 2670 αὑτοῦ
1701 2617 2002 2673 διεϐίϐασε.
2047 2617 2336 2690 Προῄεσαν
2388 2618 2488 2688 μὲν
2545 2618 2594 2669 οἱ
2649 2618 2838 2686 ἱερεῖς,
2866 2617 2984 2696 ,τὴν
3023 2617 3271 2670 Κιὸωτδν
3328 2613 3582 2685 αἴροντες
3609 2654 3626 2680 ,

343 2703 469 2762 εἶτα
495 2709 545 2761 οἱ
574 2706 826 2773 Λευῖται,
851 2709 1170 2779 κομίζοντες
1193 2709 1295 2779 τὴν
1330 2711 1563 2779 σκηνήν.
1597 2708 1831 2763 Εῖποντο
1866 2709 1925 2763 δὲ
1965 2709 2178 2773 τούτοις
2235 2710 2266 2762 6
2296 2708 2446 2773 λαός.
2523 2708 2610 2772 Ὧς
2633 2707 2690 2761 δὲ
2715 2711 2829 2776 τοῖς
2863 2708 3071 2778 ἱερεῦσι
3100 2707 3340 2777 πρώτοις
3365 2709 3624 2778 ἐμϐᾶσιν,

341 2803 593 2873 ἀνεκόπη
630 2803 692 2856 τὸ
746 2803 928 2875 ῥεῦμα
969 2803 1067 2858 τοῦ
1101 2803 1375 2873 ποταμοῦ,
1403 2804 1606 2866 πάντες
1631 2803 1980 2876 θαρρούντως
2017 2804 2397 2875 ἐπεραιοῦντο.
2433 2805 2712 2874 Ἔστησαν
2741 2802 2786 2855 δἲ
2813 2804 2871 2855 ὲν
2941 2801 3090 2872 μέσῳ
3119 2803 3169 2854 οἱ
3213 2801 3400 2872 ἱερεῖς,
3437 2802 3543 2865 ἕως
3567 2797 3630 2856 οὗ

343 2897 569 2969 διαϐαίη
600 2896 662 2949 τὸ
686 2897 910 2967 πλῆθος,
939 2893 1060 2951 εἶτα
1087 2897 1333 2950 κάκεῖνοι
1365 2897 1618 2970 ἐξῄεσαν,
1689 2897 1976 2968 ἐλεύθερον
2015 2899 2249 2968 ἀφέντες
2299 2897 2362 2950 τὸ
2430 2897 2613 2968 ῥεῦμα
2666 2897 2885 2968 χωρεῖν,
2929 2896 3024 2949 καὶ
3073 2895 3182 2966 πρὸ
3225 2895 3357 2948 δέκα
3399 2895 3630 2948 σταδίων

346 2995 447 3060 τῇς
488 2990 842 3061 Ἱεριχοῦντος
873 2988 1418 3059 στρατοπεδεύονται.

2121 3084 2241 3139 XX.
2275 3085 2438 3140 Jesus
2468 3083 2520 3136 iu
2551 3098 2646 3136 ara
2677 3096 2742 3136 ex
2769 3079 3068 3149 lapidibus.
3100 3096 3242 3150 quos
3276 3081 3450 3150 ipsius
3472 3082 3630 3152 jussu

478 3088 510 3145 '.
540 3088 734 3151 Βωμὸν
765 3087 809 3141 δ’
832 3089 897 3140 ἐκ
923 3087 1034 3141 τῶν
1061 3087 1226 3140 λίθων
1250 3089 1278 3140 6
1319 3085 1530 3151 Ἰησοῦς
1561 3087 1945 3151 ἱδρυσάμενος,

423 3088 510 3145 κ’.
540 3088 734 3157 Βωμὸν
765 3087 809 3141 δ’
832 3089 897 3140 ἐκ
923 3087 1034 3141 τῶν
1061 3087 1226 3140 λίθων
1250 3089 1278 3140 6
1319 3087 1530 3158 Ἰησοῦς
1561 3087 1945 3157 ἱδρυσάμενος,

423 3203 442 3245 ;
485 3183 720 3244 ἕκαστος
755 3180 865 3233 τῶν
893 3179 1194 3245 φυλάρχων
1239 3180 1364 3232 κατ’
1409 3181 1632 3245 ἐντολὴν
1674 3177 1843 3233 αὐτοῦ
1878 3181 1943 3233 ἐκ

2121 3087 2241 3139 xx.
2275 3087 2438 3140 Jesus
2468 3087 2520 3136 iu
2551 3098 2646 3136 ara
2677 3096 2742 3136 ex
2769 3087 3068 3149 lapidibus.
3100 3096 3242 3150 quos
3276 3087 3450 3150 ipsius
3472 3087 3630 3152 jussu

2054 3175 2286 3245 quilibet
2341 3174 2598 3228 tribunus
2654 3188 2722 3226 ex
2777 3172 2936 3226 alveo
2994 3172 3253 3228 Jordanis
3307 3177 3630 3238 sustulerat.

345 3186 442 3248 οὓς
485 3183 720 3244 ἕκαστος
755 3180 865 3233 τῶν
893 3179 1194 3250 φυλάρχων
1239 3180 1364 3232 κατ’
1409 3181 1632 3249 ἐντολὴν
1674 3177 1843 3233 αὐτοῦ
1878 3181 1943 3233 ἐκ

347 3275 450 3329 τοῦ
480 3273 645 3345 βυθοῦ
681 3273 777 3327 τοῦ
815 3273 1086 3344 Ἰορδάνου
1127 3273 1393 3338 ἀνείλετο,
1443 3273 1600 3327 ἔθυεν
1637 3274 1726 3326 ἐπ’
1752 3275 1942 3339 αὐτοῦ,

349 3370 448 3422 καὶ
482 3369 585 3440 τὴν
613 3367 808 3438 ἑορτὴν
847 3366 942 3420 τοῦ
983 3367 1176 3436 Πάσχα
1206 3367 1470 3437 ἑώρταζε.
1505 3365 1641 3420 Τότε
1674 3366 1720 3419 δ’
1750 3367 1946 3430 αὐτοὺς

352 3463 450 3514 καὶ
486 3461 551 3514 τὸ
579 3461 776 3514 Μάννα
825 3459 1185 3524 ἐπιλελοίπει,
1230 3461 1612 3530 χρησαμένους
1657 3460 1808 3531 αὑτῷ
1853 3461 1946 3513 ἐπὶ

349 3552 771 3622 τεσσαράκοντα
800 3550 919 3619 έτη.
954 3551 1094 3619 Ἤδη
1119 3551 1228 3620 γὰρ
1250 3549 1520 3620 εὐπόρουν
1547 3553 1609 3604 ὲκ
1637 3551 1739 3618 τῆς
1761 3549 1947 3622 χώρας

353 3646 603 3711 πάντων,
636 3641 823 3714 ὦνπερ
857 3644 1092 3696 ἐδέοντο.
1151 3644 1229 3714 Τῇ
1285 3643 1344 3696 δὲ
1393 3641 1587 3715 πρώτῃ
1628 3644 1726 3714 τῆς
1753 3643 1948 3713 ἑορτῆς

351 3739 543 3810 ἡμέρᾳ
598 3740 664 3808 τῇ
725 3737 1016 3808 πολιορκίᾳ
1063 3737 1162 3807 τῆς
1235 3735 1594 3806 Ἱεριχοῦντος
1643 3739 1670 3789 ὀ
1740 3736 1948 3806 Ἰησοῦς

356 3830 746 3900 ἐπεχείρησεν,
777 3827 924 3880 οὓτω
957 3826 1166 3897 ταύτην
1194 3827 1588 3897 διατιθέμενος.
1625 3827 1736 3897 Τὴν
1767 3827 1952 3880 Κιϐω-

356 3923 449 3976 τὸν
478 3923 530 3974 οἱ
559 3924 728 3992 ἱερεῖς
779 3921 1061 3990 φέροντες,
1098 3919 1431 3990 περιώδευον
1477 3920 1536 3970 τὸ
1586 3921 1786 3988 τεῖχος,
1812 3919 1951 3970 ἑπτὰ

361 4016 728 4080 σαλπίζοντες
787 4015 1005 4085 κέρασι.
1066 4013 1179 4066 Καὶ
1220 4015 1254 4082 ἡ
1305 4013 1571 4084 γερουσία
1619 4010 1947 4081 παρείπετο,

359 4107 464 4162 εἷθ’
509 4109 846 4162 ὑπενόστουν
876 4108 956 4168 εἰς
992 4107 1053 4158 τὸ
1086 4107 1476 4176 στρατόπεδον.
1511 4106 1622 4158 Καὶ
1663 4102 1824 4157 τοῦτο
1858 4105 1957 4156 ἐπὶ

360 4202 421 4268 ἐξ
462 4202 687 4254 ἐποίουν
712 4200 948 4269 ἡμέρας.
983 4200 1026 4250 Τ
1028 4201 1061 4270 ᾗ
1095 4200 1150 4252 δὲ
1186 4199 1393 4270 ἑϐδόμῃ
1418 4199 1486 4252 τὰ
1517 4198 1661 4250 αὐτὰ
1693 4197 1954 4266 ποιησάν-

360 4312 496 4358 των,
522 4296 618 4346 καὶ
643 4292 1042 4364 περιελθόντων
1082 4292 1336 4358 ἑπτάκις,
1364 4293 1424 4343 τὸ
1450 4294 1626 4361 τεῖχος
1656 4291 1952 4354 κατέπεσε,

365 4389 461 4439 καὶ
488 4390 516 4440 6
545 4386 676 4447 λαὸς
713 4383 993 4448 εἰσελθὼν,
1017 4384 1228 4446 πάντας
1248 4384 1522 4448 ἔκτειναν,
1553 4383 1647 4435 καὶ
1680 4382 1779 4452 τὴν
1801 4381 1956 4433 πόλιν

366 4478 710 4548 ἐνέπρησαν.
741 4478 852 4546 Τὴν
903 4477 960 4530 δὲ
1005 4476 1176 4530 Ῥαὰϐ
1232 4479 1402 4546 μόνην
1449 4477 1546 4528 σὺν
1590 4477 1706 4536 τοῖς
1734 4473 1957 4535 οἰκείοις
1991 4505 2034 4560 D

367 4575 591 4624 ἔσωσαν
645 4573 694 4623 οἱ
740 4571 1101 4634 κατάσκοποι,
1159 4569 1429 4637 φοινικίδα
1498 4568 1605 4638 πρὸ
1645 4568 1742 4636 τῆς
1777 4566 1957 4628 οἰκίας

366 4663 830 4732 ἁπαιωρήσασαν.
858 4662 968 4715 Καὶ
996 4659 1204 4730 Ἰησοῦς
1227 4661 1430 4730 ἀγροὺς
1455 4661 1595 4729 αὐτῇ
1620 4658 1955 4727 ἐδωρήσατο,

370 4757 467 4808 καὶ
491 4749 597 4824 ἦγε
630 4755 721 4807 διὰ
737 4755 926 4823 τιμῆς.
961 4753 1121 4806 Κατὰ
1148 4753 1208 4806 δὲ
1235 4753 1347 4806 τῶν
1381 4753 1625 4821 ἐγείρειν
1648 4747 1805 4813 αὖθις
1832 4749 1960 4820 βουο

368 4849 772 4920 ληθησομένων
801 4849 900 4918 τὴν
927 4847 1085 4900 πόλιν
1110 4846 1250 4916 ἀρὰς
1278 4847 1454 4908 ἔθετο,
1494 4845 1824 4915 στερηθῆναι
1860 4845 1962 4913 μὲν

368 4943 465 4994 τοῦ
499 4939 725 5010 πρώτου
757 4941 965 5005 παιδὸς,
1015 4941 1108 4992 τὸν
1163 4937 1450 5007 θεμελίους
1491 4937 1843 5007 βαλλόμενον,
1873 4937 1965 4990 τὸν

371 5033 748 5088 τελειώσαντα
776 5034 835 5086 δὲ
866 5033 1216 5103 ζημιωθῆναι
1259 5033 1354 5085 τὸν
1402 5032 1695 5084 νεώτατον.
1738 5031 1879 5084 Πολὺ
1909 5030 1967 5083 δὲ

376 5128 592 5195 πλῆθος
619 5128 686 5179 ἑκ
732 5126 832 5192 τῆς
880 5125 1088 5188 πόλεως
1137 5125 1454 5196 ἀθροίζεται
1500 5123 1747 5194 ἀργύρου
1783 5141 1842 5177 τε
1872 5126 1968 5177 καὶ

373 5217 611 5288 χρυσοῦ,
651 5218 747 5270 καὶ
774 5218 923 5270 ᾶπαν
950 5216 1180 5286 ἀνετέθη
1207 5216 1288 5286 τῷ
1319 5215 1458 5285 Θεῷ,
1489 5215 1564 5277 ώς
1601 5215 1712 5267 τῶν
1754 5232 1970 5284 κατωρο

375 5310 643 5377 θωμένων
673 5310 932 5377 ἐσόμενον
979 5309 1259 5377 ἀπαρχήν.
1325 5307 1616 5375 Ἀπείρητο
1642 5307 1749 5376 γάρ
1802 5309 1970 5360 πᾶσιν

375 5403 442 5454 ἐκ
468 5401 665 5454 τούτου
713 5417 766 5453 τι
807 5401 1258 5469 σφετερίσασθαι.
1300 5401 1494 5470 Ἀχωρ
1529 5401 1585 5451 δέ
1631 5417 1712 5462 τις
1761 5401 1826 5452 ὲκ
1872 5401 1970 5471 τῆς

395 5494 570 5548 Ἰούδα
599 5493 794 5563 φυλῆς,
848 5495 1133 5562 ὑφάσματι
1183 5495 1484 5565 χρυσοῦςρεῖ
1519 5491 1849 5564 περιτυχὼν,
1877 5495 1972 5546 καὶ

384 5590 537 5661 μάζῃ
573 5587 781 5659 χρυσοῦ
833 5587 1067 5658 ἑλκούσῃ
1103 5587 1319 5648 σίκλους
1355 5587 1683 5650 διακοσίους,
1723 5586 1973 5639 ἰδιώσατο

383 5686 582 5748 ταὺτα,
619 5681 928 5748 κατορύξας
961 5683 1019 5732 ὲν
1050 5685 1115 5750 τῇ
1172 5683 1366 5749 σκηνῇ.
1415 5680 1570 5732 Μετὰ
1603 5679 1777 5732 ταῦτα
1812 5679 1974 5733 πολὲ-

392 5793 496 5847 μου
521 5777 822 5836 συστάντος
849 5774 1143 5845 τρέπονται
1171 5775 1219 5826 οἱ
1255 5771 1520 5842 Ἑϐραῖοι,
1555 5774 1650 5826 καὶ
1678 5773 1972 5827 πίπτουσιν

768 5875 1042 5934 Ρλτιιοι..
1091 5875 1205 5930 tiu.
1257 5872 1362 5930 CX
1378 5872 1420 5929 Χ
1438 5871 1597 5932 XIV.

2049 3268 2315 3331 immolat,
2348 3276 2404 3321 et
2441 3266 2642 3321 festum
2687 3266 2972 3322 Paschatis
3016 3267 3280 3322 celebrat.
3315 3269 3632 3339 Eodemque

2051 3370 2297 3429 tempore
2325 3372 2524 3413 manna
2553 3373 2649 3413 eos
2678 3359 2897 3421 defecit,
2928 3373 3038 3428 quo
3068 3374 3165 3428 per
3195 3375 3369 3414 annos
3398 3362 3634 3432 quadra-

2050 3453 2196 3524 ginta
2227 3452 2448 3506 fuerant
2495 3451 2604 3508 usi.
2651 3451 2768 3507 Jam
2815 3451 2962 3506 enim
2996 3466 3063 3506 ex
3113 3452 3259 3523 agris
3310 3455 3493 3509 omnia
3525 3455 3636 3527 46

2051 3545 2256 3615 quibus
2293 3559 2433 3614 Opus
2462 3554 2602 3610 erat,
2633 3545 3022 3614 suppetebant.
3056 3543 3416 3600 Obsidionem
3456 3547 3636 3603 Hieri-

2051 3637 2274 3691 chuntis
2304 3637 2465 3691 Jesus
2497 3636 2678 3705 primo
2710 3636 2800 3689 die
2829 3635 3146 3690 festivitatis
3178 3648 3263 3690 est
3295 3639 3634 3707 auspicatus,

2058 3745 2114 3784 re
2141 3729 2220 3783 sic
2247 3729 2533 3782 instructa.
2563 3726 2891 3783 Sacerdotes
2921 3743 3104 3781 arcam
3127 3738 3406 3797 gestantes
3435 3733 3636 3786 mmnia

2053 3821 2443 3885 circumibant,
2469 3832 2678 3890 septem
2709 3835 2916 3874 cornua
2945 3821 3217 3886 inﬂantes,
3245 3831 3470 3878 senatus
3493 3839 3636 3894 pone

2055 3917 2415 3986 sequebatur,
2443 3925 2568 3985 post
2601 3916 2654 3968 in
2681 3925 2857 3970 castra
2893 3916 3166 3972 redibant.
3201 3918 3370 3988 quue
3399 3936 3493 3974 sex
3521 3919 3640 3975 die-

2057 4013 2161 4067 bus
2191 4029 2314 4066 cum
2353 4011 2638 4075 fecissent,
2666 4027 2731 4066 ac
2764 4010 2854 4066 die
2902 4013 3137 4081 septimo
3185 4013 3556 4082 repetiissent,
3583 4024 3641 4070 et

2057 4106 2262 4175 septies
2303 4103 2714 4165 circumissent,
2748 4119 2940 4159 murus
2993 4103 3258 4170 concidit,
3290 4106 3527 4175 populus
3555 4106 3639 4160 in-

2057 4213 2301 4267 gressus,
2329 4212 2523 4250 omnes
2557 4196 2783 4261 occidit,
2824 4207 2881 4250 et
2915 4196 3106 4250 urbem
3152 4197 3418 4252 incendit.
3455 4197 3639 4252 Solam

2063 4293 2305 4346 Raabem
2337 4307 2464 4346 cum
2499 4292 2634 4358 suis,
2660 4292 2818 4361 signo
2839 4290 2931 4346 illo
2957 4306 3054 4359 pro
3081 4291 3295 4346 foribus
3321 4302 3640 4361 conspecto,

2061 4386 2440 4455 exploratores
2463 4395 2862 4440 conservaruut
2889 4402 2903 4438 :
2937 4385 3095 4440 Jesus
3125 4387 3290 4440 etiam
3318 4402 3450 4457 agro
3473 4387 3643 4442 dona-

2063 4480 2164 4547 vit,
2194 4490 2249 4535 et
2281 4480 2588 4535 honorifice
2629 4480 2904 4536 tractavit.
2933 4479 2988 4535 Si
3023 4480 3114 4550 qui
3151 4496 3282 4536 vero
3322 4483 3517 4537 urbem
3559 4483 3643 4538 in-

2064 4575 2364 4629 stauraturi
2451 4583 2678 4638 essent,
2753 4589 2851 4628 eos
2935 4575 3073 4629 diris
3154 4575 3468 4645 bujusmodi
3559 4587 3645 4632 est

2065 4667 2388 4732 detestatus,
2408 4676 2468 4721 ut
2487 4668 2577 4736 qui
2604 4668 2955 4722 fundamenta
2970 4667 3196 4733 iaceret,
3217 4668 3643 4739 primogenitum

2066 4758 2392 4812 amitteret:
2439 4759 2530 4826 qui
2579 4759 2892 4826 perficeret.
2929 4769 3060 4812 natu
3111 4760 3398 4814 minimum
3450 4760 3645 4816 filium.

2068 4851 2256 4922 Magna
2310 4852 2432 4904 auri
2474 4859 2531 4905 et
2577 4852 2791 4920 argenti
2820 4851 2994 4920 Jcopia
3041 4866 3110 4905 ex
3160 4853 3443 4908 manubiis
3491 4854 3646 4908 urbis

2069 4953 2275 5007 coacta,
2306 4943 2416 4998 Deo
2440 4943 2692 4997 universa
2715 4954 3090 5007 consecratur,
3116 4943 3372 5013 primitiae
3399 4945 3477 4999 rei
3504 4946 3645 5000 bene

2073 5044 2236 5105 gestte
2266 5052 2278 5088 :
2306 5050 2370 5089 ac
2400 5035 2661 5088 omnibus
2699 5034 3072 5092 interdicitur.
3109 5051 3179 5090 ne
3207 5036 3337 5106 quid
3371 5037 3498 5090 inde
3536 5038 3644 5092 sibi

2073 5137 2360 5197 usurpent.
2386 5127 2493 5183 Sed
2517 5127 2699 5181 Achor
2720 5127 2939 5196 quidam
2961 5128 3198 5182 Iudaicae
3218 5128 3417 5192 tribus,
3437 5135 3645 5182 textum
3722 5186 3725 5188 _

2072 5221 2346 5290 quoddam
2397 5235 2465 5275 ex
2511 5236 2668 5283 auro,
2717 5229 2772 5275 et
2819 5221 2938 5274 auri
2995 5235 3250 5282 massam,
3298 5235 3420 5288 qua:
3483 5220 3647 5276 siclos

2073 5315 2342 5368 ducentos
2374 5313 2671 5384 pendebat,
2704 5326 2916 5375 nactus,
2949 5315 3167 5373 retinet,
3201 5328 3263 5366 ac
3308 5314 3360 5365 in
3393 5313 3648 5369 taberna—-

2076 5407 2200 5459 culo
2231 5421 2332 5460 suo
2357 5406 2581 5460 defodit.
2623 5407 2751 5461 Post
2784 5419 2906 5460 orto
2943 5405 3103 5467 bello,
3135 5404 3188 5458 in
3220 5404 3399 5476 fugam
3425 5418 3644 5464 vertun-

2081 5507 2170 5549 tur
2223 5497 2459 5563 Hebraai,
2513 5499 2736 5569 triginta
2770 5515 2862 5552 sex
2900 5513 2965 5550 ex
3011 5497 3092 5549 eis
3143 5496 3470 5554 interfectis.
3517 5501 3649 5555 Eam

2079 5589 2290 5643 cladem
2345 5591 2582 5660 populus
2627 5589 2911 5658 tegerrime
2969 5589 3112 5642 tulit.
3166 5590 3326 5646 Jesus
3360 5592 3413 5646 in
3458 5594 3649 5646 faciem

2078 5681 2370 5751 prolapsus
2417 5683 2748 5753 deprecatur
2779 5682 2950 5736 Deum
2989 5699 3000 5735 :
3039 5691 3094 5737 et
3142 5685 3368 5739 oraculo
3399 5686 3650 5754 edoctus,

2080 5772 2427 5844 sacrilegium
2460 5789 2577 5828 esse
2604 5773 2828 5839 factum,
2858 5773 3127 5846 judicium
3156 5792 3236 5831 sm
3251 5778 3286 5830 ti
3314 5777 3600 5832 committit
3629 5813 3640 5830 .

3318 5875 3354 5931 4
