3964 6252
456 289 553 355 107

1758 288 2088 350 JOANNIS
2128 286 2446 366 zoNAnAt

3613 280 3710 344 108

448 430 570 483 qua:
591 428 714 467 cum
740 413 792 466 in
819 410 1088 466 Achorem
1114 410 1416 472 incidisset,
1450 410 1649 463 fatetur
1677 409 1766 463 ille
1791 408 2024 474 facinus,

2137 404 2312 458 αὐτῶν
2348 404 2539 474 ἄνδρες
2580 403 2638 468 ἒξ
2675 405 2767 457 καὶ
2818 402 3134 474 τριάκοντα.
3189 401 3363 456 Τοῦτο
3412 403 3617 474 σφόδρα
3656 407 3715 459 τὸ

454 520 543 559 res
597 505 887 570 subreptas
935 501 1163 572 profert,
1199 501 1314 570 ipse
1364 515 1487 554 cum
1537 498 1655 555 suis
1704 498 2029 569 lapidatus:

453 597 610 651 Jesus
658 594 811 648 Naim
845 594 1136 648 obsidione
1173 593 1341 662 capit.
1378 592 1653 647 Caeterum
1689 590 2030 655 Gabaonitae,

445 703 754 756 eorumque
787 686 1026 748 finitimi,
1059 702 1184 740 cum
1211 686 1277 739 ad
1300 685 1637 741 Chananmos
1667 683 2029 753 pertinerent,

449 781 613 834 veriti
642 796 711 835 ne
746 779 934 835 itidem
961 788 1021 835 ut
1042 778 1413 852 llierichuntii
1440 786 1498 831 ct
1526 777 1695 831 Naitae
1725 786 2031 830 tractaren-

453 884 563 937 tur,
602 874 810 943 lcgatos
841 873 909 927 ad
942 872 1130 927 Jesum
1166 871 1416 932 mittunt,
1459 884 1518 924 se
1552 868 1872 937 longissime
1902 867 2033 921 inde

454 966 703 1022 habitare
757 965 1026 1029 dicentes,
1062 977 1243 1033 neque
1302 976 1500 1031 genere
1550 976 1674 1014 rum
1710 958 2034 1014 Chananwis

365 1074 371 1085 ·
451 1059 796 1128 conjunctos,
828 1055 1011 1111 ftedus
1050 1053 1192 1107 inire
1231 1067 1356 1107 eum
1397 1051 1685 1115 lsraelitis,
1714 1058 1768 1104 et
1804 1050 2035 1119 jungcre

452 1149 747 1205 amicitiam
793 1162 1016 1217 cupere.
1082 1145 1263 1200 Jesus.
1329 1143 1619 1213 postulatis
1685 1156 1875 1197 eorum
1931 1156 2031 1195 an-

449 1246 589 1300 nuit.
656 1244 809 1307 I’ust,
841 1242 932 1297 ubi
977 1255 1074 1296 eos
1103 1241 1413 1294 Chanancte
1459 1237 1638 1306 gentis
1695 1251 1819 1291 esse
1866 1235 2031 1289 intel-

451 1337 586 1392 lexit
618 1355 632 1390 :
667 1350 792 1389 cuin
822 1334 905 1389 eis
936 1332 1009 1388 ob
1030 1331 1218 1388 dolum
1246 1328 1583 1398 expostulat.
1617 1327 1698 1380 illi
1733 1324 2032 1380 necessitao

453 1439 561 1484 tem
594 1436 881 1492 excusant,
907 1435 1071 1495 atque
1098 1422 1301 1479 excidii
1326 1430 1560 1489 metum.
1588 1420 1725 1473 Tum
1755 1418 1939 1481 Jesus,
1964 1432 2034 1471 ne

452 1523 634 1579 datam
672 1519 835 1575 fidem
864 1517 1118 1581 violaret,
1142 1514 1393 1586 publicos
1414 1526 1606 1567 servos
1635 1526 1731 1565 eos
1762 1511 1908 1563 facit.
1943 1507 2036 1562 Sic

452 1613 750 1684 Josephus.
789 1611 895 1667 Sed
937 1610 1080 1666 liber
1112 1609 1239 1665 .lcsu
1272 1608 1372 1669 ait,
1413 1621 1510 1661 eos
1547 1605 1689 1659 lixas
1711 1613 1768 1657 et
1816 1602 2037 1656 calones

454 1702 625 1757 totius
670 1700 967 1770 Synagogze
1012 1706 1068 1755 et
1110 1696 1284 1752 divini
1316 1695 1506 1751 altaris
1532 1708 1653 1748 esse
1697 1692 1890 1747 factos.
1924 1690 2033 1746 Ga-

2136 497 2340 567 πλῆθος
2402 497 2666 567 ἐλύπησε.
2722 497 2831 550 Καὶ
2897 495 3104 565 Ἰησοῦς
3158 496 3250 549 ἐπὶ
3304 495 3479 565 στόμα
3528 498 3713 550 πεσὼν

2133 591 2313 644 ἐδέετο
2345 590 2438 642 τοῦ
2473 589 2627 643 Θεοῦ.
2664 588 3075 660 Χρηματισθεὶς
3109 589 3165 642 δὲ
3205 588 3412 658 κλοπὴν
3456 590 3713 657 γενέσθαι

2133 683 2244 734 τῶν
2295 680 2744 751 κιθιερωθέντων
2790 683 3110 751 χρημάτων,
3145 680 3335 750 κλήρῳ
3382 682 3484 751 τὴν
3536 682 3713 748 κρίσιν

2092 826 2099 833 ,
2136 773 2453 844 ἐπέτρεψεν.
2495 773 2617 826 Ἐπὶ
2646 773 2702 825 δὲ
2734 773 2828 826 τὸν
2853 774 3041 843 Ἀχωρ
3071 771 3164 825 τοῦ
3201 773 3405 842 κλήρου
3431 775 3711 838 πεσόντος,

2133 866 2389 935 ὁμολογεῖ
2413 866 2512 935 τὴν
2542 866 2749 936 κλοπὴν
2781 868 3013 928 ἐκεῖνος,
3037 868 3132 918 καὶ
3160 866 3401 935 παράγει
3422 866 3489 919 τὰ
3512 867 3712 937 φώρια.

2137 962 2245 1013 Καὶ
2267 960 2295 1010 ὁ
2323 960 2420 1029 μὲν
2443 959 2613 1023 λίθοις
2636 959 2962 1029 ἀναιρεῖται,
3003 959 3100 1011 σὺν
3129 960 3242 1021 τοῖς
3265 957 3432 1011 αὐτοῦ
3456 975 3469 989 ’
3510 946 3715 1029 Ἰησοὺς

2134 1050 2190 1101 δὲ
2233 1049 2509 1119 πολιορκεῖ
2555 1049 2652 1120 τὴν
2700 1048 2866 1114 Natu,
2916 1050 3011 1103 καὶ
3043 1048 3252 1119 ταύτην
3288 1051 3453 1120 αίρεῖ.
3490 1049 3714 1103 Γαϐαω-

2138 1143 2283 1194 νῖται
2307 1141 2363 1194 δὲ
2391 1143 2483 1193 καὶ
2513 1142 2561 1195 οί
2591 1141 2827 1205 ἐκείνοις
2851 1142 3148 1212 περίοικοι,
3181 1142 3510 1206 Χαναναίοις
3547 1160 3714 1212 προσ-

2136 1234 2386 1303 ήκοντες,
2422 1233 2753 1303 φοϐηθέντες
2775 1234 2859 1312 εἶις
2899 1236 3011 1297 τοῖς
3060 1235 3454 1306 Ἱεριχουντίοις
3482 1237 3575 1290 καὶ
3608 1240 3717 1300 τοῖς

2137 1326 2269 1396 περὶ
2297 1323 2439 1379 Νατν
2470 1326 2542 1380 τὰ
2570 1326 2734 1395 ὅμοια
2773 1327 3075 1392 πείσονται,
3127 1328 3425 1397 πρεσϐείαν
3451 1330 3717 1383 άποστέλυ

2136 1417 2289 1470 λουσι
2320 1417 2456 1489 πρὸς
2497 1419 2589 1471 τὸν
2637 1418 2866 1488 Ἰησοῦν,
2914 1420 3255 1492 πορρωτάτω
3294 1420 3550 1489 λέγοντες
3588 1439 3718 1475 κατ-

2136 1510 2328 1573 οικεῖν,
2363 1508 2499 1579 μηδὲ
2521 1506 2712 1578 γένους
2743 1512 3022 1563 κοινωνεῖν
3041 1510 3388 1575 Χαναναίοις,
3418 1514 3513 1565 καὶ
3547 1528 3714 1566 σπονο

2137 1602 2233 1664 es;
2268 1601 2404 1670 πρὸς
2432 1601 2628 1664 αὐτοὺς
2656 1600 2847 1657 θέσθαι
2875 1600 3164 1671 ζητοῦντες
3194 1603 3322 1667 τοὺς
3353 1605 3714 1676 Ἰσραηλίτας,

2141 1695 2234 1747 καὶ
2257 1696 2531 1764 συνθήκας
2553 1695 2758 1764 φιλίας.
2798 1695 3005 1764 Ἰησοῦς
3027 1692 3121 1749 οῦν
3148 1696 3337 1766 φιλίαν
3362 1697 3500 1768 πρὸς
3518 1700 3716 1762 αὐτοὺς

452 1792 706 1847 baonitas
754 1805 786 1844 a
841 1804 967 1858 rege
1014 1786 1517 1856 Hierosolymorum
1560 1784 1632 1838 ob
1676 1782 1855 1838 foedus
1907 1796 2031 1835 cum

2142 1788 2456 1856 ἐποιήσατο.
2487 1787 2652 1850 Γνοὺς
2674 1787 2928 1840 δ’έπειτα
2957 1787 3180 1851 τούτους
3214 1789 3309 1842 τοῦ
3342 1791 3532 1858 γένους
3556 1791 3715 1854 ὄντας

452 1883 715 1939 lsraelitis
774 1883 1005 1945 initum,
1057 1880 1202 1936 bello
1254 1880 1494 1949 petitos,
1552 1878 1712 1933 Jesus
1761 1877 2031 1942 defendit,

454 1978 640 2030 hostes
669 1973 726 2028 in
763 1973 945 2042 fugam
978 1971 1164 2036 vertit,
1204 1969 1479 2041 fugientes
1515 1968 1624 2041 47
1657 1968 2030 2038 persequitur.

452 2071 572 2136 Quo
599 2068 789 2137 praelio
822 2074 880 2121 et
906 2064 1117 2137 grando
1160 2064 1325 2118 solito
1353 2062 1547 2132 major,
1578 2073 1636 2117 et
1666 2062 1893 2117 fulmina
1921 2076 2034 2116 em—

451 2162 584 2215 litus
635 2160 690 2211 in
739 2158 929 2211 hostes
974 2156 1258 2209 irruerunt
1310 2172 1324 2207 :
1366 2162 1422 2207 et
1451 2153 1574 2207 dies
1618 2152 1760 2206 facta
1797 2152 2030 2222 longior,

452 2266 676 2307 cursum
727 2250 860 2305 solis
916 2248 984 2303 ad
1040 2248 1169 2302 Jesu
1235 2261 1428 2316 preces
1487 2246 1715 2301 sistente
1776 2247 1906 2303 Deo.
1965 2261 2033 2298 ne

452 2350 793 2415 superventu
822 2341 1001 2396 noctis
1034 2339 1226 2395 hostes
1257 2337 1630 2394 elaberentur.
1668 2335 1848 2407 Reges
1866 2337 2031 2392 etiam

453 2437 508 2490 in
550 2432 790 2505 quodam
841 2446 1010 2504 specu
1054 2430 1463 2494 delitescentes,
1497 2428 1852 2498 deprehensi,
1883 2432 2032 2484 occi-

453 2528 663 2582 duntur
684 2538 895 2579 omnes.
922 2523 1018 2578 llis
1043 2523 1210 2578 rebus
1233 2522 1425 2593 gestis,
1446 2520 1608 2577 Jesus
1633 2520 1688 2576 in
1713 2520 2034 2576 Chananzeac

454 2629 711 2674 montana
759 2616 1090 2689 regreditur,
1121 2615 1312 2687 ibique
1358 2629 1551 2685 magna
1584 2612 1729 2669 caede
1775 2614 1941 2671 edita.
1976 2624 2035 2669 et

454 2715 637 2784 opima
664 2712 846 2783 praeda
871 2719 1052 2781 parta,
1079 2710 1134 2763 in
1155 2707 1402 2779 Galgalia
1427 2719 1606 2763 castra
1637 2722 1759 2764 sese
1788 2707 1989 2777 recipit
2014 2724 2027 2761 :

453 2808 657 2879 quibus
701 2822 770 2861 ex
819 2819 888 2861 eo
940 2817 1142 2859 nomen
1184 2813 1307 2859 erat
1338 2801 1566 2867 factum,
1598 2801 1745 2871 quod
1777 2801 2038 2857 Israelita:

455 2912 514 2951 se
539 2904 595 2950 et
620 2896 886 2950 servitute
913 2891 1237 2963 Egyptiaca
1256 2900 1311 2946 et
1327 2892 1589 2945 :Prunmis
1612 2892 1816 2946 deserti
1839 2891 2038 2947 libera-

457 2997 541 3043 tos
572 3001 693 3041 esse
722 2993 1137 3053 cognoscerent.
1167 2982 1303 3038 Nam
1336 2981 1557 3051 Galgala
1599 2981 1839 3037 Hebraeis
1873 2982 2025 3036 liber-

2137 1878 2246 1931 τῶν
2281 1878 2625 1943 Χαναναίων,
2662 1880 2758 1949 τῆς
2790 1879 3008 1949 ἀπάτης
3034 1882 3222 1943 αὐτοῖς
3252 1881 3519 1935 ἐνεκάλει.
3558 1883 3624 1936 Ol
3660 1883 3715 1936 δὲ

2138 1971 2199 2035 ἐξ
2232 1972 2477 2056 ἀνάγκης
2516 1971 2623 2039 ἔφα
2637 1989 2727 2024 ταν
2763 1972 2924 2026 τοῦτο
2965 1972 3190 2043 πρᾶξαι,
3222 1974 3456 2037 δεδιότες
3478 1975 3575 2028 τὸν
3607 1974 3717 2029 ὄλε-

2140 2063 2287 2131 θρον.
2346 2066 2455 2117 Καὶ
2524 2063 2749 2132 Ἰησοῦς,
2810 2064 2897 2119 ἵνα
2925 2065 3000 2135 μὴ
3053 2065 3338 2135 παραϐαίη
3388 2067 3478 2119 τὸν
3530 2067 3714 2138 ὅρκον,

2137 2156 2433 2225 δημοσίους
2461 2156 2660 2219 αὐτοὺς
2704 2157 3108 2212 ἀποδείκνυσιν.
3180 2158 3367 2223 Οῦτως
3422 2158 3709 2231 Ἰώσηπος.

2154 2247 2211 2299 'll
2250 2247 2307 2300 δὲ
2339 2247 2517 2316 βίϐλος
2560 2248 2656 2301 τοῦ
2709 2249 2882 2319 Ἰησοῦ
2927 2252 3195 2321 περιέχει,
3247 2252 3330 2305 δτι
3378 2256 3715 2324 κατέστησεν

2139 2339 2334 2401 αὐτοὺς
2386 2338 2718 2405 ξυλοκόπους
2759 2341 2854 2393 καὶ
2892 2340 3226 2411 ὑδροφόρους
3271 2342 3420 2415 πάσῃ
3476 2346 3544 2415 τῇ
3591 2361 3715 2399 συνο

2138 2434 2353 2503 αγωγῇ,
2391 2432 2484 2486 καὶ
2508 2431 2585 2502 τῷ
2615 2432 2990 2503 θυσιαστηρίῳ
3017 2433 3112 2487 τοῦ
3143 2433 3301 2491 Θεοῦ.
3357 2436 3714 2508 Ἐπιθεμένου

2136 2523 2193 2576 δὲ
2221 2525 2329 2586 τοῖς
2358 2522 2725 2587 Γαδαωνίταις
2747 2524 2839 2577 τοῦ
2871 2524 3137 2594 βασιλέως
3158 2528 3268 2581 τῶν
3299 2529 3713 2601 Ἰεροσολύμων,

2138 2615 2226 2667 διὶι
2255 2615 2354 2677 τὰς
2391 2615 2526 2684 πρὸς
2577 2615 2862 2685 Ἑϐραίους
2899 2618 3155 2683 σπονδὰς,
3206 2622 3238 2672 ό
3287 2619 3494 2691 Ἰησοῦς
3528 2624 3715 2687 αὐτοῖς

2142 2708 2447 2777 συμμαχεῖ,
2477 2707 2573 2763 καὶ
2597 2709 2861 2779 τρέπεται
2886 2710 3011 2772 τοὺς
3039 2711 3335 2779 ἐναντίους,
3366 2712 3461 2766 καὶ
3480 2715 3715 2786 τραπέν-

2139 2819 2240 2865 τας
2311 2801 2555 2856 ὲδίωκεν.
2616 2802 2748 2855 Ὅτε
2798 2802 2893 2856 καὶ
2932 2802 3228 2873 οὐρανόθεν
3264 2804 3475 2874 χάλαζά
3510 2820 3574 2859 τε
3616 2807 3714 2875 τῆς

2143 2892 2409 2963 συνήθους
2447 2892 2671 2961 μείζων,
2711 2895 2805 2947 καὶ
2836 2894 3095 2964 κεραυνοὶ
3126 2898 3238 2956 ταῖς
3281 2895 3564 2965 πολεμίοις
3613 2901 3712 2950 ἑπ-

2142 2986 2337 3039 έπεσον
2367 3002 2381 3016 ο
2422 2987 2520 3039 καὶ
2557 2988 2588 3055 ἡ
2616 2988 2802 3055 ἡμέρα
2826 2984 3053 3055 ηὔξητο,
3087 2987 3178 3039 τὸν
3203 2987 3405 3058 δρόμον
3429 2988 3525 3042 τοῦ
3560 2989 3711 3060 ἡλίου

458 3089 619 3133 tatem
666 3077 959 3148 significat.
991 3072 1129 3130 Cum
1180 3082 1365 3129 autem
1416 3070 1711 3128 Chanantei
1760 3071 2031 3127 Libanum

2144 3078 2440 3149 στήσαντος
2483 3077 2575 3130 τοῦ
2609 3077 2768 3143 Θεοῦ,
2816 3077 3056 3143 ιντεύξει
3097 3077 3192 3132 τοῦ
3237 3078 3441 3150 Ἰησοῦ,
3492 3081 3578 3136 ῐνα
3615 3085 3710 3154 μὴ,

459 3179 699 3224 montem
730 3169 1063 3232 accolentes,
1092 3174 1146 3220 et
1171 3164 1266 3235 qui
1300 3165 1355 3220 iu
1389 3165 1794 3235 campestribus
1826 3165 2036 3220 habita-

461 3244 611 3327 bant,
659 3260 961 3316 Palaestinis
1009 3260 1064 3313 in
1118 3258 1385 3312 auxilium
1440 3256 1647 3323 ascitis,
1699 3256 1906 3312 bellum
1956 3258 2038 3312 cis

462 3356 748 3420 inferrent,
782 3364 945 3423 atque
992 3354 1046 3406 in
1081 3352 1324 3406 exercitu
1376 3349 1645 3406 haberent
1695 3360 2036 3404 armatorum

2139 3170 2331 3233 νυκτὸς
2364 3168 2721 3239 ἐπελθούσης,
2761 3169 3098 3239 διαφύγωσιν
3124 3173 3175 3225 oi
3212 3172 3487 3243 πολέμιοι.
3529 3175 3689 3228 Κατα

2137 3262 2507 3333 λαμϐάνονται
2549 3261 2607 3315 δὲ
2660 3262 2755 3316 καὶ
2806 3264 2856 3317 οί
2912 3262 3152 3333 βασιλεῖς
3202 3263 3260 3316 ἐν
3311 3282 3415 3317 τινι
3461 3266 3714 3337 σπηλαίῳ

2142 3356 2531 3424 κρυπτόμενοι,
2599 3355 2696 3407 καὶ
2739 3355 3045 3410 κτείνονται
3103 3357 3325 3420 πάντες.
3398 3360 3605 3430 Ἰησοῦς
3656 3361 3714 3412 δὲ

459 3459 703 3506 trecenta
760 3448 950 3513 millia,
985 3446 1238 3517 equitum
1286 3444 1478 3501 decem
1527 3443 1719 3509 millia,
1761 3451 1818 3500 et
1870 3442 2033 3498 millia

2138 3446 2368 3517 ἐπανῄει
2400 3446 2563 3501 πάλιν
2590 3451 2691 3518 τῆς
2723 3448 3037 3511 Χαναναίας
3076 3452 3172 3503 ἐπὶ
3207 3452 3309 3521 τὴν
3349 3452 3586 3524 ὀρεινὴν,
3620 3456 3713 3508 καὶ

457 3558 723 3599 curruum
759 3540 1006 3611 triginta,
1036 3539 1145 3593 Deo
1166 3538 1455 3593 victoriam
1486 3536 1749 3593 lsraelitis
1766 3535 2036 3607 pollicito,

460 3636 706 3707 pra‘lium
744 3644 900 3689 atrox
933 3631 1302 3688 committitur
1341 3648 1355 3685 :
1389 3645 1502 3699 quo
1534 3630 1725 3685 hostes
1767 3628 2033 3693 universi,

458 3729 646 3798 paucis
671 3728 933 3795 exceptis,
969 3726 1270 3796 perierunt,
1300 3723 1522 3796 regibus
1551 3723 1716 3779 etiam
1748 3725 1924 3780 cassis.

2141 3539 2307 3594 πολὺν
2337 3541 2496 3608 φόνον
2530 3541 2639 3595 τῶν
2687 3542 2747 3595 έν
2792 3542 2929 3614 αὐτῇ
2970 3544 3369 3614 ἐργασάμενος,
3421 3547 3518 3599 καὶ
3566 3546 3715 3600 λείαν

2140 3631 2341 3698 λαϐὼν,
2362 3635 2443 3698 είς
2465 3634 2525 3687 τὸ
2547 3636 2604 3686 ὲν
2627 3634 2924 3701 Γαλγάλοις
2946 3630 3078 3705 ἦλθε
3105 3637 3488 3706 στρατόπεδον.
3514 3639 3679 3708 Ἑκλή
3698 3669 3714 3680 ο

2138 3724 2207 3796 θη
2256 3726 2298 3776 δ’
2348 3727 2376 3778 ό
2425 3726 2590 3788 τόπος
2631 3725 2728 3780 τοῦ
2756 3728 3119 3796 στρατοπέδου
3166 3729 3432 3796 Γάλγαλα,
3488 3730 3563 3792 ὡς
3612 3731 3712 3800 ἤδη

456 3824 682 3886 ἑαυτοὺς
704 3824 1020 3892 ἐλευθέρους
1044 3820 1151 3873 τῶν
1175 3821 1488 3889 Αἰγυπτίων
1514 3821 1609 3874 καὶ
1636 3819 1736 3889 τῆς
1756 3820 1898 3875 κατὰ
1921 3819 2019 3893 τὴν
2035 3820 2241 3892 ἔρημον
2267 3821 2645 3893 ταλαιπωρίας
2675 3821 2910 3890 γνόντων
2936 3823 3045 3876 τῶν
3061 3823 3433 3894 Ἰσραηλιτῶν.
3458 3823 3715 3886 Γάλγαλα

456 3923 565 3993 γὰρ
591 3921 691 3991 τὴν
748 3917 1073 3990 ἐλευθερίαν
1110 3916 1350 3986 Ἑϐραῖοι
1381 3916 1629 3971 καλοῦσι.
1668 3916 2035 3985 Στρατεύουσι
2072 3917 2117 3972 δ’
2180 3916 2268 3973 ἐπ’
2306 3919 2507 3982 αὐτοὺς
2541 3919 2593 3972 oi
2628 3918 2758 3990 περὶ
2801 3918 3036 3972 Λίϐανον
3096 3921 3411 3988 Χαναναῖοι,
3444 3923 3542 3976 καὶ
3567 3923 3619 3976 ei
3655 3926 3712 3975 ὲν

453 4016 563 4076 τοῖς
592 4012 824 4073 πεδινοῖς
849 4011 1241 4079 Παλαιστηνοῖς
1265 4008 1739 4080 συμμαχούμενοι.
1760 4005 1924 4063 Ἦνδ’
1942 4013 1970 4064 ὁ
1989 4012 2220 4084 στρατὸς
2250 4012 2476 4065 ἐκείνων
2497 4012 2731 4067 ὁπλιτῶν
2778 4013 3040 4083 μυριάδες
3086 4014 3400 4085 τριάκοντα,
3439 4016 3627 4088 μύριοι
3670 4019 3718 4072 δ’

460 4114 668 4175 ιππεῖς,
723 4110 817 4163 καὶ
862 4105 1161 4199 τρισμύρια
1210 4104 1463 4199 ἅρματα..
1488 4102 1667 4199 Νίκην
1715 4104 1772 4156 δὲ
1828 4105 1921 4158 τοῦ
1964 4105 2100 4159 Θεοῦ
2142 4106 2639 4177 ἐπαγγειλαμένου,
2677 4108 2928 4199 καρτερά
2961 4108 3108 4179 μάχη
3140 4108 3371 4177 γίνεται,
3405 4109 3481 4172 ὡς
3511 4112 3621 4165 πᾶν
3653 4113 3713 4164 τὺ

458 4207 779 4277 στράτευμα
808 4203 917 4256 τῶν
947 4198 1178 4271 ἐχθρῶν,
1215 4196 1354 4266 πλὴν
1383 4196 1600 4263 ὀλίγων,
1634 4196 2026 4267 διαφθαρῆναι,
2069 4199 2163 4252 καὶ
2198 4200 2326 4263 τοὺς
2355 4198 2593 4269 βασιλεῖς
2621 4199 2676 4252 δὲ
2706 4196 2914 4256 πεσεῖν.

528 4297 672 4353 XXI.
700 4297 890 4351 Annus
920 4303 1032 4348 tum
1064 4291 1295 4361 quintus
1337 4289 1573 4355 exierat,
1604 4305 1785 4359 neque
1818 4289 2032 4345 Chana-

2212 4291 2344 4347 KA'.
2407 4290 2567 4355 Ἔτος
2617 4291 2677 4345 δὲ
2734 4293 2989 4363 πέμπτον
3044 4292 3147 4361 ἠδη
3194 4293 3582 4361 παρεληλύθει,
3619 4298 3712 4349 καὶ

457 4401 701 4445 nazorum
730 4384 1019 4454 quisquam
1043 4389 1163 4435 erat
1193 4378 1462 4447 reliquus,
1518 4392 1643 4432 cum
1675 4375 1834 4432 Jcsus
1855 4374 2033 4431 taber-

2140 4381 2461 4436 Χαναναίων
2506 4383 2693 4437 οὺκέτι
2742 4383 2921 4446 οὐδεὶς
2968 4383 3346 4437 ὑπολέλειπτο.
3396 4385 3605 4454 Ἰησοῦς
3657 4388 3715 4441 δὲ

457 4481 714 4537 naculum
736 4478 791 4531 in
821 4473 1024 4545 oppido
1047 4472 1265 4527 Sclomo
1292 4470 1547 4532 collocat,
1570 4467 1745 4523 donec
1769 4467 2032 4537 templum

2140 4475 2264 4545 ἱστᾷ
2288 4474 2386 4545 τὴν
2418 4475 2624 4546 σκηνὴν
2653 4474 2795 4528 κατὰ
2847 4476 3002 4527 πόλιν
3031 4475 3250 4544 Σηλὼμ,
3293 4476 3396 4539 ἕως
3426 4479 3713 4549 οίκοδομῆυ

456 4569 760 4629 :ndiﬁcandi
794 4568 1024 4623 daretur
1047 4565 1298 4627 occasio;
1327 4578 1391 4616 ac
1420 4560 1607 4632 populi
1632 4560 1873 4615 universi
1898 4574 2030 4616 con-

2139 4582 2230 4618 σαι
2279 4566 2463 4628 αὐτοῖς
2507 4565 2632 4619 ναὸν
2670 4564 2919 4634 γένηται.
2966 4565 3299 4631 Συναγαγὼν
3341 4566 3399 4618 δὲ
3442 4567 3531 4619 τὸν
3586 4568 3713 4621 λαὸν

459 4667 587 4722 cilio
641 4662 877 4723 indicto,
926 4665 1114 4728 captas
1175 4644 1339 4709 urbes
1397 4661 1713 4716 enumerat,
1757 4667 2033 4722 caesosque

2137 4660 2216 4720 εἰς
2256 4657 2475 4727 Σηλὼμ,
2517 4660 2614 4720 τὰς
2653 4658 2955 4720 ἑαλωκυίας
2985 4657 3093 4711 τῶν
3135 4659 3344 4712 πόλεων
3382 4662 3711 4731 ἀπηρίθμει,

461 4757 700 4813 hostium
758 4752 1071 4815 exercitus,
1104 4758 1161 4804 et
1220 4756 1280 4801 ut
1344 4745 1567 4814 triginta
1628 4760 1816 4800 eorum
1879 4761 2033 4814 reges

2138 4751 2231 4802 καὶ
2265 4751 2388 4802 ὅσαι
2428 4749 2538 4803 τῶν
2566 4750 2830 4802 ἐναντίων
2870 4748 3246 4820 διεφθάρησαν
3294 4755 3568 4820 στρατιαὶ,
3619 4755 3715 4806 καὶ

460 4847 738 4906 interfecti
779 4855 984 4901 essent.
1038 4842 1214 4898 Urbes
1260 4848 1443 4893 autem
1492 4853 1613 4906 qua:
1681 4846 2033 4908 superessent

2137 4841 2210 4903 ὡς
2238 4843 2528 4909 τριάκοντα
2558 4842 2797 4911 βασιλεῖς
2828 4842 3012 4895 αὐτῶν
3036 4843 3481 4913 ἀπεκτᾲνθησαν.
3517 4845 3629 4906 Τὰς
3659 4846 3715 4898 δὲ

462 4939 899 5003 munitissimas,
955 4935 1271 4992 diuturnam
1345 4930 1623 5002 postulare
1686 4928 2031 4985 obsidionem

458 5033 761 5094 asserebat,
781 5040 836 5086 et
852 5026 1439 5100 Transjordaninorum
1463 5022 1663 5079 auxilia
1677 5023 1786 5094 jam
1810 5022 2033 5077 domum

461 5124 793 5183 remittenda
844 5120 1126 5179 censebat.
1162 5119 1388 5174 Duabus
1444 5116 1611 5187 igitur
1668 5115 1926 5170 tribubus
1978 5120 2036 5168 et

462 5220 700 5283 semissi,
730 5230 965 5289 quarum
1009 5213 1113 5268 viri
1161 5221 1320 5267 erant
1364 5208 1727 5278 quinquagies
1762 5207 1936 5272 mille,
1967 5207 2034 5261 ad

458 5329 558 5371 sua
576 5309 842 5369 redeundi
860 5314 1186 5379 potestatem
1209 5302 1358 5359 facit.
1376 5303 1482 5370 illi,
1497 5300 1735 5357 Jordane
1757 5309 2034 5370 superato,

460 5420 617 5460 aram
664 5403 721 5457 in
766 5404 886 5471 ripa
926 5398 1291 5454 constituunt.
1322 5395 1439 5462 Qua
1473 5394 1543 5448 de
1577 5406 1743 5448 causa
1794 5390 2034 5445 tumultu

464 5498 609 5555 inter
635 5494 916 5552 lsraelitas
936 5492 1197 5556 excitato,
1220 5490 1412 5545 decem
1438 5487 1738 5541 honoratos
1756 5482 1907 5537 viros
1928 5496 2035 5535 una

464 5605 589 5645 cum
645 5588 853 5645 Phinee
909 5586 1116 5656 legatos
1172 5582 1433 5642 mittunt,
1485 5577 1555 5633 de
1605 5591 1698 5631 ara
1756 5582 2035 5629 exstructa

461 5682 892 5752 expostulantes.
924 5680 1011 5736 illi
1058 5694 1169 5735 non
1212 5689 1398 5731 rerum
1433 5672 1813 5726 novandarum
1852 5667 2037 5721 studio

458 5772 515 5829 se
563 5783 714 5829 ara'iu
761 5773 958 5829 fecisse
1005 5766 1378 5839 respondent.
1420 5760 1515 5816 sed
1566 5768 1626 5812 ut
1685 5756 2034 5813 monimento

2141 4935 2584 5004 περιλειφθείσας
2618 4933 2697 4987 ἔτι
2741 4933 2925 4995 πόλεις
2975 4933 3331 5004 πολυχρονίου
3371 4935 3581 4988 δεῖσθαι
3614 4954 3710 4991 πο-

2138 5026 2380 5095 λιορκίας
2410 5024 2478 5078 δι’
2511 5025 2816 5095 ὀχυρότητα
2855 5025 3032 5094 ἔλεγε,
3062 5027 3155 5079 καὶ
3185 5026 3337 5095 ἠξίου
3363 5029 3490 5089 τοὺς
3519 5028 3586 5080 ἐκ
3614 5032 3715 5099 τῆς

2138 5119 2376 5189 περαίας
2426 5118 2521 5170 τοῦ
2590 5118 2857 5189 Ἰορδάνου
2917 5120 3435 5189 συνεξορμήσαντας
3491 5121 3712 5185 αὐτοῖς,

2137 5207 2397 5262 ἀπολύειν
2424 5207 2525 5277 ήδη
2564 5207 2696 5278 πρὸς
2729 5207 2799 5261 τὰ
2824 5207 3024 5263 οίκεῖα.
3056 5207 3165 5261 Καὶ
3196 5207 3714 5281 προσκαλεσάμενος

2137 5301 2263 5363 τοὺς
2285 5301 2352 5353 ὲκ
2381 5299 2492 5353 τῶν
2515 5299 2609 5353 δύο
2637 5300 2845 5368 φυλῶν,
2870 5300 3084 5369 καὶτῆς
3112 5300 3395 5370 ἡμισείας,
3413 5317 3715 5355 πεντακισ-

2141 5392 2372 5461 μυρίους
2412 5391 2596 5457 ὅντας,
2632 5392 2768 5460 πρὸς
2791 5392 2894 5455 τὰς
2918 5390 3255 5462 κληρουχίας
3279 5391 3461 5444 αὐτῶν
3484 5393 3717 5463 επέτρεο

2140 5499 2241 5537 πεν
2274 5483 2549 5538 ἀπελθεῖν.
2583 5484 2646 5535 Ui
2667 5484 2723 5537 δὲ
2748 5483 3036 5547 διαϐάντες
3064 5484 3158 5538 τὸν
3205 5483 3500 5555 Ἰορδάνην,
3526 5483 3713 5555 βωμὸν

2138 5577 2234 5631 ἐπὶ
2261 5580 2326 5647 τῇ
2368 5576 2504 5649 ὄχθῃ
2540 5577 2832 5647 ἱδρύονται.
2876 5579 2941 5632 ’0
2975 5577 3206 5650 θόρυϐον
3231 5579 3309 5649 τῷ
3359 5578 3554 5648 πλῆθει
3601 5577 3713 5630 τῶν

2152 5669 2501 5739 Ἰσραηλιτῶν
2542 5669 2848 5738 ἐνεποίησε.
2884 5669 3204 5738 Πέμπουσιν
3242 5665 3336 5724 οὖν
3382 5668 3471 5724 ἐπ’
3516 5668 3714 5732 αὐτοὺς

2140 5758 2271 5814 δέκα
2304 5759 2412 5815 τῶν
2445 5760 2705 5830 ἐντίμων,
2736 5760 2832 5814 καὶ
2871 5759 3075 5830 Φινεὲς,
3111 5761 3425 5833 αἰτιώμενοι
3458 5762 3589 5833 περὶ
3617 5759 3711 5815 τοῦ
