  <div class='ocr_page' id='page_1' title='image "/cluster/home/n/w/nwhite01/storage/ocr_20150623/134/mdp.39015032023197/062.png"; bbox 0 0 3964 6252; ppageno 0'>
   <div class='ocr_carea' id='block_1_1' title="bbox 247 292 344 352">
    <p class='ocr_par' dir='ltr' id='par_1_1' title="bbox 247 292 344 352">
     <span class='ocr_line' id='line_1_1' title="bbox 247 292 344 352; baseline -0.01 0"><span class='ocrx_word' id='word_1_1' title='bbox 247 292 344 352; x_wconf 85' lang='grc'><strong>109</strong></span> 
     </span>
    </p>
   </div>
   <div class='ocr_carea' id='block_1_2' title="bbox 1540 289 2226 350">
    <p class='ocr_par' dir='ltr' id='par_1_2' title="bbox 1540 289 2226 350">
     <span class='ocr_line' id='line_1_2' title="bbox 1540 289 2226 350; baseline 0.003 -4"><span class='ocrx_word' id='word_1_2' title='bbox 1540 289 1945 350; x_wconf 69' lang='lat' dir='ltr'><strong>ANNALIUM</strong></span> <span class='ocrx_word' id='word_1_3' title='bbox 1987 289 2133 348; x_wconf 84' lang='lat' dir='ltr'><strong>LIB.</strong></span> <span class='ocrx_word' id='word_1_4' title='bbox 2180 289 2226 348; x_wconf 89' lang='grc' dir='ltr'><strong>Ι.</strong></span> 
     </span>
    </p>
   </div>
   <div class='ocr_carea' id='block_1_3' title="bbox 3393 287 3493 348">
    <p class='ocr_par' dir='ltr' id='par_1_3' title="bbox 3393 287 3493 348">
     <span class='ocr_line' id='line_1_3' title="bbox 3393 287 3493 348; baseline -0.02 0"><span class='ocrx_word' id='word_1_5' title='bbox 3393 287 3493 348; x_wconf 80' lang='lat'><strong>110</strong></span> 
     </span>
    </p>
   </div>
   <div class='ocr_carea' id='block_1_4' title="bbox 243 401 1829 476">
    <p class='ocr_par' dir='ltr' id='par_1_4' title="bbox 243 402 1814 476">
     <span class='ocr_line' id='line_1_4' title="bbox 243 402 1814 476; baseline -0.002 -16"><span class='ocrx_word' id='word_1_6' title='bbox 243 404 451 476; x_wconf 80' lang='grc' dir='ltr'><strong>βωμοῦ.</strong></span> <span class='ocrx_word' id='word_1_7' title='bbox 485 405 549 457; x_wconf 82' lang='grc' dir='ltr'><strong>Οἱ</strong></span> <span class='ocrx_word' id='word_1_8' title='bbox 583 403 638 456; x_wconf 79' lang='grc' dir='ltr'><strong>δὲ</strong></span> <span class='ocrx_word' id='word_1_9' title='bbox 673 402 750 474; x_wconf 80' lang='grc' dir='ltr'><strong>μὴ</strong></span> <span class='ocrx_word' id='word_1_10' title='bbox 789 404 928 459; x_wconf 75' lang='grc' dir='ltr'><strong>κατὰ</strong></span> <span class='ocrx_word' id='word_1_11' title='bbox 977 405 1343 476; x_wconf 73' lang='grc' dir='ltr'><strong>νεωτερισμὸν</strong></span> <span class='ocrx_word' id='word_1_12' title='bbox 1377 408 1686 476; x_wconf 76' lang='grc' dir='ltr'><strong>ἀναστῆσαι</strong></span> <span class='ocrx_word' id='word_1_13' title='bbox 1720 404 1814 458; x_wconf 62' lang='grc' dir='ltr'><strong>τὸν</strong></span> 
     </span>
    </p>
   </div>
   <div class='ocr_carea' id='block_1_5' title="bbox 1934 401 3492 476">
    <p class='ocr_par' dir='ltr' id='par_1_5' title="bbox 1934 401 3492 474">
     <span class='ocr_line' id='line_1_5' title="bbox 1934 401 3492 474; baseline 0.001 -17"><span class='ocrx_word' id='word_1_14' title='bbox 1934 413 2061 457; x_wconf 66' lang='lat' dir='ltr'><strong>esset</strong></span> <span class='ocrx_word' id='word_1_15' title='bbox 2109 401 2344 474; x_wconf 73' lang='lat' dir='ltr'><strong>posteris</strong></span> <span class='ocrx_word' id='word_1_16' title='bbox 2401 401 2828 456; x_wconf 76' lang='lat' dir='ltr'><strong>necessitudinis</strong></span> <span class='ocrx_word' id='word_1_17' title='bbox 2866 401 3017 470; x_wconf 81' lang='lat' dir='ltr'><strong>ejus,</strong></span> <span class='ocrx_word' id='word_1_18' title='bbox 3058 416 3178 470; x_wconf 67' lang='lat' dir='ltr'><strong>qua:</strong></span> <span class='ocrx_word' id='word_1_19' title='bbox 3217 401 3322 455; x_wconf 86' lang='lat' dir='ltr'><strong>sibi</strong></span> <span class='ocrx_word' id='word_1_20' title='bbox 3367 418 3492 458; x_wconf 88' lang='lat' dir='ltr'><strong>cum</strong></span> 
     </span>
    </p>
   </div>
   <div class='ocr_carea' id='block_1_6' title="bbox 243 493 1814 569">
    <p class='ocr_par' dir='ltr' id='par_1_6' title="bbox 243 493 1814 569">
     <span class='ocr_line' id='line_1_6' title="bbox 243 493 1814 569; baseline -0.001 -19"><span class='ocrx_word' id='word_1_21' title='bbox 243 497 421 569; x_wconf 83' lang='grc' dir='ltr'><strong>βωμὸν</strong></span> <span class='ocrx_word' id='word_1_22' title='bbox 465 495 674 563; x_wconf 74' lang='grc' dir='ltr'><strong>ἔλεγον,</strong></span> <span class='ocrx_word' id='word_1_23' title='bbox 714 497 794 559; x_wconf 86' lang='grc' dir='ltr'><strong>είς</strong></span> <span class='ocrx_word' id='word_1_24' title='bbox 828 495 884 548; x_wconf 86' lang='grc' dir='ltr'><strong>δὲ</strong></span> <span class='ocrx_word' id='word_1_25' title='bbox 921 498 1222 567; x_wconf 84' lang='grc' dir='ltr'><strong>τεκμήριον</strong></span> <span class='ocrx_word' id='word_1_26' title='bbox 1247 498 1359 560; x_wconf 87' lang='grc' dir='ltr'><strong>τοῖς</strong></span> <span class='ocrx_word' id='word_1_27' title='bbox 1388 493 1515 564; x_wconf 76' lang='grc' dir='ltr'><strong>ἑξῆς</strong></span> <span class='ocrx_word' id='word_1_28' title='bbox 1545 500 1643 564; x_wconf 78' lang='grc' dir='ltr'><strong>τῆς</strong></span> <span class='ocrx_word' id='word_1_29' title='bbox 1677 498 1814 566; x_wconf 74' lang='grc' dir='ltr'><strong>πρὸς</strong></span> 
     </span>
    </p>
   </div>
   <div class='ocr_carea' id='block_1_7' title="bbox 241 587 1814 660">
    <p class='ocr_par' dir='ltr' id='par_1_7' title="bbox 241 587 1814 660">
     <span class='ocr_line' id='line_1_7' title="bbox 241 587 1814 660; baseline -0.003 -17"><span class='ocrx_word' id='word_1_30' title='bbox 241 591 383 660; x_wconf 77' lang='grc' dir='ltr'><strong>ὑμᾶς</strong></span> <span class='ocrx_word' id='word_1_31' title='bbox 435 588 796 655; x_wconf 74' lang='grc' dir='ltr'><strong>οἰκειότητος.</strong></span> <span class='ocrx_word' id='word_1_32' title='bbox 837 587 973 640; x_wconf 82' lang='grc' dir='ltr'><strong>Ἕνα</strong></span> <span class='ocrx_word' id='word_1_33' title='bbox 1019 588 1128 659; x_wconf 81' lang='grc' dir='ltr'><strong>γὰρ</strong></span> <span class='ocrx_word' id='word_1_34' title='bbox 1167 587 1304 642; x_wconf 82' lang='grc' dir='ltr'><strong>Θεὸν</strong></span> <span class='ocrx_word' id='word_1_35' title='bbox 1353 590 1671 656; x_wconf 79' lang='grc' dir='ltr'><strong>γινώσκειν,</strong></span> <span class='ocrx_word' id='word_1_36' title='bbox 1723 590 1814 640; x_wconf 88' lang='grc' dir='ltr'><strong>τὸν</strong></span> 
     </span>
    </p>
   </div>
   <div class='ocr_carea' id='block_1_8' title="bbox 242 678 1812 750">
    <p class='ocr_par' dir='ltr' id='par_1_8' title="bbox 242 678 1812 750">
     <span class='ocr_line' id='line_1_8' title="bbox 242 678 1812 750; baseline 0 -18"><span class='ocrx_word' id='word_1_37' title='bbox 242 681 496 750; x_wconf 79' lang='grc' dir='ltr'><strong>σύμπασι</strong></span> <span class='ocrx_word' id='word_1_38' title='bbox 545 680 662 741; x_wconf 83' lang='grc' dir='ltr'><strong>τοῖς</strong></span> <span class='ocrx_word' id='word_1_39' title='bbox 707 678 984 750; x_wconf 79' lang='grc' dir='ltr'><strong>Ἑϐραίοις</strong></span> <span class='ocrx_word' id='word_1_40' title='bbox 1026 680 1229 734; x_wconf 86' lang='grc' dir='ltr'><strong>κοινόν.</strong></span> <span class='ocrx_word' id='word_1_41' title='bbox 1285 678 1473 735; x_wconf 87' lang='grc' dir='ltr'><strong>Ταῦτα</strong></span> <span class='ocrx_word' id='word_1_42' title='bbox 1528 682 1812 748; x_wconf 76' lang='grc' dir='ltr'><strong>εἰπόντων,</strong></span> 
     </span>
    </p>
   </div>
   <div class='ocr_carea' id='block_1_9' title="bbox 239 771 1818 843">
    <p class='ocr_par' dir='ltr' id='par_1_9' title="bbox 239 771 1818 843">
     <span class='ocr_line' id='line_1_9' title="bbox 239 771 1818 843; baseline -0.001 -16"><span class='ocrx_word' id='word_1_43' title='bbox 239 773 422 834; x_wconf 80' lang='grc' dir='ltr'><strong>Φινεὲς</strong></span> <span class='ocrx_word' id='word_1_44' title='bbox 449 773 546 826; x_wconf 77' lang='grc' dir='ltr'><strong>καὶ</strong></span> <span class='ocrx_word' id='word_1_45' title='bbox 583 773 634 824; x_wconf 75' lang='lat' dir='ltr'><strong>oi</strong></span> <span class='ocrx_word' id='word_1_46' title='bbox 674 773 772 824; x_wconf 85' lang='grc' dir='ltr'><strong>σὺν</strong></span> <span class='ocrx_word' id='word_1_47' title='bbox 799 771 950 840; x_wconf 86' lang='grc' dir='ltr'><strong>αὐτῷ</strong></span> <span class='ocrx_word' id='word_1_48' title='bbox 981 772 1119 840; x_wconf 81' lang='grc' dir='ltr'><strong>πρὸς</strong></span> <span class='ocrx_word' id='word_1_49' title='bbox 1147 772 1237 825; x_wconf 75' lang='grc' dir='ltr'><strong>τὸν</strong></span> <span class='ocrx_word' id='word_1_50' title='bbox 1273 772 1484 843; x_wconf 81' lang='grc' dir='ltr'><strong>Ἰησοῦν</strong></span> <span class='ocrx_word' id='word_1_51' title='bbox 1515 774 1818 843; x_wconf 81' lang='grc' dir='ltr'><strong>ὑπενόστη-</strong></span> 
     </span>
    </p>
   </div>
   <div class='ocr_carea' id='block_1_10' title="bbox 242 863 1816 936">
    <p class='ocr_par' dir='ltr' id='par_1_10' title="bbox 242 863 1816 936">
     <span class='ocr_line' id='line_1_10' title="bbox 242 863 1816 936; baseline 0.001 -18"><span class='ocrx_word' id='word_1_52' title='bbox 242 883 362 918; x_wconf 88' lang='grc' dir='ltr'><strong>σαν.</strong></span> <span class='ocrx_word' id='word_1_53' title='bbox 404 863 616 932; x_wconf 87' lang='grc' dir='ltr'><strong>Ἰησοῦς</strong></span> <span class='ocrx_word' id='word_1_54' title='bbox 643 863 698 916; x_wconf 78' lang='grc' dir='ltr'><strong>δὲ</strong></span> <span class='ocrx_word' id='word_1_55' title='bbox 728 863 1133 934; x_wconf 87' lang='grc' dir='ltr'><strong>κληροδοτήσας</strong></span> <span class='ocrx_word' id='word_1_56' title='bbox 1162 865 1243 934; x_wconf 86' lang='grc' dir='ltr'><strong>τῷ</strong></span> <span class='ocrx_word' id='word_1_57' title='bbox 1273 864 1468 934; x_wconf 89' lang='grc' dir='ltr'><strong>πλήθει</strong></span> <span class='ocrx_word' id='word_1_58' title='bbox 1501 863 1599 928; x_wconf 84' lang='grc' dir='ltr'><strong>τὰς</strong></span> <span class='ocrx_word' id='word_1_59' title='bbox 1631 864 1816 936; x_wconf 82' lang='grc' dir='ltr'><strong>χώρας</strong></span> 
     </span>
    </p>
   </div>
   <div class='ocr_carea' id='block_1_11' title="bbox 238 951 1818 1024">
    <p class='ocr_par' dir='ltr' id='par_1_11' title="bbox 238 951 1818 1024">
     <span class='ocr_line' id='line_1_11' title="bbox 238 951 1818 1024; baseline 0.001 -17"><span class='ocrx_word' id='word_1_60' title='bbox 238 956 295 1008; x_wconf 82' lang='grc' dir='ltr'><strong>ὲν</strong></span> <span class='ocrx_word' id='word_1_61' title='bbox 338 955 592 1024; x_wconf 82' lang='grc' dir='ltr'><strong>Σικίμοις</strong></span> <span class='ocrx_word' id='word_1_62' title='bbox 637 953 847 1023; x_wconf 83' lang='grc' dir='ltr'><strong>διῆγεν.</strong></span> <span class='ocrx_word' id='word_1_63' title='bbox 899 951 1242 1024; x_wconf 75' lang='grc' dir='ltr'><strong>Ύπέργηρος</strong></span> <span class='ocrx_word' id='word_1_64' title='bbox 1288 953 1347 1006; x_wconf 76' lang='grc' dir='ltr'><strong>δὲ</strong></span> <span class='ocrx_word' id='word_1_65' title='bbox 1395 952 1662 1022; x_wconf 88' lang='grc' dir='ltr'><strong>γεγονὼς,</strong></span> <span class='ocrx_word' id='word_1_66' title='bbox 1721 955 1818 1008; x_wconf 77' lang='grc' dir='ltr'><strong>καὶ</strong></span> 
     </span>
    </p>
   </div>
   <div class='ocr_carea' id='block_1_12' title="bbox 239 1045 1819 1121">
    <p class='ocr_par' dir='ltr' id='par_1_12' title="bbox 239 1045 1819 1121">
     <span class='ocr_line' id='line_1_12' title="bbox 239 1045 1819 1121; baseline -0.002 -18"><span class='ocrx_word' id='word_1_67' title='bbox 239 1050 495 1121; x_wconf 78' lang='grc' dir='ltr'><strong>θνήσκειν</strong></span> <span class='ocrx_word' id='word_1_68' title='bbox 527 1047 627 1117; x_wconf 79' lang='grc' dir='ltr'><strong>ήδη</strong></span> <span class='ocrx_word' id='word_1_69' title='bbox 655 1045 887 1116; x_wconf 82' lang='grc' dir='ltr'><strong>μέλλων,</strong></span> <span class='ocrx_word' id='word_1_70' title='bbox 921 1047 1245 1117; x_wconf 88' lang='grc' dir='ltr'><strong>παραίνεσιν</strong></span> <span class='ocrx_word' id='word_1_71' title='bbox 1274 1047 1569 1117; x_wconf 78' lang='grc' dir='ltr'><strong>ἐποιήσατο</strong></span> <span class='ocrx_word' id='word_1_72' title='bbox 1603 1046 1739 1116; x_wconf 85' lang='grc' dir='ltr'><strong>πρὸς</strong></span> <span class='ocrx_word' id='word_1_73' title='bbox 1759 1047 1819 1100; x_wconf 84' lang='grc' dir='ltr'><strong>τὸ</strong></span> 
     </span>
    </p>
   </div>
   <div class='ocr_carea' id='block_1_13' title="bbox 239 1130 1819 1213">
    <p class='ocr_par' dir='ltr' id='par_1_13' title="bbox 239 1130 1819 1213">
     <span class='ocr_line' id='line_1_13' title="bbox 239 1130 1819 1213; baseline -0.003 -19"><span class='ocrx_word' id='word_1_74' title='bbox 239 1141 470 1213; x_wconf 80' lang='grc' dir='ltr'><strong>πλῆθος,</strong></span> <span class='ocrx_word' id='word_1_75' title='bbox 511 1139 610 1192; x_wconf 75' lang='grc' dir='ltr'><strong>καὶ</strong></span> <span class='ocrx_word' id='word_1_76' title='bbox 649 1137 996 1208; x_wconf 79' lang='grc' dir='ltr'><strong>ἐτελεύτησε,</strong></span> <span class='ocrx_word' id='word_1_77' title='bbox 1029 1137 1179 1208; x_wconf 78' lang='grc' dir='ltr'><strong>βιοὺς</strong></span> <span class='ocrx_word' id='word_1_78' title='bbox 1209 1137 1303 1207; x_wconf 72' lang='grc' dir='ltr'><strong>ἐτη</strong></span> <span class='ocrx_word' id='word_1_79' title='bbox 1335 1137 1530 1190; x_wconf 80' lang='grc' dir='ltr'><strong>ἑκατὸν</strong></span> <span class='ocrx_word' id='word_1_80' title='bbox 1559 1137 1712 1200; x_wconf 89' lang='grc' dir='ltr'><strong>δέκα,</strong></span> <span class='ocrx_word' id='word_1_81' title='bbox 1744 1130 1819 1190; x_wconf 70' lang='grc' dir='ltr'><strong>ὧν</strong></span> 
     </span>
    </p>
   </div>
   <div class='ocr_carea' id='block_1_14' title="bbox 238 1228 1818 1311">
    <p class='ocr_par' dir='ltr' id='par_1_14' title="bbox 238 1228 1818 1311">
     <span class='ocr_line' id='line_1_14' title="bbox 238 1228 1818 1311; baseline -0.003 -25"><span class='ocrx_word' id='word_1_82' title='bbox 238 1233 338 1286; x_wconf 79' lang='grc' dir='ltr'><strong>σὺν</strong></span> <span class='ocrx_word' id='word_1_83' title='bbox 394 1231 628 1285; x_wconf 84' lang='grc' dir='ltr'><strong>Μωῦσεῖ</strong></span> <span class='ocrx_word' id='word_1_84' title='bbox 672 1228 918 1308; x_wconf 81' lang='grc' dir='ltr'><strong>διέτριψε</strong></span> <span class='ocrx_word' id='word_1_85' title='bbox 952 1228 1390 1311; x_wconf 51' lang='grc' dir='ltr'><strong>τεσσαράκοντα,</strong></span> <span class='ocrx_word' id='word_1_86' title='bbox 1427 1229 1567 1299; x_wconf 88' lang='grc' dir='ltr'><strong>μετά</strong></span> <span class='ocrx_word' id='word_1_87' title='bbox 1613 1229 1670 1281; x_wconf 82' lang='grc' dir='ltr'><strong>δὲ</strong></span> <span class='ocrx_word' id='word_1_88' title='bbox 1721 1230 1818 1298; x_wconf 83' lang='grc' dir='ltr'><strong>τὴν</strong></span> 
     </span>
    </p>
   </div>
   <div class='ocr_carea' id='block_1_15' title="bbox 238 1303 1821 1392">
    <p class='ocr_par' dir='ltr' id='par_1_15' title="bbox 238 1303 1821 1392">
     <span class='ocr_line' id='line_1_15' title="bbox 238 1303 1821 1392; baseline -0.003 -14"><span class='ocrx_word' id='word_1_89' title='bbox 238 1325 451 1378; x_wconf 71' lang='grc' dir='ltr'><strong>ἐκείνου</strong></span> <span class='ocrx_word' id='word_1_90' title='bbox 483 1303 742 1392; x_wconf 82' lang='grc' dir='ltr'><strong>τελευτήν</strong></span> <span class='ocrx_word' id='word_1_91' title='bbox 769 1320 1093 1392; x_wconf 84' lang='grc' dir='ltr'><strong>στρατηγῶν</strong></span> <span class='ocrx_word' id='word_1_92' title='bbox 1131 1303 1298 1374; x_wconf 56' lang='grc' dir='ltr'><strong>⁸πέντε</strong></span> <span class='ocrx_word' id='word_1_93' title='bbox 1328 1322 1423 1374; x_wconf 76' lang='grc' dir='ltr'><strong>καὶ</strong></span> <span class='ocrx_word' id='word_1_94' title='bbox 1447 1320 1644 1374; x_wconf 74' lang='grc' dir='ltr'><strong>εἴκοσι.</strong></span> <span class='ocrx_word' id='word_1_95' title='bbox 1677 1321 1821 1391; x_wconf 89' lang='grc' dir='ltr'><strong>Θνή-</strong></span> 
     </span>
    </p>
   </div>
   <div class='ocr_carea' id='block_1_16' title="bbox 239 1413 1822 1486">
    <p class='ocr_par' dir='ltr' id='par_1_16' title="bbox 239 1413 1822 1486">
     <span class='ocr_line' id='line_1_16' title="bbox 239 1413 1822 1486; baseline -0.004 -14"><span class='ocrx_word' id='word_1_96' title='bbox 239 1436 361 1472; x_wconf 85' lang='grc' dir='ltr'><strong>σκει</strong></span> <span class='ocrx_word' id='word_1_97' title='bbox 414 1418 474 1470; x_wconf 83' lang='grc' dir='ltr'><strong>δὲ</strong></span> <span class='ocrx_word' id='word_1_98' title='bbox 513 1416 610 1469; x_wconf 76' lang='grc' dir='ltr'><strong>καὶ</strong></span> <span class='ocrx_word' id='word_1_99' title='bbox 655 1417 681 1468; x_wconf 89' lang='grc' dir='ltr'>ὁ</span> <span class='ocrx_word' id='word_1_100' title='bbox 715 1415 1008 1486; x_wconf 83' lang='grc' dir='ltr'><strong>ἀρχιερεὺς</strong></span> <span class='ocrx_word' id='word_1_101' title='bbox 1051 1413 1342 1485; x_wconf 75' lang='grc' dir='ltr'><strong>Ἐλεάζαρ,</strong></span> <span class='ocrx_word' id='word_1_102' title='bbox 1373 1415 1560 1478; x_wconf 81' lang='grc' dir='ltr'><strong>Φινεὲς</strong></span> <span class='ocrx_word' id='word_1_103' title='bbox 1599 1413 1676 1484; x_wconf 83' lang='grc' dir='ltr'><strong>τῷ</strong></span> <span class='ocrx_word' id='word_1_104' title='bbox 1719 1414 1822 1485; x_wconf 85' lang='grc' dir='ltr'><strong>υίῷ</strong></span> 
     </span>
    </p>
   </div>
   <div class='ocr_carea' id='block_1_17' title="bbox 239 1504 1820 1582">
    <p class='ocr_par' dir='ltr' id='par_1_17' title="bbox 239 1504 1820 1582">
     <span class='ocr_line' id='line_1_17' title="bbox 239 1504 1820 1582; baseline -0.003 -18"><span class='ocrx_word' id='word_1_105' title='bbox 239 1513 333 1582; x_wconf 86' lang='grc' dir='ltr'><strong>τὴν</strong></span> <span class='ocrx_word' id='word_1_106' title='bbox 361 1507 779 1581; x_wconf 80' lang='grc' dir='ltr'><strong>ἀρχιερωσύνην</strong></span> <span class='ocrx_word' id='word_1_107' title='bbox 807 1504 1006 1560; x_wconf 84' lang='grc' dir='ltr'><strong>λιπών.</strong></span> <span class='ocrx_word' id='word_1_108' title='bbox 1034 1506 1188 1560; x_wconf 83' lang='grc' dir='ltr'><strong>Μετὰ</strong></span> <span class='ocrx_word' id='word_1_109' title='bbox 1215 1507 1272 1559; x_wconf 84' lang='grc' dir='ltr'><strong>δὲ</strong></span> <span class='ocrx_word' id='word_1_110' title='bbox 1291 1504 1484 1571; x_wconf 89' lang='grc' dir='ltr'><strong>ταῦτα,</strong></span> <span class='ocrx_word' id='word_1_111' title='bbox 1523 1507 1820 1559; x_wconf 83' lang='grc' dir='ltr'><strong>Χαναναῖοι</strong></span> 
     </span>
    </p>
   </div>
   <div class='ocr_carea' id='block_1_18' title="bbox 240 1597 1819 1670">
    <p class='ocr_par' dir='ltr' id='par_1_18' title="bbox 240 1597 1819 1670">
     <span class='ocr_line' id='line_1_18' title="bbox 240 1597 1819 1670; baseline -0.004 -13"><span class='ocrx_word' id='word_1_112' title='bbox 240 1604 561 1664; x_wconf 67' lang='grc' dir='ltr'><strong>ἐλπίσαντες</strong></span> <span class='ocrx_word' id='word_1_113' title='bbox 590 1598 977 1670; x_wconf 81' lang='grc' dir='ltr'><strong>περιγενέσθαι</strong></span> <span class='ocrx_word' id='word_1_114' title='bbox 1024 1597 1120 1652; x_wconf 90' lang='grc' dir='ltr'><strong>τοῦ</strong></span> <span class='ocrx_word' id='word_1_115' title='bbox 1165 1598 1274 1651; x_wconf 88' lang='grc' dir='ltr'><strong>τῶν</strong></span> <span class='ocrx_word' id='word_1_116' title='bbox 1310 1597 1580 1669; x_wconf 78' lang='grc' dir='ltr'><strong>Ἑϐραίων</strong></span> <span class='ocrx_word' id='word_1_117' title='bbox 1610 1600 1819 1666; x_wconf 79' lang='grc' dir='ltr'><strong>γένους,</strong></span> 
     </span>
    </p>
   </div>
   <div class='ocr_carea' id='block_1_19' title="bbox 240 1691 1822 1764">
    <p class='ocr_par' dir='ltr' id='par_1_19' title="bbox 240 1691 1822 1764">
     <span class='ocr_line' id='line_1_19' title="bbox 240 1691 1822 1764; baseline -0.006 -13"><span class='ocrx_word' id='word_1_118' title='bbox 240 1699 493 1758; x_wconf 81' lang='grc' dir='ltr'><strong>θανόντος</strong></span> <span class='ocrx_word' id='word_1_119' title='bbox 560 1692 762 1764; x_wconf 86' lang='grc' dir='ltr'><strong>Ἰησοῦ,</strong></span> <span class='ocrx_word' id='word_1_120' title='bbox 817 1693 940 1746; x_wconf 88' lang='grc' dir='ltr'><strong>κατ’</strong></span> <span class='ocrx_word' id='word_1_121' title='bbox 983 1692 1168 1747; x_wconf 85' lang='grc' dir='ltr'><strong>αὐτῶν</strong></span> <span class='ocrx_word' id='word_1_122' title='bbox 1226 1693 1691 1763; x_wconf 75' lang='grc' dir='ltr'><strong>ἐπεστράτευσαν,</strong></span> <span class='ocrx_word' id='word_1_123' title='bbox 1743 1691 1822 1762; x_wconf 86' lang='grc' dir='ltr'><strong>τῷ</strong></span> 
     </span>
    </p>
   </div>
   <div class='ocr_carea' id='block_1_20' title="bbox 238 1783 1820 1858">
    <p class='ocr_par' dir='ltr' id='par_1_20' title="bbox 238 1783 1820 1858">
     <span class='ocr_line' id='line_1_20' title="bbox 238 1783 1820 1858; baseline -0.002 -18"><span class='ocrx_word' id='word_1_124' title='bbox 238 1786 456 1858; x_wconf 80' lang='grc' dir='ltr'><strong>βασιλεῖ</strong></span> <span class='ocrx_word' id='word_1_125' title='bbox 517 1783 880 1847; x_wconf 71' lang='grc' dir='ltr'><strong>Ἀδωνιϐεζὲκ</strong></span> <span class='ocrx_word' id='word_1_126' title='bbox 910 1783 1010 1855; x_wconf 80' lang='grc' dir='ltr'><strong>τήν</strong></span> <span class='ocrx_word' id='word_1_127' title='bbox 1053 1785 1355 1854; x_wconf 83' lang='grc' dir='ltr'><strong>ἡγεμονίαν</strong></span> <span class='ocrx_word' id='word_1_128' title='bbox 1407 1786 1820 1848; x_wconf 80' lang='grc' dir='ltr'><strong>πιστεύσαντες.</strong></span> 
     </span>
    </p>
   </div>
   <div class='ocr_carea' id='block_1_21' title="bbox 236 1875 1822 1950">
    <p class='ocr_par' dir='ltr' id='par_1_21' title="bbox 236 1875 1822 1950">
     <span class='ocr_line' id='line_1_21' title="bbox 236 1875 1822 1950; baseline -0.002 -17"><span class='ocrx_word' id='word_1_129' title='bbox 236 1880 396 1950; x_wconf 88' lang='grc' dir='ltr'><strong>Δηλοῖ</strong></span> <span class='ocrx_word' id='word_1_130' title='bbox 417 1878 480 1931; x_wconf 84' lang='grc' dir='ltr'><strong>δὲ</strong></span> <span class='ocrx_word' id='word_1_131' title='bbox 504 1878 566 1931; x_wconf 89' lang='grc' dir='ltr'><strong>τὸ</strong></span> <span class='ocrx_word' id='word_1_132' title='bbox 585 1877 759 1948; x_wconf 67' lang='grc' dir='ltr'><strong>ὄνομα</strong></span> <span class='ocrx_word' id='word_1_133' title='bbox 777 1875 995 1944; x_wconf 83' lang='grc' dir='ltr'><strong>Κύριος</strong></span> <span class='ocrx_word' id='word_1_134' title='bbox 1020 1875 1209 1940; x_wconf 81' lang='grc' dir='ltr'><strong>Βεζέκ.</strong></span> <span class='ocrx_word' id='word_1_135' title='bbox 1247 1876 1454 1930; x_wconf 76' lang='grc' dir='ltr'><strong>Ἀδωνὶ</strong></span> <span class='ocrx_word' id='word_1_136' title='bbox 1477 1879 1586 1945; x_wconf 83' lang='grc' dir='ltr'><strong>γὰρ</strong></span> <span class='ocrx_word' id='word_1_137' title='bbox 1602 1876 1822 1947; x_wconf 79' lang='grc' dir='ltr'><strong>Ἑϐραῖ-</strong></span> 
     </span>
    </p>
   </div>
   <div class='ocr_carea' id='block_1_22' title="bbox 236 1965 1824 2039">
    <p class='ocr_par' dir='ltr' id='par_1_22' title="bbox 236 1965 1824 2039">
     <span class='ocr_line' id='line_1_22' title="bbox 236 1965 1824 2039; baseline -0.003 -15"><span class='ocrx_word' id='word_1_138' title='bbox 236 1972 320 2024; x_wconf 67' lang='lat' dir='ltr'><strong>uti.</strong></span> <span class='ocrx_word' id='word_1_139' title='bbox 352 1971 551 2039; x_wconf 90' lang='grc' dir='ltr'><strong>κύριος</strong></span> <span class='ocrx_word' id='word_1_140' title='bbox 578 1967 819 2036; x_wconf 88' lang='grc' dir='ltr'><strong>λέγεται.</strong></span> <span class='ocrx_word' id='word_1_141' title='bbox 851 1965 1204 2037; x_wconf 77' lang='grc' dir='ltr'><strong>Συμμίξασαι</strong></span> <span class='ocrx_word' id='word_1_142' title='bbox 1242 1966 1300 2019; x_wconf 68' lang='grc' dir='ltr'><strong>δὲ</strong></span> <span class='ocrx_word' id='word_1_143' title='bbox 1343 1971 1456 2030; x_wconf 79' lang='grc' dir='ltr'><strong>τοῖς</strong></span> <span class='ocrx_word' id='word_1_144' title='bbox 1497 1967 1824 2031; x_wconf 76' lang='grc' dir='ltr'><strong>Χαναναίοις</strong></span> 
     </span>
    </p>
   </div>
   <div class='ocr_carea' id='block_1_23' title="bbox 239 2059 1824 2131">
    <p class='ocr_par' dir='ltr' id='par_1_23' title="bbox 239 2059 1824 2131">
     <span class='ocr_line' id='line_1_23' title="bbox 239 2059 1824 2131; baseline -0.001 -15"><span class='ocrx_word' id='word_1_145' title='bbox 239 2065 290 2116; x_wconf 78' lang='grc' dir='ltr'><strong>αἱ</strong></span> <span class='ocrx_word' id='word_1_146' title='bbox 311 2062 413 2115; x_wconf 87' lang='grc' dir='ltr'><strong>δύο</strong></span> <span class='ocrx_word' id='word_1_147' title='bbox 441 2061 633 2129; x_wconf 75' lang='grc' dir='ltr'><strong>φυλαὶ,</strong></span> <span class='ocrx_word' id='word_1_148' title='bbox 661 2061 695 2129; x_wconf 82' lang='grc' dir='ltr'><strong>ἡ</strong></span> <span class='ocrx_word' id='word_1_149' title='bbox 730 2059 824 2113; x_wconf 89' lang='grc' dir='ltr'><strong>τοῦ</strong></span> <span class='ocrx_word' id='word_1_150' title='bbox 873 2059 1046 2114; x_wconf 84' lang='grc' dir='ltr'><strong>Ἰούδα</strong></span> <span class='ocrx_word' id='word_1_151' title='bbox 1081 2059 1176 2111; x_wconf 71' lang='grc' dir='ltr'><strong>καὶ</strong></span> <span class='ocrx_word' id='word_1_152' title='bbox 1202 2061 1235 2129; x_wconf 89' lang='grc' dir='ltr'><strong>ή</strong></span> <span class='ocrx_word' id='word_1_153' title='bbox 1269 2059 1366 2112; x_wconf 90' lang='grc' dir='ltr'><strong>τοῦ</strong></span> <span class='ocrx_word' id='word_1_154' title='bbox 1411 2059 1660 2128; x_wconf 86' lang='grc' dir='ltr'><strong>Συμεὼν,</strong></span> <span class='ocrx_word' id='word_1_155' title='bbox 1700 2061 1824 2131; x_wconf 86' lang='grc' dir='ltr'><strong>τρέ-</strong></span> 
     </span>
    </p>
   </div>
   <div class='ocr_carea' id='block_1_24' title="bbox 237 2150 1825 2221">
    <p class='ocr_par' dir='ltr' id='par_1_24' title="bbox 237 2150 1825 2221">
     <span class='ocr_line' id='line_1_24' title="bbox 237 2150 1825 2221; baseline -0.001 -14"><span class='ocrx_word' id='word_1_156' title='bbox 237 2172 436 2208; x_wconf 86' lang='grc' dir='ltr'><strong>πονται</strong></span> <span class='ocrx_word' id='word_1_157' title='bbox 470 2153 698 2216; x_wconf 82' lang='grc' dir='ltr'><strong>αὐτοὺς,</strong></span> <span class='ocrx_word' id='word_1_158' title='bbox 734 2152 830 2205; x_wconf 78' lang='grc' dir='ltr'><strong>καὶ</strong></span> <span class='ocrx_word' id='word_1_159' title='bbox 870 2152 963 2204; x_wconf 85' lang='grc' dir='ltr'><strong>τὸν</strong></span> <span class='ocrx_word' id='word_1_160' title='bbox 1023 2150 1380 2215; x_wconf 74' lang='grc' dir='ltr'><strong>’Δδωνιϐεζὲκ</strong></span> <span class='ocrx_word' id='word_1_161' title='bbox 1436 2151 1678 2221; x_wconf 78' lang='grc' dir='ltr'><strong>αἱροῦσι,</strong></span> <span class='ocrx_word' id='word_1_162' title='bbox 1727 2155 1825 2208; x_wconf 78' lang='grc' dir='ltr'><strong>καὶ</strong></span> 
     </span>
    </p>
   </div>
   <div class='ocr_carea' id='block_1_25' title="bbox 238 2239 1826 2316">
    <p class='ocr_par' dir='ltr' id='par_1_25' title="bbox 238 2239 1826 2316">
     <span class='ocr_line' id='line_1_25' title="bbox 238 2239 1826 2316; baseline -0.001 -17"><span class='ocrx_word' id='word_1_163' title='bbox 238 2244 785 2316; x_wconf 76' lang='grc' dir='ltr'><strong>ἀκρωτηριάςουσιν.</strong></span> <span class='ocrx_word' id='word_1_164' title='bbox 817 2239 974 2296; x_wconf 83' lang='grc' dir='ltr'><strong>Είλον</strong></span> <span class='ocrx_word' id='word_1_165' title='bbox 1016 2242 1076 2296; x_wconf 76' lang='grc' dir='ltr'><strong>δὲ</strong></span> <span class='ocrx_word' id='word_1_166' title='bbox 1119 2243 1214 2296; x_wconf 73' lang='grc' dir='ltr'><strong>καὶ</strong></span> <span class='ocrx_word' id='word_1_167' title='bbox 1258 2243 1446 2306; x_wconf 88' lang='grc' dir='ltr'><strong>πόλεις</strong></span> <span class='ocrx_word' id='word_1_168' title='bbox 1475 2244 1698 2309; x_wconf 84' lang='grc' dir='ltr'><strong>πολλὰς,</strong></span> <span class='ocrx_word' id='word_1_169' title='bbox 1730 2245 1826 2298; x_wconf 74' lang='grc' dir='ltr'><strong>καὶ</strong></span> 
     </span>
    </p>
   </div>
   <div class='ocr_carea' id='block_1_26' title="bbox 238 2334 1825 2407">
    <p class='ocr_par' dir='ltr' id='par_1_26' title="bbox 238 2334 1825 2407">
     <span class='ocr_line' id='line_1_26' title="bbox 238 2334 1825 2407; baseline -0.001 -17"><span class='ocrx_word' id='word_1_170' title='bbox 238 2339 340 2390; x_wconf 88' lang='grc' dir='ltr'><strong>τῶν</strong></span> <span class='ocrx_word' id='word_1_171' title='bbox 387 2334 786 2407; x_wconf 80' lang='grc' dir='ltr'><strong>Ἱεροσολύμων</strong></span> <span class='ocrx_word' id='word_1_172' title='bbox 827 2335 926 2406; x_wconf 82' lang='grc' dir='ltr'><strong>τὴν</strong></span> <span class='ocrx_word' id='word_1_173' title='bbox 977 2334 1134 2389; x_wconf 81' lang='grc' dir='ltr'><strong>κάτω</strong></span> <span class='ocrx_word' id='word_1_174' title='bbox 1196 2336 1375 2400; x_wconf 89' lang='grc' dir='ltr'><strong>πόλιν,</strong></span> <span class='ocrx_word' id='word_1_175' title='bbox 1407 2335 1503 2388; x_wconf 81' lang='grc' dir='ltr'><strong>καὶ</strong></span> <span class='ocrx_word' id='word_1_176' title='bbox 1530 2337 1658 2400; x_wconf 80' lang='grc' dir='ltr'><strong>τοὺς</strong></span> <span class='ocrx_word' id='word_1_177' title='bbox 1683 2338 1825 2389; x_wconf 76' lang='grc' dir='ltr'><strong>ἐνοι-</strong></span> 
     </span>
    </p>
   </div>
   <div class='ocr_carea' id='block_1_27' title="bbox 239 2420 1826 2496">
    <p class='ocr_par' dir='ltr' id='par_1_27' title="bbox 239 2420 1826 2496">
     <span class='ocr_line' id='line_1_27' title="bbox 239 2420 1826 2496; baseline -0.003 -13"><span class='ocrx_word' id='word_1_178' title='bbox 239 2428 477 2490; x_wconf 80' lang='grc' dir='ltr'><strong>κοῦντας</strong></span> <span class='ocrx_word' id='word_1_179' title='bbox 508 2426 861 2480; x_wconf 82' lang='grc' dir='ltr'><strong>ἀπέκτειναν.</strong></span> <span class='ocrx_word' id='word_1_180' title='bbox 900 2424 1014 2494; x_wconf 85' lang='grc' dir='ltr'><strong>Τῆς</strong></span> <span class='ocrx_word' id='word_1_181' title='bbox 1043 2424 1091 2478; x_wconf 89' lang='grc' dir='ltr'><strong>δ’</strong></span> <span class='ocrx_word' id='word_1_182' title='bbox 1131 2423 1244 2478; x_wconf 78' lang='grc' dir='ltr'><strong>ἄνω</strong></span> <span class='ocrx_word' id='word_1_183' title='bbox 1277 2425 1544 2496; x_wconf 80' lang='grc' dir='ltr'><strong>δυσχερὴς</strong></span> <span class='ocrx_word' id='word_1_184' title='bbox 1569 2420 1640 2496; x_wconf 82' lang='grc' dir='ltr'><strong>ἦν</strong></span> <span class='ocrx_word' id='word_1_185' title='bbox 1665 2427 1698 2494; x_wconf 85' lang='grc' dir='ltr'><strong>ή</strong></span> <span class='ocrx_word' id='word_1_186' title='bbox 1727 2441 1826 2479; x_wconf 89' lang='grc' dir='ltr'><strong>πο-</strong></span> 
     </span>
    </p>
   </div>
   <div class='ocr_carea' id='block_1_28' title="bbox 237 2517 1822 2592">
    <p class='ocr_par' dir='ltr' id='par_1_28' title="bbox 237 2517 1822 2592">
     <span class='ocr_line' id='line_1_28' title="bbox 237 2517 1822 2592; baseline -0.001 -17"><span class='ocrx_word' id='word_1_187' title='bbox 237 2523 481 2592; x_wconf 83' lang='grc' dir='ltr'><strong>λιορκία,</strong></span> <span class='ocrx_word' id='word_1_188' title='bbox 513 2520 679 2588; x_wconf 82' lang='grc' dir='ltr'><strong>φύσει</strong></span> <span class='ocrx_word' id='word_1_189' title='bbox 700 2537 760 2572; x_wconf 87' lang='grc' dir='ltr'><strong>τε</strong></span> <span class='ocrx_word' id='word_1_190' title='bbox 787 2519 885 2572; x_wconf 90' lang='grc' dir='ltr'><strong>τοῦ</strong></span> <span class='ocrx_word' id='word_1_191' title='bbox 918 2517 1148 2590; x_wconf 83' lang='grc' dir='ltr'><strong>χωρίου,</strong></span> <span class='ocrx_word' id='word_1_192' title='bbox 1177 2519 1274 2572; x_wconf 77' lang='grc' dir='ltr'><strong>καὶ</strong></span> <span class='ocrx_word' id='word_1_193' title='bbox 1294 2519 1491 2590; x_wconf 84' lang='grc' dir='ltr'><strong>τειχῶν</strong></span> <span class='ocrx_word' id='word_1_194' title='bbox 1511 2520 1822 2590; x_wconf 85' lang='grc' dir='ltr'><strong>ὀχυρότητι.</strong></span> 
     </span>
    </p>
   </div>
   <div class='ocr_carea' id='block_1_29' title="bbox 247 2611 1826 2684">
    <p class='ocr_par' dir='ltr' id='par_1_29' title="bbox 247 2611 1826 2684">
     <span class='ocr_line' id='line_1_29' title="bbox 247 2611 1826 2684; baseline -0.001 -16"><span class='ocrx_word' id='word_1_195' title='bbox 247 2617 504 2677; x_wconf 83' lang='grc' dir='ltr'><strong>Ἐλόντες</strong></span> <span class='ocrx_word' id='word_1_196' title='bbox 530 2614 585 2666; x_wconf 84' lang='grc' dir='ltr'><strong>δὲ</strong></span> <span class='ocrx_word' id='word_1_197' title='bbox 615 2615 710 2666; x_wconf 77' lang='grc' dir='ltr'><strong>καὶ</strong></span> <span class='ocrx_word' id='word_1_198' title='bbox 732 2613 834 2683; x_wconf 79' lang='grc' dir='ltr'><strong>τὴν</strong></span> <span class='ocrx_word' id='word_1_199' title='bbox 870 2611 1121 2684; x_wconf 72' lang='grc' dir='ltr'><strong>Χεϐρὼν,</strong></span> <span class='ocrx_word' id='word_1_200' title='bbox 1170 2612 1419 2676; x_wconf 71' lang='grc' dir='ltr'><strong>ἃπαντας</strong></span> <span class='ocrx_word' id='word_1_201' title='bbox 1447 2613 1826 2684; x_wconf 78' lang='grc' dir='ltr'><strong>διεχρήσαντο,</strong></span> 
     </span>
    </p>
   </div>
   <div class='ocr_carea' id='block_1_30' title="bbox 239 2704 1828 2775">
    <p class='ocr_par' dir='ltr' id='par_1_30' title="bbox 239 2704 1828 2775">
     <span class='ocr_line' id='line_1_30' title="bbox 239 2704 1828 2775; baseline -0.001 -16"><span class='ocrx_word' id='word_1_202' title='bbox 239 2708 328 2760; x_wconf 72' lang='grc' dir='ltr'><strong>καὶ</strong></span> <span class='ocrx_word' id='word_1_203' title='bbox 385 2707 606 2758; x_wconf 72' lang='grc' dir='ltr'><strong>ἔδωκαν</strong></span> <span class='ocrx_word' id='word_1_204' title='bbox 663 2705 832 2774; x_wconf 82' lang='grc' dir='ltr'><strong>αὐτὴν</strong></span> <span class='ocrx_word' id='word_1_205' title='bbox 879 2704 956 2775; x_wconf 83' lang='grc' dir='ltr'><strong>τῷ</strong></span> <span class='ocrx_word' id='word_1_206' title='bbox 989 2704 1175 2758; x_wconf 83' lang='grc' dir='ltr'><strong>Χάλεὸ</strong></span> <span class='ocrx_word' id='word_1_207' title='bbox 1235 2706 1316 2768; x_wconf 77' lang='grc' dir='ltr'><strong>εἰς</strong></span> <span class='ocrx_word' id='word_1_208' title='bbox 1367 2705 1592 2774; x_wconf 84' lang='grc' dir='ltr'><strong>κλῆρον,</strong></span> <span class='ocrx_word' id='word_1_209' title='bbox 1643 2705 1828 2770; x_wconf 86' lang='grc' dir='ltr'><strong>καθὼς</strong></span> 
     </span>
    </p>
   </div>
   <div class='ocr_carea' id='block_1_31' title="bbox 237 2795 1823 2868">
    <p class='ocr_par' dir='ltr' id='par_1_31' title="bbox 237 2795 1823 2868">
     <span class='ocr_line' id='line_1_31' title="bbox 237 2795 1823 2868; baseline -0.001 -16"><span class='ocrx_word' id='word_1_210' title='bbox 237 2799 489 2867; x_wconf 75' lang='grc' dir='ltr'><strong>Μωῡσῆς</strong></span> <span class='ocrx_word' id='word_1_211' title='bbox 521 2797 848 2850; x_wconf 71' lang='grc' dir='ltr'><strong>ἐνετείλατο.</strong></span> <span class='ocrx_word' id='word_1_212' title='bbox 889 2797 1000 2850; x_wconf 79' lang='grc' dir='ltr'><strong>Καὶ</strong></span> <span class='ocrx_word' id='word_1_213' title='bbox 1026 2799 1140 2860; x_wconf 83' lang='grc' dir='ltr'><strong>τοῖς</strong></span> <span class='ocrx_word' id='word_1_214' title='bbox 1171 2795 1268 2850; x_wconf 87' lang='grc' dir='ltr'><strong>τοῦ</strong></span> <span class='ocrx_word' id='word_1_215' title='bbox 1315 2797 1485 2868; x_wconf 79' lang='grc' dir='ltr'><strong>Ἰοθδρ</strong></span> <span class='ocrx_word' id='word_1_216' title='bbox 1515 2799 1823 2866; x_wconf 82' lang='grc' dir='ltr'><strong>ἀπογόνοις,</strong></span> 
     </span>
    </p>
   </div>
   <div class='ocr_carea' id='block_1_32' title="bbox 235 2885 1825 2962">
    <p class='ocr_par' dir='ltr' id='par_1_32' title="bbox 235 2885 1825 2962">
     <span class='ocr_line' id='line_1_32' title="bbox 235 2885 1825 2962; baseline 0 -21"><span class='ocrx_word' id='word_1_217' title='bbox 235 2889 607 2959; x_wconf 80' lang='grc' dir='ltr'><strong>ἀγχιστεῦσιν</strong></span> <span class='ocrx_word' id='word_1_218' title='bbox 657 2885 777 2942; x_wconf 83' lang='grc' dir='ltr'><strong>οὖσι</strong></span> <span class='ocrx_word' id='word_1_219' title='bbox 824 2889 1130 2952; x_wconf 82' lang='grc' dir='ltr'><strong>Μωῦσέως,</strong></span> <span class='ocrx_word' id='word_1_220' title='bbox 1182 2891 1287 2960; x_wconf 83' lang='grc' dir='ltr'><strong>γῆν</strong></span> <span class='ocrx_word' id='word_1_221' title='bbox 1335 2889 1825 2962; x_wconf 85' lang='grc' dir='ltr'><strong>προσεκλήρωσαν,</strong></span> 
     </span>
    </p>
   </div>
   <div class='ocr_carea' id='block_1_33' title="bbox 234 2980 1827 3053">
    <p class='ocr_par' dir='ltr' id='par_1_33' title="bbox 234 2980 1827 3053">
     <span class='ocr_line' id='line_1_33' title="bbox 234 2980 1827 3053; baseline 0.001 -18"><span class='ocrx_word' id='word_1_222' title='bbox 234 2983 320 3036; x_wconf 80' lang='grc' dir='ltr'><strong>ὅτι</strong></span> <span class='ocrx_word' id='word_1_223' title='bbox 351 2983 461 3053; x_wconf 78' lang='grc' dir='ltr'><strong>τήν</strong></span> <span class='ocrx_word' id='word_1_224' title='bbox 500 2980 740 3051; x_wconf 84' lang='grc' dir='ltr'><strong>πατρίδα</strong></span> <span class='ocrx_word' id='word_1_225' title='bbox 814 2981 1234 3044; x_wconf 82' lang='grc' dir='ltr'><strong>καταλιπόντες,</strong></span> <span class='ocrx_word' id='word_1_226' title='bbox 1294 2983 1610 3036; x_wconf 87' lang='grc' dir='ltr'><strong>συνείποντο</strong></span> <span class='ocrx_word' id='word_1_227' title='bbox 1657 2984 1717 3034; x_wconf 76' lang='grc' dir='ltr'><strong>ὲν</strong></span> <span class='ocrx_word' id='word_1_228' title='bbox 1763 2984 1827 3052; x_wconf 83' lang='grc' dir='ltr'><strong>τῇ</strong></span> 
     </span>
    </p>
   </div>
   <div class='ocr_carea' id='block_1_34' title="bbox 239 3073 1829 3162">
    <p class='ocr_par' dir='ltr' id='par_1_34' title="bbox 239 3073 1829 3146">
     <span class='ocr_line' id='line_1_34' title="bbox 239 3073 1829 3146; baseline 0 -20"><span class='ocrx_word' id='word_1_229' title='bbox 239 3077 439 3146; x_wconf 79' lang='grc' dir='ltr'><strong>ἐρήμῳ</strong></span> <span class='ocrx_word' id='word_1_230' title='bbox 471 3074 554 3146; x_wconf 83' lang='grc' dir='ltr'><strong>τῷ</strong></span> <span class='ocrx_word' id='word_1_231' title='bbox 585 3075 694 3128; x_wconf 87' lang='grc' dir='ltr'><strong>τῶν</strong></span> <span class='ocrx_word' id='word_1_232' title='bbox 729 3073 999 3145; x_wconf 80' lang='grc' dir='ltr'><strong>Ἑδραίων</strong></span> <span class='ocrx_word' id='word_1_233' title='bbox 1027 3074 1165 3140; x_wconf 84' lang='grc' dir='ltr'><strong>λαῷ.</strong></span> <span class='ocrx_word' id='word_1_234' title='bbox 1206 3075 1274 3129; x_wconf 80' lang='grc' dir='ltr'><strong>Δί</strong></span> <span class='ocrx_word' id='word_1_235' title='bbox 1311 3074 1367 3128; x_wconf 83' lang='grc' dir='ltr'><strong>δὲ</strong></span> <span class='ocrx_word' id='word_1_236' title='bbox 1407 3075 1465 3142; x_wconf 78' lang='grc' dir='ltr'><strong>ἓξ</strong></span> <span class='ocrx_word' id='word_1_237' title='bbox 1523 3075 1693 3129; x_wconf 89' lang='grc' dir='ltr'><strong>Ἰούδα</strong></span> <span class='ocrx_word' id='word_1_238' title='bbox 1737 3075 1829 3130; x_wconf 78' lang='grc' dir='ltr'><strong>καὶ</strong></span> 
     </span>
    </p>
   </div>
   <div class='ocr_carea' id='block_1_35' title="bbox 1934 3073 2827 3162">
    <p class='ocr_par' dir='ltr' id='par_1_35' title="bbox 1937 3080 2827 3150">
     <span class='ocr_line' id='line_1_35' title="bbox 1937 3080 2827 3150; baseline 0 -16"><span class='ocrx_word' id='word_1_239' title='bbox 1937 3081 2074 3136; x_wconf 85' lang='lat' dir='ltr'><strong>urbe</strong></span> <span class='ocrx_word' id='word_1_240' title='bbox 2122 3080 2362 3150; x_wconf 89' lang='lat' dir='ltr'><strong>prodita,</strong></span> <span class='ocrx_word' id='word_1_241' title='bbox 2408 3089 2770 3135; x_wconf 77' lang='lat' dir='ltr'><strong>conservatur</strong></span> <span class='ocrx_word' id='word_1_242' title='bbox 2813 3098 2827 3134; x_wconf 89' lang='lat'><strong>:</strong></span> 
     </span>
    </p>
   </div>
   <div class='ocr_carea' id='block_1_36' title="bbox 239 3165 1830 3238">
    <p class='ocr_par' dir='ltr' id='par_1_36' title="bbox 239 3165 1830 3238">
     <span class='ocr_line' id='line_1_36' title="bbox 239 3165 1830 3238; baseline 0.001 -19"><span class='ocrx_word' id='word_1_243' title='bbox 239 3169 482 3238; x_wconf 81' lang='grc' dir='ltr'><strong>Συμεὼν</strong></span> <span class='ocrx_word' id='word_1_244' title='bbox 535 3166 704 3236; x_wconf 77' lang='grc' dir='ltr'><strong>φυλαὶ</strong></span> <span class='ocrx_word' id='word_1_245' title='bbox 746 3165 998 3236; x_wconf 82' lang='grc' dir='ltr'><strong>μεγάλως</strong></span> <span class='ocrx_word' id='word_1_246' title='bbox 1031 3166 1524 3237; x_wconf 77' lang='grc' dir='ltr'><strong>εὐδαιμονήσασαι,</strong></span> <span class='ocrx_word' id='word_1_247' title='bbox 1570 3168 1638 3220; x_wconf 84' lang='grc' dir='ltr'><strong>τὰ</strong></span> <span class='ocrx_word' id='word_1_248' title='bbox 1689 3168 1830 3222; x_wconf 83' lang='grc' dir='ltr'><strong>ὅπλα</strong></span> 
     </span>
    </p>
   </div>
   <div class='ocr_carea' id='block_1_37' title="bbox 240 3262 1830 3335">
    <p class='ocr_par' dir='ltr' id='par_1_37' title="bbox 240 3262 1830 3335">
     <span class='ocr_line' id='line_1_37' title="bbox 240 3262 1830 3335; baseline 0.001 -19"><span class='ocrx_word' id='word_1_249' title='bbox 240 3264 569 3318; x_wconf 81' lang='grc' dir='ltr'><strong>κατέθεντο.</strong></span> <span class='ocrx_word' id='word_1_250' title='bbox 622 3263 705 3317; x_wconf 81' lang='grc' dir='ltr'><strong>Τὰ</strong></span> <span class='ocrx_word' id='word_1_251' title='bbox 747 3262 990 3332; x_wconf 86' lang='grc' dir='ltr'><strong>Βαίθηλα</strong></span> <span class='ocrx_word' id='word_1_252' title='bbox 1013 3262 1072 3315; x_wconf 90' lang='grc' dir='ltr'><strong>δέ</strong></span> <span class='ocrx_word' id='word_1_253' title='bbox 1104 3279 1168 3329; x_wconf 90' lang='grc' dir='ltr'><strong>γε</strong></span> <span class='ocrx_word' id='word_1_254' title='bbox 1210 3262 1574 3335; x_wconf 82' lang='grc' dir='ltr'><strong>πολιορκοῦσα</strong></span> <span class='ocrx_word' id='word_1_255' title='bbox 1609 3266 1641 3335; x_wconf 87' lang='grc' dir='ltr'><strong>ή</strong></span> <span class='ocrx_word' id='word_1_256' title='bbox 1689 3264 1830 3334; x_wconf 78' lang='grc' dir='ltr'><strong>φυλὴ</strong></span> 
     </span>
    </p>
   </div>
   <div class='ocr_carea' id='block_1_38' title="bbox 239 3354 1828 3426">
    <p class='ocr_par' dir='ltr' id='par_1_38' title="bbox 239 3354 1828 3426">
     <span class='ocr_line' id='line_1_38' title="bbox 239 3354 1828 3426; baseline 0 -18"><span class='ocrx_word' id='word_1_257' title='bbox 239 3356 334 3409; x_wconf 86' lang='grc' dir='ltr'><strong>τοῦ</strong></span> <span class='ocrx_word' id='word_1_258' title='bbox 374 3355 652 3426; x_wconf 67' lang='grc' dir='ltr'><strong>Ἐφραίμ,</strong></span> <span class='ocrx_word' id='word_1_259' title='bbox 688 3356 841 3409; x_wconf 83' lang='grc' dir='ltr'><strong>οὐδὲν</strong></span> <span class='ocrx_word' id='word_1_260' title='bbox 870 3357 1022 3425; x_wconf 84' lang='grc' dir='ltr'><strong>ήνυε.</strong></span> <span class='ocrx_word' id='word_1_261' title='bbox 1066 3354 1429 3420; x_wconf 81' lang='grc' dir='ltr'><strong>Συλλαϐόντες</strong></span> <span class='ocrx_word' id='word_1_262' title='bbox 1477 3357 1535 3408; x_wconf 85' lang='grc' dir='ltr'><strong>δέ</strong></span> <span class='ocrx_word' id='word_1_263' title='bbox 1574 3373 1694 3408; x_wconf 89' lang='grc' dir='ltr'><strong>τινα</strong></span> <span class='ocrx_word' id='word_1_264' title='bbox 1719 3358 1828 3409; x_wconf 81' lang='grc' dir='ltr'><strong>τῶν</strong></span> 
     </span>
    </p>
   </div>
   <div class='ocr_carea' id='block_1_39' title="bbox 239 3448 1828 3520">
    <p class='ocr_par' dir='ltr' id='par_1_39' title="bbox 239 3448 1828 3520">
     <span class='ocr_line' id='line_1_39' title="bbox 239 3448 1828 3520; baseline -0.001 -17"><span class='ocrx_word' id='word_1_265' title='bbox 239 3450 339 3520; x_wconf 83' lang='grc' dir='ltr'><strong>τῆς</strong></span> <span class='ocrx_word' id='word_1_266' title='bbox 370 3450 619 3513; x_wconf 85' lang='grc' dir='ltr'><strong>πόλεως,</strong></span> <span class='ocrx_word' id='word_1_267' title='bbox 650 3449 863 3511; x_wconf 85' lang='grc' dir='ltr'><strong>πίστεις</strong></span> <span class='ocrx_word' id='word_1_268' title='bbox 894 3448 1171 3518; x_wconf 79' lang='grc' dir='ltr'><strong>παρέσχον</strong></span> <span class='ocrx_word' id='word_1_269' title='bbox 1200 3448 1369 3518; x_wconf 79' lang='grc' dir='ltr'><strong>αὐτῷ,</strong></span> <span class='ocrx_word' id='word_1_270' title='bbox 1397 3449 1707 3519; x_wconf 83' lang='grc' dir='ltr'><strong>παραδόντα</strong></span> <span class='ocrx_word' id='word_1_271' title='bbox 1729 3451 1828 3519; x_wconf 82' lang='grc' dir='ltr'><strong>τὴν</strong></span> 
     </span>
    </p>
   </div>
   <div class='ocr_carea' id='block_1_40' title="bbox 1916 492 3489 563">
    <p class='ocr_par' dir='ltr' id='par_1_40' title="bbox 1916 492 3489 563">
     <span class='ocr_line' id='line_1_40' title="bbox 1916 492 3489 563; baseline -0.001 -14"><span class='ocrx_word' id='word_1_272' title='bbox 1916 496 2026 550; x_wconf 81' lang='lat' dir='ltr'><strong>illis</strong></span> <span class='ocrx_word' id='word_1_273' title='bbox 2049 496 2438 549; x_wconf 74' lang='lat' dir='ltr'><strong>intercederet.</strong></span> <span class='ocrx_word' id='word_1_274' title='bbox 2462 495 2639 550; x_wconf 91' lang='lat' dir='ltr'><strong>Unum</strong></span> <span class='ocrx_word' id='word_1_275' title='bbox 2665 496 2811 548; x_wconf 88' lang='lat' dir='ltr'><strong>enim</strong></span> <span class='ocrx_word' id='word_1_276' title='bbox 2834 509 2954 547; x_wconf 92' lang='lat' dir='ltr'><strong>sese</strong></span> <span class='ocrx_word' id='word_1_277' title='bbox 2977 492 3148 548; x_wconf 90' lang='lat' dir='ltr'><strong>Deum</strong></span> <span class='ocrx_word' id='word_1_278' title='bbox 3170 508 3489 563; x_wconf 77' lang='lat' dir='ltr'><strong>agnoscere,</strong></span> 
     </span>
    </p>
   </div>
   <div class='ocr_carea' id='block_1_41' title="bbox 1916 586 3495 654">
    <p class='ocr_par' dir='ltr' id='par_1_41' title="bbox 1916 586 3495 654">
     <span class='ocr_line' id='line_1_41' title="bbox 1916 586 3495 654; baseline 0.001 -12"><span class='ocrx_word' id='word_1_279' title='bbox 1916 587 2176 642; x_wconf 89' lang='lat' dir='ltr'><strong>omnibus</strong></span> <span class='ocrx_word' id='word_1_280' title='bbox 2203 586 2450 642; x_wconf 67' lang='lat' dir='ltr'><strong>Hebraeis</strong></span> <span class='ocrx_word' id='word_1_281' title='bbox 2484 602 2856 654; x_wconf 85' lang='lat' dir='ltr'><strong>communem.</strong></span> <span class='ocrx_word' id='word_1_282' title='bbox 2893 587 2986 641; x_wconf 92' lang='lat' dir='ltr'><strong>llis</strong></span> <span class='ocrx_word' id='word_1_283' title='bbox 3009 587 3234 650; x_wconf 76' lang='lat' dir='ltr'><strong>auditis,</strong></span> <span class='ocrx_word' id='word_1_284' title='bbox 3258 586 3495 643; x_wconf 87' lang='lat' dir='ltr'><strong>Phinees</strong></span> 
     </span>
    </p>
   </div>
   <div class='ocr_carea' id='block_1_42' title="bbox 1917 679 3495 752">
    <p class='ocr_par' dir='ltr' id='par_1_42' title="bbox 1917 679 3495 752">
     <span class='ocr_line' id='line_1_42' title="bbox 1917 679 3495 752; baseline -0.003 -14"><span class='ocrx_word' id='word_1_285' title='bbox 1917 697 2042 738; x_wconf 89' lang='lat' dir='ltr'><strong>cum</strong></span> <span class='ocrx_word' id='word_1_286' title='bbox 2087 683 2203 738; x_wconf 86' lang='lat' dir='ltr'><strong>suis</strong></span> <span class='ocrx_word' id='word_1_287' title='bbox 2236 681 2303 736; x_wconf 89' lang='lat' dir='ltr'><strong>ad</strong></span> <span class='ocrx_word' id='word_1_288' title='bbox 2334 681 2518 736; x_wconf 76' lang='lat' dir='ltr'><strong>Iesum</strong></span> <span class='ocrx_word' id='word_1_289' title='bbox 2558 680 2876 736; x_wconf 82' lang='lat' dir='ltr'><strong>revertitur.</strong></span> <span class='ocrx_word' id='word_1_290' title='bbox 2923 679 2975 735; x_wconf 92' lang='lat' dir='ltr'><strong>Is</strong></span> <span class='ocrx_word' id='word_1_291' title='bbox 3013 681 3298 752; x_wconf 82' lang='lat' dir='ltr'><strong>provincia</strong></span> <span class='ocrx_word' id='word_1_292' title='bbox 3345 691 3495 736; x_wconf 85' lang='lat' dir='ltr'><strong>sorte</strong></span> 
     </span>
    </p>
   </div>
   <div class='ocr_carea' id='block_1_43' title="bbox 1918 773 3496 844">
    <p class='ocr_par' dir='ltr' id='par_1_43' title="bbox 1918 773 3496 844">
     <span class='ocr_line' id='line_1_43' title="bbox 1918 773 3496 844; baseline -0.002 -15"><span class='ocrx_word' id='word_1_293' title='bbox 1918 775 2066 830; x_wconf 90' lang='lat' dir='ltr'><strong>inter</strong></span> <span class='ocrx_word' id='word_1_294' title='bbox 2110 774 2376 844; x_wconf 89' lang='lat' dir='ltr'><strong>populum</strong></span> <span class='ocrx_word' id='word_1_295' title='bbox 2425 773 2759 838; x_wconf 87' lang='lat' dir='ltr'><strong>distributa,</strong></span> <span class='ocrx_word' id='word_1_296' title='bbox 2811 773 3030 828; x_wconf 88' lang='lat' dir='ltr'><strong>Sieimis</strong></span> <span class='ocrx_word' id='word_1_297' title='bbox 3083 773 3317 842; x_wconf 84' lang='lat' dir='ltr'><strong>degebat</strong></span> <span class='ocrx_word' id='word_1_298' title='bbox 3365 791 3378 826; x_wconf 88' lang='lat'><strong>:</strong></span> <span class='ocrx_word' id='word_1_299' title='bbox 3431 791 3496 827; x_wconf 84' lang='lat' dir='ltr'><strong>ac</strong></span> 
     </span>
    </p>
   </div>
   <div class='ocr_carea' id='block_1_44' title="bbox 1919 867 3497 940">
    <p class='ocr_par' dir='ltr' id='par_1_44' title="bbox 1919 867 3497 940">
     <span class='ocr_line' id='line_1_44' title="bbox 1919 867 3497 940; baseline 0 -17"><span class='ocrx_word' id='word_1_300' title='bbox 1919 869 2075 923; x_wconf 89' lang='lat' dir='ltr'><strong>senio</strong></span> <span class='ocrx_word' id='word_1_301' title='bbox 2107 867 2417 933; x_wconf 84' lang='lat' dir='ltr'><strong>confectus,</strong></span> <span class='ocrx_word' id='word_1_302' title='bbox 2438 875 2496 922; x_wconf 91' lang='lat' dir='ltr'><strong>et</strong></span> <span class='ocrx_word' id='word_1_303' title='bbox 2524 868 2748 939; x_wconf 86' lang='lat' dir='ltr'><strong>jamjam</strong></span> <span class='ocrx_word' id='word_1_304' title='bbox 2784 869 3116 933; x_wconf 83' lang='lat' dir='ltr'><strong>moriturus,</strong></span> <span class='ocrx_word' id='word_1_305' title='bbox 3152 869 3359 938; x_wconf 88' lang='lat' dir='ltr'><strong>populo</strong></span> <span class='ocrx_word' id='word_1_306' title='bbox 3385 868 3497 940; x_wconf 63' lang='grc'><strong>48</strong></span> 
     </span>
    </p>
   </div>
   <div class='ocr_carea' id='block_1_45' title="bbox 1920 959 3493 1025">
    <p class='ocr_par' dir='ltr' id='par_1_45' title="bbox 1920 959 3493 1025">
     <span class='ocr_line' id='line_1_45' title="bbox 1920 959 3493 1025; baseline 0 -11"><span class='ocrx_word' id='word_1_307' title='bbox 1920 960 2080 1014; x_wconf 83' lang='lat' dir='ltr'><strong>ofﬁcii</strong></span> <span class='ocrx_word' id='word_1_308' title='bbox 2113 959 2415 1023; x_wconf 89' lang='lat' dir='ltr'><strong>admonito,</strong></span> <span class='ocrx_word' id='word_1_309' title='bbox 2452 959 2592 1025; x_wconf 84' lang='lat' dir='ltr'><strong>obit,</strong></span> <span class='ocrx_word' id='word_1_310' title='bbox 2631 974 2758 1014; x_wconf 89' lang='lat' dir='ltr'><strong>cum</strong></span> <span class='ocrx_word' id='word_1_311' title='bbox 2798 975 2975 1014; x_wconf 88' lang='lat' dir='ltr'><strong>annos</strong></span> <span class='ocrx_word' id='word_1_312' title='bbox 3009 961 3239 1016; x_wconf 79' lang='lat' dir='ltr'><strong>vixisset</strong></span> <span class='ocrx_word' id='word_1_313' title='bbox 3273 971 3493 1016; x_wconf 81' lang='lat' dir='ltr'><strong>centum</strong></span> 
     </span>
    </p>
   </div>
   <div class='ocr_carea' id='block_1_46' title="bbox 1920 1051 3496 1122">
    <p class='ocr_par' dir='ltr' id='par_1_46' title="bbox 1920 1051 3496 1122">
     <span class='ocr_line' id='line_1_46' title="bbox 1920 1051 3496 1122; baseline -0.001 -13"><span class='ocrx_word' id='word_1_314' title='bbox 1920 1062 1976 1109; x_wconf 86' lang='lat' dir='ltr'><strong>et</strong></span> <span class='ocrx_word' id='word_1_315' title='bbox 2001 1052 2216 1114; x_wconf 86' lang='lat' dir='ltr'><strong>decem,</strong></span> <span class='ocrx_word' id='word_1_316' title='bbox 2248 1067 2484 1121; x_wconf 88' lang='lat' dir='ltr'><strong>quorum</strong></span> <span class='ocrx_word' id='word_1_317' title='bbox 2515 1066 2641 1106; x_wconf 88' lang='lat' dir='ltr'><strong>eum</strong></span> <span class='ocrx_word' id='word_1_318' title='bbox 2674 1051 2822 1107; x_wconf 86' lang='lat' dir='ltr'><strong>Mose</strong></span> <span class='ocrx_word' id='word_1_319' title='bbox 2856 1060 3106 1106; x_wconf 86' lang='lat' dir='ltr'><strong>versatus</strong></span> <span class='ocrx_word' id='word_1_320' title='bbox 3145 1052 3326 1107; x_wconf 81' lang='lat' dir='ltr'><strong>fuerat</strong></span> <span class='ocrx_word' id='word_1_321' title='bbox 3356 1069 3496 1122; x_wconf 89' lang='lat' dir='ltr'><strong>qua-</strong></span> 
     </span>
    </p>
   </div>
   <div class='ocr_carea' id='block_1_47' title="bbox 1921 1144 3498 1216">
    <p class='ocr_par' dir='ltr' id='par_1_47' title="bbox 1921 1144 3498 1216">
     <span class='ocr_line' id='line_1_47' title="bbox 1921 1144 3498 1216; baseline 0 -16"><span class='ocrx_word' id='word_1_322' title='bbox 1921 1146 2194 1216; x_wconf 88' lang='lat' dir='ltr'><strong>draginta,</strong></span> <span class='ocrx_word' id='word_1_323' title='bbox 2232 1155 2287 1200; x_wconf 89' lang='lat' dir='ltr'><strong>et</strong></span> <span class='ocrx_word' id='word_1_324' title='bbox 2331 1154 2452 1214; x_wconf 89' lang='lat' dir='ltr'><strong>post</strong></span> <span class='ocrx_word' id='word_1_325' title='bbox 2485 1145 2605 1215; x_wconf 92' lang='lat' dir='ltr'><strong>ejus</strong></span> <span class='ocrx_word' id='word_1_326' title='bbox 2649 1144 2865 1199; x_wconf 88' lang='lat' dir='ltr'><strong>obitum</strong></span> <span class='ocrx_word' id='word_1_327' title='bbox 2920 1147 3224 1200; x_wconf 82' lang='lat' dir='ltr'><strong>exercitum</strong></span> <span class='ocrx_word' id='word_1_328' title='bbox 3264 1146 3498 1202; x_wconf 76' lang='lat' dir='ltr'><strong>duxerat</strong></span> 
     </span>
    </p>
   </div>
   <div class='ocr_carea' id='block_1_48' title="bbox 1921 1237 3493 1308">
    <p class='ocr_par' dir='ltr' id='par_1_48' title="bbox 1921 1237 3493 1308">
     <span class='ocr_line' id='line_1_48' title="bbox 1921 1237 3493 1308; baseline 0.001 -17"><span class='ocrx_word' id='word_1_329' title='bbox 1921 1237 2164 1308; x_wconf 84' lang='lat' dir='ltr'><strong>quinque</strong></span> <span class='ocrx_word' id='word_1_330' title='bbox 2194 1248 2250 1292; x_wconf 91' lang='lat' dir='ltr'><strong>et</strong></span> <span class='ocrx_word' id='word_1_331' title='bbox 2287 1237 2494 1308; x_wconf 78' lang='lat' dir='ltr'><strong>viginti.</strong></span> <span class='ocrx_word' id='word_1_332' title='bbox 2525 1237 2758 1291; x_wconf 83' lang='lat' dir='ltr'><strong>Moritur</strong></span> <span class='ocrx_word' id='word_1_333' title='bbox 2800 1244 2855 1291; x_wconf 89' lang='lat' dir='ltr'><strong>et</strong></span> <span class='ocrx_word' id='word_1_334' title='bbox 2900 1238 3196 1292; x_wconf 85' lang='lat' dir='ltr'><strong>Eleazarus</strong></span> <span class='ocrx_word' id='word_1_335' title='bbox 3228 1239 3493 1308; x_wconf 82' lang='lat' dir='ltr'><strong>pontifex.</strong></span> 
     </span>
    </p>
   </div>
   <div class='ocr_carea' id='block_1_49' title="bbox 1924 1328 3496 1386">
    <p class='ocr_par' dir='ltr' id='par_1_49' title="bbox 1924 1328 3496 1386">
     <span class='ocr_line' id='line_1_49' title="bbox 1924 1328 3496 1386; baseline -0.003 0"><span class='ocrx_word' id='word_1_336' title='bbox 1924 1331 2036 1386; x_wconf 81' lang='lat' dir='ltr'><strong>filio</strong></span> <span class='ocrx_word' id='word_1_337' title='bbox 2083 1329 2278 1385; x_wconf 89' lang='lat' dir='ltr'><strong>Phinei</strong></span> <span class='ocrx_word' id='word_1_338' title='bbox 2321 1329 2630 1384; x_wconf 88' lang='lat' dir='ltr'><strong>sacerdotio</strong></span> <span class='ocrx_word' id='word_1_339' title='bbox 2680 1329 2898 1384; x_wconf 90' lang='lat' dir='ltr'><strong>relicto.</strong></span> <span class='ocrx_word' id='word_1_340' title='bbox 2935 1328 3065 1383; x_wconf 85' lang='lat' dir='ltr'><strong>Post</strong></span> <span class='ocrx_word' id='word_1_341' title='bbox 3110 1329 3320 1384; x_wconf 88' lang='lat' dir='ltr'><strong>obitum</strong></span> <span class='ocrx_word' id='word_1_342' title='bbox 3367 1330 3496 1385; x_wconf 84' lang='lat' dir='ltr'><strong>Jesu</strong></span> 
     </span>
    </p>
   </div>
   <div class='ocr_carea' id='block_1_50' title="bbox 1921 1422 3494 1491">
    <p class='ocr_par' dir='ltr' id='par_1_50' title="bbox 1921 1422 3494 1491">
     <span class='ocr_line' id='line_1_50' title="bbox 1921 1422 3494 1491; baseline -0.002 -13"><span class='ocrx_word' id='word_1_343' title='bbox 1921 1423 2234 1486; x_wconf 77' lang='lat' dir='ltr'><strong>Clianamei,</strong></span> <span class='ocrx_word' id='word_1_344' title='bbox 2261 1422 2438 1489; x_wconf 76' lang='lat' dir='ltr'><strong>gentis</strong></span> <span class='ocrx_word' id='word_1_345' title='bbox 2464 1422 2705 1477; x_wconf 67' lang='lat' dir='ltr'><strong>llebrm</strong></span> <span class='ocrx_word' id='word_1_346' title='bbox 2740 1423 3064 1491; x_wconf 62' lang='lat' dir='ltr'><strong>superanda:</strong></span> <span class='ocrx_word' id='word_1_347' title='bbox 3093 1436 3187 1490; x_wconf 87' lang='lat' dir='ltr'><strong>spe</strong></span> <span class='ocrx_word' id='word_1_348' title='bbox 3210 1431 3494 1491; x_wconf 74' lang='lat' dir='ltr'><strong>concepta.</strong></span> 
     </span>
    </p>
   </div>
   <div class='ocr_carea' id='block_1_51' title="bbox 1923 1513 3500 1580">
    <p class='ocr_par' dir='ltr' id='par_1_51' title="bbox 1923 1513 3500 1580">
     <span class='ocr_line' id='line_1_51' title="bbox 1923 1513 3500 1580; baseline -0.002 -10"><span class='ocrx_word' id='word_1_349' title='bbox 1923 1516 2127 1570; x_wconf 88' lang='lat' dir='ltr'><strong>bellum</strong></span> <span class='ocrx_word' id='word_1_350' title='bbox 2180 1514 2421 1579; x_wconf 84' lang='lat' dir='ltr'><strong>faciunt,</strong></span> <span class='ocrx_word' id='word_1_351' title='bbox 2471 1513 2856 1569; x_wconf 82' lang='lat' dir='ltr'><strong>Adenibezeco</strong></span> <span class='ocrx_word' id='word_1_352' title='bbox 2909 1514 3239 1577; x_wconf 86' lang='lat' dir='ltr'><strong>imperatore</strong></span> <span class='ocrx_word' id='word_1_353' title='bbox 3288 1524 3500 1580; x_wconf 88' lang='lat' dir='ltr'><strong>creato,</strong></span> 
     </span>
    </p>
   </div>
   <div class='ocr_carea' id='block_1_52' title="bbox 1923 1602 3497 1675">
    <p class='ocr_par' dir='ltr' id='par_1_52' title="bbox 1923 1602 3497 1675">
     <span class='ocr_line' id='line_1_52' title="bbox 1923 1602 3497 1675; baseline -0.002 -17"><span class='ocrx_word' id='word_1_354' title='bbox 1923 1605 2071 1675; x_wconf 90' lang='lat' dir='ltr'><strong>quod</strong></span> <span class='ocrx_word' id='word_1_355' title='bbox 2101 1620 2301 1658; x_wconf 88' lang='lat' dir='ltr'><strong>nomen</strong></span> <span class='ocrx_word' id='word_1_356' title='bbox 2333 1602 2578 1659; x_wconf 66' lang='lat' dir='ltr'><strong>Hebrmis</strong></span> <span class='ocrx_word' id='word_1_357' title='bbox 2609 1603 2803 1658; x_wconf 89' lang='lat' dir='ltr'><strong>Bezeci</strong></span> <span class='ocrx_word' id='word_1_358' title='bbox 2834 1603 3120 1658; x_wconf 88' lang='lat' dir='ltr'><strong>dominum</strong></span> <span class='ocrx_word' id='word_1_359' title='bbox 3153 1613 3333 1658; x_wconf 86' lang='lat' dir='ltr'><strong>sonat.</strong></span> <span class='ocrx_word' id='word_1_360' title='bbox 3361 1603 3497 1659; x_wconf 88' lang='lat' dir='ltr'><strong>Cum</strong></span> 
     </span>
    </p>
   </div>
   <div class='ocr_carea' id='block_1_53' title="bbox 1926 1695 3500 1767">
    <p class='ocr_par' dir='ltr' id='par_1_53' title="bbox 1926 1695 3500 1767">
     <span class='ocr_line' id='line_1_53' title="bbox 1926 1695 3500 1767; baseline -0.001 -15"><span class='ocrx_word' id='word_1_361' title='bbox 1926 1697 2014 1752; x_wconf 88' lang='lat' dir='ltr'><strong>his</strong></span> <span class='ocrx_word' id='word_1_362' title='bbox 2044 1697 2166 1752; x_wconf 80' lang='lat' dir='ltr'><strong>duae</strong></span> <span class='ocrx_word' id='word_1_363' title='bbox 2218 1697 2418 1762; x_wconf 89' lang='lat' dir='ltr'><strong>tribus,</strong></span> <span class='ocrx_word' id='word_1_364' title='bbox 2451 1695 2678 1752; x_wconf 87' lang='lat' dir='ltr'><strong>Judaica</strong></span> <span class='ocrx_word' id='word_1_365' title='bbox 2725 1706 2783 1751; x_wconf 87' lang='lat' dir='ltr'><strong>et</strong></span> <span class='ocrx_word' id='word_1_366' title='bbox 2826 1696 3139 1766; x_wconf 84' lang='lat' dir='ltr'><strong>Symeonia,</strong></span> <span class='ocrx_word' id='word_1_367' title='bbox 3172 1711 3500 1767; x_wconf 79' lang='lat' dir='ltr'><strong>congressae,</strong></span> 
     </span>
    </p>
   </div>
   <div class='ocr_carea' id='block_1_54' title="bbox 1926 1787 3500 1860">
    <p class='ocr_par' dir='ltr' id='par_1_54' title="bbox 1926 1787 3500 1860">
     <span class='ocr_line' id='line_1_54' title="bbox 1926 1787 3500 1860; baseline -0.003 -16"><span class='ocrx_word' id='word_1_368' title='bbox 1926 1789 1984 1844; x_wconf 89' lang='lat' dir='ltr'><strong>in</strong></span> <span class='ocrx_word' id='word_1_369' title='bbox 2033 1788 2216 1858; x_wconf 83' lang='lat' dir='ltr'><strong>fugam</strong></span> <span class='ocrx_word' id='word_1_370' title='bbox 2259 1796 2485 1843; x_wconf 87' lang='lat' dir='ltr'><strong>vertunt</strong></span> <span class='ocrx_word' id='word_1_371' title='bbox 2532 1789 2742 1852; x_wconf 86' lang='lat' dir='ltr'><strong>hostes,</strong></span> <span class='ocrx_word' id='word_1_372' title='bbox 2783 1787 3230 1842; x_wconf 82' lang='lat' dir='ltr'><strong>Adonibezecum</strong></span> <span class='ocrx_word' id='word_1_373' title='bbox 3280 1796 3500 1860; x_wconf 85' lang='lat' dir='ltr'><strong>captum</strong></span> 
     </span>
    </p>
   </div>
   <div class='ocr_carea' id='block_1_55' title="bbox 1927 1880 3501 1951">
    <p class='ocr_par' dir='ltr' id='par_1_55' title="bbox 1927 1880 3501 1951">
     <span class='ocr_line' id='line_1_55' title="bbox 1927 1880 3501 1951; baseline -0.003 -13"><span class='ocrx_word' id='word_1_374' title='bbox 1927 1885 2206 1939; x_wconf 88' lang='lat' dir='ltr'><strong>mutilant.</strong></span> <span class='ocrx_word' id='word_1_375' title='bbox 2241 1883 2408 1938; x_wconf 84' lang='lat' dir='ltr'><strong>Multa</strong></span> <span class='ocrx_word' id='word_1_376' title='bbox 2443 1882 2574 1937; x_wconf 91' lang='lat' dir='ltr'><strong>item</strong></span> <span class='ocrx_word' id='word_1_377' title='bbox 2609 1881 2809 1951; x_wconf 86' lang='lat' dir='ltr'><strong>oppida</strong></span> <span class='ocrx_word' id='word_1_378' title='bbox 2839 1896 3058 1951; x_wconf 90' lang='lat' dir='ltr'><strong>cepere,</strong></span> <span class='ocrx_word' id='word_1_379' title='bbox 3091 1891 3147 1936; x_wconf 91' lang='lat' dir='ltr'><strong>et</strong></span> <span class='ocrx_word' id='word_1_380' title='bbox 3181 1880 3501 1938; x_wconf 87' lang='lat' dir='ltr'><strong>inferiorem</strong></span> 
     </span>
    </p>
   </div>
   <div class='ocr_carea' id='block_1_56' title="bbox 1928 1972 3500 2047">
    <p class='ocr_par' dir='ltr' id='par_1_56' title="bbox 1928 1972 3500 2047">
     <span class='ocr_line' id='line_1_56' title="bbox 1928 1972 3500 2047; baseline -0.001 -18"><span class='ocrx_word' id='word_1_381' title='bbox 1928 1975 2432 2047; x_wconf 78' lang='lat' dir='ltr'><strong>Hierosolymorum</strong></span> <span class='ocrx_word' id='word_1_382' title='bbox 2508 1974 2745 2038; x_wconf 89' lang='lat' dir='ltr'><strong>urbem,</strong></span> <span class='ocrx_word' id='word_1_383' title='bbox 2809 1972 3220 2028; x_wconf 76' lang='lat' dir='ltr'><strong>habitatoribus</strong></span> <span class='ocrx_word' id='word_1_384' title='bbox 3279 1973 3500 2029; x_wconf 85' lang='lat' dir='ltr'><strong>occisis.</strong></span> 
     </span>
    </p>
   </div>
   <div class='ocr_carea' id='block_1_57' title="bbox 1927 2064 3500 2138">
    <p class='ocr_par' dir='ltr' id='par_1_57' title="bbox 1927 2064 3500 2138">
     <span class='ocr_line' id='line_1_57' title="bbox 1927 2064 3500 2138; baseline -0.004 -14"><span class='ocrx_word' id='word_1_385' title='bbox 1927 2069 2129 2124; x_wconf 78' lang='lat' dir='ltr'><strong>Verum</strong></span> <span class='ocrx_word' id='word_1_386' title='bbox 2176 2067 2478 2138; x_wconf 86' lang='lat' dir='ltr'><strong>superioris</strong></span> <span class='ocrx_word' id='word_1_387' title='bbox 2522 2066 2762 2121; x_wconf 90' lang='lat' dir='ltr'><strong>difIicilis</strong></span> <span class='ocrx_word' id='word_1_388' title='bbox 2801 2072 2922 2120; x_wconf 84' lang='lat' dir='ltr'><strong>erat</strong></span> <span class='ocrx_word' id='word_1_389' title='bbox 2965 2064 3202 2131; x_wconf 87' lang='lat' dir='ltr'><strong>obsidio,</strong></span> <span class='ocrx_word' id='word_1_390' title='bbox 3239 2069 3351 2120; x_wconf 74' lang='lat' dir='ltr'><strong>tam</strong></span> <span class='ocrx_word' id='word_1_391' title='bbox 3393 2065 3500 2120; x_wconf 86' lang='lat' dir='ltr'><strong>situ</strong></span> 
     </span>
    </p>
   </div>
   <div class='ocr_carea' id='block_1_58' title="bbox 1927 2154 3503 2231">
    <p class='ocr_par' dir='ltr' id='par_1_58' title="bbox 1927 2154 3503 2231">
     <span class='ocr_line' id='line_1_58' title="bbox 1927 2154 3503 2231; baseline -0.004 -16"><span class='ocrx_word' id='word_1_392' title='bbox 1927 2176 2090 2231; x_wconf 86' lang='lat' dir='ltr'><strong>quam</strong></span> <span class='ocrx_word' id='word_1_393' title='bbox 2167 2159 2444 2215; x_wconf 76' lang='lat' dir='ltr'><strong>moenibus</strong></span> <span class='ocrx_word' id='word_1_394' title='bbox 2507 2157 2858 2228; x_wconf 72' lang='lat' dir='ltr'><strong>permunitae.</strong></span> <span class='ocrx_word' id='word_1_395' title='bbox 2916 2154 3265 2210; x_wconf 83' lang='lat' dir='ltr'><strong>Chebronem</strong></span> <span class='ocrx_word' id='word_1_396' title='bbox 3334 2155 3503 2210; x_wconf 85' lang='lat' dir='ltr'><strong>etiam</strong></span> 
     </span>
    </p>
   </div>
   <div class='ocr_carea' id='block_1_59' title="bbox 1929 2247 3503 2323">
    <p class='ocr_par' dir='ltr' id='par_1_59' title="bbox 1929 2247 3503 2323">
     <span class='ocr_line' id='line_1_59' title="bbox 1929 2247 3503 2323; baseline -0.005 -15"><span class='ocrx_word' id='word_1_397' title='bbox 1929 2263 2180 2323; x_wconf 88' lang='lat' dir='ltr'><strong>captam,</strong></span> <span class='ocrx_word' id='word_1_398' title='bbox 2240 2251 2456 2307; x_wconf 89' lang='lat' dir='ltr'><strong>civibus</strong></span> <span class='ocrx_word' id='word_1_399' title='bbox 2505 2248 2855 2312; x_wconf 85' lang='lat' dir='ltr'><strong>interfectis,</strong></span> <span class='ocrx_word' id='word_1_400' title='bbox 2919 2247 3122 2303; x_wconf 89' lang='lat' dir='ltr'><strong>Calebo</strong></span> <span class='ocrx_word' id='word_1_401' title='bbox 3186 2247 3241 2301; x_wconf 89' lang='lat' dir='ltr'><strong>in</strong></span> <span class='ocrx_word' id='word_1_402' title='bbox 3299 2256 3503 2302; x_wconf 88' lang='lat' dir='ltr'><strong>sortem</strong></span> 
     </span>
    </p>
   </div>
   <div class='ocr_carea' id='block_1_60' title="bbox 1928 2342 3506 2412">
    <p class='ocr_par' dir='ltr' id='par_1_60' title="bbox 1928 2342 3506 2412">
     <span class='ocr_line' id='line_1_60' title="bbox 1928 2342 3506 2412; baseline -0.003 -11"><span class='ocrx_word' id='word_1_403' title='bbox 1928 2346 2242 2410; x_wconf 87' lang='lat' dir='ltr'><strong>dederunt,</strong></span> <span class='ocrx_word' id='word_1_404' title='bbox 2294 2354 2355 2399; x_wconf 91' lang='lat' dir='ltr'><strong>ut</strong></span> <span class='ocrx_word' id='word_1_405' title='bbox 2403 2345 2693 2399; x_wconf 87' lang='lat' dir='ltr'><strong>mandarat</strong></span> <span class='ocrx_word' id='word_1_406' title='bbox 2746 2344 2943 2399; x_wconf 83' lang='lat' dir='ltr'><strong>Moses.</strong></span> <span class='ocrx_word' id='word_1_407' title='bbox 2992 2342 3240 2398; x_wconf 86' lang='lat' dir='ltr'><strong>Jothoris</strong></span> <span class='ocrx_word' id='word_1_408' title='bbox 3288 2357 3506 2412; x_wconf 85' lang='lat' dir='ltr'><strong>quoque</strong></span> 
     </span>
    </p>
   </div>
   <div class='ocr_carea' id='block_1_61' title="bbox 1927 2433 3507 2507">
    <p class='ocr_par' dir='ltr' id='par_1_61' title="bbox 1927 2433 3507 2507">
     <span class='ocr_line' id='line_1_61' title="bbox 1927 2433 3507 2507; baseline -0.003 -15"><span class='ocrx_word' id='word_1_409' title='bbox 1927 2437 2182 2507; x_wconf 85' lang='lat' dir='ltr'><strong>posteris,</strong></span> <span class='ocrx_word' id='word_1_410' title='bbox 2212 2436 2373 2491; x_wconf 83' lang='lat' dir='ltr'><strong>Musis</strong></span> <span class='ocrx_word' id='word_1_411' title='bbox 2396 2435 2672 2500; x_wconf 74' lang='lat' dir='ltr'><strong>amnibus,</strong></span> <span class='ocrx_word' id='word_1_412' title='bbox 2703 2449 2864 2506; x_wconf 81' lang='lat' dir='ltr'><strong>agros</strong></span> <span class='ocrx_word' id='word_1_413' title='bbox 2889 2435 3259 2504; x_wconf 82' lang='lat' dir='ltr'><strong>assignarunt,</strong></span> <span class='ocrx_word' id='word_1_414' title='bbox 3285 2433 3430 2504; x_wconf 88' lang='lat' dir='ltr'><strong>quod</strong></span> <span class='ocrx_word' id='word_1_415' title='bbox 3460 2433 3507 2488; x_wconf 92' lang='lat' dir='ltr'><strong>is</strong></span> 
     </span>
    </p>
   </div>
   <div class='ocr_carea' id='block_1_62' title="bbox 1929 2526 3506 2599">
    <p class='ocr_par' dir='ltr' id='par_1_62' title="bbox 1929 2526 3506 2599">
     <span class='ocr_line' id='line_1_62' title="bbox 1929 2526 3506 2599; baseline -0.002 -16"><span class='ocrx_word' id='word_1_416' title='bbox 1929 2529 2106 2599; x_wconf 88' lang='lat' dir='ltr'><strong>patria</strong></span> <span class='ocrx_word' id='word_1_417' title='bbox 2155 2528 2386 2594; x_wconf 88' lang='lat' dir='ltr'><strong>relicta,</strong></span> <span class='ocrx_word' id='word_1_418' title='bbox 2437 2528 2701 2597; x_wconf 85' lang='lat' dir='ltr'><strong>populum</strong></span> <span class='ocrx_word' id='word_1_419' title='bbox 2755 2526 3108 2582; x_wconf 65' lang='lat' dir='ltr'><strong>Hebraeorum</strong></span> <span class='ocrx_word' id='word_1_420' title='bbox 3170 2527 3224 2580; x_wconf 93' lang='lat' dir='ltr'><strong>in</strong></span> <span class='ocrx_word' id='word_1_421' title='bbox 3281 2527 3506 2580; x_wconf 86' lang='lat' dir='ltr'><strong>deserto</strong></span> 
     </span>
    </p>
   </div>
   <div class='ocr_carea' id='block_1_63' title="bbox 1929 2615 3508 2688">
    <p class='ocr_par' dir='ltr' id='par_1_63' title="bbox 1929 2615 3508 2688">
     <span class='ocr_line' id='line_1_63' title="bbox 1929 2615 3508 2688; baseline -0.003 -14"><span class='ocrx_word' id='word_1_422' title='bbox 1929 2626 2152 2674; x_wconf 91' lang='lat' dir='ltr'><strong>secutus</strong></span> <span class='ocrx_word' id='word_1_423' title='bbox 2176 2628 2342 2674; x_wconf 84' lang='lat' dir='ltr'><strong>esset.</strong></span> <span class='ocrx_word' id='word_1_424' title='bbox 2369 2619 2439 2673; x_wconf 82' lang='lat' dir='ltr'><strong>At</strong></span> <span class='ocrx_word' id='word_1_425' title='bbox 2476 2618 2708 2674; x_wconf 86' lang='lat' dir='ltr'><strong>Judaica</strong></span> <span class='ocrx_word' id='word_1_426' title='bbox 2732 2628 2789 2673; x_wconf 89' lang='lat' dir='ltr'><strong>et</strong></span> <span class='ocrx_word' id='word_1_427' title='bbox 2830 2617 3121 2688; x_wconf 85' lang='lat' dir='ltr'><strong>Symeonia</strong></span> <span class='ocrx_word' id='word_1_428' title='bbox 3160 2615 3359 2680; x_wconf 87' lang='lat' dir='ltr'><strong>tribus,</strong></span> <span class='ocrx_word' id='word_1_429' title='bbox 3386 2632 3508 2670; x_wconf 79' lang='lat' dir='ltr'><strong>ma-</strong></span> 
     </span>
    </p>
   </div>
   <div class='ocr_carea' id='block_1_64' title="bbox 1929 2708 3506 2782">
    <p class='ocr_par' dir='ltr' id='par_1_64' title="bbox 1929 2708 3506 2782">
     <span class='ocr_line' id='line_1_64' title="bbox 1929 2708 3506 2782; baseline -0.003 -17"><span class='ocrx_word' id='word_1_430' title='bbox 1929 2726 2090 2782; x_wconf 87' lang='lat' dir='ltr'><strong>gnam</strong></span> <span class='ocrx_word' id='word_1_431' title='bbox 2109 2711 2317 2781; x_wconf 79' lang='lat' dir='ltr'><strong>adeptae</strong></span> <span class='ocrx_word' id='word_1_432' title='bbox 2342 2711 2680 2777; x_wconf 81' lang='lat' dir='ltr'><strong>felicitatem,</strong></span> <span class='ocrx_word' id='word_1_433' title='bbox 2707 2725 2859 2765; x_wconf 85' lang='lat' dir='ltr'><strong>arma</strong></span> <span class='ocrx_word' id='word_1_434' title='bbox 2891 2717 3229 2779; x_wconf 89' lang='lat' dir='ltr'><strong>posuerunt;</strong></span> <span class='ocrx_word' id='word_1_435' title='bbox 3267 2708 3506 2778; x_wconf 82' lang='lat' dir='ltr'><strong>Ephrai-</strong></span> 
     </span>
    </p>
   </div>
   <div class='ocr_carea' id='block_1_65' title="bbox 1931 2804 3502 2873">
    <p class='ocr_par' dir='ltr' id='par_1_65' title="bbox 1931 2804 3502 2873">
     <span class='ocr_line' id='line_1_65' title="bbox 1931 2804 3502 2873; baseline -0.003 -14"><span class='ocrx_word' id='word_1_436' title='bbox 1931 2805 2078 2862; x_wconf 75' lang='lat' dir='ltr'><strong>mitte</strong></span> <span class='ocrx_word' id='word_1_437' title='bbox 2105 2820 2262 2873; x_wconf 91' lang='lat' dir='ltr'><strong>vero,</strong></span> <span class='ocrx_word' id='word_1_438' title='bbox 2294 2804 2535 2860; x_wconf 88' lang='lat' dir='ltr'><strong>Betbelis</strong></span> <span class='ocrx_word' id='word_1_439' title='bbox 2566 2804 2854 2859; x_wconf 86' lang='lat' dir='ltr'><strong>obsidione</strong></span> <span class='ocrx_word' id='word_1_440' title='bbox 2882 2805 3081 2859; x_wconf 79' lang='lat' dir='ltr'><strong>frustra</strong></span> <span class='ocrx_word' id='word_1_441' title='bbox 3119 2811 3344 2865; x_wconf 88' lang='lat' dir='ltr'><strong>tentata,</strong></span> <span class='ocrx_word' id='word_1_442' title='bbox 3380 2817 3502 2856; x_wconf 88' lang='lat' dir='ltr'><strong>cum</strong></span> 
     </span>
    </p>
   </div>
   <div class='ocr_carea' id='block_1_66' title="bbox 1933 2892 3504 2966">
    <p class='ocr_par' dir='ltr' id='par_1_66' title="bbox 1933 2892 3504 2966">
     <span class='ocr_line' id='line_1_66' title="bbox 1933 2892 3504 2966; baseline -0.004 -16"><span class='ocrx_word' id='word_1_443' title='bbox 1933 2896 2114 2950; x_wconf 89' lang='lat' dir='ltr'><strong>civem</strong></span> <span class='ocrx_word' id='word_1_444' title='bbox 2166 2897 2288 2966; x_wconf 90' lang='lat' dir='ltr'><strong>ejus</strong></span> <span class='ocrx_word' id='word_1_445' title='bbox 2332 2894 2487 2948; x_wconf 80' lang='lat' dir='ltr'><strong>urbis</strong></span> <span class='ocrx_word' id='word_1_446' title='bbox 2533 2895 2833 2964; x_wconf 89' lang='lat' dir='ltr'><strong>cepissent,</strong></span> <span class='ocrx_word' id='word_1_447' title='bbox 2864 2894 3302 2948; x_wconf 87' lang='lat' dir='ltr'><strong>incolumitatem</strong></span> <span class='ocrx_word' id='word_1_448' title='bbox 3338 2892 3412 2946; x_wconf 90' lang='lat' dir='ltr'><strong>illi</strong></span> <span class='ocrx_word' id='word_1_449' title='bbox 3447 2899 3504 2945; x_wconf 90' lang='lat' dir='ltr'><strong>et</strong></span> 
     </span>
    </p>
   </div>
   <div class='ocr_carea' id='block_1_67' title="bbox 1934 2985 3503 3058">
    <p class='ocr_par' dir='ltr' id='par_1_67' title="bbox 1934 2985 3503 3058">
     <span class='ocr_line' id='line_1_67' title="bbox 1934 2985 3503 3058; baseline -0.002 -17"><span class='ocrx_word' id='word_1_450' title='bbox 1934 2988 2182 3058; x_wconf 84' lang='lat' dir='ltr'><strong>cognatis</strong></span> <span class='ocrx_word' id='word_1_451' title='bbox 2233 2988 2354 3058; x_wconf 89' lang='lat' dir='ltr'><strong>ejus</strong></span> <span class='ocrx_word' id='word_1_452' title='bbox 2401 2985 2753 3057; x_wconf 86' lang='lat' dir='ltr'><strong>promittunt,</strong></span> <span class='ocrx_word' id='word_1_453' title='bbox 2782 2986 2827 3041; x_wconf 90' lang='lat' dir='ltr'><strong>si</strong></span> <span class='ocrx_word' id='word_1_454' title='bbox 2879 2986 3075 3041; x_wconf 90' lang='lat' dir='ltr'><strong>urbem</strong></span> <span class='ocrx_word' id='word_1_455' title='bbox 3119 2985 3396 3056; x_wconf 87' lang='lat' dir='ltr'><strong>proderet.</strong></span> <span class='ocrx_word' id='word_1_456' title='bbox 3431 2985 3503 3046; x_wconf 88' lang='lat' dir='ltr'><strong>Is.</strong></span> 
     </span>
    </p>
   </div>
   <div class='ocr_carea' id='block_1_68' title="bbox 2877 3078 3504 3144">
    <p class='ocr_par' dir='ltr' id='par_1_68' title="bbox 2877 3078 3504 3144">
     <span class='ocr_line' id='line_1_68' title="bbox 2877 3078 3504 3144; baseline -0.002 -12"><span class='ocrx_word' id='word_1_457' title='bbox 2877 3079 2978 3144; x_wconf 90' lang='lat' dir='ltr'><strong>illi,</strong></span> <span class='ocrx_word' id='word_1_458' title='bbox 3021 3078 3237 3133; x_wconf 82' lang='lat' dir='ltr'><strong>civibus</strong></span> <span class='ocrx_word' id='word_1_459' title='bbox 3283 3078 3504 3137; x_wconf 85' lang='lat' dir='ltr'><strong>occisis.</strong></span> 
     </span>
    </p>
   </div>
   <div class='ocr_carea' id='block_1_69' title="bbox 1940 3169 3510 3242">
    <p class='ocr_par' dir='ltr' id='par_1_69' title="bbox 1940 3169 3510 3242">
     <span class='ocr_line' id='line_1_69' title="bbox 1940 3169 3510 3242; baseline -0.003 -16"><span class='ocrx_word' id='word_1_460' title='bbox 1940 3172 2130 3228; x_wconf 89' lang='lat' dir='ltr'><strong>urbem</strong></span> <span class='ocrx_word' id='word_1_461' title='bbox 2232 3179 2524 3242; x_wconf 80' lang='lat' dir='ltr'><strong>occupant.</strong></span> <span class='ocrx_word' id='word_1_462' title='bbox 2597 3171 2934 3242; x_wconf 82' lang='lat' dir='ltr'><strong>Benjamitae,</strong></span> <span class='ocrx_word' id='word_1_463' title='bbox 2993 3170 3194 3238; x_wconf 90' lang='lat' dir='ltr'><strong>quibus</strong></span> <span class='ocrx_word' id='word_1_464' title='bbox 3250 3169 3510 3223; x_wconf 80' lang='lat' dir='ltr'><strong>Hieroso-</strong></span> 
     </span>
    </p>
   </div>
   <div class='ocr_carea' id='block_1_70' title="bbox 1936 3263 3509 3336">
    <p class='ocr_par' dir='ltr' id='par_1_70' title="bbox 1936 3263 3509 3336">
     <span class='ocr_line' id='line_1_70' title="bbox 1936 3263 3509 3336; baseline -0.002 -17"><span class='ocrx_word' id='word_1_465' title='bbox 1936 3266 2206 3336; x_wconf 89' lang='lat' dir='ltr'><strong>lymorum</strong></span> <span class='ocrx_word' id='word_1_466' title='bbox 2240 3266 2372 3319; x_wconf 91' lang='lat' dir='ltr'><strong>urbs</strong></span> <span class='ocrx_word' id='word_1_467' title='bbox 2404 3266 2727 3327; x_wconf 86' lang='lat' dir='ltr'><strong>obvenerat,</strong></span> <span class='ocrx_word' id='word_1_468' title='bbox 2758 3265 2966 3318; x_wconf 88' lang='lat' dir='ltr'><strong>tributo</strong></span> <span class='ocrx_word' id='word_1_469' title='bbox 2995 3263 3274 3333; x_wconf 87' lang='lat' dir='ltr'><strong>imposito,</strong></span> <span class='ocrx_word' id='word_1_470' title='bbox 3310 3263 3509 3317; x_wconf 77' lang='lat' dir='ltr'><strong>incolis</strong></span> 
     </span>
    </p>
   </div>
   <div class='ocr_carea' id='block_1_71' title="bbox 1939 3338 3510 3427">
    <p class='ocr_par' dir='ltr' id='par_1_71' title="bbox 1939 3338 3510 3427">
     <span class='ocr_line' id='line_1_71' title="bbox 1939 3338 3510 3427; baseline -0.001 -17"><span class='ocrx_word' id='word_1_471' title='bbox 1939 3357 2189 3410; x_wconf 87' lang='lat' dir='ltr'><strong>divinum</strong></span> <span class='ocrx_word' id='word_1_472' title='bbox 2238 3357 2557 3412; x_wconf 90' lang='lat' dir='ltr'><strong>mandatum</strong></span> <span class='ocrx_word' id='word_1_473' title='bbox 2589 3366 2981 3427; x_wconf 88' lang='lat' dir='ltr'><strong>pepercerunt.</strong></span> <span class='ocrx_word' id='word_1_474' title='bbox 3012 3355 3160 3410; x_wconf 87' lang='lat' dir='ltr'><strong>Idem</strong></span> <span class='ocrx_word' id='word_1_475' title='bbox 3194 3338 3358 3410; x_wconf 80' lang='lat' dir='ltr'><strong>etiam</strong></span> <span class='ocrx_word' id='word_1_476' title='bbox 3390 3355 3510 3410; x_wconf 74' lang='lat' dir='ltr'><strong>alia-</strong></span> 
     </span>
    </p>
   </div>
   <div class='ocr_carea' id='block_1_72' title="bbox 1935 3448 2544 3504">
    <p class='ocr_par' dir='ltr' id='par_1_72' title="bbox 1935 3448 2544 3504">
     <span class='ocr_line' id='line_1_72' title="bbox 1935 3448 2544 3504; baseline -0.005 -1"><span class='ocrx_word' id='word_1_477' title='bbox 1935 3449 2113 3504; x_wconf 85' lang='lat' dir='ltr'><strong>tribus</strong></span> <span class='ocrx_word' id='word_1_478' title='bbox 2143 3459 2271 3503; x_wconf 88' lang='lat' dir='ltr'><strong>sunt</strong></span> <span class='ocrx_word' id='word_1_479' title='bbox 2304 3448 2544 3502; x_wconf 74' lang='lat' dir='ltr'><strong>imitatae.</strong></span> 
     </span>
    </p>
   </div>
   <div class='ocr_carea' id='block_1_73' title="bbox 241 3536 3508 3613">
    <p class='ocr_par' dir='ltr' id='par_1_73' title="bbox 241 3536 3508 3613">
     <span class='ocr_line' id='line_1_73' title="bbox 241 3536 3508 3613; baseline -0.001 -16"><span class='ocrx_word' id='word_1_480' title='bbox 241 3543 500 3613; x_wconf 80' lang='grc' dir='ltr'><strong>πατρίδα</strong></span> <span class='ocrx_word' id='word_1_481' title='bbox 522 3541 747 3606; x_wconf 85' lang='grc' dir='ltr'><strong>σώσειν,</strong></span> <span class='ocrx_word' id='word_1_482' title='bbox 771 3540 868 3593; x_wconf 77' lang='grc' dir='ltr'><strong>καὶ</strong></span> <span class='ocrx_word' id='word_1_483' title='bbox 902 3539 1067 3593; x_wconf 75' lang='grc' dir='ltr'><strong>αὑτὸν</strong></span> <span class='ocrx_word' id='word_1_484' title='bbox 1098 3540 1194 3592; x_wconf 63' lang='grc' dir='ltr'><strong>καὶ⁹</strong></span> <span class='ocrx_word' id='word_1_485' title='bbox 1223 3541 1351 3604; x_wconf 83' lang='grc' dir='ltr'><strong>τοὺς</strong></span> <span class='ocrx_word' id='word_1_486' title='bbox 1381 3543 1688 3608; x_wconf 83' lang='grc' dir='ltr'><strong>συγγενεῖς.</strong></span> <span class='ocrx_word' id='word_1_487' title='bbox 1729 3541 1838 3593; x_wconf 75' lang='grc' dir='ltr'><strong>Καὶ</strong></span> <span class='ocrx_word' id='word_1_488' title='bbox 1872 3542 1900 3593; x_wconf 84' lang='grc' dir='ltr'>ὁ</span> <span class='ocrx_word' id='word_1_489' title='bbox 1943 3541 2040 3610; x_wconf 85' lang='grc' dir='ltr'><strong>μὲν</strong></span> <span class='ocrx_word' id='word_1_490' title='bbox 2071 3539 2241 3603; x_wconf 76' lang='grc' dir='ltr'><strong>οὕτως</strong></span> <span class='ocrx_word' id='word_1_491' title='bbox 2309 3541 2564 3611; x_wconf 78' lang='grc' dir='ltr'><strong>προδοὺς,</strong></span> <span class='ocrx_word' id='word_1_492' title='bbox 2622 3536 2854 3604; x_wconf 75' lang='grc' dir='ltr'><strong>σώζεται</strong></span> <span class='ocrx_word' id='word_1_493' title='bbox 2911 3540 3050 3610; x_wconf 83' lang='grc' dir='ltr'><strong>μετὰ</strong></span> <span class='ocrx_word' id='word_1_494' title='bbox 3093 3542 3201 3594; x_wconf 82' lang='grc' dir='ltr'><strong>τῶν</strong></span> <span class='ocrx_word' id='word_1_495' title='bbox 3268 3542 3508 3593; x_wconf 77' lang='grc' dir='ltr'><strong>οἰκείων.</strong></span> 
     </span>
    </p>
   </div>
   <div class='ocr_carea' id='block_1_74' title="bbox 237 3628 3514 3704">
    <p class='ocr_par' dir='ltr' id='par_1_74' title="bbox 237 3628 3514 3704">
     <span class='ocr_line' id='line_1_74' title="bbox 237 3628 3514 3704; baseline -0.001 -15"><span class='ocrx_word' id='word_1_496' title='bbox 237 3637 301 3689; x_wconf 87' lang='grc' dir='ltr'><strong>Οἱ</strong></span> <span class='ocrx_word' id='word_1_497' title='bbox 344 3637 432 3701; x_wconf 83' lang='grc' dir='ltr'><strong>δὲ,</strong></span> <span class='ocrx_word' id='word_1_498' title='bbox 467 3633 794 3696; x_wconf 81' lang='grc' dir='ltr'><strong>κτείναντες</strong></span> <span class='ocrx_word' id='word_1_499' title='bbox 827 3632 954 3694; x_wconf 76' lang='grc' dir='ltr'><strong>τοὺς</strong></span> <span class='ocrx_word' id='word_1_500' title='bbox 989 3630 1297 3698; x_wconf 76' lang='grc' dir='ltr'><strong>οἰκοῦντας,</strong></span> <span class='ocrx_word' id='word_1_501' title='bbox 1359 3628 1506 3702; x_wconf 77' lang='grc' dir='ltr'><strong>εἶχον</strong></span> <span class='ocrx_word' id='word_1_502' title='bbox 1573 3631 1673 3686; x_wconf 69' lang='grc' dir='ltr'><strong>τὴν</strong></span> <span class='ocrx_word' id='word_1_503' title='bbox 1719 3633 1897 3687; x_wconf 87' lang='grc' dir='ltr'><strong>πόλιν.</strong></span> <span class='ocrx_word' id='word_1_504' title='bbox 1941 3634 2261 3701; x_wconf 84' lang='grc' dir='ltr'><strong>Βενιαμῖται</strong></span> <span class='ocrx_word' id='word_1_505' title='bbox 2309 3633 2366 3685; x_wconf 82' lang='grc' dir='ltr'><strong>δὲ</strong></span> <span class='ocrx_word' id='word_1_506' title='bbox 2412 3633 2513 3702; x_wconf 81' lang='grc' dir='ltr'><strong>τῆς</strong></span> <span class='ocrx_word' id='word_1_507' title='bbox 2547 3631 2940 3702; x_wconf 84' lang='grc' dir='ltr'><strong>Ἰεροσολύμων</strong></span> <span class='ocrx_word' id='word_1_508' title='bbox 2988 3633 3197 3696; x_wconf 84' lang='grc' dir='ltr'><strong>πόλεως</strong></span> <span class='ocrx_word' id='word_1_509' title='bbox 3242 3634 3514 3704; x_wconf 79' lang='grc' dir='ltr'><strong>λαχούσης</strong></span> 
     </span>
    </p>
   </div>
   <div class='ocr_carea' id='block_1_75' title="bbox 237 3726 3096 3800">
    <p class='ocr_par' dir='ltr' id='par_1_75' title="bbox 237 3726 3096 3800">
     <span class='ocr_line' id='line_1_75' title="bbox 237 3726 3096 3800; baseline -0.003 -15"><span class='ocrx_word' id='word_1_510' title='bbox 237 3735 456 3796; x_wconf 72' lang='grc' dir='ltr'><strong>αὐτοῖς,</strong></span> <span class='ocrx_word' id='word_1_511' title='bbox 496 3730 700 3800; x_wconf 75' lang='grc' dir='ltr'><strong>φόρους</strong></span> <span class='ocrx_word' id='word_1_512' title='bbox 727 3729 840 3790; x_wconf 87' lang='grc' dir='ltr'><strong>τοῖς</strong></span> <span class='ocrx_word' id='word_1_513' title='bbox 905 3727 1182 3791; x_wconf 84' lang='grc' dir='ltr'><strong>κατοίκοις</strong></span> <span class='ocrx_word' id='word_1_514' title='bbox 1252 3726 1534 3790; x_wconf 80' lang='grc' dir='ltr'><strong>ἐπέθεντο,</strong></span> <span class='ocrx_word' id='word_1_515' title='bbox 1597 3727 1698 3796; x_wconf 83' lang='grc' dir='ltr'><strong>ζῇν</strong></span> <span class='ocrx_word' id='word_1_516' title='bbox 1763 3731 2222 3799; x_wconf 83' lang='grc' dir='ltr'><strong>συγχωρήσαντες</strong></span> <span class='ocrx_word' id='word_1_517' title='bbox 2270 3726 2423 3796; x_wconf 72' lang='grc' dir='ltr'><strong>παρὰ</strong></span> <span class='ocrx_word' id='word_1_518' title='bbox 2475 3728 2575 3796; x_wconf 83' lang='grc' dir='ltr'><strong>τὴν</strong></span> <span class='ocrx_word' id='word_1_519' title='bbox 2618 3728 2770 3779; x_wconf 85' lang='grc' dir='ltr'><strong>θείαν</strong></span> <span class='ocrx_word' id='word_1_520' title='bbox 2813 3727 3096 3798; x_wconf 82' lang='grc' dir='ltr'><strong>διαταγήν.</strong></span> 
     </span>
    </p>
   </div>
   <div class='ocr_carea' id='block_1_76' title="bbox 238 3819 1080 3888">
    <p class='ocr_par' dir='ltr' id='par_1_76' title="bbox 238 3819 1080 3888">
     <span class='ocr_line' id='line_1_76' title="bbox 238 3819 1080 3888; baseline -0.004 -12"><span class='ocrx_word' id='word_1_521' title='bbox 238 3825 470 3878; x_wconf 69' lang='grc' dir='ltr'><strong>ἐποίουν</strong></span> <span class='ocrx_word' id='word_1_522' title='bbox 502 3822 600 3875; x_wconf 69' lang='grc' dir='ltr'><strong>καὶ</strong></span> <span class='ocrx_word' id='word_1_523' title='bbox 623 3821 680 3875; x_wconf 75' lang='grc' dir='ltr'><strong>αἱ</strong></span> <span class='ocrx_word' id='word_1_524' title='bbox 708 3819 865 3873; x_wconf 84' lang='grc' dir='ltr'><strong>αλλαι</strong></span> <span class='ocrx_word' id='word_1_525' title='bbox 895 3820 1080 3888; x_wconf 84' lang='grc' dir='ltr'><strong>φυλαί.</strong></span> 
     </span>
    </p>
   </div>
   <div class='ocr_carea' id='block_1_77' title="bbox 315 3911 1837 3982">
    <p class='ocr_par' dir='ltr' id='par_1_77' title="bbox 315 3911 1837 3982">
     <span class='ocr_line' id='line_1_77' title="bbox 315 3911 1837 3982; baseline -0.003 -14"><span class='ocrx_word' id='word_1_526' title='bbox 315 3914 454 3969; x_wconf 79' lang='grc' dir='ltr'><strong>ΚΒ’.</strong></span> <span class='ocrx_word' id='word_1_527' title='bbox 524 3915 666 3981; x_wconf 84' lang='grc' dir='ltr'><strong>Ἥδη</strong></span> <span class='ocrx_word' id='word_1_528' title='bbox 721 3912 765 3964; x_wconf 78' lang='grc' dir='ltr'><strong>δ’</strong></span> <span class='ocrx_word' id='word_1_529' title='bbox 819 3911 1250 3981; x_wconf 81' lang='grc' dir='ltr'><strong>εὐθηνουμένους</strong></span> <span class='ocrx_word' id='word_1_530' title='bbox 1309 3913 1436 3974; x_wconf 77' lang='grc' dir='ltr'><strong>τοὺς</strong></span> <span class='ocrx_word' id='word_1_531' title='bbox 1493 3912 1552 3976; x_wconf 76' lang='grc' dir='ltr'><strong>ἐξ</strong></span> <span class='ocrx_word' id='word_1_532' title='bbox 1621 3911 1837 3982; x_wconf 85' lang='grc' dir='ltr'><strong>Ἰσραὴλ</strong></span> 
     </span>
    </p>
   </div>
   <div class='ocr_carea' id='block_1_78' title="bbox 237 4003 1840 4077">
    <p class='ocr_par' dir='ltr' id='par_1_78' title="bbox 237 4003 1840 4077">
     <span class='ocr_line' id='line_1_78' title="bbox 237 4003 1840 4077; baseline -0.004 -15"><span class='ocrx_word' id='word_1_533' title='bbox 237 4009 567 4077; x_wconf 74' lang='grc' dir='ltr'><strong>διέφθειρεν</strong></span> <span class='ocrx_word' id='word_1_534' title='bbox 598 4007 632 4075; x_wconf 90' lang='grc' dir='ltr'><strong>ή</strong></span> <span class='ocrx_word' id='word_1_535' title='bbox 664 4005 869 4075; x_wconf 83' lang='grc' dir='ltr'><strong>τρυφὴ,</strong></span> <span class='ocrx_word' id='word_1_536' title='bbox 919 4005 1014 4058; x_wconf 69' lang='grc' dir='ltr'><strong>καὶ</strong></span> <span class='ocrx_word' id='word_1_537' title='bbox 1067 4006 1194 4067; x_wconf 84' lang='grc' dir='ltr'><strong>τοὺς</strong></span> <span class='ocrx_word' id='word_1_538' title='bbox 1246 4003 1424 4066; x_wconf 85' lang='grc' dir='ltr'><strong>θείους</strong></span> <span class='ocrx_word' id='word_1_539' title='bbox 1465 4005 1663 4073; x_wconf 85' lang='grc' dir='ltr'><strong>νόμους</strong></span> <span class='ocrx_word' id='word_1_540' title='bbox 1699 4021 1840 4073; x_wconf 88' lang='grc' dir='ltr'><strong>παρ-</strong></span> 
     </span>
    </p>
   </div>
   <div class='ocr_carea' id='block_1_79' title="bbox 238 4095 1838 4166">
    <p class='ocr_par' dir='ltr' id='par_1_79' title="bbox 238 4095 1838 4166">
     <span class='ocr_line' id='line_1_79' title="bbox 238 4095 1838 4166; baseline -0.004 -14"><span class='ocrx_word' id='word_1_541' title='bbox 238 4101 493 4162; x_wconf 73' lang='grc' dir='ltr'><strong>έϐαινον,</strong></span> <span class='ocrx_word' id='word_1_542' title='bbox 535 4097 630 4150; x_wconf 79' lang='grc' dir='ltr'><strong>καὶ</strong></span> <span class='ocrx_word' id='word_1_543' title='bbox 663 4097 800 4166; x_wconf 77' lang='grc' dir='ltr'><strong>πρὸς</strong></span> <span class='ocrx_word' id='word_1_544' title='bbox 833 4096 894 4148; x_wconf 85' lang='grc' dir='ltr'><strong>τὸ</strong></span> <span class='ocrx_word' id='word_1_545' title='bbox 923 4099 1110 4148; x_wconf 85' lang='grc' dir='ltr'><strong>πονεῖν</strong></span> <span class='ocrx_word' id='word_1_546' title='bbox 1138 4095 1402 4148; x_wconf 85' lang='grc' dir='ltr'><strong>διέκειντο</strong></span> <span class='ocrx_word' id='word_1_547' title='bbox 1430 4095 1631 4163; x_wconf 80' lang='grc' dir='ltr'><strong>ἀηδῶς,</strong></span> <span class='ocrx_word' id='word_1_548' title='bbox 1676 4099 1770 4147; x_wconf 73' lang='grc' dir='ltr'><strong>καὶ</strong></span> <span class='ocrx_word' id='word_1_549' title='bbox 1804 4096 1838 4165; x_wconf 91' lang='grc' dir='ltr'><strong>ή</strong></span> 
     </span>
    </p>
   </div>
   <div class='ocr_carea' id='block_1_80' title="bbox 239 4184 1840 4260">
    <p class='ocr_par' dir='ltr' id='par_1_80' title="bbox 239 4184 1840 4260">
     <span class='ocr_line' id='line_1_80' title="bbox 239 4184 1840 4260; baseline -0.004 -18"><span class='ocrx_word' id='word_1_550' title='bbox 239 4189 659 4260; x_wconf 79' lang='grc' dir='ltr'><strong>ἀριστοκρατία</strong></span> <span class='ocrx_word' id='word_1_551' title='bbox 684 4187 898 4251; x_wconf 79' lang='grc' dir='ltr'><strong>ἐξέλιπε</strong></span> <span class='ocrx_word' id='word_1_552' title='bbox 928 4186 1062 4257; x_wconf 73' lang='grc'><strong>(45),</strong></span> <span class='ocrx_word' id='word_1_553' title='bbox 1098 4187 1192 4238; x_wconf 80' lang='grc' dir='ltr'><strong>καὶ</strong></span> <span class='ocrx_word' id='word_1_554' title='bbox 1225 4187 1258 4254; x_wconf 84' lang='grc' dir='ltr'>ἡ</span> <span class='ocrx_word' id='word_1_555' title='bbox 1294 4185 1553 4254; x_wconf 82' lang='grc' dir='ltr'><strong>γερουσία</strong></span> <span class='ocrx_word' id='word_1_556' title='bbox 1577 4184 1679 4238; x_wconf 85' lang='grc' dir='ltr'><strong>οὐκ</strong></span> <span class='ocrx_word' id='word_1_557' title='bbox 1705 4187 1840 4237; x_wconf 86' lang='grc' dir='ltr'><strong>ἀπε-</strong></span> 
     </span>
    </p>
   </div>
   <div class='ocr_carea' id='block_1_81' title="bbox 236 4276 1836 4346">
    <p class='ocr_par' dir='ltr' id='par_1_81' title="bbox 236 4276 1836 4346">
     <span class='ocr_line' id='line_1_81' title="bbox 236 4276 1836 4346; baseline -0.003 -12"><span class='ocrx_word' id='word_1_558' title='bbox 236 4283 529 4335; x_wconf 81' lang='grc' dir='ltr'><strong>δείκνυτο.</strong></span> <span class='ocrx_word' id='word_1_559' title='bbox 561 4279 728 4333; x_wconf 87' lang='grc' dir='ltr'><strong>Ὅθεν</strong></span> <span class='ocrx_word' id='word_1_560' title='bbox 764 4279 952 4340; x_wconf 80' lang='grc' dir='ltr'><strong>στάσις</strong></span> <span class='ocrx_word' id='word_1_561' title='bbox 987 4278 1186 4340; x_wconf 82' lang='grc' dir='ltr'><strong>αύτοὺς</strong></span> <span class='ocrx_word' id='word_1_562' title='bbox 1227 4277 1638 4346; x_wconf 78' lang='grc' dir='ltr'><strong>καταλαμϐάνει</strong></span> <span class='ocrx_word' id='word_1_563' title='bbox 1667 4276 1836 4346; x_wconf 75' lang='grc' dir='ltr'><strong>δεινὴ,</strong></span> 
     </span>
    </p>
   </div>
   <div class='ocr_carea' id='block_1_82' title="bbox 239 4366 1837 4439">
    <p class='ocr_par' dir='ltr' id='par_1_82' title="bbox 239 4366 1837 4439">
     <span class='ocr_line' id='line_1_82' title="bbox 239 4366 1837 4439; baseline -0.003 -14"><span class='ocrx_word' id='word_1_564' title='bbox 239 4374 303 4438; x_wconf 75' lang='grc' dir='ltr'>ἐξ</span> <span class='ocrx_word' id='word_1_565' title='bbox 358 4374 554 4433; x_wconf 83' lang='grc' dir='ltr'><strong>αξτίας</strong></span> <span class='ocrx_word' id='word_1_566' title='bbox 615 4369 893 4438; x_wconf 84' lang='grc' dir='ltr'><strong>τοιαύτης.</strong></span> <span class='ocrx_word' id='word_1_567' title='bbox 959 4369 1123 4439; x_wconf 80' lang='grc' dir='ltr'><strong>Ἀνὴρ</strong></span> <span class='ocrx_word' id='word_1_568' title='bbox 1173 4369 1408 4439; x_wconf 78' lang='grc' dir='ltr'><strong>Λευίτης</strong></span> <span class='ocrx_word' id='word_1_569' title='bbox 1454 4367 1551 4439; x_wconf 80' lang='grc' dir='ltr'><strong>τήν</strong></span> <span class='ocrx_word' id='word_1_570' title='bbox 1603 4366 1837 4433; x_wconf 73' lang='grc' dir='ltr'><strong>σύζυγον</strong></span> 
     </span>
    </p>
   </div>
   <div class='ocr_carea' id='block_1_83' title="bbox 241 4455 1834 4532">
    <p class='ocr_par' dir='ltr' id='par_1_83' title="bbox 241 4455 1834 4532">
     <span class='ocr_line' id='line_1_83' title="bbox 241 4455 1834 4532; baseline -0.003 -17"><span class='ocrx_word' id='word_1_571' title='bbox 241 4465 650 4532; x_wconf 73' lang='grc' dir='ltr'><strong>ἐπαγόμενος,</strong></span> <span class='ocrx_word' id='word_1_572' title='bbox 709 4461 773 4512; x_wconf 83' lang='grc' dir='ltr'><strong>ὲκ</strong></span> <span class='ocrx_word' id='word_1_573' title='bbox 833 4458 1080 4527; x_wconf 79' lang='grc' dir='ltr'><strong>Βηθλεὲμ</strong></span> <span class='ocrx_word' id='word_1_574' title='bbox 1131 4458 1329 4522; x_wconf 78' lang='grc' dir='ltr'><strong>οὖσαν,</strong></span> <span class='ocrx_word' id='word_1_575' title='bbox 1395 4456 1580 4510; x_wconf 76' lang='grc' dir='ltr'><strong>οἴκαδε</strong></span> <span class='ocrx_word' id='word_1_576' title='bbox 1643 4455 1834 4527; x_wconf 80' lang='grc' dir='ltr'><strong>ἀπῄει.</strong></span> 
     </span>
    </p>
   </div>
   <div class='ocr_carea' id='block_1_84' title="bbox 244 4549 1840 4625">
    <p class='ocr_par' dir='ltr' id='par_1_84' title="bbox 244 4549 1840 4625">
     <span class='ocr_line' id='line_1_84' title="bbox 244 4549 1840 4625; baseline -0.003 -18"><span class='ocrx_word' id='word_1_577' title='bbox 244 4557 391 4625; x_wconf 83' lang='grc' dir='ltr'><strong>Ἤδη</strong></span> <span class='ocrx_word' id='word_1_578' title='bbox 463 4555 515 4606; x_wconf 85' lang='grc' dir='ltr'><strong>δ’</strong></span> <span class='ocrx_word' id='word_1_579' title='bbox 579 4552 744 4621; x_wconf 73' lang='grc' dir='ltr'><strong>ὀψίας</strong></span> <span class='ocrx_word' id='word_1_580' title='bbox 815 4550 982 4620; x_wconf 77' lang='grc' dir='ltr'><strong>οὔσης</strong></span> <span class='ocrx_word' id='word_1_581' title='bbox 1043 4549 1386 4616; x_wconf 73' lang='grc' dir='ltr'><strong>ἐπιξενοῦται</strong></span> <span class='ocrx_word' id='word_1_582' title='bbox 1454 4552 1605 4620; x_wconf 82' lang='grc' dir='ltr'><strong>παρὰ</strong></span> <span class='ocrx_word' id='word_1_583' title='bbox 1667 4566 1840 4619; x_wconf 87' lang='grc' dir='ltr'><strong>πρεσ-</strong></span> 
     </span>
    </p>
   </div>
   <div class='ocr_carea' id='block_1_85' title="bbox 241 4643 1841 4717">
    <p class='ocr_par' dir='ltr' id='par_1_85' title="bbox 241 4643 1841 4717">
     <span class='ocr_line' id='line_1_85' title="bbox 241 4643 1841 4717; baseline -0.002 -19"><span class='ocrx_word' id='word_1_584' title='bbox 241 4648 388 4717; x_wconf 78' lang='grc' dir='ltr'><strong>ϐύτῃ</strong></span> <span class='ocrx_word' id='word_1_585' title='bbox 453 4646 568 4699; x_wconf 73' lang='grc' dir='ltr'><strong>τινὶ</strong></span> <span class='ocrx_word' id='word_1_586' title='bbox 633 4648 692 4697; x_wconf 84' lang='grc' dir='ltr'><strong>ὲν</strong></span> <span class='ocrx_word' id='word_1_587' title='bbox 758 4643 955 4696; x_wconf 72' lang='grc' dir='ltr'><strong>Γαϐαὼ</strong></span> <span class='ocrx_word' id='word_1_588' title='bbox 1015 4645 1198 4707; x_wconf 85' lang='grc' dir='ltr'><strong>πόλει,</strong></span> <span class='ocrx_word' id='word_1_589' title='bbox 1260 4643 1434 4712; x_wconf 81' lang='grc' dir='ltr'><strong>φυλῆς</strong></span> <span class='ocrx_word' id='word_1_590' title='bbox 1495 4643 1596 4710; x_wconf 82' lang='grc' dir='ltr'><strong>τῆς</strong></span> <span class='ocrx_word' id='word_1_591' title='bbox 1650 4643 1841 4696; x_wconf 77' lang='grc' dir='ltr'><strong>Βενια·</strong></span> 
     </span>
    </p>
   </div>
   <div class='ocr_carea' id='block_1_86' title="bbox 242 4734 1842 4808">
    <p class='ocr_par' dir='ltr' id='par_1_86' title="bbox 242 4734 1842 4808">
     <span class='ocr_line' id='line_1_86' title="bbox 242 4734 1842 4808; baseline -0.003 -17"><span class='ocrx_word' id='word_1_592' title='bbox 242 4740 492 4808; x_wconf 81' lang='grc' dir='ltr'><strong>μίτιδος.</strong></span> <span class='ocrx_word' id='word_1_593' title='bbox 526 4737 757 4791; x_wconf 84' lang='grc' dir='ltr'><strong>Νεανίαι</strong></span> <span class='ocrx_word' id='word_1_594' title='bbox 808 4737 866 4788; x_wconf 85' lang='grc' dir='ltr'><strong>δὲ</strong></span> <span class='ocrx_word' id='word_1_595' title='bbox 915 4735 1260 4788; x_wconf 77' lang='grc' dir='ltr'><strong>Γαϐαωνῖταί</strong></span> <span class='ocrx_word' id='word_1_596' title='bbox 1306 4752 1475 4800; x_wconf 89' lang='grc' dir='ltr'><strong>τινες,</strong></span> <span class='ocrx_word' id='word_1_597' title='bbox 1529 4735 1590 4787; x_wconf 86' lang='grc' dir='ltr'><strong>τὺ</strong></span> <span class='ocrx_word' id='word_1_598' title='bbox 1622 4734 1842 4801; x_wconf 83' lang='grc' dir='ltr'><strong>γύναιον</strong></span> 
     </span>
    </p>
   </div>
   <div class='ocr_carea' id='block_1_87' title="bbox 239 4825 1842 4902">
    <p class='ocr_par' dir='ltr' id='par_1_87' title="bbox 239 4825 1842 4902">
     <span class='ocr_line' id='line_1_87' title="bbox 239 4825 1842 4902; baseline -0.004 -16"><span class='ocrx_word' id='word_1_599' title='bbox 239 4835 622 4902; x_wconf 80' lang='grc' dir='ltr'><strong>θεασάμενοι,</strong></span> <span class='ocrx_word' id='word_1_600' title='bbox 651 4825 787 4899; x_wconf 75' lang='grc' dir='ltr'><strong>ἧκον</strong></span> <span class='ocrx_word' id='word_1_601' title='bbox 812 4829 1173 4892; x_wconf 81' lang='grc' dir='ltr'><strong>ἀπαιτοῦντες</strong></span> <span class='ocrx_word' id='word_1_602' title='bbox 1215 4829 1368 4884; x_wconf 83' lang='grc' dir='ltr'><strong>αὐτό,</strong></span> <span class='ocrx_word' id='word_1_603' title='bbox 1424 4826 1532 4881; x_wconf 86' lang='grc' dir='ltr'><strong>Τοῦ</strong></span> <span class='ocrx_word' id='word_1_604' title='bbox 1577 4827 1636 4880; x_wconf 77' lang='grc' dir='ltr'><strong>δὲ</strong></span> <span class='ocrx_word' id='word_1_605' title='bbox 1672 4843 1842 4897; x_wconf 85' lang='grc' dir='ltr'><strong>πρεσ-</strong></span> 
     </span>
    </p>
   </div>
   <div class='ocr_carea' id='block_1_88' title="bbox 239 4917 1844 4995">
    <p class='ocr_par' dir='ltr' id='par_1_88' title="bbox 239 4917 1844 4995">
     <span class='ocr_line' id='line_1_88' title="bbox 239 4917 1844 4995; baseline -0.006 -17"><span class='ocrx_word' id='word_1_606' title='bbox 239 4927 420 4980; x_wconf 71' lang='grc' dir='ltr'><strong>ϐύτου</strong></span> <span class='ocrx_word' id='word_1_607' title='bbox 489 4925 567 4995; x_wconf 81' lang='grc' dir='ltr'><strong>μὴ</strong></span> <span class='ocrx_word' id='word_1_608' title='bbox 612 4924 868 4986; x_wconf 90' lang='grc' dir='ltr'><strong>διδόντος,</strong></span> <span class='ocrx_word' id='word_1_609' title='bbox 920 4921 1269 4976; x_wconf 80' lang='grc' dir='ltr'><strong>ἀποκτείνειν</strong></span> <span class='ocrx_word' id='word_1_610' title='bbox 1325 4919 1604 4988; x_wconf 65' lang='grc' dir='ltr'><strong>ἠπείλουν.</strong></span> <span class='ocrx_word' id='word_1_611' title='bbox 1672 4918 1732 4970; x_wconf 90' lang='lat'><strong>&#39;0</strong></span> <span class='ocrx_word' id='word_1_612' title='bbox 1786 4917 1844 4970; x_wconf 77' lang='grc' dir='ltr'><strong>δὲ</strong></span> 
     </span>
    </p>
   </div>
   <div class='ocr_carea' id='block_1_89' title="bbox 237 5008 1842 5088">
    <p class='ocr_par' dir='ltr' id='par_1_89' title="bbox 237 5008 1842 5088">
     <span class='ocr_line' id='line_1_89' title="bbox 237 5008 1842 5088; baseline -0.007 -17"><span class='ocrx_word' id='word_1_613' title='bbox 237 5021 342 5088; x_wconf 79' lang='grc' dir='ltr'><strong>τῆς</strong></span> <span class='ocrx_word' id='word_1_614' title='bbox 407 5015 620 5070; x_wconf 77' lang='grc' dir='ltr'><strong>ἑαυτοῦ</strong></span> <span class='ocrx_word' id='word_1_615' title='bbox 674 5015 945 5086; x_wconf 86' lang='grc' dir='ltr'><strong>θυγατρὸς</strong></span> <span class='ocrx_word' id='word_1_616' title='bbox 997 5014 1181 5076; x_wconf 81' lang='grc' dir='ltr'><strong>αὐτοῖς</strong></span> <span class='ocrx_word' id='word_1_617' title='bbox 1235 5010 1576 5081; x_wconf 81' lang='grc' dir='ltr'><strong>παρεχώρει,</strong></span> <span class='ocrx_word' id='word_1_618' title='bbox 1628 5008 1713 5062; x_wconf 79' lang='grc' dir='ltr'><strong>ἵνα</strong></span> <span class='ocrx_word' id='word_1_619' title='bbox 1768 5011 1842 5080; x_wconf 88' lang='grc' dir='ltr'><strong>μή</strong></span> 
     </span>
    </p>
   </div>
   <div class='ocr_carea' id='block_1_90' title="bbox 239 5101 1841 5179">
    <p class='ocr_par' dir='ltr' id='par_1_90' title="bbox 239 5101 1841 5179">
     <span class='ocr_line' id='line_1_90' title="bbox 239 5101 1841 5179; baseline -0.005 -18"><span class='ocrx_word' id='word_1_620' title='bbox 239 5127 296 5161; x_wconf 91' lang='grc' dir='ltr'><strong>τι</strong></span> <span class='ocrx_word' id='word_1_621' title='bbox 356 5109 551 5179; x_wconf 75' lang='grc' dir='ltr'><strong>βίαιον</strong></span> <span class='ocrx_word' id='word_1_622' title='bbox 596 5107 893 5161; x_wconf 80' lang='grc' dir='ltr'><strong>ὑποσταῖεν</strong></span> <span class='ocrx_word' id='word_1_623' title='bbox 926 5107 978 5159; x_wconf 82' lang='grc' dir='ltr'><strong>οἱ</strong></span> <span class='ocrx_word' id='word_1_624' title='bbox 1028 5105 1450 5172; x_wconf 80' lang='grc' dir='ltr'><strong>ὲπιξενωθέντες</strong></span> <span class='ocrx_word' id='word_1_625' title='bbox 1497 5101 1669 5171; x_wconf 85' lang='grc' dir='ltr'><strong>αύτῷ.</strong></span> <span class='ocrx_word' id='word_1_626' title='bbox 1716 5101 1841 5179; x_wconf 52' lang='grc' dir='ltr'><strong>Ἀρτ</strong></span> 
     </span>
    </p>
   </div>
   <div class='ocr_carea' id='block_1_91' title="bbox 242 5193 1843 5265">
    <p class='ocr_par' dir='ltr' id='par_1_91' title="bbox 242 5193 1843 5265">
     <span class='ocr_line' id='line_1_91' title="bbox 242 5193 1843 5265; baseline -0.007 -11"><span class='ocrx_word' id='word_1_627' title='bbox 242 5201 548 5261; x_wconf 80' lang='grc' dir='ltr'><strong>πάσαντες</strong></span> <span class='ocrx_word' id='word_1_628' title='bbox 609 5199 655 5252; x_wconf 80' lang='grc' dir='ltr'><strong>δ’</strong></span> <span class='ocrx_word' id='word_1_629' title='bbox 713 5200 915 5252; x_wconf 74' lang='grc' dir='ltr'><strong>ἐκείνοι</strong></span> <span class='ocrx_word' id='word_1_630' title='bbox 991 5199 1050 5250; x_wconf 83' lang='grc' dir='ltr'><strong>τὸ</strong></span> <span class='ocrx_word' id='word_1_631' title='bbox 1113 5197 1335 5265; x_wconf 84' lang='grc' dir='ltr'><strong>γύναιον</strong></span> <span class='ocrx_word' id='word_1_632' title='bbox 1401 5193 1843 5262; x_wconf 74' lang='grc' dir='ltr'><strong>ἀπηλλάγησαν,</strong></span> 
     </span>
    </p>
   </div>
   <div class='ocr_carea' id='block_1_92' title="bbox 242 5285 1842 5360">
    <p class='ocr_par' dir='ltr' id='par_1_92' title="bbox 242 5285 1842 5360">
     <span class='ocr_line' id='line_1_92' title="bbox 242 5285 1842 5360; baseline 0.002 -16"><span class='ocrx_word' id='word_1_633' title='bbox 242 5296 344 5344; x_wconf 72' lang='grc' dir='ltr'><strong>καὶ</strong></span> <span class='ocrx_word' id='word_1_634' title='bbox 416 5291 496 5344; x_wconf 87' lang='grc' dir='ltr'><strong>δι’</strong></span> <span class='ocrx_word' id='word_1_635' title='bbox 562 5290 695 5359; x_wconf 80' lang='grc' dir='ltr'><strong>ὅλης</strong></span> <span class='ocrx_word' id='word_1_636' title='bbox 752 5291 852 5360; x_wconf 79' lang='grc' dir='ltr'><strong>τῆς</strong></span> <span class='ocrx_word' id='word_1_637' title='bbox 922 5289 1119 5352; x_wconf 77' lang='grc' dir='ltr'><strong>νυκτὸς</strong></span> <span class='ocrx_word' id='word_1_638' title='bbox 1186 5287 1589 5356; x_wconf 76' lang='grc' dir='ltr'><strong>ὲμφορηθέντες</strong></span> <span class='ocrx_word' id='word_1_639' title='bbox 1652 5285 1842 5352; x_wconf 77' lang='grc' dir='ltr'><strong>αὐτῆς,</strong></span> 
     </span>
    </p>
   </div>
   <div class='ocr_carea' id='block_1_93' title="bbox 241 5379 1846 5455">
    <p class='ocr_par' dir='ltr' id='par_1_93' title="bbox 241 5379 1846 5455">
     <span class='ocr_line' id='line_1_93' title="bbox 241 5379 1846 5455; baseline -0.007 -17"><span class='ocrx_word' id='word_1_640' title='bbox 241 5385 494 5454; x_wconf 65' lang='grc' dir='ltr'><strong>ἀφῆκαν</strong></span> <span class='ocrx_word' id='word_1_641' title='bbox 549 5384 866 5455; x_wconf 80' lang='grc' dir='ltr'><strong>ἀρχομένης</strong></span> <span class='ocrx_word' id='word_1_642' title='bbox 931 5383 1169 5453; x_wconf 79' lang='grc' dir='ltr'><strong>ἡμέρας.</strong></span> <span class='ocrx_word' id='word_1_643' title='bbox 1245 5380 1308 5432; x_wconf 81' lang='grc' dir='ltr'><strong>Ἦ</strong></span> <span class='ocrx_word' id='word_1_644' title='bbox 1373 5379 1432 5432; x_wconf 79' lang='grc' dir='ltr'><strong>δὲ</strong></span> <span class='ocrx_word' id='word_1_645' title='bbox 1491 5380 1558 5448; x_wconf 82' lang='grc' dir='ltr'><strong>τῇ</strong></span> <span class='ocrx_word' id='word_1_646' title='bbox 1623 5393 1682 5428; x_wconf 88' lang='grc' dir='ltr'><strong>τε</strong></span> <span class='ocrx_word' id='word_1_647' title='bbox 1753 5395 1846 5429; x_wconf 90' lang='grc' dir='ltr'><strong>νυ-</strong></span> 
     </span>
    </p>
   </div>
   <div class='ocr_carea' id='block_1_94' title="bbox 3173 3728 3513 3797">
    <p class='ocr_par' dir='ltr' id='par_1_94' title="bbox 3173 3728 3513 3797">
     <span class='ocr_line' id='line_1_94' title="bbox 3173 3728 3513 3797; baseline -0.006 -17"><span class='ocrx_word' id='word_1_648' title='bbox 3173 3728 3406 3797; x_wconf 81' lang='grc' dir='ltr'><strong>Ὀμοίως</strong></span> <span class='ocrx_word' id='word_1_649' title='bbox 3454 3744 3513 3779; x_wconf 81' lang='grc' dir='ltr'><strong>τε</strong></span> 
     </span>
    </p>
   </div>
   <div class='ocr_carea' id='block_1_95' title="bbox 2011 3906 3515 3979">
    <p class='ocr_par' dir='ltr' id='par_1_95' title="bbox 2011 3906 3515 3979">
     <span class='ocr_line' id='line_1_95' title="bbox 2011 3906 3515 3979; baseline 0 -16"><span class='ocrx_word' id='word_1_650' title='bbox 2011 3907 2177 3963; x_wconf 78' lang='lat' dir='ltr'><strong>XXII.</strong></span> <span class='ocrx_word' id='word_1_651' title='bbox 2231 3907 2504 3961; x_wconf 86' lang='lat' dir='ltr'><strong>lsraelitas</strong></span> <span class='ocrx_word' id='word_1_652' title='bbox 2557 3908 2723 3961; x_wconf 89' lang='lat' dir='ltr'><strong>rebus</strong></span> <span class='ocrx_word' id='word_1_653' title='bbox 2765 3906 3024 3963; x_wconf 90' lang='lat' dir='ltr'><strong>secundis</strong></span> <span class='ocrx_word' id='word_1_654' title='bbox 3067 3909 3178 3979; x_wconf 89' lang='lat' dir='ltr'><strong>jam</strong></span> <span class='ocrx_word' id='word_1_655' title='bbox 3230 3908 3515 3969; x_wconf 73' lang='lat' dir='ltr'><strong>ﬂorentes.</strong></span> 
     </span>
    </p>
   </div>
   <div class='ocr_carea' id='block_1_96' title="bbox 1939 3999 3516 4070">
    <p class='ocr_par' dir='ltr' id='par_1_96' title="bbox 1939 3999 3516 4070">
     <span class='ocr_line' id='line_1_96' title="bbox 1939 3999 3516 4070; baseline -0.002 -13"><span class='ocrx_word' id='word_1_656' title='bbox 1939 4001 2157 4057; x_wconf 73' lang='lat' dir='ltr'><strong>luxuria</strong></span> <span class='ocrx_word' id='word_1_657' title='bbox 2195 4000 2464 4069; x_wconf 86' lang='lat' dir='ltr'><strong>corrupit,</strong></span> <span class='ocrx_word' id='word_1_658' title='bbox 2499 4009 2557 4054; x_wconf 92' lang='lat' dir='ltr'><strong>ut</strong></span> <span class='ocrx_word' id='word_1_659' title='bbox 2603 4009 2659 4054; x_wconf 89' lang='lat' dir='ltr'><strong>et</strong></span> <span class='ocrx_word' id='word_1_660' title='bbox 2709 3999 2924 4054; x_wconf 88' lang='lat' dir='ltr'><strong>divinas</strong></span> <span class='ocrx_word' id='word_1_661' title='bbox 2955 4001 3103 4070; x_wconf 80' lang='lat' dir='ltr'><strong>leges</strong></span> <span class='ocrx_word' id='word_1_662' title='bbox 3132 4000 3427 4065; x_wconf 87' lang='lat' dir='ltr'><strong>violarent,</strong></span> <span class='ocrx_word' id='word_1_663' title='bbox 3459 4009 3516 4054; x_wconf 88' lang='lat' dir='ltr'><strong>et</strong></span> 
     </span>
    </p>
   </div>
   <div class='ocr_carea' id='block_1_97' title="bbox 1943 4093 3516 4162">
    <p class='ocr_par' dir='ltr' id='par_1_97' title="bbox 1943 4093 3516 4162">
     <span class='ocr_line' id='line_1_97' title="bbox 1943 4093 3516 4162; baseline -0.003 -12"><span class='ocrx_word' id='word_1_664' title='bbox 1943 4095 2013 4150; x_wconf 90' lang='lat' dir='ltr'><strong>ad</strong></span> <span class='ocrx_word' id='word_1_665' title='bbox 2045 4096 2290 4150; x_wconf 90' lang='lat' dir='ltr'><strong>laborem</strong></span> <span class='ocrx_word' id='word_1_666' title='bbox 2338 4109 2534 4162; x_wconf 79' lang='lat' dir='ltr'><strong>segnes</strong></span> <span class='ocrx_word' id='word_1_667' title='bbox 2565 4101 2771 4148; x_wconf 91' lang='lat' dir='ltr'><strong>essent.</strong></span> <span class='ocrx_word' id='word_1_668' title='bbox 2805 4093 3052 4147; x_wconf 78' lang='lat' dir='ltr'><strong>Desierat</strong></span> <span class='ocrx_word' id='word_1_669' title='bbox 3079 4094 3244 4148; x_wconf 89' lang='lat' dir='ltr'><strong>etiam</strong></span> <span class='ocrx_word' id='word_1_670' title='bbox 3279 4094 3516 4162; x_wconf 76' lang='lat' dir='ltr'><strong>optima-</strong></span> 
     </span>
    </p>
   </div>
   <div class='ocr_carea' id='block_1_98' title="bbox 1944 4187 3517 4258">
    <p class='ocr_par' dir='ltr' id='par_1_98' title="bbox 1944 4187 3517 4258">
     <span class='ocr_line' id='line_1_98' title="bbox 1944 4187 3517 4258; baseline -0.001 -16"><span class='ocrx_word' id='word_1_671' title='bbox 1944 4199 2058 4242; x_wconf 88' lang='lat' dir='ltr'><strong>tum</strong></span> <span class='ocrx_word' id='word_1_672' title='bbox 2109 4189 2478 4258; x_wconf 76' lang='lat' dir='ltr'><strong>magistratus,</strong></span> <span class='ocrx_word' id='word_1_673' title='bbox 2506 4201 2686 4256; x_wconf 88' lang='lat' dir='ltr'><strong>neque</strong></span> <span class='ocrx_word' id='word_1_674' title='bbox 2729 4187 2965 4256; x_wconf 80' lang='lat' dir='ltr'><strong>amplius</strong></span> <span class='ocrx_word' id='word_1_675' title='bbox 3011 4193 3236 4241; x_wconf 85' lang='lat' dir='ltr'><strong>senatus</strong></span> <span class='ocrx_word' id='word_1_676' title='bbox 3299 4187 3517 4256; x_wconf 78' lang='lat' dir='ltr'><strong>legeba-</strong></span> 
     </span>
    </p>
   </div>
   <div class='ocr_carea' id='block_1_99' title="bbox 1948 4278 3518 4349">
    <p class='ocr_par' dir='ltr' id='par_1_99' title="bbox 1948 4278 3518 4349">
     <span class='ocr_line' id='line_1_99' title="bbox 1948 4278 3518 4349; baseline -0.001 -15"><span class='ocrx_word' id='word_1_677' title='bbox 1948 4291 2058 4334; x_wconf 89' lang='lat' dir='ltr'><strong>tur.</strong></span> <span class='ocrx_word' id='word_1_678' title='bbox 2108 4281 2295 4349; x_wconf 83' lang='lat' dir='ltr'><strong>Itaque</strong></span> <span class='ocrx_word' id='word_1_679' title='bbox 2331 4292 2485 4333; x_wconf 80' lang='lat' dir='ltr'><strong>atrox</strong></span> <span class='ocrx_word' id='word_1_680' title='bbox 2533 4278 2733 4333; x_wconf 90' lang='lat' dir='ltr'><strong>seditio</strong></span> <span class='ocrx_word' id='word_1_681' title='bbox 2764 4279 2908 4332; x_wconf 92' lang='lat' dir='ltr'><strong>inter</strong></span> <span class='ocrx_word' id='word_1_682' title='bbox 2949 4294 3045 4332; x_wconf 91' lang='lat' dir='ltr'><strong>eos</strong></span> <span class='ocrx_word' id='word_1_683' title='bbox 3076 4279 3276 4341; x_wconf 87' lang='lat' dir='ltr'><strong>oritur,</strong></span> <span class='ocrx_word' id='word_1_684' title='bbox 3307 4280 3398 4334; x_wconf 91' lang='lat' dir='ltr'><strong>tali</strong></span> <span class='ocrx_word' id='word_1_685' title='bbox 3449 4279 3518 4333; x_wconf 60' lang='lat' dir='ltr'><strong>de</strong></span> 
     </span>
    </p>
   </div>
   <div class='ocr_carea' id='block_1_100' title="bbox 1945 4370 3515 4449">
    <p class='ocr_par' dir='ltr' id='par_1_100' title="bbox 1945 4370 3515 4449">
     <span class='ocr_line' id='line_1_100' title="bbox 1945 4370 3515 4449; baseline -0.001 -22"><span class='ocrx_word' id='word_1_686' title='bbox 1945 4387 2132 4427; x_wconf 82' lang='lat' dir='ltr'><strong>causa.</strong></span> <span class='ocrx_word' id='word_1_687' title='bbox 2181 4371 2368 4424; x_wconf 81' lang='lat' dir='ltr'><strong>Levita</strong></span> <span class='ocrx_word' id='word_1_688' title='bbox 2421 4370 2641 4449; x_wconf 69' lang='lat' dir='ltr'><strong>quidam</strong></span> <span class='ocrx_word' id='word_1_689' title='bbox 2696 4371 2982 4440; x_wconf 85' lang='lat' dir='ltr'><strong>conjugem</strong></span> <span class='ocrx_word' id='word_1_690' title='bbox 3044 4371 3515 4426; x_wconf 84' lang='lat' dir='ltr'><strong>Bethleemiticam</strong></span> 
     </span>
    </p>
   </div>
   <div class='ocr_carea' id='block_1_101' title="bbox 1941 4458 3516 4529">
    <p class='ocr_par' dir='ltr' id='par_1_101' title="bbox 1941 4458 3516 4529">
     <span class='ocr_line' id='line_1_101' title="bbox 1941 4458 3516 4529; baseline -0.002 -13"><span class='ocrx_word' id='word_1_691' title='bbox 1941 4463 2162 4516; x_wconf 90' lang='lat' dir='ltr'><strong>domum</strong></span> <span class='ocrx_word' id='word_1_692' title='bbox 2180 4461 2540 4524; x_wconf 86' lang='lat' dir='ltr'><strong>abducturus,</strong></span> <span class='ocrx_word' id='word_1_693' title='bbox 2559 4458 2703 4529; x_wconf 91' lang='lat' dir='ltr'><strong>apud</strong></span> <span class='ocrx_word' id='word_1_694' title='bbox 2721 4475 2907 4514; x_wconf 90' lang='lat' dir='ltr'><strong>senem</strong></span> <span class='ocrx_word' id='word_1_695' title='bbox 2923 4460 3214 4528; x_wconf 78' lang='lat' dir='ltr'><strong>quemdam</strong></span> <span class='ocrx_word' id='word_1_696' title='bbox 3239 4459 3516 4524; x_wconf 86' lang='lat' dir='ltr'><strong>Gabaonc,</strong></span> 
     </span>
    </p>
   </div>
   <div class='ocr_carea' id='block_1_102' title="bbox 1943 4551 3518 4625">
    <p class='ocr_par' dir='ltr' id='par_1_102' title="bbox 1943 4551 3518 4625">
     <span class='ocr_line' id='line_1_102' title="bbox 1943 4551 3518 4625; baseline -0.003 -18"><span class='ocrx_word' id='word_1_697' title='bbox 1943 4555 2308 4625; x_wconf 81' lang='lat' dir='ltr'><strong>Benjamitica:</strong></span> <span class='ocrx_word' id='word_1_698' title='bbox 2356 4553 2530 4606; x_wconf 87' lang='lat' dir='ltr'><strong>tribus</strong></span> <span class='ocrx_word' id='word_1_699' title='bbox 2576 4551 2800 4620; x_wconf 90' lang='lat' dir='ltr'><strong>oppido,</strong></span> <span class='ocrx_word' id='word_1_700' title='bbox 2835 4551 3048 4620; x_wconf 80' lang='lat' dir='ltr'><strong>vesperi</strong></span> <span class='ocrx_word' id='word_1_701' title='bbox 3092 4551 3404 4604; x_wconf 89' lang='lat' dir='ltr'><strong>divertitur.</strong></span> <span class='ocrx_word' id='word_1_702' title='bbox 3437 4551 3518 4603; x_wconf 84' lang='lat' dir='ltr'><strong>Ibi</strong></span> 
     </span>
    </p>
   </div>
   <div class='ocr_carea' id='block_1_103' title="bbox 1943 4642 3518 4714">
    <p class='ocr_par' dir='ltr' id='par_1_103' title="bbox 1943 4642 3518 4714">
     <span class='ocr_line' id='line_1_103' title="bbox 1943 4642 3518 4714; baseline -0.003 -15"><span class='ocrx_word' id='word_1_703' title='bbox 1943 4645 2165 4714; x_wconf 85' lang='lat' dir='ltr'><strong>quidam</strong></span> <span class='ocrx_word' id='word_1_704' title='bbox 2204 4644 2590 4698; x_wconf 83' lang='lat' dir='ltr'><strong>adolescentes</strong></span> <span class='ocrx_word' id='word_1_705' title='bbox 2617 4642 2952 4706; x_wconf 82' lang='lat' dir='ltr'><strong>Gabaonitae,</strong></span> <span class='ocrx_word' id='word_1_706' title='bbox 2984 4658 3104 4696; x_wconf 85' lang='lat' dir='ltr'><strong>cum</strong></span> <span class='ocrx_word' id='word_1_707' title='bbox 3138 4642 3518 4696; x_wconf 83' lang='lat' dir='ltr'><strong>mulierculam</strong></span> 
     </span>
    </p>
   </div>
   <div class='ocr_carea' id='block_1_104' title="bbox 1944 4733 3517 4806">
    <p class='ocr_par' dir='ltr' id='par_1_104' title="bbox 1944 4733 3517 4806">
     <span class='ocr_line' id='line_1_104' title="bbox 1944 4733 3517 4806; baseline -0.004 -15"><span class='ocrx_word' id='word_1_708' title='bbox 1944 4737 2236 4800; x_wconf 88' lang='lat' dir='ltr'><strong>vidissent,</strong></span> <span class='ocrx_word' id='word_1_709' title='bbox 2277 4736 2498 4793; x_wconf 71' lang='lat' dir='ltr'><strong>adsunt.</strong></span> <span class='ocrx_word' id='word_1_710' title='bbox 2529 4750 2650 4789; x_wconf 89' lang='lat' dir='ltr'><strong>eam</strong></span> <span class='ocrx_word' id='word_1_711' title='bbox 2696 4733 3023 4806; x_wconf 83' lang='lat' dir='ltr'><strong>ﬂagitantes.</strong></span> <span class='ocrx_word' id='word_1_712' title='bbox 3054 4733 3180 4787; x_wconf 81' lang='lat' dir='ltr'><strong>Seni</strong></span> <span class='ocrx_word' id='word_1_713' title='bbox 3217 4737 3517 4796; x_wconf 87' lang='lat' dir='ltr'><strong>recusanti,</strong></span> 
     </span>
    </p>
   </div>
   <div class='ocr_carea' id='block_1_105' title="bbox 1944 4825 3516 4894">
    <p class='ocr_par' dir='ltr' id='par_1_105' title="bbox 1944 4825 3516 4894">
     <span class='ocr_line' id='line_1_105' title="bbox 1944 4825 3516 4894; baseline -0.003 -9"><span class='ocrx_word' id='word_1_714' title='bbox 1944 4844 2136 4885; x_wconf 87' lang='lat' dir='ltr'><strong>necem</strong></span> <span class='ocrx_word' id='word_1_715' title='bbox 2165 4828 2508 4881; x_wconf 89' lang='lat' dir='ltr'><strong>minitantur.</strong></span> <span class='ocrx_word' id='word_1_716' title='bbox 2539 4827 2628 4881; x_wconf 89' lang='lat' dir='ltr'><strong>Ille</strong></span> <span class='ocrx_word' id='word_1_717' title='bbox 2656 4826 2820 4880; x_wconf 89' lang='lat' dir='ltr'><strong>filiam</strong></span> <span class='ocrx_word' id='word_1_718' title='bbox 2848 4842 3000 4880; x_wconf 90' lang='lat' dir='ltr'><strong>suam</strong></span> <span class='ocrx_word' id='word_1_719' title='bbox 3027 4827 3107 4879; x_wconf 89' lang='lat' dir='ltr'><strong>eis</strong></span> <span class='ocrx_word' id='word_1_720' title='bbox 3133 4825 3314 4894; x_wconf 71' lang='lat' dir='ltr'><strong>pozius</strong></span> <span class='ocrx_word' id='word_1_721' title='bbox 3337 4825 3516 4880; x_wconf 70' lang='lat' dir='ltr'><strong>offert.</strong></span> 
     </span>
    </p>
   </div>
   <div class='ocr_carea' id='block_1_106' title="bbox 1947 4913 3518 4986">
    <p class='ocr_par' dir='ltr' id='par_1_106' title="bbox 1947 4913 3518 4986">
     <span class='ocr_line' id='line_1_106' title="bbox 1947 4913 3518 4986; baseline -0.006 -13"><span class='ocrx_word' id='word_1_722' title='bbox 1947 4921 2110 4973; x_wconf 83' lang='lat' dir='ltr'><strong>modo</strong></span> <span class='ocrx_word' id='word_1_723' title='bbox 2131 4917 2375 4986; x_wconf 84' lang='lat' dir='ltr'><strong>hospites</strong></span> <span class='ocrx_word' id='word_1_724' title='bbox 2394 4932 2422 4970; x_wconf 90' lang='lat' dir='ltr'><strong>a</strong></span> <span class='ocrx_word' id='word_1_725' title='bbox 2449 4917 2498 4969; x_wconf 88' lang='lat' dir='ltr'><strong>vi</strong></span> <span class='ocrx_word' id='word_1_726' title='bbox 2523 4925 2580 4970; x_wconf 91' lang='lat' dir='ltr'><strong>et</strong></span> <span class='ocrx_word' id='word_1_727' title='bbox 2603 4916 2800 4986; x_wconf 86' lang='lat' dir='ltr'><strong>injuria</strong></span> <span class='ocrx_word' id='word_1_728' title='bbox 2821 4925 3060 4969; x_wconf 83' lang='lat' dir='ltr'><strong>tueatur.</strong></span> <span class='ocrx_word' id='word_1_729' title='bbox 3087 4917 3287 4969; x_wconf 85' lang='lat' dir='ltr'><strong>Verum</strong></span> <span class='ocrx_word' id='word_1_730' title='bbox 3309 4913 3386 4968; x_wconf 91' lang='lat' dir='ltr'><strong>illi</strong></span> <span class='ocrx_word' id='word_1_731' title='bbox 3411 4928 3518 4966; x_wconf 90' lang='lat' dir='ltr'><strong>non</strong></span> 
     </span>
    </p>
   </div>
   <div class='ocr_carea' id='block_1_107' title="bbox 1948 5007 3516 5079">
    <p class='ocr_par' dir='ltr' id='par_1_107' title="bbox 1948 5007 3516 5079">
     <span class='ocr_line' id='line_1_107' title="bbox 1948 5007 3516 5079; baseline -0.008 -13"><span class='ocrx_word' id='word_1_732' title='bbox 1948 5012 2053 5066; x_wconf 90' lang='lat' dir='ltr'><strong>nisi</strong></span> <span class='ocrx_word' id='word_1_733' title='bbox 2080 5021 2235 5079; x_wconf 90' lang='lat' dir='ltr'><strong>rapta</strong></span> <span class='ocrx_word' id='word_1_734' title='bbox 2266 5008 2589 5062; x_wconf 86' lang='lat' dir='ltr'><strong>muliercula</strong></span> <span class='ocrx_word' id='word_1_735' title='bbox 2625 5007 2937 5067; x_wconf 89' lang='lat' dir='ltr'><strong>discedunt.</strong></span> <span class='ocrx_word' id='word_1_736' title='bbox 2963 5023 3195 5074; x_wconf 86' lang='lat' dir='ltr'><strong>eamque</strong></span> <span class='ocrx_word' id='word_1_737' title='bbox 3230 5022 3324 5074; x_wconf 89' lang='lat' dir='ltr'><strong>per</strong></span> <span class='ocrx_word' id='word_1_738' title='bbox 3351 5014 3516 5058; x_wconf 87' lang='lat' dir='ltr'><strong>totam</strong></span> 
     </span>
    </p>
   </div>
   <div class='ocr_carea' id='block_1_108' title="bbox 1949 5094 3518 5169">
    <p class='ocr_par' dir='ltr' id='par_1_108' title="bbox 1949 5094 3518 5169">
     <span class='ocr_line' id='line_1_108' title="bbox 1949 5094 3518 5169; baseline -0.007 -13"><span class='ocrx_word' id='word_1_739' title='bbox 1949 5112 2165 5156; x_wconf 88' lang='lat' dir='ltr'><strong>noctem</strong></span> <span class='ocrx_word' id='word_1_740' title='bbox 2200 5115 2300 5169; x_wconf 86' lang='lat' dir='ltr'><strong>pro</strong></span> <span class='ocrx_word' id='word_1_741' title='bbox 2332 5099 2562 5153; x_wconf 91' lang='lat' dir='ltr'><strong>libidine</strong></span> <span class='ocrx_word' id='word_1_742' title='bbox 2591 5115 2689 5154; x_wconf 86' lang='lat' dir='ltr'><strong>sua</strong></span> <span class='ocrx_word' id='word_1_743' title='bbox 2732 5099 3121 5168; x_wconf 82' lang='lat' dir='ltr'><strong>subagitatam.</strong></span> <span class='ocrx_word' id='word_1_744' title='bbox 3150 5095 3394 5150; x_wconf 85' lang='lat' dir='ltr'><strong>diluculo</strong></span> <span class='ocrx_word' id='word_1_745' title='bbox 3435 5094 3518 5146; x_wconf 86' lang='lat' dir='ltr'><strong>di-</strong></span> 
     </span>
    </p>
   </div>
   <div class='ocr_carea' id='block_1_109' title="bbox 1951 5186 3520 5256">
    <p class='ocr_par' dir='ltr' id='par_1_109' title="bbox 1951 5186 3520 5256">
     <span class='ocr_line' id='line_1_109' title="bbox 1951 5186 3520 5256; baseline -0.006 -9"><span class='ocrx_word' id='word_1_746' title='bbox 1951 5195 2197 5247; x_wconf 86' lang='lat' dir='ltr'><strong>mittunt.</strong></span> <span class='ocrx_word' id='word_1_747' title='bbox 2236 5192 2304 5245; x_wconf 85' lang='lat' dir='ltr'><strong>At</strong></span> <span class='ocrx_word' id='word_1_748' title='bbox 2352 5191 2442 5244; x_wconf 90' lang='lat' dir='ltr'><strong>illa</strong></span> <span class='ocrx_word' id='word_1_749' title='bbox 2492 5199 2548 5243; x_wconf 86' lang='lat' dir='ltr'><strong>et</strong></span> <span class='ocrx_word' id='word_1_750' title='bbox 2596 5200 2866 5245; x_wconf 86' lang='lat' dir='ltr'><strong>nocturna</strong></span> <span class='ocrx_word' id='word_1_751' title='bbox 2914 5205 3179 5249; x_wconf 76' lang='lat' dir='ltr'><strong>aerumna,</strong></span> <span class='ocrx_word' id='word_1_752' title='bbox 3216 5198 3271 5242; x_wconf 90' lang='lat' dir='ltr'><strong>et</strong></span> <span class='ocrx_word' id='word_1_753' title='bbox 3313 5186 3520 5256; x_wconf 88' lang='lat' dir='ltr'><strong>pudore</strong></span> 
     </span>
    </p>
   </div>
   <div class='ocr_carea' id='block_1_110' title="bbox 1951 5277 3522 5356">
    <p class='ocr_par' dir='ltr' id='par_1_110' title="bbox 1951 5277 3522 5356">
     <span class='ocr_line' id='line_1_110' title="bbox 1951 5277 3522 5356; baseline -0.005 -19"><span class='ocrx_word' id='word_1_754' title='bbox 1951 5285 2061 5356; x_wconf 68' lang='lat'><strong>49</strong></span> <span class='ocrx_word' id='word_1_755' title='bbox 2098 5283 2314 5347; x_wconf 87' lang='lat' dir='ltr'><strong>mariti,</strong></span> <span class='ocrx_word' id='word_1_756' title='bbox 2349 5291 2405 5337; x_wconf 87' lang='lat' dir='ltr'><strong>et</strong></span> <span class='ocrx_word' id='word_1_757' title='bbox 2447 5281 2635 5336; x_wconf 89' lang='lat' dir='ltr'><strong>dolore</strong></span> <span class='ocrx_word' id='word_1_758' title='bbox 2663 5297 2922 5351; x_wconf 88' lang='lat' dir='ltr'><strong>oppressa</strong></span> <span class='ocrx_word' id='word_1_759' title='bbox 2947 5321 2959 5341; x_wconf 88' lang='lat'><strong>,</strong></span> <span class='ocrx_word' id='word_1_760' title='bbox 2997 5279 3218 5333; x_wconf 78' lang='lat' dir='ltr'><strong>exhalat</strong></span> <span class='ocrx_word' id='word_1_761' title='bbox 3261 5277 3522 5331; x_wconf 64' lang='lat' dir='ltr'><strong>animam.</strong></span> 
     </span>
    </p>
   </div>
   <div class='ocr_carea' id='block_1_111' title="bbox 1953 5372 3521 5448">
    <p class='ocr_par' dir='ltr' id='par_1_111' title="bbox 1953 5372 3521 5448">
     <span class='ocr_line' id='line_1_111' title="bbox 1953 5372 3521 5448; baseline -0.006 -17"><span class='ocrx_word' id='word_1_762' title='bbox 1953 5378 2093 5431; x_wconf 86' lang='lat' dir='ltr'><strong>Tum</strong></span> <span class='ocrx_word' id='word_1_763' title='bbox 2147 5375 2396 5448; x_wconf 81' lang='lat' dir='ltr'><strong>maritus,</strong></span> <span class='ocrx_word' id='word_1_764' title='bbox 2433 5384 2649 5429; x_wconf 83' lang='lat' dir='ltr'><strong>ruortua</strong></span> <span class='ocrx_word' id='word_1_765' title='bbox 2697 5375 2752 5428; x_wconf 92' lang='lat' dir='ltr'><strong>in</strong></span> <span class='ocrx_word' id='word_1_766' title='bbox 2797 5372 3085 5428; x_wconf 81' lang='lat' dir='ltr'><strong>duodecim</strong></span> <span class='ocrx_word' id='word_1_767' title='bbox 3133 5378 3318 5441; x_wconf 87' lang='lat' dir='ltr'><strong>partes</strong></span> <span class='ocrx_word' id='word_1_768' title='bbox 3353 5379 3521 5432; x_wconf 88' lang='lat' dir='ltr'><strong>secta,</strong></span> 
     </span>
    </p>
   </div>
   <div class='ocr_carea' id='block_1_112' title="bbox 1431 5534 2314 5598">
    <p class='ocr_par' dir='ltr' id='par_1_112' title="bbox 1431 5534 2314 5598">
     <span class='ocr_line' id='line_1_112' title="bbox 1431 5534 2314 5598; baseline 0.002 -2"><span class='ocrx_word' id='word_1_769' title='bbox 1431 5537 1631 5598; x_wconf 58' lang='lat' dir='ltr'><strong>Variae</strong></span> <span class='ocrx_word' id='word_1_770' title='bbox 1673 5534 1978 5597; x_wconf 88' lang='lat' dir='ltr'><strong>lectiones</strong></span> <span class='ocrx_word' id='word_1_771' title='bbox 2022 5541 2083 5596; x_wconf 86' lang='lat' dir='ltr'><strong>et</strong></span> <span class='ocrx_word' id='word_1_772' title='bbox 2122 5543 2314 5598; x_wconf 76' lang='lat' dir='ltr'><strong>notae.</strong></span> 
     </span>
    </p>
   </div>
   <div class='ocr_carea' id='block_1_113' title="bbox 323 5662 1848 5738">
    <p class='ocr_par' dir='ltr' id='par_1_113' title="bbox 323 5662 1848 5738">
     <span class='ocr_line' id='line_1_113' title="bbox 323 5662 1848 5738; baseline -0.008 -13"><span class='ocrx_word' id='word_1_773' title='bbox 323 5672 452 5738; x_wconf 63' lang='lat'><strong>(45)</strong></span> <span class='ocrx_word' id='word_1_774' title='bbox 497 5667 602 5721; x_wconf 75' lang='grc' dir='ltr'><strong>Καὶ</strong></span> <span class='ocrx_word' id='word_1_775' title='bbox 640 5669 670 5719; x_wconf 83' lang='grc' dir='ltr'><strong>ό</strong></span> <span class='ocrx_word' id='word_1_776' title='bbox 711 5666 1125 5738; x_wconf 13' lang='grc' dir='ltr'><strong>τριετοκρὰτίης</strong></span> <span class='ocrx_word' id='word_1_777' title='bbox 1174 5664 1432 5738; x_wconf 75' lang='grc' dir='ltr'><strong>ἐξέλιπε.</strong></span> <span class='ocrx_word' id='word_1_778' title='bbox 1465 5734 1474 5738; x_wconf 87' lang='lat'><strong>_</strong></span> <span class='ocrx_word' id='word_1_779' title='bbox 1503 5662 1848 5738; x_wconf 72' lang='lat' dir='ltr'><strong>Magistratus</strong></span> 
     </span>
    </p>
   </div>
   <div class='ocr_carea' id='block_1_114' title="bbox 249 5734 1850 5807">
    <p class='ocr_par' dir='ltr' id='par_1_114' title="bbox 249 5734 1850 5807">
     <span class='ocr_line' id='line_1_114' title="bbox 249 5734 1850 5807; baseline -0.011 -6"><span class='ocrx_word' id='word_1_780' title='bbox 249 5734 678 5803; x_wconf 9' lang='lat' dir='ltr'><strong>alitriennium</strong></span> <span class='ocrx_word' id='word_1_781' title='bbox 713 5752 947 5807; x_wconf 67' lang='lat' dir='ltr'><strong>praeesse</strong></span> <span class='ocrx_word' id='word_1_782' title='bbox 976 5737 1191 5791; x_wconf 58' lang='lat' dir='ltr'><strong>solstus.</strong></span> <span class='ocrx_word' id='word_1_783' title='bbox 1231 5737 1337 5788; x_wconf 71' lang='lat' dir='ltr'><strong>Kal.</strong></span> <span class='ocrx_word' id='word_1_784' title='bbox 1379 5737 1410 5803; x_wconf 83' lang='grc' dir='ltr'><strong>ή</strong></span> <span class='ocrx_word' id='word_1_785' title='bbox 1453 5734 1850 5804; x_wconf 77' lang='grc' dir='ltr'><strong>ἀριστοκρατία</strong></span> 
     </span>
    </p>
   </div>
   <div class='ocr_carea' id='block_1_115' title="bbox 1956 5656 3520 5785">
    <p class='ocr_par' dir='ltr' id='par_1_115' title="bbox 1956 5656 3520 5785">
     <span class='ocr_line' id='line_1_115' title="bbox 1956 5656 3520 5785; baseline -0.004 -72"><span class='ocrx_word' id='word_1_786' title='bbox 1956 5662 2215 5785; x_wconf 37' lang='lat' dir='ltr'><strong>iiii.qu</strong></span> <span class='ocrx_word' id='word_1_787' title='bbox 2256 5663 2460 5716; x_wconf 89' lang='lat' dir='ltr'><strong>rectius</strong></span> <span class='ocrx_word' id='word_1_788' title='bbox 2492 5661 2542 5715; x_wconf 89' lang='lat' dir='ltr'><strong>iu</strong></span> <span class='ocrx_word' id='word_1_789' title='bbox 2568 5659 2861 5716; x_wconf 84' lang='lat' dir='ltr'><strong>Viennensi</strong></span> <span class='ocrx_word' id='word_1_790' title='bbox 2900 5656 3089 5713; x_wconf 84' lang='lat' dir='ltr'><strong>codice</strong></span> <span class='ocrx_word' id='word_1_791' title='bbox 3124 5667 3179 5712; x_wconf 85' lang='lat' dir='ltr'><strong>et</strong></span> <span class='ocrx_word' id='word_1_792' title='bbox 3215 5659 3266 5711; x_wconf 91' lang='lat' dir='ltr'><strong>in</strong></span> <span class='ocrx_word' id='word_1_793' title='bbox 3303 5657 3435 5726; x_wconf 73' lang='lat' dir='ltr'><strong>Reg.</strong></span> <span class='ocrx_word' id='word_1_794' title='bbox 3470 5663 3520 5707; x_wconf 92' lang='lat' dir='ltr'><strong>et</strong></span> 
     </span>
     <span class='ocr_line' id='line_1_116' title="bbox 1985 5734 2358 5785; baseline 0.003 -1"><span class='ocrx_word' id='word_1_795' title='bbox 1985 5734 2032 5785; x_wconf 79' lang='grc' dir='ltr'><strong>ὐ</strong></span> <span class='ocrx_word' id='word_1_796' title='bbox 2077 5751 2110 5785; x_wconf 82' lang='grc'><strong>›.</strong></span> <span class='ocrx_word' id='word_1_797' title='bbox 2160 5734 2358 5785; x_wconf 68' lang='lat' dir='ltr'><strong>euilul‘.</strong></span> 
     </span>
    </p>
   </div>
   <div class='ocr_carea' id='block_1_116' title="bbox 1985 5734 2358 5804">
    <p class='ocr_par' dir='ltr' id='par_1_116' title="bbox 1985 5734 2358 5804">
     <span class='ocr_line' id='line_1_117' title="bbox 1985 5734 2358 5804; baseline 0.011 -22"><span class='ocrx_word' id='word_1_798' title='bbox 1985 5734 2110 5786; x_wconf 72' lang='lat' dir='ltr'><strong>loli).</strong></span> <span class='ocrx_word' id='word_1_799' title='bbox 2141 5734 2358 5804; x_wconf 68' lang='lat' dir='ltr'><strong>legitur.</strong></span> 
     </span>
    </p>
   </div>
  </div>
