3964 6252
398 308 494 371 lii

397 507 708 564 calamitate
743 514 799 560 et
839 503 1165 561 auctoribus
1195 502 1344 557 illius
1371 498 1663 570 expositis.
1714 497 1975 555 lsraelitae

397 602 565 671 igitur
585 598 809 654 feciales
835 596 1148 651 Gabaonem
1181 593 1429 656 mittunt,
1450 592 1543 661 qui
1564 592 1609 645 ei
1638 590 1873 646 facinori
1895 588 1975 643 af-

397 694 535 750 fines
576 694 645 748 ad
668 691 998 761 supplicium
1045 674 1368 757 exposcam.
1414 684 1528 741 lllis
1553 699 1664 739 non
1714 682 1973 738 dedenti-

398 784 783 850 bus,‘bellum
833 781 1117 836 inferunt:
1174 791 1239 832 ac
1293 776 1378 831 bis
1422 775 1540 829 acie
1570 774 1888 844 congressi,
1940 789 1973 828 a

401 877 720 948 Benjamitis
772 872 829 929 in
862 872 1046 944 fugam
1087 878 1403 925 vertuntur.
1432 866 1672 921 Tandem
1708 879 1806 935 per
1839 864 1973 919 Phi-

398 985 553 1024 neem
577 966 918 1023 sacerdotem
946 965 1313 1034 deprecantur
1344 960 1536 1024 Deum,
1558 967 1615 1014 et
1635 958 1718 1013 sie
1734 956 1973 1029 aggressi

397 1063 728 1135 Benjamitas
750 1061 822 1115 ita
843 1058 1084 1121 caedunt,
1127 1062 1189 1109 ut
1230 1060 1444 1107 tantum
1480 1067 1547 1107 bc
1587 1066 1655 1106 ex
1680 1051 1760 1106 eis
1782 1064 1973 1120 super-

396 1164 604 1221 essent,
650 1152 746 1223 qui
787 1153 844 1206 in
881 1149 1092 1205 vicinos
1126 1154 1344 1202 montes
1383 1143 1743 1214 diﬂ’ugerunt.
1790 1141 1970 1197 Israe-

395 1248 507 1303 lita:
534 1245 850 1302 Gabaonem
884 1237 1191 1296 incendunt
1220 1235 1498 1291 mulieres
1525 1244 1582 1290 et
1613 1234 1815 1305 pueros
1856 1248 1974 1289 om-

396 1355 496 1395 nes
530 1338 848 1408 perimunt,
900 1333 1043 1387 idem
1079 1330 1136 1384 in
1176 1328 1392 1384 caeteris
1420 1326 1587 1382 etiam
1616 1325 1852 1382 urbibus
1888 1325 1971 1381 fa-

397 1441 567 1487 ctum.
600 1428 744 1495 Quin
788 1435 844 1480 el.
873 1423 1027 1480 Jabis
1069 1419 1383 1477 Galaditicaa
1416 1417 1570 1474 urbis
1616 1417 1822 1473 incolas
1845 1431 1970 1473 cum

400 1519 667 1573 uxoribus
711 1526 768 1571 et
804 1515 994 1570 liberis
1034 1511 1334 1587 occidunt,
1380 1509 1453 1564 ob
1488 1516 1794 1563 recusatam
1844 1505 1972 1565 belli

401 1611 551 1665 illius
579 1608 918 1668 societaIein,
949 1601 1366 1675 quadringentis
1385 1599 1691 1670 virginibus
1708 1598 1972 1667 exceptis,

398 1717 536 1773 quas
560 1699 994 1768 Benjamitarum
1039 1694 1294 1765 reliquiis
1330 1693 1705 1763 praebuerunt,
1741 1700 1800 1745 ut
1836 1705 1969 1745 cou-

1701 296 2022 357 JOANNIS
2065 296 2381 357 ZONARAZ

396 418 461 472 ad
537 411 780 483 singulas
852 410 1028 466 tribus
1086 424 1249 464 unam
1313 407 1625 477 portionem
1666 403 1971 469 mittit,let

2080 406 2303 476 κτερινῇ
2384 403 2729 475 ταλαιπωρίᾳ
2752 444 2765 465 ,

3553 298 3659 363 ΗΞ

2853 406 2945 458 καὶ
3008 409 3072 475 τῇ
3142 406 3274 477 πρὸς
3341 406 3429 460 τὸν
3487 407 3660 479 ἄνδρα

2075 498 2331 569 αἰσχύνῃ,
2390 499 2489 553 καὶ
2542 501 2608 569 τῇ
2684 499 2830 571 λύπῃ
2883 500 3313 570 καταϐληθεῖσα,
3375 502 3651 573 διαπεφώ-

2075 608 2232 661 νηκε.
2273 593 2381 645 Καὶ
2424 591 2453 643 ὁ
2486 593 2696 665 ταύτης
2725 593 2865 663 ἀνὴρ
2919 596 3001 656 εἰς
3036 594 3179 664 μέρη
3210 594 3422 648 δώδεκα
3462 596 3663 650 διελὼν

2074 684 2175 753 τὴν
2204 682 2499 747 Θανοῦσαν.
2536 685 2808 755 διέπεμψε
2851 685 3017 757 μέρος
3060 688 3140 749 είς
3180 687 3422 757 ἑκάστην
3456 689 3663 758 φυλὴν,

2075 775 2138 829 τό
2168 792 2228 829 τε
2270 777 2444 841 πάθος
2476 777 2698 841 διδάξας
2736 777 2960 841 αὐτοὺς,
3004 777 3102 830 καὶ
3139 778 3269 841 τοὺς
3314 779 3523 843 αἰτίους
3554 780 3662 850 τῆς

2077 871 2387 940 συμφορᾶς.
2447 870 2765 940 Πέμπουσιν
2810 864 2906 923 οὖν
2945 871 3081 940 πρὸς
3125 870 3224 940 τὴν
3270 871 3491 932 Γαϐαὼ.
3527 874 3663 936 τοὺς

2075 962 2581 1031 παρανομήσαντας
2625 960 3031 1030 ἐξαιτούμενοι.
3064 962 3131 1015 0i
3159 962 3218 1015 δὲ
3252 963 3353 1016 οὐκ
3381 962 3665 1027 ἐξέδοσαν.

2074 1055 2139 1105 Ai
2171 1052 2336 1119 φυλαὶ
2364 1052 2410 1105 δ’
2446 1053 2854 1123 ἐπεστράτευον
2885 1052 2973 1106 ἐπ’
2997 1053 3220 1118 αὐτούς.
3248 1055 3358 1107 Καὶ
3405 1055 3487 1116 δὶς
3516 1071 3665 1124 συμ-

2076 1144 2333 1208 ϐαλόντες
2355 1147 2464 1209 τοῖς
2487 1146 2865 1214 Βενιαμίταις,
2896 1145 3170 1216 ἡττῶνται
3207 1147 3257 1197 οί
3294 1145 3661 1216 Ἰσραηλῖται.

2074 1234 2210 1290 Εἶτα
2257 1237 2348 1290 διὰ
2390 1238 2579 1302 Φινεὲς
2613 1238 2709 1319 τοῦ
2758 1239 3073 1310 ἀρχιερέως,
3107 1237 3323 1292 δέονται
3365 1237 3463 1291 τοῦ
3494 1238 3662 1305 Θεοῦ,

2074 1330 2172 1384 καὶ
2202 1328 2347 1383 οὕτω
2377 1329 2750 1399 συμϐαλόντες
2781 1332 2896 1394 τοῖς
2930 1328 3285 1398 Βενιαμίταις
3315 1329 3659 1399 ἐκράτησαν,

2073 1422 2149 1486 ὡς
2176 1422 2384 1482 πάντας
2416 1422 2557 1492 πλὴν
2593 1421 2895 1487 ἑξακοσίων
2932 1423 3143 1486 πεσεῖν,
3170 1420 3221 1474 οἳ
3250 1420 3390 1491 πρὸς
3418 1420 3492 1473 τὰ
3516 1422 3666 1490 πλη-

2076 1516 2191 1570 σίον
2240 1517 2341 1586 ὅρη
2379 1517 2712 1586 κατέφυγον.
2748 1515 2815 1571 Οἱ
2861 1516 2918 1568 δὲ
2957 1514 3299 1586 Ἰσραηλῖται
3334 1515 3663 1585 ἐνέπρησὰν

2073 1626 2134 1662 τε
2164 1608 2265 1681 τὴν
2297 1609 2336 1662 Γ
2339 1607 2518 1677 αὸαὼ,
2569 1613 2660 1661 καὶ
2698 1607 2798 1672 τὰς
2852 1610 3119 1677 γυναῖκας
3167 1606 3265 1660 καὶ
3296 1605 3422 1668 τοὺς
3456 1605 3667 1669 παῖδας

2075 1698 2286 1763 πάντας
2317 1698 2752 1770 διεχειρίσαντοο
2788 1701 2885 1753 καὶ
2910 1699 3005 1750 ἐπὶ
3035 1699 3157 1761 ταῖς
3183 1697 3374 1765 ἄλλαις
3403 1694 3461 1748 δὲ
3492 1694 3669 1748 πόλε-

392 1766 550 1866 jilges
573 1766 861 1856 haberent,
888 1788 1098 1845 miserti
1119 1786 1450 1843 calamitatis
1469 1800 1694 1841 eorum:
1716 1792 1970 1865 suscepta

2078 1809 2165 1844 σιν
2193 1792 2373 1846 αὐτῶν
2403 1766 2572 1861 δρᾶισι
2596 1793 2667 1844 τὰ
2695 1793 2884 1861 ὃμοια.
2904 1791 3027 1859 ,Καὶ
3071 1790 3269 1851 Ἰαϐεὶς
3300 1789 3358 1843 δὲ
3383 1788 3663 1842 Γαλααδί-

396 1887 561 1942 ctiam
596 1883 956 1955 cogitatione,
1007 1878 1467 1952 quemadmodum
1514 1875 1715 1946 reliqui
1748 1875 1972 1931 ducenti

397 1976 725 2063 conjugibua
761 1976 1095 2046 potirentur.
1136 1971 1361 2057 .Pridem
1415 1968 1568 2024 enim
1608 1967 1972 2039 jurejurando

395 2062 739 2153 interposito,
763 2066 1022 2123 facinoris
1051 2065 1198 2119 illius
1226 2062 1352 2118 odio
1377 2069 1696 2123 sanxerant.
1750 2076 1817 2116 ne
1847 2062 1974 2130 quis

398 2163 562 2216 tiliam
618 2158 934 2230 Benjamitaa
981 2170 1206 2211 uxorem
1247 2153 1633 2223 desponderet.
1679 2152 1757 2206 Ea
1815 2155 1882 2206 de
1913 2167 1973 2207 re

398 2251 838 2309 deliberantibus
864 2249 1067 2313 visum,
1100 2262 1211 2302 non
1240 2245 1467 2315 quidem
1509 2243 1721 2301 dandas
1755 2244 1865 2299 illis
1903 2250 1972 2299 ob

390 2343 815 2419 jusjurandum,
860 2340 957 2398 sed
1012 2338 1428 2395 concedendum
1462 2347 1522 2392 ut
1567 2338 1669 2408 ipsi
1717 2347 1973 2408 raperent

397 2438 658 2509 virgines,
708 2450 847 2506 quas
876 2432 982 2489 sibi
1016 2431 1258 2487 thalamo
1287 2428 1584 2495 sociarent,
1626 2430 1760 2500 ipsis
1791 2445 1970 2501 neque

388 2528 873 2605 prohibentibus,
927 2523 1533 2607 neque'incitantibus.
1590 2524 1707 2579 Hoc
1750 2525 1971 2580 decreto

376 2622 563 2699 ,Tfagto,
607 2619 925 2691 Benjamitze
971 2632 1086 2672 rem
1120 2602 1377 2672 exsecuti
1414 2626 1563 2673 sunt.
1597 2614 1734 2672 Cum
1785 2628 1968 2673 autem

397 2700 653 2772 Israelita:
704 2713 868 2782 longo
908 2711 1024 2781 jam
1065 2717 1313 2779 tempore
1360 2707 1573 2763 bellicae
1598 2710 1678 2764 rei
1722 2710 1971 2766 studium

399 2797 849 2862 mtermisisse’nt,
884 2806 1344 2869 contempserunt
1379 2812 1475 2853 eos
1506 2797 1824 2864 Cbananzei,
1845 2802 1970 2870 qui-

396 2895 627 2949 busdam
663 2892 892 2948 urbibus
922 2890 1217 2961 ademptis.
1261 2890 1376 2944 Dan
1408 2890 1590 2945 tribus
1622 2890 1677 2945 in
1726 2903 1968 2947 montem

396 2985 661 3056 confugit,
700 2994 863 3054 atque
910 2970 1038 3037 inde
1090 2984 1147 3038 in
1177 2982 1582 3053 mediterranea
1615 2983 1778 3052 sedes
1823 2994 1972 3040 tran-

2074 1883 2219 1946 τιδος
2244 1882 2477 1955 πόλεως,
2494 1883 2595 1939 ὅτι»
2613 1882 2689 1953 μὴ
2720 1882 3108 1953 συνεμάχησεν
3134 1881 3343 1946 αὐτοῖς,
3364 1880 3665 1948 φονεύουσι

2073 1978 2200 2040 τοὺς
2225 1976 2518 2039 κατοίκους
2549 1978 2649 2031 σὺν
2677 1977 2892 2039 τέκνοις
2908 1976 3004 2029 καὶ
3022 1976 3260 2043 γυναιξὶ,
3290 1975 3430 2045 πλὴν
3457 1992 3664 2044 τετρα-

2076 2068 2279 2121 κοσίων
2315 2068 2631 2138 παρθένων,
2675 2067 2741 2131 ἃς
2788 2070 2903 2130 τοῖς
2938 2066 3298 2136 περισωθεῖσι
3327 2067 3435 2119 τῶν
3463 2067 3666 2120 Βεν.α-

2077 2159 2252 2229 μιτῶν
2281 2163 2578 2230 παρέσχον,
2619 2161 2708 2216 ἵνα
2757 2158 3053 2225 συνεὺνους
3097 2164 3279 2230 σχοῖεν
3316 2161 3513 2224 αὑτὰς,
3554 2161 3667 2229 τῆς

2076 2251 2362 2322 συμφορᾶς
2418 2259 2614 2315 αὐτους
2676 2250 3182 2321 κατοικτείραντες.
3253 2249 3555 2303 Ἐσκόποιυν
3605 2246 3665 2300 δ’

2072 2342 2221 2408 ὅπως
2245 2343 2339 2397 καὶ
2364 2344 2415 2396 oi
2449 2343 2632 2399 λοιποὶ
2648 2342 2919 2398 διακόσιοι
2938 2341 3215 2411 γυναικῶν
3241 2342 3660 2412 εὐπορήσουσιν.

2064 2434 2317 2506 ,Ὄρκους
2349 2434 2461 2507 γὰρ
2483 2435 2674 2491 ἔθεντο
2727 2435 2945 2506 πρώην,
2977 2433 3065 2489 διὰ
3124 2434 3186 2487 τὸ
3222 2435 3507 2503 τόλμημα,
3547 2450 3663 2503 μη-

2067 2527 2203 2591 ,δὲνα
2228 2528 2426 2582 δώσειν
2468 2527 2748 2598 Θυγατέρα
2783 2528 2923 2599 πρὸς
2956 2526 3138 2597 γάμον
3175 2524 3502 2595 Βενιαμίτῃ.
3539 2526 3663 2578 Καὶ

2076 2619 2377 2675 σκοποῦσιν
2414 2619 2622 2687 ἔδοξεν.
2673 2620 2874 2683 αὐτοὺς
2916 2619 3017 2689 μὲν
3066 2619 3142 2689 μὴ
3185 2618 3388 2672 διδόναι
3436 2618 3524 2670 διὰ
3557 2616 3662 2670 τὸν

2071 2716 2257 2786 ὅρκον,
2287 2718 2401 2778 τοῖς
2444 2714 2504 2768 δὲ
2556 2713 2913 2784 Βενιαμίταις
2957 2713 3156 2778 ἐξεῖναι
3196 2712 3503 2784 παρθένους
3553 2712 3662 2779 ἁρ-

2072 2809 2311 2873 πάζουσι
2332 2808 2663 2869 συνοικίζειν
2695 2809 2935 2872 ἑαυτοῖς,
2968 2806 3153 2877 αὐτῶν
3192 2806 3268 2876 μὴ
3306 2805 3659 2868 κωλυόντων,

2074 2905 2150 2973 μή
2194 2921 2254 2956 τε
2289 2901 2925 2974 προτρεπομένων..Καὶ
2968 2903 3083 2963 τοῖς
3136 2898 3236 2971 μὲν
3283 2899 3454 2961 οὓτως
3503 2894 3663 2960 ἔδοξε

2073 3001 2203 3071 περὶ
2226 2999 2454 3054 τούτων.
2488 2999 2553 3051 Oi
2581 2998 2638 3051 δὲ
2661 2997 2986 3066 Βενιαμῖται
3020 2995 3101 3057 είς
3131 2993 3297 3063 ἔργον
3324 2993 3392 3044 τὰ
3422 2990 3665 3056 δόξαντα.

399 3082 544 3136 tulit.
594 3079 859 3135 lsruelitis
892 3092 1028 3139 cum
1082 3085 1140 3131 et
1206 3074 1643 3130 Cbanauazorum
1721 3076 1970 3132 instituta

2074 3093 2303 3162 ἠγαγον.
2338 3091 2486 3155 Ἤδη.
2509 3091 2567 3145 δὲ
2602 3090 2709 3161 πρὸ
2732 3088 2954 3160 μακροῦ
2980 3087 3093 3141 τῶν
3132 3085 3481 3157 Ἰσραηλιτῶν
3514 3099 3663 3136 παυ-

400 3183 758 3244 usurparent,
799 3181 854 3226 et
897 3185 1050 3225 suam
1083 3168 1403 3238 reipublicae
1447 3167 1677 3222 formam
1711 3184 1973 3239 asperna-

401 3277 609 3327 rentur,
644 3265 855 3320 Numen
892 3262 1165 3319 infensum
1193 3263 1424 3317 exstitit.
1457 3262 1645 3332 Itaque
1662 3261 1974 3335 Chugarga-

400 3359 639 3415 tlzainms
667 3356 1012 3428 Assyriorum
1050 3370 1144 3409 rex
1180 3355 1385 3409 bellum
1409 3356 1491 3410 eis
1518 3354 1719 3417 infert,
1767 3364 1824 3409 et
1847 3372 1971 3426 gra-

399 3450 485 3504 via
515 3449 720 3503 tributa
747 3450 999 3517 imperat,
1029 3446 1232 3517 quibus
1254 3454 1379 3501 octo
1402 3462 1576 3502 annos
1605 3455 1970 3515 premuntur:

397 3542 577 3599 duties
612 3541 697 3599 vir
744 3538 967 3611 quidam
1015 3549 1277 3595 strenuus
1315 3538 1559 3594 Judaicze
1614 3539 1828 3604 tribus,
1877 3554 1975 3595 no-

398 3634 547 3687 mine
569 3629 885 3696 Gotlioniel,
914 3628 1107 3700 paucis
1138 3629 1309 3684 sociis
1338 3644 1407 3684 ex
1435 3629 1660 3683 oraculo
1689 3644 1976 3699 compara-

400 3725 507 3787 tis,
565 3723 914 3796 Assyriorum
962 3721 1106 3792 apud
1159 3735 1218 3776 se
1279 3720 1589 3789 pmsidiuui
1639 3719 1846 3775 caedit:
1908 3735 1974 3777 ac

399 3817 650 3889 pluribus
694 3815 893 3869 deinde
965 3813 1395 3878 confluentibus,
1472 3813 1726 3885 Assyrios
1782 3814 1973 3884 pmlio

398 3913 574 3966 victos
604 3917 844 3965 amovet.
885 3907 967 3963 Re
1004 3907 1145 3967 bene
1176 3918 1351 3978 gesta,
1386 3909 1676 3977 imperium
1733 3917 1786 3963 et
1826 3908 1975 3975 judi-

398 4005 555 4058 canili
578 4012 823 4075 potestas
845 4019 874 4058 a
896 4001 1102 4072 pepulo
1129 4001 1183 4056 ei
1208 3999 1550 4055 decernitur.
1575 3999 1677 4066 Qui
1707 4015 1832 4054 cum
1856 4015 1973 4054 ma-

399 4096 629 4163 gistralu
652 4095 717 4148 ad
748 4108 922 4148 annos
952 4090 1347 4161 quinquaginta
1379 4091 1620 4155 functus,
1652 4089 1819 4145 vitam
1847 4106 1972 4144 cum

398 4197 576 4242 morte
607 4185 714 4257 50
740 4192 1133 4241 commutasset
1164 4198 1178 4235 :
1212 4182 1471 4235 lsraelilze
1493 4182 1612 4235 sine
1630 4182 1973 4251 magistratu,

398 4282 518 4336 sine
571 4288 721 4332 metu
766 4275 1021 4331 Numinis
1064 4275 1346 4334 viventes,
1394 4271 1463 4325 ab
1503 4272 1707 4342 Eglone
1768 4272 1973 4327 Moabi»

399 4383 579 4426 tarum
625 4384 753 4439 rege
785 4368 1022 4434 subacti,
1069 4382 1252 4421 annua
1289 4364 1491 4419 tributa
1519 4367 1889 4434 pensitarunt.
1926 4367 1975 4421 ls

399 4461 758 4518 llierichunle
787 4458 1052 4515 aedificata
1089 4459 1257 4528 regia,
1295 4458 1423 4511 dum
1452 4473 1549 4526 per
1581 4472 1755 4511 annos
1780 4458 1969 4514 decem
2008 4445 2048 4498 ί)

396 4568 455 4612 et
495 4565 621 4611 octo
656 4554 824 4609 variis
865 4552 989 4607 illos
1024 4551 1183 4605 malis
1214 4549 1474 4619 exagitat.
1504 4549 1824 4605 adolescens
1848 4551 1971 4620 qui-

395 4650 520 4703 dam
556 4646 926 4717 Benjamilicae
957 4644 1157 4709 tribus,
1184 4642 1405 4699 nomine
1427 4640 1664 4707 Aotlius,
1687 4657 1849 4712 quem
1873 4643 1972 4699 Ju-

397 4739 521 4793 dam
553 4745 803 4791 vocatum
845 4734 1119 4804 Josepbus
1177 4733 1412 4798 asserit,
1460 4735 1625 4789 homo
1691 4737 1973 4796 conlidens

404 4839 460 4884 et
497 4829 781 4891 robustus,
814 4842 874 4882 se
906 4827 962 4881 in
991 4825 1215 4897 Eglonis
1242 4825 1673 4882 iamiliaritatem
1707 4827 1969 4894 insinuat,

393 4922 573 4978 aulam
599 4921 720 4991 ejus
750 4918 1129 4988 frequentans,
1159 4927 1216 4973 et
1248 4917 1532 4974 blanditiis
1556 4919 1836 4975 hominem
1864 4923 1970 4977 sibi

394 5016 735 5071 devineiens.
796 5013 895 5069 llic
947 5012 1245 5082 aliquando
1292 5026 1418 5068 cum
1462 5012 1681 5069 duobus
1729 5015 1972 5079 famulis,

393 5107 586 5178 Egloni
627 5120 854 5160 munera
886 5104 1092 5167 ferens,
1120 5105 1261 5160 clam
1290 5107 1435 5162 sicas
1454 5115 1632 5177 gestat
1666 5124 1679 5161 :
1731 5124 1967 5179 cumque

393 5201 498 5270 jam
546 5198 808 5253 meridies
842 5208 1009 5265 esset,
1046 5198 1379 5255 satellitibus
1409 5199 1471 5253 ad
1520 5215 1620 5255 sua
1668 5200 1964 5270 digressis,

395 5303 593 5346 nactus
614 5305 742 5345 eum
771 5290 972 5355 solum,
1000 5305 1103 5361 pro
1130 5290 1503 5347 familiaritate
1526 5292 1858 5363 ingreditur,
1881 5309 1968 5349 se-

398 5386 769 5452 ductumque,
812 5395 872 5437 ut
901 5384 1087 5439 arcani
1128 5383 1380 5440 dicturus
1433 5361 1639 5455 aliquid
1697 5386 1809 5440 ictu
1861 5400 1965 5454 0p-

395 5484 633 5544 portuno
659 5475 811 5531 illato
858 5484 1149 5549 tyrannum
1189 5477 1433 5548 perimit.
1465 5478 1753 5547 Digressus
1788 5477 1969 5532 Hieri-

2075 3186 2333 3255 σαμένων
2364 3184 2459 3237 τοῦ
2497 3180 2789 3254 μάχεσθαι,
2828 3175 3244 3251 κατεφρόνησαν
3270 3179 3323 3230 ei
3359 3180 3661 3231 Χαναναῖοι

2072 3278 2279 3340 αὐτῶν,
2311 3279 2408 3332 καὶ
2456 3275 2643 3340 πόλεις
2689 3275 2977 3345 ἀφείλοντο
3017 3273 3077 3338 ἐξ
3108 3273 3309 3327 αὐτῶν.
3352 3272 3418 3325 Ol.
3454 3271 3511 3324 δὲ
3546 3270 3662 3338 τῆς

2072 3373 2167 3426 τοῦ
2199 3372 2309 3425 Δὰν
2336 3369 2512 3440 φυλῆς
2541 3371 2622 3434 είς
2655 3369 2716 3423 τδ
2759 3369 2885 3437 ὅρος
2911 3368 3247 3436 κατέφυγον,
3283 3367 3540 3419 κάκεῖθεν
3567 3366 3659 3428 εἰς

2071 3467 2173 3539 τὴν
2230 3467 2517 3537 μεσόγειον
2570 3464 2954 3534 μετῳκήκασι.
3001 3461 3142 3524 Τοὺς
3196 3460 3255 3514 δὲ
3306 3455 3660 3528 Ἰσραηλίτας

2078 3559 2483 3632 μεταλαϐόντας
2521 3556 2631 3611 τῶν
2664 3555 2818 3627 παρὰ
2852 3558 2968 3617 τοῖς
2992 3553 3325 3615 Χαναναίοις
3349 3551 3511 3612 ὲοῶν,
3554 3553 3662 3604 καὶ

2072 3656 2169 3725 τῆς
2198 3652 2469 3722 σφετέρας
2493 3651 2774 3714 πολιτείας
2809 3650 3357 3720 καταφρονήσαντας,
3385 3646 3453 3698 δι’
3478 3644 3662 3714 ὀργῆς

2072 3748 2136 3800 τὸ
2169 3746 2312 3800 θεῖον
2351 3744 2639 3815 πεποίητο.
2686 3741 2984 3813 Στρατεύει
3027 3740 3212 3794 τοίνυν
3255 3737 3343 3789 ἐπ’
3387 3735 3582 3797 αὐτοὺς
3621 3736 3662 3788 ὁ

2073 3837 2184 3893 τῶν
2234 3836 2534 3907 Ἀσσυρίων
2580 3834 2833 3905 βασιλεὺς
2881 3828 3322 3902 Χουγαργαθαῒμ
3371 3828 3504 3898 (ιι).
3553 3828 3662 3882 καὶ

2076 3933 2278 4003 φόρους
2314 3928 2504 3999 βαρεῖς
2550 3927 2843 3980 ἐπιτάσσει
2882 3926 3093 3989 αὐτοῖς,
3133 3919 3217 3985 οἷς
3247 3923 3341 3975 ἐπὶ
3370 3920 3513 3974 ὀκτὼ
3542 3923 3664 3974 ἐνι-

2075 4023 2273 4083 αυτοὺς
2314 4018 2619 4083 ἐπιέζοντο.
2658 4012 2798 4073 Εἶτα
2825 4015 3155 4086 δραστήριός
3183 4031 3269 4079 τις
3297 4012 3438 4084 ἀνὴρ
3462 4014 3526 4066 ἑκ
3553 4012 3663 4080 τῆς

2089 4111 2259 4166 Ἰούδα
2299 4110 2498 4181 φυλῆς,
2530 4107 2789 4179 Γοθονιὴλ
2833 4106 3202 4176 κεκλημένος,
3244 4104 3468 4176 βραχεῖς
3497 4119 3663 4166 τινας

2076 4201 2647 4272 προσεταιρισάμενος
2677 4200 2822 4254 κατὰ
2866 4198 3010 4252 θεῖον
3056 4196 3331 4269 χρησμὸν,
3371 4194 3472 4265 τὴν
3519 4194 3664 4265 παρ’

2077 4297 2264 4360 αὐτοῖς
2295 4295 2404 4349 τῶν
2445 4292 2756 4363 Ἀσσυρίων
2794 4291 3102 4362 διαφθείρει
3144 4288 3414 4360 φρουράν.
3441 4288 3663 4354 Συνηγ-

2082 4390 2259 4458 μένων
2295 4388 2354 4442 δὲ
2390 4386 2531 4458 μετὰ
2580 4385 2753 4438 ταῦτα
2785 4383 3073 4446 πλειόνων,
3110 4381 3257 4453 μάχῃ
3302 4381 3433 4443 τοὺς
3463 4379 3667 4432 ’Δσσυο

2078 4482 2225 4552 ρίους
2276 4482 2542 4551 νικήσας,
2586 4476 2885 4541 ἀπώσατο.
2928 4476 3025 4529 καὶ
3076 4474 3266 4544 ἄρχειν
3331 4473 3507 4544 ᾑρέθη
3554 4471 3657 4524 διὰ

2072 4574 2234 4628 τοῦτο
2269 4575 2366 4627 τοῦ
2421 4569 2687 4640 πλήθους,
2738 4568 2947 4639 κρίνειν
2996 4584 3057 4620 τε
3106 4568 3197 4620 τὸν
3226 4565 3379 4620 λαόν.
3428 4564 3527 4626 ’ος
3559 4563 3666 4617 ἐπὶ

2073 4664 2421 4732 πεντήκοντα
2462 4661 2558 4729 ἐτη
2597 4659 2696 4728 τὴν
2729 4658 2906 4729 ἀρχὴν
2947 4657 3175 4721 ἀνύσας,
3215 4652 3521 4726 μετήλλαξε
3551 4652 3664 4722 τὴν

2074 4756 2240 4824 ζωήν.
2288 4754 2559 4823 Ἀναρχοι
2608 4751 2665 4802 δὲ
2710 4749 2863 4813 ὄντες
2910 4752 2959 4803 oi
2998 4748 3357 4818 Ἰσραηλῖται,
3401 4746 3498 4798 καὶ
3546 4742 3658 4796 τοῦ

2076 4840 2221 4893 θείου
2274 4835 2774 4907 καταφρονοῦντες,
2828 4837 2982 4907 παρὰ
3034 4837 3131 4891 τοῦ
3179 4836 3288 4890 τῶν
3339 4832 3664 4889 Μωαϐιτῶν

2075 4932 2339 5002 βασιλέως
2416 4930 2647 5003 Αίγλὼμ
2710 4933 2913 4996 αὐτοὺς
2965 4929 3374 4994 ὑποτάξαντος,
3422 4925 3666 4993 ἐτησίας

2074 5026 2339 5097 εἰσφορὰς
2370 5024 2784 5095 ἐπετάχθησαν.
2825 5026 2924 5088 Ὃς
2952 5025 3011 5077 ὲν
3053 5021 3373 5093 Ἱεριχοῦντι
3400 5018 3665 5089 βασίλεια

2074 5118 2477 5189 δομησᾶμενος,
2512 5116 2918 5180 ὲπὶὲνιαύτοὺς
2950 5113 3333 5169 ὀκτωκαίδεκα
3353 5110 3667 5174 πολυειδῶς

2075 5210 2278 5263 ἐκάκου
2327 5208 2547 5270 αὐτούς.
2603 5208 2844 5272 Νεανίας
2891 5208 2949 5260 δέ
3004 5224 3087 5270 τις
3141 5204 3472 5274 Βενιαμίτης
3504 5201 3662 5256 Ἀὼθ

2075 5302 2314 5372 τοῦνομα
2370 5303 2670 5375 (Ἰώσηπος
2723 5303 2782 5357 δὲ
2832 5302 3039 5356 Ἰούδαν
3095 5300 3287 5355 τοῦτον
3364 5297 3669 5353 καλεῖσθαι

2075 5393 2274 5463 λέγει),
2321 5394 2622 5465 τολμητίας
2664 5394 2763 5448 καὶ
2810 5392 3116 5465 ῥωμαλέος,
3164 5390 3405 5462 συνήθης
3440 5388 3675 5459 γίνεται

2075 5485 2151 5554 τῷ
2181 5485 2443 5556 Αίγλὼμ,
2472 5486 2566 5540 καὶ
2612 5484 2858 5554 συνεχῶς
2913 5483 3043 5555 παρ’
3098 5482 3263 5537 αὑτὸν
3304 5482 3496 5550 ἐφοίτα
3550 5479 3676 5534 θω-

1594 5641 1801 5702 Varim
1832 5640 2143 5703 lectiones
2178 5653 2239 5706 et
2270 5656 2461 5708 noue.

466 5763 575 5834 (ili)
603 5765 1057 5849 Χουιτιργαθαΐμ
1106 5765 1241 5820 Cod.
1275 5766 1414 5820 alter
1436 5777 1464 5819 e
1491 5765 1553 5819 \V
1580 5764 1799 5829 illimis,
1832 5765 1971 5820 Χουσ

2074 5762 2296 5838 οαοαῒμ.
2323 5766 2568 5824 Collierl.
2604 5764 3074 5834 Χουσπασαθαῖμ.
