3964 6252
445 407 550 471 115

1742 407 2070 469 JOANNIS
2108 405 2427 467 ZONARIE

3594 398 3690 462 116

440 526 659 581 hostem
685 524 859 581 ducit.
889 523 1089 590 Noctu,
1125 539 1237 579 uno
1267 523 1444 578 milite
1483 537 1671 579 secum
1703 535 2010 595 assumpto,

2119 526 2285 577 πόκον
2335 519 2590 590 γενέσθαι
2644 519 2857 591 δρόσον.
2922 520 3015 572 καὶ
3067 518 3307 586 ἐγένετο.
3364 514 3475 570 Kal
3527 514 3689 578 αὖθις

435 627 617 672 castra
649 617 892 673 hostium
912 617 1211 687 ingressus,
1239 615 1398 671 audit
1423 616 1715 687 quemdam
1737 631 1838 672 suo
1871 631 2009 672 con-

436 710 714 766 tubernali
751 720 1064 765 narrantem
1109 725 1169 765 se
1229 709 1438 766 vidisse
1478 710 1532 765 in
1570 708 1777 765 somnis
1813 724 2009 780 panem

434 802 829 867 lmrdeaceum,
870 803 964 872 qui
1006 818 1104 872 per
1151 809 1332 858 castra
1378 801 1719 856 volutaretur
1764 811 1822 856 et
1866 800 2012 872 regis

434 898 601 960 atque
628 891 907 946 exercitus
944 890 1300 947 tabernacula
1351 890 1653 960 deiiceret:
1691 890 1832 945 alter
1860 905 2010 945 som-

434 983 590 1037 nium
628 983 703 1045 id,
734 983 1012 1039 exercitus
1044 983 1327 1039 interitum
1390 984 1718 1052 portendere
1762 982 2012 1053 coniicit,

434 1073 747 1130 Gedeoncm
785 1090 910 1130 cum
939 1077 1054 1131 suis
1086 1076 1158 1130 ob
1190 1076 1526 1144 paucitatem
1564 1084 1621 1129 et
1652 1073 2011 1129 imbecillita-

441 1178 550 1221 tem
579 1168 704 1237 pani
733 1168 1046 1224 hordeaceo
1077 1183 1431 1237 comparans.
1471 1166 1568 1221 His
1595 1165 1818 1223 Gedeon
1854 1166 2011 1221 audi-

438 1261 532 1325 tis,
557 1259 804 1314 animum
838 1260 1067 1329 recepit.
1099 1272 1155 1314 et
1185 1259 1239 1313 in
1268 1268 1446 1315 castra
1473 1274 1750 1322 reversus,
1784 1272 1913 1313 suos
1956 1258 2011 1312 in

437 1355 606 1417 armis
628 1368 769 1418 esse,
787 1354 1144 1423 exercituque
1167 1352 1352 1409 intres
1369 1354 1647 1409 centun'as
1671 1352 1868 1416 diviso,
1892 1366 2013 1406 am-

438 1442 667 1508 phoram
691 1456 916 1496 vacuam
935 1441 1180 1511 singulos
1190 1455 1315 1496 cum
1334 1440 1453 1495 face
1469 1442 1698 1496 ardente
1713 1439 2015 1495 etarietino

437 1528 759 1584 cornuferre
777 1528 956 1597 jubet.
980 1528 1138 1584 Circa
1156 1529 1394 1601 vigiliam
1417 1530 1855 1600 noctisquartam
1876 1527 2016 1583 edu-

439 1620 517 1673 cit
532 1635 630 1676 eos
653 1631 846 1676 contra
870 1621 1301 1693 hosteszquibus
1321 1637 1445 1677 cum
1461 1621 2014 1692 appr0pinquassent,

438 1721 493 1765 et
521 1713 784 1767 cornibus
811 1714 1162 1777 cecinerunt,
1187 1722 1245 1768 et
1278 1714 1573 1783 amphoras
1603 1713 2014 1783 confregerunt,

438 1814 497 1856 et
548 1804 791 1861 clamore
849 1806 1066 1861 sublato
1113 1820 1240 1862 cum
1278 1806 1497 1861 facibus
1551 1806 1857 1861 irruerunt.
1893 1804 2019 1859 Haec

439 1896 727 1952 horrorem
752 1897 1004 1954 hostibus
1030 1899 1354 1955 incussere:
1383 1909 1440 1954 et
1471 1898 1601 1953 dum
1623 1897 1716 1953 alii
1745 1897 1815 1953 ab
1859 1896 2014 1952 hoste
2048 1878 2090 1933 Β

439 1987 761 2052 caeduntur,
822 1989 940 2055 alii,
986 1998 1043 2044 et
1086 1987 1311 2059 quidem
1331 1989 1491 2059 longe
1543 1988 1767 2058 plures,
1808 1986 2015 2056 quippe

438 2090 628 2144 noctu,
686 2095 720 2134 a
759 2082 883 2137 suis
914 2081 1291 2145 trucidantur,
1338 2080 1447 2151 52
1495 2080 1609 2135 fere
1644 2094 1843 2133 omnes
1884 2087 2015 2134 sunt

439 2168 629 2231 deleti,
656 2185 784 2224 cum
817 2170 1039 2225 duobus
1072 2171 1296 2241 regibus
1334 2171 1517 2226 Orcho
1550 2178 1607 2224 et
1647 2169 1817 2223 Zebo.
1868 2167 2017 2222 Reli-

439 2262 585 2331 quia:
614 2261 819 2317 ducum
854 2270 1021 2333 atque
1053 2264 1336 2317 exercitus
1389 2261 1662 2332 fugientes
1693 2301 1708 2326 ,
1746 2279 1776 2315 a
1804 2260 2017 2318 Gedeo-

337 2406 342 2411 .
438 2352 547 2408 uiis
588 2354 993 2424 comprehensi.
1035 2370 1228 2410 omnes
1284 2354 1625 2410 ceciderunt.
1664 2353 1866 2409 Tenuit
1908 2354 2013 2408 imo

441 2445 655 2513 perium
686 2445 911 2503 Gedeou
953 2464 1129 2503 annos
1150 2448 1537 2519 quadraginta,
1568 2459 1624 2503 et
1655 2463 1821 2503 senex
1844 2447 2010 2512 obiit,

441 2537 571 2592 filiis
590 2538 904 2609 legitimise
942 2541 1198 2608 pluiibus
1235 2542 1504 2595 uxoribus
1540 2540 1893 2610 septuaginta
1929 2555 2016 2594 re-

438 2629 606 2697 lictis,
639 2641 697 2685 et
742 2646 851 2686 uno
892 2651 922 2687 e
957 2633 1294 2697 concubina,
1326 2633 1727 2689 Abimelecbo:
1771 2634 1862 2703 qui
1905 2632 2016 2686 fra-

441 2724 622 2778 tribus
649 2725 935 2788 omnibus,
980 2741 1090 2780 uno
1119 2726 1388 2782 Joathane
1423 2725 1553 2795 fuga
1601 2726 1811 2796 elapso,
1846 2725 2017 2780 truci-

441 2816 607 2881 datis,
643 2818 985 2887 tyrannidem
1017 2818 1327 2888 occupavit.
1366 2817 1632 2873 Sicimiue
1675 2828 1824 2873 mota
1868 2818 2016 2872 sedi-

442 2913 591 2968 tione
652 2912 1072 2968 Abimelecbum
1119 2914 1257 2968 urbe
1296 2913 1531 2982 pellunt.
1571 2913 1623 2967 ls
1681 2911 1849 2966 unius
1878 2911 2016 2966 civis

438 3021 607 3075 opera
637 3006 885 3077 adjutus,
920 3007 1113 3062 urbem
1144 3007 1272 3062 dolo
1315 3017 1531 3077 captam
1557 3016 1820 3061 omnibus
1844 3004 2015 3075 pube-

439 3099 597 3155 ribus
628 3101 831 3155 oceisis
862 3100 980 3155 solo
1019 3111 1220 3170 aequat.
1270 3101 1446 3155 Aliam
1484 3100 1615 3155 item
1650 3100 1841 3154 urbem
1866 3098 2012 3154 Tlte-

2109 617 2299 688 δρόσον
2335 615 2536 687 ᾔτησεν
2596 615 2689 666 ἐπὶ
2736 614 2918 666 πᾶσαν
2956 611 3055 681 τὴν
3108 611 3211 679 γῆν
3263 608 3546 677 γενέσθαι,
3593 609 3689 661 ἐπὶ

2110 707 2203 761 τὸν
2234 708 2402 759 πόκον
2429 706 2485 759 δὲ
2512 703 2798 775 ξηρασίαν·
2822 705 2914 756 καὶ
2939 703 3168 771 γέγονεν
3196 699 3393 761 οὕτως.
3427 699 3690 753 Πείθεται

2110 793 2207 851 οὖν
2237 798 2265 851 ὁ
2291 795 2523 858 Γεδεὼν,
2557 796 2653 847 καὶ
2694 795 2792 847 σὺν
2842 792 3057 863 μυρίοις
3100 790 3243 843 κατὰ
3272 789 3384 841 τῶν
3431 787 3692 841 ἐναντίων

2110 889 2403 953 ὡπλίζετο.
2438 884 2571 941 Εἶτα
2602 886 2792 957 ἐντολῇ
2837 884 2934 939 τού
2965 883 3103 937 Θεοῦ
3135 884 3259 952 ἄγει
3308 881 3519 943 πάντας
3550 880 3691 933 κατά

2116 982 2493 1052 μεσημϐρίαν,
2549 983 2644 1033 ἐπί
2689 980 2782 1031 τὸν
2819 978 3087 1048 ποταμόν.
3128 978 3240 1030 Kal
3285 976 3413 1037 τοὺς
3457 974 3556 1044 μὲν
3594 973 3690 1025 λά-

2112 1074 2319 1144 ψαντας
2355 1074 2415 1126 ἐν
2438 1072 2518 1140 τῷ
2540 1071 2742 1137 πίνειν,
2780 1069 2878 1123 καὶ
2911 1069 3052 1139 μετὰ
3086 1067 3324 1138 σπουδῆς
3354 1067 3428 1129 ὡς
3462 1063 3688 1135 περιφό-

2116 1185 2250 1240 ρους
2281 1166 2396 1237 (45)
2434 1165 2656 1228 πιόντας
2694 1165 3022 1236 (τριακόσιοι
3066 1162 3123 1215 δέ
3166 1158 3311 1233 ἦσαν
3349 1153 3520 1227 οὗτοι)
3553 1158 3692 1228 ἔχων

2117 1261 2236 1328 μεθ’
2272 1258 2493 1326 ἑαυτοῦ,
2535 1256 2705 1328 ἀπῄει
2744 1256 2883 1329 πρὸς
2907 1256 3001 1309 τὸν
3024 1254 3287 1325 πόλεμον.
3317 1252 3460 1316 Τοὺς
3493 1251 3553 1305 δὲ
3582 1250 3692 1303 λοι-

2115 1352 2247 1415 ποὺς
2279 1350 2690 1405 καταλέλοιπεν.
2725 1349 2939 1412 Νυκτὸς
2960 1348 3019 1403 δέ
3047 1348 3146 1401 Eva
3185 1346 3293 1400 τῶν
3324 1342 3686 1417 στρατιωτῶν

2115 1439 2583 1511 προσλαϐόμενος,
2623 1437 2867 1509 ἀπῆλθεν
2916 1440 2996 1502 είς
3038 1438 3100 1491 τὸ
3136 1436 3250 1507 (46)
3280 1436 3390 1490 τῶν
3429 1433 3692 1489 ἐναντίων

2117 1534 2505 1607 στρατόπεδον.
2538 1534 2653 1588 Kal
2690 1531 2881 1587 ἀκούει
2922 1531 3043 1596 ἐνός
3080 1547 3228 1593 τινος
3259 1527 3368 1582 τῶν
3413 1526 3694 1594 πολεμίων

2114 1626 2192 1698 τῷ
2237 1627 2596 1696 συσκηνοῦντι
2630 1623 3019 1696 διηγουμένου,
3060 1623 3136 1685 ὡς
3164 1622 3344 1688 ἔδοξεν
3395 1620 3537 1690 δρᾷν
3566 1616 3693 1670 καθ’

2118 1720 2320 1785 ὕπνους
2352 1718 2534 1790 μάζαν
2575 1718 2830 1790 κριθίνην
2862 1717 2951 1771 διά
2974 1713 3071 1770 τοῦ
3108 1713 3478 1783 στρατοπέδου
3510 1712 3694 1765 κυλιο⁹

2122 1809 2310 1881 μένην,
2344 1809 2380 1881 ἢ
2415 1810 2517 1881 τὴν
2557 1808 2655 1863 τοῦ
2702 1807 2970 1878 βασιλέως
3022 1806 3229 1877 σκηνὴν
3259 1803 3528 1859 κατέδαλε
3549 1843 3563 1867 ,
3601 1803 3696 1855 καὶ

2116 1900 2216 1964 τάς
2257 1901 2354 1955 τοῦ
2393 1902 2808 1973 στρατεύματος
2835 1915 2849 1931 ⁵
2885 1901 2915 1954 ό
2945 1900 3037 1964 δέ,
3075 1896 3173 1952 τοῦ
3221 1894 3459 1967 στρατοῦ
3498 1894 3696 1964 δηλοῦν

2115 1993 2337 2063 ὀλεθρον
2380 1995 2442 2046 τδ
2474 1992 2727 2046 ἐνύπνιον
2754 1993 2992 2063 ἔκρινεν,
3039 1989 3359 2052 ἀπεικάζων
3391 1987 3543 2058 μάξῃ
3574 2004 3698 2059 κρι-

2116 2085 2236 2157 θίνῃ
2259 2085 2350 2139 τὸν
2371 2085 2602 2149 Γεδεὼν,
2635 2087 2731 2139 xal
2764 2086 2891 2148 τοὺς
2930 2088 3029 2139 σὺν
3055 2083 3224 2154 αὐτῷ,
3255 2082 3344 2136 διὰ
3376 2081 3477 2151 τὴν
3511 2080 3695 2148 ὀλιγόο

2115 2195 2253 2247 τητα
2286 2179 2383 2231 καὶ
2416 2177 2480 2232 τδ
2531 2177 2782 2240 ἀσθενές.
2835 2175 3057 2231 Τούτων
3107 2177 3348 2238 ἀκούσας
3391 2176 3418 2227 ό
3460 2171 3693 2239 Γεδεὼν,

2115 2270 2480 2341 ἀνεθάρσησε.
2518 2273 2629 2325 Kal
2670 2270 3037 2341 ὑποστρέψας,
3073 2269 3130 2322 ἐν
3175 2271 3292 2330 τοῖς
3331 2268 3519 2329 ὅπλοις
3557 2261 3695 2318 εἷναι

2114 2365 2231 2427 τοῖς
2284 2363 2482 2417 ἐαυτοῦ
2538 2363 2871 2417 ἐνετείλατο.
2906 2363 3017 2415 Kal
3053 2364 3133 2424 είς
3170 2363 3318 2431 τρεῖς
3355 2358 3693 2420 ἑκατοστύας

2114 2454 2214 2528 τὴν
2244 2455 2509 2526 στρατιὰν
2548 2454 2762 2518 διελὼν,
2807 2454 3067 2525 ἀμφορέα
3099 2453 3258 2505 κενὸν
3291 2450 3543 2521 κομίζειν
3564 2449 3697 2501 ἐκα-

2118 2565 2244 2601 στον
2290 2549 2386 2600 καὶ
2430 2547 2693 2615 λαμπάδα
2746 2547 3005 2617 ἡμμένην
3038 2547 3133 2598 καὶ
3174 2541 3334 2614 κριοῦ
3368 2542 3543 2613 κέρας
3572 2540 3695 2593 ἐκέ.

2115 2641 2296 2695 λευσε.
2318 2641 2475 2692 Κατὰ
2499 2640 2771 2709 τετάρτην
2786 2655 2845 2690 τε
2870 2638 3118 2707 φυλάκην
3143 2636 3242 2707 τῆς
3266 2632 3695 2704 νυκτὸς,ἐξῆγεν

2116 2732 2314 2795 αὐτοὺς
2342 2734 2483 2785 κατᾶ
2515 2732 2627 2783 τῶν
2661 2731 2945 2784 ἐναντίων.
2983 2730 3095 2783 Kal
3125 2728 3227 2800 ήδη
3268 2725 3501 2794 πλησίον
3541 2725 3693 2785 ὄντες

2116 2822 2645 2889 αὐτῶν,ἐσάλπισαν
2677 2822 2775 2891 μὲν
2797 2822 2911 2883 τοῖς
2941 2820 3159 2889 κέρασι,
3183 2819 3311 2881 τοὺς
3331 2817 3377 2871 δ’
3405 2815 3692 2886 ἀμφορέας

2117 2914 2411 2979 κατέαξαν,
2448 2915 2545 2967 xal
2605 2914 2743 2983 μετὰ
2785 2912 2894 2966 τῶν
2922 2910 3227 2982 λαμπάδων
3253 2908 3527 2980 ὥρμησαν
3556 2907 3692 2961 ἁλιιι.⁸

2114 3007 2402 3072 λάξαντες.
2435 3006 2622 3059 Ταῦτα
2650 3005 2707 3057 δὲ
2736 3005 2849 3066 τοῖς
2878 3004 3163 3075 πολεμίοις
3187 3000 3378 3054 πτοίαν
3408 2998 3689 3052 ἐνέϐαλον.

2117 3101 2226 3154 Kal
2257 3099 2305 3152 οἱ
2354 3099 2453 3168 μὲν
2492 3096 2597 3149 ὑπὸ
2627 3096 2737 3149 τῶν
2785 3095 3046 3149 ἐναντίων
3080 3093 3391 3147 ἐκτείνοντο
3411 3106 3425 3120 ’
3465 3092 3516 3143 οἱ
3542 3090 3598 3142 δέ
3628 3105 3691 3157 γε

437 3188 560 3250 bas,
617 3188 798 3257 primo
858 3189 1065 3259 impetu
1116 3191 1282 3259 capit.
1336 3190 1626 3247 Multitudo
1681 3190 1891 3244 urbana
1952 3191 2007 3244 in

2121 3198 2338 3260 πλείους
2370 3196 2464 3248 ὑπ’
2511 3193 2782 3266 ἀλλήλων,
2823 3191 2993 3263 οὔσης
3035 3191 3252 3257 νυκτὸς,
3292 3189 3690 3258 διεφθάρησαν.

410 3288 608 3334 ‘unam
643 3291 851 3335 turrem
883 3282 937 3335 in
972 3282 1110 3336 urbe
1144 3282 1324 3337 media
1357 3282 1540 3348 sitam,
1564 3298 1707 3352 aegre
1737 3281 2007 3352 confugit.

438 3372 610 3443 Cujus
627 3373 1225 3443 portisAbimelecbum
1254 3374 1658 3439 imminentem,
1685 3374 2013 3430 muliercula

440 3464 600 3518 mola:
636 3463 905 3535 fragmine
941 3465 996 3519 in
1027 3475 1192 3536 caput
1217 3467 1433 3539 dejecto
1465 3466 1691 3522 occidit.
1757 3465 2013 3522 Hebraeo-

438 3571 563 3609 rum
593 3555 932 3625 principatus
961 3556 1112 3613 Jairo
1128 3573 1197 3614 ex
1226 3559 1506 3617 Manassea
1535 3560 1687 3616 tribu
1716 3570 1841 3630 post
1865 3562 2015 3615 hunc

438 3648 709 3714 creditur,
746 3666 855 3719 quo
897 3650 984 3705 ille
1027 3667 1205 3709 annos
1257 3652 1369 3708 duo
1414 3664 1473 3709 et
1542 3654 1738 3726 viginti
1791 3655 2015 3710 functus

440 3740 577 3797 obit.
606 3740 743 3796 Tum
774 3743 1100 3799 Ammanitae
1131 3760 1257 3800 cum
1287 3746 1591 3802 Palaestinis
1624 3748 1902 3819 regionem
1928 3750 2012 3803 di-

441 3833 673 3903 ripiunt.
708 3833 847 3890 Cum
871 3846 1053 3891 autem
1085 3838 1410 3894 Ammanitae
1440 3839 1799 3895 Galaditicam
1835 3851 2016 3896 vasta-

442 3934 588 3993 rent,
641 3927 834 3984 incolze
882 3930 1136 4000 Jepbtam
1175 3931 1370 3987 ducem
1426 3933 1677 4003 eligunt:
1748 3936 1843 4004 qui
1888 3951 2013 3990 cum

442 4020 699 4077 hostibus
746 4038 1173 4094 congressurus,
1224 4034 1409 4089 vovet,
1455 4028 1501 4079 si
1537 4027 1768 4082 victoria
1810 4030 2015 4097 potire-

442 4122 557 4178 tur,
585 4114 855 4184 quidquid
876 4115 1134 4171 redeunti
1155 4116 1260 4172 sibi
1292 4116 1531 4184 primum
1569 4119 1926 4182 occurrisset,
1961 4120 2014 4174 id

441 4218 504 4258 se
558 4204 969 4260 immolaturum
1024 4221 1170 4261 esse.
1219 4205 1528 4261 Commisso
1576 4207 1768 4275 praelio
1822 4207 2014 4264 vincit.

443 4295 763 4352 llevertenti
822 4298 985 4353 unica
1045 4299 1209 4354 ﬁliola
1267 4299 1533 4363 occurrit,
1584 4299 1741 4371 virgo
1811 4301 2016 4359 adhuc.

446 4387 699 4455 Suspirat
727 4389 820 4443 ille
847 4407 861 4449 ς
884 4390 982 4445 sed
1012 4406 1083 4445 ne
1116 4390 1276 4445 fidem
1317 4391 1552 4456 falleret,
1581 4390 1832 4447 immolat
1859 4393 2017 4462 puel-

446 4479 559 4534 lam
627 4490 685 4535 et
734 4490 963 4535 cremat.
998 4481 1136 4537 Cum
1185 4492 1368 4537 autem
1413 4483 1748 4552 Ephramita:
1782 4484 1860 4540 illi
1899 4485 2016 4540 ira-

2122 3289 2232 3343 Kal
2263 3286 2453 3359 σχεδδν
2485 3286 2726 3349 ἅπαντες
2754 3284 2979 3350 ὤλοντο,
3019 3284 3116 3338 καὶ
3144 3283 3240 3338 δύο
3272 3283 3379 3336 τῶν
3424 3280 3695 3351 βασιλέων

2122 3381 2301 3437 αὐτῶν
2341 3380 2509 3453 Ὠρήὸ
2544 3397 2607 3433 τε
2635 3380 2732 3433 καὶ
2756 3379 2888 3450 Ζή6.
2921 3379 2986 3433 Ol
3017 3378 3074 3432 δέ
3105 3375 3556 3448 περιλειφθέντες
3586 3374 3695 3426 τῶν

2121 3474 2413 3545 ἡγεμόνων
2441 3473 2539 3529 καὶ
2570 3472 2666 3527 τοῦ
2705 3471 3122 3543 στρατεύματος
3166 3469 3485 3540 φεύγοντες.
3527 3484 3702 3520 κατα-

2122 3567 2494 3637 λαμϐάνονται
2545 3564 2697 3637 παρὰ
2736 3562 2946 3617 Γεδεὼν
2976 3564 3071 3616 καὶ
3100 3562 3210 3615 τῶν
3240 3560 3360 3631 μετ’
3387 3558 3579 3619 αὐτοῦ,
3603 3557 3701 3611 καὶ

2123 3658 2483 3713 πεπτώκασιν
2511 3658 2773 3719 ἃπαντες.
2796 3658 3038 3727 Ἔσχηκε
3061 3654 3117 3708 δέ
3146 3653 3243 3725 τὴν
3276 3651 3455 3724 ἀρχὴν
3487 3649 3701 3703 Γεδεὼν

2125 3756 2185 3808 ἐν
2231 3754 2644 3823 τεσσαράκοντα
2696 3751 2866 3814 ἔτεσι,
2915 3753 3011 3802 καὶ
3056 3746 3384 3816 ἐτελεύτησε
3439 3743 3697 3815 γηραιὸς,

2126 3846 2447 3901 καταλιπὼν
2495 3845 2561 3897 ἐκ
2606 3841 2883 3910 διαφόρων
2931 3839 3209 3908 γυναικῶν
3258 3837 3517 3907 γνησίους
3549 3835 3701 3897 υἱοὺς

2128 3937 2527 4008 ἐϐδομήκοντα,
2562 3935 2660 3988 ἐνα
2687 3934 2731 3987 δ’
2759 3935 2825 3987 ἐκ
2860 3930 3142 4000 παλλακῆς
3182 3927 3472 3999 Ἀθιμέλεχ
3501 3925 3698 3980 καλού-

2128 4047 2311 4101 μενον.
2358 4030 2453 4090 Ὃς
2481 4028 2608 4090 τοὺς
2661 4024 2926 4094 ἀδελφοὺς
2969 4022 3185 4085 κτείνας
3236 4020 3505 4082 ἃπαντας,
3561 4017 3698 4072 ἄνευ

2127 4124 2245 4186 ἐνὸς
2284 4121 2574 4176 ἰωαοὰνου
2618 4118 2905 4187 φυγόντος,
2937 4115 3362 4184 τετυράννηκεν.
3394 4111 3455 4165 '0
3484 4110 3542 4164 δέ
3573 4109 3703 4173 λαὸς

2127 4213 2531 4274 ἐπαναστάντες
2562 4210 2704 4264 κατὰ
2729 4207 2824 4261 τοῦ
2867 4206 3157 4276 Ἀσιμέλεχ
3180 4203 3559 4269 ἐξελαύνουσιν
3598 4203 3702 4254 αύ-

2125 4305 2220 4360 τὺν
2246 4305 2345 4374 τῆς
2370 4304 2579 4367 πόλεως
2610 4302 2721 4355 τῶν
2768 4301 3035 4371 Σικίμων.
3076 4299 3135 4351 '0
3177 4298 3236 4351 δέ
3268 4294 3702 4366 συνεργούμενος

2128 4398 2222 4462 ὑφ’
2254 4397 2373 4454 ἐνὸς
2406 4395 2518 4446 τῶν
2558 4390 2881 4463 Σικιμιτῶν,
2913 4389 3048 4458 δόλῳ
3083 4388 3184 4458 τὴν
3213 4387 3369 4440 πόλιν
3400 4385 3568 4455 αἱρεῖ,
3607 4385 3705 4438 καὶ

2126 4491 2255 4552 τοὺς
2298 4487 2588 4557 Σικιμίτας
2631 4485 2834 4557 ἡϐηδὸν
2869 4485 3102 4553 ἀναιρεῖ,
3130 4480 3228 4550 τὴν
3258 4480 3413 4534 πόλιν
3443 4479 3502 4532 δὲ
3532 4495 3705 4532 κατα-

445 4581 756 4638 soerentur,
779 4576 926 4643 quod
949 4574 1017 4628 ad
1030 4572 1382 4629 Ammanitici
1415 4574 1539 4629 belli
1566 4575 1885 4630 societatem
1909 4592 2014 4631 non

2132 4583 2390 4637 σκάπτει.
2428 4579 2669 4633 Ἤλαυνε
2706 4578 2736 4631 δ
2798 4578 2890 4629 ἐπὶ
2934 4575 3120 4645 Θήϐας
3153 4575 3347 4643 ἑτέραν
3398 4571 3577 4637 πόλιν,
3607 4571 3702 4624 καὶ

445 4666 699 4720 accersiti
728 4675 936 4730 essent,
971 4681 1152 4736 neque
1177 4666 1341 4720 ullam
1361 4672 1484 4738 ejus
1497 4668 1906 4724 excusationem
1934 4686 2022 4726 ac-

444 4757 738 4826 ciperent:
784 4770 964 4827 pugna
1006 4757 1141 4812 inita
1173 4757 1352 4813 mulos
1386 4773 1577 4813 eorum
1611 4760 1791 4825 credit,
1829 4772 1886 4815 et
1925 4777 2021 4815 sex

340 4894 347 4903 .
444 4863 621 4903 annos
657 4849 967 4919 principatu
1007 4848 1395 4906 administrato
1436 4853 1693 4906 moritur.
1726 4854 1788 4907 Ei
1822 4869 2020 4908 succe-

445 4939 527 4993 dit
551 4941 785 4996 Amesas
813 4957 881 4996 ex
915 4940 1063 4995 tribu
1092 4941 1339 5007 Iudaica,
1380 4945 1472 5014 qui
1501 4955 1711 5015 septem
1745 4947 1905 4999 annis
1922 4947 2019 5000 ad-

446 5031 761 5087 ministrate
793 5032 1030 5103 imperio
1065 5034 1304 5090 decedit.
1338 5036 1468 5091 Post
1502 5037 1654 5092 illum
1691 5038 1917 5092 Labdon
1948 5054 2014 5092 es

446 5122 600 5178 tribu
660 5125 1060 5196 prraimitica
1104 5126 1213 5182 dux
1255 5139 1496 5191 creatus,
1541 5133 1780 5185 moritur
1824 5146 2015 5189 senex.

448 5226 648 5271 octavo
679 5218 1030 5288 magistratus
1053 5234 1221 5275 anno.

2128 4671 2273 4729 εἶλεν
2294 4675 2465 4742 αὐτὴν
2489 4673 2549 4738 ἐξ
2576 4671 2897 4743 ἐπιδρομῆς.
2922 4667 2996 4721 Τὸ
3021 4668 3080 4720 δέ
3105 4666 3309 4737 πλῆθος
3334 4667 3414 4727 είς
3442 4665 3541 4719 ἕνα
3562 4665 3703 4734 πύρο

2127 4783 2225 4835 γον
2259 4767 2417 4833 μόγις
2460 4762 2824 4833 συνέδραμεν.
2855 4760 2985 4812 ὄντα
3023 4762 3081 4813 ἐν
3131 4758 3280 4829 μέσῳ
3320 4756 3423 4826 τῆς
3467 4756 3698 4818 πόλεως.

2128 4857 2515 4925 Πλησιάσαντα
2546 4854 2603 4907 δὲ
2645 4854 2768 4915 ταῖς
2800 4853 2998 4913 πύλαις
3033 4851 3224 4903 τούτου
3254 4850 3345 4901 τὸν
3378 4847 3699 4916 Ἀϐιμέλεχ,

2129 4950 2440 5022 θραύσματι
2498 4947 2669 5018 μύλου
2712 4944 2937 5014 γύναιον
2976 4942 3186 4997 ἀνωθεν
3214 4943 3358 4994 κατὰ
3397 4943 3496 5008 τῆς
3531 4956 3701 5006 κεφα-

2126 5042 2227 5111 λῆς
2279 5041 2441 5093 ἒὸαλε
2487 5042 2581 5093 καὶ
2633 5038 2947 5091 ἀπέκτεινε.
2998 5035 3110 5104 Τὴν
3163 5034 3220 5086 δὲ
3259 5034 3368 5086 τῶν
3430 5032 3702 5101 Ἐϐραίων

2130 5135 2433 5206 ⁴ἡγεμονίαν
2481 5132 2652 5203 ἰαεὶρ
2700 5131 3131 5201 ἐμπεπίστευτο,
3181 5130 3244 5180 ἐκ
3294 5128 3393 5196 τῆς
3428 5126 3702 5195 Μανασσῆ

2128 5222 2415 5292 τυγχάνων
2437 5221 2632 5291 φυλῆς.
2655 5219 2760 5272 Δύο
2786 5219 2844 5272 δὲ
2884 5221 2978 5271 καὶ
3015 5219 3189 5270 εἴκοσι
3216 5210 3372 5277 οὗτος
3417 5216 3703 5277 ἐνιαυτοὺς

450 5314 637 5379 ίθύνας
695 5316 795 5386 τὴν
859 5317 1035 5387 ἀρχὴν
1103 5319 1478 5387 ἐτελεύτησεν.
1534 5321 1867 5388 Ἀμμανῖται
1917 5321 2015 5371 σὺν
2056 5320 2451 5382 Παλαιττηνοῖς
2513 5318 2792 5371 είσέπειτα
2834 5313 2934 5385 τὴν
3000 5314 3185 5384 χώραν
3210 5312 3535 5382 διήρπαζον.
3569 5314 3703 5383 Ληῖσ

449 5410 695 5479 ζομένων
732 5412 795 5463 δὲ
825 5412 921 5483 τὴν
968 5413 1283 5483 Γαλαδηνὴν
1328 5414 1437 5467 τῶν
1480 5413 1855 5483 Ἀμμανιτῶν,
1895 5414 2142 5481 ἡγεμόνα
2200 5414 2291 5466 τὸν
2366 5411 2574 5481 Ἰεφθάε
2634 5413 2681 5465 οἱ
2713 5411 3000 5480 ἐπιχώριοι
3049 5407 3271 5459 εἴλοντο.
3308 5404 3406 5466 ⁸ος
3429 5406 3704 5475 συμμίξαι

452 5502 663 5577 μέλλων
737 5508 849 5568 τοῖς
897 5505 1200 5576 πολεμίοις,
1253 5508 1422 5576 εὐχὴν
1476 5507 1793 5575 ἐποιήσατο,
1858 5508 1907 5557 εί
1946 5506 2219 5576 νικήσειεν
2250 5549 2263 5572 ,

2342 5507 2451 5559 πᾶν
2494 5507 2522 5557 ὃ
2553 5504 2771 5574 πρῶτον
2813 5501 2964 5572 αὐτῷ
3016 5500 3342 5570 συναντήσει
3398 5498 3702 5564 ἐπανιόντι,

1634 5657 1841 5719 Varia)
1877 5658 2187 5720 lectiones
2221 5666 2281 5720 et
2318 5665 2509 5721 nota}.

518 5810 629 5881 (.53)
667 5811 1076 5881 "sptgdpoqc._
1110 5808 1469 5877 Περιφόῦους,
1519 5813 1573 5857 ιιι
1633 5805 2011 5875 formido/osos.

445 5878 534 5939 [ια’
554 5883 673 5939 cod.
711 5878 837 5942 lica.
874 5894 927 5936 ct
963 5878 1208 5934 Colbcrt.

2201 5802 2311 5873 (46)
2346 5806 2449 5869 Εὶς
2487 5805 2573 5857 τό.
2606 5802 2683 5857 lta
2710 5801 2865 5858 Colb.
2910 5802 3047 5856 alter
3076 5799 3209 5869 πρὸς
3232 5800 3324 5867 τά.
