3964 6252
271 398 369 461 ῙίἹ
1570 386 1857 457 ΔΝΝΑΙᾸ

1963 393 1979 455 [
2027 395 2177 454 LIB.
2221 395 2269 455 Ι.
3419 385 3520 447 118

266 510 855 581 τούτοίερουργήσειν.
889 510 1000 565 Kal
1069 510 1361 581 συμϐαλὼν
1401 511 1547 581 νικᾷ.
1628 508 2050 580 ’Δναστρέφοντι
2118 508 2160 560 δ’
2210 507 2520 578 ὑπήντησεν
2576 502 2725 575 αὑτῷ
2769 504 2831 556 τὸ
2878 503 3169 574 θυγάτριον
3234 498 3524 570 μονογενὲς

264 608 323 661 ἓν
357 607 533 680 αὑτῷ,
571 612 669 664 καὶ
700 610 783 663 ἔτι
826 609 1320 681 παρθενευόμενον.
1394 609 1452 663 Ὀ
1480 609 1522 662 δ’
1587 607 1907 678 ἀνῴμωξεν.
1949 606 2070 661 Ἵνα
2121 605 2177 657 δὲ
2242 606 2317 676 μὴ
2337 583 2633 674 ’ψεύσεται
2687 602 2785 674 τὴν
2840 600 3170 671 ὑπόσχεσιν,
3219 598 3379 653 ἔθυσε
3424 594 3524 664 τὴν

270 702 460 766 παῖδα,
493 703 590 754 καὶ
621 701 1004 756 ὡλοκαύτωσε.
1044 701 1166 755 Τῶν
1229 702 1286 756 δὲ
1313 703 1410 771 τῆς
1443 699 1685 773 Ἐφραῖμ
1757 698 1932 768 φυλῆς
1971 695 2348 768 ὀργιζομένων
2388 694 2558 764 αὐτῷ,
2605 695 2689 747 ὅτι
2742 693 2818 764 μὴ
2851 690 3276 763 συμπαρέλαϐεν
3327 688 3525 751 αὑτοὺς

268 797 364 847 ἐπὶ
402 797 498 848 τὸν
539 798 682 850 κατὰ
730 799 839 850 τῶν
871 797 1229 867 Ἀμμανιτῶν
1282 796 1539 868 πόλεμον,
1593 796 1715 849 ἐπεὶ
1765 795 1841 866 μὴ
1879 795 2097 849 ἔπειθεν
2166 792 2365 854 αὐτοὺς
2398 790 2858 862 παραιτούμενος,
2930 788 3161 851 πολλοὺς
3197 787 3378 843 ἀνεῖλε
3416 804 3527 856 μα·-

268 890 610 959 χεσαμένους
641 889 821 961 αὑτῷ·
859 890 920 955 ἒξ
951 890 1007 942 δὲ
1032 893 1130 960 τὴν
1156 889 1458 961 ἠγεμονίαν
1492 888 1699 952 ἀνύσας
1759 888 2064 949 ἐνιαυτοὺς,
2131 885 2398 939 κατέλυσε
2466 887 2565 955 τὴν
2604 884 2772 952 ζωήν.
2843 870 3276 952 Παραλαμὸἁνει
3324 878 3382 931 δὲ
3428 875 3525 945 τὴν

271 982 449 1052 ἀρχὴν
492 983 719 1055 Ἀμεσὰ,
754 986 818 1038 ὲκ
852 984 949 1055 τῆς
989 984 1164 1038 Ἰούδα
1195 982 1478 1053 τυγχάνων
1515 981 1715 1052 φυλῆς,
1779 981 1877 1035 καὶ
1915 982 2008 1033 ἐπὶ
2037 980 2229 1051 χρόνον
2290 978 2532 1047 ἑπταετῆ
2559 976 2751 1047 κρίνας
2782 977 2869 1029 τὸν
2894 971 3113 1044 Ἰσραὴλ
3141 970 3524 1036 τετελεύτηκε·

270 1080 385 1133 Καὶ
432 1082 557 1149 μετ’
606 1082 815 1134 ἐκεῖνον
860 1078 1085 1133 Δαόδὼν
1122 1079 1223 1147 τῆς
1269 1077 1510 1150 Ἐφραῒμ
1567 1075 1847 1148 προελθὼν
1923 1078 2119 1146 φυλῆς,
2171 1079 2398 1149 ἡγεμὼν
2446 1076 2770 1146 ἀπεδείχθη.
2812 1075 2923 1129 Καὶ
2974 1070 3205 1138 τέθνηκε
3274 1065 3524 1133 γηραιὸς,

266 1173 441 1245 ἄρξας
473 1174 571 1243 ἐτη
593 1175 759 1229 ὀκτώ.

336 1265 467 1324 ΚΔ’.
491 1265 620 1322 Εἶτα
645 1269 1013 1339 Παλαιστηνοὶ
1036 1269 1301 1342 κρατοῦσι
1323 1270 1432 1323 τῶν
1463 1265 1840 1338 Ἰσραηλιτῶν,

2039 1267 2231 1323 XXlV.
2291 1268 2497 1323 Deinde
2562 1266 2835 1322 Palaestini
2912 1263 3171 1319 subactos
3251 1259 3526 1315 lsraelitas

270 1359 365 1425 καὶ
396 1359 720 1430 ὑποφόρους
764 1361 924 1430 ἔσχον
961 1362 1183 1428 αὐτοὺς,
1216 1361 1311 1414 ἐπὶ
1332 1360 1617 1425 ινιαυτοὺς
1649 1376 1847 1413 τεσσα-

276 1451 538 1521 ράκοντα.
574 1452 709 1504 Τότε
738 1451 797 1506 δὲ
833 1453 1117 1523 γεννηθεὶς
1144 1455 1173 1506 ό
1199 1451 1442 1523 Σαμψὼν
1471 1451 1680 1520 (ἰσχύος
1720 1450 1777 1504 δὲ
1812 1451 1847 1520 ἡ

278 1542 476 1612 κλῆσις
506 1543 849 1616 σημαντικὴ)
878 1546 991 1609 τοῖς
1020 1545 1415 1615 Παλαωτηνοίς
1441 1542 1743 1598 ἐπετίθετο.
1783 1541 1847 1596 Ἢ

276 1634 320 1687 δ’
355 1636 438 1699 είς
470 1636 566 1690 τὸν
602 1636 719 1706 βίον
749 1638 917 1692 αὑτοῦ
946 1637 1173 1708 πρόοδος
1210 1637 1434 1708 τοιαύτη
1462 1636 1700 1705 ἐγένετο.
1725 1636 1849 1689 Μα-

277 1728 376 1781 νωὲ
414 1729 517 1796 τῆς
563 1728 736 1799 φυλῆς
772 1730 1036 1799 ὑπάρχων
1079 1729 1173 1783 τοῦ
1203 1730 1338 1795 Adv,
1369 1728 1609 1801 συνῴκει
1639 1729 1850 1798 γυναίῳ

280 1817 636 1886 στειρεύοντι,
677 1821 776 1872 καὶ
805 1820 967 1890 ᾔτουν
1014 1820 1106 1873 τὸν
1139 1821 1274 1874 θεὸν
1303 1820 1470 1875 παῖδα
1494 1820 1715 1888 δοθῆναι
1747 1820 1849 1873 αὑ·-

274 1910 404 1972 τοῖς.
442 1911 623 1980 Ὠφθη
658 1913 789 1979 γοῦν
825 1928 961 1964 ποτε
1004 1912 1146 1985 μόνῃ
1174 1912 1311 1983 οὑση
1353 1914 1421 1983 τῇ
1452 1914 1698 1982 γυναικὶ,
1724 1929 1854 1964 vsa-

279 2003 396 2065 νίας
431 1990 610 2072 μέγας
638 2021 698 2057 τε
736 2005 829 2058 καὶ
877 2006 1064 2070 καλὸς,
1106 2006 1267 2060 τόκον
1299 2006 1489 2067 παιδὸς
1517 2004 1656 2076 αὑτῇ
1690 2007 1855 2071 εὐαγ-

279 2093 629 2166 γελιζόμενος
654 2137 669 2161 ,
706 2098 801 2152 καὶ
857 2097 930 2168 μὴ
959 2101 1107 2152 πιεῖν
1138 2094 1282 2151 οἶνον
1317 2098 1351 2170 ἢ
1409 2099 1664 2168 μέθυσμα
1712 2099 1852 2167 αὐτῇ

277 2189 609 2253 ἐνετείλατο,
638 2191 714 2260 μὴ
740 2191 799 2243 δὲ
822 2192 923 2261 τὴν
947 2192 1126 2262 κόμην
1155 2191 1447 2262 ἁποθρίξαι
1477 2193 1577 2260 τὴν
1605 2191 1699 2244 τοῦ
1729 2208 1856 2244 παι-

278 2282 385 2343 δός.
422 2283 752 2354 Ναζωραῖον
777 2284 836 2338 δὲ
856 2285 1052 2352 ἔλεγεν
1074 2281 1214 2338 εῖναι
1235 2285 1314 2354 τῷ
1337 2285 1529 2355 Κυρίῳ
1545 2285 1636 2338 τὸν
1666 2284 1853 2344 παῖδα,

280 2376 436 2442 ἅγιον
462 2375 694 2446 δηλαδὴ,
717 2376 813 2430 καὶ
842 2378 935 2431 τὸν
969 2377 1189 2447 Ἰσραὴλ
1215 2376 1561 2447 σωθήσεσθαι
1589 2376 1657 2429 δι’
1687 2375 1857 2429 αὑτοῦ

278 2470 340 2525 ὲκ
370 2468 470 2537 τῆς
502 2468 613 2524 τῶν
648 2469 966 2538 ἀλλοφύλων
1008 2471 1212 2541 χειρός.
1260 2469 1322 2524 Ἠ
1356 2471 1434 2535 δὲ,
1464 2470 1545 2540 τῷ
1573 2470 1730 2540 ἀνδρὶ
1760 2487 1858 2524 κα-

281 2562 541 2631 τήγγειλε
566 2563 765 2618 ταῦτα.
796 2564 907 2618 Καὶ
945 2565 1003 2628 ὃς
1030 2565 1264 2636 ὀφθῆναι
1305 2566 1398 2619 καὶ
1437 2565 1586 2634 αὑτῷ
1612 2565 1704 2619 τὸν
1749 2580 1856 2633 φα-

1950 1376 2048 1429 per
2119 1374 2292 1416 annos
2368 1358 2727 1429 quadraginta
2793 1356 3115 1411 tributarios
3186 1351 3522 1407 habuerunt.

1949 1454 2068 1521 Quo
2127 1462 2374 1523 tempore
2406 1461 2568 1506 natus
2622 1449 2912 1519 Sampson,
2966 1447 3145 1510 (robur
3190 1444 3296 1498 hoc
3325 1457 3527 1501 nomen

1949 1544 2253 1616 signiﬁcat)
2321 1544 2447 1599 illos
2518 1542 2836 1605 infestavit,
2886 1541 3044 1611 cujus
3095 1537 3320 1608 quidem
3371 1546 3529 1588 ortus
3633 1549 3638 1553 '

1952 1636 2262 1707 huiusmodi
2342 1635 2571 1691 exstitit.
2645 1633 2870 1688 Manoes
2955 1631 3141 1685 Daniae
3206 1629 3381 1682 tribus
3442 1626 3531 1679 vir

1953 1730 2238 1785 mulierem
2287 1727 2530 1783 sterilem
2576 1727 2631 1781 in
2683 1724 3033 1781 matrimonio
3076 1737 3202 1778 eum
3259 1720 3524 1780 haberet,

1953 1831 2186 1889 uterque
2236 1819 2481 1876 sobolem
2512 1827 2639 1874 orat
2686 1818 2880 1873 Deam.
2920 1814 3105 1870 Semel
3148 1811 3372 1869 mulieri
3425 1810 3532 1866 soli

1953 1914 2276 1969 adolescens
2312 1926 2540 1980 magnus
2597 1919 2654 1965 et
2701 1909 2932 1978 pulcher
2987 1916 3249 1976 apparet,
3310 1912 3527 1973 partum

1954 2008 2051 2061 ﬁlii
2091 2007 2373 2070 nuntians,
2424 2004 2585 2074 eique
2637 2003 2859 2058 mandat
2890 2017 2959 2055 ne
3002 2002 3189 2055 vinum
3230 2007 3328 2054 aut
3363 1998 3527 2067 quid-

1956 2116 2120 2169 quam
2152 2099 2299 2169 quod
2331 2098 2434 2169 53
2469 2096 2805 2159 inebriaret,
2855 2094 3106 2155 biberet,
3132 2108 3271 2148 neve
3314 2104 3532 2145 comam

1958 2192 2214 2246 tonderet
2243 2191 2431 2261 pueri:
2460 2205 2586 2244 eunt
2613 2188 2762 2243 enim
2805 2187 3144 2248 Nazaraeum,
3163 2184 3269 2239 hoc
3298 2192 3383 2238 est
3403 2197 3530 2237 san-

1957 2294 2130 2347 ctum,
2157 2280 2272 2335 fore
2304 2279 2554 2338 Domino.
2589 2288 2645 2334 et
2667 2277 2917 2332 Israelcm
2944 2292 3041 2346 per
3058 2290 3185 2330 eum
3207 2289 3239 2328 e
3261 2282 3529 2343 potestate

1959 2374 2394 2444 alienigenarum
2457 2370 2806 2440 eripiendum
2876 2384 3019 2425 esse.
3065 2367 3262 2425 Mulier
3304 2365 3531 2421 domum

1959 2483 2185 2523 reverso
2228 2468 2429 2522 marito
2480 2468 2598 2522 haec
2636 2465 2879 2522 nuntiat.
2923 2463 3062 2518 Tum
3113 2462 3225 2526 ille,
3280 2470 3343 2514 ut
3384 2459 3531 2515 idem

1960 2560 2064 2614 sibi
2095 2575 2312 2630 quoque
2338 2570 2650 2630 appareret.
2678 2569 2800 2613 orat
2827 2558 3021 2612 Deum.
3042 2555 3284 2623 Angelus
3306 2552 3533 2609 absente

282 2653 443 2707 νέντα
476 2656 543 2723 τῇ
578 2654 825 2723 γυναικὶ,
858 2655 1036 2709 ἐδέετο
1063 2655 1156 2710 τοῦ
1203 2655 1364 2711 Θεοῦ.
1401 2652 1568 2719 Αὖθις
1612 2654 1709 2709 οὑν
1751 2648 1859 2726 ἧκε

1963 2653 2155 2708 Manoe
2203 2652 2387 2706 denuo
2436 2650 2579 2705 redit
2632 2650 2697 2706 ad
2752 2649 3057 2704 mulierem.
3106 2648 3200 2701 Illa
3261 2652 3420 2709 orat,
3473 2654 3533 2699 ut

285 2748 417 2818 πρὸς
441 2748 541 2817 τὴν
568 2752 806 2816 γυναῖκα
835 2750 866 2801 ό
894 2749 1153 2817 ἄγγελος.
1191 2750 1362 2818 Ἀπῆν
1399 2751 1456 2804 δὲ
1481 2750 1656 2819 αὑτῆς
1676 2752 1704 2803 ό
1740 2751 1864 2804 Μα-

286 2839 409 2894 νωέ.
437 2842 569 2894 ’Καὶ
600 2842 635 2909 ἡ
668 2841 806 2911 γυνὴ
856 2842 1192 2913 προσμεῖναι
1236 2842 1403 2895 αὑτὸν
1436 2843 1741 2913 παρεκάλει
1764 2842 1865 2913 τὴν

278 2930 372 2984 τοῦ
387 2931 586 3002 ἀνδρὸς
618 2933 941 3002 παρουσίαν.
976 2931 1186 2986 Ἐλθὼν
1217 2933 1277 2986 δὲ
1303 2934 1507 2988 Μανωὲ
1540 2933 1734 3004 ἠρώτα
1770 2934 1863 2986 τὸν

277 3024 534 3092 ἄγγελον.
565 3025 620 3078 τί
668 3024 737 3078 ἂν
764 3024 861 3079 τοῦ
892 3025 1084 3083 παιδὸς
1134 3024 1492 3096 γεννηθέντος
1529 3027 1861 3096 ποιήσειαν;

281 3115 345 3170 '0
375 3117 434 3170 δὲ
458 3116 661 3181 Οἶνον,
697 3116 826 3186 ἔφη,
852 3119 925 3171 οὺ
974 3118 1192 3179 πίεται,
1227 3116 1373 3171 οὐδὲ
1414 3116 1718 3187 μέθυσμα,
1761 3118 1866 3170 καὶ

1957 2746 2143 2801 mariti
2174 2745 2472 2801 adventum
2516 2752 2819 2812 exspectet.
2854 2743 3133 2798 Reversus
3159 2741 3403 2802 Manoes,
3438 2755 3529 2794 ro-

1957 2849 2073 2909 gat,
2114 2849 2247 2893 nato
2297 2852 2469 2908 puero
2516 2839 2648 2908 quid
2704 2836 3019 2892 faciendum
3058 2844 3227 2891 esset.
3271 2834 3342 2889 At
3399 2832 3530 2886 ille:

1971 2933 2183 2997 Vinum,
2245 2932 2446 3002 inquit,
2486 2950 2593 2987 non
2640 2933 2796 2998 bibet,
2842 2947 3009 3002 neque
3046 2929 3195 2985 aliud
3243 2929 3545 2999 quidquam.

1959 3025 2098 3095 quod
2129 3024 2372 3085 inebriet.
2410 3039 2574 3095 neque
2604 3021 2718 3076 ulla
2747 3038 2803 3076 re
2830 3021 3106 3076 immunda
3149 3028 3405 3078 vertetur.
3437 3034 3530 3073 ne-

1960 3132 2061 3186 que
2082 3132 2289 3170 comam
2315 3114 2488 3169 rodet.
2514 3114 2654 3169 Tum
2683 3113 2905 3169 Manoes
2930 3127 3139 3168 nomen
3162 3113 3283 3184 ejus
3309 3111 3533 3180 quicum

224 3244 230 3248 -
273 3206 622 3276 ἀκάθαρτόν
656 3225 711 3261 τι
734 3210 806 3263 οὐ
834 3208 1103 3277 φάγεται,
1137 3208 1238 3263 καί
1276 3207 1392 3277 τὴν
1421 3210 1618 3274 κόμην
1660 3210 1731 3263 οὑ
1759 3208 1866 3274 ξυ-

266 3304 629 3368 ρηθήσεται.
679 3303 791 3355 Καὶ
819 3304 848 3356 ό
873 3301 1077 3356 Μανωὲ
1124 3302 1188 3355 τὸ
1216 3301 1388 3370 ὄνομα
1416 3300 1510 3355 τοῦ
1544 3300 1860 3371 ὁμιλοῦντος

1963 3302 2119 3371 cipit,
2144 3301 2249 3356 nisi
2282 3301 2338 3355 id
2365 3316 2488 3357 esse
2524 3300 2852 3356 admirabile
2887 3319 2902 3354 ;
2932 3310 2991 3355 et
3015 3299 3232 3355 haedum
3265 3298 3534 3357 immolat.

242 3402 243 3405 ‘
276 3394 433 3464 αὐτῷ
460 3393 652 3464 ἐζήτει
686 3394 898 3465 μαθεῖν.
940 3395 1000 3449 Ὀ
1042 3395 1100 3449 δὲ
1151 3394 1470 3465 θαυμαστὸν
1514 3390 1658 3448 εἶναι
1706 3392 1860 3447 τοῦτο

1963 3409 2022 3448 ac
2063 3407 2234 3462 panes
2266 3392 2447 3448 affert.
2484 3394 2578 3448 Ille
2610 3407 2807 3448 carnes
2835 3401 2893 3448 et
2926 3407 3096 3462 panes
3128 3392 3184 3447 in
3217 3400 3374 3460 petra
3412 3392 3530 3444 col-

275 3487 471 3549 εἰπὼν.
491 3487 885 3559 ἀπεσιώπησεν
911 3488 1065 3543 αὑτό.
1101 3489 1163 3542 '0
1185 3489 1388 3543 Μανωὲ
1416 3488 1474 3541 δὲ
1497 3487 1686 3557 ἔριφον
1709 3488 1860 3555 ἐνεγ-

1963 3485 2127 3541 locari
2146 3486 2324 3556 jubet.
2355 3485 2476 3553 Quo
2506 3485 2668 3550 facto,
2704 3485 2902 3541 baculo
2921 3499 3085 3555 quem
3103 3484 3356 3555 gerebat,
3378 3482 3535 3539 ferit:

276 3579 392 3634 κὼν
426 3580 619 3642 ἔθυσε.
654 3581 752 3634 καὶ
800 3581 1001 3652 ἄρτους
1050 3581 1452 3652 προσήνεγκεν.
1499 3580 1559 3634 '0
1599 3581 1657 3635 δὲ
1688 3580 1860 3635 θεῖναι

1963 3579 2106 3649 ignis
2135 3578 2267 3634 inde
2296 3589 2456 3634 ortus
2500 3579 2594 3634 illa
2636 3579 2955 3644 consumit,
2995 3579 3051 3633 in
3094 3592 3270 3647 eaque
3298 3576 3533 3637 ﬂamma.

275 3672 347 3724 τὰ
376 3672 521 3742 κρέα
550 3671 651 3725 καὶ
683 3671 812 3734 τοὺς
843 3673 1043 3742 ἄρτους
1074 3671 1168 3723 ἐπὶ
1202 3669 1304 3741 τὴν
1338 3669 1547 3741 πέτραν
1595 3671 1860 3741 προσέτα-

1971 3671 2193 3727 vidente
2250 3672 2441 3726 Manoe
2483 3680 2540 3726 et
2587 3686 2778 3734 uxore,
2838 3670 3065 3741 angelus
3107 3669 3162 3724 in
3195 3669 3395 3724 omium
3451 3683 3538 3723 as-

277 3762 392 3828 ξεν.
421 3760 711 3816 Τεθέντων
740 3764 820 3823 δὲ.
851 3766 917 3832 τῇ
950 3764 1132 3834 ῥάϐδῳ
1164 3762 1333 3817 αὑτοῦ
1367 3761 1603 3818 ἅπτεται
1632 3762 1863 3830 τούτων,
1971 3764 2179 3820 uendit.

278 3863 377 3914 καὶ
426 3860 544 3931 πῦρ
600 3861 838 3928 ἐξαφθὲν
890 3862 1127 3924 ἐκεῖθεν,
1173 3863 1516 3913 κατέκαυσεν
1553 3860 1718 3922 αὑτὰ,
1771 3862 1868 3913 καὶ
1907 3861 1987 3923 είς
2058 3859 2153 3914 τὸν
2192 3859 2426 3929 οὑρανὸν
2479 3859 2571 3911 διὰ
2619 3861 2720 3928 τῆς
2752 3857 2952 3925 φλογὸς
3006 3856 3161 3925 ἀνῄει
3225 3858 3253 3907 ό
3284 3853 3536 3923 ἄγγελος,

277 3952 538 4021 ὁρώντων
568 3952 667 4005 τοῦ
700 3952 898 4004 Mavult
923 3951 1017 4005 καὶ
1050 3952 1149 4020 τῆς
1189 3951 1356 4006 αὑτοῦ
1388 3951 1667 4017 γυναικός.

349 4046 617 4100 Thus-rat
647 4040 741 4098 οὖν
770 4045 954 4108 αὐτοῖς
983 4045 1123 4113 μετὰ
1144 4044 1318 4097 ταῦτα
1344 4045 1374 4095 ὁ
1402 4047 1557 4107 παῖς,
1589 4043 1685 4097 καὶ
1717 4044 1860 4111 Σαμ-

2037 4043 2168 4098 Post
2197 4042 2316 4096 hac
2342 4040 2586 4095 nascitur
2618 4038 2911 4108 Sampson,
2936 4035 3269 4108 grandescit,
3295 4052 3362 4091 ae
3401 4037 3532 4106 Spi-

1961 3209 2400 3278 colloquebatur,
2430 3207 2740 3269 sciscitans,
2792 3222 2900 3261 non
2928 3206 3075 3262 aliud
3095 3219 3415 3275 responsum
3446 3217 3535 3258 ac-

276 4138 401 4209 ψὼν
428 4136 783 4207 ὀνομάζεται.
832 4136 1124 4206 Ἦδρύνετό
1165 4154 1223 4191 τε
1254 4135 1351 4190 καὶ
1395 4135 1618 4206 πνεῦμα
1658 4135 1866 4205 Κυρίου

281 4228 687 4300 συνεπορεύετο
717 4229 886 4299 αὑτῷ.
941 4229 1089 4283 Ἰδὼν
1141 4228 1199 4283 δὲ
1234 4229 1294 4281 ὲν
1322 4229 1521 4300 Θαμνᾷ
1565 4227 1718 4282 πόλει
1754 4231 1864 4282 τῶν

280 4322 672 4378 Παλαιστινῶν
719 4321 888 4393 κόρην
933 4322 1045 4375 τῶν
1074 4320 1407 4389 ἀλλοφύλων,
1458 4322 1562 4393 ἐρᾷ
1598 4322 1695 4392 τῆς
1738 4339 1868 4374 παι-

281 4414 394 4477 δός.
426 4415 893 4483 Παραιτουμένων
915 4414 971 4467 δὲ
1002 4413 1111 4467 τῶν
1140 4413 1344 4482 γονέων
1367 4411 1533 4466 αὑτοῦ
1566 4413 1661 4466 τὸν
1689 4415 1869 4482 γάμον

280 4507 386 4577 τῆς
413 4506 749 4574 ἀλλοφύλου,
798 4507 992 4576 ἐκνικᾷ
1042 4505 1217 4576 γῆμαι
1247 4506 1439 4576 αὑτήν.
1484 4504 1779 4574 Συχνάζων
1808 4505 1869 4557 δὲ

279 4601 420 4671 πρὸς
446 4599 556 4668 τῆς
580 4598 747 4668 κόρης
771 4598 899 4662 τοὺς
926 4601 1122 4666 γονεῖς,
1156 4600 1391 4669 συναντᾷ
1417 4598 1611 4653 λέοντι.
1636 4599 1748 4653 Καὶ
1789 4600 1864 4668 μή

278 4709 336 4744 τι
368 4693 560 4763 φέρων
590 4692 674 4754 τίς
697 4691 930 4760 ἄμυναν,
961 4694 1085 4753 ταῖς
1117 4692 1276 4761 χερσὶ
1308 4692 1370 4744 τὸ
1396 4690 1586 4761 θηρίον
1617 4689 1868 4761 συνέτρι-

276 4784 373 4853 ψε,
402 4785 505 4838 καὶ
555 4781 815 4845 ἐκκλίνας
843 4785 944 4850 τῆς
989 4782 1136 4844 ὀδοῦ,
1192 4781 1385 4853 ἔρριψε
1415 4782 1552 4851 πρὸς
1579 4783 1639 4835 τὸ
1663 4782 1869 4844 ὑλῶδες

279 4876 443 4930 αὑτό.
471 4875 585 4930 Καὶ
625 4873 746 4943 μεθ’
770 4875 983 4945 ἡμέρας
1011 4870 1167 4937 αὖθις
1195 4874 1332 4941 πρὸς
1361 4874 1460 4944 τὴν
1494 4875 1738 4946 μνηστὴν
1764 4892 1867 4927 πο-

284 4972 615 5041 ρευόμενος,
640 4969 844 5039 σμῆνος
868 4968 1140 5038 μελισσῶν
1154 4968 1213 5021 ὲν
1237 4967 1315 5037 τῷ
1340 4968 1569 5037 στόματι
1592 4967 1869 5037 συνηγμῶ-

280 5080 379 5118 νον
422 5062 521 5115 τοῦ
557 5060 767 5121 λέοντος
798 5058 1026 5128 εὕρηκε.
1054 5060 1165 5113 Καὶ
1191 5058 1373 5111 λαϐὼν
1405 5059 1613 5112 ἐκεῖθεν
1649 5058 1864 5128 μέλιτος

283 5156 488 5226 κηρίον
516 5155 716 5222 ἔφαγε,
755 5154 853 5207 καὶ
880 5154 961 5223 τῷ
1004 5153 1177 5223 πατρὶ
1205 5154 1301 5206 καὶ
1328 5156 1395 5224 τῇ
1443 5151 1615 5223 μητρὶ
1659 5152 1867 5206 ἀπεκό-

285 5265 471 5317 μισεν.
520 5245 802 5300 Ἀπελθὼν
843 5247 888 5299 δ’
915 5248 998 5308 είς
1017 5246 1145 5309 τοὺς
1179 5246 1535 5314 ἀλλοφύλους,
1568 5243 1868 5315 πρόϐλημα

1972 4142 2111 4193 ritus
2144 4135 2360 4192 Domini
2384 4135 2560 4190 fertur
2575 4148 2741 4203 super
2778 4146 2868 4188 eo.
2894 4131 3032 4186 Cum
3057 4139 3241 4184 autem
3276 4129 3539 4183 Thamnw

1973 4227 2409 4296 (Palestinorum
2437 4225 2494 4280 id
2531 4223 2797 4294 oppidum
2851 4221 2961 4292 est)
2995 4221 3234 4291 puellam
3290 4220 3539 4284 vidisset,

1974 4335 2162 4376 amore
2208 4329 2422 4389 captus,
2470 4319 2575 4373 etsi
2630 4316 2950 4387 parentibus
2997 4315 3317 4386 alienigena:
3360 4315 3544 4384 conju-

1973 4414 2122 4484 gium
2153 4411 2559 4473 recusantibus,
2602 4421 2785 4465 tamen
2814 4409 3166 4481 improbitate
3196 4408 3390 4462 orandi
3437 4408 3542 4462 im-

1976 4514 2172 4574 petrat.
2210 4503 2350 4557 Dum
2418 4511 2600 4556 autem
2661 4500 2858 4570 puellae
2917 4511 3175 4569 parentes
3223 4496 3553 4567 frequenter-

1974 4595 2110 4658 adit,
2146 4595 2202 4648 in
2232 4594 2449 4649 leonem
2474 4593 2669 4648 incidit
2698 4610 2713 4647 :
2746 4601 2806 4648 et
2837 4592 2966 4662 quia
2996 4606 3108 4646 non
3162 4590 3267 4644 alia
3331 4590 3399 4643 ad
3445 4588 3543 4643 de-

1974 4686 2285 4743 fensionem
2327 4700 2480 4740 arma
2540 4684 2928 4754 suppetebant,
2994 4682 3252 4737 manibus
3304 4680 3540 4735 belluam

1975 4777 2220 4837 coniicit.
2253 4787 2311 4832 et
2341 4791 2372 4831 a
2398 4783 2488 4831 via
2521 4775 2841 4841 deﬂectens,
2870 4773 2926 4829 in
2954 4774 3154 4829 saltum
3175 4772 3388 4843 abiicit.
3411 4773 3546 4824 Post

1973 4869 2094 4923 dies
2124 4869 2337 4939 aliquot
2366 4867 2567 4923 iterum
2594 4866 2664 4921 ad
2692 4881 2949 4936 sponsam
2998 4863 3371 4933 proﬁciscens,
3411 4877 3544 4917 exa—

1976 4976 2102 5016 men
2129 4974 2292 5029 apum
2318 4959 2374 5013 in
2401 4974 2497 5013 ore
2555 4960 2736 5014 leonis
2794 4958 3018 5028 reperit,
3059 4967 3117 5012 et
3162 4956 3279 5026 ipse
3310 4955 3381 5009 de
3421 4955 3545 5008 favo

1975 5054 2240 5118 cornedit,
2265 5061 2322 5107 et
2353 5053 2492 5121 patri
2522 5067 2587 5107 ac
2613 5053 2772 5107 matri
2806 5052 2985 5107 all‘ert.
3007 5051 3286 5106 Reversus
3314 5047 3385 5102 ad
3407 5047 3543 5100 alie.

1975 5146 2223 5217 nigenas,
2284 5145 2503 5214 triginta
2566 5144 3008 5200 adolescentibus
3061 5144 3208 5197 inter
3266 5138 3543 5208 nuptiales

1974 5238 2166 5307 epulas
2196 5237 2555 5306 qumstiouem
2583 5237 2861 5306 proponit,
2894 5235 3050 5306 cuius
3079 5233 3412 5289 solutionem
3460 5231 3547 5287 in~
3593 5249 3598 5253 ·

281 5341 408 5400 τοῖς
437 5337 591 5406 αὑτῷ
623 5337 1076 5406 συνεστιωμένοις
1099 5338 1158 5388 ἐν
1179 5338 1292 5398 τοῖς
1322 5335 1523 5404 γάμοις
1567 5334 1860 5404 τριάκοντα

1978 5341 2060 5384 tra
2091 5330 2213 5383 dies
2231 5338 2442 5398 septem
2485 5329 2529 5383 si
2581 5328 2941 5390 invenissent,
2987 5325 3190 5394 cuique
3256 5323 3543 5380 sindonem

283 5403 601 5490 νεανίσκοις
650 5403 982 5497 προτίθησι·
1031 5427 1127 5479 καὶ
1176 5427 1244 5500 ει,
1271 5424 1485 5495 εὕροιεν
1538 5403 1624 5491 ὲφ⁴
1659 5424 1860 5493 ἡμέρας

1976 5430 2033 5476 et
2058 5422 2250 5475 stolam
2279 5421 2534 5475 daturum
2567 5421 2882 5491 pollicetur.
2909 5418 3005 5473 Sin
3037 5419 3244 5483 minus,
3306 5425 3546 5474 tantum-

285 5522 437 5573 ἑπτὰ
456 5519 558 5591 τὴν
585 5518 765 5583 λύσιν,
792 5516 978 5571 δοῦναι
1005 5516 1259 5570 συνέθετο
1289 5516 1506 5569 σινδόνα
1537 5519 1630 5568 καὶ
1675 5516 1860 5583 στολὴν

1981 5511 2107 5567 dem
2128 5528 2158 5564 a
2184 5512 2416 5582 singulis
2448 5511 2666 5565 illorum
2691 5510 3011 5577 stipulatur.
3042 5507 3301 5564 Assensis
3356 5508 3544 5565 adole-

286 5612 537 5682 ἑκάστῳ
563 5611 749 5666 αὐτῶν
776 5627 792 5643 ο
827 5611 878 5663 εί
906 5609 964 5663 δὲ
1019 5610 1095 5681 μὴ
1124 5609 1286 5663 λῦσαι
1317 5609 1601 5680 δυνηθεῖεν
1645 5610 1706 5661 τὸ
1740 5610 1860 5678 πρό·

1976 5605 2280 5670 scentibus,
2307 5605 2668 5674 quaestionem
2693 5600 2969 5671 proponit.
2989 5600 3098 5654 hoc
3124 5602 3287 5656 modo
3313 5619 3329 5656 :
3357 5600 3435 5655 De
3456 5618 3547 5657 co-

288 5706 503 5775 6λημα,
537 5702 691 5772 αὑτῷ
736 5702 960 5772 δοθῆναι
986 5704 1115 5772 παρ’
1145 5703 1380 5757 ἑκάστου
1408 5702 1603 5771 στολὴν
1632 5701 1729 5753 καὶ
1752 5700 1860 5754 ὀθό-

1980 5700 2213 5753 medente
2239 5699 2361 5752 exiit
2385 5697 2549 5759 cibus,
2578 5704 2626 5748 et
2659 5694 2721 5747 de
2753 5692 2876 5761 forti
2897 5692 3138 5749 dulcedo.
3180 5694 3263 5749 illi
3286 5693 3547 5764 qumstiu»

287 5815 398 5867 νην
437 5797 704 5868 ἁπῄτησε.
742 5795 1097 5864 Συνθεμένων
1141 5796 1198 5848 δὲ
1243 5795 1339 5848 καὶ
1379 5794 1487 5848 τῶν
1546 5793 1860 5859 νεοινίσκων1

1980 5807 2106 5847 nem
2143 5807 2252 5846 non
2275 5788 2664 5856 intelligentes,
2706 5784 2943 5854 puellam
2970 5795 3156 5854 orant,
3202 5795 3263 5840 ut
3311 5800 3431 5839 eam
3481 5799 3547 5835 ex

292 5888 639 5947 προεϐάλετο
698 5886 762 5941 τὸ
822 5884 1084 5951 ἐρώτημα
1145 5884 1347 5940 εἰπών·
1400 5886 1505 5949 Ἐξ
1563 5886 1860 5947 ἐσθίοντος

1981 5884 2177 5940 marito
2234 5877 2509 5946 cognitam
2593 5876 2699 5933 sibi
2786 5878 3155 5934 renuntiaret.
3218 5876 3351 5931 Orat
3427 5873 3543 5937 illa.
