3964 6252
422 355 525 419 123

1721 353 2046 416 JOANNIS
2088 350 2411 411 ZONAM

3576 338 3677 403 124

422 476 779 531 Ρὶισησηησηι
809 493 822 528 :
853 489 1086 543 quarum
1121 472 1236 528 haec
1262 470 1468 526 liberos
1500 487 1566 526 ex
1592 470 1828 527 ltelcana
1867 485 1991 525 sus-

2116 484 2278 531 ιευσε,
2331 464 2565 525 καὶτοῖς
2592 459 2786 513 ἑαυτοῦ
2846 457 3001 511 παισὶ
3039 455 3296 510 κατέλιπε
3348 453 3444 524 τὴν
3480 470 3677 527 αρχην,

418 576 666 638 ceperat,
701 570 855 622 Anna
875 582 984 621 non
1016 574 1330 636 pepererat.
1373 564 1507 620 Viro
1565 563 1809 618 Silonem
1864 578 1991 617 cum

422 661 691 714 uxoribus
728 661 997 729 profecto,
1037 673 1163 712 cum
1217 659 1456 728 peractis
1511 655 1704 721 Sacris,
1754 656 1993 710 convivii

421 763 638 821 tempus
681 751 918 814 adesset,
952 764 1017 803 ac
1065 749 1377 804 Phenenna:
1430 745 1591 801 liberi
1638 745 1994 800 assiderent:

421 845 577 899 Anna
606 842 898 898 orbitatem
933 857 1087 897 suam
1120 840 1391 910 deplorat,
1428 847 1482 894 et
1521 852 1755 908 propere
1810 837 1996 894 taber-

426 935 688 989 naculum
711 933 932 988 Domini
980 932 1249 1000 ingressa,
1291 930 1463 983 Deum
1517 935 1640 982 orat
1691 936 1750 981 ut
1793 926 1999 982 liberos

426 1028 530 1081 sibi
561 1027 674 1087 det,
710 1026 1141 1096 primogenitum
1185 1038 1244 1078 se
1300 1021 1411 1077 Deo
1433 1028 1878 1076 consecraturam
1902 1034 2000 1072 vo-

423 1128 534 1174 vet.
568 1120 707 1174 Dum
736 1118 995 1187 precibus
1058 1118 1405 1179 immoratur,
1446 1112 1598 1168 Elius
1660 1126 1759 1182 pro
1825 1110 2005 1165 taber-

425 1210 625 1265 naculo
649 1210 866 1274 sedens,
897 1209 1106 1263 ebriam
1132 1219 1305 1273 ratus,
1338 1221 1460 1263 eam
1488 1203 1782 1260 discedere
1823 1199 1999 1274 jubet.

426 1304 495 1356 At
525 1303 613 1358 illa
653 1320 667 1356 :
696 1300 879 1371 Neque
908 1303 1106 1367 uiuum,
1143 1299 1343 1370 inquit,
1378 1298 1505 1358 bibi.
1551 1296 1788 1357 domine,
1839 1310 2006 1366 neque

429 1394 577 1447 aliud
596 1392 885 1463 quidquam
918 1392 1058 1462 quod
1096 1392 1315 1446 inebriet
1353 1406 1371 1445 :
1412 1390 1504 1445 sed
1546 1388 1725 1443 dolare
1763 1388 2005 1443 orbitatis

430 1481 923 1537 contubescoﬂl‘um
957 1483 1264 1538 sacerdos:
1331 1483 1448 1546 Abi,
1500 1484 1701 1549 inquit,
1750 1500 1812 1537 ac
1862 1482 2004 1537 Deus

431 1585 481 1629 te
502 1579 605 1631 voti
634 1586 922 1645 compotem
955 1575 1162 1629 reddat.
1195 1576 1426 1631 Domum
1464 1565 1690 1632 reversa
1716 1591 1842 1630 cum
1890 1591 2007 1630 ma-

430 1668 561 1733 rito,
592 1667 857 1738 concipit,
891 1676 950 1723 et
990 1666 1302 1722 Samuelem
1356 1667 1520 1737 parit,
1560 1682 1725 1735 quem
1765 1666 2002 1735 Deopta-

432 1767 547 1812 tum
590 1760 766 1830 possis
800 1759 1008 1815 dicere.
1038 1760 1282 1815 Puerum
1304 1759 1418 1829 jam
1450 1758 1902 1829 grandiusculum
1938 1774 2006 1813 ex

429 1859 561 1904 voto
614 1849 683 1905 ad
736 1850 919 1905 Elium
969 1850 1140 1915 ducit,
1193 1849 1303 1905 Deo
1343 1850 1714 1911 educandum.
1766 1850 2005 1904 alentem

433 1956 668 2000 comam.
695 1943 745 1993 in
766 1941 882 1995 aede
908 1941 1074 1995 vitam
1099 1940 1412 2012 degentem.
1437 1950 1493 1996 et
1515 1957 1670 2012 aquae
1692 1952 1821 2011 potu
1846 1949 2010 1995 uten-

433 2039 563 2087 tem.
601 2033 671 2086 ‘ls
725 2032 1018 2087 duodecim
1069 2043 1232 2089 natus
1286 2047 1483 2098 annos,
1539 2034 1889 2087 vaticinatur.
1946 2032 2011 2085 Et

431 2122 667 2188 quodam
705 2130 950 2192 tempore
974 2123 1282 2188 dormiens,
1316 2124 1646 2179 nominatim
1686 2140 1717 2179 a
1760 2124 1875 2180 Deo
1918 2137 2011 2176 vo-

432 2225 611 2275 catus.
638 2213 1048 2283 ad'pontiﬁcem
1078 2215 1295 2270 accedit
1342 2215 1501 2285 quasi
1553 2216 1624 2269 ab
1667 2230 1734 2271 eo
1783 2224 2012 2270 vocatus

433 2310 618 2369 esset;
660 2300 827 2371 idque
876 2309 961 2357 ter
1005 2303 1261 2374 contigit.
1313 2301 1450 2357 Tum
1500 2301 1653 2357 Elius
1699 2303 2011 2373 intelligens

435 2392 679 2449 divinam
706 2408 828 2450 esse
847 2395 1196 2451 vocationem
1217 2435 1233 2462 ,
1264 2394 1572 2451 Samuelem
1601 2394 1780 2467 jubet.
1810 2394 1854 2452 si
1900 2396 2009 2450 ite-

434 2500 555 2539 rum
579 2492 808 2541 vocetur
865 2486 1047 2541 dicere
1079 2504 1093 2542 :
1127 2485 1207 2540 En
1238 2489 1445 2546 adsum.
1472 2485 1713 2540 Domine.
1736 2485 1873 2541 Cum
1932 2488 2010 2542 ita

432 2577 655 2641 fecisset
680 2594 840 2649 puer,
878 2578 956 2635 ait
975 2580 1028 2634 ei
1068 2580 1114 2636 is
1141 2579 1234 2650 qui
1280 2588 1525 2645 vocarat,
1582 2595 1835 2651 magnam
1894 2579 2008 2635 cla-

436 2670 559 2724 dem
592 2668 852 2727 lsraelitis
879 2671 1189 2735 imminere,
1224 2670 1330 2726 Elii
1363 2670 1508 2727 ﬁlios
1541 2687 1657 2727 una
1704 2671 2007 2742 perituros,

437 2757 542 2828 57
572 2767 627 2813 et
648 2759 1019 2815 sacerdotium
1044 2761 1100 2815 in
1138 2759 1386 2816 Eleazari
1428 2760 1694 2817 familiam
1743 2763 2007 2817 transitu-

434 2862 581 2905 rum.
655 2847 733 2903 Ea
794 2848 961 2904 verba
1032 2864 1157 2905 cum
1196 2850 1474 2907 sacerdoti
1528 2850 1749 2907 Samuel
1799 2851 2008 2906 referre

434 2941 630 3004 nollet,
667 2940 887 2997 tandem
910 2942 1275 3015 jurejurando
1307 2944 1557 3007 adactus,
1583 2943 1770 2999 omnia
1812 2959 2005 3015 quem-

433 3031 735 3087 admodum
771 3033 1045 3100 audierat,
1074 3040 1350 3089 recenset.

2095 560 2186 612 ἐπὶ
2206 561 2378 612 εἰκοσι
2409 554 2600 624 γενεάς
2632 553 2768 621 πρὸς
2795 552 2896 622 μιᾷ
2912 549 3297 619 διαρκέσασαν.
3333 547 3483 601 Ἠλεὶ
3508 548 3563 601 δὲ
3587 548 3681 601 τοῦ

2099 647 2427 720 ἀρχιερέως,
2475 646 2550 708 ὡς
2583 645 2684 716 Ιήδη
2714 643 3018 712 ἱστόρηται,
3050 640 3141 691 τὸν
3174 639 3301 692 λαὸν
3329 640 3575 705 ἄγοντος,
3626 641 3680 692 οἱ

2095 744 2189 796 δύο
2223 739 2328 793 υἱοὶ
2358 736 2523 793 αὐτοῦ
2546 737 2701 803 ὐφνὶ
2732 733 2827 787 καὶ
2851 732 3035 793 Φινεὲς
3065 731 3310 800 ὑπῆρχον
3346 729 3546 800 λοιμοὶ,
3576 749 3678 783 πα-

2103 829 2463 901 ρανομοῦντες
2499 829 2555 882 ὲν
2591 828 2783 888 ἅπασι,
2841 826 2935 878 καὶ
2992 822 3385 895 παραινοῦντος
3437 822 3532 875 τοῦ
3574 841 3682 876 πα-

2099 925 2227 993 τρὸς
2257 924 2441 986 αὐτοῖς
2469 923 2544 993 μὴ
2570 920 3045 991 ἐπιστρεφόμενοι.
3080 917 3136 970 Ὀ
3163 916 3219 970 δὲ
3243 916 3373 980 Θεὸς
3405 917 3683 985 ὀργισθεὶς

2099 1018 2187 1071 διὰ
2218 1017 2316 1079 τὰς
2348 1013 2571 1069 ἐκείνων
2627 1011 3002 1082 παρανομίας,
3057 1008 3145 1062 διὰ
3171 1008 3266 1062 τοῦ
3298 1010 3551 1080 Σαμουὴλ
3599 1012 3681 1062 ἔτι

2100 1108 2288 1170 παιδὸς
2321 1108 2473 1171 ὄντος
2505 1106 2771 1176 δεδήλωκε
2792 1104 2870 1175 τῷ
2905 1104 3077 1167 Ἠλεὶ,
3120 1102 3263 1172 άπερ
3285 1102 3447 1164 αὐτός
3479 1119 3539 1155 τε
3590 1102 3687 1154 καὶ

2102 1201 2153 1255 οἱ
2193 1200 2383 1264 παῖδες
2414 1200 2508 1253 καὶ
2557 1200 2584 1251 ό
2608 1193 2757 1260 οἶκος
2794 1195 2959 1250 αὑτοῦ
2995 1195 3297 1247 πείσονται.
3328 1193 3588 1262 Σαμουὴλ
3630 1194 3689 1245 δὲ

2113 1292 2350 1346 Ἑλκανᾶ
2376 1292 2601 1347 Λευΐτου
2637 1290 2830 1362 ἀνδρὸς
2865 1288 3127 1360 ἐτύγχανε
3159 1288 3287 1345 παῖς
3318 1279 3361 1354 ᾧ
3395 1285 3680 1356 συνῴκουν

2103 1383 2278 1437 διτταὶ
2301 1383 2561 1453 γαμεταὶ,
2594 1373 2668 1435 ὧν
2693 1383 2757 1453 τῇ
2783 1383 2881 1449 μὲν
2903 1380 3090 1445 Ἀννα,
3111 1383 3176 1451 τῇ
3200 1379 3259 1433 δὲ
3274 1378 3516 1445 Φενάννα
3535 1375 3688 1448 ἧντὰ

2106 1475 2367 1545 ὀνόματα.
2400 1475 2510 1529 Καὶ
2538 1476 2606 1545 τῇ
2643 1474 2741 1543 μὲν
2768 1473 2956 1537 παῖδες
2981 1468 3121 1545 ἦσαν
3163 1472 3223 1538 ἐξ
3261 1470 3530 1537 Ἔλκανᾶ,
3560 1473 3595 1540 ἡ
3634 1472 3691 1523 δὲ

2118 1568 2276 1620 Ἀννα
2336 1564 2555 1638 ἠμοίρει
2611 1564 2795 1635 γονῆς.
2832 1562 3192 1634 Ἀφικομένου
3244 1563 3300 1617 δὲ
3352 1562 3445 1616 τοῦ
3497 1562 3693 1632 ἀνδρὸς

2112 1661 2249 1728 μετὰ
2270 1658 2378 1712 τῶν
2395 1656 2672 1726 γυναικῶν
2700 1658 2902 1727 ἀμφοῖν
2930 1656 3009 1720 εἱς
3034 1655 3242 1728 Σηλὼν,
3276 1658 3370 1712 καὶ⁵
3399 1656 3692 1719 θύσαντος,

2109 1750 2232 1804 ἐπεὶ
2269 1750 2459 1822 καιρὸς
2490 1745 2558 1821 ἦν
2589 1749 2841 1820 εὐωχίας,
2878 1750 2973 1802 καὶ
3010 1752 3075 1821 τῇ
3128 1750 3374 1821 Φενάννᾳ
3406 1751 3455 1803 οἱ
3501 1749 3695 1810 παῖδες

2107 1843 2277 1912 αὐτῆς
2311 1841 2716 1912 συνεκάθηντο·
2751 1841 2835 1895 ὅτι
2887 1842 2920 1911 ἡ
2948 1842 3113 1895 Ἀννα
3151 1842 3455 1911 μεμόνωτο,
3491 1842 3698 1911 ἑαυτὴν

2107 1932 2461 1996 ἀπεκλαίετο,
2490 1932 2585 1985 καὶ
2609 1933 2689 1996 εἱς
2710 1931 2809 2003 τὴν
2850 1933 3054 2004 σκηνὴν
3079 1932 3172 1985 τοῦ
3201 1931 3338 1986 Θεοῦ
3377 1932 3694 2005 δραμοῦσα,

2108 2022 2288 2075 ἐδέετο
2321 2022 2415 2075 τοῦ
2445 2022 2646 2093 Κυρίου
2673 2024 2835 2093 γονὴν
2873 2025 3009 2094 αὐτῇ
3043 2025 3369 2095 παρασχεῖν,
3420 2022 3702 2092 εὐξαμένη

2110 2114 2474 2185 καθιερώσειν
2503 2114 2621 2186 Θεῷ
2651 2117 2714 2169 τὸ
2755 2117 3124 2186 πρωτότοκον.
3150 2113 3524 2186 Χρονιζούσης
3562 2115 3620 2169 δὲ
3646 2118 3703 2168 ἐν

2108 2206 2228 2268 ταῖς
2256 2205 2467 2273 εὐχαῖς,
2494 2204 2600 2275 πρὸ
2633 2206 2733 2274 τῆς
2763 2205 2971 2276 σκηνῆς
3021 2206 3168 2258 Ἥλεὶ
3204 2206 3593 2275 καθεζόμενος,
3624 2207 3699 2268 ὡς

2113 2295 2421 2366 μεθύουσαν
2461 2296 2631 2365 αὐτὴν
2668 2296 2951 2363 ὲλογίσατό
2982 2314 3039 2348 τε
3076 2297 3169 2350 καὶ
3200 2297 3592 2367 ἀπεπέμπετο.
3638 2297 3703 2348 Ἦ

2106 2388 2186 2455 δὲ,
2212 2390 2336 2444 Οὐκ
2367 2385 2556 2454 οἶνον,
2588 2388 2730 2458 ἔφη,
2786 2389 3055 2452 πέπτωκα,
3091 2387 3234 2443 οὐδὲ
3256 2388 3561 2457 μέθυσμα,
3595 2388 3705 2441 κύ-

2101 2497 2198 2549 ριε
2221 2499 2238 2515 ο
2275 2480 2438 2536 ἀλλὰ
2485 2480 2829 2547 κατώδυνος
2867 2477 3026 2536 οὖσα
3058 2480 3134 2534 δι’
3196 2480 3503 2546 ἀπαιδίαν,
3543 2479 3707 2535 ἐκτέ-

2106 2591 2282 2642 τηκα.
2336 2575 2449 2628 Καὶ
2510 2576 2537 2627 ό
2593 2574 2797 2645 ἱερεὺς,
2831 2573 3123 2643 Πορεύου,
3183 2566 3336 2626 εἶπεν
3376 2573 3539 2643 αὐτῇ,
3610 2574 3708 2626 καὶ

2112 2665 2234 2736 δῴη
2264 2684 2368 2722 σοι
2405 2666 2473 2720 τὸ
2511 2666 2737 2737 αἴτημα
2772 2669 2805 2721 ό
2835 2666 3000 2734 Θεός.
3064 2665 3487 2738 ’Υποστρέψασα
3517 2664 3577 2717 δὲ
3613 2667 3709 2719 σὺν

2112 2759 2192 2831 τῷ
2215 2760 2372 2831 ἀνδρὶ
2418 2758 2628 2826 οἶκαδε,
2684 2757 3077 2830 συλλαμϐάνει,
3128 2757 3224 2812 καὶ¹
3259 2758 3443 2812 τίκτει
3471 2758 3567 2811 τὸν
3608 2758 3711 2809 Σα-

2115 2851 2308 2922 μουὴλ,
2357 2851 2642 2921 θεαίτητον
2670 2850 2736 2905 ἄν
2764 2867 2847 2913 τις
2875 2849 3044 2904 εἴποι.
3098 2850 3486 2921 Ἀδρυνθέντος
3517 2850 3576 2902 δὲ
3609 2849 3703 2902 τοῦ

2110 2944 2302 3008 παιδὸς
2332 2932 2598 3013 προσάγει
2628 2943 2791 2996 αὑτὸν
2820 2942 2896 3012 τῷ
2930 2942 3081 2996 Ἡλεὶ
3111 2944 3254 2996 κατά
3283 2941 3383 3011 τὴν
3408 2942 3577 3011 εὐχὴν
3613 2942 3710 2993 αὖ-

2107 3036 2208 3105 τῆς
2232 3033 2310 3105 τῷ
2350 3033 2470 3103 Θεῷ
2502 3033 2939 3104 τραφησόμενον,
2973 3033 3151 3105 κόμην
3175 3049 3236 3087 τε
3276 3032 3566 3104 τρέφοντα,
3600 3038 3697 3088 καὶ

434 3128 495 3177 ὲν
522 3122 600 3192 τῷ
652 3124 782 3195 ἱερῴ
810 3125 1186 3196 διαιτώμενον,
1229 3124 1322 3179 καὶ
1353 3125 1505 3180 ὕδατι
1560 3125 1905 3195 κεχρημένον
1933 3125 2012 3186 είς
2052 3125 2231 3182 πόσιν.
2299 3125 2439 3197 Ἤδη
2465 3125 2523 3180 δὲ
2554 3118 2895 3195 δωδεκαέτης
2922 3127 3233 3196 γενόμενος,
3283 3126 3696 3197 προεφήτευσε-

438 3286 462 3334 ὲ

434 3212 549 3291 Kal
582 3231 715 3267 ποτε
753 3213 1100 3284 κοιμώμενον
1136 3216 1321 3282 αὑτὸν,
1351 3214 1411 3280 ἐξ
1458 3214 1726 3285 ὀνόματος
1754 3215 2012 3269 ἐκάλεσεν
2050 3217 2078 3269 ό
2144 3217 2292 3281 Θεός.
2357 3218 2419 3272 Ὃ
2453 3218 2512 3273 δὲ
2579 3218 2656 3291 τῷ
2694 3220 2943 3290 ἀρχιερεῖ
2994 3218 3423 3291 προσελήλυθεν,
3475 3219 3551 3283 ώς
3609 3218 3703 3271 ὑπ’

469 3308 648 3362 κείνου
671 3308 812 3379 τάχα
849 3308 1207 3379 καλούμενος.
1240 3310 1353 3365 Καὶ
1382 3309 1544 3363 τοῦτο
1572 3308 1863 3379 τρισσάκις
1892 3310 2129 3378 ἐγένετο,
2191 3311 2344 3366 Ἠλεὶ
2407 3312 2482 3381 δὲχ
2505 3313 2687 3379 συνεὶς
2738 3312 2926 3368 θεόθεν
2975 3308 3115 3387 εἶναι
3178 3312 3279 3383 τὴν
3321 3311 3535 3382 κλῆσιν,
3594 3312 3701 3380 ἔφη

434 3402 515 3473 τῷ
545 3402 802 3472 Σαμουήλ
822 3417 836 3430 ·
868 3400 930 3453 Et
965 3400 1046 3453 ἔτι
1077 3401 1305 3472 κληθῇς,
1332 3402 1454 3456 εἰπὲ
1490 3402 1670 3469 Ἰδοὺ,
1706 3401 1843 3472 ἐγὼ,
1874 3403 2072 3470 Κύριε.
2113 3403 2268 3458 Οὕτω
2305 3406 2362 3458 δὲ
2385 3406 2713 3486 ποιήσαντος
2745 3403 2839 3459 τοῦ
2876 3405 3089 3473 παιδὸς,
3120 3404 3225 3477 ἔφη
3266 3404 3415 3473 αὺτῷ
3444 3406 3473 3457 ὁ
3496 3404 3706 3464 καλῶν.

439 3493 728 3566 συμφορὰν
783 3494 1004 3548 ἔσεσθαι
1052 3497 1164 3559 τοῖς
1197 3496 1564 3568 Ἰσραηλίταις
1617 3495 1867 3568 βαρεῖαν,
1921 3496 2016 3549 καὶ
2055 3496 2182 3562 τοὺς
2242 3498 2397 3553 Ἠλεὶ
2441 3499 2637 3562 παῖδας
2672 3498 2792 3569 ἅμα
2859 3497 3240 3570 τεθνήξεσθαι,
3273 3499 3370 3553 καλ⁵
3403 3497 3504 3569 τὴν
3537 3500 3705 3570 ἱερω-

440 3587 611 3658 σύνην
639 3590 718 3652 εἰς
748 3588 842 3642 τὸν
896 3583 1045 3644 οἷκον
1075 3589 1169 3643 τοῦ
1199 3588 1464 3662 Ἐλεάζαρ
1504 3590 1862 3660 μεταπεσεῖν.
1902 3588 2017 3642 Οὐκ
2056 3590 2216 3659 ήθελε
2279 3591 2336 3645 δὲ
2373 3594 2503 3656 τοὺς
2543 3592 2736 3662 λόγους
2796 3592 2826 3645 ό
2850 3590 3109 3664 Σαμουὴλ
3164 3593 3400 3663 ἐκφῆναι
3438 3593 3519 3664 τῷ
3543 3595 3702 3666 ἱερεῖ.

442 3675 670 3752 Ὅρκοις
704 3680 750 3733 δ’
795 3680 1132 3748 ἐκϐιασθεὶς,
1187 3683 1495 3753 ἀπήγγειλε
1528 3683 1708 3736 πάντα
1763 3682 2019 3755 καθάπερ
2058 3686 2321 3756 ἀκήκοεν.

513 3777 703 3832 XXVI.
753 3777 961 3832 Dehinc
1004 3777 1277 3833 Palaestini
1318 3777 1524 3832 bellum
1565 3777 1828 3833 lsraelitis
1873 3778 2010 3832 infe-

2192 3779 2340 3848 κεῖν.
2384 3780 2666 3835 Ἐντεῦθεν
2735 3780 3089 3835 Παλαιστινοὶ
3119 3780 3266 3835 κατά
3292 3780 3402 3834 τῶν
3438 3781 3711 3854 Ἰσραηλι-

436 3881 647 3936 rentes,
680 3886 863 3941 pugna
893 3870 1210 3941 superiores
1254 3868 1518 3924 evadunt.
1556 3870 1801 3941 Populus
1823 3884 2009 3924 arcam

438 3963 691 4019 subsidio
732 3961 863 4018 ferri
905 3964 1171 4031 postulat.
1207 3962 1369 4017 Missa
1419 3962 1508 4016 illa
1541 3978 1666 4016 cum
1708 3962 1815 4017 Elii
1868 3960 2017 4026 ﬁliis,

441 4055 854 4125 redintegratur
881 4056 1162 4126 praelium,
1199 4053 1507 4109 funduntur
1538 4053 1777 4118 Hebraei,
1810 4053 1879 4106 ad
1915 4054 2020 4107 tri-

438 4147 587 4216 ginta
616 4146 783 4201 millia
819 4148 1044 4210 cadunt,
1086 4144 1229 4205 inter
1264 4158 1404 4214 quos
1453 4152 1508 4197 et
1547 4142 1641 4197 ﬁlii
1684 4143 1968 4213 pontiﬁcis
1994 4184 2010 4209 ,

440 4250 567 4292 arca
607 4238 738 4292 item
765 4237 822 4291 in
854 4236 1096 4292 hostium
1128 4242 1454 4305 potestatem
1483 4234 1653 4289 venit.
1684 4234 1840 4291 Elius
1881 4251 2022 4308 pon-

441 4327 598 4390 tit‘ex.
629 4329 727 4397 qui
756 4329 810 4382 in
835 4327 1058 4383 sublimi
1082 4326 1214 4382 sella
1241 4327 1480 4392 sederet,
1511 4337 1692 4398 strage
1719 4328 2017 4397 exercitus,

441 4430 498 4476 et
528 4423 676 4477 caede
702 4422 963 4486 ﬁliorum,
988 4436 1237 4490 areasque
1270 4422 1586 4493 captivitate
1616 4425 1833 4494 cognita
1852 4465 1867 4489 ,
1898 4441 2015 4495 prae

443 4531 681 4574 maerore
727 4516 797 4571 de
841 4516 975 4571 sella
1024 4514 1285 4584 delapsus
1324 4515 1582 4581 moritur,
1624 4532 1798 4573 annos
1843 4533 2019 4574 nona-

443 4609 593 4683 ginta
638 4619 824 4673 natus,
869 4623 993 4664 cum
1032 4608 1395 4678 quadraginta
1444 4608 1646 4678 populo
1689 4608 2016 4680 praefuisset.

445 4701 785 4772 Alienigena:
810 4716 993 4755 arcam
1028 4701 1084 4754 in
1116 4700 1310 4755 urbem
1336 4700 1566 4755 Azotum
1598 4701 1886 4772 perlatam,
1913 4703 2018 4760 Da-

446 4792 577 4863 goni
638 4792 741 4861 (sic
797 4792 960 4847 deum
1017 4807 1178 4847 suum
1230 4792 1606 4862 appellabant)
1664 4804 2016 4852 consecrant.

447 4883 604 4941 Mane
639 4881 695 4935 in
739 4882 974 4952 Dagonis
996 4882 1169 4937 aedem
1201 4882 1431 4953 ingressi
1455 4924 1471 4949 ,
1505 4884 1861 4941 simulacrqu
1893 4897 2021 4942 ante

447 4988 630 5028 arcam
663 4972 814 5027 bumi
840 4973 1144 5043 projectum
1168 4984 1515 5043 repererunt,
1543 4976 1711 5047 idque
1737 4978 2015 5033 sublatura

451 5066 508 5119 in
552 5080 708 5119 suam
740 5064 914 5118 basim
964 5064 1282 5121 restituunt.
1326 5066 1398 5123 Ut
1443 5076 1628 5124 autem
1671 5070 1777 5124 hoc
1819 5070 2020 5141 salpius

448 5153 657 5210 factum
700 5152 1155 5222 deprehendunt,
1190 5165 1247 5209 et
1288 5165 1522 5211 statuam
1562 5159 1783 5231 quoties
1815 5162 2024 5216 erexis-
2055 5143 2103 5202 D

449 5253 594 5311 sent,
625 5244 787 5300 toties
809 5253 936 5299 ante
967 5260 1151 5300 arcam
1179 5245 1460 5305 adorantis
1494 5252 1681 5321 specie
1720 5253 2020 5322 projectam

452 5336 807 5404 reperissent,
838 5337 1269 5409 obstupescunt,
1297 5340 1614 5397 dubitantes
1644 5341 1775 5411 quid
1818 5345 1895 5397 rei
1930 5360 2022 5398 es-

451 5436 553 5480 set.
588 5425 665 5481 Ex
692 5427 796 5484 hoc
824 5430 1139 5486 Azotiorum
1173 5432 1366 5488 urbem
1391 5443 1448 5488 et
1475 5448 1668 5501 agrum
1709 5434 1830 5489 lues
1870 5435 2021 5488 inva-

453 5516 531 5571 dit
559 5533 576 5573 :
601 5532 724 5572 nam
750 5531 805 5574 et
836 5520 1088 5579 homines
1108 5524 1252 5580 circa
1281 5524 1464 5579 sedem
1494 5523 1747 5579 laborare
1801 5525 2022 5596 (dysen-

457 5608 648 5665 teriam
685 5612 853 5671 fuisse
884 5615 961 5671 ait
993 5614 1286 5686 Iosephus)
1319 5624 1374 5671 et
1411 5616 1548 5672 mori
1597 5618 1907 5686 complures
1948 5617 2025 5671 ci-

454 5715 552 5756 ves
596 5711 651 5757 et
714 5722 900 5762 mures
957 5724 987 5762 e
1032 5719 1180 5764 terra
1210 5709 1385 5763 exorti
1437 5724 1626 5778 agrum
1662 5724 1879 5764 omnem
1930 5726 2022 5763 va-

462 5801 628 5850 stare.
657 5794 791 5852 Sero
833 5797 1052 5852 demum
1084 5812 1268 5853 arcam
1305 5799 1407 5854 sibi
1440 5800 1706 5854 malorum
1744 5814 1859 5854 esse
1897 5815 1996 5856 cau

2126 3872 2235 3929 τῶν
2262 3873 2707 3945 ὲκστρατεύουσι,
2736 3874 2830 3927 καὶ
2863 3868 3006 3944 ἦσαν
3034 3876 3098 3944 τῇ
3125 3873 3274 3944 μάχῃ
3301 3874 3704 3945 ἐπικρατέστε-

2129 3982 2238 4036 ροι.
2276 3964 2336 4019 ’0
2357 3965 2416 4019 δὲ
2448 3964 2572 4029 λαὸς
2600 3963 2932 4036 κομισθῆναι
2957 3963 3057 4035 τὴν
3084 3963 3330 4017 Κιὸωτὸν
3361 3963 3612 4020 αἰτοῦσιν
3630 3969 3713 4030 είς

2127 4059 2372 4130 ἀρωγήν.
2400 4056 2753 4127 Πεμφθείσης
2777 4055 2823 4108 δ’
2850 4057 3033 4110 ἐκεῖσε
3058 4056 3157 4126 τῆς
3190 4054 3425 4110 κιϐωτοῦ
3461 4073 3561 4110 συν
3594 4059 3711 4122 τοῖς

2125 4152 2262 4214 υἱοῖς
2305 4149 2398 4205 τοῦ
2457 4143 2629 4215 Ἠλεὶ,
2670 4149 3082 4220 συγκεκρότητο
3130 4149 3435 4220 μάχῃ,καὶ
3473 4149 3713 4221 ἥττηντο

2126 4245 2177 4298 οἱ
2211 4242 2476 4314 Ἑϐραῖοι.
2511 4244 2535 4311 ¹ῗ
2546 4243 2758 4296 Επεσον
2781 4242 2841 4295 δὲ
2890 4242 3026 4295 ὡσεὶ
3050 4241 3389 4313 τρισμύριοι,
3409 4243 3507 4297 καὶ
3533 4245 3589 4298 οἱ
3611 4241 3709 4299 τοῦ

2124 4334 2425 4406 ἀρχιερέως
2445 4332 2572 4399 υἱοὶ,
2597 4334 2691 4387 καὶ
2710 4334 2743 4402 ἡ
2767 4331 2996 4394 κὶσωτος
3020 4331 3233 4402 ἐλήφθη
3256 4332 3371 4398 τοῖς
3397 4332 3708 4403 πολεμίοις.

2138 4428 2287 4481 Ἦλεὶ
2331 4429 2388 4482 δὲ
2431 4427 2461 4480 ό
2498 4425 2791 4496 ἀρχιερεὺς
2833 4424 2921 4493 ἐφ’
2954 4423 3161 4495 ὑψηλοῦ
3199 4423 3443 4495 καθῆστο
3482 4426 3707 4496 δίφρου,

2126 4521 2220 4574 καὶ
2236 4518 2423 4592 μαθὼν
2439 4521 2506 4573 τὰ
2521 4518 2625 4587 τῆς
2643 4518 2842 4588 μάχης,
2861 4517 2957 4571 καὶ
2975 4517 3075 4586 τὴν
3089 4516 3304 4587 σφαγὴν
3314 4516 3424 4571 τῶν
3437 4518 3593 4586 υἱῶν,
3613 4521 3711 4574 καὶ

2124 4613 2222 4685 τὴν
2267 4610 2653 4683 αἰχμαλωσίαν
2687 4611 2786 4680 τῆς
2834 4608 3095 4675 κιϐωτοῦ,
3136 4609 3545 4680 περιαλγήσας,
3587 4610 3710 4677 ἑξέ-

2126 4724 2260 4761 πεσε
2305 4705 2398 4759 τοῦ
2416 4702 2628 4775 θρόνου,
2659 4701 2755 4755 καὶ
2774 4699 3520 4773 τέθνηκεν,ὲνενηκοντούτης
3549 4704 3709 4771 γενό-

2129 4802 2328 4871 μενος’,
2391 4796 2810 4866 τεσσαράκοντα
2872 4794 2929 4848 δὲ
2987 4793 3195 4849 τούτων
3254 4795 3539 4858 ἐνιαυτοὺς
3612 4793 3708 4849 τοῦ

2138 4891 2355 4963 Ἰσραὴλ
2397 4890 2770 4963 ἡγησάμενος.
2792 4885 2869 4943 Ὀἱ
2911 4886 2970 4939 δὲ
3013 4886 3303 4955 ἀλλόφυλοι
3337 4887 3418 4947 είς
3467 4883 3710 4950 ’Λζώτσν

2128 4982 2287 5037 πόλιν
2331 4979 2716 5047 ἀπαγαγόντες
2759 4976 2858 5046 τὴν
2906 4974 3160 5041 κιϐωτὸν,
3197 4974 3273 5046 τῷ
3311 4974 3507 5043 Δαγὼν
3545 4976 3710 5044 (οὕτω

2128 5072 2238 5142 γὰρ
2268 5071 2361 5125 τὸν
2394 5068 2606 5124 ἑαυτῶν
2639 5066 2869 5121 ἐκάλουν
2898 5063 3054 5135 Θεὸν)
3087 5064 3360 5122 ἀνέθεντο.
3399 5063 3611 5119 Ἕωθεν
3651 5064 3709 5119 δὲ

2131 5166 2212 5228 εἱς
2247 5163 2338 5219 τὸν
2367 5161 2518 5218 οἶκον
2546 5158 2738 5226 Δαγὼν
2776 5157 3135 5223 εἰσελθόντες,
3169 5151 3328 5229 εὗρον
3360 5160 3618 5229 κείμενον
3648 5161 3709 5214 τὸ

2133 5258 2343 5325 ξόανον.
2366 5256 2595 5311 ἐνώπιον
2636 5252 2735 5321 τῆς
2784 5249 3025 5304 κιϐωτοῦ
3053 5251 3146 5303 ἐπὶ
3169 5251 3293 5322 γῆς.
3324 5250 3435 5305 Καὶ
3463 5251 3704 5322 ἀναστή-

2135 5366 2327 5411 σαντες
2354 5347 2505 5409 abso,
2533 5345 2627 5398 ἐπὶ
2654 5344 2753 5409 τῆς
2780 5341 3056 5413 προτέρας
3079 5341 3316 5412 ἔστησαν
3344 5342 3576 5413 βάσεως.
3617 5342 3705 5406 Ὠς

2137 5440 2195 5491 δὲ
2231 5437 2491 5507 συχνάκις
2523 5429 2680 5502 εὗρον
2704 5431 2862 5485 τοῦτο
2883 5433 3189 5499 γινόμενον,
3219 5431 3314 5485 καὶ
3351 5430 3610 5494 πολλάκις
3647 5431 3706 5482 τὸ

2133 5526 2353 5579 εἴδωλον
2404 5521 2833 5592 ἀνορθώσαντες,
2860 5521 3192 5585 τοσαυτάκις
3235 5524 3487 5593 κείμενον
3538 5538 3705 5575 κατε-

2132 5617 2414 5686 λάμϐανον
2459 5616 2516 5666 ὲν
2565 5615 2808 5684 σχήματι
2847 5611 3287 5685 προσκυνοῦντος
3315 5612 3412 5684 τὴν
3447 5612 3703 5669 κιϐωτὸν.

2133 5704 2471 5772 ὲθαμϐοῦντο
2505 5703 2596 5758 καὶ
2625 5704 2939 5774 διηπόρουν.
2974 5704 3207 5758 Ἔπειτα
3241 5704 3286 5758 δ’
3331 5703 3597 5774 ἐνέσκηψε
3636 5705 3702 5771 τῇ

2134 5799 2239 5853 τῶν
2280 5796 2553 5860 Ἀζωτίων
2587 5796 2735 5851 πόλει
2768 5798 2860 5848 καὶ
2890 5797 2957 5868 τῇ
2988 5794 3143 5867 χώρᾳ
3174 5794 3370 5868 φθορά.
3397 5794 3569 5857 Νόσος
3603 5792 3704 5864 μὲν
