3964 6252
259 396 346 460 125

1544 391 1946 452 ANNALIUM
1993 393 2143 455 LIB.
2179 394 2230 455 Ι.
3398 387 3504 448 1‘26

254 515 351 575 τοῖς
407 507 721 579 ἀνθρώποις
784 506 915 576 περὶ
972 505 1072 568 τὰς
1128 504 1289 576 ἕδρας
1341 499 1431 574 ἦν,
1471 503 1820 573 δυσεντερίαν

1944 524 2038 564 am
2076 507 2256 562 Azotii
2289 505 2686 575 intelligentes,
2730 501 3058 558 Ascalonem
3111 502 3344 556 mittunt
3390 519 3406 556 :
3440 505 3511 558 iis

259 605 409 674 φησὶν
440 605 469 656 ὁ
512 601 798 672 Ἰώσηπος,
836 600 933 654 καὶ
961 598 1224 669 ἔθνησκον
1273 597 1460 665 συχνοὶ
1507 597 1566 662 ἐξ
1621 596 1816 666 αὐτῆς.

254 698 393 757 lilia;
443 696 500 749 δὲ
519 696 620 765 τῆς
660 695 765 765 γῆς
813 693 1184 756 ἁναδοθέντες,
1225 692 1324 761 τὴν
1370 689 1553 760 χώραν
1603 689 1822 744 ἃπασαν

252 790 548 860 ὲκεράῖζον.
597 787 729 858 Ὀψὲ
764 787 822 839 δὲ
854 785 1097 855 συνῆκαν
1125 784 1223 854 τὴν
1261 783 1490 837 κιϐωτὸν
1519 781 1698 836 αἰτίαν
1727 781 1827 834 αὐ-

250 886 353 944 τοῖς
400 878 540 934 εἶναι
577 879 710 942 τῶν,
737 877 924 930 παθῶν
964 877 1014 930 οἱ
1064 875 1334 940 ’Δζώτιοι,
1369 874 1465 928 καὶ
1515 873 1824 942 πέμπουσιν

253 976 411 1044 αὐτὴν
437 976 518 1037 είς
539 972 856 1026 Ἀσκάλωνα
872 1010 887 1035 ,
908 970 998 1022 καὶ
1021 968 1258 1039 ἔπασχον
1279 969 1522 1020 κάκεῖνοι
1543 967 1608 1020 τὰ
1638 957 1820 1036 ὅμοια.

258 1069 358 1120 Kal.
387 1065 532 1119 οὕτω
567 1065 729 1118 πέντε
752 1063 859 1115 τῶν
885 1058 1260 1114 Παλαιστηνῶν
1281 1060 1288 1123 ξ
1313 1058 1534 1127 ἀμείϐει
1570 1057 1753 1118 πόλεις
1786 1059 1820 1126 ἡ

253 1158 500 1223 κιϐωτὸς,
537 1157 632 1210 καὶ
659 1155 862 1216 πάσαις
892 1155 972 1216 είς
1005 1151 1245 1206 κάκωσιν
1270 1151 1516 1218 γέγονεν.
1547 1147 1818 1216 Συνῆλθον

251 1251 340 1306 οὖν
383 1252 432 1304 oi
477 1249 587 1304 τῶν
628 1247 985 1316 κακουμένων
1039 1245 1203 1297 πέντε
1266 1243 1472 1296 πόλεων
1526 1242 1821 1312 ἄρχοντες,

252 1348 442 1415 Γήτης,
482 1343 578 1395 καὶ
631 1338 938 1410 Ἀκκαρῶν,
993 1336 1332 1397 Ἀσκὰλωνός
1391 1351 1449 1386 τε
1497 1336 1592 1386 καὶ
1621 1331 1822 1401 Γάζης.

251 1438 344 1491 καὶ
393 1433 654 1500 ’Δζώτοω
711 1433 819 1485 Καὶ
867 1431 958 1484 oi’
970 1429 1069 1499 μὲν
1117 1428 1252 1482 ἄλλα
1305 1427 1435 1497 περὶ
1495 1424 1595 1492 τῆς
1663 1423 1827 1476 κιϐω-

251 1528 362 1592 τοῦ,
403 1528 455 1580 οἱ
500 1526 544 1578 δ’
579 1525 742 1590 ἕτερα
779 1521 1185 1575 συνεϐούλευον.
1217 1520 1323 1572 Καὶ
1356 1519 1507 1580 τέλος
1536 1515 1684 1579 ἔδοξε
1716 1517 1820 1567 πᾶ-

257 1639 354 1683 σιν,
388 1619 552 1691 ἕδρας
597 1618 761 1668 πέντε
792 1615 1021 1684 χρυσᾶς,
1055 1614 1149 1665 καὶ
1197 1610 1340 1681 μύας
1368 1611 1658 1671 τοσούτους
1692 1624 1821 1677 χρυ-

259 1714 385 1778 σοῦς
404 1713 651 1779 ποιῆσαι,
680 1709 772 1760 καὶ
797 1707 984 1761 θέσθαι
1010 1706 1102 1759 ἐπὶ
1125 1705 1220 1770 τῆς
1246 1701 1504 1765 κιϐωτοῦ,
1529 1701 1746 1770 ἅμαξαν
1764 1717 1822 1751 τε

257 1810 665 1877 καινουργῆσαι.
704 1804 800 1856 καὶ
850 1802 978 1873 βόας
1024 1798 1479 1868 πρωτοτοκούσας
1526 1797 1593 1864 τῇ
1638 1792 1822 1862 ἁμάξῃ

256 1903 582 1968 ὑπαγαγεῖν,
613 1898 740 1956 τοὺς
787 1897 842 1948 δὲ
878 1892 1109 1964 μόσχους
1153 1891 1331 1943 αὐτῶν
1377 1889 1694 1956 κατασχεῖν.
1725 1885 1835 1937 Καὶ

257 1994 520 2050 ἐπιθεῖναι
561 1995 626 2062 τῇ
655 1988 840 2058 ἀμάξῃ
867 1987 966 2057 τὴν
991 1983 1250 2046 κιϐωτὸν,
1278 1982 1376 2044 τὰς
1401 1980 1529 2050 βόας
1549 1979 1591 2031 δ’
1616 1979 1835 2043 ἁπαγα·

257 2087 444 2152 γόντας
492 2084 588 2135 ἐπὶ
630 2079 842 2149 τριόδου
887 2075 1229 2138 καταλιπεῖν,
1272 2070 1338 2124 ἶν’
1379 2069 1467 2122 ἐπ’
1511 2068 1702 2128 αὐταῖς
1746 2063 1832 2134 εἴη

259 2177 476 2232 ἀπιέναι
516 2173 638 2227 καθ’
696 2173 763 2240 ἣν
813 2169 1139 2239 ὁρμήσουσι.
1181 2163 1288 2218 Καὶ
1329 2162 1377 2212 εί
1408 2159 1511 2229 μὲν
1557 2157 1686 2209 εὐθὺ
1727 2155 1837 2207 τῶν

259 2266 609 2339 Ἰσραηλιτῶν
641 2260 1054 2316 ἀπελεύσονται.
1087 2256 1174 2308 διὰ
1212 2258 1311 2323 τὴν
1365 2249 1597 2305 κιϐωτὶν
1630 2247 1836 2300 οἴεσθαι

265 2337 444 2431 σφίσιν
477 2355 796 2424 ἐπάγεσθαι
819 2353 889 2406 τὰ
918 2352 1087 2414 κακὰ,
1123 2348 1217 2401 καὶ
1252 2345 1328 2415 μὴ
1364 2341 1596 2395 κωλύειν
1628 2337 1726 2408 τὴν
1758 2337 1838 2399 είς

260 2429 506 2514 ἐκείνους
540 2447 791 2520 πορείαν.
825 2445 887 2498 El
918 2443 962 2496 δ’
990 2440 1182 2495 ἄλλοσέ
1205 2454 1282 2506 πη
1314 2435 1548 2499 ἀπίοιεν,
1578 2429 1838 2501 ἐπιστρέ-

260 2549 352 2616 ψαι
399 2539 561 2603 αὖθις
590 2540 689 2602 τὰς
737 2537 867 2606 βόας
896 2551 954 2586 τε
985 2531 1078 2584 καὶ
1107 2531 1208 2600 τὴν
1239 2527 1480 2598 ἅμαξαν,
1513 2525 1608 2578 καὶ
1639 2523 1710 2576 τὰ
1752 2520 1838 2573 ἐπ’

260 2639 450 2708 αὐτῆς.
515 2630 958 2690 Ἐπιτελέσαντες
987 2626 1167 2678 τοίνυν
1214 2622 1282 2674 τὰ
1325 2619 1574 2684 δόξαντα,
1622 2616 1840 2684 ἀφῆκαν

257 2735 350 2796 τὰς
383 2705 538 2801 βόας,
573 2727 812 2798 μήκοθεν
873 2722 1129 2788 ἑπόμενοι
1163 2716 1256 2768 καὶ
1282 2714 1435 2766 αὐτοὶ
1469 2710 1536 2764 ἵν’
1573 2707 1746 2778 ὁρῷεν
1778 2705 1840 2758 τὸ

259 2800 650 2893 ἐκϐησόμενον.
671 2820 737 2872 At
758 2817 814 2870 δὲ
839 2814 958 2868 κατ’
985 2812 1114 2866 εὐθὺ
1138 2809 1246 2862 τῶν
1283 2803 1552 2877 Ἐϐραίων
1575 2800 1841 2872 ἀπῄεσαν,

262 2919 355 2972 καὶ⁵
399 2917 462 2970 οὺ
505 2913 775 2985 πρότερον
813 2909 1050 2978 ἔστησαν
1094 2904 1224 2974 πρὶν
1266 2903 1346 2964 εἰς
1393 2901 1538 2969 μέγα
1564 2895 1747 2950 πεδίον
1786 2893 1844 2944 ὲν

264 2984 599 3079 Βεθεσαμοῖς
649 3002 1078 3072 κατηντήκασιν.
1121 2996 1210 3057 Ὠς
1253 2995 1300 3046 δ’
1345 2987 1486 3043 εἶδον
1515 2991 1566 3042 oi
1593 2987 1691 3055 τῆς
1734 2984 1846 3038 κώ-

264 3122 368 3176 μης
387 3077 611 3168 ἐκείνης
633 3097 824 3164 ἄνδρες
850 3094 948 3162 τὴν
975 3088 1227 3148 κιϐωτὸν,
1254 3085 1606 3156 ὡρμήκασιν,
1633 3079 1721 3131 ἐπ’
1745 3077 1846 3130 αὑ-

468 3166 578 3247 καὶὴ
645 3185 967 3245 καθελόντες
1031 3181 1096 3235 ὲκ
1172 3179 1292 3272 τῆς
1353 3172 1572 3272 ἁμάξης
1650 3166 1843 3272 αὐτὴν,
1876 3216 1918 3272 C

265 3261 468 3343 ἔθυσαν
485 3283 585 3342 τὰς
605 3277 866 3350 βόας.κα“ι
884 3277 996 3337 τοῖς
1030 3273 1208 3336 ξύλοις
1235 3263 1316 3330 οἷς
1341 3269 1375 3338 ἡ
1399 3265 1588 3336 ἅμαξα
1619 3261 1847 3331 εἴργασ-

261 3404 339 3446 το,
366 3380 544 3440 αὑτὰς
583 3371 1005 3427 ὡλοκαύτωσαν.
1026 3367 1206 3435 Ὅπερ
1241 3364 1442 3423 ἰδόντες
1472 3361 1521 3412 οἱ
1557 3358 1850 3410 Παλαιστι-

263 3479 362 3539 νοὶ,
382 3470 788 3534 ὑπενόστησαν.
807 3460 942 3522 Τοὺς
962 3458 1007 3512 δ’
1029 3456 1341 3528 ἁψαμένους
1360 3453 1458 3522 τῆς
1491 3447 1748 3514 κιϐωτοῦ,
1774 3447 1849 3516 μὴ

262 3568 424 3627 ὂντας
455 3561 649 3630 ἱερεῖς,
686 3552 964 3625 ὀργισθείς
991 3551 1021 3603 ὁ
1050 3548 1183 3612 Θεὸς
1211 3546 1573 3600 ἐθανάτωσεν.
1599 3541 1662 3595 Οἱ
1704 3542 1760 3592 δέ
1786 3554 1850 3605 γε

267 3658 450 3711 λοιποὶ
484 3651 566 3720 τῷ
595 3646 762 3718 κοινῷ
804 3645 914 3698 τῶν
955 3642 1223 3713 Ἐϐραίων
1264 3638 1572 3709 ἐγνώρισαν
1616 3634 1685 3687 τὰ
1723 3635 1854 3702 περὶ

266 3755 362 3822 τῆς
383 3746 627 3805 κιϐωτοῦ
643 3761 659 3777 ·
698 3741 943 3796 κάκεῖνοι
959 3735 1218 3796 λαϐόντες
1234 3733 1428 3800 αὐτὴν,
1446 3732 1754 3799 ἀπάγουσιν
1773 3729 1854 3789 είς

268 3820 688 3911 καριαθιαρείιμ
709 3873 724 3896 ,
751 3830 844 3886 καὶ
860 3827 1128 3892 εἰςοίκίαν
1144 3823 1446 3894 Ἀμιναδαϐ
1468 3821 1556 3891 (ὲκ
1575 3820 1676 3888 τῆς
1701 3820 1858 3871 Λευῖ-

268 3909 428 4005 τικῆς
447 3926 608 3991 οὗτος
629 3923 827 3996 φυλῆς)
850 3918 1248 3975 κατατίθενται.
1276 3915 1384 3967 Καὶ
1401 3912 1613 3982 ἔμεινεν
1631 3913 1745 3962 ἐκεῖ
1762 3909 1856 3977 ἔτη

270 3999 466 4088 εἴκοσι,
485 4019 642 4091 παρὰ
657 4019 712 4070 δὲ
730 4017 841 4078 τοῖς
866 4009 1186 4078 ἀλλοφύλοις
1211 4009 1388 4078 μῆνας
1426 4004 1721 4072 τέσσαρας.
1759 3999 1858 4050 Σα-

276 4119 450 4191 μουὴλ
469 4115 528 4168 δὲ
553 4114 582 4164 ὁ
605 4109 894 4180 προφήτης
921 4104 1062 4174 μέγα
1082 4102 1182 4172 ἢδη
1204 4100 1348 4168 σχὼν
1370 4096 1561 4165 ὄνομα,
1585 4095 1680 4146 καὶ
1703 4093 1859 4159 δόξης

449 4209 548 4262 ἐπὶ
578 4205 738 4267 πολὺ,
772 4195 1095 4265 συναγαγὼν
1131 4195 1219 4245 τὸν
1250 4191 1376 4245 λαὸν
1401 4189 1530 4257 περὶ
1551 4183 1862 4252 ἐλευθερίας

275 4302 426 4374 αὖτῷ
459 4295 760 4365 διειλέχθη,
791 4292 887 4346 καὶ
919 4289 1104 4341 ἔπεισε
1139 4284 1339 4353 ταύτης
1385 4277 1861 4348 ἀντιποιήσασθαι.

1930 601 2096 656 etiam
2133 600 2325 656 eadem
2361 598 2638 654 accidunt.
2676 594 2768 650 Sic
2812 594 3059 664 quinque
3097 593 3511 649 Palaestiuorum

1932 696 2099 752 urbes
2122 711 2251 750 arca
2282 702 2598 764 pervagata,
2629 692 2888 747 omnibus
2918 691 3234 746 calamitosa
3273 690 3510 744 exstitit.

1933 789 2125 857 Itaque
2155 786 2507 855 magistratus
2536 783 2783 853 quinque
2808 781 3028 835 urbium
3061 781 3130 835 iis
3180 781 3340 835 malis
3382 795 3512 835 con—

1930 877 2256 934 flictantium
2303 875 2606 945 congressi,
2649 873 2907 928 videlicet
2950 872 3134 934 Getae,
3180 870 3508 928 Accaronis.

1930 970 2232 1033 Ascalouis,
2269 966 2426 1024 Gaza:
2455 976 2511 1021 et
2556 966 2735 1029 Azoti,
2771 965 2896 1019 aliis
2923 963 3073 1017 aliud
3103 962 3172 1017 de
3213 977 3340 1016 arca
3375 976 3512 1014 ceu-

1932 1059 2204 1118 sentibus,
2240 1055 2461 1111 tandem
2493 1054 2786 1109 decrevere
2825 1067 3040 1118 omnes,
3074 1052 3234 1106 sedes
3261 1052 3510 1121 quinque

1931 1166 2146 1216 aureas,
2202 1149 2542 1218 totidemque
2585 1161 2773 1201 mures
2812 1147 2941 1201 item
2991 1159 3189 1198 aureos
3219 1159 3361 1198 arca:
3411 1143 3516 1196 im-

1935 1261 2164 1316 ponere,
2191 1253 2248 1299 et
2276 1257 2480 1298 novum
2509 1240 2780 1296 fabricare
2810 1255 3058 1303 currum,
3079 1249 3136 1294 et
3167 1253 3362 1292 vaccas
3391 1253 3515 1306 qua:

1932 1339 2170 1408 primum
2222 1334 2571 1406 peperissent
2624 1333 2814 1387 currui
2856 1332 3122 1401 jungcre,
3176 1329 3274 1384 sed
3319 1345 3508 1384 earum

1932 1431 2137 1484 vitulos
2167 1429 2430 1492 retinere,
2465 1440 2530 1480 ac
2561 1425 2751 1479 currui
2776 1440 2905 1478 arca
2935 1423 3212 1492 imposita.
3246 1422 3414 1475 boves
3451 1421 3504 1473 in

1935 1520 2160 1576 trivium
2205 1518 2477 1572 abductas
2516 1516 2852 1585 relinquere.
2885 1514 3232 1582 ut‘quorsum
3275 1511 3516 1580 impetus

1933 1612 2124 1666 tulerit
2168 1620 2317 1664 eant.
2354 1609 2483 1674 Quae
2525 1608 2571 1663 si
2615 1622 2810 1662 versus
2843 1606 3120 1660 Israelitas
3164 1604 3387 1663 abeant,
3435 1602 3509 1656 ob

1933 1717 2115 1757 arcam
2145 1701 2285 1755 mala
2321 1700 2411 1754 illa
2443 1714 2500 1753 se
2531 1698 2743 1768 perpeti
2772 1695 3148 1757 statuendum,
3181 1708 3360 1761 neque
3391 1705 3516 1761 pro.

1937 1795 2236 1850 bibendum
2265 1808 2556 1862 quonnnus
2584 1791 2676 1846 illo
2719 1798 2845 1844 eant
2885 1807 2899 1843 :
2942 1789 3027 1842 sin
3059 1787 3168 1841 alio
3195 1802 3255 1851 se
3289 1797 3517 1839 conver‘

1939 1889 2127 1952 terint,
2179 1884 2524 1940 reducendas
2569 1885 2737 1936 boves
2791 1889 2848 1934 et
2883 1896 3144 1941 currum,
3198 1887 3254 1932 et
3299 1892 3421 1946 qum.
3462 1875 3516 1928 in

1938 1980 2048 2052 58
2076 1995 2142 2032 eo
2167 1979 2298 2032 sint.
2331 1975 2454 2041 llis,
2489 1985 2548 2028 ut
2583 1974 2864 2027 decretum
2890 1971 3087 2035 fuerat,
3128 1967 3388 2037 peractis,
3423 1965 3512 2019 di-

1939 2073 2140 2128 misere
2182 2070 2372 2131 boves,
2415 2068 2631 2122 eminus
2672 2065 2774 2134 ipsi
2809 2073 3123 2134 sequentes,
3159 2071 3219 2115 ut
3255 2065 3515 2114 eventum

1937 2165 2214 2219 viderent.
2246 2165 2316 2215 At
2361 2161 2465 2215 illa:
2493 2166 2642 2214 recta
2674 2172 2868 2212 versus
2910 2155 3172 2209 Hebrazos
3207 2152 3309 2212 ire.
3339 2165 3520 2218 neque

1943 2259 2249 2315 subsistere
2285 2255 2458 2325 prius,
2495 2266 2657 2322 quam
2683 2251 2737 2304 in
2769 2265 3026 2318 magnum
3058 2260 3310 2315 campum
3343 2244 3511 2297 Beth-

1939 2364 2123 2407 sames
2144 2344 2544 2418 pervenissent.
2570 2339 2642 2397 Ut
2667 2350 2851 2395 autem
2874 2338 2998 2409 pagi
3029 2338 3178 2391 illius
3203 2336 3306 2389 viri
3337 2348 3519 2388 arcam

1941 2443 2238 2504 viderunt,
2271 2443 2594 2499 accurrunt,
2635 2433 2703 2488 de
2743 2448 2908 2487 curru
2948 2430 3169 2492 tollunt,
3217 2428 3386 2481 boves
3415 2425 3521 2478 im-

1942 2534 2150 2589 molant
2181 2551 2194 2586 :
2229 2543 2284 2584 et
2313 2527 2478 2599 lignis
2535 2541 2568 2581 e
2601 2523 2802 2594 quibus
2832 2537 3030 2578 currus
3069 2519 3354 2575 confectus
3377 2524 3521 2579 erat,

1945 2633 2210 2680 cremant.
2241 2624 2360 2689 Quo
2393 2617 2670 2674 Palaestini
2702 2617 2818 2671 viso
2838 2655 2854 2680 ,
2887 2623 3037 2669 retro
3067 2612 3346 2667 abierunt.
3377 2610 3521 2663 Deus

1945 2725 2128 2770 autem
2192 2713 2260 2768 iis
2297 2711 2394 2782 qui
2441 2724 2624 2764 arcam
2671 2708 2983 2776 attigerant,
3031 2717 3154 2756 cum
3185 2700 3400 2771 profani
3433 2715 3522 2753 es-

1953 2817 2100 2871 sent,
2133 2808 2329 2866 iratus.
2380 2818 2571 2858 necem
2607 2799 2811 2855 attulit.
2848 2797 3067 2866 Reliqui
3095 2809 3387 2850 commune
3422 2791 3522 2846 Hc-

1950 2903 2226 2956 lmeorum
2283 2898 2350 2952 de
2394 2912 2522 2950 arca
2565 2902 2784 2963 recepta
2828 2892 3098 2947 certiores
3139 2889 3398 2943 reddunt.
3443 2886 3524 2940 Illi

1950 3005 2070 3046 eam
2119 2987 2507 3043 Cariatbiarim
2542 2985 2846 3047 abducunt,
2884 2993 2940 3036 et
2975 2981 3030 3034 in
3071 2977 3394 3034 Aminadabi
3425 2975 3521 3030 Le-

1951 3083 2132 3137 viticae
2174 3080 2353 3134 tribus
2380 3077 2621 3132 hominis
2664 3075 2876 3130 aedibus
2919 3072 3211 3132 collocant,
3240 3069 3332 3123 ubi
3371 3068 3528 3122 annis

1952 3173 2147 3244 viginti
2208 3171 2442 3233 mansit,
2498 3185 2623 3223 cum
2680 3166 2823 3236 apud
2881 3164 3220 3230 alienigenas
3294 3166 3526 3228 quatuor

1951 3283 2172 3324 menses
2203 3266 2417 3320 fuisset.
2453 3264 2519 3318 At
2555 3261 2774 3317 Samuel
2815 3259 3078 3329 propheta
3119 3257 3231 3326 jam
3262 3252 3518 3315 celebris,

1951 3371 2007 3416 et
2051 3375 2246 3429 magna
2285 3357 2547 3428 praeditus
2573 3354 2924 3417 auctoritate,
2959 3352 3162 3423 populo
3209 3357 3531 3414 convocato,

1955 3454 2026 3508 de
2058 3451 2387 3507 vindicanda
2424 3449 2678 3503 libertate
2707 3447 2934 3502 disserit
2972 3460 3034 3500 ac
3067 3444 3384 3514 persuadet.
3414 3440 3535 3506 Quo

1956 3544 2230 3601 Palwstini
2263 3541 2506 3613 cognito,
2543 3540 2826 3609 inopinata
2869 3535 3222 3608 aggressione
3262 3531 3538 3588 Israelitas

1956 3634 2448 3705 perterrefaciunt;
2476 3633 2572 3701 qui
2601 3631 2666 3684 ad
2695 3628 3002 3684 Samuelem
3031 3624 3431 3691 confugientes,
3467 3621 3534 3675 de

1958 3728 2139 3782 salute
2189 3741 2288 3779 sua
2338 3739 2462 3778 esse
2501 3731 2682 3776 actum
2732 3721 2912 3782 aiunt,
2963 3717 3072 3772 nisi
3124 3717 3240 3784 ipse
3291 3712 3539 3767 numinis

1960 3835 2120 3889 opem
2152 3818 2412 3873 exorarit.
2449 3815 2544 3869 llle
2569 3813 2728 3868 bonis
2763 3811 2963 3866 animis
2993 3824 3114 3863 esse
3137 3808 3316 3877 jubet,
3347 3815 3402 3858 et
3435 3803 3538 3857 Dei

1961 3911 2227 3966 auxilium
2258 3908 2572 3977 pollicetur,
2596 3918 2849 3974 agnoque
2874 3901 3176 3964 immolato,
3204 3899 3374 3952 Deum
3393 3903 3538 3949 orat.

1960 4001 2216 4057 Nondum
2247 3997 2465 4053 ﬂamma
2490 3995 2771 4050 victimam
2813 3997 3250 4060 consumpserat,
3288 4000 3412 4041 cum
3440 3986 3538 4039 bo-

1961 4102 2076 4150 stes
2095 4092 2360 4161 impetum
2395 4089 2450 4143 in
2480 4087 2740 4142 Hebraeos
2771 4083 2999 4147 faciunt,
3022 4080 3238 4136 facilius
3265 4093 3362 4134 eos
3384 4077 3538 4130 iuer-

1964 4205 2082 4246 mes
2115 4186 2365 4258 superari
2414 4199 2578 4254 posse
2627 4181 2756 4236 rati.
2810 4178 2917 4236 Sed
2969 4189 3026 4234 et
3081 4186 3230 4231 terra
3273 4172 3542 4228 divinitus

1965 4295 2254 4344 concussa,
2277 4291 2334 4333 et
2360 4275 2660 4332 tonitribus
2681 4269 3128 4340 erumpentibus,
3152 4276 3209 4322 et
3232 4263 3542 4334 fulguribus

285 4398 350 4448 '0
400 4391 676 4462 μαθόντες
733 4387 781 4437 οἱ
835 4370 1222 4441 Πάλαιστινοὶ,
1274 4373 1700 4444 ἀπροσδοκήτως
1751 4373 1834 4422 τοῖ

1966 4370 2333 4430 emicantibus
2355 4367 2658 4438 perterriti,
2683 4366 2737 4420 in
2766 4364 2949 4434 fugam
2972 4369 3284 4418 vertuntur.
3312 4357 3541 4425 Fugien-

322 4444 341 4448 -
400 4444 458 4462 τη
658 4444 671 4448 ,

292 4487 570 4557 Ἑϐραίοις
613 4481 823 4532 ἐπίασι.
850 4477 962 4530 Καὶ
993 4469 1370 4538 κατεπτόησαν
1414 4463 1637 4527 αὐτοὺς,
1669 4461 1744 4524 ὡς
1787 4461 1837 4512 τί

1971 4464 2122 4519 tibus
2151 4460 2374 4516 Samuel
2401 4473 2527 4512 cum
2569 4455 2774 4527 populo
2817 4455 3007 4516 instat,
3035 4466 3101 4505 ac
3132 4450 3338 4503 multos
3367 4444 3545 4500 caedit.

282 4540 966 4649 Xadouljl'npocépapelv
1020 4565 1302 4630 λέγοντας,
1355 4555 1706 4625 ἀπεγνῶσθαι
1763 4551 1837 4621 τὴ

1973 4555 2102 4610 Post
2125 4567 2245 4607 eam
2271 4549 2483 4604 cladem
2512 4564 2624 4603 non
2668 4545 2903 4614 amplius
2932 4541 3209 4598 Israelitas
3246 4540 3496 4592 invasere
3531 4551 3546 4587 :

2058 4646 2069 4649 _
2658 4638 2694 4649 ι.
2737 4636 2750 4649 ι
2854 4636 2864 4645 ο
2991 4634 3002 4649 ι
3061 4638 3250 4649 ,,__._-_.
3333 4624 3546 4649 0-.....AI

287 4624 574 4742 σωτηρίαν
599 4624 809 4726 αῦτοῖς,
831 4624 880 4715 ἐι
914 4661 988 4731 μὴ
1017 4624 1180 4720 αὐτὸς
1212 4653 1364 4724 σφίσι
1387 4654 1487 4722 τὴν
1511 4653 1578 4704 ὲκ
1595 4648 1690 4702 τοῦ
1723 4648 1835 4700 θείο

1976 4646 2072 4701 sed
2114 4654 2170 4699 et
2219 4653 2422 4697 terram
2452 4654 2616 4709 quam
2656 4636 2898 4692 Hebraeis
2940 4634 3289 4692 ademerant,
3333 4624 3548 4681 Samuel

2157 4739 2165 4742 _
2245 4737 2260 4742 _
2352 4735 2361 4742 .
2571 4733 2584 4742 .
2655 4734 2666 4742 .
2790 4731 2822 4742 ..
2900 4729 2911 4742 .
2974 4738 2983 4742 _
3081 4736 3091 4742 _
3133 4720 3434 4742 .,,___ALA.

284 4720 610 4831 ἐπικοιυρίαν
664 4720 988 4825 αἰτήσεται..
1018 4752 1128 4804 Καὶ
1176 4720 1511 4816 ὃςνθαρρεῖν
1554 4743 1837 4812 παρεγγυᾷ

1983 4739 2218 4808 recepit.
2245 4737 2325 4790 Ita
2352 4735 2399 4789 is
2421 4733 2626 4804 popqu
2649 4734 2742 4804 jus
2774 4729 3012 4788 dicebat,
3043 4736 3100 4780 et
3133 4720 3459 4792 imperabat.

282 4807 528 4913 καίητὸιν
565 4807 718 4906 (θεὸν
743 4807 1017 4919 ἐπαρῆξαι
1053 4807 1466 4897 διαϐεϐαιοῦται
1513 4807 1739 4898 αὐτοῖς)
1809 4807 1906 4886 καὶ
1943 4807 2304 4900 θύσαςᾶρνα,
2339 4829 2514 4880 ἐδέετο
2577 4824 2671 4878 τοῦ
2720 4821 2880 4875 Θεοῦ.
2914 4820 3096 4888 Μήπω
3122 4815 3180 4867 δὲ
3222 4813 3320 4884 τὴν
3360 4807 3554 4863 θυσίαν

283 4959 386 5025 τῆς
427 4953 583 5023 ἱερᾶς
641 4899 1031 5015 δαπανηῐπίέης
1086 4939 1304 5009 φλογὸς.
1338 4932 1703 5005 προϐάλλουσι
1760 4933 1873 4992 τοῖς
1925 4927 2198 4998 Ἑϐραίοις
2259 4927 2308 4988 oi
2376 4920 2746 4989 ἁντιπόλεμοι,
2775 4919 2903 4987 ῥᾷον
2926 4913 3106 4967 αὐτῶν
3141 4909 3436 4978 κρατήσειν
3477 4899 3550 4965 ὡς

287 4999 511 5107 ﬁgulo);
533 4999 1032 5118 OI6pEWt.}£€tO’}LI}E)
1056 4999 1112 5091 δέ
1137 4999 1236 5106 τῆς
1258 4999 1360 5104 γῆς
1383 4999 1743 5102 κλονηθείσης
1796 5029 1911 5082 ’ὑπὸ
1949 5025 2110 5092 Θεοῦ,
2141 5020 2606 5092 καταῤῥαγεισῶν
2655 5035 2716 5070 τε
2760 5014 3022 5086 βροντῶν,
3084 5009 3178 5063 καὶ
3215 4999 3556 5118 ὲξαφθεισέὒν

290 5092 714 5221 ἀστραπῶν,ἒίς
737 5092 1211 5194 δειλίανιὲνέπεσον
1223 5092 1566 5200 οἱνπολέμιοί,
1621 5092 1717 5179 ml.
1772 5125 2097 5194 ἐτράπησαν
2151 5124 2230 5182 εἱς
2245 5119 2449 5188 φυγήν.
2470 5112 2778 5176 Κατεδίωξε
2814 5110 2870 5163 δὲ
2893 5105 3145 5178 Σαμουὴλ
3162 5101 3257 5154 καὶ⁹
3276 5098 3336 5151 τὸ
3353 5092 3552 5221 ῗλῆθος

2030 5217 2039 5221 -
2149 5215 2158 5221 .
2311 5213 2325 5221 .
2423 5212 2434 5221 .
2589 5207 2600 5221 ,
2737 5206 2747 5219 .
2802 5203 2818 5221 κ
2965 5192 3340 5221 -..μηδι-..ρ
3397 5185 3552 5221 Λινῆᾶ-

289 5185 468 5296 euicta)
495 5185 712 5300 αὐτίῦνῖ
733 5235 828 5287 καὶ
863 5231 1092 5292 πολλοὺς
1134 5185 1518 5296 διεφθάρκασι,
1553 5185 1652 5276 καὶ
1683 5185 1871 5273 οὐκέτι
1915 5185 2056 5288 μετὰ
2107 5215 2209 5284 τὴν
2258 5185 2484 5281 ’πληγὴν
2505 5207 2708 5275 ταύτην
2733 5203 2828 5256 ἐπὶ
2853 5202 2978 5263 τοὺς
3001 5192 3340 5264 Ἰσραηλίτας
3363 5185 3553 5300 ὲστρξι-
3637 5245 3640 5248 λ

293 5354 516 5402 τευσαν,
538 5280 801 5388 ἅλλὰῖκαὶ
827 5329 926 5398 τὴν
949 5280 1132 5395 χώραν
1149 5280 1651 5392 ἥνπεραφείλοντο,
1729 5280 2118 5369 ἐπανεσὼσατο
2167 5280 2342 5372 αὖθις
2379 5280 2494 5370 τοῖς
2535 5303 2810 5373 Ἑϐραίοις
2841 5300 2869 5352 ὁ
2902 5292 3178 5366 Σαμουὴλ.
3249 5288 3470 5356 Ἐκρινε
3503 5280 3556 5334 δδ

295 5434 388 5484 τὸν
414 5429 568 5491 λαδν,
595 5423 694 5478 καὶ
715 5418 886 5493 ἦρχεν
912 5419 1101 5487 αὐτῆς.

375 5523 501 5582 KZ'.
523 5471 664 5588 ’116η
692 5471 1122 5585 δέῖγλεγηρακως,
1151 5513 1262 5571 τοῖς
1298 5508 1436 5569 υἱοῖς
1465 5504 1630 5560 αὐτοῦ
1659 5504 1759 5574 τὴν
1784 5519 1837 5556 το

2052 5494 2268 5552 XXVII.
2330 5494 2536 5549 Verum
2589 5493 2704 5562 jam
2754 5499 2922 5542 senex
2969 5478 3156 5551 populi
3211 5471 3556 5575 gubernandi

377 5563 463 5579 ⁸⁵⁸³
484 5565 501 5582 ⁸
550 5563 664 5588 “"t
697 5563 749 5571 "
787 5563 836 5585 ι*
854 5563 864 5583 ι
884 5563 1061 5584 ἰι-
1085 5563 1122 5576 η
1247 5563 1258 5571 π
1419 5563 1431 5569 -
1716 5563 1727 5574 ,

301 5616 432 5670 λαοῦ
476 5610 820 5684 προστασίαν
847 5605 944 5659 καὶ
987 5605 1048 5657 τὸ
1087 5601 1329 5664 δικάζειν
1369 5598 1669 5666 διένειμεν·
1709 5594 1837 5663 δνομ

1981 5605 2183 5646 munus
2214 5603 2278 5643 ac
2302 5586 2443 5657 juris
2471 5581 2696 5638 dicundi
2725 5574 3064 5648 provinciam
3095 5570 3222 5624 filiis
3245 5563 3560 5628 distribuit,

307 5667 784 5778 πρεσϐυτέρῳ
826 5699 1016 5769 ἰωήλ-
1055 5694 1135 5765 τῷ
1183 5692 1434 5761 νεωτέρῳ
1471 5689 1548 5755 δὲ,
1587 5688 1767 5742 Ἀϐιά.
1819 5691 1837 5738 (

1984 5697 2220 5754 quorum
2263 5677 2457 5750 majori
2493 5675 2682 5737 Joelis,
2716 5667 2916 5724 minori
2958 5667 3109 5722 Abiu:
3154 5679 3360 5719 nomen
3392 5667 3556 5714 erat:

265 5860 276 5868 ,
316 5754 826 5864 ουκ.ὲπορεύθησαν
862 5754 1080 5850 ὲνιταϊς
1107 5754 1265 5849 ,ὁδοῖς
1295 5754 1642 5852 τοῦ-πατρὸς
1679 5780 1837 5834 αύτῶε

1983 5776 2076 5846 qui
2111 5788 2320 5829 morem
2376 5770 2550 5840 patris
2583 5782 2691 5821 non
2723 5760 2920 5825 secuti,
2946 5761 3014 5816 ad
3044 5754 3395 5830 largitionum
3431 5767 3558 5806 cor-

326 5844 790 5864 ””“·’”“”ι”“-’νιίΓ
1065 5844 1078 5850 -
1247 5844 1260 5849 ν
1551 5844 1561 5852 .

321 5892 431 5943 uix
488 5888 860 5945 ἐκκλίναντες,
921 5877 1090 5942 δῶρον
1159 5879 1217 5930 τὸ
1261 5877 1466 5930 δίκαιον
1500 5872 1837 5938 προεδῖδοσαι.

1987 5866 2227 5928 ruotclas
2258 5863 2631 5919 deflexerunt,
2681 5865 2734 5912 et
2776 5857 2858 5910 ius
2891 5863 3054 5915 atque
3090 5864 3305 5911 ennium
3358 5844 3548 5899 vcnaie
