3964 6252
484 287 578 354 131

1798 274 2121 336 JOANNIS
2160 273 2478 336 ZONAWE
3636 280 3720 345 132

482 397 694 455 invadit
724 413 740 463 ;
772 410 836 451 ac
875 394 1030 451 caesis
1058 393 1124 448 ad
1163 390 1379 461 viginti,
1420 389 1638 445 cmtcris
1678 396 1949 443 terrorem
1981 386 2062 442 in-

2167 388 2353 444 στέον
2385 387 2552 455 ἡμῖν.
2612 388 2723 440 Kal
2771 386 3041 457 ὥρμησαν
3093 385 3188 439 ἐπὶ
3230 386 3291 441 τὸ
3341 386 3450 444 τῶν
3470 389 3719 462 πολεμίων

480 492 722 554 cutiunt.
779 498 839 545 ut
892 486 1202 559 perturbati
1248 494 1304 540 et
1354 481 1631 553 fugientes
1682 480 1777 536 alii
1820 480 1892 536 ab
1940 480 2066 538 aliis

480 582 798 637 interirent.
829 578 961 634 Sani
989 585 1169 633 castra
1211 572 1457 630 hostium
1489 570 1813 643 perturbata
1842 569 2062 636 videns,

479 683 536 727 et
566 672 664 726 lilii
692 682 860 740 atque
906 667 1165 737 armigeri
1201 666 1353 721 illius
1379 663 1635 720 absentia
1664 661 1911 732 cognita,
1957 662 2064 716 im-

480 774 667 834 petum
691 774 747 817 et
774 762 891 831 ipse
920 762 978 815 in
1008 760 1198 814 hostes
1248 755 1598 829 perturbatos
1625 754 1779 810 facit.
1803 754 1942 809 Tum
1968 753 2064 824 qui

481 853 690 908 dudum
735 867 850 921 prae
897 860 1047 905 metu
1083 864 1141 903 se
1168 847 1534 909 occultarent,
1581 843 1820 914 receptis
1865 843 2065 900 animis

483 959 610 999 cum
666 958 794 1014 rege
864 956 923 996 se
980 940 1348 1010 coniungunt,
1398 937 1587 992 hostes
1627 943 2062 1007 persequuntur,

486 1036 725 1091 caedunt.
755 1033 886 1090 Saul
933 1032 1084 1087 diras
1122 1031 1466 1099 imprecatur
1493 1028 1630 1093 suis,
1664 1027 1710 1082 si
1752 1026 1880 1097 quis
1932 1033 2063 1083 ante

485 1136 725 1190 noctem,
761 1127 909 1183 cazde
934 1125 1181 1180 hostium
1212 1121 1553 1186 intermissa,
1585 1120 1771 1175 cibum
1793 1128 2062 1192 gustaret.

482 1221 632 1275 Inter
669 1216 1141 1290 persequendum,
1196 1214 1463 1271 Jonathas
1515 1204 1922 1268 exsecrationis
1966 1226 2064 1280 pa-

486 1323 655 1367 ternae
678 1312 926 1382 ignarus,
962 1323 1088 1363 cum
1115 1307 1169 1360 in
1187 1308 1380 1362 silvam
1409 1314 1558 1360 esset
1584 1314 1834 1368 ventum,
1864 1303 1919 1361 in
1953 1317 2063 1373 qua

483 1402 755 1473 apiarium
784 1409 928 1456 erat.
957 1400 1137 1453 favum
1166 1398 1426 1453 comedit.
1459 1396 1587 1451 Saul
1611 1407 1794 1451 castra
1818 1396 2062 1452 hostium

483 1498 924 1564 oppugnaturus,
956 1506 1054 1560 per
1093 1487 1439 1544 sacerdotem
1467 1487 1752 1542 oraculum
1799 1486 2061 1555 consulit,

484 1597 617 1637 num
662 1581 954 1636 victoriam
1009 1578 1274 1649 largiatur
1337 1577 1520 1632 Deus?
1579 1576 1688 1632 Sed
1749 1577 1862 1631 Deo
1920 1576 2061 1632 nihil

485 1673 873 1744 respondente,
933 1679 1216 1726 auctorem
1261 1668 1456 1724 offensi
1492 1667 1744 1723 Numinis
1795 1666 1995 1737 quaerit
2041 1683 2057 1733 ;

482 1781 547 1820 ac
570 1765 780 1836 :Ipsum
802 1765 966 1827 Deum
993 1772 1172 1826 testor,
1208 1762 1411 1831 inquit,
1436 1778 1516 1815 me
1535 1768 1737 1816 sontem
1756 1760 2066 1814 occisurum.

481 1858 687 1911 etiamsi
725 1857 867 1926 [ilius
918 1871 1066 1910 meus
1121 1855 1384 1910 Jonathas
1431 1853 1605 1924 fuerit.
1659 1852 1819 1907 Sorte
1866 1853 2056 1917 ducta,

480 1949 744 2004 Jonathas
775 1948 1118 2018 designatur,
1149 1946 1243 2016 qui
1281 1953 1506 2017 rogatus
1544 1944 1677 2015 quid
1709 1942 2060 2013 deliquisset,

480 2057 539 2096 se
559 2041 766 2096 nullius
799 2040 1010 2109 peccati
1044 2038 1149 2094 sibi
1182 2053 1304 2094 esse
1334 2036 1622 2092 conscium
1656 2036 1756 2100 ait,
1777 2035 1882 2090 nisi
1907 2033 2058 2104 quod

479 2132 683 2203 pridie,
707 2126 958 2200 paternae
989 2128 1387 2186 exsecrationis
1437 2129 1666 2199 ignarus
1694 2126 1763 2182 de
1807 2126 1931 2181 favo
1961 2142 2063 2197 gu-

482 2234 706 2280 stasset.
741 2223 821 2277 Eo
864 2234 1024 2293 pater
1052 2224 1280 2286 audito,
1319 2236 1378 2276 se
1419 2220 1575 2273 illum
1609 2220 1926 2274 occisurum
1966 2219 2060 2289 ju-

482 2327 587 2374 rat.
624 2318 869 2388 Populus
893 2323 1085 2372 contra
1122 2323 1179 2370 et
1208 2315 1325 2383 ipse
1350 2313 1501 2385 jurat
1526 2326 1587 2367 se
1623 2326 1734 2365 non
1765 2325 2055 2381 passurum

485 2419 548 2465 ut
581 2409 826 2464 victoriae
848 2416 1047 2462 auctor
1083 2405 1369 2461 occidatur
1403 2420 1416 2457 ε
1449 2419 1626 2474 eoque
1666 2412 1880 2473 erepto,
1912 2402 2060 2458 votis

487 2502 655 2557 Deum
685 2501 885 2570 placat.
912 2498 1042 2555 Saul
1067 2496 1484 2552 Palaestinorum
1515 2494 1738 2551 circiter
1772 2494 2056 2565 sexaginta

483 2594 730 2649 millibus
764 2590 966 2648 occisis
991 2630 1007 2655 ,
1053 2587 1368 2660 regreditur
1400 2606 1415 2643 :
1465 2602 1529 2641 ac
1557 2585 1911 2651 Ammonitis,
1949 2586 2058 2655 62

485 2686 758 2753 Moabitis,
776 2683 1103 2747 Palestinis,
1127 2680 1405 2742 ldumaais,
1433 2678 1810 2745 Amalechitis,
1836 2692 2056 2733 necnon

483 2778 642 2833 Subze
667 2791 795 2847 rege
830 2774 1098 2838 subactis,
1126 2772 1404 2830 lsraelitas
1435 2788 1467 2827 e
1523 2787 1686 2827 manu
1740 2780 2061 2829 exterorum

480 2869 667 2940 eripit.

2172 481 2556 552 στρατόπεδον.
2591 481 2704 534 Kal
2742 479 2928 543 αὐτοῖς
2979 479 3030 532 ot
3084 478 3399 548 ἀλλόφυλοι,
3444 482 3718 553 ’Δνάσητε,

2169 572 2380 640 ἔλεγον,
2430 572 2583 641 πρὸς
2624 569 2784 640 ’ἡμᾶς
2819 570 2920 626 καί
2956 570 3326 641 γνωριοῦμεν
3375 574 3516 642 ὑμῖν
3553 573 3718 646 ῥῆμα.

2171 664 2342 719 Τοῦτο
2397 663 2597 733 θάρσος
2645 663 2809 735 ἐνῆκε
2860 662 2939 733 τῷ
3006 662 3261 717 Ἰωνάθαν
3287 677 3304 694 ο
3357 666 3451 718 καὶ
3499 666 3720 733 ἀποστὰς

2169 754 2402 820 ἐκεῖθεν,
2460 753 2731 826 ἑτέρωθεν
2772 753 3090 824 ἀνερπύσας
3142 754 3280 824 μετά
3323 753 3416 809 τοῦ
3473 757 3717 827 ἑπομένου

2169 848 2340 919 αὐτῷ,
2389 847 2573 903 ἔπεισι
2600 847 2713 911 τοῖς
2749 846 3032 917 πολεμίοις
3071 846 3432 915 ὑπνώττουσι,
3476 850 3567 903 καὶ
3590 851 3722 905 κτεί-

2170 956 2322 994 νουσι
2355 938 2454 1010 μὲν
2478 937 2554 1001 ὡς
2579 937 2756 992 είκοσι
2780 955 2796 970 ο
2833 939 2949 1001 τοῖς
2975 936 3035 990 δὲ
3061 937 3270 1002 λοιποῖς
3289 936 3490 992 δειλίαν
3521 939 3721 994 ἐνέϐαλ-

2169 1030 2285 1093 λον,
2313 1030 2363 1083 οἳ
2397 1028 2787 1101 θορυϐούμενοι
2809 1046 2869 1083 τε
2905 1029 3002 1082 καὶ⁵
3034 1029 3355 1097 φεύγοντες,
3383 1030 3475 1083 ὑπ’
3501 1030 3723 1102 ἀλλήλων

2169 1120 2480 1175 διώλλυντο.
2537 1119 2684 1174 Ἰδὼν
2715 1119 2774 1174 δέ
2809 1119 3217 1191 ταραττόμενον
3259 1120 3290 1173 6
3337 1120 3507 1175 Σαοὺλ
3541 1120 3600 1175 τὸ
3626 1121 3722 1174 τῶν

2170 1213 2447 1283 πολεμίων
2487 1211 2876 1282 στρατόπεδον,
2924 1211 3025 1266 καὶ
3073 1211 3284 1266 ἀπόντα
3333 1212 3426 1266 τὸν
3471 1215 3581 1268 υίὸν
3619 1216 3725 1285 ἅμα

2167 1307 2246 1377 τῷ
2295 1305 2588 1377 ὁπλοφόρῳ
2639 1304 3010 1374 κατανοήσας,
3066 1303 3402 1376 προσϐάλλει
3435 1307 3529 1360 καὶ
3577 1309 3724 1372 αὐτὸς

2166 1396 2603 1467 τεταραγμένοις
2633 1397 2748 1458 τοῖς
2781 1393 3048 1457 ἐναντίοις
3073 1409 3090 1426 ο
3139 1391 3241 1448 καὶ
3278 1392 3332 1445 oi
3378 1392 3508 1465 πρὶν
3551 1393 3605 1448 δὲ
3643 1394 3723 1448 διὰ

2169 1487 2335 1560 φόϐον
2357 1487 2655 1559 κρυϐέντες
2677 1485 3184 1556 ἀναθαρσήσαντες,
3205 1482 3287 1554 τῷ
3309 1482 3519 1554 βασιλεί
3544 1502 3725 1558 προσε-

2167 1584 2385 1638 τίθεντο
2414 1597 2430 1614 °
2489 1584 2586 1637 καὶ
2646 1581 2858 1637 διώκων
2912 1580 3040 1643 τοὺς
3098 1579 3388 1652 πολεμίους
3446 1580 3721 1637 ἐκτίννυεν.

2181 1677 2493 1748 Ἐπσρᾶται
2521 1676 2702 1731 τοίνυν
2740 1676 2855 1738 τοῖς
2899 1671 3090 1735 αὐτοῦ,
3137 1673 3190 1725 εῐ
3241 1688 3329 1736 τις
3373 1673 3725 1745 ἀποσχόμενος

2102 1758 2141 1813 Β
2169 1770 2263 1822 τοῦ
2296 1772 2548 1840 φονεύειν
2580 1768 2710 1832 τοὺς
2742 1767 2991 1838 ἐχθροὺς,
3022 1765 3210 1835 φάγοι,
3235 1768 3285 1821 εί
3313 1765 3390 1839 μὴ
3420 1764 3516 1832 νὺξ
3543 1766 3725 1829 αὐτοὺς

2165 1860 2387 1915 παύσοι.
2427 1861 2516 1913 Ἐν
2548 1860 2606 1914 δὲ
2639 1859 2718 1931 τῷ
2753 1859 2973 1913 διώκειν
3007 1859 3150 1913 κατά
3196 1875 3320 1915 τινα
3353 1858 3554 1930 δρυμὸν
3595 1860 3650 1911 ἐν
3677 1852 3717 1926 ᾧ

2166 1951 2438 2021 μελισσὼν
2455 1947 2548 2022 ἦν,
2583 1952 2679 2006 καὶ
2707 1933 2889 2006 λαϐών
2916 1950 2945 2003 6
2997 1949 3255 2005 Ἱωνάθαν
3280 1950 3473 2021 κηρίον
3510 1949 3722 2020 μέλιτος,

2161 2042 2365 2113 ἔφαγεν
2389 2057 2404 2071 ⁸
2437 2042 2498 2096 οὐ
2537 2042 2647 2112 γὰρ
2684 2035 2754 2113 ἦν
2789 2039 3044 2112 ἀκηκοὼς
3081 2041 3184 2110 τῆς
3213 2041 3358 2112 ἀρᾶς
3392 2038 3485 2093 τοῦ
3516 2037 3720 2110 πατρός.

2174 2135 2457 2189 Ἐπελθεῖν
2503 2134 2560 2187 δὲ
2606 2132 2892 2203 βουληθεὶς
2928 2133 2959 2185 6
2994 2131 3168 2186 Σαοὺλ
3218 2134 3286 2203 τῇ
3335 2131 3445 2186 τῶν
3494 2132 3724 2185 ἐναντίων

2162 2225 2489 2297 παρεμϐολῇ
2544 2224 2733 2296 ἠρώτα
2764 2225 2853 2279 διὰ
2883 2224 2978 2279 τοῦ
3022 2224 3329 2297 ἀρχιερέως
3372 2223 3465 2279 τὸν
3505 2221 3648 2287 Θεὸν,
3680 2221 3723 2273 εί

2164 2316 2350 2370 δίδωσι
2380 2316 2578 2386 νίκην;
2616 2314 2724 2368 Τοῦ
2749 2314 2806 2369 δὲ
2833 2314 2969 2369 Θεοῦ
3007 2308 3084 2387 μή
3126 2314 3441 2386 δηλοῦντος,
3474 2313 3647 2386 ἐζήτει
3668 2312 3722 2365 τὸ

2165 2407 2359 2463 αἴτιον.
2387 2407 2521 2473 Kal,
2554 2407 2835 2477 Ὄμνυμι,
2869 2405 2999 2476 ἔφη,
3038 2407 3231 2461 αὑτὸν
3256 2405 3370 2461 τὸν
3395 2404 3561 2468 Θεὸν,
3590 2404 3722 2460 ἀπο-

2163 2498 2430 2553 κτείνειν
2448 2500 2557 2551 τὸν
2584 2498 2948 2567 ἁμαρτόντα,
2974 2497 3092 2553 κᾶν
3135 2496 3425 2553 Ἰωνάθαν
3442 2497 3531 2565 ειη
3553 2498 3584 2550 δ
3600 2493 3725 2559 παῖς

2168 2593 2200 2646 ὁ
2222 2591 2382 2661 ἐμός.
2418 2591 2532 2645 Kal
2565 2591 3037 2663 κληρωσαμένων,
3068 2592 3161 2645 ἐπὶ
3204 2591 3468 2646 Ἰωνάθαν
3496 2595 3523 2645 6
3544 2588 3724 2659 κλῆρος

2168 2681 2387 2738 ἔπεσεν.
2431 2682 2494 2736 '0
2523 2682 2582 2736 δέ
2612 2683 2743 2753 περὶ
2791 2683 3070 2755 ἁμαρτίας
3105 2685 3556 2757 ἀνακρινόμενος,
3586 2680 3723 2737 οὐδὲν

2168 2768 2324 2825 εἶπεν
2369 2772 2549 2844 ἐαυτῷ
2579 2773 2902 2838 συνειδέναι,
2930 2775 2967 2843 ἢ
2999 2776 3083 2828 ὅτι
3129 2772 3259 2847 χθὲς
3282 2778 3385 2848 τήν
3411 2777 3547 2847 άράν
3576 2774 3722 2841 ἀγνο-

2170 2865 2334 2936 ήσας,
2365 2867 2422 2919 ἐν
2451 2865 2529 2936 τῷ
2549 2866 2766 2920 διώκειν
2794 2868 3114 2940 ἐγευσάμην
3149 2870 3375 2938 κηρίου.
3397 2868 3648 2930 Ἀκούσας
3675 2862 3725 2917 δὲ

480 2966 510 3018 6
542 2965 749 3034 πατὴρ,
802 2964 1125 3016 ἀποκτενεῖν
1154 2961 1317 3012 αὑτὸν
1348 2959 1550 3030 ὤμοσε.
1583 2958 1692 3011 Kal
1720 2958 1749 3010 6
1781 2957 1908 3020 λαὸς
1931 2955 2243 3028 ἀντώμοσε,
2312 2961 2389 3032 μή
2452 2961 2814 3032 περιόψεσθαι
2839 2963 2930 3017 τὸν
2961 2964 3135 3018 αἴτιον
3182 2964 3283 3034 τῆς
3330 2965 3487 3035 νίκης
3545 2962 3725 3018 ἀποθα-

484 3059 765 3129 νούμενον.
798 3058 904 3111 Kai
936 3053 1344 3125 ὲξαρπάσαντες
1374 3052 1558 3117 αὑτὸν,
1587 3052 1776 3121 εὐχαῖς
1802 3050 1895 3104 τὸν
1930 3049 2064 3105 Θεὸν
2101 3052 2473 3119 ὲξιλάσκοντο.
2533 3054 2864 3126 Διαφθείρας
2888 3056 2949 3110 δέ
2986 3059 3014 3111 6
3037 3058 3210 3112 Σαοὺλ
3231 3058 3373 3113 ὡσεὶ
3394 3057 3650 3130 μυριάδας
3670 3054 3722 3121 ἓξ

482 3148 593 3202 τῶν
624 3146 1023 3208 Παλαιστινῶν,
1059 3141 1494 3214 ἀνθυπέστρεψε.
1521 3142 1816 3211 Χειροῦται
1839 3142 1896 3194 δέ
1936 3143 2278 3213 Ἀμμανίτας
2343 3149 2440 3201 καὶ
2503 3147 2827 3214 Μωαϐίτας,
2894 3148 3295 3213 Παλαιστινούς
3330 3167 3393 3204 τε
3438 3152 3534 3205 καὶ
3583 3150 3723 3204 Ἰδου-

487 3240 684 3312 μαίους
709 3241 806 3293 καὶ
828 3236 1228 3308 Ἀμαληκίτας,
1254 3234 1464 3288 καὶτὸν
1489 3232 1720 3304 βασιλέα
1741 3233 1840 3303 τῆς
1863 3233 2063 3291 Σουϐἄ.
2102 3236 2213 3290 Καὶ
2242 3236 2480 3302 ἐξείλετο
2503 3237 2598 3293 τὸν
2634 3238 2853 3311 Ἰσραὴλ
2884 3241 2950 3293 ἐκ
2980 3239 3164 3311 χειρὸς
3191 3240 3303 3295 τῶν
3340 3241 3664 3308 ἀλλοφύλων.

554 3334 759 3390 XXIX:
780 3332 933 3387 Sauli
981 3330 1077 3385 ﬁlii
1109 3337 1266 3386 luere
1309 3339 1441 3396 tres,
1475 3329 1763 3396 Jonathas,
1810 3328 1973 3385 Jesus
2007 3337 2062 3385 ct

2240 3333 2372 3388 KB'.
2396 3330 2582 3390 τΗσαν
2607 3334 2666 3389 δέ
2686 3334 2766 3405 τῷ
2795 3333 2973 3389 Σαοὺλ
2999 3336 3109 3389 υἱοὶ
3139 3337 3316 3407 τρεῖς,
3370 3335 3619 3393 Ἰωνάθαν
3643 3338 3727 3390 καὶ

484 3427 823 3485 Melchisus:
859 3438 927 3477 ac
967 3421 1092 3476 filia:
1123 3423 1265 3487 dum,
1307 3421 1528 3477 Meroba
1559 3431 1615 3476 et
1663 3420 1916 3476 Melchol.
1969 3422 2071 3477 lm-

484 3527 794 3589 peratorem
839 3522 1054 3568 crearat
1100 3512 1438 3578 Abenerem,
1501 3513 1659 3569 Neris
1713 3514 1933 3584 cognati
1981 3515 2067 3570 sui

485 3609 679 3663 lilium.
715 3607 938 3660 Dixerat
967 3611 1153 3658 autem
1187 3604 1339 3659 Sauli
1372 3602 1616 3669 Samuel,
1649 3603 1848 3675 jubere
1894 3603 2064 3658 Deum

485 3713 547 3756 ut
587 3700 822 3755 caederet
864 3696 1247 3759 Amalechum,
1296 3696 1643 3765 victoriaque
1687 3694 1922 3766 potitus,
1972 3709 2071 3750 ne-

485 3791 620 3847 mini
653 3797 924 3861 parceret,
981 3803 1096 3843 non
1157 3789 1508 3852 mulieribus,
1571 3804 1683 3842 non
1737 3787 2065 3853 infantibus,

486 3902 599 3940 non
636 3883 908 3955 jumentis
934 3899 950 3949 ;
978 3898 1088 3936 non
1137 3882 1464 3953 pecudibus.
1498 3882 1595 3936 sed
1643 3897 1835 3935 eorum
1866 3897 2065 3937 nomen

483 3977 734 4033 funditus
796 3976 1027 4030 deleret.
1089 3974 1276 4042 itaque
1336 3973 1466 4027 Saul
1528 3988 1654 4027 cum
1711 3972 2066 4027 Amalechitia

483 4083 834 4139 congressus,
870 4067 1061 4121 hostes
1099 4066 1291 4129 Vitlcil,
1319 4065 1482 4119 cazdit
1515 4080 1729 4120 omnes.
1784 4064 1889 4118 Sed
1928 4065 2068 4134 Aga-

484 4173 612 4231 gum
665 4158 821 4213 illius
849 4170 1009 4212 terra:
1057 4169 1239 4225 regem
1273 4155 1331 4208 in
1375 4163 1705 4224 potestatem
1758 4153 2065 4219 redactum,

486 4250 849 4305 admiratione
879 4250 1071 4304 forma:
1106 4256 1163 4301 et
1197 4245 1633 4315 magnitudinis,
1659 4260 1770 4299 non
1803 4245 2007 4301 occidit
2050 4261 2065 4299 :

486 4350 734 4396 armenta
778 4341 967 4404 etiam,
1004 4354 1217 4409 greges,
1266 4348 1575 4407 caulemque
1615 4335 1842 4403 eximia,
1892 4334 2065 4390 divini

488 4433 731 4489 mandati
761 4433 1071 4496 immemor,
1120 4437 1433 4486 conservat.
1481 4429 1721 4484 Proinde
1764 4428 1984 4483 Samuel
2035 4445 2066 4484 a

487 4528 601 4584 Deo
661 4524 916 4590 edoctus,
948 4522 1214 4594 poenitere
1268 4538 1395 4576 enim
1442 4520 1622 4577 Saulis
1666 4522 1838 4577 creati
1889 4523 2064 4592 regis,

485 4619 732 4677 occurrit
758 4617 892 4689 regi.
940 4619 990 4674 ls
1019 4618 1096 4672 ait
1125 4632 1184 4672 se
1223 4616 1455 4687 gratiam
1494 4616 1699 4671 habere
1727 4616 1863 4678 Deo,
1906 4618 2066 4687 cuius

2184 3425 2388 3496 Ἰησουῒ
2421 3427 2517 3481 καὶ
2552 3425 2853 3498 Μελχισουτ
2883 3443 2902 3459 ο
2956 3427 3052 3480 καὶ
3097 3427 3398 3497 θυγατέρες
3421 3429 3533 3493 δύο,
3562 3424 3726 3499 Μερὸϐ

2172 3519 2271 3574 καὶ
2297 3519 2533 3590 Μελχόλ.
2573 3519 3046 3592 ’Δρχιστρατηγὸν
3083 3519 3142 3574 δὲ
3175 3514 3287 3589 εἶχε
3324 3521 3417 3575 τὸν
3469 3520 3726 3589 ’Δϐεννήρ,

2171 3611 2287 3664 υἱὸν
2338 3598 2458 3680 Νήρ
2509 3608 2808 3677 συγγενοῦς
2838 3608 3030 3665 αὐτοῦ.
3063 3610 3210 3680 Ἔφη
3261 3610 3320 3664 δὲ
3365 3608 3611 3682 Σαμουὴλ
3659 3605 3728 3675 τῷ

2170 3703 2368 3769 Σαοὺλ,
2391 3700 2633 3756 κελεύειν
2654 3699 2803 3771 αὐτῷ
2827 3700 2919 3755 τὸν
2942 3699 3077 3754 Θεὸν
3103 3701 3343 3765 πατάξαι
3358 3703 3448 3756 τὸν
3480 3698 3725 3771 ’Δμαλὴκ,

2171 3796 2266 3850 καὶ
2292 3796 2668 3865 κρατήσαντα,
2705 3791 2933 3864 μηδενὸς
2967 3793 3281 3863 φείσασθαι,
3328 3795 3409 3865 μὴ
3443 3791 3720 3863 γυναικῶν,

2173 3887 2249 3959 μὴ
2278 3887 2512 3957 νηπίων,
2545 3885 2622 3957 μὴ
2650 3884 2985 3953 ὑποζυγίων,
3021 3885 3096 3956 μὴ
3128 3884 3513 3957 βοσκημάτων,
3539 3883 3726 3952 ἐξαλεί-

2167 3978 2356 4048 onst
2384 3979 2444 4030 τὸ
2496 3977 2666 4047 ὄνομα
2721 3975 2889 4030 αὐτοῦ
2937 3976 3003 4030 ἐκ
3060 3976 3158 4046 τῆς
3208 3977 3332 4047 γῆς.
3387 3972 3729 4031 ΚαὶὸΣαοὺλ

2169 4068 2248 4139 τῷ
2287 4067 2534 4139 Ἀμαλὴκ
2560 4066 2873 4136 συμϐαλὼν,
2903 4068 3047 4120 κατὰ
3074 4067 3274 4134 κράτος
3305 4069 3452 4139 νικᾷ,
3486 4068 3576 4122 καὶ
3596 4066 3728 4120 κτεί-

2169 4176 2253 4213 νει
2282 4160 2514 4222 πάντας.
2545 4158 2843 4230 Χειροῦται
2864 4158 2923 4212 δὲ
2956 4160 3051 4213 καὶ
3085 4159 3179 4212 τὸν
3213 4157 3451 4228 βασιλέα
3492 4159 3592 4229 τῆς
3630 4156 3728 4228 χώ-

2173 4267 2295 4323 ρας,
2324 4253 2509 4320 ’Δγαγ
2541 4249 2952 4320 ὠνομασμένον,
2988 4249 3085 4305 καὶ
3116 4251 3216 4303 οὐκ
3238 4251 3580 4317 ἀπέκτεινεν,
3602 4253 3727 4316 ἁγα-

2172 4343 2323 4407 σθεὶς
2354 4342 2519 4396 αὐτὸν
2547 4341 2637 4396 διὰ
2676 4342 2895 4409 κάλλος,
2952 4342 3052 4397 καὶ
3091 4342 3348 4414 μέγεθος,
3399 4344 3496 4397 καὶ
3541 4341 3607 4395 τὰ
3632 4338 3728 4391 τῶν

2169 4435 2466 4507 βουκολίων
2501 4435 2594 4490 καὶ
2632 4436 2923 4506 ποιμνίων,
2979 4437 3074 4490 καὶ
3111 4436 3222 4490 τῶν
3269 4437 3448 4491 ἄλλων
3489 4435 3728 4507 ἐξαίρετα

2168 4530 2622 4601 περιεποιήσατο,
2651 4530 3052 4599 ἀμνημονήσας
3078 4528 3178 4599 τῆς
3200 4530 3348 4592 θείας
3373 4528 3724 4601 προστάξεως.

2167 4621 2579 4693 Χρηματισθεὶς
2607 4621 2667 4675 δέ
2697 4620 2952 4691 Σαμουὴλ
2981 4621 3135 4692 παρά
3164 4620 3259 4674 τοῦ
3288 4622 3451 4687 Θεοῦ,
3498 4622 3729 4680 είπόντος

487 4728 720 4768 munere
749 4712 975 4765 vicisset
1022 4709 1232 4774 hostes,
1263 4718 1319 4762 ct
1350 4717 1410 4762 ut
1439 4706 1628 4775 jussus
1656 4705 1843 4772 fuerit,
1891 4706 2062 4764 admi-

2170 4691 2551 4785 μεταμελῆσαι
2578 4714 2718 4783 (49),
2759 4715 2843 4767 ὅτι
2886 4691 3210 4767 ἐϐασίλευσε
3242 4714 3334 4767 τὸν
3367 4715 3542 4769 Σαοὺλ
3564 4754 3580 4778 ,
3612 4729 3727 4765 συν·

485 4808 754 4864 nistrasse
791 4803 997 4859 omnia.
1029 4801 1171 4856 Tum
1203 4799 1421 4856 Samuel
1449 4818 1463 4855 :
1496 4799 1700 4865 Vocem,
1727 4799 1930 4869 inquit,
1958 4816 2062 4853 auo

482 4902 572 4956 dio
617 4900 985 4972 jumentorum
1043 4905 1093 4949 et
1122 4895 1358 4949 aliarum
1407 4893 1683 4962 pecudum,
1740 4892 1879 4947 unde
1922 4892 2068 4948 ista?

485 4990 619 5047 Saul
674 4986 973 5058 respondet
1021 4985 1285 5055 populum
1343 4998 1409 5037 ea
1457 4983 1513 5036 in
1563 4982 1842 5037 victimam
1884 4996 2063 5036 asser-

485 5098 642 5140 vasse
673 5082 786 5137 Deo
816 5099 828 5136 :
865 5088 1124 5134 caeterum
1152 5076 1522 5132 Amalecbitas
1555 5090 1770 5137 omnes,
1803 5090 1928 5145 rege
1959 5090 2058 5128 co-

486 5190 611 5231 rum
634 5182 886 5243 excepto,
927 5171 1136 5225 deletos
1181 5183 1323 5224 esse.
1357 5167 1440 5223 Ad
1480 5185 1543 5222 ea
1581 5166 1802 5222 Samuel
1854 5187 1866 5221 :
1917 5165 2060 5232 Qua-

488 5271 656 5334 niam,
690 5265 891 5336 inquit,
928 5263 1024 5317 Dei
1055 5263 1221 5333 jussis
1266 5278 1370 5316 non
1416 5262 1804 5330 obtemperasti.
1842 5262 1972 5314 scito
2008 5269 2060 5312 te

488 5375 712 5430 regnum
760 5357 1104 5411 amissurum.
1148 5356 1217 5409 At
1274 5354 1386 5418 ille,
1438 5368 1497 5408 sc
1548 5368 1801 5423 peccasse
1856 5352 2056 5418 fassus,

2167 4806 2373 4877 ήντησε
2420 4804 2497 4875 τῷ
2528 4806 2763 4878 βασιλεῖ.
2824 4806 2883 4859 Ὁ
2911 4806 2971 4860 δὲ
3018 4807 3416 4877 εὐχαριστῆσαι
3468 4807 3617 4876 ἔλεγε
3659 4801 3727 4871 τῷ

2164 4897 2290 4967 Θεῷ
2330 4897 2476 4956 δόντι
2531 4897 2736 4967 κράτος
2783 4896 2936 4967 αύτῷ
2968 4898 3109 4951 κατά
3141 4898 3252 4952 τῶν
3304 4899 3602 4970 πολεμίων,
3642 4894 3727 4948 καὶ

2164 4991 2348 5045 πάντα
2367 4990 2425 5044 δὲ
2448 4990 2518 5043 τὰ
2539 4989 2944 5060 κεκελευσμένα
2970 4990 3215 5060 ποιῆσαι.
3242 4991 3352 5045 Kal
3377 4991 3407 5043 6
3436 4990 3725 5061 προφήτης,

2163 5080 2349 5150 Βοῆς,
2401 5076 2578 5143 εἶπεν,
2615 5081 2815 5136 ἀκούω
2837 5079 3176 5151 ὑποζυγίων
3204 5082 3305 5135 καί
3331 5082 3728 5152 ,βοσκημάτων

2162 5172 2394 5228 ἄλλων.
2436 5174 2630 5228 Πόθεν
2659 5173 2889 5236 rauca;
2921 5173 3094 5227 Σαοὺλ
3120 5174 3199 5237 δὲ,
3243 5174 3338 5228 τὸν
3380 5175 3530 5239 λαὸν,
3562 5169 3723 5236 εἶπεν,

2164 5265 2247 5328 είς
2293 5264 2485 5318 ουσίαν
2531 5264 2895 5334 τετηρηκέναι
2934 5263 3075 5319 αὐτὰ
3133 5265 3214 5336 τῷ
3271 5264 3395 5336 Θεῷ
3426 5280 3440 5295 ·
3501 5266 3624 5326 τοὺς
3673 5261 3725 5313 δὲ

2177 5355 2550 5425 Ἀμαληκίτας
2580 5358 2789 5420 πάντας
2825 5356 3250 5427 ἐξαφανισθῆναι
3275 5358 3409 5430 ἄτερ
3443 5358 3536 5411 τοῦ
3577 5356 3723 5427 βασι-

488 5449 816 5520 Prophetam
847 5455 991 5515 orat,
1018 5455 1078 5500 ut
1106 5461 1203 5515 per
1228 5445 1496 5501 sacriﬁcia
1524 5445 1690 5499 Deum
1734 5443 1835 5496 sibi
1864 5457 2062 5497 recon-

2167 5445 2297 5511 léw;
2341 5448 2543 5501 αὐτῶν.
2584 5449 2726 5519 Πρὸς
2751 5448 2926 5503 ταῦτα
2958 5449 2987 5503 6
3015 5450 3287 5520 Σαμουὴλ,
3345 5451 3508 5505 Ἐπεί
3537 5451 3607 5504 τὰ
3633 5463 3723 5500 κε-

1676 5597 1882 5656 νειι-ἱω
1920 5595 2229 5659 lectiones
2276 5609 2335 5660 et
2378 5609 2567 5663 nouo.

559 5734 671 5806 (47)
704 5739 1153 5811 Μεταμελῆσαι.
1189 5733 1507 5807 Legendum
1544 5728 2054 5802 μεταμεμελῆσθαι.

2178 5732 2394 5801 prmium
2434 5734 2555 5789 cod.
2595 5735 2724 5803 Reg.
2760 5744 2816 5790 et
2845 5732 3086 5790 Colbcrt.
