3964 6252
253 302 339 365 133

1535 306 1944 372 ANNALIUM
1980 308 2130 368 LIB.
2181 309 2230 369 Ι.

3382 322 3486 385 134

244 421 619 491 ηλευσμένιι
655 437 774 486 σοι,
829 422 956 495 ἔφη,
997 426 1148 494 πρὸς
1193 427 1342 482 Θεοῦ
1400 427 1800 495 παραόἐσηκας

1913 428 2082 483 ciiiet.
2132 429 2373 485 Discedit
2433 439 2626 499 vates;
2674 447 2837 503 quem
2881 434 3012 490 dum
3042 435 3169 492 Sau.
3229 454 3329 507 per
3373 442 3484 495 vim

243 516 355 567 ισθι
377 515 469 568 ὅτι
492 515 608 582 τὴν
623 517 959 579 ,βασιλείαν
985 518 1384 590 ἀφαιρεθήσῃ.
1423 520 1483 572 Ὀ
1507 520 1565 573 δὲ
1592 520 1809 573 κατετί-

239 604 352 657 θετο
389 605 728 675 ἀμαρτῆσαι,
764 608 858 660 καὶ
893 607 1183 680 ἱλαστήρια
1211 608 1369 663 θῦσαι
1399 609 1489 664 τὸν
1518 612 1807 681 προφήτην

236 698 472 750 ἐκέλευε.
512 699 622 750 Ka‘t
665 697 720 759 δς
752 698 1049 769 ὑπεχώρει,
1095 701 1268 754 Σαοὺλ
1294 701 1352 754 δὲ
1401 703 1498 772 τῆς
1540 702 1806 766 διπλοΐδος

235 787 664 857 ἐπιλαμϐάνεται
691 776 881 855 αὐτοῦ,
907 792 1002 844 καὶ
1031 790 1349 863 διαῤῥήσσει
1371 793 1597 865 ταύτην,
1623 793 1804 863 βιαζό-

236 896 391 948 μενος
420 880 589 931 αὐτὸν
628 883 948 951 κατασχεῖν.
988 883 1097 935 Καὶ
1129 884 1157 935 ὁ
1215 888 1520 956 προφήτης,
1584 886 1801 953 Οὕτως,

232 970 357 1040 ἔστι,
389 971 427 1037 ἠ
453 972 747 1036 ,ϐασιλεία
781 989 901 1027 σου
941 974 1594 1055 διαρρηχθιξσεται,’καί
1630 978 1804 1048 δοθή-

231 1079 398 1116 σεται
443 1064 619 1133 ἀνδρί
668 1065 877 1132 δικαίῳ
904 1067 1004 1120 καί
1040 1068 1258 1137 ἀγαθῷ.
1312 1071 1580 1142 Δεομένου
1628 1071 1674 1125 δ’
1722 1071 1803 1125 ἔτι

229 1155 323 1206 τοῦ
381 1154 671 1222 βασιλέως,
726 1158 995 1224 πείθεται,
1047 1161 1142 1213 καὶ
1197 1163 1430 1233 ἀχθῆναι
1477 1163 1567 1216 τὸν
1622 1164 1803 1234 Ἀγαγ

228 1248 391 1311 αἰτεῖ,
431 1247 527 1300 καὶ
579 1248 905 1313 κτανθέντος
950 1251 1160 1305 ἐκείνου
1193 1254 1443 1309 κελεύσει
1483 1254 1671 1323 αὐτοῦ,
1703 1257 1802 1311 αὐ-

226 1338 357 1392 τίκα
383 1341 463 1402 εἰς
507 1340 821 1411 ’Δρμαθαῒμ
845 1345 1147 1417 ἀποχωρεῖ,
1182 1345 1276 1400 καὶ
1300 1346 1448 1416 αὐτῷ
1496 1348 1800 1403 ἐντέλλεται

226 1432 252 1482 ὁ
287 1430 430 1495 Θεὸς
466 1432 604 1502 πρὸς
647 1435 845 1488 Ἰεσσαὶ
882 1437 1156 1504 ἀπελθεῖν,
1191 1440 1282 1491 καὶ
1313 1442 1501 1511 χρῖσαι
1529 1442 1607 1512 τῷ
1636 1442 1800 1512 ἐλαίῳ

227 1526 314 1586 είς
346 1524 569 1593 βασιλέα
603 1527 699 1579 ἕνα
730 1529 838 1582 τῶν
860 1529 1069 1581 ἐκείνου
1096 1530 1249 1595 υἱῶν,
1277 1530 1337 1583 δν
1358 1531 1424 1585 ἂν
1450 1533 1598 1605 δείξῃ
1628 1534 1799 1603 αὐτῷ.

228 1619 339 1670 Καὶ
372 1617 623 1671 ἀπελθὼν
659 1623 738 1684 είς
784 1619 1051 1692 Βηθλεὲμ,
1097 1621 1192 1675 καὶ
1223 1622 1413 1690 θύσας,
1442 1626 1678 1698 κέκληκε
1708 1627 1801 1681 τὸν

237 1709 442 1762 Ἰεσσαὶ
470 1711 564 1763 καὶ
602 1713 728 1775 τοὺς
762 1713 910 1777 υἱοὺς
940 1712 1125 1769 αὐτοῦ.
1166 1716 1277 1769 Καὶ
1312 1716 1435 1770 ίδὼν
1465 1718 1557 1771 τὸν
1587 1721 1790 1791 πρωτό-

225 1817 388 1854 τοκον
422 1802 598 1872 μέγαν
626 1819 686 1856 τε
719 1805 808 1857 καὶ
855 1806 1040 1873 καλὸν,
1074 1806 1226 1878 ᾠήθη
1258 1807 1346 1861 ἔπ’
1376 1808 1525 1879 αὑτῷ
1550 1781 1647 1863 τὸν
1665 1811 1797 1865 Θεὸν
1832 1781 1872 1836 Β

224 1894 492 1950 εὐδοκεῖν.
530 1896 589 1950 ὐ
621 1896 677 1949 δὲ
724 1897 878 1964 Θεὸς,
930 1897 1027 1966 Μὴ
1081 1900 1439 1969 amonem,
1496 1896 1671 1967 εἶπεν,
1700 1903 1800 1956 ἐπὶ

223 1985 351 2053 τὴν
374 1986 522 2055 ὄψιν
550 1989 762 2054 αὐτοῦ,
787 1989 930 2059 μηδ’
961 1991 1052 2058 είς
1072 1990 1147 2045 τὸ
1166 1990 1274 2046 τοῦ
1325 1991 1599 2063 σώματος
1621 1993 1797 2064 μέγε-

224 2082 363 2153 θος,
390 2079 728 2148 Ἀνθρωπος
760 2084 879 2151 μὲν
904 2082 1012 2152 γὰρ
1039 2086 1126 2151 είς
1157 2086 1483 2151 πρόσωπον
1508 2085 1739 2157 ὄψεται,
1768 2090 1801 2141 ό

223 2171 295 2224 δὲ
334 2174 479 2240 Θεὸς
509 2176 598 2239 εις
628 2174 902 2243 καρδίαν.
938 2178 1328 2249 Παρελθόντων
1349 2178 1406 2233 δὲ
1437 2182 1532 2235 καὶ
1563 2182 1671 2235 τῶν
1707 2183 1800 2236 ἄλ-

224 2263 335 2316 λων
354 2264 567 2318 παίδων
594 2266 688 2319 τοῦ
703 2264 926 2332 Ἰεσσαὶ,
963 2268 1052 2321 ἐπ’
1066 2268 1243 2323 οὐδενὶ
1269 2270 1562 2339 εὐδοκησεν
1594 2275 1621 2325 ὀ
1646 2272 1796 2335 Θεός.

228 2357 338 2409 Καὶ
366 2351 486 2409 εἷπε
514 2356 772 2428 Σαμουὴλ
792 2374 804 2387 ο
825 2363 948 2413 Οὐκ
981 2359 1299 2425 ἐξελέξατο
1328 2356 1546 2430 Κύριος
1567 2365 1637 2415 ἐν
1668 2379 1801 2417 του-

224 2464 368 2513 τοις.
406 2448 518 2503 Καί
556 2450 614 2503 sl
658 2451 829 2504 ἐστιν
859 2452 945 2505 ἔτι
980 2453 1214 2519 λοιπὸς,
1274 2453 1637 2521 παρελθέτω.
1692 2455 1800 2507 Καὶ

236 2538 454 2604 Ἰεσσαὶ,
476 2541 701 2610 Μικρὸς
714 2542 797 2595 ἔτι
815 2546 1278 2612 περιλέλειπται,
1300 2543 1423 2614 ἔφη,
1448 2546 1797 2614 ποιμαίνων.

227 2631 515 2703 κληθῆναι
560 2631 655 2687 οὖν
706 2634 872 2687 αὐτὸν
924 2637 955 2689 δ
1003 2637 1294 2708 προφήτης
1343 2637 1649 2694 ἐκέλευσεν.
1714 2639 1800 2704 Ὠς

224 2723 268 2777 δ’
295 2719 399 2794 ἧκε
434 2724 669 2795 κληθεὶς
704 2728 732 2779 ὁ
757 2725 945 2792 Δαὸὶδ,
981 2729 1109 2790 παῖς
1144 2729 1440 2801 πυρῥάκης
1485 2731 1624 2800 μετά
1666 2731 1798 2786 κάλ-

226 2815 349 2879 λους
376 2815 678 2886 ὀφθαλμῶν
710 2820 808 2871 καὶ
850 2817 1029 2873 τᾶλλα
1062 2818 1248 2885 καλὸς,
1292 2820 1479 2874 τοῦτον
1526 2818 1664 2875 εἶναι
1710 2823 1800 2877 τὸν

227 2906 657 2976 χρισθησόμενον
678 2906 831 2976 δηλοῖ
857 2907 938 2979 τῷ
972 2909 1226 2980 Σαμουὴλ
1248 2912 1276 2964 ὁ
1305 2911 1455 2975 Θεὸς.
1492 2915 1598 2967 Καὶ
1621 2914 1800 2968 λαϐὼν

229 3001 432 3062 ἐκεῖνος
458 3001 523 3053 τὸ
555 3002 724 3070 κέρας
752 3001 849 3055 τοῦ
880 3001 1083 3067 ἐλαίου,
1114 3003 1332 3074 ἔχρισεν
1363 3006 1526 3059 αὑτὸν
1550 3009 1609 3059 ἐν
1643 3011 1795 3082 μέσῳ

1911 520 2156 576 retinere
2196 521 2413 589 nititur,
2462 534 2672 578 vestem
2716 525 2838 595 ejus
2885 526 3183 597 abrumpit.
3226 529 3305 583 lbi
3342 530 3481 584 Pro-

1908 610 2125 678 pheta:
2175 609 2284 676 Sic,
2321 612 2521 682 inquit,
2554 630 2774 685 regnum
2828 634 2857 670 α
2912 627 2962 670 te
3010 619 3372 689 abrumpetur,
3425 639 3486 676 ac

1906 702 2017 755 viro
2045 702 2185 767 iusto
2221 713 2271 756 et
2320 704 2453 758 bono
2483 706 2712 761 dabitur.
2756 708 2900 778 Rege
2932 721 3113 764 antem
3145 728 3213 767 ne
3251 714 3329 768 sic
3358 716 3486 784 qui-

1905 791 2028 846 dem
2087 793 2405 849 remittente
2446 811 2642 865 preces
2705 810 2891 869 paret;
2949 812 3003 857 ct
3046 806 3226 875 Agago
3284 806 3483 862 adduci

1905 885 2197 955 occidique
2236 886 2415 957 iusso,
2453 888 2600 945 illico
2633 891 2972 948 Armatbaim
3034 900 3363 965 revertitur;
3421 915 3486 953 ac

1904 978 2196 1032 mandante
2212 978 2322 1033 Deo
2334 979 2593 1035 Jessazum
2610 984 2839 1039 accedit.
2862 995 2919 1038 ut
2937 1000 3102 1039 unum
3118 1005 3183 1041 ex
3200 987 3324 1042 [iliis
3340 988 3487 1044 illius

1904 1068 2028 1123 oleo
2058 1086 2242 1139 regem
2276 1071 2655 1140 inauguraret,
2682 1075 2777 1143 qui
2811 1075 2914 1129 sibi
2951 1088 3292 1132 monstratus
3315 1090 3482 1135 esset.

1904 1159 2272 1217 Bethleemam
2303 1179 2429 1218 cum
2458 1167 2718 1231 venisset,
2747 1181 2805 1221 re
2826 1168 3008 1223 divina
3033 1179 3192 1233 tacta,
3220 1171 3483 1227 Jessamm

1905 1267 2031 1307 cum
2063 1252 2190 1307 ﬁliis
2221 1258 2480 1317 accersit.
2536 1266 2591 1310 et
2635 1271 2759 1309 cum
2808 1258 3255 1327 primogenitum,
3302 1262 3481 1315 virum

1904 1358 2162 1414 magnum
2198 1345 2612 1416 formosumque
2645 1331 2898 1411 vidisset,
2936 1350 3087 1403 illum
3126 1351 3235 1405 Deo
3266 1353 3483 1421 placere

1903 1434 2162 1503 opinatur
2210 1435 2314 1490 Sed
2348 1436 2493 1491 Deus
2547 1454 2559 1490 :
2607 1436 2703 1502 Ne,
2756 1437 2956 1509 inquit,
2992 1441 3196 1495 uultum
3245 1445 3356 1513 ejus
3399 1447 3484 1498 in-

1902 1536 2070 1590 tuere,
2098 1543 2193 1580 nec
2223 1531 2600 1598 proceritatem
2642 1533 2872 1597 corporis
2917 1547 2938 1586 :
2961 1549 3087 1586 nam
3127 1541 3183 1585 ut
3219 1536 3371 1587 homo
3403 1535 3485 1604 fa-

1904 1618 2037 1671 ciem
2068 1626 2291 1687 spectet,
2334 1620 2573 1673 animum
2610 1619 2749 1674 Deus
2785 1622 3040 1677 intuetur.
3079 1624 3484 1695 Praetergressis

1902 1709 2069 1780 igitur
2094 1710 2281 1765 Jcssaei
2335 1708 2466 1765 ﬁliis
2502 1713 2780 1780 omnibus,
2813 1729 2914 1769 nec
2970 1716 3080 1769 ullo
3124 1731 3317 1770 eorum
3369 1717 3480 1771 Deo

1899 1803 2173 1872 plaeente,
2201 1802 2370 1858 Jessa:
2401 1802 2537 1859 dicit
2570 1803 2792 1859 Samuel
2835 1823 2848 1858 :
2880 1805 3099 1860 Nullum
3122 1809 3305 1861 horum
3332 1809 3486 1878 elegit

1903 1891 2064 1959 Deus,
2114 1894 2206 1946 sed
2241 1895 2288 1947 si
2332 1895 2449 1964 quis
2490 1895 2629 1949 alius
2675 1896 2768 1949 tibi
2813 1906 2922 1961 est,
2964 1899 3008 1951 is
3054 1900 3298 1968 prodeat.
3339 1900 3479 1954 Tum

1899 1985 2135 2041 Jesszeus
2150 1985 2258 2055 63
2285 2002 2298 2037 :
2340 1985 2606 2040 Parvulas
2633 1988 2804 2041 adhuc
2826 1999 3002 2045 restat.
3037 1992 3125 2059 qui
3150 2006 3264 2044 oves
3291 1992 3478 2061 pascit.

1900 2075 2041 2130 Eunt
2081 2078 2290 2132 accersi
2333 2078 2601 2147 propheta
2634 2079 2808 2150 jubet.
2849 2081 3014 2134 bavnd
3056 2084 3264 2135 accitus
3305 2083 3479 2145 venit,
3556 2086 3567 2096 '

1900 2168 2058 2222 rul‘us
2086 2183 2212 2223 cum
2263 2168 2695 2239 pulchritudine
2740 2171 3047 2231 oculorum,
3082 2188 3143 2226 ea
3164 2181 3277 2224 tera
3316 2173 3482 2226 etiam

1901 2260 2218 2315 formosus:
2251 2276 2376 2315 eum
2412 2276 2533 2316 esse
2570 2262 2667 2330 qui
2705 2264 2993 2332 ungendus
3035 2274 3204 2317 esset.
3240 2263 3481 2317 Samueli

1900 2353 2174 2423 signiﬁcat
2197 2354 2360 2408 Deus.
2391 2354 2603 2423 itaque,
2638 2362 2854 2424 sumpta
2890 2356 3155 2423 ampulla,
3205 2356 3329 2408 oleo
3354 2371 3479 2409 etilli

1903 2444 1958 2500 in
2022 2445 2203 2500 medio
2256 2444 2487 2500 fratrum
2531 2445 2764 2516 inungit,
2811 2460 2876 2500 ac
2928 2447 3266 2501 Armathaim
3317 2447 3484 2503 redit.

1905 2537 2148 2606 Spiritus
2188 2546 2375 2591 autem
2428 2537 2650 2592 divinus
2703 2541 2758 2591 in
2810 2539 3068 2592 Davidq-m
3117 2538 3313 2603 insilit,
3347 2553 3410 2594 ac
3451 2553 3480 2594 a

1903 2630 2069 2684 Sauie
2115 2629 2348 2697 recedit,
2378 2644 2482 2699 pro
2521 2645 2633 2699 quo
2668 2629 2823 2684 illum
2855 2631 3033 2684 malus
3067 2631 3296 2700 Spiritus
3326 2631 3481 2685 inva-

1901 2721 2003 2780 dit.
2037 2722 2345 2792 praelocans
2374 2733 2430 2777 et
2462 2723 2769 2791 exagitans.
2816 2723 3002 2779 Visum
3055 2723 3221 2793 igitur
3249 2733 3331 2778 est
3364 2725 3480 2794 regi

1901 2815 2197 2885 adiungere
2256 2815 2534 2871 hominem
2559 2816 2784 2885 cinnyra
2814 2816 3076 2885 psallendi
3126 2817 3389 2885 peritum,
3420 2824 3480 2872 ut

1900 2906 2156 2961 daemonii
2190 2906 2430 2962 insuitus
2462 2922 2525 2962 ac
2558 2907 2801 2961 turbatio
2850 2916 3012 2961 cantu
3050 2907 3144 2961 illo
3178 2908 3477 2976 sopiretur.

1900 3001 2216 3056 Accersitur
2267 3001 2455 3069 David,
2506 3012 2567 3056 ut
2621 3000 2857 3055 idoneus
2906 3001 2972 3054 ad
3024 3015 3144 3055 eam
3185 3015 3320 3068 rem,
3357 3010 3413 3055 et
3448 3016 3477 3055 α

229 3091 330 3144 τῶν
360 3092 614 3161 ἀδελφῶν
644 3094 811 3147 αὑτοῦ
843 3111 858 3126 ο
914 3096 1011 3148 καὶ
1052 3095 1294 3165 ἀπῆλθεν
1339 3098 1420 3161 είς
1461 3098 1795 3172 Ἀρμαθαῖμ.

1905 3108 2030 3163 rege
2088 3101 2422 3164 magnopere
2480 3092 2749 3163 diligitur,
2807 3093 2946 3147 adeo
2980 3101 3037 3147 ut
3084 3096 3326 3164 armiger
3359 3095 3479 3166 ejus

233 3181 451 3253 Πνεῦμα
482 3183 543 3237 δὲ
583 3183 726 3237 θεῖον
766 3185 1005 3256 ὲφήλατο
1047 3186 1138 3238 ἐπὶ
1175 3187 1363 3252 Δαόὶδ,
1416 3190 1479 3242 ἐκ
1518 3189 1575 3242 δὲ
1621 3192 1794 3246 Σαοὺλ

230 3273 458 3343 ἀπέστη,
497 3273 596 3328 καὶ
643 3276 861 3345 πνεῦμα
906 3277 1142 3346 πονηρὸν
1182 3278 1377 3349 μετῄει
1419 3280 1603 3348 αὑτὸν,
1655 3300 1795 3353 συμ-

232 3366 414 3435 πνὲγον
440 3368 540 3421 καὶ
561 3368 770 3421 κακοῦν
797 3369 890 3423 τὸν
915 3369 1107 3441 ἄνδρα.
1143 3371 1364 3436 Ἐδοξεν
1393 3372 1506 3438 οὖν,
1532 3376 1798 3445 παρίστα-

234 3457 345 3509 σθαί
370 3474 497 3510 τινα
515 3457 595 3527 τῷ
620 3458 846 3527 βασιλεῖ,
876 3460 1053 3513 εἰδότα
1081 3460 1306 3530 ψάλλειν
1336 3465 1472 3532 μετὰ
1501 3467 1792 3537 κιννύρας,

236 3550 294 3601 ἶν’
321 3551 415 3603 ὅτε
463 3551 771 3621 προσπέσοι
823 3552 973 3621 αὑτῴ
1028 3554 1087 3606 τὸ
1136 3553 1410 3623 δαιμόνιον
1443 3556 1795 3628 ὲκταράττον,

238 3641 397 3712 {talin
430 3643 491 3694 ἐν
520 3641 870 3719 τῇοκιννύρᾳ,
922 3643 1016 3695 καὶ
1057 3644 1364 3716 κατευνάζῃ
1403 3647 1495 3699 τὸν
1534 3649 1792 3718 τάραχον.

233 3735 667 3806 Μεταπέμπεται
697 3739 878 3788 τοίνυν
931 3735 1011 3798 ὼς
1066 3734 1309 3789 τοιοῦτον
1348 3737 1439 3790 τὸν
1470 3739 1632 3792 Δασίδ
1658 3756 1671 3769 ο
1704 3740 1797 3792 καὶ

230 3827 483 3896 ἠγαπήθη
528 3830 557 3879 ὁ
584 3828 805 3889 νεανίας
836 3826 1039 3896 σφόδρα
1072 3829 1223 3898 παρά
1251 3827 1348 3880 τοῦ
1373 3828 1659 3897 βασιλέως,
1703 3830 1798 3882 καὶ
1832 3838 1836 3843 ’

235 3920 307 3982 είς
341 3920 642 3990 ὁπλοφόρον
674 3918 823 3988 αὐτῷ
854 3903 1215 3990 ἐχρημάτισε.
1254 3920 1362 3973 Καὶ
1393 3922 1450 3972 ὲν
1480 3922 1557 3991 τῲ
1583 3921 1794 3975 ἐπιέναι

233 4012 307 4082 τῷ
339 4013 554 4081 βασιλεί
582 4012 644 4064 τὸ
675 4012 898 4080 πνεῦμα
931 4012 996 4064 τὸ
1021 4012 1283 4083 πονηρὸν,
1325 4013 1635 4083 κατεπῇδεν
1665 4015 1796 4067 αὐτὸ

237 4108 325 4157 καὶ
352 4105 644 4173 ἀφίστατο,
691 4106 787 4157 καὶ
835 4106 917 4167 είς
994 4103 1193 4157 ἑαυτὸν
1212 4102 1792 4176 ὁΣαοὺλὲπανήρχετο.

242 4197 299 4247 Οί
326 4196 370 4250 δ’
401 4195 692 4264 ἀλλόφυλοι
720 4196 864 4250 κατὰ
892 4195 1001 4249 τῶν
1033 4195 1389 4266 Ἰσραηλιτῶν
1429 4199 1796 4269 ἐπεστράτευ-

247 4300 354 4343 σαν.
390 4289 883 4356 Ἀντικατέστησαν
913 4287 969 4340 δὲ
1019 4287 1207 4349 αὐτοῖς
1247 4287 1340 4339 καὶ
1369 4288 1421 4340 oi
1458 4287 1517 4354 ἐξ
1557 4288 1795 4360 Ἰσραὴλ,

248 4380 332 4429 καὶ
362 4382 417 4432 ἐν
467 4379 791 4448 ματαιχμίῳ
819 4379 929 4431 τῶν
962 4380 1385 4449 στρατευμάτων
1422 4381 1623 4449 ἀμφοῖν
1656 4382 1796 4451 ἁνήρ

1903 3186 2291 3256 appellaretur.
2336 3186 2562 3253 Quoties
2591 3188 2759 3255 igitur
2789 3187 3015 3254 spiritus
3045 3187 3137 3240 ille
3184 3188 3358 3241 malus
3393 3203 3478 3242 re-

1902 3295 2024 3350 gem
2071 3279 2366 3336 invadebat
2394 3321 2408 3344 ,
2463 3278 2805 3334 carminibus
2842 3278 2991 3334 illius
3035 3279 3382 3350 abigebatur,
3426 3291 3483 3335 et

1901 3367 2032 3423 Sani
2058 3369 2123 3423 ad
2175 3385 2233 3425 se
2298 3369 2535 3424 redibat.
2559 3368 2696 3424 Cum
2732 3376 2915 3423 autem
2961 3368 3229 3424 Palaestini
3275 3369 3478 3425 bellum

1900 3457 2163 3513 lsraelitis
2194 3459 2530 3524 intulissent,
2556 3467 2722 3528 atque
2742 3458 2799 3513 bi
2828 3458 2883 3511 in
2931 3459 3220 3529 procinctu
3249 3466 3479 3526 starent,

1903 3552 2125 3621 quidam
2157 3567 2224 3607 es
2285 3551 2612 3620 alienigenis
2655 3559 2811 3608 stans
2864 3550 2921 3604 in
2954 3552 3136 3605 medio
3192 3554 3478 3605 amborum
3572 3594 3580 3599 .

1901 3645 2269 3709 exercituum,
2293 3645 2517 3699 nomine
2546 3642 2753 3709 Golias,
2785 3644 2872 3697 vir
2901 3644 3168 3699 robustus
3189 3653 3247 3699 et
3273 3644 3483 3714 magni-

1904 3737 2095 3792 tudine
2122 3737 2373 3807 corporis
2404 3735 2662 3789 omnibus
2702 3734 2985 3804 superior,
3036 3737 3239 3805 quippe
3273 3745 3482 3790 statura

1904 3843 2001 3884 sex
2032 3828 2347 3883 cubitorum
2378 3836 2434 3881 et
2464 3825 2770 3888 dodrantis,
2795 3825 2953 3895 cujus
2985 3828 3181 3878 thorax
3211 3825 3478 3879 siciorum

1903 3922 2147 3992 quinque
2173 3919 2342 3974 millia
2375 3916 2691 3988 pendebat,
2733 3917 2890 3971 hasta
2927 3917 3103 3970 instar
3151 3917 3268 3987 jugi
3302 3926 3480 3969 texto.

1904 4012 1974 4067 rii
2022 4020 2164 4078 erat,
2215 4023 2484 4065 mucrone
2530 4008 2734 4071 ferreo,
2786 4019 3174 4063 sexcentoruin
3215 4007 3478 4062 sielorum

1903 4105 2169 4175 pondere.
2215 4104 2266 4158 Is
2316 4103 2484 4174 igitur
2532 4101 2588 4155 in
2644 4101 2829 4155 medio
2875 4112 3045 4164 stans,
3100 4102 3371 4155 exclamat
3409 4099 3479 4154 ad

1904 4197 2232 4252 lsraelitas:
2286 4193 2576 4248 Descendat
2628 4192 2822 4262 aliquis
2873 4201 3123 4254 vestrum,
3178 4199 3227 4245 et
3278 4205 3479 4245 mecum

1904 4290 2296 4360 congrediatur.
2333 4287 2433 4353 Qui
2466 4288 2513 4342 si
2549 4300 2633 4339 me
2673 4286 3020 4353 percusserit,
3063 4284 3349 4337 serviemus
3382 4299 3475 4336 νος

1905 4383 1981 4437 bis
2013 4399 2029 4435 :
2062 4382 2143 4435 sin
2176 4398 2270 4451 ego
2304 4382 2457 4434 illum
2491 4382 2751 4451 dejecero.
2783 4395 2872 4434 vos
2902 4378 3070 4431 nostri
3108 4377 3246 4430 servi
3300 4377 3470 4430 eritis.

249 4488 323 4533 τις
344 4474 445 4525 τῶν
475 4473 794 4541 ἀλλοφύλων
828 4472 981 4536 στὰς,
1034 4470 1228 4524 Γολιὰθ
1274 4471 1469 4538 ἐκείνῳ
1496 4471 1558 4524 τὸ
1605 4472 1795 4541 ὄνομα,

1903 4474 2072 4542 quue
2103 4473 2463 4543 quadraginta
2500 4473 2700 4528 diebus
2733 4466 3261 4526 continenter-fecit.
3304 4469 3473 4523 David

250 4564 373 4632 ἀνὴρ
397 4564 619 4625 δυνατὸς
650 4564 748 4615 καὶ
775 4561 998 4614 πάντων
1043 4561 1503 4630 ὐπερανεστηκώς
1529 4576 1544 4591 ’
1581 4564 1802 4629 πήχεων

252 4653 347 4723 γὰρ
385 4654 443 4721 ἐξ
492 4655 591 4709 καὶ
629 4655 916 4724 σπιθαμῆς
943 4656 1004 4707 τὸ
1040 4653 1172 4722 ὕψος
1207 4655 1381 4724 αὐτῷ,
1410 4652 1506 4705 καὶ
1545 4653 1575 4704 ὀ
1623 4654 1804 4720 θώραξ

252 4746 380 4817 αὑτῷ
424 4747 887 4816 πεντακισχιλίων
921 4744 1122 4799 σίκλων
1159 4745 1286 4797 ἕλκε
1322 4742 1583 4813 σταθμὸν,
1618 4746 1711 4797 καὶ
1744 4744 1805 4797 τὸ

252 4838 365 4908 δόρυ
394 4841 555 4894 αὐτοῦ
588 4840 666 4903 ὡς
709 4840 893 4892 ἀντίον
930 4837 1287 4907 ὑφαινόντων,
1317 4838 1409 4888 καὶ
1437 4838 1470 4904 ἡ
1505 4836 1670 4905 λόγχη
1708 4836 1802 4889 τοῦ

250 4929 454 5000 δόρατος
483 4932 685 4985 σίκλων
716 4930 1012 4996 ἑξακοσίων
1040 4928 1152 4999 (ιὸ)
1172 4944 1188 4958 °
1218 4920 1372 4989 οὗτος
1396 4929 1452 4978 ἐν
1480 4927 1629 4997 μέσῳ
1651 4928 1801 4991 στὰς,

253 5025 493 5095 ἀνεϐόησε
522 5025 661 5096 πρὸς
688 5023 817 5084 τοὺς
852 5021 1003 5082 υἱοὺς
1054 5017 1274 5089 Ἰσραήλ
1297 5035 1311 5049 ·
1364 5018 1685 5084 Κατασήτω
1717 5034 1807 5082 τις

249 5115 312 5179 ἐξ
330 5117 507 5184 ὑμῶν,
524 5116 625 5170 καί
656 5113 993 5180 amoma.)
1015 5128 1120 5180 μοι
1144 5125 1156 5141 '
1186 5111 1285 5163 καί
1312 5108 1422 5162 ἐὰν
1449 5109 1684 5176 πατάξῃ
1712 5125 1805 5179 με,

248 5208 643 5278 δουλεύσομεν
668 5206 815 5276 ὑμῖν
840 5222 853 5236 ·
881 5205 989 5259 ἐὰν
1011 5203 1078 5257 δὲ
1121 5201 1236 5270 ἐγὼ
1260 5199 1576 5255 καταϐαλῶ
1596 5201 1804 5266 αὐτὸν,

251 5302 453 5360 ἔσεσθε
484 5302 632 5375 ἡμῖν
664 5304 753 5367 εὶς
773 5299 1056 5365 δούλους.
1089 5298 1201 5352 Καὶ
1231 5295 1390 5349 τοῦτο
1418 5295 1511 5348 ἐπὶ
1533 5295 1804 5365 τεσσαρά-

1902 4573 2085 4618 autem
2115 4580 2141 4615 a
2173 4563 2334 4618 Sauic
2361 4564 2429 4617 ad
2474 4572 2683 4632 patrem
2714 4563 2975 4618 Jesszeum
3007 4558 3293 4625 remissus,
3339 4559 3477 4613 sub—

1905 4656 2030 4708 inde
2072 4655 2126 4708 in
2182 4665 2361 4708 castra
2396 4654 2790 4718 missitabatur,
2824 4655 2890 4708 ad
2915 4650 3254 4705 afferendum
3282 4650 3475 4704 fratri-

1902 4746 2008 4800 bus
2048 4746 2416 4800 militantibus
2460 4753 2851 4799 commeatum.
2897 4743 3031 4798 Nam
3078 4753 3191 4797 tres
3226 4757 3293 4797 ex
3343 4752 3476 4795 natu

1903 4836 2207 4907 majoribus
2227 4838 2447 4890 Sauiem
2483 4836 2878 4906 sequebantur.
2907 4833 3045 4891 Cum
3080 4835 3247 4905 igitur
3275 4835 3339 4887 ad
3370 4832 3481 4887 fra-

1907 4942 2018 4983 tres
2045 4930 2305 4993 venisset,
2330 4927 2515 4983 Colias
2538 4942 2731 4982 rursus
2751 4927 2821 4982 de
2850 4942 3005 4982 more
3038 4926 3317 4997 singulare
3352 4939 3473 4977 cer—

1905 5035 2085 5076 tamen
2111 5021 2395 5090 poscebat,
2427 5029 2483 5074 et
2502 5019 2744 5075 Hebraeis
2771 5020 3159 5090 exprobrabat,
3192 5017 3471 5071 neminem

1906 5128 2093 5168 secum
2119 5112 2381 5182 congredi
2409 5111 2632 5168 audere.
2675 5112 2750 5167 [is
2780 5113 2964 5167 verbis
2988 5111 3193 5167 auditis
3215 5108 3475 5177 indigna-

1906 5212 1996 5258 tus
2034 5201 2225 5263 David.
2258 5206 2321 5257 ad
2365 5218 2432 5258 eo
2460 5204 2556 5272 qui
2588 5205 2821 5259 aderant
2854 5203 2952 5270 ait,
2994 5218 3053 5256 se
3083 5216 3211 5257 cum
3244 5199 3339 5253 illo
3371 5213 3471 5266 pu-

1906 5305 2221 5366 gnaturum.
2251 5285 2371 5362 Quo
2404 5297 2660 5351 nuntiato
2686 5336 2700 5364 ,
2731 5311 2829 5352 rex
2860 5293 3075 5359 Davidi,
3108 5290 3254 5359 Non,
3292 5288 3474 5360 inquit
3587 5373 3590 5376 ῃ

1423 5454 1632 5516 Varias
1667 5453 1982 5517 lectiones
2029 5464 2091 5516 et
2134 5463 2324 5517 notae.

318 5629 420 5699 (58)
452 5629 589 5698 Περὶ
614 5624 1066 5700 τετρακοσίουςἶ
1095 5622 1302 5700 Postea.
1338 5617 1798 5700 subinde_é6axo_~_

250 5689 373 5751 σίων
405 5689 477 5753 ’ίὶι
508 5689 739 5758 mentio,
766 5710 937 5763 quare.
974 5692 1200 5747 totidem
1251 5691 1340 5743 hic
1367 5690 1532 5763 etiam
1581 5689 1797 5763 legendi

250 5769 512 5838 \identur,
536 5759 800 5840 quamvis
817 5765 1023 5835 Regum
1057 5764 1154 5817 lib.
1190 5778 1226 5826 ι,
1258 5776 1375 5830 cap.
1408 5759 1496 5826 93,
1531 5775 1637 5813 non
1672 5760 1797 5829 plu-

1905 5636 1994 5676 res
2031 5627 2452 5677 enumerentur.
2479 5616 2751 5675 Fortassis
2805 5617 2970 5687 igitur
3015 5626 3140 5689 post
3173 5617 3227 5674 id
3256 5627 3476 5689 tempus

1905 5693 1996 5747 alii
2030 5707 2090 5746 cc
2122 5700 2495 5747 accesserunt.
2526 5690 2591 5741 W
