3964 6252
506 260 612 327 135

1797 257 2126 320 Ι-ΟΑΝΝΙΞ
2162 255 2486 319 ΖΟΝΛΚΒΕ

3630 261 3715 324 136

496 375 689 448 poteris
743 389 975 445 pugnam
1027 372 1358 433 committere
1384 387 1504 426 cum
1539 369 1637 424 isto
1680 368 2070 429 incircumciw,

2178 385 2346 423 κοντα
2373 368 2549 422 ἐποίει
2583 365 2816 438 ἡμέρας.
2855 365 2962 420 Τοῦ
3007 365 3065 421 δὲ
3093 364 3267 422 Σαοὺλ
3294 366 3386 421 τὸν
3418 370 3720 445 Δαϐὶδπρὸς

491 484 611 522 cum
661 481 792 537 puer
842 466 1012 519 adhuc
1045 465 1135 519 sis.
1175 463 1315 518 Tum
1364 462 1559 528 David,
1611 477 1671 516 se
1713 461 1831 521 Deo
1864 461 2068 515 fretum

490 576 612 615 esse
636 559 950 629 respondet,
982 560 1074 628 qui
1106 557 1210 613 sibi
1240 566 1436 612 contra
1469 570 1659 639 ursam
1693 555 1845 625 vires
1878 552 2069 609 dedis-

495 662 598 711 set.
636 661 692 705 et
715 658 908 705 contra
940 652 1180 717 leonem,
1216 651 1313 719 qui
1357 664 1578 721 gregem
1631 648 1988 709 invasissent,
2016 654 2074 700 et

439 734 442 735 ⁷
492 745 734 813 pecudes
762 744 1098 813 rapuissent,
1122 758 1221 798 eos
1242 758 1300 799 se
1323 751 1701 812 persecutum,
1718 749 1775 794 et
1806 748 1958 809 rapta
1984 755 2075 794 re-

494 850 790 903 cuperasse
839 845 895 890 et
941 834 1282 904 percussisse
1316 833 1524 887 bestias
1575 846 1739 902 atque
1782 831 2072 886 occidisse.

495 926 573 980 Eo
610 925 775 994 igitur
808 940 866 980 se
900 924 1010 996 64.
1046 940 1168 978 esse
1209 923 1436 987 fretum,
1475 921 1569 993 qui
1611 932 1669 975 et
1709 921 2072 991 alienigenam

495 1016 648 1069 illum
689 1016 792 1069 sibi
848 1016 1233 1085 perimendum
1273 1018 1345 1067 sit
1384 1013 1708 1074 traditurus,
1743 1021 1799 1067 et
1837 1011 2073 1081 ignomi-

496 1105 641 1156 niam
679 1103 993 1158 lsraelitiea:
1033 1105 1213 1173 gentis
1244 1104 1599 1172 depulsuros.
1625 1103 1703 1158 Ac
1729 1102 1821 1157 ille
1849 1102 2073 1172 quidem

495 1193 613 1247 ha-c
659 1194 896 1247 diccbat.
942 1193 1057 1246 licx
1101 1204 1283 1247 autem
1334 1194 1414 1248 ire
1449 1194 1797 1262 permittens,
1848 1208 1948 1248 sua
1997 1192 2074 1257 illi

492 1302 644 1343 arma
696 1286 1118 1349 accommodat,
1179 1285 1384 1355 quibus
1437 1286 1609 1340 David
1666 1298 1941 1357 gravatus,
1995 1286 2075 1341 uti

488 1387 716 1430 recusat
746 1394 759 1430 :
793 1381 891 1430 sed
924 1377 1122 1432 baculo
1155 1377 1404 1441 sublato,
1436 1388 1492 1431 et
1521 1379 1765 1448 quinque
1799 1379 2076 1448 lapidibus

495 1469 549 1522 in
598 1484 726 1537 pera
773 1469 1034 1533 conditis,
1071 1468 1195 1523 cum
1234 1469 1402 1525 funda
1449 1486 1549 1525 sua
1583 1470 1651 1543 ad
1704 1471 2075 1542 alienigenam

494 1568 775 1629 properat.
806 1560 987 1615 Atille
1039 1577 1136 1630 per
1193 1561 1435 1616 derisum
1473 1556 1793 1634 interrogat,
1847 1580 1976 1617 num
2007 1563 2074 1619 ad

495 1666 686 1704 canem
735 1667 861 1705 cum
906 1654 1098 1707 baculo
1143 1662 1199 1707 et
1248 1653 1528 1722 lapidibus
1566 1653 1694 1708 iret.
1748 1654 1916 1708 David
1985 1671 2075 1709 rc-

494 1745 751 1813 spoudct,
798 1761 925 1800 eum
987 1747 1097 1801 sibi
1139 1764 1273 1802 eane
1319 1747 1650 1803 deteriorem
1696 1748 1894 1802 videri.
1937 1748 2076 1803 Tum

495 1835 588 1888 ille
619 1836 812 1899 iratus,
857 1839 1038 1892 verbis
1077 1839 1465 1907 arrogantibus
1500 1854 1558 1892 se
1592 1853 1816 1897 carnem
1844 1840 1965 1910 ejus
1993 1840 2079 1895 fe-

494 1927 570 1978 ris
600 1935 656 1980 et
705 1929 932 1984 alitibus
965 1930 1221 1985 daturum
1269 1931 1552 1995 minitans,
1591 1941 1782 1986 contra
1820 1931 2078 2003 Davidem

494 2018 606 2069 ruit
641 2037 652 2071 :
691 2020 785 2088 qui
824 2029 880 2073 et
911 2021 1028 2089 ipse
1058 2022 1313 2076 celeriter
1350 2021 1533 2090 lapide
1577 2021 1762 2077 fundae
1793 2022 2077 2092 imposito,

493 2112 725 2163 frontem
787 2112 963 2166 bustis
1010 2113 1123 2168 ictu
1165 2114 1304 2168 adeo
1362 2113 1677 2168 vehementi
1719 2113 1871 2178 ierit,
1924 2124 1985 2167 ut
2030 2114 2078 2168 is

494 2218 701 2270 pronus
748 2203 801 2256 in
838 2206 1032 2258 faciem
1068 2215 1375 2260 corrueret.
1412 2205 1582 2259 David
1616 2204 1883 2270 accurrit,
1935 2205 2076 2261 edu-

491 2305 690 2364 ctoque
724 2294 893 2351 Goliae
934 2297 1135 2367 gladio,
1176 2308 1342 2367 caput
1381 2297 1456 2352 illi
1497 2296 1765 2367 praecidit,
1799 2305 1859 2367 et
1901 2297 2073 2369 spolia

492 2385 613 2453 ejus
648 2384 800 2454 legit.
837 2385 914 2439 Ea
949 2402 1006 2440 re
1037 2385 1363 2455 alienigena:
1399 2385 1601 2452 territi,
1636 2385 1693 2439 in
1731 2385 1918 2455 fugam
1947 2400 2073 2438 ver-

493 2485 706 2530 tuntur.
776 2475 906 2530 Saul
971 2478 1218 2533 immisso
1272 2476 1613 2547 fugientibus
1661 2475 1907 2530 exercitu
1948 2490 2071 2539 suo,

2158 461 2391 523 _’leaaal.
2438 458 2881 529 ἀναπέμψαντος,
2932 460 2960 512 ὁ
3007 460 3192 529 πατὴρ
3237 459 3403 513 αὑτὸν
3461 461 3720 535 ίστσὼεθθ

2175 552 2255 614 είς
2294 550 2355 604 τὸ
2394 548 2779 619 στρατόπεδον,
2813 549 2925 610 τοῖς
2967 548 3421 618 στρατευομένοις
3449 549 3553 603 τῶν
3592 553 3725 607 ἁδελ-

2177 644 2294 714 φῶν
2343 640 2643 713 κομιοῦνται
2688 641 2760 693 τὰ
2814 638 3118 709 ἐπιτήδειαι
3171 640 3335 710 Τρεῖς
3369 640 3477 710 γὰρ
3505 637 3636 713 ἦσαν
3680 649 3721 701 οἱ

2178 732 2541 802 πρεσϐύτεροι
2564 729 2643 801 τῷ
2669 728 2842 784 Σαοὺλ
2870 731 3248 801 συνεπόμενοι.
3277 732 3552 798 Ἐλθόντος
3572 736 3625 790 δὲ
3642 737 3723 791 τοῦ

2178 824 2343 878 Δαϐὶδ
2395 825 2529 895 πρὸς
2580 822 2706 886 τοὺς
2763 823 3050 893 ἀδελφοὺς,
3106 825 3135 877 ὁ
3184 825 3477 897 ἀλλόφυλος
3531 827 3724 897 Γολιὰθ,

2179 918 2365 979 πάλιν.
2390 917 2466 981 ὡς
2495 917 2616 981 ἔθος
2661 916 2832 986 αύτῷ,
2874 919 2954 981 εἰς
2994 917 3331 989 μονομαχίαν
3367 920 3725 991 προύκαλεῖτο,

2178 1009 2274 1063 καὶ
2306 1009 2432 1068 τοὺς
2472 1006 2756 1079 Ἐϐραίους
2780 1007 3076 1072 ὠνείδιζεν,
3100 1009 3183 1062 ὃτι
3216 1009 3408 1079 μηδεὶς
3436 1010 3584 1082 αύτῷ
3605 1029 3728 1081 συμ-

2181 1100 2333 1171 μίξαι
2359 1101 2572 1172 θαρῤεἰ.
2622 1100 2886 1162 Ἀκούσας
2924 1099 2982 1152 δὲ
3004 1099 3114 1152 τῶν
3145 1099 3321 1168 λόγων
3344 1100 3544 1155 τούτων
3561 1103 3725 1166 Δαϐὶδ,

2179 1192 2553 1262 ἠγανάκτησε,
2587 1190 2681 1245 καὶ
2732 1186 2852 1244 είπε
2900 1192 3039 1262 πρὸς
3083 1190 3208 1254 τοὺς
3245 1193 3514 1261 παρόντας
3541 1211 3555 1224 ο
3604 1192 3731 1263 Ἐγὼ

2181 1283 2552 1357 μονομαχήσω
2631 1282 2799 1351 αὐτῷ.
2886 1283 3190 1353 Ἀνηγγέλη
3224 1283 3382 1337 τοῦτο
3407 1283 3485 1354 τῷ
3515 1282 3726 1353 βασιλεῖ.

2190 1375 2251 1428 ’0
2323 1373 2381 1427 δὲ
2442 1373 2783 1444 παραστάντι
2849 1368 2999 1442 αύτῷ
3063 1373 3175 1445 (i9)
3229 1374 3319 1444 ,τῷ
3396 1373 3586 1437 Δαϐὶδ,
3657 1377 3730 1431 οὐ

2177 1466 2455 1535 δυνήσει,
2506 1465 2632 1537 ἔφη,
2667 1466 2765 1521 διὰ
2801 1466 3005 1534 μάχης
3033 1465 3309 1535 χωρῆσαι
3352 1465 3502 1534 πρὸς
3542 1465 3733 1520 τοῦτον

2166 1560 2287 1623 ¹’τὸν
2341 1560 2747 1630 ἁπερίτμητον
2775 1575 2791 1592 ο
2838 1558 2980 1626 παῖς
3003 1558 3115 1629 γάρ
3144 1558 3224 1612 σὺ
3252 1557 3360 1612 ἔτι.
3396 1558 3504 1612 Καὶ
3533 1561 3560 1612 δ
3589 1558 3734 1612 Δαϐὶδ

2181 1651 2402 1723 θαρρεῖν
2429 1651 2615 1718 ἔλεγεν
2648 1649 2842 1717 siti-tt};
2873 1647 3003 1719 Θεῷ
3042 1649 3100 1713 ὃς
3143 1649 3303 1703 αὑτὸν
3331 1650 3475 1703 κατὰ
3507 1649 3601 1719 τῆς
3645 1649 3732 1718 ἄρ-

2178 1762 2308 1798 κτου
2355 1743 2629 1814 ὲνίσχυσε.
2674 1748 2769 1796 καὶ
2797 1743 2937 1797 κατά
2968 1740 3061 1794 τοῦ
3095 1741 3330 1807 λέοντος,
3367 1739 3731 1811 ἐπερχομένων

2176 1839 2244 1907 τῇ
2305 1836 2528 1907 ποίμνῃ,
2566 1837 2659 1888 καὶ
2699 1834 2992 1906 θρέμματα
3025 1834 3405 1903 ἁρπαζόντων,
3438 1831 3528 1897 οὒς
3563 1832 3731 1898 διῶξαι

2178 1926 2321 1991 είπε,
2354 1928 2447 1981 καὶ
2473 1928 2542 1980 τά
2579 1927 2676 1998 μὲν
2704 1926 3044 1999 ἡρπαγμένα
3068 1924 3553 1992 ὲπανασώσοισθαι,
3580 1927 3729 1978 πατὰ-

2180 2017 2269 2083 ξαι
2314 2017 2372 2070 δὲ
2410 2017 2540 2080 τοὺς
2594 2017 2792 2087 θῆρας,
2846 2017 2941 2069 καὶ
2990 2016 3221 2070 ἀνελεῖν.
3272 2015 3399 2069 Ἐπὶ
3445 2016 3611 2087 τούτῳ
3639 2014 3729 2084 ἔφη

2182 2111 2428 2181 θαρρεῖν,
2457 2108 2532 2173 ὠς
2565 2110 2659 2163 καὶ
2692 2109 2784 2171 τὸν
2814 2108 3112 2176 ἀλλόφυλον
3140 2109 3383 2174 πατάξαι
3406 2108 3563 2162 δώσει
3583 2107 3730 2177 αὐτῷ,

2186 2204 2279 2254 καὶ
2329 2200 2533 2268 ἐξελεῖν
2573 2201 2781 2264 ὄνειδος
2838 2199 2900 2266 ἐξ
2948 2202 3082 2256 υίῶν
3135 2200 3376 2272 Ἰσραήλ.
3436 2201 3495 2256 '0
3529 2200 3618 2270 μὲν
3653 2194 3733 2253 οὖν

2182 2296 2300 2351 εἴτε
2327 2295 2520 2349 ταῦτα.
2556 2294 2615 2347 '0
2640 2295 2699 2348 δὲ
2728 2294 2982 2365 βασιλεὺς
3003 2293 3303 2366 ἐπέτρεψέν
3327 2294 3381 2347 οί
3406 2293 3733 2364 πορεύεσθαι,

2181 2389 2275 2442 καὶ
2307 2388 2596 2461 περιέθετο
2621 2388 2690 2440 τὰ
2715 2388 2892 2440 οίκεϊα
2919 2385 3059 2439 ὅπλα.
3091 2384 3263 2456 αύτῷ.
3286 2386 3399 2438 Καὶ
3431 2379 3569 2455 ἦσαν
3593 2382 3734 2454 ἄχθος

2180 2480 2349 2553 αὐτῷ,
2392 2483 2488 2535 καὶ
2529 2480 2835 2535 ἀπεδύσατο
2868 2479 3065 2535 ταῦτα.
3102 2480 3274 2548 ’Δρας
3305 2478 3363 2532 δὲ
3409 2479 3506 2550 τὴν
3556 2476 3738 2548 βακτη-

492 2582 745 2637 magnam
787 2570 1003 2623 turbam
1055 2570 1282 2635 occidit,
1334 2570 1520 2640 plures
1574 2568 1849 2634 vulnerat,
1895 2577 2070 2623 castra

2184 2573 2329 2643 ρίαν,
2368 2574 2467 2626 καὶ
2497 2572 2660 2627 πέντε
2689 2572 2870 2636 λίθους
2901 2574 2959 2624 ὲν
2987 2572 3066 2643 τῷ
3097 2571 3295 2641 καδδίφ
3317 2568 3625 2640 ἐνθέμενος,
3657 2565 3738 2619 καὶ

490 2660 705 2728 diripit.
763 2661 929 2717 David
966 2662 1137 2719 Goliae
1187 2671 1354 2734 caput
1408 2662 1558 2717 Sauli
1606 2664 1792 2729 oll'ert,
1834 2661 2070 2732 gladium

2180 2667 2282 2735 τὴν
2316 2666 2610 2735 σφενδόνην
2635 2666 2817 2736 φέρων
2848 2667 2906 2718 ὲν
2934 2668 2999 2735 τῇ
3033 2664 3200 2734 χειρὶ,
3242 2662 3382 2730 πρὸς
3407 2662 3499 2715 τὸν
3526 2660 3738 2726 ἀλλόφυ-

493 2753 603 2806 l)eo
631 2765 938 2810 consecrat.
2056 2818 2062 2829 .

2178 2754 2270 2810 λον
2289 2756 2571 2826 ὥρμησεν.
2608 2757 2667 2810 '0
2696 2756 2752 2810 δὲ
2781 2757 3048 2825 κατεγέλα
3070 2754 3258 2820 αὑτοῦ,
3285 2755 3381 2808 καὶ
3410 2751 3738 2811 ἐπυνθάνετο,

491 2844 538 2893 εἰ
568 2848 700 2914 πρὸς
727 2847 863 2900 κύνει
886 2852 950 2916 τῇ
976 2846 1249 2918 βακτηρίᾳ
1276 2847 1370 2900 καὶ
1397 2848 1507 2911 τοῖς
1541 2847 1710 2912 λίθοις
1740 2850 2068 2921 πορεύεται;
2111 2848 2224 2902 Καὶ
2256 2850 2283 2901 ὁ
2314 2847 2479 2900 Δαϐὶδ
2512 2847 2607 2901 καλ⁵
2672 2848 2842 2920 χείρω
2886 2850 3052 2908 κυνὸς
3092 2847 3345 2918 ἡγεῖσθαι
3389 2845 3552 2902 αὑτὸν
3602 2841 3737 2896 ’ἀπε-

492 2935 738 3001 κρίνατο.
790 2937 1031 2999 Ἐκεῖνος
1075 2937 1130 2990 δὲ
1158 2938 1435 3007 ὀργισθεὶς
1468 2939 1562 2991 καὶ
1593 2941 2046 3012 μεγαλαυχήσας,
2089 2938 2281 2993 δώσειν
2306 2940 2407 3004 τὰς
2455 2941 2666 3010 σάρκας
2701 2938 2868 2993 αύτοῢ
2903 2942 3015 3004 τοῖς
3084 2941 3348 3003 πετεινοῖς
3392 2956 3452 2994 τε
3491 2936 3581 2993 καὶ
3637 2934 3735 2994 τοῖς

492 3028 711 3099 θηρσὶν,
766 3026 1028 3098 ὥρμησεν
1079 3030 1167 3083 ἐπ’
1192 3030 1375 3084 αὐτόν.
1410 3030 1658 3100 Ταχύνας
1705 3030 1763 3083 δὲ
1810 3034 1838 3086 ὁ
1881 3031 2070 3100 Δαϐὶὸ,
2110 3034 2205 3088 καὶ
2225 3031 2372 3084 λίθον
2402 3034 2469 3103 τῇ
2505 3031 2768 3104 σφενδόνῃ
2834 3031 3143 3103 ἐνθέμενος,
3176 3033 3270 3086 ἐπὶ
3334 3033 3585 3101 μέτωπον
3618 3025 3737 3080 ἑπά-

489 3127 621 3192 ταξε
655 3125 748 3177 τὸν
796 3124 1078 3194 πολέμιον.
1128 3126 1241 3178 Καὶ
1279 3119 1348 3196 ἦν
1392 3125 1424 3195 ἡ
1468 3119 1945 3195 πληγὴκραταιὰ,
1977 3128 2070 3179 καὶ
2109 3126 2306 3180 ἔπεσεν
2328 3128 2422 3182 ἐπὶ
2448 3127 2740 3200 πρόσωπον
2771 3127 2799 3180 ὁ
2843 3126 3162 3193 ἀλλόφυλος.
3203 3125 3446 3195 Δραμὼν
3482 3127 3538 3179 ἑὲ
3593 3125 3739 3180 Δαιὶδ

489 3224 586 3274 καὶ
611 3230 709 3289 την
753 3222 963 3272 ἐκείνου
1023 3218 1299 3291 ῥομφαίαν
1359 3219 1730 3289 σπασάμενος,
1761 3220 2064 3292 ἀποτέμνει
2103 3222 2205 3295 τὴν
2251 3221 2497 3293 κεφαλὴν
2525 3220 2744 3285 Γολιάθ,
2789 3221 2886 3275 καὶ
2928 3221 3180 3275 σκυλεύει
3246 3223 3314 3274 τά
3353 3222 3501 3275 ὅπλα
3563 3217 3734 3274 αὐτοῦ.

489 3312 661 3366 Τοῦτο
687 3314 797 3373 τοί,
829 3311 1152 3381 ἀλλοφύλοις
1186 3310 1391 3367 δειλίαν
1431 3312 1677 3381 ἐνέϐαλε,
1709 3313 1808 3367 καὶ
1847 3313 2070 3369 ἔκλιναν
2108 3318 2187 3378 είς
2234 3318 2436 3388 φυγήν.
2468 3315 2640 3369 Σαοὺλ
2673 3315 2729 3370 δὲ
2761 3315 2822 3369 τὸ
2847 3316 3046 3369 οἰκεῖον
3073 3315 3257 3378 αὐτοῖς
3321 3316 3521 3385 ἐπάγει
3584 3315 3736 3385 στρά-

487 3420 668 3474 τευμα
729 3401 1017 3470 φεύγουσι,
1067 3402 1162 3455 καὶ
1208 3403 1482 3456 κτείνεται
1562 3403 1671 3456 τῶν
1726 3404 2101 3459 Παλαιστινῶν
2141 3405 2347 3476 πλῆθος
2409 3407 2565 3470 πολὺ,
2623 3407 2718 3460 καὶ
2814 3406 3061 3469 πλείονες
3110 3409 3602 3477 τραυματίζονται,
3651 3407 3735 3462 καὶ

488 3500 552 3550 τὸ
608 3496 971 3566 στρατόπεδον
1021 3486 1201 3549 αὐτῶν
1244 3495 1629 3567 διαρπάζεται.
1680 3497 1791 3568 Τὴν
1859 3498 2105 3569 κεφαλὴν
2143 3500 2201 3553 δὲ
2268 3498 2461 3553 Γολιάθ
2514 3500 2781 3571 προσάγει
2825 3499 2990 3553 Δαϐὶδ
3032 3497 3111 3570 τῷ
3163 3499 3356 3567 Σαοὺλ,
3402 3499 3501 3572 τὴν
3531 3500 3587 3554 δὲ
3618 3500 3736 3571 pott-

488 3590 656 3661 φαίαν
683 3589 762 3652 τῷ
793 3586 913 3658 Θεῷ
942 3588 1309 3659 ἀνατίθησιν,

558 3681 729 3737 XXX.
765 3680 1030 3736 Redeunti
1063 3679 1289 3735 domum
1323 3681 1592 3735 exercitui
1614 3691 1918 3737 occurrunt
1949 3696 2070 3737 mu-

2176 3746 2183 3753 .
2247 3683 2328 3737 A'.
2377 3679 2743 3751 Ἐπανιούσης
2793 3680 2851 3733 δὲ
2898 3681 2998 3750 τῆς
3052 3683 3331 3751 στρατιᾶς,
3368 3672 3441 3737 ἀί
3501 3684 3739 3751 γυναῖκες

484 3776 652 3833 lieres
716 3783 775 3829 et
839 3774 1124 3839 saltantes,
1174 3773 1394 3828 Saulem
1438 3773 1588 3828 mille
1628 3773 1933 3845 occidisse,
1974 3789 2070 3845 ica-

2176 3778 2454 3849 συνήντων
2504 3774 2677 3845 αύτῷ,
2729 3775 2823 3828 καὶ
2875 3775 3220 3845 χορεύουσαι,
3272 3774 3520 3845 χιλιάδας
3566 3775 3734 3828 ὀλέσαι

486 3880 653 3933 mmt;
681 3868 943 3923 Davidem
986 3882 1119 3922 vero
1184 3866 1376 3922 decem
1435 3867 1606 3921 millia
1649 3866 1940 3933 delevisse,
1989 3883 2070 3923 re-

2174 3870 2266 3922 τὸν
2316 3868 2511 3930 Σαοὺλ,
2557 3861 2690 3940 ᾖδον
2722 3881 2737 3896 ο
2780 3864 2839 3917 αἱ
2886 3864 2944 3918 δὲ
2989 3852 3274 3935 παρθένοι,
3335 3868 3600 3938 μυριάδας
3658 3865 3737 3917 τὸν

488 3965 771 4033 spondent
806 3965 1070 4035 virgines.
1097 3964 1174 4018 Ea
1207 3964 1381 4019 verba
1419 3963 1639 4020 Saulem
1697 3962 1766 4018 ad
1804 3950 2069 4017 invidiam

2174 3960 2341 4014 Δαϐὶδ
2367 3959 2654 4030 ἀφανίσαι,
2705 3955 2956 4028 ἀντῇδον.
2998 3958 3168 4011 Τοῦτο
3220 3959 3356 4029 πρὸς
3400 3960 3592 4023 φθόνον
3617 3956 3735 4027 ἠρέ-

489 4056 827 4119 incitaruut,
875 4052 935 4110 ut
981 4056 1195 4110 diceret
1248 4073 1262 4109 :
1315 4054 1455 4118 Quid
1507 4057 1556 4108 ei
1602 4064 1796 4118 praeter
1847 4069 2068 4123 regnum

2177 4055 2295 4107 θισε
2352 4052 2443 4106 τὸν
2499 4052 2692 4114 Σαοὺλ,
2748 4051 3018 4123 φήσαντα,
3068 4049 3179 4104 Καὶ
3224 4052 3282 4104 τί
3317 4051 3485 4117 αὐτῷ
3521 4047 3744 4118 ὑστερεῖ

485 4149 673 4202 deest?
701 4158 756 4203 et
794 4150 1055 4204 Davidem
1093 4157 1412 4217 suspectum
1444 4148 1690 4203 haberet.
1730 4147 1917 4217 Itaque
1940 4161 2066 4200 cum

2176 4144 2345 4211 πλὴν
2391 4143 2430 4210 ἠ
2475 4142 2806 4207 βασιλεία;
2865 4144 2975 4196 Καὶ
3023 4144 3360 4197 ὑπεϐλέπετο
3415 4145 3509 4199 τὸν
3566 4141 3735 4196 Δαῦίδ.

485 4242 630 4295 malo
659 4241 857 4310 spiritu
893 4243 1292 4310 corriperetur,
1339 4254 1581 4309 cumque
1611 4238 1781 4293 David
1808 4240 1877 4292 de
1908 4252 2062 4293 more

483 4341 824 4395 excantaret,
849 4332 1096 4386 lanceam
1123 4341 1319 4386 contra
1336 4374 1339 4377 .
1358 4330 1510 4385 illum
1545 4329 1736 4393 mittit,
1771 4328 1937 4397 idque
1964 4328 2069 4383 ite-

488 4429 611 4474 rato
668 4422 911 4486 factum;
945 4421 1042 4475 sed
1076 4421 1246 4475 David
1294 4419 1551 4490 praesidio
1606 4418 1796 4473 divino
1856 4428 2067 4486 septus,

484 4512 658 4567 ictum
703 4511 965 4577 declinat,
1000 4512 1212 4567 Deinde
1253 4528 1348 4566 rex
1372 4512 1634 4567 Davidem
1670 4523 1948 4576 metuens,
1977 4513 2073 4567 tri-

487 4605 699 4659 bunum
729 4604 964 4658 militum
1002 4619 1174 4671 creat,
1206 4614 1267 4659 ut
1299 4604 1445 4659 inter
1477 4604 1668 4659 hostes
1693 4603 2066 4674 periclitetur.

483 4702 555 4753 At
597 4699 691 4759 ille
721 4698 837 4754 Deo
881 4700 1133 4771 adjutore
1164 4714 1278 4761 rem
1309 4698 1448 4752 bene
1481 4697 1641 4768 gerit,
1688 4696 1891 4767 populo
1936 4697 2069 4750 cha-

487 4808 609 4858 rus,
636 4806 855 4849 necnon
895 4792 1130 4848 Mclchol
1165 4792 1276 4846 lilia
1326 4789 1475 4867 regis
1508 4789 1660 4846 illius
1695 4805 1883 4844 amore
1913 4792 2069 4858 capi-

2180 4235 2578 4309 "Emnsodvro;
2604 4234 2660 4286 δὲ
2689 4233 2768 4303 τῷ
2799 4234 2972 4288 Σαοὺλ
3016 4236 3327 4304 πνεύματος
3360 4235 3624 4306 πονηροῦ,
3656 4231 3740 4286 καὶ

2166 4326 2262 4380 τοῦ
2314 4326 2480 4380 Δαϐὶδ
2536 4329 2956 4401 κατεπᾴδοντος,
2992 4327 3068 4388 ὡς
3109 4328 3230 4391 ἔθος
3288 4327 3463 4399 αὐτῷ,
3510 4328 3571 4380 τὸ
3619 4325 3735 4392 δόρυ

2167 4419 2360 4472 ἔϐαλεν
2400 4422 2429 4473 ὁ
2471 4420 2647 4474 Σαοὺλ
2675 4423 2794 4475 κατ’
2823 4422 2990 4475 αὑτοῦ
3019 4437 3033 4452 ο
3065 4423 3161 4474 καὶ
3187 4421 3269 4484 δὶς
3305 4423 3473 4475 τοῦτο
3503 4420 3735 4487 ἐποίησε.

2169 4514 2280 4566 Καὶ
2303 4515 2330 4566 ὁ
2381 4512 2547 4566 Δαϐὶδ
2577 4514 2822 4580 ἐξέκλινε
2846 4531 2860 4547 ο
2891 4513 3093 4585 Κύριος
3127 4515 3245 4583 γάρ
3276 4509 3344 4584 ἦν
3386 4515 3509 4585 μετ’
3561 4507 3734 4565 αὐτοῦ.

2168 4602 2361 4666 Δεδιὼς
2395 4603 2452 4656 δὲ
2483 4604 2645 4656 αὐτὸν
2668 4605 2696 4656 ὁ
2724 4603 3001 4674 βασιλείῃ,
3034 4602 3316 4672 χιλίαρχον
3356 4603 3653 4665 ἐποιήσατο
3678 4593 3739 4648 ἵν’

2166 4696 2249 4759 είς
2273 4694 2401 4757 τοὺς
2432 4695 2725 4765 πολεμίους
2753 4693 2957 4761 ἀπιὼν,
2992 4694 3341 4762 κινδυνεύσῃ.
3373 4694 3433 4748 ὐ
3454 4694 3511 4746 δὲ
3532 4690 3609 4761 τῷ
3631 4685 3738 4756 Θεῷ

2169 4786 2662 4858 συμμαχούμενος,
2690 4785 2964 4841 εύοδοῦτο.
2997 4788 3106 4841 Καὶ
3136 4789 3165 4840 ὁ
3200 4785 3330 4850 λαὸς
3362 4786 3560 4855 ἠγάπα
3583 4781 3737 4839 αὑτὸν

1685 4947 1893 5008 Variae
1935 4950 2241 5009 lectiones
2286 4951 2347 5006 et
2383 4951 2573 5005 noue.

558 5091 672 5164 (ιθ)
702 5090 1279 5164 Παρεστηκῲς-τότε
1301 5088 1487 5164 έιύζῷ.
1515 5089 1845 5164 {Ambiguum
1874 5098 2058 5164 utrum

483 5158 800 5228 sacerdoti,
838 5178 909 5216 an
946 5161 1156 5225 bavidi,
1193 5175 1261 5214 an
1296 5159 1469 5214 Sauli.
1516 5160 1623 5215 Sed
1656 5158 1724 5214 ad
1759 5158 1978 5215 Saulem
2013 5161 2059 5214 si

486 5235 745 5297 rci‘crtur,
770 5243 832 5287 ut
851 5240 1098 5302 apparet,
1127 5239 1211 5285 est
1243 5230 1639 5300 περισσολογία
1670 5230 1883 5293 Graeca,
1911 5228 2059 5302 quod

484 5319 656 5375 genus
705 5304 757 5354 in
789 5301 1058 5356 vertendo
1094 5310 1319 5375 propter
1357 5302 1522 5375 aliain
1564 5302 1740 5356 Latini
1783 5301 2062 5354 sermonis

485 5372 776 5436 rationem,
813 5389 923 5441 quo
966 5373 1353 5426 antecedentia
1394 5386 1460 5425 ex
1492 5372 1557 5425 iis
1595 5386 1718 5440 qua:
1749 5381 2060 5441 sequuntur

486 5443 718 5511 intelligi
747 5438 942 5502 solent,
964 5453 1113 5497 recte
1137 5443 1431 5498 omittitur.
1460 5442 1594 5495 Nam
1614 5438 1664 5495 si
1692 5444 1807 5509 ipse
1833 5438 2061 5509 Degrcgi

485 5513 537 5567 id
568 5518 771 5567 factum
820 5512 1116 5575 nuntiavit,
1148 5513 1388 5567 astitisse
1433 5522 1527 5565 aut
1565 5513 1863 5566 acceSsisse
1913 5511 2063 5563 illum

485 5598 651 5653 nemo
682 5582 920 5636 dubitat.
947 5583 1040 5636 Sic
1064 5585 1226 5652 paulo
1260 5596 1406 5653 post,
1441 5585 1553 5642 τοῖς
1590 5580 1948 5653 περιστώσιν-
1968 5580 2065 5653 αὐτ

484 5652 565 5723 τῷ
602 5653 869 5717 ὁπλίταις,
907 5648 1078 5718 verti,
1111 5673 1140 5706 α
1172 5648 1487 5707 δαιὲίίὶιίίιιιε
1513 5648 1877 5723 υεεὲαι-Ῑυὺεε.
1914 5648 2071 5712 Quod

486 5721 688 5794 siquis
717 5724 848 5777 mihi
879 5727 1307 5781 controversiam
1329 5725 1480 5788 lacit,
1510 5721 1863 5792 participium
1888 5728 2077 5771 astan-

2169 5087 2304 5142 tibus
2359 5103 2466 5140 non
2508 5100 2629 5141 esse
2674 5100 3172 5154 supervacaneum,
3206 5085 3304 5140 sed
3343 5082 3554 5139 habere
3601 5084 3742 5152 ἐνέρ-

2166 5175 2347 5226 γειαν,
2378 5159 2624 5212 concedo
2653 5172 2785 5211 sane
2819 5171 2832 5208 :
2866 5159 2961 5210 sed
2997 5157 3129 5211 illud
3162 5165 3353 5210 contra
3376 5158 3507 5209 dico
3528 5170 3576 5226 7a
3606 5154 3741 5208 Lati-

2167 5225 2258 5282 nis
2293 5229 2344 5281 id
2393 5228 2672 5297 ἐνεργείας
2718 5241 2890 5295 genus
2929 5227 2998 5280 ob
3031 5226 3461 5297 participiorutn
3488 5225 3655 5279 alium
3691 5233 3743 5297 et

2171 5300 2354 5352 minus
2382 5294 2739 5366 frequentem
2762 5312 2920 5351 usum
2968 5294 3081 5350 fere
3133 5294 3330 5367 negligi
3367 5314 3380 5367 ς
3414 5296 3469 5348 id
3509 5297 3665 5367 quod
3692 5294 3739 5347 ei

2166 5368 2377 5436 liquido
2406 5367 2711 5437 apparebit,
2740 5372 2830 5436 qui
2862 5368 3111 5422 eamdem
3142 5366 3473 5422 sententiam
3503 5383 3533 5420 a
3558 5366 3742 5420 Latino

2166 5448 2223 5491 ct
2253 5437 2441 5492 Graeco
2470 5438 2742 5505 scriptore
2781 5447 3029 5503 tractam,
3067 5454 3185 5507 qua:
3215 5437 3399 5490 multa:
3427 5437 3631 5506 passim
3657 5450 3745 5490 ex—

2166 5516 2334 5570 stant,
2365 5507 2700 5562 eontulerit:
2735 5522 2821 5561 me
2848 5506 3096 5576 exempla
3132 5507 3386 5577 persequi
3423 5506 3741 5575 occupatio-

2169 5592 2270 5631 nes
2297 5588 2374 5703 ea?
2396 5579 2647 5633 instituta
2692 5578 2931 5632 brevitas
2963 5579 3067 5632 hoc
3098 5590 3341 5647 tempore
3377 5592 3492 5632 non
3524 5578 3743 5648 patiun-

2172 5656 2277 5701 lttl'.
2380 5689 2395 5701 .

2172 5656 2277 5701 llll'.
2312 5656 2395 5701 W.
