3964 6252
238 269 319 336 137
1505 251 1915 318 ANNALIUM
1958 254 2110 314 LIB.
2153 254 2200 315 Ι.

3366 262 3470 323 138

234 383 365 453 καὶὴ
394 378 488 434 τοῦ
543 377 810 449 βασιλέως
868 373 1115 445 θυγάτηρ
1172 369 1389 441 Μελχδλ
1438 370 1548 442 ήρα
1607 365 1789 422 Δαϐίδ.

1906 373 2008 423 tur.
2038 365 2196 433 Quod
2226 365 2356 422 Saul
2388 369 2662 432 nuntiato,
2689 371 3106 426 statuendarum
3145 373 3471 433 insidiarum

235 470 610 547 Προσηγγέλθη
670 463 763 523 οὖν
817 469 847 522 6
903 466 1043 538 ἔρως
1078 463 1158 536 τῷ
1196 463 1432 536 βασιλεῖ,
1467 461 1562 515 καὶ
1603 459 1661 524 ὂς
1712 459 1789 522 εἰς

231 566 380 636 λαϐήν
415 561 710 632 ἐπιϐουλῆς
735 560 938 632 ἐχρῆτο
960 558 1038 630 τῷ
1059 560 1244 630 ἔρωτι.
1276 557 1420 626 Ἔφη
1442 556 1550 626 γὰρ
1601 553 1794 607 δὼσειν

231 655 368 727 αὑτῷ
395 655 454 710 τὸ
486 653 805 724 θυγάτριον,
849 651 898 703 εἰ
938 650 1134 704 ἑκατὸν
1169 645 1538 719 ἀκροϐυστίας
1580 642 1794 712 ἐνέγκοι

231 748 366 820 αὐτῷ
399 763 415 780 ο
450 745 662 817 οἰηθεὶς
691 742 979 798 πεσεῖσθαι
1007 741 1168 796 αὐτὸν
1196 743 1309 802 τοῖς
1340 737 1659 808 ἀλλοφύλοις
1687 754 1792 805 μα-

229 839 464 912 χόμενον.
500 835 675 890 Τοῦτο
701 834 890 906 μαθὼν
921 834 950 886 6
981 831 1170 896 Δαϐὶδ,
1207 828 1479 900 ἐπορεύθη
1518 825 1655 898 μετὰ
1684 825 1796 879 τῶν

227 936 312 992 ὑπ’
335 931 516 1000 αὐτὸν,
547 929 644 984 καὶ
673 927 947 992 ἐπάταξεν
981 927 1040 980 ἐν
1079 927 1192 987 τοῖς
1215 920 1560 990 ἀλλοφύλοις,
1599 918 1694 972 καὶ
1735 917 1798 990 ή-

227 1044 403 1096 νεγκεν
424 1021 794 1095 ἀκροϐυστίας
817 1019 896 1092 τῷ
917 1017 1092 1072 Σαοὺλ
1114 1015 1335 1070 ἐκατόν.
1373 1013 1433 1066 Ὀ
1454 1013 1511 1066 δέ
1533 1011 1798 1080 Ἰώσηπος

227 1123 320 1191 οὐχ
339 1119 529 1174 ἑκατὸν
575 1115 942 1188 ἀκροϐυστίας
961 1111 1186 1183 κομίσαι
1204 1109 1293 1163 τὸν
1316 1108 1502 1173 Δαϐὶδ,
1519 1107 1654 1161 ἀλλὰ
1675 1105 1798 1170 ἐξα-

227 1215 401 1274 κοσίας
443 1211 687 1281 κεφαλὰς
721 1206 1052 1276 ἀλλοφύλων.
1071 1203 1184 1259 Καὶ
1217 1202 1505 1267 ζεύγνυσιν
1525 1198 1676 1270 αὐτῷ
1699 1197 1798 1269 τὴν

224 1305 408 1360 ἐαυτοῦ
431 1304 708 1375 θυγατέρα
729 1300 967 1370 Μελχόλ.
1011 1296 1184 1370 Ὀρῶν
1209 1295 1266 1349 δέ
1289 1294 1382 1349 τὸν
1407 1293 1572 1347 Δαϐὶδ
1601 1293 1692 1345 καὶ
1721 1290 1800 1356 τῷ

223 1397 338 1469 Θεῷ
390 1394 878 1467 συμμαχούμενον,
932 1393 1030 1446 καὶ
1071 1389 1148 1461 τῷ
1202 1387 1400 1460 πλήθει
1451 1385 1798 1457 φιλούμενον,

223 1493 302 1546 ἐτι
357 1491 554 1563 μᾶλλον
608 1489 821 1553 ἐδεδίει,
883 1486 984 1540 καὶ
1026 1483 1420 1540 ἐπεϐούλευσεν
1474 1480 1648 1554 αὐτῷ,
1707 1483 1802 1538 καὶ

225 1585 429 1638 κτανεῖν
456 1581 754 1652 ἐπεχείρει.
786 1579 879 1649 Τῷ
919 1579 1012 1632 οὖν
1069 1576 1172 1649 υἱῷ
1232 1575 1492 1631 Ἰωνάθαν
1543 1578 1640 1630 καὶ
1689 1579 1802 1640 τοῖς

223 1675 558 1740 πιστοτάτοις
608 1674 720 1728 τῶν
769 1672 997 1727 οἰκετῶν
1027 1676 1126 1744 τὴν
1173 1670 1450 1741 ἀναίρεσιν
1481 1669 1648 1724 αὑτοῦ
1681 1671 1803 1723 ἐπι-
1830 1711 1876 1771 Β

223 1769 425 1822 τάσσει.
472 1766 733 1823 Ἰωνάθαν
766 1765 823 1820 δὲ
869 1763 1044 1836 φιλῶν
1089 1764 1181 1818 τὸν
1214 1761 1400 1827 Δαϐὶδ,
1451 1761 1603 1833 δηλοῖ
1651 1761 1800 1832 αὐτῷ

223 1863 279 1914 τὸ
309 1861 607 1932 ἐπίταγμα,
643 1860 740 1914 καὶ
775 1857 1144 1928 φυλάττεσθαι
1180 1857 1459 1926 παραινεῖ,
1492 1856 1588 1909 καὶ
1628 1855 1802 1922 ἐπαγ-

223 1954 462 2020 τέλλεται
490 1951 943 2024 διαλεχθήσεσθαι
969 1951 1101 2021 περὶ
1144 1949 1310 2004 αὐτοῦ
1341 1948 1419 2020 τῷ
1463 1949 1656 2020 πατρὶ,
1705 1949 1802 2001 καὶ

224 2050 282 2103 τὸ
309 2051 412 2103 πᾶν
436 2047 675 2118 ἐκφῆναι
705 2045 878 2117 αὐτῷ.
929 2045 1039 2098 Καὶ
1092 2043 1275 2114 μέντοι
1297 2043 1392 2096 καὶ
1418 2040 1688 2112 διελέχθη,
1707 2041 1802 2094 καὶ

229 2143 524 2212 μετήνεγκε
554 2141 694 2212 πρὸς
721 2136 1010 2210 πραότητα
1031 2152 1043 2164 ’
1087 2133 1411 2207 μεταϐαλὼν
1457 2135 1590 2205 γὰρ,
1633 2133 1802 2207 μηδὲν

224 2233 494 2304 adament
524 2230 708 2300 ὤμοσε
764 2229 856 2282 τὸν
909 2227 1075 2283 Δαϐὶδ
1107 2228 1135 2280 6
1175 2227 1369 2281 Σαούλ.
1430 2226 1689 2282 Ἰωνάθαν
1744 2225 1803 2280 δὲ

226 2325 388 2378 ταῦτα
403 2320 724 2394 δεδηλωκὼς
757 2321 836 2393 τῷ
867 2320 1050 2386 Δαϐιδ,
1083 2321 1296 2390 εἰσάγει
1325 2321 1462 2392 πρὸς
1504 2319 1595 2374 τὸν
1643 2319 1802 2392 βασι-

227 2419 318 2482 λέα
343 2418 530 2483 αὐτὸν,
569 2417 669 2471 καὶ
704 2412 772 2488 ἦν
799 2416 876 2482 ὡς
907 2415 1100 2487 πρώην
1122 2415 1271 2486 αὐτῷ
1293 2414 1649 2488 παραμένων.
1680 2413 1803 2469 Τῶν

226 2508 280 2561 δέ
338 2507 714 2563 [Ιαλαιστινῶν
777 2507 1110 2578 κινηθέντων
1158 2508 1255 2562 καὶ
1295 2507 1482 2572 πάλιν,
1537 2509 1632 2561 καὶ
1688 2509 1802 2572 τοῖς

238 2601 505 2673 Ἑϐραίοις
567 2601 856 2665 ἐπιόντων,
926 2599 1348 2671 ἀντιταξόμενος
1408 2602 1592 2665 αὐτοῖς
1651 2600 1802 2674 παρᾶ

237 2693 408 2746 Σαοὺλ
437 2694 465 2746 6
491 2691 657 2746 Aa6‘t6
682 2691 1094 2755 ἀποστέλλεται,
1125 2693 1218 2745 καὶ
1252 2691 1392 2762 μετὰ
1427 2693 1585 2763 νίκης
1631 2696 1803 2748 ἐπάν-

242 2801 363 2838 εισι.
426 2785 555 2848 Τοῖς
595 2783 640 2838 δ’
679 2785 1029 2856 εὐτυχήμασι
1079 2783 1174 2838 τοῦ
1215 2783 1407 2855 ἀνδρὸς
1464 2784 1559 2837 καὶ
1609 2786 1636 2838 6
1682 2785 1802 2838 κατ’

244 2877 402 2931 αὑτοῦ
442 2877 637 2946 φθόνος
668 2877 968 2948 συνηύξετο
1001 2875 1077 2947 τῷ
1108 2875 1303 2942 Σαοὺλ,
1337 2877 1434 2931 καὶ
1489 2876 1585 2930 τοῦ
1638 2894 1804 2948 πονη-

236 2968 324 3041 ροῦ
355 2970 674 3040 πνεύματος
700 2965 856 3030 αὖθις
885 2968 1207 3032 ἐπελθόντος
1235 2968 1385 3040 αύτῷ
1432 2969 1525 3022 καὶ
1563 2968 1804 3042 συμπνι-

1894 459 2242 516 oceasionem
2278 462 2498 532 arripit,
2528 461 2692 518 filiam
2731 465 2780 519 ei
2814 480 2872 520 se
2897 465 3156 521 daturum
3184 469 3471 538 pollicens,

1895 551 1940 605 si
1969 561 2190 606 centum
2219 555 2484 624 praeputia
2519 555 2954 627 alienigenarum
2994 559 3099 614 sibi
3149 561 3425 617 attulisset
3453 583 3467 618 :

1895 643 2012 699 fore
2041 659 2271 714 sperans
2330 656 2390 700 ut
2421 645 2475 700 in
2503 649 2690 717 praelio
2716 650 2958 705 caderet.
2993 651 3067 705 Eo
3096 652 3266 708 David
3309 655 3470 710 intel-

1895 735 2062 800 lecto,
2085 753 2210 791 cum
2242 736 2358 793 suis
2383 737 2653 796 militibus
2685 743 2814 812 prof
2845 752 2988 807 ctus,
3016 755 3072 800 et
3114 747 3271 802 caesis
3296 747 3474 804 hosti-

1897 829 2022 894 bus,
2073 842 2295 886 centum
2323 831 2476 887 Sauli
2510 837 2776 904 prmputia
2820 837 2980 891 alftrt
3024 839 3321 910 (Josepbus
3362 858 3471 897 non

1899 933 2121 978 centum
2185 925 2487 995 praeputia,
2536 927 2633 982 sed
2685 940 2944 985 sexcenta
3001 933 3180 1002 capita
3223 934 3476 990 attulisse

1899 1016 2132 1088 narrat),
2152 1017 2336 1086 itaque
2361 1018 2644 1074 lllelcltolis
2660 1023 2916 1097 coniugio
2944 1025 3174 1094 potitur.
3201 1026 3473 1084 Caeterum

1901 1106 2053 1171 Saul.
2076 1109 2170 1179 qui
2188 1125 2313 1166 eum
2336 1110 2676 1168 etdivinitus
2697 1114 2890 1178 foveri,
2913 1126 2967 1171 et
2991 1118 3210 1187 publice
3242 1120 3473 1175 charum

1899 1201 2092 1257 haberi
2129 1214 2401 1267 cerneret,
2437 1204 2610 1276 magis
2644 1206 2808 1261 etiam
2851 1208 3166 1277 formidare,
3203 1213 3474 1281 insidiari,

1901 1294 2085 1350 moliri
2119 1294 2228 1367 65
2259 1311 2473 1352 necem.
2512 1297 2679 1368 Igitur
2705 1298 2956 1356 Jonathm
2987 1302 3120 1368 lilio,
3153 1313 3209 1359 et
3243 1305 3478 1361 famulo-

1902 1403 2022 1442 rum
2068 1387 2426 1454 ﬂdelissimis,
2481 1389 2686 1446 caedem
2718 1393 2839 1462 ejus
2869 1393 3113 1447 mandat.
3157 1395 3357 1450 Verum
3384 1397 3478 1452 lo-

1902 1480 2116 1543 natbas,
2153 1479 2250 1550 qui
2285 1479 2547 1534 Davidem
2580 1493 2813 1548 amaret,
2849 1485 3170 1542 mandatum
3223 1488 3395 1556 patris
3425 1489 3479 1544 ei

1902 1574 2096 1639 refert,
2125 1588 2324 1629 cavere
2343 1573 2518 1644 jubet,
2553 1589 2679 1629 cum
2705 1584 2862 1644 patre
2890 1585 3144 1631 acturum
3180 1579 3480 1648 promittit,

1903 1669 2069 1739 eique
2097 1667 2472 1723 indicaturum
2499 1667 2703 1722 omnia.
2740 1668 2896 1724 Facit
2927 1670 3026 1733 ita,
3068 1681 3123 1725 et
3149 1673 3324 1742 patris
3359 1675 3483 1728 ani-

1906 1776 2056 1814 mum
2084 1759 2151 1814 ad
2203 1759 2553 1814 clementiam
2588 1759 2852 1824 traducit,
2912 1771 2971 1817 ut
3002 1773 3210 1818 mutata
3255 1776 3484 1820 senten-

1906 1853 1980 1908 tia
2001 1854 2238 1924 juraret,
2272 1867 2332 1907 se
2373 1851 2564 1908 Davidi
2611 1854 2818 1908 nullam
2861 1854 3140 1911 facturum
3173 1858 3429 1928 injuriam
3461 1876 3476 1914 :

1905 1955 1960 2000 ct
1990 1945 2248 2001 Davidem
2283 1987 2298 2010 ,
2333 1945 2421 2000 his
2475 1946 2831 2012 renuntiatis,
2866 1948 2935 2002 ad
2989 1965 3173 2015 regem
3229 1951 3481 2018 adducit,

1906 2047 1964 2092 ut
1993 2037 2140 2092 sicut
2164 2037 2338 2109 prius,
2375 2038 2425 2093 ei
2461 2048 2663 2109 przesto
2693 2049 2860 2096 esset.
2900 2040 3038 2096 Cum
3070 2051 3255 2098 autem
3308 2044 3481 2100 Palae-

1904 2131 2036 2189 stini
2066 2131 2250 2187 denuo
2287 2146 2346 2188 se
2377 2144 2685 2198 mOVereut,
2727 2143 2784 2190 et
2828 2134 3086 2191 Hebraeos
3119 2137 3482 2206 invaderent,

1907 2225 2078 2281 David
2108 2237 2303 2281 contra
2333 2240 2432 2280 eos
2463 2241 2494 2281 a
2552 2225 2718 2281 Saule
2763 2228 2986 2289 missus.
3035 2245 3094 2284 re
3154 2230 3298 2286 bene
3329 2242 3484 2304 gesta

1906 2316 2223 2372 revertitur.
2259 2316 2368 2374 Sed
2403 2333 2512 2387 quo
2558 2317 2650 2373 bic
2688 2319 2943 2388 pluribus
2983 2324 3337 2380 successibus
3372 2326 3482 2380 uti-

1907 2419 2016 2474 tur,
2042 2426 2109 2466 eo
2143 2411 2449 2482 graviorem
2483 2410 2626 2482 regis
2654 2413 2916 2468 invidiam
2939 2415 3111 2471 subit.
3143 2417 3331 2487 Itaque
3357 2433 3486 2473 eum

1905 2501 2080 2568 Sauli,
2112 2518 2277 2573 quem
2315 2503 2495 2558 malus
2537 2504 2734 2574 genius
2767 2504 2951 2562 denuo
2988 2507 3262 2564 invaserat
3319 2517 3486 2580 autne

1907 2595 2163 2667 angebat,
2209 2610 2334 2651 cum
2362 2596 2593 2670 cinnyra
2627 2605 2824 2666 praesto
2857 2608 3006 2656 esset
3056 2613 3111 2657 et
3143 2611 3483 2668 excantaret,

1910 2687 2042 2746 Saul
2081 2689 2296 2744 hastam
2342 2699 2655 2760 correptam
2710 2702 2906 2748 contra
2936 2709 3064 2749 eum
3114 2696 3344 2767 conjicit
3377 2713 3390 2749 :
3427 2709 3484 2753 at

1906 2784 2000 2840 ille
2061 2785 2292 2855 pmeviso
2347 2784 2740 2858 declinatoque
2793 2786 2942 2853 ictu,
3007 2789 3286 2856 discedit;
3352 2792 3483 2847 Saul

1905 2890 2039 2932 vero
2093 2877 2429 2932 satellitibus
2482 2886 2649 2932 noctu
2714 2877 2770 2932 in
2823 2879 3044 2934 Daxidis
3093 2882 3242 2936 aedes
3274 2881 3481 2945 missis.

1909 2987 2072 3027 mane
2096 2987 2224 3027 eum
2258 2972 2454 3028 tollere
2487 2970 2832 3028 decreverat.
2873 2971 2993 3039 Quo
3023 2973 3256 3030 Melehol
3298 2980 3486 3042 cogni-

233 3075 436 3128 γοντος,
501 3062 685 3132 παρῆν
723 3062 751 3114 6
792 3061 957 3115 Δαϐὶδ
980 3060 1078 3131 τὴν
1141 3060 1372 3134 κινύραν
1428 3061 1664 3134 κρούων,
1712 3064 1802 3118 καὶ

1918 3075 1993 3130 to,
2018 3066 2276 3121 Davidem
2301 3081 2399 3135 per
2442 3065 2738 3121 fenestram
2780 3066 3079 3122 demissum
3107 3070 3291 3138 eripit.
3327 3073 3484 3130 Mane

233 3153 550 3225 κατεπᾴδων
591 3153 746 3208 αὑτό.
786 3154 842 3206 Ὀ
888 3153 1060 3207 Σαοὺλ
1115 3152 1196 3221 δὲ,
1229 3153 1291 3208 τὸ
1353 3154 1481 3227 δόρυ
1529 3157 1801 3227 κατέχων,

233 3244 511 3314 ὴκόντισεν
538 3245 670 3299 αὐτὸ
693 3245 833 3298 κατὰ
877 3243 971 3299 τοῦ
995 3244 1182 3300 Δαϐίδ.
1220 3245 1277 3299 '0
1320 3245 1378 3300 δέ
1412 3247 1682 3316 προγνοὺς
1717 3248 1804 3314 ἐξ·

237 3336 408 3391 ἐκλινὲ
439 3353 500 3390 τε
561 3338 657 3392 καὶ
687 3338 1056 3408 ἀνεχώρησεν.
1082 3336 1396 3392 ’Δπέστειλε
1429 3339 1486 3393 δὲ
1522 3341 1694 3394 Σαοὺλ
1715 3359 1806 3395 νυ-

236 3429 346 3492 κτὸς
379 3428 632 3499 φύλακας
657 3431 738 3492 εἰς
766 3435 858 3483 τίν
903 3426 1052 3484 οἷκον
1092 3430 1281 3498 Δαϐὶδ,
1316 3431 1400 3484 ἵνα
1439 3432 1558 3504 μεθ’
1593 3435 1805 3504 ήμέραν

237 3524 415 3596 κτείνῃ
439 3522 624 3578 αὐτόν.
661 3523 869 3577 Γνοῦσα
885 3523 942 3577 δὲ
999 3522 1160 3577 τοῦτο
1207 3523 1423 3595 Μελχὸλ
1451 3529 1484 3595 ή
1515 3527 1654 3597 γυνὴ
1702 3529 1804 3580 αὺ-

236 3615 344 3676 τοῦ.
368 3615 459 3670 διὰ
485 3615 701 3690 θυρίδος
733 3617 824 3670 τὸν
853 3615 1024 3688 ἄνδρα
1072 3619 1379 3688 κατήγαγε,
1427 3619 1522 3672 καὶ
1573 3621 1802 3693 ἀπέδρα.

239 3705 440 3762 Ἐωθεν
469 3708 526 3762 δέ
557 3708 653 3762 τοῦ
689 3708 865 3762 Σαοὺλ
923 3708 1241 3779 πέμψαντος
1283 3711 1377 3765 ἐπὶ
1420 3709 1512 3764 τὸν
1561 3711 1804 3784 Δαϐὶδ,ή

247 3803 442 3874 Μελχὸλ
470 3804 574 3875 τὴν
607 3804 800 3875 κλίνην
830 3804 1195 3874 ἐτοιμάσασα,
1226 3803 1302 3869 ὣς
1361 3821 1504 3868 τινος
1556 3807 1614 3858 ἒν
1667 3807 1804 3878 αὖτῇ

247 3899 505 3967 κειμένου,
560 3899 658 3952 καὶ
719 3898 834 3961 τοῖς
899 3895 1272 3967 ἐπιϐλήμασιν
1336 3896 1600 3951 ὑποθεῖσα
1653 3893 1806 3970 ἧπαρ

247 3989 383 4058 αἰγὸς
410 3990 770 4061 νεοσφαγοῦς,
796 3993 872 4053 ὡς
903 3990 970 4044 ἂν
997 3992 1064 4060 τῇ
1097 3990 1291 4045 τούτου
1323 3992 1536 4062 κινήσει
1578 3991 1640 4044 τὸ
1683 3991 1806 4044 ἐπί-

250 4084 415 4154 ϐλημα
444 4085 810 4156 σαλευόμενον
836 4085 1058 4156 δόκησιν
1085 4087 1341 4157 παράσχῃ
1387 4085 1601 4140 κεῖσθαι
1653 4085 1806 4158 παρὰ

249 4178 306 4245 τῇ
333 4176 484 4248 κλίνη
515 4164 662 4242 τινά,
706 4176 918 4244 εἰσάγει
956 4177 1084 4241 τοὺς
1115 4177 1432 4241 σταλέντας,
1485 4178 1582 4232 καὶ
1628 4180 1805 4232 νοσεῖν

244 4271 328 4322 τὸν
358 4271 518 4343 ἄνδρα
556 4271 744 4340 φησίν.
781 4271 841 4326 Ol
877 4271 934 4324 δὲ
958 4271 1300 4340 ἀπήγγειλαν
1323 4271 1400 4342 τῷ
1443 4271 1636 4324 Σαούλ.
1697 4271 1805 4325 Καὶ

245 4360 296 4415 6:
319 4364 404 4417 ἐπὶ
428 4365 524 4431 τῆς
545 4364 737 4437 κλίνης
757 4364 916 4417 αὑτὸν
943 4363 1174 4434 ἀχθῆναι
1201 4363 1595 4419 διακελεύεται.
1615 4365 1808 4418 Ἀπελ-

247 4454 413 4520 θόντες
434 4459 490 4513 δέ
521 4459 573 4512 οἱ
601 4457 969 4528 πεμφθέντες,
996 4456 1208 4527 καὶτῆς
1241 4456 1429 4527 κλίνης
1455 4458 1720 4528 ἀράμενοι
1745 4459 1807 4512 τὸ

246 4547 528 4620 ἐπίϐλημα,
559 4550 622 4603 τὸ
654 4551 940 4620 τέχνασμα
980 4548 1340 4619 κατενόησαν,
1376 4549 1470 4602 καὶ
1498 4550 1574 4620 τῷ
1601 4549 1810 4620 βασιλεῖ

248 4643 699 4711 κατηγγέλκασιν.
729 4640 887 4694 Οὕτω
917 4641 972 4694 δέ
1007 4641 1100 4694 τὸν
1130 4639 1363 4694 θάνατον
1403 4642 1431 4693 6
1459 4643 1624 4695 Δαϐὶδ
1642 4645 1812 4713 ἐκφυ-

1907 3174 2034 3214 cum
2061 3157 2232 3214 David
2274 3157 2636 3214 abducendus
2685 3168 2855 3224 esset,
2889 3160 3123 3217 Melehol
3163 3162 3241 3219 ita
3291 3178 3484 3235 parato

1907 3253 2136 3317 lectulo,
2187 3252 2346 3323 quasi
2390 3252 2593 3320 aliquis
2627 3252 2680 3306 iu
2725 3267 2792 3307 eo
2835 3253 3067 3325 jaceret,
3115 3265 3173 3310 et
3220 3261 3480 3330 stragulis

1910 3345 2077 3401 corde
2136 3360 2330 3400 recens
2387 3353 2638 3399 mactatae
2705 3360 2882 3414 Caprze
2929 3348 3218 3416 supposito
3251 3391 3265 3412 ,
3316 3354 3480 3424 cujus

1912 3447 2061 3494 motu
2109 3438 2351 3508 stragula
2398 3437 2601 3508 agitata
2649 3437 2969 3506 opinionem
3004 3439 3292 3505 aﬂ‘errent,
3326 3444 3484 3513 quasi

1909 3531 2109 3602 aliquis
2137 3531 2192 3585 in
2238 3531 2444 3585 lectulo
2481 3530 2858 3596 recumberet,
2895 3534 3094 3589 missos
3154 3536 3479 3605 introducit,

1912 3623 2172 3676 maritum
2222 3630 2489 3692 aegrotare
2540 3622 2779 3677 dicens:
2829 3639 2941 3692 quo
2993 3625 3126 3680 Saul
3178 3632 3480 3698 nuntiato,

1911 3729 2038 3769 eum
2073 3715 2131 3769 in
2187 3716 2331 3769 lecto
2393 3714 2578 3768 afferri
2615 3715 2794 3785 jubet.
2852 3715 2934 3770 Illi
2991 3719 3212 3775 sublato
3252 3721 3482 3788 lectulo,

1911 3808 2239 3877 rejectisque
2269 3807 2647 3876 operimentis,
2684 3818 3052 3863 commentum
3079 3809 3482 3880 deprehensum

1912 3897 2027 3968 regi
2063 3898 2340 3951 nuntiant.
2377 3896 2469 3952 Sic
2499 3896 2667 3951 David
2697 3898 2865 3954 vitata
2909 3909 3103 3965 morte,
3141 3902 3484 3963 Annatbaim

1911 3993 1976 4046 ad
2004 3990 2313 4047 Samuelem
2329 4005 2448 4044 sese
2480 3989 2714 4056 oonfert,
2747 4007 2871 4046 cum
2907 4009 2972 4048 eo
2994 3994 3276 4052 Nabiotbae
3302 3999 3488 4056 Batnas

1915 4085 2141 4156 degens.
2181 4083 2310 4140 Saul
2346 4099 2414 4137 eo
2437 4098 2658 4154 quoque
2681 4085 2852 4140 mittit
2881 4087 3168 4152 satellites,
3203 4093 3298 4160 qui
3326 4093 3482 4148 Davi.

1913 4176 2038 4232 dem
2077 4175 2422 4232 abducerent
2465 4175 2609 4244 :qui
2666 4190 2791 4230 cum
2815 4191 2884 4231 eo
2929 4179 3336 4248 pervenissent,
3395 4184 3485 4238 in-

1911 4279 2078 4326 vento
2127 4268 2521 4340 prophetarum
2565 4277 2840 4324 conventu
2868 4309 2883 4333 ,
2944 4271 3238 4327 vaticinari
3282 4282 3340 4330 et
3374 4276 3482 4346 ipsi

1841 4399 1880 4451 υ
1913 4373 2227 4434 coeperunt.
2277 4361 2354 4416 Eo
2395 4361 2617 4431 cognito
2659 4378 2753 4417 rex
2787 4361 2924 4417 alios
2956 4361 3146 4426 mittit,
3179 4365 3382 4434 quibus
3427 4377 3485 4424 et

1918 4456 2055 4526 ipsis
2112 4452 2308 4508 eodem
2355 4451 2520 4506 modo
2567 4451 2805 4512 affectis,
2839 4453 3038 4508 iterum
3089 4454 3260 4509 mittit
3301 4457 3481 4513 alios:

1907 4547 2002 4618 qui
2041 4562 2164 4601 eum
2209 4555 2266 4600 et
2316 4545 2418 4615 ipsi
2467 4544 2695 4599 numine
2753 4544 2918 4600 aﬂlati
2955 4557 3144 4601 essent
3173 4588 3188 4611 ,
3243 4548 3361 4619 ipse
3402 4551 3484 4606 ira

1908 4640 2175 4711 percitus,
2205 4652 2438 4708 propere
2469 4637 2791 4703 descendit;
2825 4653 3063 4708 cumque
3099 4657 3268 4710 prope
3292 4657 3480 4700 acces-

248 4732 373 4797 γὼν,
405 4735 477 4805 τῷ
509 4735 767 4807 Σαμουὴλ
812 4737 891 4799 είς
933 4733 1256 4807 Ἀρμαθαῒμ
1283 4733 1680 4805 προσελήλυθε,
1715 4737 1802 4790 καὶ

1909 4736 2093 4795 sisset,
2131 4731 2319 4787 itidem
2377 4730 2668 4785 vaticinari
2715 4731 2904 4800 cmpit.
2935 4731 3055 4798 Quo
3091 4741 3338 4803 tempore
3383 4739 3477 4805 qui

248 4820 337 4876 σὺν
365 4825 550 4898 ἐκείνῳ
571 4827 760 4899 διῆγεν
787 4829 843 4880 ὲν
867 4825 1086 4880 Ναϐιὼθ
1119 4827 1198 4888 είς
1235 4826 1432 4896 Ῥαμὰ.
1458 4828 1672 4896 Πέμπει
1696 4831 1805 4883 τοί-

247 4932 332 4968 νυν
353 4919 549 4973 κὰκείό
595 4920 769 4974 Σαοὺλ
815 4920 940 4982 τοὺς
999 4917 1231 4986 ἄξοντας
1269 4918 1361 4972 τὸν
1404 4919 1590 4974 Δαϐίδ.
1656 4923 1720 4976 Oi
1758 4922 1802 4975 δ’

247 5006 578 5076 ἀπελθόντες,
613 5013 708 5065 καὶ
730 5010 1028 5082 προφητῶν
1058 5010 1358 5080 ἐκκλησίαν
1386 5011 1662 5082 εὑρόντες,
1707 5016 1805 5069 καὶ

247 5099 391 5154 αὐτοὶ
410 5105 805 5176 προεφήτευον.
829 5102 1001 5156 Τοῦτο
1025 5101 1214 5172 μαθὼν
1230 5105 1256 5157 6
1279 5101 1558 5174 βασιλεὺς,
1583 5106 1804 5177 ἐτέρους

1912 4829 1989 4882 ibi
2016 4835 2194 4890 erant,
2226 4823 2569 4880 celebratum
2602 4824 2739 4879 illud
2775 4826 3129 4893 protulerunt
3162 4845 3175 4882 :
3225 4826 3485 4898 Nunquid

1914 4930 1963 4975 et
2002 4917 2136 4974 Saul
2175 4919 2314 4972 inter
2345 4917 2678 4987 prophetas?
2710 4915 2849 4970 Cum
2886 4932 3016 4972 vero
3059 4918 3125 4971 ad
3173 4918 3480 4974 Samuelem

1913 5016 2256 5076 accessisset,
2315 5013 2550 5066 alienata
2606 5021 2824 5076 mente,
2869 5013 3159 5083 exutisque
3215 5014 3482 5076 vestibus,

1912 5117 2088 5163 totum
2121 5105 2267 5160 diem
2300 5112 2582 5174 totamque
2605 5113 2822 5157 noctem
2847 5104 3030 5159 nudus
3051 5105 3245 5173 jacuit.

247 5192 442 5262 πέμπει
463 5198 763 5252 ’κάκείνων
785 5196 1023 5266 σχόντων
1040 5193 1264 5266 ὁμοίως,
1312 5197 1505 5260 ἄλλους
1559 5200 1866 5258 ἀπέστειλε.
1913 5205 2019 5258 Καὶ
2054 5201 2162 5254 τῶν
2200 5200 2396 5270 τρίτων
2418 5196 2475 5250 δέ
2509 5197 3068 5267 κατόχυινγεγονότων
3097 5197 3174 5265 τῷ
3192 5195 3479 5266 πνεύματι,

247 5291 399 5357 αὐτὸς
460 5296 778 5368 ἐξώρμησεν
849 5295 940 5349 ὑπ’
977 5294 1169 5367 ὀργῆς,
1218 5293 1314 5346 καὶ
1363 5292 1691 5362 πλησιάσας,
1754 5297 2126 5368 προφητεύειν
2191 5293 2396 5364 ήρξατο
2437 5297 2530 5345 καὶ
2575 5283 2757 5355 αὐτός.
2795 5291 2920 5343 Ὅτε
2971 5290 3063 5346 καὶ
3105 5289 3164 5340 τὸ
3220 5289 3484 5360 ᾀδόμενον

244 5385 288 5433 oi
313 5385 426 5440 ἐκεῖ
452 5391 714 5462 παρόντες
748 5386 1104 5458 ἐφθέγξαντο,
1129 5387 1212 5451 τὸ,
1246 5388 1317 5440 El
1349 5387 1449 5440 καὶ
1495 5387 1694 5442 Σαοὺλ
1739 5389 1809 5443 ἐν
1846 5389 2220 5458 προφήταις;
2274 5385 2472 5439 Ἐλθὼν
2515 5385 2573 5439 δὲ
2645 5386 2778 5439 ὅπου
2823 5379 2890 5453 ἦν
2939 5380 3211 5451 Σαμουὴλ,
3266 5383 3486 5455 ἔκφρων

245 5471 422 5550 ὥσπερ
454 5486 764 5552 γενόμενος,
797 5479 902 5538 καί
935 5483 1034 5552 τὴν
1099 5479 1304 5550 ἐσθῆτα
1353 5481 1805 5550 περιδυσάμενος,
1848 5485 2056 5554 γυμνὸς
2077 5482 2254 5535 ἔκειτο
2277 5479 2343 5534 δι’
2373 5480 2499 5550 ὅλης
2537 5480 2638 5548 τῆς
2669 5478 2876 5549 ἡμέρας
2904 5476 2998 5530 καὶ
3017 5475 3116 5545 τῆς
3142 5478 3354 5539 νυκτός.

311 5567 436 5622 AA'.
471 5575 529 5627 ’0
557 5574 614 5628 δέ
643 5576 810 5628 Δαίδὶὸ
844 5574 1054 5627 ἐκεῖθεν
1084 5573 1318 5642 ἀπέδρα,
1369 5573 1460 5626 καὶ
1503 5572 1582 5642 τῷ
1628 5574 1808 5628 Ἰωνά-

245 5654 340 5712 Θαν
365 5664 454 5734 τὴν
481 5669 599 5720 κατ’
617 5667 785 5721 αὑτοῦ
810 5668 903 5722 τοῦ
933 5668 1142 5738 πατρὸς
1174 5669 1492 5738 μεμήνυκεν
1521 5667 1806 5738 ἐπιχείρη-

247 5763 328 5801 σιν
346 5765 362 5781 ο
389 5753 416 5806 6
440 5755 494 5809 δέ
527 5758 768 5827 ἠπίστει.
811 5760 994 5826 Ἦξίου
1025 5761 1081 5815 δὲ
1103 5761 1268 5814 αὐτὸν
1297 5760 1324 5812 6
1352 5760 1517 5814 Δαϐὶδ
1573 5759 1807 5815 ἀπόπει-

537 5854 805 5915 Ρλτιιοι.
859 5857 976 5919 Gn.
1024 5857 1371 5918 CXXXIV.

1990 5575 2184 5631 XXXI.
2246 5573 2416 5629 David
2465 5572 2594 5626 inde
2651 5567 2957 5637 aufugiens.
3013 5565 3266 5623 Jonathae
3314 5571 3486 5639 patriSi

1917 5679 2109 5724 contra
2164 5682 2222 5721 se
2281 5673 2540 5720 conatum
2588 5659 2880 5730 signiﬁcat.
2917 5659 3077 5725 Quod
3110 5674 3235 5714 cum
3263 5659 3353 5715 ille
3378 5677 3484 5714 non

1915 5757 2186 5822 crederet,
2209 5756 2321 5828 66
2345 5753 2476 5826 petit
2521 5760 2580 5808 ut
2614 5749 2825 5822 paterni
2857 5749 3024 5806 animi
3067 5751 3370 5822 periculum
3407 5749 3483 5803 far

3134 5846 3171 5901 5
