3964 6252
338 318 339 321 η
453 286 555 352 H3

1756 282 2076 346 JOANNIS
2115 285 2440 350 ZONARE

3596 295 3694 363 144

442 401 612 458 David
635 399 701 455 ad
745 399 1019 472 Abigaeam
1053 397 1244 462 mittit.
1282 409 1513 467 eamque
1554 391 1748 448 ambit.
1778 392 1895 459 Illa,
1917 399 2006 447 ets

2126 392 2210 459 ὃς,
2240 393 2461 466 δείματι
2484 412 2546 451 τε
2585 396 2680 454 καὶ
2710 397 2855 472 λύπῃ
2885 402 3261 475 κατασχεθεὶς,
3294 422 3358 461 ου
3393 409 3613 478 πλείους
3639 431 3699 470 τε

443 496 565 552 talis
589 494 696 551 viri
733 493 992 566 conjugio
1021 508 1082 547 sc
1112 491 1391 561 indignam
1420 502 1543 544 esse
1580 485 1815 552 diceret,
1838 494 2022 540 tamen

437 588 489 644 ei
525 587 706 644 nubit.
751 587 967 642 Interea
1003 583 1132 639 Saul
1168 581 1359 638 Davidi
1391 578 1757 635 nihilominus
1789 576 2023 632 insidia-

439 690 551 745 tur,
578 695 706 735 eum
744 677 923 733 tribus
959 675 1300 731 delectorum
1330 672 1577 727 millibus
1620 671 1777 743 juxta
1816 669 2019 723 collem

436 772 702 828 Echelam
773 767 970 824 castris
1024 765 1241 837 positis,
1287 779 1399 835 quo
1447 761 1653 817 inloco
1680 758 1852 815 David
1891 774 2018 814 cum

437 864 554 921 suis
585 858 1008 934 quadringentis
1034 858 1167 913 viris
1202 855 1549 912 versabatur.
1589 851 1637 907 ls
1671 866 1797 907 cum
1823 850 2016 905 Amesa

436 968 607 1013 noctu
649 957 705 1010 in
734 963 917 1009 castra
950 951 1135 1007 Saulis
1167 947 1474 1020 profectus,
1510 958 1688 1015 usque
1735 944 1793 998 in
1835 950 2020 996 tento—

436 1051 579 1105 rium
615 1046 763 1115 regis
805 1040 1143 1099 dormientis
1189 1038 1468 1106 penetrat,
1504 1034 1600 1088 ubi
1658 1032 1915 1087 Amesam
1947 1027 2016 1083 ad

431 1134 828 1194 trucidandum
865 1145 1050 1203 regem
1082 1130 1372 1185 incitatum
1401 1123 1637 1189 inhibet,
1672 1121 1831 1177 hasta
1875 1117 2019 1174 dun-

428 1238 589 1286 τειχει
635 1236 693 1283 et
747 1224 944 1297 hydria
994 1220 1376 1293 regis‘ablata
1419 1215 1736 1281 discedunt,
1795 1211 2017 1267 nemine

433 1321 918 1379 animadvertente
946 1336 959 1372 :
996 1317 1251 1387 quamvis
1281 1313 1536 1368 Abnerus
1561 1350 1577 1374 ,
1617 1308 1888 1377 multique
1920 1305 2013 1361 alii

420 1416 645 1472 circum
687 1426 870 1482 regem
910 1411 1182 1481 jacerent.
1220 1407 1411 1477 Itaque
1464 1402 1672 1458 montis
1722 1397 2014 1456 cacumine

428 1519 783 1570 conscenso,
835 1503 1112 1557 Abnercm
1162 1500 1251 1555 his
1300 1497 1490 1552 verbis
1543 1494 1856 1550 inclamat:
1907 1489 2016 1544 Cur

432 1615 539 1655 non
560 1596 790 1651 custodis
827 1610 1001 1666 regem
1029 1594 1055 1647 ἵ
1086 1592 1217 1647 Ecce
1260 1591 1400 1645 uobis
1428 1589 1630 1661 ignaris
1659 1584 1879 1659 quidam
1927 1584 2014 1637 ine

431 1693 599 1765 gressi
629 1699 772 1756 sunt,
819 1692 888 1744 ad
942 1703 1061 1741 eum
1103 1683 1466 1741 occidendum.
1497 1679 1690 1747 Qua-re
1719 1678 1930 1732 hastam
1964 1682 2013 1729 et

429 1762 680 1856 hydriam
737 1783 873 1855 regis
905 1824 922 1850 ,
976 1791 1032 1835 ut
1073 1778 1363 1850 intelligas,
1417 1774 1575 1848 quale
1606 1790 1695 1829 uos
1719 1769 2010 1844 periculum
2040 1762 2089 1823 B

431 1875 698 1947 fefellerit.
743 1873 874 1929 Saul
926 1871 1115 1942 agnita
1142 1883 1276 1923 voce
1327 1863 1698 1936 Davidis,qui
1742 1876 1871 1920 cum
1918 1874 2014 1916 oc-

428 1967 617 2024 cidere
693 1964 1001 2037 potuisset,
1061 1962 1245 2018 denuo
1316 1958 1423 2014 sibi
1500 1956 1888 2029 pepercisset,
1951 1967 2012 2008 se

428 2076 685 2134 peccasse
735 2054 962 2123 fatetur,
1015 2070 1082 2111 ac
1125 2053 1328 2111 mentis
1363 2067 1556 2109 errore
1593 2048 1736 2106 εἰὶὶεί
1779 2065 1795 2104 :
1842 2045 2013 2104 Davi-

428 2157 669 2224 demque
742 2151 892 2206 bono
970 2151 1158 2204 animo
1224 2161 1348 2202 esse
1409 2144 1614 2220 iubet,
1673 2140 2014 2209 domumque

425 2262 585 2303 suam
629 2245 854 2301 reverti.
912 2244 984 2296 At
1039 2241 1131 2296 ille
1179 2238 1486 2295 :Dominns
1514 2281 1528 2301 ,
1578 2233 1779 2306 inquit,
1833 2245 2016 2303 quem-

425 2339 541 2413 39
563 2355 663 2409 que
693 2352 787 2405 pro
825 2335 1037 2406 iustitia
1067 2340 1117 2387 et
1144 2332 1250 2402 ﬁde
1287 2347 1384 2386 sua
1414 2336 1804 2385 remuneretur.
1841 2326 2012 2382 Cum-

428 2450 536 2505 que
582 2428 860 2486 sexcentis
912 2425 1028 2483 suis
1074 2425 1144 2482 ad
1183 2423 1440 2480 Anehum
1486 2422 1678 2478 Gethae
1723 2435 1904 2493 regem
1949 2434 2010 2475 se

427 2524 680 2585 confert,
729 2530 893 2591 atque
940 2519 1015 2574 ibi
1066 2532 1286 2573 menses
1327 2525 1567 2587 quatuor
1610 2521 2008 2571 commoratur.

423 2619 565 2675 Cum
596 2625 780 2671 autem
821 2610 1097 2669 Palaestini
1135 2609 1341 2667 bellum
1384 2608 1645 2666 lsraelitis
1685 2606 1893 2663 illaturi
1923 2620 2012 2662 es-

424 2719 584 2776 sent,
612 2709 840 2767 Auchus
878 2704 1070 2763 Davldi
1114 2705 1195 2761 ait
1227 2723 1241 2759 :
1269 2703 1524 2775 Nunquid
1558 2712 1610 2759 et
1657 2711 1714 2760 tu
1757 2721 1876 2759 cum
1906 2708 2010 2763 tuis

427 2819 632 2860 mecum
673 2801 744 2857 ad
788 2797 984 2854 bellum
1036 2797 1361 2870 egredieris?
1414 2797 1735 2868 Respondet
1777 2797 1901 2865 ille,
1948 2813 2009 2855 se

425 2902 706 2948 strenuam
748 2902 974 2960 Operam
1024 2896 1378 2945 navaturum.
1424 2886 1690 2944 Hostibus
1721 2888 1834 2960 jam
1872 2888 2009 2946 ﬁnes

422 2985 798 3042 lsraelitarum
857 2981 1151 3054 ingressis,
1209 2978 1342 3035 Saul
1394 2980 1779 3051 perturbatus,
1832 2980 2005 3037 Deum

422 3075 687 3142 consulit,
736 3082 925 3129 utrum
972 3086 1155 3143 pugna
1204 3071 1443 3126 ineunda
1479 3070 1550 3125 sit
1583 3089 1598 3127 :
1628 3087 1739 3142 quo
1772 3086 1883 3127 non
1914 3087 2006 3128 re-

424 3168 754 3240 spondente,
799 3163 1308 3237 Engastrimythum
1352 3163 1571 3234 quaerit,
1616 3171 1672 3218 et
1715 3164 2004 3220 mulierem

423 3264 707 3329 convenit,
741 3271 954 3317 mutato
988 3260 1179 3315 habitu
1210 3275 1280 3317 ne
1310 3270 1725 3332 agnosceretur,
1758 3262 2008 3333 petitque

423 3358 700 3415 Samuelis
742 3354 849 3412 sibi
893 3369 1084 3411 manes
1112 3353 1237 3410 elici
1274 3355 1412 3426 :qui
1450 3370 1575 3411 cum
1617 3357 1831 3412 evocati
1878 3357 2005 3428 qui-

421 3452 657 3509 busdam
686 3447 1030 3505 carminibus
1059 3447 1403 3514 viderentur,
1432 3446 1563 3503 Saul
1592 3465 1606 3503 :
1641 3447 2004 3515 Vehementer,

419 3538 619 3609 inquit,
658 3553 827 3608 angor
855 3551 874 3590 :
903 3551 1029 3591 nam
1058 3544 1109 3590 et
1138 3533 1451 3607 alienigenas
1487 3546 1674 3592 contra
1702 3556 1785 3595 me
1822 3556 2008 3596 conue-

417 3637 635 3696 nerunt,
679 3638 728 3683 et
772 3627 909 3681 Deus
948 3643 981 3682 a
1015 3643 1097 3681 me
1141 3628 1371 3683 recessit.
1418 3627 1694 3686 Samuelis
1722 3640 2003 3701 spectrum

415 3723 716 3795 respondet
745 3739 760 3777 :
807 3720 955 3776 Fecit
989 3737 1052 3776 ea
1084 3720 1364 3785 Dominus.
1395 3739 1513 3795 quae
1549 3731 1645 3796 per
1685 3742 1767 3780 me
1802 3726 2003 3796 pra'di-

412 3822 592 3878 serat,
614 3827 835 3883 regnum
863 3809 957 3866 abs
977 3819 1027 3865 te
1054 3810 1325 3882 auferens,
1343 3812 1505 3884 idque
1533 3814 1725 3870 Dauidi
1747 3817 2001 3884 tribuens,

416 3916 469 3961 et
501 3905 768 3977 populum
795 3904 1026 3959 hostibus
1058 3905 1360 3974 suljieiens.
1405 3905 1478 3961 Tu
1519 3924 1641 3963 cera
1681 3909 1887 3983 ﬁliique
1924 3913 2004 3968 tui

413 4014 536 4053 oras
593 3999 812 4053 cadetis.
869 3997 964 4053 llis
1009 3996 1256 4062 auditis,
1311 3997 1443 4054 Saul
1495 4000 1706 4071 ingenti
1765 4020 2003 4061 maerore

415 4091 673 4158 aﬂ'ectus,
704 4090 964 4146 discedit.
993 4089 1113 4144 iam
1157 4099 1335 4145 castra
1370 4102 1671 4160 posuerant
1710 4094 1916 4163 hostes,
1947 4107 2004 4152 et

413 4182 584 4239 David
628 4198 754 4238 cum
798 4182 916 4237 suis
960 4181 1237 4236 sexcentis
1280 4196 1311 4236 a
1354 4189 1513 4253 tergo
1556 4198 1753 4239 eorum
1800 4186 2002 4244 stativa

413 4275 680 4331 habebat.
720 4273 932 4329 “Verum
980 4271 1219 4342 satrapis
1257 4287 1370 4326 non
1414 4273 1757 4343 probabatur
1800 4292 1864 4332 ea
1909 4292 2001 4332 so-

410 4367 603 4423 cietas.
635 4363 1020 4419 Cansabantur
1043 4366 1215 4431 enim,
1246 4369 1602 4422 metuendum
1634 4384 1758 4425 esse
1789 4386 1860 4427 ne
1889 4387 1997 4444 qua

2123 485 2236 540 τῶν
2286 486 2422 543 δέκα
2474 489 2728 556 ἐπιϐιοὺς
2775 494 3021 566 ἡμερῶν,
3071 498 3351 571 ἀπέρρηξε
3398 503 3501 574 τὴν
3531 505 3698 578 ζωήν.

2122 580 2235 634 Καὶ
2259 582 2417 637 τοῦτο
2452 584 2641 656 μαθὼν
2663 587 2903 653 όΔαϐὶδ,
2928 589 3220 646 ἀπέστειλε
3251 595 3390 666 πρὸς
3414 594 3701 667 Ἀϐιγαίαν

2124 672 2414 743 μνώμενον
2443 677 2617 749 αὐτὴν
2650 678 2853 749 ἐαυτῷ.
2886 679 2950 734 Ἦ
2975 681 3031 735 δὲ
3070 684 3172 737 οὐκ
3205 684 3364 751 ἀξίαν
3386 684 3543 742 εἶπεν
3571 690 3700 744 ἐαυο

2119 763 2223 835 τὴν
2275 761 2418 821 εἶναι
2467 769 2607 840 πρὸς
2657 772 2981 842 συνοίκησιν
3021 776 3251 849 τοιούτῳ
3305 779 3477 853 ἀνδρί.
3510 783 3701 853 Ὅμως

2123 858 2310 927 μέντοι
2343 860 2581 932 ἀπῆλθε,
2607 864 2702 919 καὶ
2735 864 2931 920 ἐλαϐεν
2971 869 3146 942 αὐτὴν
3205 873 3286 936 είς
3329 877 3569 942 γυναῖκα
3594 879 3700 931 Δα-

2121 948 2227 1006 ϐίδ.
2274 950 2332 1003 Ὀ
2361 951 2417 1006 δέ
2467 953 2644 1008 Σαοὺλ
2695 955 3059 1013 ἐπεϐούλευεν
3093 960 3175 1017 ἔτι
3218 963 3396 1035 αύτῷ,
3434 967 3530 1020 καὶ
3561 969 3701 1037 μετά

2117 1043 2443 1114 τρισχιλίων
2469 1045 2717 1117 λογάδων
2747 1053 3242 1124 στρατοπεδεύεται
3272 1057 3426 1128 παρά
3458 1059 3551 1113 τὸν
3580 1059 3701 1131 βου-

2117 1134 2209 1188 νὺν
2243 1136 2496 1208 Ἐχελάτ,
2535 1140 2674 1196 ὅπου
2704 1143 2983 1215 διέτριϐεν
3021 1145 3050 1200 ό
3081 1146 3248 1202 Δαϐὶδ
3277 1150 3419 1222 μετά
3446 1152 3561 1206 τῶν
3600 1153 3702 1208 σὺν

2117 1228 2271 1301 αὐτῷ
2323 1235 2698 1304 τετρακοσίων
2750 1237 2983 1310 ἀνδρῶν.
3035 1241 3252 1309 Νυκτὸς
3310 1245 3369 1299 δέ
3418 1248 3700 1321 ἐπορεύθη

2115 1321 2281 1378 Δαϐὶδ
2331 1324 2497 1392 αὐτὸς
2545 1329 2642 1383 καὶ
2705 1329 2912 1401 Ἀμεσά
2943 1335 3025 1400 είς
3069 1334 3170 1407 τὴν
3220 1338 3577 1413 παρεμϐολὴν
3604 1342 3704 1397 τοῦ

2114 1415 2312 1482 Σαοὺλ,
2347 1421 2444 1474 καὶ
2476 1423 2750 1494 εἰσῆλθον,
2786 1426 2922 1482 ὅπου
2953 1424 3024 1500 ἦν
3057 1416 3335 1487 καθεύδων
3359 1434 3552 1489 Σαούλ.
3590 1438 3704 1492 Καὶ

2114 1506 2210 1559 τοῦ
2241 1508 2454 1579 ’Δμεσά
2485 1512 2700 1569 ἀνελεῖν
2727 1516 3057 1591 ὡρμηκότος
3096 1512 3286 1591 αὐτὸν,
3321 1525 3435 1580 σῦκ’
3463 1526 3653 1583 εἴασεν
3676 1529 3706 1581 ὁ

2115 1600 2306 1658 Δαϐίδ.
2344 1603 2417 1656 Τὸ
2445 1604 2580 1677 δόρυ
2609 1607 2665 1662 δέ
2691 1608 2787 1662 τοῦ
2817 1609 3092 1682 βασιλέως
3146 1617 3243 1670 καὶ
3274 1618 3336 1671 τὸ
3357 1619 3580 1688 ἀγγεῖον
3603 1620 3701 1674 τού

2119 1693 2317 1794 ὕδατος
2339 1696 2598 1794 λαϐόντες
2629 1703 2877 1794 ἐξῆλθον,
2907 1708 2981 1779 μή
3013 1725 3160 1773 τινος
3195 1711 3527 1783 αἰσθομένου
3555 1730 3569 1743 ·
3602 1716 3705 1768 καὶ

2116 1786 2291 1840 ταῦτα
2337 1786 2435 1842 τοῦ
2486 1788 2753 1865 Ἀϐεννὴρ
2799 1795 2896 1849 τοῦ
2940 1797 3204 1869 ἄρχοντος
3261 1801 3365 1873 τῆς
3412 1801 3704 1874 δυνάμεως

2117 1876 2313 1943 αὐτοῦ,
2350 1879 2452 1935 καὶ
2505 1882 2723 1939 πολλῶν
2776 1886 2983 1957 ἐτέρων
3036 1889 3225 1961 κύκλῳ
3271 1893 3547 1960 κειμένων
3601 1893 3702 1948 τοῦ

2117 1968 2412 2041 βασιλέως.
2453 1972 2725 2030 Ἀνελθὼν
2757 1978 2817 2033 δέ
2849 1980 2944 2032 ἐπὶ
2972 1981 3034 2035 τὸ
3064 1981 3237 2055 ἀκρον
3266 1985 3362 2039 τοῦ
3391 1986 3554 2058 ὅρους
3590 1994 3702 2041 Δα-

2119 2061 2229 2130 ϐὶδ,
2269 2063 2468 2136 ἐϐόησε
2502 2067 2641 2139 πρὸς
2681 2069 2776 2124 τὸν
2802 2070 3101 2146 Ἀϐεννήρ·
3135 2079 3202 2131 Τί
3238 2077 3325 2131 ὅτι
3357 2081 3431 2135 οὐ
3460 2080 3703 2150 φυλάσ-

2121 2168 2257 2222 σεις
2300 2157 2411 2212 τὸν
2470 2160 2774 2231 ,ϐασιλέικ
2809 2164 2968 2221 Ἰδοὺ
3022 2167 3134 2238 τὰρ
3185 2170 3483 2241 εισῆλθόν
3538 2191 3703 2242 τινες

2116 2246 2344 2360 ξεῖναι
2362 2252 2579 2360 futilis,
2597 2256 2699 2360 real
2720 2258 2903 2360 dissic
2931 2263 3043 2317 οὐκ
3071 2263 3390 2334 ἐγνώκατε.
3415 2267 3702 2338 Ζήτησον

2115 2343 2229 2395 οὖν
2255 2343 2324 2399 τὸ
2350 2343 2520 2413 δόρυ,
2542 2349 2641 2403 καί
2672 2350 2782 2404 τὸν
2809 2353 3002 2422 φακὸν
3028 2357 3135 2411 τοῦ
3162 2356 3404 2426 ὓδατος,
3438 2362 3539 2415 καί
3572 2355 3699 2428 οἷος

2113 2433 2255 2504 εῖση
2308 2435 2467 2507 ὑμᾶς
2507 2441 2894 2510 παρελήλυθε
2945 2447 3254 2517 κίνδυνος.
3295 2451 3590 2521 Ἐπιγνοὺς
3639 2453 3698 2509 δέ

2113 2524 2217 2596 τὴν
2266 2530 2456 2601 φωνην
2505 2532 2673 2588 Δαϐὶδ
2712 2537 2743 2589 ό
2789 2537 2986 2605 Σαοὺλ,
3019 2540 3116 2594 καὶ
3162 2541 3241 2607 ὡς
3287 2544 3546 2613 ἐφείσατο
3602 2548 3699 2600 καὶ

2114 2615 2275 2686 αὖθις
2331 2623 2504 2678 αὐτοῦ
2557 2626 2863 2699 δυνάμενον
2913 2631 3080 2687 αὐτὸν
3127 2634 3375 2703 ἀνελεῖν,
3422 2638 3697 2711 ἁμαρτεῖν

2111 2710 2257 2781 εἶπε,
2301 2716 2398 2771 καὶ
2443 2720 2884 2791 μεματαιιῖισθαι,
2912 2725 3012 2778 καὶ
3047 2724 3202 2797 ἠξίου
3252 2727 3477 2802 θαρρεῖν
3504 2710 3691 2798 αὺτὸν,

2111 2807 2212 2861 καὶ
2240 2808 2596 2883 ἐπιστρέφειν
2623 2816 2707 2880 είς
2732 2816 2824 2871 τδν
2853 2813 3004 2873 οἶκον
3026 2819 3216 2878 αὑτοῦ.
3254 2822 3315 2877 '0
3334 2823 3414 2892 δέ,
3451 2828 3690 2896 Κύριος,

2110 2900 2239 2974 ἔφη,
2274 2901 2396 2973 δώῃ
2421 2904 2658 2975 ἑκάστῳ
2695 2909 2848 2965 κατά
2886 2912 3000 2982 τὴν
3036 2913 3439 2989 δικαιοσύνην
3477 2920 3690 2987 αὐτοῦ,

2109 2995 2210 3049 καί
2256 2996 2411 3051 κατὰ
2446 2997 2564 3068 τὴν
2600 3002 2811 3058 πίστιν
2859 3007 3071 3064 αὐτοῦ.
3123 3010 3233 3065 Καὶ
3282 3012 3496 3084 ἀπῆλθε
3550 3015 3694 3085 μετά

2108 3088 2221 3142 τῶν
2262 3091 2361 3148 σὺν
2407 3093 2558 3166 αύτῷ
2589 3095 2887 3163 ἑξακοσίων
2928 3102 3098 3156 Δαϐἰδ
3144 3105 3283 3176 πρὸς
3321 3107 3550 3178 ’Δγχοὺς
3596 3109 3695 3164 τὸν

2112 3178 2344 3252 βασιλέα
2379 3186 2478 3255 τῆς
2509 3187 2635 3257 Γέθ,
2672 3193 2769 3246 καὶ
2801 3193 2993 3265 διῆγεν
3021 3197 3141 3250 ἐκεῖ
3171 3199 3449 3270 τέσσαρας
3490 3200 3688 3273 μῆνας.

2109 3275 2231 3329 Τῶν
2259 3276 2316 3331 δέ
2351 3279 2734 3339 Παλαιστινῶν
2763 3286 2858 3340 ἐπὶ
2883 3286 2978 3342 τὸν
3029 3288 3249 3362 Ἰσραὴλ
3281 3293 3691 3365 ἐκστρατεῦσαι

2110 3365 2477 3441 βουλομένων,
2511 3372 2620 3445 ἔφη
2665 3377 2803 3449 πρὸς
2843 3378 3010 3434 Δαϐὶδ
3042 3384 3071 3436 ό
3149 3384 3423 3456 Ἀγχοῦς·
3463 3390 3691 3455 Συνεξο

2108 3459 2340 3528 ελεύσῃ
2357 3479 2461 3531 μοι
2488 3465 2578 3530 είς
2593 3464 2700 3520 τὸν
2729 3469 2997 3540 πόλεμον
3016 3473 3120 3541 σὺ,
3145 3476 3246 3530 καί
3276 3479 3334 3531 ol
3358 3482 3511 3548 μετὰ
3537 3481 3688 3548 σοῦ;

2109 3551 2365 3645 κάκεῖνος
2405 3555 2560 3627 αὐτῷ
2600 3557 2902 3632 προθύμως
2954 3569 3344 3641 συμμαχήσειν
3391 3572 3684 3645 ὑπέσχετο.

2111 3643 2250 3747 Ἴὲδη
2286 3644 2342 3747 δὲ
2379 3647 2492 3747 τῶν
2537 3649 2855 3747 ἀλλοφύλων
3018 3658 3175 3735 χώρᾳ
3224 3643 3686 3737 προσελασάντων

2108 3735 2219 3789 τῶν
2288 3735 2662 3809 Ἰσραηλιτῶν,
2712 3745 2743 3797 ό
2795 3744 2969 3801 Σαοὺλ
3015 3735 3387 3824 τεθορύϐητο,
3438 3754 3536 3811 καὶ
3589 3755 3685 3811 τοῦ

2104 3824 2242 3920 θεοῦ
2277 3828 2635 3897 ἐπυνθάνετο,
2667 3835 2718 3888 εί
2747 3837 3094 3910 μαχήσεται;
3117 3844 3210 3916 Μὴ
3249 3847 3683 3920 ἀποκρινομένου
3762 3856 3769 3861 ’

2102 3916 2194 3984 δὲ,
2243 3919 2689 3993 ἐγγαστρίμυθον
2739 3924 2977 4000 ἐζήτησε
3003 3970 3021 3994 ,
3069 3934 3168 3987 καὶ
3211 3916 3485 4009 ἐπορεύθη
3520 3916 3683 4010 ’πρὸς

2102 4010 2277 4079 αὐτὴν
2314 4018 2866 4088 μεταμφιασάμενος,
2909 4020 2997 4076 ἵνα
3024 4023 3101 4094 μὴ
3146 4025 3296 4090 ὅστις
3325 4029 3413 4098 sli;
3443 4031 3683 4099 ἐπιγνω-

2105 4104 2230 4196 σθῇ,
2269 4107 2366 4158 καὶ
2395 4106 2602 4177 ⁴ᾔτησεν
2639 4110 2948 4184 ἀναχθῆναι
2989 4116 3141 4188 αὐτῷ
3170 4117 3266 4173 τοῦ
3297 4120 3555 4195 Σαμουὴλ
3581 4124 3682 4196 τὴν

2099 4193 2436 4273 ψυχὴν,καὶ
2465 4201 2706 4273 ἐπῳδαῖς
2749 4222 2893 4261 τισιν
2938 4209 3246 4282 ἀναχθῆναι
3294 4193 3518 4288 δοξάσῃ,
3556 4193 3678 4272 εἷπε

2100 4289 2276 4345 Σαούλ
2295 4306 2308 4320 °
2351 4294 2635 4365 Θλίόομαι
2685 4299 2943 4370 σφόδρα,
2971 4301 3061 4358 ὅτι
3100 4307 3513 4377 συνήχθησαν
3549 4313 3679 4367 κατ’

2099 4378 2247 4449 ἐμοῦ
2291 4385 2348 4438 ol
2384 4384 2749 4456 ἀλλόφυλοι,
2805 4392 2906 4446 καί
2955 4394 2989 4446 ὀ
3059 4396 3281 4464 Κύριος
3327 4398 3682 4470 ἀφέστηκεν

410 4460 519 4516 sibi
554 4457 740 4514 clades
774 4457 845 4512 ab
878 4470 946 4512 eo
982 4456 1285 4513 inferretur
1310 4460 1373 4513 in
1408 4457 1571 4525 bello,
1598 4462 1667 4517 ad
1697 4464 1995 4534 populares

2109 4474 2199 4530 ἀπ’
2229 4474 2398 4545 ἐμοῦ.
2440 4478 2513 4531 Τὸ
2537 4479 2596 4535 δὲ
2620 4481 2715 4535 τοῦ
2758 4483 3010 4556 Σαμουὴλ
3042 4456 3338 4561 φάντασμα
3367 4456 3674 4564 ¹ἀπεκρίθη,

410 4569 543 4610 suos
569 4567 631 4608 se
659 4550 1002 4607 conferente.
1034 4550 1238 4621 itaque
1276 4561 1473 4622 petunt
1503 4562 1562 4608 ut
1606 4555 1851 4614 discedat
1889 4575 1906 4614 :
1935 4569 1993 4616 et

408 4645 638 4701 Auchus
671 4641 906 4712 satrapis
947 4640 1278 4711 obsequens.
1308 4657 1435 4698 eum
1473 4644 1627 4701 abire
1664 4645 1845 4715 jubet.
1875 4650 1999 4706 Dis-

409 4737 561 4794 cedit
593 4736 762 4806 igitur
797 4749 922 4788 cum
964 4735 1079 4789 suis
1108 4734 1279 4790 David
1313 4736 1617 4808 Sicelagem
1642 4779 1658 4806 ,
1693 4741 1764 4797 ab
1799 4743 1990 4800 Ancbo

409 4831 517 4889 sibi
543 4829 611 4885 ad
646 4827 1004 4883 habitandum
1036 4828 1390 4900 assignatam.
1417 4830 1709 4889 'Incensam
1741 4838 1944 4908 reperit
1981 4855 1998 4895 :

406 4937 721 4993 uxoresque
745 4935 873 4976 suas
889 4921 1079 4976 ambas
1100 4936 1226 4975 cum
1252 4922 1513 4979 omnibus
1531 4925 1624 4995 qui
1648 4927 1723 4982 ibi
1747 4928 1990 4998 fuerant,

405 5025 596 5089 captas
669 5014 739 5069 ab
786 5012 1126 5070 Amalecitis.
1186 5013 1267 5068 ‘Ea
1316 5014 1472 5070 clade
1524 5015 1846 5088 deplorata,
1889 5038 1992 5093 per

406 5108 761 5169 Abiatharem
790 5105 1141 5162 sacerdotem
1184 5105 1359 5161 Deum
1402 5110 1663 5174 consulit,
1696 5126 1766 5166 an
1794 5129 1988 5184 persc-

406 5201 611 5271 qucncli
643 5200 753 5256 sint
780 5198 1007 5254 hostes!
1036 5195 1147 5253 Deo
1175 5196 1548 5268 permittente,
1575 5217 1702 5258 cum
1727 5206 1990 5275 quadrin-

404 5294 585 5366 gentis
621 5293 997 5365 persequitur,
1030 5291 1303 5347 ducentos
1347 5291 1417 5346 ad
1461 5292 1983 5365 impedimentorum

402 5386 711 5441 custodiam
738 5385 1022 5457 relinquit.
1048 5384 1119 5439 Et
1145 5384 1377 5453 sparsim
1408 5386 1763 5447 eomedentes
1790 5391 1987 5451 biben-

405 5484 598 5550 tesque
630 5479 886 5550 adeptus,
917 5489 975 5535 et
1012 5492 1080 5535 ex
1115 5477 1417 5550 improviso
1448 5495 1760 5554 aggressus,
1791 5502 1985 5547 omnes

2099 4566 2176 4631 ὡς
2207 4570 2508 4639 "melius
2535 4587 2636 4629 σοι
2659 4577 2695 4630 ό
2723 4578 2940 4646 Κύριος
2967 4578 3086 4634 ὅσα
3111 4582 3265 4649 πρὸς·
3300 4583 3380 4638 σὲ
3406 4589 3679 4656 μεμήνυ-

2098 4676 2171 4714 κε
2234 4662 2346 4734 (51)
2393 4663 2468 4717 δι’
2485 4666 2654 4735 ἐμοῦ,
2692 4668 2792 4722 καί
2827 4670 3164 4740 ἀφαιρεῖταί
3189 4689 3309 4730 σου
3350 4677 3468 4744 τὴν
3493 4680 3681 4744 ,βασι-

2096 4754 2294 4820 λείαν,
2327 4757 2424 4813 καί
2458 4757 2710 4814 δίδωσιν
2727 4760 2926 4831 αὐτὴν
2945 4762 3027 4829 τῷ
3047 4766 3243 4833 Δαϐίδ,
3263 4766 3362 4821 καί
3522 4773 3681 4828 λαὸν

2092 4845 2431 4902 ὑποτάσσει
2462 4848 2589 4916 τοῖς
2614 4853 2946 4922 πολεμιοις.
2981 4855 3067 4910 Σὺ
3090 4856 3162 4911 δὲ
3181 4859 3283 4913 καί
3312 4862 3369 4914 ol
3396 4862 3520 4917 vlol
3553 4879 3676 4920 σου

2095 4936 2312 5004 αὔριον
2365 4939 2677 4998 πεσεῖσθε.
2732 4942 2846 4998 Καὶ
2893 4944 3141 5020 ἐλυπήθη
3206 4950 3415 5022 σφόδρα
3467 4954 3677 5012 τούτων

2096 5026 2337 5091 ἀκούσας
2357 5030 2560 5100 Σαοὺλ,
2577 5032 2672 5087 καὶ
2693 5034 2930 5106 ἀπῆλθε.
2953 5039 3067 5092 Καὶ
3084 5041 3135 5094 oi
3160 5041 3453 5113 ἀλλόφυλοι
3480 5047 3681 5120 ἐστρα-

2097 5120 2496 5176 τοπεδεύσαντο
2521 5142 2534 5155 ·
2572 5125 2665 5178 καὶ
2699 5126 2867 5183 Δαϐὶδ
2893 5131 2986 5183 καὶ
3024 5132 3074 5185 οί
3128 5134 3249 5203 μετ’
3282 5135 3450 5190 αὐτοῦ
3481 5138 3678 5206 ἑξακό-

2098 5232 2204 5270 σιοι
2256 5215 2503 5274 ὄπισθεν.
2546 5219 2674 5283 Τοῖς
2715 5221 2775 5277 δέ
2826 5226 3139 5297 σατράπαις
3186 5229 3291 5285 ούκ
3337 5231 3545 5302 ἤρεσκε
3579 5250 3676 5287 συ-

2095 5309 2496 5378 στρατεύεσθαι
2549 5312 2735 5378 αὐτοῖς
2784 5314 2879 5371 τὸν
2931 5319 3123 5385 Δαϐὶδ,
3179 5320 3423 5392 λέγουσι,
3476 5325 3572 5398 Μή
3620 5343 3675 5381 τι

2092 5401 2268 5455 κακὸν
2297 5403 2607 5474 ἐργάσηται
2632 5407 2715 5470 είς
2745 5409 2917 5476 ἡμᾶς,
2947 5413 3009 5465 ἐν
3038 5413 3118 5486 τῷ
3149 5414 3375 5489 πολέμῳ
3396 5419 3513 5483 τοῖς
3547 5419 3674 5489 ὀμο-

2092 5495 2283 5563 φύλοις
2313 5498 2711 5572 προσθέμενον.
2734 5501 2847 5558 Καὶ
2868 5504 3238 5581 ἀποστρέφειν
3266 5512 3432 5567 αὐτὸν
3455 5510 3668 5584 ἠξίουν.

1640 5643 1843 5706 νει-ἕω
1876 5644 2184 5710 lectiones
2230 5659 2292 5714 et
2337 5663 2505 5718 notte

456 5758 586 5830 ’(51)
618 5759 777 5817 Ὅσα
800 5775 1281 5834 προμεμηνυκεν.
1314 5762 1456 5821 Ὅσα
1484 5764 1622 5838 πρὸς
1653 5764 1714 5820 σὲ
1741 5768 2076 5838 μεμήνυκεν.
2112 5770 2203 5828 W.
