3964 6252
266 415 358 480 145

1561 414 1967 477 ANNALIUM
2017 418 2164 481 LIB.
2210 418 2290 480 Il.

3430 416 3533 483 lilii

256 527 356 580 Kal
378 522 410 579 ὁ
434 520 690 595 Ἄγχους,
712 522 826 585 τοῖς
855 522 1168 592 σατράπαις
1198 522 1543 595 πειθόμενος,
1575 522 1831 578 ἀπελθεῖν

1939 526 2101 582 credit
2127 537 2328 597 praeter
2351 526 2808 600 quadringentos,
2834 529 2937 600 qui
2955 528 3282 586 cursoribus
3304 528 3532 585 camelis

256 617 502 673 έκέλευσε
546 614 627 687 τῷ
671 614 855 668 Δαδίδ.
889 616 1001 669 Kal
1040 614 1100 680 ὃς
1146 614 1360 686 ἀπῆλθε
1412 615 1558 687 μετὰ
1591 614 1705 668 τῶν
1735 614 1836 669 σὺν

255 709 413 780 αὐτῷ.
443 710 553 766 Καὶ
578 701 705 783 εὗρε
740 709 840 781 τὴν
867 709 1128 779 Σικελάγ,
1181 710 1249 782 ἢν
1280 710 1511 766 δέδωκεν
1534 710 1688 783 αὐτῷ
1714 709 1838 779 ’Δγ-

255 805 379 876 χοὺς
408 805 491 868 είς
533 802 862 873 κατοίκησιν
896 803 1414 875 εμπεπυρισμένην,
1451 803 1546 858 καὶ
1593 804 1696 868 τὰς
1738 819 1837 872 γυ-

255 897 444 958 ναῖκας
496 893 701 950 ἑαυτοῦ
755 895 1116 967 ἀμφοτέρας,
1169 896 1265 949 καὶ
1315 894 1432 950 ὅσοι
1483 890 1627 975 ἦσαν
1692 895 1834 960 ἐκεῖ,

256 983 818 1059 αἰχμαλωτισθέντας
875 985 1030 1059 παρὰ
1091 986 1203 1042 τῶν
1255 986 1664 1058 ’Δμαληκιτῶν.
1722 985 1833 1041 Καὶ

255 1078 548 1153 ἀνῴμωξεν
574 1079 672 1133 ἐπὶ
710 1078 888 1150 τούτῳ
921 1078 1089 1133 Δασὶδ
1117 1079 1213 1134 καὶ
1267 1080 1318 1134 οἱ
1349 1080 1470 1152 μετ’
1496 1079 1688 1134 αὐτοῦ.
1717 1079 1832 1134 Καὶ

254 1173 503 1243 ⁴Ιςριὶιτησε
533 1170 628 1225 τὸν
667 1170 805 1225 Θεὸν
835 1170 927 1227 διά
957 1168 1055 1226 τοῦ
1108 1171 1419 1245 ἀρχιερέως
1462 1171 1749 1244 Ἀὗιάθαρ,
1781 1173 1831 1227 εί

255 1264 650 1331 καταδιώξεται
690 1265 872 1321 ὀπίσω
923 1267 1138 1336 αὐτῶνς
1174 1268 1611 1340 Ἐπιτρὲψαντος
1643 1270 1701 1323 δὲ
1734 1268 1831 1324 τοῦ

252 1358 405 1426 Θεοῦ,
450 1359 752 1428 κατεδίωξε
794 1361 936 1432 μετά
982 1361 1093 1416 τῶν
1145 1363 1541 1435 τετρακοσίων.
1587 1362 1729 1427 Τοὺς
1772 1362 1832 1418 δὲ

250 1452 554 1517 διακοσίους
616 1451 713 1506 ἐπὶ
751 1451 971 1524 φυλακῇ
1026 1452 1139 1508 τῶν
1184 1455 1399 1510 σκευῶν
1443 1453 1827 1509 καταλέλοιπε.

252 1547 361 1600 Καὶ
409 1543 592 1617 εὑρὼν
646 1545 1091 1616 δσκεδασμένους
1146 1547 1371 1613 αὐτοὺς,
1421 1547 1708 1612 ἐσθίοντάς
1766 1564 1828 1602 τε

252 1638 344 1692 καὶ
391 1639 655 1700 πίνοντας
681 1677 697 1705 ,
746 1637 842 1691 καὶ
890 1638 1152 1710 αίφνηδὸν
1215 1639 1399 1704 αὐτοῖς
1478 1639 1826 1710 ἐπιθέμενος,

250 1728 385 1799 πλὴν
422 1731 805 1801 τετρακοσίων
849 1732 907 1784 ὲν
950 1731 1193 1803 δρομάσι
1241 1731 1602 1802 πεφευγότων
1643 1734 1830 1803 καμή-

249 1822 375 1887 λοις,
414 1823 623 1887 πάντας
652 1823 969 1891 ἀπέκτεινε,
997 1824 1090 1880 καὶ
1140 1825 1242 1897 τὴν
1272 1825 1425 1880 λείαν
1455 1824 1681 1881 ἃπασαν
1744 1825 1826 1880 δι-

252 1915 515 1970 εσώσατο.
543 1915 1014 1988 Ἀναστρέψαντες
1041 1917 1098 1972 δὲ
1127 1922 1175 1971 οῖ
1202 1917 1342 1990 μετά
1372 1918 1539 1974 Δασῖδ
1556 1919 1817 1990 τετρακό-

251 2024 393 2073 σιοι,
448 2008 554 2074 οὐκ
610 2007 805 2079 ἡθελον
867 2010 1255 2082 συμμεριστάς
1312 2012 1500 2076 αὐτοῖς
1547 2013 1646 2066 καὶ
1699 2012 1830 2076 τοὺς

248 2098 556 2164 διακοσίους
608 2100 888 2169 γενέσθαι.
924 2102 1247 2176 Ἀρκεῖσθαι
1304 2102 1351 2158 δ’
1406 2103 1596 2174 ἠξίουν
1654 2119 1828 2158 σεσω-

253 2193 474 2263 σμέναις
506 2196 628 2259 ταῖς
645 2195 858 2250 ἑαυτῶν
890 2196 1169 2267 γυναιξίν.
1202 2197 1435 2253 Ἀδικον
1471 2198 1528 2252 δὲ
1554 2197 1654 2269 τὴν
1690 2197 1830 2267 γνώο

250 2301 358 2354 μην
388 2284 597 2357 ταύτην
638 2285 856 2360 ἔκρινεν
896 2288 925 2341 δ
953 2289 1143 2356 Δαόὶδ,
1185 2290 1283 2344 καὶ
1316 2291 1519 2362 ἐπίσης
1551 2290 1690 2345 πᾶσι
1721 2290 1831 2344 δεῖν

251 2378 578 2450 μερισθῆναι
618 2380 719 2454 τὴν
760 2381 1032 2451 ὠφέλειαν
1055 2381 1400 2455 ἀπεφήνατο.
1444 2384 1504 2437 '0
1535 2382 1634 2437 καὶ
1666 2383 1829 2455 νόμος

250 2469 433 2526 ἔκτοτε
473 2472 692 2544 γέγονε,
727 2475 1096 2548 συμμερίζειν
1166 2475 1410 2530 κελεύων
1443 2477 1557 2539 τοῖς
1587 2476 1831 2547 μαχομέ-

247 2579 355 2628 νοις
387 2565 459 2619 τά
496 2565 720 2638 λάφυρα
771 2568 915 2622 κατὰ
956 2569 1019 2622 τὸ
1053 2568 1172 2623 ἴσον
1232 2569 1363 2633 τοὺς
1404 2567 1474 2622 τά
1516 2567 1687 2641 σκεύη
1722 2586 1830 2638 φυ-

246 2655 576 2724 λάσσοντας.
620 2660 868 2734 Πολέμου
911 2662 970 2717 δὲ
1013 2663 1389 2738 συρραγέντος
1419 2666 1532 2728 τοῖς
1559 2663 1833 2736 Ἰσραηλί-

247 2765 366 2816 ταις
395 2752 493 2807 καὶ
521 2758 636 2819 τοῖς
670 2756 1084 2827 Παλαιστινοῖς,
1114 2759 1361 2814 πλεῖστοι
1393 2761 1494 2832 μὲν
1525 2760 1831 2815 κτείνονται

249 2842 350 2898 τῶν
397 2844 673 2919 Ἐϐραίων
695 2892 709 2915 ,
735 2855 830 2906 καὶ
878 2854 929 2907 οἱ
983 2852 1133 2927 τρεῖς
1163 2854 1221 2908 δὲ
1256 2854 1447 2919 παῖδες
1484 2855 1658 2909 Σαοὺλ
1696 2855 1830 2909 έπε-

248 2954 360 3004 σον,
396 2939 497 2994 καὶ
524 2940 691 3007 αὐτὸς
722 2945 901 3001 Σαοὺλ
933 2949 1205 3023 ἐτέτρωτο
1238 2950 1321 3015 είς
1359 2949 1430 3005 τά
1472 2950 1829 3022 ὑποχόνδρια.

247 3031 353 3085 Καὶ
389 3035 558 3102 γνοὺς
607 3038 839 3108 καιρίως
877 3040 1239 3113 βεϐλημένος,
1268 3044 1366 3098 καὶ
1398 3045 1459 3098 ού
1500 3043 1833 3115 ζησόμενος,

245 3119 361 3177 εἷπε
411 3126 496 3199 τῷ
545 3129 837 3204 ὁπλοφόρῳ
890 3135 1083 3201 αὐτοῦ,
1130 3138 1464 3207 ἔκκεντῆσαι
1510 3138 1702 3204 αὑτὸν,
1743 3140 1833 3193 ἵνα

248 3217 322 3291 μη
355 3219 472 3285 ζῶν
510 3221 593 3276 ἔτι
622 3228 738 3288 τοῖς
790 3225 1073 3298 πολεμίοις
1111 3226 1324 3301 ληφθῶ.
1365 3228 1472 3283 Τοῦ
1503 3227 1561 3282 δὲ
1591 3229 1666 3300 μὴ
1700 3247 1822 3284 πει-ι

1936 623 2277 695 ell‘ugerunt,
2333 639 2668 697 omnemque
2722 626 2960 697 praedam
3006 634 3326 697 recuperat.
3384 624 3534 692 Qua-

1936 717 2217 788 dringenti
2257 716 2502 773 Davidici
2535 718 2766 784 reversi,
2794 719 3085 774 manubias
3115 734 3239 775 cum
3273 717 3533 773 ducentis

1936 811 2131 883 partiri
2174 822 2436 868 recusant
2477 831 2491 868 :
2532 814 2671 869 bene
2715 830 2841 869 cum
2890 814 3000 869 illis
3034 804 3216 868 actum
3250 813 3527 892 dicentes,

1935 905 2084 976 quod
2130 921 2330 961 uxores
2372 920 2500 961 suas
2539 906 2904 974 recepissent.
2941 906 3148 962 Verum
3192 904 3359 960 David
3403 918 3523 958 eam

1935 997 2266 1055 sententiam
2290 1008 2351 1052 ut
2373 997 2632 1069 injustam
2654 998 2914 1053 damnat:
2933 1007 2984 1053 et
3008 996 3278 1068 quidquid
3303 1004 3523 1067 partum

1933 1099 2101 1155 esset,
2134 1108 2200 1148 ex
2227 1106 2386 1162 aequo
2414 1091 2572 1163 jubet
2595 1089 2786 1146 dividi.
2818 1089 2949 1159 Quae
2988 1090 3074 1145 lex
3094 1104 3162 1146 eo
3187 1105 3255 1145 ex
3278 1097 3529 1158 tempore

1932 1185 2117 1242 adhuc
2162 1185 2363 1251 durat,
2414 1192 2477 1240 ut
2527 1183 2596 1240 ad
2647 1183 3173 1255 impedimentorum
3217 1180 3528 1238 custodiam

1938 1279 2141 1344 relicti,
2173 1280 2226 1335 in
2258 1287 2470 1350 partem
2504 1276 2893 1334 manubiarum
2924 1276 3151 1332 veniant
3174 1291 3300 1331 cum
3328 1274 3437 1346 '70
3459 1272 3526 1328 iis

1933 1372 2026 1442 qui
2056 1386 2390 1443 pugnavere.
2420 1370 2615 1426 Prmlio
2645 1371 2793 1426 inter
2820 1367 3144 1425 Palastinos
3165 1374 3223 1423 et
3249 1365 3529 1421 lsraclitas

1931 1464 2252 1526 commisso.
2285 1463 2513 1533 plurimi
2540 1479 2608 1519 ex
2636 1461 2884 1518 Hebraeis
2915 1460 3142 1525 cadunt,
3183 1469 3239 1515 et
3279 1468 3394 1514 tres
3432 1457 3530 1511 lilii

1936 1553 2119 1610 Saulis
2146 1571 2162 1609 :
2190 1555 2284 1625 qui
2323 1562 2381 1609 et
2419 1555 2537 1627 ipse
2566 1553 2846 1610 lethaliter
2877 1551 2931 1607 in
2962 1549 3287 1622 praecordiis
3317 1564 3375 1604 se
3406 1547 3528 1600 vul-

1934 1654 2191 1702 neratum
2235 1645 2502 1711 sentiens,
2548 1645 2618 1701 ab
2659 1645 2935 1717 armigero
2975 1659 3036 1700 se
3074 1641 3299 1699 confodi
3345 1639 3527 1712 jubet.

1933 1754 2003 1793 ne
2032 1737 2192 1793 vivus
2228 1737 2283 1792 in
2323 1737 2566 1792 hostium
2605 1747 2934 1808 potestatem
2963 1736 3184 1791 veniat:
3221 1733 3368 1804 quod
3402 1746 3528 1786 cum

1933 1831 2025 1887 ille
2080 1840 2403 1892 recusaret,
2461 1831 2646 1902 gladio
2706 1829 3036 1885 incumbens
3088 1827 3349 1882 moritur.
3406 1823 3532 1890 Quo

1930 1923 2173 1995 armiger
2203 1924 2342 1990 viso,
2371 1933 2428 1980 et
2456 1923 2574 1995 ipse
2606 1938 2797 1980 necent
2832 1922 2939 1979 sibi
2972 1920 3290 1978 consciscit.
3320 1917 3527 1973 Postri-

1929 2018 2022 2074 die
2061 2017 2340 2074 Palazstini
2381 2017 2514 2073 dum
2562 2017 2884 2073 interiectos
2924 2015 3206 2073 lsraelitas
3250 2011 3525 2082 spoliant,

1930 2109 2113 2166 Saulis
2137 2117 2196 2165 et
2229 2109 2532 2166 liberorum
2592 2108 2747 2168 illius
2801 2109 3071 2165 cadavera
3130 2107 3183 2161 in
3241 2105 3529 2160 montibus

1929 2200 2228 2258 Gclboenis
2275 2200 2583 2271 reperiunt,
2625 2214 2689 2255 ac
2722 2209 2934 2255 resecta
2962 2213 3159 2253 eorum
3198 2190 3379 2267 capita
3425 2194 3527 2250 do-

1931 2307 2081 2348 mum
2114 2291 2364 2357 mittunt,
2392 2289 2601 2360 ubique
2632 2298 2943 2362 spectatum
2976 2296 3317 2360 proponunt,
3346 2285 3527 2339 vieto-

1931 2387 2070 2443 riam
2106 2386 2213 2441 sibi
2250 2385 2614 2457 gratulantes,
2654 2385 2825 2440 armis
2862 2398 3058 2439 eorum
3090 2382 3197 2437 diis
3229 2380 3343 2435 suis
3369 2378 3525 2433 dedi-

1932 2482 2094 2537 catis.
2140 2479 2421 2537 Cadavera
2462 2493 2597 2535 vero
2637 2479 2693 2534 in
2737 2493 2934 2534 cruces
2981 2477 3330 2533 sustulerunt
3371 2474 3527 2544 juxta

1933 2575 2136 2633 muenia
2169 2574 2453 2639 Methone,
2499 2589 2623 2644 qum
2672 2581 2861 2644 postea
2912 2569 3266 2643 Scythopolis
3299 2576 3385 2622 est
3429 2582 3528 2636 ap-

1933 2667 2155 2740 pcllata.
2221 2667 2404 2723 Saulis
2473 2664 2631 2722 clade
2703 2665 2849 2735 apud
2918 2663 3146 2720 Jabinos
3211 2659 3527 2717 Galaaditas

1931 2762 2191 2834 cognita,
2264 2757 2552 2815 fortissimi
2614 2758 2866 2829 quique,
2930 2756 3129 2811 itinere
3187 2756 3288 2824 per
3353 2760 3524 2805 totam

1933 2864 2153 2911 noctem
2201 2853 2561 2913 continuato,
2614 2851 2799 2906 Saulis
2841 2859 2898 2904 et
2947 2847 3199 2902 Jonatbae
3254 2843 3524 2899 cadavera

1933 2948 2153 3004 sublata
2217 2944 2395 3002 Jabim
2473 2943 2714 2999 retulere
2767 2960 2780 2996 :
2834 2941 3011 3010 iisque
3058 2936 3354 3000 crematis,
3399 2949 3523 2989 ossa

1933 3039 2329 3111 Sepeliverunt.
2375 3038 2644 3109 Regnavit
2687 3036 2840 3101 Sani,
2868 3032 3165 3104 superstite
3208 3028 3390 3085 adhuc
3420 3025 3522 3083 Sa-

1936 3134 2157 3198 nmele,
2208 3148 2386 3188 annos
2432 3130 2740 3187 octodecim
2792 3146 2807 3185 :
2857 3143 2926 3184 eo
2976 3125 3278 3190 deluncto,
3328 3121 3539 3193 viginti-

1934 3230 2100 3284 duos.

245 3311 475 3382 θομένου
513 3316 742 3387 ποιῆσαι
788 3319 848 3374 τὸ
886 3319 1286 3390 κελευόμενον,
1340 3319 1504 3385 αὐτὸς
1552 3322 1829 3376 ἐπέπεσεν
1870 3323 1965 3377 ἐπὶ
2022 3320 2126 3392 τὴν
2188 3319 2468 3393 ῥομφαίαν
2501 3316 2694 3384 αὐτοῦ,
2720 3317 2814 3372 καὶ
2844 3313 3140 3372 ἀπέθανεν.
3164 3311 3282 3367 Καὶ·
3308 3309 3530 3364 ὁλόπλο-

245 3408 409 3477 φόρος
440 3408 638 3478 αὑτοῦ,
667 3410 744 3476 ὡς
773 3408 882 3467 εἶδε
917 3413 1157 3468 πεσόντα
1188 3415 1282 3469 τὸν
1316 3414 1568 3487 βασιλέα,
1633 3418 1730 3472 καὶ
1769 3417 1936 3482 αύτδς
1971 3416 2303 3473 ἀπέκτεινεν
2336 3415 2556 3470 ἑαυτὸν.
2590 3414 2672 3485 Τῇ
2734 3413 2779 3466 δ’
2842 3411 3111 3483 ἐπαύριον
3172 3405 3528 3467 σκυλεύοντες

242 3508 291 3559 οἱ
322 3507 625 3577 ἀλλόφυλοι
674 3510 804 3573 τοὺς
840 3513 1112 3578 πεσόντας
1146 3514 1255 3568 τῶν
1284 3515 1664 3586 Ἰσραηλιτῶν,
1714 3515 1972 3589 ἐνέτυχον
2039 3516 2155 3579 τοῖς
2223 3515 2440 3584 νεκροῖς
2499 3513 2596 3567 τοῦ
2638 3511 2814 3566 Σαοὺλ
2846 3509 2943 3564 καῖ
2996 3507 3107 3562 τῶν
3136 3506 3342 3563 παίδων
3358 3500 3527 3557 αὐτοῖν

244 3602 300 3655 έν
333 3605 449 3666 τοῖς
483 3604 639 3677 δρεσι
665 3606 924 3675 Γελόουὲ,
956 3609 1055 3663 καὶ
1094 3610 1422 3681 ικτεμόντες
1457 3610 1557 3676 τὰς
1582 3612 1831 3682 κεφαλὰς
1868 3611 2077 3676 αὐτῶν,
2119 3611 2203 3674 εἰς
2278 3610 2377 3682 τὴν
2424 3608 2635 3664 οἰκείαν
2676 3606 2935 3678 ἔπεμψαν
2971 3604 3180 3677 χώραν,
3242 3597 3524 3670 πανταχοῦ

245 3701 630 3772 θεατρῖζοντες
680 3703 931 3771 ταύτας,
988 3708 1085 3761 καὶ
1128 3707 1643 3781 εὐαγγελιζόμενοι.
1699 3690 1815 3764 Kal
1850 3710 1954 3774 τὰς
1997 3707 2305 3771 πανοπλίας
2341 3706 2523 3760 αὐτῶν
2589 3705 2846 3760 ἀνέθεντο
2896 3704 3012 3766 τοῖς
3081 3700 3307 3762 οἰκείοις
3355 3698 3535 3760 θεοῖς.-

246 3797 311 3849 τι
337 3796 397 3851 δὶ
430 3797 668 3869 σώματα
694 3799 1122 3872 ἀνεσταύρωσαν
1143 3801 1297 3875 παρά
1327 3801 1390 3856 τὸ
1423 3805 1604 3876 τεῖχος
1658 3802 1955 3875 Μεθοράμ,
1987 3801 2027 3872 ἡ
2099 3799 2408 3873 μετέπειτα
2452 3797 2673 3868 ἐκλήθη
2732 3795 3091 3859 Σκυθόπολις.
3127 3791 3251 3847 Τῶν
3324 3791 3385 3846 δὲ
3420 3790 3522 3857 τὴν

249 3892 403 3948 πόλιν
441 3894 647 3962 Ἰασεὶς
697 3896 998 3953 οίκούντων
1046 3900 1107 3953 ἐν
1148 3899 1370 3954 Γαλαὰδ
1437 3898 1726 3969 μαθόντων
1763 3900 1867 3955 ὅσα
1904 3899 2206 3955 συνέπεσον
2269 3896 2348 3967 τῷ
2396 3894 2595 3962 Σαοὺλ,
2645 3892 2874 3966 ἐξῆλθον
2903 3893 2955 3946 οι
2983 3887 3377 3951 δυνατώτατοι,
3425 3888 3523 3939 καὶ

248 3987 313 4040 δι’
345 3988 476 4059 ὅλης
499 3989 606 4060 τῆς
641 3991 838 4055 νυκτὸς
870 3991 1252 4055 συντείναντες
1300 3992 1401 4062 τὴν
1438 3994 1692 4066 πορείαν,
1757 3992 2012 4048 καθεῖλον
2087 3991 2158 4045 τὰ
2204 3991 2440 4061 σώματα
2491 3986 2668 4043 Σαοὺλ
2735 3988 2834 4041 καὶ
2900 3984 3179 4040 Ἱωνάθαν.
3248 3982 3361 4038 Καὶ
3412 3983 3523 4036 ἀπ-

252 4083 555 4149 αγαγόντες
593 4084 676 4146 εἰς
708 4083 930 4150 Ἰαὸεὶς,
968 4084 1212 4139 ἔκαυσαν
1251 4085 1450 4141 ταῦτα.
1488 4087 1597 4140 Καὶ
1637 4087 1708 4142 τὰ
1740 4087 1877 4141 ὀστᾶ
1914 4085 2298 4153 συλλέξαντες,
2361 4084 2595 4154 ἔθαψαν.
2627 4079 2983 4137 Ἐὄασίλευσε
3009 4078 3067 4134 δὲ
3091 4078 3288 4147 Σαοὺλ,
3320 4075 3522 4145 ζῶντος

255 4172 329 4228 {tt
350 4175 442 4229 τοῦ
478 4175 739 4249 Σαμουὴλ
758 4217 775 4242 ,
809 4176 1188 4235 ὀκτωκαίδεκα
1216 4176 1338 4252 ἐτη,
1363 4178 1579 4235 ἐκείνου
1608 4181 1653 4235 δ’
1678 4179 2073 4246 ἀποθανόντος,
2102 4179 2199 4233 δύο
2229 4177 2325 4232 καὶ
2362 4176 2564 4232 εἴκοσι.

3012 4360 3131 4368 ,,,-..
3150 4358 3478 4369 .-ν.-..--.-...--

1333 4518 1696 4621 LIBER
1774 4515 2447 4610 SECUNDUS.

221 4698 232 4717 ‘
326 4692 404 4748 A’.
426 4691 586 4764 ’Δρτι
607 4689 658 4746 δ’
688 4689 964 4761 ἐπανῆλθε
990 4689 1155 4744 Δαϐὶδ
1176 4688 1240 4745 ἐκ
1270 4689 1366 4761 τῆς
1388 4688 1498 4742 τῶν
1522 4686 1831 4757 ἀλλοφύλων

2012 4686 2055 4744 I.
2103 4687 2298 4746 Davidi
2352 4707 2548 4748 recens
2584 4707 2616 4748 a
2659 4691 2807 4749 caede
2861 4693 3104 4748 hostium
3155 4707 3401 4759 reverso,
3438 4693 3524 4747 vir

264 4782 450 4853 κοπῆς,
496 4784 595 4838 καί
641 4800 728 4848 τις
778 4783 922 4855 ἀνὴρ
952 4783 1266 4853 προσῆλθεν
1293 4781 1446 4853 αὐτῷ
1479 4780 1831 4851 ἐπαγγέλλων

1936 4780 2160 4851 quidam
2195 4782 2564 4840 Israelitarum
2598 4794 2863 4856 stragem,
2889 4792 2945 4840 et
2970 4783 3151 4840 Saulis
3180 4801 3245 4840 ac
3273 4785 3528 4840 Jonatlwe

260 4877 355 4949 τὴν
376 4874 543 4951 ἧτταν
573 4879 686 4934 τῶν
716 4880 1096 4952 Ἰσραηλιτῶν,
1164 4878 1262 4933 καὶ
1312 4879 1408 4934 τὸν
1457 4878 1688 4932 θάνατον
1737 4875 1831 4931 τοῦ

1940 4874 2224 4931 interitum
2271 4879 2509 4933 nuntiat.
2546 4878 2812 4950 Rogatus,
2855 4893 2989 4935 num
3033 4894 3163 4934 vera
3214 4879 3562 4939 nuntiaret,~

263 4970 427 5025 Σαοὺλ
451 4974 547 5029 καὶ
565 4972 665 5027 τοῦ
691 4972 976 5028 ἰωνάθαν.
1006 4971 1469 5044 Ἀνακρινόμενος
1498 4970 1556 5025 δὲ
1584 4970 1639 5025 εί·
1658 4970 1835 5043 ἀληθῆ

261 5066 614 5138 ἀπαγγέλλει,
645 5063 767 5122 εἷπε
807 5067 1038 5139 καιρίαν
1079 5067 1360 5139 πληγῆναι
1387 5064 1480 5121 τὸν
1510 5064 1710 5130 Σαοῦλ,
1741 5065 1839 5119 καὶ

266 5157 339 5227 μὴ
368 5154 476 5216 οἷόν
503 5178 562 5216 τε
597 5162 734 5216 ὄντα
754 5161 823 5216 δι’
850 5162 1139 5215 ἀσθένειαν
1172 5159 1370 5214 ἑαυτὸν
1400 5158 1636 5224 ἀνελεῖν,
1668 5176 1840 5230 παρα-

264 5249 482 5311 καλέσαι
535 5254 724 5318 αὖτδν,
777 5254 868 5307 ἶνα
904 5253 981 5326 μὴ
1027 5252 1137 5318 ζῶν
1192 5255 1306 5318 τοῖς
1357 5253 1644 5323 πολεμίοις
1699 5252 1833 5323 ἁλῷ,

264 5337 563 5414 ἐπιρρῶσαι
606 5345 759 5417 αύτῷ
813 5349 914 5418 τὴν
967 5344 1187 5418 πληγὴν
1233 5346 1555 5400 ὲπιπεσόντι
1605 5349 1671 5417 τῇ
1727 5346 1838 5419 ἰδίᾳ

268 5433 525 5509 ῥομφαίᾳ,
560 5443 656 5494 καὶ
699 5442 929 5511 ποιῆσαι
975 5439 1119 5495 κατὰ
1163 5439 1226 5493 τὸ
1256 5439 1542 5511 ἐπίταγμα
1566 5479 1580 5505 ,
1610 5438 1706 5492 καὶ
1744 5438 1837 5492 τδν

268 5524 488 5593 βασιλέα
516 5532 979 5606 διαχειρίσασθαι.
1013 5535 1123 5589 Καὶ
1151 5535 1234 5599 εἰς
1278 5532 1462 5586 πίστιν
1505 5531 1616 5586 τῶν
1653 5531 1830 5600 λόγων

269 5621 543 5687 προέτεινε
586 5623 680 5678 τὸν
727 5626 821 5678 ἐπὶ
868 5626 969 5695 τῆς
1014 5625 1263 5694 κεφαλῆς
1298 5624 1509 5678 ἐκείνου
1556 5622 1833 5695 βασίλειον

269 5708 555 5781 στέφανον,
602 5716 700 5769 καὶ
740 5715 834 5769 τὸν
875 5716 970 5769 ἐπὶ
1015 5719 1130 5780 τοῖς
1184 5715 1438 5788 βραχίοσι
1484 5713 1706 5786 χρυσὸν,
1741 5713 1838 5768 καὶ

270 5798 437 5863 ὲδίδου
475 5808 659 5865 Δαϐίδ.
717 5809 1081 5882 Ἐθρήνησεν,
1111 5806 1204 5863 οὖν
1251 5810 1418 5864 Δαίῗδ
1472 5808 1568 5862 καὶ
1606 5810 1657 5861 oi
1715 5805 1838 5872 μετ’

273 5893 434 5951 aii-:03
480 5901 566 5957 τὸν
600 5903 776 5957 Σαοὺλ
827 5904 922 5959 καὶ
976 5903 1067 5958 τὸν
1124 5903 1399 5960 Ἱωνσὶθαν.
1457 5903 1563 5958 Τὸν
1620 5902 1675 5957 δὲ
1739 5902 1832 5958 τὶν

1937 4967 2240 5039 respondet
2278 4986 2292 5024 :
2334 4968 2554 5025 Saulem
2594 4970 2786 5027 lethali
2822 4972 3053 5028 vulnere
3101 4982 3348 5041 accepto,
3393 4985 3531 5025 cum

1937 5060 2056 5131 ipse
2096 5075 2221 5116 sese
2260 5061 2332 5117 ob
2375 5061 2810 5119 imbecillitatem
2858 5064 3113 5120 occidere
3154 5079 3260 5117 non
3312 5069 3518 5133 posset,

1936 5168 2090 5209 suam
2120 5169 2281 5225 opem
2312 5155 2661 5226 implorasse,
2700 5174 2770 5213 ne
2803 5157 2963 5214 vivus
3002 5158 3056 5212 in
3086 5157 3326 5212 hostium
3368 5166 3520 5227 pote-

1935 5254 2134 5302 statcm
2172 5247 2386 5302 veniret
2421 5250 2673 5321 :juvissc
2712 5251 2901 5321 igitur,
2934 5258 2994 5305 ut
3022 5249 3115 5320 qui
3164 5246 3344 5318 gladio
3389 5264 3517 5320 pro.

1935 5339 2058 5410 prio
2104 5340 2216 5411 jam
2266 5341 2647 5410 incubuisset,
2698 5361 2767 5401 eo
2820 5344 2930 5400 ictu
2983 5341 3350 5400 conﬁceretur
3404 5361 3418 5397 :
3465 5351 3523 5397 et

1935 5432 2224 5489 sustulisse
2267 5449 2475 5505 regem,
2514 5444 2575 5491 ut
2614 5436 2947 5493 mandasset.
2982 5434 3115 5503 Quae
3147 5444 3208 5490 ut
3240 5451 3365 5491 vera
3399 5449 3521 5491 cre—

1938 5522 2226 5591 derentur,
2259 5526 2391 5598 regii
2427 5528 2624 5599 capitis
2666 5542 2925 5583 coronam
2960 5536 3017 5583 et
3047 5528 3292 5583 armillas
3324 5540 3530 5583 aureas-

1940 5614 2133 5672 Davidi
2183 5617 2367 5673 offert.
2425 5619 2647 5676 Saulem
2701 5622 2867 5692 igitur
2911 5627 2966 5676 et
3009 5620 3299 5677 Ionatham
3348 5618 3518 5675 David

1936 5722 2063 5764 cum
2093 5708 2208 5763 suis
2238 5709 2390 5781 luget
2423 5730 2436 5766 :
2473 5712 2566 5767 sed
2600 5711 2879 5767 hominem
2913 5712 3071 5769 illum
3103 5713 3373 5787 supplicio
3402 5710 3519 5765 alli-

1935 5801 2030 5868 cit,
2083 5799 2176 5870 qui
2229 5808 2398 5856 uncto
2444 5802 2662 5859 Domini
2712 5820 2911 5860 manus
2960 5805 3255 5860 attulisset
3308 5801 3527 5857 Deinde

1931 5893 2086 5964 jussu
2135 5891 2228 5946 Dei
2277 5891 2623 5950 Chebronem
2665 5896 2932 5964 ascendit,
2970 5896 3163 5950 urbem
3206 5892 3515 5955 ludaicann
