3964 6252
412 401 515 468 ίίῗ

1708 401 1742 463 J
1750 398 1949 459 ΟΑΝΝ
1958 400 2029 460 IS
2056 400 2379 463 ZONAR/i.

3567 388 3672 455 1'48

413 533 538 575 eum
589 525 821 589 utraque
873 532 1063 584 uxore,
1103 518 1345 573 Aebinoa
1380 526 1434 571 et
1468 515 1708 591 Abigam,
1757 515 1981 585 ejusque

2092 518 2267 573 Σαοὺλ
2307 517 2567 575 ἀνελόντα
2603 519 2883 583 ἐκόλασεν,
2931 520 3013 573 ὅτι
3061 517 3140 588 τῷ
3195 517 3403 591 χριστῷ
3450 518 3662 588 Κυρίου

416 609 616 669 milites
650 624 773 666 eum
819 611 966 665 omni
1014 610 1238 666 familia.
1285 611 1363 666 lbi
1394 627 1425 665 a
1460 610 1601 666 tribu
1633 607 1857 665 Iudaica
1891 623 1986 662 rex

412 702 747 767 declaratur,
778 713 833 759 et
856 702 1083 759 Jabincs
1110 703 1181 758 ob
1212 702 1410 774 sepulti
1443 701 1623 760 Saulis
1650 711 1708 758 et
1739 702 1987 759 Jonathae

412 794 650 850 oﬂicium
673 794 969 851 collaudat.
992 796 1278 852 Abenerus
1300 804 1483 851 autem
1507 794 1685 850 Saulis
1707 794 1836 849 dux.
1861 794 1985 851 reli-

413 904 581 958 quum
617 888 841 943 herilem
880 889 1049 944 filium
1085 889 1422 952 lcbosthcm,
1470 889 1639 945 totius
1672 888 1774 961 '71
1809 887 1984 945 Israe-

411 979 548 1035 litici
580 978 789 1050 populi,
817 979 1040 1036 Judaica
1073 981 1219 1036 tribu
1246 991 1492 1052 excepta.
1526 996 1707 1054 regem
1761 980 1983 1047 salutat,

413 1081 529 1128 tum
555 1088 730 1127 annos
755 1074 1114 1145 quadraginta
1139 1083 1349 1133 natum.
1375 1074 1468 1144 qui
1497 1072 1782 1130 biennium
1809 1073 1978 1143 impe-

411 1166 576 1221 ravit.
598 1165 857 1243 Idemque
878 1167 1163 1223 Abenerus
1181 1167 1420 1225 Judaicre
1444 1167 1610 1223 tribui
1629 1168 1702 1225 ob
1722 1167 1983 1224 Davidem

412 1273 592 1327 regem
625 1268 870 1315 creatum
903 1258 1170 1318 infensus.
1204 1257 1408 1315 bellum
1438 1258 1627 1315 infert.
1652 1257 1750 1317 Cui
1774 1259 1986 1319 Joabus

413 1348 633 1407 Davidis
679 1353 980 1423 imperator
1025 1368 1148 1408 cum
1198 1353 1315 1409 suis
1364 1352 1540 1422 ecpiis
1585 1353 1866 1421 Occurrit,
1920 1370 1986 1409 ac

411 1445 685 1517 principio
733 1446 972 1501 duozlvni
1023 1448 1278 1517 utrinque
1326 1456 1667 1503 concurrunt
1718 1465 1733 1502 :
1782 1446 1986 1518 quibus

408 1544 599 1593 tuutua
647 1536 795 1592 caede
844 1537 1109 1603 sublatis,
1156 1548 1213 1593 et
1253 1537 1587 1593 exercitibus
1633 1539 1984 1607 congressis,

406 1628 666 1685 Abeucrii
698 1631 1088 1687 succumbunt.
1122 1630 1279 1686 Joabi
1312 1630 1509 1686 fratres
1536 1642 1697 1689 erant
1720 1631 1897 1688 Abesa
1928 1642 1984 1688 et

406 1719 626 1784 Asabel,
657 1737 895 1791 quorum
926 1722 1012 1775 hic
1044 1722 1243 1793 pedum
1292 1722 1572 1778 celeritate
1614 1722 1811 1786 fretus,
1841 1723 1982 1781 Abc~

406 1826 603 1869 ncrmn
636 1811 1074 1881 persequebatur
1110 1829 1122 1865 :
1157 1817 1342 1866 monet
1374 1810 1483 1873 ille,
1520 1821 1579 1865 ut
1613 1811 1798 1866 redeat
1826 1829 1840 1866 :
1873 1828 1979 1869 non

404 1903 899 1977 obtemperantem.
927 1921 956 1959 a
985 1915 1136 1976 tergo
1163 1915 1477 1975 opportuno
1508 1905 1618 1960 ictu
1650 1905 1821 1970 illato,
1849 1920 1953 1960 con

406 1996 541 2052 ficit.
573 1996 710 2054 Tum
751 2000 1020 2070 perempti
1067 1998 1264 2055 fratres
1305 1998 1556 2054 Asabelis
1579 2000 1725 2054 caede
1758 1999 1979 2066 irritati,

404 2088 604 2145 infcle
641 2105 802 2146 cursu
852 2091 1168 2147 Abenerum
1218 2100 1433 2161 petunt.
1463 2091 1533 2145 At
1565 2091 1656 2146 ille
1691 2091 1744 2149 in
1775 2092 1983 2146 vertice

403 2182 559 2236 collis
590 2191 760 2249 stans,
802 2182 1034 2238 Joabum
1079 2182 1338 2238 inclamat
1367 2200 1389 2238 :
1409 2183 1483 2239 Ne
1532 2184 1667 2237 inter
1695 2182 1983 2252 populares

404 2290 639 2344 pugnam
678 2274 901 2328 concites
943 2290 963 2327 :
1003 2291 1131 2329 nam
1176 2281 1226 2329 et
1268 2274 1485 2333 Asahcl.
1531 2292 1723 2345 parum
1761 2276 1983 2346 feliciter

408 2368 713 2436 contemptis
739 2368 866 2422 mei:
898 2369 1128 2436 monitis,
1156 2370 1420 2426 occubuit.
1451 2369 1656 2429 Joabus
1685 2370 1772 2426 his
1798 2370 1982 2427 verbis

402 2458 897 2527 obtemperantium
925 2469 1095 2525 ratus,
1127 2460 1370 2531 receptui
1401 2461 1523 2516 cani
1548 2460 1727 2531 jubet.
1758 2477 1823 2517 ac
1853 2478 1981 2532 per-

402 2550 745 2605 secutionem
775 2550 1010 2608 inhibet.
1039 2552 1264 2609 Exstitit
1288 2550 1533 2610 Hebraeis
1588 2552 1693 2609 huc
1733 2553 1979 2610 intestini

407 2642 534 2698 belli
566 2642 889 2708 exordium,
923 2645 1070 2714 quod
1105 2645 1425 2716 longissimo
1457 2644 1679 2703 duravit
1709 2654 1977 2717 tempore,

403 2750 527 2791 eum
557 2734 779 2808 quidem
816 2734 1201 2793 Davidicorum
1233 2735 1380 2791 vires
1415 2744 1771 2807 augerentur,
1802 2736 1980 2794 Sauli-

405 2845 597 2885 norum
633 2829 1039 2887 minuerentur.
1075 2828 1265 2884 Davidi
1300 2829 1591 2888 Chebrone
1624 2829 1918 2896 habitanti,
1950 2847 1980 2888 e

402 2920 637 2979 diversis
669 2920 939 2976 uxoribus
979 2935 1074 2976 sex
1101 2919 1214 2975 nati
1255 2928 1383 2975 sunt
1417 2919 1535 2983 filii,
1581 2936 1817 2991 quorum
1848 2932 1977 2978 natu

402 3017 672 3071 maximus
714 3014 821 3071 fuit
871 3015 1123 3069 Ammon.
1176 3015 1455 3073 Jebostbis
1482 3031 1649 3087 porro
1678 3017 1981 3084 indignatio

401 3118 628 3177 propter
654 3108 891 3163 Abeneri
931 3124 1058 3165 cum
1100 3110 1271 3180 patris
1298 3110 1479 3166 Saulis
1522 3110 1717 3180 pellice
1747 3127 1981 3169 consue-

2087 612 2190 683 τὴν
2232 614 2394 683 χεῖρα
2434 613 2730 683 ἐπήνεγκε.
2770 613 2880 668 Καὶ
2928 611 3069 680 μετά
3115 610 3328 672 ταῦτα,
3375 611 3473 667 τοῦ
3522 611 3661 667 Θεοῦ

2089 704 2468 771 κελεύσαντος,
2502 706 2583 769 εἰς
2612 705 2838 781 Χεϐρὼν
2870 705 3063 776 ἀνέϐη,
3106 705 3264 763 πόλιν
3306 703 3500 769 Ἰούδα,
3524 706 3664 773 μετά

2088 796 2295 867 ἀμφοῖν
2351 797 2463 850 τῶν
2508 797 2787 865 γυναικῶν
2843 797 3036 863 αὐτοῦ,
3069 797 3330 868 ’Δχινοδμ
3367 798 3465 857 καὶ
3513 797 3664 851 Ἀδιο

2088 888 2271 955 γαίας.
2302 890 2398 943 καὶ
2430 890 2479 943 oi
2506 889 2701 961 ἄνδρες
2744 892 2794 949 ol
2845 889 2965 960 μετ’
2995 890 3166 947 αὐτοῦ
3214 889 3455 947 πανοικί.
3487 892 3667 946 Ἔνθα

2090 977 2346 1047 βασιλεὺς
2365 979 2603 1048 αἱρεῖται
2642 980 2797 1052 παρά
2826 982 2928 1051 τῆς
2949 980 3124 1036 Ἰούδα
3155 981 3355 1051 φυλῆς.
3383 981 3667 1053 Εὐλόγησε

2086 1070 2142 1125 δὲ
2193 1072 2361 1126 Δασὶδ
2412 1074 2541 1137 τοὺς
2592 1073 2793 1144 ἄνδρας
2823 1073 3043 1142 Ἰασεὶς,
3070 1075 3147 1139 ὡς
3199 1073 3479 1144 θάψαντας
3535 1077 3667 1137 τοὺς

2086 1162 2180 1217 toﬁ
2236 1165 2413 1219 Σαοὺλ
2453 1166 2551 1220 καὶ
2595 1165 2693 1219 toﬁ
2752 1164 3016 1227 Ἰωνάθαν
3068 1166 3329 1236 νεκρούς.
3367 1167 3425 1221 ’0
3470 1167 3530 1223 δὲ
3564 1168 3666 1221 toﬁ

2087 1255 2260 1309 Σαοὺλ
2298 1257 2744 1329 ἀρχιστράτηγος
2784 1256 3053 1330 ’Λΰεννὴρ
3126 1258 3314 1317 λαϐὼν
3366 1258 3461 1312 τὸν
3502 1259 3666 1328 περί-

2086 1345 2274 1403 λοιπον
2328 1346 2442 1401 υἱὸν
2481 1347 2578 1400 τοῦ
2631 1347 2825 1418 κυρίου
2877 1346 3044 1403 αὑτοῦ
3097 1349 3193 1402 τὸν
3232 1347 3511 1414 Ἰεᾶοσθὲ,
3569 1347 3670 1418 βα-

2088 1436 2240 1492 σιλέα
2282 1439 2376 1495 ἐπὶ
2424 1439 2606 1495 πάντα
2647 1439 2739 1493 τὸν
2809 1441 3048 1513 Ἰσραὴλ,
3085 1439 3183 1497 τοῦ
3240 1442 3422 1497 Ἰούδα
3469 1443 3667 1513 χωρὶς,

2085 1530 2476 1603 ἀνηγόρευσεν.
2507 1524 2615 1583 Ἠν
2657 1530 2714 1584 δὲ
2746 1532 3161 1602 τεσσαράκοντα
3194 1532 3355 1597 ἑτῶν,
3392 1533 3482 1586 ὅτε
3533 1532 3651 1585 ἐϐα-

2088 1619 2646 1688 σίλευσενόἸεὸοσθὲ,
2683 1625 2778 1677 καὶ
2807 1623 2900 1678 δύο
2933 1625 3030 1695 ἔτη
3058 1626 3159 1695 τῆς
3200 1624 3476 1695 βασιλείας
3496 1626 3668 1696 expri-

2085 1732 2274 1784 τησεν.
2320 1715 2379 1767 Ὀ
2417 1714 2473 1786 δὲ
2511 1714 2773 1787 ’Δόεννὴρ
2802 1715 2871 1769 δι’
2895 1717 3066 1787 ὀργῆς
3114 1719 3354 1772 ἐποιεῖτο
3411 1717 3512 1788 τὴν
3565 1716 3667 1772 toﬁ

2100 1806 2270 1861 Ἰούδα
2305 1806 2481 1881 φυλὴν
2519 1805 2595 1870 ὡς
2627 1806 3029 1877 βασιλεύσασαν
3069 1808 3162 1863 τὸν
3200 1809 3386 1873 Δαὸὶδ,
3421 1811 3517 1865 καὶ
3548 1808 3664 1883 ὥρ-

2088 1914 2227 1971 μησε
2278 1897 2400 1952 κατ’
2441 1898 2632 1968 αὐτῆς.
2672 1899 2981 1970 Ἀπήντησε
3032 1898 3079 1952 δ’
3121 1899 3270 1972 αὐτῷ
3319 1901 3462 1971 μετά
3500 1900 3664 1957 δυνάο

2088 2009 2234 2062 μεως
2273 1992 2455 2054 Ἱωάϐ,
2500 1992 2558 2059 ὃς
2603 1989 2672 2065 ἦν
2711 1995 2807 2048 τοῦ
2852 1993 3017 2047 Δαϐὶδ
3044 1994 3510 2065 ἀρχιστράτηγος.
3553 1995 3660 2048 Καὶ

2084 2086 2302 2157 πρῶτον
2332 2085 2430 2153 μὲν
2450 2084 2659 2140 δώδεκα
2688 2085 2747 2156 ἐξ
2781 2082 3022 2158 ἑκάστης
3046 2082 3471 2159 ἐμονομάχησαν
3497 2104 3664 2158 στρασ-

2083 2179 2225 2243 τιᾶς.
2266 2178 2488 2232 Πάντων
2523 2177 2581 2231 δὲ
2633 2178 3002 2233 πεπτωκότων
3051 2178 3302 2241 ἐκείνων,
3344 2180 3441 2234 καὶ
3490 2181 3661 2251 ἄμφω

2083 2274 2138 2326 αἱ
2176 2272 2431 2342 στρατιαὶ
2474 2269 2733 2343 ἀλλήλαις
2775 2270 3139 2343 προσέϐαλον,
3207 2274 3304 2327 καὶ
3344 2273 3664 2345 ἡττήθησαν

2082 2366 2132 2419 oi
2168 2364 2263 2419 toﬁ
2322 2363 2609 2435 Ἀϐενθήρ.
2673 2361 2879 2419 Ἀϐεσά
2926 2364 2982 2418 δὲ
3036 2365 3127 2418 καὶ
3183 2364 3387 2436 Ἀσαὴλ
3439 2366 3664 2435 ἀδελφοὶ

2095 2457 2352 2519 ’Ῑωά6.’0
2380 2457 2438 2512 δὲ
2483 2457 2706 2527 Ἀσαὴλ,
2740 2457 2834 2511 ἐπὶ
2896 2456 3072 2511 ποδῶν
3107 2456 3352 2528 ὠκύτητι
3398 2460 3663 2529 σεμνυνό-

2086 2567 2267 2621 μενος,
2309 2548 2530 2603 ἐδίωκεν
2575 2548 2800 2602 ὄπισθεν
2852 2548 3133 2621 Ἀϐεννήρ.
3180 2549 3238 2603 Ὀ
3280 2549 3340 2604 δὲ
3389 2549 3664 2622 ἀναστρέ-

2084 2660 2207 2713 φειν
2238 2641 2490 2713 παρῄνειο
2521 2642 2641 2695 ἐπεὶ
2661 2641 2718 2694 δὲ
2755 2641 2832 2715 μὴ
2860 2640 3071 2704 ἔπειθε,
3101 2641 3310 2713 πλήξας
3340 2643 3504 2699 αὐτὸν
3567 2643 3662 2711 £5-

2082 2733 2596 2805 ὀπισθενκαιρῖως,
2650 2733 2964 2789 ἀπέκτεινε.
3015 2730 3123 2789 Τοῦ
3150 2732 3446 2795 τεθνεῶτος
3491 2733 3565 2799 δ’,
3610 2734 3662 2787 oi

2084 2825 2337 2896 σύγγονοι
2378 2824 2466 2883 διὰ
2490 2822 2591 2894 τὴν
2627 2821 2724 2876 τοῦ
2774 2822 3010 2892 ἀδελφοῦ
3053 2824 3271 2894 σφαγὴν
3291 2823 3661 2896 ὀργιζόμενοι,

2085 2916 2338 2988 μετέθεον
2360 2916 2452 2969 τδν
2492 2914 2774 2985 ’Δϐεννήρ·
2809 2914 3017 2979 ἐκεῖνος
3043 2914 3100 2969 δὲ
3124 2917 3256 2979 στὰς
3287 2918 3381 2970 ἐπὶ
3416 2918 3666 2987 κορυφῆς

2084 3011 2200 3079 ἑνὸς
2234 3009 2343 3064 τῶν
2394 3008 2620 3081 βουνῶν,
2671 3008 2868 3078 ἐϐόησε
2914 3007 3049 3077 πρὸς
3086 3008 3267 3073 Ἰωάϐ,
3298 3009 3496 3077 λέγων,
3555 3008 3661 3075 Μὴ

2083 3102 2388 3174 παρόξυνε
2435 3100 2586 3171 πρὸς
2626 3101 2836 3171 μάχην
2896 3100 3123 3170 ἄνδρας
3174 3103 3509 3173 ὁμοεθνεῖς·
3562 3103 3668 3156 και

313 3245 316 3247 λ
405 3197 681 3258 tudinem.
731 3212 950 3252 causam
1002 3199 1080 3253 illi
1129 3199 1364 3269 praebuit
1412 3200 1478 3254 ad
1533 3201 1791 3257 Davidcm
1842 3202 1970 3259 defi-

2095 3195 2326 3266 Ἀσαὴλ
2348 3194 2459 3264 γὰρ
2494 3194 2825 3263 ἡμάρτηκε,
2852 3194 2939 3263 μὴ
2971 3198 3242 3261 πεισθείς
3272 3214 3367 3264 μοι
3402 3199 3672 3270 συμϐου-

402 3290 606 3345 eiendi.
634 3289 802 3346 David
835 3290 1015 3347 missis
1066 3291 1132 3346 ad
1161 3292 1478 3349 Jebosthem
1507 3295 1701 3367 legatis
1758 3311 1983 3355 uxorem

400 3398 554 3438 suam
597 3383 917 3439 Melcholem
964 3385 1299 3455 repetitum,
1341 3385 1590 3452 obtinet,
1639 3397 1696 3442 ut
1757 3404 1822 3446 ea
1877 3388 1983 3446 sibi

401 3490 435 3528 a
496 3475 721 3540 marito,
759 3473 847 3528 cui
899 3474 1014 3528 viro
1072 3474 1358 3531 exsulante
1412 3490 1443 3530 a
1496 3472 1662 3530 Saule
1713 3474 1985 3546 desponsa

401 3567 613 3630 fuerat,
679 3568 899 3634 avulsa,
950 3568 1349 3623 remitteretur.
1419 3567 1643 3624 Interim
1695 3568 1986 3625 Abenerus

401 3673 526 3713 cum
582 3658 900 3714 senioribus
954 3659 1141 3733 populi
1182 3668 1238 3714 et
1268 3659 1690 3716 centurionibus
1745 3660 1892 3733 agit,
1926 3671 1986 3716 ut

403 3751 470 3804 a;l
531 3751 795 3808 Davidem
852 3768 915 3808 se
984 3752 1327 3808 conferrent.
1394 3753 1515 3820 Quo
1573 3754 1723 3811 haud
1780 3771 1979 3825 grava-

402 3843 499 3897 tim
565 3843 634 3898 ab
700 3843 966 3898 omnibus
1016 3844 1325 3913 imperato,
1391 3844 1459 3901 ad
1530 3846 1798 3901 Davidem
1876 3848 1982 3903 ﬁde

402 3936 662 4007 utrinque
725 3937 1087 4009 jurejurando
1159 3938 1373 3993 firmata
1438 3941 1762 4010 profectus,
1827 3942 1983 4010 cupi-

400 4029 579 4096 a‘cque
614 4037 910 4099 exceptus,
957 4031 1025 4083 ad
1064 4029 1479 4085 convocandum
1520 4032 1785 4103 pupulum
1827 4033 1978 4099 abit,

403 4130 465 4175 ut
507 4120 675 4175 David
711 4120 779 4175 ab
821 4122 1082 4177 omnibus
1127 4138 1223 4177 rex
1265 4123 1733 4179 consalutaretur.
1774 4125 1984 4182 Joabus

402 4222 586 4268 autem
631 4212 975 4270 Cbebronem
1024 4214 1326 4286 profectus,
1379 4215 1616 4272 Abcneri
1671 4216 1982 4275 defectione

402 4306 643 4376 cognita,
679 4321 804 4361 eum
851 4308 1031 4361 virum
1074 4309 1216 4379 apud
1252 4308 1515 4364 Davidem
1565 4310 1753 4367 multis
1798 4313 1984 4368 crimi-

402 4397 571 4451 nibus
621 4397 858 4466 objectis
913 4396 1116 4453 frustra
1175 4400 1544 4455 calumniatus
1592 4411 1781 4466 esset,
1842 4404 1981 4458 clam

403 4490 625 4550 nomine
659 4489 881 4546 Davidis
919 4491 1319 4547 accersendum
1351 4503 1527 4547 curat.
1567 4493 1896 4561 Reversum,
1927 4506 1979 4551 et

423 4580 623 4655 ungius
653 4598 687 4638 a
710 4583 847 4648 suis,
885 4593 1147 4653 tanquam
1185 4584 1372 4639 arcani
1409 4584 1544 4653 quid
1575 4598 1698 4639 cum
1730 4600 1799 4642 eo
1830 4596 1982 4643 actu-

404 4691 518 4741 rus,
561 4673 873 4737 seductum,
918 4674 1156 4746 pugione
1196 4674 1252 4729 in
1292 4674 1385 4730 ilia
1428 4675 1690 4745 impacto,
1736 4678 1982 4747 perimit.

401 4767 531 4835 Quae
569 4782 665 4824 res
697 4768 902 4837 ingenti
945 4782 1182 4823 maerore
1210 4766 1473 4823 Davitlem
1509 4768 1719 4833 aﬂ‘ecit,
1752 4770 1893 4825 adeo
1924 4778 1986 4826 ut

388 4862 550 4934 ,diras
602 4860 831 4915 ultrices
884 4858 1230 4914 interfectori
1282 4859 1393 4930 72
1438 4859 1868 4930 imprccaretur,
1925 4872 1982 4919 et

402 4953 603 5010 mortui
630 4953 923 5024 exsequias
946 4967 1142 5021 magno
1160 4967 1290 5007 cum
1314 4951 1465 5007 luctu
1496 4952 1812 5011 honoreflcc
1837 4955 1982 5012 cele-

401 5045 614 5100 braret.
647 5044 816 5099 Paulo
847 5052 969 5114 post
995 5041 1291 5099 Jehostbes
1321 5056 1416 5113 per
1447 5042 1676 5100 insidias
1704 5045 1989 5102 dormiens

400 5139 700 5203 occiditur,
747 5139 977 5208 ejusque
1025 5146 1189 5206 caput
1220 5151 1250 5190 a
1278 5135 1496 5191 duobus
1542 5139 1636 5207 qui
1682 5138 1897 5195 facinus
1928 5141 1979 5195 id

401 5236 807 5299 perpetrarant,
845 5226 1033 5282 Davidi
1068 5226 1318 5281 affertur.
1345 5226 1396 5282 Is
1422 5242 1555 5282 vero
1584 5227 1721 5283 adeo
1751 5231 1981 5299 gratiam

403 5324 487 5379 eis
522 5336 638 5376 non
672 5319 983 5376 habendam
1018 5333 1142 5373 esse
1180 5320 1418 5384 censuit,
1447 5328 1508 5373 ut
1537 5320 1813 5391 supplicio
1841 5321 1980 5377 allici

403 5413 642 5482 iuberet,
669 5413 741 5467 ob
765 5412 968 5469 easdem
1003 5411 1233 5467 domini.
1262 5412 1469 5469 Deinde
1501 5428 1694 5468 omnes
1723 5413 1982 5470 Israelita:

402 5510 471 5566 ad
513 5509 771 5563 Davidem
811 5522 869 5562 se
899 5505 1209 5569 conferunt,
1245 5521 1479 5576 eumque
1515 5520 1697 5576 regem
1731 5506 1976 5563 omnium

404 5600 659 5655 tribuum
702 5606 933 5670 ungunt.
967 5597 1208 5653 Iudaicae
1253 5597 1431 5652 tribus
1469 5611 1701 5665 regnum
1738 5597 1982 5665 suscepit

405 5695 576 5753 David
619 5708 766 5750 armo
799 5692 976 5748 anatis
1015 5693 1314 5753 tricesimo,
1354 5690 1517 5759 eique
1552 5689 1655 5743 soli
1689 5687 1980 5744 Cbebrone

405 5806 581 5848 annos
619 5795 829 5858 septem
869 5784 1178 5858 imperavit,
1213 5784 1358 5855 genti
1399 5795 1528 5837 vero
1559 5779 1834 5863 universae
1868 5789 1983 5837 tres

405 5884 458 5943 ἐι
497 5883 740 5951 triahnta.

2088 3296 2328 3348 λεύοντι
2348 3288 2772 3358 ἀναστρέφειν,
2800 3289 3132 3346 κάντεῦθεν
3161 3290 3444 3359 τέτρωται
3467 3310 3530 3347 τε
3560 3293 3669 3346 καὶ

2087 3383 2358 3450 τέθνηκε.
2399 3380 2755 3453 Παράκλησιν
2802 3380 2897 3445 οὖν
2942 3383 3070 3446 τοὺς
3120 3383 3314 3451 λόγους
3364 3384 3590 3450 τούτους
3635 3386 3670 3438 ὁ

2101 3474 2259 3531 Ἰωὰϐ
2289 3474 2664 3546 ἡγησάμενος,
2696 3474 3064 3545 ἀνακλητικὸν
3094 3475 3301 3546 ἠχῆσαι
3331 3476 3540 3530 κελεύει
3563 3478 3671 3545 τὴν

2089 3570 2393 3638 σάλπιγγα,
2444 3569 2539 3621 καὶ
2580 3565 2680 3640 τὴν
2726 3564 2908 3633 δίωξιν
2953 3566 3203 3638 ἔστησεν.
3256 3570 3455 3642 Ἀρχὴν
3503 3569 3560 3623 δὲ
3605 3566 3673 3635 ἐξ

2086 3662 2298 3719 ἐκείνου
2334 3660 2467 3733 παρ’
2508 3659 2779 3732 Ἑϐραίοις
2815 3659 3008 3713 ἔλαϐεν
3041 3660 3070 3713 ὁ
3097 3659 3361 3735 ἐμφύλιος
3406 3663 3666 3734 πόλεμος,

2087 3755 2182 3808 καὶ
2210 3753 2484 3823 διέμεινεν
2514 3751 2608 3804 ἐπὶ
2639 3749 2911 3815 πλεῖστον,
2945 3749 3056 3803 τῶν
3091 3750 3190 3821 μὲν
3215 3752 3310 3807 τοῦ
3335 3753 3502 3806 Δαόὶδ
3525 3769 3667 3822 κρα-

2086 3845 2445 3916 ταιουμένων,
2503 3839 2877 3895 ἀσθενούντων
2927 3838 2985 3895 δέ
3034 3858 3096 3910 γε
3144 3840 3254 3894 τῶν
3319 3840 3414 3894 τοῦ
3470 3840 3666 3897 Σαούλ.

2104 3937 2438 4009 Ὲτέχθησαν
2477 3934 2532 3988 δὲ
2571 3935 2648 4005 τῷ
2673 3933 2846 3986 Δασὶδ
2869 3937 2925 3987 ἐν
2960 3933 3189 4007 Χεϐρὼν
3220 3934 3336 3989 ὄντι
3377 3936 3441 3989 ἐκ
3479 3952 3675 4005 γυναι-

2085 4032 2197 4085 κῦν
2225 4030 2498 4098 διαφόρων
2527 4024 2630 4079 uini
2658 4025 2738 4093 ἒξ,
2761 4017 2835 4080 ὧν
2867 4020 2935 4098 ἦν
2972 4027 3318 4097 πρωτότοκος
3343 4029 3372 4080 ὁ
3413 4025 3655 4098 Ἀμνὼν.

2083 4122 2189 4177 τοῦ
2236 4122 2295 4175 δὲ
2331 4119 2590 4189 Ἀδεννήρ
2617 4119 2864 4190 παλλακῇ
2915 4118 3201 4189 μιχθέντος
3233 4119 3426 4184 Σαοὺλ,
3493 4121 3639 4188 ἠγα-

2085 4214 2355 4286 νάκτησεν
2417 4212 2649 4266 Ἰεδοσθὶ
2700 4211 2821 4265 κατ’
2854 4210 3166 4277 αὐτοῦ,διά
3212 4211 3310 4282 τὴν
3366 4211 3659 4282 παλλακὴν

2083 4307 2178 4362 toﬁ
2216 4307 2425 4377 πατρὸς
2458 4304 2646 4359 αὐτοῦ.
2680 4305 2853 4358 Τοῦτο
2880 4304 3105 4374 γέγονεν
3140 4306 3317 4358 αἴτιον
3337 4305 3431 4358 τοῦ
3491 4323 3674 4375 προσ-

2088 4400 2284 4473 ρυῆναι
2307 4400 2402 4453 τὸν
2439 4399 2703 4468 Ἀῦεννὴρ
2727 4396 2805 4468 τῷ
2834 4396 3020 4451 Δαϐὶδ.
3055 4398 3116 4451 Ὀ
3141 4397 3198 4450 δὲ
3229 4399 3413 4461 Δασὶδ,
3442 4399 3673 4464 στείλας

2087 4492 2224 4564 πρὸς
2263 4493 2354 4546 τὸν
2410 4490 2665 4554 Ἰεϐοσθὲ,
2699 4490 2798 4559 τὴν
2837 4489 2975 4544 ίδίαν
3020 4492 3258 4557 γυναῖκα
3303 4489 3487 4562 ὲζήτει
3516 4492 3669 4544 Μελ-

2086 4582 2204 4653 χόλ.
2255 4581 2314 4636 '0
2357 4582 2416 4636 δὲ
2463 4579 2795 4643 ἀποσπάσας
2841 4579 3014 4648 αὐτὴν
3067 4577 3164 4631 toﬁ
3198 4575 3410 4650 ἀνδρὸς,
3521 4580 3670 4649 μετὰ

2084 4677 2186 4748 τὴν
2237 4675 2415 4746 φυγὴν
2458 4675 2553 4729 toﬁ
2610 4674 2775 4727 Δαϐιδ
2832 4673 3117 4744 ἡρμόσατο
3170 4672 3344 4745 αὐτὴν
3390 4675 3419 4728 ὀ
3465 4674 3671 4740 Σαοὺλ,

2084 4768 2377 4824 ἀπέστειλε
2409 4766 2487 4836 τῷ
2526 4765 3000 4836 Δαϐἰδ.’Δ6εννὴρ
3029 4766 3109 4828 δὲ,
3138 4768 3252 4833 τοῖς
3282 4770 3535 4837 γηραιοῖς
3564 4768 3671 4822 τοῦ

2084 4860 2326 4933 πλήθους
2350 4858 2463 4913 τῶν
2505 4856 2863 4928 Ἰσραηλιτῶν
2893 4857 2988 4911 καὶ
3026 4860 3140 4920 τοῖς
3187 4855 3510 4928 ταξιάρχαις
3543 4856 3674 4911 δια-

2084 4953 2318 5022 λεχθεὶς,
2343 4949 2681 5022 μεταθέσθαι
2714 4949 2975 5021 συνῄνεσε
3008 4948 3141 5020 πρὸς
3165 4948 3352 5015 Δαὸὶδ,
3381 4948 3540 5002 τοῦτο
3569 4951 3675 5002 καὶ

2084 5045 2306 5101 πάντων
2366 5043 2858 5115 προθυμουμένων.
2910 5042 3080 5095 Τοῦτο
3126 5042 3184 5096 δὲ
3239 5043 3506 5113 ποιήσας,
3559 5036 3674 5113 ἧκε

2083 5138 2221 5208 πρὸς
2256 5134 2350 5189 τὸν
2382 5133 2566 5195 Δα6¹ιδ,
2614 5133 2875 5202 ἐνόρκους
2920 5132 3135 5196 πίστεις
3184 5131 3509 5203 ληψόμενος.
3551 5133 3675 5187 Καὶ

2082 5228 2292 5300 δεχθεὶς
2340 5227 2635 5297 ἀσμένως,
2682 5224 2851 5295 ἀπῄει
2905 5224 3276 5294 συναθροίσων
3322 5226 3385 5279 τὸ
3431 5224 3669 5295 πλῆθος,

2085 5324 2172 5376 ἵνα
2222 5321 2373 5389 παρά
2426 5321 2646 5373 πάντων
2695 5318 2987 5390 ἀναῤῥηθῇ
3045 5321 3074 5372 ὁ
3126 5319 3313 5375 Δαϐίδ,
3366 5318 3571 5373 Ἐλθὼν
3604 5320 3672 5375 δὲ

2083 5415 2220 5484 πρὸς
2262 5413 2488 5483 Χεϐρὼν
2526 5413 2705 5475 Ἰωᾶιϐ,
2749 5415 2842 5467 καὶ
2878 5412 3074 5483 μαθὼν
3103 5413 3173 5465 τά
3200 5413 3328 5481 περὶ
3374 5410 3664 5482 Ἀὅεννὴρ,

2085 5508 2267 5569 δείσας
2324 5505 2403 5578 μὴ
2455 5504 2711 5575 ὑπερέξει
2766 5507 2975 5566 ἐκεῖνος
3029 5504 3234 5569 αὐτοῦ,
3281 5504 3506 5559 κατεῖπε
3563 5504 3668 5572 μὲν

2083 5599 2252 5653 πολλά
2282 5598 2378 5652 toﬁ
2427 5595 2621 5666 ἀνδρὸς
2646 5595 2781 5665 πρὸς
2815 5596 3015 5650 Δαϐίδ·
3053 5598 3127 5666 μὴ
3161 5596 3364 5650 πείθων
3394 5596 3471 5663 δὲ,
3502 5581 3666 5649 σ’τέλ-

2081 5692 2162 5745 λει
2206 5689 2381 5759 λάθρα
2422 5687 2514 5742 τὸν
2563 5686 2866 5741 καλέσοντα
2896 5687 2987 5740 τὸν
3036 5685 3299 5757 Ἀϐεννὴρ
3337 5686 3413 5747 ὠς
3467 5687 3532 5739 ὲκ
3563 5685 3664 5740 toﬁ

2081 5781 2266 5836 Δαϐξδ.
2310 5780 2578 5841 Κάκεῖνος
2628 5776 2952 5849 ἀνέστρεψε,
2999 5778 3095 5831 καὶ
3141 5777 3460 5846 ὑπαντήσας
3508 5774 3666 5847 αὐτῷ

2092 5873 2272 5942 Ἰωάϐ,
2302 5872 2393 5927 καὶ
2429 5872 2504 5936 ὥς
2532 5889 2581 5924 τι
2622 5870 3030 5943 μυστικώτερον
3070 5870 3218 5943 αύτῷ
3251 5870 3657 5940 διαλεξόμενος,
