  <div class='ocr_page' id='page_1' title='image "/cluster/home/n/w/nwhite01/storage/ocr_20150623/134/mdp.39015032023197/083.png"; bbox 0 0 3964 6252; ppageno 0'>
   <div class='ocr_carea' id='block_1_1' title="bbox 479 387 3738 462">
    <p class='ocr_par' dir='ltr' id='par_1_1' title="bbox 479 387 3738 462">
     <span class='ocr_line' id='line_1_1' title="bbox 479 387 3738 462; baseline -0.006 -2"><span class='ocrx_word' id='word_1_1' title='bbox 479 395 577 462; x_wconf 67' lang='lat'>1:31</span> <span class='ocrx_word' id='word_1_2' title='bbox 1789 390 2113 452; x_wconf 77' lang='lat' dir='ltr'>JOANNIS</span> <span class='ocrx_word' id='word_1_3' title='bbox 2152 387 2476 450; x_wconf 63' lang='lat' dir='ltr'><strong>zoxaa/s</strong></span> <span class='ocrx_word' id='word_1_4' title='bbox 3647 392 3738 456; x_wconf 64' lang='lat'>153</span> 
     </span>
    </p>
   </div>
   <div class='ocr_carea' id='block_1_2' title="bbox 473 497 2045 577">
    <p class='ocr_par' dir='ltr' id='par_1_2' title="bbox 473 497 2045 577">
     <span class='ocr_line' id='line_1_2' title="bbox 473 497 2045 577; baseline -0.006 -13"><span class='ocrx_word' id='word_1_5' title='bbox 473 510 527 564; x_wconf 88' lang='lat' dir='ltr'>ei</span> <span class='ocrx_word' id='word_1_6' title='bbox 557 507 771 562; x_wconf 98' lang='lat' dir='ltr'><strong>traditis</strong></span> <span class='ocrx_word' id='word_1_7' title='bbox 801 524 812 559; x_wconf 92' lang='lat'><strong>:</strong></span> <span class='ocrx_word' id='word_1_8' title='bbox 845 521 1082 577; x_wconf 88' lang='lat' dir='ltr'><strong>quorum</strong></span> <span class='ocrx_word' id='word_1_9' title='bbox 1117 519 1285 559; x_wconf 89' lang='lat' dir='ltr'><strong>unum</strong></span> <span class='ocrx_word' id='word_1_10' title='bbox 1315 503 1505 559; x_wconf 83' lang='lat' dir='ltr'><strong>Sibam</strong></span> <span class='ocrx_word' id='word_1_11' title='bbox 1537 505 1962 573; x_wconf 73' lang='lat' dir='ltr'>procuratorem</span> <span class='ocrx_word' id='word_1_12' title='bbox 1987 497 2045 555; x_wconf 79' lang='lat' dir='ltr'>fa</span> 
     </span>
    </p>
   </div>
   <div class='ocr_carea' id='block_1_3' title="bbox 2151 497 3738 577">
    <p class='ocr_par' dir='ltr' id='par_1_3' title="bbox 2170 498 3738 574">
     <span class='ocr_line' id='line_1_3' title="bbox 2170 498 3738 574; baseline 0.005 -22"><span class='ocrx_word' id='word_1_13' title='bbox 2170 515 2258 561; x_wconf 87' lang='grc' dir='ltr'>νος</span> <span class='ocrx_word' id='word_1_14' title='bbox 2306 499 2389 563; x_wconf 87' lang='grc' dir='ltr'>είς</span> <span class='ocrx_word' id='word_1_15' title='bbox 2439 498 2795 571; x_wconf 71' lang='grc' dir='ltr'>εὐχαριστίαν</span> <span class='ocrx_word' id='word_1_16' title='bbox 2853 502 3146 574; x_wconf 73' lang='grc' dir='ltr'>ἐτράπετο.</span> <span class='ocrx_word' id='word_1_17' title='bbox 3209 503 3318 557; x_wconf 78' lang='grc' dir='ltr'>Καὶ</span> <span class='ocrx_word' id='word_1_18' title='bbox 3377 501 3517 574; x_wconf 85' lang='grc' dir='ltr'>μετά</span> <span class='ocrx_word' id='word_1_19' title='bbox 3570 503 3738 560; x_wconf 82' lang='grc' dir='ltr'>ταῦτα</span> 
     </span>
    </p>
   </div>
   <div class='ocr_carea' id='block_1_4' title="bbox 473 590 2045 670">
    <p class='ocr_par' dir='ltr' id='par_1_4' title="bbox 473 592 2045 670">
     <span class='ocr_line' id='line_1_4' title="bbox 473 592 2045 670; baseline -0.006 -14"><span class='ocrx_word' id='word_1_20' title='bbox 473 601 574 670; x_wconf 93' lang='lat' dir='ltr'><strong>cit,</strong></span> <span class='ocrx_word' id='word_1_21' title='bbox 611 611 673 656; x_wconf 91' lang='lat' dir='ltr'>ut</span> <span class='ocrx_word' id='word_1_22' title='bbox 706 608 1008 670; x_wconf 74' lang='lat' dir='ltr'>proventus</span> <span class='ocrx_word' id='word_1_23' title='bbox 1049 597 1371 662; x_wconf 87' lang='lat' dir='ltr'><strong>fundorum,</strong></span> <span class='ocrx_word' id='word_1_24' title='bbox 1413 611 1553 667; x_wconf 88' lang='lat' dir='ltr'><strong>quos</strong></span> <span class='ocrx_word' id='word_1_25' title='bbox 1579 595 1747 650; x_wconf 87' lang='lat' dir='ltr'><strong>herus</strong></span> <span class='ocrx_word' id='word_1_26' title='bbox 1776 592 1924 649; x_wconf 87' lang='lat' dir='ltr'><strong>dono</strong></span> <span class='ocrx_word' id='word_1_27' title='bbox 1963 606 2045 648; x_wconf 88' lang='lat' dir='ltr'><strong>ac-</strong></span> 
     </span>
    </p>
   </div>
   <div class='ocr_carea' id='block_1_5' title="bbox 2151 590 3736 670">
    <p class='ocr_par' dir='ltr' id='par_1_5' title="bbox 2161 590 3736 665">
     <span class='ocr_line' id='line_1_5' title="bbox 2161 590 3736 665; baseline 0.004 -20"><span class='ocrx_word' id='word_1_28' title='bbox 2161 590 2401 657; x_wconf 81' lang='grc' dir='ltr'>ἐπάταξε</span> <span class='ocrx_word' id='word_1_29' title='bbox 2441 595 2571 656; x_wconf 79' lang='grc' dir='ltr'>τούς</span> <span class='ocrx_word' id='word_1_30' title='bbox 2616 593 2972 665; x_wconf 75' lang='grc' dir='ltr'>ἀλλοφύλους,</span> <span class='ocrx_word' id='word_1_31' title='bbox 3005 597 3103 653; x_wconf 74' lang='grc' dir='ltr'>καὶ</span> <span class='ocrx_word' id='word_1_32' title='bbox 3141 595 3609 664; x_wconf 81' lang='grc' dir='ltr'>κατετροπώσατο</span> <span class='ocrx_word' id='word_1_33' title='bbox 3647 598 3736 651; x_wconf 88' lang='grc' dir='ltr'>αὐ⁹</span> 
     </span>
    </p>
   </div>
   <div class='ocr_carea' id='block_1_6' title="bbox 474 685 2045 764">
    <p class='ocr_par' dir='ltr' id='par_1_6' title="bbox 474 686 2045 764">
     <span class='ocr_line' id='line_1_6' title="bbox 474 686 2045 764; baseline -0.006 -15"><span class='ocrx_word' id='word_1_34' title='bbox 474 703 719 764; x_wconf 87' lang='lat' dir='ltr'><strong>ceperat,</strong></span> <span class='ocrx_word' id='word_1_35' title='bbox 756 691 1059 763; x_wconf 74' lang='lat' dir='ltr'>colligeret.</span> <span class='ocrx_word' id='word_1_36' title='bbox 1105 689 1198 746; x_wconf 88' lang='lat' dir='ltr'>Sic</span> <span class='ocrx_word' id='word_1_37' title='bbox 1227 688 1700 760; x_wconf 74' lang='lat' dir='ltr'><strong>Memphibosthes</strong></span> <span class='ocrx_word' id='word_1_38' title='bbox 1745 686 2045 757; x_wconf 84' lang='lat' dir='ltr'><strong>Hierosoly-</strong></span> 
     </span>
    </p>
   </div>
   <div class='ocr_carea' id='block_1_7' title="bbox 2151 685 3740 764">
    <p class='ocr_par' dir='ltr' id='par_1_7' title="bbox 2159 685 3740 760">
     <span class='ocr_line' id='line_1_7' title="bbox 2159 685 3740 760; baseline 0.003 -22"><span class='ocrx_word' id='word_1_39' title='bbox 2159 685 2285 747; x_wconf 82' lang='grc' dir='ltr'>τούς</span> <span class='ocrx_word' id='word_1_40' title='bbox 2343 685 2439 738; x_wconf 75' lang='grc' dir='ltr'>καὶ</span> <span class='ocrx_word' id='word_1_41' title='bbox 2481 687 2610 750; x_wconf 84' lang='grc' dir='ltr'>τοὺς</span> <span class='ocrx_word' id='word_1_42' title='bbox 2661 687 2987 759; x_wconf 79' lang='grc' dir='ltr'>συμμάχους</span> <span class='ocrx_word' id='word_1_43' title='bbox 3031 687 3233 754; x_wconf 87' lang='grc' dir='ltr'>αὐτῶν,</span> <span class='ocrx_word' id='word_1_44' title='bbox 3279 689 3376 742; x_wconf 72' lang='grc' dir='ltr'>καὶ</span> <span class='ocrx_word' id='word_1_45' title='bbox 3404 688 3506 758; x_wconf 76' lang='grc' dir='ltr'>τὴν</span> <span class='ocrx_word' id='word_1_46' title='bbox 3539 688 3740 760; x_wconf 77' lang='grc' dir='ltr'>Συρίαν</span> 
     </span>
    </p>
   </div>
   <div class='ocr_carea' id='block_1_8' title="bbox 473 776 2045 853">
    <p class='ocr_par' dir='ltr' id='par_1_8' title="bbox 473 780 1598 853">
     <span class='ocr_line' id='line_1_8' title="bbox 473 780 1598 853; baseline -0.005 -13"><span class='ocrx_word' id='word_1_47' title='bbox 473 787 579 841; x_wconf 88' lang='lat' dir='ltr'>mis</span> <span class='ocrx_word' id='word_1_48' title='bbox 607 785 836 847; x_wconf 79' lang='lat' dir='ltr'><strong>habitat,</strong></span> <span class='ocrx_word' id='word_1_49' title='bbox 868 797 1168 853; x_wconf 89' lang='lat' dir='ltr'><strong>mensaque</strong></span> <span class='ocrx_word' id='word_1_50' title='bbox 1197 781 1344 852; x_wconf 84' lang='lat' dir='ltr'><strong>regia</strong></span> <span class='ocrx_word' id='word_1_51' title='bbox 1370 780 1598 836; x_wconf 78' lang='lat' dir='ltr'><strong>fruitur.</strong></span> 
     </span>
    </p>
   </div>
   <div class='ocr_carea' id='block_1_9' title="bbox 2151 776 3740 853">
    <p class='ocr_par' dir='ltr' id='par_1_9' title="bbox 2163 776 3740 851">
     <span class='ocr_line' id='line_1_9' title="bbox 2163 776 3740 851; baseline 0.002 -21"><span class='ocrx_word' id='word_1_52' title='bbox 2163 776 2440 847; x_wconf 65' lang='grc' dir='ltr'>ὐπόφορον</span> <span class='ocrx_word' id='word_1_53' title='bbox 2483 778 2804 850; x_wconf 81' lang='grc' dir='ltr'>ἐποιήσατο,</span> <span class='ocrx_word' id='word_1_54' title='bbox 2852 781 3102 851; x_wconf 65' lang='grc' dir='ltr'>φρουρὰν</span> <span class='ocrx_word' id='word_1_55' title='bbox 3149 782 3209 834; x_wconf 85' lang='grc' dir='ltr'>ἐν</span> <span class='ocrx_word' id='word_1_56' title='bbox 3255 778 3538 850; x_wconf 80' lang='grc' dir='ltr'>Δαμασκῷ</span> <span class='ocrx_word' id='word_1_57' title='bbox 3577 797 3740 835; x_wconf 84' lang='grc' dir='ltr'>κατα-</span> 
     </span>
    </p>
   </div>
   <div class='ocr_carea' id='block_1_10' title="bbox 475 871 3742 947">
    <p class='ocr_par' dir='ltr' id='par_1_10' title="bbox 475 871 3742 947">
     <span class='ocr_line' id='line_1_10' title="bbox 475 871 3742 947; baseline -0.001 -16"><span class='ocrx_word' id='word_1_58' title='bbox 475 878 702 947; x_wconf 77' lang='grc' dir='ltr'>στήσας.</span> <span class='ocrx_word' id='word_1_59' title='bbox 751 876 860 930; x_wconf 78' lang='lat' dir='ltr'><strong>Kal.</strong></span> <span class='ocrx_word' id='word_1_60' title='bbox 898 877 958 929; x_wconf 80' lang='grc' dir='ltr'>ἐν</span> <span class='ocrx_word' id='word_1_61' title='bbox 999 876 1078 947; x_wconf 82' lang='grc' dir='ltr'>τῷ</span> <span class='ocrx_word' id='word_1_62' title='bbox 1127 874 1629 942; x_wconf 78' lang='grc' dir='ltr'>ἐπαναζευγνύειν,</span> <span class='ocrx_word' id='word_1_63' title='bbox 1677 871 1918 939; x_wconf 77' lang='grc' dir='ltr'>ἐπάταξε</span> <span class='ocrx_word' id='word_1_64' title='bbox 1957 871 2057 942; x_wconf 72' lang='grc' dir='ltr'>τὴν</span> <span class='ocrx_word' id='word_1_65' title='bbox 2103 871 2454 940; x_wconf 84' lang='grc' dir='ltr'>Ἰδουμαίαν,</span> <span class='ocrx_word' id='word_1_66' title='bbox 2507 873 2605 926; x_wconf 76' lang='grc' dir='ltr'>καὶ</span> <span class='ocrx_word' id='word_1_67' title='bbox 2669 874 2921 942; x_wconf 78' lang='grc' dir='ltr'>ἐγένοντο</span> <span class='ocrx_word' id='word_1_68' title='bbox 2969 877 3172 938; x_wconf 85' lang='grc' dir='ltr'>πάντες</span> <span class='ocrx_word' id='word_1_69' title='bbox 3224 876 3518 945; x_wconf 82' lang='grc' dir='ltr'>Ἰδουμαῖοι</span> <span class='ocrx_word' id='word_1_70' title='bbox 3561 873 3742 928; x_wconf 72' lang='grc' dir='ltr'>δοῦλοι</span> 
     </span>
    </p>
   </div>
   <div class='ocr_carea' id='block_1_11' title="bbox 471 967 3737 1045">
    <p class='ocr_par' dir='ltr' id='par_1_11' title="bbox 471 967 3737 1045">
     <span class='ocr_line' id='line_1_11' title="bbox 471 967 3737 1045; baseline 0 -23"><span class='ocrx_word' id='word_1_71' title='bbox 471 973 549 1042; x_wconf 79' lang='grc' dir='ltr'>τῷ</span> <span class='ocrx_word' id='word_1_72' title='bbox 580 972 760 1027; x_wconf 81' lang='grc' dir='ltr'>Δαδίδ.</span> <span class='ocrx_word' id='word_1_73' title='bbox 803 973 1080 1044; x_wconf 72' lang='grc' dir='ltr'>Μνησθεὶς</span> <span class='ocrx_word' id='word_1_74' title='bbox 1109 974 1163 1026; x_wconf 77' lang='grc' dir='ltr'>δὲ</span> <span class='ocrx_word' id='word_1_75' title='bbox 1188 975 1217 1026; x_wconf 98' lang='lat'>6</span> <span class='ocrx_word' id='word_1_76' title='bbox 1242 973 1406 1026; x_wconf 69' lang='grc' dir='ltr'>Δαδλδ</span> <span class='ocrx_word' id='word_1_77' title='bbox 1441 972 1550 1026; x_wconf 90' lang='grc' dir='ltr'>τῶν</span> <span class='ocrx_word' id='word_1_78' title='bbox 1590 971 1732 1040; x_wconf 69' lang='grc' dir='ltr'>πρὸς</span> <span class='ocrx_word' id='word_1_79' title='bbox 1784 969 2049 1025; x_wconf 83' lang='grc' dir='ltr'>Ἰωνάθαν</span> <span class='ocrx_word' id='word_1_80' title='bbox 2087 969 2194 1022; x_wconf 68' lang='grc' dir='ltr'>τῶι.</span> <span class='ocrx_word' id='word_1_81' title='bbox 2263 971 2358 1025; x_wconf 77' lang='grc' dir='ltr'>τοῦ</span> <span class='ocrx_word' id='word_1_82' title='bbox 2425 970 2599 1024; x_wconf 75' lang='grc' dir='ltr'>Σαοὺλ</span> <span class='ocrx_word' id='word_1_83' title='bbox 2653 971 2963 1042; x_wconf 78' lang='grc' dir='ltr'>συνθηκῶν,</span> <span class='ocrx_word' id='word_1_84' title='bbox 3013 973 3282 1045; x_wconf 75' lang='grc' dir='ltr'>ἐζήτησεν</span> <span class='ocrx_word' id='word_1_85' title='bbox 3323 973 3376 1027; x_wconf 81' lang='grc' dir='ltr'>εί</span> <span class='ocrx_word' id='word_1_86' title='bbox 3401 990 3489 1036; x_wconf 88' lang='grc' dir='ltr'>τις</span> <span class='ocrx_word' id='word_1_87' title='bbox 3534 973 3601 1026; x_wconf 83' lang='grc' dir='ltr'>ἐκ</span> <span class='ocrx_word' id='word_1_88' title='bbox 3641 967 3737 1024; x_wconf 82' lang='grc' dir='ltr'>τοῦ</span> 
     </span>
    </p>
   </div>
   <div class='ocr_carea' id='block_1_12' title="bbox 471 1059 3739 1137">
    <p class='ocr_par' dir='ltr' id='par_1_12' title="bbox 471 1059 3739 1137">
     <span class='ocr_line' id='line_1_12' title="bbox 471 1059 3739 1137; baseline 0.001 -21"><span class='ocrx_word' id='word_1_89' title='bbox 471 1066 664 1135; x_wconf 80' lang='grc' dir='ltr'>γένους</span> <span class='ocrx_word' id='word_1_90' title='bbox 697 1065 792 1120; x_wconf 79' lang='grc' dir='ltr'>τοῦ</span> <span class='ocrx_word' id='word_1_91' title='bbox 873 1067 1049 1119; x_wconf 77' lang='grc' dir='ltr'>Σαοὺλ</span> <span class='ocrx_word' id='word_1_92' title='bbox 1101 1064 1512 1128; x_wconf 77' lang='grc' dir='ltr'>ὑπολέλειπται,</span> <span class='ocrx_word' id='word_1_93' title='bbox 1586 1063 1683 1116; x_wconf 76' lang='grc' dir='ltr'>καὶ</span> <span class='ocrx_word' id='word_1_94' title='bbox 1757 1059 1951 1132; x_wconf 86' lang='grc' dir='ltr'>μαθὼν</span> <span class='ocrx_word' id='word_1_95' title='bbox 1995 1065 2269 1133; x_wconf 86' lang='grc' dir='ltr'>περιεῖναι</span> <span class='ocrx_word' id='word_1_96' title='bbox 2339 1062 2430 1117; x_wconf 78' lang='grc' dir='ltr'>τοῦ</span> <span class='ocrx_word' id='word_1_97' title='bbox 2473 1062 2730 1118; x_wconf 84' lang='grc' dir='ltr'>Ἰωνάθαν</span> <span class='ocrx_word' id='word_1_98' title='bbox 2777 1064 2892 1118; x_wconf 77' lang='grc' dir='ltr'>υίδν</span> <span class='ocrx_word' id='word_1_99' title='bbox 2943 1065 3326 1137; x_wconf 71' lang='grc' dir='ltr'>βεϐλαμμένον</span> <span class='ocrx_word' id='word_1_100' title='bbox 3371 1066 3501 1130; x_wconf 76' lang='grc' dir='ltr'>τοὺς</span> <span class='ocrx_word' id='word_1_101' title='bbox 3547 1065 3739 1131; x_wconf 79' lang='grc' dir='ltr'>πόδας,</span> 
     </span>
    </p>
   </div>
   <div class='ocr_carea' id='block_1_13' title="bbox 469 1153 3726 1231">
    <p class='ocr_par' dir='ltr' id='par_1_13' title="bbox 469 1153 3726 1231">
     <span class='ocr_line' id='line_1_13' title="bbox 469 1153 3726 1231; baseline 0 -19"><span class='ocrx_word' id='word_1_102' title='bbox 469 1157 832 1227; x_wconf 80' lang='grc' dir='ltr'>Μεμφιδοσθὲ</span> <span class='ocrx_word' id='word_1_103' title='bbox 860 1155 1220 1228; x_wconf 80' lang='grc' dir='ltr'>κεκλημένον,</span> <span class='ocrx_word' id='word_1_104' title='bbox 1265 1154 1671 1224; x_wconf 80' lang='grc' dir='ltr'>μετεκαλέσατο</span> <span class='ocrx_word' id='word_1_105' title='bbox 1713 1153 1898 1220; x_wconf 83' lang='grc' dir='ltr'>αὐτὸν,</span> <span class='ocrx_word' id='word_1_106' title='bbox 1939 1153 2036 1206; x_wconf 77' lang='grc' dir='ltr'>καὶ</span> <span class='ocrx_word' id='word_1_107' title='bbox 2071 1153 2364 1224; x_wconf 79' lang='grc' dir='ltr'>ἐχαρίσατο</span> <span class='ocrx_word' id='word_1_108' title='bbox 2398 1155 2498 1226; x_wconf 81' lang='grc' dir='ltr'>τὴν</span> <span class='ocrx_word' id='word_1_109' title='bbox 2523 1155 2614 1209; x_wconf 80' lang='grc' dir='ltr'>τοῦ</span> <span class='ocrx_word' id='word_1_110' title='bbox 2647 1156 2872 1211; x_wconf 78' lang='grc' dir='ltr'>πάππου</span> <span class='ocrx_word' id='word_1_111' title='bbox 2933 1160 3114 1212; x_wconf 74' lang='grc' dir='ltr'>πᾶσαν</span> <span class='ocrx_word' id='word_1_112' title='bbox 3144 1158 3380 1231; x_wconf 80' lang='grc' dir='ltr'>ὕπαρξιν</span> <span class='ocrx_word' id='word_1_113' title='bbox 3417 1159 3496 1228; x_wconf 82' lang='grc' dir='ltr'>τῷ</span> <span class='ocrx_word' id='word_1_114' title='bbox 3544 1160 3726 1230; x_wconf 77' lang='grc' dir='ltr'>ἀνδρὶ,</span> 
     </span>
    </p>
   </div>
   <div class='ocr_carea' id='block_1_14' title="bbox 471 1246 3745 1328">
    <p class='ocr_par' dir='ltr' id='par_1_14' title="bbox 471 1246 3745 1328">
     <span class='ocr_line' id='line_1_14' title="bbox 471 1246 3745 1328; baseline -0.001 -17"><span class='ocrx_word' id='word_1_115' title='bbox 471 1260 566 1311; x_wconf 78' lang='grc' dir='ltr'>καὶ</span> <span class='ocrx_word' id='word_1_116' title='bbox 610 1258 920 1326; x_wconf 74' lang='grc' dir='ltr'>ὁμοδίαιτον</span> <span class='ocrx_word' id='word_1_117' title='bbox 971 1253 1150 1323; x_wconf 82' lang='grc' dir='ltr'>ἐαυτῷ</span> <span class='ocrx_word' id='word_1_118' title='bbox 1201 1251 1377 1306; x_wconf 85' lang='grc' dir='ltr'>διόλου</span> <span class='ocrx_word' id='word_1_119' title='bbox 1465 1246 1608 1304; x_wconf 76' lang='grc' dir='ltr'>εἶναι</span> <span class='ocrx_word' id='word_1_120' title='bbox 1675 1250 1955 1304; x_wconf 80' lang='grc' dir='ltr'>ἐκέλευσε.</span> <span class='ocrx_word' id='word_1_121' title='bbox 2009 1250 2120 1303; x_wconf 75' lang='grc' dir='ltr'>Καὶ</span> <span class='ocrx_word' id='word_1_122' title='bbox 2155 1251 2285 1313; x_wconf 84' lang='grc' dir='ltr'>τοὺς</span> <span class='ocrx_word' id='word_1_123' title='bbox 2338 1251 2630 1322; x_wconf 79' lang='grc' dir='ltr'>πατρῴους</span> <span class='ocrx_word' id='word_1_124' title='bbox 2674 1254 2896 1319; x_wconf 83' lang='grc' dir='ltr'>οίκέτας</span> <span class='ocrx_word' id='word_1_125' title='bbox 2937 1256 3088 1325; x_wconf 86' lang='grc' dir='ltr'>αὐτῷ</span> <span class='ocrx_word' id='word_1_126' title='bbox 3135 1257 3621 1328; x_wconf 75' lang='grc' dir='ltr'>προσαπένειμενο</span> <span class='ocrx_word' id='word_1_127' title='bbox 3671 1252 3745 1313; x_wconf 79' lang='grc' dir='ltr'>ὧν</span> 
     </span>
    </p>
   </div>
   <div class='ocr_carea' id='block_1_15' title="bbox 472 1341 3745 1419">
    <p class='ocr_par' dir='ltr' id='par_1_15' title="bbox 472 1341 3745 1419">
     <span class='ocr_line' id='line_1_15' title="bbox 472 1341 3745 1419; baseline -0 -15"><span class='ocrx_word' id='word_1_128' title='bbox 472 1351 552 1404; x_wconf 61' lang='grc' dir='ltr'>ἐι).</span> <span class='ocrx_word' id='word_1_129' title='bbox 601 1349 734 1403; x_wconf 80' lang='grc' dir='ltr'>Σιδά</span> <span class='ocrx_word' id='word_1_130' title='bbox 763 1348 1086 1419; x_wconf 76' lang='grc' dir='ltr'>καλουμένῳ</span> <span class='ocrx_word' id='word_1_131' title='bbox 1139 1344 1523 1417; x_wconf 70' lang='grc' dir='ltr'>ἐπιτροπεύειν</span> <span class='ocrx_word' id='word_1_132' title='bbox 1571 1342 1681 1396; x_wconf 89' lang='grc' dir='ltr'>τῶν</span> <span class='ocrx_word' id='word_1_133' title='bbox 1733 1342 2132 1412; x_wconf 79' lang='grc' dir='ltr'>δεδωρημένων</span> <span class='ocrx_word' id='word_1_134' title='bbox 2169 1341 2248 1412; x_wconf 84' lang='grc' dir='ltr'>τῷ</span> <span class='ocrx_word' id='word_1_135' title='bbox 2310 1343 2476 1396; x_wconf 79' lang='grc' dir='ltr'>αὐτοῦ</span> <span class='ocrx_word' id='word_1_136' title='bbox 2542 1346 2718 1416; x_wconf 80' lang='grc' dir='ltr'>κυρίῳ</span> <span class='ocrx_word' id='word_1_137' title='bbox 2780 1346 3076 1418; x_wconf 77' lang='grc' dir='ltr'>ἐπέτρεψε,</span> <span class='ocrx_word' id='word_1_138' title='bbox 3132 1349 3226 1403; x_wconf 77' lang='grc' dir='ltr'>καὶ</span> <span class='ocrx_word' id='word_1_139' title='bbox 3274 1348 3577 1417; x_wconf 82' lang='grc' dir='ltr'>προσάγειν</span> <span class='ocrx_word' id='word_1_140' title='bbox 3602 1351 3745 1404; x_wconf 81' lang='grc' dir='ltr'>ἐκεί-</span> 
     </span>
    </p>
   </div>
   <div class='ocr_carea' id='block_1_16' title="bbox 471 1431 3563 1511">
    <p class='ocr_par' dir='ltr' id='par_1_16' title="bbox 471 1431 3563 1511">
     <span class='ocr_line' id='line_1_16' title="bbox 471 1431 3563 1511; baseline 0 -16"><span class='ocrx_word' id='word_1_141' title='bbox 471 1458 546 1507; x_wconf 78' lang='grc' dir='ltr'>νῳ</span> <span class='ocrx_word' id='word_1_142' title='bbox 598 1441 697 1511; x_wconf 85' lang='grc' dir='ltr'>τὴν</span> <span class='ocrx_word' id='word_1_143' title='bbox 753 1439 965 1493; x_wconf 82' lang='grc' dir='ltr'>ἐκεῖθεν</span> <span class='ocrx_word' id='word_1_144' title='bbox 1008 1438 1299 1506; x_wconf 66' lang='grc' dir='ltr'>ὠφέλειαν.</span> <span class='ocrx_word' id='word_1_145' title='bbox 1356 1436 1412 1490; x_wconf 80' lang='grc' dir='ltr'><strong>Ὀ</strong></span> <span class='ocrx_word' id='word_1_146' title='bbox 1464 1436 1521 1490; x_wconf 73' lang='grc' dir='ltr'>δὲ</span> <span class='ocrx_word' id='word_1_147' title='bbox 1572 1433 1935 1505; x_wconf 77' lang='grc' dir='ltr'>Μεμφιδοσθὲ</span> <span class='ocrx_word' id='word_1_148' title='bbox 1994 1436 2052 1486; x_wconf 82' lang='grc' dir='ltr'>ἐν</span> <span class='ocrx_word' id='word_1_149' title='bbox 2101 1431 2500 1504; x_wconf 82' lang='grc' dir='ltr'>Ἱεροσολύμοις</span> <span class='ocrx_word' id='word_1_150' title='bbox 2528 1434 2688 1506; x_wconf 75' lang='grc' dir='ltr'>ᾤκει,</span> <span class='ocrx_word' id='word_1_151' title='bbox 2719 1437 2814 1490; x_wconf 76' lang='grc' dir='ltr'>καὶ</span> <span class='ocrx_word' id='word_1_152' title='bbox 2844 1440 3192 1492; x_wconf 80' lang='grc' dir='ltr'>συνειστιᾶτο</span> <span class='ocrx_word' id='word_1_153' title='bbox 3217 1438 3295 1506; x_wconf 85' lang='grc' dir='ltr'>τῷ</span> <span class='ocrx_word' id='word_1_154' title='bbox 3329 1438 3563 1510; x_wconf 76' lang='grc' dir='ltr'>βασιλεῖ.</span> 
     </span>
    </p>
   </div>
   <div class='ocr_carea' id='block_1_17' title="bbox 544 1529 2045 1609">
    <p class='ocr_par' dir='ltr' id='par_1_17' title="bbox 544 1529 2045 1606">
     <span class='ocr_line' id='line_1_17' title="bbox 544 1529 2045 1606; baseline -0.005 -16"><span class='ocrx_word' id='word_1_155' title='bbox 544 1537 637 1592; x_wconf 92' lang='grc'><strong>111.</strong></span> <span class='ocrx_word' id='word_1_156' title='bbox 673 1536 788 1592; x_wconf 87' lang='lat' dir='ltr'>Sub</span> <span class='ocrx_word' id='word_1_157' title='bbox 835 1536 890 1592; x_wconf 87' lang='lat' dir='ltr'><strong>id</strong></span> <span class='ocrx_word' id='word_1_158' title='bbox 923 1545 1140 1606; x_wconf 89' lang='lat' dir='ltr'><strong>tempus</strong></span> <span class='ocrx_word' id='word_1_159' title='bbox 1182 1534 1624 1589; x_wconf 81' lang='lat' dir='ltr'><strong>Ammanitarum</strong></span> <span class='ocrx_word' id='word_1_160' title='bbox 1673 1547 1789 1595; x_wconf 76' lang='lat' dir='ltr'><strong>rex,</strong></span> <span class='ocrx_word' id='word_1_161' title='bbox 1828 1529 2045 1585; x_wconf 86' lang='lat' dir='ltr'><strong>Davidis</strong></span> 
     </span>
    </p>
   </div>
   <div class='ocr_carea' id='block_1_18' title="bbox 2151 1529 3745 1609">
    <p class='ocr_par' dir='ltr' id='par_1_18' title="bbox 2226 1531 3745 1608">
     <span class='ocr_line' id='line_1_18' title="bbox 2226 1531 3745 1608; baseline 0.005 -24"><span class='ocrx_word' id='word_1_162' title='bbox 2226 1531 2300 1585; x_wconf 83' lang='lat' dir='ltr'>I&quot;.</span> <span class='ocrx_word' id='word_1_163' title='bbox 2329 1531 2482 1586; x_wconf 84' lang='grc' dir='ltr'>Κατά</span> <span class='ocrx_word' id='word_1_164' title='bbox 2515 1532 2580 1586; x_wconf 83' lang='grc' dir='ltr'>δέ.</span> <span class='ocrx_word' id='word_1_165' title='bbox 2613 1533 2707 1587; x_wconf 73' lang='grc' dir='ltr'>τὸν</span> <span class='ocrx_word' id='word_1_166' title='bbox 2735 1534 2854 1588; x_wconf 85' lang='grc' dir='ltr'>τότε</span> <span class='ocrx_word' id='word_1_167' title='bbox 2890 1535 3084 1605; x_wconf 89' lang='grc' dir='ltr'>χρόνον</span> <span class='ocrx_word' id='word_1_168' title='bbox 3117 1535 3380 1606; x_wconf 76' lang='grc' dir='ltr'>τέθνηκεν</span> <span class='ocrx_word' id='word_1_169' title='bbox 3416 1539 3445 1591; x_wconf 87' lang='lat'>6</span> <span class='ocrx_word' id='word_1_170' title='bbox 3475 1537 3587 1592; x_wconf 89' lang='grc' dir='ltr'>τῶν</span> <span class='ocrx_word' id='word_1_171' title='bbox 3606 1537 3745 1608; x_wconf 77' lang='grc' dir='ltr'>Ἀμ-</span> 
     </span>
    </p>
   </div>
   <div class='ocr_carea' id='block_1_19' title="bbox 469 1621 2045 1694">
    <p class='ocr_par' dir='ltr' id='par_1_19' title="bbox 469 1621 2045 1693">
     <span class='ocr_line' id='line_1_19' title="bbox 469 1621 2045 1693; baseline -0.006 -10"><span class='ocrx_word' id='word_1_172' title='bbox 469 1627 701 1692; x_wconf 89' lang='lat' dir='ltr'><strong>amicus,</strong></span> <span class='ocrx_word' id='word_1_173' title='bbox 727 1627 985 1693; x_wconf 87' lang='lat' dir='ltr'><strong>moritur,</strong></span> <span class='ocrx_word' id='word_1_174' title='bbox 1038 1628 1270 1681; x_wconf 83' lang='lat' dir='ltr'><strong>Annone</strong></span> <span class='ocrx_word' id='word_1_175' title='bbox 1309 1626 1421 1680; x_wconf 88' lang='lat' dir='ltr'><strong>filio</strong></span> <span class='ocrx_word' id='word_1_176' title='bbox 1459 1624 1674 1689; x_wconf 86' lang='lat' dir='ltr'><strong>relicto,</strong></span> <span class='ocrx_word' id='word_1_177' title='bbox 1707 1623 1868 1692; x_wconf 81' lang='lat' dir='ltr'><strong>patrii</strong></span> <span class='ocrx_word' id='word_1_178' title='bbox 1896 1621 2045 1691; x_wconf 72' lang='lat' dir='ltr'><strong>regni</strong></span> 
     </span>
    </p>
   </div>
   <div class='ocr_carea' id='block_1_20' title="bbox 2151 1621 3743 1694">
    <p class='ocr_par' dir='ltr' id='par_1_20' title="bbox 2155 1622 3743 1694">
     <span class='ocr_line' id='line_1_20' title="bbox 2155 1622 3743 1694; baseline 0.001 -18"><span class='ocrx_word' id='word_1_179' title='bbox 2155 1622 2398 1692; x_wconf 84' lang='grc' dir='ltr'>μανιτῶν</span> <span class='ocrx_word' id='word_1_180' title='bbox 2433 1622 2710 1692; x_wconf 82' lang='grc' dir='ltr'>βασιλεὺς,</span> <span class='ocrx_word' id='word_1_181' title='bbox 2742 1623 2895 1693; x_wconf 83' lang='grc' dir='ltr'>φίλος</span> <span class='ocrx_word' id='word_1_182' title='bbox 2917 1625 2994 1677; x_wconf 84' lang='grc' dir='ltr'>ὢν</span> <span class='ocrx_word' id='word_1_183' title='bbox 3019 1625 3110 1678; x_wconf 79' lang='grc' dir='ltr'>τοῦ</span> <span class='ocrx_word' id='word_1_184' title='bbox 3144 1625 3330 1692; x_wconf 77' lang='grc' dir='ltr'>Δασιδ,</span> <span class='ocrx_word' id='word_1_185' title='bbox 3364 1626 3458 1679; x_wconf 70' lang='grc' dir='ltr'>ἐπὶ</span> <span class='ocrx_word' id='word_1_186' title='bbox 3485 1625 3588 1694; x_wconf 82' lang='grc' dir='ltr'>υίῷ</span> <span class='ocrx_word' id='word_1_187' title='bbox 3618 1625 3743 1679; x_wconf 79' lang='grc' dir='ltr'>Ἀν-</span> 
     </span>
    </p>
   </div>
   <div class='ocr_carea' id='block_1_21' title="bbox 469 1711 2045 1789">
    <p class='ocr_par' dir='ltr' id='par_1_21' title="bbox 469 1711 2045 1785">
     <span class='ocr_line' id='line_1_21' title="bbox 469 1711 2045 1785; baseline -0.006 -11"><span class='ocrx_word' id='word_1_188' title='bbox 469 1735 812 1775; x_wconf 90' lang='lat' dir='ltr'><strong>successore.</strong></span> <span class='ocrx_word' id='word_1_189' title='bbox 852 1719 934 1774; x_wconf 85' lang='lat' dir='ltr'><strong>Ad</strong></span> <span class='ocrx_word' id='word_1_190' title='bbox 989 1733 1115 1774; x_wconf 90' lang='lat' dir='ltr'>eum</span> <span class='ocrx_word' id='word_1_191' title='bbox 1151 1716 1318 1772; x_wconf 83' lang='lat' dir='ltr'><strong>David</strong></span> <span class='ocrx_word' id='word_1_192' title='bbox 1351 1717 1557 1785; x_wconf 78' lang='lat' dir='ltr'><strong>legatos</strong></span> <span class='ocrx_word' id='word_1_193' title='bbox 1594 1715 1785 1777; x_wconf 90' lang='lat' dir='ltr'><strong>mittit,</strong></span> <span class='ocrx_word' id='word_1_194' title='bbox 1825 1711 1917 1783; x_wconf 89' lang='lat' dir='ltr'><strong>qui</strong></span> <span class='ocrx_word' id='word_1_195' title='bbox 1959 1712 2045 1766; x_wconf 88' lang='lat' dir='ltr'><strong>lu-</strong></span> 
     </span>
    </p>
   </div>
   <div class='ocr_carea' id='block_1_22' title="bbox 2151 1711 3744 1789">
    <p class='ocr_par' dir='ltr' id='par_1_22' title="bbox 2156 1712 3744 1789">
     <span class='ocr_line' id='line_1_22' title="bbox 2156 1712 3744 1789; baseline 0.003 -23"><span class='ocrx_word' id='word_1_196' title='bbox 2156 1712 2284 1781; x_wconf 88' lang='grc' dir='ltr'>νὼν,</span> <span class='ocrx_word' id='word_1_197' title='bbox 2330 1714 2389 1778; x_wconf 83' lang='grc' dir='ltr'>ὃς</span> <span class='ocrx_word' id='word_1_198' title='bbox 2415 1715 2516 1786; x_wconf 82' lang='grc' dir='ltr'>τὴν</span> <span class='ocrx_word' id='word_1_199' title='bbox 2549 1717 2828 1788; x_wconf 82' lang='grc' dir='ltr'>πατρικὴν</span> <span class='ocrx_word' id='word_1_200' title='bbox 2866 1717 3044 1789; x_wconf 84' lang='grc' dir='ltr'>ἀρχὴν</span> <span class='ocrx_word' id='word_1_201' title='bbox 3101 1716 3392 1782; x_wconf 74' lang='grc' dir='ltr'>διεδέξατο.</span> <span class='ocrx_word' id='word_1_202' title='bbox 3447 1716 3744 1787; x_wconf 80' lang='grc' dir='ltr'>Ἔπεμψεν</span> 
     </span>
    </p>
   </div>
   <div class='ocr_carea' id='block_1_23' title="bbox 468 1803 2045 1883">
    <p class='ocr_par' dir='ltr' id='par_1_23' title="bbox 468 1805 2044 1883">
     <span class='ocr_line' id='line_1_23' title="bbox 468 1805 2044 1883; baseline -0.006 -17"><span class='ocrx_word' id='word_1_203' title='bbox 468 1825 618 1866; x_wconf 89' lang='lat' dir='ltr'><strong>ctum</strong></span> <span class='ocrx_word' id='word_1_204' title='bbox 673 1814 794 1883; x_wconf 84' lang='lat' dir='ltr'><strong>ejus</strong></span> <span class='ocrx_word' id='word_1_205' title='bbox 836 1811 1281 1874; x_wconf 85' lang='lat' dir='ltr'><strong>consolarentur,</strong></span> <span class='ocrx_word' id='word_1_206' title='bbox 1345 1808 1620 1877; x_wconf 85' lang='lat' dir='ltr'><strong>simulque</strong></span> <span class='ocrx_word' id='word_1_207' title='bbox 1673 1805 2044 1868; x_wconf 89' lang='lat' dir='ltr'><strong>nunciarent,</strong></span> 
     </span>
    </p>
   </div>
   <div class='ocr_carea' id='block_1_24' title="bbox 2151 1803 3744 1883">
    <p class='ocr_par' dir='ltr' id='par_1_24' title="bbox 2154 1803 3744 1882">
     <span class='ocr_line' id='line_1_24' title="bbox 2154 1803 3744 1882; baseline 0.001 -22"><span class='ocrx_word' id='word_1_208' title='bbox 2154 1803 2250 1862; x_wconf 82' lang='grc' dir='ltr'>οὖν</span> <span class='ocrx_word' id='word_1_209' title='bbox 2281 1807 2416 1879; x_wconf 81' lang='grc' dir='ltr'>πρὸς</span> <span class='ocrx_word' id='word_1_210' title='bbox 2451 1807 2656 1862; x_wconf 81' lang='grc' dir='ltr'>Ἀννὼν</span> <span class='ocrx_word' id='word_1_211' title='bbox 2685 1813 2714 1863; x_wconf 90' lang='lat'>6</span> <span class='ocrx_word' id='word_1_212' title='bbox 2738 1809 2903 1864; x_wconf 75' lang='grc' dir='ltr'>Δαδὶδ</span> <span class='ocrx_word' id='word_1_213' title='bbox 2934 1811 3059 1874; x_wconf 87' lang='grc' dir='ltr'>τούς</span> <span class='ocrx_word' id='word_1_214' title='bbox 3105 1811 3600 1882; x_wconf 73' lang='grc' dir='ltr'>παρηγορήσοντας</span> <span class='ocrx_word' id='word_1_215' title='bbox 3643 1810 3744 1880; x_wconf 78' lang='grc' dir='ltr'>τὴν</span> 
     </span>
    </p>
   </div>
   <div class='ocr_carea' id='block_1_25' title="bbox 471 1900 2045 1974">
    <p class='ocr_par' dir='ltr' id='par_1_25' title="bbox 471 1900 2045 1970">
     <span class='ocr_line' id='line_1_25' title="bbox 471 1900 2045 1970; baseline -0.006 -14"><span class='ocrx_word' id='word_1_216' title='bbox 471 1903 729 1958; x_wconf 90' lang='lat' dir='ltr'><strong>Davidem</strong></span> <span class='ocrx_word' id='word_1_217' title='bbox 763 1903 1062 1957; x_wconf 87' lang='lat' dir='ltr'><strong>amicitiam</strong></span> <span class='ocrx_word' id='word_1_218' title='bbox 1095 1916 1222 1970; x_wconf 77' lang='lat' dir='ltr'><strong>erga</strong></span> <span class='ocrx_word' id='word_1_219' title='bbox 1255 1900 1408 1954; x_wconf 92' lang='lat' dir='ltr'><strong>illum</strong></span> <span class='ocrx_word' id='word_1_220' title='bbox 1435 1912 1656 1968; x_wconf 83' lang='lat' dir='ltr'><strong>quoque</strong></span> <span class='ocrx_word' id='word_1_221' title='bbox 1683 1902 2045 1951; x_wconf 90' lang='lat' dir='ltr'><strong>conservatu-</strong></span> 
     </span>
    </p>
   </div>
   <div class='ocr_carea' id='block_1_26' title="bbox 2151 1900 3744 1974">
    <p class='ocr_par' dir='ltr' id='par_1_26' title="bbox 2153 1900 3744 1974">
     <span class='ocr_line' id='line_1_26' title="bbox 2153 1900 3744 1974; baseline 0.003 -22"><span class='ocrx_word' id='word_1_222' title='bbox 2153 1900 2245 1953; x_wconf 73' lang='grc' dir='ltr'>ἐπὶ</span> <span class='ocrx_word' id='word_1_223' title='bbox 2272 1900 2351 1970; x_wconf 79' lang='grc' dir='ltr'>τῷ</span> <span class='ocrx_word' id='word_1_224' title='bbox 2381 1901 2553 1971; x_wconf 77' lang='grc' dir='ltr'>πατρὶ</span> <span class='ocrx_word' id='word_1_225' title='bbox 2604 1900 2784 1971; x_wconf 84' lang='grc' dir='ltr'>λύπην</span> <span class='ocrx_word' id='word_1_226' title='bbox 2811 1901 3002 1966; x_wconf 83' lang='grc' dir='ltr'>αὐτοῦ,</span> <span class='ocrx_word' id='word_1_227' title='bbox 3039 1902 3136 1956; x_wconf 77' lang='grc' dir='ltr'>καὶ</span> <span class='ocrx_word' id='word_1_228' title='bbox 3187 1905 3378 1973; x_wconf 78' lang='grc' dir='ltr'>τηρεῖν</span> <span class='ocrx_word' id='word_1_229' title='bbox 3412 1902 3512 1974; x_wconf 76' lang='grc' dir='ltr'>τὴν</span> <span class='ocrx_word' id='word_1_230' title='bbox 3557 1901 3744 1972; x_wconf 79' lang='grc' dir='ltr'>φιλίαν</span> 
     </span>
    </p>
   </div>
   <div class='ocr_carea' id='block_1_27' title="bbox 469 1988 2047 2063">
    <p class='ocr_par' dir='ltr' id='par_1_27' title="bbox 469 1988 2047 2063">
     <span class='ocr_line' id='line_1_27' title="bbox 469 1988 2047 2063; baseline -0.005 -14"><span class='ocrx_word' id='word_1_231' title='bbox 469 2011 613 2050; x_wconf 81' lang='lat' dir='ltr'><strong>nun.</strong></span> <span class='ocrx_word' id='word_1_232' title='bbox 645 1995 715 2049; x_wconf 84' lang='lat' dir='ltr'><strong>At</strong></span> <span class='ocrx_word' id='word_1_233' title='bbox 777 1995 867 2050; x_wconf 88' lang='lat' dir='ltr'><strong>ille</strong></span> <span class='ocrx_word' id='word_1_234' title='bbox 889 1993 1268 2063; x_wconf 80' lang='lat' dir='ltr'><strong>exploratores</strong></span> <span class='ocrx_word' id='word_1_235' title='bbox 1296 2006 1416 2045; x_wconf 87' lang='lat' dir='ltr'><strong>esse</strong></span> <span class='ocrx_word' id='word_1_236' title='bbox 1453 1991 1663 2060; x_wconf 80' lang='lat' dir='ltr'><strong>legatos</strong></span> <span class='ocrx_word' id='word_1_237' title='bbox 1713 1988 2047 2058; x_wconf 86' lang='lat' dir='ltr'><strong>suspicatus,</strong></span> 
     </span>
    </p>
   </div>
   <div class='ocr_carea' id='block_1_28' title="bbox 469 2079 2048 2156">
    <p class='ocr_par' dir='ltr' id='par_1_28' title="bbox 469 2079 2048 2156">
     <span class='ocr_line' id='line_1_28' title="bbox 469 2079 2048 2156; baseline -0.008 -14"><span class='ocrx_word' id='word_1_238' title='bbox 469 2089 608 2142; x_wconf 90' lang='lat' dir='ltr'><strong>rasis</strong></span> <span class='ocrx_word' id='word_1_239' title='bbox 647 2103 712 2141; x_wconf 85' lang='lat' dir='ltr'>ex</span> <span class='ocrx_word' id='word_1_240' title='bbox 744 2095 898 2156; x_wconf 88' lang='lat' dir='ltr'><strong>parte</strong></span> <span class='ocrx_word' id='word_1_241' title='bbox 930 2085 1119 2141; x_wconf 82' lang='lat' dir='ltr'><strong>barbis</strong></span> <span class='ocrx_word' id='word_1_242' title='bbox 1166 2099 1380 2146; x_wconf 89' lang='lat' dir='ltr'><strong>eorum,</strong></span> <span class='ocrx_word' id='word_1_243' title='bbox 1412 2092 1468 2138; x_wconf 88' lang='lat' dir='ltr'>et</span> <span class='ocrx_word' id='word_1_244' title='bbox 1497 2081 1726 2137; x_wconf 79' lang='lat' dir='ltr'><strong>seruisse</strong></span> <span class='ocrx_word' id='word_1_245' title='bbox 1757 2079 2048 2148; x_wconf 82' lang='lat' dir='ltr'><strong>palliorum</strong></span> 
     </span>
    </p>
   </div>
   <div class='ocr_carea' id='block_1_29' title="bbox 467 2166 2050 2245">
    <p class='ocr_par' dir='ltr' id='par_1_29' title="bbox 467 2166 2050 2245">
     <span class='ocr_line' id='line_1_29' title="bbox 467 2166 2050 2245; baseline -0.004 -16"><span class='ocrx_word' id='word_1_246' title='bbox 467 2183 758 2245; x_wconf 85' lang='lat' dir='ltr'><strong>praesecto,</strong></span> <span class='ocrx_word' id='word_1_247' title='bbox 787 2174 1018 2228; x_wconf 87' lang='lat' dir='ltr'><strong>dimittit</strong></span> <span class='ocrx_word' id='word_1_248' title='bbox 1058 2172 1329 2226; x_wconf 82' lang='lat' dir='ltr'><strong>homines.</strong></span> <span class='ocrx_word' id='word_1_249' title='bbox 1363 2170 1513 2236; x_wconf 84' lang='lat' dir='ltr'><strong>Quos</strong></span> <span class='ocrx_word' id='word_1_250' title='bbox 1539 2183 1666 2223; x_wconf 90' lang='lat' dir='ltr'>eum</span> <span class='ocrx_word' id='word_1_251' title='bbox 1697 2168 1776 2221; x_wconf 90' lang='lat' dir='ltr'>sic</span> <span class='ocrx_word' id='word_1_252' title='bbox 1818 2166 2050 2222; x_wconf 79' lang='lat' dir='ltr'><strong>aﬂ&#39;ectos</strong></span> 
     </span>
    </p>
   </div>
   <div class='ocr_carea' id='block_1_30' title="bbox 468 2259 2049 2330">
    <p class='ocr_par' dir='ltr' id='par_1_30' title="bbox 468 2259 2049 2330">
     <span class='ocr_line' id='line_1_30' title="bbox 468 2259 2049 2330; baseline -0.006 -9"><span class='ocrx_word' id='word_1_253' title='bbox 468 2266 640 2322; x_wconf 90' lang='lat' dir='ltr'><strong>David</strong></span> <span class='ocrx_word' id='word_1_254' title='bbox 689 2265 926 2330; x_wconf 88' lang='lat' dir='ltr'><strong>videret,</strong></span> <span class='ocrx_word' id='word_1_255' title='bbox 958 2263 1216 2325; x_wconf 85' lang='lat' dir='ltr'><strong>Joabum.</strong></span> <span class='ocrx_word' id='word_1_256' title='bbox 1264 2261 1463 2317; x_wconf 89' lang='lat' dir='ltr'><strong>tradita</strong></span> <span class='ocrx_word' id='word_1_257' title='bbox 1514 2259 1851 2315; x_wconf 85' lang='lat' dir='ltr'><strong>validissima</strong></span> <span class='ocrx_word' id='word_1_258' title='bbox 1893 2268 2049 2328; x_wconf 89' lang='lat' dir='ltr'><strong>parte</strong></span> 
     </span>
    </p>
   </div>
   <div class='ocr_carea' id='block_1_31' title="bbox 467 2351 2050 2428">
    <p class='ocr_par' dir='ltr' id='par_1_31' title="bbox 467 2351 2050 2428">
     <span class='ocr_line' id='line_1_31' title="bbox 467 2351 2050 2428; baseline -0.004 -14"><span class='ocrx_word' id='word_1_259' title='bbox 467 2358 776 2428; x_wconf 88' lang='lat' dir='ltr'><strong>copiarum,</strong></span> <span class='ocrx_word' id='word_1_260' title='bbox 811 2365 1001 2413; x_wconf 87' lang='lat' dir='ltr'><strong>contra</strong></span> <span class='ocrx_word' id='word_1_261' title='bbox 1024 2356 1366 2411; x_wconf 81' lang='lat' dir='ltr'><strong>Ammonitas</strong></span> <span class='ocrx_word' id='word_1_262' title='bbox 1391 2355 1560 2410; x_wconf 89' lang='lat' dir='ltr'><strong>mittit</strong></span> <span class='ocrx_word' id='word_1_263' title='bbox 1588 2371 1602 2409; x_wconf 88' lang='lat'>:</span> <span class='ocrx_word' id='word_1_264' title='bbox 1635 2353 1729 2423; x_wconf 87' lang='lat' dir='ltr'>qui</span> <span class='ocrx_word' id='word_1_265' title='bbox 1756 2351 2050 2408; x_wconf 88' lang='lat' dir='ltr'><strong>commisso</strong></span> 
     </span>
    </p>
   </div>
   <div class='ocr_carea' id='block_1_32' title="bbox 469 2447 2048 2520">
    <p class='ocr_par' dir='ltr' id='par_1_32' title="bbox 469 2447 2048 2520">
     <span class='ocr_line' id='line_1_32' title="bbox 469 2447 2048 2520; baseline 0 -17"><span class='ocrx_word' id='word_1_266' title='bbox 469 2449 679 2519; x_wconf 76' lang='lat' dir='ltr'><strong>praelio,</strong></span> <span class='ocrx_word' id='word_1_267' title='bbox 711 2462 768 2506; x_wconf 92' lang='lat' dir='ltr'>et</span> <span class='ocrx_word' id='word_1_268' title='bbox 791 2449 940 2520; x_wconf 86' lang='lat' dir='ltr'><strong>ipsos</strong></span> <span class='ocrx_word' id='word_1_269' title='bbox 974 2459 1032 2505; x_wconf 89' lang='lat' dir='ltr'>et</span> <span class='ocrx_word' id='word_1_270' title='bbox 1067 2449 1366 2504; x_wconf 71' lang='lat' dir='ltr'><strong>fmderatos</strong></span> <span class='ocrx_word' id='word_1_271' title='bbox 1398 2463 1592 2505; x_wconf 87' lang='lat' dir='ltr'><strong>eorum</strong></span> <span class='ocrx_word' id='word_1_272' title='bbox 1637 2447 1805 2520; x_wconf 87' lang='lat' dir='ltr'><strong>Syros</strong></span> <span class='ocrx_word' id='word_1_273' title='bbox 1856 2448 2048 2504; x_wconf 90' lang='lat' dir='ltr'><strong>vincit.</strong></span> 
     </span>
    </p>
   </div>
   <div class='ocr_carea' id='block_1_33' title="bbox 467 2540 2048 2611">
    <p class='ocr_par' dir='ltr' id='par_1_33' title="bbox 467 2540 2048 2611">
     <span class='ocr_line' id='line_1_33' title="bbox 467 2540 2048 2611; baseline 0.001 -19"><span class='ocrx_word' id='word_1_274' title='bbox 467 2540 550 2594; x_wconf 88' lang='lat' dir='ltr'><strong>Illi</strong></span> <span class='ocrx_word' id='word_1_275' title='bbox 586 2551 709 2609; x_wconf 90' lang='lat' dir='ltr'><strong>post</strong></span> <span class='ocrx_word' id='word_1_276' title='bbox 741 2540 924 2611; x_wconf 83' lang='lat' dir='ltr'><strong>fugam</strong></span> <span class='ocrx_word' id='word_1_277' title='bbox 959 2541 1142 2596; x_wconf 91' lang='lat' dir='ltr'><strong>denuo</strong></span> <span class='ocrx_word' id='word_1_278' title='bbox 1166 2540 1355 2596; x_wconf 82' lang='lat' dir='ltr'><strong>aseitis</strong></span> <span class='ocrx_word' id='word_1_279' title='bbox 1395 2540 1582 2604; x_wconf 84' lang='lat' dir='ltr'><strong>sociis,</strong></span> <span class='ocrx_word' id='word_1_280' title='bbox 1618 2540 1821 2594; x_wconf 89' lang='lat' dir='ltr'><strong>bellum</strong></span> <span class='ocrx_word' id='word_1_281' title='bbox 1855 2540 2048 2594; x_wconf 82' lang='lat' dir='ltr'><strong>redin-</strong></span> 
     </span>
    </p>
   </div>
   <div class='ocr_carea' id='block_1_34' title="bbox 468 2631 2046 2702">
    <p class='ocr_par' dir='ltr' id='par_1_34' title="bbox 468 2631 2046 2702">
     <span class='ocr_line' id='line_1_34' title="bbox 468 2631 2046 2702; baseline 0.001 -16"><span class='ocrx_word' id='word_1_282' title='bbox 468 2640 709 2702; x_wconf 80' lang='lat' dir='ltr'><strong>tegrant.</strong></span> <span class='ocrx_word' id='word_1_283' title='bbox 735 2631 872 2686; x_wconf 88' lang='lat' dir='ltr'><strong>Tum</strong></span> <span class='ocrx_word' id='word_1_284' title='bbox 904 2632 1070 2686; x_wconf 88' lang='lat' dir='ltr'><strong>David</strong></span> <span class='ocrx_word' id='word_1_285' title='bbox 1107 2647 1230 2687; x_wconf 92' lang='lat' dir='ltr'>cum</span> <span class='ocrx_word' id='word_1_286' title='bbox 1259 2642 1372 2688; x_wconf 93' lang='lat' dir='ltr'><strong>toto</strong></span> <span class='ocrx_word' id='word_1_287' title='bbox 1395 2633 1642 2687; x_wconf 75' lang='lat' dir='ltr'><strong>exercitu</strong></span> <span class='ocrx_word' id='word_1_288' title='bbox 1673 2646 1771 2686; x_wconf 87' lang='lat' dir='ltr'>eos</span> <span class='ocrx_word' id='word_1_289' title='bbox 1795 2631 2046 2698; x_wconf 89' lang='lat' dir='ltr'><strong>adortus,</strong></span> 
     </span>
    </p>
   </div>
   <div class='ocr_carea' id='block_1_35' title="bbox 467 2725 2047 2796">
    <p class='ocr_par' dir='ltr' id='par_1_35' title="bbox 467 2725 2047 2796">
     <span class='ocr_line' id='line_1_35' title="bbox 467 2725 2047 2796; baseline 0.001 -18"><span class='ocrx_word' id='word_1_290' title='bbox 467 2725 674 2780; x_wconf 90' lang='lat' dir='ltr'><strong>multos</strong></span> <span class='ocrx_word' id='word_1_291' title='bbox 705 2725 884 2793; x_wconf 70' lang='lat' dir='ltr'><strong>cazdit,</strong></span> <span class='ocrx_word' id='word_1_292' title='bbox 914 2725 1187 2781; x_wconf 89' lang='lat' dir='ltr'><strong>Sobacum</strong></span> <span class='ocrx_word' id='word_1_293' title='bbox 1219 2726 1504 2782; x_wconf 89' lang='lat' dir='ltr'><strong>hostilium</strong></span> <span class='ocrx_word' id='word_1_294' title='bbox 1535 2726 1815 2796; x_wconf 77' lang='lat' dir='ltr'><strong>legionum</strong></span> <span class='ocrx_word' id='word_1_295' title='bbox 1849 2725 2047 2782; x_wconf 86' lang='lat' dir='ltr'><strong>ducem</strong></span> 
     </span>
    </p>
   </div>
   <div class='ocr_carea' id='block_1_36' title="bbox 468 2817 2046 2889">
    <p class='ocr_par' dir='ltr' id='par_1_36' title="bbox 468 2817 2046 2889">
     <span class='ocr_line' id='line_1_36' title="bbox 468 2817 2046 2889; baseline 0.004 -20"><span class='ocrx_word' id='word_1_296' title='bbox 468 2817 712 2885; x_wconf 75' lang='lat' dir='ltr'><strong>graviter</strong></span> <span class='ocrx_word' id='word_1_297' title='bbox 755 2817 1056 2873; x_wconf 88' lang='lat' dir='ltr'><strong>vulnerat:</strong></span> <span class='ocrx_word' id='word_1_298' title='bbox 1096 2833 1207 2889; x_wconf 90' lang='lat' dir='ltr'>quo</span> <span class='ocrx_word' id='word_1_299' title='bbox 1257 2834 1325 2874; x_wconf 80' lang='lat' dir='ltr'><strong>ex</strong></span> <span class='ocrx_word' id='word_1_300' title='bbox 1377 2819 1471 2874; x_wconf 93' lang='lat' dir='ltr'><strong>illo</strong></span> <span class='ocrx_word' id='word_1_301' title='bbox 1525 2819 1753 2876; x_wconf 84' lang='lat' dir='ltr'><strong>vulnere</strong></span> <span class='ocrx_word' id='word_1_302' title='bbox 1803 2831 2046 2886; x_wconf 90' lang='lat' dir='ltr'><strong>mortuo,</strong></span> 
     </span>
    </p>
   </div>
   <div class='ocr_carea' id='block_1_37' title="bbox 467 2908 2050 2981">
    <p class='ocr_par' dir='ltr' id='par_1_37' title="bbox 467 2908 2050 2981">
     <span class='ocr_line' id='line_1_37' title="bbox 467 2908 2050 2981; baseline 0.001 -15"><span class='ocrx_word' id='word_1_303' title='bbox 467 2908 590 2980; x_wconf 84' lang='lat' dir='ltr'><strong>Syri</strong></span> <span class='ocrx_word' id='word_1_304' title='bbox 635 2924 702 2963; x_wconf 82' lang='lat' dir='ltr'><strong>ex</strong></span> <span class='ocrx_word' id='word_1_305' title='bbox 753 2909 1140 2981; x_wconf 79' lang='lat' dir='ltr'><strong>Mesopotamia</strong></span> <span class='ocrx_word' id='word_1_306' title='bbox 1220 2911 1356 2967; x_wconf 84' lang='lat' dir='ltr'><strong>socii</strong></span> <span class='ocrx_word' id='word_1_307' title='bbox 1402 2912 1843 2968; x_wconf 82' lang='lat' dir='ltr'><strong>Ammanitarum</strong></span> <span class='ocrx_word' id='word_1_308' title='bbox 1893 2913 2050 2968; x_wconf 88' lang='lat' dir='ltr'><strong>dedi-</strong></span> 
     </span>
    </p>
   </div>
   <div class='ocr_carea' id='block_1_38' title="bbox 468 2991 2049 3061">
    <p class='ocr_par' dir='ltr' id='par_1_38' title="bbox 468 2991 2049 3061">
     <span class='ocr_line' id='line_1_38' title="bbox 468 2991 2049 3061; baseline 0.003 -5"><span class='ocrx_word' id='word_1_309' title='bbox 468 3003 675 3058; x_wconf 88' lang='lat' dir='ltr'><strong>tionem</strong></span> <span class='ocrx_word' id='word_1_310' title='bbox 706 3002 938 3060; x_wconf 88' lang='lat' dir='ltr'><strong>faciunt.</strong></span> <span class='ocrx_word' id='word_1_311' title='bbox 987 3003 1154 3059; x_wconf 85' lang='lat' dir='ltr'><strong>David</strong></span> <span class='ocrx_word' id='word_1_312' title='bbox 1196 2991 1431 3061; x_wconf 37' lang='lat' dir='ltr'><strong>Joabu&#39;m</strong></span> <span class='ocrx_word' id='word_1_313' title='bbox 1462 3021 1658 3060; x_wconf 88' lang='lat' dir='ltr'><strong>rursus</strong></span> <span class='ocrx_word' id='word_1_314' title='bbox 1686 3014 1876 3061; x_wconf 89' lang='lat' dir='ltr'><strong>contra</strong></span> <span class='ocrx_word' id='word_1_315' title='bbox 1915 3007 2049 3060; x_wconf 82' lang='lat' dir='ltr'>Am-</span> 
     </span>
    </p>
   </div>
   <div class='ocr_carea' id='block_1_39' title="bbox 467 3094 2049 3168">
    <p class='ocr_par' dir='ltr' id='par_1_39' title="bbox 467 3094 2049 3168">
     <span class='ocr_line' id='line_1_39' title="bbox 467 3094 2049 3168; baseline 0.003 -20"><span class='ocrx_word' id='word_1_316' title='bbox 467 3094 702 3150; x_wconf 88' lang='lat' dir='ltr'><strong>manitas</strong></span> <span class='ocrx_word' id='word_1_317' title='bbox 734 3095 924 3164; x_wconf 87' lang='lat' dir='ltr'><strong>mittit,</strong></span> <span class='ocrx_word' id='word_1_318' title='bbox 961 3097 1056 3168; x_wconf 86' lang='lat' dir='ltr'>qui</span> <span class='ocrx_word' id='word_1_319' title='bbox 1089 3113 1216 3153; x_wconf 90' lang='lat' dir='ltr'>cum</span> <span class='ocrx_word' id='word_1_320' title='bbox 1249 3112 1346 3154; x_wconf 89' lang='lat' dir='ltr'>eos</span> <span class='ocrx_word' id='word_1_321' title='bbox 1367 3098 1422 3153; x_wconf 90' lang='lat' dir='ltr'>in</span> <span class='ocrx_word' id='word_1_322' title='bbox 1457 3099 1606 3153; x_wconf 90' lang='lat' dir='ltr'><strong>illius</strong></span> <span class='ocrx_word' id='word_1_323' title='bbox 1654 3106 1814 3152; x_wconf 65' lang='lat' dir='ltr'><strong>terrae</strong></span> <span class='ocrx_word' id='word_1_324' title='bbox 1845 3106 2049 3153; x_wconf 84' lang='lat' dir='ltr'><strong>metro-</strong></span> 
     </span>
    </p>
   </div>
   <div class='ocr_carea' id='block_1_40' title="bbox 468 3185 2045 3258">
    <p class='ocr_par' dir='ltr' id='par_1_40' title="bbox 468 3185 2045 3258">
     <span class='ocr_line' id='line_1_40' title="bbox 468 3185 2045 3258; baseline 0.004 -21"><span class='ocrx_word' id='word_1_325' title='bbox 468 3185 638 3254; x_wconf 89' lang='lat' dir='ltr'><strong>polim</strong></span> <span class='ocrx_word' id='word_1_326' title='bbox 675 3185 782 3258; x_wconf 66' lang='grc'><strong>74</strong></span> <span class='ocrx_word' id='word_1_327' title='bbox 813 3188 1128 3256; x_wconf 85' lang='lat' dir='ltr'><strong>compulsos</strong></span> <span class='ocrx_word' id='word_1_328' title='bbox 1148 3187 1452 3253; x_wconf 87' lang='lat' dir='ltr'><strong>obsideret,</strong></span> <span class='ocrx_word' id='word_1_329' title='bbox 1503 3188 1620 3257; x_wconf 84' lang='lat' dir='ltr'><strong>ipse</strong></span> <span class='ocrx_word' id='word_1_330' title='bbox 1661 3188 1882 3244; x_wconf 88' lang='lat' dir='ltr'><strong>interim</strong></span> <span class='ocrx_word' id='word_1_331' title='bbox 1910 3186 2045 3244; x_wconf 80' lang='lat' dir='ltr'><strong>Hie-</strong></span> 
     </span>
    </p>
   </div>
   <div class='ocr_carea' id='block_1_41' title="bbox 469 3278 2045 3351">
    <p class='ocr_par' dir='ltr' id='par_1_41' title="bbox 469 3278 2045 3351">
     <span class='ocr_line' id='line_1_41' title="bbox 469 3278 2045 3351; baseline 0.004 -20"><span class='ocrx_word' id='word_1_332' title='bbox 469 3278 760 3349; x_wconf 84' lang='lat' dir='ltr'><strong>rosolymis</strong></span> <span class='ocrx_word' id='word_1_333' title='bbox 795 3279 1016 3350; x_wconf 77' lang='lat' dir='ltr'><strong>degens,</strong></span> <span class='ocrx_word' id='word_1_334' title='bbox 1044 3297 1166 3336; x_wconf 89' lang='lat' dir='ltr'>cum</span> <span class='ocrx_word' id='word_1_335' title='bbox 1193 3297 1223 3336; x_wconf 88' lang='lat' dir='ltr'>e</span> <span class='ocrx_word' id='word_1_336' title='bbox 1259 3282 1404 3351; x_wconf 74' lang='lat' dir='ltr'><strong>regia</strong></span> <span class='ocrx_word' id='word_1_337' title='bbox 1444 3281 1754 3346; x_wconf 87' lang='lat' dir='ltr'><strong>mulierem,</strong></span> <span class='ocrx_word' id='word_1_338' title='bbox 1819 3283 2045 3338; x_wconf 84' lang='lat' dir='ltr'><strong>nomine</strong></span> 
     </span>
    </p>
   </div>
   <div class='ocr_carea' id='block_1_42' title="bbox 468 3369 2044 3446">
    <p class='ocr_par' dir='ltr' id='par_1_42' title="bbox 468 3369 2044 3446">
     <span class='ocr_line' id='line_1_42' title="bbox 468 3369 2044 3446; baseline 0.003 -22"><span class='ocrx_word' id='word_1_339' title='bbox 468 3369 772 3439; x_wconf 81' lang='lat' dir='ltr'><strong>Bersaben,</strong></span> <span class='ocrx_word' id='word_1_340' title='bbox 817 3372 965 3427; x_wconf 89' lang='lat' dir='ltr'><strong>domi</strong></span> <span class='ocrx_word' id='word_1_341' title='bbox 1004 3373 1279 3429; x_wconf 86' lang='lat' dir='ltr'><strong>lavantem</strong></span> <span class='ocrx_word' id='word_1_342' title='bbox 1331 3375 1735 3446; x_wconf 86' lang='lat' dir='ltr'><strong>conspexisset,</strong></span> <span class='ocrx_word' id='word_1_343' title='bbox 1773 3389 1900 3430; x_wconf 91' lang='lat' dir='ltr'>cum</span> <span class='ocrx_word' id='word_1_344' title='bbox 1953 3374 2044 3429; x_wconf 85' lang='lat' dir='ltr'><strong>illa</strong></span> 
     </span>
    </p>
   </div>
   <div class='ocr_carea' id='block_1_43' title="bbox 467 3464 2044 3538">
    <p class='ocr_par' dir='ltr' id='par_1_43' title="bbox 467 3464 2044 3538">
     <span class='ocr_line' id='line_1_43' title="bbox 467 3464 2044 3538; baseline 0.001 -20"><span class='ocrx_word' id='word_1_345' title='bbox 467 3464 734 3520; x_wconf 89' lang='lat' dir='ltr'><strong>accersita</strong></span> <span class='ocrx_word' id='word_1_346' title='bbox 771 3480 886 3520; x_wconf 89' lang='lat' dir='ltr'>rem</span> <span class='ocrx_word' id='word_1_347' title='bbox 929 3466 1114 3521; x_wconf 90' lang='lat' dir='ltr'><strong>habet.</strong></span> <span class='ocrx_word' id='word_1_348' title='bbox 1147 3467 1280 3533; x_wconf 82' lang='lat' dir='ltr'><strong>Quae</strong></span> <span class='ocrx_word' id='word_1_349' title='bbox 1321 3482 1446 3522; x_wconf 90' lang='lat' dir='ltr'>cum</span> <span class='ocrx_word' id='word_1_350' title='bbox 1495 3481 1555 3522; x_wconf 88' lang='lat' dir='ltr'>se</span> <span class='ocrx_word' id='word_1_351' title='bbox 1597 3482 1720 3523; x_wconf 89' lang='lat' dir='ltr'><strong>esse</strong></span> <span class='ocrx_word' id='word_1_352' title='bbox 1765 3467 2044 3538; x_wconf 77' lang='lat' dir='ltr'><strong>gravidam</strong></span> 
     </span>
    </p>
   </div>
   <div class='ocr_carea' id='block_1_44' title="bbox 470 3557 2045 3628">
    <p class='ocr_par' dir='ltr' id='par_1_44' title="bbox 470 3557 2045 3628">
     <span class='ocr_line' id='line_1_44' title="bbox 470 3557 2045 3628; baseline 0.003 -19"><span class='ocrx_word' id='word_1_353' title='bbox 470 3557 584 3625; x_wconf 80' lang='lat' dir='ltr'><strong>regi</strong></span> <span class='ocrx_word' id='word_1_354' title='bbox 623 3557 944 3625; x_wconf 85' lang='lat' dir='ltr'><strong>indicasset,</strong></span> <span class='ocrx_word' id='word_1_355' title='bbox 991 3558 1178 3614; x_wconf 88' lang='lat' dir='ltr'><strong>Uriam</strong></span> <span class='ocrx_word' id='word_1_356' title='bbox 1219 3560 1322 3624; x_wconf 90' lang='lat' dir='ltr'><strong>(sic</strong></span> <span class='ocrx_word' id='word_1_357' title='bbox 1347 3560 1495 3614; x_wconf 89' lang='lat' dir='ltr'><strong>enim</strong></span> <span class='ocrx_word' id='word_1_358' title='bbox 1527 3562 1761 3614; x_wconf 87' lang='lat' dir='ltr'><strong>maritus</strong></span> <span class='ocrx_word' id='word_1_359' title='bbox 1795 3559 1917 3628; x_wconf 85' lang='lat' dir='ltr'><strong>ejus</strong></span> <span class='ocrx_word' id='word_1_360' title='bbox 1949 3576 2045 3614; x_wconf 88' lang='lat' dir='ltr'><strong>vo-</strong></span> 
     </span>
    </p>
   </div>
   <div class='ocr_carea' id='block_1_45' title="bbox 469 3648 2046 3721">
    <p class='ocr_par' dir='ltr' id='par_1_45' title="bbox 469 3648 2046 3721">
     <span class='ocr_line' id='line_1_45' title="bbox 469 3648 2046 3721; baseline 0.001 -19"><span class='ocrx_word' id='word_1_361' title='bbox 469 3648 722 3719; x_wconf 87' lang='lat' dir='ltr'><strong>cabatur)</strong></span> <span class='ocrx_word' id='word_1_362' title='bbox 755 3649 824 3704; x_wconf 86' lang='lat' dir='ltr'>ab</span> <span class='ocrx_word' id='word_1_363' title='bbox 863 3650 1152 3706; x_wconf 84' lang='lat' dir='ltr'><strong>obsidione</strong></span> <span class='ocrx_word' id='word_1_364' title='bbox 1191 3660 1408 3716; x_wconf 88' lang='lat' dir='ltr'><strong>avocat,</strong></span> <span class='ocrx_word' id='word_1_365' title='bbox 1443 3662 1501 3706; x_wconf 90' lang='lat' dir='ltr'>et</span> <span class='ocrx_word' id='word_1_366' title='bbox 1533 3649 1602 3706; x_wconf 88' lang='lat' dir='ltr'>de</span> <span class='ocrx_word' id='word_1_367' title='bbox 1645 3651 1890 3706; x_wconf 82' lang='lat' dir='ltr'><strong>exercitu</strong></span> <span class='ocrx_word' id='word_1_368' title='bbox 1922 3667 2046 3721; x_wconf 89' lang='lat' dir='ltr'><strong>per-</strong></span> 
     </span>
    </p>
   </div>
   <div class='ocr_carea' id='block_1_46' title="bbox 467 3741 2046 3812">
    <p class='ocr_par' dir='ltr' id='par_1_46' title="bbox 467 3741 2046 3812">
     <span class='ocr_line' id='line_1_46' title="bbox 467 3741 2046 3812; baseline 0.002 -18"><span class='ocrx_word' id='word_1_369' title='bbox 467 3751 748 3809; x_wconf 87' lang='lat' dir='ltr'><strong>contatus,</strong></span> <span class='ocrx_word' id='word_1_370' title='bbox 779 3743 962 3798; x_wconf 89' lang='lat' dir='ltr'><strong>missis</strong></span> <span class='ocrx_word' id='word_1_371' title='bbox 1006 3742 1074 3797; x_wconf 86' lang='lat' dir='ltr'>de</span> <span class='ocrx_word' id='word_1_372' title='bbox 1104 3756 1260 3797; x_wconf 73' lang='lat' dir='ltr'><strong>coena</strong></span> <span class='ocrx_word' id='word_1_373' title='bbox 1297 3742 1541 3808; x_wconf 79' lang='lat' dir='ltr'><strong>ferculis,</strong></span> <span class='ocrx_word' id='word_1_374' title='bbox 1587 3742 1811 3798; x_wconf 86' lang='lat' dir='ltr'><strong>domum</strong></span> <span class='ocrx_word' id='word_1_375' title='bbox 1841 3743 1923 3799; x_wconf 90' lang='lat' dir='ltr'>ire</span> <span class='ocrx_word' id='word_1_376' title='bbox 1954 3741 2046 3812; x_wconf 86' lang='lat' dir='ltr'>ju-</span> 
     </span>
    </p>
   </div>
   <div class='ocr_carea' id='block_1_47' title="bbox 469 3833 2043 3904">
    <p class='ocr_par' dir='ltr' id='par_1_47' title="bbox 469 3833 2043 3904">
     <span class='ocr_line' id='line_1_47' title="bbox 469 3833 2043 3904; baseline 0.002 -17"><span class='ocrx_word' id='word_1_377' title='bbox 469 3833 583 3889; x_wconf 88' lang='lat' dir='ltr'><strong>bet.</strong></span> <span class='ocrx_word' id='word_1_378' title='bbox 616 3834 815 3890; x_wconf 87' lang='lat' dir='ltr'><strong>Verum</strong></span> <span class='ocrx_word' id='word_1_379' title='bbox 846 3834 936 3888; x_wconf 91' lang='lat' dir='ltr'><strong>ille</strong></span> <span class='ocrx_word' id='word_1_380' title='bbox 962 3849 1071 3889; x_wconf 90' lang='lat' dir='ltr'>non</span> <span class='ocrx_word' id='word_1_381' title='bbox 1099 3833 1215 3887; x_wconf 89' lang='lat' dir='ltr'><strong>abit</strong></span> <span class='ocrx_word' id='word_1_382' title='bbox 1243 3849 1258 3886; x_wconf 88' lang='lat'><strong>:</strong></span> <span class='ocrx_word' id='word_1_383' title='bbox 1291 3849 1468 3904; x_wconf 90' lang='lat' dir='ltr'><strong>neque</strong></span> <span class='ocrx_word' id='word_1_384' title='bbox 1491 3835 1639 3890; x_wconf 89' lang='lat' dir='ltr'><strong>enim</strong></span> <span class='ocrx_word' id='word_1_385' title='bbox 1664 3834 1884 3900; x_wconf 88' lang='lat' dir='ltr'><strong>decere,</strong></span> <span class='ocrx_word' id='word_1_386' title='bbox 1917 3851 2043 3891; x_wconf 90' lang='lat' dir='ltr'>cum</span> 
     </span>
    </p>
   </div>
   <div class='ocr_carea' id='block_1_48' title="bbox 469 3927 2044 3988">
    <p class='ocr_par' dir='ltr' id='par_1_48' title="bbox 469 3927 2044 3988">
     <span class='ocr_line' id='line_1_48' title="bbox 469 3927 2044 3988; baseline 0.001 -6"><span class='ocrx_word' id='word_1_387' title='bbox 469 3927 581 3982; x_wconf 75' lang='lat' dir='ltr'>dux</span> <span class='ocrx_word' id='word_1_388' title='bbox 612 3937 667 3983; x_wconf 89' lang='lat' dir='ltr'>et</span> <span class='ocrx_word' id='word_1_389' title='bbox 695 3929 1096 3986; x_wconf 74' lang='lat' dir='ltr'><strong>commilitones</strong></span> <span class='ocrx_word' id='word_1_390' title='bbox 1127 3929 1180 3983; x_wconf 90' lang='lat' dir='ltr'>in</span> <span class='ocrx_word' id='word_1_391' title='bbox 1226 3930 1423 3986; x_wconf 87' lang='lat' dir='ltr'><strong>castris</strong></span> <span class='ocrx_word' id='word_1_392' title='bbox 1453 3944 1730 3984; x_wconf 64' lang='lat' dir='ltr'><strong>aerumnas</strong></span> <span class='ocrx_word' id='word_1_393' title='bbox 1753 3929 1952 3988; x_wconf 88' lang='lat' dir='ltr'><strong>ferant.</strong></span> <span class='ocrx_word' id='word_1_394' title='bbox 1983 3945 2044 3984; x_wconf 87' lang='lat' dir='ltr'>se</span> 
     </span>
    </p>
   </div>
   <div class='ocr_carea' id='block_1_49' title="bbox 471 4019 2045 4088">
    <p class='ocr_par' dir='ltr' id='par_1_49' title="bbox 471 4019 2045 4088">
     <span class='ocr_line' id='line_1_49' title="bbox 471 4019 2045 4088; baseline -0.001 -14"><span class='ocrx_word' id='word_1_395' title='bbox 471 4033 600 4074; x_wconf 87' lang='lat' dir='ltr'>cum</span> <span class='ocrx_word' id='word_1_396' title='bbox 638 4033 807 4073; x_wconf 82' lang='lat' dir='ltr'><strong>uxore</strong></span> <span class='ocrx_word' id='word_1_397' title='bbox 837 4021 1225 4076; x_wconf 83' lang='lat' dir='ltr'><strong>concumbere.</strong></span> <span class='ocrx_word' id='word_1_398' title='bbox 1265 4019 1410 4088; x_wconf 74' lang='lat' dir='ltr'><strong>Rege</strong></span> <span class='ocrx_word' id='word_1_399' title='bbox 1446 4019 1645 4074; x_wconf 89' lang='lat' dir='ltr'><strong>iterum</strong></span> <span class='ocrx_word' id='word_1_400' title='bbox 1693 4019 1949 4074; x_wconf 86' lang='lat' dir='ltr'><strong>hortante</strong></span> <span class='ocrx_word' id='word_1_401' title='bbox 1983 4026 2045 4072; x_wconf 89' lang='lat' dir='ltr'>ut</span> 
     </span>
    </p>
   </div>
   <div class='ocr_carea' id='block_1_50' title="bbox 468 4112 2044 4182">
    <p class='ocr_par' dir='ltr' id='par_1_50' title="bbox 468 4112 2044 4182">
     <span class='ocr_line' id='line_1_50' title="bbox 468 4112 2044 4182; baseline 0.001 -16"><span class='ocrx_word' id='word_1_402' title='bbox 468 4112 697 4166; x_wconf 88' lang='lat' dir='ltr'><strong>domum</strong></span> <span class='ocrx_word' id='word_1_403' title='bbox 733 4112 856 4178; x_wconf 87' lang='lat' dir='ltr'><strong>iret,</strong></span> <span class='ocrx_word' id='word_1_404' title='bbox 907 4121 963 4167; x_wconf 91' lang='lat' dir='ltr'>et</span> <span class='ocrx_word' id='word_1_405' title='bbox 993 4113 1207 4182; x_wconf 85' lang='lat' dir='ltr'><strong>poculis</strong></span> <span class='ocrx_word' id='word_1_406' title='bbox 1253 4112 1368 4168; x_wconf 87' lang='lat' dir='ltr'><strong>fere</strong></span> <span class='ocrx_word' id='word_1_407' title='bbox 1409 4128 1582 4182; x_wconf 87' lang='lat' dir='ltr'><strong>usque</strong></span> <span class='ocrx_word' id='word_1_408' title='bbox 1620 4113 1689 4167; x_wconf 89' lang='lat' dir='ltr'>ad</span> <span class='ocrx_word' id='word_1_409' title='bbox 1719 4112 2044 4169; x_wconf 84' lang='lat' dir='ltr'><strong>ebrietatem</strong></span> 
     </span>
    </p>
   </div>
   <div class='ocr_carea' id='block_1_51' title="bbox 471 4205 2046 4276">
    <p class='ocr_par' dir='ltr' id='par_1_51' title="bbox 471 4205 2046 4276">
     <span class='ocr_line' id='line_1_51' title="bbox 471 4205 2046 4276; baseline 0.003 -19"><span class='ocrx_word' id='word_1_410' title='bbox 471 4215 720 4275; x_wconf 82' lang='lat' dir='ltr'><strong>urgente.</strong></span> <span class='ocrx_word' id='word_1_411' title='bbox 755 4205 845 4260; x_wconf 90' lang='lat' dir='ltr'><strong>ille</strong></span> <span class='ocrx_word' id='word_1_412' title='bbox 879 4219 980 4274; x_wconf 90' lang='lat' dir='ltr'>pro</span> <span class='ocrx_word' id='word_1_413' title='bbox 1017 4205 1181 4275; x_wconf 80' lang='lat' dir='ltr'><strong>regia:</strong></span> <span class='ocrx_word' id='word_1_414' title='bbox 1207 4205 1421 4258; x_wconf 87' lang='lat' dir='ltr'><strong>foribus</strong></span> <span class='ocrx_word' id='word_1_415' title='bbox 1459 4220 1708 4259; x_wconf 65' lang='lat' dir='ltr'><strong>somnum</strong></span> <span class='ocrx_word' id='word_1_416' title='bbox 1733 4207 1900 4276; x_wconf 88' lang='lat' dir='ltr'><strong>capit.</strong></span> <span class='ocrx_word' id='word_1_417' title='bbox 1938 4207 2046 4262; x_wconf 52' lang='lat' dir='ltr'><strong>ita-</strong></span> 
     </span>
    </p>
   </div>
   <div class='ocr_carea' id='block_1_52' title="bbox 467 4296 2046 4366">
    <p class='ocr_par' dir='ltr' id='par_1_52' title="bbox 467 4296 2046 4366">
     <span class='ocr_line' id='line_1_52' title="bbox 467 4296 2046 4366; baseline 0.003 -15"><span class='ocrx_word' id='word_1_418' title='bbox 467 4313 575 4366; x_wconf 88' lang='lat' dir='ltr'>que</span> <span class='ocrx_word' id='word_1_419' title='bbox 613 4296 796 4352; x_wconf 86' lang='lat' dir='ltr'><strong>Uriam</strong></span> <span class='ocrx_word' id='word_1_420' title='bbox 840 4300 895 4351; x_wconf 90' lang='lat' dir='ltr'>in</span> <span class='ocrx_word' id='word_1_421' title='bbox 926 4307 1102 4351; x_wconf 89' lang='lat' dir='ltr'><strong>castra</strong></span> <span class='ocrx_word' id='word_1_422' title='bbox 1154 4296 1385 4352; x_wconf 86' lang='lat' dir='ltr'><strong>remittit</strong></span> <span class='ocrx_word' id='word_1_423' title='bbox 1430 4312 1546 4362; x_wconf 72' lang='lat' dir='ltr'><strong>rex,</strong></span> <span class='ocrx_word' id='word_1_424' title='bbox 1579 4297 1796 4354; x_wconf 89' lang='lat' dir='ltr'><strong>traditis</strong></span> <span class='ocrx_word' id='word_1_425' title='bbox 1823 4300 1890 4354; x_wconf 91' lang='lat' dir='ltr'>ad</span> <span class='ocrx_word' id='word_1_426' title='bbox 1919 4300 2046 4355; x_wconf 81' lang='lat' dir='ltr'><strong>Joa—</strong></span> 
     </span>
    </p>
   </div>
   <div class='ocr_carea' id='block_1_53' title="bbox 467 4389 2040 4462">
    <p class='ocr_par' dir='ltr' id='par_1_53' title="bbox 467 4389 2040 4462">
     <span class='ocr_line' id='line_1_53' title="bbox 467 4389 2040 4462; baseline 0.003 -17"><span class='ocrx_word' id='word_1_427' title='bbox 467 4391 597 4445; x_wconf 89' lang='lat' dir='ltr'>bum</span> <span class='ocrx_word' id='word_1_428' title='bbox 630 4389 852 4452; x_wconf 80' lang='lat' dir='ltr'><strong>litteris,</strong></span> <span class='ocrx_word' id='word_1_429' title='bbox 889 4391 1088 4460; x_wconf 87' lang='lat' dir='ltr'><strong>quibus</strong></span> <span class='ocrx_word' id='word_1_430' title='bbox 1119 4390 1525 4461; x_wconf 86' lang='lat' dir='ltr'><strong>illejubebatur</strong></span> <span class='ocrx_word' id='word_1_431' title='bbox 1549 4400 1793 4448; x_wconf 85' lang='lat' dir='ltr'><strong>statuere</strong></span> <span class='ocrx_word' id='word_1_432' title='bbox 1831 4393 2040 4462; x_wconf 71' lang='lat' dir='ltr'><strong>UriaTJ,</strong></span> 
     </span>
    </p>
   </div>
   <div class='ocr_carea' id='block_1_54' title="bbox 465 4485 2040 4556">
    <p class='ocr_par' dir='ltr' id='par_1_54' title="bbox 465 4485 2040 4556">
     <span class='ocr_line' id='line_1_54' title="bbox 465 4485 2040 4556; baseline 0.004 -20"><span class='ocrx_word' id='word_1_433' title='bbox 465 4498 573 4553; x_wconf 83' lang='lat' dir='ltr'>qua</span> <span class='ocrx_word' id='word_1_434' title='bbox 607 4499 785 4553; x_wconf 82' lang='lat' dir='ltr'><strong>pugna</strong></span> <span class='ocrx_word' id='word_1_435' title='bbox 819 4492 966 4539; x_wconf 89' lang='lat' dir='ltr'><strong>esset</strong></span> <span class='ocrx_word' id='word_1_436' title='bbox 1008 4486 1333 4553; x_wconf 86' lang='lat' dir='ltr'><strong>asperrima,</strong></span> <span class='ocrx_word' id='word_1_437' title='bbox 1385 4485 1679 4555; x_wconf 88' lang='lat' dir='ltr'><strong>deserique</strong></span> <span class='ocrx_word' id='word_1_438' title='bbox 1721 4486 1796 4542; x_wconf 92' lang='lat' dir='ltr'>ibi</span> <span class='ocrx_word' id='word_1_439' title='bbox 1839 4489 2040 4556; x_wconf 90' lang='lat' dir='ltr'><strong>solum,</strong></span> 
     </span>
    </p>
   </div>
   <div class='ocr_carea' id='block_1_55' title="bbox 2154 1989 3768 2065">
    <p class='ocr_par' dir='ltr' id='par_1_55' title="bbox 2154 1989 3768 2065">
     <span class='ocr_line' id='line_1_55' title="bbox 2154 1989 3768 2065; baseline 0.003 -21"><span class='ocrx_word' id='word_1_440' title='bbox 2154 1989 2604 2059; x_wconf 81' lang='grc' dir='ltr'>ἀπαγγελοῦντας</span> <span class='ocrx_word' id='word_1_441' title='bbox 2657 1996 2753 2047; x_wconf 77' lang='grc' dir='ltr'>καὶ</span> <span class='ocrx_word' id='word_1_442' title='bbox 2795 1993 2882 2047; x_wconf 82' lang='grc' dir='ltr'>ἐπ’</span> <span class='ocrx_word' id='word_1_443' title='bbox 2914 1995 3065 2065; x_wconf 80' lang='grc' dir='ltr'>αὐτῷ</span> <span class='ocrx_word' id='word_1_444' title='bbox 3085 1996 3177 2049; x_wconf 75' lang='grc' dir='ltr'>τὸν</span> <span class='ocrx_word' id='word_1_445' title='bbox 3210 1994 3393 2049; x_wconf 79' lang='grc' dir='ltr'>Δαδίδ.</span> <span class='ocrx_word' id='word_1_446' title='bbox 3437 1995 3497 2049; x_wconf 84' lang='grc' dir='ltr'>ὐ</span> <span class='ocrx_word' id='word_1_447' title='bbox 3531 1995 3610 2060; x_wconf 76' lang='grc' dir='ltr'>δὲ,</span> <span class='ocrx_word' id='word_1_448' title='bbox 3641 1989 3768 2049; x_wconf 69' lang='grc' dir='ltr'>κα-’</span> 
     </span>
    </p>
   </div>
   <div class='ocr_carea' id='block_1_56' title="bbox 2151 2076 3745 2154">
    <p class='ocr_par' dir='ltr' id='par_1_56' title="bbox 2151 2076 3745 2154">
     <span class='ocr_line' id='line_1_56' title="bbox 2151 2076 3745 2154; baseline 0.001 -22"><span class='ocrx_word' id='word_1_449' title='bbox 2151 2079 2459 2143; x_wconf 77' lang='grc' dir='ltr'>τασκόπους</span> <span class='ocrx_word' id='word_1_450' title='bbox 2509 2076 2648 2136; x_wconf 77' lang='grc' dir='ltr'>εἶναι</span> <span class='ocrx_word' id='word_1_451' title='bbox 2697 2082 2825 2144; x_wconf 81' lang='grc' dir='ltr'>τοὺς</span> <span class='ocrx_word' id='word_1_452' title='bbox 2863 2082 3218 2154; x_wconf 73' lang='grc' dir='ltr'>πεμφθέντας</span> <span class='ocrx_word' id='word_1_453' title='bbox 3271 2081 3615 2151; x_wconf 81' lang='grc' dir='ltr'>ὑπειληφὼς,</span> <span class='ocrx_word' id='word_1_454' title='bbox 3651 2081 3745 2147; x_wconf 78' lang='grc' dir='ltr'>ξυ-</span> 
     </span>
    </p>
   </div>
   <div class='ocr_carea' id='block_1_57' title="bbox 2154 2172 3744 2246">
    <p class='ocr_par' dir='ltr' id='par_1_57' title="bbox 2154 2172 3744 2246">
     <span class='ocr_line' id='line_1_57' title="bbox 2154 2172 3744 2246; baseline 0 -21"><span class='ocrx_word' id='word_1_455' title='bbox 2154 2173 2326 2241; x_wconf 78' lang='grc' dir='ltr'>ρήσας</span> <span class='ocrx_word' id='word_1_456' title='bbox 2357 2173 2538 2226; x_wconf 89' lang='grc' dir='ltr'>αὐτῶν</span> <span class='ocrx_word' id='word_1_457' title='bbox 2585 2174 2737 2244; x_wconf 86' lang='grc' dir='ltr'>παρά</span> <span class='ocrx_word' id='word_1_458' title='bbox 2770 2173 2935 2246; x_wconf 80' lang='grc' dir='ltr'>μέρος</span> <span class='ocrx_word' id='word_1_459' title='bbox 2968 2175 3100 2237; x_wconf 85' lang='grc' dir='ltr'>τούς</span> <span class='ocrx_word' id='word_1_460' title='bbox 3135 2172 3428 2242; x_wconf 84' lang='grc' dir='ltr'>πώγωνας,</span> <span class='ocrx_word' id='word_1_461' title='bbox 3457 2173 3551 2226; x_wconf 75' lang='grc' dir='ltr'>καὶ</span> <span class='ocrx_word' id='word_1_462' title='bbox 3578 2190 3744 2243; x_wconf 84' lang='grc' dir='ltr'>περι-</span> 
     </span>
    </p>
   </div>
   <div class='ocr_carea' id='block_1_58' title="bbox 2150 2261 3741 2335">
    <p class='ocr_par' dir='ltr' id='par_1_58' title="bbox 2150 2261 3741 2335">
     <span class='ocr_line' id='line_1_58' title="bbox 2150 2261 3741 2335; baseline 0.001 -19"><span class='ocrx_word' id='word_1_463' title='bbox 2150 2261 2332 2333; x_wconf 83' lang='grc' dir='ltr'>τεμὼν</span> <span class='ocrx_word' id='word_1_464' title='bbox 2359 2263 2427 2317; x_wconf 89' lang='grc' dir='ltr'>τά</span> <span class='ocrx_word' id='word_1_465' title='bbox 2457 2263 2634 2335; x_wconf 77' lang='grc' dir='ltr'>ἡμίση</span> <span class='ocrx_word' id='word_1_466' title='bbox 2665 2263 2776 2318; x_wconf 87' lang='grc' dir='ltr'>τῶν</span> <span class='ocrx_word' id='word_1_467' title='bbox 2826 2264 3119 2334; x_wconf 81' lang='grc' dir='ltr'>ἐπωμίδων</span> <span class='ocrx_word' id='word_1_468' title='bbox 3145 2263 3350 2328; x_wconf 86' lang='grc' dir='ltr'>αὐτῶν,</span> <span class='ocrx_word' id='word_1_469' title='bbox 3383 2261 3741 2328; x_wconf 71' lang='grc' dir='ltr'>ἐξαπέστειλε</span> 
     </span>
    </p>
   </div>
   <div class='ocr_carea' id='block_1_59' title="bbox 2151 2354 3741 2427">
    <p class='ocr_par' dir='ltr' id='par_1_59' title="bbox 2151 2354 3741 2427">
     <span class='ocr_line' id='line_1_59' title="bbox 2151 2354 3741 2427; baseline 0.001 -20"><span class='ocrx_word' id='word_1_470' title='bbox 2151 2354 2278 2417; x_wconf 82' lang='grc' dir='ltr'>τοὺς</span> <span class='ocrx_word' id='word_1_471' title='bbox 2323 2354 2544 2426; x_wconf 81' lang='grc' dir='ltr'>ἀνδρας.</span> <span class='ocrx_word' id='word_1_472' title='bbox 2582 2355 2693 2419; x_wconf 82' lang='grc' dir='ltr'>Οὓς</span> <span class='ocrx_word' id='word_1_473' title='bbox 2720 2355 2865 2410; x_wconf 79' lang='grc' dir='ltr'>οὕτω</span> <span class='ocrx_word' id='word_1_474' title='bbox 2891 2355 3275 2427; x_wconf 73' lang='grc' dir='ltr'>διακειμένους</span> <span class='ocrx_word' id='word_1_475' title='bbox 3313 2355 3436 2410; x_wconf 88' lang='grc' dir='ltr'>ίδὼν</span> <span class='ocrx_word' id='word_1_476' title='bbox 3464 2358 3493 2410; x_wconf 87' lang='lat'>6</span> <span class='ocrx_word' id='word_1_477' title='bbox 3550 2357 3741 2423; x_wconf 76' lang='lat' dir='ltr'><strong>Aa6‘t8,</strong></span> 
     </span>
    </p>
   </div>
   <div class='ocr_carea' id='block_1_60' title="bbox 2150 2438 3744 2517">
    <p class='ocr_par' dir='ltr' id='par_1_60' title="bbox 2150 2438 3744 2517">
     <span class='ocr_line' id='line_1_60' title="bbox 2150 2438 3744 2517; baseline 0.001 -21"><span class='ocrx_word' id='word_1_478' title='bbox 2150 2443 2210 2496; x_wconf 85' lang='grc' dir='ltr'>τὺ</span> <span class='ocrx_word' id='word_1_479' title='bbox 2233 2438 2333 2513; x_wconf 83' lang='grc' dir='ltr'>τῆς</span> <span class='ocrx_word' id='word_1_480' title='bbox 2361 2445 2625 2516; x_wconf 82' lang='grc' dir='ltr'>στρατιᾶς</span> <span class='ocrx_word' id='word_1_481' title='bbox 2649 2445 3026 2515; x_wconf 79' lang='grc' dir='ltr'>ἀκμαιότατον</span> <span class='ocrx_word' id='word_1_482' title='bbox 3051 2445 3130 2516; x_wconf 81' lang='grc' dir='ltr'>τῷ</span> <span class='ocrx_word' id='word_1_483' title='bbox 3154 2445 3589 2517; x_wconf 84' lang='grc' dir='ltr'>ἀρχιστρατήγῳ</span> <span class='ocrx_word' id='word_1_484' title='bbox 3618 2446 3744 2510; x_wconf 62' lang='grc' dir='ltr'>δοτις</span> 
     </span>
    </p>
   </div>
   <div class='ocr_carea' id='block_1_61' title="bbox 2163 2535 3742 2608">
    <p class='ocr_par' dir='ltr' id='par_1_61' title="bbox 2163 2535 3742 2608">
     <span class='ocr_line' id='line_1_61' title="bbox 2163 2535 3742 2608; baseline 0.001 -19"><span class='ocrx_word' id='word_1_485' title='bbox 2163 2535 2358 2600; x_wconf 83' lang='grc' dir='ltr'>’1ωά6,</span> <span class='ocrx_word' id='word_1_486' title='bbox 2415 2537 2560 2591; x_wconf 86' lang='grc' dir='ltr'>κατά</span> <span class='ocrx_word' id='word_1_487' title='bbox 2614 2537 2726 2592; x_wconf 86' lang='grc' dir='ltr'>τῶν</span> <span class='ocrx_word' id='word_1_488' title='bbox 2778 2538 3138 2608; x_wconf 81' lang='grc' dir='ltr'>Ἀμμανιτῶν</span> <span class='ocrx_word' id='word_1_489' title='bbox 3193 2539 3576 2605; x_wconf 73' lang='grc' dir='ltr'>ἐξαπέστειλε.</span> <span class='ocrx_word' id='word_1_490' title='bbox 3631 2539 3742 2591; x_wconf 75' lang='lat' dir='ltr'><strong>Ka&#39;t</strong></span> 
     </span>
    </p>
   </div>
   <div class='ocr_carea' id='block_1_62' title="bbox 2152 2629 3743 2702">
    <p class='ocr_par' dir='ltr' id='par_1_62' title="bbox 2152 2629 3743 2702">
     <span class='ocr_line' id='line_1_62' title="bbox 2152 2629 3743 2702; baseline 0.001 -19"><span class='ocrx_word' id='word_1_491' title='bbox 2152 2629 2445 2699; x_wconf 74' lang='grc' dir='ltr'>συμϐαλὼν</span> <span class='ocrx_word' id='word_1_492' title='bbox 2465 2631 2698 2694; x_wconf 77' lang='grc' dir='ltr'>ἐκείνοις</span> <span class='ocrx_word' id='word_1_493' title='bbox 2729 2631 2759 2684; x_wconf 87' lang='lat'>6</span> <span class='ocrx_word' id='word_1_494' title='bbox 2782 2631 2967 2696; x_wconf 81' lang='grc' dir='ltr'>’1ωά6,</span> <span class='ocrx_word' id='word_1_495' title='bbox 3004 2630 3201 2698; x_wconf 83' lang='grc' dir='ltr'>αὐτούς</span> <span class='ocrx_word' id='word_1_496' title='bbox 3227 2648 3287 2685; x_wconf 87' lang='grc' dir='ltr'>τε</span> <span class='ocrx_word' id='word_1_497' title='bbox 3315 2631 3408 2685; x_wconf 77' lang='grc' dir='ltr'>καὶ</span> <span class='ocrx_word' id='word_1_498' title='bbox 3439 2633 3567 2695; x_wconf 85' lang='grc' dir='ltr'>τούς</span> <span class='ocrx_word' id='word_1_499' title='bbox 3603 2649 3743 2702; x_wconf 88' lang='grc' dir='ltr'>συμ-</span> 
     </span>
    </p>
   </div>
   <div class='ocr_carea' id='block_1_63' title="bbox 2154 2720 3742 2795">
    <p class='ocr_par' dir='ltr' id='par_1_63' title="bbox 2154 2720 3742 2795">
     <span class='ocr_line' id='line_1_63' title="bbox 2154 2720 3742 2795; baseline 0.002 -22"><span class='ocrx_word' id='word_1_500' title='bbox 2154 2720 2358 2790; x_wconf 82' lang='grc' dir='ltr'>μάχους</span> <span class='ocrx_word' id='word_1_501' title='bbox 2383 2722 2592 2793; x_wconf 87' lang='grc' dir='ltr'>Σύρους</span> <span class='ocrx_word' id='word_1_502' title='bbox 2618 2724 2758 2794; x_wconf 78' lang='grc' dir='ltr'>ηττᾷ</span> <span class='ocrx_word' id='word_1_503' title='bbox 2781 2739 2796 2754; x_wconf 75' lang='grc' dir='ltr'>ο</span> <span class='ocrx_word' id='word_1_504' title='bbox 2851 2724 2949 2778; x_wconf 77' lang='grc' dir='ltr'>καὶ</span> <span class='ocrx_word' id='word_1_505' title='bbox 2977 2724 3272 2795; x_wconf 82' lang='grc' dir='ltr'>τρέπονται</span> <span class='ocrx_word' id='word_1_506' title='bbox 3307 2725 3388 2788; x_wconf 85' lang='grc' dir='ltr'>είς</span> <span class='ocrx_word' id='word_1_507' title='bbox 3415 2725 3620 2795; x_wconf 78' lang='grc' dir='ltr'>φυγήν.</span> <span class='ocrx_word' id='word_1_508' title='bbox 3674 2724 3742 2777; x_wconf 83' lang='lat' dir='ltr'><strong>Oi</strong></span> 
     </span>
    </p>
   </div>
   <div class='ocr_carea' id='block_1_64' title="bbox 2149 2811 3744 2886">
    <p class='ocr_par' dir='ltr' id='par_1_64' title="bbox 2149 2811 3744 2886">
     <span class='ocr_line' id='line_1_64' title="bbox 2149 2811 3744 2886; baseline 0.003 -22"><span class='ocrx_word' id='word_1_509' title='bbox 2149 2811 2229 2874; x_wconf 77' lang='grc' dir='ltr'>δὲ,</span> <span class='ocrx_word' id='word_1_510' title='bbox 2263 2812 2359 2864; x_wconf 73' lang='grc' dir='ltr'>καὶ</span> <span class='ocrx_word' id='word_1_511' title='bbox 2391 2813 2556 2866; x_wconf 83' lang='grc' dir='ltr'>πάλιν</span> <span class='ocrx_word' id='word_1_512' title='bbox 2579 2814 2906 2884; x_wconf 83' lang='grc' dir='ltr'>συμμάχους</span> <span class='ocrx_word' id='word_1_513' title='bbox 2939 2815 3388 2886; x_wconf 78' lang='grc' dir='ltr'>προσειληφότες,</span> <span class='ocrx_word' id='word_1_514' title='bbox 3411 2815 3550 2885; x_wconf 71' lang='grc' dir='ltr'>πρὸς</span> <span class='ocrx_word' id='word_1_515' title='bbox 3580 2815 3744 2868; x_wconf 64' lang='grc' dir='ltr'>πολε.</span> 
     </span>
    </p>
   </div>
   <div class='ocr_carea' id='block_1_65' title="bbox 2153 2905 3746 2982">
    <p class='ocr_par' dir='ltr' id='par_1_65' title="bbox 2153 2905 3746 2982">
     <span class='ocr_line' id='line_1_65' title="bbox 2153 2905 3746 2982; baseline 0.003 -25"><span class='ocrx_word' id='word_1_516' title='bbox 2153 2921 2253 2972; x_wconf 92' lang='grc' dir='ltr'>μον</span> <span class='ocrx_word' id='word_1_517' title='bbox 2275 2905 2469 2976; x_wconf 73' lang='grc' dir='ltr'>ᾔεσαν.</span> <span class='ocrx_word' id='word_1_518' title='bbox 2493 2907 2604 2960; x_wconf 81' lang='lat' dir='ltr'><strong>Kal.</strong></span> <span class='ocrx_word' id='word_1_519' title='bbox 2633 2906 2862 2975; x_wconf 81' lang='grc' dir='ltr'>όΔαδὶδ,</span> <span class='ocrx_word' id='word_1_520' title='bbox 2889 2908 2988 2961; x_wconf 83' lang='grc' dir='ltr'>σὺν</span> <span class='ocrx_word' id='word_1_521' title='bbox 3017 2910 3166 2982; x_wconf 82' lang='grc' dir='ltr'>πάσῃ</span> <span class='ocrx_word' id='word_1_522' title='bbox 3188 2911 3252 2980; x_wconf 80' lang='grc' dir='ltr'>τῇ</span> <span class='ocrx_word' id='word_1_523' title='bbox 3273 2910 3504 2980; x_wconf 79' lang='grc' dir='ltr'>στρατιᾷ</span> <span class='ocrx_word' id='word_1_524' title='bbox 3533 2909 3746 2979; x_wconf 76' lang='grc' dir='ltr'>συμϐα-</span> 
     </span>
    </p>
   </div>
   <div class='ocr_carea' id='block_1_66' title="bbox 2149 2996 3744 3073">
    <p class='ocr_par' dir='ltr' id='par_1_66' title="bbox 2149 2996 3744 3073">
     <span class='ocr_line' id='line_1_66' title="bbox 2149 2996 3744 3073; baseline 0.005 -24"><span class='ocrx_word' id='word_1_525' title='bbox 2149 2996 2258 3050; x_wconf 85' lang='grc' dir='ltr'>λὼν</span> <span class='ocrx_word' id='word_1_526' title='bbox 2285 2999 2494 3064; x_wconf 80' lang='grc' dir='ltr'>αὐτοῖς,</span> <span class='ocrx_word' id='word_1_527' title='bbox 2545 2999 2776 3065; x_wconf 85' lang='grc' dir='ltr'>πολλοὺς</span> <span class='ocrx_word' id='word_1_528' title='bbox 2807 3003 2907 3071; x_wconf 79' lang='grc' dir='ltr'>μὲν</span> <span class='ocrx_word' id='word_1_529' title='bbox 2931 3003 3146 3056; x_wconf 84' lang='grc' dir='ltr'>ἀνεῖλεν</span> <span class='ocrx_word' id='word_1_530' title='bbox 3173 3019 3186 3035; x_wconf 88' lang='grc'><strong>·</strong></span> <span class='ocrx_word' id='word_1_531' title='bbox 3215 3005 3244 3056; x_wconf 90' lang='lat'>6</span> <span class='ocrx_word' id='word_1_532' title='bbox 3271 3002 3320 3056; x_wconf 84' lang='grc' dir='ltr'>δ’</span> <span class='ocrx_word' id='word_1_533' title='bbox 3349 3004 3598 3073; x_wconf 77' lang='grc' dir='ltr'>ἐξάρχων</span> <span class='ocrx_word' id='word_1_534' title='bbox 3642 3003 3744 3066; x_wconf 78' lang='grc' dir='ltr'>τῆς</span> 
     </span>
    </p>
   </div>
   <div class='ocr_carea' id='block_1_67' title="bbox 2149 3089 3743 3166">
    <p class='ocr_par' dir='ltr' id='par_1_67' title="bbox 2149 3089 3743 3166">
     <span class='ocr_line' id='line_1_67' title="bbox 2149 3089 3743 3166; baseline 0.004 -24"><span class='ocrx_word' id='word_1_535' title='bbox 2149 3089 2260 3143; x_wconf 86' lang='grc' dir='ltr'>τῶν</span> <span class='ocrx_word' id='word_1_536' title='bbox 2290 3090 2552 3144; x_wconf 72' lang='grc' dir='ltr'>ἐναντίων</span> <span class='ocrx_word' id='word_1_537' title='bbox 2579 3091 2864 3162; x_wconf 80' lang='grc' dir='ltr'>δυνάμεως</span> <span class='ocrx_word' id='word_1_538' title='bbox 2899 3093 3118 3161; x_wconf 77' lang='grc' dir='ltr'>Σωϐἀκ,</span> <span class='ocrx_word' id='word_1_539' title='bbox 3144 3094 3378 3166; x_wconf 71' lang='grc' dir='ltr'>τρωθεὶς</span> <span class='ocrx_word' id='word_1_540' title='bbox 3414 3095 3650 3165; x_wconf 80' lang='grc' dir='ltr'>καιρίως</span> <span class='ocrx_word' id='word_1_541' title='bbox 3681 3094 3743 3148; x_wconf 79' lang='grc' dir='ltr'>ἐν</span> 
     </span>
    </p>
   </div>
   <div class='ocr_carea' id='block_1_68' title="bbox 2149 3181 3741 3258">
    <p class='ocr_par' dir='ltr' id='par_1_68' title="bbox 2149 3181 3741 3258">
     <span class='ocr_line' id='line_1_68' title="bbox 2149 3181 3741 3258; baseline 0.004 -23"><span class='ocrx_word' id='word_1_542' title='bbox 2149 3181 2229 3250; x_wconf 85' lang='grc' dir='ltr'>τῷ</span> <span class='ocrx_word' id='word_1_543' title='bbox 2259 3183 2504 3255; x_wconf 79' lang='grc' dir='ltr'>πολέμῳ,</span> <span class='ocrx_word' id='word_1_544' title='bbox 2539 3184 2800 3258; x_wconf 81' lang='grc' dir='ltr'>τέθνηκεν</span> <span class='ocrx_word' id='word_1_545' title='bbox 2824 3188 2888 3240; x_wconf 79' lang='grc' dir='ltr'>ἐκ</span> <span class='ocrx_word' id='word_1_546' title='bbox 2925 3186 3020 3241; x_wconf 83' lang='grc' dir='ltr'>τοῦ</span> <span class='ocrx_word' id='word_1_547' title='bbox 3047 3188 3388 3258; x_wconf 84' lang='grc' dir='ltr'>τραύματος.</span> <span class='ocrx_word' id='word_1_548' title='bbox 3418 3189 3482 3241; x_wconf 85' lang='grc' dir='ltr'>Οί</span> <span class='ocrx_word' id='word_1_549' title='bbox 3512 3190 3741 3258; x_wconf 85' lang='grc' dir='ltr'>σύμμα-</span> 
     </span>
    </p>
   </div>
   <div class='ocr_carea' id='block_1_69' title="bbox 2150 3276 3742 3351">
    <p class='ocr_par' dir='ltr' id='par_1_69' title="bbox 2150 3276 3742 3351">
     <span class='ocr_line' id='line_1_69' title="bbox 2150 3276 3742 3351; baseline 0.005 -23"><span class='ocrx_word' id='word_1_550' title='bbox 2150 3293 2236 3348; x_wconf 88' lang='grc' dir='ltr'>χοι</span> <span class='ocrx_word' id='word_1_551' title='bbox 2268 3276 2325 3330; x_wconf 85' lang='grc' dir='ltr'>δὲ</span> <span class='ocrx_word' id='word_1_552' title='bbox 2352 3276 2462 3331; x_wconf 91' lang='grc' dir='ltr'>τῶν</span> <span class='ocrx_word' id='word_1_553' title='bbox 2499 3277 2880 3349; x_wconf 83' lang='grc' dir='ltr'>Ἀμμανιτῶν,</span> <span class='ocrx_word' id='word_1_554' title='bbox 2913 3280 3076 3351; x_wconf 84' lang='grc' dir='ltr'>Σύροι</span> <span class='ocrx_word' id='word_1_555' title='bbox 3128 3281 3280 3344; x_wconf 75' lang='grc' dir='ltr'>ὄντες</span> <span class='ocrx_word' id='word_1_556' title='bbox 3312 3282 3379 3334; x_wconf 80' lang='grc' dir='ltr'>ἐκ</span> <span class='ocrx_word' id='word_1_557' title='bbox 3410 3281 3742 3336; x_wconf 84' lang='grc' dir='ltr'>Μεσοποτα-</span> 
     </span>
    </p>
   </div>
   <div class='ocr_carea' id='block_1_70' title="bbox 2155 3369 3743 3443">
    <p class='ocr_par' dir='ltr' id='par_1_70' title="bbox 2155 3369 3743 3443">
     <span class='ocr_line' id='line_1_70' title="bbox 2155 3369 3743 3443; baseline 0.005 -23"><span class='ocrx_word' id='word_1_558' title='bbox 2155 3369 2306 3439; x_wconf 86' lang='grc' dir='ltr'>μίας,</span> <span class='ocrx_word' id='word_1_559' title='bbox 2358 3369 2585 3435; x_wconf 83' lang='grc' dir='ltr'>ὲαυτούς</span> <span class='ocrx_word' id='word_1_560' title='bbox 2623 3369 2950 3443; x_wconf 83' lang='grc' dir='ltr'>παρέδωκαν</span> <span class='ocrx_word' id='word_1_561' title='bbox 2999 3372 3078 3443; x_wconf 84' lang='grc' dir='ltr'>τῷ</span> <span class='ocrx_word' id='word_1_562' title='bbox 3134 3373 3322 3428; x_wconf 81' lang='grc' dir='ltr'>Δασίδ.</span> <span class='ocrx_word' id='word_1_563' title='bbox 3367 3369 3536 3437; x_wconf 75' lang='grc' dir='ltr'>Αὖθις</span> <span class='ocrx_word' id='word_1_564' title='bbox 3563 3375 3622 3428; x_wconf 84' lang='grc' dir='ltr'>δὲ</span> <span class='ocrx_word' id='word_1_565' title='bbox 3650 3376 3743 3429; x_wconf 77' lang='grc' dir='ltr'>τὸν</span> 
     </span>
    </p>
   </div>
   <div class='ocr_carea' id='block_1_71' title="bbox 2167 3463 3743 3538">
    <p class='ocr_par' dir='ltr' id='par_1_71' title="bbox 2167 3463 3743 3538">
     <span class='ocr_line' id='line_1_71' title="bbox 2167 3463 3743 3538; baseline 0.004 -22"><span class='ocrx_word' id='word_1_566' title='bbox 2167 3463 2325 3516; x_wconf 81' lang='grc' dir='ltr'>’1ωά6</span> <span class='ocrx_word' id='word_1_567' title='bbox 2350 3463 2674 3535; x_wconf 80' lang='grc' dir='ltr'>ὲκπέπομφε</span> <span class='ocrx_word' id='word_1_568' title='bbox 2703 3466 2845 3519; x_wconf 89' lang='grc' dir='ltr'>κατά</span> <span class='ocrx_word' id='word_1_569' title='bbox 2865 3465 2975 3520; x_wconf 87' lang='grc' dir='ltr'>τῶν</span> <span class='ocrx_word' id='word_1_570' title='bbox 2993 3467 3368 3538; x_wconf 84' lang='grc' dir='ltr'>Ἀμμανιτῶν,</span> <span class='ocrx_word' id='word_1_571' title='bbox 3395 3469 3454 3534; x_wconf 81' lang='grc' dir='ltr'>ὃς</span> <span class='ocrx_word' id='word_1_572' title='bbox 3484 3469 3743 3538; x_wconf 87' lang='grc' dir='ltr'>συγκλεί-</span> 
     </span>
    </p>
   </div>
   <div class='ocr_carea' id='block_1_72' title="bbox 2154 3557 3739 3632">
    <p class='ocr_par' dir='ltr' id='par_1_72' title="bbox 2154 3557 3739 3632">
     <span class='ocr_line' id='line_1_72' title="bbox 2154 3557 3739 3632; baseline 0.004 -22"><span class='ocrx_word' id='word_1_573' title='bbox 2154 3573 2252 3620; x_wconf 90' lang='grc' dir='ltr'>σας</span> <span class='ocrx_word' id='word_1_574' title='bbox 2283 3557 2480 3622; x_wconf 84' lang='grc' dir='ltr'>αὐτούς</span> <span class='ocrx_word' id='word_1_575' title='bbox 2524 3559 2606 3621; x_wconf 80' lang='grc' dir='ltr'>εἰς</span> <span class='ocrx_word' id='word_1_576' title='bbox 2639 3559 2740 3628; x_wconf 84' lang='grc' dir='ltr'>τὴν</span> <span class='ocrx_word' id='word_1_577' title='bbox 2771 3558 2873 3628; x_wconf 82' lang='grc' dir='ltr'>τῆς</span> <span class='ocrx_word' id='word_1_578' title='bbox 2923 3559 3109 3632; x_wconf 73' lang='grc' dir='ltr'>χώρας</span> <span class='ocrx_word' id='word_1_579' title='bbox 3140 3562 3322 3616; x_wconf 90' lang='grc' dir='ltr'>αὐτῶν</span> <span class='ocrx_word' id='word_1_580' title='bbox 3373 3563 3739 3632; x_wconf 86' lang='grc' dir='ltr'>μητρόπολιν,</span> 
     </span>
    </p>
   </div>
   <div class='ocr_carea' id='block_1_73' title="bbox 2152 3649 3743 3725">
    <p class='ocr_par' dir='ltr' id='par_1_73' title="bbox 2152 3649 3743 3725">
     <span class='ocr_line' id='line_1_73' title="bbox 2152 3649 3743 3725; baseline 0.004 -22"><span class='ocrx_word' id='word_1_581' title='bbox 2152 3649 2484 3720; x_wconf 77' lang='grc' dir='ltr'>ἐπολιόρκει.</span> <span class='ocrx_word' id='word_1_582' title='bbox 2537 3650 2703 3704; x_wconf 76' lang='grc' dir='ltr'>Δαδὶδ</span> <span class='ocrx_word' id='word_1_583' title='bbox 2755 3651 2813 3705; x_wconf 79' lang='grc' dir='ltr'>δὲ</span> <span class='ocrx_word' id='word_1_584' title='bbox 2847 3653 2905 3704; x_wconf 80' lang='grc' dir='ltr'>ἐν</span> <span class='ocrx_word' id='word_1_585' title='bbox 2952 3652 3350 3725; x_wconf 84' lang='grc' dir='ltr'>Ἱεροσολύμοις</span> <span class='ocrx_word' id='word_1_586' title='bbox 3387 3656 3614 3725; x_wconf 78' lang='grc' dir='ltr'>διάγων,</span> <span class='ocrx_word' id='word_1_587' title='bbox 3645 3657 3743 3710; x_wconf 75' lang='grc' dir='ltr'>καὶ</span> 
     </span>
    </p>
   </div>
   <div class='ocr_carea' id='block_1_74' title="bbox 2151 3739 3742 3818">
    <p class='ocr_par' dir='ltr' id='par_1_74' title="bbox 2151 3739 3742 3818">
     <span class='ocr_line' id='line_1_74' title="bbox 2151 3739 3742 3818; baseline 0.006 -25"><span class='ocrx_word' id='word_1_588' title='bbox 2151 3739 2217 3793; x_wconf 85' lang='grc' dir='ltr'>ἐκ</span> <span class='ocrx_word' id='word_1_589' title='bbox 2246 3741 2355 3795; x_wconf 89' lang='grc' dir='ltr'>τῶν</span> <span class='ocrx_word' id='word_1_590' title='bbox 2403 3740 2692 3811; x_wconf 86' lang='grc' dir='ltr'>βασιλείων</span> <span class='ocrx_word' id='word_1_591' title='bbox 2724 3743 2849 3797; x_wconf 86' lang='grc' dir='ltr'>ίδὼν</span> <span class='ocrx_word' id='word_1_592' title='bbox 2879 3747 3115 3812; x_wconf 80' lang='grc' dir='ltr'>γυναῖκα</span> <span class='ocrx_word' id='word_1_593' title='bbox 3159 3747 3283 3799; x_wconf 86' lang='grc' dir='ltr'>κατ’</span> <span class='ocrx_word' id='word_1_594' title='bbox 3329 3745 3475 3800; x_wconf 82' lang='grc' dir='ltr'>οἷκον</span> <span class='ocrx_word' id='word_1_595' title='bbox 3505 3747 3742 3818; x_wconf 83' lang='grc' dir='ltr'>λουομέ-</span> 
     </span>
    </p>
   </div>
   <div class='ocr_carea' id='block_1_75' title="bbox 2150 3833 3740 3911">
    <p class='ocr_par' dir='ltr' id='par_1_75' title="bbox 2150 3833 3740 3911">
     <span class='ocr_line' id='line_1_75' title="bbox 2150 3833 3740 3911; baseline 0.006 -26"><span class='ocrx_word' id='word_1_596' title='bbox 2150 3849 2270 3904; x_wconf 81' lang='grc' dir='ltr'>νην,</span> <span class='ocrx_word' id='word_1_597' title='bbox 2305 3833 2590 3905; x_wconf 77' lang='grc' dir='ltr'>Βηρσαδεέ</span> <span class='ocrx_word' id='word_1_598' title='bbox 2621 3835 2988 3907; x_wconf 87' lang='grc' dir='ltr'>καλουμένην,</span> <span class='ocrx_word' id='word_1_599' title='bbox 3025 3837 3240 3908; x_wconf 73' lang='grc' dir='ltr'>ἠράσθη</span> <span class='ocrx_word' id='word_1_600' title='bbox 3272 3839 3466 3908; x_wconf 82' lang='grc' dir='ltr'>αὐτῆς.</span> <span class='ocrx_word' id='word_1_601' title='bbox 3500 3841 3610 3894; x_wconf 69' lang='grc' dir='ltr'>Καὶ</span> <span class='ocrx_word' id='word_1_602' title='bbox 3639 3858 3740 3911; x_wconf 84' lang='grc' dir='ltr'>με·</span> 
     </span>
    </p>
   </div>
   <div class='ocr_carea' id='block_1_76' title="bbox 2148 3927 3741 4004">
    <p class='ocr_par' dir='ltr' id='par_1_76' title="bbox 2148 3927 3741 4004">
     <span class='ocr_line' id='line_1_76' title="bbox 2148 3927 3741 4004; baseline 0.005 -24"><span class='ocrx_word' id='word_1_603' title='bbox 2148 3927 2576 3998; x_wconf 80' lang='grc' dir='ltr'>ταστειλάμενος</span> <span class='ocrx_word' id='word_1_604' title='bbox 2602 3929 2702 3998; x_wconf 77' lang='grc' dir='ltr'>τὴν</span> <span class='ocrx_word' id='word_1_605' title='bbox 2727 3933 2980 3999; x_wconf 76' lang='grc' dir='ltr'>γυναῖκα,</span> <span class='ocrx_word' id='word_1_606' title='bbox 3012 3931 3176 4002; x_wconf 84' lang='grc' dir='ltr'>ἐμίγη</span> <span class='ocrx_word' id='word_1_607' title='bbox 3204 3932 3365 4004; x_wconf 78' lang='grc' dir='ltr'>αὐτῇ.</span> <span class='ocrx_word' id='word_1_608' title='bbox 3393 3932 3741 3988; x_wconf 86' lang='grc' dir='ltr'>Συλλαδοῦσα</span> 
     </span>
    </p>
   </div>
   <div class='ocr_carea' id='block_1_77' title="bbox 2149 4019 3743 4094">
    <p class='ocr_par' dir='ltr' id='par_1_77' title="bbox 2149 4019 3743 4094">
     <span class='ocr_line' id='line_1_77' title="bbox 2149 4019 3743 4094; baseline 0.003 -22"><span class='ocrx_word' id='word_1_609' title='bbox 2149 4019 2229 4079; x_wconf 76' lang='grc' dir='ltr'>δὲ,</span> <span class='ocrx_word' id='word_1_610' title='bbox 2259 4019 2339 4089; x_wconf 82' lang='grc' dir='ltr'>τῷ</span> <span class='ocrx_word' id='word_1_611' title='bbox 2371 4019 2585 4090; x_wconf 80' lang='grc' dir='ltr'>βασιλεῖ</span> <span class='ocrx_word' id='word_1_612' title='bbox 2629 4020 2689 4074; x_wconf 82' lang='grc' dir='ltr'>τὸ</span> <span class='ocrx_word' id='word_1_613' title='bbox 2722 4024 2956 4092; x_wconf 76' lang='grc' dir='ltr'>πρᾶγμα</span> <span class='ocrx_word' id='word_1_614' title='bbox 2989 4022 3281 4094; x_wconf 84' lang='grc' dir='ltr'>ἐδήλωσεν.</span> <span class='ocrx_word' id='word_1_615' title='bbox 3344 4025 3402 4079; x_wconf 88' lang='grc' dir='ltr'>Ὀ</span> <span class='ocrx_word' id='word_1_616' title='bbox 3435 4024 3492 4078; x_wconf 81' lang='grc' dir='ltr'>δέ</span> <span class='ocrx_word' id='word_1_617' title='bbox 3529 4024 3622 4078; x_wconf 82' lang='grc' dir='ltr'>τὸν</span> <span class='ocrx_word' id='word_1_618' title='bbox 3644 4026 3743 4081; x_wconf 82' lang='grc' dir='ltr'>ἀν-</span> 
     </span>
    </p>
   </div>
   <div class='ocr_carea' id='block_1_78' title="bbox 2150 4111 3743 4188">
    <p class='ocr_par' dir='ltr' id='par_1_78' title="bbox 2150 4111 3743 4188">
     <span class='ocr_line' id='line_1_78' title="bbox 2150 4111 3743 4188; baseline 0.004 -22"><span class='ocrx_word' id='word_1_619' title='bbox 2150 4111 2251 4181; x_wconf 86' lang='grc' dir='ltr'>δρα</span> <span class='ocrx_word' id='word_1_620' title='bbox 2284 4111 2456 4183; x_wconf 85' lang='grc' dir='ltr'>αὐτῆς</span> <span class='ocrx_word' id='word_1_621' title='bbox 2487 4115 2550 4166; x_wconf 86' lang='grc' dir='ltr'>ὲκ</span> <span class='ocrx_word' id='word_1_622' title='bbox 2573 4114 2671 4183; x_wconf 81' lang='grc' dir='ltr'>τῆς</span> <span class='ocrx_word' id='word_1_623' title='bbox 2705 4114 3022 4185; x_wconf 84' lang='grc' dir='ltr'>πολιορκίας</span> <span class='ocrx_word' id='word_1_624' title='bbox 3045 4116 3328 4182; x_wconf 80' lang='grc' dir='ltr'>ἐκάλεσεν,</span> <span class='ocrx_word' id='word_1_625' title='bbox 3361 4117 3568 4188; x_wconf 86' lang='grc' dir='ltr'>Οὐρίαν</span> <span class='ocrx_word' id='word_1_626' title='bbox 3601 4118 3743 4173; x_wconf 84' lang='grc' dir='ltr'>ὠνο-</span> 
     </span>
    </p>
   </div>
   <div class='ocr_carea' id='block_1_79' title="bbox 2155 4204 3743 4282">
    <p class='ocr_par' dir='ltr' id='par_1_79' title="bbox 2155 4204 3743 4282">
     <span class='ocr_line' id='line_1_79' title="bbox 2155 4204 3743 4282; baseline 0.007 -25"><span class='ocrx_word' id='word_1_627' title='bbox 2155 4204 2457 4274; x_wconf 82' lang='grc' dir='ltr'>μασμένον.</span> <span class='ocrx_word' id='word_1_628' title='bbox 2485 4207 2594 4260; x_wconf 83' lang='lat' dir='ltr'><strong>Ka‘t</strong></span> <span class='ocrx_word' id='word_1_629' title='bbox 2622 4207 2906 4278; x_wconf 73' lang='grc' dir='ltr'>ἐρωτήσας</span> <span class='ocrx_word' id='word_1_630' title='bbox 2941 4210 3070 4280; x_wconf 78' lang='grc' dir='ltr'>περὶ</span> <span class='ocrx_word' id='word_1_631' title='bbox 3117 4209 3218 4280; x_wconf 84' lang='grc' dir='ltr'>τῆς</span> <span class='ocrx_word' id='word_1_632' title='bbox 3250 4213 3533 4282; x_wconf 76' lang='grc' dir='ltr'>στρατιᾶς,</span> <span class='ocrx_word' id='word_1_633' title='bbox 3557 4212 3653 4266; x_wconf 79' lang='grc' dir='ltr'>καὶ</span> <span class='ocrx_word' id='word_1_634' title='bbox 3677 4215 3743 4268; x_wconf 84' lang='grc' dir='ltr'>ὲκ</span> 
     </span>
    </p>
   </div>
   <div class='ocr_carea' id='block_1_80' title="bbox 2152 4293 3741 4370">
    <p class='ocr_par' dir='ltr' id='par_1_80' title="bbox 2152 4293 3741 4370">
     <span class='ocr_line' id='line_1_80' title="bbox 2152 4293 3741 4370; baseline 0.008 -23"><span class='ocrx_word' id='word_1_635' title='bbox 2152 4293 2246 4348; x_wconf 83' lang='grc' dir='ltr'>τοῦ</span> <span class='ocrx_word' id='word_1_636' title='bbox 2274 4295 2494 4350; x_wconf 84' lang='grc' dir='ltr'>δείπνου</span> <span class='ocrx_word' id='word_1_637' title='bbox 2546 4298 2696 4369; x_wconf 87' lang='grc' dir='ltr'>αὐτῷ</span> <span class='ocrx_word' id='word_1_638' title='bbox 2743 4300 3067 4370; x_wconf 78' lang='grc' dir='ltr'>παρασχὼν,</span> <span class='ocrx_word' id='word_1_639' title='bbox 3118 4303 3200 4365; x_wconf 85' lang='grc' dir='ltr'>είς</span> <span class='ocrx_word' id='word_1_640' title='bbox 3244 4303 3337 4356; x_wconf 76' lang='grc' dir='ltr'>τὸν</span> <span class='ocrx_word' id='word_1_641' title='bbox 3370 4299 3522 4358; x_wconf 76' lang='grc' dir='ltr'>οἷκον</span> <span class='ocrx_word' id='word_1_642' title='bbox 3571 4305 3741 4359; x_wconf 76' lang='grc' dir='ltr'>αὐτοῦ</span> 
     </span>
    </p>
   </div>
   <div class='ocr_carea' id='block_1_81' title="bbox 2152 4387 3742 4466">
    <p class='ocr_par' dir='ltr' id='par_1_81' title="bbox 2152 4387 3742 4466">
     <span class='ocr_line' id='line_1_81' title="bbox 2152 4387 3742 4466; baseline 0.006 -26"><span class='ocrx_word' id='word_1_643' title='bbox 2152 4387 2441 4442; x_wconf 79' lang='grc' dir='ltr'>ἐκέλευσεν</span> <span class='ocrx_word' id='word_1_644' title='bbox 2475 4391 2756 4448; x_wconf 80' lang='grc' dir='ltr'>ἀπελθεῖν.</span> <span class='ocrx_word' id='word_1_645' title='bbox 2808 4392 2867 4445; x_wconf 83' lang='grc' dir='ltr'><strong>Ὀ</strong></span> <span class='ocrx_word' id='word_1_646' title='bbox 2913 4392 2969 4446; x_wconf 81' lang='grc' dir='ltr'>δὲ</span> <span class='ocrx_word' id='word_1_647' title='bbox 2999 4394 3099 4447; x_wconf 91' lang='grc' dir='ltr'>οὐκ</span> <span class='ocrx_word' id='word_1_648' title='bbox 3128 4394 3376 4463; x_wconf 77' lang='grc' dir='ltr'>ἀπῆλθεο</span> <span class='ocrx_word' id='word_1_649' title='bbox 3412 4396 3487 4466; x_wconf 81' lang='grc' dir='ltr'>μὴ</span> <span class='ocrx_word' id='word_1_650' title='bbox 3529 4397 3742 4452; x_wconf 86' lang='grc' dir='ltr'>δίκαιον</span> 
     </span>
    </p>
   </div>
   <div class='ocr_carea' id='block_1_82' title="bbox 2152 4474 3743 4558">
    <p class='ocr_par' dir='ltr' id='par_1_82' title="bbox 2152 4474 3743 4558">
     <span class='ocr_line' id='line_1_82' title="bbox 2152 4474 3743 4558; baseline 0.006 -26"><span class='ocrx_word' id='word_1_651' title='bbox 2152 4474 2292 4534; x_wconf 78' lang='grc' dir='ltr'>εἶναι</span> <span class='ocrx_word' id='word_1_652' title='bbox 2328 4481 2528 4551; x_wconf 81' lang='grc' dir='ltr'>φήσας,</span> <span class='ocrx_word' id='word_1_653' title='bbox 2559 4483 2652 4536; x_wconf 72' lang='grc' dir='ltr'>τὸν</span> <span class='ocrx_word' id='word_1_654' title='bbox 2679 4484 2990 4555; x_wconf 79' lang='grc' dir='ltr'>στρατηγὸν</span> <span class='ocrx_word' id='word_1_655' title='bbox 3026 4483 3123 4538; x_wconf 72' lang='grc' dir='ltr'>καὶ</span> <span class='ocrx_word' id='word_1_656' title='bbox 3167 4485 3294 4549; x_wconf 86' lang='grc' dir='ltr'>τοὺς</span> <span class='ocrx_word' id='word_1_657' title='bbox 3323 4489 3743 4558; x_wconf 80' lang='grc' dir='ltr'>συστρατιώτας</span> 
     </span>
    </p>
   </div>
   <div class='ocr_carea' id='block_1_83' title="bbox 467 4571 2045 4658">
    <p class='ocr_par' dir='ltr' id='par_1_83' title="bbox 467 4575 2040 4650">
     <span class='ocr_line' id='line_1_83' title="bbox 467 4575 2040 4650; baseline 0.004 -22"><span class='ocrx_word' id='word_1_658' title='bbox 467 4575 712 4631; x_wconf 89' lang='lat' dir='ltr'><strong>reductis</strong></span> <span class='ocrx_word' id='word_1_659' title='bbox 735 4576 969 4639; x_wconf 68' lang='lat' dir='ltr'><strong>castoris,</strong></span> <span class='ocrx_word' id='word_1_660' title='bbox 996 4585 1055 4631; x_wconf 91' lang='lat' dir='ltr'>ut</span> <span class='ocrx_word' id='word_1_661' title='bbox 1075 4577 1147 4631; x_wconf 90' lang='lat' dir='ltr'>ita</span> <span class='ocrx_word' id='word_1_662' title='bbox 1176 4579 1566 4646; x_wconf 88' lang='lat' dir='ltr'><strong>perimeretur.</strong></span> <span class='ocrx_word' id='word_1_663' title='bbox 1597 4577 1762 4634; x_wconf 79' lang='lat' dir='ltr'><strong>Fiunt</strong></span> <span class='ocrx_word' id='word_1_664' title='bbox 1783 4580 1936 4650; x_wconf 86' lang='lat' dir='ltr'><strong>jussa</strong></span> <span class='ocrx_word' id='word_1_665' title='bbox 1960 4596 2040 4635; x_wconf 85' lang='lat' dir='ltr'><strong>re-</strong></span> 
     </span>
    </p>
   </div>
   <div class='ocr_carea' id='block_1_84' title="bbox 2151 4571 3743 4658">
    <p class='ocr_par' dir='ltr' id='par_1_84' title="bbox 2151 4571 3743 4650">
     <span class='ocr_line' id='line_1_84' title="bbox 2151 4571 3743 4650; baseline 0.006 -26"><span class='ocrx_word' id='word_1_666' title='bbox 2151 4571 2618 4643; x_wconf 86' lang='grc' dir='ltr'>ταλαιπωρεῖσθαι</span> <span class='ocrx_word' id='word_1_667' title='bbox 2649 4575 2707 4627; x_wconf 82' lang='grc' dir='ltr'>ἐν</span> <span class='ocrx_word' id='word_1_668' title='bbox 2733 4577 2800 4646; x_wconf 85' lang='grc' dir='ltr'>τῇ</span> <span class='ocrx_word' id='word_1_669' title='bbox 2830 4575 3175 4647; x_wconf 78' lang='grc' dir='ltr'>παρεμϐολῇ,</span> <span class='ocrx_word' id='word_1_670' title='bbox 3204 4577 3367 4631; x_wconf 82' lang='grc' dir='ltr'>αὐτὸν</span> <span class='ocrx_word' id='word_1_671' title='bbox 3391 4578 3450 4632; x_wconf 77' lang='grc' dir='ltr'>δὲ</span> <span class='ocrx_word' id='word_1_672' title='bbox 3480 4581 3623 4649; x_wconf 78' lang='grc' dir='ltr'>μετὰ</span> <span class='ocrx_word' id='word_1_673' title='bbox 3643 4580 3743 4650; x_wconf 82' lang='grc' dir='ltr'>τῆς</span> 
     </span>
    </p>
   </div>
   <div class='ocr_carea' id='block_1_85' title="bbox 466 4667 2043 4743">
    <p class='ocr_par' dir='ltr' id='par_1_85' title="bbox 466 4667 2043 4743">
     <span class='ocr_line' id='line_1_85' title="bbox 466 4667 2043 4743; baseline 0.003 -21"><span class='ocrx_word' id='word_1_674' title='bbox 466 4669 573 4739; x_wconf 76' lang='lat' dir='ltr'><strong>gis,</strong></span> <span class='ocrx_word' id='word_1_675' title='bbox 614 4667 777 4725; x_wconf 87' lang='lat' dir='ltr'><strong>Urias</strong></span> <span class='ocrx_word' id='word_1_676' title='bbox 824 4668 1120 4731; x_wconf 87' lang='lat' dir='ltr'><strong>occiditur,</strong></span> <span class='ocrx_word' id='word_1_677' title='bbox 1153 4669 1225 4723; x_wconf 82' lang='lat' dir='ltr'>ab</span> <span class='ocrx_word' id='word_1_678' title='bbox 1273 4685 1445 4726; x_wconf 85' lang='lat' dir='ltr'><strong>uxore</strong></span> <span class='ocrx_word' id='word_1_679' title='bbox 1491 4670 1734 4739; x_wconf 80' lang='lat' dir='ltr'><strong>lugetur,</strong></span> <span class='ocrx_word' id='word_1_680' title='bbox 1776 4672 2043 4743; x_wconf 84' lang='lat' dir='ltr'><strong>finitoque</strong></span> 
     </span>
    </p>
   </div>
   <div class='ocr_carea' id='block_1_86' title="bbox 469 4760 2045 4833">
    <p class='ocr_par' dir='ltr' id='par_1_86' title="bbox 469 4760 2045 4833">
     <span class='ocr_line' id='line_1_86' title="bbox 469 4760 2045 4833; baseline 0.003 -18"><span class='ocrx_word' id='word_1_681' title='bbox 469 4763 619 4816; x_wconf 91' lang='lat' dir='ltr'><strong>luctu</strong></span> <span class='ocrx_word' id='word_1_682' title='bbox 650 4760 848 4815; x_wconf 87' lang='lat' dir='ltr'><strong>mulier</strong></span> <span class='ocrx_word' id='word_1_683' title='bbox 883 4761 1070 4816; x_wconf 82' lang='lat' dir='ltr'><strong>Davidi</strong></span> <span class='ocrx_word' id='word_1_684' title='bbox 1101 4762 1282 4824; x_wconf 90' lang='lat' dir='ltr'><strong>nubit,</strong></span> <span class='ocrx_word' id='word_1_685' title='bbox 1319 4777 1384 4817; x_wconf 91' lang='lat' dir='ltr'>ac</span> <span class='ocrx_word' id='word_1_686' title='bbox 1419 4761 1591 4817; x_wconf 88' lang='lat' dir='ltr'><strong>filium</strong></span> <span class='ocrx_word' id='word_1_687' title='bbox 1625 4764 1791 4833; x_wconf 85' lang='lat' dir='ltr'><strong>parit.</strong></span> <span class='ocrx_word' id='word_1_688' title='bbox 1831 4765 1914 4821; x_wconf 89' lang='lat' dir='ltr'><strong>0b</strong></span> <span class='ocrx_word' id='word_1_689' title='bbox 1939 4766 2045 4820; x_wconf 90' lang='lat' dir='ltr'>hoc</span> 
     </span>
    </p>
   </div>
   <div class='ocr_carea' id='block_1_87' title="bbox 468 4852 2042 4923">
    <p class='ocr_par' dir='ltr' id='par_1_87' title="bbox 468 4852 2042 4923">
     <span class='ocr_line' id='line_1_87' title="bbox 468 4852 2042 4923; baseline 0.001 -14"><span class='ocrx_word' id='word_1_690' title='bbox 468 4855 684 4912; x_wconf 81' lang='lat' dir='ltr'><strong>facinus</strong></span> <span class='ocrx_word' id='word_1_691' title='bbox 712 4854 884 4908; x_wconf 88' lang='lat' dir='ltr'><strong>iratus</strong></span> <span class='ocrx_word' id='word_1_692' title='bbox 910 4855 1075 4917; x_wconf 88' lang='lat' dir='ltr'><strong>Deus,</strong></span> <span class='ocrx_word' id='word_1_693' title='bbox 1111 4852 1414 4909; x_wconf 86' lang='lat' dir='ltr'><strong>Nathanem</strong></span> <span class='ocrx_word' id='word_1_694' title='bbox 1442 4855 1508 4910; x_wconf 85' lang='lat' dir='ltr'>ad</span> <span class='ocrx_word' id='word_1_695' title='bbox 1557 4855 1818 4912; x_wconf 87' lang='lat' dir='ltr'><strong>Davidem</strong></span> <span class='ocrx_word' id='word_1_696' title='bbox 1851 4857 2042 4923; x_wconf 89' lang='lat' dir='ltr'><strong>mittit,</strong></span> 
     </span>
    </p>
   </div>
   <div class='ocr_carea' id='block_1_88' title="bbox 467 4951 2046 5023">
    <p class='ocr_par' dir='ltr' id='par_1_88' title="bbox 467 4951 2046 5023">
     <span class='ocr_line' id='line_1_88' title="bbox 467 4951 2046 5023; baseline 0.005 -22"><span class='ocrx_word' id='word_1_697' title='bbox 467 4952 708 5023; x_wconf 76' lang='lat' dir='ltr'><strong>quicum</strong></span> <span class='ocrx_word' id='word_1_698' title='bbox 745 4965 870 5020; x_wconf 78' lang='lat' dir='ltr'><strong>rege</strong></span> <span class='ocrx_word' id='word_1_699' title='bbox 895 4965 1249 5020; x_wconf 80' lang='lat' dir='ltr'><strong>congressus,</strong></span> <span class='ocrx_word' id='word_1_700' title='bbox 1282 4951 1432 5006; x_wconf 89' lang='lat' dir='ltr'><strong>hunc</strong></span> <span class='ocrx_word' id='word_1_701' title='bbox 1479 4951 1532 5006; x_wconf 90' lang='lat' dir='ltr'>in</span> <span class='ocrx_word' id='word_1_702' title='bbox 1571 4951 1794 5007; x_wconf 91' lang='lat' dir='ltr'><strong>modum</strong></span> <span class='ocrx_word' id='word_1_703' title='bbox 1824 4953 2046 5009; x_wconf 87' lang='lat' dir='ltr'><strong>locutus</strong></span> 
     </span>
    </p>
   </div>
   <div class='ocr_carea' id='block_1_89' title="bbox 463 5043 2046 5116">
    <p class='ocr_par' dir='ltr' id='par_1_89' title="bbox 463 5043 2046 5116">
     <span class='ocr_line' id='line_1_89' title="bbox 463 5043 2046 5116; baseline 0 -16"><span class='ocrx_word' id='word_1_704' title='bbox 463 5055 588 5101; x_wconf 87' lang='lat' dir='ltr'><strong>cst:</strong></span> <span class='ocrx_word' id='word_1_705' title='bbox 623 5045 739 5100; x_wconf 82' lang='lat' dir='ltr'>Duo</span> <span class='ocrx_word' id='word_1_706' title='bbox 774 5045 872 5099; x_wconf 76' lang='lat' dir='ltr'><strong>viri</strong></span> <span class='ocrx_word' id='word_1_707' title='bbox 910 5043 1140 5113; x_wconf 69' lang='lat' dir='ltr'><strong>(iterant,</strong></span> <span class='ocrx_word' id='word_1_708' title='bbox 1194 5059 1416 5114; x_wconf 78' lang='lat' dir='ltr'><strong>quorum</strong></span> <span class='ocrx_word' id='word_1_709' title='bbox 1465 5044 1601 5098; x_wconf 72' lang='lat' dir='ltr'><strong>alter</strong></span> <span class='ocrx_word' id='word_1_710' title='bbox 1648 5061 1827 5116; x_wconf 64' lang='lat' dir='ltr'><strong>greges</strong></span> <span class='ocrx_word' id='word_1_711' title='bbox 1875 5053 1924 5099; x_wconf 82' lang='lat' dir='ltr'>et</span> <span class='ocrx_word' id='word_1_712' title='bbox 1955 5064 2046 5101; x_wconf 86' lang='lat' dir='ltr'><strong>ar-</strong></span> 
     </span>
    </p>
   </div>
   <div class='ocr_carea' id='block_1_90' title="bbox 466 5135 2045 5206">
    <p class='ocr_par' dir='ltr' id='par_1_90' title="bbox 466 5135 2045 5206">
     <span class='ocr_line' id='line_1_90' title="bbox 466 5135 2045 5206; baseline 0 -15"><span class='ocrx_word' id='word_1_713' title='bbox 466 5147 645 5192; x_wconf 81' lang='lat' dir='ltr'><strong>menta</strong></span> <span class='ocrx_word' id='word_1_714' title='bbox 699 5137 903 5202; x_wconf 83' lang='lat' dir='ltr'><strong>habuit,</strong></span> <span class='ocrx_word' id='word_1_715' title='bbox 952 5135 1091 5188; x_wconf 84' lang='lat' dir='ltr'><strong>alter</strong></span> <span class='ocrx_word' id='word_1_716' title='bbox 1131 5153 1292 5189; x_wconf 87' lang='lat' dir='ltr'><strong>unam</strong></span> <span class='ocrx_word' id='word_1_717' title='bbox 1339 5137 1604 5191; x_wconf 74' lang='lat' dir='ltr'><strong>duntaxat</strong></span> <span class='ocrx_word' id='word_1_718' title='bbox 1648 5153 1864 5206; x_wconf 85' lang='lat' dir='ltr'><strong>agnam.</strong></span> <span class='ocrx_word' id='word_1_719' title='bbox 1913 5137 2045 5193; x_wconf 85' lang='lat' dir='ltr'><strong>Cum</strong></span> 
     </span>
    </p>
   </div>
   <div class='ocr_carea' id='block_1_91' title="bbox 467 5229 2047 5298">
    <p class='ocr_par' dir='ltr' id='par_1_91' title="bbox 467 5229 2047 5298">
     <span class='ocr_line' id='line_1_91' title="bbox 467 5229 2047 5298; baseline 0 -14"><span class='ocrx_word' id='word_1_720' title='bbox 467 5240 648 5284; x_wconf 84' lang='lat' dir='ltr'><strong>autem</strong></span> <span class='ocrx_word' id='word_1_721' title='bbox 692 5231 875 5298; x_wconf 78' lang='lat' dir='ltr'><strong>hospes</strong></span> <span class='ocrx_word' id='word_1_722' title='bbox 907 5229 1124 5298; x_wconf 81' lang='lat' dir='ltr'><strong>quidam</strong></span> <span class='ocrx_word' id='word_1_723' title='bbox 1151 5229 1220 5282; x_wconf 86' lang='lat' dir='ltr'>ad</span> <span class='ocrx_word' id='word_1_724' title='bbox 1253 5229 1465 5283; x_wconf 80' lang='lat' dir='ltr'><strong>divitem</strong></span> <span class='ocrx_word' id='word_1_725' title='bbox 1497 5229 1808 5294; x_wconf 80' lang='lat' dir='ltr'><strong>divertisset,</strong></span> <span class='ocrx_word' id='word_1_726' title='bbox 1840 5247 1946 5284; x_wconf 85' lang='lat' dir='ltr'>non</span> <span class='ocrx_word' id='word_1_727' title='bbox 1983 5234 2047 5284; x_wconf 84' lang='lat' dir='ltr'>de</span> 
     </span>
    </p>
   </div>
   <div class='ocr_carea' id='block_1_92' title="bbox 465 5319 2045 5391">
    <p class='ocr_par' dir='ltr' id='par_1_92' title="bbox 465 5319 2045 5391">
     <span class='ocr_line' id='line_1_92' title="bbox 465 5319 2045 5391; baseline 0.001 -18"><span class='ocrx_word' id='word_1_728' title='bbox 465 5322 572 5373; x_wconf 75' lang='lat' dir='ltr'><strong>suis</strong></span> <span class='ocrx_word' id='word_1_729' title='bbox 597 5319 910 5380; x_wconf 77' lang='lat' dir='ltr'><strong>immolavit,</strong></span> <span class='ocrx_word' id='word_1_730' title='bbox 944 5319 1033 5372; x_wconf 86' lang='lat' dir='ltr'>sed</span> <span class='ocrx_word' id='word_1_731' title='bbox 1063 5321 1310 5389; x_wconf 81' lang='lat' dir='ltr'><strong>pauperis</strong></span> <span class='ocrx_word' id='word_1_732' title='bbox 1333 5337 1530 5391; x_wconf 82' lang='lat' dir='ltr'><strong>agnam</strong></span> <span class='ocrx_word' id='word_1_733' title='bbox 1555 5330 1843 5375; x_wconf 82' lang='lat' dir='ltr'><strong>mactatam</strong></span> <span class='ocrx_word' id='word_1_734' title='bbox 1874 5323 2045 5376; x_wconf 84' lang='lat' dir='ltr'><strong>amico</strong></span> 
     </span>
    </p>
   </div>
   <div class='ocr_carea' id='block_1_93' title="bbox 468 5411 2043 5481">
    <p class='ocr_par' dir='ltr' id='par_1_93' title="bbox 468 5411 2043 5481">
     <span class='ocr_line' id='line_1_93' title="bbox 468 5411 2043 5481; baseline 0.001 -17"><span class='ocrx_word' id='word_1_735' title='bbox 468 5411 794 5481; x_wconf 79' lang='lat' dir='ltr'><strong>eptttandam</strong></span> <span class='ocrx_word' id='word_1_736' title='bbox 825 5413 1088 5481; x_wconf 77' lang='lat' dir='ltr'><strong>apposuit.</strong></span> <span class='ocrx_word' id='word_1_737' title='bbox 1128 5411 1206 5465; x_wconf 89' lang='lat' dir='ltr'>lbi</span> <span class='ocrx_word' id='word_1_738' title='bbox 1239 5413 1405 5466; x_wconf 81' lang='lat' dir='ltr'><strong>David</strong></span> <span class='ocrx_word' id='word_1_739' title='bbox 1461 5427 1587 5466; x_wconf 90' lang='lat' dir='ltr'>eum</span> <span class='ocrx_word' id='word_1_740' title='bbox 1619 5413 1711 5480; x_wconf 89' lang='lat' dir='ltr'>qui</span> <span class='ocrx_word' id='word_1_741' title='bbox 1738 5411 1790 5466; x_wconf 87' lang='lat' dir='ltr'>id</span> <span class='ocrx_word' id='word_1_742' title='bbox 1830 5411 2043 5477; x_wconf 85' lang='lat' dir='ltr'><strong>fecerit,</strong></span> 
     </span>
    </p>
   </div>
   <div class='ocr_carea' id='block_1_94' title="bbox 471 5503 2044 5574">
    <p class='ocr_par' dir='ltr' id='par_1_94' title="bbox 471 5503 2044 5574">
     <span class='ocr_line' id='line_1_94' title="bbox 471 5503 2044 5574; baseline 0.001 -16"><span class='ocrx_word' id='word_1_743' title='bbox 471 5505 762 5574; x_wconf 83' lang='lat' dir='ltr'><strong>quadrupli</strong></span> <span class='ocrx_word' id='word_1_744' title='bbox 805 5516 862 5559; x_wconf 91' lang='lat' dir='ltr'>et</span> <span class='ocrx_word' id='word_1_745' title='bbox 922 5505 1118 5574; x_wconf 84' lang='lat' dir='ltr'><strong>capitis</strong></span> <span class='ocrx_word' id='word_1_746' title='bbox 1161 5505 1510 5559; x_wconf 88' lang='lat' dir='ltr'><strong>condemnat.</strong></span> <span class='ocrx_word' id='word_1_747' title='bbox 1565 5503 1703 5557; x_wconf 88' lang='lat' dir='ltr'><strong>Tum</strong></span> <span class='ocrx_word' id='word_1_748' title='bbox 1759 5504 1973 5558; x_wconf 88' lang='lat' dir='ltr'><strong>Nathan</strong></span> <span class='ocrx_word' id='word_1_749' title='bbox 2027 5520 2044 5560; x_wconf 88' lang='lat'><strong>:</strong></span> 
     </span>
    </p>
   </div>
   <div class='ocr_carea' id='block_1_95' title="bbox 469 5596 2041 5670">
    <p class='ocr_par' dir='ltr' id='par_1_95' title="bbox 469 5596 2041 5670">
     <span class='ocr_line' id='line_1_95' title="bbox 469 5596 2041 5670; baseline 0 -19"><span class='ocrx_word' id='word_1_750' title='bbox 469 5596 670 5651; x_wconf 83' lang='lat' dir='ltr'><strong>Contra</strong></span> <span class='ocrx_word' id='word_1_751' title='bbox 711 5599 954 5670; x_wconf 82' lang='lat' dir='ltr'><strong>teipsum,</strong></span> <span class='ocrx_word' id='word_1_752' title='bbox 1003 5598 1204 5667; x_wconf 86' lang='lat' dir='ltr'><strong>inquit,</strong></span> <span class='ocrx_word' id='word_1_753' title='bbox 1249 5615 1280 5652; x_wconf 88' lang='grc' dir='ltr'>ο</span> <span class='ocrx_word' id='word_1_754' title='bbox 1339 5615 1453 5663; x_wconf 70' lang='lat' dir='ltr'><strong>rex,</strong></span> <span class='ocrx_word' id='word_1_755' title='bbox 1486 5599 1803 5650; x_wconf 79' lang='lat' dir='ltr'><strong>sententiam</strong></span> <span class='ocrx_word' id='word_1_756' title='bbox 1855 5596 2041 5651; x_wconf 81' lang='lat' dir='ltr'><strong>tulisti.</strong></span> 
     </span>
    </p>
   </div>
   <div class='ocr_carea' id='block_1_96' title="bbox 469 5687 2046 5762">
    <p class='ocr_par' dir='ltr' id='par_1_96' title="bbox 469 5687 2046 5762">
     <span class='ocr_line' id='line_1_96' title="bbox 469 5687 2046 5762; baseline -0.001 -17"><span class='ocrx_word' id='word_1_757' title='bbox 469 5690 542 5745; x_wconf 85' lang='lat' dir='ltr'><strong>Tu</strong></span> <span class='ocrx_word' id='word_1_758' title='bbox 597 5692 734 5744; x_wconf 81' lang='lat' dir='ltr'><strong>enim</strong></span> <span class='ocrx_word' id='word_1_759' title='bbox 785 5693 838 5746; x_wconf 84' lang='lat' dir='ltr'>id</span> <span class='ocrx_word' id='word_1_760' title='bbox 893 5693 1100 5762; x_wconf 76' lang='lat' dir='ltr'><strong>facinus</strong></span> <span class='ocrx_word' id='word_1_761' title='bbox 1153 5693 1332 5753; x_wconf 81' lang='lat' dir='ltr'><strong>edisti,</strong></span> <span class='ocrx_word' id='word_1_762' title='bbox 1383 5691 1546 5759; x_wconf 85' lang='lat' dir='ltr'><strong>eique</strong></span> <span class='ocrx_word' id='word_1_763' title='bbox 1604 5687 1939 5742; x_wconf 82' lang='lat' dir='ltr'><strong>adulterium</strong></span> <span class='ocrx_word' id='word_1_764' title='bbox 1990 5699 2046 5743; x_wconf 91' lang='lat' dir='ltr'>ct</span> 
     </span>
    </p>
   </div>
   <div class='ocr_carea' id='block_1_97' title="bbox 467 5779 2048 5849">
    <p class='ocr_par' dir='ltr' id='par_1_97' title="bbox 467 5779 2048 5849">
     <span class='ocr_line' id='line_1_97' title="bbox 467 5779 2048 5849; baseline -0.001 -15"><span class='ocrx_word' id='word_1_765' title='bbox 467 5783 670 5837; x_wconf 75' lang='lat' dir='ltr'><strong>ezedem</strong></span> <span class='ocrx_word' id='word_1_766' title='bbox 717 5791 1131 5842; x_wconf 86' lang='lat' dir='ltr'><strong>commemorat,</strong></span> <span class='ocrx_word' id='word_1_767' title='bbox 1174 5794 1229 5838; x_wconf 88' lang='lat' dir='ltr'>et</span> <span class='ocrx_word' id='word_1_768' title='bbox 1261 5783 1399 5835; x_wconf 87' lang='lat' dir='ltr'><strong>iram</strong></span> <span class='ocrx_word' id='word_1_769' title='bbox 1445 5780 1537 5834; x_wconf 83' lang='lat' dir='ltr'>Dei</span> <span class='ocrx_word' id='word_1_770' title='bbox 1574 5787 1800 5849; x_wconf 84' lang='lat' dir='ltr'><strong>propter</strong></span> <span class='ocrx_word' id='word_1_771' title='bbox 1845 5779 1955 5841; x_wconf 73' lang='lat' dir='ltr'><strong>illa,</strong></span> <span class='ocrx_word' id='word_1_772' title='bbox 1991 5790 2048 5833; x_wconf 89' lang='lat' dir='ltr'>et</span> 
     </span>
    </p>
   </div>
   <div class='ocr_carea' id='block_1_98' title="bbox 467 5872 2041 5940">
    <p class='ocr_par' dir='ltr' id='par_1_98' title="bbox 467 5872 2041 5940">
     <span class='ocr_line' id='line_1_98' title="bbox 467 5872 2041 5940; baseline -0.002 -12"><span class='ocrx_word' id='word_1_773' title='bbox 467 5875 653 5929; x_wconf 82' lang='lat' dir='ltr'><strong>clades</strong></span> <span class='ocrx_word' id='word_1_774' title='bbox 687 5877 1041 5932; x_wconf 86' lang='lat' dir='ltr'><strong>imminentes</strong></span> <span class='ocrx_word' id='word_1_775' title='bbox 1077 5873 1407 5928; x_wconf 88' lang='lat' dir='ltr'><strong>denuntiat:</strong></span> <span class='ocrx_word' id='word_1_776' title='bbox 1442 5883 1605 5940; x_wconf 88' lang='lat' dir='ltr'><strong>atque</strong></span> <span class='ocrx_word' id='word_1_777' title='bbox 1644 5872 1788 5924; x_wconf 91' lang='lat' dir='ltr'><strong>inter</strong></span> <span class='ocrx_word' id='word_1_778' title='bbox 1822 5879 2041 5937; x_wconf 62' lang='lat' dir='ltr'><strong>caetera,</strong></span> 
     </span>
    </p>
   </div>
   <div class='ocr_carea' id='block_1_99' title="bbox 469 5961 2044 6046">
    <p class='ocr_par' dir='ltr' id='par_1_99' title="bbox 469 5961 2044 6046">
     <span class='ocr_line' id='line_1_99' title="bbox 469 5961 2044 6046; baseline -0.004 -21"><span class='ocrx_word' id='word_1_779' title='bbox 469 5977 699 6025; x_wconf 82' lang='lat' dir='ltr'><strong>mortem</strong></span> <span class='ocrx_word' id='word_1_780' title='bbox 728 5968 825 6031; x_wconf 78' lang='lat' dir='ltr'><strong>filii</strong></span> <span class='ocrx_word' id='word_1_781' title='bbox 865 5983 933 6025; x_wconf 85' lang='lat' dir='ltr'>ex</span> <span class='ocrx_word' id='word_1_782' title='bbox 964 5964 1238 6022; x_wconf 88' lang='lat' dir='ltr'><strong>adulterio</strong></span> <span class='ocrx_word' id='word_1_783' title='bbox 1265 5962 1456 6034; x_wconf 74' lang='lat' dir='ltr'><strong>geniti.</strong></span> <span class='ocrx_word' id='word_1_784' title='bbox 1495 5961 1662 6019; x_wconf 81' lang='lat' dir='ltr'><strong>David</strong></span> <span class='ocrx_word' id='word_1_785' title='bbox 1691 5976 1751 6018; x_wconf 82' lang='lat' dir='ltr'>sc</span> <span class='ocrx_word' id='word_1_786' title='bbox 1786 5975 2044 6046; x_wconf 80' lang='lat' dir='ltr'><strong>peccasse</strong></span> 
     </span>
    </p>
   </div>
   <div class='ocr_carea' id='block_1_100' title="bbox 2147 4665 3741 4743">
    <p class='ocr_par' dir='ltr' id='par_1_100' title="bbox 2147 4665 3741 4743">
     <span class='ocr_line' id='line_1_100' title="bbox 2147 4665 3741 4743; baseline 0.004 -25"><span class='ocrx_word' id='word_1_787' title='bbox 2147 4665 2407 4732; x_wconf 82' lang='grc' dir='ltr'>γυναικὸς</span> <span class='ocrx_word' id='word_1_788' title='bbox 2461 4667 2908 4732; x_wconf 77' lang='grc' dir='ltr'>συνευνάζεσθαι.</span> <span class='ocrx_word' id='word_1_789' title='bbox 2967 4669 3138 4724; x_wconf 86' lang='grc' dir='ltr'>Πάλιν</span> <span class='ocrx_word' id='word_1_790' title='bbox 3189 4671 3247 4724; x_wconf 84' lang='grc' dir='ltr'>δὲ</span> <span class='ocrx_word' id='word_1_791' title='bbox 3302 4671 3397 4725; x_wconf 81' lang='grc' dir='ltr'>τοῦ</span> <span class='ocrx_word' id='word_1_792' title='bbox 3465 4671 3741 4743; x_wconf 81' lang='grc' dir='ltr'>βασιλέως</span> 
     </span>
    </p>
   </div>
   <div class='ocr_carea' id='block_1_101' title="bbox 2149 4761 3741 4833">
    <p class='ocr_par' dir='ltr' id='par_1_101' title="bbox 2149 4761 3741 4833">
     <span class='ocr_line' id='line_1_101' title="bbox 2149 4761 3741 4833; baseline 0.004 -22"><span class='ocrx_word' id='word_1_793' title='bbox 2149 4761 2596 4830; x_wconf 80' lang='grc' dir='ltr'>προτρεπομένου</span> <span class='ocrx_word' id='word_1_794' title='bbox 2664 4762 2827 4815; x_wconf 84' lang='grc' dir='ltr'>αὐτὸν</span> <span class='ocrx_word' id='word_1_795' title='bbox 2862 4763 3046 4817; x_wconf 74' lang='grc' dir='ltr'>οἶκαδε</span> <span class='ocrx_word' id='word_1_796' title='bbox 3097 4763 3375 4831; x_wconf 81' lang='grc' dir='ltr'>ἀπελθεῖν,</span> <span class='ocrx_word' id='word_1_797' title='bbox 3417 4765 3513 4819; x_wconf 81' lang='grc' dir='ltr'>καὶ</span> <span class='ocrx_word' id='word_1_798' title='bbox 3555 4766 3741 4833; x_wconf 75' lang='grc' dir='ltr'>δεξιωο</span> 
     </span>
    </p>
   </div>
   <div class='ocr_carea' id='block_1_102' title="bbox 2150 4851 3741 4929">
    <p class='ocr_par' dir='ltr' id='par_1_102' title="bbox 2150 4851 3741 4929">
     <span class='ocr_line' id='line_1_102' title="bbox 2150 4851 3741 4929; baseline 0.006 -26"><span class='ocrx_word' id='word_1_799' title='bbox 2150 4851 2388 4921; x_wconf 78' lang='grc' dir='ltr'>σαμένου</span> <span class='ocrx_word' id='word_1_800' title='bbox 2416 4852 2582 4906; x_wconf 78' lang='grc' dir='ltr'>αὐτὸν</span> <span class='ocrx_word' id='word_1_801' title='bbox 2610 4853 2965 4924; x_wconf 77' lang='grc' dir='ltr'>προπόσεσιν,</span> <span class='ocrx_word' id='word_1_802' title='bbox 3005 4857 3080 4919; x_wconf 85' lang='grc' dir='ltr'>ὡς</span> <span class='ocrx_word' id='word_1_803' title='bbox 3117 4858 3210 4910; x_wconf 76' lang='grc' dir='ltr'>καὶ</span> <span class='ocrx_word' id='word_1_804' title='bbox 3237 4859 3318 4920; x_wconf 84' lang='grc' dir='ltr'>είς</span> <span class='ocrx_word' id='word_1_805' title='bbox 3349 4858 3521 4928; x_wconf 82' lang='grc' dir='ltr'>μέθην</span> <span class='ocrx_word' id='word_1_806' title='bbox 3551 4860 3741 4929; x_wconf 72' lang='grc' dir='ltr'>σχεδδν</span> 
     </span>
    </p>
   </div>
   <div class='ocr_carea' id='block_1_103' title="bbox 2149 4943 3741 5019">
    <p class='ocr_par' dir='ltr' id='par_1_103' title="bbox 2149 4943 3741 5019">
     <span class='ocr_line' id='line_1_103' title="bbox 2149 4943 3741 5019; baseline 0.005 -25"><span class='ocrx_word' id='word_1_807' title='bbox 2149 4943 2520 5014; x_wconf 83' lang='grc' dir='ltr'>προαχθῆναι,</span> <span class='ocrx_word' id='word_1_808' title='bbox 2557 4944 2768 5009; x_wconf 81' lang='grc' dir='ltr'>ἐκεῖνος</span> <span class='ocrx_word' id='word_1_809' title='bbox 2803 4945 2909 5016; x_wconf 83' lang='grc' dir='ltr'>πρὸ</span> <span class='ocrx_word' id='word_1_810' title='bbox 2935 4946 3043 5000; x_wconf 89' lang='grc' dir='ltr'>τῶν</span> <span class='ocrx_word' id='word_1_811' title='bbox 3081 4947 3262 5018; x_wconf 88' lang='grc' dir='ltr'>θυρῶν</span> <span class='ocrx_word' id='word_1_812' title='bbox 3291 4949 3403 5001; x_wconf 87' lang='grc' dir='ltr'>τῶν</span> <span class='ocrx_word' id='word_1_813' title='bbox 3444 4948 3741 5019; x_wconf 87' lang='grc' dir='ltr'>βασιλείων</span> 
     </span>
    </p>
   </div>
   <div class='ocr_carea' id='block_1_104' title="bbox 2148 5032 3740 5112">
    <p class='ocr_par' dir='ltr' id='par_1_104' title="bbox 2148 5032 3740 5112">
     <span class='ocr_line' id='line_1_104' title="bbox 2148 5032 3740 5112; baseline 0.006 -27"><span class='ocrx_word' id='word_1_814' title='bbox 2148 5032 2506 5103; x_wconf 76' lang='grc' dir='ltr'>κατέδαρθεν.</span> <span class='ocrx_word' id='word_1_815' title='bbox 2537 5034 2889 5090; x_wconf 77' lang='grc' dir='ltr'>Ἀπέστειλεν</span> <span class='ocrx_word' id='word_1_816' title='bbox 2945 5037 3040 5091; x_wconf 78' lang='grc' dir='ltr'>οὖν</span> <span class='ocrx_word' id='word_1_817' title='bbox 3067 5039 3231 5092; x_wconf 84' lang='grc' dir='ltr'>πάλιν</span> <span class='ocrx_word' id='word_1_818' title='bbox 3284 5043 3365 5102; x_wconf 87' lang='grc' dir='ltr'>είς</span> <span class='ocrx_word' id='word_1_819' title='bbox 3409 5041 3472 5094; x_wconf 74' lang='grc' dir='ltr'>τὸ</span> <span class='ocrx_word' id='word_1_820' title='bbox 3505 5043 3740 5112; x_wconf 87' lang='grc' dir='ltr'>στρατό-</span> 
     </span>
    </p>
   </div>
   <div class='ocr_carea' id='block_1_105' title="bbox 2148 5125 3741 5205">
    <p class='ocr_par' dir='ltr' id='par_1_105' title="bbox 2148 5125 3741 5205">
     <span class='ocr_line' id='line_1_105' title="bbox 2148 5125 3741 5205; baseline 0.006 -28"><span class='ocrx_word' id='word_1_821' title='bbox 2148 5125 2308 5180; x_wconf 82' lang='grc' dir='ltr'>πεδον</span> <span class='ocrx_word' id='word_1_822' title='bbox 2359 5129 2451 5179; x_wconf 79' lang='grc' dir='ltr'>τὸν</span> <span class='ocrx_word' id='word_1_823' title='bbox 2499 5125 2704 5197; x_wconf 83' lang='grc' dir='ltr'>Οὐρίαν</span> <span class='ocrx_word' id='word_1_824' title='bbox 2755 5132 2783 5182; x_wconf 92' lang='lat'>6</span> <span class='ocrx_word' id='word_1_825' title='bbox 2840 5129 3118 5200; x_wconf 82' lang='grc' dir='ltr'>βασιλεὺς,</span> <span class='ocrx_word' id='word_1_826' title='bbox 3177 5132 3272 5185; x_wconf 79' lang='grc' dir='ltr'>καὶ</span> <span class='ocrx_word' id='word_1_827' title='bbox 3332 5134 3553 5205; x_wconf 77' lang='grc' dir='ltr'>γραφὴν</span> <span class='ocrx_word' id='word_1_828' title='bbox 3587 5133 3741 5204; x_wconf 83' lang='grc' dir='ltr'>αὐτῷ</span> 
     </span>
    </p>
   </div>
   <div class='ocr_carea' id='block_1_106' title="bbox 2147 5218 3738 5295">
    <p class='ocr_par' dir='ltr' id='par_1_106' title="bbox 2147 5218 3738 5295">
     <span class='ocr_line' id='line_1_106' title="bbox 2147 5218 3738 5295; baseline 0.007 -26"><span class='ocrx_word' id='word_1_829' title='bbox 2147 5218 2442 5290; x_wconf 69' lang='grc' dir='ltr'>ἐγχειρίζει</span> <span class='ocrx_word' id='word_1_830' title='bbox 2468 5221 2605 5291; x_wconf 83' lang='grc' dir='ltr'>πρὸς</span> <span class='ocrx_word' id='word_1_831' title='bbox 2628 5221 2812 5288; x_wconf 80' lang='grc' dir='ltr'>Ίωάδ,</span> <span class='ocrx_word' id='word_1_832' title='bbox 2853 5221 3460 5295; x_wconf 79' lang='grc' dir='ltr'>ἐντελλομένηνστῆσαι</span> <span class='ocrx_word' id='word_1_833' title='bbox 3499 5226 3590 5279; x_wconf 74' lang='grc' dir='ltr'>τὸν</span> <span class='ocrx_word' id='word_1_834' title='bbox 3631 5228 3738 5280; x_wconf 88' lang='grc' dir='ltr'>Οὐ·-</span> 
     </span>
    </p>
   </div>
   <div class='ocr_carea' id='block_1_107' title="bbox 2151 5311 3741 5386">
    <p class='ocr_par' dir='ltr' id='par_1_107' title="bbox 2151 5311 3741 5386">
     <span class='ocr_line' id='line_1_107' title="bbox 2151 5311 3741 5386; baseline 0.005 -24"><span class='ocrx_word' id='word_1_835' title='bbox 2151 5311 2295 5382; x_wconf 75' lang='grc' dir='ltr'>ρίαν,</span> <span class='ocrx_word' id='word_1_836' title='bbox 2325 5313 2455 5368; x_wconf 79' lang='grc' dir='ltr'>ἔνθα</span> <span class='ocrx_word' id='word_1_837' title='bbox 2487 5315 2593 5368; x_wconf 88' lang='grc' dir='ltr'>τῶν</span> <span class='ocrx_word' id='word_1_838' title='bbox 2625 5315 2901 5386; x_wconf 86' lang='grc' dir='ltr'>πολεμίων</span> <span class='ocrx_word' id='word_1_839' title='bbox 2927 5315 2988 5368; x_wconf 78' lang='grc' dir='ltr'>τὸ</span> <span class='ocrx_word' id='word_1_840' title='bbox 3011 5315 3462 5386; x_wconf 85' lang='grc' dir='ltr'>δυσμαχώτατον,</span> <span class='ocrx_word' id='word_1_841' title='bbox 3491 5321 3587 5370; x_wconf 77' lang='grc' dir='ltr'>καὶ</span> <span class='ocrx_word' id='word_1_842' title='bbox 3609 5319 3741 5372; x_wconf 86' lang='grc' dir='ltr'>ἀπο-</span> 
     </span>
    </p>
   </div>
   <div class='ocr_carea' id='block_1_108' title="bbox 2150 5406 3736 5479">
    <p class='ocr_par' dir='ltr' id='par_1_108' title="bbox 2150 5406 3736 5479">
     <span class='ocr_line' id='line_1_108' title="bbox 2150 5406 3736 5479; baseline 0.005 -23"><span class='ocrx_word' id='word_1_843' title='bbox 2150 5406 2458 5476; x_wconf 84' lang='grc' dir='ltr'>στραφῆναι</span> <span class='ocrx_word' id='word_1_844' title='bbox 2487 5409 2612 5471; x_wconf 85' lang='grc' dir='ltr'>τούς</span> <span class='ocrx_word' id='word_1_845' title='bbox 2643 5410 2740 5462; x_wconf 83' lang='grc' dir='ltr'>σὺν</span> <span class='ocrx_word' id='word_1_846' title='bbox 2771 5409 2941 5478; x_wconf 85' lang='grc' dir='ltr'>αὐτῷ,</span> <span class='ocrx_word' id='word_1_847' title='bbox 2985 5409 3149 5479; x_wconf 81' lang='grc' dir='ltr'>μόνον</span> <span class='ocrx_word' id='word_1_848' title='bbox 3194 5410 3456 5472; x_wconf 68' lang='grc' dir='ltr'>λιπὸντας</span> <span class='ocrx_word' id='word_1_849' title='bbox 3497 5412 3637 5474; x_wconf 77' lang='grc' dir='ltr'>ἐκεῖ,</span> <span class='ocrx_word' id='word_1_850' title='bbox 3666 5411 3736 5464; x_wconf 79' lang='grc' dir='ltr'>ἶν’</span> 
     </span>
    </p>
   </div>
   <div class='ocr_carea' id='block_1_109' title="bbox 2148 5499 3738 5574">
    <p class='ocr_par' dir='ltr' id='par_1_109' title="bbox 2148 5499 3738 5574">
     <span class='ocr_line' id='line_1_109' title="bbox 2148 5499 3738 5574; baseline 0.007 -26"><span class='ocrx_word' id='word_1_851' title='bbox 2148 5499 2321 5560; x_wconf 73' lang='grc' dir='ltr'>οὕτως</span> <span class='ocrx_word' id='word_1_852' title='bbox 2350 5501 2632 5571; x_wconf 77' lang='grc' dir='ltr'>ἀναιρεθῇ.</span> <span class='ocrx_word' id='word_1_853' title='bbox 2686 5503 2792 5556; x_wconf 77' lang='grc' dir='ltr'>Καὶ</span> <span class='ocrx_word' id='word_1_854' title='bbox 2829 5503 3021 5571; x_wconf 81' lang='grc' dir='ltr'>γέγονε</span> <span class='ocrx_word' id='word_1_855' title='bbox 3054 5504 3198 5557; x_wconf 82' lang='grc' dir='ltr'>κατά</span> <span class='ocrx_word' id='word_1_856' title='bbox 3246 5504 3306 5556; x_wconf 81' lang='grc' dir='ltr'>τὸ</span> <span class='ocrx_word' id='word_1_857' title='bbox 3333 5503 3429 5557; x_wconf 78' lang='grc' dir='ltr'>τοῦ</span> <span class='ocrx_word' id='word_1_858' title='bbox 3467 5505 3738 5574; x_wconf 75' lang='grc' dir='ltr'>βασιλέως</span> 
     </span>
    </p>
   </div>
   <div class='ocr_carea' id='block_1_110' title="bbox 2150 5592 3736 5668">
    <p class='ocr_par' dir='ltr' id='par_1_110' title="bbox 2150 5592 3736 5668">
     <span class='ocr_line' id='line_1_110' title="bbox 2150 5592 3736 5668; baseline 0.004 -25"><span class='ocrx_word' id='word_1_859' title='bbox 2150 5592 2432 5661; x_wconf 76' lang='grc' dir='ltr'>ἐπίταγμα</span> <span class='ocrx_word' id='word_1_860' title='bbox 2459 5611 2474 5625; x_wconf 77' lang='grc'><em>”</em></span> <span class='ocrx_word' id='word_1_861' title='bbox 2506 5596 2600 5648; x_wconf 77' lang='grc' dir='ltr'>καὶ</span> <span class='ocrx_word' id='word_1_862' title='bbox 2627 5597 2654 5649; x_wconf 88' lang='grc' dir='ltr'>ὁ</span> <span class='ocrx_word' id='word_1_863' title='bbox 2693 5595 2898 5666; x_wconf 81' lang='grc' dir='ltr'>Οὐρίας</span> <span class='ocrx_word' id='word_1_864' title='bbox 2930 5597 3222 5650; x_wconf 76' lang='grc' dir='ltr'>ἀπέθανεν.</span> <span class='ocrx_word' id='word_1_865' title='bbox 3270 5597 3333 5650; x_wconf 84' lang='grc' dir='ltr'><strong>Ἠ</strong></span> <span class='ocrx_word' id='word_1_866' title='bbox 3357 5597 3414 5650; x_wconf 80' lang='grc' dir='ltr'>δὲ</span> <span class='ocrx_word' id='word_1_867' title='bbox 3455 5598 3596 5668; x_wconf 83' lang='grc' dir='ltr'>γυνὴ</span> <span class='ocrx_word' id='word_1_868' title='bbox 3636 5598 3736 5650; x_wconf 82' lang='grc' dir='ltr'>αὐ-</span> 
     </span>
    </p>
   </div>
   <div class='ocr_carea' id='block_1_111' title="bbox 2147 5682 3730 5760">
    <p class='ocr_par' dir='ltr' id='par_1_111' title="bbox 2147 5682 3730 5760">
     <span class='ocr_line' id='line_1_111' title="bbox 2147 5682 3730 5760; baseline 0.004 -24"><span class='ocrx_word' id='word_1_869' title='bbox 2147 5682 2243 5738; x_wconf 76' lang='grc' dir='ltr'>τοῦ</span> <span class='ocrx_word' id='word_1_870' title='bbox 2298 5685 2602 5756; x_wconf 80' lang='grc' dir='ltr'>ἐπένθησεν</span> <span class='ocrx_word' id='word_1_871' title='bbox 2655 5689 2748 5742; x_wconf 75' lang='grc' dir='ltr'>ὲπὶ</span> <span class='ocrx_word' id='word_1_872' title='bbox 2776 5687 2853 5757; x_wconf 84' lang='grc' dir='ltr'>τῷ</span> <span class='ocrx_word' id='word_1_873' title='bbox 2907 5688 3084 5760; x_wconf 85' lang='grc' dir='ltr'>ἀνδρί.</span> <span class='ocrx_word' id='word_1_874' title='bbox 3138 5689 3508 5758; x_wconf 80' lang='grc' dir='ltr'>Παυσαμένην</span> <span class='ocrx_word' id='word_1_875' title='bbox 3553 5690 3609 5743; x_wconf 83' lang='grc' dir='ltr'>δὲ</span> <span class='ocrx_word' id='word_1_876' title='bbox 3639 5691 3730 5743; x_wconf 66' lang='grc' dir='ltr'>τοῦ</span> 
     </span>
    </p>
   </div>
   <div class='ocr_carea' id='block_1_112' title="bbox 2146 5773 3732 5850">
    <p class='ocr_par' dir='ltr' id='par_1_112' title="bbox 2146 5773 3732 5850">
     <span class='ocr_line' id='line_1_112' title="bbox 2146 5773 3732 5850; baseline 0.004 -24"><span class='ocrx_word' id='word_1_877' title='bbox 2146 5773 2401 5841; x_wconf 77' lang='grc' dir='ltr'>πένθους,</span> <span class='ocrx_word' id='word_1_878' title='bbox 2449 5779 2478 5828; x_wconf 87' lang='grc' dir='ltr'>ὁ</span> <span class='ocrx_word' id='word_1_879' title='bbox 2522 5779 2687 5830; x_wconf 78' lang='grc' dir='ltr'>Δαδὶδ</span> <span class='ocrx_word' id='word_1_880' title='bbox 2745 5779 2939 5832; x_wconf 73' lang='grc' dir='ltr'>ἔὶαδεν</span> <span class='ocrx_word' id='word_1_881' title='bbox 2973 5781 3144 5850; x_wconf 82' lang='grc' dir='ltr'>αὐτὴν</span> <span class='ocrx_word' id='word_1_882' title='bbox 3189 5783 3271 5844; x_wconf 86' lang='grc' dir='ltr'>είς</span> <span class='ocrx_word' id='word_1_883' title='bbox 3323 5783 3602 5849; x_wconf 85' lang='grc' dir='ltr'>γυναῖκα·</span> <span class='ocrx_word' id='word_1_884' title='bbox 3639 5799 3732 5836; x_wconf 83' lang='grc' dir='ltr'>κα.</span> 
     </span>
    </p>
   </div>
   <div class='ocr_carea' id='block_1_113' title="bbox 2149 5865 3729 5944">
    <p class='ocr_par' dir='ltr' id='par_1_113' title="bbox 2149 5865 3729 5944">
     <span class='ocr_line' id='line_1_113' title="bbox 2149 5865 3729 5944; baseline 0.006 -27"><span class='ocrx_word' id='word_1_885' title='bbox 2149 5865 2336 5920; x_wconf 67' lang='grc' dir='ltr'>ἔτεκεν</span> <span class='ocrx_word' id='word_1_886' title='bbox 2370 5869 2518 5940; x_wconf 83' lang='grc' dir='ltr'>αὐτῷ</span> <span class='ocrx_word' id='word_1_887' title='bbox 2558 5871 2691 5925; x_wconf 84' lang='grc' dir='ltr'>υίὸν.</span> <span class='ocrx_word' id='word_1_888' title='bbox 2745 5873 2803 5925; x_wconf 85' lang='grc' dir='ltr'>Ὀ</span> <span class='ocrx_word' id='word_1_889' title='bbox 2824 5873 2879 5926; x_wconf 75' lang='grc' dir='ltr'>δὲ</span> <span class='ocrx_word' id='word_1_890' title='bbox 2903 5873 3034 5936; x_wconf 87' lang='grc' dir='ltr'>Θεὸς</span> <span class='ocrx_word' id='word_1_891' title='bbox 3058 5873 3329 5944; x_wconf 78' lang='grc' dir='ltr'>ὠργίσθη,</span> <span class='ocrx_word' id='word_1_892' title='bbox 3357 5873 3453 5927; x_wconf 78' lang='grc' dir='ltr'>καὶ</span> <span class='ocrx_word' id='word_1_893' title='bbox 3485 5874 3578 5927; x_wconf 72' lang='grc' dir='ltr'>τὸν</span> <span class='ocrx_word' id='word_1_894' title='bbox 3617 5875 3729 5927; x_wconf 68' lang='lat' dir='ltr'>Na-</span> 
     </span>
    </p>
   </div>
   <div class='ocr_carea' id='block_1_114' title="bbox 2153 5956 3731 6041">
    <p class='ocr_par' dir='ltr' id='par_1_114' title="bbox 2153 5956 3731 6041">
     <span class='ocr_line' id='line_1_114' title="bbox 2153 5956 3731 6041; baseline 0.002 -29"><span class='ocrx_word' id='word_1_895' title='bbox 2153 5956 2253 6016; x_wconf 80' lang='lat' dir='ltr'><strong>Oav</strong></span> <span class='ocrx_word' id='word_1_896' title='bbox 2307 5957 2515 6016; x_wconf 73' lang='grc' dir='ltr'>ἔστειλε</span> <span class='ocrx_word' id='word_1_897' title='bbox 2547 5962 2684 6036; x_wconf 71' lang='grc' dir='ltr'>πρὸς</span> <span class='ocrx_word' id='word_1_898' title='bbox 2737 5965 3023 6041; x_wconf 40' lang='grc' dir='ltr'>Δαδίδμο</span> <span class='ocrx_word' id='word_1_899' title='bbox 3059 5965 3138 6032; x_wconf 79' lang='grc' dir='ltr'>δὲ,</span> <span class='ocrx_word' id='word_1_900' title='bbox 3186 5965 3322 6034; x_wconf 79' lang='grc' dir='ltr'>πρὸς</span> <span class='ocrx_word' id='word_1_901' title='bbox 3359 5965 3452 6020; x_wconf 71' lang='grc' dir='ltr'>τὸν</span> <span class='ocrx_word' id='word_1_902' title='bbox 3508 5963 3731 6021; x_wconf 78' lang='grc' dir='ltr'>Βασιλέα</span> 
     </span>
    </p>
   </div>
  </div>
