3964 6252
302 355 405 416 15')

1605 364 2015 428 ANNALIUM
2060 370 2211 434 LIB.
2255 371 2344 433 II.

3477 371 3581 438 ιιι

292 466 489 532 ἐλθὼν,
512 463 622 539 ἔφη
643 483 660 500 ⁸
689 465 806 523 Δύο
819 461 984 540 ἦσαν
1005 466 1244 540 ἄνδρες,
1268 469 1302 524 ὁ
1462 471 1623 543 ἔχων
1642 474 1879 544 ποίμνια

1994 478 2108 534 Deo
2135 495 2265 536 eum
2290 481 2483 537 dolore
2515 483 2809 538 exclamat.
2837 481 3050 540 Nathan
3077 499 3228 550 vero,
3252 485 3427 540 Deum
3457 487 3582 558 ejus

288 563 390 617 καί
412 561 742 630 βουκόλια,
779 564 812 616 ὀ
849 561 919 616 δὲ
940 564 1091 632 μίαν
1114 562 1355 634 ἀμνάδα
1377 565 1690 632 ἐκέκτητο.
1719 568 1886 621 Ξενι-

285 657 547 722 σθέντος
576 654 644 710 δέ
667 672 831 722 τινος
860 655 943 720 τῷ
970 657 1266 722 πλουσίῳ,
1284 659 1395 714 οὐκ
1418 658 1487 712 ἐκ
1512 657 1633 712 τῶν
1656 659 1888 714 οἰκείων

246 761 254 766 ·
285 749 538 812 ἔθυσεν,
573 747 737 803 ἀλλὰ
769 747 886 815 τὴν
901 749 1043 816 μίαν
1073 748 1276 802 λαϐὼν
1295 749 1535 818 ἀμνάδα
1561 749 1670 804 τοῦ
1699 763 1886 818 arem-

287 855 416 904 τος,
446 838 704 908 ἔσφαξε.
750 839 847 892 καί
877 839 982 894 τὸν
1009 840 1193 908 φίλον
1223 843 1559 896 εἱστίασεν.
1597 844 1707 897 Καὶ
1725 845 1754 897 6
1782 846 1888 896 Δα-

287 929 382 983 διδ
409 931 502 984 τὸν
531 931 691 984 τοῦτο
721 934 1027 1002 ποιήσαντα
1053 932 1156 1003 τὴν
1186 933 1288 1002 μὲν
1334 933 1548 1003 ἀμνάδα
1576 937 1656 996 εἰς
1689 951 1887 1004 τετρα-

288 1023 466 1079 πλοῦν
497 1024 817 1090 ἀποδοῦναι,
846 1027 1055 1079 ἐκεῖνον
1082 1024 1137 1078 δὲ
1173 1025 1354 1079 θανεῖν
1387 1027 1737 1083 κατεδίκασε.
1772 1028 1887 1083 Νά-

291 1116 400 1171 θαν
419 1117 498 1182 δὲ,
520 1117 662 1172 Καθ’
684 1117 902 1172 ἑαυτοῦ
928 1124 1044 1186 τὴν
1063 1118 1297 1188 ψῆφον,
1314 1115 1495 1187 εἶπεν,
1525 1122 1884 1192 ἐξήνεγκας,

283 1205 337 1264 ὦ
369 1211 647 1269 βασιλεῦ.
711 1211 795 1266 Σὺ
836 1212 944 1282 γὰρ
977 1207 1033 1265 εί
1067 1213 1100 1265 ό
1162 1211 1558 1282 εἰργασμένος
1595 1214 1762 1269 τουτὶ
1816 1215 1883 1270 τὸ

1989 581 2278 643 peccatum
2320 575 2389 629 ab
2440 575 2534 630 illo
2569 576 2868 632 removisse
2910 576 3226 646 respondet.
3282 577 3411 633 Post
3463 578 3580 634 haec

1988 674 2153 722 natus
2171 683 2236 722 ex
2259 667 2497 724 Bersabe
2521 669 2666 724 filius
2687 678 2949 738 aegrotat:
2975 669 3144 724 David
3171 686 3366 742 magno
3388 670 3580 726 dolore

1988 759 2242 822 aﬁectus,
2268 759 2335 814 ad
2366 761 2662 830 septimum
2693 764 2838 817 diem
2867 763 2994 818 cibo
3025 763 3287 828 abstinet,
3318 765 3577 836 pullaqne

1989 863 2143 909 veste
2185 853 2435 919 indutus,
2467 863 2522 909 et
2569 855 2622 909 in
2669 871 2834 912 sacco
2880 857 3092 927 jacens,
3133 858 3300 912 Deum
3333 873 3434 928 pro
3464 858 3574 913 vita

1988 946 2144 1015 pueri
2177 947 2528 1016 deprecatur.
2561 945 2812 1017 Septimo
2853 949 2942 1002 die
2977 964 3113 1019 puer
3144 949 3384 1004 moritur
3415 969 3427 1004 :
3465 965 3577 1020 quo

1989 1039 2081 1094 ille
2121 1038 2344 1110 cognito
2378 1039 2572 1111 surgit,
2598 1040 2766 1106 lavat,
2795 1051 2945 1096 veste
2987 1051 3194 1097 mutata
3219 1043 3424 1112 gratias
3461 1043 3572 1098 Deo

1988 1132 2119 1204 agit.
2153 1142 2210 1189 et
2244 1147 2489 1188 mensam
2526 1133 2708 1202 parari
2752 1134 2858 1189 sibi
2882 1133 3062 1202 jubet.
3096 1133 3228 1202 Quae
3263 1135 3430 1202 regiis
3473 1135 3578 1189 mi-

1989 1225 2181 1280 nistris
2205 1225 2627 1291 admirantibus,
2655 1225 2827 1282 David
2858 1247 2869 1280 :
2921 1225 3154 1292 Vivente,
3181 1227 3380 1297 inquit,
3413 1243 3575 1298 puero

284 1306 598 1375 ἀγόμημα.
632 1308 744 1361 Kal
770 1307 872 1376 τὴν
914 1306 1165 1378 μοιχείαν
1220 1307 1390 1378 αὐτῷ,
1435 1310 1529 1362 καὶ
1579 1310 1670 1363 τὸν
1725 1309 1879 1379 φόνον

1985 1335 2131 1389 spem
2179 1319 2435 1373 habebam
2484 1320 2742 1373 exorandi
2801 1319 2915 1386 Dei,
2973 1335 3157 1390 meque
3210 1317 3464 1374 humilem
3514 1335 3578 1372 ac

285 1402 581 1469 κατέλεγε,
635 1400 733 1456 καὶ
759 1402 860 1471 τὴν
901 1400 990 1455 διὰ
1028 1401 1204 1455 ταῦτα
1256 1401 1428 1474 ὀργὴν
1455 1402 1552 1456 τοῦ
1595 1403 1754 1468 Θεοῦ,
1789 1403 1879 1458 καὶ

1984 1411 2274 1483 supplicem
2319 1415 2642 1481 prwbebam.
2686 1409 2846 1466 Nunc
2876 1411 2970 1465 illo
3004 1420 3232 1476 mortuo,
3261 1421 3308 1464 et
3353 1427 3570 1474 mmor,

285 1493 397 1546 ὅσα
433 1494 682 1547 πείσεται
734 1494 1193 1564 προκατήγγειλε,
1244 1495 1530 1550 θανείσθαι
1561 1495 1619 1550 δὲ
1671 1497 1765 1551 καὶ
1794 1496 1879 1550 τὸν

1989 1513 2040 1558 et
2070 1520 2250 1575 preces
2284 1521 2381 1574 pro
2425 1503 2519 1558 illa
2553 1505 2750 1575 fuerint
2792 1505 2972 1562 irrita.
3005 1503 3111 1558 Sed
3141 1502 3373 1558 Bersabe
3408 1503 3576 1557 alium

288 1586 414 1641 υἱὸν
438 1586 533 1641 τὸν
555 1586 621 1640 ἐκ
645 1587 744 1657 τῆς
780 1588 1029 1658 μοιχείας
1057 1587 1208 1657 αὖτῷ
1233 1588 1584 1660 γεννηθέντα.
1619 1589 1679 1644 Ὃ
1697 1588 1753 1643 δὲ
1783 1593 1879 1644 Δα-

1985 1595 2187 1651 Davidi
2223 1596 2331 1667 75
2379 1596 2553 1652 lilium
2604 1599 2772 1668 parit,
2803 1612 2968 1666 quem
3007 1595 3357 1651 Salamonem
3391 1594 3575 1649 nami-

285 1677 402 1744 διδ,
446 1679 778 1751 Ἦμάρτηκα
824 1681 903 1752 τῷ
958 1680 1167 1752 Κυρίῳ,
1221 1682 1548 1752 περιπαθῶς
1595 1683 1879 1753 ἀνεϐόησε.

1988 1688 2162 1743 navit.
2191 1689 2408 1744 Interea
2432 1689 2640 1745 Joabus
2663 1689 3010 1744 Ammanitas
3042 1687 3098 1743 in
3121 1700 3399 1743 extremas
3430 1687 3580 1742 obsi-

285 1769 408 1825 Καὶ
433 1773 465 1825 6
491 1770 702 1837 Νάθαν,
739 1772 1221 1843 ωραϐιδασθῆναι
1263 1775 1416 1846 αὐτῷ
1447 1775 1598 1846 παρὰ
1626 1775 1722 1830 τοῦ
1749 1776 1879 1831 Θεοῦ

1990 1777 2172 1833 dionis
2194 1778 2474 1849 angustias
2494 1793 2617 1834 esse
2643 1779 2917 1842 redactos,
2987 1779 3100 1849 regi
3141 1778 3438 1848 signiﬁcat.
3473 1777 3580 1845 Qui

281 1863 354 1918 τὺ
387 1863 724 1936 ἁμάρτημα,
764 1863 1123 1936 ἀπεκρίνατο.
1158 1865 1369 1920 Ἐνόσει
1423 1869 1725 1939 μετέπειτα
1760 1871 1788 1922 6
1822 1871 1879 1924 ὲκ

1989 1886 2057 1926 eo
2092 1872 2396 1942 profectus,
2437 1873 2629 1926 urbem
2665 1872 2836 1942 capit,
2887 1881 2943 1927 et
2997 1871 3268 1927 militibus
3302 1871 3576 1942 diripien-

281 1955 392 2024 τῆς
443 1955 728 2026 Βηρσασεὲ
759 1957 1066 2026 γεννηθεὶς,
1101 1959 1200 2010 καὶ
1256 1959 1412 2030 ήλγει
1445 1959 1653 2031 σφόδρα
1684 1959 1879 2015 Δαϐίδ·

1987 1963 2116 2019 dam
2161 1963 2376 2019 donat:
2432 1963 2528 2019 sed
2579 1979 2844 2019 coronam
2891 1964 3034 2034 regis
3086 1979 3338 2028 auream,
3385 1967 3580 2020 talenti

280 2046 614 2118 ἐφ’ήμέραν
635 2063 694 2101 τε
724 2048 962 2121 έῦδόμην
1005 2049 1266 2113 ἀπόσιτος
1303 2046 1393 2120 ἦν,
1427 2052 1518 2104 καὶ
1553 2051 1879 2121 μελανειμο-

1985 2055 2259 2127 pondere,
2297 2071 2514 2128 gemma
2551 2057 2795 2129 pretiosa
2838 2058 3148 2127 praeditam,
3187 2057 3304 2128 ipse
3349 2065 3574 2127 gestan-

281 2143 480 2210 νήσας,
503 2142 601 2194 καὶ
632 2142 726 2195 επὶ
757 2143 966 2196 σάκκου
1004 2140 1211 2207 πεσὼν,
1240 2144 1426 2198 ἐδέετο
1460 2144 1558 2198 τοῦ
1577 2145 1716 2199 Θεοῦ
1742 2147 1879 2217 ὑπὲρ

1982 2149 2111 2204 dam
2147 2150 2252 2205 sibi
2289 2150 2478 2217 sumit,
2531 2150 2798 2206 urbanam
2849 2150 3258 2205 multitudinem
3311 2149 3572 2215 trucidat,

277 2231 386 2302 τῆς
427 2231 582 2303 ζωῆς
620 2233 715 2288 τοῦ
740 2235 951 2300 παιδός.
985 2237 1064 2307 Τῇ
1093 2236 1151 2290 δὲ
1195 2237 1400 2310 ἐϐδόμῃ
1426 2237 1692 2310 τέθνηκεν
1717 2241 1744 2293 6
1779 2240 1879 2310 μὲν

1985 2241 2225 2312 aliisque
2259 2241 2481 2312 oppidis
2532 2241 2728 2297 eodem
2781 2244 2947 2296 modo
2997 2241 3266 2306 tractatis,
3315 2241 3580 2297 Hieroso-

281 2327 450 2390 πατςο
481 2326 646 2390 αὐτὸς
679 2326 761 2394 δὲ,
798 2328 958 2382 τοῦτο
984 2329 1195 2398 μαθὼν,
1235 2331 1610 2399 ἐξανίσταται,
1642 2333 1739 2387 καὶ
1759 2333 1879 2388 λου-

1988 2338 2136 2409 lyma
2169 2335 2506 2407 regreditur.

283 2420 548 2490 σάμενος,
578 2421 672 2475 καὶ
701 2422 1248 2493 μεταμφιασάμενος,
1288 2423 1366 2494 τῷ
1383 2423 1504 2495 8εῷ
1533 2427 1932 2502 ηὐχαρίστησε,
1993 2432 2090 2485 καὶ
2147 2429 2431 2500 τράπεζαν
2465 2428 2617 2500 αὐτῷ
2675 2429 3068 2502 ἑτοιμασθῆναι
3097 2431 3403 2485 ἐκέλευσεν.
3439 2501 3441 2504 γ
3489 2429 3579 2495 Ὦς

281 2516 327 2570 δ’
355 2517 669 2588 ἐθαύμαζον
719 2519 815 2573 ἐπὶ
855 2522 967 2580 τοῖς
1005 2522 1325 2590 γενομένοις
1369 2522 1420 2576 oi
1464 2521 1561 2576 τοῦ
1603 2522 1874 2594 βασιλέως
1913 2525 2269 2595 θεράποντες,
2342 2527 2551 2590 ἐκεῖνος
2588 2525 2707 2596 μὲν,
2743 2525 2875 2579 Ἔτι
2904 2523 3122 2591 ζῶντος
3189 2523 3298 2580 τοῦ
3341 2523 3579 2590 παιδὸς.

281 2610 745 2680 εἶπεν,ὲλπίζων
792 2617 1377 2687 παρακληθήσεσθαι
1404 2619 1514 2675 τὸν
1569 2623 1743 2686 Θεὸν,
1769 2622 2130 2679 ἐταπείνουν
2203 2623 2460 2711 ἑαυτὸν·⁸
2485 2622 2582 2678 καί
2617 2621 2908 2677 ικέτευον.
2980 2621 3133 2689 Ἤδη
3165 2621 3234 2674 δὲ
3260 2622 3574 2686 θανόντος,

280 2715 368 2779 είς
384 2710 590 2780 μάτην
633 2710 751 2779 τὴν
796 2711 1006 2778 λύπην
1049 2713 1148 2766 καὶ
1175 2713 1292 2781 τὴν
1315 2712 1452 2782 περὶ
1508 2714 1750 2773 ἐκείνου
1811 2718 2086 2788 γίνεσθαι
2159 2718 2398 2787 δέησιν.
2443 2710 2567 2770 Ἔτι
2618 2714 2676 2770 δὲ
2735 2715 2890 2770 ἔτεκε
2944 2713 3230 2785 Βηρσαϐεέ
3269 2713 3346 2786 τῷ
3412 2715 3577 2768 Δαϐὶδ

281 2809 420 2870 υίδν.
448 2807 545 2861 καὶ
577 2806 842 2861 ἐκάλεσεν
869 2808 1032 2861 αὐτὸν
1078 2807 1426 2878 Σολομῶντα.
1491 2811 1650 2866 Ἰωὰό
1684 2815 1765 2880 δὲ,
1809 2815 2117 2889 πολιορκῶν
2147 2816 2276 2880 τοὺς
2336 2813 2704 2886 Ἀμμανίτας,
2751 2813 2813 2864 ἑν
2849 2809 3021 2882 στενῷ
3049 2809 3248 2880 κομιδῇ
3275 2808 3376 2881 τὴν
3428 2809 3575 2863 ἄλω-

283 2924 416 2962 ωσιν
444 2901 561 2979 εἶχε
586 2906 688 2978 τῆς
721 2905 952 2971 πόλεως,
980 2905 1076 2961 καὶ
1115 2907 1269 2977 δηλοῖ
1330 2907 1492 2963 τοῦτο
1518 2909 1597 2982 τῷ
1645 2909 1875 2982 βασιλεῖ.
1930 2913 1992 2966 '0
2046 2913 2103 2967 δὲ
2163 2911 2406 2984 ἀπῆλθεν
2471 2910 2611 2974 ἐκεῖ,
2666 2908 2762 2962 καὶ
2800 2907 2899 2980 τὴν
2959 2905 3116 2960 πόλιν
3145 2905 3447 2977 παρέλαϐε,
3481 2909 3577 2960 καὶ

284 3005 360 3066 τίς
383 3004 700 3076 διαρπαγὴν
731 3007 798 3076 τῇ
833 3007 1063 3077 στρατιᾷ
1093 3005 1306 3076 ἀφῆκεν
1328 3005 1520 3076 αὑτήν.
1562 3004 1666 3058 Τὸν
1690 3005 1746 3059 δὲ
1775 3004 1868 3060 τοῦ
1909 3006 2178 3078 βασιλέως
2243 3005 2415 3076 αὐτῆς
2459 3007 2724 3077 στέφανον
2784 3004 2947 3070 αὐτὸς
3006 3005 3188 3060 λαὸὼν
3238 3003 3445 3074 ἐφόρει,
3488 3001 3578 3055 ιλ-

284 3116 448 3152 κοντα
480 3097 712 3170 χρυσίου
743 3099 1036 3163 τάλαντον,
1073 3100 1170 3154 καὶ
1190 3096 1343 3152 λίθον
1399 3098 1595 3169 ἔχοντα
1626 3099 1735 3153 τῶν
1769 3099 2110 3171 πολυτίμων.
2181 3099 2254 3153 T6
2319 3099 2378 3154 δὲ
2441 3098 2544 3170 τῆς
2578 3099 2788 3163 πόλεως
2833 3099 3038 3168 πλῆθος
3067 3097 3406 3170 διέφθειραν.
3463 3097 3577 3152 Οὖ-

282 3215 389 3262 τως
427 3196 486 3251 δὲ
514 3195 612 3250 καὶ
629 3197 754 3260 ταῖς
776 3197 968 3261 ἄλλαις
997 3196 1184 3252 πόλεσι
1223 3195 1497 3266 πεποίηκε
1528 3197 1639 3251 τῶν
1659 3196 2020 3268 Ἀμμανιτῶν
2042 3213 2059 3230 ⁸
2099 3198 2194 3254 καὶ
2219 3199 2300 3261 είς
2335 3195 2701 3270 Ἰερουσαλὴμ
2716 3196 3102 3263 ὲπανέζευξεν.

352 3293 428 3345 Δ’.
461 3285 575 3341 Ἦν
598 3288 658 3342 δὲ
683 3288 763 3358 τῷ
795 3288 960 3343 Δαὸὶδ
986 3288 1238 3360 θυγάτηρ
1257 3287 1456 3359 Θαμαρ
1478 3287 1875 3360 ὠνομασμένη,

2056 3290 2147 3346 IV.
2204 3289 2456 3345 Habebat
2511 3299 2696 3346 autem
2756 3289 2929 3346 David
2999 3289 3167 3345 filiam
3219 3289 3574 3347 Thamarem.

282 3382 624 3453 ὁμομήτριος
676 3381 884 3453 ἀδελφὴ
942 3380 1021 3453 τῷ
1083 3381 1427 3450 Ἀὗεσαλώμ⁸
1485 3382 1708 3452 Ταύτης
1769 3383 1878 3454 ἦρα

1982 3386 2258 3441 uterinam
2306 3383 2602 3441 Absalonis
2649 3399 2923 3440 sororem.
2979 3384 3114 3439 Eam
3171 3382 3576 3454 primogenitus

294 3474 512 3546 ’Δμνὼν
544 3477 573 3528 6
606 3473 957 3546 πρωτότοκος
990 3474 1107 3538 υίὸς
1133 3473 1224 3528 τοῦ
1247 3474 1432 3530 Δαϐίδ.
1468 3476 1578 3529 Kal
1599 3471 1668 3546 ἦν
1692 3478 1719 3530 6
1738 3475 1879 3548 ἔρως

1981 3477 2208 3532 Davidis
2239 3475 2388 3531 filius
2417 3475 2633 3531 Amnon
2671 3477 3032 3532 vehementer
3065 3476 3379 3546 deperibat,
3431 3474 3572 3529 adeo

282 3568 472 3633 πολὺς,
537 3567 615 3632 ὡς
653 3569 751 3622 καὶ
773 3569 1001 3638 νοσῆσαι
1027 3567 1122 3622 τὸν
1151 3568 1386 3639 ἐρῶντα.
1429 3569 1794 3639 Ἀφικομένου
1821 3569 1878 3623 δὲ

281 3660 370 3714 τοῦ
400 3660 619 3732 πατρὸς
659 3658 796 3732 πρὸς
847 3659 1140 3730 ἔπίσκεψιν
1170 3661 1340 3715 αὑτοῦ
1364 3702 1380 3726 ,
1444 3661 1676 3732 ἠξίωσεν
1715 3661 1878 3715 αὐτὸν

282 3751 703 3826 παραγενέσθαι
760 3751 861 3824 τὴν
917 3752 1117 3823 Θάμαρ
1164 3754 1244 3817 είς
1294 3753 1604 3826 ὑπηρεσίαν
1636 3753 1822 3817 αὐτοῦ,
1850 3756 1878 3807 6

280 3846 338 3901 δὲ
360 3845 720 3901 κατένευσεν.
760 3839 940 3898 Ἧκεν
983 3840 1078 3900 οὖν
1107 3847 1141 3916 ἡ
1189 3846 1410 3917 Θάμαρ,
1443 3847 1539 3899 καὶ
1579 3846 1880 3917 ἡτοίμασεν

279 3937 433 4009 αὐτῷ
457 3937 806 4008 κολλυρίδας.
855 3938 915 3990 '0
938 3937 996 3990 δὲ
1044 3937 1256 4001 πάντας
1285 3936 1586 4009 ἐξέπεμψε,
1624 3939 1794 4009 μόνην
1821 3938 1879 3992 δὲ

279 4032 381 4101 τὴν
422 4029 671 4099 ἀδελφὴν
731 4030 1187 4102 ὑπηρετήσασθαι
1247 4030 1405 4100 ἠξίου
1445 4029 1617 4100 αὐτῷ.
1659 4029 1771 4100 Τῆς
1821 4029 1880 4083 δὲ

280 4122 460 4194 κόρης
501 4122 673 4192 μόνης
705 4120 1176 4192 περιληφθείσης,
1238 4121 1485 4192 βιάζεται
1525 4120 1715 4191 αὑτήν.
1767 4119 1880 4174 Καὶ

280 4215 628 4286 διακορήσας
687 4215 882 4286 αὐτὴν,
945 4216 1103 4285 μῖσος
1138 4214 1340 4268 αὐτίκα
1391 4215 1552 4286 έσχεν
1597 4215 1879 4270 ἀντίθετον

157 4334 166 4342 ο
283 4308 382 4364 τοῦ
412 4308 551 4379 πρὶν
582 4307 810 4377 ἔρωτος.
841 4306 951 4360 Kal
1003 4306 1227 4361 ἀπιέναι
1254 4307 1602 4378 παραχρῆμα
1631 4307 1878 4372 ἐκέλευε,

283 4403 381 4456 καὶ
435 4398 653 4454 κελεύει
681 4397 759 4468 τῷ
804 4397 990 4470 οἰκέτῃ
1015 4398 1188 4468 αὐτὴν
1235 4398 1514 4452 ἐκϐαλεῖν.
1557 4398 1770 4472 Ἐκείνη
1796 4400 1876 4468 δὲ,

281 4495 371 4548 διά
406 4510 469 4546 τε
505 4491 608 4564 τὴν
647 4490 768 4562 βίαν
797 4493 891 4545 καὶ
914 4491 1015 4561 τὴν
1044 4489 1203 4563 ὓϐριν
1242 4490 1688 4564 περιαλγήσασα,
1719 4493 1878 4564 διαρο

282 4587 523 4659 ῥήγνυσι
573 4583 666 4637 τὸν
697 4583 923 4654 χιτῶνα,
957 4584 1049 4638 καὶ
1080 4585 1232 4637 κόνιν
1266 4584 1742 4655 κατασπασαμένη
1777 4585 1877 4651 τῆς

1983 3578 2043 3624 ιιι
2072 3584 2140 3624 ex
2167 3583 2356 3622 amore
2391 3568 2446 3622 in
2483 3569 2737 3622 morbum
2789 3568 3080 3623 incideret.
3134 3567 3570 3623 Decumbentcm

1981 3669 2140 3731 pater
2185 3659 2378 3714 invisit
2412 3674 2425 3713 :
2460 3668 2584 3714 orat
2626 3658 2719 3714 ille
2753 3668 2813 3714 ut
2843 3659 3173 3713 Tltamarem
3217 3659 3422 3724 mittat,
3464 3673 3574 3727 quo

1955 3751 2096 3824 ,εςὶὴί
2135 3749 2435 3804 ministret.
2484 3749 2695 3803 Annuit
2740 3759 2898 3818 pater
2945 3766 2958 3802 :
2998 3749 3148 3802 venit
3197 3749 3402 3818 puella,
3455 3748 3572 3818 pla-

1981 3849 2170 3896 centas
2194 3839 2245 3895 ei
2282 3848 2463 3908 parat.
2485 3840 2702 3893 Amnon
2731 3854 2926 3892 omnes
2949 3839 3238 3894 discedere
3271 3840 3452 3910 jubet,
3477 3853 3570 3892 so-

1981 3933 2199 4004 lamque
2236 3947 2484 3987 sororem
2521 3933 2625 3987 sibi
2667 3933 3006 3988 ministrare.
3041 3930 3180 3984 Tum
3215 3931 3452 4001 puellam
3479 3946 3572 3984 so-

1980 4025 2091 4082 lam
2122 4034 2340 4087 nactus,
2384 4023 2438 4078 vi
2484 4032 2724 4094 stuprat,
2770 4032 2828 4080 et
2873 4022 3165 4080 confestim
3217 4016 3419 4077 ardens
3474 4021 3566 4076 ille

1981 4135 2140 4176 amor
2173 4119 2228 4173 in
2265 4133 2368 4189 par
2401 4117 2591 4172 odium
2628 4118 2976 4173 convertitur
3019 4135 3033 4171 :
3084 4131 3150 4171 ac
3198 4117 3382 4172 statim
3421 4116 3570 4170 illam

1981 4211 2290 4275 discedere,
2320 4219 2375 4266 et
2403 4226 2434 4265 a
2461 4209 2669 4264 famulo
2697 4209 2824 4281 ejici
2850 4210 3029 4279 jubet.
3063 4210 3159 4264 illa
3191 4218 3248 4264 et
3293 4219 3486 4278 raptus
3514 4217 3570 4263 et

1983 4303 2335 4362 contumeliae
2393 4302 2607 4363 dolare.
2660 4301 2901 4356 tunicam
2953 4303 3182 4371 rumpit,
3238 4311 3296 4358 et
3343 4301 3571 4372 pulvere

1983 4414 2280 4471 conspersa
2331 4397 2534 4468 capite,
2569 4397 2792 4467 plorans
2833 4396 2970 4452 abit.
3023 4397 3268 4452 Absalon
3316 4412 3567 4452 sororem

1982 4493 2226 4563 quietam
2257 4505 2380 4546 esse
2400 4491 2577 4562 jubet.
2612 4489 2885 4560 pertinaci
2914 4498 3108 4545 contra
3145 4492 3452 4544 Amnonem
3486 4490 3568 4544 ira

1982 4592 2244 4638 aestuans.
2273 4582 2410 4636 Nam
2443 4598 2540 4637 rex
2569 4582 2674 4638 etsi
2715 4582 2933 4637 facinus
2969 4582 3105 4637 illud
3136 4583 3328 4652 iniquo
3358 4582 3570 4638 ferebat

283 4650 556 4748 κειραλῆς,
585 4650 883 4749 ἐπορεύετο
915 4675 1212 4748 θρηνοῦσα.
1255 4675 1315 4729 '0
1355 4674 1413 4728 δὲ
1439 4650 1668 4746 ἁδελφος
1699 4650 1875 4746 ἀὐτῆς

1984 4677 2192 4739 animo,
2249 4675 2422 4730 ﬁlium
2476 4685 2658 4730 tamen
2712 4674 2862 4746 quod
2923 4650 3335 4746 primogenitus
3389 4685 3565 4740 esset,

269 4769 650 4839 ,’Δ6εσαλὼμ,
685 4770 957 4840 ἡσυχάσαι
989 4769 1128 4842 αὐτῇ
1166 4769 1611 4834 συνεϐούλευσεν,
1644 4770 1879 4842 ἐμηνίθη

284 4864 344 4920 δὲ
397 4861 620 4935 Ἀμνὼν
648 4861 736 4918 διά
779 4863 877 4935 τὴν
908 4863 1164 4935 ἀδελφήν.
1203 4862 1264 4916 '0
1291 4863 1348 4916 δὲ
1383 4863 1660 4933 βασιλεὺς,
1691 4861 1882 4933 μαθὼν

286 4957 347 5008 τὸ
379 4953 622 5026 συμϐάν,
647 4953 847 5026 ἡχθετο
880 4953 1001 5022 μὲν,
1031 4954 1274 5023 λυπῆσαι
1311 4953 1368 5007 δὲ
1400 4953 1492 5008 τὸν
1537 4952 1753 5024 Ἀμνὼν
1782 4955 1882 5009 οὐκ

289 5047 503 5120 ἡθελεν,
539 5047 623 5101 ὅτι
650 5045 993 5119 πρωτότοκος
1017 5041 1085 5118 ἦν
1108 5045 1274 5116 αὐτῷ.
1305 5046 1619 5118 Διετηρίδος
1643 5047 1699 5100 δὲ
1731 5065 1880 5120 παρ-

291 5139 574 5209 ελθούσης,
608 5139 814 5209 κείρειν
863 5137 1089 5210 ἔμελλεν
1145 5137 1269 5208 ἄρτι
1300 5137 1368 5192 τὰ
1416 5139 1523 5194 ῐδια
1573 5140 1878 5211 πρόϐαταὸ

303 5230 652 5301 ’Δϐεσαλὼμ,
689 5233 784 5284 καὶ
815 5233 892 5294 είς
926 5232 1089 5285 πότον
1133 5230 1266 5294 τοὺς
1292 5230 1558 5302 ἀδελφοὺς
1581 5232 1874 5286 συνεκάλεο

294 5342 402 5381 σεν.
438 5324 778 5379 Ἑνετείλατο
809 5323 866 5376 δὲ
901 5327 1012 5388 τοῖς
1039 5322 1509 5395 ὑπηρετουμένοις
1535 5324 1705 5396 αὖτις»,
1736 5343 1874 5395 προ-

1981 4768 2316 4825 contristare
2345 4767 2589 4824 nolebat.
2619 4769 2823 4839 Elapso
2856 4768 3104 4835 biennio,
3140 4783 3267 4823 suas
3289 4783 3422 4823 oves
3443 4776 3568 4820 ton-

1979 4879 2144 4920 surus
2167 4863 2433 4928 Absalon,
2473 4862 2672 4918 fratres
2711 4861 2782 4917 ad
2844 4863 3304 4918 comessationem
3359 4875 3567 4917 convo-

1978 4943 2131 5014 cat':
2173 4955 2434 5012 mandato
2484 4956 2642 5026 prius
2687 4955 2958 5010 ministris
3007 4955 3159 5022 dato,
3210 4962 3272 5008 ut
3298 4952 3567 5024 gliscente

1978 5051 2414 5121 compotatione,
2448 5050 2758 5106 Amnonem
2808 5049 3174 5106 trucidarent.
3209 5048 3410 5103 Parent
3447 5046 3562 5111 illi;

1977 5156 2090 5213 quo
2113 5143 2235 5197 viso
2267 5142 2466 5212 reliqui
2492 5142 2628 5214 regii
2658 5141 2755 5197 filii
2784 5142 3024 5213 fugiunt,
3050 5150 3282 5210 ortaque
3314 5152 3562 5202 rumore,

1986 5248 2183 5290 omnes
2211 5248 2309 5289 eos
2339 5233 2409 5289 ab
2453 5234 2731 5290 Absalone
2783 5248 2981 5297 caesos,
3013 5231 3184 5287 David
3214 5238 3398 5286 vestes
3435 5246 3564 5286 suas
3613 5242 3616 5245 '

1984 5326 2215 5392 lacerat,
2246 5334 2302 5381 et
2331 5325 2484 5381 humi
2511 5336 2717 5382 stratus
2734 5328 3097 5382 lamentatur.
3127 5323 3343 5377 interea
3373 5325 3565 5379 caeteri

291 5416 595 5490 χωροῦντος
649 5417 743 5470 τοῦ
803 5418 993 5481 πότον,
1053 5416 1295 5482 πατάξαι
1348 5418 1442 5472 τὸν
1499 5418 1737 5488 Ἀμνὼν,
1781 5419 1876 5472 καὶ

1981 5419 2231 5484 veniunt,
2272 5418 2542 5474 Amnonis
2577 5419 2782 5474 caedem
2818 5417 2998 5472 moesti
3024 5416 3365 5471 nuntiantes.
3386 5417 3565 5472 Absa-

292 5512 631 5565 ἀποκτεῖναι.
686 5510 799 5564 Kal
822 5511 1086 5580 ἐποίησαν
1142 5509 1315 5573 οὕτως
1349 5511 1396 5563 al
1427 5512 1618 5574 παῖδες
1651 5512 1872 5567 Ἀϐεσα-

1988 5526 2058 5565 on
2091 5509 2159 5565 ad
2201 5519 2510 5566 maternum
2545 5525 2706 5564 avum
2740 5508 2929 5563 Gethae
2960 5523 3140 5578 regem
3179 5508 3448 5580 confugit,
3505 5520 3566 5565 et

290 5604 428 5670 λώμ.
460 5605 686 5668 Ἰδόντες
708 5605 762 5657 δὲ
789 5606 837 5658 ai
861 5604 1038 5658 λοιποὶ
1069 5603 1163 5657 τοῦ
1190 5603 1454 5674 βασιλέως
1497 5606 1602 5659 υἱοὶ
1632 5605 1691 5660 τὸ
1719 5609 1872 5675 γενό-

293 5716 470 5770 μενον,
504 5699 726 5770 ἔφυγον.
778 5699 973 5769 Φήμης
1025 5698 1081 5750 δὲ
1116 5698 1507 5769 προελθούσης,
1547 5699 1620 5764 ὡς
1662 5700 1870 5754 ἔκτεινε

291 5792 496 5856 πάντας
517 5792 646 5855 τοὺς
683 5790 778 5846 τοῦ
839 5790 1105 5862 βασιλέως
1144 5793 1294 5855 υἱοὺς
1336 5791 1684 5864 Ἀὁεσαλὼμ,
1724 5794 1871 5867 διέρ-

1974 5607 2280 5664 triennium
2313 5608 2390 5662 ibi
2437 5615 2833 5662 commoratur.
2878 5604 3042 5676 Regis
3095 5607 3176 5662 ira
3208 5607 3387 5678 spatio
3421 5616 3562 5661 tem-

1972 5704 2124 5771 poris
2171 5701 2336 5772 paulo
2378 5699 2696 5754 remissiore
2724 5697 2887 5764 facta,
2932 5699 3142 5755 Joabus
3173 5701 3434 5756 Absaloni
3465 5716 3558 5756 re-

1970 5809 2093 5865 gem
2153 5791 2470 5867 hujusmadi
2537 5802 2851 5849 commento
2921 5793 3283 5851 reconciliare
3332 5795 3549 5851 nititur.

295 5881 420 5956 ὒηξε
453 5884 552 5958 τὴν
582 5885 791 5959 ισοῆτα
818 5885 986 5941 αὐτοῦ
1007 5885 1036 5940 6
1067 5886 1252 5956 Δαὸὶδ,
1287 5886 1379 5941 και
1407 5885 1605 5943 ἔπεσεν
1637 5890 1730 5944 ἐπὶ
1759 5890 1865 5961 γῆν

1981 5885 2252 5944 Subornat
2297 5885 2699 5952 mulierculam,
2756 5903 2878 5959 quae
2905 5888 3124 5960 lugubri
3154 5887 3338 5957 specie
3366 5902 3548 5955 regem
