3964 6252
423 374 526 438 159

1717 373 2042 440 JOANNIS
2073 371 2398 434 ZONARQE

3635 372 3744 437 160

415 494 516 564 τὴν
541 491 721 559 ἔξοδον
747 507 760 523 ·
795 491 957 546 αὐτὸν
983 491 1040 545 δέ
1068 492 1164 555 τὰς
1201 491 1390 562 βάσεις
1429 491 1560 545 ὅντα
1592 488 1994 561 βεϐλαμμένον.
2040 483 2116 554 μὴ
2163 480 2276 538 οἷόν
2347 488 2395 540 τ’
2446 483 2585 543 εἶναι
2633 489 2983 544 συνέπεσθαι.
3038 490 3140 542 Τὸν
3192 489 3246 542 δὲ
3278 489 3381 544 καὶ
3443 487 3743 560 προσδια-

419 585 608 638 ϐαλεῖν
636 584 798 639 αὑτὸν
839 585 1186 658 κακούργως,
1214 585 1311 639 καὶ
1351 583 1830 655 καταψεύσασθαι.
1895 577 2041 650 Πρὸς
2107 577 2282 632 ταῦτα
2336 581 2502 636 Δαϐὶδ
2530 583 2627 637 καὶ
2675 582 3011 655 συγγνώμην
3059 581 3210 654 αὑτῷ
3259 583 3523 653 παρεῖχε
3552 620 3569 644 ,
3633 584 3735 635 καὶ

418 678 490 732 τὰ
540 677 720 747 ἡμίση
775 678 874 748 τῆς
930 678 1286 740 ὑποστάσεως
1345 675 1495 747 αὐτῷ
1546 671 2001 741 ἀποκαταστῆναι
2040 665 2318 723 ἐκέλευσε.

498 770 577 838 τι.
616 771 752 826 Ροει
791 770 908 825 hac
941 785 1069 841 rege
1106 769 1328 840 Galgala
1367 767 1642 840 profecto,
1678 765 1862 822 omnis
1906 777 2006 842 p9-

2184 764 2275 829 C.".
2309 763 2768 834 Παραγενομένου
2803 763 2860 817 δὲ
2885 763 2979 817 τοῦ
3011 763 3275 834 βασιλέως
3305 764 3397 842 erit;
3428 762 3743 830 Γάλγαλα,

425 861 956 932 puluslsraeliticus
977 839 1044 916 ad
1079 839 1515 927 eumrconvenit,
1563 860 1852 917 Judaicam
1905 839 2005 911 tri-

425 953 558 1008 bum
585 969 877 1020 accusans,
911 955 1058 1024 quod
1085 956 1225 1009 clam
1262 955 1329 1009 ad
1371 955 1526 1008 illum
1553 969 1612 1009 se
1653 951 2003 1008 contulisset.

431 1047 498 1101 At
553 1046 656 1113 illi,
711 1063 824 1102 non
874 1048 982 1104 hoc
1021 1049 1124 1103 sibi
1176 1048 1310 1102 vitio
1361 1063 1484 1104 esse
1526 1046 1771 1102 dandum
1820 1045 2002 1108 aiunt,

429 1139 575 1207 quod
627 1155 828 1210 genere
891 1139 1177 1210 conjuncti
1232 1147 1422 1195 essent
1485 1140 1620 1210 regi.
1680 1138 1782 1205 Qui
1827 1151 2010 1192 sermo

430 1231 606 1287 durus
641 1232 792 1288 visus
821 1243 906 1288 est
945 1233 1147 1302 populo
1193 1248 1206 1285 :
1255 1241 1312 1287 et
1343 1233 1430 1287 vir
1471 1231 1695 1302 quidam
1743 1229 2011 1284 factiosus

431 1335 597 1394 atque
632 1326 946 1395 improbus,
982 1325 1206 1380 nomine
1261 1323 1488 1388 Sabeas,
1512 1341 1580 1379 ex
1620 1323 1765 1378 tribu
1816 1322 2010 1391 Benia-

433 1417 645 1482 mitica,
685 1418 954 1471 exclamat
985 1433 1001 1478 ;
1040 1415 1203 1470 Nobis
1231 1415 1384 1472 nulla
1427 1419 1482 1471 in
1525 1415 1726 1470 Davide
1757 1431 1882 1485 pars
1912 1420 2008 1478 est,

432 1523 597 1578 neque
658 1507 772 1561 ulla
827 1509 882 1562 in
929 1507 1110 1563 Jessaai
1159 1507 1274 1576 lilio
1332 1509 1650 1575 hereditas,-
1713 1505 2014 1575 inﬁatoque

433 1613 634 1660 cornu,
683 1613 879 1652 omnes
931 1615 962 1653 a
1019 1599 1222 1655 Davide
1283 1599 1349 1654 ad
1400 1613 1522 1655 sese
1559 1597 1856 1665 abstrahit,
1900 1597 2014 1651 sola

435 1688 584 1743 tribu
615 1688 844 1744 Iudaica
878 1691 1025 1760 apud
1051 1707 1179 1746 eum
1223 1699 1606 1761 permanente.
1652 1690 1770 1744 Rex
1827 1696 2015 1744 autem

436 1782 676 1836 Abesam
725 1783 1117 1852 imperatorem
1162 1791 1448 1849 creatum,
1493 1781 1562 1836 ad
1608 1779 1947 1852 colligendas
1985 1795 2016 1835 e

437 1870 668 1926 Judaica
697 1872 844 1925 tribu
877 1873 1064 1942 copias
1086 1873 1326 1943 ablegat,
1374 1883 1434 1927 ut
1456 1873 1602 1926 intra
1634 1871 1877 1925 triduum
1931 1886 2020 1924 re-

438 1970 769 2016 verteretur.
803 1963 1008 2017 Verum
1043 1963 1138 2017 illo
1163 1971 1436 2029 cessante,
1476 1962 1652 2018 Joabo
1676 1961 1924 2024 mandat,
1959 1969 2021 2015 ut

439 2062 563 2101 cum
603 2048 670 2101 iis
713 2050 981 2105 militibus
1025 2052 1119 2120 qui
1155 2053 1221 2106 ad
1264 2069 1484 2107 manum
1527 2062 1734 2116 essent,
1787 2052 2018 2107 Sabeam

442 2139 731 2196 invaderet
783 2159 796 2195 :
851 2142 952 2207 Ne,
1008 2143 1213 2212 inquit,
1271 2145 1786 2214 procrastinamibus
1827 2144 2017 2206 nobis,

440 2231 643 2285 inimici
683 2233 816 2286 vires
872 2243 1189 2303 augeantur.
1244 2233 1442 2292 Statim
1497 2235 1566 2290 ad
1614 2236 1819 2290 bellum
1870 2235 2021 2290 vadit

444 2321 674 2388 Joabus,
731 2324 822 2379 cui
873 2340 1001 2380 eum
1042 2327 1258 2396 magnis
1305 2327 1480 2396 copiis
1529 2328 2019 2383 oecurritAbesa:

445 2432 558 2485 quo
589 2417 911 2482 accedente,
944 2417 1127 2487 gladio
1158 2433 1270 2488 quo
1307 2419 1589 2474 accinctus
1640 2427 1781 2483 erat,
1827 2419 1895 2473 de
1938 2420 2025 2473 in-

449 2507 664 2562 dustria
709 2525 739 2564 e
789 2509 987 2580 vagina
1034 2509 1187 2563 humi
1235 2511 1506 2580 proiecto,
1551 2510 1905 2579 sublatoque,
1955 2509 2023 2562 ad

449 2615 578 2653 eum
607 2599 958 2656 salutandum
991 2617 1160 2672 prope
1195 2617 1509 2674 aggressus,
1535 2601 1767 2658 Abesam
1795 2617 1928 2656 ense
1969 2601 2023 2654 in

450 2700 699 2746 ventrem
735 2693 915 2748 deﬁxo
958 2694 1183 2758 occidit,
1235 2702 1291 2749 et
1319 2695 1528 2765 populo
1574 2696 1694 2766 ejus
1741 2703 2026 2764 assumpto

450 2783 682 2838 Sabeam
715 2786 1087 2855 persequitur,
1147 2785 1239 2856 qui
1273 2786 1326 2840 in
1365 2785 1559 2843 urbem
1598 2785 1869 2840 munitam
1895 2799 2029 2840 con-
2115 2793 2119 2796 ’

453 2875 692 2944 fugerat.
747 2877 880 2931 Eam
924 2877 1218 2932 obsidente
1250 2877 1448 2943 Joaho,
1503 2877 1730 2934 cordata
1775 2878 2030 2948 quaedam

455 2969 679 3033 mulier,
716 2969 785 3024 de
817 2985 980 3025 muro
1009 2971 1255 3027 clamans
1285 2987 1300 3024 :
1345 2969 1478 3036 Cur,
1505 2971 1708 3042 inquit,
1756 2987 2029 3026 eversurus

456 3079 509 3117 es
542 3063 875 3133 melropolim
908 3063 1264 3119 Israeliticam
1284 3066 1310 3120 ?
1336 3063 1409 3118 Ob
1439 3062 1689 3128 Sabeam,
1731 3064 2033 3133 respondet

462 3157 578 3210 ille.
618 3156 757 3210 Tum
791 3157 884 3210 illa
922 3155 1139 3211 civibus
1166 3157 1484 3225 persuadet,
1537 3165 1600 3210 ut
1637 3155 1828 3210 Sabeze
1869 3165 2034 3225 caput

462 3247 573 3317 79
599 3254 945 3316 amputatum
983 3246 1040 3300 in
1088 3255 1268 3300 castra
1298 3245 1656 3317 projicerent.
1709 3245 1829 3312 Quo
1865 3245 2033 3311 facto,

458 3340 668 3394 Joabus
719 3338 1011 3394 obsidione
1060 3337 1278 3402 soluta,
1335 3335 1713 3408 Hierosolyma
1755 3353 2033 3405 reversus,
2087 3357 2091 3360 ι

2109 855 2352 926 συνήχθη
2399 856 2517 908 ἐκεῖ
2561 860 2667 920 πᾶς
2717 857 2745 909 6
2782 855 2911 918 λαὸς
2949 852 3184 926 Ἰσραὴλ,
3223 852 3583 922 αἰτιώμενοι
3643 853 3745 923 τὴν

2121 948 2294 1003 Ἰούδα
2345 949 2518 1020 φυλὴν
2563 949 2740 1021 λάθρα
2781 949 2918 1022 πρὸς
2962 951 3126 1005 αὐτὸν
3171 950 3483 1004 ἐλθοῦσαν.
3544 951 3615 1002 Οἱ
3685 951 3744 1004 δέ

2113 1041 2282 1113 μηδὲν
2316 1041 2566 1106 κακίζειν
2588 1042 2785 1106 αὐτοὺς
2816 1043 3002 1110 ἔλεγον
3032 1041 3119 1096 διὰ
3148 1043 3306 1096 τοῦτο
3352 1042 3626 1106 οἰκείους
3656 1041 3745 1094 ὅν-

2111 1151 2210 1198 τας
2255 1135 2391 1206 πρὸς
2425 1137 2583 1205 γένος
2621 1134 2698 1206 τῷ
2733 1135 2962 1206 βασιλεῖ.
3008 1135 3099 1205 Τῷ
3128 1135 3184 1189 δέ
3226 1134 3341 1206 λαῷ
3401 1134 3673 1206 σκληρὸς
3715 1137 3744 1189 6

2113 1227 2271 1296 λόγος
2304 1220 2458 1292 οὗτος
2500 1229 2696 1300 ἐφάνη.
2735 1229 2844 1284 Καί
2887 1246 2972 1292 τις
3010 1229 3147 1301 ἀνὴρ
3187 1229 3555 1300 Βενιαμίτης
3615 1243 3747 1281 στα-

2116 1320 2315 1390 σιώδης
2355 1321 2448 1373 καὶ
2478 1322 2736 1392 πονηρὸς,
2767 1321 2937 1374 Σαϐεέ
2969 1321 3342 1393 κεκλημένοςο
3375 1322 3517 1374 Οὐκ
3558 1321 3743 1375 ἐστιν

2115 1411 2262 1480 ἡμῖν
2277 1413 2448 1482 μερὶς
2477 1413 2548 1466 ἐν
2579 1414 2780 1479 Δαϐῑδ,
2801 1412 2946 1468 οὐδέ
2979 1413 3356 1483 κληρονομία
3399 1413 3480 1466 ἐν
3518 1412 3607 1478 τῷ
3635 1412 3746 1479 υἱῷ

2128 1504 2381 1567 Ἰεσσαὶ,
2436 1504 2724 1574 ἀνεϐόησε.
2762 1503 2873 1558 Kal
2914 1504 3185 1567 σαλπίσας
3236 1506 3294 1557 ἐν
3335 1503 3581 1574 κέρατι,
3630 1505 3743 1558 ἀπ-

2118 1596 2315 1668 έστησε
2358 1596 2567 1660 πάντας
2618 1597 2725 1650 ἀπὸ
2756 1595 2941 1661 Δαϐὶδ,
2978 1596 3146 1666 μόνης
3177 1597 3273 1667 τῆς
3311 1595 3512 1650 Ἰούδα
3559 1597 3742 1666 φυλῆς

2119 1689 2545 1760 παραμεινάσης
2581 1687 2750 1757 αὐτῷ.
2782 1688 2840 1741 ’0
2877 1687 3132 1758 βασιλεὺς
3164 1687 3240 1754 δέ,
3272 1689 3619 1760 στρατηγὸν
3646 1687 3735 1740 τὸν

2129 1780 2329 1834 Ἀϐεσὰ
2405 1778 2864 1850 προϐαλλόμενος,
2893 1779 3142 1844 συλλέξαι
3186 1781 3468 1850 στρατιὰν
3518 1780 3589 1831 ἐκ
3642 1779 3743 1847 τῆς

2131 1871 2301 1926 Ἰούδα
2321 1871 2495 1942 φυλῆς
2519 1871 2888 1937 ἐξαπέστειλε,
2913 1875 3004 1926 καὶ
3031 1873 3167 1942 μετὰ
3195 1874 3346 1943 τρεῖς
3383 1871 3622 1942 ἡμέρας
3643 1873 3742 1924 ἐπ·

2121 1963 2386 2019 ανελθεῖν.
2413 1964 2768 2034 Χρονίζοντος
2792 1964 2847 2018 δέ
2872 1963 2965 2017 τοῦ
3002 1963 3222 2025 ’Λϐεσὰ,
3249 1964 3326 2034 τῷ
3375 1964 3552 2017 Ίωέιϐ
3583 1964 3745 2031 ἐγκε-

2122 2057 2341 2109 λεύεται
2362 2056 2459 2126 τὴν
2480 2057 2598 2110 ἐκεῖ
2618 2055 2908 2126 παροῦσαν
2934 2057 3169 2112 λαϐόντα
3196 2057 3469 2127 δύναμιν,
3502 2056 3744 2126 ἐξορμῆ-

2129 2165 2217 2200 σαι
2247 2147 2386 2201 κατὰ
2403 2147 2495 2201 τοῦ
2513 2149 2704 2213 Σαϐεέ,
2727 2149 2787 2204 Ἴ
2789 2167 2863 2203 να
2875 2149 2983 2219 μὴ,
3017 2149 3520 2218 ὑπερτιθεμένων
3542 2148 3738 2218 ἡμῶν,

2129 2241 2284 2309 φησὶ,
2335 2238 2576 2309 μᾶλλον
2619 2243 2652 2296 ό
2695 2241 2911 2311 ἐχθρὸς
2941 2239 3466 2308 παρασκευασθῆ.
3500 2241 3617 2293 Kal
3645 2241 3741 2293 αύ-

2129 2334 2256 2387 τίκα
2314 2335 2341 2386 6
2399 2333 2556 2386 Ίωὰϐ
2605 2333 2802 2405 ἐχώρει
2862 2334 2996 2405 πρὸς
3051 2335 3306 2403 πόλεμον.
3368 2334 3633 2386 ’Δπιόντι
3685 2332 3738 2385 δὲ

2134 2427 2270 2497 μετὰ
2307 2427 2552 2498 μεγάλης
2585 2428 2891 2498 δυνάμεως,
2929 2430 3254 2499 συνηντήκει
3285 2430 3452 2499 αύτῷ
3501 2428 3732 2482 Ἀϐεσά·

2132 2519 2226 2573 καὶ
2251 2519 2432 2585 ’1ωὰϐ,
2468 2521 2784 2591 προσιόντος
2809 2520 2958 2591 αὐτῷ
2991 2521 3084 2574 τοῦ
3126 2521 3362 2584 Ἀϐεσὰ,
3395 2523 3461 2575 τὸ
3497 2521 3676 2592 ξίφος,
3712 2519 3740 2572 6

2133 2613 2494 2683 περιέζωστο,
2537 2613 2805 2685 πεποίηκε
2858 2613 2951 2666 τοῦ
3013 2615 3239 2667 κουλεοῦ
3300 2617 3599 2681 ἐκπεσεῖν,
3647 2615 3736 2668 καὶ

2133 2699 2235 2775 ἦρε
2263 2703 2422 2757 τοῦτο
2474 2704 2582 2758 ἀπὸ
2611 2705 2708 2775 τῆς
2741 2704 2866 2774 γῆς,
2904 2706 3000 2758 καὶ
3024 2705 3380 2760 ἀσπάσασθαι
3438 2707 3736 2778 προσεγγί-

2137 2813 2240 2860 σας
2283 2797 2361 2866 τῷ
2393 2795 2614 2862 Ἀϐεσά,
2647 2790 2753 2850 ὦσε
2797 2798 2938 2851 κατὰ
2968 2797 3065 2868 τῆς
3095 2797 3336 2869 γαστρὸς
3384 2799 3606 2853 ἐκείνου
3640 2798 3734 2868 τὴν

2142 2890 2441 2961 μάχαιραν,
2473 2892 2568 2944 καὶ
2597 2890 2908 2944 ἀπέκτεινε.
2939 2891 3396 2961 Προσλαϐόμενος
3425 2892 3485 2946 δὲ
3519 2892 3613 2946 καὶ
3651 2893 3735 2943 τὸν

2140 2983 2351 3036 ἐκείνου
2386 2982 2534 3046 λαὸν,
2563 2983 2653 3036 τὸν
2681 2982 2852 3037 Σαϐεέ
2875 2984 3228 3039 κατεδίωκεν.
3277 2984 3337 3039 Ὀ
3369 2985 3430 3038 δὲ
3463 2985 3548 3047 εἰς
3585 2984 3732 3037 πόλιν

2141 3076 2448 3145 κατέφυγεν
2470 3075 2696 3146 ὀχυρὰν,
2724 3076 2819 3130 καὶ
2845 3077 3154 3147 ἐπολιόρκει
3182 3077 3282 3147 τὴν
3309 3078 3476 3130 πόλιν
3509 3080 3536 3131 ὁ
3558 3076 3731 3129 Ἱωάϐ.

2142 3169 2252 3224 Καί
2292 3186 2376 3233 τις
2409 3169 2516 3222 ἀπὸ
2555 3169 2648 3222 τοῦ
2687 3169 2902 3240 τείχους
2947 3170 3083 3241 γυνὴ
3127 3171 3323 3241 συνετὴ
3366 3172 3572 3242 ἐϐόησε
3603 3170 3732 3238 πρὸς

2143 3257 2342 3312 αὐτόν’
2401 3257 2528 3312 Ἵνα
2577 3259 2634 3310 τι
2674 3258 3034 3312 καταϐαλεῖν
3071 3259 3300 3327 ἐθέλεις
3350 3263 3734 3330 μητρόπολιν

2144 3351 2424 3419 ἰσραήλς
2462 3351 2522 3404 ’0
2547 3349 2624 3416 δὲ,
2657 3352 2758 3403 Διά
2789 3352 2896 3404 τὸν
2927 3351 3132 3417 Σαϐεὲ,
3152 3353 3521 3422 ἀπεκρίνατο.
3561 3352 3623 3405 Ἠ
3658 3351 3728 3415 δὲ,

460 3432 709 3486 omnium
762 3430 1050 3500 copiarum
1093 3431 1396 3499 imperator
1436 3429 1681 3500 eligitur.
1747 3429 1881 3486 Post
1922 3431 2035 3485 ha'c

2149 3443 2282 3514 πρὸς
2315 3443 2440 3506 τοὺς
2465 3443 2688 3505 πολίτας
2716 3439 2965 3507 ἐλθοῦσα,
2993 3443 3170 3498 πείθει
3198 3445 3476 3514 τεμόντας
3503 3445 3603 3516 τὴν
3634 3460 3720 3496 κε-

461 3539 696 3578 annonaa
745 3521 980 3592 penuria
1030 3537 1128 3591 per
1177 3521 1479 3575 triennium
1519 3520 1722 3590 pressit
1750 3521 2037 3592 populum,

463 3617 624 3686 cujus
655 3629 876 3672 causam
911 3613 1218 3684 requirenti
1249 3614 1386 3685 regi,
1412 3615 1714 3683 respondet
1750 3613 1919 3680 Deus,
1968 3613 2040 3668 ob

463 3707 800 3764 Gabaonitas
827 3706 1024 3761 factam
1058 3705 1259 3760 famem
1312 3723 1326 3760 :
1368 3705 1563 3776 eisque
1585 3704 2039 3761 satisfaciendum

465 3816 588 3856 esse
614 3815 714 3870 pro
741 3797 1076 3869 quibusdam
1106 3813 1321 3864 eorum,
1345 3812 1484 3869 quos
1513 3797 1641 3854 Saul
1663 3807 1856 3854 contra
1880 3798 2042 3852 ﬁdem

465 3911 496 3948 a
521 3893 650 3949 Jesu
685 3903 742 3948 et
770 3891 1127 3948 senatoribus
1157 3892 1238 3947 eis
1267 3891 1474 3958 datam,
1501 3891 1816 3948 occidisset.
1856 3891 2046 3960 itaque

468 4001 564 4040 rex
586 3983 920 4040 Gabaonitas
949 3985 1182 4038 accersit
1221 4000 1235 4038 :
1266 3998 1375 4052 qua
1404 3997 1464 4037 re
1500 3981 1760 4038 satisﬁeri
1807 3981 1913 4036 sibi
1947 3997 2046 4036 ve-

477 4077 601 4140 lint,
628 4086 800 4144 rogat.
835 4075 916 4131 Illi
941 4087 1153 4146 septem
1183 4075 1330 4130 viros
1351 4089 1382 4128 e
1405 4073 1593 4128 Saulia
1623 4072 1830 4127 familia
1853 4081 2048 4142 postu-

468 4168 603 4222 lant.
640 4168 750 4223 Eos
778 4167 934 4223 dedit
985 4183 1102 4230 rex,
1150 4176 1211 4220 ut
1255 4165 1556 4236 petierant,
1609 4163 2050 4234 Mempbibosthe

470 4271 821 4317 conservato.
863 4261 1079 4328 Quibus
1104 4259 1372 4330 acceptis,
1404 4258 1637 4324 occisis,
1684 4256 1927 4328 pluviam
1957 4255 2055 4312 de-

475 4355 630 4409 misit
667 4356 836 4410 Deus.
884 4354 1092 4409 Deinde
1116 4354 1276 4422 ,bello
1322 4361 1518 4409 contra
1575 4350 1848 4407 Barbaros
1890 4357 2051 4416 orto,

475 4446 645 4502 David
687 4461 814 4500 eum
841 4461 942 4501 suo
979 4447 1230 4501 exercitu
1265 4445 1454 4500 hostes
1494 4442 1874 4515 persequitur,
1925 4442 2054 4497 fati-

476 4548 636 4610 gatus
660 4539 823 4610 plane
847 4538 1061 4594 viribus
1088 4538 1435 4593 destituitur.
1481 4537 1658 4604 Quem
1683 4536 1765 4592 sic
1789 4535 2051 4591 affectum

477 4633 700 4704 quidam
731 4649 798 4688 ex
824 4633 1078 4688 hostibus
1113 4632 1488 4701 conspicatus,
1521 4631 1591 4686 ad
1639 4647 1766 4686 eum
1792 4631 2054 4686 occiden-

2147 3534 2321 3606 φαλὴν
2345 3534 2538 3597 Σαϐεὲ,
2579 3534 2734 3605 ῥίψαι
2766 3534 2847 3591 είς
2877 3533 2936 3586 τὸ
2971 3537 3361 3604 στρατόπεδον.
3395 3536 3512 3591 Καὶ
3545 3533 3728 3588 τούτου

2147 3627 2451 3698 γεγονότος,
2481 3628 2510 3679 6
2557 3626 2717 3678 Ίωὰϐ
2746 3626 2844 3694 τὴν
2889 3628 3209 3698 πολιορκίαν
3247 3628 3454 3693 λύσας,
3493 3627 3729 3694 ἀπῆλθεν

2146 3715 2640 3787 εεςοιερουσαλὴμ,
2685 3716 2779 3768 καὶ
2826 3715 3123 3788 ἀπεδείχθη
3186 3715 3350 3770 πάλιν
3405 3719 3591 3785 πάσης
3637 3714 3728 3781 τῆς

2148 3810 2434 3879 δυνάμεως
2466 3807 2930 3878 ἀρχιστράτηγος.
2985 3809 3235 3878 Ἐγένετο
3280 3808 3337 3861 δὲ
3375 3808 3519 3878 μετὰ
3565 3806 3726 3858 ταῦτα

2149 3901 2326 3970 λιμὸς,
2353 3901 2446 3952 καὶ
2473 3899 2564 3951 ἐπὶ
2596 3898 2689 3967 ἐτη
2721 3898 2850 3970 τρία
2876 3898 3060 3964 ἐπίεζε
3091 3899 3182 3952 τὸν
3210 3900 3359 3953 λαόν.
3396 3901 3728 3969 Ζητήσαντος

2151 3993 2209 4046 δὲ
2242 3991 2336 4045 τοῦ
2365 3990 2631 4060 βασιλέως
2656 3992 2783 4061 περὶ
2813 3991 3029 4056 τούτου,
3063 3990 3370 4063 δεδήλωκεν
3407 3993 3434 4042 6
3465 3989 3617 4050 Θεὸς,
3649 3985 3726 4037 διὰ

2152 4085 2280 4150 τοὺς
2305 4083 2656 4147 Γαϐαωνίτας
2678 4085 2922 4153 γίνεσθαι
2947 4085 3038 4140 τὸν
3063 4086 3246 4156 λιμὸν,
3273 4087 3370 4140 καὶ
3398 4087 3513 4140 δεῖν
3543 4082 3725 4142 αὐτοὺς

2155 4177 2396 4241 ἐκδικίας
2428 4179 2633 4248 τυχεῖν,
2667 4177 2784 4232 ἀνθ’
2814 4171 2892 4232 ὧν
2919 4179 2948 4231 6
2982 4177 3152 4232 Ezob).
3181 4178 3509 4232 ἀπέκτεινεν
3543 4176 3598 4241 ἐξ
3634 4173 3726 4226 αὒ-

2156 4269 2290 4337 τῶν,
2325 4269 2400 4342 μὴ
2431 4271 2682 4342 τηρήσας
2715 4270 2840 4334 τοὺς
2879 4270 3032 4342 παρὰ
3063 4269 3239 4341 Ἰησοῦ
3275 4270 3374 4325 καὶ
3411 4270 3511 4340 τῆς
3542 4281 3728 4337 γερου-

2160 4361 2283 4426 σίας
2314 4362 2606 4432 γεγονότας
2649 4362 2848 4434 ὅρκους
2895 4363 3098 4420 αὐτοῖς.
3136 4362 3432 4415 Ἐκὰλεσεν
3476 4354 3569 4413 οὖν
3605 4356 3724 4416 τοὺς

2157 4454 2508 4518 Γαϐαωνίτας
2530 4455 2557 4506 ὁ
2579 4453 2853 4525 βασιλεὺς,
2889 4454 2982 4508 καὶ
3007 4453 3056 4507 τί
3079 4453 3144 4507 ἂν
3175 4454 3454 4524 βούλοιντο
3483 4446 3726 4520 γενέσθαι

2160 4547 2345 4612 αὐτοῖς
2387 4547 2620 4602 ἐπύθετο
2673 4549 2754 4610 είς
2799 4545 3088 4616 ἐξίλασμα.
3123 4548 3187 4600 Ol
3233 4547 3291 4601 δέ
3348 4546 3492 4601 ἑπτὰ
3538 4542 3722 4610 ἄνδρας

2160 4642 2369 4714 ᾔτησαν
2403 4642 2624 4712 δοθῆναι
2647 4641 2830 4704 αὐτοῖς
2860 4641 2926 4695 ἐκ
2960 4639 3054 4692 τοῦ
3076 4642 3224 4693 οἴκου
3257 4640 3448 4696 Σαούλ.
3483 4637 3589 4692 Kal
3614 4634 3726 4687 ἔδω-

477 4729 609 4782 dum
654 4727 922 4782 accurrit.
958 4727 1066 4782 Sed
1121 4727 1302 4781 Abesa
1359 4725 1517 4780 .loabi
1573 4724 1767 4790 frater,
1825 4723 2035 4778 defensi

2161 4749 2256 4786 κεν
2284 4732 2465 4794 αὐτοῖς
2496 4732 2523 4784 6
2549 4730 2803 4802 βασιλεὺς
2832 4731 2959 4792 τοὺς
2991 4731 3129 4783 ἑπτὰ
3149 4729 3374 4798 ἄνδρας,
3402 4729 3476 4790 ῶς
3504 4727 3720 4798 ᾔτησαν.

479 4836 629 4892 rege,
666 4821 968 4875 Barbarqu
996 4819 1283 4875 interﬁcit.
1313 4817 1398 4873 0b
1434 4817 1488 4873 id
1509 4818 1631 4888 ejus
1668 4815 1934 4871 satellites
1961 4817 2035 4888 ju-

2161 4823 2254 4877 τοῦ
2285 4794 2638 4894 Μεμφιϐοσθὲ
2687 4823 3034 4893 φεισάμενος.
3081 4825 3143 4876 Οἱ
3183 4794 3265 4888 δὲ,
3309 4794 3563 4882 λαϐόντες
3608 4815 3723 4873 τοὺς

480 4923 626 4976 rant,
654 4928 714 4969 se
743 4912 975 4983 posthac
1009 4929 1120 4967 non
1149 4926 1411 4981 passuros
1453 4924 1583 4965 eum
1637 4908 1781 4964 inire
1822 4907 2055 4963 bellum.

428 4986 437 4997 I
479 5007 736 5063 Barbaris
781 5006 966 5060 denuo
1029 5019 1184 5060 arma
1212 5002 1606 5066 inferentibus,
1654 5015 1750 5055 rex
1783 4999 2058 5070 oppositis

479 5100 596 5155 suis
633 5099 808 5170 copiis
845 5098 1049 5152 multos
1079 5094 1307 5159 occidit,
1335 5093 1580 5164 reliquos
1628 5093 1683 5146 in
1710 5090 1896 5162 fugam
1930 5106 2057 5146 ver-

482 5200 566 5252 tit.
607 5197 720 5252 Nec
751 5196 926 5250 multo
965 5203 1112 5264 post,
1146 5192 1312 5247 iidem
1339 5191 1640 5262 resumptis
1671 5189 1841 5244 armis
1875 5190 2059 5242 incur-

480 5290 693 5344 sionem
752 5289 964 5343 faciunt
1018 5289 1071 5340 in
1125 5301 1285 5356 agros
1361 5285 1758 5348 lsraelitarum,
1821 5281 2058 5336 adducto

481 5399 669 5438 secum
705 5383 974 5454 gigantem
997 5390 1224 5435 staturae
1267 5379 1409 5442 viro,
1443 5378 1536 5448 qui
1593 5391 1756 5431 senos
1794 5357 2058 5428 manuum

483 5486 541 5530 ct
573 5477 772 5546 pedum
806 5475 1011 5545 digitos
1046 5473 1284 5528 habebat
1325 5493 1339 5527 :
1384 5487 1494 5543 quo
1529 5470 1800 5526 Jonathas
1841 5465 2062 5521 Davidis

485 5568 675 5624 fratris
740 5567 888 5622 ﬁlius
919 5569 1102 5623 occiso
1133 5567 1501 5637 spoliatoque,
1554 5559 1918 5632 popularibus
1947 5558 2064 5611 suis

485 5662 777 5716 victoriam
809 5661 1112 5717 faciliorem
1147 5660 1412 5715 reddidit.
1448 5657 1531 5711 Ab
1554 5671 1619 5709 eo
1659 5663 1907 5721 tempore
1943 5650 2062 5704 bel-

487 5755 600 5808 lum
631 5754 834 5808 inferre
864 5754 1089 5809 Barbari
1117 5752 1480 5808 destiterunt.

2159 4916 2384 4987 ἄνδρας.
2416 4915 2769 4980 ἀπέκτειναν,
2800 4917 2892 4969 καὶ
2923 4917 3262 4986 κατήνεγκεν
3291 4917 3319 4968 6
3349 4914 3484 4977 Θεὸς
3509 4911 3596 4964 ἐπὶ
3628 4906 3717 4972 τὴν

2160 5009 2267 5077 γῆν
2296 5007 2472 5062 ὑετόν.
2508 5007 2752 5077 Πολέμου
2785 5007 2841 5060 δὲ
2889 5009 3030 5078 μετὰ
3059 5008 3232 5062 ταῦτα
3265 5007 3558 5077 γενομένου
3597 4998 3720 5068 πρὸς

2163 5099 2517 5169 ἀλλοφύλους,
2544 5099 2574 5151 6
2603 5097 2767 5150 Δαϐὶδ
2793 5098 2933 5167 μετά
2963 5099 3061 5166 τῆς
3093 5100 3297 5162 οἰκείας
3329 5096 3583 5168 στρατιᾶς
3609 5107 3718 5143 κατ·

2159 5189 2344 5255 εδίωξε
2411 5190 2538 5252 τοὺς
2591 5187 2903 5258 πολεμίους.
2949 5186 3059 5241 Kal
3113 5188 3423 5247 κατάκοπος
3474 5177 3714 5253 γεγονὼς.

2166 5282 2392 5349 παρεῖτο
2413 5278 2682 5341 ἐκλυθείςσ
2707 5279 2797 5331 καί
2816 5296 2896 5340 τις
2918 5277 3026 5330 τῶν
3048 5277 3326 5342 ἐναντίων,
3350 5275 3517 5335 οὕτως
3540 5272 3716 5341 ἔχοντα

2163 5373 2253 5426 τὸν
2281 5371 2507 5443 βασιλέα
2533 5368 2677 5433 ἰδὼν,
2709 5369 2936 5440 ὥρμησε
2971 5367 3210 5435 πατάξαι
3243 5368 3426 5422 αὐτόν.
3447 5361 3636 5416 Ἀϐεσὰ
3665 5353 3712 5406 δὲ

2160 5465 2189 5518 ὁ
2219 5461 2643 5532 ἁδελφὸςΊωὰϐ,
2681 5461 3067 5531 ὑπερασπίσας
3092 5461 3185 5512 τοῦ
3218 5459 3496 5530 βασιλέως,
3524 5452 3610 5504 τὸν
3633 5446 3717 5500 ἀλα

2163 5557 2392 5626 λόφυλον
2421 5555 2645 5609 ἔκτεινε.
2686 5555 2791 5608 Kal
2812 5554 2899 5606 διὰ
2933 5553 3091 5606 τοῦτο
3117 5552 3354 5622 ῶμωσαν
3385 5551 3432 5602 οἱ
3471 5544 3588 5615 περὶ⁴
3618 5540 3698 5590 Ar

2168 5649 2273 5711 ϐὶδ,
2314 5646 2514 5717 μηκέτι
2561 5645 2968 5714 παραχωρῆσαι
3002 5644 3162 5698 αὑτὸν
3197 5646 3275 5706 είς
3323 5640 3548 5708 πόλεμον
3578 5627 3709 5692 ἐξελ·-

2167 5741 2301 5797 ὒεῐν.
2331 5743 2442 5794 Kal
2470 5741 2630 5794 πάλιν
2653 5741 2706 5792 δὲ
2741 5741 2848 5792 τῶν
2880 5739 3193 5806 ἀλλοφύλων
3229 5731 3706 5809 στρατευσαμένων,

492 5850 706 5914 στείλας
739 5854 765 5904 ὁ
796 5849 1044 5918 βασιὶεὶκ
1078 5849 1308 5917 στρατὸν
1337 5845 1424 5897 ἐπ’
1453 5841 1669 5903 αὐτοὺς,
1702 5830 1923 5892 πολλοὺς
1963 5830 2060 5898 μὲν
2101 5833 2392 5904 κτανθῆναι
2467 5833 2754 5906 πεποίηκε,
2790 5832 2907 5895 mia;
2937 5831 2990 5884 δὲ
3019 5829 3454 5901 περιλειφθέντας
3515 5831 3701 5892 φυὶέίν’
