3964 6252
269 271 368 338 161
1565 272 1980 334 ANNALIUM
2019 274 2169 336 LIB.
2212 275 2303 336 II.
3423 281 3524 351 162

260 385 617 449 Διαλιπόντες
671 384 731 439 δὲ
792 383 990 456 μικρὸν
1038 384 1088 437 οἱ
1123 382 1437 454 ἀλλόφυλοι.
1485 382 1721 453 ἐπῆλθον
1760 382 1841 434 ἔτι
1877 382 2020 436 κατὰ
2085 386 2190 456 τῆς
2256 387 2442 461 χώρας
2472 392 2582 445 τῶν
2608 392 2979 464 Ἰσραηλιτῶν.
3019 396 3126 450 Καὶ
3155 391 3224 470 ἦν
3257 400 3392 471 παρ’
3422 403 3524 455 αὖ.

240 484 380 544 τοῖς
432 479 773 547 γιγαντιαίος
811 478 970 548 ἀνὴρ,
1018 476 1079 542 ἒξ
1123 477 1421 541 δακτύλους
1464 477 1605 548 ἔχων
1647 478 1706 528 ἐν
1773 476 2016 547 ἑκατέρᾳ
2058 481 2225 549 χειρὶ,
2294 484 2635 553 καὶκόμοίως
2675 487 2735 537 ἐν
2775 490 2888 552 τοῖς
2952 491 3143 544 ποσίν·
3189 484 3234 559 ᾧ
3274 493 3527 563 συμπλα-

262 577 384 638 κεὶς
433 573 700 627 ἰωναθὰν
762 573 1080 642 ἀδελφιδοῦς
1138 574 1233 626 τοῦ
1282 573 1467 639 Δαὸἱδ,
1516 570 1818 627 κατέϐαλεν
1880 572 2066 638 αὐτὸν,
2138 578 2231 628 καὶ
2272 578 2594 647 ἐσκύλευσε,
2666 583 2762 636 καὶ
2806 583 2980 655 ῥοπὴν
3034 586 3171 657 πρὸς
3223 587 3382 660 νίκην
3414 591 3527 654 τοῖς

260 667 560 739 ὁμοφύλοις
598 668 929 738 παρέσχετο.
981 666 1182 720 οὐκέτι
1230 667 1364 735 γοῦν
1409 665 1738 737 προσέθεντο
1794 665 1842 717 οἱ
1882 663 2172 735 ἀλλόφυλοι
2199 674 2311 733 τοῖς
2349 670 2621 742 Ἑϐραίοις
2646 676 3006 746 μαχέσασθαι.

339 763 414 818 Z'.
454 764 695 834 Εἰρήνης
730 763 783 814 δέ
833 761 1023 814 ἔκτοτε
1087 760 1268 831 τυχὼν
1294 765 1321 815 6
1344 761 1528 825 Aa6i6,
1560 760 1702 832 ᾠδὰς
1732 776 1856 813 συν-

2041 761 2149 817 VII.
2202 764 2385 819 Otium
2437 767 2605 837 igitur
2649 780 2844 824 nactus
2895 770 3086 836 David,
3129 773 3263 829 odas
3300 790 3528 847 compo-

262 860 422 914 ἐθετο
457 859 600 926 πρδς
667 855 821 919 Θεὸν,
878 856 973 907 καὶ
1004 853 1215 923 ὄργανα
1252 854 1699 918 κατασκευάσας,
1730 850 1850 921 μετ’

264 951 449 1005 αὐτῶν
508 947 721 1013 ἐδίδαξε
774 948 903 1009 τοὺς
964 947 1199 1009 Λευϊτας
1243 947 1369 1010 τοὺς
1420 944 1628 1015 ὕμνους
1679 944 1849 1016 ᾄδειν.

266 1039 512 1093 Τοιαῦτα
540 1038 584 1091 δ’
613 1034 755 1109 ἦσαν
786 1038 852 1089 τὰ
879 1035 1106 1105 ὄργανα·
1139 1038 1170 1104 ἠ
1205 1036 1303 1105 μὲν
1329 1022 1559 1105 κιννύρα
1585 1035 1852 1103 δεκάχορ-

266 1134 359 1191 δος
404 1129 496 1202 ἦν,
546 1131 642 1184 καὶ
675 1130 941 1199 πλήκτρῳ
994 1130 1274 1197 ἐκρούετο.
1314 1127 1378 1178 Ἢ
1408 1126 1465 1179 δὲ
1525 1125 1718 1192 ναῦλα,
1750 1126 1853 1176 δώο

265 1226 403 1277 δεκα
433 1224 717 1292 φθόγγους
752 1222 977 1291 ἔχουσα,
1030 1225 1144 1284 τοῖς
1195 1221 1477 1281 δακτύλοις
1531 1220 1850 1287 ἐπληττετο.

274 1317 557 1387 Κύμὸαλά
586 1333 647 1369 τε
682 1316 927 1385 ὑπῆρχον
958 1315 1185 1383 χάλκεα,
1225 1312 1436 1382 μεγάλα
1501 1330 1559 1364 τε
1588 1313 1683 1365 καὶ
1715 1311 1853 1364 πλα-

267 1408 395 1460 τὲα.
425 1403 536 1459 Ἦν
575 1406 633 1458 δέ
674 1406 804 1477 περὶ
830 1405 923 1457 τὸν
950 1404 1114 1458 Δαόὶδ
1144 1404 1239 1457 καὶ
1302 1403 1555 1472 σύστημα
1585 1401 1854 1470 γενναίων

269 1500 507 1572 ἀνδρῶν.
542 1499 679 1552 Οίδέ
703 1499 911 1551 τούτων
940 1497 1341 1567 ἐπισημότατοι
1361 1496 1659 1566 τριάκοντα
1693 1493 1855 1561 ἐτύγ-

269 1611 437 1663 χανον
464 1596 560 1646 καὶ
582 1592 743 1655 ἑπτά,
765 1591 814 1644 οἶ
858 1590 1119 1655 πολλάκις
1174 1589 1536 1660 ἠρίστευσαν.
1583 1588 1693 1641 Καί
1722 1602 1853 1640 ποτε

268 1686 591 1753 ἀλλοφύλων
639 1683 997 1755 ὲπὶΒηθλεὲμ
1035 1680 1644 1752 ἐστρατοπεδευκότων,
1673 1683 1701 1733 ό
1754 1679 1855 1748 βα-

272 1778 460 1841 σιλεὺς
488 1779 555 1831 ἐκ
594 1776 687 1829 τοῦ
716 1779 774 1830 ἐν
804 1776 1051 1848 Βηθλεὲμ
1085 1775 1322 1847 φρέατος
1356 1774 1500 1844 ὕδωρ
1541 1774 1686 1827 πιεῖν
1724 1773 1855 1824 ἐπε-

270 1871 511 1940 θύμησε.
545 1870 816 1940 Καὶτρεῑς
848 1872 913 1922 ἐκ
935 1869 1045 1921 τῶν
1070 1868 1200 1939 περὶ
1234 1866 1395 1919 αὑτὸν
1425 1865 1709 1936 ἀνδρείων,
1732 1864 1857 1934 δρα·

272 1957 494 2027 μόντες,
540 1958 637 2011 καὶ
694 1957 868 2026 μέσην
923 1956 1023 2028 τὴν
1080 1956 1190 2010 τῶν
1244 1955 1504 2009 ἐναντίων
1553 1953 1854 2017 διελθόντες

270 2049 656 2121 παρεμδολὴν,
686 2050 1017 2121 ὑδρεύσαντο
1070 2050 1131 2115 ἐξ
1164 2048 1375 2102 ἐκείνου
1433 2047 1529 2101 τοῦ
1591 2047 1851 2119 φρέατος.

1958 852 2093 917 suit,
2136 854 2463 927 Levitasque
2509 860 2890 916 instrumentis
2933 863 3000 916 ad
3041 878 3160 918 eam
3200 881 3312 919 rem
3348 868 3525 932 factis,

1961 944 2196 1014 hymnos
2253 963 2454 1004 canere
2504 950 2713 1006 docuit.
2782 953 3153 1009 Instrumenta
3213 959 3530 1027 hujusmodi

1960 1032 2183 1089 fuerunt
2222 1053 2235 1089 :
2270 1039 2519 1108 cynnira,
2548 1040 2733 1094 decem
2767 1052 2959 1097 ornata
2991 1045 3234 1110 chordis,
3264 1046 3477 1116 plectro
3513 1064 3527 1101 :

1960 1127 2182 1181 nablum
2216 1130 2546 1184 chordarum
2590 1132 2903 1198 duodecim,
2952 1136 3140 1206 digitis
3181 1141 3527 1208 pulsabatur.

1946 1218 2156 1273 Parata
2214 1231 2380 1275 crant
2421 1233 2475 1276 et
2513 1223 2759 1293 cymbala
2806 1240 2970 1291 aerea,
3020 1245 3235 1299 magna,
3286 1232 3528 1303 lataque.

1961 1310 2207 1365 Habebat
2252 1327 2417 1380 porro
2468 1314 2614 1368 circa
2658 1330 2717 1369 se
2765 1325 2967 1370 cmtum
3006 1318 3250 1373 virorum
3303 1321 3528 1377 fortium

1960 1416 2194 1471 quorum
2229 1403 2589 1459 illustrissimi
2623 1408 2849 1477 triginta
2877 1419 2934 1464 et
2968 1422 3175 1479 septem
3211 1428 3325 1466 rem
3354 1429 3529 1483 smpe-

1960 1509 2193 1549 numero
2248 1496 2388 1551 bene
2435 1508 2740 1566 gesserant.
2787 1501 2855 1553 Et
2903 1518 3028 1556 cum
3062 1503 3251 1558 hostes
3291 1506 3528 1574 quodam

1962 1593 2207 1657 tempore
2237 1588 2383 1643 circa
2413 1590 2786 1646 Bethleemam
2830 1603 3010 1648 castra
3061 1595 3401 1664 posuissent,
3430 1613 3530 1651 rex

1959 1692 1991 1732 e
2024 1688 2212 1748 puteo,
2246 1681 2341 1748 qui
2372 1680 2520 1735 circa
2561 1682 2613 1735 id
2646 1683 2908 1752 oppidum
2958 1694 3097 1745 erat.
3137 1701 3334 1756 aquam
3386 1686 3534 1742 desi-

1960 1770 2197 1825 deravit.
2230 1771 2418 1841 itaque
2454 1780 2569 1827 tres
2601 1789 2668 1829 ex
2694 1776 2815 1845 ejus
2849 1777 3184 1833 satellitibus
3226 1794 3326 1848 per
3352 1781 3533 1835 media

1964 1862 2205 1917 hostium
2231 1875 2408 1919 castra
2457 1865 2713 1935 profecti,
2755 1884 2952 1938 aquam
3003 1870 3131 1925 inde
3163 1873 3413 1941 petitam,
3438 1887 3533 1928 ca-

1962 1957 2087 2011 dem
2118 1957 2353 2026 regressi
2381 1958 2489 2023 via,
2524 1959 2783 2015 hostibus
2806 1976 2999 2017 eorum
3023 1963 3254 2018 audacia
3288 1973 3534 2021 conster—

1961 2049 2107 2104 natis
2153 2060 2209 2104 et
2259 2051 2700 2120 quiescentibus.
2734 2054 2849 2124 regi
2890 2057 3222 2111 attulerunt.
3264 2058 3335 2113 At
3389 2059 3527 2114 ille:

274 2144 385 2196 Καὶ
418 2142 578 2207 αὖθις
622 2143 715 2196 διὰ
768 2142 879 2194 τῶν
921 2142 1200 2212 πολεμίων
1249 2141 1518 2207 ἐλθόντες,
1572 2138 1855 2194 καταπλαο

1959 2141 2049 2197 Sic
2071 2145 2355 2212 propitius,
2381 2144 2493 2214 80
2518 2145 2721 2215 inquit,
2756 2148 2825 2200 sit
2861 2149 2987 2202 mihi
3020 2148 3181 2213 Deus,
3236 2158 3295 2203 at
3337 2167 3533 2220 aquam

272 2235 484 2304 γέντων
515 2236 577 2288 τὸ
609 2236 813 2306 θάρσος
857 2234 1058 2297 αὐτῶν,
1091 2233 1187 2287 καὶ
1212 2232 1590 2306 ἠρεμούντων,
1639 2232 1720 2304 τῷ
1754 2232 1854 2303 βα-

274 2327 419 2380 σιλεί
448 2327 512 2379 τὸ
547 2325 695 2397 ὕδωρ
726 2327 1259 2398 προσκεκομίκασιν.
1299 2326 1356 2380 '0
1385 2326 1465 2391 δὲ,
1511 2324 1722 2391 Ἵλεώς
1749 2340 1854 2394 μοι

269 2420 512 2487 Κύριος,
543 2414 720 2483 εἶπεν,
753 2422 825 2475 οὐ
855 2420 1065 2489 πίομαι
1102 2418 1308 2483 τοῦτο,
1362 2419 1566 2488 αΖματι
1599 2417 1717 2472 τῶν
1745 2418 1855 2471 ἀν·-

266 2510 437 2580 ὃρῶν
485 2515 582 2565 καὶ
612 2511 876 2580 κινδύνῳ
906 2510 1025 2565 τῶν
1054 2509 1274 2581 ψυχῶν
1315 2510 1516 2565 αὐτῶν
1543 2508 1852 2579 κομισθέν.

270 2607 393 2658 Οὐκ
433 2604 589 2658 ἔπιεν
639 2603 755 2669 οῦν,
790 2604 905 2657 ἀλλ’
936 2604 1193 2658 ἔσπεισεν
1227 2604 1361 2657 αὐτὸ
1418 2603 1497 2674 τῷ
1539 2602 1678 2672 Θεῷ.
1724 2602 1856 2655 Ἀπ-

272 2698 593 2769 αριθμῆσαι
621 2697 677 2751 δὲ
713 2698 806 2751 τὸν
837 2697 968 2752 λαὸν
1004 2698 1220 2752 ἅπαντα
1262 2696 1565 2767 βουληθεὶς,
1601 2696 1854 2749 ἐκέλευσε

270 2791 371 2843 τὸν
438 2789 599 2843 Ἰωάό
633 2790 862 2861 ποιῆσαι
902 2791 1003 2859 τὴν
1067 2788 1474 2860 ἀπαρίθμησιν.
1526 2786 1635 2842 Τοῦ
1684 2786 1741 2840 δὲ
1782 2786 1856 2857 μὴ

271 2882 667 2946 ἐπαινέσαντος
704 2883 804 2953 τὴν
835 2882 1055 2953 βουλὴν,
1090 2883 1188 2935 καὶ
1217 2882 1318 2952 τὴν
1357 2882 1557 2952 πρᾶξιν
1581 2881 1682 2935 οὐκ
1714 2882 1855 2949 ἀγα-

272 2978 381 3046 θὴν
409 2975 680 3044 λέγοντο;,
712 2978 740 3029 ό
767 2974 1018 3045 βασιλεὺς
1061 2974 1161 3028 οὐκ
1187 2972 1455 3027 ἐπείθετο.
1482 2974 1592 3027 Καὶ
1614 2971 1856 3041 ἀπῆλθεν

272 3070 464 3133 Ἰωά6,
500 3070 595 3122 καὶ
626 3069 902 3139 ἠρίθμησε
930 3067 1021 3121 τὸν
1090 3066 1241 3129 λαὸν,
1296 3064 1393 3119 καὶ
1428 3060 1496 3136 ἦν
1545 3066 1574 3117 ό
1624 3064 1856 3136 ἀριθμὸς

273 3160 506 3233 Ἰσραὴλ
569 3160 909 3214 ὀκτακοσίων
982 3157 1241 3229 χιλιάδων
1296 3156 1507 3226 ἀνδρῶν
1552 3155 1858 3225 δυνάμεωῖν

275 3255 595 3325 σπωμένων
659 3253 960 3323 ῥομφαίαν,
1014 3253 1111 3305 καὶ
1166 3249 1543 3302 πεντακοσίων
1603 3246 1857 3319 χιλιάδων

280 3352 509 3421 ἀνδρῶν
548 3350 807 3421 μαχητῶν
865 3348 975 3401 τῶν
1005 3346 1063 3412 ἐξ
1093 3343 1267 3398 Ἰούδα
1312 3344 1506 3413 φυλῆς.
1539 3337 1673 3395 Εἶτα.
1725 3358 1857 3410 μετ-

271 3444 513 3512 εμέλετο
538 3444 567 3493 ό
594 3441 782 3505 Δαϐὶδ,
821 3440 914 3493 καὶ
949 3438 1218 3508 ὡμολόγει
1245 3435 1647 3505 ἡμαρτηκέναι.
1674 3432 1779 3485 Γὰδ
1800 3432 1856 3485 δὲ

272 3536 305 3586 ὸ
339 3533 633 3601 προφήτης
666 3530 1023 3590 κελεύσαντος
1072 3524 1166 3579 τοῦ
1198 3524 1331 3576 Θεοῦ
1393 3522 1666 3593 ἐπορεύθη
1725 3524 1859 3591 πρός

275 3626 377 3680 τὸν
399 3624 586 3687 Δασὶδ,
620 3623 713 3677 καί
742 3638 928 3691 φησιν·
993 3620 1095 3676 Ἐκ
1139 3616 1318 3686 τριῶν
1355 3618 1583 3671 τούτων
1620 3608 1862 3680 ἕκλεξαι

274 3718 312 3772 ὃ
345 3716 499 3786 πρὸς
536 3714 783 3781 βουλῆς
829 3714 934 3766 σοί
965 3712 1117 3776 ἐστι,
1143 3713 1397 3778 πότερον
1445 3707 1584 3777 αἱρῇ
1608 3707 1708 3760 ἐπὶ
1754 3707 1861 3773 ἐτη

274 3812 437 3864 ἑπτὰ
464 3808 641 3877 λιμὸν
669 3805 924 3862 ἔσεσθαί
968 3820 1069 3858 σοι
1102 3801 1253 3857 κατὰ
1285 3804 1398 3869 τὴν
1420 3800 1641 3870 χώραν,
1681 3798 1720 3867 ἢ
1755 3799 1858 3851 ἐπὶ

275 3922 345 3971 τι
358 3904 445 3968 εἷς
465 3902 665 3971 μῆνας
692 3900 811 3955 ὑπὸ
851 3901 1151 3966 πολεμίων
1183 3894 1524 3957 διώκεσθαι,
1543 3891 1581 3960 ἢ
1603 3890 1864 3946 θάνατον

275 3995 385 4049 ἐπὶ
412 3993 569 4062 τρεῖς
603 3994 828 4062 ἡμέρας
849 3987 1158 4057 ἐνσκῆψαι
1191 4004 1309 4041 σου
1346 3985 1427 4051 τῷ
1453 3981 1602 4049 λαῷ.
1672 3982 1729 4038 '0
1781 3982 1859 4049 δὲ,

277 4089 462 4143 Στεδιά
507 4105 598 4158 μοι
628 4085 918 4151 πάντοθεν,
951 4083 1077 4151 ἔφη,
1112 4080 1250 4134 ἀλλὰ
1276 4078 1487 4150 βέλτιόν
1523 4093 1614 4148 μοι
1634 4077 1714 4139 είς
1760 4076 1861 4139 τὰς

279 4186 477 4253 χεῖρας
532 4179 626 4232 τοῦ
675 4175 809 4231 Θεοῦ
862 4176 1149 4245 ἐμπεσεῖν.
1229 4172 1339 4225 Καὶ
1381 4169 1585 4238 ἐπῆλθε
1629 4168 1861 4230 θάνατος

276 4274 366 4345 τῷ
390 4272 504 4343 λαῷ
535 4271 781 4341 πρωῖθεν
826 4268 929 4330 ἕως
965 4264 1116 4337 ὥρας
1161 4265 1409 4335 ἀριστου,
1445 4262 1541 4314 καὶ
1587 4260 1860 4313 ἀπέθανον

278 4369 354 4420 ἐκ
399 4364 600 4426 παντὸς
651 4361 745 4415 τοῦ
776 4360 906 4414 λαοῦ
967 4358 1206 4429 χιλιάδες
1254 4355 1651 4425 ἐϐδομήκοντα.
1698 4353 1860 4407 Καὶό

280 4457 458 4511 Δαὸὶδ
490 4457 700 4509 ίκὲτευε
739 4452 829 4505 τὸν
865 4451 1017 4515 Θεὸν,
1053 4450 1147 4502 καὶ
1196 4451 1224 4501 ό
1272 4444 1575 4517 ὀλοθρεύων
1628 4444 1862 4512 ἄγγελος

280 4550 368 4620 τῷ
422 4549 560 4613 λαῷ,
588 4546 822 4613 ἐξέτεινε
848 4544 946 4615 τὴν
973 4545 1131 4612 χεῖρα
1147 4539 1311 4594 αὑτοῦ
1343 4538 1437 4591 ἐπὶ
1478 4535 1858 4607 Ἰερουσαλήμ.

287 4640 463 4697 Εἶπεν
515 4639 607 4694 οῦν
657 4642 683 4693 6
713 4637 986 4710 βασιλεύςο
1021 4635 1172 4704 Ἐγὼ
1212 4632 1546 4701 ἡμάρτηκα,
1578 4631 1775 4699 Κύριε,
1826 4634 1859 4686 ὀ

280 4734 534 4804 aerarii"
583 4731 739 4785 τὰδὲ
767 4730 1068 4800 ποίμνιαό
1114 4726 1264 4792 λαός
1309 4727 1423 4793 οὐχ
1487 4723 1855 4794 ἡμάρτοσανο

1954 2234 2092 2287 lianc
2118 2249 2223 2287 non
2255 2234 2450 2299 bibam,
2485 2238 2747 2305 sanguine
2776 2238 3006 2291 virorum
3048 2246 3097 2292 et
3144 2240 3376 2310 periculo
3409 2242 3533 2295 ani-

1958 2342 2171 2380 marum
2209 2343 2394 2381 eorum
2436 2327 2689 2384 allatam.
2718 2330 2911 2399 Neque
2958 2331 3122 2396 bibit,
3176 2334 3273 2387 sed
3334 2334 3534 2388 libavit
3602 2366 3609 2373 ι

1955 2418 2089 2473 Deo.
2144 2417 2274 2473 Post
2323 2418 2495 2473 Joabo
2545 2420 2771 2475 mandat
2819 2430 2879 2475 ut
2932 2422 3194 2491 populum
3250 2431 3530 2477 numeret.

1958 2510 2009 2565 Is
2040 2510 2145 2565 etsi
2183 2511 2238 2565 id
2284 2510 2580 2566 consilium
2611 2510 2979 2581 improbabat.
3032 2522 3089 2568 et
3133 2529 3247 2567 rem
3302 2513 3533 2569 minime

1954 2602 2218 2658 laudabat
2249 2641 2264 2667 ,
2305 2612 2488 2659 tamen
2530 2619 2655 2658 cum
2679 2620 2862 2675 regem
2894 2620 2925 2659 a
2950 2604 3229 2660 sententia
3252 2605 3535 2661 dimovere

1955 2709 2068 2749 non
2101 2703 2307 2764 posset,
2363 2705 2541 2765 paret,
2580 2707 2857 2760 numerat,
2901 2697 3110 2752 invenit
3160 2699 3533 2753 lsraelitarnm

1957 2790 2271 2858 octingenta
2301 2790 2471 2844 millia
2505 2790 2900 2845 bellicosorum
2929 2800 2984 2845 et
3005 2790 3232 2845 fortium
3265 2793 3536 2857 virorum,

1962 2891 2019 2937 et
2045 2884 2346 2953 quingenta
2376 2882 2547 2937 millia
2578 2882 2819 2938 Judaicaa
2850 2882 3046 2947 tribus,
3082 2884 3210 2937 item
3244 2882 3537 2937 bellicoso-

1957 2990 2103 3032 rum.
2137 2976 2337 3031 Verum
2367 2974 2532 3029 David
2564 2975 2746 3029 statim
2778 2974 2905 3028 facti
2966 2976 3262 3043 paenitens,
3304 2990 3362 3029 se
3408 2990 3536 3044 pec-

1959 3083 2113 3122 casse
2146 3066 2462 3130 conﬁtetur,
2510 3077 2568 3121 et
2598 3066 2710 3122 Gad
2756 3066 3025 3136 propheta
3070 3081 3195 3120 eum
3231 3067 3387 3137 jussu
3430 3067 3527 3121 Dei

1958 3172 2247 3229 aggressus
2283 3175 2297 3212 :
2339 3157 2544 3219 Trium,
2581 3157 2781 3227 inquit,
2814 3158 2907 3210 tibi
2952 3173 3130 3210 rerum
3159 3158 3302 3226 optio
3335 3156 3521 3222 datur,

1959 3265 2087 3303 nam
2112 3248 2266 3302 malis
2300 3256 2355 3300 tu
2395 3256 2444 3302 et
2476 3248 2621 3318 regio
2661 3264 2755 3318 per
2807 3249 3141 3318 septennia»:
3174 3247 3315 3315 fame
3342 3248 3532 3315 premi,

1961 3358 2032 3397 an
2062 3358 2155 3413 per
2178 3353 2283 3395 tres
2309 3358 2509 3395 menses
2562 3342 2626 3394 ab
2651 3342 2884 3395 hostibus
2918 3343 3098 3411 urgeri
3138 3356 3156 3393 :
3210 3357 3281 3394 an
3315 3350 3537 3394 mortem

1963 3451 2056 3504 per
2081 3436 2315 3488 triduum
2341 3435 2581 3503 grassari
2603 3438 2656 3489 in
2696 3434 2908 3504 papula.
2952 3434 3032 3488 lbi
3089 3434 3258 3488 David
3292 3432 3535 3501 undique

1967 3543 2024 3581 se
2060 3527 2115 3580 in
2146 3527 2426 3597 angustias
2461 3527 2742 3581 redactum
2777 3542 2898 3580 esse
2944 3527 3222 3595 queritur,
3273 3526 3367 3581 sed
3397 3537 3536 3596 pra:-

1966 3628 2111 3673 stare
2154 3619 2259 3673 sibi
2315 3618 2563 3673 incidere
2619 3620 2674 3672 in
2758 3633 2956 3672 manus
3035 3618 3273 3672 Domini.
3347 3618 3535 3687 Itaque

1966 3724 2144 3766 morte
2168 3724 2474 3783 grassante,
2503 3726 2533 3766 a
2559 3711 2805 3765 diluculo
2834 3726 3006 3778 usque
3039 3710 3256 3779 prandii
3299 3718 3533 3779 tempus,

1963 3821 2029 3860 ex
2091 3809 2240 3858 omni
2290 3804 2491 3873 populo
2541 3803 2885 3872 septuaginta
2958 3802 3127 3854 millia
3192 3800 3530 3854 ceciderunt.

1964 3898 2103 3952 Tum
2143 3897 2333 3961 David,
2382 3911 2506 3950 cum
2550 3896 2779 3964 angelus
2823 3894 3005 3962 populi
3048 3892 3371 3947 interfector
3412 3908 3531 3947 ma-

1963 4005 2095 4045 num
2146 4004 2313 4058 super
2354 3986 2730 4056 Hierosolyma
2768 3984 3128 4046 extendisset,
3181 3985 3293 4038 Deo
3335 3984 3389 4037 in
3415 3985 3533 4040 haec

1962 4082 2132 4138 verba
2182 4081 2512 4151 supplicavit
2550 4098 2564 4134 :
2597 4077 2712 4149 Ego
2733 4084 2937 4148 pastor,
2966 4093 2995 4130 ο
3019 4076 3253 4142 Domine,
3284 4081 3492 4148 peccavi
3512 4092 3534 4133 :

1959 4175 2051 4230 sed
2076 4173 2321 4245 populus,
2361 4187 2489 4242 grex
2532 4187 2700 4232 metu,
2758 4185 2862 4223 non
2909 4170 3157 4239 peccavit.
3212 4169 3324 4239 Ego
3379 4186 3533 4239 paena

1962 4269 2150 4339 dignus
2170 4283 2307 4331 sum,
2334 4282 2438 4319 non
2475 4265 2583 4318 isti.
2627 4263 2739 4317 Hac
2790 4261 3052 4317 maestitia
3111 4262 3253 4332 regis
3288 4263 3534 4330 placatus

1961 4360 2128 4425 Deus,
2158 4359 2302 4412 luem
2330 4356 2692 4425 compescuit,
2726 4363 2783 4408 et
2807 4369 2906 4422 per
2943 4352 3147 4407 Gadem
3208 4354 3532 4423 prophetam

1963 4450 2019 4504 in
2069 4447 2232 4502 Ornae
2273 4444 2512 4501 Jebusaai
2554 4459 2680 4498 area
2712 4450 3032 4497 constructa
3068 4457 3184 4503 ara,
3228 4456 3382 4496 sacra
3414 4441 3533 4498 ﬁeri

1956 4541 2122 4611 jussit
2170 4555 2185 4593 :
2239 4537 2423 4606 itaque
2471 4534 2602 4589 fecit
2634 4533 2802 4588 David
2842 4541 3024 4601 empta
3064 4532 3132 4585 ab
3184 4531 3330 4587 Orna
3384 4549 3533 4600 area,

1961 4648 2072 4704 quo
2113 4632 2167 4686 in
2197 4630 2343 4694 loco,
2386 4635 2447 4681 ut
2475 4626 2753 4695 Josephus
2784 4625 2970 4687 tradit,
3010 4623 3255 4678 Isaacum
3281 4624 3532 4679 Abraha-

1961 4738 2086 4779 mns
2141 4721 2523 4776 immolaturus
2588 4716 2755 4770 fuisse
2814 4715 3162 4785 perhibetur,
3225 4723 3283 4769 et
3363 4713 3531 4769 David

277 4831 534 4899 ἑγὼεῑμι
579 4826 888 4891 κολάσεως
932 4823 1100 4888 ἄξιος
1125 4862 1138 4885 ,
1164 4820 1265 4874 καὶ
1291 4822 1403 4888 οὐχ
1442 4814 1629 4875 οὗτοι.
1682 4822 1856 4874 Δνσω⁴

1965 4817 2138 4873 aedem
2178 4820 2598 4871 constructurus
2635 4819 2754 4863 erat
2807 4808 2909 4862 nisi
2965 4824 2995 4861 a
3052 4808 3165 4863 Deo
3216 4807 3534 4877 prohibitus

283 4924 484 4994 πηθεὶς
545 4921 601 4973 δὲ
643 4918 742 4989 τὴν
793 4916 885 4970 τοῦ
935 4914 1203 4985 βασιλέως
1271 4912 1563 4978 κατάνυξιν
1617 4913 1647 4964 6
1699 4912 1855 4977 Θεὸς,

281 5018 494 5070 ἔπαυσε
529 5016 628 5083 τὴν
657 5010 885 5080 φθορὰν,
914 5009 1009 5062 καὶ
1051 5006 1140 5059 διὰ
1166 5003 1262 5058 τοῦ
1306 5004 1590 5075 προφήτου
1648 5004 1754 5058 Γὰδ
1797 5007 1857 5058 ἐν

281 5116 351 5185 τῇ
385 5112 552 5167 ἇλωνι
581 5108 676 5162 τοῦ
705 5104 1036 5161 Ἰεϐουσαίου
1062 5100 1230 5172 Ὀρνᾶ
1257 5098 1647 5169 θυσιαστήριον
1676 5098 1857 5170 πήξα-

285 5206 415 5260 σθαι
438 5202 718 5263 ἐκέλενοε,
746 5197 839 5251 καὶ
873 5195 1034 5249 θῦσαι
1059 5196 1192 5248 ἐκεῖ.
1226 5192 1339 5245 Καὶ
1369 5190 1630 5260 ἐποίησεν
1680 5188 1854 5253 οὓτως

282 5296 469 5359 Δαϐἰδ,
500 5292 854 5363 ὠνησάμενος
907 5288 1005 5361 τὴν
1054 5287 1235 5342 ἅλωνα
1281 5285 1359 5338 ἐκ
1399 5282 1492 5336 τοῦ
1538 5282 1723 5353 ⁹ορνᾶ.
1766 5280 1855 5344 Ὠς

281 5391 342 5445 δέ
370 5388 633 5459 Ἰώσηπος
661 5381 925 5454 ἔγραψεν,
981 5384 1040 5436 ἐν
1088 5379 1284 5450 ἐκείνῳ
1310 5377 1388 5449 τῷ
1431 5375 1582 5444 τόπῳ
1638 5374 1859 5443 λέγεται

282 5484 515 5552 ἀγαγεῖν
579 5478 836 5549 ’Δόραὰμ
880 5476 973 5530 τὸν
1012 5473 1220 5538 Ἰσαάκ,
1285 5471 1426 5525 ὥστε
1482 5466 1859 5523 ὁλοκαυτῶσαι

283 5576 468 5630 αὐτόν.
526 5572 817 5626 Ἥϐούλετο
865 5568 921 5622 δέ
972 5570 1065 5622 καὶ
1101 5566 1226 5619 ναὸν
1282 5562 1635 5634 οἰκοδομῆσαι
1690 5560 1857 5613 Δαδὶδ

286 5672 402 5725 ἐκεῖ
428 5667 507 5739 τῷ
537 5665 678 5737 Θεῷ,
714 5662 831 5716 ἀλλ’
877 5658 1156 5731 άπεῖρχθη
1198 5656 1335 5730 πρὸς
1371 5654 1468 5709 τοῦ
1514 5653 1671 5709 Θεοῦ.
1711 5653 1856 5722 Πρε-

291 5760 487 5831 δεύτης
511 5757 566 5812 δὲ
606 5755 902 5827 γενόμενος
928 5751 956 5805 ό
978 5750 1143 5805 Δαδὶδ
1174 5750 1400 5820 σφόδρα,
1435 5744 1693 5817 δύσριγος
1748 5743 1854 5797 ὑπὸ

1966 4907 2180 4961 fuisset.
2226 4902 2418 4960 Davidi
2446 4916 2572 4955 cum
2621 4900 2691 4954 ob
2725 4900 2940 4954 senium
2987 4899 3174 4969 algore
3213 4908 3530 4961 vexaretur,

1959 4998 2197 5070 puellam
2268 4994 2558 5062 Abisagem
2628 4991 3030 5060 adiunxerunt,
3097 4989 3255 5060 cujus
3330 5003 3533 5045 concu-

1959 5092 2077 5146 bitu
2149 5090 2445 5144 foveretur.
2499 5083 2605 5139 Sed
2671 5099 2796 5139 cum
2862 5098 2925 5137 ea
2987 5097 3101 5136 rem
3165 5096 3272 5135 non
3339 5079 3533 5133 habuit

1958 5199 2074 5245 rex,
2123 5188 2284 5236 aetate
2344 5177 2560 5233 effetus.
2602 5174 2845 5230 Adonias
2895 5182 3077 5229 autem
3132 5179 3363 5241 quartus
3412 5168 3532 5235 ejus

1957 5274 2142 5336 filius,
2186 5272 2353 5326 homo
2405 5282 2667 5340 perquam
2727 5267 3035 5328 formosus,
3070 5267 3377 5317 commotus
3434 5274 3533 5328 pa-

1959 5368 2061 5424 tris
2108 5365 2296 5427 senio,
2338 5378 2564 5434 regnum
2610 5361 2713 5414 sibi
2757 5356 3028 5419 vindicat,
3080 5349 3252 5407 Joabo
3298 5351 3535 5420 impera-

1958 5472 2076 5517 tore
2115 5467 2171 5515 ct
2212 5457 2512 5513 Abiathare
2554 5452 2812 5523 pontifice
2846 5442 3294 5516 suffragantibus.
3340 5443 3531 5512 Itaque

1956 5552 2127 5611 semel
2176 5548 2464 5622 splendido
2501 5544 2771 5602 sacriﬁcio
2820 5549 3121 5611 apparitio,
3166 5536 3366 5592 fratres
3399 5552 3533 5592 con-

1958 5648 2152 5706 vocat,
2189 5649 2246 5695 et
2294 5637 2530 5694 Judaicae
2580 5633 2757 5687 tribus
2808 5630 3117 5701 principes,
3176 5628 3527 5682 Abiatharem

1958 5737 2089 5792 item
2141 5744 2197 5791 et
2256 5731 2544 5789 Joabum:
2601 5722 2854 5793 Salome,
2912 5723 3063 5780 Gade
3118 5722 3422 5793 propheta,
3471 5734 3530 5778 et
