3964 6252
451 221 549 284 167

1742 213 2072 278 JOANNIS
2110 212 2433 276 ΖΟΝΑΒιΕ

3593 202 3692 266 168

438 347 582 394 orat.
615 336 748 405 Quae
771 349 907 393 vero
931 349 990 392 se
1020 343 1253 392 matrem
1287 335 1408 408 ejus
1457 332 1598 389 falso
1625 331 2012 405 profitebatur,

2121 330 2247 397 ταῖς
2268 329 2563 400 ἀγκάλαις
2581 343 2721 398 μου.
2757 326 2827 382 Τὸ
2856 325 2924 379 δὲ
2959 324 3070 387 ζῶν
3095 322 3166 390 ἐξ
3183 321 3330 394 ἐμοῦ
3359 322 3693 393 ἀφελοῦσα,

438 430 752 486 collaudato
789 429 1020 501 judicio,
1049 429 1438 484 dissectioncm
1484 424 1747 480 maturari
1782 424 2008 494 ﬂagitat.

437 523 519 577 lbi
547 538 638 577 rex
671 537 904 591 puerum
941 521 1216 576 viventem
1249 519 1298 574 ei
1341 518 1481 574 tradi
1515 519 1693 589 jubet,
1721 533 1844 588 (ποτε
1895 515 2012 570 dis-

439 614 743 670 sectionem
776 613 1179 683 deprecabatur
1214 627 1228 664 :
1261 626 1380 666 eam
1415 611 1563 666 enim
1607 625 1728 666 esse
1759 618 2014 673 matrem,

440 721 561 775 qum
591 705 745 775 pueri
774 704 978 760 czedem
1009 713 1292 773 tantopere
1345 701 1747 757 rcformidaret.
1804 700 1864 754 ιιι
1917 713 2018 770 po-

439 799 570 868 pulo
591 797 817 852 evidens
844 806 1229 868 argumentum
1261 795 1365 849 fuit
1394 795 1678 863 sapientiae
1724 793 1887 864 regis,
1921 792 2016 862 qui

441 888 662 959 quidem
692 903 884 942 omnes
920 897 1136 942 veteres
1188 885 1410 956 ingenio
1468 884 1872 954 prudentiaque
1921 898 2019 938 su-

440 981 689 1052 perabat.
727 979 1135 1034 Similitudines
1163 987 1246 1032 ter
1277 977 1424 1031 mille
1450 975 1783 1046 composuit,
1837 976 2017 1030 canti-

440 1073 595 1127 lenas
619 1070 916 1140 quinquies
948 1069 1098 1123 mille
1135 1086 1149 1121 :
1187 1076 1243 1122 et
1283 1081 1314 1121 a
1346 1065 1511 1120 cedro
1544 1064 1865 1134 auspicatus
1923 1079 2020 1119 us-

441 1179 548 1234 que
576 1163 644 1218 ad
677 1163 1000 1233 hyssopum,
1037 1159 1422 1215 describendis
1461 1158 1733 1228 stirpibus
1765 1172 2020 1227 progres-

441 1268 536 1308 sus
557 1262 660 1319 est,
693 1261 1027 1320 naturasque
1056 1249 1374 1322 animalium
1441 1247 1808 1311 terrestrium,
1841 1247 2022 1302 aerio-

441 1365 588 1411 rum,
611 1347 959 1416 aquatilium,
987 1362 1050 1400 ac
1076 1347 1442 1417 proprietates
1469 1343 1798 1416 perquisivit
1846 1353 1903 1399 et
1936 1342 2022 1398 in-

440 1441 680 1511 dagavit.
711 1440 923 1495 invenit
954 1441 1120 1494 etiam
1157 1439 1224 1494 ad
1259 1441 1555 1494 utilitatem
1577 1439 1888 1502 hominum,
1924 1453 2019 1493 ex-

439 1532 786 1586 cantationes
810 1531 1144 1595 dzemonum,
1203 1542 1260 1586 et
1320 1533 1728 1604 adjnrationum
1776 1532 2020 1586 rationes

441 1622 688 1692 reliquit,
739 1623 944 1692 quibus
1001 1623 1269 1680 daemonia
1329 1624 1611 1694 fugentur.
1649 1623 1824 1690 Quam
1860 1637 2021 1678 cura-

442 1714 646 1768 tionem
676 1714 743 1769 ad
803 1731 957 1771 suam
993 1732 1165 1787 usque
1215 1725 1429 1771 aetatem
1474 1716 1702 1772 durasse
1745 1714 2018 1783 Iosephus
2052 1700 2090 1755 Β

439 1806 661 1868 asserit.
691 1816 746 1862 et
773 1806 826 1861 in
854 1807 973 1878 ejus
995 1807 1075 1862 rei
1114 1808 1272 1863 [idem
1308 1808 1621 1880 hujusmodi
1664 1807 2016 1879 experimen-

442 1906 557 1952 tum
638 1909 825 1955 narrat
880 1917 893 1953 :
956 1901 1274 1956 Eleazarum
1334 1901 1627 1972 quemdam
1689 1902 2016 1973 popularem

439 2005 599 2045 suum
627 1992 884 2048 habuisse
918 1993 1208 2059 annulum,
1241 1995 1346 2051 sub
1377 1994 1538 2065 cujus
1564 1995 1686 2064 pala
1736 1995 1889 2049 radix
1927 2010 2018 2051 es-

439 2093 544 2147 set,
584 2100 649 2140 ex
676 2085 742 2140 iis
769 2101 907 2156 quas
928 2086 1269 2142 indicaverat
1313 2084 1597 2153 Salomon,
1655 2087 1749 2157 qui
1789 2087 1835 2141 si
1881 2101 2016 2143 naso

439 2173 764 2229 daemoniaci
800 2175 1210 2242 admoveretur,
1274 2178 1392 2230 solo
1447 2175 1648 2231 olfactu
1702 2192 1801 2247 per
1854 2193 2015 2234 nares

439 2263 757 2318 extraheret
814 2259 1168 2320 dannonium.
1254 2265 1464 2321 Deinde
1524 2265 1834 2323 Salomonis
1873 2268 2014 2324 laeta

440 2355 745 2420 mentione,
774 2355 1038 2411 recitasse
1079 2357 1229 2412 illius
1261 2359 1698 2423 excantationes,
1745 2366 1802 2414 et
1860 2357 2016 2429 adju-

441 2487 597 2528 rasse
626 2471 983 2540 daemonium,
1001 2488 1070 2528 ne
1092 2473 1148 2528 in
1171 2473 1452 2529 hominem
1475 2483 1873 2530 reverteretur.
1899 2473 2014 2532 Hoc

442 2565 498 2620 in
529 2565 848 2636 Vespasiani
889 2574 946 2622 et
985 2565 1225 2621 filiorum
1285 2568 1405 2638 ejus
1461 2577 1760 2637 conspectu
1816 2568 2015 2625 fecisse

442 2657 808 2713 Eleazarum:
845 2666 904 2714 et
946 2668 1008 2713 ut
1055 2658 1165 2712 vim
1217 2668 1410 2714 contra
1467 2658 1744 2715 daemones
1793 2661 2013 2715 insitam

441 2750 724 2819 probaret,
754 2751 1004 2820 posuisse
1049 2751 1309 2820 poculum
1355 2767 1496 2821 aqua
1535 2752 1778 2821 plenum,
1817 2762 1872 2808 et
1900 2754 2017 2824 jus-

441 2842 580 2898 sisse
613 2844 906 2909 daemonio,
951 2852 1011 2898 ut
1042 2859 1321 2913 egressum
1356 2860 1424 2899 ex
1463 2844 1686 2901 homine
1717 2845 1771 2901 id
1801 2856 2018 2901 everte-

444 2945 575 2989 ret:
609 2935 794 3005 itaque
821 2935 1028 2992 factum
1074 2950 1220 3002 esse,
1273 2935 1497 2992 nemine
1559 2946 1819 2994 cernente
1844 2953 1874 2994 a
1904 2952 2015 3008 quo

440 3035 804 3082 everteretur.

2115 425 2195 492 ὡς
2225 423 2447 492 ἑαυτῆς
2472 424 2519 490 ᾠ
2540 421 2849 476 κειώσατο.
2879 419 2985 473 Kal
3016 418 3244 488 γνοῦσα
3279 415 3346 469 τὸ
3364 415 3578 486 Bruma,
3606 414 3695 484 της

2114 516 2194 569 τῶ
2223 517 2329 570 τὸν
2363 514 2566 568 παῖδα.
2615 514 2680 568 Ἥ
2701 511 2767 566 δέ
2795 530 2896 584 μοι
2935 513 3008 566 οὐ
3040 510 3305 564 δίδωσιν.
3352 511 3419 564 Ἦ
3444 507 3496 561 δ’
3527 507 3695 576 ἑτέρα

2115 609 2182 661 τὸ
2211 603 2488 668 ζᾱηοεῖναι
2511 605 2574 660 τὸ
2603 603 2824 674 ἑαυτῆς
2852 602 3094 658 παιδίον
3113 600 3554 670 ἀπισχυρίζετο,
3588 599 3696 666 τῆς

2117 700 2170 754 δ’
2199 699 2507 755 ἀντιδίκου
2535 699 2601 752 τὸ
2639 698 2942 766 τεθνηκός.
2971 696 3078 752 Καὶ
3113 696 3210 750 ἐπὶ
3241 694 3537 749 τοσοῦτον
3557 708 3698 745 κακ-

2117 791 2357 860 ουργίας
2407 788 2494 859 μὴ
2543 786 2838 858 προϐῆναι
2867 787 3177 858 διώμνυτο.
3232 785 3610 856 ’Δπορούντων
3641 783 3695 839 δὲ

2116 883 2224 937 τῶν
2261 883 2722 955 περιεστηκότων,
2753 881 2872 945 πῶς
2917 881 2982 936 ἀν
3027 881 3336 952 διακριθείη
3379 879 3442 932 τὸ
3472 879 3693 950 ἀληθὲς,

2117 975 2146 1028 ὁ
2179 975 2439 1045 βασιλεὺς
2467 975 2588 1046 διχῆ
2629 975 2904 1047 τμηθῆναι
2959 973 3020 1028 τὸ
3064 975 3174 1040 ζῶν
3203 973 3414 1027 παιδίον
3447 974 3697 1044 μαχαίρᾳ.

2119 1072 2394 1137 ἐκέλευσε,
2420 1071 2514 1124 καὶ
2539 1072 2640 1126 ἀνὰ
2667 1071 2832 1142 μέρος
2856 1069 3074 1139 δοθῆναι
3107 1068 3345 1140 ἑκατέρᾳ
3376 1068 3485 1120 τῶν
3509 1083 3699 1134 γυναι-

2118 1164 2254 1217 κῶν.
2287 1164 2457 1218 Τοῦτο
2492 1166 2526 1234 ἠ
2560 1165 2660 1234 μὲν
2708 1164 2916 1234 ἀληθὴς
2959 1163 3052 1216 τοῦ
3089 1162 3329 1234 βρέφους
3377 1164 3563 1233 μήτηρ
3599 1161 3698 1232 βαρ

2120 1257 2260 1327 ρέως
2291 1257 2514 1327 ῆνεγκε,
2541 1257 2636 1308 καὶ
2672 1257 2970 1326 παρῃτεῖτο
2996 1254 3096 1325 τὴν
3122 1254 3324 1324 ψῆφον,
3353 1256 3449 1308 καὶ
3475 1253 3698 1323 δοθῆναι

2120 1347 2230 1413 ζῶν
2261 1347 2320 1400 τὺ
2361 1347 2576 1400 παιδίον
2604 1349 2669 1418 τῇ
2700 1347 2959 1415 ἀντιδίκῳ
2996 1345 3258 1399 ἱκέτευεν.
3302 1347 3369 1398 Ἥ
3401 1344 3454 1398 δὲ
3485 1343 3697 1414 ψευδῶς

2119 1440 2316 1508 ἑαυτὴν
2353 1438 2566 1510 μητέρα
2603 1436 2696 1490 τοῦ
2741 1439 2930 1498 παιδὸς
2973 1437 3336 1506 όνυμάζουσα,
3368 1438 3463 1488 καὶ
3505 1434 3699 1507 ἐπῄνει

2117 1530 2217 1602 τὴν
2257 1530 2460 1602 κρίσιν,
2489 1531 2585 1583 καὶ
2615 1528 2916 1583 ὲπέσπευδε
2961 1528 3059 1600 τὴν
3089 1528 3374 1598 διαίρεσιν.
3404 1526 3515 1580 Καὶ
3538 1530 3566 1580 ὁ
3599 1526 3700 1596 βα·

2123 1625 2306 1688 σιλεὺς
2339 1622 2564 1694 δοθῆναι
2590 1622 2698 1686 ζῶν
2727 1623 2788 1675 τὸ
2820 1621 3032 1676 παιδίον
3061 1621 3366 1690 προσέταξε
3401 1623 3466 1691 τῇ
3496 1637 3703 1691 παραι-

2124 1720 2362 1791 τουμένη
2389 1718 2488 1790 τὴν
2514 1718 2722 1772 ἐκείνου
2756 1716 3022 1788 διαίρεσιν
3043 1732 3059 1749 ·
3078 1714 3250 1787 Αὕτη,
3277 1716 3477 1786 φήσας,
3505 1716 3538 1786 ή
3574 1714 3703 1768 τού-

2122 1830 2215 1867 του
2245 1813 2430 1884 μήτηρ
2467 1815 2636 1878 ἐστιν,
2670 1811 2704 1884 ἢ
2748 1809 2843 1865 τοῦ
2887 1809 3076 1873 παιδὸς
3102 1808 3378 1879 σφαγῆναι
3409 1806 3702 1878 μέλλοντος

2123 1906 2494 1977 ύπερήλγησε.
2535 1906 2706 1960 Τοῦτο
2749 1907 2859 1968 πᾶς
2896 1906 2924 1958 ὁ
2952 1903 3080 1968 λαὸς
3124 1902 3352 1975 ἀκριὸὲς
3391 1901 3701 1971 τεκμήριον

2123 1999 2322 2070 ἔσχηκε
2376 2003 2475 2071 τῆς
2526 1998 2620 2054 τοῦ
2667 1997 2934 2071 βασιλέως
2983 1997 3327 2068 φρονήσεως.
3372 1995 3592 2056 Πάντας
3635 1993 3700 2046 δὲ

2121 2093 2249 2156 τοὺς
2299 2091 2433 2162 πρὶν
2489 2091 2570 2156 εἰς
2627 2093 2823 2162 σοφίαν
2873 2090 2968 2144 καὶ
3014 2091 3277 2162 φρόνησιν
3324 2085 3698 2159 ὑπερϐέϐηκε.

2123 2183 2391 2250 Συνέταξε
2421 2184 2479 2239 δὲ
2505 2183 2812 2255 τρισχιλίας
2855 2181 3188 2253 παραϐολὰς,
3215 2182 3309 2233 καὶ
3335 2194 3642 2249 πεντακισχ
3654 2194 3702 2229 ι-

2121 2281 2240 2345 λίας
2271 2279 2436 2352 ᾠδὰς,
2467 2278 2562 2331 καὶ
2593 2276 2700 2330 ἀπὸ
2728 2275 2830 2346 τῆς
2861 2276 3054 2347 κέδρου
3081 2275 3186 2338 ἓως
3265 2270 3521 2325 ὑσσώπου
3571 2287 3703 2323 συν-

2122 2372 2428 2443 εγράψατο,
2455 2371 2552 2425 καὶ
2585 2372 2711 2441 περὶ
2739 2368 2953 2438 φύσεως
2985 2367 3141 2432 ζώων
3170 2366 3278 2419 τῶν
3295 2382 3359 2424 τε
3391 2364 3574 2429 πεζῶν
3607 2363 3702 2416 καὶ

2122 2466 2346 2538 ἀερίων,
2403 2465 2498 2519 καὶ
2547 2464 2781 2533 νηκτῶν,
2831 2460 2927 2516 καὶ
2974 2460 3083 2514 τῶν
3143 2458 3449 2529 ἰδιωμάτων
3515 2457 3698 2512 αύτῶπ.

2121 2565 2352 2636 ἐξήτασε
2384 2563 2477 2616 καὶ
2519 2561 2903 2632 ἐφιλοσόφησε.
2936 2560 3046 2612 Καὶ
3096 2558 3238 2612 κατά
3280 2558 3388 2611 τῶν
3425 2555 3704 2626 δαιμόνων

2125 2657 2423 2727 ἔξεύρηκεν
2475 2654 2714 2726 ἐπῳδὰς,
2752 2655 2832 2716 είς
2883 2652 3190 2723 ἀνθρώπων
3240 2648 3551 2720 ὠφέλειανο
3601 2646 3704 2701 καὶ

2121 2749 2358 2820 τρόπους
2395 2747 2683 2802 κατέλιπεν
2727 2745 3083 2818 ἐξορκώσεων
3105 2785 3122 2810 ,
3171 2743 3260 2809 αἷς
3311 2745 3380 2799 τά
3441 2741 3704 2810 δαιμόνια

2123 2842 2427 2896 ἐδιώκοντο.
2457 2841 2567 2894 Καὶ
2589 2839 2790 2911 ταύτην
2811 2841 2912 2912 τὴν
2935 2839 3306 2911 θεραπείανία)
3321 2833 3508 2908 φησὶνό
3527 2833 3697 2905 Ἰώση-

2124 2951 2224 2998 πος
2275 2934 2372 2988 καὶ
2403 2933 2597 3006 μέχρις
2643 2933 2857 2987 ἐκείνου
2891 2933 3119 3004 ἰσχύεινο
3161 2932 3256 2986 καί
3302 2949 3354 2984 τι
3402 2929 3701 2999 διηγεῖται,

2123 3029 2366 3083 τοιοῦτον
2385 3027 2547 3096 λόγον
2570 3025 2952 3095 πιστούμενος.
2991 3023 3259 3093 Ἐλεάζαρ
3280 3022 3388 3075 τῶν
3405 3016 3702 3091 ὁμοφύλων

441 3117 591 3184 λέγει
609 3118 912 3189 κεκτῆσθαί
931 3137 1054 3173 τινα
1076 3120 1381 3188 δακτύλιον,
1431 3121 1625 3192 ἔχοντα
1648 3121 1752 3176 ὑπὸ
1781 3121 1882 3192 τὴν
1919 3124 2194 3194 σφραγῖδα
2219 3123 2394 3196 ῥίζαν,
2423 3121 2483 3187 ἐξ
2542 3113 2617 3174 ὧν
2643 3119 2887 3184 ὑπέδειξε
2917 3117 3190 3189 Σολομῶνο
3214 3117 3309 3171 καὶ
3331 3116 3524 3170 τοῦτον
3577 3122 3702 3177 ταῖς

444 3212 559 3282 ῥισὶ
589 3209 683 3263 τοῦ
730 3212 1098 3282 δαιμονῶντος
1130 3213 1486 3284 προσφέρειν,
1559 3216 1656 3268 καὶ
1693 3216 1759 3285 τῇ
1820 3212 2086 3287 ὀσφρήσει
2123 3215 2212 3268 διὰ
2260 3213 2369 3268 τῶν
2421 3213 2718 3285 μυκτήρων
2771 3201 2866 3264 τοῦ
2914 3210 3212 3280 πάσχοντος
3267 3209 3587 3275 ὲξέλκισοαι
3641 3206 3704 3261 τὸ

441 3307 740 3378 δαιμόνιον.
776 3303 909 3363 Εἶτα
945 3311 1039 3364 τοῦ
1072 3311 1418 3382 Σολομῶντος
1461 3310 1830 3380 μεμνημένον,
1893 3313 2111 3382 ἐπῳδάς
2165 3328 2224 3364 τε
2267 3309 2448 3378 λέγειν
2502 3307 2563 3373 ἐξ
2623 3301 2698 3364 ὧν
2727 3309 2936 3370 ἐκεῖνος
2969 3306 3244 3369 συνέθετο,
3291 3307 3388 3360 καὶ
3430 3305 3700 3377 ἐξορκοῦν

443 3404 505 3456 τὸ
579 3405 857 3475 δαιμόνιον
907 3407 1106 3477 μηκέτι
1137 3406 1455 3462 ἐπανελθεῖν
1488 3408 1569 3471 είς
1598 3408 1691 3462 τὸν
1727 3407 2034 3478 ἄνθρωπον.
2071 3408 2242 3463 Τοῦτο
2298 3408 2392 3462 καὶ
2455 3404 2867 3461 Οὐεσπασιανοῦ
2898 3402 2995 3458 καὶ
3029 3404 3137 3457 τῶν
3161 3404 3293 3458 υἱῶν
3323 3402 3538 3460 ἐκείνου
3613 3407 3702 3458 ἐν·

445 3493 617 3549 ὠπιον
643 3499 794 3564 λέγει
819 3498 1044 3569 ποιῆσαι
1075 3501 1168 3553 τὸν
1214 3500 1512 3572 Ἐλεάζαρο
1550 3502 1645 3554 καὶ
1672 3499 1883 3554 διδόντα
1914 3502 2015 3573 τῆς
2055 3501 2197 3558 κατὰ
2267 3500 2376 3554 τῶν
2404 3499 2676 3570 δαιμόνων
2713 3497 2898 3567 ίσχύος
2942 3495 3238 3562 ἀπόδειξιν,
3291 3496 3498 3551 τιθέναι
3527 3501 3703 3570 ποτήο

447 3609 563 3663 ριον
619 3592 826 3665 πλῆρες
877 3592 1104 3659 ὓδατος,
1156 3596 1250 3646 καὶ
1295 3594 1613 3649 ἐπιτάσσειν
1683 3593 1760 3664 τῷ
1809 3595 2026 3665 δαίμονι
2104 3594 2450 3666 ὲξερχομένῳ
2506 3591 2602 3646 τοῦ
2645 3592 2970 3662 πάσχοντος,
3019 3591 3320 3662 ἀνατρέψαι
3371 3591 3526 3658 αὐτὸ,
3603 3594 3701 3648 καὶ

443 3684 846 3750 ἀνατρέπεσθαι
905 3683 967 3736 τὸ
1015 3685 1308 3755 ποτήριον,
1359 3684 1590 3755 μηδενὸς
1637 3684 1878 3756 δρῶντος
1930 3687 2021 3740 τὸν
2058 3687 2457 3758 ἀνατρέποντα.

523 3776 1077 3833 lXJEdificationem
1125 3777 1313 3849 templi
1356 3779 1670 3850 auspicatus
1711 3787 1794 3834 est
1817 3789 2015 3849 quarto
2040 3791 2086 3853 α

443 3888 588 3928 anno
613 3871 769 3943 regni
799 3873 908 3936 sui,
941 3887 1086 3928 anno
1107 3880 1232 3943 post
1258 3874 1466 3928 exitum
1485 3872 1670 3943 populi
1693 3889 1762 3929 ex
1783 3871 2017 3945 Egypto

443 3965 988 4034 quadringentesimo
1011 3965 1452 4036 quadragesimo.
1487 3966 1693 4021 Verum
1721 3965 1792 4019 de
1815 3965 2016 4035 spatio,

445 4054 736 4109 altitudine
767 4064 826 4109 et
855 4054 1220 4124 longitudine,
1255 4053 1544 4123 formaque
1573 4055 1716 4124 ejus,
1747 4069 1856 4108 non
1888 4070 2020 4109 con-

446 4144 693 4199 sentiunt
729 4143 941 4214 Regum
983 4143 1123 4198 liber
1184 4143 1400 4209 tertius,
1456 4151 1513 4198 et
1565 4143 1839 4213 Iosephus
1876 4143 2019 4198 libro

446 4235 837 4304 Autiquitafum
865 4242 1083 4300 octavo,
1114 4233 1208 4289 ubi
1237 4233 1306 4288 de
1334 4234 1537 4304 templo
1560 4235 1756 4290 scribit
1789 4251 1804 4300 ;
1839 4235 1934 4290 sed
1962 4235 2018 4290 in

446 4325 559 4396 84
582 4326 859 4394 plerisque
891 4326 1224 4395 discrepant.
1259 4326 1432 4392 Quam
1477 4340 1669 4380 eorum
1714 4325 2020 4382 dissensio-

447 4432 596 4480 nem,
631 4424 689 4470 et
719 4417 845 4478 alia.
877 4426 938 4470 ut
960 4416 1028 4470 de
1057 4417 1274 4472 duobus
1307 4417 1582 4472 Cherubis
1627 4416 1816 4472 aureis
1872 4418 2019 4472 circa

447 4508 606 4575 adyta
639 4505 940 4570 collocatis,
961 4505 1030 4560 de
1059 4521 1210 4569 arca,
1236 4505 1305 4560 de
1333 4507 1470 4561 mari
1501 4521 1678 4571 aeneo,
1733 4507 1802 4562 de
1847 4507 2021 4577 pelvi-

449 4599 572 4665 bus,
603 4600 670 4654 de
706 4598 1081 4667 magnitudine
1104 4599 1294 4654 altaris
1321 4599 1482 4665 aenei,
1515 4599 1585 4654 de
1617 4599 1793 4655 forma
1837 4615 2019 4656 aurea:

450 4707 675 4758 mensae,
703 4699 759 4746 et
778 4707 900 4761 quae
932 4707 1058 4746 vasa
1087 4707 1255 4746 aurea
1284 4701 1341 4746 et
1370 4700 1629 4762 argentea
1679 4692 1882 4762 templo
1922 4692 2020 4748 Sa-

446 4785 632 4839 lomon
649 4783 940 4848 dedicarit,
974 4785 1069 4854 qui
1109 4784 1380 4838 curiosius
1405 4799 1741 4853 cognoscere
1761 4785 2016 4851 voluerit,

449 4879 495 4934 is
511 4894 576 4934 ea
611 4878 665 4932 in
688 4878 851 4933 tertio
873 4877 1015 4932 libro
1049 4879 1279 4948 Regum,
1310 4888 1366 4932 et
1388 4877 1442 4932 itt
1470 4877 1694 4947 Josephi
1717 4879 2022 4949 Antiquita-

449 4973 588 5025 tibus
610 4978 863 5025 accurate
885 4969 1158 5040 descripta
1188 4970 1451 5025 inveniet.
1473 4969 1701 5039 Temple
1721 4988 1844 5026 cum
1867 4971 2016 5028 omni

2186 3779 2264 3833 8'.
2293 3778 2535 3848 Ἤρξατο
2565 3777 2622 3830 δὲ
2673 3777 2773 3847 τῆς
2825 3775 3115 3846 οἰκοδομῆς
3167 3775 3261 3831 τοῦ
3287 3776 3418 3832 ναοῦ
3459 3779 3609 3833 και-ἀ
3637 3782 3701 3834 τὸ

2117 3872 2377 3939 τέταρτον
2415 3870 2531 3932 ἔτος
2559 3869 2660 3938 τῆς
2686 3868 2962 3939 βασιλείας
2990 3869 3180 3936 αὑτοῦ,
3218 3870 3358 3940 μετὰ
3381 3871 3478 3942 ἔτη
3506 3874 3610 3944 τῆς
3640 3873 3703 3938 ἐξ

2121 3964 2404 4032 Αἰγύπτου
2457 3963 2859 4033 ὑποχωρήσεως
2898 3962 2992 4017 τοῦ
3037 3961 3170 4018 λαοῦ
3212 3964 3538 4034 τετρακόσια
3572 3981 3704 4019 τεσ-

2123 4055 2454 4123 σαράκοντα.
2493 4054 2632 4125 Περὶ
2681 4053 2740 4108 δὲ
2787 4052 2882 4107 τοῦ
2937 4056 3140 4124 μέτρου
3171 4053 3267 4107 τοῦ
3299 4053 3467 4123 ὕψους
3497 4056 3699 4123 αὑτοῦ,

2122 4147 2216 4200 καὶ
2253 4144 2351 4198 τοῦ
2401 4145 2631 4215 μήκους,
2687 4145 2781 4199 καὶ
2835 4144 2933 4213 τῆς
2967 4143 3161 4198 τούτου
3197 4146 3572 4218 κατασκευῆς,
3599 4151 3702 4222 οὐχ

2121 4236 2497 4307 ὁμοφωνοῦσιν
2539 4236 2592 4310 ἡ,
2617 4253 2678 4290 τε
2698 4237 2856 4308 τρίτη
2894 4235 3004 4289 τῶν
3035 4235 3332 4291 Βασιλειῶν
3380 4241 3474 4293 καὶ
3503 4239 3703 4314 Ἰὡσηυ

2121 4347 2221 4394 πος
2243 4332 2302 4384 ὲν
2325 4328 2402 4401 τῷ
2429 4329 2600 4400 ὀγδόῳ
2625 4329 2770 4400 λόγῳ
2797 4329 2896 4398 τῆς
2921 4329 3388 4399 Ἀρχαιολογίας,
3433 4335 3564 4405 περὶ
3600 4335 3701 4390 τοῦ

2120 4421 2252 4476 ναοῦ
2279 4422 2752 4493 συγγραφόμενος,
2790 4420 2906 4474 ἀλλ’
2936 4423 2994 4473 έν
3022 4424 3138 4486 τοῖς
3163 4421 3375 4476 πλείοσι
3407 4423 3702 4496 διαφέρον-

2119 4531 2230 4569 ται.
2277 4515 2335 4568 '0
2365 4516 2423 4568 δὲ
2451 4516 2518 4569 τὰ
2556 4511 2687 4583 περὶ
2722 4511 2822 4581 τῆς
2847 4511 3111 4581 διαφορᾶς
3145 4514 3280 4584 πρὸς
3311 4513 3510 4585 βουλῆς
3535 4519 3700 4590 ἀκρι-

2123 4604 2424 4675 ϐώσασθαι,
2482 4609 2576 4661 καὶ
2634 4613 2762 4682 περὶ
2791 4614 2900 4666 τῶν
2933 4613 3028 4667 δύο
3084 4615 3370 4685 Χερουϐὶμ
3418 4616 3454 4670 ἃ
3482 4621 3698 4687 χρυσοῦ

2123 4701 2356 4771 ποιήσας
2387 4703 2530 4756 κατά
2555 4702 2615 4755 τὸ
2638 4703 2834 4758 ἄδυτον
2866 4707 3086 4776 ἔστησε,
3126 4708 3222 4761 καὶ
3251 4710 3498 4778 περὶτῆς
3526 4715 3699 4767 κιϐω-

2119 4793 2236 4859 τοῦ,
2268 4795 2363 4846 καὶ
2394 4795 2490 4861 τῆς
2523 4795 2734 4866 χαλκῆς
2785 4798 3083 4868 Θαλάσσης,
3141 4800 3236 4854 καὶ
3263 4801 3373 4854 τῶν
3421 4801 3695 4873 λούτρων,

2120 4887 2212 4938 καὶ
2269 4885 2499 4954 πηλίκον
2548 4882 2616 4958 ἦν
2652 4887 2712 4942 τὸ
2743 4889 2974 4959 χάλκεον
3027 4892 3431 4965 θυσιαστήριον,
3467 4897 3558 4950 οἶα
3586 4895 3634 4949 δ’
3662 4899 3696 4967 ἡ

2118 4977 2372 5049 τράπεζα
2429 4979 2462 5049 ή
2515 4980 2717 5050 χρυσῆ,
2768 4984 2860 5033 καὶ
2898 4983 2998 5035 ὅσα
3023 4986 3193 5053 σκεύη
3226 4984 3476 5056 ἀργύρεά
3504 5003 3565 5039 τε
3595 4989 3698 5042 καὶ⁹

447 5074 645 5118 ornatu
681 5064 841 5118 annis
865 5073 1074 5131 septem
1130 5061 1395 5132 perfecto,
1449 5064 1762 5133 populoque
1801 5081 1830 5119 a
1885 5080 2013 5134 rege

2121 5043 2328 5138 χρύσεα
2355 5043 2608 5139 Σολομῶν
2636 5043 2859 5126 ἀνέθετο
2880 5072 2956 5142 τῷ
2987 5074 3121 5144 ναῷ,
3168 5043 3423 5148 ὲαίτὶερι
3448 5077 3558 5131 τῶν
3589 5079 3661 5132 ἄλ

449 5155 821 5226 Hierosolyma
855 5163 1178 5217 convocato,
1215 5154 1527 5210 sacerdotes
1553 5171 1730 5210 arcam
1753 5165 1805 5211 et
1832 5157 2014 5211 taber-

446 5248 704 5300 naculum
735 5260 764 5299 a
795 5245 945 5299 Mose
981 5244 1144 5309 facta,
1173 5256 1229 5300 et
1258 5259 1412 5300 sacra
1450 5261 1576 5300 vasa
1629 5246 1684 5300 in
1744 5245 2008 5315 templum

448 5340 868 5406 transtulerunt,
913 5353 1040 5409 rege
1082 5349 1140 5394 et
1193 5339 1342 5395 omni
1386 5340 1591 5410 populo
1640 5338 2009 5409 praecedente,

2120 5159 2226 5212 λων
2245 5201 2260 5225 ,
2289 5162 2322 5228 ή
2350 5161 2506 5231 τρίτη
2533 5161 2645 5214 τῶν
2674 5163 2970 5220 Βασιλειῶν
3007 5165 3209 5236 βίϐλος.
3248 5170 3341 5220 καὶ
3394 5169 3694 5240 ἀρχαιολο-

2119 5251 2234 5319 γῶν
2263 5253 2292 5304 ὁ
2339 5253 2602 5321 Ἰώσηπος
2632 5256 2925 5327 ἀρκέσουσι
2973 5260 3431 5331 παραστήσασθαι
3466 5264 3569 5333 τὴν
3602 5267 3678 5336 ἐφ

2119 5345 2336 5414 ἑκάστῳ
2371 5345 2681 5415 ἀκρίσειαν.
2732 5347 2820 5400 Ἐν
2843 5347 2990 5402 ἔτεσι
3038 5350 3096 5403 δὲ
3132 5349 3274 5405 ἑπτὰ
3309 5352 3635 5417 συντελέσας
3662 5356 3695 5410 ὁ

445 5429 628 5484 levitis
656 5431 957 5486 libantibus
996 5440 1053 5486 et
1089 5433 1449 5489 suﬂientibus.
1469 5434 1630 5498 Arcu,
1651 5433 1707 5487 in
1755 5447 1862 5502 qua
1891 5433 2012 5486 duze

2121 5433 2369 5505 βασιλεὺς
2403 5438 2492 5491 τόν
2527 5455 2588 5491 τε
2621 5439 2747 5492 ναὸν
2774 5442 2866 5494 καὶ
2894 5442 2991 5494 ὅσα
3029 5445 3156 5511 περὶ
3188 5445 3422 5506 ἐκεῖνον,
3453 5448 3694 5501 συνεκά-

443 5521 673 5591 lapidea:
707 5522 904 5577 tabula:
951 5524 1186 5590 inerant,
1252 5526 1306 5580 in
1369 5525 1591 5596 adytum
1641 5523 1878 5592 reposita
1923 5532 2011 5577 est

2121 5526 2239 5581 λεσε
2261 5530 2353 5581 τὸν
2385 5529 2514 5582 λαὸν
2544 5531 2625 5593 είς
2665 5529 3036 5603 Ἰεροσόλυμα.
3064 5535 3175 5587 Καὶ
3205 5534 3441 5606 ἄραντες
3461 5536 3563 5608 τὴν
3599 5555 3692 5594 κι-

445 5615 588 5670 inter
612 5614 750 5670 duos
776 5614 1081 5672 Cherubos.
1118 5617 1510 5673 Sacerdotibus
1550 5616 1772 5686 adytum
1821 5630 2008 5684 egres-

2121 5615 2289 5667 5mm
2315 5617 2363 5667 οί
2397 5617 2584 5688 ίερείς,
2614 5619 2712 5671 καὶ
2737 5619 2835 5690 τὴν
2867 5622 3072 5694 σκηνήν
3097 5622 3163 5694 ῆν
3191 5615 3431 5694 ἐπήξατο
3453 5627 3688 5697 Μωσῆς,

443 5705 540 5772 sis,
572 5705 770 5763 domus
801 5708 972 5778 gloria
999 5710 1216 5764 Domini
1251 5711 1457 5779 repleta
1480 5718 1586 5774 est,
1611 5717 1668 5762 et
1696 5707 1871 5762 nubes
1909 5707 2007 5762 toti

2121 5707 2304 5760 καὶτὰ
2334 5708 2392 5760 ὲν
2425 5712 2545 5772 ταῖς
2575 5709 2788 5778 θυσίαις
2821 5713 3239 5786 ὑπηρετούμενα
3298 5716 3490 5788 σκεύη,
3541 5720 3687 5788 πρὸς

530 5805 603 5871 (α)
633 5807 708 5859 De
738 5807 814 5859 his
845 5820 957 5871 quae
983 5807 1066 5858 hic
1085 5807 1302 5858 Zonaras
1325 5819 1387 5858 ex
1417 5802 1639 5867 Josepho
1661 5811 1825 5856 narrat
1850 5806 1962 5857 vide
1988 5806 2366 5858 Testamentum
2394 5809 2670 5860 Salomonis
2696 5809 2994 5874 PatrolOgta
3017 5815 3134 5861 tom.
3159 5809 3344 5863 CXXII.
