  <div class='ocr_page' id='page_1' title='image "/cluster/home/n/w/nwhite01/storage/ocr_20150623/134/mdp.39015032023197/093.png"; bbox 0 0 3964 6252; ppageno 0'>
   <div class='ocr_carea' id='block_1_1' title="bbox 479 328 3811 427">
    <p class='ocr_par' dir='ltr' id='par_1_1' title="bbox 479 328 3811 427">
     <span class='ocr_line' id='line_1_1' title="bbox 479 328 3811 427; baseline -0.005 -22"><span class='ocrx_word' id='word_1_1' title='bbox 479 416 485 427; x_wconf 86' lang='lat'>_</span> <span class='ocrx_word' id='word_1_2' title='bbox 529 341 646 405; x_wconf 66' lang='lat'><strong><em>.171</em></strong></span> <span class='ocrx_word' id='word_1_3' title='bbox 978 385 1015 409; x_wconf 84' lang='lat'><strong>.</strong></span> <span class='ocrx_word' id='word_1_4' title='bbox 1298 333 1302 338; x_wconf 59' lang='grc'><strong>’</strong></span> <span class='ocrx_word' id='word_1_5' title='bbox 1872 333 2197 398; x_wconf 78' lang='lat' dir='ltr'><strong><em>JOANNIS</em></strong></span> <span class='ocrx_word' id='word_1_6' title='bbox 2237 331 2559 392; x_wconf 65' lang='lat' dir='ltr'><strong><em>ZONMlsE</em></strong></span> <span class='ocrx_word' id='word_1_7' title='bbox 3714 328 3811 392; x_wconf 73' lang='grc'><strong><em>172</em></strong></span> 
     </span>
    </p>
   </div>
   <div class='ocr_carea' id='block_1_2' title="bbox 532 442 2128 529">
    <p class='ocr_par' dir='ltr' id='par_1_2' title="bbox 532 450 2128 529">
     <span class='ocr_line' id='line_1_2' title="bbox 532 450 2128 529; baseline -0.01 -11"><span class='ocrx_word' id='word_1_8' title='bbox 532 460 740 518; x_wconf 58' lang='lat' dir='ltr'><strong><em>«liuenti</em></strong></span> <span class='ocrx_word' id='word_1_9' title='bbox 771 459 859 513; x_wconf 78' lang='lat' dir='ltr'><strong><em>tibi</em></strong></span> <span class='ocrx_word' id='word_1_10' title='bbox 894 472 1113 528; x_wconf 82' lang='lat' dir='ltr'><strong><em>regnum</em></strong></span> <span class='ocrx_word' id='word_1_11' title='bbox 1138 456 1382 527; x_wconf 80' lang='lat' dir='ltr'><strong><em>eripiam,</em></strong></span> <span class='ocrx_word' id='word_1_12' title='bbox 1413 455 1474 509; x_wconf 83' lang='lat' dir='ltr'><strong><em>ob</em></strong></span> <span class='ocrx_word' id='word_1_13' title='bbox 1508 462 1716 526; x_wconf 81' lang='lat' dir='ltr'><strong><em>patrem</em></strong></span> <span class='ocrx_word' id='word_1_14' title='bbox 1750 461 1918 529; x_wconf 82' lang='lat' dir='ltr'><strong><em>tuum.</em></strong></span> <span class='ocrx_word' id='word_1_15' title='bbox 1945 450 2047 507; x_wconf 85' lang='lat' dir='ltr'><strong><em>Sed</em></strong></span> <span class='ocrx_word' id='word_1_16' title='bbox 2078 459 2128 503; x_wconf 89' lang='lat' dir='ltr'><strong><em>te</em></strong></span> 
     </span>
    </p>
   </div>
   <div class='ocr_carea' id='block_1_3' title="bbox 2229 442 3814 529">
    <p class='ocr_par' dir='ltr' id='par_1_3' title="bbox 2230 442 3814 514">
     <span class='ocr_line' id='line_1_3' title="bbox 2230 442 3814 514; baseline -0.002 -13"><span class='ocrx_word' id='word_1_17' title='bbox 2230 448 2403 502; x_wconf 82' lang='grc' dir='ltr'><strong><em>δώσω</em></strong></span> <span class='ocrx_word' id='word_1_18' title='bbox 2440 444 2638 513; x_wconf 79' lang='grc' dir='ltr'>αὐτὴν</span> <span class='ocrx_word' id='word_1_19' title='bbox 2659 444 2738 510; x_wconf 83' lang='grc' dir='ltr'>τῷ</span> <span class='ocrx_word' id='word_1_20' title='bbox 2777 442 2975 510; x_wconf 68' lang='grc' dir='ltr'>δούλῳ</span> <span class='ocrx_word' id='word_1_21' title='bbox 3006 451 3151 498; x_wconf 81' lang='grc' dir='ltr'>σου.”</span> <span class='ocrx_word' id='word_1_22' title='bbox 3179 444 3263 498; x_wconf 85' lang='grc' dir='ltr'><strong><em>Οὐ</em></strong></span> <span class='ocrx_word' id='word_1_23' title='bbox 3287 443 3363 497; x_wconf 85' lang='grc' dir='ltr'>σὲ</span> <span class='ocrx_word' id='word_1_24' title='bbox 3383 442 3451 497; x_wconf 86' lang='grc' dir='ltr'>δὲ</span> <span class='ocrx_word' id='word_1_25' title='bbox 3491 442 3681 505; x_wconf 80' lang='grc' dir='ltr'><em>ζῶντα</em></span> <span class='ocrx_word' id='word_1_26' title='bbox 3707 447 3814 514; x_wconf 78' lang='grc' dir='ltr'>τὴν</span> 
     </span>
    </p>
   </div>
   <div class='ocr_carea' id='block_1_4' title="bbox 536 537 2128 619">
    <p class='ocr_par' dir='ltr' id='par_1_4' title="bbox 536 546 2125 619">
     <span class='ocr_line' id='line_1_4' title="bbox 536 546 2125 619; baseline -0.007 -12"><span class='ocrx_word' id='word_1_27' title='bbox 536 561 777 615; x_wconf 71' lang='lat' dir='ltr'><strong><em>.mortuo,</em></strong></span> <span class='ocrx_word' id='word_1_28' title='bbox 801 550 910 606; x_wconf 78' lang='lat' dir='ltr'><strong><em>[nec</em></strong></span> <span class='ocrx_word' id='word_1_29' title='bbox 930 548 1045 619; x_wconf 78' lang='lat' dir='ltr'><strong><em>ﬁlio</em></strong></span> <span class='ocrx_word' id='word_1_30' title='bbox 1074 558 1163 602; x_wconf 88' lang='lat' dir='ltr'><strong><em>tuo</em></strong></span> <span class='ocrx_word' id='word_1_31' title='bbox 1185 557 1442 619; x_wconf 88' lang='lat' dir='ltr'><strong><em>regnante</em></strong></span> <span class='ocrx_word' id='word_1_32' title='bbox 1458 547 1674 618; x_wconf 81' lang='lat' dir='ltr'><strong><em>faciam.</em></strong></span> <span class='ocrx_word' id='word_1_33' title='bbox 1702 546 1882 616; x_wconf 85' lang='lat' dir='ltr'><strong><em>Neque</em></strong></span> <span class='ocrx_word' id='word_1_34' title='bbox 1906 560 2125 615; x_wconf 83' lang='lat' dir='ltr'><strong><em>regnum</em></strong></span> 
     </span>
    </p>
   </div>
   <div class='ocr_carea' id='block_1_5' title="bbox 2229 537 3816 619">
    <p class='ocr_par' dir='ltr' id='par_1_5' title="bbox 2231 537 3816 610">
     <span class='ocr_line' id='line_1_5' title="bbox 2231 537 3816 610; baseline -0.002 -16"><span class='ocrx_word' id='word_1_35' title='bbox 2231 540 2429 610; x_wconf 74' lang='grc' dir='ltr'>ἀρχὴν</span> <span class='ocrx_word' id='word_1_36' title='bbox 2465 538 2873 608; x_wconf 57' lang='grc' dir='ltr'>ἀφαιρήσομαι</span> <span class='ocrx_word' id='word_1_37' title='bbox 2906 539 3004 592; x_wconf 80' lang='grc' dir='ltr'>διὰ</span> <span class='ocrx_word' id='word_1_38' title='bbox 3035 537 3144 591; x_wconf 79' lang='grc' dir='ltr'><strong><em>τὸν</em></strong></span> <span class='ocrx_word' id='word_1_39' title='bbox 3174 537 3402 606; x_wconf 73' lang='grc' dir='ltr'>πατέρα</span> <span class='ocrx_word' id='word_1_40' title='bbox 3428 552 3569 591; x_wconf 88' lang='grc' dir='ltr'>σου.</span> <span class='ocrx_word' id='word_1_41' title='bbox 3602 539 3816 591; x_wconf 63' lang='lat' dir='ltr'><strong><em>Garrir-</em></strong></span> 
     </span>
    </p>
   </div>
   <div class='ocr_carea' id='block_1_6' title="bbox 526 629 2128 710">
    <p class='ocr_par' dir='ltr' id='par_1_6' title="bbox 526 638 2128 710">
     <span class='ocr_line' id='line_1_6' title="bbox 526 638 2128 710; baseline -0.007 -10"><span class='ocrx_word' id='word_1_42' title='bbox 526 661 698 701; x_wconf 63' lang='lat' dir='ltr'><strong><em>omne</em></strong></span> <span class='ocrx_word' id='word_1_43' title='bbox 726 656 903 698; x_wconf 89' lang='lat' dir='ltr'><strong><em>tamen</em></strong></span> <span class='ocrx_word' id='word_1_44' title='bbox 927 641 1108 697; x_wconf 82' lang='lat' dir='ltr'><strong><em>abillo</em></strong></span> <span class='ocrx_word' id='word_1_45' title='bbox 1132 641 1400 710; x_wconf 81' lang='lat' dir='ltr'><strong><em>auferam,</em></strong></span> <span class='ocrx_word' id='word_1_46' title='bbox 1430 639 1523 694; x_wconf 86' lang='lat' dir='ltr'><strong><em>sed</em></strong></span> <span class='ocrx_word' id='word_1_47' title='bbox 1562 639 1764 693; x_wconf 84' lang='lat' dir='ltr'><strong><em>duabus</em></strong></span> <span class='ocrx_word' id='word_1_48' title='bbox 1791 638 2022 691; x_wconf 77' lang='lat' dir='ltr'><strong><em>tribubus</em></strong></span> <span class='ocrx_word' id='word_1_49' title='bbox 2078 642 2128 689; x_wconf 86' lang='lat' dir='ltr'><strong><em>et</em></strong></span> 
     </span>
    </p>
   </div>
   <div class='ocr_carea' id='block_1_7' title="bbox 2229 629 3814 710">
    <p class='ocr_par' dir='ltr' id='par_1_7' title="bbox 2229 629 3814 699">
     <span class='ocr_line' id='line_1_7' title="bbox 2229 629 3814 699; baseline -0.003 -13"><span class='ocrx_word' id='word_1_50' title='bbox 2229 650 2335 699; x_wconf 81' lang='grc' dir='ltr'><strong><em>τος</em></strong></span> <span class='ocrx_word' id='word_1_51' title='bbox 2356 630 2425 685; x_wconf 85' lang='grc' dir='ltr'>δέ</span> <span class='ocrx_word' id='word_1_52' title='bbox 2446 648 2586 696; x_wconf 89' lang='grc' dir='ltr'>σου,</span> <span class='ocrx_word' id='word_1_53' title='bbox 2618 630 2806 686; x_wconf 84' lang='grc' dir='ltr'>ταῦτα</span> <span class='ocrx_word' id='word_1_54' title='bbox 2838 631 2937 685; x_wconf 75' lang='grc' dir='ltr'><strong><em>ἐπὶ</em></strong></span> <span class='ocrx_word' id='word_1_55' title='bbox 2974 629 3053 696; x_wconf 81' lang='grc' dir='ltr'>τῷ</span> <span class='ocrx_word' id='word_1_56' title='bbox 3085 630 3195 695; x_wconf 69' lang='grc' dir='ltr'><strong><em>υἱῷ</em></strong></span> <span class='ocrx_word' id='word_1_57' title='bbox 3238 647 3358 685; x_wconf 87' lang='grc' dir='ltr'><strong><em>σου</em></strong></span> <span class='ocrx_word' id='word_1_58' title='bbox 3396 630 3669 698; x_wconf 77' lang='grc' dir='ltr'>ποιήσω·</span> <span class='ocrx_word' id='word_1_59' title='bbox 3721 631 3814 683; x_wconf 77' lang='grc' dir='ltr'><strong><em>καὶ</em></strong></span> 
     </span>
    </p>
   </div>
   <div class='ocr_carea' id='block_1_8' title="bbox 550 728 2129 807">
    <p class='ocr_par' dir='ltr' id='par_1_8' title="bbox 550 728 2129 807">
     <span class='ocr_line' id='line_1_8' title="bbox 550 728 2129 807; baseline -0.009 -14"><span class='ocrx_word' id='word_1_60' title='bbox 550 735 923 807; x_wconf 75' lang='lat' dir='ltr'><strong><em>Hierosolymis</em></strong></span> <span class='ocrx_word' id='word_1_61' title='bbox 958 732 1040 788; x_wconf 88' lang='lat' dir='ltr'><strong><em>illi</em></strong></span> <span class='ocrx_word' id='word_1_62' title='bbox 1069 733 1293 798; x_wconf 73' lang='lat' dir='ltr'><strong><em>relictis,</em></strong></span> <span class='ocrx_word' id='word_1_63' title='bbox 1323 732 1384 785; x_wconf 89' lang='lat' dir='ltr'><strong><em>ob</em></strong></span> <span class='ocrx_word' id='word_1_64' title='bbox 1428 747 1586 785; x_wconf 86' lang='lat' dir='ltr'><strong><em>avum</em></strong></span> <span class='ocrx_word' id='word_1_65' title='bbox 1624 728 1901 793; x_wconf 83' lang='lat' dir='ltr'><strong><em>Dauidem,</em></strong></span> <span class='ocrx_word' id='word_1_66' title='bbox 1950 730 2129 780; x_wconf 85' lang='lat' dir='ltr'><strong><em>decem</em></strong></span> 
     </span>
    </p>
   </div>
   <div class='ocr_carea' id='block_1_9' title="bbox 545 818 2130 900">
    <p class='ocr_par' dir='ltr' id='par_1_9' title="bbox 545 818 2130 900">
     <span class='ocr_line' id='line_1_9' title="bbox 545 818 2130 900; baseline -0.008 -16"><span class='ocrx_word' id='word_1_67' title='bbox 545 829 782 900; x_wconf 85' lang='lat' dir='ltr'><strong><em>reliquas</em></strong></span> <span class='ocrx_word' id='word_1_68' title='bbox 802 842 950 881; x_wconf 84' lang='lat' dir='ltr'><strong><em>servo</em></strong></span> <span class='ocrx_word' id='word_1_69' title='bbox 985 825 1101 895; x_wconf 85' lang='lat' dir='ltr'><strong><em>ejus</em></strong></span> <span class='ocrx_word' id='word_1_70' title='bbox 1141 824 1303 878; x_wconf 86' lang='lat' dir='ltr'><strong><em>dabo.</em></strong></span> <span class='ocrx_word' id='word_1_71' title='bbox 1348 822 1541 892; x_wconf 85' lang='lat' dir='ltr'><strong><em>Neque</em></strong></span> <span class='ocrx_word' id='word_1_72' title='bbox 1584 821 1821 876; x_wconf 87' lang='lat' dir='ltr'><strong><em>multum</em></strong></span> <span class='ocrx_word' id='word_1_73' title='bbox 1865 818 2130 890; x_wconf 85' lang='lat' dir='ltr'><strong><em>temporis</em></strong></span> 
     </span>
    </p>
   </div>
   <div class='ocr_carea' id='block_1_10' title="bbox 541 910 2131 982">
    <p class='ocr_par' dir='ltr' id='par_1_10' title="bbox 541 910 2131 982">
     <span class='ocr_line' id='line_1_10' title="bbox 541 910 2131 982; baseline -0.009 -5"><span class='ocrx_word' id='word_1_74' title='bbox 541 919 885 982; x_wconf 76' lang='lat' dir='ltr'><strong><em>intercessit,</em></strong></span> <span class='ocrx_word' id='word_1_75' title='bbox 899 932 1025 973; x_wconf 89' lang='lat' dir='ltr'><strong><em>cum</em></strong></span> <span class='ocrx_word' id='word_1_76' title='bbox 1043 914 1476 973; x_wconf 82' lang='lat' dir='ltr'><strong><em>Aderlsraelitas</em></strong></span> <span class='ocrx_word' id='word_1_77' title='bbox 1491 914 1635 968; x_wconf 87' lang='lat' dir='ltr'><strong><em>bello</em></strong></span> <span class='ocrx_word' id='word_1_78' title='bbox 1648 913 1877 968; x_wconf 88' lang='lat' dir='ltr'><strong><em>adortus</em></strong></span> <span class='ocrx_word' id='word_1_79' title='bbox 1891 920 1977 967; x_wconf 87' lang='lat' dir='ltr'><strong><em>est</em></strong></span> <span class='ocrx_word' id='word_1_80' title='bbox 2005 910 2131 966; x_wconf 83' lang='lat' dir='ltr'><strong><em>Fuit</em></strong></span> 
     </span>
    </p>
   </div>
   <div class='ocr_carea' id='block_1_11' title="bbox 545 983 2131 1080">
    <p class='ocr_par' dir='ltr' id='par_1_11' title="bbox 545 983 2131 1080">
     <span class='ocr_line' id='line_1_11' title="bbox 545 983 2131 1080; baseline -0.006 -11"><span class='ocrx_word' id='word_1_81' title='bbox 545 1015 594 1069; x_wconf 86' lang='lat' dir='ltr'><strong><em>is</em></strong></span> <span class='ocrx_word' id='word_1_82' title='bbox 622 1013 916 1070; x_wconf 77' lang='lat' dir='ltr'><strong><em>ldumzeus.</em></strong></span> <span class='ocrx_word' id='word_1_83' title='bbox 937 1009 1071 1080; x_wconf 78' lang='lat' dir='ltr'><strong><em>regii</em></strong></span> <span class='ocrx_word' id='word_1_84' title='bbox 1106 1008 1343 1079; x_wconf 78' lang='lat' dir='ltr'><strong><em>generis,</em></strong></span> <span class='ocrx_word' id='word_1_85' title='bbox 1365 1006 1486 1076; x_wconf 87' lang='lat' dir='ltr'><strong><em>qui,</em></strong></span> <span class='ocrx_word' id='word_1_86' title='bbox 1526 983 1767 1060; x_wconf 56' lang='lat' dir='ltr'><strong><em>Davidis‘</em></strong></span> <span class='ocrx_word' id='word_1_87' title='bbox 1787 1004 2131 1074; x_wconf 87' lang='lat' dir='ltr'><strong><em>temporibus</em></strong></span> 
     </span>
    </p>
   </div>
   <div class='ocr_carea' id='block_1_12' title="bbox 536 1095 2130 1169">
    <p class='ocr_par' dir='ltr' id='par_1_12' title="bbox 536 1095 2130 1169">
     <span class='ocr_line' id='line_1_12' title="bbox 536 1095 2130 1169; baseline -0.008 -7"><span class='ocrx_word' id='word_1_88' title='bbox 536 1106 781 1162; x_wconf 68' lang='lat' dir='ltr'><strong><em>ldumasa</em></strong></span> <span class='ocrx_word' id='word_1_89' title='bbox 804 1102 1022 1159; x_wconf 88' lang='lat' dir='ltr'><strong><em>aJoabo</em></strong></span> <span class='ocrx_word' id='word_1_90' title='bbox 1043 1101 1292 1163; x_wconf 83' lang='lat' dir='ltr'><strong><em>subacta,</em></strong></span> <span class='ocrx_word' id='word_1_91' title='bbox 1315 1114 1452 1169; x_wconf 91' lang='lat' dir='ltr'><strong><em>puer</em></strong></span> <span class='ocrx_word' id='word_1_92' title='bbox 1489 1098 1544 1151; x_wconf 89' lang='lat' dir='ltr'><strong><em>in</em></strong></span> <span class='ocrx_word' id='word_1_93' title='bbox 1568 1096 1863 1169; x_wconf 65' lang='lat' dir='ltr'><strong><em>Egyptum</em></strong></span> <span class='ocrx_word' id='word_1_94' title='bbox 1899 1095 2130 1167; x_wconf 83' lang='lat' dir='ltr'><strong><em>aufuge-</em></strong></span> 
     </span>
    </p>
   </div>
   <div class='ocr_carea' id='block_1_13' title="bbox 547 1187 2131 1261">
    <p class='ocr_par' dir='ltr' id='par_1_13' title="bbox 547 1187 2131 1261">
     <span class='ocr_line' id='line_1_13' title="bbox 547 1187 2131 1261; baseline -0.006 -12"><span class='ocrx_word' id='word_1_95' title='bbox 547 1207 654 1261; x_wconf 87' lang='lat' dir='ltr'><strong><em>rat,</em></strong></span> <span class='ocrx_word' id='word_1_96' title='bbox 676 1206 755 1260; x_wconf 91' lang='lat' dir='ltr'><strong><em>et,</em></strong></span> <span class='ocrx_word' id='word_1_97' title='bbox 780 1210 809 1248; x_wconf 88' lang='lat' dir='ltr'><strong><em>a</em></strong></span> <span class='ocrx_word' id='word_1_98' title='bbox 831 1194 1120 1248; x_wconf 82' lang='lat' dir='ltr'><strong><em>Pharaone</em></strong></span> <span class='ocrx_word' id='word_1_99' title='bbox 1137 1189 1372 1259; x_wconf 77' lang='lat' dir='ltr'><strong><em>benigne</em></strong></span> <span class='ocrx_word' id='word_1_100' title='bbox 1400 1196 1689 1258; x_wconf 84' lang='lat' dir='ltr'><strong><em>susceptus</em></strong></span> <span class='ocrx_word' id='word_1_101' title='bbox 1713 1195 1877 1256; x_wconf 89' lang='lat' dir='ltr'><strong><em>atque</em></strong></span> <span class='ocrx_word' id='word_1_102' title='bbox 1906 1187 2131 1240; x_wconf 84' lang='lat' dir='ltr'><strong><em>adama-</em></strong></span> 
     </span>
    </p>
   </div>
   <div class='ocr_carea' id='block_1_14' title="bbox 529 1277 2129 1354">
    <p class='ocr_par' dir='ltr' id='par_1_14' title="bbox 529 1277 2129 1354">
     <span class='ocr_line' id='line_1_14' title="bbox 529 1277 2129 1354; baseline -0.009 -11"><span class='ocrx_word' id='word_1_103' title='bbox 529 1332 532 1336; x_wconf 92' lang='lat'><strong><em>.</em></strong></span> <span class='ocrx_word' id='word_1_104' title='bbox 549 1301 655 1354; x_wconf 89' lang='lat' dir='ltr'><strong><em>tus,</em></strong></span> <span class='ocrx_word' id='word_1_105' title='bbox 670 1300 918 1342; x_wconf 86' lang='lat' dir='ltr'><strong><em>sororem</em></strong></span> <span class='ocrx_word' id='word_1_106' title='bbox 942 1282 1086 1353; x_wconf 85' lang='lat' dir='ltr'><strong><em>regis</em></strong></span> <span class='ocrx_word' id='word_1_107' title='bbox 1103 1279 1592 1352; x_wconf 81' lang='lat' dir='ltr'><strong><em>conjugisuxorem</em></strong></span> <span class='ocrx_word' id='word_1_108' title='bbox 1607 1279 1858 1333; x_wconf 84' lang='lat' dir='ltr'><strong><em>duxerat.</em></strong></span> <span class='ocrx_word' id='word_1_109' title='bbox 1873 1278 1924 1332; x_wconf 87' lang='lat' dir='ltr'><strong><em>ls</em></strong></span> <span class='ocrx_word' id='word_1_110' title='bbox 1942 1277 2129 1348; x_wconf 79' lang='lat' dir='ltr'><strong><em>igitur,</em></strong></span> 
     </span>
    </p>
   </div>
   <div class='ocr_carea' id='block_1_15' title="bbox 545 1370 2131 1442">
    <p class='ocr_par' dir='ltr' id='par_1_15' title="bbox 545 1370 2131 1442">
     <span class='ocr_line' id='line_1_15' title="bbox 545 1370 2131 1442; baseline -0.005 -10"><span class='ocrx_word' id='word_1_111' title='bbox 545 1381 631 1434; x_wconf 80' lang='lat' dir='ltr'><strong><em>vir</em></strong></span> <span class='ocrx_word' id='word_1_112' title='bbox 652 1379 851 1442; x_wconf 83' lang='lat' dir='ltr'><strong><em>iactus,</em></strong></span> <span class='ocrx_word' id='word_1_113' title='bbox 884 1374 1106 1430; x_wconf 88' lang='lat' dir='ltr'><strong><em>Davidis</em></strong></span> <span class='ocrx_word' id='word_1_114' title='bbox 1121 1381 1178 1429; x_wconf 92' lang='lat' dir='ltr'><strong><em>et</em></strong></span> <span class='ocrx_word' id='word_1_115' title='bbox 1196 1372 1359 1429; x_wconf 84' lang='lat' dir='ltr'><strong><em>Joabi</em></strong></span> <span class='ocrx_word' id='word_1_116' title='bbox 1384 1370 1540 1427; x_wconf 90' lang='lat' dir='ltr'><strong><em>obitu</em></strong></span> <span class='ocrx_word' id='word_1_117' title='bbox 1563 1370 1802 1442; x_wconf 88' lang='lat' dir='ltr'><strong><em>cognito,</em></strong></span> <span class='ocrx_word' id='word_1_118' title='bbox 1822 1370 2057 1438; x_wconf 88' lang='lat' dir='ltr'><strong><em>cupidus</em></strong></span> <span class='ocrx_word' id='word_1_119' title='bbox 2075 1370 2131 1424; x_wconf 93' lang='lat' dir='ltr'><strong><em>in</em></strong></span> 
     </span>
    </p>
   </div>
   <div class='ocr_carea' id='block_1_16' title="bbox 535 1462 2129 1541">
    <p class='ocr_par' dir='ltr' id='par_1_16' title="bbox 535 1462 2129 1541">
     <span class='ocr_line' id='line_1_16' title="bbox 535 1462 2129 1541; baseline -0.006 -16"><span class='ocrx_word' id='word_1_120' title='bbox 535 1470 790 1541; x_wconf 85' lang='lat' dir='ltr'><strong><em>.patrium</em></strong></span> <span class='ocrx_word' id='word_1_121' title='bbox 823 1482 1051 1538; x_wconf 87' lang='lat' dir='ltr'><strong><em>regnum</em></strong></span> <span class='ocrx_word' id='word_1_122' title='bbox 1072 1464 1367 1526; x_wconf 87' lang='lat' dir='ltr'><strong><em>redeundi,</em></strong></span> <span class='ocrx_word' id='word_1_123' title='bbox 1393 1479 1425 1519; x_wconf 90' lang='lat' dir='ltr'><strong><em>a</em></strong></span> <span class='ocrx_word' id='word_1_124' title='bbox 1448 1463 1736 1518; x_wconf 82' lang='lat' dir='ltr'><strong><em>Pharaone</em></strong></span> <span class='ocrx_word' id='word_1_125' title='bbox 1764 1462 2129 1525; x_wconf 85' lang='lat' dir='ltr'><strong><em>retinebatur,</em></strong></span> 
     </span>
    </p>
   </div>
   <div class='ocr_carea' id='block_1_17' title="bbox 542 1555 2130 1624">
    <p class='ocr_par' dir='ltr' id='par_1_17' title="bbox 542 1555 2130 1624">
     <span class='ocr_line' id='line_1_17' title="bbox 542 1555 2130 1624; baseline -0.004 -8"><span class='ocrx_word' id='word_1_126' title='bbox 542 1563 725 1617; x_wconf 86' lang='lat' dir='ltr'><strong><em>donec</em></strong></span> <span class='ocrx_word' id='word_1_127' title='bbox 743 1558 1074 1624; x_wconf 88' lang='lat' dir='ltr'><strong><em>Salomonis,</em></strong></span> <span class='ocrx_word' id='word_1_128' title='bbox 1093 1558 1262 1613; x_wconf 84' lang='lat' dir='ltr'><strong><em>rebus</em></strong></span> <span class='ocrx_word' id='word_1_129' title='bbox 1276 1555 1535 1621; x_wconf 83' lang='lat' dir='ltr'><strong><em>turbatis,</em></strong></span> <span class='ocrx_word' id='word_1_130' title='bbox 1550 1555 1711 1610; x_wconf 78' lang='lat' dir='ltr'><strong><em>aliine</em></strong></span> <span class='ocrx_word' id='word_1_131' title='bbox 1726 1555 2130 1623; x_wconf 87' lang='lat' dir='ltr'><strong><em>consentiente,</em></strong></span> 
     </span>
    </p>
   </div>
   <div class='ocr_carea' id='block_1_18' title="bbox 525 1647 2131 1727">
    <p class='ocr_par' dir='ltr' id='par_1_18' title="bbox 525 1647 2131 1727">
     <span class='ocr_line' id='line_1_18' title="bbox 525 1647 2131 1727; baseline -0.002 -21"><span class='ocrx_word' id='word_1_132' title='bbox 525 1657 605 1708; x_wconf 83' lang='lat' dir='ltr'><strong><em>.in</em></strong></span> <span class='ocrx_word' id='word_1_133' title='bbox 648 1652 942 1708; x_wconf 85' lang='lat' dir='ltr'><strong><em>ldumaeam</em></strong></span> <span class='ocrx_word' id='word_1_134' title='bbox 974 1666 1235 1706; x_wconf 84' lang='lat' dir='ltr'><strong><em>reversus</em></strong></span> <span class='ocrx_word' id='word_1_135' title='bbox 1264 1658 1370 1705; x_wconf 90' lang='lat' dir='ltr'><strong><em>est.</em></strong></span> <span class='ocrx_word' id='word_1_136' title='bbox 1390 1648 1501 1704; x_wconf 87' lang='lat' dir='ltr'><strong><em>Sed</em></strong></span> <span class='ocrx_word' id='word_1_137' title='bbox 1533 1664 1658 1727; x_wconf 83' lang='lat' dir='ltr'><strong><em>cum</em></strong></span> <span class='ocrx_word' id='word_1_138' title='bbox 1689 1664 1755 1703; x_wconf 87' lang='lat' dir='ltr'><strong><em>ea</em></strong></span> <span class='ocrx_word' id='word_1_139' title='bbox 1786 1647 1959 1702; x_wconf 82' lang='lat' dir='ltr'><strong><em>ﬁrmis</em></strong></span> <span class='ocrx_word' id='word_1_140' title='bbox 1990 1663 2131 1717; x_wconf 66' lang='lat' dir='ltr'><strong><em>prte-</em></strong></span> 
     </span>
    </p>
   </div>
   <div class='ocr_carea' id='block_1_19' title="bbox 542 1739 2127 1814">
    <p class='ocr_par' dir='ltr' id='par_1_19' title="bbox 542 1739 2127 1814">
     <span class='ocr_line' id='line_1_19' title="bbox 542 1739 2127 1814; baseline -0.005 -13"><span class='ocrx_word' id='word_1_141' title='bbox 542 1746 704 1801; x_wconf 82' lang='lat' dir='ltr'><strong><em>sidiis</em></strong></span> <span class='ocrx_word' id='word_1_142' title='bbox 732 1741 1358 1814; x_wconf 59' lang='lat' dir='ltr'><strong><em>lenereturrin-Syriam</em></strong></span> <span class='ocrx_word' id='word_1_143' title='bbox 1385 1756 1444 1797; x_wconf 86' lang='lat' dir='ltr'><strong><em>se</em></strong></span> <span class='ocrx_word' id='word_1_144' title='bbox 1467 1740 1702 1796; x_wconf 86' lang='lat' dir='ltr'><strong><em>contulit</em></strong></span> <span class='ocrx_word' id='word_1_145' title='bbox 1725 1758 1740 1807; x_wconf 92' lang='lat'><strong>;</strong></span> <span class='ocrx_word' id='word_1_146' title='bbox 1768 1748 1825 1796; x_wconf 89' lang='lat' dir='ltr'><strong><em>et</em></strong></span> <span class='ocrx_word' id='word_1_147' title='bbox 1848 1739 2127 1795; x_wconf 87' lang='lat' dir='ltr'><strong><em>latronum</em></strong></span> 
     </span>
    </p>
   </div>
   <div class='ocr_carea' id='block_1_20' title="bbox 548 1832 2129 1907">
    <p class='ocr_par' dir='ltr' id='par_1_20' title="bbox 548 1832 2129 1907">
     <span class='ocr_line' id='line_1_20' title="bbox 548 1832 2129 1907; baseline -0.003 -16"><span class='ocrx_word' id='word_1_148' title='bbox 548 1853 713 1892; x_wconf 88' lang='lat' dir='ltr'><strong><em>manu</em></strong></span> <span class='ocrx_word' id='word_1_149' title='bbox 747 1844 1089 1907; x_wconf 89' lang='lat' dir='ltr'><strong><em>comparata,</em></strong></span> <span class='ocrx_word' id='word_1_150' title='bbox 1123 1849 1249 1890; x_wconf 89' lang='lat' dir='ltr'><strong><em>cum</em></strong></span> <span class='ocrx_word' id='word_1_151' title='bbox 1290 1834 1435 1888; x_wconf 85' lang='lat' dir='ltr'><strong><em>hanc</em></strong></span> <span class='ocrx_word' id='word_1_152' title='bbox 1464 1843 1720 1904; x_wconf 88' lang='lat' dir='ltr'><strong><em>occupat,</em></strong></span> <span class='ocrx_word' id='word_1_153' title='bbox 1748 1844 1864 1888; x_wconf 90' lang='lat' dir='ltr'><strong><em>tum</em></strong></span> <span class='ocrx_word' id='word_1_154' title='bbox 1905 1832 2129 1888; x_wconf 72' lang='lat' dir='ltr'><strong><em>lsraeli~</em></strong></span> 
     </span>
    </p>
   </div>
   <div class='ocr_carea' id='block_1_21' title="bbox 523 1923 2129 1998">
    <p class='ocr_par' dir='ltr' id='par_1_21' title="bbox 523 1923 2129 1998">
     <span class='ocr_line' id='line_1_21' title="bbox 523 1923 2129 1998; baseline -0.002 -16"><span class='ocrx_word' id='word_1_155' title='bbox 523 1939 725 1982; x_wconf 79' lang='lat' dir='ltr'><strong><em>.tarum</em></strong></span> <span class='ocrx_word' id='word_1_156' title='bbox 749 1941 911 1998; x_wconf 82' lang='lat' dir='ltr'><strong><em>agros</em></strong></span> <span class='ocrx_word' id='word_1_157' title='bbox 942 1926 1258 1997; x_wconf 78' lang='lat' dir='ltr'><strong><em>populatur.</em></strong></span> <span class='ocrx_word' id='word_1_158' title='bbox 1289 1924 1683 1982; x_wconf 78' lang='lat' dir='ltr'><strong><em>.leroboamum</em></strong></span> <span class='ocrx_word' id='word_1_159' title='bbox 1716 1934 1900 1980; x_wconf 89' lang='lat' dir='ltr'><strong><em>autem</em></strong></span> <span class='ocrx_word' id='word_1_160' title='bbox 1931 1923 2129 1979; x_wconf 87' lang='lat' dir='ltr'><strong><em>Nabati</em></strong></span> 
     </span>
    </p>
   </div>
   <div class='ocr_carea' id='block_1_22' title="bbox 547 2015 2128 2088">
    <p class='ocr_par' dir='ltr' id='par_1_22' title="bbox 547 2015 2128 2088">
     <span class='ocr_line' id='line_1_22' title="bbox 547 2015 2128 2088; baseline -0.001 -16"><span class='ocrx_word' id='word_1_161' title='bbox 547 2019 743 2080; x_wconf 86' lang='lat' dir='ltr'><strong><em>lilium,</em></strong></span> <span class='ocrx_word' id='word_1_162' title='bbox 766 2018 898 2073; x_wconf 91' lang='lat' dir='ltr'><strong><em>dum</em></strong></span> <span class='ocrx_word' id='word_1_163' title='bbox 924 2032 1062 2088; x_wconf 86' lang='lat' dir='ltr'><strong><em>puer</em></strong></span> <span class='ocrx_word' id='word_1_164' title='bbox 1080 2016 1321 2071; x_wconf 26' lang='lat' dir='ltr'><strong><em>{inservit</em></strong></span> <span class='ocrx_word' id='word_1_165' title='bbox 1353 2017 1491 2088; x_wconf 87' lang='lat' dir='ltr'><strong><em>regi,</em></strong></span> <span class='ocrx_word' id='word_1_166' title='bbox 1511 2017 1624 2088; x_wconf 75' lang='lat'><strong><em>83</em></strong></span> <span class='ocrx_word' id='word_1_167' title='bbox 1649 2015 1931 2082; x_wconf 87' lang='lat' dir='ltr'><strong><em>Salomon,</em></strong></span> <span class='ocrx_word' id='word_1_168' title='bbox 1956 2031 2128 2087; x_wconf 65' lang='lat' dir='ltr'><strong><em>gene-</em></strong></span> 
     </span>
    </p>
   </div>
   <div class='ocr_carea' id='block_1_23' title="bbox 546 2107 2132 2181">
    <p class='ocr_par' dir='ltr' id='par_1_23' title="bbox 546 2107 2132 2181">
     <span class='ocr_line' id='line_1_23' title="bbox 546 2107 2132 2181; baseline 0 -17"><span class='ocrx_word' id='word_1_169' title='bbox 546 2125 670 2165; x_wconf 85' lang='lat' dir='ltr'><strong><em>rosa</em></strong></span> <span class='ocrx_word' id='word_1_170' title='bbox 695 2111 825 2181; x_wconf 84' lang='lat' dir='ltr'><strong><em>ejus</em></strong></span> <span class='ocrx_word' id='word_1_171' title='bbox 876 2109 1060 2165; x_wconf 88' lang='lat' dir='ltr'><strong><em>indole</em></strong></span> <span class='ocrx_word' id='word_1_172' title='bbox 1108 2108 1518 2170; x_wconf 87' lang='lat' dir='ltr'><strong><em>animadversa.</em></strong></span> <span class='ocrx_word' id='word_1_173' title='bbox 1553 2124 1680 2164; x_wconf 91' lang='lat' dir='ltr'><strong><em>cum</em></strong></span> <span class='ocrx_word' id='word_1_174' title='bbox 1716 2107 2132 2181; x_wconf 81' lang='lat' dir='ltr'><strong><em>Hierosolymo-</em></strong></span> 
     </span>
    </p>
   </div>
   <div class='ocr_carea' id='block_1_24' title="bbox 548 2190 2129 2271">
    <p class='ocr_par' dir='ltr' id='par_1_24' title="bbox 548 2190 2129 2271">
     <span class='ocr_line' id='line_1_24' title="bbox 548 2190 2129 2271; baseline 0.001 -16"><span class='ocrx_word' id='word_1_175' title='bbox 548 2216 671 2255; x_wconf 88' lang='lat' dir='ltr'><strong><em>rum</em></strong></span> <span class='ocrx_word' id='word_1_176' title='bbox 700 2190 905 2255; x_wconf 62' lang='lat' dir='ltr'><strong><em>mmnia</em></strong></span> <span class='ocrx_word' id='word_1_177' title='bbox 929 2199 1215 2266; x_wconf 88' lang='lat' dir='ltr'><strong><em>conderet,</em></strong></span> <span class='ocrx_word' id='word_1_178' title='bbox 1247 2200 1431 2270; x_wconf 89' lang='lat' dir='ltr'><strong><em>operis</em></strong></span> <span class='ocrx_word' id='word_1_179' title='bbox 1457 2208 1754 2255; x_wconf 71' lang='lat' dir='ltr'><strong><em>structurae</em></strong></span> <span class='ocrx_word' id='word_1_180' title='bbox 1784 2201 2129 2271; x_wconf 64' lang='lat' dir='ltr'><strong><em>prmlecerat.</em></strong></span> 
     </span>
    </p>
   </div>
   <div class='ocr_carea' id='block_1_25' title="bbox 557 2290 2129 2360">
    <p class='ocr_par' dir='ltr' id='par_1_25' title="bbox 557 2290 2129 2360">
     <span class='ocr_line' id='line_1_25' title="bbox 557 2290 2129 2360; baseline 0.003 -15"><span class='ocrx_word' id='word_1_181' title='bbox 557 2294 686 2357; x_wconf 83' lang='lat' dir='ltr'><strong><em>Qui,</em></strong></span> <span class='ocrx_word' id='word_1_182' title='bbox 728 2306 853 2345; x_wconf 86' lang='lat' dir='ltr'><strong><em>cum</em></strong></span> <span class='ocrx_word' id='word_1_183' title='bbox 885 2290 1182 2360; x_wconf 85' lang='lat' dir='ltr'><strong><em>aliquando</em></strong></span> <span class='ocrx_word' id='word_1_184' title='bbox 1209 2292 1312 2345; x_wconf 87' lang='lat' dir='ltr'><strong><em>iter</em></strong></span> <span class='ocrx_word' id='word_1_185' title='bbox 1344 2290 1628 2360; x_wconf 83' lang='lat' dir='ltr'><strong><em>ingressus</em></strong></span> <span class='ocrx_word' id='word_1_186' title='bbox 1657 2301 1826 2360; x_wconf 85' lang='lat' dir='ltr'><strong><em>esset,</em></strong></span> <span class='ocrx_word' id='word_1_187' title='bbox 1850 2291 2045 2348; x_wconf 88' lang='lat' dir='ltr'><strong><em>incidit</em></strong></span> <span class='ocrx_word' id='word_1_188' title='bbox 2074 2293 2129 2349; x_wconf 90' lang='lat' dir='ltr'><strong><em>in</em></strong></span> 
     </span>
    </p>
   </div>
   <div class='ocr_carea' id='block_1_26' title="bbox 545 2403 2174 2475">
    <p class='ocr_par' dir='ltr' id='par_1_26' title="bbox 545 2403 2174 2475">
     <span class='ocr_line' id='line_1_26' title="bbox 545 2403 2174 2475; baseline 0 -17"><span class='ocrx_word' id='word_1_189' title='bbox 545 2408 873 2475; x_wconf 71' lang='lat' dir='ltr'><strong><em>prophetam</em></strong></span> <span class='ocrx_word' id='word_1_190' title='bbox 895 2403 1123 2460; x_wconf 82' lang='lat' dir='ltr'><strong><em>Achiam</em></strong></span> <span class='ocrx_word' id='word_1_191' title='bbox 1148 2403 1463 2459; x_wconf 88' lang='lat' dir='ltr'><strong><em>Silonitem.</em></strong></span> <span class='ocrx_word' id='word_1_192' title='bbox 1489 2404 1558 2468; x_wconf 90' lang='lat' dir='ltr'><strong><em>Is,</em></strong></span> <span class='ocrx_word' id='word_1_193' title='bbox 1582 2419 1649 2459; x_wconf 90' lang='lat' dir='ltr'><strong><em>eo</em></strong></span> <span class='ocrx_word' id='word_1_194' title='bbox 1665 2405 1733 2461; x_wconf 88' lang='lat' dir='ltr'><strong><em>de</em></strong></span> <span class='ocrx_word' id='word_1_195' title='bbox 1756 2407 1841 2461; x_wconf 85' lang='lat' dir='ltr'><strong><em>via</em></strong></span> <span class='ocrx_word' id='word_1_196' title='bbox 1873 2408 2128 2466; x_wconf 90' lang='lat' dir='ltr'><strong><em>nonnihil</em></strong></span> <span class='ocrx_word' id='word_1_197' title='bbox 2159 2435 2174 2458; x_wconf 79' lang='grc' dir='ltr'><strong><em>ι</em></strong></span> 
     </span>
    </p>
   </div>
   <div class='ocr_carea' id='block_1_27' title="bbox 532 2494 2125 2569">
    <p class='ocr_par' dir='ltr' id='par_1_27' title="bbox 532 2494 2125 2569">
     <span class='ocr_line' id='line_1_27' title="bbox 532 2494 2125 2569; baseline 0.002 -15"><span class='ocrx_word' id='word_1_198' title='bbox 532 2499 801 2565; x_wconf 61' lang='lat' dir='ltr'><strong><em>seducto,</em></strong></span> <span class='ocrx_word' id='word_1_199' title='bbox 822 2507 1086 2567; x_wconf 86' lang='lat' dir='ltr'><strong><em>vesteque</em></strong></span> <span class='ocrx_word' id='word_1_200' title='bbox 1108 2511 1207 2551; x_wconf 85' lang='lat' dir='ltr'><strong><em>sua</em></strong></span> <span class='ocrx_word' id='word_1_201' title='bbox 1224 2496 1279 2551; x_wconf 90' lang='lat' dir='ltr'><strong><em>in</em></strong></span> <span class='ocrx_word' id='word_1_202' title='bbox 1302 2494 1596 2552; x_wconf 86' lang='lat' dir='ltr'><strong><em>duodecim</em></strong></span> <span class='ocrx_word' id='word_1_203' title='bbox 1617 2497 1845 2555; x_wconf 84' lang='lat' dir='ltr'><strong><em>lacinias</em></strong></span> <span class='ocrx_word' id='word_1_204' title='bbox 1872 2501 2125 2569; x_wconf 87' lang='lat' dir='ltr'><strong><em>discissa,</em></strong></span> 
     </span>
    </p>
   </div>
   <div class='ocr_carea' id='block_1_28' title="bbox 548 2588 2129 2663">
    <p class='ocr_par' dir='ltr' id='par_1_28' title="bbox 548 2588 2129 2663">
     <span class='ocr_line' id='line_1_28' title="bbox 548 2588 2129 2663; baseline 0.001 -17"><span class='ocrx_word' id='word_1_205' title='bbox 548 2593 739 2646; x_wconf 76' lang='lat' dir='ltr'><strong><em>decem</em></strong></span> <span class='ocrx_word' id='word_1_206' title='bbox 781 2588 859 2643; x_wconf 88' lang='lat' dir='ltr'><strong><em>illi</em></strong></span> <span class='ocrx_word' id='word_1_207' title='bbox 897 2588 994 2644; x_wconf 89' lang='lat' dir='ltr'><strong><em>dat</em></strong></span> <span class='ocrx_word' id='word_1_208' title='bbox 1047 2604 1174 2643; x_wconf 91' lang='lat' dir='ltr'><strong><em>cum</em></strong></span> <span class='ocrx_word' id='word_1_209' title='bbox 1207 2589 1294 2644; x_wconf 89' lang='lat' dir='ltr'><strong><em>his</em></strong></span> <span class='ocrx_word' id='word_1_210' title='bbox 1324 2589 1506 2645; x_wconf 83' lang='lat' dir='ltr'><strong><em>verbis</em></strong></span> <span class='ocrx_word' id='word_1_211' title='bbox 1538 2608 1552 2644; x_wconf 88' lang='lat'><strong>:</strong></span> <span class='ocrx_word' id='word_1_212' title='bbox 1591 2589 1679 2645; x_wconf 84' lang='lat' dir='ltr'><strong><em>Sic</em></strong></span> <span class='ocrx_word' id='word_1_213' title='bbox 1717 2607 1936 2663; x_wconf 86' lang='lat' dir='ltr'><strong><em>regnum</em></strong></span> <span class='ocrx_word' id='word_1_214' title='bbox 1972 2593 2129 2649; x_wconf 87' lang='lat' dir='ltr'><strong><em>Salo-</em></strong></span> 
     </span>
    </p>
   </div>
   <div class='ocr_carea' id='block_1_29' title="bbox 536 2681 2128 2753">
    <p class='ocr_par' dir='ltr' id='par_1_29' title="bbox 536 2681 2128 2753">
     <span class='ocr_line' id='line_1_29' title="bbox 536 2681 2128 2753; baseline 0.001 -16"><span class='ocrx_word' id='word_1_215' title='bbox 536 2684 716 2738; x_wconf 72' lang='lat' dir='ltr'><strong><em>monis</em></strong></span> <span class='ocrx_word' id='word_1_216' title='bbox 765 2681 1020 2737; x_wconf 84' lang='lat' dir='ltr'><strong><em>diseindet</em></strong></span> <span class='ocrx_word' id='word_1_217' title='bbox 1070 2681 1347 2747; x_wconf 82' lang='lat' dir='ltr'><strong><em>Dominus,</em></strong></span> <span class='ocrx_word' id='word_1_218' title='bbox 1389 2682 1604 2753; x_wconf 82' lang='lat' dir='ltr'><strong><em>ejusque</em></strong></span> <span class='ocrx_word' id='word_1_219' title='bbox 1634 2681 1746 2751; x_wconf 82' lang='lat' dir='ltr'><strong><em>ﬁlio</em></strong></span> <span class='ocrx_word' id='word_1_220' title='bbox 1788 2684 1924 2738; x_wconf 87' lang='lat' dir='ltr'><strong><em>duas</em></strong></span> <span class='ocrx_word' id='word_1_221' title='bbox 1957 2685 2012 2738; x_wconf 85' lang='lat' dir='ltr'><strong><em>in</em></strong></span> <span class='ocrx_word' id='word_1_222' title='bbox 2043 2686 2128 2739; x_wconf 82' lang='lat' dir='ltr'><strong><em>avi</em></strong></span> 
     </span>
    </p>
   </div>
   <div class='ocr_carea' id='block_1_30' title="bbox 526 2761 2128 2848">
    <p class='ocr_par' dir='ltr' id='par_1_30' title="bbox 526 2761 2128 2848">
     <span class='ocr_line' id='line_1_30' title="bbox 526 2761 2128 2848; baseline -0.001 -17"><span class='ocrx_word' id='word_1_223' title='bbox 526 2777 783 2848; x_wconf 74' lang='lat' dir='ltr'><strong><em>gratiam</em></strong></span> <span class='ocrx_word' id='word_1_224' title='bbox 837 2774 1005 2830; x_wconf 83' lang='lat' dir='ltr'><strong><em>tribus</em></strong></span> <span class='ocrx_word' id='word_1_225' title='bbox 1053 2775 1335 2847; x_wconf 81' lang='lat' dir='ltr'><strong><em>relinquet,</em></strong></span> <span class='ocrx_word' id='word_1_226' title='bbox 1380 2785 1431 2830; x_wconf 87' lang='lat' dir='ltr'><strong><em>te</em></strong></span> <span class='ocrx_word' id='word_1_227' title='bbox 1462 2761 1638 2831; x_wconf 86' lang='lat' dir='ltr'><strong><em>autem</em></strong></span> <span class='ocrx_word' id='word_1_228' title='bbox 1677 2777 1852 2831; x_wconf 85' lang='lat' dir='ltr'><strong><em>decem</em></strong></span> <span class='ocrx_word' id='word_1_229' title='bbox 1898 2777 2128 2831; x_wconf 84' lang='lat' dir='ltr'><strong><em>tribuunt</em></strong></span> 
     </span>
    </p>
   </div>
   <div class='ocr_carea' id='block_1_31' title="bbox 529 2867 2132 2940">
    <p class='ocr_par' dir='ltr' id='par_1_31' title="bbox 529 2867 2132 2940">
     <span class='ocr_line' id='line_1_31' title="bbox 529 2867 2132 2940; baseline 0.005 -23"><span class='ocrx_word' id='word_1_230' title='bbox 529 2884 726 2940; x_wconf 82' lang='lat' dir='ltr'><strong><em>.regem</em></strong></span> <span class='ocrx_word' id='word_1_231' title='bbox 765 2869 1065 2922; x_wconf 81' lang='lat' dir='ltr'><strong><em>constituet.</em></strong></span> <span class='ocrx_word' id='word_1_232' title='bbox 1098 2867 1170 2922; x_wconf 90' lang='lat' dir='ltr'><strong><em>Tu</em></strong></span> <span class='ocrx_word' id='word_1_233' title='bbox 1213 2884 1332 2923; x_wconf 77' lang='lat' dir='ltr'><strong><em>vero</em></strong></span> <span class='ocrx_word' id='word_1_234' title='bbox 1362 2869 1445 2939; x_wconf 76' lang='lat' dir='ltr'><strong><em>[ac</em></strong></span> <span class='ocrx_word' id='word_1_235' title='bbox 1484 2867 1620 2939; x_wconf 80' lang='lat' dir='ltr'><strong><em>leges</em></strong></span> <span class='ocrx_word' id='word_1_236' title='bbox 1672 2869 1885 2924; x_wconf 85' lang='lat' dir='ltr'><strong><em>Domini</em></strong></span> <span class='ocrx_word' id='word_1_237' title='bbox 1930 2871 2132 2940; x_wconf 56' lang='lat' dir='ltr'><strong><em>ample.</em></strong></span> 
     </span>
    </p>
   </div>
   <div class='ocr_carea' id='block_1_32' title="bbox 528 2960 2129 3033">
    <p class='ocr_par' dir='ltr' id='par_1_32' title="bbox 528 2960 2129 3033">
     <span class='ocr_line' id='line_1_32' title="bbox 528 2960 2129 3033; baseline -0.001 -16"><span class='ocrx_word' id='word_1_238' title='bbox 528 2964 706 3017; x_wconf 63' lang='lat' dir='ltr'><strong><em>ueris</em></strong></span> <span class='ocrx_word' id='word_1_239' title='bbox 753 2972 801 3016; x_wconf 88' lang='lat' dir='ltr'><strong><em>et</em></strong></span> <span class='ocrx_word' id='word_1_240' title='bbox 828 2961 1104 3033; x_wconf 82' lang='lat' dir='ltr'><strong><em>justitiam</em></strong></span> <span class='ocrx_word' id='word_1_241' title='bbox 1150 2961 1313 3017; x_wconf 82' lang='lat' dir='ltr'><strong><em>colas.</em></strong></span> <span class='ocrx_word' id='word_1_242' title='bbox 1353 2960 1470 3017; x_wconf 83' lang='lat' dir='ltr'><strong><em>Hoc</em></strong></span> <span class='ocrx_word' id='word_1_243' title='bbox 1492 2962 1719 3017; x_wconf 89' lang='lat' dir='ltr'><strong><em>oraculo</em></strong></span> <span class='ocrx_word' id='word_1_244' title='bbox 1748 2963 1926 3018; x_wconf 88' lang='lat' dir='ltr'><strong><em>elatus</em></strong></span> <span class='ocrx_word' id='word_1_245' title='bbox 1966 2963 2129 3018; x_wconf 77' lang='lat' dir='ltr'><strong><em>lere-</em></strong></span> 
     </span>
    </p>
   </div>
   <div class='ocr_carea' id='block_1_33' title="bbox 552 3051 2127 3125">
    <p class='ocr_par' dir='ltr' id='par_1_33' title="bbox 552 3051 2127 3125">
     <span class='ocr_line' id='line_1_33' title="bbox 552 3051 2127 3125; baseline 0.001 -20"><span class='ocrx_word' id='word_1_246' title='bbox 552 3056 803 3117; x_wconf 78' lang='lat' dir='ltr'><strong><em>lioamus,</em></strong></span> <span class='ocrx_word' id='word_1_247' title='bbox 840 3052 999 3108; x_wconf 88' lang='lat' dir='ltr'><strong><em>novis</em></strong></span> <span class='ocrx_word' id='word_1_248' title='bbox 1043 3052 1211 3107; x_wconf 86' lang='lat' dir='ltr'><strong><em>rebus</em></strong></span> <span class='ocrx_word' id='word_1_249' title='bbox 1254 3051 1458 3108; x_wconf 87' lang='lat' dir='ltr'><strong><em>studet.</em></strong></span> <span class='ocrx_word' id='word_1_250' title='bbox 1501 3053 1606 3108; x_wconf 87' lang='lat' dir='ltr'><strong><em>Sed</em></strong></span> <span class='ocrx_word' id='word_1_251' title='bbox 1644 3069 1759 3118; x_wconf 78' lang='lat' dir='ltr'><strong><em>rex,</em></strong></span> <span class='ocrx_word' id='word_1_252' title='bbox 1795 3056 2013 3125; x_wconf 83' lang='lat' dir='ltr'><strong><em>cognita</em></strong></span> <span class='ocrx_word' id='word_1_253' title='bbox 2046 3069 2127 3119; x_wconf 88' lang='lat' dir='ltr'><strong><em>re,</em></strong></span> 
     </span>
    </p>
   </div>
   <div class='ocr_carea' id='block_1_34' title="bbox 2231 723 3815 794">
    <p class='ocr_par' dir='ltr' id='par_1_34' title="bbox 2231 723 3815 794">
     <span class='ocr_line' id='line_1_34' title="bbox 2231 723 3815 794; baseline -0.002 -14"><span class='ocrx_word' id='word_1_254' title='bbox 2231 725 2374 780; x_wconf 82' lang='grc' dir='ltr'>οὐδὲ</span> <span class='ocrx_word' id='word_1_255' title='bbox 2402 725 2615 783; x_wconf 81' lang='grc' dir='ltr'>πᾶσαν</span> <span class='ocrx_word' id='word_1_256' title='bbox 2640 725 2708 791; x_wconf 75' lang='grc' dir='ltr'><strong><em>ἐξ</em></strong></span> <span class='ocrx_word' id='word_1_257' title='bbox 2738 725 2926 779; x_wconf 77' lang='grc' dir='ltr'>αὑτοῦ</span> <span class='ocrx_word' id='word_1_258' title='bbox 2967 726 3083 793; x_wconf 77' lang='grc' dir='ltr'><strong><em>τὴν</em></strong></span> <span class='ocrx_word' id='word_1_259' title='bbox 3115 725 3454 790; x_wconf 79' lang='grc' dir='ltr'>,ϐασιλείαν</span> <span class='ocrx_word' id='word_1_260' title='bbox 3484 723 3815 794; x_wconf 70' lang='grc' dir='ltr'>ἀφέλωμαι,</span> 
     </span>
    </p>
   </div>
   <div class='ocr_carea' id='block_1_35' title="bbox 2231 810 3818 888">
    <p class='ocr_par' dir='ltr' id='par_1_35' title="bbox 2231 810 3818 888">
     <span class='ocr_line' id='line_1_35' title="bbox 2231 810 3818 888; baseline -0.003 -15"><span class='ocrx_word' id='word_1_261' title='bbox 2231 819 2342 874; x_wconf 80' lang='grc' dir='ltr'>δύο</span> <span class='ocrx_word' id='word_1_262' title='bbox 2366 818 2436 872; x_wconf 83' lang='grc' dir='ltr'>δὲ</span> <span class='ocrx_word' id='word_1_263' title='bbox 2474 818 2676 888; x_wconf 77' lang='grc' dir='ltr'>φυλὰς</span> <span class='ocrx_word' id='word_1_264' title='bbox 2722 810 2884 882; x_wconf 83' lang='grc' dir='ltr'><strong><em>αὐτῷ</em></strong></span> <span class='ocrx_word' id='word_1_265' title='bbox 2929 817 3406 888; x_wconf 71' lang='grc' dir='ltr'>καταλελοιπὼς,</span> <span class='ocrx_word' id='word_1_266' title='bbox 3432 816 3532 871; x_wconf 77' lang='grc' dir='ltr'><strong><em>καὶ</em></strong></span> <span class='ocrx_word' id='word_1_267' title='bbox 3558 818 3677 883; x_wconf 75' lang='grc' dir='ltr'><strong><em>τὴν</em></strong></span> <span class='ocrx_word' id='word_1_268' title='bbox 3719 816 3818 871; x_wconf 82' lang='grc' dir='ltr'><strong><em>Ἰε-</em></strong></span> 
     </span>
    </p>
   </div>
   <div class='ocr_carea' id='block_1_36' title="bbox 2226 886 3817 982">
    <p class='ocr_par' dir='ltr' id='par_1_36' title="bbox 2226 886 3817 982">
     <span class='ocr_line' id='line_1_36' title="bbox 2226 886 3817 982; baseline -0.003 -16"><span class='ocrx_word' id='word_1_269' title='bbox 2226 886 2553 982; x_wconf 72' lang='grc' dir='ltr'>ρουσαλήμ</span> <span class='ocrx_word' id='word_1_270' title='bbox 2581 910 2679 966; x_wconf 84' lang='grc' dir='ltr'>διὰ</span> <span class='ocrx_word' id='word_1_271' title='bbox 2736 910 2845 964; x_wconf 80' lang='grc' dir='ltr'><strong><em>τὸν</em></strong></span> <span class='ocrx_word' id='word_1_272' title='bbox 2888 912 3138 964; x_wconf 75' lang='grc' dir='ltr'>,πάππον</span> <span class='ocrx_word' id='word_1_273' title='bbox 3195 886 3394 974; x_wconf 56' lang='grc' dir='ltr'>Δαϐίδ,</span> <span class='ocrx_word' id='word_1_274' title='bbox 3428 908 3539 976; x_wconf 76' lang='grc' dir='ltr'>τὰς</span> <span class='ocrx_word' id='word_1_275' title='bbox 3572 908 3721 963; x_wconf 78' lang='grc' dir='ltr'>δέκα</span> <span class='ocrx_word' id='word_1_276' title='bbox 3741 908 3817 974; x_wconf 81' lang='grc' dir='ltr'>τῷ</span> 
     </span>
    </p>
   </div>
   <div class='ocr_carea' id='block_1_37' title="bbox 2230 1001 3814 1073">
    <p class='ocr_par' dir='ltr' id='par_1_37' title="bbox 2230 1001 3814 1073">
     <span class='ocr_line' id='line_1_37' title="bbox 2230 1001 3814 1073; baseline -0.004 -14"><span class='ocrx_word' id='word_1_277' title='bbox 2230 1005 2435 1071; x_wconf 78' lang='grc' dir='ltr'>δούλῳ</span> <span class='ocrx_word' id='word_1_278' title='bbox 2482 1004 2655 1057; x_wconf 85' lang='grc' dir='ltr'><strong><em>δώσω</em></strong></span> <span class='ocrx_word' id='word_1_279' title='bbox 2708 1001 2919 1057; x_wconf 82' lang='grc' dir='ltr'>αὑτοῦ.</span> <span class='ocrx_word' id='word_1_280' title='bbox 2948 1004 3024 1055; x_wconf 78' lang='grc' dir='ltr'>Οὐ</span> <span class='ocrx_word' id='word_1_281' title='bbox 3053 1003 3252 1071; x_wconf 75' lang='grc' dir='ltr'>συχνὸς</span> <span class='ocrx_word' id='word_1_282' title='bbox 3287 1002 3480 1073; x_wconf 78' lang='grc' dir='ltr'>καιρὸς</span> <span class='ocrx_word' id='word_1_283' title='bbox 3513 1002 3814 1072; x_wconf 78' lang='grc' dir='ltr'><strong><em>διελήλυθε,</em></strong></span> 
     </span>
    </p>
   </div>
   <div class='ocr_carea' id='block_1_38' title="bbox 2232 1094 3819 1168">
    <p class='ocr_par' dir='ltr' id='par_1_38' title="bbox 2232 1094 3819 1168">
     <span class='ocr_line' id='line_1_38' title="bbox 2232 1094 3819 1168; baseline -0.002 -18"><span class='ocrx_word' id='word_1_284' title='bbox 2232 1102 2328 1150; x_wconf 78' lang='grc' dir='ltr'>καὶ</span> <span class='ocrx_word' id='word_1_285' title='bbox 2360 1097 2528 1168; x_wconf 76' lang='grc' dir='ltr'>Ἀδερ</span> <span class='ocrx_word' id='word_1_286' title='bbox 2561 1099 2642 1160; x_wconf 85' lang='grc' dir='ltr'><strong><em>είς</em></strong></span> <span class='ocrx_word' id='word_1_287' title='bbox 2673 1099 2909 1166; x_wconf 72' lang='grc' dir='ltr'>πόλεμον</span> <span class='ocrx_word' id='word_1_288' title='bbox 2946 1096 3188 1165; x_wconf 77' lang='grc' dir='ltr'>κατέστη</span> <span class='ocrx_word' id='word_1_289' title='bbox 3217 1094 3297 1167; x_wconf 79' lang='grc' dir='ltr'>τῷ</span> <span class='ocrx_word' id='word_1_290' title='bbox 3331 1095 3580 1165; x_wconf 67' lang='grc' dir='ltr'>Ἰσραήλ.</span> <span class='ocrx_word' id='word_1_291' title='bbox 3623 1094 3734 1148; x_wconf 83' lang='grc' dir='ltr'><strong><em>Ἤν</em></strong></span> <span class='ocrx_word' id='word_1_292' title='bbox 3762 1094 3819 1147; x_wconf 83' lang='grc' dir='ltr'>δὲ</span> 
     </span>
    </p>
   </div>
   <div class='ocr_carea' id='block_1_39' title="bbox 2232 1187 3817 1261">
    <p class='ocr_par' dir='ltr' id='par_1_39' title="bbox 2232 1187 3817 1261">
     <span class='ocr_line' id='line_1_39' title="bbox 2232 1187 3817 1261; baseline -0.003 -17"><span class='ocrx_word' id='word_1_293' title='bbox 2232 1192 2260 1244; x_wconf 92' lang='lat'><strong><em>6</em></strong></span> <span class='ocrx_word' id='word_1_294' title='bbox 2301 1190 2468 1259; x_wconf 79' lang='grc' dir='ltr'>Ἀδερ</span> <span class='ocrx_word' id='word_1_295' title='bbox 2531 1190 2827 1261; x_wconf 75' lang='grc' dir='ltr'><strong><em>Ἰδουμαῖος</em></strong></span> <span class='ocrx_word' id='word_1_296' title='bbox 2888 1192 2952 1242; x_wconf 83' lang='grc' dir='ltr'>ὲκ</span> <span class='ocrx_word' id='word_1_297' title='bbox 3003 1189 3281 1261; x_wconf 73' lang='grc' dir='ltr'><strong><em>βασιλείου</em></strong></span> <span class='ocrx_word' id='word_1_298' title='bbox 3322 1189 3557 1259; x_wconf 84' lang='grc' dir='ltr'>σπορᾶς,</span> <span class='ocrx_word' id='word_1_299' title='bbox 3606 1187 3688 1255; x_wconf 81' lang='lat'><strong><em>6:,</em></strong></span> <span class='ocrx_word' id='word_1_300' title='bbox 3724 1187 3817 1239; x_wconf 81' lang='grc' dir='ltr'>τοῦ</span> 
     </span>
    </p>
   </div>
   <div class='ocr_carea' id='block_1_40' title="bbox 2245 1281 3816 1354">
    <p class='ocr_par' dir='ltr' id='par_1_40' title="bbox 2245 1281 3816 1354">
     <span class='ocr_line' id='line_1_40' title="bbox 2245 1281 3816 1354; baseline -0.003 -17"><span class='ocrx_word' id='word_1_301' title='bbox 2245 1284 2403 1337; x_wconf 79' lang='grc' dir='ltr'>Ἰωὰϐ</span> <span class='ocrx_word' id='word_1_302' title='bbox 2457 1283 2599 1337; x_wconf 77' lang='grc' dir='ltr'>κατὰ</span> <span class='ocrx_word' id='word_1_303' title='bbox 2633 1283 2760 1347; x_wconf 79' lang='grc' dir='ltr'>τοὺς</span> <span class='ocrx_word' id='word_1_304' title='bbox 2809 1284 3037 1354; x_wconf 73' lang='grc' dir='ltr'>χρόνους</span> <span class='ocrx_word' id='word_1_305' title='bbox 3082 1282 3249 1336; x_wconf 75' lang='grc' dir='ltr'>Δαϐιδ</span> <span class='ocrx_word' id='word_1_306' title='bbox 3291 1281 3816 1350; x_wconf 70' lang='grc' dir='ltr'><strong><em>καταστρεψαμένου</em></strong></span> 
     </span>
    </p>
   </div>
   <div class='ocr_carea' id='block_1_41' title="bbox 2231 1371 3817 1443">
    <p class='ocr_par' dir='ltr' id='par_1_41' title="bbox 2231 1371 3817 1443">
     <span class='ocr_line' id='line_1_41' title="bbox 2231 1371 3817 1443; baseline -0.003 -18"><span class='ocrx_word' id='word_1_307' title='bbox 2231 1371 2331 1443; x_wconf 79' lang='grc' dir='ltr'><strong><em>τὴν</em></strong></span> <span class='ocrx_word' id='word_1_308' title='bbox 2362 1372 2694 1441; x_wconf 71' lang='grc' dir='ltr'>Ἰδουμαίαν,</span> <span class='ocrx_word' id='word_1_309' title='bbox 2719 1374 3012 1442; x_wconf 76' lang='grc' dir='ltr'><strong><em>παιδάριον</em></strong></span> <span class='ocrx_word' id='word_1_310' title='bbox 3034 1371 3129 1435; x_wconf 81' lang='grc' dir='ltr'>ὢν,</span> <span class='ocrx_word' id='word_1_311' title='bbox 3164 1371 3374 1442; x_wconf 75' lang='grc' dir='ltr'>ἀπέδρα</span> <span class='ocrx_word' id='word_1_312' title='bbox 3404 1373 3483 1434; x_wconf 85' lang='grc' dir='ltr'><strong><em>είς</em></strong></span> <span class='ocrx_word' id='word_1_313' title='bbox 3515 1372 3817 1440; x_wconf 80' lang='grc' dir='ltr'>Αἴγυπτον,</span> 
     </span>
    </p>
   </div>
   <div class='ocr_carea' id='block_1_42' title="bbox 2233 1461 3818 1537">
    <p class='ocr_par' dir='ltr' id='par_1_42' title="bbox 2233 1461 3818 1537">
     <span class='ocr_line' id='line_1_42' title="bbox 2233 1461 3818 1537; baseline -0.004 -17"><span class='ocrx_word' id='word_1_314' title='bbox 2233 1466 2331 1520; x_wconf 69' lang='grc' dir='ltr'>καὶ</span> <span class='ocrx_word' id='word_1_315' title='bbox 2364 1464 2707 1537; x_wconf 69' lang='grc' dir='ltr'><strong><em>φιλοφρόνως</em></strong></span> <span class='ocrx_word' id='word_1_316' title='bbox 2734 1463 2968 1534; x_wconf 72' lang='grc' dir='ltr'>δεχθεὶς,</span> <span class='ocrx_word' id='word_1_317' title='bbox 3002 1465 3155 1534; x_wconf 84' lang='grc' dir='ltr'>παρὰ</span> <span class='ocrx_word' id='word_1_318' title='bbox 3173 1462 3375 1534; x_wconf 75' lang='grc' dir='ltr'>Φαραὼ</span> <span class='ocrx_word' id='word_1_319' title='bbox 3407 1462 3698 1532; x_wconf 79' lang='grc' dir='ltr'>ἠγαπήθη,</span> <span class='ocrx_word' id='word_1_320' title='bbox 3723 1461 3818 1514; x_wconf 74' lang='grc' dir='ltr'>καὶ</span> 
     </span>
    </p>
   </div>
   <div class='ocr_carea' id='block_1_43' title="bbox 2234 1550 3874 1633">
    <p class='ocr_par' dir='ltr' id='par_1_43' title="bbox 2234 1550 3874 1633">
     <span class='ocr_line' id='line_1_43' title="bbox 2234 1550 3874 1633; baseline -0.002 -22"><span class='ocrx_word' id='word_1_321' title='bbox 2234 1558 2332 1627; x_wconf 82' lang='grc' dir='ltr'><strong><em>τὴν</em></strong></span> <span class='ocrx_word' id='word_1_322' title='bbox 2363 1557 2599 1628; x_wconf 74' lang='grc' dir='ltr'>ἀδελφὴν</span> <span class='ocrx_word' id='word_1_323' title='bbox 2625 1556 2800 1627; x_wconf 76' lang='grc' dir='ltr'>ἔγημε</span> <span class='ocrx_word' id='word_1_324' title='bbox 2832 1557 2931 1626; x_wconf 84' lang='grc' dir='ltr'><strong><em>τῆς</em></strong></span> <span class='ocrx_word' id='word_1_325' title='bbox 2959 1556 3218 1624; x_wconf 80' lang='grc' dir='ltr'>γυναικὸ;</span> <span class='ocrx_word' id='word_1_326' title='bbox 3253 1555 3474 1625; x_wconf 84' lang='grc' dir='ltr'>Φαραώ.</span> <span class='ocrx_word' id='word_1_327' title='bbox 3508 1550 3685 1618; x_wconf 76' lang='grc' dir='ltr'>Οὗτος</span> <span class='ocrx_word' id='word_1_328' title='bbox 3726 1553 3817 1608; x_wconf 73' lang='grc' dir='ltr'><strong><em>οὖν</em></strong></span> <span class='ocrx_word' id='word_1_329' title='bbox 3868 1629 3874 1633; x_wconf 27' lang='grc'><strong><em>¹</em></strong></span> 
     </span>
    </p>
   </div>
   <div class='ocr_carea' id='block_1_44' title="bbox 2234 1648 3817 1721">
    <p class='ocr_par' dir='ltr' id='par_1_44' title="bbox 2234 1648 3817 1721">
     <span class='ocr_line' id='line_1_44' title="bbox 2234 1648 3817 1721; baseline -0.002 -16"><span class='ocrx_word' id='word_1_330' title='bbox 2234 1650 2558 1721; x_wconf 79' lang='grc' dir='ltr'>ἀνδρωθεὶς,</span> <span class='ocrx_word' id='word_1_331' title='bbox 2587 1652 2683 1704; x_wconf 76' lang='grc' dir='ltr'>καὶ</span> <span class='ocrx_word' id='word_1_332' title='bbox 2715 1650 2978 1712; x_wconf 79' lang='grc' dir='ltr'><strong><em>θανόντας</em></strong></span> <span class='ocrx_word' id='word_1_333' title='bbox 3026 1648 3215 1719; x_wconf 81' lang='grc' dir='ltr'>μαθὼν</span> <span class='ocrx_word' id='word_1_334' title='bbox 3239 1650 3331 1703; x_wconf 75' lang='grc' dir='ltr'>τὸν</span> <span class='ocrx_word' id='word_1_335' title='bbox 3365 1648 3532 1702; x_wconf 79' lang='grc' dir='ltr'>Δαϐιδ</span> <span class='ocrx_word' id='word_1_336' title='bbox 3591 1649 3689 1702; x_wconf 75' lang='grc' dir='ltr'>καὶ</span> <span class='ocrx_word' id='word_1_337' title='bbox 3730 1649 3817 1702; x_wconf 67' lang='grc' dir='ltr'>τὶν</span> 
     </span>
    </p>
   </div>
   <div class='ocr_carea' id='block_1_45' title="bbox 2246 1743 3815 1816">
    <p class='ocr_par' dir='ltr' id='par_1_45' title="bbox 2246 1743 3815 1816">
     <span class='ocr_line' id='line_1_45' title="bbox 2246 1743 3815 1816; baseline -0.002 -18"><span class='ocrx_word' id='word_1_338' title='bbox 2246 1745 2431 1808; x_wconf 73' lang='grc' dir='ltr'>Ἰωὰϐ,</span> <span class='ocrx_word' id='word_1_339' title='bbox 2460 1743 2776 1797; x_wconf 77' lang='grc' dir='ltr'>ἐπανελθεῖν</span> <span class='ocrx_word' id='word_1_340' title='bbox 2801 1745 2984 1815; x_wconf 79' lang='grc' dir='ltr'>ἐζήτει</span> <span class='ocrx_word' id='word_1_341' title='bbox 3016 1744 3150 1814; x_wconf 83' lang='grc' dir='ltr'>πρὸς</span> <span class='ocrx_word' id='word_1_342' title='bbox 3175 1744 3277 1815; x_wconf 83' lang='grc' dir='ltr'><strong><em>τὴν</em></strong></span> <span class='ocrx_word' id='word_1_343' title='bbox 3309 1743 3570 1816; x_wconf 76' lang='grc' dir='ltr'>πατρῴαν</span> <span class='ocrx_word' id='word_1_344' title='bbox 3606 1745 3782 1814; x_wconf 86' lang='grc' dir='ltr'>ἀρχήν</span> <span class='ocrx_word' id='word_1_345' title='bbox 3801 1760 3815 1777; x_wconf 81' lang='grc' dir='ltr'><strong>ο</strong></span> 
     </span>
    </p>
   </div>
   <div class='ocr_carea' id='block_1_46' title="bbox 2230 1836 3818 1908">
    <p class='ocr_par' dir='ltr' id='par_1_46' title="bbox 2230 1836 3818 1908">
     <span class='ocr_line' id='line_1_46' title="bbox 2230 1836 3818 1908; baseline -0.003 -16"><span class='ocrx_word' id='word_1_346' title='bbox 2230 1837 2346 1893; x_wconf 70' lang='grc' dir='ltr'>ἀλλ’</span> <span class='ocrx_word' id='word_1_347' title='bbox 2385 1838 2446 1891; x_wconf 78' lang='grc' dir='ltr'><strong><em>οὐ</em></strong></span> <span class='ocrx_word' id='word_1_348' title='bbox 2521 1839 2895 1908; x_wconf 86' lang='grc' dir='ltr'>παρεχωρείτο</span> <span class='ocrx_word' id='word_1_349' title='bbox 2938 1838 3074 1908; x_wconf 66' lang='grc' dir='ltr'>πρὸς</span> <span class='ocrx_word' id='word_1_350' title='bbox 3105 1836 3325 1907; x_wconf 80' lang='grc' dir='ltr'>Φαραώ.</span> <span class='ocrx_word' id='word_1_351' title='bbox 3362 1837 3503 1907; x_wconf 82' lang='grc' dir='ltr'><strong><em>Ἤδη</em></strong></span> <span class='ocrx_word' id='word_1_352' title='bbox 3529 1836 3587 1889; x_wconf 76' lang='grc' dir='ltr'>δὲ</span> <span class='ocrx_word' id='word_1_353' title='bbox 3610 1836 3690 1906; x_wconf 85' lang='grc' dir='ltr'><strong><em>τῷ</em></strong></span> <span class='ocrx_word' id='word_1_354' title='bbox 3719 1836 3818 1888; x_wconf 86' lang='grc' dir='ltr'><strong><em>Σο-</em></strong></span> 
     </span>
    </p>
   </div>
   <div class='ocr_carea' id='block_1_47' title="bbox 2229 1928 3818 2002">
    <p class='ocr_par' dir='ltr' id='par_1_47' title="bbox 2229 1928 3818 2002">
     <span class='ocr_line' id='line_1_47' title="bbox 2229 1928 3818 2002; baseline -0.004 -17"><span class='ocrx_word' id='word_1_355' title='bbox 2229 1932 2469 2002; x_wconf 86' lang='grc' dir='ltr'>λομῶντι</span> <span class='ocrx_word' id='word_1_356' title='bbox 2512 1930 2621 1983; x_wconf 87' lang='grc' dir='ltr'>τῶν</span> <span class='ocrx_word' id='word_1_357' title='bbox 2664 1929 3009 2001; x_wconf 81' lang='grc' dir='ltr'><strong><em>πραγμάτων</em></strong></span> <span class='ocrx_word' id='word_1_358' title='bbox 3040 1928 3228 1993; x_wconf 80' lang='grc' dir='ltr'>κακῶς</span> <span class='ocrx_word' id='word_1_359' title='bbox 3271 1929 3530 1999; x_wconf 77' lang='grc' dir='ltr'>ἐχόντων,</span> <span class='ocrx_word' id='word_1_360' title='bbox 3561 1945 3818 1998; x_wconf 83' lang='grc' dir='ltr'>παρεχω-</span> 
     </span>
    </p>
   </div>
   <div class='ocr_carea' id='block_1_48' title="bbox 2234 2020 3814 2095">
    <p class='ocr_par' dir='ltr' id='par_1_48' title="bbox 2234 2020 3814 2095">
     <span class='ocr_line' id='line_1_48' title="bbox 2234 2020 3814 2095; baseline -0.001 -18"><span class='ocrx_word' id='word_1_361' title='bbox 2234 2027 2372 2095; x_wconf 86' lang='grc' dir='ltr'>ρήθη</span> <span class='ocrx_word' id='word_1_362' title='bbox 2401 2024 2495 2077; x_wconf 79' lang='grc' dir='ltr'>καὶ</span> <span class='ocrx_word' id='word_1_363' title='bbox 2521 2023 2709 2092; x_wconf 80' lang='grc' dir='ltr'>Ἀδερ,</span> <span class='ocrx_word' id='word_1_364' title='bbox 2729 2023 2826 2076; x_wconf 74' lang='grc' dir='ltr'><strong><em>καὶ</em></strong></span> <span class='ocrx_word' id='word_1_365' title='bbox 2852 2024 2932 2086; x_wconf 86' lang='grc' dir='ltr'><strong><em>είς</em></strong></span> <span class='ocrx_word' id='word_1_366' title='bbox 2955 2021 3054 2093; x_wconf 78' lang='grc' dir='ltr'><strong><em>τήν</em></strong></span> <span class='ocrx_word' id='word_1_367' title='bbox 3082 2021 3388 2093; x_wconf 82' lang='grc' dir='ltr'>Ἰδουμαίαν</span> <span class='ocrx_word' id='word_1_368' title='bbox 3419 2020 3814 2091; x_wconf 78' lang='grc' dir='ltr'>ἐπανελήλυθε.</span> 
     </span>
    </p>
   </div>
   <div class='ocr_carea' id='block_1_49' title="bbox 2230 2115 3816 2186">
    <p class='ocr_par' dir='ltr' id='par_1_49' title="bbox 2230 2115 3816 2186">
     <span class='ocr_line' id='line_1_49' title="bbox 2230 2115 3816 2186; baseline -0.003 -16"><span class='ocrx_word' id='word_1_369' title='bbox 2230 2116 2449 2186; x_wconf 84' lang='grc' dir='ltr'>Ταύτης</span> <span class='ocrx_word' id='word_1_370' title='bbox 2503 2116 2547 2169; x_wconf 86' lang='grc' dir='ltr'>δ’</span> <span class='ocrx_word' id='word_1_371' title='bbox 2579 2115 2840 2185; x_wconf 83' lang='grc' dir='ltr'><strong><em>ἀσφαλῶς</em></strong></span> <span class='ocrx_word' id='word_1_372' title='bbox 2888 2115 3324 2185; x_wconf 79' lang='grc' dir='ltr'>φρουρουμένης,</span> <span class='ocrx_word' id='word_1_373' title='bbox 3355 2115 3432 2178; x_wconf 81' lang='grc' dir='ltr'><strong><em>είς</em></strong></span> <span class='ocrx_word' id='word_1_374' title='bbox 3480 2116 3583 2182; x_wconf 84' lang='grc' dir='ltr'>τὴν</span> <span class='ocrx_word' id='word_1_375' title='bbox 3614 2115 3816 2185; x_wconf 83' lang='grc' dir='ltr'>Συρίαν</span> 
     </span>
    </p>
   </div>
   <div class='ocr_carea' id='block_1_50' title="bbox 2232 2206 3816 2281">
    <p class='ocr_par' dir='ltr' id='par_1_50' title="bbox 2232 2206 3816 2281">
     <span class='ocr_line' id='line_1_50' title="bbox 2232 2206 3816 2281; baseline -0.003 -18"><span class='ocrx_word' id='word_1_376' title='bbox 2232 2209 2478 2281; x_wconf 80' lang='grc' dir='ltr'>ἀφίκετο,</span> <span class='ocrx_word' id='word_1_377' title='bbox 2506 2209 2601 2262; x_wconf 79' lang='grc' dir='ltr'>καὶ</span> <span class='ocrx_word' id='word_1_378' title='bbox 2641 2208 2898 2279; x_wconf 75' lang='grc' dir='ltr'>σύστημὰ</span> <span class='ocrx_word' id='word_1_379' title='bbox 2936 2226 2990 2262; x_wconf 91' lang='grc' dir='ltr'><strong><em>τι</em></strong></span> <span class='ocrx_word' id='word_1_380' title='bbox 3039 2207 3184 2279; x_wconf 86' lang='grc' dir='ltr'>σχὼν</span> <span class='ocrx_word' id='word_1_381' title='bbox 3225 2209 3354 2276; x_wconf 74' lang='grc' dir='ltr'>περὶ</span> <span class='ocrx_word' id='word_1_382' title='bbox 3387 2206 3553 2260; x_wconf 74' lang='grc' dir='ltr'>αὐτὸν</span> <span class='ocrx_word' id='word_1_383' title='bbox 3588 2206 3816 2279; x_wconf 77' lang='grc' dir='ltr'>λῃστρι-</span> 
     </span>
    </p>
   </div>
   <div class='ocr_carea' id='block_1_51' title="bbox 2233 2298 3818 2372">
    <p class='ocr_par' dir='ltr' id='par_1_51' title="bbox 2233 2298 3818 2372">
     <span class='ocr_line' id='line_1_51' title="bbox 2233 2298 3818 2372; baseline -0.002 -16"><span class='ocrx_word' id='word_1_384' title='bbox 2233 2303 2352 2368; x_wconf 74' lang='grc' dir='ltr'>κὸν,</span> <span class='ocrx_word' id='word_1_385' title='bbox 2404 2300 2612 2371; x_wconf 76' lang='grc' dir='ltr'>ταύτην</span> <span class='ocrx_word' id='word_1_386' title='bbox 2663 2317 2723 2353; x_wconf 88' lang='grc' dir='ltr'><strong><em>τε</em></strong></span> <span class='ocrx_word' id='word_1_387' title='bbox 2782 2300 3038 2372; x_wconf 80' lang='grc' dir='ltr'>κατέσχε,</span> <span class='ocrx_word' id='word_1_388' title='bbox 3093 2300 3190 2353; x_wconf 72' lang='grc' dir='ltr'><strong><em>καὶ</em></strong></span> <span class='ocrx_word' id='word_1_389' title='bbox 3242 2298 3340 2371; x_wconf 82' lang='grc' dir='ltr'>τὴν</span> <span class='ocrx_word' id='word_1_390' title='bbox 3387 2299 3499 2354; x_wconf 85' lang='grc' dir='ltr'><strong><em>τῶν</em></strong></span> <span class='ocrx_word' id='word_1_391' title='bbox 3547 2299 3818 2370; x_wconf 77' lang='grc' dir='ltr'>Ἑϐραίων</span> 
     </span>
    </p>
   </div>
   <div class='ocr_carea' id='block_1_52' title="bbox 2230 2392 3816 2467">
    <p class='ocr_par' dir='ltr' id='par_1_52' title="bbox 2230 2392 3816 2467">
     <span class='ocr_line' id='line_1_52' title="bbox 2230 2392 3816 2467; baseline -0.003 -18"><span class='ocrx_word' id='word_1_392' title='bbox 2230 2395 2478 2466; x_wconf 81' lang='grc' dir='ltr'>ὲληῖζετο</span> <span class='ocrx_word' id='word_1_393' title='bbox 2499 2395 2712 2467; x_wconf 79' lang='grc' dir='ltr'>χώραν.</span> <span class='ocrx_word' id='word_1_394' title='bbox 2741 2393 3026 2465; x_wconf 69' lang='grc' dir='ltr'>Ίεροϐοὰμ</span> <span class='ocrx_word' id='word_1_395' title='bbox 3053 2393 3110 2447; x_wconf 78' lang='grc' dir='ltr'>δὲ</span> <span class='ocrx_word' id='word_1_396' title='bbox 3141 2393 3255 2455; x_wconf 80' lang='grc' dir='ltr'>υίὸς</span> <span class='ocrx_word' id='word_1_397' title='bbox 3280 2392 3493 2459; x_wconf 73' lang='grc' dir='ltr'>Ναϐὰτ,</span> <span class='ocrx_word' id='word_1_398' title='bbox 3522 2394 3816 2463; x_wconf 79' lang='grc' dir='ltr'>παιδάριον</span> 
     </span>
    </p>
   </div>
   <div class='ocr_carea' id='block_1_53' title="bbox 2230 2484 3816 2559">
    <p class='ocr_par' dir='ltr' id='par_1_53' title="bbox 2230 2484 3816 2559">
     <span class='ocr_line' id='line_1_53' title="bbox 2230 2484 3816 2559; baseline -0.001 -17"><span class='ocrx_word' id='word_1_399' title='bbox 2230 2488 2328 2556; x_wconf 85' lang='grc' dir='ltr'><strong><em>ὢν,</em></strong></span> <span class='ocrx_word' id='word_1_400' title='bbox 2357 2488 2621 2559; x_wconf 84' lang='grc' dir='ltr'>ὑπηρέτει</span> <span class='ocrx_word' id='word_1_401' title='bbox 2673 2486 2753 2558; x_wconf 83' lang='grc' dir='ltr'><strong><em>τῷ</em></strong></span> <span class='ocrx_word' id='word_1_402' title='bbox 2799 2486 3027 2558; x_wconf 77' lang='grc' dir='ltr'>βασιλεῖ.</span> <span class='ocrx_word' id='word_1_403' title='bbox 3070 2484 3225 2539; x_wconf 79' lang='grc' dir='ltr'>Ἰδὼν</span> <span class='ocrx_word' id='word_1_404' title='bbox 3246 2485 3305 2540; x_wconf 85' lang='grc' dir='ltr'>δὲ</span> <span class='ocrx_word' id='word_1_405' title='bbox 3358 2486 3617 2556; x_wconf 83' lang='grc' dir='ltr'>Σολομῶν</span> <span class='ocrx_word' id='word_1_406' title='bbox 3655 2487 3816 2541; x_wconf 72' lang='grc' dir='ltr'>αὑτὸν</span> 
     </span>
    </p>
   </div>
   <div class='ocr_carea' id='block_1_54' title="bbox 2230 2567 3817 2652">
    <p class='ocr_par' dir='ltr' id='par_1_54' title="bbox 2230 2567 3817 2652">
     <span class='ocr_line' id='line_1_54' title="bbox 2230 2567 3817 2652; baseline -0.001 -18"><span class='ocrx_word' id='word_1_407' title='bbox 2230 2583 2478 2651; x_wconf 83' lang='grc' dir='ltr'>γενναῖον</span> <span class='ocrx_word' id='word_1_408' title='bbox 2510 2581 2571 2634; x_wconf 76' lang='grc' dir='ltr'>τὸ</span> <span class='ocrx_word' id='word_1_409' title='bbox 2604 2582 2884 2652; x_wconf 83' lang='grc' dir='ltr'>φρόνημα,</span> <span class='ocrx_word' id='word_1_410' title='bbox 2909 2581 2999 2634; x_wconf 82' lang='grc' dir='ltr'><strong><em>ὅτε</em></strong></span> <span class='ocrx_word' id='word_1_411' title='bbox 3021 2582 3089 2651; x_wconf 79' lang='grc' dir='ltr'>τῇ</span> <span class='ocrx_word' id='word_1_412' title='bbox 3123 2579 3297 2650; x_wconf 87' lang='grc' dir='ltr'>Ἱερου</span> <span class='ocrx_word' id='word_1_413' title='bbox 3311 2567 3487 2651; x_wconf 74' lang='grc' dir='ltr'>ταλὴμ</span> <span class='ocrx_word' id='word_1_414' title='bbox 3528 2579 3817 2652; x_wconf 82' lang='grc' dir='ltr'>περίϐολον</span> 
     </span>
    </p>
   </div>
   <div class='ocr_carea' id='block_1_55' title="bbox 2231 2671 3818 2744">
    <p class='ocr_par' dir='ltr' id='par_1_55' title="bbox 2231 2671 3818 2744">
     <span class='ocr_line' id='line_1_55' title="bbox 2231 2671 3818 2744; baseline -0.003 -17"><span class='ocrx_word' id='word_1_415' title='bbox 2231 2673 2523 2743; x_wconf 82' lang='grc' dir='ltr'>ᾠκοδόμει,</span> <span class='ocrx_word' id='word_1_416' title='bbox 2550 2673 2854 2744; x_wconf 77' lang='grc' dir='ltr'>ἐπέστησεν</span> <span class='ocrx_word' id='word_1_417' title='bbox 2887 2672 3052 2727; x_wconf 77' lang='grc' dir='ltr'>αὑτὸν</span> <span class='ocrx_word' id='word_1_418' title='bbox 3086 2671 3187 2741; x_wconf 79' lang='grc' dir='ltr'><strong><em>τῆς</em></strong></span> <span class='ocrx_word' id='word_1_419' title='bbox 3222 2672 3515 2743; x_wconf 79' lang='grc' dir='ltr'>οἰκοδομῆς</span> <span class='ocrx_word' id='word_1_420' title='bbox 3548 2672 3818 2743; x_wconf 80' lang='grc' dir='ltr'>ἐπιμελη-</span> 
     </span>
    </p>
   </div>
   <div class='ocr_carea' id='block_1_56' title="bbox 2232 2764 3816 2836">
    <p class='ocr_par' dir='ltr' id='par_1_56' title="bbox 2232 2764 3816 2836">
     <span class='ocr_line' id='line_1_56' title="bbox 2232 2764 3816 2836; baseline -0.001 -18"><span class='ocrx_word' id='word_1_421' title='bbox 2232 2767 2354 2835; x_wconf 90' lang='grc' dir='ltr'>τήν.</span> <span class='ocrx_word' id='word_1_422' title='bbox 2403 2765 2792 2835; x_wconf 78' lang='grc' dir='ltr'>Ἀπερχομὲνῳ</span> <span class='ocrx_word' id='word_1_423' title='bbox 2818 2764 2874 2819; x_wconf 82' lang='grc' dir='ltr'>δέ</span> <span class='ocrx_word' id='word_1_424' title='bbox 2909 2783 3006 2818; x_wconf 84' lang='grc' dir='ltr'><strong><em>που</em></strong></span> <span class='ocrx_word' id='word_1_425' title='bbox 3042 2764 3119 2835; x_wconf 87' lang='grc' dir='ltr'>τῷ</span> <span class='ocrx_word' id='word_1_426' title='bbox 3162 2764 3464 2836; x_wconf 82' lang='grc' dir='ltr'>Ἰεροϐοὰμ,</span> <span class='ocrx_word' id='word_1_427' title='bbox 3509 2767 3816 2836; x_wconf 77' lang='grc' dir='ltr'>συνήντησε</span> 
     </span>
    </p>
   </div>
   <div class='ocr_carea' id='block_1_57' title="bbox 2233 2855 3816 2926">
    <p class='ocr_par' dir='ltr' id='par_1_57' title="bbox 2233 2855 3816 2926">
     <span class='ocr_line' id='line_1_57' title="bbox 2233 2855 3816 2926; baseline -0.001 -18"><span class='ocrx_word' id='word_1_428' title='bbox 2233 2856 2526 2926; x_wconf 80' lang='grc' dir='ltr'>προφήτης</span> <span class='ocrx_word' id='word_1_429' title='bbox 2574 2859 2602 2909; x_wconf 98' lang='lat'><strong><em>6</em></strong></span> <span class='ocrx_word' id='word_1_430' title='bbox 2635 2855 2951 2926; x_wconf 85' lang='grc' dir='ltr'>Σηλωνίτης</span> <span class='ocrx_word' id='word_1_431' title='bbox 3006 2857 3183 2926; x_wconf 87' lang='grc' dir='ltr'>Ἀχία,</span> <span class='ocrx_word' id='word_1_432' title='bbox 3217 2856 3313 2909; x_wconf 78' lang='grc' dir='ltr'>καὶ</span> <span class='ocrx_word' id='word_1_433' title='bbox 3359 2855 3619 2919; x_wconf 79' lang='grc' dir='ltr'>ἐκκλίνας</span> <span class='ocrx_word' id='word_1_434' title='bbox 3650 2857 3816 2909; x_wconf 81' lang='grc' dir='ltr'>αὐτὸν</span> 
     </span>
    </p>
   </div>
   <div class='ocr_carea' id='block_1_58' title="bbox 2233 2948 3813 3021">
    <p class='ocr_par' dir='ltr' id='par_1_58' title="bbox 2233 2948 3813 3021">
     <span class='ocr_line' id='line_1_58' title="bbox 2233 2948 3813 3021; baseline -0.001 -20"><span class='ocrx_word' id='word_1_435' title='bbox 2233 2949 2329 3019; x_wconf 82' lang='grc' dir='ltr'>τῆς</span> <span class='ocrx_word' id='word_1_436' title='bbox 2360 2949 2504 3015; x_wconf 77' lang='grc' dir='ltr'>ὀδοῦ,</span> <span class='ocrx_word' id='word_1_437' title='bbox 2538 2949 2791 3021; x_wconf 56' lang='grc' dir='ltr'>διέρρηξε</span> <span class='ocrx_word' id='word_1_438' title='bbox 2839 2949 2899 3002; x_wconf 85' lang='grc' dir='ltr'><strong><em>τὸ</em></strong></span> <span class='ocrx_word' id='word_1_439' title='bbox 2928 2949 3141 3017; x_wconf 77' lang='grc' dir='ltr'>ἱμάτιον</span> <span class='ocrx_word' id='word_1_440' title='bbox 3169 2948 3250 3011; x_wconf 76' lang='grc' dir='ltr'><strong><em>εἰς</em></strong></span> <span class='ocrx_word' id='word_1_441' title='bbox 3277 2948 3486 3001; x_wconf 86' lang='grc' dir='ltr'>δώδεκα</span> <span class='ocrx_word' id='word_1_442' title='bbox 3534 2949 3813 3020; x_wconf 76' lang='grc' dir='ltr'>ῥήγματα,</span> 
     </span>
    </p>
   </div>
   <div class='ocr_carea' id='block_1_59' title="bbox 2236 3038 3816 3110">
    <p class='ocr_par' dir='ltr' id='par_1_59' title="bbox 2236 3038 3816 3110">
     <span class='ocr_line' id='line_1_59' title="bbox 2236 3038 3816 3110; baseline 0.001 -18"><span class='ocrx_word' id='word_1_443' title='bbox 2236 3041 2331 3093; x_wconf 79' lang='grc' dir='ltr'><strong><em>καὶ</em></strong></span> <span class='ocrx_word' id='word_1_444' title='bbox 2390 3039 2628 3093; x_wconf 80' lang='grc' dir='ltr'>δέδωκεν</span> <span class='ocrx_word' id='word_1_445' title='bbox 2677 3040 2876 3110; x_wconf 81' lang='grc' dir='ltr'>ἐκείνῳ</span> <span class='ocrx_word' id='word_1_446' title='bbox 2917 3040 2985 3092; x_wconf 85' lang='grc' dir='ltr'><strong><em>τὰ</em></strong></span> <span class='ocrx_word' id='word_1_447' title='bbox 3036 3040 3190 3105; x_wconf 85' lang='grc' dir='ltr'>δέκα,</span> <span class='ocrx_word' id='word_1_448' title='bbox 3252 3038 3456 3092; x_wconf 84' lang='grc' dir='ltr'>εἰπών·</span> <span class='ocrx_word' id='word_1_449' title='bbox 3500 3041 3596 3106; x_wconf 87' lang='grc' dir='ltr'>Ὡς</span> <span class='ocrx_word' id='word_1_450' title='bbox 3627 3040 3816 3106; x_wconf 81' lang='grc' dir='ltr'>οὕτως</span> 
     </span>
    </p>
   </div>
   <div class='ocr_carea' id='block_1_60' title="bbox 551 3129 2128 3216">
    <p class='ocr_par' dir='ltr' id='par_1_60' title="bbox 551 3142 2128 3216">
     <span class='ocr_line' id='line_1_60' title="bbox 551 3142 2128 3216; baseline 0.002 -20"><span class='ocrx_word' id='word_1_451' title='bbox 551 3145 620 3199; x_wconf 86' lang='lat' dir='ltr'><strong><em>de</em></strong></span> <span class='ocrx_word' id='word_1_452' title='bbox 643 3143 740 3199; x_wconf 88' lang='lat' dir='ltr'><strong><em>illo</em></strong></span> <span class='ocrx_word' id='word_1_453' title='bbox 772 3142 1013 3198; x_wconf 89' lang='lat' dir='ltr'><strong><em>tollendo</em></strong></span> <span class='ocrx_word' id='word_1_454' title='bbox 1036 3144 1261 3213; x_wconf 79' lang='lat' dir='ltr'><strong><em>cogitat.</em></strong></span> <span class='ocrx_word' id='word_1_455' title='bbox 1302 3143 1371 3197; x_wconf 84' lang='lat' dir='ltr'><strong><em>At</em></strong></span> <span class='ocrx_word' id='word_1_456' title='bbox 1416 3143 1506 3198; x_wconf 90' lang='lat' dir='ltr'><strong><em>ille</em></strong></span> <span class='ocrx_word' id='word_1_457' title='bbox 1546 3143 1601 3196; x_wconf 88' lang='lat' dir='ltr'><strong><em>in</em></strong></span> <span class='ocrx_word' id='word_1_458' title='bbox 1635 3142 1930 3214; x_wconf 64' lang='lat' dir='ltr'><strong><em>Egyptum</em></strong></span> <span class='ocrx_word' id='word_1_459' title='bbox 1990 3143 2128 3216; x_wconf 74' lang='lat' dir='ltr'><strong><em>fugit</em></strong></span> 
     </span>
    </p>
   </div>
   <div class='ocr_carea' id='block_1_61' title="bbox 2229 3129 3816 3216">
    <p class='ocr_par' dir='ltr' id='par_1_61' title="bbox 2232 3129 3816 3200">
     <span class='ocr_line' id='line_1_61' title="bbox 2232 3129 3816 3200; baseline 0 -16"><span class='ocrx_word' id='word_1_460' title='bbox 2232 3131 2541 3199; x_wconf 72' lang='grc' dir='ltr'>διαρῤήξει</span> <span class='ocrx_word' id='word_1_461' title='bbox 2565 3130 2682 3200; x_wconf 82' lang='grc' dir='ltr'><strong><em>τὴν</em></strong></span> <span class='ocrx_word' id='word_1_462' title='bbox 2704 3131 3036 3196; x_wconf 72' lang='grc' dir='ltr'>,ϐασιλείαν</span> <span class='ocrx_word' id='word_1_463' title='bbox 3069 3129 3462 3200; x_wconf 78' lang='grc' dir='ltr'>Σολομῶντος</span> <span class='ocrx_word' id='word_1_464' title='bbox 3496 3134 3529 3184; x_wconf 84' lang='grc' dir='ltr'><em>ό</em></span> <span class='ocrx_word' id='word_1_465' title='bbox 3577 3133 3816 3199; x_wconf 82' lang='grc' dir='ltr'>Κύριος,</span> 
     </span>
    </p>
   </div>
   <div class='ocr_carea' id='block_1_62' title="bbox 552 3230 2130 3302">
    <p class='ocr_par' dir='ltr' id='par_1_62' title="bbox 552 3230 2130 3302">
     <span class='ocr_line' id='line_1_62' title="bbox 552 3230 2130 3302; baseline 0.001 -14"><span class='ocrx_word' id='word_1_466' title='bbox 552 3233 742 3302; x_wconf 87' lang='lat' dir='ltr'><strong><em>ibique</em></strong></span> <span class='ocrx_word' id='word_1_467' title='bbox 775 3232 925 3302; x_wconf 85' lang='lat' dir='ltr'><strong><em>degit</em></strong></span> <span class='ocrx_word' id='word_1_468' title='bbox 948 3246 1121 3302; x_wconf 86' lang='lat' dir='ltr'><strong><em>usque</em></strong></span> <span class='ocrx_word' id='word_1_469' title='bbox 1154 3232 1219 3285; x_wconf 88' lang='lat' dir='ltr'><strong><em>ad</em></strong></span> <span class='ocrx_word' id='word_1_470' title='bbox 1245 3230 1554 3286; x_wconf 88' lang='lat' dir='ltr'><strong><em>Salomonis</em></strong></span> <span class='ocrx_word' id='word_1_471' title='bbox 1591 3233 1825 3287; x_wconf 90' lang='lat' dir='ltr'><strong><em>obitum.</em></strong></span> <span class='ocrx_word' id='word_1_472' title='bbox 1856 3234 2007 3289; x_wconf 87' lang='lat' dir='ltr'><strong><em>Ob&#39;it</em></strong></span> <span class='ocrx_word' id='word_1_473' title='bbox 2031 3250 2130 3289; x_wconf 86' lang='lat' dir='ltr'><strong><em>au-</em></strong></span> 
     </span>
    </p>
   </div>
   <div class='ocr_carea' id='block_1_63' title="bbox 554 3320 2127 3396">
    <p class='ocr_par' dir='ltr' id='par_1_63' title="bbox 554 3320 2127 3396">
     <span class='ocr_line' id='line_1_63' title="bbox 554 3320 2127 3396; baseline 0.003 -20"><span class='ocrx_word' id='word_1_474' title='bbox 554 3331 663 3377; x_wconf 84' lang='lat' dir='ltr'><strong><em>tem</em></strong></span> <span class='ocrx_word' id='word_1_475' title='bbox 699 3320 766 3386; x_wconf 90' lang='lat' dir='ltr'><strong><em>is,</em></strong></span> <span class='ocrx_word' id='word_1_476' title='bbox 800 3332 860 3374; x_wconf 88' lang='lat' dir='ltr'><strong><em>ut</em></strong></span> <span class='ocrx_word' id='word_1_477' title='bbox 895 3320 1037 3375; x_wconf 84' lang='lat' dir='ltr'><strong><em>liber</em></strong></span> <span class='ocrx_word' id='word_1_478' title='bbox 1061 3321 1271 3392; x_wconf 79' lang='lat' dir='ltr'><strong><em>Regum</em></strong></span> <span class='ocrx_word' id='word_1_479' title='bbox 1315 3331 1521 3387; x_wconf 85' lang='lat' dir='ltr'><strong><em>narrat,</em></strong></span> <span class='ocrx_word' id='word_1_480' title='bbox 1554 3337 1699 3378; x_wconf 88' lang='lat' dir='ltr'><strong><em>anno</em></strong></span> <span class='ocrx_word' id='word_1_481' title='bbox 1740 3327 1917 3380; x_wconf 73' lang='lat' dir='ltr'><strong><em>aetatis</em></strong></span> <span class='ocrx_word' id='word_1_482' title='bbox 1959 3325 2127 3396; x_wconf 89' lang='lat' dir='ltr'><strong><em>quin-</em></strong></span> 
     </span>
    </p>
   </div>
   <div class='ocr_carea' id='block_1_64' title="bbox 544 3412 2128 3485">
    <p class='ocr_par' dir='ltr' id='par_1_64' title="bbox 544 3412 2128 3485">
     <span class='ocr_line' id='line_1_64' title="bbox 544 3412 2128 3485; baseline 0.008 -24"><span class='ocrx_word' id='word_1_483' title='bbox 544 3414 869 3484; x_wconf 78' lang='lat' dir='ltr'><strong><em>quagesimo</em></strong></span> <span class='ocrx_word' id='word_1_484' title='bbox 902 3412 1165 3475; x_wconf 86' lang='lat' dir='ltr'><strong><em>secundo,</em></strong></span> <span class='ocrx_word' id='word_1_485' title='bbox 1217 3427 1340 3467; x_wconf 91' lang='lat' dir='ltr'><strong><em>cum</em></strong></span> <span class='ocrx_word' id='word_1_486' title='bbox 1395 3413 1684 3469; x_wconf 84' lang='lat' dir='ltr'><strong><em>duodecim</em></strong></span> <span class='ocrx_word' id='word_1_487' title='bbox 1737 3432 1913 3485; x_wconf 74' lang='lat' dir='ltr'><strong><em>annos</em></strong></span> <span class='ocrx_word' id='word_1_488' title='bbox 1966 3428 2128 3474; x_wconf 89' lang='lat' dir='ltr'><strong><em>natus</em></strong></span> 
     </span>
    </p>
   </div>
   <div class='ocr_carea' id='block_1_65' title="bbox 553 3505 2126 3580">
    <p class='ocr_par' dir='ltr' id='par_1_65' title="bbox 553 3505 2126 3580">
     <span class='ocr_line' id='line_1_65' title="bbox 553 3505 2126 3580; baseline 0.004 -24"><span class='ocrx_word' id='word_1_489' title='bbox 553 3519 781 3574; x_wconf 81' lang='lat' dir='ltr'><strong><em>regnum</em></strong></span> <span class='ocrx_word' id='word_1_490' title='bbox 827 3505 1139 3573; x_wconf 78' lang='lat' dir='ltr'><strong><em>suscepisse</em></strong></span> <span class='ocrx_word' id='word_1_491' title='bbox 1184 3514 1545 3571; x_wconf 89' lang='lat' dir='ltr'><strong><em>memoretur,</em></strong></span> <span class='ocrx_word' id='word_1_492' title='bbox 1580 3519 1637 3561; x_wconf 87' lang='lat' dir='ltr'><strong><em>et</em></strong></span> <span class='ocrx_word' id='word_1_493' title='bbox 1661 3508 1715 3562; x_wconf 90' lang='lat' dir='ltr'><strong><em>id</em></strong></span> <span class='ocrx_word' id='word_1_494' title='bbox 1748 3524 1846 3578; x_wconf 92' lang='lat' dir='ltr'><strong><em>per</em></strong></span> <span class='ocrx_word' id='word_1_495' title='bbox 1884 3512 2126 3580; x_wconf 85' lang='lat' dir='ltr'><strong><em>quadra-</em></strong></span> 
     </span>
    </p>
   </div>
   <div class='ocr_carea' id='block_1_66' title="bbox 549 3597 2127 3669">
    <p class='ocr_par' dir='ltr' id='par_1_66' title="bbox 549 3597 2127 3669">
     <span class='ocr_line' id='line_1_66' title="bbox 549 3597 2127 3669; baseline 0.006 -19"><span class='ocrx_word' id='word_1_496' title='bbox 549 3597 701 3666; x_wconf 76' lang='lat' dir='ltr'><strong><em>ginta</em></strong></span> <span class='ocrx_word' id='word_1_497' title='bbox 729 3597 994 3653; x_wconf 85' lang='lat' dir='ltr'><strong><em>tenuisse.</em></strong></span> <span class='ocrx_word' id='word_1_498' title='bbox 1042 3597 1315 3669; x_wconf 81' lang='lat' dir='ltr'><strong><em>Joseplius</em></strong></span> <span class='ocrx_word' id='word_1_499' title='bbox 1363 3608 1547 3654; x_wconf 88' lang='lat' dir='ltr'><strong><em>autem</em></strong></span> <span class='ocrx_word' id='word_1_500' title='bbox 1582 3601 1748 3656; x_wconf 88' lang='lat' dir='ltr'><strong><em>tradit</em></strong></span> <span class='ocrx_word' id='word_1_501' title='bbox 1792 3618 1920 3657; x_wconf 90' lang='lat' dir='ltr'><strong><em>cum</em></strong></span> <span class='ocrx_word' id='word_1_502' title='bbox 1952 3619 2127 3661; x_wconf 89' lang='lat' dir='ltr'><strong><em>annos</em></strong></span> 
     </span>
    </p>
   </div>
   <div class='ocr_carea' id='block_1_67' title="bbox 550 3686 2120 3764">
    <p class='ocr_par' dir='ltr' id='par_1_67' title="bbox 550 3686 2120 3764">
     <span class='ocr_line' id='line_1_67' title="bbox 550 3686 2120 3764; baseline 0.007 -25"><span class='ocrx_word' id='word_1_503' title='bbox 550 3686 752 3741; x_wconf 72' lang='lat' dir='ltr'><strong><em>vixisse</em></strong></span> <span class='ocrx_word' id='word_1_504' title='bbox 781 3695 1020 3755; x_wconf 86' lang='lat' dir='ltr'><strong><em>quatuor</em></strong></span> <span class='ocrx_word' id='word_1_505' title='bbox 1064 3696 1123 3742; x_wconf 87' lang='lat' dir='ltr'><strong><em>et</em></strong></span> <span class='ocrx_word' id='word_1_506' title='bbox 1163 3689 1484 3758; x_wconf 81' lang='lat' dir='ltr'><strong><em>nonaginta,</em></strong></span> <span class='ocrx_word' id='word_1_507' title='bbox 1538 3705 1795 3761; x_wconf 84' lang='lat' dir='ltr'><strong><em>regnasse</em></strong></span> <span class='ocrx_word' id='word_1_508' title='bbox 1821 3695 2120 3764; x_wconf 77' lang='lat' dir='ltr'><strong><em>octoginta.</em></strong></span> 
     </span>
    </p>
   </div>
   <div class='ocr_carea' id='block_1_68' title="bbox 426 3768 2125 3846">
    <p class='ocr_par' dir='ltr' id='par_1_68' title="bbox 426 3768 2125 3846">
     <span class='ocr_line' id='line_1_68' title="bbox 426 3768 2125 3846; baseline 0.007 -18"><span class='ocrx_word' id='word_1_509' title='bbox 426 3768 439 3789; x_wconf 78' lang='lat'>’</span> <span class='ocrx_word' id='word_1_510' title='bbox 546 3775 668 3829; x_wconf 77' lang='lat' dir='ltr'><strong><em>Vita</em></strong></span> <span class='ocrx_word' id='word_1_511' title='bbox 719 3790 850 3830; x_wconf 89' lang='lat' dir='ltr'><strong><em>usus</em></strong></span> <span class='ocrx_word' id='word_1_512' title='bbox 874 3782 959 3830; x_wconf 89' lang='lat' dir='ltr'><strong><em>est</em></strong></span> <span class='ocrx_word' id='word_1_513' title='bbox 992 3776 1139 3831; x_wconf 81' lang='lat' dir='ltr'><strong><em>felici</em></strong></span> <span class='ocrx_word' id='word_1_514' title='bbox 1180 3784 1237 3831; x_wconf 88' lang='lat' dir='ltr'><strong><em>et</em></strong></span> <span class='ocrx_word' id='word_1_515' title='bbox 1285 3776 1546 3846; x_wconf 83' lang='lat' dir='ltr'><strong><em>gloriosa,</em></strong></span> <span class='ocrx_word' id='word_1_516' title='bbox 1580 3781 1687 3835; x_wconf 90' lang='lat' dir='ltr'><strong><em>nisi</em></strong></span> <span class='ocrx_word' id='word_1_517' title='bbox 1730 3781 1785 3837; x_wconf 92' lang='lat' dir='ltr'><strong><em>in</em></strong></span> <span class='ocrx_word' id='word_1_518' title='bbox 1839 3794 2125 3840; x_wconf 85' lang='lat' dir='ltr'><strong><em>senectute</em></strong></span> 
     </span>
    </p>
   </div>
   <div class='ocr_carea' id='block_1_69' title="bbox 550 3867 2126 3945">
    <p class='ocr_par' dir='ltr' id='par_1_69' title="bbox 550 3867 2126 3945">
     <span class='ocr_line' id='line_1_69' title="bbox 550 3867 2126 3945; baseline 0.011 -28"><span class='ocrx_word' id='word_1_519' title='bbox 550 3867 757 3934; x_wconf 73' lang='lat' dir='ltr'><strong><em>patrias</em></strong></span> <span class='ocrx_word' id='word_1_520' title='bbox 802 3868 954 3939; x_wconf 91' lang='lat' dir='ltr'><strong><em>leges</em></strong></span> <span class='ocrx_word' id='word_1_521' title='bbox 982 3868 1264 3933; x_wconf 82' lang='lat' dir='ltr'><strong><em>violasset,</em></strong></span> <span class='ocrx_word' id='word_1_522' title='bbox 1293 3871 1579 3927; x_wconf 90' lang='lat' dir='ltr'><strong><em>amoribus</em></strong></span> <span class='ocrx_word' id='word_1_523' title='bbox 1613 3874 1884 3945; x_wconf 88' lang='lat' dir='ltr'><strong><em>impulsus</em></strong></span> <span class='ocrx_word' id='word_1_524' title='bbox 1918 3879 2126 3934; x_wconf 90' lang='lat' dir='ltr'><strong><em>illicitis</em></strong></span> 
     </span>
    </p>
   </div>
   <div class='ocr_carea' id='block_1_70' title="bbox 548 3959 2144 4038">
    <p class='ocr_par' dir='ltr' id='par_1_70' title="bbox 548 3959 2144 4038">
     <span class='ocr_line' id='line_1_70' title="bbox 548 3959 2144 4038; baseline 0.012 -29"><span class='ocrx_word' id='word_1_525' title='bbox 548 3959 966 4030; x_wconf 83' lang='lat' dir='ltr'><strong><em>peregrinarum</em></strong></span> <span class='ocrx_word' id='word_1_526' title='bbox 1018 3960 1491 4029; x_wconf 82' lang='lat' dir='ltr'><strong><em>muliercularum,</em></strong></span> <span class='ocrx_word' id='word_1_527' title='bbox 1537 3980 1838 4038; x_wconf 76' lang='lat' dir='ltr'><strong><em>earumque</em></strong></span> <span class='ocrx_word' id='word_1_528' title='bbox 1882 3980 2144 4028; x_wconf 79' lang='lat' dir='ltr'><strong><em>sectatus</em></strong></span> 
     </span>
    </p>
   </div>
   <div class='ocr_carea' id='block_1_71' title="bbox 544 4050 860 4121">
    <p class='ocr_par' dir='ltr' id='par_1_71' title="bbox 544 4050 860 4121">
     <span class='ocr_line' id='line_1_71' title="bbox 544 4050 860 4121; baseline 0.003 -17"><span class='ocrx_word' id='word_1_529' title='bbox 544 4050 860 4121; x_wconf 83' lang='lat' dir='ltr'><strong><em>religiones.</em></strong></span> 
     </span>
    </p>
   </div>
   <div class='ocr_carea' id='block_1_72' title="bbox 2230 3222 3817 3292">
    <p class='ocr_par' dir='ltr' id='par_1_72' title="bbox 2230 3222 3817 3292">
     <span class='ocr_line' id='line_1_72' title="bbox 2230 3222 3817 3292; baseline -0.001 -15"><span class='ocrx_word' id='word_1_530' title='bbox 2230 3223 2430 3289; x_wconf 78' lang='grc' dir='ltr'>καὶτῷ</span> <span class='ocrx_word' id='word_1_531' title='bbox 2451 3223 2569 3292; x_wconf 77' lang='grc' dir='ltr'>μὲν</span> <span class='ocrx_word' id='word_1_532' title='bbox 2591 3224 2828 3277; x_wconf 77' lang='grc' dir='ltr'>ἐκείνου</span> <span class='ocrx_word' id='word_1_533' title='bbox 2850 3222 2953 3288; x_wconf 76' lang='grc' dir='ltr'><strong><em>υἱῷ</em></strong></span> <span class='ocrx_word' id='word_1_534' title='bbox 2973 3223 3082 3277; x_wconf 83' lang='grc' dir='ltr'>δύο</span> <span class='ocrx_word' id='word_1_535' title='bbox 3110 3223 3454 3291; x_wconf 68' lang='grc' dir='ltr'>καταλείψει</span> <span class='ocrx_word' id='word_1_536' title='bbox 3483 3223 3691 3292; x_wconf 63' lang='grc' dir='ltr'>φυλὰς</span> <span class='ocrx_word' id='word_1_537' title='bbox 3719 3223 3817 3276; x_wconf 76' lang='grc' dir='ltr'>διὰ</span> 
     </span>
    </p>
   </div>
   <div class='ocr_carea' id='block_1_73' title="bbox 2227 3317 3819 3385">
    <p class='ocr_par' dir='ltr' id='par_1_73' title="bbox 2227 3317 3819 3385">
     <span class='ocr_line' id='line_1_73' title="bbox 2227 3317 3819 3385; baseline -0.001 -13"><span class='ocrx_word' id='word_1_538' title='bbox 2227 3319 2337 3372; x_wconf 84' lang='grc' dir='ltr'><strong><em>τὸν</em></strong></span> <span class='ocrx_word' id='word_1_539' title='bbox 2374 3320 2647 3385; x_wconf 80' lang='grc' dir='ltr'>πάππον,</span> <span class='ocrx_word' id='word_1_540' title='bbox 2702 3318 2801 3372; x_wconf 77' lang='grc' dir='ltr'>σοὶ</span> <span class='ocrx_word' id='word_1_541' title='bbox 2845 3318 2913 3371; x_wconf 87' lang='grc' dir='ltr'>δὲ</span> <span class='ocrx_word' id='word_1_542' title='bbox 2951 3318 3056 3384; x_wconf 85' lang='grc' dir='ltr'>τὰς</span> <span class='ocrx_word' id='word_1_543' title='bbox 3079 3317 3227 3371; x_wconf 78' lang='grc' dir='ltr'>δέκα</span> <span class='ocrx_word' id='word_1_544' title='bbox 3271 3317 3473 3381; x_wconf 82' lang='grc' dir='ltr'>δώσει,</span> <span class='ocrx_word' id='word_1_545' title='bbox 3506 3318 3602 3370; x_wconf 81' lang='grc' dir='ltr'><strong><em>κα)</em></strong></span> <span class='ocrx_word' id='word_1_546' title='bbox 3628 3318 3819 3382; x_wconf 80' lang='grc' dir='ltr'>βασι·</span> 
     </span>
    </p>
   </div>
   <div class='ocr_carea' id='block_1_74' title="bbox 2225 3408 3817 3479">
    <p class='ocr_par' dir='ltr' id='par_1_74' title="bbox 2225 3408 3817 3479">
     <span class='ocr_line' id='line_1_74' title="bbox 2225 3408 3817 3479; baseline -0.005 -9"><span class='ocrx_word' id='word_1_547' title='bbox 2225 3416 2434 3470; x_wconf 74' lang='grc' dir='ltr'>λεύσει</span> <span class='ocrx_word' id='word_1_548' title='bbox 2488 3430 2562 3467; x_wconf 86' lang='grc' dir='ltr'><strong><em>σε</em></strong></span> <span class='ocrx_word' id='word_1_549' title='bbox 2614 3414 2683 3466; x_wconf 80' lang='grc' dir='ltr'><strong><em>ἐν</em></strong></span> <span class='ocrx_word' id='word_1_550' title='bbox 2744 3410 2975 3477; x_wconf 76' lang='grc' dir='ltr'>αὑταῖς.</span> <span class='ocrx_word' id='word_1_551' title='bbox 3017 3410 3100 3464; x_wconf 87' lang='grc' dir='ltr'><strong><em>Σὺ</em></strong></span> <span class='ocrx_word' id='word_1_552' title='bbox 3141 3411 3208 3464; x_wconf 83' lang='grc' dir='ltr'>δὲ</span> <span class='ocrx_word' id='word_1_553' title='bbox 3256 3409 3417 3464; x_wconf 72' lang='grc' dir='ltr'><em>ἀλλὰ</em></span> <span class='ocrx_word' id='word_1_554' title='bbox 3463 3408 3585 3463; x_wconf 79' lang='grc' dir='ltr'><strong><em>τῶν</em></strong></span> <span class='ocrx_word' id='word_1_555' title='bbox 3614 3412 3817 3479; x_wconf 76' lang='grc' dir='ltr'>νόμων</span> 
     </span>
    </p>
   </div>
   <div class='ocr_carea' id='block_1_75' title="bbox 2228 3502 3815 3577">
    <p class='ocr_par' dir='ltr' id='par_1_75' title="bbox 2228 3502 3815 3577">
     <span class='ocr_line' id='line_1_75' title="bbox 2228 3502 3815 3577; baseline -0.006 -14"><span class='ocrx_word' id='word_1_556' title='bbox 2228 3508 2487 3577; x_wconf 78' lang='grc' dir='ltr'><strong><em>ἀντέχου</em></strong></span> <span class='ocrx_word' id='word_1_557' title='bbox 2512 3507 2755 3575; x_wconf 82' lang='grc' dir='ltr'>Κυρίου,</span> <span class='ocrx_word' id='word_1_558' title='bbox 2784 3504 2881 3558; x_wconf 80' lang='grc' dir='ltr'><strong><em>καὶ</em></strong></span> <span class='ocrx_word' id='word_1_559' title='bbox 2909 3508 3080 3575; x_wconf 75' lang='grc' dir='ltr'>γίνου</span> <span class='ocrx_word' id='word_1_560' title='bbox 3108 3503 3357 3569; x_wconf 78' lang='grc' dir='ltr'>δίκαιος,</span> <span class='ocrx_word' id='word_1_561' title='bbox 3411 3502 3638 3567; x_wconf 78' lang='grc' dir='ltr'>Τούτοις</span> <span class='ocrx_word' id='word_1_562' title='bbox 3670 3503 3815 3572; x_wconf 80' lang='grc' dir='ltr'>μέγα</span> 
     </span>
    </p>
   </div>
   <div class='ocr_carea' id='block_1_76' title="bbox 2228 3594 3815 3673">
    <p class='ocr_par' dir='ltr' id='par_1_76' title="bbox 2228 3594 3815 3673">
     <span class='ocr_line' id='line_1_76' title="bbox 2228 3594 3815 3673; baseline -0.004 -20"><span class='ocrx_word' id='word_1_563' title='bbox 2228 3602 2512 3673; x_wconf 80' lang='grc' dir='ltr'>φρονήσας</span> <span class='ocrx_word' id='word_1_564' title='bbox 2562 3599 2876 3670; x_wconf 74' lang='grc' dir='ltr'>Ἰεροϐοὰμ,</span> <span class='ocrx_word' id='word_1_565' title='bbox 2940 3596 3282 3669; x_wconf 74' lang='grc' dir='ltr'>νεωτερίζειν</span> <span class='ocrx_word' id='word_1_566' title='bbox 3328 3594 3633 3667; x_wconf 77' lang='grc' dir='ltr'>ἐπεχείρει.</span> <span class='ocrx_word' id='word_1_567' title='bbox 3703 3597 3815 3649; x_wconf 72' lang='grc' dir='ltr'><strong><em>Καὶ</em></strong></span> 
     </span>
    </p>
   </div>
   <div class='ocr_carea' id='block_1_77' title="bbox 2232 3688 3809 3764">
    <p class='ocr_par' dir='ltr' id='par_1_77' title="bbox 2232 3688 3809 3764">
     <span class='ocr_line' id='line_1_77' title="bbox 2232 3688 3809 3764; baseline -0.003 -16"><span class='ocrx_word' id='word_1_568' title='bbox 2232 3695 2395 3761; x_wconf 80' lang='grc' dir='ltr'>γνοὺς</span> <span class='ocrx_word' id='word_1_569' title='bbox 2424 3695 2484 3747; x_wconf 77' lang='grc' dir='ltr'>τὸ</span> <span class='ocrx_word' id='word_1_570' title='bbox 2513 3694 2743 3764; x_wconf 76' lang='grc' dir='ltr'>πρᾶγμα</span> <span class='ocrx_word' id='word_1_571' title='bbox 2794 3694 2820 3745; x_wconf 79' lang='grc' dir='ltr'><strong><em>ὁ</em></strong></span> <span class='ocrx_word' id='word_1_572' title='bbox 2851 3690 3129 3761; x_wconf 77' lang='grc' dir='ltr'>βασιλεὺς,</span> <span class='ocrx_word' id='word_1_573' title='bbox 3164 3690 3376 3744; x_wconf 81' lang='grc' dir='ltr'>ἀνελεῖν</span> <span class='ocrx_word' id='word_1_574' title='bbox 3404 3691 3591 3760; x_wconf 72' lang='grc' dir='ltr'>ἐζήτει</span> <span class='ocrx_word' id='word_1_575' title='bbox 3620 3688 3809 3743; x_wconf 72' lang='grc' dir='ltr'>αὐτόν.</span> 
     </span>
    </p>
   </div>
   <div class='ocr_carea' id='block_1_78' title="bbox 2241 3779 3814 3854">
    <p class='ocr_par' dir='ltr' id='par_1_78' title="bbox 2241 3779 3814 3854">
     <span class='ocr_line' id='line_1_78' title="bbox 2241 3779 3814 3854; baseline -0.005 -16"><span class='ocrx_word' id='word_1_576' title='bbox 2241 3785 2302 3839; x_wconf 84' lang='grc' dir='ltr'><strong>Ὀ</strong></span> <span class='ocrx_word' id='word_1_577' title='bbox 2334 3786 2389 3838; x_wconf 72' lang='grc' dir='ltr'><strong><em>δε</em></strong></span> <span class='ocrx_word' id='word_1_578' title='bbox 2421 3784 2614 3854; x_wconf 86' lang='grc' dir='ltr'>φεύγει</span> <span class='ocrx_word' id='word_1_579' title='bbox 2647 3786 2727 3846; x_wconf 83' lang='grc' dir='ltr'><strong><em>είς</em></strong></span> <span class='ocrx_word' id='word_1_580' title='bbox 2751 3783 3046 3851; x_wconf 71' lang='grc' dir='ltr'>Αἴγυπτον,</span> <span class='ocrx_word' id='word_1_581' title='bbox 3082 3781 3244 3833; x_wconf 82' lang='grc' dir='ltr'>κάκεῖ</span> <span class='ocrx_word' id='word_1_582' title='bbox 3276 3779 3487 3850; x_wconf 75' lang='grc' dir='ltr'>διῆγεν,</span> <span class='ocrx_word' id='word_1_583' title='bbox 3522 3780 3627 3842; x_wconf 76' lang='grc' dir='ltr'>ἕως</span> <span class='ocrx_word' id='word_1_584' title='bbox 3655 3779 3814 3831; x_wconf 85' lang='grc' dir='ltr'>Σολο-</span> 
     </span>
    </p>
   </div>
   <div class='ocr_carea' id='block_1_79' title="bbox 2235 3871 3812 3947">
    <p class='ocr_par' dir='ltr' id='par_1_79' title="bbox 2235 3871 3812 3947">
     <span class='ocr_line' id='line_1_79' title="bbox 2235 3871 3812 3947; baseline -0.003 -19"><span class='ocrx_word' id='word_1_585' title='bbox 2235 3876 2352 3947; x_wconf 85' lang='grc' dir='ltr'>μῶν</span> <span class='ocrx_word' id='word_1_586' title='bbox 2399 3874 2745 3944; x_wconf 76' lang='grc' dir='ltr'>ἐτελεύτησε.</span> <span class='ocrx_word' id='word_1_587' title='bbox 2785 3872 3029 3943; x_wconf 82' lang='grc' dir='ltr'>Τέθνηκε</span> <span class='ocrx_word' id='word_1_588' title='bbox 3059 3871 3113 3924; x_wconf 78' lang='grc' dir='ltr'>δὲ</span> <span class='ocrx_word' id='word_1_589' title='bbox 3170 3875 3197 3925; x_wconf 89' lang='grc' dir='ltr'>ὁ</span> <span class='ocrx_word' id='word_1_590' title='bbox 3232 3871 3489 3941; x_wconf 76' lang='grc' dir='ltr'>βασιλεὺς</span> <span class='ocrx_word' id='word_1_591' title='bbox 3529 3871 3812 3940; x_wconf 86' lang='grc' dir='ltr'>Σολομῶν,</span> 
     </span>
    </p>
   </div>
   <div class='ocr_carea' id='block_1_80' title="bbox 2232 3963 3814 4038">
    <p class='ocr_par' dir='ltr' id='par_1_80' title="bbox 2232 3963 3814 4038">
     <span class='ocr_line' id='line_1_80' title="bbox 2232 3963 3814 4038; baseline -0.003 -18"><span class='ocrx_word' id='word_1_592' title='bbox 2232 3969 2308 4031; x_wconf 81' lang='grc' dir='ltr'>ὡς</span> <span class='ocrx_word' id='word_1_593' title='bbox 2341 3969 2490 4038; x_wconf 76' lang='grc' dir='ltr'><strong><em>μὲνὴ</em></strong></span> <span class='ocrx_word' id='word_1_594' title='bbox 2519 3967 2699 4037; x_wconf 79' lang='grc' dir='ltr'>βίϐλος</span> <span class='ocrx_word' id='word_1_595' title='bbox 2724 3964 3024 4018; x_wconf 83' lang='grc' dir='ltr'>Βασιλειῶν</span> <span class='ocrx_word' id='word_1_596' title='bbox 3046 3964 3159 4037; x_wconf 82' lang='lat'><strong><em>(56)</em></strong></span> <span class='ocrx_word' id='word_1_597' title='bbox 3184 3963 3410 4035; x_wconf 74' lang='grc' dir='ltr'>ἱστορεῖ,</span> <span class='ocrx_word' id='word_1_598' title='bbox 3436 3963 3610 4035; x_wconf 79' lang='grc' dir='ltr'>ζήσας</span> <span class='ocrx_word' id='word_1_599' title='bbox 3628 3965 3814 4018; x_wconf 73' lang='grc' dir='ltr'>ἐνιαυο</span> 
     </span>
    </p>
   </div>
   <div class='ocr_carea' id='block_1_81' title="bbox 2232 4056 3815 4129">
    <p class='ocr_par' dir='ltr' id='par_1_81' title="bbox 2232 4056 3815 4129">
     <span class='ocr_line' id='line_1_81' title="bbox 2232 4056 3815 4129; baseline -0.003 -14"><span class='ocrx_word' id='word_1_600' title='bbox 2232 4061 2360 4123; x_wconf 73' lang='grc' dir='ltr'>τοὺς</span> <span class='ocrx_word' id='word_1_601' title='bbox 2416 4060 2759 4129; x_wconf 85' lang='grc' dir='ltr'>πεντήκοντα</span> <span class='ocrx_word' id='word_1_602' title='bbox 2815 4058 2953 4128; x_wconf 83' lang='grc' dir='ltr'>πρὸς</span> <span class='ocrx_word' id='word_1_603' title='bbox 3001 4058 3142 4111; x_wconf 88' lang='grc' dir='ltr'>δυσί.</span> <span class='ocrx_word' id='word_1_604' title='bbox 3186 4056 3536 4127; x_wconf 85' lang='grc' dir='ltr'>Δωδεκαέτης</span> <span class='ocrx_word' id='word_1_605' title='bbox 3571 4056 3684 4128; x_wconf 82' lang='grc' dir='ltr'>γὰρ</span> <span class='ocrx_word' id='word_1_606' title='bbox 3713 4059 3815 4127; x_wconf 66' lang='grc' dir='ltr'><strong><em>τῆς</em></strong></span> 
     </span>
    </p>
   </div>
   <div class='ocr_carea' id='block_1_82' title="bbox 547 4146 3812 4228">
    <p class='ocr_par' dir='ltr' id='par_1_82' title="bbox 547 4146 3812 4228">
     <span class='ocr_line' id='line_1_82' title="bbox 547 4146 3812 4228; baseline 0.001 -27"><span class='ocrx_word' id='word_1_607' title='bbox 547 4146 827 4216; x_wconf 81' lang='grc' dir='ltr'>βασιλείας</span> <span class='ocrx_word' id='word_1_608' title='bbox 859 4146 1120 4218; x_wconf 69' lang='grc' dir='ltr'>ἐπιϐῆναι</span> <span class='ocrx_word' id='word_1_609' title='bbox 1172 4147 1476 4219; x_wconf 78' lang='grc' dir='ltr'>ἱστόρηται,</span> <span class='ocrx_word' id='word_1_610' title='bbox 1542 4151 1863 4216; x_wconf 83' lang='grc' dir='ltr'>βασιλεῦσαι</span> <span class='ocrx_word' id='word_1_611' title='bbox 1906 4156 1963 4208; x_wconf 82' lang='grc' dir='ltr'><strong><em>δὲ</em></strong></span> <span class='ocrx_word' id='word_1_612' title='bbox 2022 4158 2118 4228; x_wconf 81' lang='grc' dir='ltr'><strong><em>ἔτη</em></strong></span> <span class='ocrx_word' id='word_1_613' title='bbox 2157 4154 2594 4225; x_wconf 80' lang='grc' dir='ltr'>τεσσαράκοντα.</span> <span class='ocrx_word' id='word_1_614' title='bbox 2675 4152 2764 4216; x_wconf 75' lang='grc' dir='ltr'>Ὠς</span> <span class='ocrx_word' id='word_1_615' title='bbox 2789 4152 2835 4204; x_wconf 79' lang='grc' dir='ltr'>δ’</span> <span class='ocrx_word' id='word_1_616' title='bbox 2900 4151 3221 4222; x_wconf 62' lang='grc' dir='ltr'>ὁηίώσηπος</span> <span class='ocrx_word' id='word_1_617' title='bbox 3260 4152 3812 4222; x_wconf 73' lang='grc' dir='ltr'>συνεγράψατο,τέσο</span> 
     </span>
    </p>
   </div>
   <div class='ocr_carea' id='block_1_83' title="bbox 547 4243 3813 4322">
    <p class='ocr_par' dir='ltr' id='par_1_83' title="bbox 547 4243 3813 4322">
     <span class='ocr_line' id='line_1_83' title="bbox 547 4243 3813 4322; baseline 0.002 -28"><span class='ocrx_word' id='word_1_618' title='bbox 547 4258 718 4313; x_wconf 82' lang='grc' dir='ltr'>σαρας</span> <span class='ocrx_word' id='word_1_619' title='bbox 753 4243 853 4312; x_wconf 79' lang='grc' dir='ltr'>μὲν</span> <span class='ocrx_word' id='word_1_620' title='bbox 881 4243 1168 4308; x_wconf 72' lang='grc' dir='ltr'>ἐνιαυτοὺς</span> <span class='ocrx_word' id='word_1_621' title='bbox 1200 4243 1334 4297; x_wconf 67' lang='grc' dir='ltr'>ἐϐίω</span> <span class='ocrx_word' id='word_1_622' title='bbox 1365 4248 1461 4298; x_wconf 79' lang='grc' dir='ltr'>καὶ</span> <span class='ocrx_word' id='word_1_623' title='bbox 1505 4246 1872 4319; x_wconf 70' lang='grc' dir='ltr'>δνενήκονταο</span> <span class='ocrx_word' id='word_1_624' title='bbox 1927 4252 2260 4322; x_wconf 79' lang='grc' dir='ltr'>ὀγδοήκοντα</span> <span class='ocrx_word' id='word_1_625' title='bbox 2315 4252 2372 4305; x_wconf 75' lang='grc' dir='ltr'>δὲ</span> <span class='ocrx_word' id='word_1_626' title='bbox 2440 4250 2853 4322; x_wconf 77' lang='grc' dir='ltr'>βεϐασίλευκεν,</span> <span class='ocrx_word' id='word_1_627' title='bbox 2932 4248 3177 4319; x_wconf 80' lang='grc' dir='ltr'>εὐτυχῶς</span> <span class='ocrx_word' id='word_1_628' title='bbox 3216 4249 3314 4319; x_wconf 80' lang='grc' dir='ltr'><strong><em>μὲν</em></strong></span> <span class='ocrx_word' id='word_1_629' title='bbox 3343 4247 3516 4318; x_wconf 79' lang='grc' dir='ltr'>ζήσας</span> <span class='ocrx_word' id='word_1_630' title='bbox 3589 4250 3687 4300; x_wconf 72' lang='grc' dir='ltr'><strong><em>καὶ</em></strong></span> <span class='ocrx_word' id='word_1_631' title='bbox 3721 4246 3813 4299; x_wconf 72' lang='grc' dir='ltr'><strong><em>εὖ·</em></strong></span> 
     </span>
    </p>
   </div>
   <div class='ocr_carea' id='block_1_84' title="bbox 546 4333 3814 4416">
    <p class='ocr_par' dir='ltr' id='par_1_84' title="bbox 546 4333 3814 4416">
     <span class='ocr_line' id='line_1_84' title="bbox 546 4333 3814 4416; baseline -0.001 -19"><span class='ocrx_word' id='word_1_632' title='bbox 546 4333 743 4397; x_wconf 68' lang='grc' dir='ltr'>κλεῶςν</span> <span class='ocrx_word' id='word_1_633' title='bbox 794 4334 1195 4403; x_wconf 78' lang='grc' dir='ltr'>παρανομήσας</span> <span class='ocrx_word' id='word_1_634' title='bbox 1249 4335 1433 4405; x_wconf 80' lang='grc' dir='ltr'>μέντοι</span> <span class='ocrx_word' id='word_1_635' title='bbox 1490 4340 1620 4408; x_wconf 78' lang='grc' dir='ltr'>περὶ</span> <span class='ocrx_word' id='word_1_636' title='bbox 1670 4339 1730 4392; x_wconf 84' lang='grc' dir='ltr'><strong><em>τὸ</em></strong></span> <span class='ocrx_word' id='word_1_637' title='bbox 1787 4342 1966 4410; x_wconf 80' lang='grc' dir='ltr'>γῆρας</span> <span class='ocrx_word' id='word_1_638' title='bbox 2031 4343 2124 4398; x_wconf 83' lang='grc' dir='ltr'>ὑπ’</span> <span class='ocrx_word' id='word_1_639' title='bbox 2165 4344 2388 4416; x_wconf 76' lang='grc' dir='ltr'>ἐρώτων</span> <span class='ocrx_word' id='word_1_640' title='bbox 2447 4344 2549 4396; x_wconf 80' lang='grc' dir='ltr'><strong><em>οὐκ</em></strong></span> <span class='ocrx_word' id='word_1_641' title='bbox 2617 4342 2835 4410; x_wconf 79' lang='grc' dir='ltr'>εὐαγῶν</span> <span class='ocrx_word' id='word_1_642' title='bbox 2886 4341 3197 4409; x_wconf 57' lang='grc' dir='ltr'>ἀλλοβνέσι</span> <span class='ocrx_word' id='word_1_643' title='bbox 3255 4340 3499 4404; x_wconf 78' lang='grc' dir='ltr'>πεισθεὶς</span> <span class='ocrx_word' id='word_1_644' title='bbox 3569 4339 3814 4410; x_wconf 72' lang='grc' dir='ltr'>γυναιξὶ,</span> 
     </span>
    </p>
   </div>
   <div class='ocr_carea' id='block_1_85' title="bbox 546 4425 1894 4503">
    <p class='ocr_par' dir='ltr' id='par_1_85' title="bbox 546 4425 1894 4503">
     <span class='ocr_line' id='line_1_85' title="bbox 546 4425 1894 4503; baseline 0.003 -20"><span class='ocrx_word' id='word_1_645' title='bbox 546 4426 643 4483; x_wconf 77' lang='grc' dir='ltr'>καὶ</span> <span class='ocrx_word' id='word_1_646' title='bbox 673 4428 786 4489; x_wconf 81' lang='grc' dir='ltr'>τοῖς</span> <span class='ocrx_word' id='word_1_647' title='bbox 818 4425 1048 4479; x_wconf 73' lang='grc' dir='ltr'>ἐκείνων</span> <span class='ocrx_word' id='word_1_648' title='bbox 1078 4425 1453 4498; x_wconf 78' lang='grc' dir='ltr'>ἀκολουθήσας</span> <span class='ocrx_word' id='word_1_649' title='bbox 1486 4429 1894 4503; x_wconf 85' lang='grc' dir='ltr'>θρησκεύμασι.</span> 
     </span>
    </p>
   </div>
   <div class='ocr_carea' id='block_1_86' title="bbox 617 4542 2128 4623">
    <p class='ocr_par' dir='ltr' id='par_1_86' title="bbox 617 4542 2125 4617">
     <span class='ocr_line' id='line_1_86' title="bbox 617 4542 2125 4617; baseline 0.007 -18"><span class='ocrx_word' id='word_1_650' title='bbox 617 4542 711 4599; x_wconf 80' lang='lat' dir='ltr'><strong><em>XI.</em></strong></span> <span class='ocrx_word' id='word_1_651' title='bbox 745 4542 1130 4600; x_wconf 88' lang='lat' dir='ltr'><strong><em>Successorem</em></strong></span> <span class='ocrx_word' id='word_1_652' title='bbox 1161 4544 1215 4600; x_wconf 90' lang='lat' dir='ltr'><strong><em>in</em></strong></span> <span class='ocrx_word' id='word_1_653' title='bbox 1260 4559 1429 4617; x_wconf 88' lang='lat' dir='ltr'><strong><em>regno</em></strong></span> <span class='ocrx_word' id='word_1_654' title='bbox 1462 4546 1657 4603; x_wconf 85' lang='lat' dir='ltr'><strong><em>habuit</em></strong></span> <span class='ocrx_word' id='word_1_655' title='bbox 1681 4549 1855 4605; x_wconf 78' lang='lat' dir='ltr'><strong><em>lilium</em></strong></span> <span class='ocrx_word' id='word_1_656' title='bbox 1905 4553 2125 4611; x_wconf 85' lang='lat' dir='ltr'><strong><em>Roboa-</em></strong></span> 
     </span>
    </p>
   </div>
   <div class='ocr_carea' id='block_1_87' title="bbox 2229 4542 3816 4623">
    <p class='ocr_par' dir='ltr' id='par_1_87' title="bbox 2299 4549 3816 4623">
     <span class='ocr_line' id='line_1_87' title="bbox 2299 4549 3816 4623; baseline 0.001 -15"><span class='ocrx_word' id='word_1_657' title='bbox 2299 4551 2405 4608; x_wconf 84' lang='lat' dir='ltr'><strong><em>lA&#39;.</em></strong></span> <span class='ocrx_word' id='word_1_658' title='bbox 2439 4551 2696 4623; x_wconf 86' lang='grc' dir='ltr'>Διάδοχον</span> <span class='ocrx_word' id='word_1_659' title='bbox 2722 4550 2768 4603; x_wconf 87' lang='lat'><strong><em>6‘</em></strong></span> <span class='ocrx_word' id='word_1_660' title='bbox 2801 4550 2926 4623; x_wconf 75' lang='grc' dir='ltr'>ἔσχε</span> <span class='ocrx_word' id='word_1_661' title='bbox 2963 4553 3062 4621; x_wconf 84' lang='grc' dir='ltr'><strong><em>τῆς</em></strong></span> <span class='ocrx_word' id='word_1_662' title='bbox 3109 4549 3389 4621; x_wconf 80' lang='grc' dir='ltr'>βασιλείας</span> <span class='ocrx_word' id='word_1_663' title='bbox 3420 4554 3509 4606; x_wconf 64' lang='grc' dir='ltr'>τὸν</span> <span class='ocrx_word' id='word_1_664' title='bbox 3536 4556 3657 4610; x_wconf 73' lang='grc' dir='ltr'>υἱὸν</span> <span class='ocrx_word' id='word_1_665' title='bbox 3694 4557 3816 4610; x_wconf 76' lang='grc' dir='ltr'><strong><em>Ῥοο</em></strong></span> 
     </span>
    </p>
   </div>
   <div class='ocr_carea' id='block_1_88' title="bbox 547 4633 2120 4718">
    <p class='ocr_par' dir='ltr' id='par_1_88' title="bbox 547 4633 2120 4718">
     <span class='ocr_line' id='line_1_88' title="bbox 547 4633 2120 4718; baseline 0.009 -30"><span class='ocrx_word' id='word_1_666' title='bbox 547 4650 718 4700; x_wconf 79' lang='lat' dir='ltr'><strong><em>mutu,</em></strong></span> <span class='ocrx_word' id='word_1_667' title='bbox 752 4633 819 4689; x_wconf 88' lang='lat' dir='ltr'><strong><em>ad</em></strong></span> <span class='ocrx_word' id='word_1_668' title='bbox 847 4650 1010 4705; x_wconf 90' lang='lat' dir='ltr'><strong><em>quem</em></strong></span> <span class='ocrx_word' id='word_1_669' title='bbox 1045 4650 1170 4691; x_wconf 91' lang='lat' dir='ltr'><strong><em>cum</em></strong></span> <span class='ocrx_word' id='word_1_670' title='bbox 1201 4638 1439 4707; x_wconf 86' lang='lat' dir='ltr'><strong><em>populus</em></strong></span> <span class='ocrx_word' id='word_1_671' title='bbox 1468 4641 1845 4709; x_wconf 71' lang='lat' dir='ltr'><strong><em>conduxisset,</em></strong></span> <span class='ocrx_word' id='word_1_672' title='bbox 1879 4660 1941 4700; x_wconf 90' lang='lat' dir='ltr'><strong><em>ac</em></strong></span> <span class='ocrx_word' id='word_1_673' title='bbox 1987 4661 2120 4718; x_wconf 90' lang='lat' dir='ltr'><strong><em>sup-</em></strong></span> 
     </span>
    </p>
   </div>
   <div class='ocr_carea' id='block_1_89' title="bbox 547 4725 2120 4809">
    <p class='ocr_par' dir='ltr' id='par_1_89' title="bbox 547 4725 2120 4809">
     <span class='ocr_line' id='line_1_89' title="bbox 547 4725 2120 4809; baseline 0.01 -30"><span class='ocrx_word' id='word_1_674' title='bbox 547 4725 671 4795; x_wconf 79' lang='lat' dir='ltr'><strong><em>plex</em></strong></span> <span class='ocrx_word' id='word_1_675' title='bbox 699 4725 971 4794; x_wconf 86' lang='lat' dir='ltr'><strong><em>petiisset,</em></strong></span> <span class='ocrx_word' id='word_1_676' title='bbox 1014 4737 1075 4781; x_wconf 87' lang='lat' dir='ltr'><strong><em>ut</em></strong></span> <span class='ocrx_word' id='word_1_677' title='bbox 1118 4737 1275 4797; x_wconf 87' lang='lat' dir='ltr'><strong><em>patre</em></strong></span> <span class='ocrx_word' id='word_1_678' title='bbox 1316 4729 1643 4786; x_wconf 88' lang='lat' dir='ltr'><strong><em>clementior</em></strong></span> <span class='ocrx_word' id='word_1_679' title='bbox 1716 4735 2000 4792; x_wconf 82' lang='lat' dir='ltr'><strong><em>servitutis</em></strong></span> <span class='ocrx_word' id='word_1_680' title='bbox 2025 4738 2120 4809; x_wconf 85' lang='lat' dir='ltr'><strong><em>ju-</em></strong></span> 
     </span>
    </p>
   </div>
   <div class='ocr_carea' id='block_1_90' title="bbox 546 4814 2122 4894">
    <p class='ocr_par' dir='ltr' id='par_1_90' title="bbox 546 4814 2122 4894">
     <span class='ocr_line' id='line_1_90' title="bbox 546 4814 2122 4894; baseline 0.01 -25"><span class='ocrx_word' id='word_1_681' title='bbox 546 4831 674 4885; x_wconf 88' lang='lat' dir='ltr'><strong><em>gum</em></strong></span> <span class='ocrx_word' id='word_1_682' title='bbox 721 4831 753 4870; x_wconf 86' lang='lat' dir='ltr'><strong><em>a</em></strong></span> <span class='ocrx_word' id='word_1_683' title='bbox 799 4814 1092 4872; x_wconf 88' lang='lat' dir='ltr'><strong><em>Salomone</em></strong></span> <span class='ocrx_word' id='word_1_684' title='bbox 1137 4819 1446 4875; x_wconf 86' lang='lat' dir='ltr'><strong><em>cervicibus</em></strong></span> <span class='ocrx_word' id='word_1_685' title='bbox 1490 4821 1607 4878; x_wconf 85' lang='lat' dir='ltr'><strong><em>suis</em></strong></span> <span class='ocrx_word' id='word_1_686' title='bbox 1662 4822 1980 4894; x_wconf 89' lang='lat' dir='ltr'><strong><em>impositum</em></strong></span> <span class='ocrx_word' id='word_1_687' title='bbox 2034 4844 2122 4884; x_wconf 84' lang='lat' dir='ltr'><strong><em>re-</em></strong></span> 
     </span>
    </p>
   </div>
   <div class='ocr_carea' id='block_1_91' title="bbox 548 4913 2116 4992">
    <p class='ocr_par' dir='ltr' id='par_1_91' title="bbox 548 4913 2116 4992">
     <span class='ocr_line' id='line_1_91' title="bbox 548 4913 2116 4992; baseline 0.01 -26"><span class='ocrx_word' id='word_1_688' title='bbox 548 4913 781 4981; x_wconf 79' lang='lat' dir='ltr'><strong><em>laxaret,</em></strong></span> <span class='ocrx_word' id='word_1_689' title='bbox 808 4913 898 4969; x_wconf 88' lang='lat' dir='ltr'><strong><em>ille</em></strong></span> <span class='ocrx_word' id='word_1_690' title='bbox 931 4929 990 4970; x_wconf 89' lang='lat' dir='ltr'><strong><em>se</em></strong></span> <span class='ocrx_word' id='word_1_691' title='bbox 1034 4915 1468 4972; x_wconf 88' lang='lat' dir='ltr'><strong><em>deliberaturum</em></strong></span> <span class='ocrx_word' id='word_1_692' title='bbox 1509 4919 1607 4987; x_wconf 90' lang='lat' dir='ltr'><strong><em>ait,</em></strong></span> <span class='ocrx_word' id='word_1_693' title='bbox 1630 4930 1840 4992; x_wconf 87' lang='lat' dir='ltr'><strong><em>etpost</em></strong></span> <span class='ocrx_word' id='word_1_694' title='bbox 1874 4925 2116 4981; x_wconf 90' lang='lat' dir='ltr'><strong><em>triduum</em></strong></span> 
     </span>
    </p>
   </div>
   <div class='ocr_carea' id='block_1_92' title="bbox 548 5006 2125 5088">
    <p class='ocr_par' dir='ltr' id='par_1_92' title="bbox 548 5006 2125 5088">
     <span class='ocr_line' id='line_1_92' title="bbox 548 5006 2125 5088; baseline 0.01 -29"><span class='ocrx_word' id='word_1_695' title='bbox 548 5020 969 5077; x_wconf 86' lang='lat' dir='ltr'><strong><em>responsurum.</em></strong></span> <span class='ocrx_word' id='word_1_696' title='bbox 1018 5006 1269 5063; x_wconf 85' lang='lat' dir='ltr'><strong><em>Consulit</em></strong></span> <span class='ocrx_word' id='word_1_697' title='bbox 1303 5008 1488 5080; x_wconf 90' lang='lat' dir='ltr'><strong><em>itaque</em></strong></span> <span class='ocrx_word' id='word_1_698' title='bbox 1536 5012 1785 5069; x_wconf 89' lang='lat' dir='ltr'><strong><em>seniores</em></strong></span> <span class='ocrx_word' id='word_1_699' title='bbox 1831 5031 1899 5071; x_wconf 80' lang='lat' dir='ltr'><strong><em>ex</em></strong></span> <span class='ocrx_word' id='word_1_700' title='bbox 1929 5019 2125 5088; x_wconf 87' lang='lat' dir='ltr'><strong><em>patriis</em></strong></span> 
     </span>
    </p>
   </div>
   <div class='ocr_carea' id='block_1_93' title="bbox 548 5097 2125 5177">
    <p class='ocr_par' dir='ltr' id='par_1_93' title="bbox 548 5097 2125 5177">
     <span class='ocr_line' id='line_1_93' title="bbox 548 5097 2125 5177; baseline 0.009 -25"><span class='ocrx_word' id='word_1_701' title='bbox 548 5097 836 5165; x_wconf 88' lang='lat' dir='ltr'><strong><em>ministris,</em></strong></span> <span class='ocrx_word' id='word_1_702' title='bbox 864 5098 998 5170; x_wconf 91' lang='lat' dir='ltr'><strong><em>quid</em></strong></span> <span class='ocrx_word' id='word_1_703' title='bbox 1035 5100 1481 5171; x_wconf 89' lang='lat' dir='ltr'><strong><em>respondendum</em></strong></span> <span class='ocrx_word' id='word_1_704' title='bbox 1513 5114 1661 5160; x_wconf 89' lang='lat' dir='ltr'><strong><em>esset</em></strong></span> <span class='ocrx_word' id='word_1_705' title='bbox 1688 5124 1703 5160; x_wconf 90' lang='lat'><strong>:</strong></span> <span class='ocrx_word' id='word_1_706' title='bbox 1734 5119 1983 5177; x_wconf 90' lang='lat' dir='ltr'><strong><em>monent,</em></strong></span> <span class='ocrx_word' id='word_1_707' title='bbox 2014 5111 2125 5167; x_wconf 90' lang='lat' dir='ltr'><strong><em>cle-</em></strong></span> 
     </span>
    </p>
   </div>
   <div class='ocr_carea' id='block_1_94' title="bbox 548 5190 2122 5269">
    <p class='ocr_par' dir='ltr' id='par_1_94' title="bbox 548 5190 2122 5269">
     <span class='ocr_line' id='line_1_94' title="bbox 548 5190 2122 5269; baseline 0.009 -29"><span class='ocrx_word' id='word_1_708' title='bbox 548 5196 785 5256; x_wconf 89' lang='lat' dir='ltr'><strong><em>menter,</em></strong></span> <span class='ocrx_word' id='word_1_709' title='bbox 830 5205 940 5244; x_wconf 83' lang='lat' dir='ltr'><strong><em>non</em></strong></span> <span class='ocrx_word' id='word_1_710' title='bbox 988 5190 1226 5261; x_wconf 88' lang='lat' dir='ltr'><strong><em>superbe</em></strong></span> <span class='ocrx_word' id='word_1_711' title='bbox 1259 5199 1317 5246; x_wconf 91' lang='lat' dir='ltr'><strong><em>et</em></strong></span> <span class='ocrx_word' id='word_1_712' title='bbox 1364 5206 1686 5266; x_wconf 80' lang='lat' dir='ltr'><strong><em>arroganter</em></strong></span> <span class='ocrx_word' id='word_1_713' title='bbox 1732 5197 2122 5269; x_wconf 89' lang='lat' dir='ltr'><strong><em>alloquendum</em></strong></span> 
     </span>
    </p>
   </div>
   <div class='ocr_carea' id='block_1_95' title="bbox 546 5282 2122 5352">
    <p class='ocr_par' dir='ltr' id='par_1_95' title="bbox 546 5282 2122 5352">
     <span class='ocr_line' id='line_1_95' title="bbox 546 5282 2122 5352; baseline 0.008 -19"><span class='ocrx_word' id='word_1_714' title='bbox 546 5295 668 5336; x_wconf 87' lang='lat' dir='ltr'><strong><em>esse</em></strong></span> <span class='ocrx_word' id='word_1_715' title='bbox 699 5282 1152 5352; x_wconf 63' lang='lat' dir='ltr'><strong><em>populumJ’ost</em></strong></span> <span class='ocrx_word' id='word_1_716' title='bbox 1188 5293 1460 5350; x_wconf 88' lang='lat' dir='ltr'><strong><em>senatum,</em></strong></span> <span class='ocrx_word' id='word_1_717' title='bbox 1509 5302 1568 5340; x_wconf 90' lang='lat' dir='ltr'><strong><em>re</em></strong></span> <span class='ocrx_word' id='word_1_718' title='bbox 1592 5303 1715 5342; x_wconf 89' lang='lat' dir='ltr'><strong><em>cum</em></strong></span> <span class='ocrx_word' id='word_1_719' title='bbox 1753 5289 2122 5347; x_wconf 87' lang='lat' dir='ltr'><strong><em>adolescenti-</em></strong></span> 
     </span>
    </p>
   </div>
   <div class='ocr_carea' id='block_1_96' title="bbox 548 5371 2123 5447">
    <p class='ocr_par' dir='ltr' id='par_1_96' title="bbox 548 5371 2123 5447">
     <span class='ocr_line' id='line_1_96' title="bbox 548 5371 2123 5447; baseline 0.008 -22"><span class='ocrx_word' id='word_1_720' title='bbox 548 5371 652 5428; x_wconf 85' lang='lat' dir='ltr'><strong><em>bus</em></strong></span> <span class='ocrx_word' id='word_1_721' title='bbox 681 5390 788 5431; x_wconf 80' lang='lat' dir='ltr'><strong><em>una</em></strong></span> <span class='ocrx_word' id='word_1_722' title='bbox 808 5390 1007 5431; x_wconf 83' lang='lat' dir='ltr'><strong><em>secum</em></strong></span> <span class='ocrx_word' id='word_1_723' title='bbox 1053 5375 1306 5431; x_wconf 88' lang='lat' dir='ltr'><strong><em>educatis</em></strong></span> <span class='ocrx_word' id='word_1_724' title='bbox 1339 5379 1765 5447; x_wconf 84' lang='lat' dir='ltr'><strong><em>communicata,</em></strong></span> <span class='ocrx_word' id='word_1_725' title='bbox 1797 5393 1855 5436; x_wconf 91' lang='lat' dir='ltr'><strong><em>et</em></strong></span> <span class='ocrx_word' id='word_1_726' title='bbox 1887 5384 2123 5439; x_wconf 90' lang='lat' dir='ltr'><strong><em>consilio</em></strong></span> 
     </span>
    </p>
   </div>
   <div class='ocr_carea' id='block_1_97' title="bbox 2229 4643 3813 4720">
    <p class='ocr_par' dir='ltr' id='par_1_97' title="bbox 2229 4643 3813 4720">
     <span class='ocr_line' id='line_1_97' title="bbox 2229 4643 3813 4720; baseline -0.009 -17"><span class='ocrx_word' id='word_1_727' title='bbox 2229 4649 2393 4720; x_wconf 79' lang='grc' dir='ltr'>ϐοάμ.</span> <span class='ocrx_word' id='word_1_728' title='bbox 2417 4648 2528 4701; x_wconf 74' lang='grc' dir='ltr'>Καὶ</span> <span class='ocrx_word' id='word_1_729' title='bbox 2549 4648 2580 4699; x_wconf 88' lang='lat'><strong><em>6</em></strong></span> <span class='ocrx_word' id='word_1_730' title='bbox 2608 4646 2739 4709; x_wconf 87' lang='grc' dir='ltr'>λαὸς</span> <span class='ocrx_word' id='word_1_731' title='bbox 2771 4643 3014 4715; x_wconf 88' lang='grc' dir='ltr'>συνήχθη</span> <span class='ocrx_word' id='word_1_732' title='bbox 3047 4647 3154 4706; x_wconf 85' lang='grc' dir='ltr'>πᾶς</span> <span class='ocrx_word' id='word_1_733' title='bbox 3185 4644 3323 4715; x_wconf 80' lang='grc' dir='ltr'>πρὸς</span> <span class='ocrx_word' id='word_1_734' title='bbox 3354 4646 3541 4709; x_wconf 84' lang='grc' dir='ltr'>αὑτὸν,</span> <span class='ocrx_word' id='word_1_735' title='bbox 3572 4648 3668 4699; x_wconf 76' lang='grc' dir='ltr'><strong><em>καὶ</em></strong></span> <span class='ocrx_word' id='word_1_736' title='bbox 3698 4648 3813 4701; x_wconf 81' lang='grc' dir='ltr'>ίκέ..</span> 
     </span>
    </p>
   </div>
   <div class='ocr_carea' id='block_1_98' title="bbox 2227 4734 3813 4809">
    <p class='ocr_par' dir='ltr' id='par_1_98' title="bbox 2227 4734 3813 4809">
     <span class='ocr_line' id='line_1_98' title="bbox 2227 4734 3813 4809; baseline -0.001 -15"><span class='ocrx_word' id='word_1_737' title='bbox 2227 4757 2385 4794; x_wconf 86' lang='grc' dir='ltr'>τευον</span> <span class='ocrx_word' id='word_1_738' title='bbox 2438 4738 2746 4809; x_wconf 63' lang='grc' dir='ltr'>ἐλαφρῦνιιι</span> <span class='ocrx_word' id='word_1_739' title='bbox 2800 4736 2984 4799; x_wconf 84' lang='grc' dir='ltr'>αὐτοῖς</span> <span class='ocrx_word' id='word_1_740' title='bbox 3015 4734 3105 4789; x_wconf 85' lang='grc' dir='ltr'><strong><em>τὸν</em></strong></span> <span class='ocrx_word' id='word_1_741' title='bbox 3138 4735 3235 4803; x_wconf 80' lang='grc' dir='ltr'>τῆς</span> <span class='ocrx_word' id='word_1_742' title='bbox 3257 4735 3504 4800; x_wconf 86' lang='grc' dir='ltr'>δουλείας</span> <span class='ocrx_word' id='word_1_743' title='bbox 3534 4738 3722 4805; x_wconf 74' lang='grc' dir='ltr'>ζυγὸν,</span> <span class='ocrx_word' id='word_1_744' title='bbox 3751 4739 3813 4803; x_wconf 82' lang='grc' dir='ltr'>ὃς</span> 
     </span>
    </p>
   </div>
   <div class='ocr_carea' id='block_1_99' title="bbox 2228 4828 3813 4905">
    <p class='ocr_par' dir='ltr' id='par_1_99' title="bbox 2228 4828 3813 4905">
     <span class='ocr_line' id='line_1_99' title="bbox 2228 4828 3813 4905; baseline -0.003 -20"><span class='ocrx_word' id='word_1_745' title='bbox 2228 4831 2381 4900; x_wconf 76' lang='grc' dir='ltr'>παρὰ</span> <span class='ocrx_word' id='word_1_746' title='bbox 2408 4829 2749 4900; x_wconf 71' lang='grc' dir='ltr'>Σολομὼντο,</span> <span class='ocrx_word' id='word_1_747' title='bbox 2773 4828 2958 4891; x_wconf 81' lang='grc' dir='ltr'>αὐτοῖς</span> <span class='ocrx_word' id='word_1_748' title='bbox 2978 4828 3332 4897; x_wconf 81' lang='grc' dir='ltr'>ὲπενήνεκτο,</span> <span class='ocrx_word' id='word_1_749' title='bbox 3352 4829 3447 4880; x_wconf 75' lang='grc' dir='ltr'><strong><em>καὶ</em></strong></span> <span class='ocrx_word' id='word_1_750' title='bbox 3479 4830 3573 4882; x_wconf 82' lang='grc' dir='ltr'>τοῦ</span> <span class='ocrx_word' id='word_1_751' title='bbox 3601 4831 3813 4905; x_wconf 66' lang='grc' dir='ltr'>πατρὸς</span> 
     </span>
    </p>
   </div>
   <div class='ocr_carea' id='block_1_100' title="bbox 2229 4916 3815 4992">
    <p class='ocr_par' dir='ltr' id='par_1_100' title="bbox 2229 4916 3815 4992">
     <span class='ocr_line' id='line_1_100' title="bbox 2229 4916 3815 4992; baseline -0.001 -16"><span class='ocrx_word' id='word_1_752' title='bbox 2229 4922 2467 4992; x_wconf 80' lang='grc' dir='ltr'>φανῆναι</span> <span class='ocrx_word' id='word_1_753' title='bbox 2512 4919 2900 4991; x_wconf 81' lang='grc' dir='ltr'>χρηστότερος.</span> <span class='ocrx_word' id='word_1_754' title='bbox 2964 4919 3023 4973; x_wconf 87' lang='grc'><strong><em>’0</em></strong></span> <span class='ocrx_word' id='word_1_755' title='bbox 3055 4918 3114 4970; x_wconf 80' lang='grc' dir='ltr'><strong><em>δὲ</em></strong></span> <span class='ocrx_word' id='word_1_756' title='bbox 3150 4918 3461 4988; x_wconf 81' lang='grc' dir='ltr'>σκέψασθαι</span> <span class='ocrx_word' id='word_1_757' title='bbox 3511 4916 3660 4988; x_wconf 80' lang='grc' dir='ltr'>εἷπε,</span> <span class='ocrx_word' id='word_1_758' title='bbox 3712 4924 3815 4974; x_wconf 71' lang='grc' dir='ltr'>καὶ</span> 
     </span>
    </p>
   </div>
   <div class='ocr_carea' id='block_1_101' title="bbox 2221 5007 3814 5083">
    <p class='ocr_par' dir='ltr' id='par_1_101' title="bbox 2221 5007 3814 5083">
     <span class='ocr_line' id='line_1_101' title="bbox 2221 5007 3814 5083; baseline -0.001 -19"><span class='ocrx_word' id='word_1_759' title='bbox 2221 5013 2363 5083; x_wconf 83' lang='grc' dir='ltr'>μετὰ</span> <span class='ocrx_word' id='word_1_760' title='bbox 2378 5013 2527 5079; x_wconf 86' lang='grc' dir='ltr'>τρεῖς</span> <span class='ocrx_word' id='word_1_761' title='bbox 2557 5009 2771 5081; x_wconf 78' lang='grc' dir='ltr'>ἡμέρας</span> <span class='ocrx_word' id='word_1_762' title='bbox 2799 5011 2997 5063; x_wconf 82' lang='grc' dir='ltr'>εἰπεῖν.</span> <span class='ocrx_word' id='word_1_763' title='bbox 3031 5008 3284 5071; x_wconf 78' lang='grc' dir='ltr'>Καλέσας</span> <span class='ocrx_word' id='word_1_764' title='bbox 3305 5007 3399 5062; x_wconf 79' lang='grc' dir='ltr'><strong><em>οὖν</em></strong></span> <span class='ocrx_word' id='word_1_765' title='bbox 3418 5010 3550 5072; x_wconf 75' lang='grc' dir='ltr'>τοὺς</span> <span class='ocrx_word' id='word_1_766' title='bbox 3573 5027 3814 5081; x_wconf 82' lang='grc' dir='ltr'>γηραιο-</span> 
     </span>
    </p>
   </div>
   <div class='ocr_carea' id='block_1_102' title="bbox 2220 5098 3811 5175">
    <p class='ocr_par' dir='ltr' id='par_1_102' title="bbox 2220 5098 3811 5175">
     <span class='ocr_line' id='line_1_102' title="bbox 2220 5098 3811 5175; baseline -0.003 -19"><span class='ocrx_word' id='word_1_767' title='bbox 2220 5104 2417 5175; x_wconf 82' lang='grc' dir='ltr'>τέρους</span> <span class='ocrx_word' id='word_1_768' title='bbox 2447 5103 2556 5155; x_wconf 81' lang='grc' dir='ltr'>τῶν</span> <span class='ocrx_word' id='word_1_769' title='bbox 2585 5098 2859 5172; x_wconf 83' lang='grc' dir='ltr'>πατρῴων</span> <span class='ocrx_word' id='word_1_770' title='bbox 2894 5099 3267 5172; x_wconf 73' lang='grc' dir='ltr'>θεραπόντων,</span> <span class='ocrx_word' id='word_1_771' title='bbox 3297 5100 3348 5154; x_wconf 87' lang='grc' dir='ltr'><strong><em>τί</em></strong></span> <span class='ocrx_word' id='word_1_772' title='bbox 3372 5103 3439 5155; x_wconf 84' lang='grc' dir='ltr'><strong><em>ἂν</em></strong></span> <span class='ocrx_word' id='word_1_773' title='bbox 3473 5101 3811 5174; x_wconf 84' lang='grc' dir='ltr'>ἀποκριθείη</span> 
     </span>
    </p>
   </div>
   <div class='ocr_carea' id='block_1_103' title="bbox 2221 5192 3809 5265">
    <p class='ocr_par' dir='ltr' id='par_1_103' title="bbox 2221 5192 3809 5265">
     <span class='ocr_line' id='line_1_103' title="bbox 2221 5192 3809 5265; baseline 0 -17"><span class='ocrx_word' id='word_1_774' title='bbox 2221 5195 2299 5265; x_wconf 83' lang='grc' dir='ltr'>τῷ</span> <span class='ocrx_word' id='word_1_775' title='bbox 2328 5195 2475 5264; x_wconf 81' lang='grc' dir='ltr'>λαῷ·</span> <span class='ocrx_word' id='word_1_776' title='bbox 2507 5194 2751 5247; x_wconf 68' lang='grc' dir='ltr'>κάκεῖνοι</span> <span class='ocrx_word' id='word_1_777' title='bbox 2778 5192 3130 5264; x_wconf 83' lang='grc' dir='ltr'>διαλεχθῆναι</span> <span class='ocrx_word' id='word_1_778' title='bbox 3181 5193 3367 5256; x_wconf 82' lang='grc' dir='ltr'>αὐτοῖς</span> <span class='ocrx_word' id='word_1_779' title='bbox 3410 5193 3809 5248; x_wconf 82' lang='grc' dir='ltr'>συνεϐούλευον</span> 
     </span>
    </p>
   </div>
   <div class='ocr_carea' id='block_1_104' title="bbox 2219 5283 3812 5357">
    <p class='ocr_par' dir='ltr' id='par_1_104' title="bbox 2219 5283 3812 5357">
     <span class='ocr_line' id='line_1_104' title="bbox 2219 5283 3812 5357; baseline 0 -20"><span class='ocrx_word' id='word_1_780' title='bbox 2219 5287 2551 5357; x_wconf 77' lang='grc' dir='ltr'>ἠπιώτερον,</span> <span class='ocrx_word' id='word_1_781' title='bbox 2613 5285 2688 5355; x_wconf 81' lang='grc' dir='ltr'><strong><em>μή</em></strong></span> <span class='ocrx_word' id='word_1_782' title='bbox 2718 5284 2762 5338; x_wconf 87' lang='grc' dir='ltr'>δ’</span> <span class='ocrx_word' id='word_1_783' title='bbox 2790 5284 3160 5355; x_wconf 70' lang='grc' dir='ltr'>ὑπερηφάνως</span> <span class='ocrx_word' id='word_1_784' title='bbox 3191 5283 3288 5338; x_wconf 74' lang='grc' dir='ltr'>καὶ</span> <span class='ocrx_word' id='word_1_785' title='bbox 3332 5284 3610 5356; x_wconf 84' lang='grc' dir='ltr'>ὀγκηρῶς.</span> <span class='ocrx_word' id='word_1_786' title='bbox 3644 5285 3812 5339; x_wconf 70' lang='grc' dir='ltr'>Μετὰ</span> 
     </span>
    </p>
   </div>
   <div class='ocr_carea' id='block_1_105' title="bbox 2219 5375 3813 5449">
    <p class='ocr_par' dir='ltr' id='par_1_105' title="bbox 2219 5375 3813 5449">
     <span class='ocr_line' id='line_1_105' title="bbox 2219 5375 3813 5449; baseline -0.001 -18"><span class='ocrx_word' id='word_1_787' title='bbox 2219 5380 2275 5431; x_wconf 69' lang='grc' dir='ltr'><strong><em>ἑὲ</em></strong></span> <span class='ocrx_word' id='word_1_788' title='bbox 2304 5378 2403 5448; x_wconf 82' lang='grc' dir='ltr'><strong><em>τήν</em></strong></span> <span class='ocrx_word' id='word_1_789' title='bbox 2450 5377 2743 5447; x_wconf 72' lang='grc' dir='ltr'>γερουσίαν</span> <span class='ocrx_word' id='word_1_790' title='bbox 2794 5379 2907 5441; x_wconf 84' lang='grc' dir='ltr'>τοῖς</span> <span class='ocrx_word' id='word_1_791' title='bbox 2961 5375 3363 5447; x_wconf 84' lang='grc' dir='ltr'>μειρακίσκοις,</span> <span class='ocrx_word' id='word_1_792' title='bbox 3430 5377 3594 5449; x_wconf 80' lang='grc' dir='ltr'>οἵπερ</span> <span class='ocrx_word' id='word_1_793' title='bbox 3651 5376 3813 5448; x_wconf 82' lang='grc' dir='ltr'>αὐτῷ</span> 
     </span>
    </p>
   </div>
   <div class='ocr_carea' id='block_1_106' title="bbox 1742 5553 2638 5618">
    <p class='ocr_par' dir='ltr' id='par_1_106' title="bbox 1742 5553 2638 5618">
     <span class='ocr_line' id='line_1_106' title="bbox 1742 5553 2638 5618; baseline 0.001 -5"><span class='ocrx_word' id='word_1_794' title='bbox 1742 5553 1946 5616; x_wconf 67' lang='grc' dir='ltr'>νοτίδι</span> <span class='ocrx_word' id='word_1_795' title='bbox 1981 5554 2295 5618; x_wconf 89' lang='lat' dir='ltr'><strong><em>lectiones</em></strong></span> <span class='ocrx_word' id='word_1_796' title='bbox 2349 5561 2411 5617; x_wconf 88' lang='lat' dir='ltr'><strong><em>et</em></strong></span> <span class='ocrx_word' id='word_1_797' title='bbox 2450 5561 2638 5616; x_wconf 59' lang='lat' dir='ltr'><strong><em>notae.</em></strong></span> 
     </span>
    </p>
   </div>
   <div class='ocr_carea' id='block_1_107' title="bbox 576 5686 2123 5785">
    <p class='ocr_par' dir='ltr' id='par_1_107' title="bbox 576 5686 2123 5785">
     <span class='ocr_line' id='line_1_107' title="bbox 576 5686 2123 5785; baseline 0.009 -29"><span class='ocrx_word' id='word_1_798' title='bbox 576 5699 984 5785; x_wconf 43' lang='grc' dir='ltr'><strong><em>η(5θ)1ζέϐέος</em></strong></span> <span class='ocrx_word' id='word_1_799' title='bbox 1033 5708 1417 5785; x_wconf 27' lang='grc' dir='ltr'>Βασιλειῶιᾳῌ</span> <span class='ocrx_word' id='word_1_800' title='bbox 1444 5712 1521 5785; x_wconf 84' lang='lat' dir='ltr'><strong><em>lta</em></strong></span> <span class='ocrx_word' id='word_1_801' title='bbox 1569 5712 1748 5768; x_wconf 85' lang='lat' dir='ltr'><strong><em>Libros</em></strong></span> <span class='ocrx_word' id='word_1_802' title='bbox 1801 5686 2123 5784; x_wconf 77' lang='lat' dir='ltr'><strong><em>Regnorum,</em></strong></span> 
     </span>
    </p>
   </div>
   <div class='ocr_carea' id='block_1_108' title="bbox 545 5770 2123 5844">
    <p class='ocr_par' dir='ltr' id='par_1_108' title="bbox 545 5770 2123 5844">
     <span class='ocr_line' id='line_1_108' title="bbox 545 5770 2123 5844; baseline 0.011 -19"><span class='ocrx_word' id='word_1_803' title='bbox 545 5770 727 5830; x_wconf 69' lang='lat' dir='ltr'><strong><em>libros</em></strong></span> <span class='ocrx_word' id='word_1_804' title='bbox 754 5774 846 5829; x_wconf 85' lang='lat' dir='ltr'><strong><em>alii</em></strong></span> <span class='ocrx_word' id='word_1_805' title='bbox 874 5772 1096 5844; x_wconf 79' lang='lat' dir='ltr'><strong><em>Regum,</em></strong></span> <span class='ocrx_word' id='word_1_806' title='bbox 1118 5779 1208 5835; x_wconf 87' lang='lat' dir='ltr'><strong><em>hic</em></strong></span> <span class='ocrx_word' id='word_1_807' title='bbox 1239 5790 1293 5836; x_wconf 83' lang='lat' dir='ltr'><strong><em>et</em></strong></span> <span class='ocrx_word' id='word_1_808' title='bbox 1320 5782 1461 5838; x_wconf 88' lang='lat' dir='ltr'><strong><em>.alibi</em></strong></span> <span class='ocrx_word' id='word_1_809' title='bbox 1487 5799 1596 5839; x_wconf 90' lang='lat' dir='ltr'><strong><em>non</em></strong></span> <span class='ocrx_word' id='word_1_810' title='bbox 1629 5784 1799 5840; x_wconf 83' lang='lat' dir='ltr'><strong><em>semel</em></strong></span> <span class='ocrx_word' id='word_1_811' title='bbox 1819 5770 1977 5840; x_wconf 46' lang='lat' dir='ltr'><strong><em>voveat</em></strong></span> <span class='ocrx_word' id='word_1_812' title='bbox 2015 5770 2123 5842; x_wconf 60' lang='grc' dir='ltr'>Ζυί</span> 
     </span>
    </p>
   </div>
   <div class='ocr_carea' id='block_1_109' title="bbox 2207 5681 3818 5794">
    <p class='ocr_par' dir='ltr' id='par_1_109' title="bbox 2223 5719 3818 5794">
     <span class='ocr_line' id='line_1_109' title="bbox 2223 5719 3818 5794; baseline 0.009 -26"><span class='ocrx_word' id='word_1_813' title='bbox 2223 5730 2407 5794; x_wconf 77' lang='lat' dir='ltr'><strong><em>naras,</em></strong></span> <span class='ocrx_word' id='word_1_814' title='bbox 2443 5719 2721 5794; x_wconf 77' lang='lat' dir='ltr'><strong><em>quomodo</em></strong></span> <span class='ocrx_word' id='word_1_815' title='bbox 2768 5720 2932 5794; x_wconf 81' lang='lat' dir='ltr'><strong><em>etiam</em></strong></span> <span class='ocrx_word' id='word_1_816' title='bbox 2967 5721 3258 5794; x_wconf 87' lang='lat' dir='ltr'><strong><em>plerosque</em></strong></span> <span class='ocrx_word' id='word_1_817' title='bbox 3286 5737 3353 5777; x_wconf 77' lang='lat' dir='ltr'><strong><em>ex</em></strong></span> <span class='ocrx_word' id='word_1_818' title='bbox 3394 5723 3653 5780; x_wconf 87' lang='lat' dir='ltr'><strong><em>Patribus</em></strong></span> <span class='ocrx_word' id='word_1_819' title='bbox 3690 5722 3818 5781; x_wconf 75' lang='lat' dir='ltr'><strong><em>La-</em></strong></span> 
     </span>
    </p>
   </div>
   <div class='ocr_carea' id='block_1_110' title="bbox 2224 5787 3627 5857">
    <p class='ocr_par' dir='ltr' id='par_1_110' title="bbox 2224 5787 3627 5857">
     <span class='ocr_line' id='line_1_110' title="bbox 2224 5787 3627 5857; baseline 0.006 -14"><span class='ocrx_word' id='word_1_820' title='bbox 2224 5787 2354 5843; x_wconf 77' lang='lat' dir='ltr'><strong><em>tinis</em></strong></span> <span class='ocrx_word' id='word_1_821' title='bbox 2380 5789 2683 5857; x_wconf 84' lang='lat' dir='ltr'><strong><em>appellasse</em></strong></span> <span class='ocrx_word' id='word_1_822' title='bbox 2709 5787 3020 5849; x_wconf 79' lang='lat' dir='ltr'><strong><em>notavimus</em></strong></span> <span class='ocrx_word' id='word_1_823' title='bbox 3049 5794 3103 5849; x_wconf 90' lang='lat' dir='ltr'><strong><em>in</em></strong></span> <span class='ocrx_word' id='word_1_824' title='bbox 3123 5787 3301 5851; x_wconf 82' lang='lat' dir='ltr'><strong><em>Gloss.</em></strong></span> <span class='ocrx_word' id='word_1_825' title='bbox 3330 5797 3477 5852; x_wconf 89' lang='lat' dir='ltr'><strong><em>med.</em></strong></span> <span class='ocrx_word' id='word_1_826' title='bbox 3503 5795 3627 5852; x_wconf 85' lang='lat' dir='ltr'><strong><em>Lat.</em></strong></span> 
     </span>
    </p>
   </div>
  </div>
