3964 6252
228 321 338 382 I73

1526 318 1943 381 ANNALIUM
1985 322 2136 383 LIB.
2170 323 2248 383 II.

3382 335 3487 403 ιτι

216 429 639 503 συνετρέφοντο,
671 431 768 487 τοῦ
795 433 1116 505 σκέμματος
1153 432 1547 504 κεκοινώνηκε,
1581 435 1677 489 καλ⁸
1698 432 1799 504 τὴν

1910 435 2186 492 seniorum
2210 438 2484 507 exposito,
2498 440 2575 495 illi
2589 452 2845 500 auctores
2864 454 3013 512 sunt,
3034 450 3490 524 utasperiusagat

211 524 330 579 τῶν
358 524 754 596 πρεσϐυτέρων
782 524 956 580 εἰπὼν
981 525 1319 598 συμὸουλήν.
1377 524 1444 585 Οἱ
1484 526 1544 580 δὲ
1587 526 1798 597 τραχύ-

210 634 375 689 τερον
425 616 577 687 αὐτῷ
610 618 1015 688 προσομιλῆσαι
1064 616 1142 689 τῷ
1171 617 1286 688 λαῷ
1343 617 1797 684 συνεϐούλευσαν,

212 711 316 763 καὶ
352 709 485 772 τοὺς
544 708 743 778 λόγους
783 709 1087 779 ἀναλόγους
1136 709 1216 780 τῷ
1267 710 1370 780 τῆς
1419 711 1594 782 ἀρχῆς
1649 711 1800 782 ὄγκῳ

209 801 593 873 ποιήσασθαι,
659 804 756 856 καὶ
811 801 891 873 τῷ
971 801 1243 872 βασιλικῷ
1299 800 1599 871 ἀξιώματι.
1686 804 1801 858 Καὶ

208 892 274 956 ὃς
330 893 543 957 τούτοις
608 894 932 957 προσέθετο,
980 894 1076 947 καὶ
1107 895 1233 948 ἐπεὶ
1280 894 1344 948 τὸ
1373 894 1585 965 πλῆθος
1640 889 1799 959 αὖθις

213 985 609 1054 συνεληλύθειο
656 987 724 1040 Εἰ
754 984 882 1038 τὸν·
907 983 1088 1056 ζυγὸν
1137 985 1284 1056 ὑμῖν
1331 986 1721 1056 ἐσκλήρυνεν
1767 990 1801 1042 ὁ

212 1075 419 1145 πατήρ
462 1092 614 1145 μου,
644 1076 774 1148 ἔφη,
837 1076 1057 1130 τοῦτον
1106 1077 1292 1144 αὐτὸς
1357 1076 1563 1143 ἐπάξω
1606 1078 1798 1145 ,ϐαρύ-

208 1185 423 1237 tepor“
457 1168 558 1223 καὶ
591 1171 645 1222 ει
693 1167 986 1238 μάστιξιν
1041 1169 1280 1236 ἐκεῖνος
1325 1170 1623 1240 ἐκέχρητο
1667 1170 1800 1226 καθ’

209 1260 407 1327 ὑμῶν,
457 1260 777 1327 σκορπίοις
835 1248 994 1326 ὑμᾶς
1027 1261 1274 1316 κολάσω
1305 1263 1523 1328 αὐτός’
1548 1262 1652 1317 και
1679 1280 1801 1332 μου

208 1350 328 1417 τῆς
388 1352 790 1422 σμικρότητος
848 1354 1193 1421 παχυτέρας
1244 1354 1356 1423 τῆς
1397 1355 1631 1424 ὀσφύος
1691 1355 1801 1410 τοῦ

208 1443 443 1513 πατρὸς
494 1443 958 1513 τεῳαθήσεσθε.
996 1444 1219 1499 Τούτων
1246 1445 1308 1500 τὸ
1358 1445 1567 1517 πλῆθος
1629 1445 1803 1502 ἀκοῦ-

211 1552 338 1599 σαν,
386 1534 489 1602 Τίς
516 1536 664 1604 ἡμῖν
686 1535 858 1605 μερὶς
926 1537 997 1592 ἐν
1049 1537 1248 1603 Δαϐὶὸ,
1307 1537 1625 1609 ἐξεϐόησαν.
1689 1541 1802 1595 Καὶ

208 1628 795 1699 ἁποδυσπετήσαντες,
819 1628 1093 1701 ἀπῄεσαν.
1114 1629 1441 1699 Πέμψαντος
1469 1631 1526 1683 δὲ
1559 1629 1802 1702 Ῥοϐοάμ

206 1718 323 1771 τῶν
378 1717 603 1772 οἰκείων
641 1719 739 1772 ἕνα
769 1719 1127 1792 διαλεχθῆναι
1162 1721 1372 1784 ,αὐτοῖς
1407 1723 1502 1776 καὶ
1531 1724 1798 1795 πραῧναι,

108 1854 115 1859 .
207 1811 465 1865 ἔκτειναν
483 1813 577 1865 ὑπ’
595 1812 768 1884 ὀργῆς
794 1813 885 1867 τὸν
911 1813 1080 1884 ἄνδρα
1107 1813 1650 1885 λιθολευστήσαντες.
1683 1817 1802 1870 Ῥο-

207 1905 359 1976 δοάμ
389 1905 447 1959 δὲ
474 1904 679 1969 δείσας,
722 1908 802 1969 εἰς
843 1906 1196 1978 Ἰεροσόλυμα
1232 1908 1500 1978 πέφευγε,
1525 1926 1803 1980 παραμει-

206 1999 385 2069 νάσης
432 1998 582 2069 αὐτῷ
628 1999 728 2068 τῆς
782 1998 958 2053 Ἰούδα
1015 2001 1212 2071 φυλῆς,
1269 2003 1366 2054 καὶ
1398 2003 1496 2056 σὺν
1526 2003 1663 2076 αὐτῇ
1704 2003 1802 2074 τῆς

208 2092 611 2163 Βενιαμίτιδος.
643 2091 708 2146 Αἱ
732 2092 790 2147 δέ
808 2109 872 2161 γε
898 2092 1086 2147 λοιπαὶ⁴
1103 2093 1204 2165 ήδη
1226 2093 1322 2150 τοῦ
1351 2095 1635 2165 Ἰεροϐοὰμ
1665 2097 1806 2151 ἑπα-

208 2182 497 2246 νελθόντος
533 2183 600 2236 ὲκ
617 2183 719 2253 τῆς
744 2183 1049 2253 Αἰγύπτου,
1079 2185 1219 2254 μετὰ
1242 2184 1500 2258 τελευτὴν
1523 2185 1806 2258 Σολομῶν-

208 2295 327 2344 τος,
352 2278 657 2332 καλέσασαι
686 2279 874 2341 αὑτὸν.
913 2279 1121 2333 εἴλοντο
1174 2279 1420 2351 βασιλέα.
1477 2279 1716 2351 Ῥοϐοάμ
1747 2281 1805 2336 δὲ

210 2369 549 2442 ἡτοιμάζετο
605 2371 951 2443 μαχέσασθαι
1007 2353 1120 2436 τοῖς
1157 2372 1522 2445 Ἰσραηλίταις
1550 2374 1804 2446 περὶτῆς

213 2462 522 2533 βασιλείας,
549 2463 645 2517 καὶ
671 2461 751 2533 τῷ
793 2463 1079 2535 Ἰεροϐοάμ
1101 2482 1116 2498 υ
1146 2465 1394 2537 ἐκωλύθη
1444 2466 1501 2520 δὲ
1529 2468 1681 2540 παρὰ
1708 2467 1804 2523 τοῦ

210 2553 353 2608 θεοῦ
398 2553 489 2607 διὰ
533 2551 631 2608 τοῦ
671 2555 952 2626 προφήτου
984 2555 1222 2625 Σαμαία.
1272 2553 1582 2629 Ἰεροὸοὰμ,
1620 2557 1805 2623 δείσας

212 2646 379 2719 μὴτὸ
409 2645 612 2717 πλῆθος
656 2647 736 2711 εἰς
775 2647 1131 2720 Ἰεροσόλυμα
1158 2648 1340 2716 ἀπιὸν,
1396 2649 1493 2705 καὶ
1532 2652 1646 2714 τοῖς
1688 2652 1807 2704 ἐκεῖ

212 2741 787 2811 συναναμιγνύμενον,
850 2742 1166 2814 ἐπιστραφῇ
1218 2742 1356 2814 πρὸς
1393 2744 1486 2796 τὸν
1536 2742 1804 2815 πρότερον

212 2834 384 2890 αὑτοῦ
420 2834 667 2904 βασιλέα,
700 2834 794 2887 καὶ
838 2834 1144 2906 καταλείψῃ
1176 2835 1340 2890 αὑτὸν
1365 2878 1380 2901 ,
1411 2833 1505 2890 δύο
1541 2835 1807 2906 δαμάλεις

212 2927 521 2999 εἰργάσατο
549 2928 613 2981 ἐκ
639 2927 865 2999 χρυσοῦ,
897 2928 996 2983 καὶ
1025 2927 1180 2983 ἔθετο
1226 2926 1327 2998 τήν
1353 2929 1452 2999 μὲν
1480 2930 1537 2983 ἑν
1576 2928 1804 3000 uatem,

211 3019 316 3093 τὴν
340 3019 386 3073 δ’
416 3019 615 3090 ἑτέραν
654 3022 713 3073 ὲν
742 3020 870 3076 Δάν.
910 3022 1021 3076 Καὶ
1050 3021 1423 3092 ἐκκλησιάσας
1458 3022 1520 3075 τὸ
1576 3022 1804 3095 πλῆθος,

209 3112 543 3182 Πωταχοῦ
570 3113 603 3166 ό
629 3113 772 3180 Θεός
799 3113 991 3180 ἐστιν,
1028 3107 1204 3180 εἶπεν,
1238 3132 1286 3169 ω
1313 3112 1548 3183 ἄνδρες,
1573 3116 1714 3170 ἀλλ’
1734 3117 1806 3170 οὐ

205 3212 410 3280 μόνον
437 3209 509 3264 ἐν
552 3209 1017 3281 Ἰεροσολύμοις.
1054 3209 1211 3265 Ἰδοὺ
1245 3204 1360 3266 οὖν
1382 3209 1494 3266 δύο
1519 3211 1808 3282 δαμάλεις

208 3305 524 3375 πεποίηκα
554 3306 642 3372 εις
672 3303 858 3374 ὄνομα
915 3303 1023 3359 τοῦ
1065 3303 1234 3370 Θεοῦ,
1281 3303 1383 3359 καὶ
1429 3304 1633 3360 οὐκέτι
1663 3305 1811 3376 ὑμῖν

211 3397 453 3468 ἀνάγκη
499 3399 862 3467 πορεύεσθαι
891 3399 981 3465 εις
1009 3399 1413 3467 Ἰεροσόλυμα.
1452 3399 1808 3470 Ἀπερχόμε-

211 3509 311 3547 ros
354 3490 409 3546 δ’
436 3495 526 3558 εἰς
553 3490 762 3558 αὐτὰς,
791 3491 1190 3560 προσκυνεῖτε
1215 3491 1314 3546 καὶ
1343 3494 1516 3548 θύετε
1542 3510 1556 3525 ο
1608 3492 1706 3549 καὶ
1727 3496 1806 3548 ιε-

204 3585 341 3655 ρεῖς
367 3585 483 3655 γὰρ
533 3583 603 3650 ἐξ
633 3582 801 3655 ὑμῶν
831 3583 1030 3639 αὐτῶν
1061 3584 1403 3651 ἀποδείξω..
1434 3585 1657 3651 Τούτοις
1686 3586 1811 3652 ἐξα-

214 3674 490 3744 πατηθεὶς
521 3675 551 3728 ὁ
594 3673 743 3740 λαὸς,
788 3673 857 3727 τά
907 3691 967 3728 τε
998 3675 1207 3745 πάτρια
1269 3674 1649 3747 παραϐέϐηκε,
1715 3678 1809 3729 καὶ

218 3767 548 3842 παρώργισε
584 3769 676 3824 τὸν
702 3766 858 3835 Θεὸν,
889 3769 965 3835 ὡς
994 3770 1088 3824 καὶ
1110 3769 1189 3833 si;
1216 3770 1597 3841 αἰχμαλωσίαν
1624 3787 1808 3842 παρα-

215 3860 445 3932 δοθῆναι
503 3865 620 3926 τοῐς
668 3861 986 3932 ἀλλοφύλοις
1030 3862 1122 3917 τὸν
1175 3862 1414 3933 Ἰσραήλ.
1474 3861 1716 3933 Ποιήσας
1749 3860 1808 3914 δὲ

221 3955 389 4023 ἱερεῖς
431 3953 723 4025 Ἱεροϐοάμ
772 3954 866 4008 καὶ
907 3953 1315 4025 θυσιαστήριον,
1378 3952 1649 4024 ἑώρτασε,
1712 3953 1808 4005 καὶ

220 4047 389 4117 ἀνέϐη
451 4046 617 4111 αὐτὸς
661 4046 756 4100 ἐπὶ
807 4045 1160 4116 τὸνβωμὺν,
1233 4049 1326 4100 καὶ¹
1390 4045 1519 4115 περὶ
1568 4044 1732 4098 αὑτὸν
1758 4044 1808 4098 οἱ

222 4140 406 4211 ἱερεῖς.
457 4136 570 4191 Καὶ
596 4137 699 4208 ήδη
733 4136 979 4207 μέλλοντι
1016 4136 1184 4202 θύειν,
1235 4136 1484 4206 παρέστη
1516 4136 1808 4207 προφήτης

222 4230 441 4294 σταλεὶς
456 4231 525 4283 ὲκ
550 4229 711 4295 Θεοῦ,
742 4232 838 4285 καὶ
868 4225 990 4283 εἶπε
1010 4246 1023 4260 ·
1066 4228 1212 4283 Τάδε
1240 4229 1403 4299 λέγει
1427 4231 1661 4298 Κύριος·
1697 4231 1806 4284 Θυ-

221 4320 605 4390 σιαστήριον,
636 4320 706 4376 ἐκ
739 4320 919 4375 Δαόὶδ
945 4320 1153 4375 ἔσεταί
1201 4337 1292 4386 τις
1326 4322 1562 4386 Ἰωσίας
1591 4320 1810 4375 κτιλού-

218 4428 422 4479 μενος,
446 4409 516 4478 ὃς
541 4412 714 4465 θύσει
750 4411 894 4477 τοὺς
918 4410 1090 4480 ἱερεῖς
1113 4428 1232 4466 σου
1264 4412 1363 4465 ἐπὶ
1388 4411 1484 4477 σὲ,
1509 4410 1605 4466 καὶ
1632 4426 1810 4465 κατα-

224 4506 439 4560 καύσει
462 4505 538 4559 τὰ
566 4503 722 4560 ὀστᾶ
749 4504 973 4561 αὐτῶν.
1005 4506 1142 4559 Ἵνα
1186 4505 1255 4557 δὲ
1278 4504 1371 4574 ειη
1395 4503 1612 4575 δῆλον,
1652 4505 1734 4571 ὠς
1755 4506 1805 4558 οι

1914 4501 2065 4573 quod
2099 4501 2368 4556 divinitus
2412 4498 2768 4555 interdictum
2816 4498 2923 4554 sibi
2959 4509 3127 4563 esset,
3172 4515 3240 4556 ne
3286 4501 3371 4555 vel
3404 4517 3503 4572 pa-
3568 4558 3595 4567 η,

224 4602 392 4669 λόγοι
417 4616 537 4669 μου
558 4598 937 4668 ἀληθεύοιεν,
972 4597 1102 4653 ἰδοὺ
1120 4597 1456 4669 ῥαγήσεται
1490 4599 1556 4653 τὸ
1605 4604 1814 4654 θυσια-

232 4690 499 4759 στήριον,
545 4690 645 4744 καὶ
669 4689 709 4758 ὴ
738 4688 831 4743 ἐπ’
868 4689 1017 4745 αὐτὸ
1047 4692 1262 4759 πιότης
1295 4688 1629 4760 χυθήσεται
1659 4689 1813 4744 κατὰ

238 4781 362 4851 τῆς.
392 4784 505 4839 Καὶ
557 4783 758 4838 αὐτίκα
787 4783 847 4837 τό
876 4801 934 4836 τε
966 4782 1353 4854 θυσιαστήριον
1406 4782 1691 4855 mappam,
1719 4783 1813 4837 καὶ

246 4874 519 4947 ἠΜιὸτ-ης
549 4875 658 4929 τῶν
684 4876 945 4946 θυμάτων
974 4876 1262 4947 ἑκκέχυτο.
1312 4875 1577 4941 Ἐξέτεινε
1612 4876 1670 4929 δὲ
1710 4875 1810 4945 τὴν

247 4967 388 5037 χεῖρα
425 4968 729 5038 Ἰεροεοαμ,
761 4966 1089 5038 συσχεθῆναι
1118 4968 1210 5021 τὸν
1238 4968 1522 5039 προφήτην
1552 4966 1807 5036 ἐγκελευ-

247 5058 441 5127 όμενος.
488 5061 556 5116 Ἤ
592 5060 649 5114 δὲ
682 5061 1016 5131 ξηρανθεῖσα
1057 5060 1313 5131 ἀκίνητος
1338 5060 1542 5130 ἔμεινε.
1580 5059 1806 5131 Δεηθεὶς

250 5150 661 5225 γοῦνἸεροϐοάμ
681 5153 775 5208 τοῦ
807 5153 1113 5225 προφήτου,
1142 5150 1301 5222 ἔσχεν
1335 5149 1491 5214 αὖθις
1513 5150 1613 5223 τὴν
1647 5153 1806 5221 χεῖρα

253 5248 556 5318 κινουμένην
600 5246 695 5301 καὶ
723 5246 968 5317 ἐνεργὸν,
1000 5247 1094 5298 καὶ
1117 5242 1269 5313 ἠξίου
1298 5241 1463 5297 αὐτὸν
1491 5240 1810 5310 συνδειπνῆ-

256 5351 333 5390 cat
360 5339 524 5410 αὐτῷ.
563 5339 623 5393 "J
653 5318 710 5393 δὲ
739 5338 799 5391 οὐ
826 5335 1141 5399 κατένευσε,
1164 5337 1339 5404 λέγων
1370 5335 1522 5403 παρὰ
1552 5332 1647 5386 τοῦ
1673 5332 1807 5386 Θεοῦ

256 5427 538 5500 κωλυθῆναι
577 5431 745 5500 ἄρτον
771 5431 988 5499 φαγεῖν,
1024 5428 1057 5501 ἦ
1101 5428 1245 5498 ὓδωρ
1277 5430 1444 5492 πιεῖν,
1477 5426 1510 5497 ἢ
1546 5425 1812 5496 ὑποστρέ-

251 5520 335 5591 ψαι
382 5523 449 5579 δι’
477 5520 541 5598 ἦς
599 5525 725 5580 ὁδοῦ
758 5526 839 5588 εἰς
868 5525 966 5598 τὴν
1020 5524 1174 5578 πόλιν
1209 5521 1460 5593 ἐλήλυθε,
1496 5522 1592 5575 καὶ
1619 5521 1810 5592 ἀπῄει,

1902 540 2028 580 cum
2069 526 2294 597 populo,
2313 537 2371 583 et
2408 545 2511 599 pro
2531 534 2859 590 auctoritate
2889 536 3104 607 imperii
3135 555 3198 594 ac
3226 543 3387 611 regia:
3407 543 3492 597 di-

1901 619 2127 689 gnitatis
2149 620 2373 692 fastigio
2399 623 2564 679 verba
2589 625 2774 681 faciat.
2805 629 3122 687 Roboamus
3150 632 3345 688 horum
3366 649 3493 691 sen—

1904 711 2075 766 tentia
2092 715 2610 783 comprobata,-cum
2629 721 2864 789 pupulas
2882 722 3080 777 iterum
3110 724 3488 781 convenisset:

1901 800 1960 858 Si
1978 817 2132 874 pater
2153 821 2318 868 meus,
2350 807 2551 877 inquit,
2571 809 2760 867 durum
2780 813 2921 867 vobis
2940 813 3121 885 iugum
3140 817 3417 885 imposuit,
3435 818 3492 872 id

1901 896 2012 966 ipse
2037 898 2363 968 esasperabo
2389 901 2474 954 :si
2501 902 2728 972 ﬂagellis
2756 903 2848 959 ille
2874 922 2961 960 vos
2990 909 3197 971 cecidit,
3222 926 3315 979 ego
3347 926 3494 964 scor-

1901 989 2144 1059 pionibus
2174 991 2227 1044 in
2247 1007 2335 1045 vos
2361 993 2779 1050 animadvertam
2804 1012 2822 1050 :
2846 1006 2895 1051 et
2919 998 3057 1069 quod
3079 1000 3133 1054 in
3159 1017 3239 1054 me
3271 1018 3494 1071 parvum

1904 1091 2003 1147 est,
2031 1084 2087 1138 id
2125 1088 2357 1140 crassius
2385 1087 2620 1154 paternis
2647 1087 2833 1144 lumbis
2847 1093 3212 1161 experiemini.
3235 1093 3330 1148 llis
3347 1094 3489 1149 mul-

1904 1175 2084 1231 titudo
2115 1177 2353 1233 auditis:
2383 1177 2513 1243 Qua:
2534 1180 2678 1234 nobis
2703 1182 2759 1234 in
2779 1181 2978 1237 Davide
3004 1201 3129 1253 pars
3162 1194 3236 1239 est
3260 1185 3285 1237 ?
3304 1186 3495 1241 excla-

1904 1283 2083 1333 mans,
2133 1284 2262 1340 rege
2302 1270 2550 1325 fastidito
2596 1271 2853 1328 discedit.
2883 1274 3022 1329 Cum
3056 1284 3240 1333 autem
3271 1277 3493 1332 Roboa-

1903 1376 2030 1417 mus
2062 1362 2360 1432 quemdam
2405 1379 2633 1419 suorum
2676 1364 3031 1422 familiarium
3084 1368 3348 1436 misisset,
3393 1370 3490 1441 qui

1904 1454 2255 1512 mollioribus
2288 1456 2480 1512 verbis
2525 1458 2791 1529 populum
2821 1459 3088 1530 placaret,
3120 1478 3247 1518 eum
3269 1464 3377 1534 87
3410 1465 3492 1518 ira

1903 1549 2167 1605 concitati
2201 1549 2480 1621 lapidibus
2509 1563 2901 1623 peremerunt;
2928 1571 3039 1625 quo
3063 1556 3229 1614 facto.
3251 1557 3343 1612 ille
3368 1573 3494 1627 per-

1905 1639 2138 1696 territus
2169 1637 2547 1712 Hierosolyma
2571 1643 2842 1714 confugit,
2866 1646 2984 1701 sola
3007 1646 3233 1702 Judaica
3271 1656 3329 1703 et
3350 1648 3494 1704 Ben-

1900 1727 2148 1799 jamitica
2201 1729 2347 1784 tribu
2390 1746 2559 1800 penes
2589 1747 2648 1788 se
2680 1743 2916 1791 retenta.
2948 1736 3191 1807 Reliqua:
3225 1737 3494 1793 Jeroboa-

1913 1833 2092 1885 mum,
2117 1820 2378 1877 defuncto
2404 1820 2696 1879 Salomone
2722 1840 2788 1880 ex
2816 1826 3051 1899 Aigypto
3076 1843 3381 1895 reversum,
3411 1846 3500 1886 re-

1908 1927 2031 1982 gem
2066 1922 2345 1968 crearunt.
2381 1914 2552 1985 Cujus
2585 1933 2695 1972 una
2719 1934 2843 1973 cum
2876 1920 3146 1977 lsraelitis
3173 1922 3319 1978 bello
3344 1925 3499 1980 inva-

1910 2004 2074 2059 dendi
2099 2006 2327 2061 consilia
2350 2007 2647 2077 agitantem
2676 2011 3046 2078 Roboamum,
3074 2014 3220 2071 Deus
3260 2030 3358 2085 per
3397 2014 3498 2071 Sa-

1911 2096 2101 2153 mzeam
2131 2107 2312 2153 vatem
2344 2098 2608 2157 inhibuit.
2640 2103 2862 2159 Veritus
2912 2117 3096 2161 autem
3131 2106 3496 2162 Jeroboamus

1912 2205 1985 2247 ne
2005 2190 2326 2259 multitudo,
2359 2192 3035 2266 Hierosolymaprofecta,
3062 2198 3280 2255 illorum
3317 2199 3499 2255 horni-

1912 2297 2046 2338 num
2079 2283 2415 2354 commercio
2435 2284 2504 2340 ad
2526 2285 2768 2355 priorem
2807 2303 3013 2357 regem,
3042 2304 3102 2345 se
3131 2289 3375 2356 deserto,
3408 2307 3498 2347 rc-

1911 2376 2403 2444 verteretur,duos
2431 2377 2637 2433 vitulos
2662 2394 2862 2435 aureos
2896 2380 3205 2437 conﬂatiles
3240 2382 3391 2450 facit,
3414 2383 3497 2438 al-

1914 2478 2033 2524 tero
2060 2468 2308 2536 Bethele,
2332 2469 2483 2525 Dane
2532 2470 2709 2525 altero
2770 2471 3080 2541 collocato;
3121 2475 3500 2548 advocataque

1912 2561 2180 2617 concione
2204 2580 2217 2617 :
2242 2561 2403 2630 Deus,
2423 2562 2623 2635 inquit,
2642 2564 2764 2631 viri,
2782 2564 2970 2635 ubique
3001 2577 3097 2633 est,
3117 2584 3223 2623 non
3252 2568 3502 2626 Hieroso-

1915 2651 2068 2724 lymis
2087 2656 2372 2711 duntaxat.
2423 2656 2537 2729 Ego
2569 2659 2731 2729 igitur
2775 2657 2871 2713 Dei
2909 2661 3120 2715 nomine
3153 2663 3281 2717 duos
3310 2664 3501 2720 vitulos

1913 2750 2031 2819 feci,
2052 2765 2217 2819 neque
2240 2750 2455 2820 posthac
2479 2753 2622 2807 vobis
2651 2767 2856 2808 necesse
2883 2754 2982 2808 erit
3006 2755 3083 2809 ire
3108 2755 3498 2829 Hierosolyma,

1912 2835 2003 2889 sed
2019 2837 2089 2890 ad
2102 2837 2195 2890 hos
2208 2837 2450 2908 profecti,
2471 2839 2693 2895 adorate
2717 2849 2764 2894 et
2778 2842 3077 2909 sacriﬁcate
3094 2860 3113 2897 :
3141 2861 3266 2899 nam
3286 2862 3313 2899 e
3334 2856 3501 2901 vestro

1915 2947 2136 2986 numero
2162 2932 2460 2986 sacerdotes
2493 2934 2800 3005 designabo.
2837 2935 2933 2990 llis
2965 2937 3204 3005 pepulus
3239 2939 3501 2994 Israeliti-

1915 3041 2015 3081 cus
2044 3024 2333 3097 deceptus,
2370 3027 2567 3098 patriis
2601 3027 2871 3084 institutis
2915 3028 3157 3098 violatis,
3195 3031 3332 3087 iram
3379 3032 3499 3088 Nu-

1836 3153 1878 3209 c
1917 3117 2082 3179 minis
2103 3117 2157 3175 in
2183 3135 2243 3175 se
2269 3120 2614 3189 provocavit,
2647 3129 2708 3176 ut
2735 3120 3059 3193 alienigenis
3085 3123 3140 3177 in
3176 3123 3498 3179 servitutem

1917 3212 2249 3269 traderetur.
2270 3211 2633 3277 Jeroboamus
2655 3221 2861 3278 autem,
2889 3212 3273 3269 sacerdotibus
3300 3216 3501 3270 creatis

1912 3322 2120 3378 araque
2157 3313 2459 3371 exstructa,
2502 3304 2705 3361 festum
2753 3305 3037 3373 celebrat;
3087 3322 3500 3378 conscensaquc

1912 3414 2028 3465 ara,
2052 3414 2178 3454 cum
2202 3396 2584 3454 sacerdotibtrs
2614 3396 2929 3453 astantibus
2947 3398 3059 3471 jam
3084 3400 3501 3457 sacriﬁcaturus

1910 3505 2080 3562 esset,
2114 3496 2387 3566 propheta
2435 3511 2465 3550 a
2514 3496 2627 3550 Deo
2656 3495 2859 3551 missus
2896 3513 2911 3550 :
2961 3495 3107 3559 Ilwc,
3138 3496 3342 3568 inquit,
3372 3498 3502 3551 dicit

1912 3585 2170 3641 Dominus
2201 3601 2219 3640 :
2257 3584 2399 3640 licus
2428 3603 2553 3647 ara,
2584 3588 2682 3640 erit
2713 3586 2932 3656 quidam
2957 3601 3022 3641 ea:
3058 3587 3251 3652 David,
3289 3589 3503 3642 nomine

1909 3678 2106 3743 Josius,
2129 3678 2218 3747 qui
2235 3677 2532 3731 sacerdotes
2564 3686 2681 3749 tuos
2706 3694 2870 3749 supra
2897 3688 2948 3733 te
2969 3678 3283 3744 immolabit,
3309 3689 3357 3733 et
3383 3697 3502 3734 ossa

1911 3784 2094 3821 eorum
2143 3766 2433 3821 comburat.
2489 3765 2555 3821 Ut
2609 3775 2788 3820 autem
2835 3767 2992 3821 verba
3045 3783 3161 3822 mea
3211 3783 3337 3821 vera
3391 3783 3502 3821 esse

1911 3868 2133 3923 constet,
2165 3870 2443 3929 rumpatur
2469 3876 2592 3924 ara,
2620 3867 2670 3913 et
2701 3858 2963 3929 pinguedo
2991 3861 3047 3913 in
3083 3876 3146 3915 ea
3178 3862 3281 3913 sita
3308 3860 3500 3929 funde-

1912 3960 1998 4006 tur
2027 3951 2192 4005 humi.
2249 3948 2444 4004 Statim
2494 3948 2585 4023 his
2633 3948 2819 4011 dictis,
2854 3957 2911 4004 et
2960 3964 3055 4005 ara
3106 3951 3405 4021 rumpitur,
3440 3959 3497 4005 et

1909 4040 2189 4113 pinguedo
2245 4037 2595 4094 victimarum
2649 4038 2987 4105 eﬂ‘unditur;
3061 4048 3118 4095 et
3172 4040 3496 4097 Jeroboami

1912 4150 2130 4197 manus,
2161 4148 2328 4203 quam
2371 4131 2698 4187 extenderat
2732 4131 3056 4203 prophetam
3101 4135 3500 4204 comprehendi

1907 4228 2132 4300 iubens,
2164 4225 2319 4280 arida
2347 4224 2514 4286 facta,
2546 4223 2748 4281 mansit
2788 4224 3111 4291 immobilis,
3146 4226 3325 4283 donec
3368 4243 3494 4298 pre-

1912 4319 2070 4376 cibus
2098 4334 2128 4373 a
2168 4316 2440 4387 propheta
2485 4315 2840 4386 impetrasset
2874 4321 2937 4370 ut
2994 4314 3052 4372 in
3088 4316 3362 4387 integrum
3409 4334 3500 4373 re-

1913 4412 2261 4475 stitueretur.
2279 4408 2384 4475 Qui
2408 4422 2438 4463 a
2461 4423 2590 4478 rege
2614 4406 2683 4462 ad
2708 4421 2923 4463 cumam
2942 4407 3227 4472 invitatus,
3257 4420 3498 4476 recusat,

1913 4609 2038 4648 nem
2067 4592 2279 4659 ederet,
2313 4591 2397 4647 vel
2427 4606 2626 4661 aquam
2658 4590 2898 4657 biberet,
2934 4592 3023 4647 vel
3053 4591 3246 4646 eadem
3287 4592 3376 4647 via
3408 4610 3500 4648 re-

1914 4694 2250 4751 verteretur,
2278 4699 2384 4755 qua
2418 4684 2612 4740 urbem
2656 4686 2940 4756 ingressus
2976 4694 3141 4740 esset.
3174 4685 3366 4755 Itaque
3392 4686 3498 4742 alia

1912 4780 1996 4835 via
2032 4778 2288 4834 discedit.
2331 4776 2604 4835 Caeterum
2637 4777 2691 4832 in
2726 4793 2791 4834 ea
2829 4778 2964 4833 urbe
3003 4777 3227 4849 quidam
3256 4780 3501 4849 pseudo-

1912 4871 2183 4942 prOpheta
2228 4879 2368 4937 erat,
2418 4869 2513 4941 qui
2564 4869 2957 4926 Jeroboamum
3011 4870 3334 4934 sedueebat,
3377 4871 3499 4942 ejus

1915 4965 2144 5036 gratiam
2174 4978 2478 5035 aucupans.
2511 4964 2560 5018 ls
2603 4978 2728 5017 cum
2779 4963 3025 5019 audisset
3066 4980 3189 5034 quae
3233 4964 3328 5018 Dei
3369 4978 3502 5032 pro-

1915 5059 2080 5129 pheta
2111 5068 2168 5113 ct
2209 5059 2441 5115 dixisset
2473 5065 2529 5112 et
2574 5056 2819 5121 fecisset,
2865 5057 3157 5112 abeuntem
3205 5056 3498 5126 persequi-

1917 5161 2028 5219 tur,
2075 5161 2133 5207 et
2174 5161 2461 5207 assecutus
2528 5160 2683 5222 rogat
2743 5158 2805 5205 ut
2850 5166 2950 5206 suo
2998 5150 3237 5220 hospitio
3289 5158 3495 5205 utetur.

1915 5240 2072 5308 Quod
2100 5240 2194 5296 illo
2236 5251 2525 5297 recusante
2561 5250 2622 5297 ut
2652 5242 2920 5298 divinitus
2962 5242 3339 5301 interdictum,
3391 5239 3498 5293 im-

1917 5333 2128 5404 probus
2166 5332 2258 5388 ille
2294 5333 2379 5387 vir
2409 5352 2422 5388 :
2461 5335 2624 5405 Atqui
2649 5343 2698 5388 et
2723 5351 2816 5406 ego
2840 5334 3095 5404 propheta
3125 5348 3262 5395 sunt,
3289 5331 3494 5401 inquit,

1920 5434 1969 5479 et
1990 5441 2054 5480 ea:
2075 5425 2174 5481 Dei
2195 5427 2448 5482 mandato
2479 5427 2690 5492 adsum,
2714 5436 2770 5479 ut
2807 5426 2878 5479 sis
2924 5437 3116 5476 mensw
3149 5437 3277 5476 meat
3318 5423 3494 5492 parti-

1919 5536 2059 5591 ceps.
2091 5517 2389 5591 Propheta,
2413 5518 2518 5575 tide
2552 5518 2801 5575 adhibita
2840 5514 3336 5587 pseudoprophetis
3382 5514 3498 5586 88

1427 5680 1636 5742 Variae
1669 5678 1981 5742 lectiones
2026 5686 2087 5741 et
2116 5686 2302 5756 notm.
2385 5659 2389 5662 ’

313 5788 415 5861 (57)
448 5789 562 5847 τὸν
590 5787 702 5859 τῆς
729 5787 1057 5855 ,ϐασιλείας
1084 5785 1284 5859 ζυγόν.
1317 5786 1545 5842 Rectius
1571 5784 1712 5839 alter
1736 5797 1799 5839 co

1936 5781 2316 5856 oculata;._W.
2356 5780 2438 5836 Ita
2467 5778 2635 5836 etiam
2666 5776 2803 5849 Reg.
2837 5785 2893 5833 et
2920 5776 3164 5834 Coloert.
