3964 6252
282 391 385 459 177

1589 395 1999 458 ANNALIUM
2042 361 2189 456 Lit}.
2234 395 2310 456 Il.

3450 391 3576 455 l78=~

277 508 344 560 ἐν
366 504 478 559 ῐτει
506 503 745 575 πέμπτῳ
766 505 862 574 τῆς
891 505 1168 576 βασιλείας
1199 506 1291 561 τοῦ
1321 507 1583 578 Ῥοϐοάμ.
1613 507 1874 575 Συγκλεί-

1983 516 2269 572 exoratus,
2310 521 2369 562 se
2400 521 2510 562 non
2546 505 2858 560 deleturum
2895 503 3019 559 illos
3046 545 3061 566 .
3091 502 3189 560 sed
3236 503 3554 560 dediturum

278 614 386 660 σας
415 596 474 651 δὲ
522 597 691 650 αὐτὸν
740 596 980 668 Ῥοὸοὰμ
1013 599 1073 652 ὲν
1105 600 1172 669 τῇ
1228 599 1384 652 πόλει
1419 600 1519 652 καὶ
1573 599 1667 652 τὸν
1715 598 1867 664 λαὸν,

278 691 466 744 ἐδέετο
499 689 594 742 τοῦ
625 689 761 743 Θεοῦ
785 690 969 744 δοῦναι
993 691 1269 760 σωτηρίαν
1289 692 1492 755 αὐτοῖς,
1515 694 1609 744 καὶ
1629 689 1664 744 ἃ
1690 691 1874 760 ἦμαρ-

278 802 378 838 τον
399 787 480 845 είς
507 784 641 837 Θεὸν
668 783 1127 854 ἐξωμολογοῦντο.
1159 784 1543 856 Παρακληθεὶς
1573 785 1630 837 δὲ
1653 785 1681 837 6
1711 783 1868 848 Θεὸς,

279 880 388 932 οὐκ
424 876 718 931 ἀπολέσειν
750 878 968 941 αὐτοὺς,
1020 877 1157 931 ἀλλὰ
1203 878 1396 932 δώσειν
1445 871 1602 930 εἶπεν
1655 878 1875 946 ὑποχει-

286 968 444 1038 ρίους
471 971 584 1030 τοῖς
635 967 936 1036 πολεμίοις.
974 967 1278 1039 Δεξαμένου
1309 967 1490 1022 τοίνυν
1529 971 1587 1022 ἐν
1619 971 1684 1040 τῇ
1719 968 1872 1020 πόλει

293 1060 542 1129 Ῥοδοὰμ
588 1059 682 1113 τὸν
710 1060 1009 1127 Αίγύπτιον
1041 1061 1136 1114 ἐπὶ
1167 1060 1502 1128 συνθήκαις,
1556 1077 1876 1130 παρασπον-

282 1151 456 1219 δήσας
487 1152 714 1214 ἐκεῖνος,
748 1152 872 1214 τοὺς
898 1149 994 1203 τοῦ
1025 1151 1160 1203 Θεοῦ
1189 1167 1248 1204 τε
1276 1150 1586 1222 θησαυροὺς
1620 1149 1872 1218 ἐσύλησε,

283 1244 387 1296 καὶ
424 1245 547 1304 τοὺς
575 1241 891 1312 βασιλικοὺς
915 1242 1237 1308 ἐξεκένωσε,
1267 1243 1360 1296 καὶ
1388 1243 1455 1295 τὰ
1492 1241 1673 1312 χρυσᾶ
1707 1241 1870 1305 ὅπλα,

281 1339 323 1390 ἃ.
345 1335 570 1402 ἐποίησε
597 1334 870 1398 Σολομῶν,
902 1335 998 1388 καὶ
1019 1335 1085 1388 τὰ
1113 1336 1316 1405 δόρατα
1346 1335 1413 1388 τὰ
1436 1337 1633 1405 χρυσᾶ,
1663 1334 1699 1388 ἃ.
1721 1335 1749 1387 6
1773 1336 1878 1387 Δα-

283 1428 377 1481 διδ
414 1429 653 1493 ἀνέθετο,
711 1429 890 1481 πάντα
941 1428 1213 1495 ἀφείλετο.
1249 1429 1602 1498 Ἐτελεύτησε
1644 1429 1700 1481 δέ
1757 1428 1878 1481 Ῥο-

283 1522 436 1588 ϐοὰμ
473 1521 639 1588 ζήσας
670 1519 767 1591 ἔτη
803 1523 1141 1591 πεντήκοντα
1184 1520 1280 1574 καὶ
1303 1522 1472 1586 ἑπτὰ,
1503 1521 1564 1586 ἐξ
1605 1514 1679 1576 ὧν
1709 1522 1878 1574 ἐπτα-

283 1611 520 1664 καίδεκα
555 1610 931 1679 βεόασίλευκε,
982 1611 1227 1680 διάδοχον
1271 1612 1362 1665 τὸν
1394 1613 1507 1666 υἱὸν
1558 1613 1874 1668 καταλιπὼν

295 1705 505 1767 Ἀξιοῦ,
541 1705 664 1758 καθ’
695 1696 754 1756 οὗ
809 1703 1096 1774 Ἰεροϐοὰμ
1131 1703 1578 1775 ἐξεστράτευσεν,
1633 1705 1721 1758 ἀεὶ
1777 1706 1874 1758 καὶ

279 1796 368 1864 τῷ
403 1797 641 1865 Ῥοόοὰμ
675 1796 950 1865 πολεμῶν.
979 1795 1160 1850 Ἀϐιοὺ
1182 1797 1238 1849 δὲ
1261 1798 1359 1850 οὐκ
1393 1796 1594 1864 ἔπτηξε
1622 1796 1720 1867 τὴν
1749 1796 1876 1866 ἔφο-

279 1890 401 1952 δον,
431 1888 544 1941 ἀλλ’
566 1889 855 1952 ἀντιτάξας
889 1889 1037 1958 αὐτῷ
1087 1891 1213 1952 τοὺς
1238 1889 1494 1951 οἰκείους.
1552 1890 1711 1960 νίκην
1751 1891 1876 1959 νικᾷ

285 1981 641 2050 περιϐόητον,
667 1981 742 2044 ὡς
768 1983 966 2050 μηκέτι
990 1983 1263 2051 Θαρσῆσαι
1285 1981 1375 2034 τὸν
1412 1981 1698 2052 Ἰεροϐοαμ
1728 1982 1878 2034 ἀντι-

283 2074 730 2144 παρατάξασθαι.
763 2074 1002 2144 Τελευτᾷ
1022 2075 1078 2127 δὲ
1103 2074 1286 2128 Ἀϐιοὺ
1317 2073 1647 2144 βασιλεύσας
1682 2075 1742 2128 ἐν
1783 2075 1879 2130 Ἰε-

287 2167 579 2237 ρουσαλὴμ
614 2165 708 2237 ἔτη
765 2167 912 2235 τρια,
962 2167 1197 2236 ποιήσας
1233 2166 1294 2219 τὸ
1352 2167 1590 2235 πονηρὸν
1647 2164 1876 2218 ἐνώπιον

287 2260 520 2329 Κυρίου.
576 2261 686 2310 Καὶ
738 2258 1090 2311 ἐϐασίλευσεν
1126 2259 1261 2311 Ἀσὰ
1312 2260 1340 2311 6
1375 2259 1488 2320 υίὸς
1517 2257 1706 2320 αὐτοῦ,
1749 2257 1876 2320 τοὺς

285 2352 471 2413 θείους
522 2351 758 2422 θεσμοὺς
803 2353 1052 2422 τηρήσας
1109 2352 1251 2406 κατὰ
1302 2352 1468 2405 Δαϐὶδ
1525 2351 1616 2406 τὸν
1672 2353 1875 2405 οίκεῖον

289 2446 646 2516 προπάτορα.
683 2446 926 2515 Τέθνηκε
963 2447 1019 2500 δὲ
1042 2448 1136 2500 καὶ
1177 2445 1462 2516 Ἱεροϐοὰμ
1488 2445 1694 2508 ἀνύσας
1725 2448 1790 2498 ἐν»
1807 2450 1873 2517 τῇ

285 2541 436 2608 ἀρχῇ
475 2537 568 2605 ἐτη
595 2538 688 2591 δύο
718 2539 808 2592 καὶ
836 2540 1029 2593 εἴκοσι.
1061 2539 1168 2592 Καὶ
1195 2538 1466 2603 διεδέξατο
1493 2538 1656 2591 αὐτὸν
1685 2538 1875 2592 Ναὸὰτ

283 2632 315 2682 6
359 2631 474 2692 υίὸς
505 2629 693 2685 αὑτοῦ.
723 2631 1011 2692 Κάκεῖνος,
1033 2630 1233 2699 ἀσεϐὴς
1258 2632 1396 2683 κατὰ
1427 2629 1519 2683 τὸν
1548 2629 1758 2699 πατέρα
1785 2647 1878 2697 γε·

285 2721 542 2788 νόμενος,
577 2720 635 2784 ὃς
671 2720 826 2773 πόλιν
853 2721 962 2772 τῶν
1006 2720 1321 2788 ἀλλοφύλων
1351 2720 1657 2790 πολιορκῶν
1697 2720 1876 2774 Γασα-

290 2811 428 2874 θὼν,
492 2811 858 2883 ἐπεϐουλεύθη
913 2813 1063 2882 παρὰ
1097 2813 1317 2864 Βαασὰν
1359 2811 1477 2864 υίοῦ
1533 2811 1708 2881 Ἀχιά.
1765 2811 1876 2864 Καὶ

293 2899 555 2971 τέθνηκε,
584 2901 678 2954 δύο
715 2900 886 2973 ἄρξας
921 2901 1224 2964 ἐνιαυτούς.
1261 2901 1484 2954 Βαασὰν
1535 2901 1610 2966 δέ,
1642 2902 1740 2971 τῆς
1768 2900 1874 2955 τῶν

289 2992 431 3045 δέκα
494 2993 677 3062 φυλῶν
745 2992 1020 3062 βασιλείας
1103 2991 1380 3063 ἐγκρατὴς
1439 2991 1714 3060 γεγονὼς,
1769 2995 1876 3046 πᾶν

289 3087 359 3138 τὸ
416 3085 576 3155 γένος
615 3085 708 3138 τοῦ
750 3086 1036 3157 Ἰεροόοὰμ
1093 3085 1481 3156 ἐξωλόορευσε.
1546 3085 1654 3138 Καὶ
1718 3075 1873 3148 οὗτος

291 3180 394 3243 δὲ,
457 3179 531 3242 ὡς
590 3179 910 3249 Ἱεροϐοὰμ,
967 3179 1354 3249 παρενόμησε,

292 3271 502 3339 ὁμοίως
554 3271 855 3341 πεποίηκεν
913 3272 1200 3340 ἁμαρτεῖν.
1262 3270 1370 3322 Καὶ
1402 3269 1697 3340 ἠπείλησεν
1727 3268 1876 3340 αὐτῷ

293 3367 324 3415 ὁ
389 3363 524 3423 Θεὸς
578 3361 668 3415 διὰ
727 3362 868 3432 Ἰηοὺ
928 3362 1022 3415 τοῦ
1082 3364 1362 3433 προφήτου
1417 3362 1729 3432 διαφθερεῖν
1785 3363 1876 3416 τὸν

291 3449 448 3506 οἶκον
480 3455 668 3520 αὐτοῦ,
722 3455 798 3517 ὡς
848 3455 937 3506 τὸν
976 3450 1122 3507 οἷκον
1169 3454 1473 3524 Ἱεροβοάμ.
1527 3455 1772 3523 Τέθνηκε
1822 3455 1879 3510 δὲ

293 3549 393 3600 καὶ
424 3541 580 3610 οὗτος
610 3548 704 3600 ἐπὶ
759 3548 848 3600 τὸν
877 3547 1098 3617 Ἰσραὴλ
1129 3546 1456 3616 βασιλεύσας
1498 3546 1595 3617 ἔτη
1631 3548 1726 3601 ἐπὶ
1755 3548 1879 3601 τέσ-

295 3656 494 3708 σαρσιν
527 3639 721 3693 εἴκοσι.
772 3639 880 3691 Καὶ
941 3639 1074 3691 ’Πλα
1121 3640 1149 3691 6
1195 3639 1306 3702 υίὸς
1337 3639 1503 3692 αὐτοῦ
1547 3641 1738 3708 γέγονε
1775 3641 1879 3709 τῆς

293 3728 580 3798 πατρικῆς
609 3728 886 3799 βασιλείας
913 3729 1157 3800 διάδοχος
1184 3731 1309 3784 ,Ὃν
1340 3731 1604 3800 Ζαμδρῆς
1635 3733 1663 3784 6
1696 3731 1881 3801 ἄρχων

291 3823 394 3892 τῆς
427 3820 598 3875 ἵππου
641 3819 807 3876 αὑτοῦ
857 3821 1128 3892 μεθύοντα
1158 3822 1400 3887 κτείνας,
1435 3822 1530 3877 ἐπὶ
1563 3823 1656 3877 δύο
1699 3826 1882 3877 ἐνιαυο

291 3919 424 3981 τοὺς
461 3917 882 3987 βασιλεύσαντα,
916 3918 1014 3988 τήν
1059 3935 1117 3970 τε
1146 3917 1428 3986 βασιλείαν
1479 3917 1757 3987 ἀφείλετο,
1789 3919 1906 3973 ttat

291 4010 360 4062 τὸ
380 4011 537 4078 γένος
573 4009 718 4062 ἅπαν
750 4008 841 4062 τοῦ
872 4009 1088 4063 Βαασὰν
1113 4010 1537 4081 ἐξωλόθρευσεν.
1604 4011 1668 4063 Ἡ
1694 4011 1750 4064 δὲ
1775 4012 1883 4065 τῶν

303 4100 668 4171 Ἰσραηλιτῶν
697 4102 926 4172 στρατιὰ
960 4101 1324 4171 πολιορκοῦσα
1347 4103 1448 4172 τὴν
1473 4102 1758 4170 Γαϐαθὼν,
1781 4120 1885 4172 μα-

296 4194 470 4247 θοῦσα
501 4195 583 4246 ὅτι
612 4195 871 4264 Ζαμὸρῆς
898 4196 1114 4258 κτείνας
1135 4197 1226 4248 τὸν
1261 4195 1397 4249 Ἦλὰ
1422 4196 1766 4260 ἐϐασίλευσε,
1792 4197 1884 4250 τὸν

296 4288 502 4339 οἰκεῖον
531 4285 884 4357 στρατάρχην
911 4288 1174 4358 Ζαμὸρῆν
1219 4292 1274 4342 ἐν
1302 4292 1370 4358 τῇ
1397 4289 1723 4360 παρεμϐολῇ
1754 4290 1886 4359 ἀνη-

299 4380 559 4448 γόρευσε,
597 4381 695 4432 καὶ
721 4381 819 4449 τὴν
857 4380 1012 4433 πόλιν
1038 4381 1222 4450 Θερσὰ
1256 4383 1373 4451 μετ’
1409 4381 1576 4436 αὑτοῦ
1609 4400 1888 4453 προκατα-

297 4471 568 4536 λαϐοῦσα,
587 4475 781 4542 κρατεῖ
811 4473 1014 4543 ταύτης
1038 4474 1326 4544 ,Ζαμϐρῆς
1354 4473 1433 4539 δὲ,
1459 4477 1487 4528 6
1518 4473 1784 4545 πρότερος
1807 4475 1886 4538 είς

294 4566 364 4618 τε
388 4566 726 4636 μυχαίτατον
748 4565 856 4618 τῶν
884 4565 1175 4636 βασιλείων
1205 4566 1408 4631 εἰσδὺς,
1445 4567 1540 4620 καὶ¹
1595 4568 1888 4638 ἐμπρήσας

295 4658 454 4720 αὐτὸ,
492 4657 900 4728 συνδιέφθειρεν
928 4657 1123 4727 ἐκείνῳ
1152 4659 1248 4712 καὶ
1276 4660 1468 4712 ἑαυτὸν
1497 4658 1639 4713 ἐπτὰ
1672 4659 1889 4730 ἡμέρας

296 4746 399 4816 τὴν
415 4747 591 4818 ἀρχὴν
633 4747 942 4820 κατασχών.
978 4747 1112 4802 Εἶτα
1141 4747 1430 4820 μερίζεται
1455 4751 1482 4803 6
1513 4749 1664 4815 λαὸς,
1705 4750 1800 4804 καὶ
1827 4748 1890 4802 τὸ

300 4839 405 4909 μὲν
440 4838 608 4893 αὑτοῦ
646 4840 737 4893 τὸν
789 4840 1049 4912 Ζαμϐρῆν
1104 4842 1323 4913 ᾑρεῖτο,
1384 4842 1442 4895 τὸ
1486 4842 1532 4896 δ’
1571 4843 1757 4912 ἕτερον
1795 4842 1890 4897 τὸν

297 4932 552 5000 θαμνῆν.
599 4931 743 4985 Ἀλλ’
772 4933 1236 5004 ὑπερισχύσαντες
1273 4935 1325 4988 oi
1359 4934 1450 4988 τοῦ
1491 4935 1748 5006 Ζαμϐρῆ,
1789 4937 1886 4989 καὶ⁸

297 5023 586 5088 ἀνελόντες
631 5025 722 5078 τὸν
767 5024 1015 5098 Θαμνῆν,
1051 5028 1416 5082 ἀστασίαστον
1456 5029 1556 5100 τὴν
1586 5028 1760 5100 ἀρχὴν
1807 5029 1885 5099 τῷ

300 5115 534 5187 Ζαμόρῇ
566 5119 1040 5190 περιεποιήσαντο.
1083 5120 1178 5182 Ὃς
1207 5120 1470 5192 πρότερον
1495 5121 1594 5191 μὲν
1619 5124 1676 5174 ὲν
1706 5121 1887 5192 Θερσὰ

297 5207 457 5275 διῆγε
519 5205 818 5276 βασιλεύων
845 5249 860 5274 ,
895 5208 1086 5262 ἔπειτα
1127 5209 1170 5263 δ’
1223 5211 1282 5262 ἐν
1329 5210 1602 5283 Μαρεὼνῃ
1633 5211 1710 5283 τῷ
1745 5212 1889 5282 ὄρει,

302 5289 433 5368 ivit?)
463 5299 618 5352 πόλιν
647 5300 972 5370 ἐδομὴσατο,
1003 5303 1038 5372 ἢ
1069 5302 1358 5373 Σαμάρεια
1397 5303 1683 5372 κέκληται,
1723 5303 1890 5358 αὑτοῦ

304 5391 626 5465 Σαμαραιὸν
652 5392 714 5448 τὸ
741 5393 870 5466 ὅρος
915 5394 1245 5461 καλέσαντος
1274 5395 1353 5462 είς
1380 5396 1554 5468 ὄνομα
1580 5397 1889 5468 Σεμειρὼν,

1975 599 2230 653 hostibus
2253 640 2266 662 ,
2293 598 2601 669 respondit.
2644 597 2834 668 Itaque
2863 606 3154 666 susceptus
3194 611 3224 651 a
3269 596 3552 653 Roboamo

1973 703 2074 757 per
2103 687 2449 743 conditiones
2470 687 2781 759 Egyptins,
2822 696 2985 756 rupto
3017 687 3247 750 fmdcre.
3281 697 3338 742 et
3365 702 3570 742 sacros.

1972 789 2030 839 et
2062 783 2242 853 regios
2284 783 2573 837 thesauros
2596 782 2831 851 spoliat,
2867 793 2922 836 et
2951 795 3118 835 aurea
3159 796 3309 835 arma
3341 796 3370 835 a
3400 781 3558 836 Salo-

1975 887 2138 927 mone
2182 871 2356 932 l‘acm,
2404 881 2460 924 et
2503 885 2700 925 aureas
2744 871 2927 926 hastas
2960 886 2990 925 a
3026 871 3229 926 Davide
3269 872 3556 927 dedicatas

1975 979 2166 1020 omnes
2197 965 2357 1033 rapit.
2396 962 2631 1018 Moritur
2660 965 2976 1019 Roboamus
3008 979 3154 1018 anno
3181 965 3358 1019 artatis
3390 965 3556 1034 quin-

1975 1052 2297 1123 quagesimo
2324 1052 2581 1121 septimo,
2619 1053 2772 1124 regni
2800 1053 3019 1108 decimo
3042 1054 3297 1124 septimo,
3334 1068 3552 1109 succes-

1975 1162 2100 1202 sore
2137 1148 2329 1202 relicto
2359 1145 2476 1201 ﬁlio
2514 1148 2652 1202 Abio
2677 1187 2692 1212 ,
2722 1149 2810 1202 cui
2839 1149 3041 1203 bellum
3075 1148 3264 1206 intulit
3289 1149 3560 1205 Jeroboa-

1975 1253 2118 1301 mus,
2141 1253 2263 1292 cum
2290 1247 2345 1293 et
2368 1238 2713 1293 Roboamum
2736 1249 3002 1309 perpetuo
3022 1242 3192 1296 armis
3214 1241 3550 1296 lacessisset.

1975 1329 2149 1384 Abius
2181 1338 2365 1384 autem
2397 1331 2604 1400 impetu
2635 1333 2754 1402 ejus
2786 1348 2896 1386 non
2920 1333 3299 1397 reformidato,
3335 1335 3428 1390 sed
3454 1333 3557 1389 do-

1977 1421 2220 1475 mesticis
2253 1422 2328 1475 illi
2360 1421 2536 1492 copiis
2585 1423 2888 1492 oppositis,
2942 1426 3218 1479 celebrem
3263 1426 3556 1480 victoriam

1977 1514 2331 1583 reportavit,
2381 1527 2441 1570 ut
2488 1515 2853 1571 Jeroboamus
2898 1519 2950 1574 in
2995 1517 3168 1572 aciem
3220 1518 3557 1575 descendere

1975 1614 2164 1676 postea
2202 1623 2311 1661 non
2343 1608 2590 1664 auderet.
2626 1608 2878 1663 Mortuus
2899 1618 2982 1664 est
3005 1609 3197 1676 Abius,
3227 1625 3351 1666 cum
3381 1613 3558 1666 trien-

1977 1698 2130 1752 nium
2157 1707 2438 1770 regnasset
2467 1699 2899 1772 llicrosolymis,
2936 1701 3103 1756 homo
3138 1703 3195 1757 in
3230 1704 3400 1759 Deum
3451 1705 3561 1758 im-

1977 1791 2120 1861 pius.
2153 1791 2259 1845 Asa
2299 1807 2450 1856 vero,
2497 1791 2641 1846 [ilius
2669 1794 2808 1864 ejus,
2845 1810 3014 1863 regno
3063 1807 3341 1864 suscepto,
3377 1796 3566 1852 divina

1981 1884 2229 1939 instituta
2263 1886 2600 1950 observavit,
2643 1888 2895 1955 exemplo
2921 1887 3143 1940 Davidis
3177 1889 3444 1956 principis
3481 1888 3561 1942 fa-

1978 1977 2146 2031 miliae
2176 1991 2310 2033 sure.
2349 1976 2597 2032 Mortuus
2641 1986 2727 2032 est
2759 1986 2813 2032 et
2839 1977 3237 2038 Jeroboamus.
3263 1980 3470 2034 exactis
3503 1979 3567 2034 in-

1980 2068 2213 2138 impcrio
2260 2069 2422 2124 annis
2469 2068 2686 2125 duobus
2727 2085 2890 2138 supra
2941 2071 3153 2140 viginti.
3197 2069 3259 2125 Ei
3293 2073 3566 2127 successit

1977 2161 2154 2216 Nabat
2205 2162 2389 2228 (ilius,
2443 2162 2608 2218 homo
2665 2170 2722 2216 et
2771 2161 2887 2232 ipse
2924 2163 2989 2217 ad
3019 2164 3334 2233 exemplum
3384 2164 3570 2233 patris-

1978 2254 2219 2324 impius:
2255 2254 2374 2323 qui,
2410 2253 2541 2309 dum
2573 2254 2821 2310 Gabaton
2850 2256 3040 2309 urbem
3068 2256 3360 2310 barbaram
3381 2272 3562 2326 oppu~

1978 2355 2126 2416 gnat,
2157 2363 2254 2416 per
2279 2346 2506 2402 insidias
2534 2347 2715 2402 Baasa:
2747 2347 2844 2401 ﬁlii
2874 2347 3060 2402 Achiaa
3088 2348 3379 2412 occiditur,
3408 2365 3562 2404 anno

1978 2439 2131 2509 regni
2157 2439 2641 2506 secundo.lBaasas
2660 2455 2815 2505 vero,
2839 2441 2991 2510 regni
3019 2440 3302 2496 lsraelitici
3329 2441 3564 2511 potitus,

1977 2544 2139 2584 omne
2169 2529 2480 2586 Jeroboami
2504 2545 2678 2600 genus
2708 2531 3033 2598 exstirpavit
3056 2573 3072 2597 ,
3108 2533 3192 2587 vir
3226 2544 3282 2588 et
3310 2534 3425 2602 ipse
3462 2533 3562 2589 Je-

1979 2624 2239 2678 roboamo
2260 2624 2436 2678 nihilo
2469 2624 2858 2679 obscrvantior
2885 2626 3067 2696 legum
3093 2667 3106 2690 ,
3145 2635 3203 2680 et
3231 2626 3432 2696 populo
3461 2625 3561 2681 de-

1977 2716 2262 2787 linquendi
2282 2726 2494 2773 auctor.
2521 2717 2702 2785 Quare
2727 2718 2871 2774 Deus
2903 2733 2999 2788 per
3016 2718 3337 2788 prophetam
3360 2719 3578 2775 Jehum:

1977 2809 2028 2864 ei
2061 2811 2432 2864 comminatur
2462 2849 2476 2872 ,
2510 2825 2568 2864 se
2592 2811 2714 2880 ejus
2736 2825 2957 2880 quoque
2989 2809 3273 2872 familiam.
3312 2821 3373 2866 ut
3398 2812 3562 2868 Jero-

1976 2899 2183 2964 boami,
2219 2900 2558 2956 excisurum.
2602 2900 2848 2956 Mortuus
2879 2908 3048 2955 estet
3095 2900 3190 2956 hic
3215 2917 3362 2957 anno
3404 2904 3579 2973 regni

1977 2991 2242 3046 vicesimo
2273 3000 2496 3061 quarto.
2531 2991 2623 3047 Ela
2655 2992 2766 3046 ﬁlio
2789 2992 2941 3062 regni
2971 3007 3289 3050 successore
3327 2995 3558 3057 relicto.

1978 3099 2140 3154 quem
2165 3100 2308 3139 anno
2334 3084 2552 3154 imperii
2583 3084 2831 3140 secundo
2855 3085 3136 3151 Zambres,
3157 3086 3278 3155 ejus
3303 3085 3570 3156 magister-

1426 3178 1521 3233 καὶ
1580 3179 1671 3232 τὸν
1749 3177 1876 3233 λαὸν
1905 3183 1946 3240 c
1979 3175 2251 3242 equitum,
2291 3173 2492 3228 occidit
2524 3173 2766 3238 ebrium,
2797 3189 3076 3244 regnoque
3107 3185 3409 3244 occupato,
3435 3177 3560 3230 uni-

1981 3281 2195 3320 versum
2237 3264 2420 3320 Bassa:
2448 3281 2622 3336 genus
2646 3265 2871 3321 delevit.
2903 3265 3177 3323 Caeterum
3210 3267 3558 3323 Israeliticus

1981 3357 2290 3422 exercitus,
2326 3357 2457 3412 dum
2497 3357 2745 3414 Gabaton
2776 3359 3027 3422 obsidet,
3073 3360 3262 3414 audito
3307 3360 3562 3414 Zambris

1983 3451 2224 3506 facinore
2268 3461 2324 3506 et
2373 3453 2739 3523 occupatione
2786 3453 2964 3524 regni,
3015 3453 3304 3509 Zambrem
3345 3453 3512 3508 alium
3543 3492 3558 3518 ,

1980 3544 2176 3601 ducem
2209 3559 2408 3608 suum,
2448 3561 2521 3616 qu
2586 3547 2639 3600 in
2677 3546 2874 3602 castris
2897 3557 3052 3609 erat,
3083 3562 3266 3618 regem
3302 3546 3508 3601 salutat
3542 3587 3559 3610 ,

1980 3645 2037 3693 et
2069 3638 2263 3693 urbem
2294 3638 2558 3694 Thersatn
2592 3638 2762 3694 ductu
2796 3639 2945 3695 illius
2966 3650 3292 3711 occupatam
3318 3640 3558 3695 obtinet.

1980 3729 2158 3796 Quare
2202 3729 2356 3801 prior
2396 3731 2488 3786 ille
2535 3731 2801 3786 Zambres
2840 3731 2896 3785 in
2931 3731 3179 3786 intimam
3209 3731 3414 3802 regiam
3440 3745 3563 3786 sese

1983 3821 2200 3892 recipit,
2234 3838 2409 3892 eaque
2440 3823 2688 3888 incensa,
2716 3840 2823 3878 una
2852 3822 3175 3892 conﬂagrat,
3201 3837 3326 3876 cum
3349 3829 3565 3890 septem

1985 3914 2106 3970 dies
2139 3915 2432 3987 imperium
2477 3915 2770 3971 tenuisset.
2793 3916 2957 3970 Facta
2988 3925 3111 3987 post
3139 3915 3244 3969 hoc
3267 3915 3452 3984 populi
3477 3927 3566 3968 se-

1985 4010 2263 4072 cessione,
2312 4008 2406 4064 alii
2455 4007 2748 4064 Zambrcm
2792 4010 3044 4080 eligunt,
3103 4008 3194 4063 alii
3245 4006 3560 4062 Thamnim.

1986 4101 2189 4155 Verum
2243 4100 2515 4156 Zambrea
2559 4099 2723 4156 factio
2764 4101 2975 4158 viribus
3017 4101 3294 4170 superior,
3328 4098 3568 4154 Thamni

1986 4190 2095 4261 90
2125 4191 2343 4246 sublato
2366 4231 2382 4255 ,
2415 4205 2647 4262 regnum
2675 4191 2894 4246 Zambri
2931 4190 3290 4261 tranquillum
3325 4188 3566 4244 tradide-

1988 4294 2137 4340 runt.
2173 4285 2223 4338 ls
2256 4285 2528 4355 principio
2556 4284 2777 4341 Thersae
2817 4285 3088 4356 regnavit.
3118 4283 3327 4339 Deinde
3348 4283 3564 4337 Mareo-

1990 4390 2059 4430 ne
2103 4387 2290 4432 monte
2330 4385 2600 4446 occupato
2624 4415 2640 4440 ,
2678 4377 2868 4430 urbem
2921 4373 3169 4429 condidit
3215 4373 3438 4427 nomine
3469 4370 3567 4426 Sa-

1991 4469 2246 4532 mariam,
2283 4483 2408 4523 cum
2427 4469 2542 4539 ipse
2559 4467 2733 4524 monti
2759 4484 2959 4523 nomen
2984 4466 3229 4524 Samarei
3250 4465 3568 4528 indidisset,

1915 4527 1968 4587 Β
1996 4560 2064 4616 de
2100 4561 2323 4617 nomine
2364 4561 2577 4617 Semeri
2606 4601 2622 4628 ,
2660 4575 2691 4614 a
2717 4575 2826 4630 quo
2853 4575 2980 4616 eum
3011 4568 3244 4614 emerat.
3293 4556 3441 4612 Vicit
3476 4556 3573 4610 hic

1992 4655 2349 4725 improbitate
2372 4655 2696 4726 superiores
2721 4668 2900 4723 reges.
2927 4652 3176 4708 Mortuus
3197 4661 3284 4708 est
3310 4649 3574 4706 Samaria:

1992 4763 2139 4802 anno
2162 4747 2314 4819 regni
2347 4746 2679 4802 duodecimo
2699 4788 2714 4814 ,
2751 4746 2898 4815 quod
2925 4745 2992 4800 ad
3021 4745 3309 4800 Achabum
3353 4743 3474 4814 ejus
3508 4743 3573 4796 ﬁ-

1992 4844 2128 4897 lium
2174 4842 2417 4897 devenit.
2461 4841 2551 4896 Sic
2594 4839 2965 4896 lsraelitarum
3015 4854 3174 4910 reges
3200 4878 3214 4901 ,
3261 4838 3405 4893 alius
3449 4844 3576 4905 post

1995 4933 2187 5000 alium,
2207 4933 2277 4988 ob
2303 4932 2509 5002 patrias
2535 4931 2682 5001 leges
2715 4930 2966 4997 violatas,
2985 4929 3184 4996 exiguo
3204 4938 3449 4998 tempore
3478 4941 3574 4996 pe-

1997 5026 2358 5084 rierunt.Asa
2390 5041 2542 5090 vero,
2567 5041 2663 5081 rex
2701 5020 3334 5093 llierosolymorum.Dei
3361 5033 3574 5078 amans,

1997 5135 2183 5190 regem
2213 5118 2532 5188 [Etliiopum
2567 5133 2692 5173 cum
2731 5117 2943 5187 magnis
2981 5115 3155 5185 copiis
3192 5112 3568 5173 invadentem,

1995 5214 2109 5269 Deo
2139 5211 2394 5282 adjutore
2429 5213 2704 5274 invocato,
2742 5223 3058 5280 aggressus,
3093 5206 3297 5260 multos
3323 5201 3572 5256 hostium

1993 5304 2240 5369 occidit,
2287 5303 2534 5374 reliquos
2581 5303 2637 5357 in
2686 5302 2870 5373 fugam
2927 5315 3122 5355 versos
3173 5295 3572 5367 persequitur,

1997 5405 2178 5452 castra
2232 5391 2462 5465 diripit,
2515 5392 2711 5450 multis
2740 5402 2796 5448 et
2840 5391 2956 5462 ipse
2991 5399 3050 5446 et
3093 5386 3332 5459 populus
3380 5383 3574 5456 spoliis

1509 5513 1704 5576 Variae
1735 5512 2048 5577 lectiones
2092 5520 2154 5574 et
2188 5517 2378 5573 ηοιω.

311 5636 495 5760 cu£160)
535 5638 669 5693 Ἐπὶ
702 5639 810 5693 τὸν
853 5638 1112 5708 Ἰσραήλ.
1141 5637 1269 5694 Haec
1308 5637 1625 5696 addidimus
1667 5655 1732 5697 ex
1781 5655 1886 5696 ms.

321 5864 434 5916 μνι.

385 5779 495 5861 (fil)
541 5779 654 5835 Τὸν
701 5779 968 5849 Θαμνῆν.
1013 5780 1091 5836 Ita
1130 5780 1291 5838 codd.
1337 5797 1464 5838 mss.
1517 5780 1748 5838 Wolﬁus
1785 5784 1894 5836 Θα-

363 5867 411 5899 νι

2070 5635 2182 5708 (62)
2220 5635 2531 5708 Σέμειροντο,
2553 5634 2633 5708 ιω
2662 5628 3011 5708 remeamus
3064 5645 3132 5708 9x
3170 5643 3300 5708 πιδε-
3337 5644 3457 5708 pre.
3483 5629 3580 5681 Σε-

2000 5700 2244 5833 substiti)
2294 5700 2405 5761 itti'
2445 5705 2692 5761 ediderat
2724 5700 2994 5758 'Wolﬁus.
3056 5700 3350 5772 Josephus’
3389 5700 3577 5770 Σάμα-

2004 5796 2094 5850 ρον
2179 5797 2206 5832 a
2249 5788 2322 5832 ct.
