3964 6252
472 369 585 434 379

1740 380 1747 385 '
1807 365 2135 428 JOANNIS
2172 363 2497 426 ΖΟΝΑΗΛΕ

3622 369 3715 438 180

471 494 694 538 auctus.
723 481 1032 538 Reducenti
1056 482 1363 539 exercitum
1395 480 1508 553 regi
1534 480 1804 552 propheta
1831 481 2050 536 Azarias

2158 478 2251 549 ἀφ’
2278 472 2340 531 οὗ
2371 478 2532 533 τοῦτο
2561 478 2811 550 ἐπρίατο.
2862 480 3080 553 Χείρων
3114 481 3224 535 τῶν
3259 478 3368 553 πρὸ
3397 480 3554 537 αὐτοῦ
3581 500 3719 555 γεγο-

473 576 758 639 occurrit,
790 577 1038 631 victoriae
1077 577 1249 632 Deum
1283 583 1341 630 et
1368 575 1475 649 ipsi
1504 584 1560 631 et
1594 574 1798 645 populo
1830 583 2057 644 propter

468 661 699 733 justitia:
732 663 941 717 cultum
973 674 1259 720 auctorem
1291 664 1571 719 exstitisse
1605 663 1874 719 afﬁrmat:
1908 664 2056 734 quod

473 753 522 808 si
546 755 808 808 virtutem
851 755 1128 820 colerent,
1163 754 1217 808 in
1256 763 1539 823 posterum
1574 753 1741 808 etiam
1777 753 1897 809 fore
1929 754 2055 808 fcli-

474 859 599 900 ccs:
631 845 715 900 sin
739 846 835 900 Dei
866 846 1122 901 mandata
1153 846 1541 918 neglexissent,
1573 845 1761 900 multis
1791 847 2057 910 arumnis

474 938 910 995 conﬂictaturos.
944 942 1048 995 Asa
1084 940 1252 1011 igitur
1289 940 1400 994 vita
1444 938 1534 1008 pie
1561 947 1716 1000 acta,
1755 946 1812 993 et
1837 923 2052 1010 longam

472 1043 814 1089 senectutem
849 1035 1104 1101 adeptus,
1127 1033 1263 1088 obiit
1283 1047 1427 1112 anno
1451 1032 1605 1102 regni
1636 1031 1816 1102 primo
1838 1044 1894 1089 et
1916 1049 2052 1103 qua-

471 1122 808 1195 dragesimo,
836 1125 947 1181 filio
977 1126 1276 1196 Josaphato
1307 1125 1500 1179 relicto
1531 1140 1873 1182 successore.

2161 569 2290 635 νὼς,
2318 570 2415 624 καὶ
2451 572 2790 644 κατέστρεψε
2820 573 2920 646 τὴν
2948 574 3095 646 ζωὴν
3119 575 3179 628 ἐν
3217 576 3501 647 Σαμαρείᾳ
3530 576 3716 635 δώδεκα

2164 663 2492 734 βασιλεύσας
2516 666 2822 730 ἐνιαυτούς.
2859 668 2924 720 Ἢ
2960 668 3017 721 δέ
3051 668 3300 738 βασιλεία
3329 670 3613 739 περιῆλθεν
3647 674 3716 734 είς

2173 756 2380 827 Ἀχαάὅ
2412 756 2502 811 τὸν
2538 757 2654 811 υίὸν
2685 758 2875 813 αὑτοῦ.
2904 761 2969 814 Οἱ
2997 762 3097 830 μὲν
3129 757 3224 814 οὖν
3250 761 3358 814 τῶν
3388 761 3717 833 Ἰσραηλιτῶν

2162 850 2401 922 βασιλεῖς
2434 851 2597 915 ἄλλος
2651 851 2740 905 ἐπ’
2770 853 2916 924 ἀλλῳ
2946 853 3035 908 διὰ
3060 856 3160 924 τὴν
3190 857 3537 925 παρανομίαν
3561 856 3719 911 αὐτῶν

2159 947 2218 998 ἐν
2247 946 2413 1017 ὀλίγῳ
2436 946 2612 1019 χρύνῳ
2644 946 3037 1019 διεφθάρησαν.
3060 948 3195 1002 Ἀσά
3216 948 3272 1001 δέ
3297 949 3324 1001 6
3348 948 3447 1018 τῆς
3480 948 3723 1019 Ἰερουσα-

2159 1037 2271 1109 λὴμ
2305 1039 2563 1109 βασιλεὺς
2625 1040 2881 1112 θεοφιλὴς
2910 1038 3007 1111 ἦν’
3037 1037 3098 1097 οὗ
3128 1042 3206 1113 τῷ
3226 1043 3440 1112 δεκάτῳ
3470 1043 3562 1113 τῆς
3588 1043 3724 1114 βασι⁶

2165 1130 2318 1195 λείας
2346 1131 2456 1186 ἔτει
2496 1135 2524 1186 6
2589 1133 2845 1204 βασιλεὺς
2879 1133 3156 1188 Αἰθιόπων
3187 1133 3474 1204 στρατεύει
3506 1134 3619 1187 κατ’
3641 1136 3725 1188 αὐ-

472 1219 568 1274 τοῦ
605 1223 747 1293 μετὰ
788 1224 1016 1295 βαρείας
1047 1223 1354 1292 δυνάμεως.
1389 1224 1448 1277 '0
1475 1221 1531 1276 δὲ
1561 1221 1654 1275 τὸν
1718 1222 1853 1277 Θεὸν
1894 1224 2185 1297 σύμμαχον
2214 1228 2570 1298 ἐπεκέκλητο,
2642 1231 2737 1283 καὶ
2794 1229 3145 1300 συμπλακεὶς
3175 1232 3289 1293 τοῖς
3317 1228 3550 1299 Αἰθίοψι,
3615 1227 3725 1280 πολ-

472 1307 597 1375 λοὺς
635 1311 737 1381 μὲν
764 1312 976 1365 ἀνεῖλεο
1008 1313 1135 1376 τοὺς
1160 1313 1217 1366 δὲ
1268 1311 1490 1376 λοιποὺς
1554 1312 1832 1381 φυγόντας
1885 1314 2097 1384 ἐδίωξε,
2141 1318 2236 1371 καὶ
2264 1320 2365 1390 τήν
2393 1319 2752 1391 παρεμϐολὴν
2806 1321 3040 1374 ἐκείνων
3096 1321 3388 1392 διήρπασε,
3416 1320 3511 1375 καὶ
3574 1317 3726 1373 πολλά

472 1405 639 1467 αὐτὸς
662 1408 755 1460 καὶ
793 1410 821 1460 ὀ
855 1407 980 1471 λαὸς
1022 1407 1353 1478 ἐκομίσαντο
1380 1408 1620 1479 λάφυρα.
1682 1408 2105 1478 ’Λναζευγνύντι
2144 1413 2199 1467 δέ
2258 1414 2335 1483 τῷ
2361 1412 2576 1484 βασιλεῖ
2607 1414 2702 1469 καὶ
2728 1417 2796 1486 τῇ
2836 1417 3077 1486 στρατιᾷ.
3110 1415 3139 1467 6
3179 1416 3470 1485 προφήτης
3491 1412 3726 1482 ’Λζαρίας

473 1500 817 1571 ὑπαντήσας,
868 1499 967 1569 τῆς
1004 1499 1125 1569 νίκη
1144 1519 1159 1557 ,;
1194 1502 1289 1551 τὸν
1327 1498 1461 1551 Θεὸν
1489 1496 1631 1553 εἶναι
1662 1500 1811 1570 αὐτῷ
1882 1502 2086 1575 δοτῆρα
2126 1501 2271 1570 εἷπε,
2306 1507 2401 1558 καὶ
2422 1505 2499 1575 τῷ
2533 1504 2669 1576 λαῷ,
2704 1506 3057 1581 δικαιοσύνης
3093 1506 3570 1577 ἐπιμελουμένοις.
3628 1507 3723 1558 Καὶ

475 1591 725 1663 μετιοῦσι
783 1591 884 1660 μὲν
939 1590 1140 1663 ἀρετὴν
1193 1591 1537 1661 εὐδαιμονίας
1593 1594 1689 1646 καὶ
1739 1595 2022 1650 εἰσέπειτα
2090 1597 2497 1669 ἐπηγγείλατο·
2569 1599 2757 1654 τῶνδὲ
2783 1588 2879 1653 τοῦ
2908 1601 3044 1653 Θεοῦ
3074 1602 3304 1655 ἐντολῶν
3369 1600 3725 1671 κατολιγωρή-

474 1703 622 1750 σασι,
658 1685 829 1740 πολλᾶ
872 1686 1249 1756 συμϐήσεσθαι
1296 1685 1534 1755 λυπηρά.
1573 1687 1706 1741 Ἀσὰ
1752 1689 1956 1756 τοίνυν,
1997 1692 2053 1743 ἐν
2101 1692 2355 1760 εὐσεϐείᾳ
2386 1692 2485 1764 τήν
2529 1693 2676 1763 ζωὴν
2722 1693 2951 1759 ἀνύσας,
3000 1693 3097 1747 καὶ
3135 1696 3216 1758 είς
3259 1695 3440 1764 γῆρας
3475 1695 3722 1764 καταντή-

474 1795 576 1843 σας
622 1780 780 1849 βαθὺ,
841 1778 1092 1850 τέθνηκε,
1159 1778 1487 1847 βασιλεύσας
1548 1779 1830 1844 ἐνιαυτοὺς
1895 1781 1982 1851 ἐφ’
2041 1783 2122 1835 ἐνὶ
2172 1785 2605 1855 τεσσαράκοντα,
2660 1785 2930 1854 Ἰωσαφάτ
2964 1785 3151 1856 οἰκείῳ
3204 1785 3306 1857 υἱῷ
3334 1784 3433 1857 τὴν
3463 1786 3730 1856 ἡγεμονίαν

473 1891 617 1927 κατα
624 1891 651 1926 Λ
661 1891 675 1926 ι
683 1890 799 1926 πων
807 1912 820 1925 .
1138 1924 1139 1927 η

544 1964 682 2019 XIII.
721 1962 980 2019 Achabus
1009 1974 1195 2019 autem
1221 1962 1486 2019 Samaria:
1523 1965 1727 2036 regiam
1764 1966 2017 2022 incolens
2040 2008 2054 2030 ,

469 2057 920 2114 antecessoribus
967 2057 1087 2112 suis
1123 2057 1408 2127 impietate
1450 2058 1705 2127 superior
1731 2098 1745 2125 ,
1783 2059 1852 2113 ab
1887 2075 2057 2113 uxore

467 2152 717 2207 .lezabcle
742 2151 914 2222 magis
933 2151 1099 2207 etiam
1123 2151 1190 2204 ad
1215 2148 1629 2220 improbitatem
1659 2149 2058 2205 exstimulaba-

473 2255 585 2299 tur.
617 2245 749 2299 Erat
789 2244 877 2298 illa
907 2243 1051 2315 regis
1073 2242 1201 2313 Tyri
1230 2252 1287 2296 et
1310 2242 1535 2298 Sidonis
1561 2242 1694 2305 ﬁlia,
1726 2244 2055 2298 muliercula

426 2348 430 2352 '
470 2340 628 2393 ferox
657 2346 715 2392 et
740 2337 915 2391 audax
941 2375 954 2399 ,
992 2351 1117 2406 qua:
1144 2334 1274 2389 Belo
1304 2334 1409 2389 deo
1449 2350 1550 2389 suo
1581 2334 1754 2390 aedem
1804 2334 2054 2390 condidit

2238 1966 2338 2020 II".
2370 1965 2575 2035 Ἀχαάϐ
2603 1965 2657 2018 δὲ
2691 1968 2748 2019 ἐν
2777 1965 3060 2037 Σαμαρείᾳ
3082 1965 3350 2038 ἐκέκτητο
3381 1967 3451 2021 τά
3480 1966 3728 2038 βασίλεια,

2163 2059 2290 2125 τοὺς
2326 2061 2434 2130 πρὸ
2463 2060 2627 2112 αὐτοῦ
2659 2057 3047 2131 παραδραμὼν
3076 2061 3157 2125 είς
3186 2061 3472 2127 ἀσέϐειαν,
3506 2062 3594 2117 καὶ
3639 2062 3730 2115 ὑπὸ

2163 2152 2266 2221 τῆς
2296 2151 2554 2221 γυναικὸς
2602 2144 2846 2214 Ἰεζάϐελ
2879 2154 3083 2223 μᾶλλον
3123 2155 3203 2217 είς
3235 2156 3441 2209 κακίαν
3493 2154 3732 2225 προδιδα-

2165 2239 2338 2305 σθεὶς,
2386 2242 2420 2313 ἢ
2474 2240 2567 2294 τοῦ
2606 2241 2874 2311 βασιλέως
2912 2243 3013 2312 μὲν
3048 2244 3231 2315 Τύρου
3269 2249 3363 2298 καὶ
3389 2246 3619 2310 Σιδῶνος
3649 2246 3730 2299 θυ-

2163 2333 2341 2404 γάτηρ
2376 2329 2465 2404 ἦν,
2520 2333 2713 2403 ἰταμὸν
2750 2333 2809 2388 δὲ
2847 2335 2941 2389 καὶ
2973 2336 3248 2408 τολμηρὸν
3299 2337 3547 2405 γύναιον.
3593 2337 3727 2408 Λῦτη

471 2441 528 2486 οι
572 2430 755 2484 lucum
784 2427 1153 2492 consecravit,
1189 2427 1574 2482 sacerdotibus
1608 2427 1775 2482 etiam
1808 2436 1865 2482 et
1893 2443 2050 2498 pseu-

2160 2425 2286 2479 ναὸν
2311 2425 2389 2495 τῷ
2429 2426 2617 2497 οἰκείῳ
2648 2423 2757 2495 θεῷ
2786 2424 2864 2495 τῷ
2913 2426 3023 2498 Βὴλ
3051 2427 3390 2499 ἐδωρήσατο,
3447 2429 3541 2482 καὶ
3585 2429 3729 2492 ἄλσος

472 2521 836 2591 doprophctis
866 2520 1154 2577 institutis.
1182 2517 1330 2578 Elias
1354 2528 1538 2574 autem
1559 2519 1695 2575 urbe
1725 2519 1941 2575 Thesba
1960 2534 2054 2575 or-

473 2625 598 2680 tus,
647 2631 965 2686 perversam
1012 2617 1157 2687 regis
1196 2627 1252 2673 et
1289 2614 1475 2685 pepuli
1512 2614 1832 2684 religionem
1869 2613 2054 2668 animo

473 2711 827 2781 iniquissimo
850 2710 1035 2767 ferens
1057 2755 1071 2777 ,
1108 2713 1333 2767 Aehabo
1359 2711 1435 2765 ait
1466 2729 1478 2764 :
1509 2710 1594 2764 Ita
1619 2710 1742 2763 vivit
1774 2708 2053 2775 Dominus,

473 2814 531 2857 ut
565 2802 745 2874 pluvia
790 2820 895 2857 non
934 2804 1230 2869 descendet,
1272 2804 1374 2858 nisi
1407 2802 1479 2856 ad
1512 2817 1689 2872 preces
1730 2816 1894 2854 meas.
1931 2799 2057 2854 Ha'c

473 2897 765 2962 elocutus,
814 2912 881 2951 ex
930 2896 1192 2952 mandato
1232 2897 1325 2952 Dei
1357 2895 1424 2950 ad
1478 2902 1782 2949 torrentem
1808 2891 2052 2948 Chorath

474 2990 643 3056 abiit,
675 2990 768 3045 ubi
805 3006 834 3045 a
864 2990 1049 3047 corvis
1078 2990 1359 3055 alebatur,
1390 2989 1483 3059 qui
1544 3003 1706 3042 mane
1741 3001 1932 3056 panes,
1958 3001 2054 3041 ve-

474 3084 623 3152 speri
647 3083 930 3138 carnesilli
952 3082 1276 3148 all'crebant;
1294 3090 1482 3153 potum
1504 3078 1782 3151 prmbebat
1806 3089 2054 3133 torrens:

473 3193 586 3246 quo
609 3178 921 3242 exsiccato,
960 3176 1326 3246 Sarephtham
1358 3176 1472 3230 Deo
1504 3182 1764 3229 monente
1793 3172 1929 3235 abit,
1961 3185 2054 3226 ur-

475 3270 601 3325 bem
634 3272 778 3326 intra
810 3270 1014 3341 Tyrum
1046 3280 1104 3325 et
1144 3269 1407 3326 Sidonem
1449 3271 1612 3325 sitam
1639 3287 1652 3323 :
1686 3278 1814 3323 ante
1844 3283 2007 3339 quam
2036 3307 2052 3332 ,

473 3378 599 3417 cum
619 3362 671 3417 in
692 3354 979 3417 mulierem
998 3362 1289 3432 quamdam
1310 3362 1611 3427 incidisset,
1633 3369 1756 3417 orat
1778 3370 1837 3416 ut
1854 3376 2052 3431 aquam

474 3456 576 3512 sibi
608 3456 802 3511 aderat
832 3475 842 3511 :
877 3472 999 3527 quae
1025 3457 1155 3511 dum
1189 3456 1324 3523 abit,
1355 3465 1414 3512 ut
1441 3470 1638 3526 panem
1669 3454 1833 3511 etiam
1860 3454 2056 3510 aderat

473 3551 633 3620 petit.
694 3550 846 3605 Illam
874 3551 1151 3621 jnrantcm
1188 3551 1292 3605 sibi
1330 3550 1596 3621 pugillum
1626 3548 1895 3604 duntaxat
1921 3547 2055 3602 fari-

473 3659 560 3697 na:
583 3658 753 3698 unum
787 3657 930 3707 esse,
961 3654 1017 3698 et
1044 3643 1345 3713 pauxillum
1376 3643 1507 3708 olei,
1544 3639 1774 3712 proinde
1802 3655 1862 3696 se
1895 3639 2052 3694 abire

473 3733 541 3788 ad
583 3734 888 3806 colligenda
934 3745 1249 3800 sarmenta,
1300 3743 1360 3790 ut
1409 3734 1670 3805 exiguum
1717 3731 1902 3788 cibum
1945 3729 2050 3786 sibi

2158 2519 2448 2588 ἐφύτευσε,
2484 2522 2579 2573 καὶ
2607 2520 2772 2589 ἱερεῖς
2807 2518 2979 2591 αὐτῷ,
3024 2522 3118 2574 καὶ
3156 2520 3613 2594 ψευδοπροφήτας
3639 2541 3726 2576 κα-

2156 2611 2440 2682 τέστησεν.
2465 2610 2650 2666 ἸΙλιοὺ
2681 2614 2737 2666 δὲ
2777 2615 2803 2666 6
2842 2613 3133 2684 προφήτης
3156 2616 3220 2667 ἐκ
3254 2614 3470 2679 πόλεως
3512 2616 3724 2683 Θέσόης,

2156 2703 2410 2775 ζηλώσας
2442 2705 2535 2758 ἐπὶ
2569 2708 2689 2769 ταῖς
2745 2706 3025 2770 ἀσεϐείαις
3066 2706 3162 2760 τοῦ
3200 2707 3472 2779 βασιλέως
3509 2709 3602 2763 καὶ
3640 2707 3724 2761 τοῦ

2157 2794 2309 2862 λαοῦ,
2329 2792 2451 2848 εἷπε
2479 2798 2615 2867 πρὸς
2633 2797 2840 2868 ’Λχαέιϐ
2865 2817 2877 2831 ⁸
2907 2801 2953 2851 Ζ
2960 2798 2994 2866 ᾖ
3026 2800 3257 2867 Κύριος,
3284 2804 3334 2856 εί
3362 2802 3540 2857 ἔσται
3561 2800 3732 2866 ὑετὸς,

2155 2890 2207 2941 εί
2239 2886 2326 2957 μὴ
2354 2887 2452 2942 διὰ
2477 2891 2666 2958 λόγου
2717 2907 2858 2959 μου.
2918 2891 3032 2944 Καὶ
3059 2890 3234 2946 ταῦτα
3262 2891 3460 2957 εἰπὼν,
3511 2892 3734 2961 ἀπῆλθεν

2157 2980 2216 3037 ἐν
2251 2983 2327 3053 τῷ
2352 2984 2641 3055 χειμάρρῳ
2664 2983 2847 3054 Χοράο
2906 2983 3032 3036 κατ’
3060 2984 3283 3055 ἐντολὴν
3310 2986 3403 3039 τοῦ
3430 2985 3592 3039 Θεοῦ·
3621 2983 3734 3037 ἔνθα

2159 3075 2313 3148 παρὰ
2343 3075 2601 3146 κοράκων
2652 3077 2935 3145 ἐτρέφετο,
2972 3075 3177 3147 ἄρτους
3230 3078 3377 3148 αὐτῷ
3417 3076 3734 3149 κομιζόντων

2158 3167 2323 3239 πρωῒ,
2364 3169 2458 3222 καὶ
2496 3167 2664 3234 κρέας
2694 3167 2757 3220 τὸ
2808 3167 3032 3221 δειλινόν
3072 3182 3087 3197 ⁸
3127 3168 3226 3238 τὴν
3266 3169 3322 3222 δὲ
3377 3170 3541 3223 πόσιν
3598 3166 3732 3237 αὑτῷ

2156 3264 2465 3332 ἐχορήγειὸ
2496 3262 2799 3333 χείμαρρος
2821 3278 2835 3293 ·
2870 3255 2930 3317 οὗ
2964 3262 3350 3333 ξηρανθέντος,
3384 3268 3471 3327 εἰς
3500 3263 3736 3334 Σαρεειςθά

2157 3355 2311 3410 πόλιν
2335 3352 2502 3410 οὖσαν
2529 3355 2733 3424 μεταξὺ
2769 3355 2999 3420 Σιδῶνος
3030 3358 3124 3409 καὶ
3159 3356 3340 3427 Τύρου
3372 3357 3454 3428 τῷ
3487 3356 3603 3428 Θεῷ
3631 3373 3737 3408 πει-

2158 3448 2384 3519 θόμενος
2435 3448 2646 3511 ἄπεισι,
2685 3449 2781 3502 καὶ
2834 3449 2941 3520 πρὸ
2974 3451 3073 3517 τῆς
3104 3450 3314 3515 πόλεως
3366 3451 3590 3519 γυναικί
3636 3465 3734 3502 τινι

2156 3540 2419 3612 ἐντυχὼν,
2451 3540 2596 3612 ὕδωρ
2628 3541 2779 3613 αὑτῷ
2818 3542 3048 3614 κομίσαι
3106 3543 3375 3599 ἱκέτευεν.
3426 3545 3514 3609 Ὠς
3549 3544 3594 3597 δ’
3622 3545 3737 3596 ἐπο-

2157 3631 2401 3702 ρεύετοή
2451 3632 2615 3703 γυνὴ,
2649 3635 2744 3686 καὶ
2767 3633 2935 3704 ἄρτον
2975 3633 3127 3706 αὐτῷ
3183 3636 3440 3703 ἐνεγκεῖν
3475 3635 3643 3705 ἠξίου.
3679 3634 3739 3687 'II

2153 3725 2208 3778 δέ
2246 3727 2377 3795 μιᾶς
2414 3725 2617 3799 δρακὸς
2662 3725 2896 3797 ἀλεύρου
2950 3727 3236 3796 ἐξώμνυτο
3294 3729 3594 3800 εὐπορεῖν,
3652 3728 3738 3781 καὶ

471 3837 530 3882 et
552 3826 742 3882 liberis
765 3837 923 3897 paret
947 3869 962 3895 ,
1004 3844 1114 3898 quo
1144 3829 1437 3900 absumpto
1459 3869 1475 3893 ,
1507 3830 1649 3884 fame
1678 3827 1913 3900 perituri
1939 3825 2050 3882 sint

2158 3816 2500 3888 βραχυτάτου
2533 3817 2739 3883 ἐλαίου,
2772 3818 2866 3871 καὶ
2917 3816 3223 3883 συλλέξασα
3262 3818 3496 3893 ξυλάρια
3532 3820 3737 3876 ἀπιέναι

468 3920 575 3990 91
609 3930 665 3975 et
701 3921 829 3991 ipsi,
876 3922 1142 3992 propheta
1176 3922 1322 3978 bono
1354 3923 1537 3978 animo
1568 3937 1692 3978 esse
1714 3923 1873 3993 jubet
1907 3940 1919 3975 :
1951 3936 2051 3976 ne-

471 4027 580 4081 que
603 4012 794 4067 farina;
812 4013 1041 4079 cistam,
1065 4015 1374 4087 nequelolci
1396 4015 1691 4085 ampullam
1710 4015 2049 4070 defecturam

470 4118 622 4167 esse,
647 4103 826 4160 donec
854 4106 1041 4175 pluvia
1074 4106 1471 4162 descendisset.
1501 4108 1594 4161 Illa
1637 4108 1804 4177 igitur
1833 4116 1890 4161 et
1921 4122 2051 4176 pro-

472 4195 696 4264 phetam
734 4197 1031 4268 hospitem,
1056 4209 1112 4254 et
1157 4214 1215 4254 se
1255 4208 1311 4255 et
1346 4200 1553 4255 liberos
1573 4214 1704 4254 suos
1722 4197 1924 4269 exigua
1959 4199 2050 4253 illa

469 4282 645 4340 farina
682 4288 799 4353 alit,
824 4276 1001 4344 donec
1039 4288 1211 4346 fames
1251 4290 1603 4360 praeterisset.
1630 4287 1898 4343 Caeterum
1940 4287 2052 4344 lilio

471 4388 573 4429 suo
599 4391 665 4430 ex
693 4377 886 4430 morbo
916 4378 1200 4444 defuncto,
1222 4380 1275 4434 in
1312 4379 1632 4449 prophetam
1672 4377 2047 4448 blasphemat;

470 4467 567 4521 sed
599 4467 690 4523 ille
720 4478 1000 4525 mortuum
1031 4472 1136 4527 sibi
1169 4488 1402 4542 puerum
1423 4474 1541 4526 dari
1566 4473 1723 4542 jubet
1751 4490 1765 4526 :
1795 4487 1958 4543 quem
1992 4472 2048 4527 in

469 4563 815 4618 etenaculum
841 4604 855 4627 ,
893 4565 947 4618 in
978 4580 1089 4635 quo
1119 4566 1236 4637 ipse
1266 4566 1647 4622 diversabatur
1668 4607 1682 4632 ,
1716 4566 1965 4631 allatum,
1993 4567 2047 4621 in

468 4669 571 4709 suo
595 4656 798 4711 lectulo
825 4658 1083 4724 collocat,
1135 4660 1503 4728 invocatoque
1531 4659 1665 4723 Deo,
1697 4668 1754 4713 et
1781 4658 2048 4713 cadavere

467 4757 553 4802 ter
584 4747 781 4812 adlato,
822 4767 1054 4819 puerum
1089 4752 1251 4807 matri
1298 4753 1504 4822 gratias
1548 4751 1726 4821 agenti
1770 4752 2044 4806 viventem

468 4841 731 4896 restituit.
771 4842 900 4897 Post
932 4843 1047 4898 haec
1091 4843 1222 4899 Elia:
1257 4842 1483 4898 mandat
1513 4843 1688 4909 Deus,
1719 4850 1777 4895 ut
1823 4842 2046 4897 Acbabo

466 4934 732 5002 przedicat
781 4933 900 4990 fore
949 4936 1550 5005 pluviam.lnvaluerat
1572 4944 1756 4989 autem
1784 4934 2046 4990 Samaria:

464 5037 521 5081 et
560 5028 616 5081 in
663 5035 776 5081 tota
818 5027 1101 5097 provincia
1145 5028 1337 5083 fames.
1386 5027 1647 5082 Achabus
1693 5027 1876 5097 itaque
1917 5041 2043 5081 cum

463 5120 640 5175 Abdia
674 5134 965 5176 (nconomo
1007 5134 1131 5187 suo,
1160 5121 1280 5175 viro
1311 5119 1482 5183 bono,
1516 5119 1704 5174 exibat
1747 5119 2043 5190 quaesitum

464 5212 626 5282 equis
655 5212 772 5267 suis
798 5213 1084 5282 pabulum,
1116 5213 1279 5267 aliam
1306 5213 1423 5283 ipse
1449 5214 1614 5277 viam,
1641 5214 1802 5268 aliam
1834 5213 2042 5269 Abdias

464 5305 802 5375 ingrediens,
835 5307 1230 5377 investigantcs
1254 5321 1322 5360 an
1351 5306 1404 5360 in
1430 5306 1676 5362 fontibus
1699 5314 1795 5361 aut
1821 5315 2042 5362 torren-

466 5397 614 5452 tibus
641 5399 844 5454 alicubi
883 5415 1107 5469 gramen
1143 5399 1480 5455 invenirent.
1510 5400 1700 5454 Abdia:
1729 5399 1948 5455 obviam
1984 5399 2040 5453 Iit

464 5490 644 5555 Elius,
678 5506 846 5561 seque
870 5493 982 5563 regi
1008 5492 1233 5547 indicari
1258 5492 1434 5561 jubet.
1472 5494 1538 5548 At
1570 5494 1659 5550 ille
1712 5502 1839 5549 eum
1878 5509 2045 5548 accu-

466 5590 584 5637 rate
608 5583 676 5638 ab
697 5584 923 5639 Achabo
943 5583 1009 5637 ad
1024 5584 1227 5640 caedem
1259 5585 1429 5655 qua:ri
1463 5585 1794 5656 respondet,
1812 5600 2045 5640 monens

464 5684 526 5747 nt
551 5690 609 5729 se
644 5675 921 5731 occultet:
954 5692 1019 5732 ac
1053 5686 1277 5732 centum
1313 5679 1613 5748 prophetas
1645 5694 1674 5731 a
1705 5692 1765 5732 se
1794 5677 1934 5731 clam
1966 5677 2041 5732 ali

459 5780 518 5823 ct
547 5771 886 5836 conservari,
924 5773 1143 5827 caneris
1177 5772 1436 5827 omnibus
1459 5788 1488 5825 a
1509 5771 1765 5826 chabele
1813 5771 2043 5825 interfe-

466 5861 587 5918 ctis.
629 5860 741 5918 Elia
799 5877 927 5920 vero
956 5862 1197 5933 iurante,
1235 5877 1293 5918 se
1325 5860 1419 5917 illo
1446 5860 1536 5915 die
1566 5860 1628 5924 in
1674 5859 1880 5915 Achabi
1908 5874 2041 5914 con-

2156 3910 2462 3981 ποιήσουσα
2494 3910 2701 3981 μικρὰν
2733 3911 2941 3983 τροφὴν
2973 3913 3142 3983 ἑαυτῇ
3176 3915 3272 3966 καὶ
3306 3915 3423 3978 τοῖς
3452 3915 3656 3979 παισὶν,
3679 3907 3737 3983 ἧς

2156 4003 2489 4074 ἐκλιπούσης
2520 4004 2616 4057 καὶ
2636 4004 2835 4067 αὐτοὺς
2865 4003 3010 4076 λιμῷ
3044 4006 3314 4061 ἐκλιπεῖν.
3358 4007 3421 4060 Ὀ
3448 4008 3505 4062 δέ
3536 4005 3739 4079 προφή-

2155 4113 2256 4167 της
2284 4095 2511 4167 θαρῤεῖν
2543 4097 2681 4167 αὐτῇ
2711 4097 3061 4166 ἐγκελεύεται
3088 4114 3102 4128 ⁸
3146 4099 3283 4170 μηδὲ
3313 4101 3425 4169 γὰρ
3476 4099 3738 4168 ἐκλείψειν

2157 4187 2387 4259 ἄλευρον
2419 4190 2483 4241 ἐκ
2530 4189 2624 4243 τοῦ
2660 4190 2891 4260 ἀγγείου
2949 4191 3044 4245 τοῦ
3099 4192 3262 4247 τοῦτο
3293 4194 3581 4265 φέροντος,
3628 4192 3739 4265 μηδ’

2157 4280 2337 4334 ἔλαιον
2365 4283 2428 4335 ἐκ
2459 4280 2559 4351 τῆς
2588 4282 2847 4352 ληκύθου,
2882 4284 2987 4349 ἕως
3036 4284 3266 4355 γένηται
3325 4286 3507 4350 ὑετός.
3552 4287 3616 4340 Ἡ
3662 4285 3737 4349 δὲ,

2158 4374 2509 4445 πορευθεῖσα,
2551 4375 2640 4429 τόν
2669 4395 2727 4429 τε
2752 4378 3042 4448 προφήτην
3071 4380 3203 4450 παρ’
3234 4379 3374 4451 αὐτῇ
3407 4380 3737 4446 ξενισθέντα,

2156 4466 2250 4520 καὶ
2279 4466 2500 4539 ἑαυτήν,
2536 4470 2629 4522 καὶ
2661 4470 2725 4524 τὰ
2752 4469 2916 4524 τέκνα
2949 4472 3013 4524 ἐκ
3039 4471 3133 4525 τοῦ
3185 4471 3489 4543 βραχίστου
3528 4452 3734 4526 ἐκείνου

2155 4559 2383 4631 ἀλεύρου
2416 4561 2666 4630 ἔτρεφεν,
2698 4562 2844 4625 ἓωςό
2876 4563 3032 4631 λιμὸς
3066 4564 3436 4634 παρελήλυθε.
3456 4566 3737 4637 Νοσήσαν-

2153 4667 2245 4713 τος
2277 4652 2335 4705 δὲ
2365 4652 2464 4706 τοῦ
2482 4652 2613 4706 -υίοῦ
2645 4656 2744 4724 τῆς
2777 4655 3039 4722 γυναικὸς
3070 4656 3301 4728 ταύτης,
3329 4661 3427 4712 καὶ
3460 4660 3734 4726 θανόντος,

2153 4744 2499 4817 ἐϐλασφήμει
2531 4747 2672 4800 κατά
2697 4745 2792 4799 1,6
2825 4748 3111 4818 προφήτου
3148 4750 3356 4820 ἐκείνη.
3398 4752 3463 4805 Ὀ
3505 4752 3564 4806 δὲ
3586 4751 3737 4821 δοτῆ-

2153 4856 2240 4892 ναι
2273 4840 2422 4909 αὐτῷ
2444 4839 2506 4893 τὸ
2534 4839 2793 4910 τεθνηκὸς
2821 4840 3034 4894 παιδίον
3059 4841 3250 4914 ᾔτησε.
3281 4845 3391 4898 Καὶ
3420 4846 3631 4913 λαϐὼν,
3663 4847 3739 4908 είς

2152 4933 2213 4985 τὸ
2242 4933 2493 5005 ὑπερῷον
2546 4933 2673 4986 ἔνθα
2702 4933 2837 5003 ᾤκει
2866 4935 3158 5005 ἀνήνεγκε,
3197 4938 3293 4992 καὶ
3323 4938 3483 4995 ἔθετο
3510 4941 3607 4993 ἐπὶ
3638 4939 3735 5008 τῆς

2153 5029 2341 5100 κλίνης
2401 5029 2567 5083 αὑτοῦ
2592 5045 2605 5059 ⁸
2663 5030 2756 5083 καὶ
2781 5030 2875 5083 τὸν
2908 5031 3044 5085 Θεὸν
3099 5034 3409 5100 ἱκετεύσας,
3445 5033 3736 5106 τρισσάκις

2152 5122 2456 5194 ἐνεφύσησε
2481 5124 2556 5195 τῷ
2602 5122 2799 5196 νεκρῷ,
2860 5125 2951 5178 καὶ
2988 5123 3246 5194 ἀνέζησε,
3278 5128 3373 5180 καὶ
3419 5126 3599 5181 ἔδωκε
3646 5125 3735 5179 τὸν

2149 5215 2319 5268 παῖδα
2348 5214 2529 5278 ζῶντα
2579 5218 2645 5285 τῇ
2697 5216 2999 5289 γειναμένῃ
3025 5233 3039 5249 ο
3093 5219 3126 5287 ή
3158 5217 3205 5271 δ’
3231 5218 3591 5288 ηὑχαρίστει.
3626 5218 3734 5274 Καὶ

2147 5307 2287 5378 μετά
2324 5307 2497 5361 ταῦτα
2529 5307 2836 5361 ἐνετείλατο
2870 5308 2946 5379 τῷ
2988 5309 3172 5363 Ἠλιοὺ
3219 5312 3247 5362 6
3295 5310 3429 5373 Θεὸς
3463 5309 3735 5381 πορευθῆ-

2143 5416 2255 5465 ναι,
2297 5399 2395 5452 καὶ
2426 5404 2716 5470 προειπεῖν
2753 5400 2984 5471 Ἀχαὰ6,
3027 5401 3103 5464 ὡς
3149 5402 3305 5456 ἔσται
3357 5402 3545 5466 ὑετὸς.
3590 5404 3650 5456 Ὅ
3676 5401 3733 5455 δέ

2143 5490 2300 5560 λιμὸς
2328 5490 2421 5543 ἐπὶ
2452 5491 2771 5560 Σαμάρειαν
2794 5492 2890 5545 καὶ
2917 5492 3016 5562 τὴν
3046 5491 3235 5563 χώραν
3270 5493 3496 5547 ἃπασαν
3530 5509 3734 5562 κεκρα-

2143 5580 2379 5653 σταίωτο.¹
2402 5582 2612 5653 Ἀχαάὁ
2643 5582 2704 5636 δέ
2745 5582 2837 5637 τὸν
2869 5584 3158 5656 οἰκονόμον
3188 5584 3353 5638 αὑτοῦ
3385 5584 3567 5655 ἄνδρα
3597 5603 3734 5655 χρη·
3820 5644 3829 5659 ¹

2153 5676 2277 5729 στὸν
2312 5675 2668 5746 παραλαϐὼν,
2703 5675 2867 5747 ἀπῄει
2896 5677 2945 5729 εἰ
2994 5674 3146 5746 εὖροι
3195 5679 3308 5740 τοῖς
3334 5676 3536 5742 ἵπποις
3562 5676 3730 5747 χιλόν.

2151 5769 2260 5821 Καὶ
2285 5769 2314 5820 6
2343 5769 2444 5838 μὲν
2469 5768 2636 5839 ἄλλην
2665 5767 2988 5836 ἀπῄειδδὸν,
3008 5767 3202 5840 ἑτέραν
3226 5769 3284 5823 δέ
3308 5768 3550 5835 Ἀϐδιοὺ,
3580 5773 3733 5841 ἐρευ-

2151 5858 2350 5924 νῶντες
2387 5859 2486 5914 ποῦ
2514 5861 2580 5916 ἂν
2618 5860 2827 5932 εὕροιεν
2850 5863 3045 5933 χόρτον
3077 5864 3135 5916 ἐν
3172 5864 3372 5934 πηγαῖς
3403 5860 3437 5933 ἢ
3494 5864 3730 5939 χειμάρ-
