  <div class='ocr_page' id='page_1' title='image "/cluster/home/n/w/nwhite01/storage/ocr_20150623/134/mdp.39015032023197/098.png"; bbox 0 0 3964 6252; ppageno 0'>
   <div class='ocr_carea' id='block_1_1' title="bbox 311 311 408 375">
    <p class='ocr_par' dir='ltr' id='par_1_1' title="bbox 311 311 408 375">
     <span class='ocr_line' id='line_1_1' title="bbox 311 311 408 375; baseline 0.021 -2"><span class='ocrx_word' id='word_1_1' title='bbox 311 311 408 375; x_wconf 80' lang='lat'><strong><em>181</em></strong></span> 
     </span>
    </p>
   </div>
   <div class='ocr_carea' id='block_1_2' title="bbox 1618 313 2335 377">
    <p class='ocr_par' dir='ltr' id='par_1_2' title="bbox 1618 313 2335 377">
     <span class='ocr_line' id='line_1_2' title="bbox 1618 313 2335 377; baseline 0.004 -3"><span class='ocrx_word' id='word_1_2' title='bbox 1618 313 2027 376; x_wconf 78' lang='lat' dir='ltr'><strong><em>ANNALIUM</em></strong></span> <span class='ocrx_word' id='word_1_3' title='bbox 2073 316 2211 374; x_wconf 80' lang='lat' dir='ltr'><strong><em>LIB.</em></strong></span> <span class='ocrx_word' id='word_1_4' title='bbox 2254 314 2335 377; x_wconf 86' lang='lat' dir='ltr'><strong><em>II.</em></strong></span> 
     </span>
    </p>
   </div>
   <div class='ocr_carea' id='block_1_3' title="bbox 3465 314 3575 372">
    <p class='ocr_par' dir='ltr' id='par_1_3' title="bbox 3465 314 3575 372">
     <span class='ocr_line' id='line_1_3' title="bbox 3465 314 3575 372; baseline -0.018 0"><span class='ocrx_word' id='word_1_5' title='bbox 3465 315 3484 372; x_wconf 90' lang='grc'>1</span> <span class='ocrx_word' id='word_1_6' title='bbox 3495 314 3575 371; x_wconf 57' lang='lat' dir='ltr'><strong><em>Si?</em></strong></span> 
     </span>
    </p>
   </div>
   <div class='ocr_carea' id='block_1_4' title="bbox 306 417 1895 493">
    <p class='ocr_par' dir='ltr' id='par_1_4' title="bbox 306 417 1889 493">
     <span class='ocr_line' id='line_1_4' title="bbox 306 417 1889 493; baseline 0 -18"><span class='ocrx_word' id='word_1_7' title='bbox 306 426 450 493; x_wconf 82' lang='grc' dir='ltr'>ροις.</span> <span class='ocrx_word' id='word_1_8' title='bbox 483 421 734 491; x_wconf 80' lang='grc' dir='ltr'><strong><em>Συναντᾷ</em></strong></span> <span class='ocrx_word' id='word_1_9' title='bbox 764 417 953 474; x_wconf 85' lang='grc' dir='ltr'>τοίνυν·</span> <span class='ocrx_word' id='word_1_10' title='bbox 976 420 1055 491; x_wconf 81' lang='grc' dir='ltr'><strong><em>τῷ</em></strong></span> <span class='ocrx_word' id='word_1_11' title='bbox 1080 419 1292 475; x_wconf 73' lang='grc' dir='ltr'>Ἀϐδιοὺ</span> <span class='ocrx_word' id='word_1_12' title='bbox 1318 421 1345 475; x_wconf 87' lang='lat'><strong><em>6</em></strong></span> <span class='ocrx_word' id='word_1_13' title='bbox 1375 420 1586 485; x_wconf 81' lang='grc' dir='ltr'>Ἠλίας.</span> <span class='ocrx_word' id='word_1_14' title='bbox 1623 423 1727 475; x_wconf 75' lang='grc' dir='ltr'>καὶ·</span> <span class='ocrx_word' id='word_1_15' title='bbox 1769 422 1889 493; x_wconf 74' lang='grc' dir='ltr'>ᾔτει</span> 
     </span>
    </p>
   </div>
   <div class='ocr_carea' id='block_1_5' title="bbox 1998 417 3561 493">
    <p class='ocr_par' dir='ltr' id='par_1_5' title="bbox 1998 417 3561 492">
     <span class='ocr_line' id='line_1_5' title="bbox 1998 417 3561 492; baseline -0.002 -17"><span class='ocrx_word' id='word_1_16' title='bbox 1998 432 2241 492; x_wconf 76' lang='lat' dir='ltr'><strong><em>spretum</em></strong></span> <span class='ocrx_word' id='word_1_17' title='bbox 2269 430 2560 476; x_wconf 87' lang='lat' dir='ltr'><strong><em>venturum</em></strong></span> <span class='ocrx_word' id='word_1_18' title='bbox 2580 461 2595 487; x_wconf 95' lang='lat'><strong><em>,</em></strong></span> <span class='ocrx_word' id='word_1_19' title='bbox 2626 419 2972 491; x_wconf 72' lang='lat' dir='ltr'><strong><em>praesentiam</em></strong></span> <span class='ocrx_word' id='word_1_20' title='bbox 3007 418 3126 487; x_wconf 79' lang='lat' dir='ltr'><strong><em>eius</em></strong></span> <span class='ocrx_word' id='word_1_21' title='bbox 3178 417 3292 491; x_wconf 84' lang='lat' dir='ltr'><strong><em>regi</em></strong></span> <span class='ocrx_word' id='word_1_22' title='bbox 3321 420 3561 477; x_wconf 89' lang='lat' dir='ltr'><strong><em>nuntiat.</em></strong></span> 
     </span>
    </p>
   </div>
   <div class='ocr_carea' id='block_1_6' title="bbox 302 513 1892 588">
    <p class='ocr_par' dir='ltr' id='par_1_6' title="bbox 302 513 1892 588">
     <span class='ocr_line' id='line_1_6' title="bbox 302 513 1892 588; baseline -0.001 -19"><span class='ocrx_word' id='word_1_23' title='bbox 302 516 388 588; x_wconf 79' lang='grc' dir='ltr'>τῷ</span> <span class='ocrx_word' id='word_1_24' title='bbox 417 515 629 584; x_wconf 80' lang='grc' dir='ltr'>βασιλεῖ</span> <span class='ocrx_word' id='word_1_25' title='bbox 653 513 882 584; x_wconf 80' lang='grc' dir='ltr'><strong><em>μηνύειν</em></strong></span> <span class='ocrx_word' id='word_1_26' title='bbox 910 513 1096 569; x_wconf 83' lang='grc' dir='ltr'>αὐτόν.</span> <span class='ocrx_word' id='word_1_27' title='bbox 1136 514 1194 567; x_wconf 77' lang='grc'><strong><em>’0</em></strong></span> <span class='ocrx_word' id='word_1_28' title='bbox 1224 513 1280 567; x_wconf 83' lang='grc' dir='ltr'><strong><em>δὲ</em></strong></span> <span class='ocrx_word' id='word_1_29' title='bbox 1304 513 1401 567; x_wconf 73' lang='grc' dir='ltr'>καὶ</span> <span class='ocrx_word' id='word_1_30' title='bbox 1429 513 1573 584; x_wconf 84' lang='grc' dir='ltr'>μάλα</span> <span class='ocrx_word' id='word_1_31' title='bbox 1606 513 1892 584; x_wconf 66' lang='grc' dir='ltr'>ζητεῖσθαι</span> 
     </span>
    </p>
   </div>
   <div class='ocr_carea' id='block_1_7' title="bbox 302 606 1889 680">
    <p class='ocr_par' dir='ltr' id='par_1_7' title="bbox 302 606 1889 680">
     <span class='ocr_line' id='line_1_7' title="bbox 302 606 1889 680; baseline 0.003 -21"><span class='ocrx_word' id='word_1_32' title='bbox 302 607 463 678; x_wconf 70' lang='grc' dir='ltr'>παρὰ</span> <span class='ocrx_word' id='word_1_33' title='bbox 492 606 589 660; x_wconf 77' lang='grc' dir='ltr'>τοῦ</span> <span class='ocrx_word' id='word_1_34' title='bbox 616 606 825 679; x_wconf 82' lang='grc' dir='ltr'>Ἀχαὰϐ</span> <span class='ocrx_word' id='word_1_35' title='bbox 855 607 1040 675; x_wconf 78' lang='grc' dir='ltr'>ἔλεγεν</span> <span class='ocrx_word' id='word_1_36' title='bbox 1065 607 1250 673; x_wconf 76' lang='grc' dir='ltr'>αὐτὸν,</span> <span class='ocrx_word' id='word_1_37' title='bbox 1285 608 1372 661; x_wconf 72' lang='grc' dir='ltr'>ἵνα</span> <span class='ocrx_word' id='word_1_38' title='bbox 1398 608 1600 674; x_wconf 81' lang='grc' dir='ltr'>ἀνέλοι,</span> <span class='ocrx_word' id='word_1_39' title='bbox 1637 609 1686 662; x_wconf 85' lang='grc' dir='ltr'><strong><em>εί</em></strong></span> <span class='ocrx_word' id='word_1_40' title='bbox 1716 607 1889 680; x_wconf 82' lang='grc' dir='ltr'>εὖροι.</span> 
     </span>
    </p>
   </div>
   <div class='ocr_carea' id='block_1_8' title="bbox 304 701 1892 772">
    <p class='ocr_par' dir='ltr' id='par_1_8' title="bbox 304 701 1892 772">
     <span class='ocr_line' id='line_1_8' title="bbox 304 701 1892 772; baseline 0.001 -18"><span class='ocrx_word' id='word_1_41' title='bbox 304 702 422 754; x_wconf 74' lang='grc' dir='ltr'><strong><em>Καὶ</em></strong></span> <span class='ocrx_word' id='word_1_42' title='bbox 446 701 795 772; x_wconf 82' lang='grc' dir='ltr'><strong><em>κρύπτεσθαι</em></strong></span> <span class='ocrx_word' id='word_1_43' title='bbox 850 701 1263 768; x_wconf 90' lang='grc' dir='ltr'>συνεϐούλευεν,</span> <span class='ocrx_word' id='word_1_44' title='bbox 1301 702 1455 771; x_wconf 82' lang='grc' dir='ltr'>ἕλεγέ</span> <span class='ocrx_word' id='word_1_45' title='bbox 1485 720 1543 755; x_wconf 88' lang='grc' dir='ltr'><strong><em>τε</em></strong></span> <span class='ocrx_word' id='word_1_46' title='bbox 1579 701 1673 757; x_wconf 74' lang='grc' dir='ltr'>καὶ</span> <span class='ocrx_word' id='word_1_47' title='bbox 1728 702 1892 766; x_wconf 82' lang='grc' dir='ltr'>αὐτὸς</span> 
     </span>
    </p>
   </div>
   <div class='ocr_carea' id='block_1_9' title="bbox 305 791 1891 865">
    <p class='ocr_par' dir='ltr' id='par_1_9' title="bbox 305 791 1891 865">
     <span class='ocr_line' id='line_1_9' title="bbox 305 791 1891 865; baseline 0.003 -22"><span class='ocrx_word' id='word_1_48' title='bbox 305 791 508 844; x_wconf 71' lang='grc' dir='ltr'>ἑκατὸν</span> <span class='ocrx_word' id='word_1_49' title='bbox 537 794 822 860; x_wconf 75' lang='grc' dir='ltr'><strong><em>προφήτας</em></strong></span> <span class='ocrx_word' id='word_1_50' title='bbox 864 791 1130 862; x_wconf 81' lang='grc' dir='ltr'><strong><em>κρύπτειν</em></strong></span> <span class='ocrx_word' id='word_1_51' title='bbox 1174 795 1268 846; x_wconf 79' lang='grc' dir='ltr'>καὶ</span> <span class='ocrx_word' id='word_1_52' title='bbox 1300 796 1542 865; x_wconf 82' lang='grc' dir='ltr'>τρέφειν,</span> <span class='ocrx_word' id='word_1_53' title='bbox 1568 794 1664 848; x_wconf 79' lang='grc' dir='ltr'>καὶ</span> <span class='ocrx_word' id='word_1_54' title='bbox 1696 791 1891 857; x_wconf 76' lang='grc' dir='ltr'>σώζειν</span> 
     </span>
    </p>
   </div>
   <div class='ocr_carea' id='block_1_10' title="bbox 302 881 1884 960">
    <p class='ocr_par' dir='ltr' id='par_1_10' title="bbox 302 881 1884 960">
     <span class='ocr_line' id='line_1_10' title="bbox 302 881 1884 960; baseline 0.003 -25"><span class='ocrx_word' id='word_1_55' title='bbox 302 883 472 941; x_wconf 65' lang='grc' dir='ltr'>οὕτω,</span> <span class='ocrx_word' id='word_1_56' title='bbox 510 881 637 942; x_wconf 78' lang='grc' dir='ltr'>τοὺς</span> <span class='ocrx_word' id='word_1_57' title='bbox 668 881 862 945; x_wconf 78' lang='grc' dir='ltr'>ἄλλους</span> <span class='ocrx_word' id='word_1_58' title='bbox 885 881 1095 945; x_wconf 80' lang='grc' dir='ltr'><strong><em>πάντας</em></strong></span> <span class='ocrx_word' id='word_1_59' title='bbox 1123 883 1220 953; x_wconf 83' lang='grc' dir='ltr'>τῆς</span> <span class='ocrx_word' id='word_1_60' title='bbox 1251 883 1491 946; x_wconf 77' lang='grc' dir='ltr'>Ἰεζάϐελ.</span> <span class='ocrx_word' id='word_1_61' title='bbox 1525 884 1884 960; x_wconf 75' lang='grc' dir='ltr'><strong><em>ἀνῃρηκυίας.</em></strong></span> 
     </span>
    </p>
   </div>
   <div class='ocr_carea' id='block_1_11' title="bbox 317 964 1889 1048">
    <p class='ocr_par' dir='ltr' id='par_1_11' title="bbox 317 964 1889 1048">
     <span class='ocr_line' id='line_1_11' title="bbox 317 964 1889 1048; baseline 0.001 -23"><span class='ocrx_word' id='word_1_62' title='bbox 317 973 384 1026; x_wconf 89' lang='grc'><strong><em>’0</em></strong></span> <span class='ocrx_word' id='word_1_63' title='bbox 415 970 683 1041; x_wconf 80' lang='grc' dir='ltr'>δὲῶμοσε</span> <span class='ocrx_word' id='word_1_64' title='bbox 732 972 854 1026; x_wconf 85' lang='grc' dir='ltr'>κατ’</span> <span class='ocrx_word' id='word_1_65' title='bbox 879 964 1096 1045; x_wconf 64' lang='grc' dir='ltr'>ὲδίείνην</span> <span class='ocrx_word' id='word_1_66' title='bbox 1146 974 1482 1046; x_wconf 83' lang='grc' dir='ltr'>ὀφθήσεσθαι</span> <span class='ocrx_word' id='word_1_67' title='bbox 1524 976 1625 1048; x_wconf 75' lang='grc' dir='ltr'>τὴν</span> <span class='ocrx_word' id='word_1_68' title='bbox 1675 976 1889 1047; x_wconf 72' lang='grc' dir='ltr'>ἡμέραν</span> 
     </span>
    </p>
   </div>
   <div class='ocr_carea' id='block_1_12' title="bbox 304 1065 1886 1140">
    <p class='ocr_par' dir='ltr' id='par_1_12' title="bbox 304 1065 1886 1140">
     <span class='ocr_line' id='line_1_12' title="bbox 304 1065 1886 1140; baseline 0.001 -22"><span class='ocrx_word' id='word_1_69' title='bbox 304 1065 390 1134; x_wconf 83' lang='grc' dir='ltr'><strong><em>τῷ</em></strong></span> <span class='ocrx_word' id='word_1_70' title='bbox 421 1065 648 1135; x_wconf 79' lang='grc' dir='ltr'>’Δχαάϐ.</span> <span class='ocrx_word' id='word_1_71' title='bbox 682 1066 957 1136; x_wconf 82' lang='grc' dir='ltr'>’Δπῆλθεν</span> <span class='ocrx_word' id='word_1_72' title='bbox 1012 1067 1107 1121; x_wconf 77' lang='grc' dir='ltr'>οὖν</span> <span class='ocrx_word' id='word_1_73' title='bbox 1159 1068 1398 1132; x_wconf 79' lang='grc' dir='ltr'>Ἀϐδιοὺ,</span> <span class='ocrx_word' id='word_1_74' title='bbox 1433 1069 1528 1122; x_wconf 69' lang='grc' dir='ltr'>καὶ</span> <span class='ocrx_word' id='word_1_75' title='bbox 1579 1068 1886 1140; x_wconf 82' lang='grc' dir='ltr'>ἀπήγγειλε</span> 
     </span>
    </p>
   </div>
   <div class='ocr_carea' id='block_1_13' title="bbox 307 1157 1890 1231">
    <p class='ocr_par' dir='ltr' id='par_1_13' title="bbox 307 1157 1890 1231">
     <span class='ocr_line' id='line_1_13' title="bbox 307 1157 1890 1231; baseline 0.002 -21"><span class='ocrx_word' id='word_1_76' title='bbox 307 1158 443 1227; x_wconf 77' lang='grc' dir='ltr'>περὶ</span> <span class='ocrx_word' id='word_1_77' title='bbox 475 1157 574 1211; x_wconf 84' lang='grc' dir='ltr'><strong><em>τοῦ</em></strong></span> <span class='ocrx_word' id='word_1_78' title='bbox 607 1157 767 1211; x_wconf 82' lang='grc' dir='ltr'>Ἠλία</span> <span class='ocrx_word' id='word_1_79' title='bbox 810 1159 887 1229; x_wconf 82' lang='grc' dir='ltr'><strong><em>τῷ</em></strong></span> <span class='ocrx_word' id='word_1_80' title='bbox 916 1159 1145 1229; x_wconf 82' lang='grc' dir='ltr'>βασιλεί.</span> <span class='ocrx_word' id='word_1_81' title='bbox 1179 1160 1288 1215; x_wconf 67' lang='grc' dir='ltr'><strong><em>Καὶ</em></strong></span> <span class='ocrx_word' id='word_1_82' title='bbox 1329 1158 1456 1214; x_wconf 83' lang='grc' dir='ltr'>ίδὼν</span> <span class='ocrx_word' id='word_1_83' title='bbox 1482 1161 1574 1214; x_wconf 70' lang='grc' dir='ltr'>τὸν</span> <span class='ocrx_word' id='word_1_84' title='bbox 1602 1161 1890 1231; x_wconf 83' lang='grc' dir='ltr'>προφήτην</span> 
     </span>
    </p>
   </div>
   <div class='ocr_carea' id='block_1_14' title="bbox 305 1241 1892 1322">
    <p class='ocr_par' dir='ltr' id='par_1_14' title="bbox 305 1241 1892 1322">
     <span class='ocr_line' id='line_1_14' title="bbox 305 1241 1892 1322; baseline 0.002 -21"><span class='ocrx_word' id='word_1_85' title='bbox 305 1241 560 1311; x_wconf 73' lang='grc' dir='ltr'>ἐκεῖνος,</span> <span class='ocrx_word' id='word_1_86' title='bbox 600 1252 671 1304; x_wconf 80' lang='lat' dir='ltr'><strong><em>Et</em></strong></span> <span class='ocrx_word' id='word_1_87' title='bbox 706 1251 891 1316; x_wconf 77' lang='grc' dir='ltr'>αὑτός</span> <span class='ocrx_word' id='word_1_88' title='bbox 939 1249 1134 1315; x_wconf 85' lang='grc' dir='ltr'>ἐστιν,</span> <span class='ocrx_word' id='word_1_89' title='bbox 1202 1252 1394 1322; x_wconf 78' lang='grc' dir='ltr'>ἤρετο,</span> <span class='ocrx_word' id='word_1_90' title='bbox 1431 1254 1464 1306; x_wconf 84' lang='grc' dir='ltr'><em>ὁ</em></span> <span class='ocrx_word' id='word_1_91' title='bbox 1515 1250 1892 1321; x_wconf 66' lang='grc' dir='ltr'>διαστρέφων</span> 
     </span>
    </p>
   </div>
   <div class='ocr_carea' id='block_1_15' title="bbox 304 1340 1895 1414">
    <p class='ocr_par' dir='ltr' id='par_1_15' title="bbox 304 1340 1895 1414">
     <span class='ocr_line' id='line_1_15' title="bbox 304 1340 1895 1414; baseline 0.004 -21"><span class='ocrx_word' id='word_1_92' title='bbox 304 1341 420 1393; x_wconf 83' lang='grc' dir='ltr'>τὸν</span> <span class='ocrx_word' id='word_1_93' title='bbox 470 1341 710 1408; x_wconf 81' lang='grc' dir='ltr'>Ἰσραήλ</span> <span class='ocrx_word' id='word_1_94' title='bbox 730 1343 962 1407; x_wconf 33' lang='grc' dir='ltr'>;ΑἨλίας</span> <span class='ocrx_word' id='word_1_95' title='bbox 987 1344 1066 1404; x_wconf 80' lang='grc' dir='ltr'>δὲ,</span> <span class='ocrx_word' id='word_1_96' title='bbox 1102 1343 1184 1398; x_wconf 84' lang='grc' dir='ltr'><strong><em>Σὺ</em></strong></span> <span class='ocrx_word' id='word_1_97' title='bbox 1210 1343 1475 1414; x_wconf 84' lang='grc' dir='ltr'>μᾶλλον,</span> <span class='ocrx_word' id='word_1_98' title='bbox 1512 1341 1656 1406; x_wconf 78' lang='grc' dir='ltr'>εἶπε,</span> <span class='ocrx_word' id='word_1_99' title='bbox 1682 1346 1779 1399; x_wconf 75' lang='grc' dir='ltr'>καὶ</span> <span class='ocrx_word' id='word_1_100' title='bbox 1809 1340 1895 1399; x_wconf 76' lang='grc' dir='ltr'><strong><em>οἷ-</em></strong></span> 
     </span>
    </p>
   </div>
   <div class='ocr_carea' id='block_1_16' title="bbox 305 1432 1891 1505">
    <p class='ocr_par' dir='ltr' id='par_1_16' title="bbox 305 1432 1891 1505">
     <span class='ocr_line' id='line_1_16' title="bbox 305 1432 1891 1505; baseline 0.003 -20"><span class='ocrx_word' id='word_1_101' title='bbox 305 1449 422 1498; x_wconf 77' lang='grc' dir='ltr'>κος</span> <span class='ocrx_word' id='word_1_102' title='bbox 460 1432 571 1485; x_wconf 81' lang='grc' dir='ltr'>τοῦ</span> <span class='ocrx_word' id='word_1_103' title='bbox 602 1435 826 1501; x_wconf 78' lang='grc' dir='ltr'>πατρός</span> <span class='ocrx_word' id='word_1_104' title='bbox 856 1447 974 1487; x_wconf 89' lang='grc' dir='ltr'><strong><em>σου</em></strong></span> <span class='ocrx_word' id='word_1_105' title='bbox 1019 1433 1410 1505; x_wconf 64' lang='grc' dir='ltr'>διαστρέφετε</span> <span class='ocrx_word' id='word_1_106' title='bbox 1465 1435 1573 1488; x_wconf 76' lang='grc' dir='ltr'>τέν</span> <span class='ocrx_word' id='word_1_107' title='bbox 1612 1436 1768 1489; x_wconf 82' lang='grc' dir='ltr'>λαὸν</span> <span class='ocrx_word' id='word_1_108' title='bbox 1789 1452 1891 1489; x_wconf 82' lang='grc' dir='ltr'>κα-</span> 
     </span>
    </p>
   </div>
   <div class='ocr_carea' id='block_1_17' title="bbox 305 1524 1895 1596">
    <p class='ocr_par' dir='ltr' id='par_1_17' title="bbox 305 1524 1895 1596">
     <span class='ocr_line' id='line_1_17' title="bbox 305 1524 1895 1596; baseline 0.003 -20"><span class='ocrx_word' id='word_1_109' title='bbox 305 1524 663 1590; x_wconf 77' lang='grc' dir='ltr'>ταλιπόντες</span> <span class='ocrx_word' id='word_1_110' title='bbox 713 1525 823 1579; x_wconf 79' lang='grc' dir='ltr'>τὸν</span> <span class='ocrx_word' id='word_1_111' title='bbox 857 1526 1099 1594; x_wconf 86' lang='grc' dir='ltr'>Κύριον,</span> <span class='ocrx_word' id='word_1_112' title='bbox 1157 1527 1255 1581; x_wconf 80' lang='grc' dir='ltr'>καὶ</span> <span class='ocrx_word' id='word_1_113' title='bbox 1307 1526 1555 1595; x_wconf 74' lang='grc' dir='ltr'>ψευδεῖς</span> <span class='ocrx_word' id='word_1_114' title='bbox 1609 1527 1895 1596; x_wconf 79' lang='grc' dir='ltr'>τιμῶντες</span> 
     </span>
    </p>
   </div>
   <div class='ocr_carea' id='block_1_18' title="bbox 308 1617 1896 1690">
    <p class='ocr_par' dir='ltr' id='par_1_18' title="bbox 308 1617 1896 1690">
     <span class='ocr_line' id='line_1_18' title="bbox 308 1617 1896 1690; baseline 0 -19"><span class='ocrx_word' id='word_1_115' title='bbox 308 1618 506 1684; x_wconf 85' lang='grc' dir='ltr'>θεούς.</span> <span class='ocrx_word' id='word_1_116' title='bbox 572 1617 735 1673; x_wconf 83' lang='grc' dir='ltr'>Ἀλλ’</span> <span class='ocrx_word' id='word_1_117' title='bbox 797 1618 1084 1687; x_wconf 77' lang='grc' dir='ltr'><strong><em>ἄθροισον</em></strong></span> <span class='ocrx_word' id='word_1_118' title='bbox 1120 1622 1207 1686; x_wconf 75' lang='grc' dir='ltr'>εἰς</span> <span class='ocrx_word' id='word_1_119' title='bbox 1256 1620 1327 1675; x_wconf 85' lang='grc' dir='ltr'>τὸ</span> <span class='ocrx_word' id='word_1_120' title='bbox 1387 1621 1735 1690; x_wconf 72' lang='grc' dir='ltr'>Καρμήλιον</span> <span class='ocrx_word' id='word_1_121' title='bbox 1789 1621 1896 1675; x_wconf 77' lang='grc' dir='ltr'>τὸν</span> 
     </span>
    </p>
   </div>
   <div class='ocr_carea' id='block_1_19' title="bbox 304 1711 1895 1783">
    <p class='ocr_par' dir='ltr' id='par_1_19' title="bbox 304 1711 1895 1783">
     <span class='ocr_line' id='line_1_19' title="bbox 304 1711 1895 1783; baseline 0.004 -20"><span class='ocrx_word' id='word_1_122' title='bbox 304 1711 485 1776; x_wconf 77' lang='grc' dir='ltr'>λαὸν,</span> <span class='ocrx_word' id='word_1_123' title='bbox 540 1711 640 1765; x_wconf 77' lang='grc' dir='ltr'><strong><em>καί</em></strong></span> <span class='ocrx_word' id='word_1_124' title='bbox 684 1711 831 1776; x_wconf 82' lang='grc' dir='ltr'>τοὺς</span> <span class='ocrx_word' id='word_1_125' title='bbox 861 1713 1013 1779; x_wconf 83' lang='grc' dir='ltr'>σοὺς</span> <span class='ocrx_word' id='word_1_126' title='bbox 1058 1712 1392 1781; x_wconf 71' lang='grc' dir='ltr'>προφήτας,</span> <span class='ocrx_word' id='word_1_127' title='bbox 1430 1713 1530 1767; x_wconf 77' lang='grc' dir='ltr'><strong><em>καί</em></strong></span> <span class='ocrx_word' id='word_1_128' title='bbox 1587 1713 1731 1779; x_wconf 80' lang='grc' dir='ltr'>τοὺς</span> <span class='ocrx_word' id='word_1_129' title='bbox 1782 1714 1895 1783; x_wconf 77' lang='grc' dir='ltr'>τῆς</span> 
     </span>
    </p>
   </div>
   <div class='ocr_carea' id='block_1_20' title="bbox 310 1797 1896 1873">
    <p class='ocr_par' dir='ltr' id='par_1_20' title="bbox 310 1797 1896 1873">
     <span class='ocr_line' id='line_1_20' title="bbox 310 1797 1896 1873; baseline 0.003 -19"><span class='ocrx_word' id='word_1_130' title='bbox 310 1797 626 1871; x_wconf 77' lang='grc' dir='ltr'>γυναικός.</span> <span class='ocrx_word' id='word_1_131' title='bbox 688 1799 915 1857; x_wconf 62' lang='grc' dir='ltr'>Πάντων</span> <span class='ocrx_word' id='word_1_132' title='bbox 965 1800 1021 1855; x_wconf 82' lang='grc' dir='ltr'><strong><em>δὲ</em></strong></span> <span class='ocrx_word' id='word_1_133' title='bbox 1072 1800 1459 1866; x_wconf 76' lang='grc' dir='ltr'>συνελθόντων,</span> <span class='ocrx_word' id='word_1_134' title='bbox 1489 1797 1643 1858; x_wconf 82' lang='grc' dir='ltr'>εἶπεν</span> <span class='ocrx_word' id='word_1_135' title='bbox 1685 1804 1896 1873; x_wconf 85' lang='grc' dir='ltr'>Ἠλίας,</span> 
     </span>
    </p>
   </div>
   <div class='ocr_carea' id='block_1_21' title="bbox 306 1893 1896 1968">
    <p class='ocr_par' dir='ltr' id='par_1_21' title="bbox 306 1893 1896 1968">
     <span class='ocr_line' id='line_1_21' title="bbox 306 1893 1896 1968; baseline 0.004 -22"><span class='ocrx_word' id='word_1_136' title='bbox 306 1893 549 1961; x_wconf 76' lang='grc' dir='ltr'>ώςἜτὼ</span> <span class='ocrx_word' id='word_1_137' title='bbox 565 1894 756 1964; x_wconf 79' lang='grc' dir='ltr'>μόνος</span> <span class='ocrx_word' id='word_1_138' title='bbox 774 1894 1205 1965; x_wconf 83' lang='grc' dir='ltr'>ὑπολέλειμμαι</span> <span class='ocrx_word' id='word_1_139' title='bbox 1231 1896 1337 1951; x_wconf 87' lang='grc' dir='ltr'>τοῦ</span> <span class='ocrx_word' id='word_1_140' title='bbox 1364 1896 1512 1951; x_wconf 82' lang='grc' dir='ltr'>Θεοῦ</span> <span class='ocrx_word' id='word_1_141' title='bbox 1542 1898 1861 1968; x_wconf 67' lang='grc' dir='ltr'>προφήτης</span> <span class='ocrx_word' id='word_1_142' title='bbox 1882 1914 1896 1930; x_wconf 89' lang='grc'><strong>·</strong></span> 
     </span>
    </p>
   </div>
   <div class='ocr_carea' id='block_1_22' title="bbox 306 1983 1899 2055">
    <p class='ocr_par' dir='ltr' id='par_1_22' title="bbox 306 1983 1899 2055">
     <span class='ocr_line' id='line_1_22' title="bbox 306 1983 1899 2055; baseline 0.005 -18"><span class='ocrx_word' id='word_1_143' title='bbox 306 1988 366 2037; x_wconf 81' lang='grc' dir='ltr'><strong><em>οι</em></strong></span> <span class='ocrx_word' id='word_1_144' title='bbox 395 1983 466 2037; x_wconf 81' lang='grc' dir='ltr'><strong><em>δὲ</em></strong></span> <span class='ocrx_word' id='word_1_145' title='bbox 489 1984 991 2055; x_wconf 67' lang='grc' dir='ltr'>ψευδοπροφῆται</span> <span class='ocrx_word' id='word_1_146' title='bbox 1043 1986 1280 2055; x_wconf 70' lang='grc' dir='ltr'>σφόδρα</span> <span class='ocrx_word' id='word_1_147' title='bbox 1311 1989 1556 2042; x_wconf 83' lang='grc' dir='ltr'>πολλοι.</span> <span class='ocrx_word' id='word_1_148' title='bbox 1613 1990 1756 2043; x_wconf 82' lang='grc' dir='ltr'>Δότε</span> <span class='ocrx_word' id='word_1_149' title='bbox 1784 1985 1899 2045; x_wconf 85' lang='grc' dir='ltr'>οὖν</span> 
     </span>
    </p>
   </div>
   <div class='ocr_carea' id='block_1_23' title="bbox 1992 511 3568 585">
    <p class='ocr_par' dir='ltr' id='par_1_23' title="bbox 1992 511 3568 585">
     <span class='ocr_line' id='line_1_23' title="bbox 1992 511 3568 585; baseline 0 -18"><span class='ocrx_word' id='word_1_150' title='bbox 1992 514 2111 580; x_wconf 84' lang='lat' dir='ltr'><strong><em>Quo</em></strong></span> <span class='ocrx_word' id='word_1_151' title='bbox 2147 514 2237 569; x_wconf 91' lang='lat' dir='ltr'><strong><em>ille</em></strong></span> <span class='ocrx_word' id='word_1_152' title='bbox 2265 525 2599 583; x_wconf 78' lang='lat' dir='ltr'><strong><em>conspecto:</em></strong></span> <span class='ocrx_word' id='word_1_153' title='bbox 2634 513 2778 567; x_wconf 86' lang='lat' dir='ltr'><strong><em>Num</em></strong></span> <span class='ocrx_word' id='word_1_154' title='bbox 2802 520 2884 577; x_wconf 86' lang='lat' dir='ltr'><strong><em>tu,</em></strong></span> <span class='ocrx_word' id='word_1_155' title='bbox 2928 511 3148 582; x_wconf 87' lang='lat' dir='ltr'><strong><em>inquit,</em></strong></span> <span class='ocrx_word' id='word_1_156' title='bbox 3179 513 3226 567; x_wconf 98' lang='lat' dir='ltr'><strong><em>is</em></strong></span> <span class='ocrx_word' id='word_1_157' title='bbox 3249 529 3324 575; x_wconf 81' lang='lat' dir='ltr'><strong><em>es,</em></strong></span> <span class='ocrx_word' id='word_1_158' title='bbox 3362 516 3451 585; x_wconf 82' lang='lat' dir='ltr'><strong><em>qui</em></strong></span> <span class='ocrx_word' id='word_1_159' title='bbox 3476 514 3568 567; x_wconf 85' lang='lat' dir='ltr'><strong><em>de-</em></strong></span> 
     </span>
    </p>
   </div>
   <div class='ocr_carea' id='block_1_24' title="bbox 1993 605 3587 678">
    <p class='ocr_par' dir='ltr' id='par_1_24' title="bbox 1993 605 3587 678">
     <span class='ocr_line' id='line_1_24' title="bbox 1993 605 3587 678; baseline 0 -19"><span class='ocrx_word' id='word_1_160' title='bbox 1993 614 2187 677; x_wconf 79' lang='lat' dir='ltr'><strong><em>pravat</em></strong></span> <span class='ocrx_word' id='word_1_161' title='bbox 2218 607 2524 662; x_wconf 84' lang='lat' dir='ltr'><strong><em>Israelem?</em></strong></span> <span class='ocrx_word' id='word_1_162' title='bbox 2555 606 2654 663; x_wconf 89' lang='lat' dir='ltr'><strong><em>Cui</em></strong></span> <span class='ocrx_word' id='word_1_163' title='bbox 2680 606 2830 661; x_wconf 83' lang='lat' dir='ltr'><strong><em>Elias</em></strong></span> <span class='ocrx_word' id='word_1_164' title='bbox 2852 623 2870 660; x_wconf 91' lang='lat'><strong><em>:</em></strong></span> <span class='ocrx_word' id='word_1_165' title='bbox 2899 606 2973 660; x_wconf 88' lang='lat' dir='ltr'><strong><em>Tu</em></strong></span> <span class='ocrx_word' id='word_1_166' title='bbox 3008 607 3210 678; x_wconf 83' lang='lat' dir='ltr'><strong><em>potius,</em></strong></span> <span class='ocrx_word' id='word_1_167' title='bbox 3245 605 3427 676; x_wconf 81' lang='lat' dir='ltr'><strong><em>inquit</em></strong></span> <span class='ocrx_word' id='word_1_168' title='bbox 3449 648 3464 670; x_wconf 86' lang='lat'><strong><em>,</em></strong></span> <span class='ocrx_word' id='word_1_169' title='bbox 3518 617 3587 659; x_wconf 58' lang='lat' dir='ltr'><strong><em>et&quot;</em></strong></span> 
     </span>
    </p>
   </div>
   <div class='ocr_carea' id='block_1_25' title="bbox 1991 686 3571 770">
    <p class='ocr_par' dir='ltr' id='par_1_25' title="bbox 1991 686 3571 770">
     <span class='ocr_line' id='line_1_25' title="bbox 1991 686 3571 770; baseline -0.002 -16"><span class='ocrx_word' id='word_1_170' title='bbox 1991 700 2177 754; x_wconf 85' lang='lat' dir='ltr'><strong><em>domus</em></strong></span> <span class='ocrx_word' id='word_1_171' title='bbox 2215 700 2383 768; x_wconf 77' lang='lat' dir='ltr'><strong><em>patris</em></strong></span> <span class='ocrx_word' id='word_1_172' title='bbox 2412 700 2509 763; x_wconf 84' lang='lat' dir='ltr'><strong><em>tui,</em></strong></span> <span class='ocrx_word' id='word_1_173' title='bbox 2538 698 2791 770; x_wconf 78' lang='lat' dir='ltr'><strong><em>paputum</em></strong></span> <span class='ocrx_word' id='word_1_174' title='bbox 2824 686 3150 768; x_wconf 75' lang='lat' dir='ltr'><strong><em>depravatis,</em></strong></span> <span class='ocrx_word' id='word_1_175' title='bbox 3174 698 3358 752; x_wconf 79' lang='lat' dir='ltr'><strong><em>relicto</em></strong></span> <span class='ocrx_word' id='word_1_176' title='bbox 3388 696 3571 752; x_wconf 87' lang='lat' dir='ltr'><strong><em>Domi-</em></strong></span> 
     </span>
    </p>
   </div>
   <div class='ocr_carea' id='block_1_26' title="bbox 1989 789 3570 863">
    <p class='ocr_par' dir='ltr' id='par_1_26' title="bbox 1989 789 3570 863">
     <span class='ocr_line' id='line_1_26' title="bbox 1989 789 3570 863; baseline -0.001 -18"><span class='ocrx_word' id='word_1_177' title='bbox 1989 808 2076 857; x_wconf 83' lang='lat' dir='ltr'><strong><em>no,</em></strong></span> <span class='ocrx_word' id='word_1_178' title='bbox 2111 791 2272 863; x_wconf 79' lang='lat' dir='ltr'><strong><em>falsos</em></strong></span> <span class='ocrx_word' id='word_1_179' title='bbox 2301 792 2421 846; x_wconf 88' lang='lat' dir='ltr'><strong><em>deos</em></strong></span> <span class='ocrx_word' id='word_1_180' title='bbox 2451 800 2776 846; x_wconf 70' lang='lat' dir='ltr'><strong><em>venerantes.</em></strong></span> <span class='ocrx_word' id='word_1_181' title='bbox 2811 790 3002 846; x_wconf 83' lang='lat' dir='ltr'><strong><em>Verum</em></strong></span> <span class='ocrx_word' id='word_1_182' title='bbox 3032 789 3281 861; x_wconf 86' lang='lat' dir='ltr'><strong><em>populum</em></strong></span> <span class='ocrx_word' id='word_1_183' title='bbox 3302 830 3318 854; x_wconf 95' lang='lat'><strong><em>,</em></strong></span> <span class='ocrx_word' id='word_1_184' title='bbox 3361 798 3412 843; x_wconf 84' lang='lat' dir='ltr'><strong><em>et</em></strong></span> <span class='ocrx_word' id='word_1_185' title='bbox 3455 801 3570 844; x_wconf 82' lang='lat' dir='ltr'><strong><em>tuos</em></strong></span> 
     </span>
    </p>
   </div>
   <div class='ocr_carea' id='block_1_27' title="bbox 1990 882 3574 955">
    <p class='ocr_par' dir='ltr' id='par_1_27' title="bbox 1990 882 3574 955">
     <span class='ocr_line' id='line_1_27' title="bbox 1990 882 3574 955; baseline 0 -18"><span class='ocrx_word' id='word_1_186' title='bbox 1990 885 2269 953; x_wconf 61' lang='lat' dir='ltr'><strong><em>umorisque</em></strong></span> <span class='ocrx_word' id='word_1_187' title='bbox 2291 892 2395 938; x_wconf 76' lang='lat' dir='ltr'><strong><em>tute</em></strong></span> <span class='ocrx_word' id='word_1_188' title='bbox 2415 884 2695 955; x_wconf 79' lang='lat' dir='ltr'><strong><em>prophetas</em></strong></span> <span class='ocrx_word' id='word_1_189' title='bbox 2719 887 2774 938; x_wconf 87' lang='lat' dir='ltr'><strong><em>in</em></strong></span> <span class='ocrx_word' id='word_1_190' title='bbox 2798 891 3027 938; x_wconf 85' lang='lat' dir='ltr'><strong><em>montem</em></strong></span> <span class='ocrx_word' id='word_1_191' title='bbox 3057 882 3363 938; x_wconf 83' lang='lat' dir='ltr'><strong><em>Carmelum</em></strong></span> <span class='ocrx_word' id='word_1_192' title='bbox 3384 899 3574 937; x_wconf 78' lang='lat' dir='ltr'><strong><em>convo-</em></strong></span> 
     </span>
    </p>
   </div>
   <div class='ocr_carea' id='block_1_28' title="bbox 1990 974 3586 1048">
    <p class='ocr_par' dir='ltr' id='par_1_28' title="bbox 1990 974 3586 1048">
     <span class='ocr_line' id='line_1_28' title="bbox 1990 974 3586 1048; baseline 0.001 -18"><span class='ocrx_word' id='word_1_193' title='bbox 1990 983 2130 1030; x_wconf 87' lang='lat' dir='ltr'><strong><em>cato.</em></strong></span> <span class='ocrx_word' id='word_1_194' title='bbox 2163 974 2374 1042; x_wconf 88' lang='lat' dir='ltr'><strong><em>Quibus</em></strong></span> <span class='ocrx_word' id='word_1_195' title='bbox 2421 975 2708 1031; x_wconf 68' lang='lat' dir='ltr'><strong><em>omnibus</em></strong></span> <span class='ocrx_word' id='word_1_196' title='bbox 2729 977 3077 1046; x_wconf 82' lang='lat' dir='ltr'><strong><em>congressis,</em></strong></span> <span class='ocrx_word' id='word_1_197' title='bbox 3109 976 3259 1031; x_wconf 87' lang='lat' dir='ltr'><strong><em>Elias</em></strong></span> <span class='ocrx_word' id='word_1_198' title='bbox 3286 976 3361 1031; x_wconf 88' lang='lat' dir='ltr'><strong><em>ait</em></strong></span> <span class='ocrx_word' id='word_1_199' title='bbox 3390 995 3402 1030; x_wconf 90' lang='lat'>:</span> <span class='ocrx_word' id='word_1_200' title='bbox 3454 977 3586 1048; x_wconf 61' lang='lat' dir='ltr'><strong><em>Ego</em></strong></span> 
     </span>
    </p>
   </div>
   <div class='ocr_carea' id='block_1_29' title="bbox 1989 1058 3585 1139">
    <p class='ocr_par' dir='ltr' id='par_1_29' title="bbox 1989 1058 3585 1139">
     <span class='ocr_line' id='line_1_29' title="bbox 1989 1058 3585 1139; baseline 0.001 -17"><span class='ocrx_word' id='word_1_201' title='bbox 1989 1068 2134 1123; x_wconf 85' lang='lat' dir='ltr'><strong><em>solus</em></strong></span> <span class='ocrx_word' id='word_1_202' title='bbox 2176 1068 2393 1123; x_wconf 89' lang='lat' dir='ltr'><strong><em>Domini</em></strong></span> <span class='ocrx_word' id='word_1_203' title='bbox 2442 1069 2695 1139; x_wconf 78' lang='lat' dir='ltr'><strong><em>propheta</em></strong></span> <span class='ocrx_word' id='word_1_204' title='bbox 2753 1076 3051 1137; x_wconf 79' lang='lat' dir='ltr'><strong><em>superstes:</em></strong></span> <span class='ocrx_word' id='word_1_205' title='bbox 3086 1058 3585 1139; x_wconf 71' lang='lat' dir='ltr'><strong><em>pseudoprophetar</em></strong></span> 
     </span>
    </p>
   </div>
   <div class='ocr_carea' id='block_1_30' title="bbox 1995 1156 3603 1228">
    <p class='ocr_par' dir='ltr' id='par_1_30' title="bbox 1995 1156 3603 1228">
     <span class='ocr_line' id='line_1_30' title="bbox 1995 1156 3603 1228; baseline -0.002 -17"><span class='ocrx_word' id='word_1_206' title='bbox 1995 1168 2174 1212; x_wconf 81' lang='lat' dir='ltr'><strong><em>autem</em></strong></span> <span class='ocrx_word' id='word_1_207' title='bbox 2218 1157 2440 1228; x_wconf 82' lang='lat' dir='ltr'><strong><em>plurimi</em></strong></span> <span class='ocrx_word' id='word_1_208' title='bbox 2477 1166 2622 1214; x_wconf 84' lang='lat' dir='ltr'><strong><em>sunt.</em></strong></span> <span class='ocrx_word' id='word_1_209' title='bbox 2675 1156 2781 1213; x_wconf 84' lang='lat' dir='ltr'><strong><em>Sed</em></strong></span> <span class='ocrx_word' id='word_1_210' title='bbox 2814 1159 2938 1212; x_wconf 85' lang='lat' dir='ltr'><strong><em>date</em></strong></span> <span class='ocrx_word' id='word_1_211' title='bbox 2962 1156 3063 1212; x_wconf 81' lang='lat' dir='ltr'><strong><em>soli</em></strong></span> <span class='ocrx_word' id='word_1_212' title='bbox 3106 1159 3245 1213; x_wconf 77' lang='lat' dir='ltr'><strong><em>mihi</em></strong></span> <span class='ocrx_word' id='word_1_213' title='bbox 3266 1158 3475 1224; x_wconf 81' lang='lat' dir='ltr'><strong><em>b‘orem,</em></strong></span> <span class='ocrx_word' id='word_1_214' title='bbox 3520 1161 3603 1211; x_wconf 65' lang='lat' dir='ltr'><strong><em>rt&#39;</em></strong></span> 
     </span>
    </p>
   </div>
   <div class='ocr_carea' id='block_1_31' title="bbox 1992 1247 3580 1319">
    <p class='ocr_par' dir='ltr' id='par_1_31' title="bbox 1992 1247 3580 1319">
     <span class='ocr_line' id='line_1_31' title="bbox 1992 1247 3580 1319; baseline -0.001 -18"><span class='ocrx_word' id='word_1_215' title='bbox 1992 1248 2100 1303; x_wconf 78' lang='lat' dir='ltr'><strong><em>illis</em></strong></span> <span class='ocrx_word' id='word_1_216' title='bbox 2132 1249 2376 1303; x_wconf 80' lang='lat' dir='ltr'><strong><em>omnibus</em></strong></span> <span class='ocrx_word' id='word_1_217' title='bbox 2404 1247 2654 1315; x_wconf 82' lang='lat' dir='ltr'><strong><em>alterum,</em></strong></span> <span class='ocrx_word' id='word_1_218' title='bbox 2687 1249 2876 1319; x_wconf 77' lang='lat' dir='ltr'><strong>quibus</strong></span> <span class='ocrx_word' id='word_1_219' title='bbox 2901 1248 3212 1312; x_wconf 74' lang='lat' dir='ltr'><strong><em>immolatis,</em></strong></span> <span class='ocrx_word' id='word_1_220' title='bbox 3241 1250 3477 1304; x_wconf 73' lang='lat' dir='ltr'><strong><em>victimas</em></strong></span> <span class='ocrx_word' id='word_1_221' title='bbox 3510 1248 3580 1301; x_wconf 75' lang='lat' dir='ltr'><strong><em>fi-‘</em></strong></span> 
     </span>
    </p>
   </div>
   <div class='ocr_carea' id='block_1_32' title="bbox 1993 1322 3577 1411">
    <p class='ocr_par' dir='ltr' id='par_1_32' title="bbox 1993 1322 3577 1411">
     <span class='ocr_line' id='line_1_32' title="bbox 1993 1322 3577 1411; baseline -0.001 -18"><span class='ocrx_word' id='word_1_222' title='bbox 1993 1343 2110 1411; x_wconf 84' lang='lat' dir='ltr'><strong><em>gm‘s</em></strong></span> <span class='ocrx_word' id='word_1_223' title='bbox 2139 1339 2495 1406; x_wconf 79' lang='lat' dir='ltr'><strong><em>imponamus,</em></strong></span> <span class='ocrx_word' id='word_1_224' title='bbox 2524 1341 2645 1411; x_wconf 83' lang='lat' dir='ltr'><strong><em>igne</em></strong></span> <span class='ocrx_word' id='word_1_225' title='bbox 2673 1356 2777 1395; x_wconf 84' lang='lat' dir='ltr'><strong><em>non</em></strong></span> <span class='ocrx_word' id='word_1_226' title='bbox 2804 1340 3068 1403; x_wconf 81' lang='lat' dir='ltr'><strong><em>adhibito,</em></strong></span> <span class='ocrx_word' id='word_1_227' title='bbox 3087 1322 3324 1393; x_wconf 73' lang='lat' dir='ltr'><strong><em>ossuum</em></strong></span> <span class='ocrx_word' id='word_1_228' title='bbox 3351 1340 3577 1411; x_wconf 78' lang='lat' dir='ltr'><strong><em>quisque</em></strong></span> 
     </span>
    </p>
   </div>
   <div class='ocr_carea' id='block_1_33' title="bbox 1996 1428 3574 1502">
    <p class='ocr_par' dir='ltr' id='par_1_33' title="bbox 1996 1428 3574 1502">
     <span class='ocr_line' id='line_1_33' title="bbox 1996 1428 3574 1502; baseline -0.002 -17"><span class='ocrx_word' id='word_1_229' title='bbox 1996 1431 2166 1486; x_wconf 87' lang='lat' dir='ltr'><strong><em>Deum</em></strong></span> <span class='ocrx_word' id='word_1_230' title='bbox 2195 1433 2458 1487; x_wconf 83' lang='lat' dir='ltr'><strong><em>invocato.</em></strong></span> <span class='ocrx_word' id='word_1_231' title='bbox 2484 1431 2524 1484; x_wconf 80' lang='grc' dir='ltr'><strong><em>Α</em></strong></span> <span class='ocrx_word' id='word_1_232' title='bbox 2562 1448 2665 1501; x_wconf 80' lang='lat' dir='ltr'><strong><em>quo</em></strong></span> <span class='ocrx_word' id='word_1_233' title='bbox 2700 1440 2881 1486; x_wconf 87' lang='lat' dir='ltr'><strong><em>autem</em></strong></span> <span class='ocrx_word' id='word_1_234' title='bbox 2906 1432 3045 1502; x_wconf 85' lang='lat' dir='ltr'><strong><em>ignis</em></strong></span> <span class='ocrx_word' id='word_1_235' title='bbox 3084 1429 3226 1484; x_wconf 82' lang='lat' dir='ltr'><strong><em>ultro</em></strong></span> <span class='ocrx_word' id='word_1_236' title='bbox 3277 1428 3574 1501; x_wconf 69' lang='lat' dir='ltr'><strong><em>eﬂ‘ulserit;</em></strong></span> 
     </span>
    </p>
   </div>
   <div class='ocr_carea' id='block_1_34' title="bbox 1994 1520 3585 1594">
    <p class='ocr_par' dir='ltr' id='par_1_34' title="bbox 1994 1520 3585 1594">
     <span class='ocr_line' id='line_1_34' title="bbox 1994 1520 3585 1594; baseline -0.003 -18"><span class='ocrx_word' id='word_1_237' title='bbox 1994 1531 2046 1577; x_wconf 86' lang='lat' dir='ltr'><strong><em>et</em></strong></span> <span class='ocrx_word' id='word_1_238' title='bbox 2089 1522 2236 1594; x_wconf 79' lang='lat' dir='ltr'><strong><em>ligna</em></strong></span> <span class='ocrx_word' id='word_1_239' title='bbox 2288 1539 2409 1577; x_wconf 86' lang='lat' dir='ltr'><strong><em>cum</em></strong></span> <span class='ocrx_word' id='word_1_240' title='bbox 2458 1523 2684 1578; x_wconf 82' lang='lat' dir='ltr'><strong><em>victimis</em></strong></span> <span class='ocrx_word' id='word_1_241' title='bbox 2725 1523 2995 1589; x_wconf 87' lang='lat' dir='ltr'><strong><em>cremarit,</em></strong></span> <span class='ocrx_word' id='word_1_242' title='bbox 3028 1522 3073 1576; x_wconf 90' lang='lat' dir='ltr'><strong><em>is</em></strong></span> <span class='ocrx_word' id='word_1_243' title='bbox 3116 1535 3271 1575; x_wconf 82' lang='lat' dir='ltr'><strong><em>verus</em></strong></span> <span class='ocrx_word' id='word_1_244' title='bbox 3309 1520 3585 1591; x_wconf 71' lang='lat' dir='ltr'><strong><em>iudicetur</em></strong></span> 
     </span>
    </p>
   </div>
   <div class='ocr_carea' id='block_1_35' title="bbox 1995 1610 3570 1687">
    <p class='ocr_par' dir='ltr' id='par_1_35' title="bbox 1995 1610 3570 1687">
     <span class='ocr_line' id='line_1_35' title="bbox 1995 1610 3570 1687; baseline -0.001 -18"><span class='ocrx_word' id='word_1_245' title='bbox 1995 1615 2158 1670; x_wconf 84' lang='lat' dir='ltr'><strong><em>Deus.</em></strong></span> <span class='ocrx_word' id='word_1_246' title='bbox 2181 1613 2296 1671; x_wconf 84' lang='lat' dir='ltr'><strong><em>Hac</em></strong></span> <span class='ocrx_word' id='word_1_247' title='bbox 2315 1615 2567 1671; x_wconf 89' lang='lat' dir='ltr'><strong><em>oratione</em></strong></span> <span class='ocrx_word' id='word_1_248' title='bbox 2592 1631 2622 1670; x_wconf 89' lang='lat' dir='ltr'><strong><em>a</em></strong></span> <span class='ocrx_word' id='word_1_249' title='bbox 2647 1616 2852 1687; x_wconf 89' lang='lat' dir='ltr'><strong><em>populo</em></strong></span> <span class='ocrx_word' id='word_1_250' title='bbox 2879 1614 3192 1672; x_wconf 82' lang='lat' dir='ltr'><strong><em>collaudata</em></strong></span> <span class='ocrx_word' id='word_1_251' title='bbox 3208 1653 3226 1680; x_wconf 94' lang='lat'><strong><em>,</em></strong></span> <span class='ocrx_word' id='word_1_252' title='bbox 3256 1610 3382 1669; x_wconf 85' lang='lat' dir='ltr'><strong><em>cuin</em></strong></span> <span class='ocrx_word' id='word_1_253' title='bbox 3416 1613 3570 1684; x_wconf 86' lang='lat' dir='ltr'><strong><em>igno-</em></strong></span> 
     </span>
    </p>
   </div>
   <div class='ocr_carea' id='block_1_36' title="bbox 1997 1707 3584 1776">
    <p class='ocr_par' dir='ltr' id='par_1_36' title="bbox 1997 1707 3584 1776">
     <span class='ocr_line' id='line_1_36' title="bbox 1997 1707 3584 1776; baseline -0.003 -13"><span class='ocrx_word' id='word_1_254' title='bbox 1997 1708 2181 1763; x_wconf 76' lang='lat' dir='ltr'><strong><em>miniae</em></strong></span> <span class='ocrx_word' id='word_1_255' title='bbox 2208 1708 2525 1765; x_wconf 84' lang='lat' dir='ltr'><strong><em>sacerdotes</em></strong></span> <span class='ocrx_word' id='word_1_256' title='bbox 2558 1709 2632 1765; x_wconf 90' lang='lat' dir='ltr'><strong><em>ita</em></strong></span> <span class='ocrx_word' id='word_1_257' title='bbox 2670 1709 2952 1772; x_wconf 85' lang='lat' dir='ltr'><strong><em>fecissent,</em></strong></span> <span class='ocrx_word' id='word_1_258' title='bbox 2986 1716 3066 1776; x_wconf 91' lang='lat' dir='ltr'><strong><em>et,</em></strong></span> <span class='ocrx_word' id='word_1_259' title='bbox 3095 1707 3274 1763; x_wconf 86' lang='lat' dir='ltr'><strong><em>vitulo</em></strong></span> <span class='ocrx_word' id='word_1_260' title='bbox 3330 1715 3584 1762; x_wconf 84' lang='lat' dir='ltr'><strong><em>mactato</em></strong></span> 
     </span>
    </p>
   </div>
   <div class='ocr_carea' id='block_1_37' title="bbox 1997 1798 3576 1872">
    <p class='ocr_par' dir='ltr' id='par_1_37' title="bbox 1997 1798 3576 1872">
     <span class='ocr_line' id='line_1_37' title="bbox 1997 1798 3576 1872; baseline -0.002 -16"><span class='ocrx_word' id='word_1_261' title='bbox 1997 1816 2063 1857; x_wconf 86' lang='lat' dir='ltr'><strong><em>ac</em></strong></span> <span class='ocrx_word' id='word_1_262' title='bbox 2094 1801 2216 1857; x_wconf 91' lang='lat' dir='ltr'><strong><em>sine</em></strong></span> <span class='ocrx_word' id='word_1_263' title='bbox 2241 1802 2365 1872; x_wconf 86' lang='lat' dir='ltr'><strong><em>igne</em></strong></span> <span class='ocrx_word' id='word_1_264' title='bbox 2393 1800 2560 1872; x_wconf 89' lang='lat' dir='ltr'><strong><em>lignis</em></strong></span> <span class='ocrx_word' id='word_1_265' title='bbox 2585 1801 2864 1871; x_wconf 82' lang='lat' dir='ltr'><strong><em>imposito,</em></strong></span> <span class='ocrx_word' id='word_1_266' title='bbox 2895 1800 3110 1856; x_wconf 85' lang='lat' dir='ltr'><strong><em>Baalem</em></strong></span> <span class='ocrx_word' id='word_1_267' title='bbox 3138 1816 3169 1855; x_wconf 90' lang='lat' dir='ltr'><strong><em>a</em></strong></span> <span class='ocrx_word' id='word_1_268' title='bbox 3199 1798 3447 1854; x_wconf 85' lang='lat' dir='ltr'><strong><em>diluculo</em></strong></span> <span class='ocrx_word' id='word_1_269' title='bbox 3481 1813 3576 1853; x_wconf 87' lang='lat' dir='ltr'><strong><em>us-</em></strong></span> 
     </span>
    </p>
   </div>
   <div class='ocr_carea' id='block_1_38' title="bbox 1999 1892 3575 1965">
    <p class='ocr_par' dir='ltr' id='par_1_38' title="bbox 1999 1892 3575 1965">
     <span class='ocr_line' id='line_1_38' title="bbox 1999 1892 3575 1965; baseline -0.002 -16"><span class='ocrx_word' id='word_1_270' title='bbox 1999 1911 2106 1965; x_wconf 88' lang='lat' dir='ltr'><strong><em>que</em></strong></span> <span class='ocrx_word' id='word_1_271' title='bbox 2142 1895 2209 1950; x_wconf 87' lang='lat' dir='ltr'><strong><em>ad</em></strong></span> <span class='ocrx_word' id='word_1_272' title='bbox 2249 1895 2535 1949; x_wconf 80' lang='lat' dir='ltr'><strong><em>meridiem</em></strong></span> <span class='ocrx_word' id='word_1_273' title='bbox 2585 1895 2949 1954; x_wconf 81' lang='lat' dir='ltr'><strong><em>invocassent.</em></strong></span> <span class='ocrx_word' id='word_1_274' title='bbox 2987 1894 3260 1964; x_wconf 86' lang='lat' dir='ltr'><strong><em>prepbeta</em></strong></span> <span class='ocrx_word' id='word_1_275' title='bbox 3296 1907 3395 1963; x_wconf 89' lang='lat' dir='ltr'><strong><em>per</em></strong></span> <span class='ocrx_word' id='word_1_276' title='bbox 3419 1892 3575 1947; x_wconf 88' lang='lat' dir='ltr'><strong><em>deri-</em></strong></span> 
     </span>
    </p>
   </div>
   <div class='ocr_carea' id='block_1_39' title="bbox 1999 1984 3573 2056">
    <p class='ocr_par' dir='ltr' id='par_1_39' title="bbox 1999 1984 3573 2056">
     <span class='ocr_line' id='line_1_39' title="bbox 1999 1984 3573 2056; baseline -0.004 -12"><span class='ocrx_word' id='word_1_277' title='bbox 1999 2003 2122 2044; x_wconf 90' lang='lat' dir='ltr'><strong><em>sum</em></strong></span> <span class='ocrx_word' id='word_1_278' title='bbox 2148 2003 2245 2043; x_wconf 83' lang='lat' dir='ltr'><strong><em>eos</em></strong></span> <span class='ocrx_word' id='word_1_279' title='bbox 2287 1987 2580 2053; x_wconf 82' lang='lat' dir='ltr'><strong><em>hortatur,</em></strong></span> <span class='ocrx_word' id='word_1_280' title='bbox 2617 1998 2676 2041; x_wconf 90' lang='lat' dir='ltr'><strong><em>ut</em></strong></span> <span class='ocrx_word' id='word_1_281' title='bbox 2707 2001 2963 2056; x_wconf 87' lang='lat' dir='ltr'><strong><em>magnum</em></strong></span> <span class='ocrx_word' id='word_1_282' title='bbox 3015 1984 3492 2051; x_wconf 78' lang='lat' dir='ltr'><strong><em>vociferarentur,</em></strong></span> <span class='ocrx_word' id='word_1_283' title='bbox 3528 1999 3573 2038; x_wconf 83' lang='lat' dir='ltr'><strong><em>st</em></strong></span> 
     </span>
    </p>
   </div>
   <div class='ocr_carea' id='block_1_40' title="bbox 302 2075 1895 2151">
    <p class='ocr_par' dir='ltr' id='par_1_40' title="bbox 302 2078 1895 2151">
     <span class='ocr_line' id='line_1_40' title="bbox 302 2078 1895 2151; baseline 0.004 -22"><span class='ocrx_word' id='word_1_284' title='bbox 302 2094 408 2145; x_wconf 81' lang='grc' dir='ltr'>μοι</span> <span class='ocrx_word' id='word_1_285' title='bbox 434 2080 604 2145; x_wconf 83' lang='grc' dir='ltr'>μόνῳ</span> <span class='ocrx_word' id='word_1_286' title='bbox 626 2078 807 2142; x_wconf 78' lang='grc' dir='ltr'>βοῦν,</span> <span class='ocrx_word' id='word_1_287' title='bbox 844 2079 943 2132; x_wconf 78' lang='grc' dir='ltr'><strong><em>καί</em></strong></span> <span class='ocrx_word' id='word_1_288' title='bbox 996 2079 1204 2146; x_wconf 85' lang='grc' dir='ltr'>αὐτοῖς</span> <span class='ocrx_word' id='word_1_289' title='bbox 1251 2079 1483 2135; x_wconf 77' lang='grc' dir='ltr'>ἅπασιν</span> <span class='ocrx_word' id='word_1_290' title='bbox 1513 2080 1741 2151; x_wconf 81' lang='grc' dir='ltr'>ἕτερον,</span> <span class='ocrx_word' id='word_1_291' title='bbox 1799 2082 1895 2137; x_wconf 81' lang='grc' dir='ltr'><strong><em>καί</em></strong></span> 
     </span>
    </p>
   </div>
   <div class='ocr_carea' id='block_1_41' title="bbox 1998 2075 3582 2151">
    <p class='ocr_par' dir='ltr' id='par_1_41' title="bbox 2001 2075 3582 2145">
     <span class='ocr_line' id='line_1_41' title="bbox 2001 2075 3582 2145; baseline -0.004 -10"><span class='ocrx_word' id='word_1_292' title='bbox 2001 2080 2233 2135; x_wconf 81' lang='lat' dir='ltr'><strong><em>forsitan</em></strong></span> <span class='ocrx_word' id='word_1_293' title='bbox 2256 2079 2586 2136; x_wconf 88' lang='lat' dir='ltr'><strong><em>dormitaret</em></strong></span> <span class='ocrx_word' id='word_1_294' title='bbox 2613 2078 2831 2133; x_wconf 92' lang='lat' dir='ltr'><strong><em>illorum</em></strong></span> <span class='ocrx_word' id='word_1_295' title='bbox 2868 2077 3028 2140; x_wconf 86' lang='lat' dir='ltr'><strong><em>deus,</em></strong></span> <span class='ocrx_word' id='word_1_296' title='bbox 3062 2085 3156 2131; x_wconf 85' lang='lat' dir='ltr'><strong><em>aut</em></strong></span> <span class='ocrx_word' id='word_1_297' title='bbox 3194 2076 3318 2132; x_wconf 86' lang='lat' dir='ltr'><strong><em>aliis</em></strong></span> <span class='ocrx_word' id='word_1_298' title='bbox 3338 2075 3582 2145; x_wconf 82' lang='lat' dir='ltr'><strong><em>negotiis</em></strong></span> 
     </span>
    </p>
   </div>
   <div class='ocr_carea' id='block_1_42' title="bbox 309 2168 1895 2243">
    <p class='ocr_par' dir='ltr' id='par_1_42' title="bbox 309 2168 1893 2243">
     <span class='ocr_line' id='line_1_42' title="bbox 309 2168 1893 2243; baseline 0.003 -21"><span class='ocrx_word' id='word_1_299' title='bbox 309 2171 613 2234; x_wconf 78' lang='grc' dir='ltr'>θύσαντες</span> <span class='ocrx_word' id='word_1_300' title='bbox 643 2168 787 2236; x_wconf 82' lang='grc' dir='ltr'>τοὺς</span> <span class='ocrx_word' id='word_1_301' title='bbox 812 2170 992 2237; x_wconf 79' lang='grc' dir='ltr'>βόας,</span> <span class='ocrx_word' id='word_1_302' title='bbox 1042 2169 1340 2240; x_wconf 74' lang='grc' dir='ltr'>ἐπιθῶμεν</span> <span class='ocrx_word' id='word_1_303' title='bbox 1370 2170 1583 2239; x_wconf 77' lang='grc' dir='ltr'>ξύλοις</span> <span class='ocrx_word' id='word_1_304' title='bbox 1607 2172 1680 2226; x_wconf 85' lang='grc' dir='ltr'>τὰ</span> <span class='ocrx_word' id='word_1_305' title='bbox 1709 2174 1893 2243; x_wconf 74' lang='grc' dir='ltr'>θύμα·</span> 
     </span>
    </p>
   </div>
   <div class='ocr_carea' id='block_1_43' title="bbox 1998 2168 3583 2243">
    <p class='ocr_par' dir='ltr' id='par_1_43' title="bbox 1998 2168 3583 2243">
     <span class='ocr_line' id='line_1_43' title="bbox 1998 2168 3583 2243; baseline -0.004 -14"><span class='ocrx_word' id='word_1_306' title='bbox 1998 2180 2480 2243; x_wconf 82' lang='lat' dir='ltr'><strong><em>essetoccupatus.</em></strong></span> <span class='ocrx_word' id='word_1_307' title='bbox 2498 2171 2637 2228; x_wconf 89' lang='lat' dir='ltr'><strong><em>Cum</em></strong></span> <span class='ocrx_word' id='word_1_308' title='bbox 2665 2182 2850 2227; x_wconf 90' lang='lat' dir='ltr'><strong><em>autem</em></strong></span> <span class='ocrx_word' id='word_1_309' title='bbox 2874 2172 3090 2226; x_wconf 84' lang='lat' dir='ltr'><strong><em>assidue</em></strong></span> <span class='ocrx_word' id='word_1_310' title='bbox 3115 2169 3412 2242; x_wconf 81' lang='lat' dir='ltr'><strong><em>ﬂagitando</em></strong></span> <span class='ocrx_word' id='word_1_311' title='bbox 3436 2168 3583 2223; x_wconf 80' lang='lat' dir='ltr'><strong><em>nihil-</em></strong></span> 
     </span>
    </p>
   </div>
   <div class='ocr_carea' id='block_1_44' title="bbox 308 2259 1895 2338">
    <p class='ocr_par' dir='ltr' id='par_1_44' title="bbox 308 2259 1892 2333">
     <span class='ocr_line' id='line_1_44' title="bbox 308 2259 1892 2333; baseline 0.005 -22"><span class='ocrx_word' id='word_1_312' title='bbox 308 2275 418 2312; x_wconf 77' lang='grc' dir='ltr'>τα·</span> <span class='ocrx_word' id='word_1_313' title='bbox 456 2260 578 2329; x_wconf 81' lang='grc' dir='ltr'>πῦρ</span> <span class='ocrx_word' id='word_1_314' title='bbox 614 2259 684 2314; x_wconf 78' lang='grc' dir='ltr'><strong><em>δέ</em></strong></span> <span class='ocrx_word' id='word_1_315' title='bbox 719 2276 789 2329; x_wconf 80' lang='grc' dir='ltr'>τε</span> <span class='ocrx_word' id='word_1_316' title='bbox 826 2260 912 2330; x_wconf 79' lang='grc' dir='ltr'><em>μὴ</em></span> <span class='ocrx_word' id='word_1_317' title='bbox 971 2260 1388 2331; x_wconf 77' lang='grc' dir='ltr'>ἐπενέγκωμεν</span> <span class='ocrx_word' id='word_1_318' title='bbox 1417 2279 1432 2294; x_wconf 72' lang='grc' dir='ltr'>σ</span> <span class='ocrx_word' id='word_1_319' title='bbox 1488 2265 1585 2317; x_wconf 73' lang='grc' dir='ltr'><strong><em>καί</em></strong></span> <span class='ocrx_word' id='word_1_320' title='bbox 1634 2264 1892 2333; x_wconf 73' lang='grc' dir='ltr'>ἕκαστος</span> 
     </span>
    </p>
   </div>
   <div class='ocr_carea' id='block_1_45' title="bbox 1998 2259 3681 2338">
    <p class='ocr_par' dir='ltr' id='par_1_45' title="bbox 2001 2262 3681 2338">
     <span class='ocr_line' id='line_1_45' title="bbox 2001 2262 3681 2338; baseline -0.004 -17"><span class='ocrx_word' id='word_1_321' title='bbox 2001 2267 2361 2338; x_wconf 83' lang='lat' dir='ltr'><strong><em>proﬁcerent,</em></strong></span> <span class='ocrx_word' id='word_1_322' title='bbox 2397 2266 2669 2337; x_wconf 82' lang='lat' dir='ltr'><strong><em>propheta</em></strong></span> <span class='ocrx_word' id='word_1_323' title='bbox 2703 2264 2997 2319; x_wconf 83' lang='lat' dir='ltr'><strong><em>duodecim</em></strong></span> <span class='ocrx_word' id='word_1_324' title='bbox 3026 2263 3171 2318; x_wconf 79' lang='lat' dir='ltr'><strong><em>saxis</em></strong></span> <span class='ocrx_word' id='word_1_325' title='bbox 3197 2278 3297 2334; x_wconf 92' lang='lat' dir='ltr'><strong><em>pro</em></strong></span> <span class='ocrx_word' id='word_1_326' title='bbox 3331 2262 3581 2317; x_wconf 85' lang='lat' dir='ltr'><strong><em>tribuum</em></strong></span> <span class='ocrx_word' id='word_1_327' title='bbox 3672 2310 3681 2323; x_wconf 47' lang='grc' dir='ltr'><strong>η</strong></span> 
     </span>
    </p>
   </div>
   <div class='ocr_carea' id='block_1_46' title="bbox 234 2338 1891 2422">
    <p class='ocr_par' dir='ltr' id='par_1_46' title="bbox 234 2338 1891 2422">
     <span class='ocr_line' id='line_1_46' title="bbox 234 2338 1891 2422; baseline 0.005 -21"><span class='ocrx_word' id='word_1_328' title='bbox 234 2338 243 2351; x_wconf 76' lang='grc'><em>’</em></span> <span class='ocrx_word' id='word_1_329' title='bbox 305 2349 712 2404; x_wconf 76' lang='grc' dir='ltr'>ἐπικαλείσθω</span> <span class='ocrx_word' id='word_1_330' title='bbox 743 2350 851 2404; x_wconf 84' lang='grc' dir='ltr'>τὸν</span> <span class='ocrx_word' id='word_1_331' title='bbox 876 2350 1102 2406; x_wconf 69' lang='grc' dir='ltr'>οἰκεῖον</span> <span class='ocrx_word' id='word_1_332' title='bbox 1129 2350 1298 2417; x_wconf 84' lang='grc' dir='ltr'>Θεὸν,</span> <span class='ocrx_word' id='word_1_333' title='bbox 1328 2351 1426 2406; x_wconf 73' lang='grc' dir='ltr'><strong><em>καὶ</em></strong></span> <span class='ocrx_word' id='word_1_334' title='bbox 1450 2353 1552 2422; x_wconf 66' lang='grc' dir='ltr'><strong><em>ὑφ’</em></strong></span> <span class='ocrx_word' id='word_1_335' title='bbox 1579 2350 1652 2411; x_wconf 84' lang='grc' dir='ltr'><strong><em>οὗ</em></strong></span> <span class='ocrx_word' id='word_1_336' title='bbox 1685 2355 1763 2409; x_wconf 80' lang='grc' dir='ltr'>ἂν</span> <span class='ocrx_word' id='word_1_337' title='bbox 1787 2358 1891 2409; x_wconf 83' lang='grc' dir='ltr'><strong><em>αὐ-</em></strong></span> 
     </span>
    </p>
   </div>
   <div class='ocr_carea' id='block_1_47' title="bbox 309 2441 1893 2514">
    <p class='ocr_par' dir='ltr' id='par_1_47' title="bbox 309 2441 1893 2514">
     <span class='ocr_line' id='line_1_47' title="bbox 309 2441 1893 2514; baseline 0.003 -19"><span class='ocrx_word' id='word_1_338' title='bbox 309 2442 574 2510; x_wconf 80' lang='grc' dir='ltr'>τόματον</span> <span class='ocrx_word' id='word_1_339' title='bbox 599 2442 722 2511; x_wconf 81' lang='grc' dir='ltr'>πῦρ</span> <span class='ocrx_word' id='word_1_340' title='bbox 741 2441 1047 2511; x_wconf 68' lang='grc' dir='ltr'><strong><em>ἐκλάμψῃ,</em></strong></span> <span class='ocrx_word' id='word_1_341' title='bbox 1079 2443 1177 2497; x_wconf 77' lang='grc' dir='ltr'><strong><em>καί</em></strong></span> <span class='ocrx_word' id='word_1_342' title='bbox 1209 2446 1564 2514; x_wconf 73' lang='grc' dir='ltr'>κατακαύσῃ</span> <span class='ocrx_word' id='word_1_343' title='bbox 1615 2446 1690 2500; x_wconf 85' lang='grc' dir='ltr'>τὰ</span> <span class='ocrx_word' id='word_1_344' title='bbox 1731 2448 1893 2511; x_wconf 79' lang='grc' dir='ltr'>ξύλα</span> 
     </span>
    </p>
   </div>
   <div class='ocr_carea' id='block_1_48' title="bbox 306 2532 1890 2609">
    <p class='ocr_par' dir='ltr' id='par_1_48' title="bbox 306 2532 1890 2609">
     <span class='ocr_line' id='line_1_48' title="bbox 306 2532 1890 2609; baseline 0.006 -22"><span class='ocrx_word' id='word_1_345' title='bbox 306 2550 376 2587; x_wconf 81' lang='grc' dir='ltr'><strong><em>τε</em></strong></span> <span class='ocrx_word' id='word_1_346' title='bbox 412 2534 513 2587; x_wconf 81' lang='grc' dir='ltr'>καὶ</span> <span class='ocrx_word' id='word_1_347' title='bbox 545 2536 618 2588; x_wconf 86' lang='grc' dir='ltr'>τὰ</span> <span class='ocrx_word' id='word_1_348' title='bbox 658 2534 906 2603; x_wconf 83' lang='grc' dir='ltr'>θύματα,</span> <span class='ocrx_word' id='word_1_349' title='bbox 932 2532 1162 2600; x_wconf 79' lang='grc' dir='ltr'>ἐκεῖνος</span> <span class='ocrx_word' id='word_1_350' title='bbox 1208 2535 1530 2606; x_wconf 76' lang='grc' dir='ltr'>λογιζέσθω</span> <span class='ocrx_word' id='word_1_351' title='bbox 1561 2539 1706 2606; x_wconf 84' lang='grc' dir='ltr'>Θεὸς</span> <span class='ocrx_word' id='word_1_352' title='bbox 1738 2540 1890 2609; x_wconf 80' lang='grc' dir='ltr'>ἀλη-</span> 
     </span>
    </p>
   </div>
   <div class='ocr_carea' id='block_1_49' title="bbox 308 2624 1890 2706">
    <p class='ocr_par' dir='ltr' id='par_1_49' title="bbox 308 2624 1890 2706">
     <span class='ocr_line' id='line_1_49' title="bbox 308 2624 1890 2706; baseline 0.006 -27"><span class='ocrx_word' id='word_1_353' title='bbox 308 2624 444 2692; x_wconf 71' lang='grc' dir='ltr'>θής.</span> <span class='ocrx_word' id='word_1_354' title='bbox 483 2625 747 2695; x_wconf 79' lang='grc' dir='ltr'>Ἐπῄνεσε</span> <span class='ocrx_word' id='word_1_355' title='bbox 772 2627 832 2680; x_wconf 76' lang='grc' dir='ltr'>τὸ</span> <span class='ocrx_word' id='word_1_356' title='bbox 858 2626 1065 2698; x_wconf 87' lang='grc' dir='ltr'>πλῆθος</span> <span class='ocrx_word' id='word_1_357' title='bbox 1094 2627 1218 2691; x_wconf 80' lang='grc' dir='ltr'>τοὺς</span> <span class='ocrx_word' id='word_1_358' title='bbox 1248 2628 1463 2698; x_wconf 82' lang='grc' dir='ltr'>λόγους,</span> <span class='ocrx_word' id='word_1_359' title='bbox 1500 2632 1595 2684; x_wconf 68' lang='grc' dir='ltr'>καὶ</span> <span class='ocrx_word' id='word_1_360' title='bbox 1623 2633 1890 2706; x_wconf 79' lang='grc' dir='ltr'>ἐποίησαν</span> 
     </span>
    </p>
   </div>
   <div class='ocr_carea' id='block_1_50' title="bbox 306 2718 1890 2791">
    <p class='ocr_par' dir='ltr' id='par_1_50' title="bbox 306 2718 1890 2791">
     <span class='ocr_line' id='line_1_50' title="bbox 306 2718 1890 2791; baseline 0.008 -19"><span class='ocrx_word' id='word_1_361' title='bbox 306 2718 487 2781; x_wconf 76' lang='grc' dir='ltr'>οὕτως</span> <span class='ocrx_word' id='word_1_362' title='bbox 517 2721 567 2772; x_wconf 88' lang='grc' dir='ltr'>οἱ</span> <span class='ocrx_word' id='word_1_363' title='bbox 625 2719 792 2789; x_wconf 72' lang='grc' dir='ltr'>ἱερεῖς</span> <span class='ocrx_word' id='word_1_364' title='bbox 846 2718 944 2788; x_wconf 84' lang='grc' dir='ltr'>τῆς</span> <span class='ocrx_word' id='word_1_365' title='bbox 978 2719 1279 2790; x_wconf 76' lang='grc' dir='ltr'>αἰσχύνης,</span> <span class='ocrx_word' id='word_1_366' title='bbox 1328 2723 1424 2776; x_wconf 79' lang='grc' dir='ltr'><strong><em>καὶ</em></strong></span> <span class='ocrx_word' id='word_1_367' title='bbox 1474 2722 1735 2791; x_wconf 82' lang='grc' dir='ltr'>θύσαντες</span> <span class='ocrx_word' id='word_1_368' title='bbox 1796 2730 1890 2783; x_wconf 75' lang='grc' dir='ltr'>τὸν</span> 
     </span>
    </p>
   </div>
   <div class='ocr_carea' id='block_1_51' title="bbox 312 2810 1893 2888">
    <p class='ocr_par' dir='ltr' id='par_1_51' title="bbox 312 2810 1893 2888">
     <span class='ocr_line' id='line_1_51' title="bbox 312 2810 1893 2888; baseline -0.001 -23"><span class='ocrx_word' id='word_1_369' title='bbox 312 2814 538 2882; x_wconf 81' lang='grc' dir='ltr'>μόσχον,</span> <span class='ocrx_word' id='word_1_370' title='bbox 577 2812 675 2866; x_wconf 80' lang='grc' dir='ltr'><strong><em>καὶ</em></strong></span> <span class='ocrx_word' id='word_1_371' title='bbox 712 2810 993 2875; x_wconf 78' lang='grc' dir='ltr'>ἐπιθέντες</span> <span class='ocrx_word' id='word_1_372' title='bbox 1028 2815 1209 2880; x_wconf 81' lang='grc' dir='ltr'>ξύλοις</span> <span class='ocrx_word' id='word_1_373' title='bbox 1268 2819 1396 2869; x_wconf 82' lang='grc' dir='ltr'>ἄνευ</span> <span class='ocrx_word' id='word_1_374' title='bbox 1452 2818 1645 2888; x_wconf 78' lang='grc' dir='ltr'>πυρὸς,</span> <span class='ocrx_word' id='word_1_375' title='bbox 1689 2823 1893 2877; x_wconf 77' lang='grc' dir='ltr'>ἐπεκα.</span> 
     </span>
    </p>
   </div>
   <div class='ocr_carea' id='block_1_52' title="bbox 308 2902 1890 2988">
    <p class='ocr_par' dir='ltr' id='par_1_52' title="bbox 308 2902 1890 2988">
     <span class='ocr_line' id='line_1_52' title="bbox 308 2902 1890 2988; baseline 0.009 -32"><span class='ocrx_word' id='word_1_376' title='bbox 308 2902 504 2956; x_wconf 76' lang='grc' dir='ltr'>λούντο</span> <span class='ocrx_word' id='word_1_377' title='bbox 543 2902 636 2957; x_wconf 79' lang='grc' dir='ltr'>τὸν</span> <span class='ocrx_word' id='word_1_378' title='bbox 686 2903 836 2957; x_wconf 76' lang='grc' dir='ltr'>Βαὰλ</span> <span class='ocrx_word' id='word_1_379' title='bbox 865 2906 1109 2975; x_wconf 80' lang='grc' dir='ltr'>πρωῖθεν</span> <span class='ocrx_word' id='word_1_380' title='bbox 1140 2909 1219 2971; x_wconf 80' lang='grc' dir='ltr'>εις</span> <span class='ocrx_word' id='word_1_381' title='bbox 1252 2907 1624 2982; x_wconf 82' lang='grc' dir='ltr'>μεσημϐρίαν.</span> <span class='ocrx_word' id='word_1_382' title='bbox 1659 2913 1890 2988; x_wconf 86' lang='grc' dir='ltr'>Μυκτη-</span> 
     </span>
    </p>
   </div>
   <div class='ocr_carea' id='block_1_53' title="bbox 313 2997 1892 3079">
    <p class='ocr_par' dir='ltr' id='par_1_53' title="bbox 313 2997 1892 3079">
     <span class='ocr_line' id='line_1_53' title="bbox 313 2997 1892 3079; baseline 0.011 -30"><span class='ocrx_word' id='word_1_383' title='bbox 313 2998 482 3067; x_wconf 80' lang='grc' dir='ltr'>ρίζων</span> <span class='ocrx_word' id='word_1_384' title='bbox 510 2997 569 3051; x_wconf 81' lang='grc' dir='ltr'><strong><em>δὲ</em></strong></span> <span class='ocrx_word' id='word_1_385' title='bbox 628 2999 828 3062; x_wconf 79' lang='grc' dir='ltr'>αὐτοὺς</span> <span class='ocrx_word' id='word_1_386' title='bbox 880 3002 908 3054; x_wconf 99' lang='lat'><strong><em>6</em></strong></span> <span class='ocrx_word' id='word_1_387' title='bbox 963 3003 1275 3075; x_wconf 69' lang='grc' dir='ltr'>προφήτης,</span> <span class='ocrx_word' id='word_1_388' title='bbox 1333 3005 1478 3075; x_wconf 82' lang='grc' dir='ltr'>μέγα</span> <span class='ocrx_word' id='word_1_389' title='bbox 1524 3005 1654 3079; x_wconf 83' lang='grc' dir='ltr'>βοᾷν</span> <span class='ocrx_word' id='word_1_390' title='bbox 1704 3010 1892 3076; x_wconf 84' lang='grc' dir='ltr'>αὐτοῖς</span> 
     </span>
    </p>
   </div>
   <div class='ocr_carea' id='block_1_54' title="bbox 310 3091 1893 3174">
    <p class='ocr_par' dir='ltr' id='par_1_54' title="bbox 310 3091 1893 3174">
     <span class='ocr_line' id='line_1_54' title="bbox 310 3091 1893 3174; baseline 0.007 -28"><span class='ocrx_word' id='word_1_391' title='bbox 310 3091 693 3156; x_wconf 85' lang='grc' dir='ltr'>συνεϐούλευε,</span> <span class='ocrx_word' id='word_1_392' title='bbox 730 3094 805 3162; x_wconf 91' lang='grc' dir='ltr'><strong><em>μή</em></strong></span> <span class='ocrx_word' id='word_1_393' title='bbox 832 3109 961 3147; x_wconf 83' lang='grc' dir='ltr'>ποτε</span> <span class='ocrx_word' id='word_1_394' title='bbox 993 3093 1230 3165; x_wconf 81' lang='grc' dir='ltr'>καθεύδῃ</span> <span class='ocrx_word' id='word_1_395' title='bbox 1284 3096 1472 3161; x_wconf 81' lang='grc' dir='ltr'>αὐτοῖς</span> <span class='ocrx_word' id='word_1_396' title='bbox 1512 3100 1539 3153; x_wconf 90' lang='lat'><strong><em>6</em></strong></span> <span class='ocrx_word' id='word_1_397' title='bbox 1569 3098 1709 3166; x_wconf 78' lang='grc' dir='ltr'>θεὸς,</span> <span class='ocrx_word' id='word_1_398' title='bbox 1744 3102 1777 3174; x_wconf 76' lang='grc' dir='ltr'>ἦ</span> <span class='ocrx_word' id='word_1_399' title='bbox 1809 3121 1893 3168; x_wconf 86' lang='grc' dir='ltr'><strong><em>τις</em></strong></span> 
     </span>
    </p>
   </div>
   <div class='ocr_carea' id='block_1_55' title="bbox 307 3181 1892 3262">
    <p class='ocr_par' dir='ltr' id='par_1_55' title="bbox 307 3181 1892 3262">
     <span class='ocr_line' id='line_1_55' title="bbox 307 3181 1892 3262; baseline 0.006 -26"><span class='ocrx_word' id='word_1_400' title='bbox 307 3182 545 3251; x_wconf 67' lang='grc' dir='ltr'>ἀσχολία</span> <span class='ocrx_word' id='word_1_401' title='bbox 573 3181 724 3252; x_wconf 78' lang='grc' dir='ltr'>αὐτῷ</span> <span class='ocrx_word' id='word_1_402' title='bbox 758 3184 927 3237; x_wconf 79' lang='grc' dir='ltr'>ἐστιν.</span> <span class='ocrx_word' id='word_1_403' title='bbox 965 3183 1057 3248; x_wconf 84' lang='grc' dir='ltr'>Ὠς</span> <span class='ocrx_word' id='word_1_404' title='bbox 1090 3184 1136 3237; x_wconf 86' lang='grc' dir='ltr'>δ’</span> <span class='ocrx_word' id='word_1_405' title='bbox 1164 3185 1320 3239; x_wconf 75' lang='grc' dir='ltr'>οὐδὲν</span> <span class='ocrx_word' id='word_1_406' title='bbox 1348 3188 1580 3253; x_wconf 78' lang='grc' dir='ltr'>ἐκείνοις</span> <span class='ocrx_word' id='word_1_407' title='bbox 1614 3189 1892 3262; x_wconf 83' lang='grc' dir='ltr'>δεομένοις</span> 
     </span>
    </p>
   </div>
   <div class='ocr_carea' id='block_1_56' title="bbox 308 3275 1892 3349">
    <p class='ocr_par' dir='ltr' id='par_1_56' title="bbox 308 3275 1892 3349">
     <span class='ocr_line' id='line_1_56' title="bbox 308 3275 1892 3349; baseline 0.007 -21"><span class='ocrx_word' id='word_1_408' title='bbox 308 3276 485 3329; x_wconf 77' lang='grc' dir='ltr'>πολλὰ</span> <span class='ocrx_word' id='word_1_409' title='bbox 510 3275 858 3345; x_wconf 75' lang='grc' dir='ltr'>ἐπεραίνετο,</span> <span class='ocrx_word' id='word_1_410' title='bbox 895 3279 924 3330; x_wconf 91' lang='lat'><strong><em>6</em></strong></span> <span class='ocrx_word' id='word_1_411' title='bbox 950 3277 1237 3349; x_wconf 79' lang='grc' dir='ltr'>προφήτης</span> <span class='ocrx_word' id='word_1_412' title='bbox 1266 3278 1476 3334; x_wconf 85' lang='grc' dir='ltr'>δώδεκα</span> <span class='ocrx_word' id='word_1_413' title='bbox 1492 3281 1687 3348; x_wconf 84' lang='grc' dir='ltr'>’λίθους</span> <span class='ocrx_word' id='word_1_414' title='bbox 1712 3284 1892 3338; x_wconf 84' lang='grc' dir='ltr'>λαϐὼν</span> 
     </span>
    </p>
   </div>
   <div class='ocr_carea' id='block_1_57' title="bbox 310 3366 1892 3450">
    <p class='ocr_par' dir='ltr' id='par_1_57' title="bbox 310 3366 1892 3450">
     <span class='ocr_line' id='line_1_57' title="bbox 310 3366 1892 3450; baseline 0.006 -26"><span class='ocrx_word' id='word_1_415' title='bbox 310 3371 438 3424; x_wconf 81' lang='grc' dir='ltr'>καθ’</span> <span class='ocrx_word' id='word_1_416' title='bbox 460 3370 701 3439; x_wconf 79' lang='grc' dir='ltr'>ἑκάστην</span> <span class='ocrx_word' id='word_1_417' title='bbox 731 3366 927 3441; x_wconf 81' lang='grc' dir='ltr'>φυλὴν,</span> <span class='ocrx_word' id='word_1_418' title='bbox 953 3368 1273 3442; x_wconf 80' lang='grc' dir='ltr'>ᾠκοδόμησε</span> <span class='ocrx_word' id='word_1_419' title='bbox 1308 3372 1719 3447; x_wconf 80' lang='grc' dir='ltr'>θυσιαστήριον,</span> <span class='ocrx_word' id='word_1_420' title='bbox 1745 3377 1892 3450; x_wconf 79' lang='grc' dir='ltr'><strong><em>ῶρυ⁴</em></strong></span> 
     </span>
    </p>
   </div>
   <div class='ocr_carea' id='block_1_58' title="bbox 315 3458 1892 3541">
    <p class='ocr_par' dir='ltr' id='par_1_58' title="bbox 315 3458 1892 3541">
     <span class='ocr_line' id='line_1_58' title="bbox 315 3458 1892 3541; baseline 0.005 -27"><span class='ocrx_word' id='word_1_421' title='bbox 315 3461 378 3525; x_wconf 82' lang='grc' dir='ltr'>ξε</span> <span class='ocrx_word' id='word_1_422' title='bbox 429 3458 755 3531; x_wconf 81' lang='grc' dir='ltr'>δεξαμενὴν,</span> <span class='ocrx_word' id='word_1_423' title='bbox 785 3458 1068 3513; x_wconf 78' lang='grc' dir='ltr'>ὲστοέϐασε</span> <span class='ocrx_word' id='word_1_424' title='bbox 1102 3462 1202 3524; x_wconf 74' lang='grc' dir='ltr'><strong><em>τὰς</em></strong></span> <span class='ocrx_word' id='word_1_425' title='bbox 1240 3462 1501 3532; x_wconf 84' lang='grc' dir='ltr'>σχίδακας</span> <span class='ocrx_word' id='word_1_426' title='bbox 1534 3461 1628 3518; x_wconf 72' lang='grc' dir='ltr'><strong><em>ἐπὶ</em></strong></span> <span class='ocrx_word' id='word_1_427' title='bbox 1656 3467 1753 3522; x_wconf 77' lang='grc' dir='ltr'>τοῦ</span> <span class='ocrx_word' id='word_1_428' title='bbox 1790 3470 1892 3541; x_wconf 82' lang='grc' dir='ltr'><strong><em>βω-</em></strong></span> 
     </span>
    </p>
   </div>
   <div class='ocr_carea' id='block_1_59' title="bbox 319 3528 1964 3633">
    <p class='ocr_par' dir='ltr' id='par_1_59' title="bbox 319 3528 1964 3633">
     <span class='ocr_line' id='line_1_59' title="bbox 319 3528 1964 3633; baseline 0.009 -30"><span class='ocrx_word' id='word_1_429' title='bbox 319 3553 450 3625; x_wconf 78' lang='grc' dir='ltr'>μοῦ,</span> <span class='ocrx_word' id='word_1_430' title='bbox 478 3528 575 3608; x_wconf 56' lang='grc' dir='ltr'><strong><em>καί</em></strong></span> <span class='ocrx_word' id='word_1_431' title='bbox 601 3551 796 3614; x_wconf 81' lang='grc' dir='ltr'>αὐταῖς</span> <span class='ocrx_word' id='word_1_432' title='bbox 822 3549 891 3604; x_wconf 76' lang='grc' dir='ltr'>τὰ</span> <span class='ocrx_word' id='word_1_433' title='bbox 928 3551 1100 3622; x_wconf 78' lang='grc' dir='ltr'>ἱερεῖα</span> <span class='ocrx_word' id='word_1_434' title='bbox 1147 3528 1494 3624; x_wconf 71' lang='grc' dir='ltr'>ἐπενεγκὼν,</span> <span class='ocrx_word' id='word_1_435' title='bbox 1534 3557 1679 3628; x_wconf 75' lang='grc' dir='ltr'><strong><em>ὕδωρ</em></strong></span> <span class='ocrx_word' id='word_1_436' title='bbox 1705 3528 1896 3633; x_wconf 72' lang='grc' dir='ltr'>επίχυο</span> <span class='ocrx_word' id='word_1_437' title='bbox 1920 3528 1964 3590; x_wconf 77' lang='lat' dir='ltr'>C</span> 
     </span>
    </p>
   </div>
   <div class='ocr_carea' id='block_1_60' title="bbox 315 3640 1896 3723">
    <p class='ocr_par' dir='ltr' id='par_1_60' title="bbox 315 3640 1896 3723">
     <span class='ocr_line' id='line_1_60' title="bbox 315 3640 1896 3723; baseline 0.005 -26"><span class='ocrx_word' id='word_1_438' title='bbox 315 3645 480 3715; x_wconf 82' lang='grc' dir='ltr'>θῆναι</span> <span class='ocrx_word' id='word_1_439' title='bbox 532 3641 611 3715; x_wconf 78' lang='grc' dir='ltr'><strong><em>τῷ</em></strong></span> <span class='ocrx_word' id='word_1_440' title='bbox 664 3640 1036 3714; x_wconf 84' lang='grc' dir='ltr'>θυσιαστηρίῳ</span> <span class='ocrx_word' id='word_1_441' title='bbox 1089 3643 1409 3712; x_wconf 74' lang='grc' dir='ltr'>ἐκέλευσεν,</span> <span class='ocrx_word' id='word_1_442' title='bbox 1450 3644 1597 3700; x_wconf 83' lang='grc' dir='ltr'>ὥστε</span> <span class='ocrx_word' id='word_1_443' title='bbox 1661 3649 1754 3703; x_wconf 78' lang='grc' dir='ltr'>καὶ</span> <span class='ocrx_word' id='word_1_444' title='bbox 1796 3653 1896 3723; x_wconf 82' lang='grc' dir='ltr'>τὴν</span> 
     </span>
    </p>
   </div>
   <div class='ocr_carea' id='block_1_61' title="bbox 312 3735 1898 3809">
    <p class='ocr_par' dir='ltr' id='par_1_61' title="bbox 312 3735 1898 3809">
     <span class='ocr_line' id='line_1_61' title="bbox 312 3735 1898 3809; baseline 0.003 -17"><span class='ocrx_word' id='word_1_445' title='bbox 312 3737 622 3809; x_wconf 81' lang='grc' dir='ltr'>δεξαμενὴν</span> <span class='ocrx_word' id='word_1_446' title='bbox 680 3735 1062 3807; x_wconf 81' lang='grc' dir='ltr'>πληρωθῆναι.</span> <span class='ocrx_word' id='word_1_447' title='bbox 1096 3737 1208 3790; x_wconf 76' lang='grc' dir='ltr'><strong><em>Καὶ</em></strong></span> <span class='ocrx_word' id='word_1_448' title='bbox 1257 3738 1350 3792; x_wconf 72' lang='grc' dir='ltr'><strong><em>ἐπὶ</em></strong></span> <span class='ocrx_word' id='word_1_449' title='bbox 1382 3738 1597 3803; x_wconf 83' lang='grc' dir='ltr'>τούτοις</span> <span class='ocrx_word' id='word_1_450' title='bbox 1627 3743 1898 3800; x_wconf 72' lang='grc' dir='ltr'>ἐπεκαλέ-</span> 
     </span>
    </p>
   </div>
   <div class='ocr_carea' id='block_1_62' title="bbox 318 3816 1901 3904">
    <p class='ocr_par' dir='ltr' id='par_1_62' title="bbox 318 3816 1901 3904">
     <span class='ocr_line' id='line_1_62' title="bbox 318 3816 1901 3904; baseline 0 -19"><span class='ocrx_word' id='word_1_451' title='bbox 318 3848 453 3885; x_wconf 87' lang='grc' dir='ltr'>σατο</span> <span class='ocrx_word' id='word_1_452' title='bbox 475 3816 583 3884; x_wconf 55' lang='grc' dir='ltr'><strong><em>τὸν</em></strong></span> <span class='ocrx_word' id='word_1_453' title='bbox 609 3827 765 3893; x_wconf 78' lang='grc' dir='ltr'>Θεὸν,</span> <span class='ocrx_word' id='word_1_454' title='bbox 824 3827 919 3882; x_wconf 79' lang='grc' dir='ltr'>καὶ</span> <span class='ocrx_word' id='word_1_455' title='bbox 956 3819 1086 3898; x_wconf 58' lang='grc' dir='ltr'>πύρ’</span> <span class='ocrx_word' id='word_1_456' title='bbox 1112 3828 1406 3900; x_wconf 80' lang='grc' dir='ltr'>οὐρανόθεν</span> <span class='ocrx_word' id='word_1_457' title='bbox 1438 3829 1530 3882; x_wconf 73' lang='grc' dir='ltr'><strong><em>ἐπὶ</em></strong></span> <span class='ocrx_word' id='word_1_458' title='bbox 1577 3829 1671 3884; x_wconf 82' lang='grc' dir='ltr'>τὸν</span> <span class='ocrx_word' id='word_1_459' title='bbox 1718 3832 1901 3904; x_wconf 75' lang='grc' dir='ltr'>βωμὸν</span> 
     </span>
    </p>
   </div>
   <div class='ocr_carea' id='block_1_63' title="bbox 318 3918 1902 3996">
    <p class='ocr_par' dir='ltr' id='par_1_63' title="bbox 318 3918 1902 3996">
     <span class='ocr_line' id='line_1_63' title="bbox 318 3918 1902 3996; baseline 0.003 -18"><span class='ocrx_word' id='word_1_460' title='bbox 318 3920 712 3993; x_wconf 70' lang='grc' dir='ltr'>κατενήνεκτο,</span> <span class='ocrx_word' id='word_1_461' title='bbox 746 3918 964 3976; x_wconf 76' lang='grc' dir='ltr'>πάντων</span> <span class='ocrx_word' id='word_1_462' title='bbox 996 3918 1269 3990; x_wconf 83' lang='grc' dir='ltr'>ὁρώντων,</span> <span class='ocrx_word' id='word_1_463' title='bbox 1300 3920 1395 3977; x_wconf 81' lang='grc' dir='ltr'><strong><em>καὶ</em></strong></span> <span class='ocrx_word' id='word_1_464' title='bbox 1420 3920 1520 3996; x_wconf 80' lang='grc' dir='ltr'>τὴν</span> <span class='ocrx_word' id='word_1_465' title='bbox 1550 3921 1764 3991; x_wconf 85' lang='grc' dir='ltr'>θυσίαν,</span> <span class='ocrx_word' id='word_1_466' title='bbox 1805 3925 1902 3982; x_wconf 67' lang='grc' dir='ltr'><strong><em>καὶ</em></strong></span> 
     </span>
    </p>
   </div>
   <div class='ocr_carea' id='block_1_64' title="bbox 316 4011 1900 4089">
    <p class='ocr_par' dir='ltr' id='par_1_64' title="bbox 316 4011 1900 4089">
     <span class='ocr_line' id='line_1_64' title="bbox 316 4011 1900 4089; baseline 0.003 -21"><span class='ocrx_word' id='word_1_467' title='bbox 316 4016 389 4069; x_wconf 76' lang='grc' dir='ltr'>τὰ</span> <span class='ocrx_word' id='word_1_468' title='bbox 414 4013 550 4080; x_wconf 78' lang='grc' dir='ltr'>ξύλα</span> <span class='ocrx_word' id='word_1_469' title='bbox 578 4013 675 4066; x_wconf 73' lang='grc' dir='ltr'>καὶ</span> <span class='ocrx_word' id='word_1_470' title='bbox 718 4013 846 4074; x_wconf 82' lang='grc' dir='ltr'>τοὺς</span> <span class='ocrx_word' id='word_1_471' title='bbox 880 4011 1064 4075; x_wconf 85' lang='grc' dir='ltr'>λίθους</span> <span class='ocrx_word' id='word_1_472' title='bbox 1114 4013 1418 4083; x_wconf 79' lang='grc' dir='ltr'>κατέφαγε,</span> <span class='ocrx_word' id='word_1_473' title='bbox 1447 4015 1509 4069; x_wconf 83' lang='grc' dir='ltr'>τὸ</span> <span class='ocrx_word' id='word_1_474' title='bbox 1539 4014 1688 4089; x_wconf 80' lang='grc' dir='ltr'>ὕδωρ</span> <span class='ocrx_word' id='word_1_475' title='bbox 1716 4034 1774 4071; x_wconf 88' lang='grc' dir='ltr'><strong><em>τε</em></strong></span> <span class='ocrx_word' id='word_1_476' title='bbox 1807 4020 1900 4072; x_wconf 74' lang='grc' dir='ltr'>καὶ</span> 
     </span>
    </p>
   </div>
   <div class='ocr_carea' id='block_1_65' title="bbox 315 4103 1899 4182">
    <p class='ocr_par' dir='ltr' id='par_1_65' title="bbox 315 4103 1899 4182">
     <span class='ocr_line' id='line_1_65' title="bbox 315 4103 1899 4182; baseline 0.002 -21"><span class='ocrx_word' id='word_1_477' title='bbox 315 4108 413 4161; x_wconf 75' lang='grc' dir='ltr'><strong><em>τὸν</em></strong></span> <span class='ocrx_word' id='word_1_478' title='bbox 445 4106 597 4179; x_wconf 79' lang='grc' dir='ltr'>χοῦν.</span> <span class='ocrx_word' id='word_1_479' title='bbox 643 4105 704 4158; x_wconf 87' lang='grc' dir='ltr'><strong>Ὃ</strong></span> <span class='ocrx_word' id='word_1_480' title='bbox 729 4103 857 4168; x_wconf 78' lang='grc' dir='ltr'>λαὸς</span> <span class='ocrx_word' id='word_1_481' title='bbox 903 4105 950 4159; x_wconf 85' lang='grc' dir='ltr'><strong><em>δ’</em></strong></span> <span class='ocrx_word' id='word_1_482' title='bbox 979 4105 1276 4174; x_wconf 75' lang='grc' dir='ltr'>ἐκπλαγεὶς</span> <span class='ocrx_word' id='word_1_483' title='bbox 1300 4106 1496 4162; x_wconf 66' lang='grc' dir='ltr'>ἔπεσεν</span> <span class='ocrx_word' id='word_1_484' title='bbox 1520 4109 1614 4164; x_wconf 72' lang='grc' dir='ltr'><strong><em>ἐπὶ</em></strong></span> <span class='ocrx_word' id='word_1_485' title='bbox 1651 4108 1750 4182; x_wconf 78' lang='grc' dir='ltr'><strong><em>τήν</em></strong></span> <span class='ocrx_word' id='word_1_486' title='bbox 1775 4111 1899 4180; x_wconf 84' lang='grc' dir='ltr'>γῆν,</span> 
     </span>
    </p>
   </div>
   <div class='ocr_carea' id='block_1_66' title="bbox 318 4195 1904 4271">
    <p class='ocr_par' dir='ltr' id='par_1_66' title="bbox 318 4195 1904 4271">
     <span class='ocr_line' id='line_1_66' title="bbox 318 4195 1904 4271; baseline 0.003 -21"><span class='ocrx_word' id='word_1_487' title='bbox 318 4198 425 4252; x_wconf 74' lang='grc' dir='ltr'>ἕνα</span> <span class='ocrx_word' id='word_1_488' title='bbox 471 4197 607 4251; x_wconf 77' lang='grc' dir='ltr'>Θεὸν</span> <span class='ocrx_word' id='word_1_489' title='bbox 658 4195 835 4267; x_wconf 77' lang='grc' dir='ltr'>ἀληθῆ</span> <span class='ocrx_word' id='word_1_490' title='bbox 869 4212 929 4249; x_wconf 88' lang='grc' dir='ltr'><strong><em>τε</em></strong></span> <span class='ocrx_word' id='word_1_491' title='bbox 988 4196 1083 4250; x_wconf 79' lang='grc' dir='ltr'>καὶ</span> <span class='ocrx_word' id='word_1_492' title='bbox 1138 4197 1313 4267; x_wconf 81' lang='grc' dir='ltr'>μέγαν</span> <span class='ocrx_word' id='word_1_493' title='bbox 1347 4198 1758 4271; x_wconf 80' lang='grc' dir='ltr'>ὁμολογοῦντες.</span> <span class='ocrx_word' id='word_1_494' title='bbox 1793 4203 1904 4257; x_wconf 75' lang='grc' dir='ltr'><strong><em>Καὶ</em></strong></span> 
     </span>
    </p>
   </div>
   <div class='ocr_carea' id='block_1_67' title="bbox 324 4275 1900 4359">
    <p class='ocr_par' dir='ltr' id='par_1_67' title="bbox 324 4275 1900 4359">
     <span class='ocr_line' id='line_1_67' title="bbox 324 4275 1900 4359; baseline 0.001 -14"><span class='ocrx_word' id='word_1_495' title='bbox 324 4289 688 4352; x_wconf 82' lang='grc' dir='ltr'>συλλαϐόντες</span> <span class='ocrx_word' id='word_1_496' title='bbox 717 4289 846 4352; x_wconf 73' lang='grc' dir='ltr'>τοὺς</span> <span class='ocrx_word' id='word_1_497' title='bbox 881 4275 1359 4359; x_wconf 73' lang='grc' dir='ltr'>ψευδοπροφήτας,</span> <span class='ocrx_word' id='word_1_498' title='bbox 1410 4293 1766 4357; x_wconf 80' lang='grc' dir='ltr'>ἀπέκτειναν,</span> <span class='ocrx_word' id='word_1_499' title='bbox 1802 4309 1900 4347; x_wconf 90' lang='grc' dir='ltr'><strong><em>του</em></strong></span> 
     </span>
    </p>
   </div>
   <div class='ocr_carea' id='block_1_68' title="bbox 323 4376 1902 4453">
    <p class='ocr_par' dir='ltr' id='par_1_68' title="bbox 323 4376 1902 4453">
     <span class='ocr_line' id='line_1_68' title="bbox 323 4376 1902 4453; baseline 0.005 -20"><span class='ocrx_word' id='word_1_500' title='bbox 323 4383 609 4452; x_wconf 77' lang='grc' dir='ltr'>προφήτου</span> <span class='ocrx_word' id='word_1_501' title='bbox 646 4379 1027 4444; x_wconf 87' lang='grc' dir='ltr'>κελεύσαντος.</span> <span class='ocrx_word' id='word_1_502' title='bbox 1059 4376 1196 4434; x_wconf 83' lang='grc' dir='ltr'>Εἷπε</span> <span class='ocrx_word' id='word_1_503' title='bbox 1228 4381 1286 4436; x_wconf 83' lang='grc' dir='ltr'><strong><em>δὲ</em></strong></span> <span class='ocrx_word' id='word_1_504' title='bbox 1308 4381 1386 4453; x_wconf 82' lang='grc' dir='ltr'>τῷ</span> <span class='ocrx_word' id='word_1_505' title='bbox 1412 4383 1640 4453; x_wconf 77' lang='grc' dir='ltr'>βασιλεῖ,</span> <span class='ocrx_word' id='word_1_506' title='bbox 1680 4385 1757 4448; x_wconf 84' lang='grc' dir='ltr'><strong><em>ὡς</em></strong></span> <span class='ocrx_word' id='word_1_507' title='bbox 1783 4385 1902 4442; x_wconf 82' lang='grc' dir='ltr'>ὒσει</span> 
     </span>
    </p>
   </div>
   <div class='ocr_carea' id='block_1_69' title="bbox 326 4471 1905 4551">
    <p class='ocr_par' dir='ltr' id='par_1_69' title="bbox 326 4471 1905 4551">
     <span class='ocr_line' id='line_1_69' title="bbox 326 4471 1905 4551; baseline 0.001 -24"><span class='ocrx_word' id='word_1_508' title='bbox 326 4473 469 4544; x_wconf 84' lang='grc' dir='ltr'>μετά</span> <span class='ocrx_word' id='word_1_509' title='bbox 504 4471 703 4543; x_wconf 81' lang='grc' dir='ltr'>μικρὸν</span> <span class='ocrx_word' id='word_1_510' title='bbox 729 4471 758 4524; x_wconf 89' lang='lat'><strong><em>6</em></strong></span> <span class='ocrx_word' id='word_1_511' title='bbox 787 4471 939 4535; x_wconf 71' lang='grc' dir='ltr'>θεός.</span> <span class='ocrx_word' id='word_1_512' title='bbox 980 4472 1090 4527; x_wconf 76' lang='grc' dir='ltr'><strong><em>Καὶ</em></strong></span> <span class='ocrx_word' id='word_1_513' title='bbox 1120 4472 1313 4542; x_wconf 82' lang='grc' dir='ltr'>γέγονε</span> <span class='ocrx_word' id='word_1_514' title='bbox 1356 4474 1498 4528; x_wconf 81' lang='grc' dir='ltr'>κατὰ</span> <span class='ocrx_word' id='word_1_515' title='bbox 1526 4476 1625 4548; x_wconf 85' lang='grc' dir='ltr'>τὴν</span> <span class='ocrx_word' id='word_1_516' title='bbox 1656 4477 1905 4551; x_wconf 77' lang='grc' dir='ltr'>πρόρρη-</span> 
     </span>
    </p>
   </div>
   <div class='ocr_carea' id='block_1_70' title="bbox 323 4562 1906 4642">
    <p class='ocr_par' dir='ltr' id='par_1_70' title="bbox 323 4562 1906 4642">
     <span class='ocr_line' id='line_1_70' title="bbox 323 4562 1906 4642; baseline 0.004 -25"><span class='ocrx_word' id='word_1_517' title='bbox 323 4582 411 4617; x_wconf 72' lang='grc' dir='ltr'><strong><em>σιν</em></strong></span> <span class='ocrx_word' id='word_1_518' title='bbox 465 4563 635 4617; x_wconf 80' lang='grc' dir='ltr'>αὑτοῦ</span> <span class='ocrx_word' id='word_1_519' title='bbox 673 4562 928 4635; x_wconf 81' lang='grc' dir='ltr'>ῥαγδαῖος</span> <span class='ocrx_word' id='word_1_520' title='bbox 961 4564 1191 4635; x_wconf 78' lang='grc' dir='ltr'>ὄμϐρος.</span> <span class='ocrx_word' id='word_1_521' title='bbox 1250 4565 1657 4638; x_wconf 84' lang='grc' dir='ltr'>Ἀπειλησάσης</span> <span class='ocrx_word' id='word_1_522' title='bbox 1698 4569 1757 4623; x_wconf 84' lang='grc' dir='ltr'><strong><em>δὲ</em></strong></span> <span class='ocrx_word' id='word_1_523' title='bbox 1805 4571 1906 4642; x_wconf 81' lang='grc' dir='ltr'><strong><em>τῆς</em></strong></span> 
     </span>
    </p>
   </div>
   <div class='ocr_carea' id='block_1_71' title="bbox 333 4642 1905 4730">
    <p class='ocr_par' dir='ltr' id='par_1_71' title="bbox 333 4642 1905 4730">
     <span class='ocr_line' id='line_1_71' title="bbox 333 4642 1905 4730; baseline 0.004 -23"><span class='ocrx_word' id='word_1_524' title='bbox 333 4653 579 4718; x_wconf 81' lang='grc' dir='ltr'>Ἰεζάϐελ</span> <span class='ocrx_word' id='word_1_525' title='bbox 604 4654 819 4709; x_wconf 75' lang='grc' dir='ltr'>ἀνελεῖν</span> <span class='ocrx_word' id='word_1_526' title='bbox 843 4655 936 4708; x_wconf 82' lang='grc' dir='ltr'>τὸν</span> <span class='ocrx_word' id='word_1_527' title='bbox 961 4655 1155 4708; x_wconf 80' lang='grc' dir='ltr'>Ἠλίαν</span> <span class='ocrx_word' id='word_1_528' title='bbox 1178 4694 1193 4720; x_wconf 94' lang='grc'><strong><em>,</em></strong></span> <span class='ocrx_word' id='word_1_529' title='bbox 1228 4642 1504 4727; x_wconf 67' lang='grc' dir='ltr'>φοϐηθεὶς</span> <span class='ocrx_word' id='word_1_530' title='bbox 1535 4660 1563 4711; x_wconf 87' lang='lat'><strong><em>6</em></strong></span> <span class='ocrx_word' id='word_1_531' title='bbox 1592 4661 1905 4730; x_wconf 76' lang='grc' dir='ltr'>προφήτης,</span> 
     </span>
    </p>
   </div>
   <div class='ocr_carea' id='block_1_72' title="bbox 319 4747 1907 4821">
    <p class='ocr_par' dir='ltr' id='par_1_72' title="bbox 319 4747 1907 4821">
     <span class='ocr_line' id='line_1_72' title="bbox 319 4747 1907 4821; baseline 0.005 -22"><span class='ocrx_word' id='word_1_532' title='bbox 319 4747 523 4816; x_wconf 71' lang='grc' dir='ltr'>ἔφυγεν</span> <span class='ocrx_word' id='word_1_533' title='bbox 555 4748 652 4801; x_wconf 70' lang='grc' dir='ltr'>καὶ</span> <span class='ocrx_word' id='word_1_534' title='bbox 679 4749 739 4800; x_wconf 81' lang='grc' dir='ltr'>ὲν</span> <span class='ocrx_word' id='word_1_535' title='bbox 759 4750 824 4819; x_wconf 82' lang='grc' dir='ltr'>τῇ</span> <span class='ocrx_word' id='word_1_536' title='bbox 856 4749 1049 4819; x_wconf 72' lang='grc' dir='ltr'>ἐρήμῳ</span> <span class='ocrx_word' id='word_1_537' title='bbox 1082 4749 1375 4819; x_wconf 76' lang='grc' dir='ltr'>γενόμενος</span> <span class='ocrx_word' id='word_1_538' title='bbox 1432 4751 1662 4821; x_wconf 84' lang='grc' dir='ltr'>ἀθυμῶν</span> <span class='ocrx_word' id='word_1_539' title='bbox 1694 4754 1907 4808; x_wconf 87' lang='grc' dir='ltr'>ἀποθα-</span> 
     </span>
    </p>
   </div>
   <div class='ocr_carea' id='block_1_73' title="bbox 1999 2354 3580 2437">
    <p class='ocr_par' dir='ltr' id='par_1_73' title="bbox 1999 2354 3580 2437">
     <span class='ocr_line' id='line_1_73' title="bbox 1999 2354 3580 2437; baseline -0.004 -23"><span class='ocrx_word' id='word_1_540' title='bbox 1999 2374 2233 2416; x_wconf 90' lang='lat' dir='ltr'><strong><em>numero</em></strong></span> <span class='ocrx_word' id='word_1_541' title='bbox 2257 2359 2518 2422; x_wconf 77' lang='lat' dir='ltr'><strong><em>sublatis,</em></strong></span> <span class='ocrx_word' id='word_1_542' title='bbox 2550 2360 2721 2413; x_wconf 89' lang='lat' dir='ltr'><strong><em>altare</em></strong></span> <span class='ocrx_word' id='word_1_543' title='bbox 2748 2356 2856 2428; x_wconf 77' lang='grc'><strong><em>92</em></strong></span> <span class='ocrx_word' id='word_1_544' title='bbox 2877 2357 3112 2422; x_wconf 79' lang='lat' dir='ltr'><strong><em>struxit,</em></strong></span> <span class='ocrx_word' id='word_1_545' title='bbox 3141 2356 3393 2411; x_wconf 87' lang='lat' dir='ltr'><strong><em>scrobem</em></strong></span> <span class='ocrx_word' id='word_1_546' title='bbox 3433 2354 3580 2437; x_wconf 81' lang='lat' dir='ltr'><strong><em>etfu-</em></strong></span> 
     </span>
    </p>
   </div>
   <div class='ocr_carea' id='block_1_74' title="bbox 2001 2444 3577 2519">
    <p class='ocr_par' dir='ltr' id='par_1_74' title="bbox 2001 2444 3577 2519">
     <span class='ocr_line' id='line_1_74' title="bbox 2001 2444 3577 2519; baseline -0.003 -17"><span class='ocrx_word' id='word_1_547' title='bbox 2001 2448 2120 2515; x_wconf 91' lang='lat' dir='ltr'><strong><em>dit,</em></strong></span> <span class='ocrx_word' id='word_1_548' title='bbox 2167 2448 2315 2519; x_wconf 83' lang='lat' dir='ltr'><strong><em>ligna</em></strong></span> <span class='ocrx_word' id='word_1_549' title='bbox 2368 2447 2425 2502; x_wconf 92' lang='lat' dir='ltr'><strong><em>in</em></strong></span> <span class='ocrx_word' id='word_1_550' title='bbox 2476 2446 2636 2501; x_wconf 85' lang='lat' dir='ltr'><strong><em>altari</em></strong></span> <span class='ocrx_word' id='word_1_551' title='bbox 2680 2446 2946 2516; x_wconf 80' lang='lat' dir='ltr'><strong><em>digessit,</em></strong></span> <span class='ocrx_word' id='word_1_552' title='bbox 2981 2446 3237 2502; x_wconf 85' lang='lat' dir='ltr'><strong><em>victimas</em></strong></span> <span class='ocrx_word' id='word_1_553' title='bbox 3262 2444 3527 2516; x_wconf 83' lang='lat' dir='ltr'><strong><em>imposuit</em></strong></span> <span class='ocrx_word' id='word_1_554' title='bbox 3558 2485 3577 2511; x_wconf 94' lang='lat'><strong><em>,</em></strong></span> 
     </span>
    </p>
   </div>
   <div class='ocr_carea' id='block_1_75' title="bbox 1998 2536 3580 2610">
    <p class='ocr_par' dir='ltr' id='par_1_75' title="bbox 1998 2536 3580 2610">
     <span class='ocr_line' id='line_1_75' title="bbox 1998 2536 3580 2610; baseline -0.003 -15"><span class='ocrx_word' id='word_1_555' title='bbox 1998 2553 2195 2610; x_wconf 87' lang='lat' dir='ltr'><strong><em>aquam</em></strong></span> <span class='ocrx_word' id='word_1_556' title='bbox 2231 2539 2286 2593; x_wconf 89' lang='lat' dir='ltr'><strong><em>in</em></strong></span> <span class='ocrx_word' id='word_1_557' title='bbox 2313 2539 2486 2594; x_wconf 87' lang='lat' dir='ltr'><strong><em>altare</em></strong></span> <span class='ocrx_word' id='word_1_558' title='bbox 2504 2538 2719 2595; x_wconf 79' lang='lat' dir='ltr'><strong><em>etl&#39;undi</em></strong></span> <span class='ocrx_word' id='word_1_559' title='bbox 2739 2539 2927 2610; x_wconf 90' lang='lat' dir='ltr'><strong><em>jussit,</em></strong></span> <span class='ocrx_word' id='word_1_560' title='bbox 2974 2547 3035 2593; x_wconf 93' lang='lat' dir='ltr'><strong><em>ut</em></strong></span> <span class='ocrx_word' id='word_1_561' title='bbox 3062 2538 3254 2595; x_wconf 86' lang='lat' dir='ltr'><strong><em>scrobs</em></strong></span> <span class='ocrx_word' id='word_1_562' title='bbox 3281 2536 3449 2593; x_wconf 88' lang='lat' dir='ltr'><strong><em>etiam</em></strong></span> <span class='ocrx_word' id='word_1_563' title='bbox 3476 2537 3580 2592; x_wconf 90' lang='lat' dir='ltr'><strong><em>im-</em></strong></span> 
     </span>
    </p>
   </div>
   <div class='ocr_carea' id='block_1_76' title="bbox 1999 2629 3704 2703">
    <p class='ocr_par' dir='ltr' id='par_1_76' title="bbox 1999 2629 3704 2703">
     <span class='ocr_line' id='line_1_76' title="bbox 1999 2629 3704 2703; baseline -0.003 -15"><span class='ocrx_word' id='word_1_564' title='bbox 1999 2634 2265 2703; x_wconf 87' lang='lat' dir='ltr'><strong><em>pleretur.</em></strong></span> <span class='ocrx_word' id='word_1_565' title='bbox 2297 2632 2394 2689; x_wconf 86' lang='lat' dir='ltr'><strong><em>His</em></strong></span> <span class='ocrx_word' id='word_1_566' title='bbox 2427 2633 2701 2702; x_wconf 85' lang='lat' dir='ltr'><strong><em>peractis,</em></strong></span> <span class='ocrx_word' id='word_1_567' title='bbox 2736 2632 2992 2687; x_wconf 88' lang='lat' dir='ltr'><strong><em>invocato</em></strong></span> <span class='ocrx_word' id='word_1_568' title='bbox 3021 2630 3290 2698; x_wconf 85' lang='lat' dir='ltr'><strong><em>Numine,</em></strong></span> <span class='ocrx_word' id='word_1_569' title='bbox 3323 2629 3466 2701; x_wconf 86' lang='lat' dir='ltr'><strong><em>ignis</em></strong></span> <span class='ocrx_word' id='word_1_570' title='bbox 3496 2630 3588 2683; x_wconf 83' lang='lat' dir='ltr'><strong><em>vi-</em></strong></span> <span class='ocrx_word' id='word_1_571' title='bbox 3695 2648 3704 2653; x_wconf 94' lang='grc'>·</span> 
     </span>
    </p>
   </div>
   <div class='ocr_carea' id='block_1_77' title="bbox 1999 2720 3579 2789">
    <p class='ocr_par' dir='ltr' id='par_1_77' title="bbox 1999 2720 3579 2789">
     <span class='ocr_line' id='line_1_77' title="bbox 1999 2720 3579 2789; baseline -0.003 -9"><span class='ocrx_word' id='word_1_572' title='bbox 1999 2724 2261 2781; x_wconf 84' lang='lat' dir='ltr'><strong><em>dentibus</em></strong></span> <span class='ocrx_word' id='word_1_573' title='bbox 2291 2724 2553 2779; x_wconf 81' lang='lat' dir='ltr'><strong><em>omnibus</em></strong></span> <span class='ocrx_word' id='word_1_574' title='bbox 2580 2724 2647 2778; x_wconf 91' lang='lat' dir='ltr'><strong><em>de</em></strong></span> <span class='ocrx_word' id='word_1_575' title='bbox 2677 2724 2820 2779; x_wconf 81' lang='lat' dir='ltr'><strong><em>ccelo</em></strong></span> <span class='ocrx_word' id='word_1_576' title='bbox 2849 2723 2903 2777; x_wconf 92' lang='lat' dir='ltr'><strong><em>in</em></strong></span> <span class='ocrx_word' id='word_1_577' title='bbox 2938 2737 3087 2779; x_wconf 89' lang='lat' dir='ltr'><strong><em>aram</em></strong></span> <span class='ocrx_word' id='word_1_578' title='bbox 3123 2723 3361 2789; x_wconf 84' lang='lat' dir='ltr'><strong><em>delatus,</em></strong></span> <span class='ocrx_word' id='word_1_579' title='bbox 3407 2729 3465 2777; x_wconf 88' lang='lat' dir='ltr'><strong><em>et</em></strong></span> <span class='ocrx_word' id='word_1_580' title='bbox 3490 2720 3579 2776; x_wconf 83' lang='lat' dir='ltr'><strong><em>vi-</em></strong></span> 
     </span>
    </p>
   </div>
   <div class='ocr_carea' id='block_1_78' title="bbox 1999 2813 3583 2887">
    <p class='ocr_par' dir='ltr' id='par_1_78' title="bbox 1999 2813 3583 2887">
     <span class='ocr_line' id='line_1_78' title="bbox 1999 2813 3583 2887; baseline -0.004 -14"><span class='ocrx_word' id='word_1_581' title='bbox 1999 2818 2195 2873; x_wconf 90' lang='lat' dir='ltr'><strong><em>ctimas</em></strong></span> <span class='ocrx_word' id='word_1_582' title='bbox 2219 2825 2275 2873; x_wconf 88' lang='lat' dir='ltr'><strong><em>et</em></strong></span> <span class='ocrx_word' id='word_1_583' title='bbox 2302 2815 2515 2887; x_wconf 84' lang='lat' dir='ltr'><strong><em>lapides</em></strong></span> <span class='ocrx_word' id='word_1_584' title='bbox 2542 2830 2649 2869; x_wconf 89' lang='lat' dir='ltr'><strong><em>una</em></strong></span> <span class='ocrx_word' id='word_1_585' title='bbox 2680 2829 2805 2869; x_wconf 92' lang='lat' dir='ltr'><strong><em>cum</em></strong></span> <span class='ocrx_word' id='word_1_586' title='bbox 2830 2829 2972 2883; x_wconf 85' lang='lat' dir='ltr'><strong><em>aqua</em></strong></span> <span class='ocrx_word' id='word_1_587' title='bbox 2994 2822 3052 2869; x_wconf 88' lang='lat' dir='ltr'><strong><em>et</em></strong></span> <span class='ocrx_word' id='word_1_588' title='bbox 3081 2813 3307 2884; x_wconf 78' lang='lat' dir='ltr'><strong><em>pulvere</em></strong></span> <span class='ocrx_word' id='word_1_589' title='bbox 3328 2826 3583 2867; x_wconf 76' lang='lat' dir='ltr'><strong><em>consum-</em></strong></span> 
     </span>
    </p>
   </div>
   <div class='ocr_carea' id='block_1_79' title="bbox 1998 2906 3593 2981">
    <p class='ocr_par' dir='ltr' id='par_1_79' title="bbox 1998 2906 3593 2981">
     <span class='ocr_line' id='line_1_79' title="bbox 1998 2906 3593 2981; baseline -0.004 -15"><span class='ocrx_word' id='word_1_590' title='bbox 1998 2913 2126 2981; x_wconf 86' lang='lat' dir='ltr'><strong><em>psit.</em></strong></span> <span class='ocrx_word' id='word_1_591' title='bbox 2160 2910 2280 2978; x_wconf 84' lang='lat' dir='ltr'><strong><em>Quo</em></strong></span> <span class='ocrx_word' id='word_1_592' title='bbox 2322 2915 2580 2979; x_wconf 83' lang='lat' dir='ltr'><strong><em>portento</em></strong></span> <span class='ocrx_word' id='word_1_593' title='bbox 2612 2916 3006 2963; x_wconf 78' lang='lat' dir='ltr'><strong><em>consternatus</em></strong></span> <span class='ocrx_word' id='word_1_594' title='bbox 3041 2906 3282 2978; x_wconf 86' lang='lat' dir='ltr'><strong><em>pepulus</em></strong></span> <span class='ocrx_word' id='word_1_595' title='bbox 3309 2946 3324 2970; x_wconf 93' lang='lat'><strong><em>,</em></strong></span> <span class='ocrx_word' id='word_1_596' title='bbox 3369 2919 3593 2976; x_wconf 81' lang='lat' dir='ltr'><strong><em>pronus-</em></strong></span> 
     </span>
    </p>
   </div>
   <div class='ocr_carea' id='block_1_80' title="bbox 2001 3001 3588 3074">
    <p class='ocr_par' dir='ltr' id='par_1_80' title="bbox 2001 3001 3588 3074">
     <span class='ocr_line' id='line_1_80' title="bbox 2001 3001 3588 3074; baseline -0.006 -15"><span class='ocrx_word' id='word_1_597' title='bbox 2001 3005 2055 3060; x_wconf 92' lang='lat' dir='ltr'><strong><em>in</em></strong></span> <span class='ocrx_word' id='word_1_598' title='bbox 2072 3013 2270 3059; x_wconf 86' lang='lat' dir='ltr'><strong><em>terram</em></strong></span> <span class='ocrx_word' id='word_1_599' title='bbox 2289 3001 2509 3068; x_wconf 89' lang='lat' dir='ltr'><strong><em>cecidit,</em></strong></span> <span class='ocrx_word' id='word_1_600' title='bbox 2530 3016 2696 3056; x_wconf 88' lang='lat' dir='ltr'><strong><em>unum</em></strong></span> <span class='ocrx_word' id='word_1_601' title='bbox 2717 3015 2838 3057; x_wconf 89' lang='lat' dir='ltr'><strong><em>esse</em></strong></span> <span class='ocrx_word' id='word_1_602' title='bbox 2856 3001 3022 3055; x_wconf 89' lang='lat' dir='ltr'><strong><em>Deum</em></strong></span> <span class='ocrx_word' id='word_1_603' title='bbox 3041 3013 3230 3054; x_wconf 87' lang='lat' dir='ltr'><strong><em>verum</em></strong></span> <span class='ocrx_word' id='word_1_604' title='bbox 3250 3007 3304 3054; x_wconf 91' lang='lat' dir='ltr'><strong><em>et</em></strong></span> <span class='ocrx_word' id='word_1_605' title='bbox 3321 3011 3588 3074; x_wconf 80' lang='lat' dir='ltr'><strong><em>magnum</em></strong></span> 
     </span>
    </p>
   </div>
   <div class='ocr_carea' id='block_1_81' title="bbox 1998 3082 3576 3165">
    <p class='ocr_par' dir='ltr' id='par_1_81' title="bbox 1998 3082 3576 3165">
     <span class='ocr_line' id='line_1_81' title="bbox 1998 3082 3576 3165; baseline -0.006 -12"><span class='ocrx_word' id='word_1_606' title='bbox 1998 3096 2364 3153; x_wconf 83' lang='lat' dir='ltr'><strong><em>confitentes:</em></strong></span> <span class='ocrx_word' id='word_1_607' title='bbox 2397 3094 2626 3165; x_wconf 82' lang='lat' dir='ltr'><strong><em>etjussu</em></strong></span> <span class='ocrx_word' id='word_1_608' title='bbox 2673 3092 2979 3164; x_wconf 72' lang='lat' dir='ltr'><strong><em>propbctte,</em></strong></span> <span class='ocrx_word' id='word_1_609' title='bbox 3018 3082 3276 3147; x_wconf 87' lang='lat' dir='ltr'><strong><em>manibus</em></strong></span> <span class='ocrx_word' id='word_1_610' title='bbox 3309 3090 3364 3145; x_wconf 89' lang='lat' dir='ltr'><strong><em>in</em></strong></span> <span class='ocrx_word' id='word_1_611' title='bbox 3397 3091 3576 3159; x_wconf 86' lang='lat' dir='ltr'><strong><em>impo-</em></strong></span> 
     </span>
    </p>
   </div>
   <div class='ocr_carea' id='block_1_82' title="bbox 2000 3182 3580 3257">
    <p class='ocr_par' dir='ltr' id='par_1_82' title="bbox 2000 3182 3580 3257">
     <span class='ocr_line' id='line_1_82' title="bbox 2000 3182 3580 3257; baseline -0.006 -12"><span class='ocrx_word' id='word_1_612' title='bbox 2000 3200 2182 3246; x_wconf 88' lang='lat' dir='ltr'><strong><em>stores</em></strong></span> <span class='ocrx_word' id='word_1_613' title='bbox 2210 3188 2335 3243; x_wconf 87' lang='lat' dir='ltr'><strong><em>illos</em></strong></span> <span class='ocrx_word' id='word_1_614' title='bbox 2357 3195 2512 3242; x_wconf 88' lang='lat' dir='ltr'><strong><em>vates</em></strong></span> <span class='ocrx_word' id='word_1_615' title='bbox 2540 3184 2778 3257; x_wconf 85' lang='lat' dir='ltr'><strong><em>injectis,</em></strong></span> <span class='ocrx_word' id='word_1_616' title='bbox 2801 3200 2994 3240; x_wconf 87' lang='lat' dir='ltr'><strong><em>omnes</em></strong></span> <span class='ocrx_word' id='word_1_617' title='bbox 3008 3184 3353 3240; x_wconf 85' lang='lat' dir='ltr'><strong><em>occiderunt.</em></strong></span> <span class='ocrx_word' id='word_1_618' title='bbox 3371 3182 3580 3238; x_wconf 82' lang='lat' dir='ltr'><strong><em>Deinde</em></strong></span> 
     </span>
    </p>
   </div>
   <div class='ocr_carea' id='block_1_83' title="bbox 2000 3273 3586 3351">
    <p class='ocr_par' dir='ltr' id='par_1_83' title="bbox 2000 3273 3586 3351">
     <span class='ocr_line' id='line_1_83' title="bbox 2000 3273 3586 3351; baseline -0.004 -17"><span class='ocrx_word' id='word_1_619' title='bbox 2000 3278 2115 3351; x_wconf 84' lang='lat' dir='ltr'><strong><em>regi</em></strong></span> <span class='ocrx_word' id='word_1_620' title='bbox 2146 3278 2280 3334; x_wconf 86' lang='lat' dir='ltr'><strong><em>dicit</em></strong></span> <span class='ocrx_word' id='word_1_621' title='bbox 2308 3276 2459 3333; x_wconf 89' lang='lat' dir='ltr'><strong><em>Elias</em></strong></span> <span class='ocrx_word' id='word_1_622' title='bbox 2481 3319 2494 3342; x_wconf 96' lang='lat'><strong><em>,</em></strong></span> <span class='ocrx_word' id='word_1_623' title='bbox 2529 3277 2703 3333; x_wconf 89' lang='lat' dir='ltr'><strong><em>Deum</em></strong></span> <span class='ocrx_word' id='word_1_624' title='bbox 2733 3276 2899 3347; x_wconf 90' lang='lat' dir='ltr'><strong><em>paulo</em></strong></span> <span class='ocrx_word' id='word_1_625' title='bbox 2930 3284 3056 3345; x_wconf 90' lang='lat' dir='ltr'><strong><em>post</em></strong></span> <span class='ocrx_word' id='word_1_626' title='bbox 3101 3276 3400 3331; x_wconf 88' lang='lat' dir='ltr'><strong><em>missurum</em></strong></span> <span class='ocrx_word' id='word_1_627' title='bbox 3454 3273 3586 3344; x_wconf 82' lang='lat' dir='ltr'><strong><em>plu-</em></strong></span> 
     </span>
    </p>
   </div>
   <div class='ocr_carea' id='block_1_84' title="bbox 1998 3363 3593 3441">
    <p class='ocr_par' dir='ltr' id='par_1_84' title="bbox 1998 3363 3593 3441">
     <span class='ocr_line' id='line_1_84' title="bbox 1998 3363 3593 3441; baseline -0.006 -15"><span class='ocrx_word' id='word_1_628' title='bbox 1998 3372 2164 3427; x_wconf 83' lang='lat' dir='ltr'><strong><em>viam.</em></strong></span> <span class='ocrx_word' id='word_1_629' title='bbox 2201 3370 2392 3441; x_wconf 84' lang='lat' dir='ltr'><strong><em>Itaque</em></strong></span> <span class='ocrx_word' id='word_1_630' title='bbox 2424 3369 2628 3424; x_wconf 90' lang='lat' dir='ltr'><strong><em>factum</em></strong></span> <span class='ocrx_word' id='word_1_631' title='bbox 2655 3378 2774 3434; x_wconf 86' lang='lat' dir='ltr'><strong><em>est,</em></strong></span> <span class='ocrx_word' id='word_1_632' title='bbox 2816 3376 2877 3423; x_wconf 90' lang='lat' dir='ltr'><strong><em>ut</em></strong></span> <span class='ocrx_word' id='word_1_633' title='bbox 2912 3367 3276 3439; x_wconf 80' lang='lat' dir='ltr'><strong><em>praedixerat,</em></strong></span> <span class='ocrx_word' id='word_1_634' title='bbox 3315 3373 3373 3420; x_wconf 91' lang='lat' dir='ltr'><strong><em>et</em></strong></span> <span class='ocrx_word' id='word_1_635' title='bbox 3403 3363 3593 3420; x_wconf 73' lang='lat' dir='ltr'><strong><em>imber</em></strong></span> 
     </span>
    </p>
   </div>
   <div class='ocr_carea' id='block_1_85' title="bbox 2001 3457 3580 3530">
    <p class='ocr_par' dir='ltr' id='par_1_85' title="bbox 2001 3457 3580 3530">
     <span class='ocr_line' id='line_1_85' title="bbox 2001 3457 3580 3530; baseline -0.006 -11"><span class='ocrx_word' id='word_1_636' title='bbox 2001 3464 2300 3520; x_wconf 86' lang='lat' dir='ltr'><strong><em>vehemens</em></strong></span> <span class='ocrx_word' id='word_1_637' title='bbox 2329 3463 2532 3530; x_wconf 84' lang='lat' dir='ltr'><strong><em>erupit.</em></strong></span> <span class='ocrx_word' id='word_1_638' title='bbox 2555 3460 2664 3516; x_wconf 85' lang='lat' dir='ltr'><strong><em>Sed</em></strong></span> <span class='ocrx_word' id='word_1_639' title='bbox 2690 3460 2943 3517; x_wconf 85' lang='lat' dir='ltr'><strong><em>Jezabcle</em></strong></span> <span class='ocrx_word' id='word_1_640' title='bbox 2974 3468 3207 3514; x_wconf 88' lang='lat' dir='ltr'><strong><em>mortem</em></strong></span> <span class='ocrx_word' id='word_1_641' title='bbox 3237 3457 3316 3513; x_wconf 81' lang='lat' dir='ltr'><strong><em>illi</em></strong></span> <span class='ocrx_word' id='word_1_642' title='bbox 3344 3457 3580 3513; x_wconf 89' lang='lat' dir='ltr'><strong><em>commi-</em></strong></span> 
     </span>
    </p>
   </div>
   <div class='ocr_carea' id='block_1_86' title="bbox 1998 3550 3591 3623">
    <p class='ocr_par' dir='ltr' id='par_1_86' title="bbox 1998 3550 3591 3623">
     <span class='ocr_line' id='line_1_86' title="bbox 1998 3550 3591 3623; baseline -0.004 -14"><span class='ocrx_word' id='word_1_643' title='bbox 1998 3562 2161 3618; x_wconf 89' lang='lat' dir='ltr'><strong><em>nata,</em></strong></span> <span class='ocrx_word' id='word_1_644' title='bbox 2199 3553 2467 3623; x_wconf 87' lang='lat' dir='ltr'><strong><em>propheta</em></strong></span> <span class='ocrx_word' id='word_1_645' title='bbox 2509 3551 2736 3607; x_wconf 89' lang='lat' dir='ltr'><strong><em>territus</em></strong></span> <span class='ocrx_word' id='word_1_646' title='bbox 2767 3551 2935 3622; x_wconf 80' lang='lat' dir='ltr'><strong><em>fugit,</em></strong></span> <span class='ocrx_word' id='word_1_647' title='bbox 2974 3552 3113 3606; x_wconf 88' lang='lat' dir='ltr'><strong><em>etin</em></strong></span> <span class='ocrx_word' id='word_1_648' title='bbox 3147 3550 3369 3605; x_wconf 87' lang='lat' dir='ltr'><strong><em>deserto</em></strong></span> <span class='ocrx_word' id='word_1_649' title='bbox 3414 3563 3591 3619; x_wconf 80' lang='lat' dir='ltr'><strong><em>agens</em></strong></span> 
     </span>
    </p>
   </div>
   <div class='ocr_carea' id='block_1_87' title="bbox 1998 3641 3585 3716">
    <p class='ocr_par' dir='ltr' id='par_1_87' title="bbox 1998 3641 3585 3716">
     <span class='ocr_line' id='line_1_87' title="bbox 1998 3641 3585 3716; baseline -0.004 -15"><span class='ocrx_word' id='word_1_650' title='bbox 1998 3645 2454 3716; x_wconf 82' lang='lat' dir='ltr'><strong><em>desperabundus</em></strong></span> <span class='ocrx_word' id='word_1_651' title='bbox 2470 3683 2484 3707; x_wconf 93' lang='lat'><strong><em>,</em></strong></span> <span class='ocrx_word' id='word_1_652' title='bbox 2526 3652 2758 3707; x_wconf 84' lang='lat' dir='ltr'><strong><em>mortem</em></strong></span> <span class='ocrx_word' id='word_1_653' title='bbox 2781 3660 2812 3699; x_wconf 88' lang='lat' dir='ltr'><strong><em>a</em></strong></span> <span class='ocrx_word' id='word_1_654' title='bbox 2835 3643 2946 3698; x_wconf 87' lang='lat' dir='ltr'><strong><em>Deo</em></strong></span> <span class='ocrx_word' id='word_1_655' title='bbox 2971 3642 3210 3713; x_wconf 75' lang='lat' dir='ltr'><strong><em>expetit:</em></strong></span> <span class='ocrx_word' id='word_1_656' title='bbox 3258 3641 3585 3712; x_wconf 83' lang='lat' dir='ltr'><strong><em>sopitusque</em></strong></span> 
     </span>
    </p>
   </div>
   <div class='ocr_carea' id='block_1_88' title="bbox 2000 3732 3583 3808">
    <p class='ocr_par' dir='ltr' id='par_1_88' title="bbox 2000 3732 3583 3808">
     <span class='ocr_line' id='line_1_88' title="bbox 2000 3732 3583 3808; baseline -0.005 -15"><span class='ocrx_word' id='word_1_657' title='bbox 2000 3754 2030 3793; x_wconf 86' lang='lat' dir='ltr'><strong><em>a</em></strong></span> <span class='ocrx_word' id='word_1_658' title='bbox 2059 3739 2297 3808; x_wconf 87' lang='lat' dir='ltr'><strong><em>quodam</em></strong></span> <span class='ocrx_word' id='word_1_659' title='bbox 2316 3735 2856 3805; x_wconf 81' lang='lat' dir='ltr'><strong><em>excitatur,jubente</em></strong></span> <span class='ocrx_word' id='word_1_660' title='bbox 2886 3749 3111 3805; x_wconf 87' lang='lat' dir='ltr'><strong><em>surgere</em></strong></span> <span class='ocrx_word' id='word_1_661' title='bbox 3136 3740 3194 3789; x_wconf 88' lang='lat' dir='ltr'><strong><em>et</em></strong></span> <span class='ocrx_word' id='word_1_662' title='bbox 3216 3733 3384 3788; x_wconf 89' lang='lat' dir='ltr'><strong><em>vesci.</em></strong></span> <span class='ocrx_word' id='word_1_663' title='bbox 3423 3732 3583 3787; x_wconf 74' lang='lat' dir='ltr'><strong><em>Videt</em></strong></span> 
     </span>
    </p>
   </div>
   <div class='ocr_carea' id='block_1_89' title="bbox 2001 3824 3583 3898">
    <p class='ocr_par' dir='ltr' id='par_1_89' title="bbox 2001 3824 3583 3898">
     <span class='ocr_line' id='line_1_89' title="bbox 2001 3824 3583 3898; baseline -0.004 -15"><span class='ocrx_word' id='word_1_664' title='bbox 2001 3838 2183 3883; x_wconf 89' lang='lat' dir='ltr'><strong><em>autem</em></strong></span> <span class='ocrx_word' id='word_1_665' title='bbox 2252 3841 2448 3898; x_wconf 86' lang='lat' dir='ltr'><strong><em>panem</em></strong></span> <span class='ocrx_word' id='word_1_666' title='bbox 2526 3825 2840 3895; x_wconf 84' lang='lat' dir='ltr'><strong><em>siligineum</em></strong></span> <span class='ocrx_word' id='word_1_667' title='bbox 2902 3826 3013 3880; x_wconf 89' lang='lat' dir='ltr'><strong><em>illic</em></strong></span> <span class='ocrx_word' id='word_1_668' title='bbox 3061 3833 3118 3880; x_wconf 92' lang='lat' dir='ltr'><strong><em>ct</em></strong></span> <span class='ocrx_word' id='word_1_669' title='bbox 3178 3839 3401 3894; x_wconf 88' lang='lat' dir='ltr'><strong><em>aquam.</em></strong></span> <span class='ocrx_word' id='word_1_670' title='bbox 3443 3824 3583 3880; x_wconf 86' lang='lat' dir='ltr'><strong><em>Cum</em></strong></span> 
     </span>
    </p>
   </div>
   <div class='ocr_carea' id='block_1_90' title="bbox 2000 3917 3583 3988">
    <p class='ocr_par' dir='ltr' id='par_1_90' title="bbox 2000 3917 3583 3988">
     <span class='ocr_line' id='line_1_90' title="bbox 2000 3917 3583 3988; baseline -0.003 -14"><span class='ocrx_word' id='word_1_671' title='bbox 2000 3921 2230 3982; x_wconf 77' lang='lat' dir='ltr'><strong><em>edisset.</em></strong></span> <span class='ocrx_word' id='word_1_672' title='bbox 2260 3934 2456 3974; x_wconf 90' lang='lat' dir='ltr'><strong><em>rursus</em></strong></span> <span class='ocrx_word' id='word_1_673' title='bbox 2490 3918 2813 3972; x_wconf 81' lang='lat' dir='ltr'><strong><em>obdortniit.</em></strong></span> <span class='ocrx_word' id='word_1_674' title='bbox 2842 3917 3083 3988; x_wconf 82' lang='lat' dir='ltr'><strong><em>Angelus</em></strong></span> <span class='ocrx_word' id='word_1_675' title='bbox 3107 3917 3295 3972; x_wconf 90' lang='lat' dir='ltr'><strong><em>denuo</em></strong></span> <span class='ocrx_word' id='word_1_676' title='bbox 3325 3931 3452 3971; x_wconf 89' lang='lat' dir='ltr'><strong><em>eum</em></strong></span> <span class='ocrx_word' id='word_1_677' title='bbox 3487 3929 3583 3970; x_wconf 85' lang='lat' dir='ltr'><strong><em>ve-</em></strong></span> 
     </span>
    </p>
   </div>
   <div class='ocr_carea' id='block_1_91' title="bbox 2002 4008 3585 4090">
    <p class='ocr_par' dir='ltr' id='par_1_91' title="bbox 2002 4008 3585 4090">
     <span class='ocr_line' id='line_1_91' title="bbox 2002 4008 3585 4090; baseline -0.006 -20"><span class='ocrx_word' id='word_1_678' title='bbox 2002 4019 2079 4074; x_wconf 85' lang='lat' dir='ltr'><strong><em>sci</em></strong></span> <span class='ocrx_word' id='word_1_679' title='bbox 2098 4018 2275 4090; x_wconf 81' lang='lat' dir='ltr'><strong><em>jubet,</em></strong></span> <span class='ocrx_word' id='word_1_680' title='bbox 2299 4010 2446 4089; x_wconf 85' lang='lat' dir='ltr'><strong><em>quod</em></strong></span> <span class='ocrx_word' id='word_1_681' title='bbox 2465 4012 2515 4073; x_wconf 80' lang='lat' dir='ltr'><strong><em>ei</em></strong></span> <span class='ocrx_word' id='word_1_682' title='bbox 2545 4025 2799 4089; x_wconf 75' lang='lat' dir='ltr'><strong><em>magnum</em></strong></span> <span class='ocrx_word' id='word_1_683' title='bbox 2825 4010 2932 4063; x_wconf 89' lang='lat' dir='ltr'><strong><em>iter</em></strong></span> <span class='ocrx_word' id='word_1_684' title='bbox 2955 4008 3142 4064; x_wconf 89' lang='lat' dir='ltr'><strong><em>instet.</em></strong></span> <span class='ocrx_word' id='word_1_685' title='bbox 3182 4008 3394 4063; x_wconf 75' lang='lat' dir='ltr'><strong><em>Rursus</em></strong></span> <span class='ocrx_word' id='word_1_686' title='bbox 3415 4008 3585 4077; x_wconf 80' lang='lat' dir='ltr'><strong><em>igitur</em></strong></span> 
     </span>
    </p>
   </div>
   <div class='ocr_carea' id='block_1_92' title="bbox 2003 4101 3584 4180">
    <p class='ocr_par' dir='ltr' id='par_1_92' title="bbox 2003 4101 3584 4180">
     <span class='ocr_line' id='line_1_92' title="bbox 2003 4101 3584 4180; baseline -0.003 -15"><span class='ocrx_word' id='word_1_687' title='bbox 2003 4111 2128 4166; x_wconf 90' lang='lat' dir='ltr'><strong><em>cibo</em></strong></span> <span class='ocrx_word' id='word_1_688' title='bbox 2157 4120 2376 4180; x_wconf 87' lang='lat' dir='ltr'><strong><em>sumpto</em></strong></span> <span class='ocrx_word' id='word_1_689' title='bbox 2397 4149 2413 4175; x_wconf 95' lang='lat'><strong><em>,</em></strong></span> <span class='ocrx_word' id='word_1_690' title='bbox 2445 4122 2504 4166; x_wconf 91' lang='lat' dir='ltr'><strong><em>et</em></strong></span> <span class='ocrx_word' id='word_1_691' title='bbox 2548 4110 2884 4180; x_wconf 83' lang='lat' dir='ltr'><strong><em>recuperatis</em></strong></span> <span class='ocrx_word' id='word_1_692' title='bbox 2914 4118 2979 4165; x_wconf 76' lang='lat' dir='ltr'><strong><em>ex</em></strong></span> <span class='ocrx_word' id='word_1_693' title='bbox 3009 4117 3077 4157; x_wconf 70' lang='lat'><strong><em>90</em></strong></span> <span class='ocrx_word' id='word_1_694' title='bbox 3104 4101 3349 4163; x_wconf 76' lang='lat' dir='ltr'><strong><em>Vil‘iblIS.</em></strong></span> <span class='ocrx_word' id='word_1_695' title='bbox 3391 4101 3584 4156; x_wconf 80' lang='lat' dir='ltr'><strong><em>diebus</em></strong></span> 
     </span>
    </p>
   </div>
   <div class='ocr_carea' id='block_1_93' title="bbox 2003 4201 3583 4273">
    <p class='ocr_par' dir='ltr' id='par_1_93' title="bbox 2003 4201 3583 4273">
     <span class='ocr_line' id='line_1_93' title="bbox 2003 4201 3583 4273; baseline -0.006 -16"><span class='ocrx_word' id='word_1_696' title='bbox 2003 4202 2365 4273; x_wconf 85' lang='lat' dir='ltr'><strong><em>quadraginta</em></strong></span> <span class='ocrx_word' id='word_1_697' title='bbox 2424 4202 2712 4265; x_wconf 85' lang='lat' dir='ltr'><strong><em>ambulat,</em></strong></span> <span class='ocrx_word' id='word_1_698' title='bbox 2766 4212 2820 4257; x_wconf 92' lang='lat' dir='ltr'><strong><em>et</em></strong></span> <span class='ocrx_word' id='word_1_699' title='bbox 2853 4202 2909 4257; x_wconf 91' lang='lat' dir='ltr'><strong><em>in</em></strong></span> <span class='ocrx_word' id='word_1_700' title='bbox 2964 4201 3284 4258; x_wconf 82' lang='lat' dir='ltr'><strong><em>Chorebum</em></strong></span> <span class='ocrx_word' id='word_1_701' title='bbox 3342 4203 3583 4255; x_wconf 72' lang='lat' dir='ltr'><strong><em>montem</em></strong></span> 
     </span>
    </p>
   </div>
   <div class='ocr_carea' id='block_1_94' title="bbox 2004 4293 3589 4365">
    <p class='ocr_par' dir='ltr' id='par_1_94' title="bbox 2004 4293 3589 4365">
     <span class='ocr_line' id='line_1_94' title="bbox 2004 4293 3589 4365; baseline -0.003 -15"><span class='ocrx_word' id='word_1_702' title='bbox 2004 4295 2308 4365; x_wconf 88' lang='lat' dir='ltr'><strong><em>profectus,</em></strong></span> <span class='ocrx_word' id='word_1_703' title='bbox 2341 4307 2559 4351; x_wconf 88' lang='lat' dir='ltr'><strong><em>antrum</em></strong></span> <span class='ocrx_word' id='word_1_704' title='bbox 2595 4295 2926 4365; x_wconf 84' lang='lat' dir='ltr'><strong><em>ingreditur.</em></strong></span> <span class='ocrx_word' id='word_1_705' title='bbox 2951 4293 3030 4349; x_wconf 90' lang='lat' dir='ltr'><strong><em>lbi</em></strong></span> <span class='ocrx_word' id='word_1_706' title='bbox 3056 4310 3189 4349; x_wconf 89' lang='lat' dir='ltr'><strong><em>voce</em></strong></span> <span class='ocrx_word' id='word_1_707' title='bbox 3218 4295 3441 4350; x_wconf 84' lang='lat' dir='ltr'><strong><em>audita:</em></strong></span> <span class='ocrx_word' id='word_1_708' title='bbox 3475 4293 3589 4348; x_wconf 87' lang='lat' dir='ltr'><strong><em>Cur</em></strong></span> 
     </span>
    </p>
   </div>
   <div class='ocr_carea' id='block_1_95' title="bbox 2005 4380 3587 4452">
    <p class='ocr_par' dir='ltr' id='par_1_95' title="bbox 2005 4380 3587 4452">
     <span class='ocr_line' id='line_1_95' title="bbox 2005 4380 3587 4452; baseline 0.003 -19"><span class='ocrx_word' id='word_1_709' title='bbox 2005 4388 2063 4433; x_wconf 81' lang='lat' dir='ltr'><strong><em>‘eo</em></strong></span> <span class='ocrx_word' id='word_1_710' title='bbox 2088 4382 2276 4436; x_wconf 79' lang='lat' dir='ltr'><strong><em>uenisti</em></strong></span> <span class='ocrx_word' id='word_1_711' title='bbox 2293 4383 2318 4434; x_wconf 81' lang='lat'><strong><em>?</em></strong></span> <span class='ocrx_word' id='word_1_712' title='bbox 2348 4381 2646 4452; x_wconf 86' lang='lat' dir='ltr'><strong><em>respondet</em></strong></span> <span class='ocrx_word' id='word_1_713' title='bbox 2671 4399 2685 4436; x_wconf 91' lang='lat'><strong>:</strong></span> <span class='ocrx_word' id='word_1_714' title='bbox 2710 4380 2843 4436; x_wconf 85' lang='lat' dir='ltr'><strong><em>Cum</em></strong></span> <span class='ocrx_word' id='word_1_715' title='bbox 2871 4382 2965 4437; x_wconf 87' lang='lat' dir='ltr'><strong><em>Dei</em></strong></span> <span class='ocrx_word' id='word_1_716' title='bbox 2986 4384 3163 4438; x_wconf 84' lang='lat' dir='ltr'><strong><em>studio</em></strong></span> <span class='ocrx_word' id='word_1_717' title='bbox 3189 4393 3333 4439; x_wconf 78' lang='lat' dir='ltr'><strong><em>uates</em></strong></span> <span class='ocrx_word' id='word_1_718' title='bbox 3364 4383 3587 4438; x_wconf 63' lang='lat' dir='ltr'><strong><em>Jezabe-o</em></strong></span> 
     </span>
    </p>
   </div>
   <div class='ocr_carea' id='block_1_96' title="bbox 2009 4470 3588 4544">
    <p class='ocr_par' dir='ltr' id='par_1_96' title="bbox 2009 4470 3588 4544">
     <span class='ocr_line' id='line_1_96' title="bbox 2009 4470 3588 4544; baseline 0.004 -19"><span class='ocrx_word' id='word_1_719' title='bbox 2009 4470 2075 4526; x_wconf 82' lang='lat' dir='ltr'><strong><em>lis</em></strong></span> <span class='ocrx_word' id='word_1_720' title='bbox 2121 4472 2438 4538; x_wconf 82' lang='lat' dir='ltr'><strong><em>acciderim,</em></strong></span> <span class='ocrx_word' id='word_1_721' title='bbox 2479 4472 2577 4527; x_wconf 86' lang='lat' dir='ltr'><strong><em>illa</em></strong></span> <span class='ocrx_word' id='word_1_722' title='bbox 2623 4488 2704 4527; x_wconf 84' lang='lat' dir='ltr'><strong><em>me</em></strong></span> <span class='ocrx_word' id='word_1_723' title='bbox 2728 4474 2798 4527; x_wconf 89' lang='lat' dir='ltr'><strong><em>ad</em></strong></span> <span class='ocrx_word' id='word_1_724' title='bbox 2837 4491 3013 4529; x_wconf 84' lang='lat' dir='ltr'><strong><em>necem</em></strong></span> <span class='ocrx_word' id='word_1_725' title='bbox 3055 4478 3325 4544; x_wconf 79' lang='lat' dir='ltr'><strong><em>quwritat.</em></strong></span> <span class='ocrx_word' id='word_1_726' title='bbox 3371 4476 3510 4530; x_wconf 88' lang='lat' dir='ltr'><strong><em>Tum</em></strong></span> <span class='ocrx_word' id='word_1_727' title='bbox 3545 4478 3588 4531; x_wconf 81' lang='lat' dir='ltr'><strong><em>is</em></strong></span> 
     </span>
    </p>
   </div>
   <div class='ocr_carea' id='block_1_97' title="bbox 2008 4565 3584 4640">
    <p class='ocr_par' dir='ltr' id='par_1_97' title="bbox 2008 4565 3584 4640">
     <span class='ocr_line' id='line_1_97' title="bbox 2008 4565 3584 4640; baseline 0 -18"><span class='ocrx_word' id='word_1_728' title='bbox 2008 4565 2168 4634; x_wconf 68' lang='lat' dir='ltr'><strong><em>cuius</em></strong></span> <span class='ocrx_word' id='word_1_729' title='bbox 2192 4581 2385 4621; x_wconf 79' lang='lat' dir='ltr'><strong><em>vocem</em></strong></span> <span class='ocrx_word' id='word_1_730' title='bbox 2409 4566 2667 4621; x_wconf 85' lang='lat' dir='ltr'><strong><em>audierat</em></strong></span> <span class='ocrx_word' id='word_1_731' title='bbox 2709 4566 2894 4622; x_wconf 84' lang='lat' dir='ltr'><strong><em>denuo</em></strong></span> <span class='ocrx_word' id='word_1_732' title='bbox 2918 4569 2998 4623; x_wconf 86' lang='lat' dir='ltr'><strong><em>illi</em></strong></span> <span class='ocrx_word' id='word_1_733' title='bbox 3029 4569 3107 4623; x_wconf 89' lang='lat' dir='ltr'><strong><em>ait</em></strong></span> <span class='ocrx_word' id='word_1_734' title='bbox 3133 4587 3148 4626; x_wconf 85' lang='lat'>:</span> <span class='ocrx_word' id='word_1_735' title='bbox 3176 4569 3308 4624; x_wconf 85' lang='lat' dir='ltr'><strong><em>Cras</em></strong></span> <span class='ocrx_word' id='word_1_736' title='bbox 3330 4586 3584 4640; x_wconf 81' lang='lat' dir='ltr'><strong><em>egressus,</em></strong></span> 
     </span>
    </p>
   </div>
   <div class='ocr_carea' id='block_1_98' title="bbox 2007 4656 3588 4723">
    <p class='ocr_par' dir='ltr' id='par_1_98' title="bbox 2007 4656 3588 4723">
     <span class='ocr_line' id='line_1_98' title="bbox 2007 4656 3588 4723; baseline 0.001 -11"><span class='ocrx_word' id='word_1_737' title='bbox 2007 4666 2147 4712; x_wconf 82' lang='lat' dir='ltr'><strong><em>stato</em></strong></span> <span class='ocrx_word' id='word_1_738' title='bbox 2182 4673 2365 4712; x_wconf 82' lang='lat' dir='ltr'><strong><em>coram</em></strong></span> <span class='ocrx_word' id='word_1_739' title='bbox 2394 4656 2638 4712; x_wconf 81' lang='lat' dir='ltr'><strong><em>Domino.</em></strong></span> <span class='ocrx_word' id='word_1_740' title='bbox 2660 4658 2797 4713; x_wconf 90' lang='lat' dir='ltr'><strong><em>Cum</em></strong></span> <span class='ocrx_word' id='word_1_741' title='bbox 2840 4660 2914 4714; x_wconf 89' lang='lat' dir='ltr'><strong><em>ita</em></strong></span> <span class='ocrx_word' id='word_1_742' title='bbox 2939 4658 3182 4723; x_wconf 86' lang='lat' dir='ltr'><strong><em>fecisset,</em></strong></span> <span class='ocrx_word' id='word_1_743' title='bbox 3212 4669 3432 4715; x_wconf 88' lang='lat' dir='ltr'><strong><em>ventum</em></strong></span> <span class='ocrx_word' id='word_1_744' title='bbox 3460 4675 3588 4714; x_wconf 87' lang='lat' dir='ltr'><strong><em>sen-</em></strong></span> 
     </span>
    </p>
   </div>
   <div class='ocr_carea' id='block_1_99' title="bbox 2012 4750 3586 4823">
    <p class='ocr_par' dir='ltr' id='par_1_99' title="bbox 2012 4750 3586 4823">
     <span class='ocr_line' id='line_1_99' title="bbox 2012 4750 3586 4823; baseline 0 -17"><span class='ocrx_word' id='word_1_745' title='bbox 2012 4753 2079 4806; x_wconf 88' lang='lat' dir='ltr'><strong><em>tit</em></strong></span> <span class='ocrx_word' id='word_1_746' title='bbox 2117 4760 2172 4805; x_wconf 90' lang='lat' dir='ltr'><strong><em>et</em></strong></span> <span class='ocrx_word' id='word_1_747' title='bbox 2221 4750 2694 4823; x_wconf 79' lang='lat' dir='ltr'><strong><em>concussionem,</em></strong></span> <span class='ocrx_word' id='word_1_748' title='bbox 2751 4762 2807 4806; x_wconf 88' lang='lat' dir='ltr'><strong><em>et</em></strong></span> <span class='ocrx_word' id='word_1_749' title='bbox 2853 4751 3035 4822; x_wconf 86' lang='lat' dir='ltr'><strong><em>ignem</em></strong></span> <span class='ocrx_word' id='word_1_750' title='bbox 3093 4753 3380 4808; x_wconf 84' lang='lat' dir='ltr'><strong><em>ardentem</em></strong></span> <span class='ocrx_word' id='word_1_751' title='bbox 3416 4752 3586 4807; x_wconf 85' lang='lat' dir='ltr'><strong><em>videt.</em></strong></span> 
     </span>
    </p>
   </div>
   <div class='ocr_carea' id='block_1_100' title="bbox 318 4837 1895 4927">
    <p class='ocr_par' dir='ltr' id='par_1_100' title="bbox 318 4837 1895 4917">
     <span class='ocr_line' id='line_1_100' title="bbox 318 4837 1895 4917; baseline 0.007 -28"><span class='ocrx_word' id='word_1_752' title='bbox 318 4840 433 4890; x_wconf 80' lang='grc' dir='ltr'>νεῖν</span> <span class='ocrx_word' id='word_1_753' title='bbox 457 4838 670 4891; x_wconf 80' lang='grc' dir='ltr'>ἱκέτευε</span> <span class='ocrx_word' id='word_1_754' title='bbox 693 4839 785 4892; x_wconf 78' lang='grc' dir='ltr'>τὸν</span> <span class='ocrx_word' id='word_1_755' title='bbox 812 4837 964 4894; x_wconf 86' lang='grc' dir='ltr'>Θεόν.</span> <span class='ocrx_word' id='word_1_756' title='bbox 999 4839 1300 4909; x_wconf 78' lang='grc' dir='ltr'>Κοιμηθεὶς</span> <span class='ocrx_word' id='word_1_757' title='bbox 1329 4840 1407 4905; x_wconf 80' lang='grc' dir='ltr'>δὲ,</span> <span class='ocrx_word' id='word_1_758' title='bbox 1434 4841 1726 4915; x_wconf 86' lang='grc' dir='ltr'>διυπνίσθη</span> <span class='ocrx_word' id='word_1_759' title='bbox 1751 4847 1895 4917; x_wconf 75' lang='grc' dir='ltr'>παρά</span> 
     </span>
    </p>
   </div>
   <div class='ocr_carea' id='block_1_101' title="bbox 1998 4837 3603 4927">
    <p class='ocr_par' dir='ltr' id='par_1_101' title="bbox 2009 4840 3603 4912">
     <span class='ocr_line' id='line_1_101' title="bbox 2009 4840 3603 4912; baseline -0.001 -15"><span class='ocrx_word' id='word_1_760' title='bbox 2009 4842 2219 4898; x_wconf 83' lang='lat' dir='ltr'><strong><em>Deinde</em></strong></span> <span class='ocrx_word' id='word_1_761' title='bbox 2251 4840 2361 4896; x_wconf 82' lang='lat' dir='ltr'><strong><em>levi</em></strong></span> <span class='ocrx_word' id='word_1_762' title='bbox 2390 4855 2522 4895; x_wconf 85' lang='lat' dir='ltr'><strong><em>aura</em></strong></span> <span class='ocrx_word' id='word_1_763' title='bbox 2562 4851 2774 4908; x_wconf 81' lang='lat' dir='ltr'><strong><em>exorta,</em></strong></span> <span class='ocrx_word' id='word_1_764' title='bbox 2807 4858 2874 4898; x_wconf 82' lang='lat' dir='ltr'><strong><em>ex</em></strong></span> <span class='ocrx_word' id='word_1_765' title='bbox 2917 4858 2984 4899; x_wconf 87' lang='lat' dir='ltr'><strong><em>ea</em></strong></span> <span class='ocrx_word' id='word_1_766' title='bbox 3012 4857 3206 4899; x_wconf 76' lang='lat' dir='ltr'><strong><em>vocem</em></strong></span> <span class='ocrx_word' id='word_1_767' title='bbox 3265 4843 3422 4898; x_wconf 89' lang='lat' dir='ltr'><strong><em>audit</em></strong></span> <span class='ocrx_word' id='word_1_768' title='bbox 3469 4858 3603 4912; x_wconf 63' lang='lat' dir='ltr'><strong><em>qua!</em></strong></span> 
     </span>
    </p>
   </div>
   <div class='ocr_carea' id='block_1_102' title="bbox 317 4930 1901 5005">
    <p class='ocr_par' dir='ltr' id='par_1_102' title="bbox 317 4930 1901 5005">
     <span class='ocr_line' id='line_1_102' title="bbox 317 4930 1901 5005; baseline 0.006 -24"><span class='ocrx_word' id='word_1_769' title='bbox 317 4945 469 4992; x_wconf 87' lang='grc' dir='ltr'>τινος</span> <span class='ocrx_word' id='word_1_770' title='bbox 524 4932 845 5001; x_wconf 80' lang='grc' dir='ltr'>ἀναστῆναι,</span> <span class='ocrx_word' id='word_1_771' title='bbox 899 4930 996 4984; x_wconf 78' lang='grc' dir='ltr'>καὶ</span> <span class='ocrx_word' id='word_1_772' title='bbox 1030 4933 1226 4998; x_wconf 84' lang='grc' dir='ltr'>φαγεῖν</span> <span class='ocrx_word' id='word_1_773' title='bbox 1280 4933 1430 5003; x_wconf 85' lang='grc' dir='ltr'>αὐτῷ</span> <span class='ocrx_word' id='word_1_774' title='bbox 1489 4934 1901 5005; x_wconf 77' lang='grc' dir='ltr'>ἐπιτρέποντος.</span> 
     </span>
    </p>
   </div>
   <div class='ocr_carea' id='block_1_103' title="bbox 2009 4934 3588 5009">
    <p class='ocr_par' dir='ltr' id='par_1_103' title="bbox 2009 4934 3588 5009">
     <span class='ocr_line' id='line_1_103' title="bbox 2009 4934 3588 5009; baseline 0.001 -18"><span class='ocrx_word' id='word_1_775' title='bbox 2009 4936 2212 4991; x_wconf 84' lang='lat' dir='ltr'><strong><em>reverti</em></strong></span> <span class='ocrx_word' id='word_1_776' title='bbox 2237 4934 2487 5006; x_wconf 87' lang='lat' dir='ltr'><strong><em>jubebat,</em></strong></span> <span class='ocrx_word' id='word_1_777' title='bbox 2507 4944 2565 4989; x_wconf 89' lang='lat' dir='ltr'><strong><em>et</em></strong></span> <span class='ocrx_word' id='word_1_778' title='bbox 2582 4934 2876 4990; x_wconf 86' lang='lat' dir='ltr'><strong><em>Asabelem</em></strong></span> <span class='ocrx_word' id='word_1_779' title='bbox 2896 4935 3068 5008; x_wconf 75' lang='lat' dir='ltr'><strong><em>Syria:</em></strong></span> <span class='ocrx_word' id='word_1_780' title='bbox 3093 4951 3275 5009; x_wconf 85' lang='lat' dir='ltr'><strong><em>regem</em></strong></span> <span class='ocrx_word' id='word_1_781' title='bbox 3299 4937 3588 5004; x_wconf 83' lang='lat' dir='ltr'><strong><em>inungere.</em></strong></span> 
     </span>
    </p>
   </div>
   <div class='ocr_carea' id='block_1_104' title="bbox 331 5020 1895 5099">
    <p class='ocr_par' dir='ltr' id='par_1_104' title="bbox 331 5020 1895 5099">
     <span class='ocr_line' id='line_1_104' title="bbox 331 5020 1895 5099; baseline 0.008 -28"><span class='ocrx_word' id='word_1_782' title='bbox 331 5021 469 5091; x_wconf 80' lang='grc' dir='ltr'>Ὁρᾷ</span> <span class='ocrx_word' id='word_1_783' title='bbox 510 5020 566 5072; x_wconf 73' lang='grc' dir='ltr'><strong><em>δὲ</em></strong></span> <span class='ocrx_word' id='word_1_784' title='bbox 599 5021 694 5074; x_wconf 74' lang='grc' dir='ltr'><strong><em>καὶ</em></strong></span> <span class='ocrx_word' id='word_1_785' title='bbox 729 5020 988 5092; x_wconf 75' lang='grc' dir='ltr'>όλυρίτην</span> <span class='ocrx_word' id='word_1_786' title='bbox 1037 5022 1203 5093; x_wconf 79' lang='grc' dir='ltr'>ἄρτον</span> <span class='ocrx_word' id='word_1_787' title='bbox 1249 5024 1388 5090; x_wconf 70' lang='grc' dir='ltr'>ἐκεῖ,</span> <span class='ocrx_word' id='word_1_788' title='bbox 1445 5025 1541 5079; x_wconf 73' lang='grc' dir='ltr'><strong><em>καὶ</em></strong></span> <span class='ocrx_word' id='word_1_789' title='bbox 1589 5026 1755 5099; x_wconf 80' lang='grc' dir='ltr'>ὕδωρ.</span> <span class='ocrx_word' id='word_1_790' title='bbox 1792 5030 1895 5083; x_wconf 71' lang='grc' dir='ltr'><strong><em>Καὶ</em></strong></span> 
     </span>
    </p>
   </div>
   <div class='ocr_carea' id='block_1_105' title="bbox 1998 5020 3591 5099">
    <p class='ocr_par' dir='ltr' id='par_1_105' title="bbox 2006 5026 3591 5096">
     <span class='ocr_line' id='line_1_105' title="bbox 2006 5026 3591 5096; baseline -0.005 -12"><span class='ocrx_word' id='word_1_791' title='bbox 2006 5038 2063 5085; x_wconf 88' lang='lat' dir='ltr'><strong><em>et</em></strong></span> <span class='ocrx_word' id='word_1_792' title='bbox 2097 5028 2294 5083; x_wconf 86' lang='lat' dir='ltr'><strong><em>Jehum</em></strong></span> <span class='ocrx_word' id='word_1_793' title='bbox 2329 5041 2509 5096; x_wconf 87' lang='lat' dir='ltr'><strong><em>regem</em></strong></span> <span class='ocrx_word' id='word_1_794' title='bbox 2541 5026 2784 5090; x_wconf 89' lang='lat' dir='ltr'><strong><em>lsraelis.</em></strong></span> <span class='ocrx_word' id='word_1_795' title='bbox 2813 5037 2870 5083; x_wconf 90' lang='lat' dir='ltr'><strong><em>et</em></strong></span> <span class='ocrx_word' id='word_1_796' title='bbox 2897 5028 3155 5083; x_wconf 74' lang='lat' dir='ltr'><strong><em>Elisamm</em></strong></span> <span class='ocrx_word' id='word_1_797' title='bbox 3180 5044 3281 5083; x_wconf 90' lang='lat' dir='ltr'><strong><em>suo</em></strong></span> <span class='ocrx_word' id='word_1_798' title='bbox 3307 5026 3429 5081; x_wconf 82' lang='lat' dir='ltr'><strong><em>loco</em></strong></span> <span class='ocrx_word' id='word_1_799' title='bbox 3463 5040 3591 5094; x_wconf 86' lang='lat' dir='ltr'><strong><em>pro-</em></strong></span> 
     </span>
    </p>
   </div>
   <div class='ocr_carea' id='block_1_106' title="bbox 320 5113 1895 5188">
    <p class='ocr_par' dir='ltr' id='par_1_106' title="bbox 320 5113 1895 5188">
     <span class='ocr_line' id='line_1_106' title="bbox 320 5113 1895 5188; baseline 0.006 -24"><span class='ocrx_word' id='word_1_800' title='bbox 320 5114 536 5180; x_wconf 83' lang='grc' dir='ltr'>φαγὼν,</span> <span class='ocrx_word' id='word_1_801' title='bbox 567 5113 837 5184; x_wconf 71' lang='grc' dir='ltr'>ἐκοιμήθη</span> <span class='ocrx_word' id='word_1_802' title='bbox 859 5113 1043 5178; x_wconf 82' lang='grc' dir='ltr'>πάλιν,</span> <span class='ocrx_word' id='word_1_803' title='bbox 1072 5115 1168 5168; x_wconf 79' lang='grc' dir='ltr'>καὶ</span> <span class='ocrx_word' id='word_1_804' title='bbox 1197 5114 1351 5179; x_wconf 84' lang='grc' dir='ltr'>αὖθις</span> <span class='ocrx_word' id='word_1_805' title='bbox 1379 5119 1407 5169; x_wconf 92' lang='lat'><strong><em>6</em></strong></span> <span class='ocrx_word' id='word_1_806' title='bbox 1435 5118 1668 5185; x_wconf 78' lang='grc' dir='ltr'>ἄγγελος</span> <span class='ocrx_word' id='word_1_807' title='bbox 1706 5123 1895 5188; x_wconf 83' lang='grc' dir='ltr'>φαγεῖν</span> 
     </span>
    </p>
   </div>
   <div class='ocr_carea' id='block_1_107' title="bbox 1998 5113 3590 5188">
    <p class='ocr_par' dir='ltr' id='par_1_107' title="bbox 2002 5113 3590 5187">
     <span class='ocr_line' id='line_1_107' title="bbox 2002 5113 3590 5187; baseline -0.002 -17"><span class='ocrx_word' id='word_1_808' title='bbox 2002 5117 2249 5187; x_wconf 86' lang='lat' dir='ltr'><strong><em>phetam,</em></strong></span> <span class='ocrx_word' id='word_1_809' title='bbox 2268 5116 2361 5186; x_wconf 81' lang='lat' dir='ltr'><strong><em>qui</em></strong></span> <span class='ocrx_word' id='word_1_810' title='bbox 2390 5113 2588 5183; x_wconf 87' lang='lat' dir='ltr'><strong><em>impios</em></strong></span> <span class='ocrx_word' id='word_1_811' title='bbox 2607 5116 2844 5172; x_wconf 85' lang='lat' dir='ltr'><strong><em>deleturi</em></strong></span> <span class='ocrx_word' id='word_1_812' title='bbox 2868 5131 3073 5174; x_wconf 86' lang='lat' dir='ltr'><strong><em>essent.</em></strong></span> <span class='ocrx_word' id='word_1_813' title='bbox 3090 5119 3394 5187; x_wconf 77' lang='lat' dir='ltr'><strong><em>Regressus</em></strong></span> <span class='ocrx_word' id='word_1_814' title='bbox 3420 5114 3590 5178; x_wconf 86' lang='lat' dir='ltr'><strong><em>Elias,</em></strong></span> 
     </span>
    </p>
   </div>
   <div class='ocr_carea' id='block_1_108' title="bbox 319 5201 1895 5280">
    <p class='ocr_par' dir='ltr' id='par_1_108' title="bbox 319 5201 1895 5280">
     <span class='ocr_line' id='line_1_108' title="bbox 319 5201 1895 5280; baseline 0.005 -26"><span class='ocrx_word' id='word_1_815' title='bbox 319 5201 475 5272; x_wconf 78' lang='grc' dir='ltr'>αὐτῷ</span> <span class='ocrx_word' id='word_1_816' title='bbox 530 5203 901 5279; x_wconf 60' lang='grc' dir='ltr'>ἐγκελεύεται,</span> <span class='ocrx_word' id='word_1_817' title='bbox 940 5203 1019 5267; x_wconf 82' lang='grc' dir='ltr'>ὡς</span> <span class='ocrx_word' id='word_1_818' title='bbox 1067 5203 1269 5277; x_wconf 84' lang='grc' dir='ltr'>πολλῆς</span> <span class='ocrx_word' id='word_1_819' title='bbox 1323 5205 1473 5276; x_wconf 83' lang='grc' dir='ltr'>αὐτῷ</span> <span class='ocrx_word' id='word_1_820' title='bbox 1526 5210 1895 5280; x_wconf 80' lang='grc' dir='ltr'>προκειμένης</span> 
     </span>
    </p>
   </div>
   <div class='ocr_carea' id='block_1_109' title="bbox 1998 5201 3678 5280">
    <p class='ocr_par' dir='ltr' id='par_1_109' title="bbox 2000 5205 3678 5279">
     <span class='ocr_line' id='line_1_109' title="bbox 2000 5205 3678 5279; baseline -0.002 -17"><span class='ocrx_word' id='word_1_821' title='bbox 2000 5207 2465 5279; x_wconf 88' lang='lat' dir='ltr'><strong><em>quemadmodum</em></strong></span> <span class='ocrx_word' id='word_1_822' title='bbox 2484 5208 2669 5278; x_wconf 82' lang='lat' dir='ltr'><strong><em>jussus</em></strong></span> <span class='ocrx_word' id='word_1_823' title='bbox 2692 5209 2892 5276; x_wconf 88' lang='lat' dir='ltr'><strong><em>fuerat,</em></strong></span> <span class='ocrx_word' id='word_1_824' title='bbox 2919 5210 3171 5265; x_wconf 68' lang='lat' dir='ltr'><strong><em>Elisatum</em></strong></span> <span class='ocrx_word' id='word_1_825' title='bbox 3211 5215 3458 5261; x_wconf 90' lang='lat' dir='ltr'><strong><em>arantem</em></strong></span> <span class='ocrx_word' id='word_1_826' title='bbox 3507 5205 3561 5260; x_wconf 91' lang='lat' dir='ltr'><strong><em>in</em></strong></span> <span class='ocrx_word' id='word_1_827' title='bbox 3674 5247 3678 5251; x_wconf 93' lang='lat'><strong><em>.</em></strong></span> 
     </span>
    </p>
   </div>
   <div class='ocr_carea' id='block_1_110' title="bbox 318 5294 1895 5374">
    <p class='ocr_par' dir='ltr' id='par_1_110' title="bbox 318 5294 1895 5374">
     <span class='ocr_line' id='line_1_110' title="bbox 318 5294 1895 5374; baseline 0.006 -28"><span class='ocrx_word' id='word_1_828' title='bbox 318 5294 466 5348; x_wconf 77' lang='grc' dir='ltr'>ὁδοῦ.</span> <span class='ocrx_word' id='word_1_829' title='bbox 520 5296 628 5347; x_wconf 79' lang='grc' dir='ltr'>Καὶ</span> <span class='ocrx_word' id='word_1_830' title='bbox 662 5295 828 5348; x_wconf 83' lang='grc' dir='ltr'>πάλιν</span> <span class='ocrx_word' id='word_1_831' title='bbox 877 5296 936 5349; x_wconf 70' lang='grc' dir='ltr'><strong><em>δὲ</em></strong></span> <span class='ocrx_word' id='word_1_832' title='bbox 985 5297 1179 5366; x_wconf 78' lang='grc' dir='ltr'>φαγὼν</span> <span class='ocrx_word' id='word_1_833' title='bbox 1217 5299 1645 5370; x_wconf 63' lang='grc' dir='ltr'>καὶνὲνισχύσας</span> <span class='ocrx_word' id='word_1_834' title='bbox 1683 5303 1750 5354; x_wconf 79' lang='grc' dir='ltr'>ὲκ</span> <span class='ocrx_word' id='word_1_835' title='bbox 1791 5305 1895 5374; x_wconf 84' lang='grc' dir='ltr'>τῆς</span> 
     </span>
    </p>
   </div>
   <div class='ocr_carea' id='block_1_111' title="bbox 1998 5294 3596 5374">
    <p class='ocr_par' dir='ltr' id='par_1_111' title="bbox 1999 5298 3596 5373">
     <span class='ocr_line' id='line_1_111' title="bbox 1999 5298 3596 5373; baseline -0.003 -18"><span class='ocrx_word' id='word_1_836' title='bbox 1999 5301 2148 5355; x_wconf 83' lang='lat' dir='ltr'><strong><em>venit</em></strong></span> <span class='ocrx_word' id='word_1_837' title='bbox 2163 5319 2178 5355; x_wconf 90' lang='lat'>:</span> <span class='ocrx_word' id='word_1_838' title='bbox 2195 5301 2282 5357; x_wconf 88' lang='lat' dir='ltr'><strong><em>cui</em></strong></span> <span class='ocrx_word' id='word_1_839' title='bbox 2297 5319 2423 5358; x_wconf 90' lang='lat' dir='ltr'><strong><em>cum</em></strong></span> <span class='ocrx_word' id='word_1_840' title='bbox 2443 5304 2617 5359; x_wconf 85' lang='lat' dir='ltr'><strong><em>vellus</em></strong></span> <span class='ocrx_word' id='word_1_841' title='bbox 2632 5319 2793 5358; x_wconf 89' lang='lat' dir='ltr'><strong><em>suum</em></strong></span> <span class='ocrx_word' id='word_1_842' title='bbox 2814 5303 3112 5373; x_wconf 73' lang='lat' dir='ltr'><strong><em>iniecisset,</em></strong></span> <span class='ocrx_word' id='word_1_843' title='bbox 3130 5300 3241 5362; x_wconf 88' lang='lat' dir='ltr'><strong><em>ille,</em></strong></span> <span class='ocrx_word' id='word_1_844' title='bbox 3257 5298 3467 5354; x_wconf 85' lang='lat' dir='ltr'><strong><em>relictis</em></strong></span> <span class='ocrx_word' id='word_1_845' title='bbox 3478 5315 3596 5354; x_wconf 86' lang='lat' dir='ltr'><strong><em>on.-</em></strong></span> 
     </span>
    </p>
   </div>
   <div class='ocr_carea' id='block_1_112' title="bbox 317 5385 1895 5464">
    <p class='ocr_par' dir='ltr' id='par_1_112' title="bbox 317 5385 1891 5462">
     <span class='ocr_line' id='line_1_112' title="bbox 317 5385 1891 5462; baseline 0.006 -24"><span class='ocrx_word' id='word_1_846' title='bbox 317 5385 532 5456; x_wconf 75' lang='grc' dir='ltr'>τροφῆς</span> <span class='ocrx_word' id='word_1_847' title='bbox 574 5386 817 5456; x_wconf 70' lang='grc' dir='ltr'>ικείνης,</span> <span class='ocrx_word' id='word_1_848' title='bbox 869 5387 1141 5459; x_wconf 74' lang='grc' dir='ltr'>ἐπορεύθη</span> <span class='ocrx_word' id='word_1_849' title='bbox 1192 5389 1408 5462; x_wconf 81' lang='grc' dir='ltr'>ήμέρας</span> <span class='ocrx_word' id='word_1_850' title='bbox 1455 5392 1891 5461; x_wconf 77' lang='grc' dir='ltr'>τεσσαράκοντα.</span> 
     </span>
    </p>
   </div>
   <div class='ocr_carea' id='block_1_113' title="bbox 1998 5385 3586 5464">
    <p class='ocr_par' dir='ltr' id='par_1_113' title="bbox 2000 5392 3586 5464">
     <span class='ocr_line' id='line_1_113' title="bbox 2000 5392 3586 5464; baseline -0.003 -18"><span class='ocrx_word' id='word_1_851' title='bbox 2000 5392 2185 5453; x_wconf 84' lang='lat' dir='ltr'><strong><em>nibus.</em></strong></span> <span class='ocrx_word' id='word_1_852' title='bbox 2212 5406 2339 5448; x_wconf 89' lang='lat' dir='ltr'><strong><em>eum</em></strong></span> <span class='ocrx_word' id='word_1_853' title='bbox 2364 5394 2634 5464; x_wconf 87' lang='lat' dir='ltr'><strong><em>sequitur,</em></strong></span> <span class='ocrx_word' id='word_1_854' title='bbox 2659 5395 2727 5450; x_wconf 87' lang='lat' dir='ltr'><strong><em>ad</em></strong></span> <span class='ocrx_word' id='word_1_855' title='bbox 2755 5392 3086 5449; x_wconf 85' lang='lat' dir='ltr'><strong><em>vaticinandi</em></strong></span> <span class='ocrx_word' id='word_1_856' title='bbox 3120 5406 3323 5447; x_wconf 85' lang='lat' dir='ltr'><strong><em>munus</em></strong></span> <span class='ocrx_word' id='word_1_857' title='bbox 3342 5400 3586 5447; x_wconf 89' lang='lat' dir='ltr'><strong><em>evectus.</em></strong></span> 
     </span>
    </p>
   </div>
   <div class='ocr_carea' id='block_1_114' title="bbox 319 5479 3588 5557">
    <p class='ocr_par' dir='ltr' id='par_1_114' title="bbox 319 5479 3588 5557">
     <span class='ocr_line' id='line_1_114' title="bbox 319 5479 3588 5557; baseline -0.002 -13"><span class='ocrx_word' id='word_1_858' title='bbox 319 5480 435 5532; x_wconf 61' lang='grc' dir='ltr'><strong><em>καὶ</em></strong></span> <span class='ocrx_word' id='word_1_859' title='bbox 468 5479 762 5548; x_wconf 72' lang='grc' dir='ltr'>γενόμενος</span> <span class='ocrx_word' id='word_1_860' title='bbox 794 5481 854 5532; x_wconf 69' lang='grc' dir='ltr'>ὲν</span> <span class='ocrx_word' id='word_1_861' title='bbox 880 5480 958 5550; x_wconf 83' lang='grc' dir='ltr'><strong><em>τῷ</em></strong></span> <span class='ocrx_word' id='word_1_862' title='bbox 983 5481 1100 5552; x_wconf 79' lang='grc' dir='ltr'>όρει</span> <span class='ocrx_word' id='word_1_863' title='bbox 1130 5482 1356 5553; x_wconf 80' lang='grc' dir='ltr'>Χωρὴϐ,</span> <span class='ocrx_word' id='word_1_864' title='bbox 1387 5484 1637 5554; x_wconf 85' lang='grc' dir='ltr'>εἰσῆλθεν</span> <span class='ocrx_word' id='word_1_865' title='bbox 1703 5488 1781 5550; x_wconf 81' lang='grc' dir='ltr'><strong><em>εἰς</em></strong></span> <span class='ocrx_word' id='word_1_866' title='bbox 1823 5486 2114 5555; x_wconf 89' lang='grc' dir='ltr'>σπήλαιον,</span> <span class='ocrx_word' id='word_1_867' title='bbox 2143 5488 2241 5541; x_wconf 75' lang='grc' dir='ltr'>καὶ</span> <span class='ocrx_word' id='word_1_868' title='bbox 2270 5488 2456 5556; x_wconf 84' lang='grc' dir='ltr'>φωνῆς</span> <span class='ocrx_word' id='word_1_869' title='bbox 2488 5488 2690 5557; x_wconf 73' lang='grc' dir='ltr'>ἤκουσε</span> <span class='ocrx_word' id='word_1_870' title='bbox 2713 5505 2727 5519; x_wconf 87' lang='grc'><strong>·</strong></span> <span class='ocrx_word' id='word_1_871' title='bbox 2802 5487 2864 5542; x_wconf 85' lang='grc' dir='ltr'>Τί</span> <span class='ocrx_word' id='word_1_872' title='bbox 2901 5484 3314 5556; x_wconf 78' lang='grc' dir='ltr'>παραγέγονας</span> <span class='ocrx_word' id='word_1_873' title='bbox 3374 5484 3588 5538; x_wconf 81' lang='grc' dir='ltr'><strong><em>ἐνταῦ-</em></strong></span> 
     </span>
    </p>
   </div>
   <div class='ocr_carea' id='block_1_115' title="bbox 325 5566 3588 5648">
    <p class='ocr_par' dir='ltr' id='par_1_115' title="bbox 325 5566 3588 5648">
     <span class='ocr_line' id='line_1_115' title="bbox 325 5566 3588 5648; baseline 0.001 -24"><span class='ocrx_word' id='word_1_874' title='bbox 325 5575 439 5635; x_wconf 69' lang='grc' dir='ltr'>Θτς</span> <span class='ocrx_word' id='word_1_875' title='bbox 479 5573 541 5624; x_wconf 83' lang='lat'><strong>&#39;0</strong></span> <span class='ocrx_word' id='word_1_876' title='bbox 565 5573 624 5625; x_wconf 82' lang='grc' dir='ltr'><strong><em>δὲ</em></strong></span> <span class='ocrx_word' id='word_1_877' title='bbox 653 5572 782 5641; x_wconf 73' lang='grc' dir='ltr'>ἔφη·</span> <span class='ocrx_word' id='word_1_878' title='bbox 820 5573 949 5627; x_wconf 82' lang='grc' dir='ltr'>ὀτι</span> <span class='ocrx_word' id='word_1_879' title='bbox 976 5573 1251 5641; x_wconf 80' lang='grc' dir='ltr'>ζηλώσας</span> <span class='ocrx_word' id='word_1_880' title='bbox 1295 5575 1532 5630; x_wconf 79' lang='grc' dir='ltr'>ἔκτεινα</span> <span class='ocrx_word' id='word_1_881' title='bbox 1577 5577 1719 5643; x_wconf 81' lang='grc' dir='ltr'>τοὺς</span> <span class='ocrx_word' id='word_1_882' title='bbox 1757 5578 2073 5648; x_wconf 67' lang='grc' dir='ltr'>προφήτας</span> <span class='ocrx_word' id='word_1_883' title='bbox 2113 5577 2221 5646; x_wconf 80' lang='grc' dir='ltr'>τῆς</span> <span class='ocrx_word' id='word_1_884' title='bbox 2250 5566 2527 5640; x_wconf 71' lang='grc' dir='ltr'>Ἰεζάϐελ,</span> <span class='ocrx_word' id='word_1_885' title='bbox 2559 5579 2596 5646; x_wconf 71' lang='grc' dir='ltr'>ἡ</span> <span class='ocrx_word' id='word_1_886' title='bbox 2634 5577 2704 5631; x_wconf 80' lang='grc' dir='ltr'><strong><em>δὲ</em></strong></span> <span class='ocrx_word' id='word_1_887' title='bbox 2753 5575 2915 5645; x_wconf 79' lang='grc' dir='ltr'>ζητεῖ</span> <span class='ocrx_word' id='word_1_888' title='bbox 2932 5592 3009 5646; x_wconf 80' lang='grc' dir='ltr'>με</span> <span class='ocrx_word' id='word_1_889' title='bbox 3072 5577 3334 5632; x_wconf 80' lang='grc' dir='ltr'>κτανεῖν.</span> <span class='ocrx_word' id='word_1_890' title='bbox 3410 5578 3468 5629; x_wconf 91' lang='grc' dir='ltr'>Ὀ</span> <span class='ocrx_word' id='word_1_891' title='bbox 3529 5575 3588 5628; x_wconf 79' lang='grc' dir='ltr'>δὲ</span> 
     </span>
    </p>
   </div>
   <div class='ocr_carea' id='block_1_116' title="bbox 333 5662 3590 5744">
    <p class='ocr_par' dir='ltr' id='par_1_116' title="bbox 333 5662 3590 5744">
     <span class='ocr_line' id='line_1_116' title="bbox 333 5662 3590 5744; baseline 0.001 -25"><span class='ocrx_word' id='word_1_892' title='bbox 333 5664 683 5736; x_wconf 61' lang='grc' dir='ltr'>κρηματίζων</span> <span class='ocrx_word' id='word_1_893' title='bbox 741 5662 896 5721; x_wconf 74' lang='grc' dir='ltr'>εἶπεν</span> <span class='ocrx_word' id='word_1_894' title='bbox 948 5667 1102 5735; x_wconf 83' lang='grc' dir='ltr'>αὖθις</span> <span class='ocrx_word' id='word_1_895' title='bbox 1158 5672 1308 5742; x_wconf 82' lang='grc' dir='ltr'>αύτῷ</span> <span class='ocrx_word' id='word_1_896' title='bbox 1336 5688 1355 5706; x_wconf 76' lang='grc' dir='ltr'><strong><em>ο</em></strong></span> <span class='ocrx_word' id='word_1_897' title='bbox 1385 5672 1638 5737; x_wconf 69' lang='grc' dir='ltr'>νΕξελθε</span> <span class='ocrx_word' id='word_1_898' title='bbox 1705 5675 1939 5742; x_wconf 76' lang='grc' dir='ltr'>αὔριον,</span> <span class='ocrx_word' id='word_1_899' title='bbox 1983 5677 2081 5728; x_wconf 82' lang='grc' dir='ltr'>καὶ</span> <span class='ocrx_word' id='word_1_900' title='bbox 2138 5675 2317 5739; x_wconf 79' lang='grc' dir='ltr'>στῆθι</span> <span class='ocrx_word' id='word_1_901' title='bbox 2366 5671 2627 5726; x_wconf 72' lang='grc' dir='ltr'>ἐνώπιον</span> <span class='ocrx_word' id='word_1_902' title='bbox 2656 5672 2895 5739; x_wconf 76' lang='grc' dir='ltr'>Κυρίου.</span> <span class='ocrx_word' id='word_1_903' title='bbox 2968 5671 3074 5726; x_wconf 81' lang='grc' dir='ltr'><strong><em>Καὶ</em></strong></span> <span class='ocrx_word' id='word_1_904' title='bbox 3111 5672 3369 5744; x_wconf 75' lang='grc' dir='ltr'>ἐποίησεν</span> <span class='ocrx_word' id='word_1_905' title='bbox 3412 5670 3590 5734; x_wconf 81' lang='grc' dir='ltr'>οὕτως</span> 
     </span>
    </p>
   </div>
   <div class='ocr_carea' id='block_1_117' title="bbox 336 5748 3574 5839">
    <p class='ocr_par' dir='ltr' id='par_1_117' title="bbox 336 5758 3574 5839">
     <span class='ocr_line' id='line_1_117' title="bbox 336 5758 3574 5839; baseline 0.002 -26"><span class='ocrx_word' id='word_1_906' title='bbox 336 5762 425 5813; x_wconf 69' lang='grc' dir='ltr'><strong><em>καὶ</em></strong></span> <span class='ocrx_word' id='word_1_907' title='bbox 458 5760 781 5814; x_wconf 74' lang='grc' dir='ltr'>αἰσθάνεται</span> <span class='ocrx_word' id='word_1_908' title='bbox 830 5762 1140 5832; x_wconf 78' lang='grc' dir='ltr'>πνεύματός</span> <span class='ocrx_word' id='word_1_909' title='bbox 1188 5781 1246 5819; x_wconf 90' lang='grc' dir='ltr'><strong><em>τε</em></strong></span> <span class='ocrx_word' id='word_1_910' title='bbox 1278 5766 1373 5819; x_wconf 74' lang='grc' dir='ltr'>καὶ</span> <span class='ocrx_word' id='word_1_911' title='bbox 1418 5767 1772 5837; x_wconf 74' lang='grc' dir='ltr'>συστεισμοῦ,</span> <span class='ocrx_word' id='word_1_912' title='bbox 1845 5768 1938 5823; x_wconf 72' lang='grc' dir='ltr'>καὶ</span> <span class='ocrx_word' id='word_1_913' title='bbox 1974 5769 2076 5839; x_wconf 76' lang='grc' dir='ltr'>ὁρᾷ</span> <span class='ocrx_word' id='word_1_914' title='bbox 2112 5765 2401 5837; x_wconf 81' lang='grc' dir='ltr'>καιόμενον</span> <span class='ocrx_word' id='word_1_915' title='bbox 2440 5764 2570 5836; x_wconf 72' lang='grc' dir='ltr'>πῦρ.</span> <span class='ocrx_word' id='word_1_916' title='bbox 2610 5758 2744 5819; x_wconf 78' lang='grc' dir='ltr'>Εἶτα</span> <span class='ocrx_word' id='word_1_917' title='bbox 2779 5764 2986 5833; x_wconf 78' lang='grc' dir='ltr'>λεπτῆς</span> <span class='ocrx_word' id='word_1_918' title='bbox 3035 5763 3212 5837; x_wconf 70' lang='grc' dir='ltr'>αὔρας</span> <span class='ocrx_word' id='word_1_919' title='bbox 3244 5764 3574 5835; x_wconf 61' lang='grc' dir='ltr'>γενομένης.</span> 
     </span>
    </p>
   </div>
  </div>
