3964 6252
304 355 412 422 i85-

1605 348 2019 417 ANNALIUM
2060 349 2223 411 LIB.
2248 348 2332 409 II.

3439 328 3551 401 186

309 485 419 537 ρων
449 467 767 538 ὁρμήσασα,
802 430 880 531 εἰς
906 466 1087 540 φυγὴν
1117 465 1315 531 αὐτοὺς
1371 461 1623 537 ἔτρεψεν,
1668 463 1745 528 ὡς
1785 456 1882 515 καὶ

1990 456 2178 513 diebus
2203 454 2482 512 exercitus
2512 452 2773 523 quievere
2807 467 2823 506 :
2854 449 3088 522 septimo
3127 457 3336 512 autem,
3366 446 3552 516 praelia

300 562 396 615 τδν
429 560 657 632 βασιλέα
689 561 839 631 σφῶν
866 559 1020 631 μόλις
1046 560 1289 631 φυγόντα
1317 558 1556 631 σωθῆναι
1586 574 1601 590 ο
1633 557 1727 613 καὶ
1748 557 1877 611 ἀνα-

305 652 551 723 στρέψας
580 655 648 709 ὲκ
670 653 769 722 τῆς
795 653 1029 719 διώξεως
1054 652 1278 723 Ἀχαὰ6,
1299 653 1360 706 τὸ
1384 650 1745 723 στρατόπεδον
1767 646 1879 702 τῶν

306 741 590 812 πολεμίων
618 744 915 814 διήρπασε,
940 745 1035 799 καὶ
1065 742 1337 814 ἐπανῆλθε
1388 742 1525 812 πρὸς
1550 742 1648 812 τὴν
1692 740 1878 809 Σαμά-

304 852 479 908 ρειαν.
529 835 588 890 Ὁ
614 835 675 890 δὲ
705 836 992 907 προφήτης
1011 832 1167 901 αὖθις
1189 837 1284 891 τοῦ
1314 835 1489 904 Σύρου
1529 833 1679 904 αὐτῷ
1697 834 1881 904 προεῖ-

306 944 408 980 πεν
435 928 739 982 ἑπέλευσιν.
778 928 917 997 Ἤδη
942 928 999 982 δὲ
1033 927 1355 990 ἐπιστάντος
1382 927 1480 980 τοῦ
1535 925 1715 995 ἔαρος,
1752 927 1881 978 ἐπε-

305 1019 641 1088 στράτευσεν
667 1015 821 1084 αὖθις
847 1021 874 1073 ὀ
902 1020 1075 1091 Σύρος
1105 1020 1247 1074 κατὰ
1283 1019 1380 1075 τοῦ
1424 1017 1773 1090 Toga-ileth
1821 1019 1880 1070 ἐν

304 1108 474 1180 πεδίῳ
525 1110 857 1180 ἐσκήνωσεν.
889 1106 1057 1163 Είπον
1085 1112 1193 1180 γὰρ
1230 1107 1378 1180 αὐτῷ
1404 1108 1454 1162 oi
1478 1108 1604 1179 περὶ
1637 1107 1799 1163 αὐτὸν
1822 1109 1881 1162 ἐν

302 1201 457 1271 δρεσι
487 1201 578 1254 τὸν
613 1203 745 1254 Θεὶν
770 1201 880 1256 τῶν
912 1201 1190 1274 Ἐϐραίων
1213 1201 1312 1273 τὴν
1353 1200 1582 1270 δύναμιν
1625 1199 1794 1272 ἔχειν,
1816 1199 1879 1254 οὐ

306 1293 494 1365 μέντοι
559 1298 653 1347 καὶ
717 1296 775 1346 ὲν
818 1294 1080 1349 κοιλάσιν.
1125 1293 1231 1347 Τοῦ
1283 1292 1340 1347 δὲ
1394 1292 1674 1363 προφήτου
1724 1290 1881 1360 νίκην

301 1385 781 1458 ἐπαγγελλομένου
814 1387 1139 1458 τῷἈχαὰὸ,
1160 1387 1314 1452 Ἵνα,
1350 1387 1503 1456 φησὶ,
1530 1384 1632 1441 καί
1664 1383 1733 1438 ἐν
1762 1400 1883 1438 κοι-

303 1477 455 1533 λάσ.
496 1479 607 1547 τὴν
635 1479 819 1549 ἰσχὺν
845 1479 1214 1548 ἐπιδείξηται
1237 1482 1271 1533 ὁ
1292 1480 1458 1545 Θεός.
1484 1477 1595 1541 Τὰς
1645 1476 1744 1545 μὲν
1785 1476 1881 1529 ἄλ-

288 1571 404 1636 λας
435 1574 651 1645 ἡμέρας
676 1573 953 1644 ἡσύχαζον
979 1575 1048 1629 τὰ
1081 1573 1442 1644 στρατόπεδα,
1473 1576 1539 1642 τῇ
1581 1572 1627 1627 δ’
1650 1570 1882 1643 ἑϐδόμῃ,

303 1667 493 1737 μάχης
539 1665 1028 1737 συγκροτηθείσης,
1078 1665 1375 1736 φεύγουσιν
1426 1666 1474 1719 οἱ
1526 1665 1728 1735 Σύροιο
1788 1666 1882 1718 καὶ

298 1757 515 1829 Ἀχαάὄ
544 1757 760 1825 ἐδίωκε,
786 1760 881 1812 καὶ
906 1757 1096 1831 ἀνῄρει
1129 1756 1351 1822 αὐτούς.
1382 1755 1576 1810 Πολλοὶ
1616 1757 1696 1823 δὲ,
1728 1773 1885 1827 περι-

302 1852 575 1916 σωθέντες
608 1853 688 1914 είς
724 1854 972 1921 ’Δφεκκα
1000 1851 1099 1922 τὴν
1136 1853 1311 1915 πάλιν,
1343 1852 1461 1905 ἐκεῖ
1483 1850 1878 1922 διεφθάρησαν,

299 1944 401 1999 τοῦ
432 1944 647 2015 τείχους
676 1946 1027 2010 ἐπιπεσόντος
1088 1947 1297 2009 αὐτοῖς.
1359 1944 1419 2021 LO
1453 1945 1508 1997 δὲ
1569 1944 1661 1997 τοῦ
1716 1945 1880 2011 Ἀἒερ

302 2038 425 2102 υἱὸς
455 2041 597 2108 μετά
622 2056 786 2093 τινων
814 2038 1007 2106 ὀλίγων
1040 2035 1227 2109 φυγὼν
1259 2036 1488 2107 ἐκρύϐη.
1544 2038 1606 2088 Oi
1640 2036 1698 2088 δὲ
1754 2035 1882 2109 περὶ

303 2130 541 2193 ἐκεῖνον,
562 2129 800 2194 σάκκους
817 2130 1082 2195 ἐνδύντες,
1097 2131 1191 2183 καὶ
1210 2130 1456 2201 σχοίνους
1474 2130 1590 2192 ταῖς
1619 2128 1882 2197 κεφαλαῖς

310 2223 734 2294 περιδήσαντες,
782 2222 1089 2294 προσῆλθον
1150 2224 1229 2295 τῷ
1258 2223 1487 2295 Ἀχαὰ6,
1535 2224 1630 2279 καὶ
1684 2222 1882 2285 σώζειν

304 2318 402 2372 τὸν
425 2318 605 2372 αὐτῶν
635 2318 874 2372 ἱκέτευον
905 2321 973 2375 κύ
981 2336 1096 2387 ριον
1118 2335 1132 2350 ο
1156 2319 1185 2372 ὁ
1210 2318 1266 2373 δὲ
1286 2319 1601 2373 κατένευσε,
1625 2319 1882 2372 Κάκεῖνοι

307 2411 668 2483 προσήγαγον
698 2410 790 2464 τὸν
814 2409 1059 2481 ἀρχηγὸν
1080 2409 1292 2465 ἑαυτῶν
1336 2407 1423 2479 ἐφ’
1464 2407 1673 2479 ἅρματι
1724 2409 1882 2478 ὀχου-

308 2504 459 2575 μένῳ
491 2503 572 2575 τῷ
605 2504 833 2574 Ἀχαά6.
876 2503 936 2556 Ὀ
967 2503 1023 2557 δὲ
1052 2503 1147 2557 ἐπὶ
1179 2501 1241 2555 τὸ
1283 2501 1435 2574 ἆρμα
1464 2501 1733 2572 λαμϐάνει
1780 2501 1882 2553 αὑ-

304 2598 537 2661 τὸν,καὶ
562 2594 891 2662 ἀσπάζεται,
923 2596 1019 2650 καὶ
1049 2594 1275 2667 Θαρρεῖν
1319 2594 1691 2663 ὲγκελεύεται.
1753 2589 1886 2648 Εἶτα

304 2690 403 2743 ἐπὶ
430 2689 728 2760 συνθήκαις
762 2689 975 2758 ἀφῆκεν
997 2688 1157 2742 αὐτὸν
1180 2686 1458 2751 ἀπελθεῖν,
1491 2686 1662 2740 πολλὰ
1704 2686 1886 2756 δωρη-

306 2780 570 2849 σάμενος.
617 2779 678 2831 '0
706 2779 993 2850 προφήτης
1022 2779 1077 2832 δὲ
1105 2777 1346 2849 Μιχαίας
1388 2777 1511 2833 τινὰ
1547 2777 1654 2831 τῶν
1681 2776 1888 2847 ὁμοφύ-

302 2874 418 2925 λων
450 2871 604 2943 ἠξίου
632 2871 870 2935 πατάξαι
901 2871 1067 2925 αὐτὸν
1098 2871 1242 2924 κατὰ
1271 2869 1537 2939 κεφαλῆς.
1569 2870 1675 2924 Τοῦ
1726 2870 1782 2924 δὲ
1809 2869 1884 2939 μὴ

307 2965 662 3037 πειθομένου,
685 2964 790 3017 ὑπὸ
818 2962 1032 3028 λέοντος
1057 2964 1220 3018 αὐτὸν
1250 2962 1595 3033 παταχθῆναι
1645 2964 1884 3034 προέφη,

305 3061 408 3112 καὶ
441 3058 668 3127 γέγονεν
692 3060 773 3121 είς
811 3056 971 3125 ἔργον
998 3058 1030 3127 ή
1061 3057 1387 3129 πρόρρησις.
1424 3052 1537 3109 ΕΣθ⁹
1567 3058 1742 3129 ἑτέρῳ
1788 3056 1888 3130 τὴν

1979 551 2293 613 οοωιιιίεεο,
2344 557 2495 620 terga
2529 547 2661 602 dant
2693 544 2814 618 Syri
2844 563 2857 599 :
2893 559 3035 614 quos
3078 540 3333 620 Achabus
3367 554 3549 609 perse-

1979 657 2193 711 quens,
2246 619 2451 697 multos
2501 638 2743 704 occidit,
2795 635 2954 693 multi
3019 619 3186 689 etiam
3237 630 3551 699 Apheccam

1979 733 2192 803 elapsi,
2241 732 2337 788 ubi
2380 731 2542 788 ruina
2608 743 2895 787 murorum
2940 723 3188 796 oppressi
3242 726 3550 792 perierunt.

1979 825 2178 881 Aderis
2215 840 2381 896 porro
2411 825 2556 879 (ilius
2585 838 2710 880 cum
2762 821 2953 893 paucis
2986 821 3039 874 in
3069 818 3191 891 fuga
3221 818 3549 872 occultatur.

1981 919 2113 990 Ejus
2158 918 2445 983 satellites,
2508 916 2684 971 induti
2746 916 2919 971 saccis
2990 920 3045 967 et
3098 910 3319 964 funibus
3373 908 3553 978 capita

1981 1012 2174 1078 vineti,
2199 1011 2265 1066 ad
2296 1010 2582 1066 Aehabum
2629 1023 2936 1070 accessere,
2985 1013 3046 1058 ut
3076 1004 3359 1059 dominum
3391 1016 3551 1056 suum

1981 1111 2335 1159 conservaret
2383 1101 2777 1172 supplicantes.
2840 1095 3044 1153 Annuit
3096 1111 3235 1149 rex:
3274 1091 3555 1147 adducunt

1982 1197 2062 1253 illi
2095 1197 2291 1252 ducem
2322 1210 2482 1249 suum
2507 1194 2573 1248 ad
2602 1193 2882 1248 Achahum
2911 1206 3075 1244 curru
3101 1187 3389 1242 vehentem
3415 1202 3429 1238 :
3460 1182 3556 1253 qui

1980 1307 2109 1349 eum
2141 1306 2305 1347 curru
2336 1289 2554 1359 recipit,
2581 1288 2803 1352 salutat,
2831 1284 2978 1339 hono
3004 1281 3186 1337 animo
3220 1296 3342 1335 esse
3373 1277 3553 1349 jubet.

1981 1382 2210 1446 Deinde,
2240 1380 2444 1436 laedere
2483 1381 2615 1444 icto,
2656 1393 2778 1431 cum
2810 1374 2995 1430 multis
3021 1371 3341 1427 muneribus
3372 1369 3558 1446 diruit-

1984 1436 2070 1525 tit.
2105 1436 2244 1525 Tum
2281 1467 2551 1540 propheta
2588 1436 2842 1522 blichaeas
2872 1480 2903 1518 a
2929 1462 3166 1535 quodam
3200 1436 3558 1530 popularium

1983 1571 2148 1633 caput
2194 1576 2356 1617 suum
2399 1558 2677 1615 verberari
2720 1557 2895 1630 jubet.
2941 1552 3239 1609 Recusanti
3265 1551 3378 1606 illi:
3417 1551 3482 1602 At
3509 1556 3559 1602 te

1985 1652 2086 1720 leo,
2129 1652 2331 1724 inquit,
2382 1651 2695 1706 verberabit.
2738 1651 2924 1721 Itaque
2957 1647 3161 1702 factum
3193 1653 3277 1700 est
3328 1653 3390 1698 ut
3422 1656 3567 1712 pra;-

1986 1748 2219 1805 dixerat.
2252 1746 2389 1803 Cum
2414 1746 2560 1801 idem
2590 1744 2756 1799 alium
2785 1741 3055 1812 jussisset,
3096 1739 3253 1809 isque
3279 1751 3404 1791 eum
3435 1749 3559 1789 ver-
3643 1728 3656 1738 ’

1988 1840 2274 1901 herasset,
2337 1836 2575 1904 obligato
2623 1835 2803 1904 capite
2861 1829 3144 1885 Achabum
3200 1826 3470 1881 accessit:
3513 1820 3559 1877 Α

1987 1933 2196 1988 tribuno
2233 1928 2483 1992 militum,
2510 1927 2711 1995 inquit.
2745 1925 2983 1994 captivus
3008 1937 3135 1975 mea:
3174 1918 3426 1974 custodia:
3450 1924 3564 1968 tra-

1988 2026 2149 2086 ditus,
2186 2021 2383 2093 eﬂ'ugit,
2430 2018 2490 2072 ob
2521 2010 2671 2088 quod
2711 2015 2802 2070 ille
2834 2030 2914 2068 me
2948 2013 3019 2066 ad
3048 2027 3223 2065 necem
3253 2008 3462 2079 quaerit.
3500 2003 3563 2079 Id

1990 2112 2081 2172 ubi
2104 2116 2312 2186 justum
2343 2127 2464 2166 esse
2492 2109 2749 2165 Achabas
2783 2107 3102 2175 pronuntiat
3128 2144 3143 2165 ,
3176 2102 3357 2156 soluto
3384 2094 3564 2167 capite

1989 2211 2242 2268 Miehzeas
2281 2208 2522 2279 agnitus.
2569 2201 2795 2257 Achabo
2822 2199 2929 2255 ait:
2975 2198 3237 2263 Quoniam
3277 2191 3445 2264 Syria:
3476 2205 3566 2242 re-

1987 2322 2126 2376 gem,
2166 2303 2427 2357 hominem
2468 2297 2816 2370 pestilentem,
2871 2294 3085 2361 impune
3130 2286 3397 2349 dimisisti,
3456 2283 3568 2352 ipse

1989 2372 2131 2453 illius
2161 2394 2272 2449 loco
2299 2392 2561 2455 morieris,
2598 2398 2645 2442 et
2674 2385 2896 2458 populus
2923 2393 3043 2436 tuus
3067 2395 3160 2451 pro
3183 2377 3327 2432 illius
3350 2372 3563 2445 populo.

1993 2488 2090 2543 His
2124 2484 2331 2540 auditis
2382 2498 2477 2535 rex
2531 2480 2782 2535 turbatus
2840 2482 2944 2531 est.
2997 2472 3239 2541 Actaque
3294 2480 3426 2537 pace
3468 2479 3569 2535 per

1993 2577 2316 2639 triennium,
2344 2575 2538 2630 urbem
2562 2569 2875 2632 Rcmmath,
2907 2577 2964 2620 ut
2992 2564 3059 2618 ad
3092 2578 3150 2618 se
3176 2561 3565 2631 pertinentem,

1992 2671 2143 2743 Syris
2171 2678 2486 2738 erepturus,
2517 2681 2546 2720 a
2575 2662 2875 2732 Josaphato
2909 2654 3406 2726 Hicrosolymitano
3438 2663 3567 2719 rege

1993 2763 2131 2834 petit
2182 2768 2242 2816 ut
2294 2773 2400 2813 una
2445 2756 2662 2811 militet.
2720 2751 2928 2808 Annuit
2971 2749 3103 2813 ille,
3154 2748 3432 2813 Deumque
3471 2752 3569 2811 per

1993 2855 2320 2926 prophetam
2369 2848 2581 2906 consuli
2628 2846 2808 2918 jubet,
2859 2859 2926 2897 an
2980 2839 3387 2909 expeditionem
3417 2834 3568 2889 illam

1993 2925 2216 3020 probet.
2256 2942 2513 3000 Achabus
2546 2938 2840 3010 prophetas
2867 2944 2999 2989 suos
3038 2937 3325 2994 convocat,
3351 2942 3419 2982 an
3451 2925 3571 2980 bel—

1994 3018 2109 3099 lum
2152 3039 2223 3093 sit
2275 3034 2578 3091 ineundum
2614 3039 2787 3101 rogat.
2829 3028 2942 3082 illis
2971 3025 3258 3080 victoriam
3304 3018 3571 3090 polliceno

304 3109 486 3220 αὐτὴν
517 3109 796 3221 προσῆγεν
817 3109 1041 3215 ἐξίωσιν
1065 3166 1081 3181 ο
1438 3149 1482 3202 δ’
1520 3109 1753 3215 ἐκείνου,
1786 3109 1886 3203 χοῖ-

1996 3135 2164 3198 tihus,
2189 3129 2519 3198 Josapbatus
2549 3125 2714 3179 etiam
2756 3120 3081 3190 prophetam
3113 3112 3326 3170 Domini
3350 3109 3566 3182 quaarit.

303 3239 684 3308 ταδησάμενος
715 3239 814 3307 τὴν
837 3238 1077 3308 κεφαλήν
1108 3239 1380 3310 προσῆλθε
1406 3240 1486 3312 τῷ
1518 3238 1747 3309 Ἀχαὰ6,
1798 3238 1886 3292 λέ-

303 3348 426 3401 γων
471 3331 566 3384 ἐπὶ
623 3329 839 3400 φυλακῇ
877 3330 1217 3400 παραλαϐεῖν
1257 3330 1410 3403 παρὰ
1463 3331 1555 3385 τοῦ
1592 3331 1887 3402 ταξιάρχου

305 3422 686 3494 αξχμάλωτον,
712 3422 978 3492 φυγόντος
1006 3424 1050 3477 δ’
1068 3424 1304 3488 ἐκείνου,
1335 3424 1426 3477 τὸν
1455 3426 1750 3496 ταξίαρχον
1795 3426 1891 3496 ζη-

306 3518 430 3569 τεῖν
461 3514 625 3568 αὑτὸν
663 3514 891 3570 ἀνελεῖν.
935 3513 1024 3579 Ὠς
1045 3517 1103 3569 δὲ
1131 3517 1339 3572 δίκαιον
1389 3512 1714 3573 εἶναιτοῦτο
1734 3516 1891 3575 εἶπεν

305 3607 596 3678 δ’Δχαάϐ,
652 3607 820 3672 λύσας
872 3608 1078 3672 ἐκεῖνος
1121 3611 1221 3680 τὴν
1270 3612 1534 3682 κεφαλὴν,
1569 3613 1889 3684 ἐπεγνώσθη

308 3705 392 3765 ὡς
423 3706 453 3758 ὀ
482 3705 768 3775 προφήτης
805 3703 1044 3774 Μιχαίας
1095 3699 1186 3772 ἦν.
1210 3703 1320 3759 Καὶ
1361 3703 1464 3774 ἔφη
1521 3704 1599 3775 τῷ
1659 3704 1888 3774 Ἀχαάϐο

306 3797 484 3853 Ἐπεὶ
507 3797 611 3850 τὸν
634 3795 903 3861 βασιλέα
926 3795 1146 3863 Συρίας
1199 3795 1391 3864 ἄνδρα
1442 3798 1718 3866 ὀλέθριον
1770 3798 1895 3852 ἀτι-

300 3887 592 3960 μώρητον
618 3887 882 3957 ἀφῆκας,
911 3888 1093 3953 αὐτὸς
1122 3887 1252 3942 ἀντ’
1299 3888 1536 3943 ἐκείνου
1592 3888 1890 3958 ἀποθανῇ,

305 3983 415 4037 καὶ
446 3983 483 4036 ὁ
510 3981 623 4047 σὸς
643 3982 794 4046 λαός
821 3981 956 4035 ἀντὶ
987 3982 1093 4035 τοῦ
1122 3981 1280 4036 λαοῦ
1323 3969 1581 4037 ἐκείνου.
1615 3982 1891 4057 Ἐλυπήθη

304 4073 524 4128 τούτων
548 4072 788 4137 ἀκούσας
811 4074 839 4127 ὁ
868 4073 1095 4143 Ἀχαά6.
1129 4074 1257 4127 Ἐπὶ
1294 4073 1351 4127 δὲ
1387 4075 1630 4145 τριετίαν
1673 4076 1895 4145 εἰρήνην

305 4164 562 4235 ἀγαγὼν,
591 4160 709 4217 εἶτα
734 4164 1013 4236 βουληθεὶς
1039 4164 1138 4237 τήν
1180 4165 1335 4220 πόλιν
1381 4164 1628 4238 Ῥεμμὰϐ
1685 4167 1796 4238 (65)
1820 4166 1896 4231 ὡς

305 4258 469 4328 αὖτῷ
503 4258 873 4327 διαφέρουσαν
904 4258 1201 4327 ἀφελέσθαι
1223 4259 1333 4311 τῶν
1356 4257 1566 4328 Σύρων,
1587 4260 1742 4329 ἠξίου
1797 4259 1894 4312 καὶ

307 4348 408 4402 τὸν
445 4345 674 4418 βασιλέα
707 4345 808 4416 τῆς
853 4343 1215 4417 Ἰερουσαλὴμ
1244 4347 1338 4400 τὸν
1386 4347 1655 4417 Ἰωσαφὰθ
1702 4365 1894 4401 συνεκ-

306 4439 648 4512 οτρατεῦσαι
675 4437 845 4508 αὐτῷ.
880 4440 1145 4500 Κακεῖνος
1177 4437 1490 4501 κατένευσε,
1517 4440 1610 4492 καὶ
1641 4438 1896 4493 συνεϐού-

304 4531 475 4587 λευεν
494 4530 769 4603 ἐρωτῆσαι
801 4531 895 4586 τὸν
934 4529 1066 4585 Θεὸν
1092 4531 1180 4585 διὰ
1226 4527 1323 4583 τοῦ
1361 4532 1665 4601 προφήτου,
1701 4532 1749 4585 εί
1795 4532 1886 4584 εὐ-

304 4624 483 4680 δοκεῖ.
542 4622 748 4693 Ἀχαὰΰ
783 4622 860 4690 δὲ,
906 4623 1034 4687 τοὺς
1066 4622 1261 4677 ἑαυτοῦ
1297 4623 1582 4694 προφήτας
1621 4623 1886 4692 συγκαλε-

309 4713 578 4784 σάμενος,
608 4715 657 4767 εί
691 4713 1017 4785 πορεύσεται
1060 4712 1197 4785 πρὸς
1231 4712 1467 4783 πόλεμον
1518 4712 1705 4786 ἤρετο.
1762 4714 1885 4786 Tth

303 4807 372 4862 δὲ
409 4808 572 4879 νίκην
594 4807 1104 4879 ἐπαγγελλομένων,
1126 4810 1155 4862 ὁ
1182 4807 1438 4879 βασιλεὺς
1473 4809 1740 4876 Ἰωσαφάτ
1761 4826 1896 4881 προ-

306 4897 500 4969 φήτην
545 4899 782 4970 ἐζήτησε
820 4897 915 4952 τοῦ
961 4899 1193 4970 Κυρίου.
1245 4899 1453 4970 Ἀχαὰὸ
1495 4900 1553 4953 δὲ
1592 4895 1732 4954 εἶναι
1793 4900 1892 4970 μὲν

306 4990 445 5057 ἔφη,
484 4987 924 5059 προσωχθικέναι
944 4987 990 5040 δ’
1019 4987 1217 5057 ἐκείνῳ
1246 4987 1397 5041 κακὰ
1435 4985 1889 5056 προαγορεύοντι.

305 5077 432 5134 Καὶ
454 5078 485 5131 ὀ
530 5077 795 5144 Ἰωσαφὰτ
818 5075 1084 5147 κληθῆναι
1109 5076 1273 5130 αὐτὸν
1296 5075 1469 5145 ἠξίου.
1496 5075 1782 5145 κληθέντα
1830 5074 1889 5128 δὲ

308 5166 410 5221 ’τὸν
438 5166 702 5236 Μιχαίαν,
733 5166 922 5237 ήρὼτα
957 5168 986 5219 ὁ
1031 5166 1235 5237 Ἀχαὰό
1273 5169 1323 5220 εἰ
1357 5167 1687 5237 μαχήσεται,
1721 5166 1754 5237 ἢ
1791 5166 1888 5237 μή.

322 5257 390 5311 '0
418 5256 499 5312 δέ·
540 5257 809 5326 Ἑώρακα
846 5258 955 5311 τὸν
993 5259 1252 5327 Ἰσραὴλ,
1289 5257 1416 5329 ἔφη,
1449 5256 1895 5326 διεσπαρμένον

309 5350 386 5403 ἐν
410 5349 537 5414 τοῖς
572 5349 780 5417 ὄρεσιν
818 5350 899 5417 ὡς
954 5351 1233 5422 ποίμνιον
1288 5353 1676 5422 ἀποίμαντον.
1723 5351 1787 5403 '0
1826 5348 1897 5402 δὲ

310 5441 536 5508 Κύριος
572 5436 706 5494 εἶπέ
725 5458 849 5510 μοι,
886 5440 1031 5508 τοὺς
1053 5442 1169 5511 μὲν
1211 5441 1596 5511 σωθήσεσθαι
1619 5438 1716 5494 καὶ
1747 5440 1895 5495 ἀνα-

306 5534 602 5602 στρέψαι,
630 5534 707 5589 σὲ
740 5533 808 5590 δὲ
835 5536 1030 5608 μόνον
1081 5537 1399 5592 πεσεῖσθαι
1483 5535 1555 5590 ἐν
1622 5532 1896 5604 Ῥεμμάθ.

1992 3227 2253 3284 Acbabus
2288 3237 2407 3278 esse
2441 3217 2731 3289 quemdam
2764 3210 3099 3282 respondet,
3134 3206 3229 3263 sed
3280 3203 3385 3259 sibi
3423 3200 3568 3254 invi-

1993 3336 2114 3378 sum
2137 3334 2279 3380 esse,
2315 3313 2455 3370 mala
2486 3312 2786 3384 pradicere
2810 3306 3054 3363 solitum.
3087 3297 3415 3369 Josaphatus
3443 3308 3565 3349 eum

1992 3412 2176 3470 vocari
2199 3411 2378 3483 jubet.
2408 3403 2750 3461 Accersitum
2799 3398 3062 3455 Achabas
3100 3401 3274 3463 rogat,
3317 3400 3567 3460 pugnan-

1994 3507 2125 3562 dum
2171 3479 2262 3564 sit,
2302 3516 2371 3554 an
2408 3514 2542 3553 non.
2582 3496 2902 3565 Respondet
2939 3491 3032 3545 ille
3077 3505 3094 3548 :
3138 3487 3253 3541 Vidi
3298 3479 3573 3539 Israelitas

1993 3605 2047 3658 in
2092 3599 2350 3655 montibus
2386 3595 2645 3666 dispersos
2690 3600 2746 3645 ut
2781 3605 2989 3662 gregem
3030 3586 3146 3640 sine
3193 3588 3437 3654 pastore”
3466 3575 3572 3632 Sed

1998 3696 2248 3749 Dominus
2280 3691 2405 3744 mihi
2444 3688 2597 3751 dixit,
2640 3684 2759 3738 illos
2790 3682 2996 3747 quidem
3043 3674 3330 3730 incolumes
3368 3670 3572 3725 reditu-

1994 3804 2099 3847 ros,
2135 3793 2183 3837 te
2206 3798 2321 3837 vero
2349 3779 2518 3835 solum
2551 3774 2871 3830 Ilemmatluv
2893 3784 3164 3823 casurum.
3200 3766 3325 3819 Haec
3347 3760 3569 3815 Michma

1994 3877 2199 3934 locuto.
2246 3871 2505 3927 Achahus
2549 3864 2889 3932 Josaphato:
2948 3858 3136 3913 Nonne
3182 3853 3314 3915 dixi,
3367 3848 3567 3917 inquit,

1995 3983 2111 4021 eum
2149 3964 2275 4019 mihi
2298 3959 2437 4016 male
2477 3959 2836 4011 ominaturum
2862 3950 3015 4005 esse?
3050 3944 3351 4001 Sedechias
3380 3947 3566 3995 autem

1995 4060 2217 4132 quidam
2248 4073 2315 4112 ex
2346 4046 2843 4125 pseudoprophetis
2886 4045 3099 4112 alapam
3131 4038 3281 4094 dedit
3307 4034 3567 4090 Michaue.

1994 4124 2095 4207 (iui
2130 4150 2219 4203 ille
2254 4124 2470 4217 inquit:
2518 4141 2594 4195 Tu
2636 4137 2795 4212 paulo
2830 4144 2943 4207 post
2990 4148 3054 4187 ea:
3096 4132 3202 4185 alio
3249 4126 3485 4182 conclavi
3516 4124 3573 4177 in

1996 4246 2147 4302 aliud
2170 4241 2438 4303 transibis,
2474 4236 2706 4291 latebras
2741 4232 3053 4305 quwritans.
3080 4226 3352 4283 Caeterum
3396 4221 3574 4277 Acha-

1992 4338 2097 4393 bus
2120 4334 2229 4406 95
2272 4330 2551 4387 Michteam
2599 4327 2655 4381 in
2710 4338 2929 4378 carcere
2977 4315 3244 4374 custodiri
3293 4312 3448 4384 jubet
3504 4308 3571 4362 ad

1996 4403 2234 4487 reditum
2264 4440 2447 4481 suum.
2489 4420 2628 4475 Tum
2684 4418 2814 4472 ille:
2858 4412 2916 4470 Si
2944 4423 3020 4476 tu,
3053 4411 3251 4481 inquit,
3296 4403 3574 4461 incolumis

1998 4522 2240 4583 redieris,
2291 4532 2395 4570 non
2437 4512 2640 4567 locutus
2672 4516 2747 4564 est
2776 4523 2869 4577 per
2896 4521 2978 4559 me
3022 4503 3296 4557 Dominus.
3333 4497 3576 4567 Regibus

1993 4612 2106 4683 jam
2148 4605 2430 4680 profectis,
2473 4602 2639 4658 etiam
2691 4598 2954 4670 Syrorum
2984 4610 3080 4650 rex
3114 4593 3285 4647 aciem
3329 4585 3573 4646 instruit.

1996 4676 2196 4759 etsuis
2223 4696 2446 4753 mandat
2482 4707 2551 4774 ne
2592 4704 2755 4761 quem
2803 4692 2990 4757 petant
3036 4683 3140 4738 nisi
3191 4680 3366 4736 solum
3399 4676 3577 4732 Acha-

1996 4796 2147 4852 bum.
2201 4793 2253 4848 ls
2301 4804 2456 4850 vero.
2485 4772 2679 4841 habitu
2743 4782 2894 4853 regio
2955 4775 3243 4846 deposito,
3296 4772 3571 4843 privatum

1996 4890 2325 4954 sumpserat.
2382 4879 2572 4949 Itaque
2629 4876 2893 4946 Syrorum
2951 4868 3123 4923 duces
3192 4862 3570 4931 Josaphatum,

1996 4976 2257 5048 regaliter
2282 4973 2516 5033 cultum,
2542 4966 2825 5023 Achabum
2857 4976 2980 5017 esse
3028 4961 3380 5029 putaverunt,
3416 4963 3571 5003 eum-

1992 5083 2099 5139 que
2118 5061 2606 5122 circumdede‘runt
2628 5076 2642 5115 :
2663 5056 2758 5113 sed
2782 5070 2909 5110 cum
2936 5068 3043 5107 non
3066 5063 3188 5105 esse
3210 5058 3389 5114 regem
3404 5040 3575 5095 lsrae-

1992 5137 2216 5215 litarum
2283 5153 2599 5218 vidissent,
2640 5148 3000 5217 reliquerunt.
3056 5137 3309 5195 Aehabus
3364 5139 3571 5193 autem,

1993 5249 2191 5321 sagitta
2234 5247 2397 5309 ictus,
2445 5258 2571 5299 cum
2619 5240 2822 5295 lethale
2868 5251 2991 5293 esse
3045 5231 3245 5285 vulnus
3287 5223 3571 5287 sensisset,
3603 5209 3616 5224 ’

1995 5339 2182 5410 auriga
2203 5349 2427 5392 currum
2478 5349 2510 5391 e
2554 5347 2734 5403 pugna
2771 5327 3008 5384 educere
3049 5321 3227 5389 jusso,
3258 5312 3403 5366 circa
3439 5308 3572 5362 solis

2003 5403 2258 5488 occasum
2290 5428 2544 5484 moritur.
2576 5425 2712 5493 Ejus
2751 5420 2900 5475 obitu
2929 5413 3047 5485 Syri
3081 5406 3304 5477 cognito
3348 5403 3571 5457 domum

2003 5527 2312 5584 redierunt.
2340 5522 2504 5595 Regis
2529 5530 2712 5577 autem
2747 5514 2979 5572 cadaver
3010 5502 3314 5562 Samariam
3340 5500 3576 5555 relatum

1524 5689 1729 5752 Variae
1760 5686 2065 5750 lectiones
2112 5691 2174 5746 et
2202 5689 2390 5745 notas.

392 5810 510 5888 (63)
544 5813 831 5887 'Psmuio;
876 5818 954 5873 Ita
1005 5817 1129 5876 cod.
1180 5817 1330 5875 Coib.
1380 5778 1587 5874 etus.
1626 5813 1886 5877 Joscphus

1990 5808 2296 5878 ιράμανθαν
2333 5803 2518 5860 habet.
2554 5799 2784 5856 Wolfius
2830 5793 3111 5867 Ῥύεμμαν
3150 5788 3420 5848 ediderat.
