3980 6246
471 359 570 425 187

1796 358 2027 422 ῙΟΑΝΝ

2154 358 2476 420 ZONAR/E
3203 423 3224 444 ,
3637 374 3731 438 188

467 477 758 548 sepelitur.
795 478 900 536 Sed
933 495 1156 536 currum
1207 478 1277 536 de
1315 477 1464 536 cede
1506 478 1626 550 ejus
1651 485 1944 534 cruentum
1989 476 2027 530 ir

2149 476 2339 532 Ταῦτα
2368 478 2462 532 τοῦ
2498 477 2726 551 Μιχαίου
2758 479 3026 547 εἰπόντος,
3053 486 3081 538 δ
3105 484 3316 556 ’Δχαὰσ
3346 487 3485 556 πρὸς
3547 491 3732 546 Ἰωσα-

467 569 619 622 fonte
661 568 923 626 Samariae
973 570 1342 626 occultarunt.
1385 569 1478 625 Sic
1523 578 1582 624 et
1611 583 1778 624 canes
1822 567 2047 637 sangui-

464 673 591 714 nem
617 663 736 732 ejus
757 662 1060 728 linterunt,
1091 673 1148 718 et
1175 671 1358 719 scorta
1397 661 1661 718 fonteillo
1693 659 2044 726 lavabantur,

469 762 524 807 ut
553 753 700 810 Elias
745 758 1074 814 vaticinatus
1125 756 1327 813 fuerat.
1359 756 1612 812 Mortuus
1653 763 1741 811 est
1767 753 2044 819 Achabus,

468 855 530 900 ut
584 845 840 905 Michaeas
880 849 1226 920 praedixerat,
1278 850 1545 912 interitu.
1607 849 1860 920 quamvis
1915 855 2044 902 ante

465 939 731 1004 audisset,
785 956 894 996 non
937 943 1170 1006 evitato,
1201 958 1326 998 cum
1375 950 1654 1014 regnasset
1693 955 1868 996 annos
1907 940 2048 996 duos

465 1036 522 1082 et
557 1029 770 1100 viginti.
805 1033 1052 1105 Regnum
1085 1034 1325 1105 suscepit
1353 1033 1496 1088 filius
1520 1034 1640 1104 ejus
1685 1031 1978 1088 Ochozias.

2153 571 2260 640 φάτ
2287 570 2390 642 ἔφη
2410 587 2424 601 ·
2460 574 2581 627 οὐκ
2609 569 2784 629 εἶπόν
2813 590 2937 644 σοι,
2963 579 3045 645 ὡς
3069 578 3224 634 κακά
3250 598 3346 644 μοι
3379 581 3468 635 ἀεὶ
3502 599 3730 652 προφη-

2150 665 2346 731 τεύει;
2373 665 2626 728 Σεδεκίας
2663 667 2720 720 δέ
2773 685 2860 734 τις
2893 669 3002 725 τῶν
3051 669 3516 744 ψευδοπροφητῶν
3573 677 3730 746 ἐρρά-

2153 774 2281 810 πισε
2315 759 2416 829 τὴν
2461 759 2688 826 σιαγόνα
2728 760 2986 832 Μιχαίου.
3043 761 3102 816 '0
3154 763 3212 817 δέ
3262 765 3367 835 ἔφη
3390 765 3562 835 αὐτῷ’
3600 769 3729 820 Mer”

2151 851 2360 920 ὀλίγον
2380 851 2622 918 ταμεῖον
2633 853 2703 906 ἐκ
2725 855 2968 923 ταμείου
2987 855 3261 925 ἀμείψεις
3299 859 3727 926 κρυπτόμενος.

2163 941 2225 994 Ὃ
2257 941 2313 994 δὲ
2353 940 2610 1011 βασιλεὺς
2639 943 2848 1015 Ἀχαὰϐ
2875 947 3269 1021 καθειρχθῆναι
3300 953 3482 1018 αὑτὸν,
3521 956 3732 1024 καίφυ-

2155 1033 2472 1100 λάττεσθαι,
2507 1039 2701 1108 μέχρις
2745 1039 2813 1093 ἂν
2849 1041 3012 1104 αὐτὸς
3035 1043 3373 1120 ὑποστρέψῃ,
3407 1051 3728 1122 προσέταξε.

464 1123 576 1176 Καὶ
612 1124 640 1176 ό
667 1125 930 1195 Μιχαίαςο
976 1128 1118 1182 Ἐὰν
1148 1126 1543 1196 ὑποστρέψῃς
1576 1127 1646 1181 ἐν
1677 1125 1890 1195 εἰρήνῃ
1931 1125 2036 1194 σὺ,
2078 1120 2254 1189 εἶπεν,
2289 1129 2402 1182 οὐκ
2443 1128 2753 1197 ἐλάλησεν
2775 1132 2846 1186 ἐν
2873 1133 3007 1202 ἐμοὶ
3037 1137 3276 1205 Κύριος.
3353 1120 3492 1213 Ἤδη
3543 1142 3602 1196 δέ
3637 1161 3733 1199 πο-

465 1215 768 1285 ρευθέντων
797 1217 906 1270 τῶν
939 1217 1227 1286 βασιλέων,
1257 1219 1352 1272 καὶ
1385 1223 1412 1272 ὁ
1433 1217 1541 1272 τῶν
1569 1216 1757 1288 Σύρων
1791 1215 2046 1286 βασιλεὺς
2083 1217 2268 1281 αὐτοῖς
2333 1217 2824 1288 ἀντιπαρετάξατο,
2895 1223 3272 1294 ἐντειλάμενος
3309 1231 3425 1293 τοῖς
3469 1232 3732 1298 στρατιώ-

461 1323 586 1373 ταις
614 1308 781 1363 αύτοῦ
830 1311 1025 1382 μηδενὶ
1051 1311 1309 1382 πολεμεῖν
1338 1311 1449 1364 τῶν
1483 1311 1682 1373 ἄλλων,
1723 1312 1772 1364 εί
1816 1310 1892 1381 μὴ
1935 1310 2084 1381 μόνῳ
2135 1310 2214 1382 τῷ
2277 1309 2486 1380 ’Λχαὰϐ
2517 1312 2614 1382 τὴν
2647 1313 2936 1384 βασιλικὴν
3003 1318 3244 1390 ἀμείψας
3301 1323 3496 1396 στολὴν
3522 1367 3538 1390 ,
3590 1327 3732 1382 ίδιω-

461 1401 623 1471 τικὴν
650 1403 962 1459 ἐνεδύσατο.
1013 1405 1235 1469 Ἰδόντες
1265 1405 1322 1458 δέ
1343 1408 1390 1460 οἱ
1419 1407 1530 1459 τῶν
1588 1405 1778 1476 Σύρων
1845 1403 2184 1476 στρατάρχαι
2215 1404 2307 1457 τὸν
2347 1405 2617 1473 Ἰωσαφὰτ
2681 1411 3094 1480 κεκοσμημένον
3145 1413 3476 1482 βασιλικῶς,
3548 1421 3734 1495 ᾠήθη-

463 1509 569 1547 σαν
601 1488 743 1548 εἶναι
771 1495 864 1550 τὸν
899 1497 1128 1566 Ἀχαά6,
1161 1501 1257 1555 καὶ
1290 1497 1611 1554 ἐκύκλωσαν
1640 1497 1830 1553 αὐτόν.
1867 1497 1958 1558 Ὠς
1998 1497 2044 1550 δ’
2085 1497 2334 1586 ἔγνωσαν
2402 1497 2478 1568 μὴ
2508 1498 2637 1552 ὄντα
2667 1501 2757 1554 τὸν
2785 1501 3009 1570 βασιλέα
3062 1505 3156 1558 τοῦ
3230 1506 3469 1581 Ἰσραήλ,
3526 1488 3734 1586 ἀνεχώ-

465 1598 660 1672 ρησαν.
699 1579 794 1652 Εἷς
820 1586 878 1641 δέ
910 1606 1015 1656 τις,
1051 1589 1114 1643 τὸ
1165 1591 1320 1657 τόξον
1374 1589 1640 1654 ἐντείνας,
1697 1587 1882 1660 βάλλει
1937 1585 2030 1640 τὸν
2069 1585 2299 1656 Ἀχαάσ.
2325 1587 2490 1650 Γνοὺς
2519 1587 2575 1641 δὲ
2633 1589 2867 1660 καιρίως
2897 1593 3197 1665 πληγῆναι,
3230 1597 3308 1668 τῷ
3369 1579 3575 1672 ἡνιόχῳ

462 1653 621 1728 λευσε
647 1677 706 1730 τὸ
738 1677 892 1750 ἅρμα
925 1653 1024 1750 τῆς
1061 1653 1257 1754 μάχης⁷
1281 1653 1722 1751 ὲξαγαγεῖν.καλ
1764 1677 1895 1749 περὶ
1947 1677 2100 1730 δύσιν
2137 1653 2312 1747 ’ήλίου
2371 1676 2611 1742 ἐξέλιπε.
2653 1653 2765 1733 καὶ
2809 1653 2858 1734 oi
2897 1653 3227 1755 μέν’-έύροι,
3270 1653 3732 1767 γνόνιτεςλτεθνη-

463 1767 596 1820 κότα
619 1768 712 1822 τὸν
747 1770 979 1843 Ἀχαά6,
1011 1775 1256 1844 ἀπῆλθον
1285 1775 1422 1844 πρὸς
1457 1773 1710 1837 ἑαυτούς.
1756 1773 1816 1827 ⁸0
1855 1771 1912 1825 δέ
1939 1769 2034 1824 τοῦ
2077 1769 2342 1841 βασιλέως
2395 1771 2588 1844 νεκρὸς
2652 1775 2940 1846 κομισθεὶς
2973 1779 3054 1842 είς
3085 1780 3404 1852 Σαμάρειαν
3435 1786 3731 1845 θάπτεταιο

463 1857 608 1913 Τὸδέ
631 1861 784 1933 ἅρμα
829 1863 1261 1937 καθῃμαγμένον
1315 1866 1394 1937 τῷ
1442 1866 1588 1936 φόνῳ
1625 1864 1720 1919 τοῦ
1772 1863 2040 1936 βασιλέως
2079 1862 2408 1934 ἀπέκρυψαν
2443 1863 2502 1916 ἐν
2570 1867 2634 1937 τῇ
2671 1867 2849 1942 κρήνῃ
2909 1871 3008 1941 τῆς
3043 1872 3381 1945 Σαμαρείας,
3435 1881 3534 1934 καὶ
3571 1884 3626 1936 οῖ
3674 1902 3732 1938 τε

460 1953 624 2020 κύνες
655 1957 717 2011 τὺ
749 1955 890 2028 αἷμα
922 1961 1156 2030 ἐλειξαν,
1188 1963 1250 2016 αῖ
1282 1963 1572 2034 τες-«πόρναι
1603 1963 1697 2016 ἐπὶ
1733 1963 1799 2033 τῇ
1857 1961 2036 2033 κρήνῃ
2076 1959 2340 2026 ἐλούοντο,
2371 1961 2448 2024 ὡς
2471 1960 2664 2024 Ἠλίας
2691 1965 3046 2052 προείρηκεν.
3073 1970 3342 2028 Ἀπέθανε
3374 1977 3728 2050 καὶἈχαὰσ,

459 2052 644 2108 ὅπουὸ
673 2055 913 2126 Μιχαίας
955 2057 1352 2129 προηγόρευσε,
1395 2057 1488 2112 τὸν
1538 2057 1760 2128 ὄλεθρον
1823 2055 1898 2127 μὴ
1938 2053 2148 2124 φυγὼν,
2195 2054 2374 2108 καίτοι
2426 2057 2812 2128 προρρηθέντα
2886 2062 3058 2135 αὐτῷ,
3115 2065 3445 2136 βασιλεύσας
3483 2072 3579 2144 ἔτη
3637 2075 3735 2132 δύο

460 2145 556 2200 καὶ
578 2147 772 2201 είκοσι.
800 2147 914 2217 Τὴν
941 2149 998 2202 δέ
1023 2149 1305 2218 βασιλείαν
1333 2152 1362 2204 ό
1394 2153 1522 2214 παῖς
1555 2149 1720 2204 αὐτοῦ
1749 2148 2002 2220 Ὀχοσίας
2027 2148 2366 2216 μετ’ὲκεῖνον
2397 2148 2729 2218 παρέλαϐεν.

534 2237 651 2294 XV.
707 2238 1065 2309 Josaphatum
1107 2255 1290 2312 regem
1353 2241 1910 2315 Hierosolymitanum
1965 2239 2027 2294 ali

2207 2237 2308 2291 IE'.
2340 2237 2610 2309 Ἰωσαφὰτ
2631 2241 2708 2311 τῷ
2724 2241 2936 2314 βασιλεῖ
2957 2246 3270 2320 Ἱερουσαλὴ
3279 2269 3318 2322 μ
3335 2254 3444 2308 ἀπὸ
3460 2257 3563 2328 τῆς
3587 2261 3732 2332 πρὸς

463 2328 816 2398 expeditione
867 2330 1090 2386 domum
1139 2333 1488 2402 redeuntem,
1536 2333 1709 2390 Jehus
1773 2332 2027 2404 propheta

2157 2329 2364 2401 Ἀχαάϐ
2409 2333 2727 2404 συμμαχίας
2774 2339 3129 2395 ἐπανελθόντι
3160 2344 3330 2414 Ἰηοῦς
3365 2348 3394 2400 ὁ
3437 2328 3731 2425 προφήτης

465 2416 733 2488 increpat,
765 2420 910 2489 quod
943 2420 1154 2477 homini
1191 2423 1362 2492 impio
1404 2438 1564 2494 opem
1608 2423 1846 2490 tulisset,
1886 2439 2027 2479 eum'

2145 2423 2484 2486 ἐπενεκάλει,
2519 2427 2603 2480 ὅτι
2633 2427 2910 2501 ἀνθρώπῳ
2939 2435 3319 2506 συνεμάχησεν
3344 2416 3537 2496 ἀσεϐεῖ
3561 2416 3582 2474 ί

461 2521 569 2586 que
605 2523 635 2563 a
669 2509 802 2577 Deo,
847 2513 1098 2581 quamvis
1138 2529 1202 2569 ea
1229 2528 1289 2568 re
1325 2513 1536 2570 oﬂenso
1575 2530 1698 2572 esse
1743 2531 2027 2572 conserva-

2145 2515 2340 2582 σθῆναι
2373 2517 2417 2568 δ’
2459 2517 2622 2570 αὑτὸν
2665 2518 2820 2582 ἔλεγε
2861 2523 3012 2594 παρά
3041 2526 3136 2579 τοῦ
3198 2529 3358 2595 Θεοῦ,
3417 2536 3601 2591 καίτοι
3645 2540 3727 2612 τῷ

465 2607 602 2655 tum.
659 2601 774 2658 Rex
805 2605 1006 2674 gratias
1057 2607 1210 2678 agit:
1266 2607 1610 2678 lustrataquc
1649 2609 1799 2664 omni
1831 2609 2027 2664 ditione

2141 2604 2289 2676 ἔργῳ
2319 2607 2486 2660 αὑτοῦ
2522 2611 3019 2681 προσωχθίσαντος.
3065 2618 3122 2671 '0
3150 2619 3207 2672 δὲ
3247 2621 3507 2692 βασιλεὺς
3545 2601 3727 2702 ηὖχαζ

461 2705 581 2756 sua,
611 2694 758 2766 leges
782 2697 1062 2753 observari
1097 2708 1175 2766 et,
1219 2700 1506 2772 judicibus
1533 2703 1736 2773 passim
1764 2705 2027 2759 constitu-

2145 2699 2341 2768 ρίστει.
2401 2697 2534 2754 Εἶτα
2588 2702 2687 2774 τὴν
2747 2705 2840 2758 ὑπ’
2890 2708 3052 2762 αὐτὸν
3113 2717 3542 2786 περιερχόμενος
3607 2723 3725 2793 χώ-

463 2784 557 2850 tis,
593 2787 695 2842 rite
728 2789 843 2845 ﬁeri
888 2791 1098 2862 judicia
1129 2794 1320 2850 edixit.
1375 2795 1511 2851 Cum
1555 2807 1761 2864 autem,
1789 2797 2027 2852 Moabitis

2144 2809 2265 2860 ραν,
2297 2793 2424 2855 τοὺς
2447 2793 2647 2863 νόμους
2669 2801 2853 2868 τηρεῖν
2881 2801 3210 2867 ἐνετέλλετο,
3246 2809 3338 2860 καὶ
3367 2810 3558 2879 κριτὰς
3587 2829 3726 2867 παν-ι

459 2889 516 2934 et
541 2879 892 2948 Ammanitis,
937 2885 1030 2956 qui
1080 2887 1247 2941 etiam
1296 2887 1504 2944 Arabes
1553 2891 1886 2956 asciverant,
1941 2891 2027 2946 Ju-

2139 2884 2308 2954 ταχοῦ
2369 2887 2751 2958 καταστήσας,
2814 2891 3039 2956 δικαίως
3089 2897 3296 2968 κρίνειν
3357 2903 3720 2969 προσέταττε.

458 2971 629 3026 ᾶωειη
677 2977 972 3044 aggressis,
1015 2977 1256 3034 divinam
1303 2996 1464 3051 opem
1511 2983 1869 3053 imploraret:
1910 3001 2027 3055 pro.

2143 2977 2426 3032 Μοαοιτῶν
2461 2979 2517 3032 δὲ
2573 2980 2668 3034 καὶ
2716 2982 3071 3052 Ἀμμανιτῶν
3117 2989 3581 3062 προσλαϐομένων
3624 3001 3723 3051 καὶ

459 3061 622 3130 pheta
669 3065 892 3135 quidam
947 3069 1117 3124 Deum
1152 3087 1254 3140 pro
1301 3087 1367 3127 eo
1413 3084 1787 3144 pugnaturum
1840 3077 1939 3140 ait,
1973 3093 2027 3133 at

2144 3069 2391 3138 Ἄραϐας
2427 3071 2773 3128 ἐπελθόντων
2803 3074 2974 3145 αὐτῷ,
3007 3079 3328 3136 ἐπεκαλεῖτο
3354 3085 3447 3138 τὸν
3479 3087 3614 3139 Θεὸν
3639 3090 3722 3152 εξς

455 3153 694 3212 educere
714 3160 938 3228 quidem
965 3165 1270 3219 exercitum
1309 3166 1486 3236 jubet,
1515 3183 1625 3222 non
1665 3177 1845 3224 tamen
1879 3168 2027 3226 inva-

2143 3161 2420 3232 βοήθειαν.
2456 3165 2752 3236 Προφήτης
2790 3167 2847 3219 δέ
2875 3185 2961 3232 τις
2989 3170 3380 3244 ὑπερμαχῆσαι
3413 3176 3582 3231 αὐτοῦ
3628 3180 3722 3233 τὶν

459 3245 592 3304 dere
630 3250 838 3316 hostes,
893 3254 987 3308 sed
1019 3263 1230 3311 stantes
1258 3257 1506 3312 divinum
1539 3261 1806 3315 auxilium
1841 3278 2036 3332 exspe-

463 3347 635 3394 ctare.
672 3341 786 3398 Rex
836 3359 994 3400 mane
1048 3361 1300 3416 egressus
1345 3350 1646 3406 exercitum
1687 3362 1833 3408 stare
1856 3354 2036 3425 jubet,

459 3431 778 3488 sacerdotes
827 3449 952 3490 cum
995 3437 1144 3494 tubis
1180 3448 1309 3495 ante
1363 3442 1670 3497 exercitum
1707 3445 2033 3511 consistere,

460 3520 683 3603 Levitas
749 3537 805 3582 et
845 3539 1100 3586 cantores
1140 3534 1441 3603 gratiarum
1495 3537 1766 3593 actionem
1811 3549 2033 3594 cantare

457 3601 599 3671 Deo.
636 3617 774 3672 Tum
811 3619 1000 3677 hostes
1045 3601 1345 3690 concitati,
1385 3627 1592 3683 mutuis
1638 3644 1758 3685 sese
1793 3629 2032 3686 aedibus

452 3708 835 3777 com‘ecerunt,
871 3725 930 3770 ut
959 3730 1028 3770 ne
1059 3733 1201 3772 unus
1233 3718 1458 3788 quidem
1483 3731 1815 3790 superesset.
1871 3723 2029 3780 Josa-

453 3801 657 3874 pliatus
689 3814 867 3862 castra
893 3809 1132 3864 hostium
1175 3813 1444 3868 exercitui
1481 3813 1792 3886 diripienda
1825 3833 2027 3874 conce-

449 3894 551 3950 dit.
580 3897 663 3962 Ab
691 3914 756 3953 eo
788 3907 1034 3970 tempore
1078 3904 1328 3971 Barbari,
1367 3922 1494 3962 eum
1527 3915 1588 3962 ut
1629 3909 1742 3964 Deo
1775 3909 2028 3981 adjutore

451 3985 641 4042 nixum
672 3990 857 4055 veriti,
890 3992 1242 4062 quieverunt.
1276 3995 1546 4052 Ochozias
1585 4008 1793 4064 autem,
1817 4001 2032 4056 Israeli-

455 4081 636 4128 tarum
678 4093 795 4143 rex,
843 4080 1218 4152 improbitatis
1263 4095 1556 4154 parentum
1608 4087 1854 4143 imitator
1904 4091 2028 4146 fuit.

451 4165 584 4238 Ejus
635 4171 787 4242 regni
835 4189 981 4230 anno
1023 4179 1264 4231 secundo
1297 4177 1544 4233 lloabita:
1573 4180 1859 4248 vectigalia
1891 4183 2030 4236 reti-

451 4273 727 4329 nuerunt,
781 4280 903 4334 qua:
947 4266 1086 4336 patri
1133 4267 1244 4339 96
1291 4269 1533 4339 pendere
1588 4271 1733 4326 soliti
1789 4273 2028 4330 fuerant.

452 4350 573 4420 Ipse
617 4365 890 4424 aegrotans
931 4359 1011 4412 ‘ad
1055 4361 1494 4418 Accaronensem
1547 4363 1742 4426 deam.
1787 4365 2026 4422 Muscam

453 4443 699 4508 nomine,
733 4460 1112 4517 percontatum
1144 4453 1314 4515 misit.
1343 4469 1410 4508 an
1439 4455 1820 4512 convaliturus
1841 4459 2030 4513 esset?

452 4530 670 4602 Legatis
705 4535 758 4589 in
794 4537 990 4593 itinere
1018 4541 1261 4595 occurrit
1283 4543 1458 4609 Elias,
1482 4559 1546 4599 ac
1577 4545 1801 4600 domum
1826 4549 2027 4602 reverti

443 4619 626 4690 jubet,
663 4623 826 4691 eique
849 4643 878 4680 a
911 4643 1020 4697 quo
1051 4630 1202 4686 missi
1227 4644 1413 4689 essent
1441 4635 1628 4691 dicere
1651 4678 1667 4704 ,
1707 4638 1838 4707 quia
1865 4640 2030 4693 mise-

450 4712 525 4767 rit
557 4713 623 4768 ad
657 4713 1024 4774 Barbarorum
1079 4721 1268 4790 deum,
1319 4727 1476 4796 quasi
1525 4727 1714 4783 lsraeli
1744 4730 1886 4786 Deus
1918 4747 2025 4786 non

445 4813 624 4872 esset,
687 4824 816 4864 eum
866 4826 902 4866 e
965 4813 1112 4869 lecto
1165 4831 1266 4871 suo
1320 4833 1430 4872 non
1486 4831 1888 4876 surrecturum.
1942 4823 2022 4878 Illi

2139 3255 2272 3308 Θεὸν
2299 3251 2444 3323 εἷπε,
2477 3259 2572 3312 καὶ
2607 3259 2818 3313 κελεύει
2843 3260 3134 3331 ἐξαγαγεῖν
3173 3267 3273 3336 μὲν
3300 3269 3398 3338 τὴν
3427 3272 3716 3340 στρατιὰν,

2143 3348 2217 3420 μὴ
2249 3351 2519 3418 συμμίξαι
2554 3355 2739 3421 μέντοι
2766 3357 2880 3416 τοῖς
2917 3355 3214 3426 πολεμίοις,
3245 3360 3490 3426 ἑστῶτας
3515 3363 3562 3416 δ’
3585 3367 3719 3434 ίρᾷν

2137 3443 2238 3512 τὴν
2273 3442 2462 3497 θεόθεν
2495 3444 2838 3514 ἐπικουρίαν.
2877 3447 3088 3500 Ἐωθεν
3107 3449 3150 3501 δ’
3179 3451 3411 3514 ἐξελθὼν
3438 3455 3582 3521 μετὰ
3615 3457 3720 3519 τῆς

2141 3537 2404 3604 στρατιᾶς
2438 3538 2466 3588 ό
2498 3535 2778 3604 βασιλεὺς,
2828 3542 2894 3608 τῇ
2932 3540 3035 3610 μὲν
3085 3540 3338 3596 ἵστασθαι
3383 3544 3715 3613 ἐνετέλλετο,

2140 3627 2267 3690 τοὺς
2295 3628 2460 3697 ἱερεῖς
2506 3629 2560 3682 δέ
2611 3632 2939 3698 προεστάναι
2987 3631 3084 3685 τοῦ
3132 3635 3544 3706 στρατεύματος
3579 3643 3720 3708 μετα

2133 3717 2242 3770 τῶν
2282 3717 2623 3787 σαλπίγγων,
2668 3721 2762 3774 καὶ
2803 3722 2927 3786 τοὺς
2961 3724 3192 3791 Δευϊτας
3235 3727 3328 3782 καὶ
3369 3729 3496 3793 τοὶς
3531 3730 3720 3805 tump-

2131 3808 2260 3870 δοὺς
2297 3809 2446 3882 ᾄδειν
2495 3811 2915 3884 εὐχαριστήριον
2964 3815 3041 3884 τῷ
3090 3818 3220 3888 Θεῷ.
3259 3823 3322 3874 Ol
3353 3821 3430 3883 δέ,
3468 3825 3718 3897 πολέμιοι

2133 3900 2256 3954 κατ’
2286 3902 2539 3970 ἀλλήλων
2586 3903 2924 3972 κινηθέντες,
2957 3908 3220 3979 ἀλλήλους
3255 3913 3598 3984 ἀπέκτεινον,
3639 3921 3720 3985 ώς

2137 3992 2342 4060 μηδένα
2381 3993 2648 4061 σωθῆναι.
2691 3995 2960 4066 Ἰωσαφὰτ
2990 3999 3044 4052 δέ
3069 4002 3150 4066 είς
3183 4004 3713 4085 διαρπαγὴνάφῆκε

2130 4085 2198 4152 τῇ
2230 4084 2462 4154 στρατιᾷ
2490 4087 2590 4155 τὴν
2623 4085 2732 4139 τῶν
2767 4089 3024 4144 ἐναντίων
3064 4097 3454 4171 παρεμϐολήν.
3493 4084 3713 4158 Ἐντεῦ-

2133 4173 2224 4223 θεν
2253 4171 2328 4235 ὡς
2359 4173 2416 4226 τὸ
2441 4173 2598 4228 Θεῖον
2633 4176 2826 4248 ἔχοντα
2865 4181 3182 4256 σύμμαχον,
3219 4189 3497 4257 δείσαντες
3525 4197 3713 4264 αὑτὸν,

2129 4263 2181 4314 οἱ
2207 4263 2492 4333 ἀλλόφυλοι
2523 4268 2790 4338 ἠρέμουν.
2833 4275 3084 4344 Ὀχοζίας
3115 4279 3172 4332 δέ
3217 4281 3246 4334 ὁ
3297 4281 3408 4345 τῶν
3443 4284 3718 4359 Ἰσραηλι-

2131 4357 2240 4408 τῶν
2288 4356 2562 4427 βασιλεὺς,
2625 4365 2742 4426 τοῖς
2796 4365 2964 4420 αὑτοῦ
3023 4371 3276 4435 γονεῦσιν
3327 4379 3408 4440 εἰς
3445 4383 3718 4453 πονηρίαν

2129 4449 2402 4517 ώμοίωτο.
2451 4451 2590 4522 Περὶ
2623 4449 2688 4507 ’δὲ
2721 4453 2782 4506 τὸ
2815 4455 3072 4530 δεύτερον
3119 4461 3239 4527 ἔτος
3283 4471 3385 4536 τῆς
3432 4449 3717 4540 βασιλείας

2129 4540 2297 4594 αὐτοῦ
2329 4543 2560 4612 ἐπέσχον
2586 4546 2635 4598 οἱ
2659 4547 2932 4602 Μοαϐῖται
2959 4553 3085 4615 τοὺς
3115 4556 3333 4624 φόρους,
3362 4559 3456 4624 οὓς
3492 4565 3715 4634 εἰσέφε-

2130 4645 2222 4698 ρον
2251 4633 2328 4701 τῷ
2375 4635 2541 4706 πατρὶ
2571 4635 2759 4692 αὑτοῦ.
2796 4639 3050 4711 Νοσήσας
3095 4643 3172 4709 δὲ,
3215 4649 3352 4718 πρὸς
3379 4652 3480 4722 τὴν
3511 4633 3718 4709 Ἀκκα-

2129 4723 2240 4791 ρὼν
2281 4724 2424 4788 θεὸν,
2469 4729 2653 4791 Μυῖας
2707 4728 3128 4806 ὠνομασμένην,
3189 4738 3454 4810 επεμψεν,
3491 4745 3715 4814 ἐρωτῶν

2127 4816 2173 4866 εί
2197 4817 2704 4886 ἀναρρωσθήσεται.
2727 4821 2912 4888 ῚΙλίας
2929 4825 3135 4892 δὲ,τοὶ’ς
3157 4829 3514 4903 ἐσταλμένοις
3541 4839 3716 4894 ὕπαν-

444 4897 680 4965 regressi
708 4899 897 4956 audita
926 4891 1194 4962 referunt.
1223 4907 1462 4964 chozia
1497 4920 1722 4980 rogante
1765 4913 2018 4984 quisnam

2134 4912 2321 4982 τήσας,
2348 4917 2712 4984 ἀναστρέφειν
2747 4920 2988 4986 ἐκέλευε,
3015 4925 3110 4978 καὶ
3139 4925 3324 4995 λέγειν
3345 4931 3424 4998 τῷ
3451 4933 3712 5005 πέμψανο

447 4985 500 5042 id
533 4988 780 5059 dixisset,
829 5003 991 5066 atque
1037 4997 1146 5053 illis
1181 5000 1436 5070 ignorare
1493 5017 1550 5057 se
1585 5003 1920 5066 dicentibus,
1953 5005 2022 5061 de

447 5079 624 5137 forma
671 5085 820 5141 illius
865 5088 1109 5147 hominis
1161 5105 1550 5163 percontatur:
1587 5111 1750 5166 quem
1789 5112 1912 5152 cum
1939 5097 2018 5151 illi

403 5195 414 5204 -
447 5165 722 5228 hirsutum
760 5189 882 5229 esse
909 5177 1176 5243 dicerent,
1225 5182 1458 5251 pelliceo
1505 5165 1727 5254 cingulo
1755 5185 2016 5250 cinctum,

445 5257 619 5316 Eliam
649 5281 772 5320 esse
805 5267 1078 5338 intelligit,
1115 5288 1200 5334 ac.
1225 5275 1548 5330 centurione
1575 5292 1700 5332 cum
1747 5277 2020 5348 quinqua-

443 5356 590 5426 ginla
636 5359 880 5415 millibus
911 5364 1102 5424 misso,
1128 5381 1254 5418 eum
1283 5367 1480 5422 adduci
1509 5368 1690 5439 jubet.
1731 5371 1862 5436 Qui,
1890 5386 2014 5424 cum

444 5464 572 5506 eum
607 5451 664 5507 in
719 5454 927 5510 vertice
980 5458 1180 5514 montis
1232 5460 1552 5527 invenisset,
1597 5461 1664 5515 ad
1710 5479 1892 5534 regem
1937 5462 2017 5516 ire

442 5540 619 5611 jubet.
650 5541 850 5598 Verum
877 5544 942 5598 ad
990 5545 1121 5602 Elite
1153 5564 1346 5618 preces
1379 5550 1522 5622 ignis
1558 5551 1628 5605 de
1663 5553 1806 5606 cmlo
1863 5550 2018 5604 dela-

444 5648 577 5704 psus
630 5633 782 5689 illum
841 5653 965 5692 cum
1025 5643 1140 5695 suis
1183 5644 1444 5699 omnibus
1491 5643 1853 5712 consumpsit.
1907 5643 2064 5698 Alii.

444 5741 611 5794 porro
641 5729 868 5785 totidem
908 5749 937 5786 a
972 5748 1099 5804 rege
1146 5736 1296 5791 missi
1331 5737 1449 5808 pari
1483 5737 1658 5792 exitio
1707 5735 2014 5806 perierunt.

447 5820 666 5878 Tertius
721 5824 1003 5897 ablegatus
1058 5829 1310 5887 centurio
1365 5847 1490 5888 cum
1551 5831 1668 5888 suis
1721 5829 2011 5896 militibus,

2125 5021 2178 5056 τι
2215 5006 2350 5074 πρὸς
2375 5005 2461 5058 τὸν
2487 5007 2595 5060 τῶν
2624 5008 2937 5078 ἀλλοφύλων
2981 5015 3124 5079 θεὸν,
3154 5017 3230 5081 ὡς
3259 5019 3336 5090 τῷ
3369 5023 3590 5096 Ἰσραὴλ
3632 5028 3714 5100 μὴ

2125 5100 2278 5162 ὄντος
2327 5101 2486 5164 Θεοῦ,
2541 5103 2624 5156 ὅτι
2668 5105 2733 5158 ἐκ
2779 5107 2876 5176 τῆς
2929 5108 3118 5182 κλίνης
3164 5113 3264 5166 οὐκ
3317 5115 3707 5187 ἀναστήσεται.

2126 5193 2238 5245 Καὶ
2295 5195 2344 5247 oi
2401 5195 2616 5266 ἄνδρες,
2655 5199 3083 5267 ἐπανελθόντες,
3146 5199 3300 5258 εἷπον
3349 5207 3386 5260 ἃ.
3437 5211 3708 5280 ήκουσαν.

2139 5285 2386 5354 Ὀχοζίας
2444 5287 2526 5351 δὲ,
2583 5289 2669 5352 τίς
2724 5291 2752 5343 ὁ
2803 5291 2979 5346 ταῦτα
3034 5295 3274 5366 εἰρηκὼς
3322 5298 3432 5367 εἴη,
3488 5302 3708 5373 ἠρώτα.

2126 5377 2249 5429 Τῶν
2275 5378 2331 5430 δὲ
2366 5377 2441 5449 μὴ
2491 5379 2692 5434 είδένσι
2746 5384 3060 5452 φησάντων,
3110 5387 3172 5440 τὸ
3215 5385 3354 5454 εἶδος
3389 5392 3485 5444 τοῦ
3514 5396 3712 5464 ἀνδρδς

2125 5468 2337 5522 ἐκείνου
2371 5471 2554 5548 λέγειν
2608 5473 2810 5544 ἀπῄτει
2860 5477 3076 5542 αὐτούς.
3135 5480 3412 5534 Είπόντων
3447 5484 3504 5537 δὲ
3536 5487 3714 5540 δασὺν

2125 5556 2288 5620 εἶναι,
2323 5563 2418 5614 καὶ
2459 5562 2638 5632 ζώνην
2663 5565 2998 5637 δερματίνην
3041 5570 3432 5642 περιεζῶσθαι,
3473 5577 3712 5647 συνῆκεν

2123 5651 2200 5714 ώς
2228 5652 2414 5717 Ἦλίας
2441 5650 2528 5723 ἦν.
2568 5655 2676 5708 Kal.
2703 5657 2925 5728 πέμψας
2956 5663 3430 5734 πεντηκόνταρχον
3463 5669 3562 5722 σὺν
3590 5673 3709 5734 τοῖς

2123 5741 2217 5795 ὑπ’
2252 5743 2438 5808 αὐτὸν,
2495 5746 2728 5816 ἀχθῆναι
2789 5749 2882 5802 τὸν
2937 5753 3226 5826 προφήτην
3279 5756 3557 5813 ἐκέλευσε.
3590 5763 3709 5814 Καὶ

2123 5835 2150 5888 ό
2193 5835 2403 5901 σταλεὶς
2436 5838 2529 5891 ἐπὶ
2557 5841 2657 5909 τῆς
2699 5840 2945 5910 κορυφῆς
2978 5843 3070 5899 τοῦ
3103 5845 3481 5922 ὕρους,εύρὼν
3516 5855 3704 5920 αὑτὸν,
