3980 6246
303 334 398 399 189

1597 342 2009 405 ANNALIUM
2051 346 2205 408 LIB.
2249 349 2330 412 II.

3452 367 3552 433 190

293 438 446 505 ἣκειν
496 449 725 505 ἐκέλευε
784 454 919 524 πρὸ..
971 454 1065 509 τὸν
1127 456 1370 529 βασιλέα.
1436 457 1749 528 Εὑξαμένου
1802 454 1854 510 δὲ

1963 469 2089 511 cum
2134 459 2201 513 ad
2248 461 2568 532 prophetam
2626 469 2889 537 venisset,
2946 473 3261 541 procubuit,
3317 492 3550 546 eumque

291 543 496 608 Ἠλίου,
525 543 663 614 πῦρ,
697 546 988 617 οὐρανόθεν
1029 550 1176 621 ῥυὲν,
1206 550 1481 622 διέφθειρε
1522 551 1613 605 τὸν
1667 568 1864 623 πεντη-

288 633 590 706 κόνταρχον
617 637 713 689 καὶ
741 638 865 701 τοὺς
892 639 988 692 σὺν
1018 640 1188 709 αὐτῷ.
1213 642 1323 697 Καὶ
1345 644 1373 696 ὁ
1402 641 1654 713 βασιλεὺς
1677 642 1864 712 ἕτερον

287 728 497 783 ἔστειλε
564 732 1039 805 πεντηκόνταρχον
1106 737 1245 805 μετὰ
1312 737 1422 790 τῶν
1479 736 1820 808 πεντήκοντα
1844 750 1860 766 ο

287 824 580 889 κάκείνους
643 827 845 896 ὁμοίως
903 829 1016 899 πῦρ
1048 830 1301 898 οὐράνιον
1365 831 1696 893 ἐδαπάνησε.
1752 830 1864 883 Καὶ

286 912 448 982 αὖθις
469 919 654 988 τρίτος
676 921 933 993 ἐπέμφθη
961 922 1255 993 ταξίαρχος
1282 924 1380 977 σὺν
1411 926 1526 987 τοῖς
1558 922 1650 976 ὑπ’
1674 923 1862 979 αὐτόν.

296 1011 422 1073 Ὃς,
455 1012 549 1064 ἐπὶ
577 1010 671 1064 τὸν
700 1016 992 1083 προφήτην
1018 1013 1208 1080 ἐλθὼν,
1236 1016 1420 1071 πεσὼν
1463 1015 1863 1088 προσεκύνησε,

285 1101 382 1154 καὶ
416 1104 716 1173 παρῃτεῖτο
751 1102 850 1174 τὴν
883 1102 942 1168 ὲξ
982 1104 1148 1158 αὐτοῦ
1186 1106 1480 1177 τιμωρίαν,
1513 1106 1687 1175 λέγων
1716 1107 1864 1161 ἄκων

279 1195 442 1266 ἥκειν
480 1194 746 1266 βασιλικῷ
793 1199 1156 1269 πεπεισμένος
1193 1200 1546 1268 κελεύσματι,
1593 1203 1687 1255 καὶ
1721 1219 1860 1274 παρ·

277 1288 473 1342 εκάλει
503 1288 666 1341 αὐτὸν
693 1288 947 1344 ἀπελθεῖν
976 1292 1114 1362 πρὸς
1148 1292 1240 1345 τὸν
1303 1293 1545 1364 βασιλέα.
1574 1294 1756 1349 Ἠλίου
1783 1294 1861 1362 δὲ,

277 1380 518 1448 ἀγγέλου
550 1381 701 1452 αὐτῷ
744 1384 1078 1453 πορευθῆναι
1128 1386 1397 1451 εἰπόντος,
1449 1387 1546 1441 καὶ
1579 1387 1654 1458 μὴ
1682 1391 1869 1460 προεῖ-

284 1472 440 1539 σθαι,
498 1474 768 1545 κατῆλθεν
820 1477 883 1530 ἐκ
930 1475 1023 1530 τοῦ
1077 1477 1260 1548 ὅρους,
1318 1481 1412 1533 καὶ
1465 1479 1738 1545 ἀπελθὼν,
1788 1480 1867 1550 τῷ

282 1564 504 1634 βασιλεῖ
532 1564 635 1635 ἔφη
666 1583 680 1597 ·
730 1567 890 1622 Ἐπεὶ
934 1569 1086 1636 πρὸς
1123 1569 1449 1639 ἀλλότριον
1486 1569 1625 1624 θεὸν
1667 1570 1864 1624 ἔστει-

278 1659 424 1723 λας,
458 1654 648 1724 ζητῶν
674 1660 727 1713 εί
764 1659 987 1729 ζήσεις,
1039 1661 1167 1717 ἴσθι
1196 1664 1276 1728 ὡς
1306 1664 1417 1717 οὐκ
1447 1663 1768 1732 ἀναστήσῃ
1797 1664 1867 1718 ἐκ

275 1749 394 1816 τῆς
420 1752 635 1814 νόσου,
661 1752 823 1807 ἀλλὰ
852 1754 1136 1827 τεθνήξῃ.
1174 1754 1471 1811 Ἀπέθανεν
1500 1752 1594 1811 οὖν
1615 1757 1866 1825 Ὀχοζίας

277 1844 425 1898 κατὰ
481 1843 581 1914 τὴν
632 1843 726 1896 τοῦ
787 1848 1070 1917 προφήτου
1127 1849 1453 1919 πρόρρησιν,
1522 1849 1596 1919 τῷ
1649 1848 1864 1918 ἀδελφῷ

290 1934 503 2006 Ἰωρὰμ
522 1936 621 2005 τὴν
655 1936 935 2006 βασιλείαν
963 1938 1303 2007 καταλιπὼν,
1330 1941 1386 2004 ὃς
1409 1944 1507 2005 τὰς
1535 1943 1634 2013 μὲν
1661 1944 1864 2014 στήλας

274 2027 375 2081 τοῦ
412 2027 581 2091 Βάαλ,
622 2027 689 2091 ἃς
728 2027 958 2101 ἔστησεν
1008 2032 1214 2102 ’Ᾱχααϐ
1260 2035 1288 2086 ὀ
1321 2034 1502 2105 πατὴρ
1535 2034 1701 2089 αὐτοῦ
1734 2053 1861 2090 συν-

278 2119 474 2191 έτριψε
496 2136 511 2152 ο
549 2119 721 2175 τᾶλλα
754 2121 810 2174 δὲ
844 2123 1050 2190 esset];
1077 2125 1175 2177 καὶ
1207 2126 1441 2197 πονηρὸς
1469 2122 1557 2198 ἦν,
1609 2129 1702 2181 καὶ
1748 2131 1861 2191 τοῖς

276 2211 499 2280 γονεῦσι
526 2214 884 2283 προσεοικώς.
907 2214 1088 2269 ἸΙλίου
1123 2216 1179 2270 δὲ
1218 2218 1697 2289 ἀναλαμϐάνεσθαι
1728 2221 1859 2290 μέλ-

250 2307 404 2371 λων,
452 2307 725 2380 ἐπορεύθη
762 2309 900 2376 μετὰ
957 2309 1249 2367 Ἐλισσαιέ.
1290 2310 1402 2367 Καὶ
1446 2313 1614 2366 ἐλθὼν
1651 2315 1732 2376 εἰς
1764 2314 1857 2366 τὸν

288 2398 587 2469 Ἰορδάνην,
622 2404 687 2471 τῇ
739 2403 963 2473 μηλωτῇ
995 2404 1158 2456 αὐτοῦ
1182 2405 1243 2458 τὸ
1280 2404 1423 2476 ὕδωρ
1458 2404 1717 2473 ἐπάταξε,
1763 2408 1856 2463 καὶ

276 2493 508 2564 διῃρέθη
546 2495 606 2546 τὸ
647 2493 813 2565 ὕδωρ,
875 2496 973 2550 καλ⁵
1036 2496 1251 2567 διῆλθον
1313 2498 1481 2568 ἄμφω
1536 2502 1627 2553 ἐπὶ
1659 2501 1851 2572 ξηρᾶς.

275 2581 436 2651 Εἶτα,
468 2586 742 2653 Αίτησαι,
776 2583 897 2640 εἷπε
921 2587 999 2659 τῷ
1028 2586 1320 2653 Ἐλισσαιὲ,
1349 2591 1407 2643 τί
1443 2592 1681 2659 ποιήσω
1710 2610 1807 2647 σοι
1831 2611 1852 2659 ;

288 2676 349 2730 ’0
407 2678 465 2732 δὲ
510 2678 705 2750 διπλῆν
736 2678 834 2749 τὴν
882 2681 941 2732 ὲν
995 2680 1143 2751 αὐτῷ
1179 2681 1273 2735 τοῦ
1335 2700 1644 2751 πνευματος
1692 2686 1853 2757 χάριν

272 2768 533 2835 γενέσθαι
560 2769 763 2839 ᾔτησεν
788 2769 873 2823 ἐπ’
906 2771 1089 2824 αὐτόν.
1119 2771 1308 2833 Ἠλίας
1338 2771 1391 2824 δὲ
1424 2774 1684 2842 φορτικὸν
1710 2769 1850 2828 εἶναι

275 2857 395 2915 εἷπε
419 2861 478 2914 τὸ
504 2862 739 2931 αἴτημα,
785 2861 958 2931 Πλὴν
1002 2864 1054 2916 ει
1092 2863 1226 2932 ὄψει
1253 2864 1848 2934 ἀναλαμϐανόμενον,

276 2954 603 3023 γενήσεταί
649 2970 767 3007 σοι.
808 2954 929 3006 Ἔτι
974 2954 1028 3007 δὲ
1078 2953 1386 3009 λαλούντων
1439 2954 1640 3020 αὐτῶν,
1694 2955 1848 3028 ἅρμα

275 3049 525 3115 ἔμπυρον
558 3048 655 3099 σὺν
685 3045 868 3106 ἵπποις
894 3047 1099 3115 ὁμοίοις
1128 3047 1354 3115 ἐπέστη,
1396 3048 1488 3099 καὶ
1513 3047 1728 3117 ἥρπασε
1756 3048 1846 3101 τὸν

1963 546 2241 615 adoravit,
2287 568 2503 620 pennam
2561 556 2911 628 deprecatus,
2957 564 3105 632 quod
3158 565 3364 621 invitus
3399 570 3544 621 veni-

1966 649 2077 704 ret,
2117 642 2275 713 jussu
2305 648 2449 717 regis
2476 661 2721 717 coactus,
2769 664 2827 709 et
2854 656 3034 711 oravit
3064 666 3123 711 ut
3162 658 3277 728 ipse
3308 661 3373 714 ad
3415 676 3543 714 eum

1966 730 2200 785 veniret.
2231 732 2381 790 Elias
2408 736 2477 790 ab
2523 741 2739 809 angelo,
2798 751 2984 799 amoto
3016 756 3187 810 metu,
3227 747 3308 802 ire
3336 749 3549 818 jussus,

1967 822 2038 877 de
2070 835 2257 880 monte
2290 828 2597 897 descendit,
2642 842 2700 888 et
2729 838 2839 906 regi
2864 837 2974 895 ait:
3017 838 3286 905 Quoniam
3316 844 3387 897 ad
3416 845 3547 898 alie-

1966 933 2093 971 num
2138 918 2293 974 deum
2337 922 2562 988 misisti,
2618 942 2859 995 quwrens
2906 947 3033 984 num
3081 949 3333 989 evasurus
3383 952 3542 1001 esses,

1966 1012 2095 1065 scito
2134 1020 2184 1065 te
2217 1013 2280 1066 de
2312 1016 2488 1070 morbo
2531 1033 2634 1072 non
2671 1033 3058 1090 surrecturum,
3086 1027 3178 1080 sed
3207 1027 3351 1083 brevi
3380 1033 3545 1084 mori-

1963 1114 2162 1161 turum.
2196 1107 2343 1163 Obiit
2391 1110 2555 1180 igitur
2585 1111 2850 1169 chozias
2891 1118 3194 1173 secundum
3237 1120 3368 1174 Elii:
3402 1137 3544 1189 prae-

1964 1197 2291 1263 dictionem,
2315 1201 2538 1259 Joramo
2564 1203 2720 1260 fratri
2750 1223 2918 1277 regno
2949 1210 3163 1273 relicto,
3199 1212 3291 1281 qui
3332 1220 3542 1266 statuas

1952 1291 2144 1347 Baalis
2166 1308 2195 1347 a
2234 1303 2394 1363 patre
2421 1295 2643 1352 Achabo
2669 1309 2882 1354 erectas
2905 1303 3255 1368 comminuit,
3294 1304 3383 1358 ille
3421 1305 3543 1373 qui-

1964 1384 2090 1440 dem
2126 1396 2324 1442 cratera
2365 1387 2568 1458 impius
2596 1399 2652 1443 et
2690 1390 2999 1461 improbus,
3042 1403 3206 1463 atque
3253 1406 3538 1464 parentum

1964 1478 2182 1534 similis.
2233 1480 2404 1546 Elias,
2428 1481 2482 1537 in
2529 1484 2727 1539 coelum
2771 1487 3156 1553 assumendus,
3189 1502 3313 1543 cum
3346 1488 3539 1544 Elisreo

1966 1573 2249 1645 profectus
2298 1574 2367 1630 ad
2412 1572 2732 1639 Jordanem.
2776 1580 2978 1636 vellere
3030 1597 3224 1651 aquam
3254 1582 3535 1652 percutit:

1965 1681 2028 1720 ea
2051 1682 2307 1736 percussa
2343 1669 2643 1735 dirimitur,
2698 1680 2758 1726 ut
2788 1673 2951 1727 ambo
2993 1689 3093 1743 per
3121 1673 3330 1729 siccum
3358 1683 3538 1730 trans-

1968 1757 2133 1813 irent.
2164 1759 2368 1816 Deinde
2418 1762 2672 1818 Eliszeum
2702 1772 2889 1833 petere
2914 1764 3094 1835 jubet,
3127 1767 3261 1837 quid
3289 1767 3392 1822 sibi
3420 1768 3538 1823 ﬁeri

1964 1851 2147 1907 vellet.
2186 1851 2324 1907 Tum
2361 1853 2493 1909 ille:
2540 1856 2606 1911 Ut
2644 1860 2820 1927 gratia
2856 1860 3097 1926 spiritus,
3140 1863 3233 1929 qui
3266 1863 3320 1915 in
3347 1871 3397 1914 te
3438 1875 3535 1927 est,

1962 1941 2018 1995 in
2064 1957 2145 1995 me
2194 1943 2611 2015 conduplicrmr.
2661 1945 2825 2011 Elius,
2877 1950 2980 2003 etsi
3031 1958 3220 2004 votum
3262 1949 3317 2003 id
3370 1965 3537 2019 grave

1961 2045 2083 2087 esse
2117 2031 2368 2089 diceret:
2414 2042 2617 2095 tamen.
2647 2033 2705 2089 Si
2738 2053 2818 2089 me
2858 2038 2913 2090 in
2945 2037 3132 2092 malum
3165 2041 3365 2092 assumi
3390 2039 3535 2092 vide-

1962 2124 2056 2186 ris,
2090 2139 2320 2194 compos,
2357 2124 2555 2195 inquit,
2589 2142 2703 2195 ejus
2744 2126 2858 2193 ﬁes.
2888 2128 3026 2182 Dum
3064 2127 3180 2183 haec
3209 2128 3530 2197 loquuntur,

1961 2227 2157 2269 currus
2188 2214 2379 2285 igneus
2427 2231 2551 2270 cum
2601 2216 2880 2272 similibus
2915 2218 3074 2286 equis
3101 2218 3274 2272 Eliam
3304 2218 3529 2286 abripit.

1958 2304 2096 2360 Dum
2123 2319 2344 2362 sursum
2384 2307 2642 2375 ferretur,
2673 2309 2853 2364 vellus
2893 2323 3052 2365 suum
3081 2310 3275 2364 Eliszeo
3314 2309 3530 2380 injicit:

1957 2414 2068 2469 quo
2095 2399 2182 2454 ille
2204 2408 2450 2471 accepto,
2482 2401 2657 2457 Eliam
2686 2402 2878 2457 videre
2914 2401 3098 2466 desiit,
3144 2417 3207 2456 ac
3238 2404 3303 2455 ad
3334 2401 3530 2456 Jorda-

1956 2505 2082 2545 nem
2117 2506 2394 2557 reversus,
2437 2492 2741 2561 periculum
2783 2494 2914 2548 facit
2945 2495 3126 2563 petitae
3164 2494 3232 2548 ab
3264 2494 3380 2549 Elia
3410 2510 3521 2563 gra-

1956 2580 2067 2644 tim,
2094 2596 2233 2652 aqua
2263 2582 2464 2637 vellere
2493 2582 2783 2639 verberata
2811 2600 2823 2637 :
2864 2599 2985 2653 qua:
3015 2598 3140 2638 cum
3174 2599 3282 2638 non
3312 2583 3528 2638 divide-

1954 2680 2147 2726 retur:
2195 2671 2290 2726 Ubi
2328 2681 2426 2735 est,
2460 2672 2656 2742 inquit,
2707 2672 2842 2728 Elia:
2874 2673 3063 2729 Dens?
3099 2675 3206 2730 Sed
3250 2691 3374 2729 cum
3414 2675 3523 2745 97

1952 2764 2136 2819 denuo
2173 2765 2553 2833 percussisset,
2579 2767 2755 2823 divisa
2796 2783 2958 2837 aqua,
2991 2769 3227 2823 transiit.
3267 2768 3346 2824 Eo
3384 2768 3523 2830 viso,

1951 2856 2345 2927 quinquaginta
2395 2858 2493 2913 ﬁlii
2558 2860 2952 2930 prophetarum
3009 2860 3268 2915 dixerunt
3320 2879 3333 2914 :
3395 2859 3529 2914 Elite

1949 2949 2167 3011 spiritus
2213 2951 2267 3004 in
2322 2949 2514 3004 Eliswo
2565 2954 2819 3007 consedit.
2868 2953 3118 3022 Eumque
3163 2950 3338 3006 secuti
3367 2958 3520 3014 sunt,

1949 3042 2230 3111 quassituri
2264 3058 2395 3097 num
2431 3042 2659 3112 spiritus
2686 3044 2901 3098 Domini
2936 3044 3103 3098 Eliam
3153 3043 3431 3098 sublatum
3465 3041 3523 3096 in

284 3138 495 3193 Ἠλίαν.
528 3137 963 3206 Ἀναφερόμενος
1012 3136 1090 3203 δὲ,
1116 3137 1215 3209 τὴν
1262 3138 1513 3207 μηλωτὴν
1552 3139 1716 3192 αὐτοῦ
1749 3143 1848 3193 ἑπ-

1955 3143 2194 3189 montem
2239 3135 2475 3205 aliquem
2521 3135 2828 3206 dcjccisset.
2881 3136 2938 3190 ld
2989 3136 3220 3191 Elismus
3254 3133 3526 3205 principio

272 3232 461 3303 ιρῤιψε
494 3232 572 3301 τῷ
614 3229 908 3285 Ἐλισσαιέ.
942 3232 1051 3284 Καὶ
1075 3231 1152 3295 ὃς,
1195 3230 1377 3285 λαϐὼν
1430 3233 1619 3304 αὐτὴν,
1653 3235 1850 3306 μηκέτι

273 3327 360 3377 τὴν
411 3323 610 3377 Ἠλίαν
659 3322 822 3392 ὀρῶν,
876 3321 1183 3394 ὑπέστρεψε
1212 3337 1225 3351 ο
1264 3323 1359 3376 καὶ
1414 3321 1584 3375 ἐλθὼν
1637 3326 1714 3387 εἰς
1761 3324 1852 3378 τὸν

282 3416 562 3489 Ἰορδᾶνην
616 3415 931 3486 ἀπόπειραν
969 3416 1209 3468 ἐποιεῖτο
1253 3416 1302 3467 εἰ
1343 3413 1501 3467 ἔλαϐε
1547 3416 1643 3487 τὴν
1693 3417 1852 3490 χάριν

274 3510 342 3573 ὡς
372 3510 573 3581 ᾔτησε,
607 3510 701 3562 καὶ
745 3505 982 3572 ἐπάταξε
1017 3506 1078 3559 τὸ
1123 3506 1267 3577 ὕδωρ
1297 3510 1366 3578 τῇ
1409 3507 1653 3578 μηλωτῇ.
1696 3510 1769 3561 Τὸ
1791 3509 1851 3564 δὲ

273 3603 328 3656 οὔ
370 3602 622 3673 διῄρητο.
681 3600 789 3654 Καὶ
849 3596 994 3661 εἶπε.
1047 3600 1170 3654 Ποῦ
1219 3603 1251 3654 ὁ
1291 3603 1435 3664 Θεὸς
1480 3602 1722 3665 Ἡλίου;
1757 3604 1851 3655 καὶ

272 3694 513 3778 ἑπάξαξε
562 3694 728 3747 πάλιν
752 3709 766 3723 ·
803 3693 897 3746 καὶ
951 3693 1136 3763 διέστη
1169 3691 1231 3746 τὸ
1274 3690 1439 3763 ὕδωρ,
1484 3695 1577 3747 καὶ
1609 3693 1875 3773 διῆλθεν..

284 3785 509 3845 Ἰδόντες
556 3782 616 3835 δὲ
667 3782 827 3835 αὐτὸν
862 3783 971 3834 υἱοὶ
999 3780 1107 3834 τῶν
1144 3783 1439 3853 προφητῶν
1490 3784 1847 3854 πεντήκοντα,

274 3870 424 3927 εἷπον
457 3891 471 3905 -
520 3873 1048 3927 Ἐπαναπέπαυται
1094 3874 1160 3926 τὸ
1205 3874 1443 3942 πνεῦμα
1501 3874 1702 3929 Ἠλίου
1749 3874 1849 3929 ἐπὶ

286 3965 625 4027 Ἐλισσαιέ.
672 3965 781 4016 Καὶ
820 3963 1198 4035 ἠκολούθησαν
1248 3964 1420 4034 αὐτῷ,
1470 3968 1563 4020 καί
1620 3965 1848 4035 ἐζήτουν

275 4058 633 4130 τορευθῆναι,
668 4057 1077 4126 ὲρευνήσοντες,
1116 4055 1190 4128 μή
1219 4075 1349 4111 ποτε
1379 4055 1482 4128 ἦρε
1530 4058 1623 4111 τὸν
1660 4057 1846 4111 Ἠλίαν

276 4150 497 4221 πνεῦμα
552 4149 797 4219 Κυρίου,
851 4148 947 4202 καὶ
1004 4148 1229 4219 ἔρριψεν
1279 4149 1442 4203 αὐτὸν
1494 4150 1581 4219 ἐφ’
1627 4149 1684 4202 ἓν
1740 4150 1896 4232 τῶνβ

274 4240 441 4310 ὀρέων
466 4240 502 4313 ἢ
537 4239 647 4293 τῶν
698 4238 922 4310 βουνῶν.
983 4238 1253 4292 Ἐλισσαιὲ
1300 4239 1358 4292 δὲ
1393 4240 1491 4294 ούκ
1518 4241 1842 4312 ἐπέτρεπεν.

284 4328 657 4402 Ἑγκειμένων
689 4328 735 4382 δ’
774 4329 1019 4394 ἐκείνων,
1045 4329 1359 4385 κατένευσε.
1397 4330 1511 4384 Καὶ
1543 4332 1846 4403 επορεύθη-

276 4443 371 4478 σαν
397 4425 739 4493 πεντήκοντα
761 4421 972 4493 ἄνδρες,
1003 4421 1096 4475 καὶ
1129 4422 1404 4492 ἐζήτησαν
1433 4426 1580 4495 τρεῖς
1607 4425 1840 4495 ἡμέρας,

1956 3236 2137 3296 negat,
2184 3229 2279 3283 sed
2327 3228 2659 3283 instantibus
2712 3231 2984 3285 concedit.
3026 3229 3204 3297 Quare
3227 3228 3330 3283 viri
3358 3228 3525 3298 quin-

1954 3321 2213 3390 quaginta
2274 3329 2389 3373 toto
2438 3320 2621 3374 triduo
2672 3321 2962 3390 quaesitum
3014 3338 3123 3377 non
3176 3326 3524 3391 repererunt.

1953 3409 2205 3464 Elisaaum
2254 3409 2611 3466 lliericliunte
2671 3412 3008 3467 habitantem
3061 3412 3212 3467 cives
3251 3426 3526 3467 convene-

1952 3510 2104 3566 runt,
2138 3511 2394 3573 rogantes
2421 3512 2479 3558 ut
2509 3504 2630 3574 ejus
2675 3504 2782 3559 loci
2816 3519 2985 3574 aquas
3020 3505 3190 3560 malas
3236 3512 3293 3558 et
3321 3502 3527 3559 sterili-

1952 3604 2117 3650 tatem
2149 3596 2477 3652 inducentcs
2523 3606 2784 3652 mutaret.
2820 3598 2918 3653 Ille
2953 3598 3120 3653 salem
3153 3597 3208 3651 in
3237 3611 3382 3651 novo
3417 3593 3523 3650 sibi

1949 3704 2078 3745 vase
2110 3689 2294 3744 afferri
2324 3690 2519 3761 jubet:
2561 3690 2809 3754 allatum,
2857 3691 3110 3744 invocato
3151 3689 3247 3744 Dei
3273 3689 3521 3752 nomine,

1950 3779 2008 3833 in
2039 3778 2244 3833 fontem
2276 3780 2543 3850 conjicit:
2607 3793 2717 3848 quo
2771 3779 2936 3842 facto,
2987 3793 3252 3846 aquarum
3306 3792 3523 3831 amaror

1949 3872 2005 3926 in
2060 3871 2410 3927 dulcedinem
2470 3879 2556 3927 est
2609 3886 2951 3937 conversus,
3011 3870 3212 3926 amissa
3269 3870 3415 3924 omni
3466 3867 3520 3923 vi

1949 3966 2132 4020 noxia.
2170 3965 2445 4036 Propheta
2467 3967 2723 4035 quopiam
2749 3965 2949 4026 iturus,
2971 3979 3172 4033 parvos
3198 3978 3398 4032 pueros
3422 3975 3524 4033 per

1947 4055 2268 4121 ludibrium,
2320 4055 2573 4121 Ascende,
2625 4054 2789 4121 calve,
2841 4054 3159 4116 clamantes,
3210 4052 3524 4123 indignatus

1947 4157 2287 4205 exsecratur.
2320 4148 2509 4219 Itaque
2543 4148 2654 4203 ursi
2686 4163 2717 4203 e
2749 4146 3029 4202 montibus
3069 4146 3341 4217 progressi
3385 4159 3521 4216 pue-

1949 4258 2040 4298 ros
2122 4242 2264 4297 duos
2328 4250 2383 4296 et
2439 4241 2797 4312 quadraginta
2869 4238 3211 4295 occiderunt.
3269 4238 3523 4295 Joramus

1946 4333 2155 4387 Acbabi
2204 4333 2367 4398 ﬁlius,
2395 4330 2647 4386 Mnabitis
2693 4329 2898 4384 bellum
2933 4328 3208 4395 illaturus,
3257 4326 3520 4381 auxilium

1947 4423 2137 4494 petita
2167 4422 2462 4493 Josaphato
2482 4422 2680 4478 Iudaea:
2707 4435 2850 4491 rege.
2904 4421 3000 4475 llle
3045 4421 3207 4474 etiam
3249 4417 3521 4473 Idumam-

272 4515 363 4566 καὶ
397 4513 496 4582 οὐχ
528 4505 710 4582 εὖρον.
774 4509 1045 4563 Ἑλισσαιὲ
1101 4510 1158 4564 δὲ
1217 4512 1277 4563 ὲν
1342 4509 1554 4583 Ἱεριχῷ
1614 4510 1701 4584 ἦν.
1739 4514 1848 4568 Καὶ

1958 4529 2079 4567 rum
2112 4529 2318 4584 regem,
2345 4513 2438 4583 qui
2478 4512 2583 4567 sibi
2616 4521 2856 4583 pareret,
2888 4528 2947 4567 se
2978 4511 3277 4566 asciturum
3311 4507 3521 4563 socium

273 4599 434 4673 ἦλθον
465 4604 513 4655 οἱ
547 4603 741 4672 ἄνδρες
777 4601 875 4666 τῆς
919 4603 1130 4666 πόλεως
1182 4603 1317 4673 πρὸς
1365 4604 1548 4671 αὐτὸν,
1601 4604 1845 4675 δεόμενοι

281 4694 693 4765 μεταϐληθῆναι
726 4693 857 4763 παρ’
887 4694 1052 4747 αὑτοῦ
1076 4694 1141 4747 τὰ
1178 4693 1346 4749 ὓδατα
1373 4694 1466 4748 τοῦ
1499 4697 1666 4749 τόπου
1698 4697 1845 4748 ὲκεί-

278 4805 390 4851 νου,
432 4787 649 4857 πονηρὰ
680 4787 808 4840 ὄντα
847 4787 942 4840 καὶ
972 4787 1322 4842 ἀτεκνοῦντα.
1370 4789 1428 4842 '0
1458 4790 1513 4842 δὲ
1551 4790 1609 4841 ὲν
1640 4791 1847 4860 ἀγγείῳ

277 4878 445 4947 καινῴ
475 4878 611 4941 ἃλας
654 4877 804 4947 αύτῷ
857 4877 1187 4947 κομισθῆναι
1236 4879 1469 4951 ἐζήτησε
1496 4896 1511 4911 ⁸
1564 4880 1656 4933 καὶ
1688 4897 1848 4949 κομι-

279 4972 517 5036 σθέντος,
548 4973 627 5034 εἰς
672 4971 769 5042 τὴν
806 4971 988 5040 πηγὴν
1036 4971 1144 5023 τῶν
1175 4970 1383 5024 ὑδάτων
1426 4971 1668 5042 καθῆκεν
1713 4973 1846 5037 ἃλας

279 5062 709 5133 ἐπικαλούμενος
754 5062 845 5129 τὸν
890 5062 1043 5128 Θεὸν,
1074 5062 1168 5117 καὶ
1199 5063 1266 5116 τὰ
1303 5061 1472 5117 ὕδατα
1517 5065 1581 5117 ἐκ
1622 5065 1845 5135 πικρίας

278 5159 351 5221 εἰς
382 5155 700 5227 γλυκύτητα
733 5155 1166 5226 μετεσλήθησαν,
1198 5156 1293 5208 καὶ
1322 5156 1475 5209 οὐδὲν
1503 5158 1687 5221 αὐτοῖς
1716 5160 1844 5210 ἐνα-

280 5252 506 5321 πέμεινε
540 5247 826 5319 βλαϐερόν.
874 5246 1157 5311 Ἀπιὸντος
1204 5248 1259 5301 δέ
1306 5266 1409 5301 που
1435 5248 1529 5302 τοῦ
1560 5251 1843 5318 προφήτου

287 5338 601 5404 Ἐλισσαιὲ,
661 5340 923 5410 παιδάρια
1003 5340 1177 5410 μικρᾶ
1242 5340 1572 5404 κατέπαιζον
1642 5341 1842 5403 αὑτοῦ,

256 5435 503 5513 Ιβοῶντα·
527 5431 850 5495 Ἀνάϐαινε,
874 5432 1163 5502 φαλακρέ.
1191 5432 1460 5503 Ἀλγήσας
1483 5433 1527 5485 δ’
1543 5433 1635 5486 ἐπὶ
1653 5433 1845 5504 τούτῳ,

275 5525 586 5597 κατηύξατο
602 5524 804 5578 αὐτῶν.
825 5526 932 5578 Καὶ
952 5524 1177 5593 ἐξῆλθον
1202 5523 1395 5595 ἄρκτοι
1419 5524 1524 5576 ἀπὸ
1546 5524 1638 5576 τοῦ
1658 5522 1841 5594 ὅρους,

276 5622 369 5672 καὶ
403 5618 739 5672 ἀπέκτειναν
782 5620 847 5670 ὲκ
900 5618 1009 5670 τῶν
1061 5617 1268 5670 παίδων
1316 5616 1410 5669 δύο
1448 5616 1537 5669 καὶ
1574 5616 1847 5685 τεσσαρά-

279 5728 455 5766 κοπτα.
486 5713 689 5781 Ἰωρὰμ
706 5711 764 5764 δὲ
798 5711 825 5763 ὀ
848 5710 960 5773 υίὸς
981 5711 1206 5780 Ἀχαὰ6,
1245 5710 1455 5781 μέλλων
1479 5708 1617 5764 κατὰ
1640 5709 1848 5762 Μοαὸι·

278 5803 382 5858 τῶν
422 5800 836 5875 ἐκστρατεύειν,
877 5801 1144 5873 Ίωσαιξὰτ
1197 5801 1288 5857 τὸν
1326 5800 1550 5873 βασιλέα
1579 5801 1680 5872 τῆς
1710 5800 1844 5856 ’ἰου-

1948 4603 2240 4673 promittit.
2284 4603 2361 4658 Ita
2413 4613 2523 4658 tres
2569 4618 2746 4673 reges,
2793 4603 2928 4657 inita
2959 4601 3275 4666 concordia,
3311 4608 3521 4670 septem

1948 4699 2147 4755 diebus
2192 4715 2292 4770 per
2324 4699 2605 4755 desertum
2648 4698 2926 4755 abierunt.
2963 4696 3311 4752 Exercitibus
3340 4702 3522 4748 autem

1947 4807 2088 4863 aqua
2138 4791 2437 4859 destitutis,
2478 4792 2732 4847 Elisaeum
2781 4790 3044 4845 adeuntes
3079 4797 3239 4843 orant
3278 4797 3339 4842 ut
3382 4794 3437 4841 et
3462 4800 3522 4841 se

1947 4891 2003 4937 et
2030 4883 2230 4938 milites
2251 4892 2623 4939 conservaret.
2649 4883 2715 4937 At
2740 4883 2830 4938 ille
2856 4882 3075 4938 Joramo
3101 4897 3115 4935 :
3149 4880 3226 4933 Ad
3253 4880 3419 4949 patris
3444 4876 3522 4929 tui

1948 4983 1998 5029 et
2031 4976 2219 5030 matris
2241 4977 2541 5048 prophetas,
2572 4975 2765 5045 inquit,
2795 4974 2958 5040 abito,
2984 4972 3286 5044 etjurat,si
3312 4970 3520 5038 absque

1946 5066 2244 5136 Josaphato
2270 5076 2438 5130 esset,
2462 5083 2519 5120 se
2543 5082 2611 5121 ne
2645 5067 2870 5121 verbum
2891 5067 3113 5135 quidem
3138 5065 3187 5119 ei
3223 5077 3519 5130 responsu-

1948 5173 2071 5211 rum
2104 5155 2296 5212 fuisse.
2314 5157 2522 5211 Deinde
2554 5156 2843 5226 quemdam
2861 5155 3044 5209 vocari
3062 5152 3242 5222 jubet,
3262 5151 3354 5219 qui
3380 5149 3521 5220 psal-

1946 5250 2106 5305 leret.
2142 5249 2220 5304 Eo
2244 5250 2532 5316 psallente,
2561 5249 2757 5317 spiritu
2795 5249 3005 5302 Domini
3034 5244 3246 5299 amatus
3270 5243 3517 5309 Elisazus,

1944 5342 2099 5413 jubet
2121 5343 2324 5396 multas
2338 5340 2503 5396 eﬂ'odi
2525 5343 2750 5398 scrobes
2767 5342 2916 5411 juxta
2947 5348 3241 5395 torrentem
3263 5358 3278 5405 ς
3305 5339 3521 5396 visuros

1947 5433 2095 5487 enim
2130 5442 2427 5489 torrentem
2462 5433 2705 5503 plenum,
2731 5446 2908 5500 neque
2930 5438 3093 5484 vento
3132 5430 3400 5500 spirante,
3426 5446 3521 5487 ne-

1946 5542 2053 5596 que
2087 5525 2573 5595 imbrcdcplucnte
2604 5543 2617 5579 :
2660 5538 2724 5578 ac
2752 5529 2977 5592 poturos
3006 5521 3073 5576 ad
3105 5522 3432 5586 satietatem,
3464 5529 3521 5577 et

1949 5618 2186 5674 hostium
2209 5619 2503 5688 potituros.
2539 5618 2635 5672 His
2659 5615 2955 5691 praedictis,
2988 5624 3215 5687 postero.
3238 5617 3327 5672 die
3359 5631 3518 5670 nume

1940 5694 2003 5766 et
2034 5710 2295 5765 torrentis
2320 5709 2506 5764 alveus
2533 5708 2901 5778 impletusest,
2921 5710 3059 5765 adeo
3094 5717 3154 5765 ut
3181 5707 3518 5765 redundaret

1948 5809 2003 5857 ct
2024 5801 2205 5856 omnis
2221 5798 2369 5856 illius
2384 5805 2543 5854 terra:
2558 5797 2877 5870 superﬁcies
2905 5811 3200 5873 stagnaret.
3229 5799 3352 5855 Sole
3368 5807 3512 5865 orto,
