3980 6246
449 221 552 292 195

1691 213 2016 277 JOANNIS
2055 211 2379 274 ZONAIUE

3601 203 3696 268 196

440 337 708 409 piendum
726 377 744 404 ,
779 351 814 392 a
849 348 964 405 quo
999 331 1253 389 minister
1297 331 1448 386 illius
1474 329 1672 384 urbem
1711 326 2024 384 circumda-

2149 341 2298 378 ἰιπο
2319 321 2404 393 τῷ
2441 317 2614 385 Γιεζὶ,
2645 319 2741 373 καὶ
2769 315 2922 371 εἶπεν
2953 313 3104 387 αὐτῷ
3126 329 3142 348 ’
3197 314 3332 368 Ὅτι
3373 311 3596 378 ἔλαϐες
3633 281 3718 397 τάξ

446 439 556 485 tam
587 430 797 490 videns,
824 425 1175 498 perterritus,
1215 439 1330 478 rem
1372 423 1657 494 pr0pbeta3
1691 419 1930 475 nuntiat.
1951 418 2028 474 Δι

445 521 537 576 ille
577 521 772 576 timere
811 527 1001 582 vetat,
1041 531 1106 570 ac
1152 516 1325 570 Deum
1381 523 1504 569 orat
1565 521 1626 568 ut
1681 511 1884 566 famulo
1931 512 2024 564 de-

447 618 718 665 monstret
793 607 1074 679 quomodo
1133 606 1248 675 ipse
1308 604 1574 658 divinitus
1653 601 2020 657 custodiatur.

447 701 568 768 Quo
595 700 910 770 impetrato,
937 696 1088 752 videt
1135 694 1373 749 famulus
1405 693 1728 764 prophetam
1767 690 2024 746 curribus

448 801 505 847 et
530 790 688 860 equis
729 788 906 859 igneis
939 787 1200 841 vallatum
1227 801 1241 838 :
1276 783 1372 854 qui
1401 787 1584 836 denuo
1606 788 1886 852 precatus,
1925 780 2028 834 ho-

451 885 617 939 stium
657 882 850 936 oculos
886 878 1229 949 perstrinxit.
1269 887 1326 932 et
1365 875 1434 930 ad
1473 889 1572 929 eos
1600 887 1895 943 egressus:
1941 871 2028 926 Me

448 973 748 1042 sequimini,
811 969 1012 1040 inquit,
1069 979 1116 1021 et
1146 967 1363 1020 tradant
1403 963 1876 1020 vobis.Elisa:um.
1929 962 2029 1018 Se-

451 1073 698 1135 quuntur
739 1063 818 1116 illi
848 1072 905 1117 et
943 1061 1120 1116 oculis
1177 1070 1233 1115 et
1273 1059 1472 1112 animis
1521 1057 1834 1112 obcaecatis.
1880 1055 2029 1122 Quos

452 1172 579 1210 cum
613 1155 916 1210 Samariam
957 1153 1342 1222 perduxisset,
1377 1166 1560 1221 regem
1597 1150 1754 1221 jubet
1787 1163 1884 1204 eos
1913 1147 2030 1203 suis

453 1247 629 1316 copiis
645 1245 992 1300 circumdare
1025 1253 1120 1298 :et
1142 1245 1314 1298 Deum
1343 1252 1465 1296 orat
1501 1253 1561 1296 ut
1599 1241 1888 1312 caliginem
1910 1241 2031 1295 illo-

455 1353 578 1392 rum
603 1337 780 1391 oculis
801 1343 1106 1390 amoveret.
1151 1335 1273 1401 Quo
1296 1335 1442 1389 facto
1477 1333 1600 1406 Syri
1627 1345 1686 1395 se
1706 1333 1764 1387 in
1789 1333 2031 1388 hostium

455 1429 638 1484 medio
691 1427 898 1482 versari
941 1429 1148 1481 vident.
1213 1426 1418 1481 Verum
1459 1426 1689 1480 Elisaeus
1753 1425 2032 1479 neminem

456 1535 552 1576 eos
595 1519 794 1574 laedere
839 1518 1174 1588 patiebatur,
1211 1521 1305 1572 sed
1331 1517 1660 1572 consulebat
1713 1523 1775 1571 ut
1821 1513 2030 1585 accepti

460 1611 813 1680 hospitaliter
860 1612 1162 1666 incolumes
1191 1611 1628 1666 dimitterentur.
1651 1609 1910 1665 Joramus
1939 1622 2034 1662 rex

2100 418 2102 420 ’
2127 417 2416 486 ἀργύριον
2445 412 2546 466 καὶ
2569 411 2645 466 τὰ
2662 412 2868 480 ἱμάτια
2885 408 3010 465 ἀπὸ
3038 406 3146 462 τοῦ
3167 405 3429 476 Nectum,
3452 405 3494 474 ἡ
3517 404 3701 474 λέπρα

2127 508 2368 562 ἐκείνου
2391 502 2846 572 κολληθήσεταί
2868 516 2970 556 σοι
2993 499 3098 553 καὶ
3124 495 3208 563 τῷ
3231 495 3542 566 σπέρματι
3567 512 3707 551 σουί

2131 599 2241 652 Ka‘t
2273 597 2464 668 ἐξῆλθε
2496 592 3001 666 λελεπρωμένος.οί
3035 593 3143 645 olei.
3170 590 3226 644 δὲ
3245 583 3374 645 ’τῶν
3406 589 3702 660 προφητῶν

2129 691 2180 744 οῖ
2237 692 2377 760 μετά
2430 688 2744 744 Ἐλισσαίου
2781 683 3161 757 επορεύθησαν
3197 683 3278 745 τις
3307 681 3408 736 τὸν
3436 680 3706 752 Ἰορδάνην

2131 783 2318 852 τεμεῖν
2367 781 2500 845 ξύλα
2522 819 2538 844 ,
2591 779 2668 842 ὡς
2717 779 2783 833 ἂν
2828 777 3133 848 ποιήσωσιν
3183 775 3406 836 ἑαυτοῖς
3459 773 3662 844 σκηνάς
3683 788 3698 803 ·

2133 875 2230 929 καὶ
2273 872 2580 936 Ἐλισσαῖος
2614 872 2798 936 αὐτοῖς
2849 867 3266 941 συνεπορεύετο.
3296 866 3622 936 Τεμνόντων
3653 867 3703 920 δὲ

2132 966 2202 1018 τὰ
2238 963 2392 1030 ξύλα,
2424 964 2542 1028 ἑνὸς
2571 963 2632 1017 τὸ
2676 966 2776 1035 τῆς
2805 963 2996 1034 ἀείνης
3032 962 3280 1032 σιδήριον
3331 959 3592 1014 ἐνέπεσεν
3633 961 3706 1022 εις

2134 1058 2226 1110 τὸν
2271 1055 2539 1126 ποταμόν.
2557 1057 2668 1109 Καὶ
2689 1057 2716 1109 6
2738 1056 2836 1124 τῆς
2866 1055 3052 1126 eam;
3083 1053 3272 1124 κύριος
3303 1053 3404 1106 τὸν
3433 1053 3708 1124 προφήτην

2135 1147 2532 1212 ἐπεκαλέσατο,
2579 1147 2676 1202 καὶ
2721 1147 2814 1202 τὸν
2860 1148 3026 1202 τόπον
3088 1145 3378 1212 ὑπέδειξεν
3407 1146 3560 1216 αὺτῷ
3590 1148 3644 1200 ὲν
3670 1143 3708 1214 ᾧ

2136 1240 2336 1294 κατέδυ
2359 1243 2386 1293 6
2407 1239 2651 1310 σίδηρος.
2688 1239 2749 1294 Ὀ
2775 1239 2856 1307 δὲ,
2887 1239 3044 1306 ξύλον
3066 1238 3268 1306 λαϐὼν,
3295 1238 3562 1292 ἐνέϐαλεν
3581 1239 3706 1294 ἐκεῖ.

2139 1333 2249 1386 Καὶ
2309 1331 2468 1386 ἀνέδυ
2528 1330 2591 1384 τὸ
2641 1332 2904 1402 σιδήριον,
2965 1333 3061 1387 καὶ
3119 1330 3474 1386 ἐπιπολάσαν
3530 1329 3709 1384 ἐλαϐεν

2139 1423 2272 1477 αὐτὸ
2297 1425 2326 1476 ὁ
2357 1423 2630 1486 ἀπολέσας
2663 1425 2814 1481 αὐτό.
2859 1424 2918 1478 '0
2955 1424 3012 1478 δὲ
3053 1423 3315 1496 βασιλεὺς
3371 1423 3572 1494 Συρίας
3607 1423 3711 1476 ἐνέ-

2139 1515 2272 1586 δραν
2315 1515 2594 1581 ἐκάθισεν,
2660 1516 2728 1570 ἵν’
2761 1516 2860 1589 ἕλῃ
2922 1518 3016 1572 τὸν
3071 1518 3300 1588 βασιλέα
3350 1517 3448 1570 τὸν
3494 1515 3707 1586 Ἰωράμ.

2141 1605 2458 1661 Ἀπέστειλε
2483 1609 2540 1662 δὲ
2567 1611 2596 1663 6
2629 1611 2915 1681 προφήτης
2941 1609 3078 1680 πρὸς
3112 1609 3322 1681 Ἰωρὰμ
3357 1607 3708 1680 φυλάττεσθαι

459 1703 744 1770 propheta:
784 1703 1010 1758 monitis
1041 1702 1338 1772 diligenter
1364 1711 1523 1772 paret
1549 1718 1564 1754 :
1611 1701 1690 1754 illi
1721 1699 2036 1754 discedunt.

2149 1699 2291 1770 αὐτῷ
2326 1701 2733 1772 ἐντελλόμενον,
2783 1701 2998 1786 καὶιμὴ
3048 1701 3273 1758 ἀπιέναι
3330 1701 3475 1773 πρὸς
3527 1701 3708 1770 θήραν.

459 1791 592 1859 Regi
618 1794 750 1862 quid
781 1793 1049 1848 acciderit
1085 1793 1367 1849 nuntiant.
1403 1793 1575 1864 Syrus
1605 1793 1800 1848 audita
1845 1807 1906 1848 re
1937 1791 2037 1848 ob-

461 1884 754 1952 stupescit.

2143 1792 2258 1845 Kal.
2287 1795 2316 1846 ὁ
2345 1794 2444 1864 μὲν
2471 1795 2572 1848 οὐκ
2597 1793 2769 1866 ἐξῄει.
2792 1795 2958 1866 Ἀδερ
2982 1795 3062 1861 δὲ,
3089 1795 3190 1864 τῆς
3216 1794 3519 1865 ἐπιϐουλῆς
3542 1793 3708 1862 ἀμαρ-

2139 1882 2272 1951 τὼν,
2327 1886 2455 1950 τοὺς
2515 1887 2754 1949 οἰκείους
2809 1885 3104 1940 ὑπώπτευε
3159 1886 3418 1956 γίνεσθαι
3458 1883 3709 1956 προδότας

461 1974 569 2028 τῶν
615 1975 1056 2047 βεϐουλευμένων
1111 1977 1283 2050 αὐτῷ.
1343 1977 1640 2049 Φησόιντων
1690 1978 1736 2032 δ’
1790 1975 2016 2032 ἐκείνων
2061 1976 2162 2030 οὐκ
2219 1977 2438 2044 αὐτοὺς,
2505 1979 2642 2034 ἀλλὰ
2683 1981 2774 2032 τὸν
2833 1981 3122 2051 προφήτην
3159 1979 3472 2034 Ἐλισσαῖον
3503 1975 3710 2050 μηνύειν

461 2067 701 2138 αύτῷτὰ
747 2069 1038 2140 ἀπόρρητα
1067 2108 1082 2133 ,
1138 2069 1428 2124 στέλλειὲν
1475 2069 1671 2124 Δοθαῒν
1735 2069 2072 2141 στράτευμα,
2116 2069 2182 2122 ἵν’
2215 2069 2376 2123 αὑτὸν
2434 2069 2674 2124 λάϐοιεν.
2739 2071 2884 2125 Ἰδὼν
2930 2073 2986 2126 δὲ
3047 2073 3137 2126 τὸν
3192 2071 3325 2126 λαὸν
3369 2073 3554 2144 κύκλῳ
3621 2071 3708 2136 τῆς

464 2156 733 2222 πόλεως-ό
762 2159 858 2212 τοῦ
889 2166 1173 2232 προφήτου
1199 2162 1469 2228 διάκονος,
1522 2161 1796 2233 ,περιδεὴς
1878 2161 2122 2228 ἐγένετο,
2161 2161 2298 2231 πρὸς
2351 2162 2514 2216 αὑτὸν
2568 2163 2920 2232 ἀναγγέλλων
2968 2164 3029 2218 τὸ
3077 2167 3337 2236 πρᾶγμα.
3395 2165 3456 2218 '0
3509 2165 3582 2230 δὲ,
3629 2163 3708 2232 Μὴ

463 2249 638 2314 δεῦθι,
671 2249 814 2320 ἔφη·
851 2252 948 2305 καὶ⁸
1005 2253 1256 2305 ἱκέτευσε
1309 2253 1401 2306 τὸν
1448 2252 1583 2305 Θεὸν
1651 2253 1828 2316 δεῖξαι
1897 2253 1976 2322 τῷ
2045 2250 2279 2322 διακόνῳ
2334 2253 2522 2319 αὑτοῦ,
2595 2255 2746 2318 ὅπως
2799 2255 3128 2325 φυλάττεται
3182 2259 3318 2328 παρ’
3370 2257 3556 2311 αὑτοῦ.
3612 2257 3709 2310 Καὶ

465 2345 697 2398 δέδωκεν
727 2345 756 2396 ὁ
783 2343 917 2408 Θεὸς
945 2344 1024 2416 τῷ
1047 2344 1342 2415 θεράποντι
1373 2345 1466 2400 τοῦ
1497 2347 1780 2416 προφήτου
1820 2345 1982 2418 χάριν
2025 2346 2154 2400 ἰδεῖν
2193 2347 2357 2402 αὐτὸν
2415 2348 2625 2418 ἅρμασι
2667 2348 2761 2402 καὶ
2793 2349 2977 2413 ἵπποις
3006 2348 3254 2418 πυρίνοις
3284 2348 3706 2420 κεκυκλωμένον.

467 2436 803 2508 Ἦμαύρωσε
841 2438 900 2490 δὲ
940 2441 968 2491 6
999 2440 1288 2510 προφήτης
1329 2439 1778 2511 προσευξάμενος
1825 2439 1924 2492 καὶ
1969 2439 2038 2493 τὰ
2077 2438 2302 2510 ὄμματα
2369 2438 2479 2492 τῶν
2502 2439 2736 2511 ἐχθρῶν.
2798 2441 2911 2496 Καὶ
2935 2441 3169 2506 ἐξελθὼν
3189 2443 3330 2512 πρὸς
3357 2442 3553 2502 αὐτοὺς
3581 2439 3706 2508 εφηο

481 2531 890 2584 Ἀκολουθεῖτέ
912 2549 1036 2600 μοι,
1063 2533 1159 2584 καὶ
1187 2531 1360 2586 δώσω
1386 2532 1494 2586 τὸν
1543 2530 1902 2587 Ἐλισσαῖον
1959 2531 2122 2600 ὑμῖν.
2163 2533 2228 2584 Οἱ
2261 2532 2318 2584 δὲ
2347 2532 2590 2596 εἵποντο,
2621 2536 2710 2588 καὶ
2745 2535 2842 2598 τὰς
2887 2535 3037 2604 69m,-
3090 2535 3469 2607 βεϐλαμμένοι
3508 2534 3596 2588 καὶ
3625 2536 3712 2604 τὴν

470 2624 728 2678 διάνοιαν.
803 2625 1138 2694 Ἀπαγαγὼν
1190 2627 1246 2680 δὲ
1303 2625 1502 2690 αὐτοὺς
1555 2627 1636 2688 είς
1686 2627 2046 2696 Σαμάρειαν,
2091 2627 2422 2696 περιστῆσαι
2465 2627 2651 2690 αὐτοῖς
2713 2627 2812 2698 τὴν
2857 2627 3021 2682 αὐτοῦ
3069 2628 3306 2700 δύναμιν
3388 2629 3468 2700 τῷ
3519 2627 3710 2699 βασιλεῖ

473 2717 797 2770 ἐνετείλατο.
833 2717 944 2770 Καὶ
987 2719 1080 2770 τὸν
1137 2717 1270 2770 Θεὸν
1301 2717 1422 2788 ᾔτει
1473 2718 1894 2790 περιαιρεθῆναι
1943 2716 2042 2789 τήν
2082 2718 2250 2788 ἀχλὺν
2295 2722 2362 2774 ὲκ
2435 2721 2546 2774 τῶν
2591 2721 2856 2792 ὀμμάτων
2894 2721 3094 2777 αὐτῶν.
3161 2723 3613 2794 Περιαιρεθείσης
3639 2722 3708 2786 δὲ,

473 2812 614 2869 εἶδον
663 2813 891 2876 ἑαυτοὺς
929 2813 977 2866 oi
1031 2812 1192 2884 Σύροι
1252 2811 1415 2883 μέσον
1471 2811 2049 2883 ὲμπεριειλημμένους
2089 2812 2196 2864 τῶν
2222 2815 2523 2886 πολεμιων.
2584 2815 2890 2879 Ἐλισσαῖος
2951 2815 3008 2868 δὲ
3031 2814 3218 2870 οὐδένα
3242 2816 3526 2870 ἐπιθέσθαι
3546 2816 3708 2878 αὐτοῖς

475 2909 814 2983 παρεχώρει,
838 2908 1047 2975 ξενίσαι
1073 2907 1129 2960 δὲ
1156 2908 1380 2978 μᾶλλον,
1404 2907 1498 2962 καὶ
1551 2907 1824 2961 ἀπολῦσαι
1881 2905 2116 2970 ἀπαθεῖς
2158 2911 2536 2964 συνεϐούλευε.
2595 2911 2900 2981 Φιλοτίμως
2955 2909 3050 2966 οὖν
3108 2911 3138 2964 ό
3203 2912 3415 2985 Ἰωρὰμ
3473 2912 3709 2975 ἑστιάσας

475 3006 699 3068 αὐτοὺς,
750 3003 894 3056 κατὰ
963 3001 1054 3054 τὸν
1087 3001 1180 3054 τοῦ
1235 3003 1514 3072 προφήτου
1582 3000 1741 3068 λόγον
1779 2999 2015 3068 ἀφῆκεν.
2061 2999 2127 3052 Oi
2165 3000 2221 3054 δὲ
2265 3002 2528 3074 ἀπῆλθον,
2565 3003 2662 3058 καὶ
2711 3002 2778 3056 τὰ
2829 3003 3092 3072 γεγονότα
3129 3003 3207 3075 τῷ
3261 3005 3474 3060 ἑαυτῶν
3525 3004 3712 3075 βασιλεῖ

475 3099 807 3169 διηγήσαντο
827 3109 843 3126 °
875 3095 970 3148 καὶ
1005 3094 1306 3166 ἐξεπλάγη.

547 3187 714 3242 XVII.
747 3187 876 3240 Post
907 3187 1023 3239 haec
1051 3201 1177 3240 cum
1209 3186 1468 3241 omnibus
1499 3187 1616 3242 suis
1648 3189 1822 3262 copiis
1853 3189 2043 3247 Sama.

2227 3184 2323 3238 iZ'.
2360 3183 2513 3256 Μετὰ
2543 3182 2717 3236 ταῦτα
2748 3183 2806 3236 δὲ
2836 3185 3180 3254 πανστρατιᾷ
3210 3183 3498 3256 παρελθὼν
3523 3184 3597 3246 ei;
3619 3183 3710 3235 Σαο

480 3281 618 3338 riam
653 3279 892 3344 obsidet,
930 3278 985 3333 in
1019 3294 1126 3349 qua
1168 3286 1316 3334 tanta
1351 3278 1525 3336 fames
1563 3293 1684 3338 orta
1727 3294 1835 3350 est,
1869 3293 1929 3339 ut
1957 3300 2052 3340 ca-

479 3381 581 3444 put
611 3372 751 3426 asini
783 3370 1183 3440 quinquaginta
1213 3373 1456 3426 nummis
1491 3373 1771 3442 argenteis
1798 3375 2050 3442 veniret,

480 3475 539 3522 et
573 3466 844 3519 sextarius
881 3461 1184 3516 columbini
1219 3462 1354 3525 limi,
1392 3462 1646 3518 totidem.
1689 3463 1827 3520 Cum
1869 3475 2054 3521 autem

482 3574 580 3614 rex
607 3557 863 3613 Joramus
889 3555 1091 3610 muenia
1126 3556 1466 3620 circumiret,
1493 3557 1755 3613 inclamat
1775 3573 1902 3613 eum
1936 3573 2058 3613 mu-

483 3648 736 3712 liercula,
759 3645 1083 3701 conservari
1109 3659 1168 3699 se
1195 3653 1420 3714 petens;
1445 3661 1612 3715 quam
1637 3647 1730 3702 ille
1754 3648 1937 3703 cibum
1961 3663 2059 3718 pe-

487 3753 602 3800 tere
633 3740 944 3812 suspicans,
976 3752 1103 3810 cum
1134 3739 1512 3810 indignatione
1547 3738 1713 3794 :Mihi
1737 3757 1903 3810 neque
1926 3757 2056 3796 area
2082 3746 2087 3750 ’

485 3849 583 3904 est,
615 3837 818 3908 inquit,
851 3849 1017 3906 neque
1049 3835 1287 3888 torcular
1321 3835 1616 3905 :quomodo
1643 3843 1693 3889 te
1723 3835 2059 3890 conservent?

487 3931 594 3986 Sed
627 3930 720 3984 illa
739 3929 1008 4000 judicium
1033 3936 1222 3997 petere
1261 3941 1320 3982 se
1355 3927 1598 3993 dicente,
1631 3942 1854 3982 causam
1896 3943 2058 3998 agere

481 4021 665 4092 jubet.
698 4019 780 4074 lbi
812 4017 1012 4072 mulier
1043 4034 1059 4075 ,:
1109 4016 1319 4084 Pepigi,
1355 4015 1554 4084 inquit,
1581 4032 1700 4068 cum
1723 4019 1894 4070 vicina
1918 4033 2057 4082 mea,

489 4123 547 4166 ut
578 4111 718 4180 ﬁlios
756 4120 964 4164 nostros
999 4117 1311 4171 mactemus,
1349 4114 1397 4158 et
1427 4105 1650 4160 alternis
1671 4105 1850 4160 diebus
1885 4106 2058 4161 altera

489 4203 718 4258 alteram
758 4201 894 4256 alat.
931 4200 1085 4256 Nunc
1121 4215 1238 4252 cum
1287 4214 1380 4268 ego
1419 4215 1592 4252 meum
1625 4201 1928 4265 mactarim,
1963 4199 2061 4254 illa

493 4311 597 4350 non
633 4303 742 4349 stat
779 4295 1069 4348 conventis.
1101 4291 1197 4347 His
1227 4306 1321 4346 rex
1357 4291 1582 4356 auditis,
1623 4290 1828 4362 ingenti
1873 4291 2062 4348 dolore

495 4389 747 4450 allectus,
771 4396 829 4440 et
859 4386 1114 4440 laceratis
1155 4385 1404 4439 vestibus
1436 4383 1572 4446 suis,
1633 4383 1913 4454 propheta:
1949 4385 2062 4440 ira-

493 4481 666 4536 scitur
699 4478 844 4548 quod
878 4479 1015 4532 mala
1063 4479 1164 4532 ista
1196 4477 1454 4546 precibus
1512 4492 1622 4530 non
1666 4486 1957 4544 averteret,
1998 4493 2062 4532 ac

2157 3277 2395 3348 μάρειαν
2417 3279 2446 3330 6
2473 3275 2730 3347 βασιλεὺς
2759 3276 2986 3345 Συρίας.
3040 3277 3359 3348 ἐπολιόρκει
3395 3279 3579 3348 αὑτήν.
3611 3275 3708 3328 Καὶ

2154 3370 2375 3438 ἐγένετο
2394 3367 2550 3439 λιμὸς
2585 3366 2948 3438 σφοδρότατος
2991 3371 3051 3422 ὲν
3090 3369 3254 3440 αὐτῇ,
3291 3369 3432 3423 ὥστε
3487 3366 3704 3438 κεφαλήν

2154 3461 2276 3515 ὄνου
2324 3462 2664 3531 πεντήκοντα
2714 3461 3070 3531 νομισμάτων
3132 3461 3382 3533 ἀργύρου
3428 3461 3704 3531 πραθῆναι,

2155 3558 2254 3612 καὶ
2285 3556 2484 3628 ξέστην
2529 3557 2740 3626 κόπρου
2791 3555 3137 3626 περιστερῶν
3181 3559 3522 3630 πεντήκοντα
3573 3570 3708 3624 νομι-

2158 3650 2380 3719 σμάτων
2409 3649 2636 3718 ὁμοίιον.
2661 3647 2766 3701 Τοῦ
2792 3647 2848 3700 δὲ
2872 3647 3138 3718 βασιλέως
3181 3647 3394 3720 Ἰωρὰμ
3428 3646 3706 3718 περιιόντος

2155 3743 2217 3795 τὸ
2239 3743 2439 3810 τεῖχος,
2469 3739 2666 3808 ἐϐόησε
2694 3738 2936 3808 γύναιον
2971 3739 3172 3805 Σῶσον,
3209 3733 3254 3794 ὧ
3285 3738 3534 3811 βασιλεῦ.
3584 3737 3638 3790 '0
3655 3734 3704 3788 δὲ

2155 3834 2387 3902 νομίσας
2437 3831 2646 3903 τροφὴν
2691 3832 2866 3884 αἰτεῖν
2925 3829 3026 3900 τὴν
3077 3833 3360 3898 γυναῖκα,
3418 3831 3603 3886 Πόθεν
3643 3838 3708 3878 σε

2157 3924 2358 3989 σώσω,
2390 3923 2854 3994 βλασφημήσας
2881 3921 3100 3991 αὐτὴν,
3145 3922 3270 3994 ἔφη,
3309 3924 3461 3996 μήτε
3497 3919 3710 3982 άλωνός

2152 4035 2277 4088 μοι,
2329 4016 2485 4086 μήτε
2517 4015 2710 4084 ληνοῦ
2747 4015 3178 4084 ὑπαρχούσης;
3217 4017 3331 4089 Τῆς
3355 4017 3410 4070 δὲ
3433 4016 3606 4087 κρίσιν
3629 4013 3706 4066 ai-

2159 4112 2274 4162 τεῖν
2296 4109 2581 4180 εἰπούσης,
2613 4107 2796 4176 λέγειν
2833 4107 3126 4180 ἐπέτρεψε.
3161 4111 3268 4163 Ka‘t
3301 4112 3334 4182 ή
3373 4111 3540 4179 γυνή,
3569 4109 3705 4161 Συν-

2162 4202 2374 4268 θιὶκας.
2402 4197 2580 4268 εἶπεν,
2626 4201 2850 4272 ἐθέμην
2867 4204 2996 4271 μεθ’
3041 4201 3248 4270 ἐτέρας
3293 4202 3573 4274 γυναικὸς
3609 4213 3708 4267 γει-

2159 4291 2422 4358 τνιώσης
2449 4310 2574 4360 μοι,
2597 4291 2778 4346 θῦσαι
2800 4294 2872 4347 τὰ
2897 4293 3078 4347 τέκνα
3101 4293 3291 4362 ἡμῶν,
3324 4295 3422 4349 καὶ
3449 4291 3560 4348 ἀνὰ
3578 4290 3708 4361 μίαν

2163 4385 2396 4454 ἡμέραν
2423 4387 2697 4454 ἀλλήλας
2723 4388 2960 4456 θρέψαι.
2982 4388 3152 4459 Κάγὼ
3172 4389 3272 4460 μὲν
3296 4389 3356 4444 τὸ
3382 4389 3511 4460 ἐμὸν
3537 4387 3703 4447 ἔθυσαν

2166 4482 2199 4550 ή
2237 4481 2294 4534 δὲ
2323 4481 2655 4550 παραϐαίνει
2681 4481 2748 4536 τὰ
2781 4481 3208 4551 ὡμολογημένα.
3241 4483 3462 4537 Τούτων
3489 4478 3705 4537 ἀκούσας

493 4587 876 4644 percussorem
911 4581 1102 4625 contra
1130 4543 1282 4626 illum
1313 4571 1501 4625 mittit.
1535 4571 1640 4626 Sed
1682 4571 1910 4627 Elisteus
1944 4543 2049 4626 cm-

2163 4543 2199 4626 6'
2224 4543 2500 4642 βασιλεὺς,
2536 4543 2908 4644 ὑπερήλγησε,
3093 4573 3192 4646 τὴν
3227 4575 3431 4644 ἐσθῆτα
3455 4567 3704 4642 διέρρηξε.

497 4666 574 4719 tui
621 4665 1014 4734 discipulorum
1069 4665 1122 4719 id
1159 4664 1484 4735 praedixerat
1530 4681 1545 4718 :
1595 4661 1921 4728 Ilomicidte,
1973 4664 2062 4720 iu-

493 4757 634 4828 quit.
693 4754 835 4826 [ilius
880 4754 1020 4810 misit
1043 4758 1132 4826 qui
1166 4771 1250 4809 me
1297 4757 1553 4824 perimat,
1593 4755 1682 4808 sed
1731 4771 1818 4809 vos
1868 4757 2063 4810 clausis

495 4847 692 4920 foribus
717 4846 864 4902 aditu
893 4863 1250 4916 percussorem
1281 4845 1554 4911 prohibete
1585 4861 1604 4900 :
1633 4855 1882 4918 sequetur
1920 4848 2062 4901 enim

494 4955 589 4994 rea:
633 4947 836 4993 mutato
875 4937 1114 4992 consilio.
1137 4939 1323 5008 itaque
1364 4937 1570 4994 factum
1595 4946 1681 4994 est
1707 4957 1720 4992 :
1747 4954 1872 4994 nam
1905 4938 2063 4995 Jora-

494 5047 638 5096 ntus,
670 5029 871 5084 omissa
903 5031 1085 5100 priore
1127 5029 1479 5100 cogitatione,
1513 5037 1878 5100 properanter
1905 5029 2058 5098 101

495 5123 560 5176 ad
586 5122 915 5192 prophetam
937 5118 1108 5182 venit,
1129 5120 1504 5190 expostulans,
1527 5121 1672 5190 quod
1691 5135 2060 5175 aerumnarum

492 5214 872 5283 depulsionem
897 5213 1070 5266 Deum
1101 5227 1210 5266 non
1235 5220 1512 5266 exoraret.
1537 5211 1604 5264 At
1629 5211 1720 5266 ille
1749 5227 1762 5265 :
1793 5209 1944 5274 Cras,
1975 5209 2067 5264 in-

495 5305 636 5374 quit,
661 5305 762 5358 duo
783 5314 906 5359 sata
940 5301 1122 5358 hordei
1164 5302 1292 5358 siclo
1323 5302 1632 5370 ventleutur,
1661 5311 1710 5356 et
1753 5299 2067 5371 similaginis

494 5405 670 5450 satum
709 5397 986 5450 tantidem.
1021 5393 1162 5451 Tum
1211 5395 1436 5466 quidam
1469 5409 1536 5450 ex
1568 5395 1710 5464 regis
1735 5393 2064 5448 comitibus:

501 5486 864 5554 lncredibitia,
899 5487 995 5552 ait,
1030 5491 1307 5559 propheta,
1331 5487 1480 5541 dicis.
1513 5485 1615 5541 Cui
1639 5485 1766 5540 ille:
1799 5483 1928 5548 Qua:
1949 5483 2067 5553 pol-

500 5578 676 5632 licitas
697 5594 836 5644 sum,
862 5579 1065 5650 inquit,
1108 5580 1302 5634 videbis
1327 5597 1346 5636 :
1394 5578 1485 5634 sed
1511 5577 1575 5631 ob
1615 5575 2064 5640 incredulitatem,

498 5673 566 5726 iis
598 5687 701 5728 nou
741 5671 957 5742 inieris.
997 5673 1074 5729 Ea
1104 5675 1270 5744 igitur
1303 5681 1462 5728 nocte
1493 5672 1733 5728 sonitum
1779 5683 2066 5735 curruum,

2164 4666 2276 4718 Kal.
2327 4665 2470 4718 κατὰ
2515 4663 2611 4716 τοῦ
2643 4664 2929 4734 προφήτου
2989 4663 3313 4738 ὲξςτιργιστο,
3347 4667 3428 4720 ὅτι
3459 4665 3530 4734 μή
3556 4663 3707 4714 δέοιτο

2163 4755 2258 4810 τοῦ
2293 4754 2428 4808 Θεοῦ
2459 4755 2622 4809 λῦσαι
2656 4755 2757 4826 τὴν
2805 4756 3069 4822 κάκωσιν,
3107 4759 3200 4812 καὶ
3233 4758 3323 4812 τὸν
3377 4751 3708 4811 ἀποκτενοῦν-

2163 4865 2230 4900 τα
2277 4847 2441 4902 αὑτὸν
2497 4844 2765 4914 επεμψεν.
2826 4844 3136 4911 Ἐλισσαῖος
3189 4847 3268 4912 δὲ,
3302 4848 3414 4910 τοῖς
3453 4840 3706 4915 φοιτηταῖς

2163 4939 2389 5010 ὁμιλῶν,
2423 4940 2685 5010 προεῖπεν
2731 4938 2936 5004 αὐτοῖς,
2989 4940 3071 4992 ὅτι
3133 4938 3198 4994 '0
3219 4941 3326 4994 τοῦ
3353 4939 3571 5009 φονέως
3593 4931 3706 4994 υἱὸς

2163 5031 2404 5086 κτανεῖν
2460 5029 2967 5102 με’ἁπέστειλεν·
3008 5032 3148 5087 ἀλλ’
3187 5033 3376 5104 ὑμεῖς,
3408 5031 3519 5099 τὴν
3538 5027 3706 5090 θύραν

2163 5125 2541 5190 κλείσαντες.
2583 5123 2900 5176 κωλύσατε
2921 5123 3038 5191 τὴν
3064 5124 3314 5179 ετσοὸον
3349 5121 3430 5187 τῷ
3473 5111 3702 5188 σφαγεῖ’

2163 5215 2372 5285 ἕψεται
2420 5217 2529 5286 γὰρ
2565 5215 3130 5285 μεταμεμελημένος
3167 5220 3201 5272 d
3246 5213 3558 5282 βασιλεύς.
3608 5203 3705 5260 Καὶ

2161 5309 2212 5362 οῖ
2261 5308 2360 5378 μὲν
2417 5307 2558 5361 κατὰ
2613 5307 2702 5359 τὸν
2748 5306 2844 5359 τοῦ
2901 5309 3187 5378 προφήτου
3241 5308 3398 5377 λόγον
3431 5302 3700 5370 ἐποίησανο

2175 5397 2380 5468 Ἰωρὰμ
2433 5397 2523 5462 δὲ,
2589 5394 3205 5467 μεταϐουλευσάμενος,
3287 5395 3525 5450 σπεύδων
3585 5385 3700 5452 πρὸς

2162 5485 2254 5538 τὸν
2299 5487 2586 5555 προφήτην
2655 5484 2920 5553 ἀφίκετο,
2990 5487 3086 5542 καὶ
3133 5487 3320 5557 ήτιᾶτο
3381 5482 3569 5543 αὐτὸν,
3631 5474 3700 5526 ὅτι

2164 5578 2240 5647 μή
2265 5576 2436 5628 δέοιτο
2465 5575 2559 5628 τοῦ
2626 5573 2762 5630 Θεοῦ
2809 5574 2969 5628 λῦσαι
3035 5579 3184 5645 σφίσι
3218 5578 3285 5630 τὰ
3346 5569 3590 5642 λυπηρά·
3642 5563 3701 5614 ’0

2161 5667 2218 5722 δὲ
2241 5706 2258 5736 ,
2285 5666 2526 5736 Αὔριον,
2573 5665 2700 5738 ἔφη,
2761 5666 2870 5722 δύο
2913 5666 3070 5723 σάτα
3127 5666 3334 5737 κριθῆς
3365 5658 3698 5733 προϐήσεται
