3980 6246
386 232 494 299 199
594 300 600 305 .

1617 231 1945 298 IOANNIS
1984 230 2308 293 ΖΟΝΑΒΒ

3541 231 3646 295 260

380 351 715 416 aﬂlixerunt,
743 364 855 406 uno
880 357 1097 407 tantum
1124 350 1368 408 Ochozia
1398 367 1466 409 ex
1500 352 1667 426 regiis
1688 350 1819 407 filiis
1848 365 1961 406 non

2071 348 2162 403 καὶ
2212 348 2325 402 τῶν
2378 345 2589 402 τέκνων
2635 343 2842 419 ςθορὰν
2919 343 3008 399 διὰ
3063 343 3162 417 τὴν
3207 343 3491 411 ἀσέϐειαν,
3556 348 3647 400 καὶ

380 466 697 531 interfecto,
742 475 800 523 et
853 464 1113 522 Joramus
1154 468 1356 533 etiam,
1397 476 1459 523 ut
1497 469 1767 539 propheta
1821 482 1960 538 pra:-

382 560 618 623 dixerat,
642 575 711 614 ex
732 558 913 613 morbi
928 558 1196 630 gravitate
1220 559 1433 616 interiit
1450 575 1598 616 anno
1621 559 1801 615 aetatis
1820 576 1961 630 qua.

381 651 714 723 dragesimo,
755 650 909 720 regni
954 661 1184 719 octavo,
1232 650 1468 708 chozia
1500 651 1613 708 ﬁlio
1643 667 1962 708 successore

382 753 598 808 relicto.
631 749 852 806 Accidit
886 761 1071 806 autem
1110 762 1172 806 ut
1199 751 1456 807 Joramus
1491 750 1653 816 alter,
1685 749 1962 804 Israelita-

382 861 506 899 rum
537 860 652 909 rex,
690 853 945 915 suscepta
969 851 1160 899 contra
1189 842 1357 915 Syros
1386 842 1737 913 expeditione
1770 841 1964 897 vulne—

384 946 559 1002 ratus,
600 936 743 991 Jchu
773 937 991 991 Amasis
1022 933 1136 990 tilio
1173 936 1318 1005 apud
1354 935 1659 991 exercitum
1694 949 1819 989 cum
1857 934 1963 989 im-

385 1028 541 1097 perio
572 1028 765 1082 relicto
795 1068 810 1093 ,
878 1028 945 1082 ad
997 1027 1306 1082 curandum
1364 1027 1536 1082 ictum
1585 1027 1784 1082 abiret.
1853 1025 1959 1081 Sed

390 1120 619 1174 Elisteus
657 1118 956 1189 quemdam
999 1135 1065 1174 ex
1115 1119 1402 1189 discipulis
1438 1117 1508 1173 ad
1547 1118 1746 1174 Jehum
1777 1132 1961 1188 regem

383 1210 765 1282 inungendum
798 1211 992 1275 mittit,
1043 1221 1105 1266 ut
1151 1211 1427 1265 delectum
1459 1226 1489 1265 a
1517 1211 1649 1268 Deo.
1684 1209 1789 1277 Qui
1824 1209 1962 1267 Jebu

383 1305 651 1368 seducto,
708 1315 767 1358 ut
810 1303 998 1357 arcani
1039 1303 1248 1373 aliquid
1316 1303 1860 1366 communicaturus,
1909 1309 1964 1357 et

383 1397 643 1450 conclave
695 1386 1007 1465 ingressus,
1054 1395 1375 1465 caputeius
1418 1396 1541 1450 oleo
1591 1392 1960 1464 perfundens,

382 1500 510 1539 eum
544 1502 575 1538 a
601 1485 714 1538 Deo
748 1485 926 1538 creari
958 1500 1142 1555 regem
1180 1487 1279 1550 ait,
1310 1485 1378 1540 ad
1412 1486 1618 1541 Achabi
1642 1501 1817 1556 genus
1862 1485 1960 1540 de-

388 1576 617 1631 lendum
646 1591 661 1629 :
693 1585 749 1631 et
789 1576 875 1631 his
904 1576 1069 1651 dictis
1089 1620 1102 1643 ,
1144 1578 1330 1632 subito
1360 1593 1389 1631 e
1423 1578 1670 1633 conclavi
1700 1593 1758 1632 se
1785 1576 1965 1647 prori-

387 1668 482 1735 pit.
516 1667 975 1723 Percontantibus
1006 1678 1191 1723 autem
1223 1669 1360 1735 suis,
1394 1670 1525 1739 quid
1565 1670 1634 1724 ab
1674 1670 1766 1723 illo
1797 1684 1961 1724 voca-

387 1766 476 1811 tus
496 1766 664 1823 esset,
694 1759 790 1828 qui
809 1758 1033 1829 quidem
1052 1758 1284 1813 furentis
1299 1767 1513 1830 gestum
1541 1774 1654 1828 prae
1671 1774 1728 1814 se
1748 1759 1960 1818 ferret:

384 1849 556 1913 Recte,
593 1848 791 1920 inquit,
813 1852 1093 1920 judicatis,
1123 1867 1245 1905 nam
1274 1850 1428 1905 verba
1455 1853 1634 1921 lurore
1654 1852 1812 1922 plena
1841 1853 1965 1907 mihi

385 1944 649 1995 nuntiavit
678 1957 696 1996 :
719 1941 856 1997 dixit
884 1946 1023 1998 enim
1057 1960 1137 1997 me
1172 1962 1203 1998 a
1236 1943 1343 1997 Deo
1370 1952 1606 1997 creatum
1633 1960 1742 1997 esse
1764 1961 1960 2014 regem.

384 2033 595 2098 Quibus
621 2035 861 2104 populus
882 2037 1107 2101 auditis,
1132 2036 1331 2091 Jehum
1369 2036 1516 2093 tubis
1548 2036 1753 2092 inﬂatis
1781 2052 1965 2107 regem

383 2126 608 2180 salutat.
641 2126 760 2192 Quo
788 2127 958 2195 facto,
1001 2129 1119 2192 ille,
1143 2129 1373 2183 delectis
1411 2130 1695 2199 equitibus
1751 2144 1966 2184 assum-

383 2217 515 2279 ptis,
553 2215 621 2269 ad
651 2216 935 2272 Joramum
971 2219 1157 2273 subito
1194 2220 1621 2289 Opprimendum
1661 2220 1968 2290 proﬁcisci-

386 2316 497 2363 tur.
537 2306 675 2363 Cum
722 2318 907 2363 autent
963 2312 1285 2378 speculator
1321 2312 1544 2367 Joramo
1593 2313 1826 2369 dixisset
1866 2314 1966 2368 ad-

385 2406 614 2454 ventare
665 2400 905 2469 equites,
953 2402 1129 2457 mittit
1172 2404 1466 2472 quemdam
1504 2404 1600 2475 qui
1643 2418 1798 2477 roget
1833 2405 1965 2474 quid

385 2490 582 2544 velint.
615 2491 755 2546 Eum
785 2492 985 2559 Jchus,
1024 2495 1178 2550 nullo
1210 2495 1340 2552 dato
1387 2510 1675 2567 responso,
1710 2513 1770 2552 se
1801 2497 1969 2569 jussit

356 2584 563 2654 .sequi.
618 2585 785 2641 Misso
835 2596 891 2642 et
946 2589 1163 2656 altero,
1227 2605 1333 2645 nec
1389 2606 1616 2646 reverso
1649 2628 1666 2653 .
1710 2591 1970 2647 Joramns

387 2677 529 2746 ipse,
583 2694 749 2734 curru
798 2696 1106 2736 conscenso
1148 2699 1273 2737 cum
1313 2682 1551 2740 Ocltozia
1600 2686 1807 2741 sororis
1855 2700 1969 2740 sua:

386 2769 522 2836 ﬁlio,
571 2772 667 2840 qui
731 2773 948 2828 visendi
988 2779 1110 2846 ejus
1157 2776 1330 2845 gratia
1380 2786 1652 2844 venerat,
1714 2776 1854 2833 Jeho
1910 2776 1970 2831 in

388 2875 519 2932 agro
571 2863 846 2920 Nabutbis
918 2867 1198 2932 occurrit,
1249 2884 1449 2939 rogans
1510 2878 1571 2923 nt
1622 2884 1682 2925 se
1739 2870 1969 2926 haberet

387 2954 707 3010 exercitus?
735 2956 841 3024 Qui
879 2973 1006 3013 cum
1047 2959 1360 3016 maledictis
1403 2976 1529 3017 eum
1578 2962 1967 3030 insectaretur,

2058 439 2170 510 Δτὴν
2206 438 2302 493 τοῦ
2335 435 2469 492 λαοῦ
2497 437 2766 491 κάκωσιν.
2813 435 2878 488 Ἀ
2912 434 3010 487 καὶ
3043 434 3124 496 είς
3152 432 3317 503 ἔργον
3357 432 3645 504 ἐξέϐησαν,

2081 528 2334 598 Ἆράόων
2384 525 2938 598 ἐπιστρατευσάντων
2957 526 3027 595 τῇ
3053 522 3306 596 Ἰουδαίᾳ,
3375 523 3498 588 ἐνὸς
3541 524 3650 578 τῶν

2072 622 2206 675 υίῶν
2236 619 2404 674 αὐτοῦ
2435 618 2840 691 περισωθέντος
2873 616 2970 671 τοῦ
3004 615 3272 688 Ὀχοζίου.
3303 614 3416 670 Καὶ
3445 614 3651 687 Ἰωρὰμ

2070 716 2128 768 δὲ
2172 715 2313 785 μετά
2336 712 2513 768 ταῦτα
2553 714 2811 784 νοσήσας,
2850 710 2929 776 ὡς
2957 711 2986 765 6
3017 713 3305 783 προφήτης
3326 708 3647 781 προείρηκε,

2072 807 2267 877 βιαίως
2338 806 2586 876 ἐξέψυξε,
2640 807 2815 877 ζήσας
2873 805 2974 876 μὲν
3037 803 3322 860 ἐνιαυτοὺς
3374 804 3651 876 τεσσαρά-

2072 914 2261 959 κοντα,
2306 896 2632 969 βασιλεύσας
2687 897 2745 952 δὲ
2777 897 2941 950 ὀκτώ.
2974 897 3052 949 Ἥ
3105 896 3153 949 δ’
3210 894 3358 968 ἀρχὴ
3412 896 3493 966 τῷ
3550 895 3652 966 υἱῷ

2071 990 2240 1045 αὐτοῦ
2271 991 2492 1062 Ὀχοζίᾳ
2549 988 2966 1062 περιελήλυθεν.
3010 986 3218 1058 Ἰωρὰμ
3268 987 3326 1042 δὲ
3346 988 3426 1059 τῷ
3477 988 3652 1060 ἑτέρῳ

2070 1083 2180 1138 τῶν
2213 1082 2566 1155 Ἰσραηλιτῶν
2594 1080 2808 1153 βασιλεῖ
2832 1082 2977 1135 κατά
3008 1081 3118 1134 τῶν
3154 1081 3344 1153 Σύρων
3390 1080 3655 1152 στρατεύ-

2072 1192 2228 1229 σαντι
2261 1176 2462 1245 συνέση
2519 1174 2844 1244 τοξευθῆναι
2883 1177 2942 1229 ἐν
2981 1171 3060 1243 τῷ
3087 1172 3331 1245 πολέμῳ·
3363 1174 3458 1227 καὶ
3490 1175 3520 1227 ὁ
3554 1173 3653 1242 μὲν

2069 1271 2388 1343 ἀνεχώρησε
2466 1269 3018 1341 θεραπευθησόμενος
3086 1267 3187 1340 τὴν
3235 1266 3476 1339 πληγὴν,
3523 1267 3658 1336 ἡγε-

2074 1365 2212 1437 μόνα
2280 1363 2382 1433 τῆς
2443 1363 2707 1432 στρατιᾶς
2771 1361 3109 1432 καταλείψας
3165 1361 3343 1432 Ἰηοῦν
3410 1360 3503 1413 τὸν
3558 1358 3653 1413 τοῦ

2087 1456 2322 1527 Ἀμασῆ.
2360 1454 2664 1519 Ἐλισσαῖος
2716 1452 2763 1507 δ’
2808 1452 2907 1508 ἕνα
2952 1453 3065 1507 τῶν
3097 1452 3358 1522 μαθητῶν
3413 1450 3654 1522 ἔπεμψε,

2070 1550 2332 1622 χρίσοντα
2367 1550 2449 1611 είς
2481 1547 2709 1619 βασιλέα
2733 1549 2824 1601 τδν
2857 1546 3053 1618 Ἰηοῦν,
3086 1547 3162 1609 ὡς
3187 1546 3282 1599 τοῦ
3314 1544 3453 1599 Θεοῦ
3487 1544 3655 1598 αὑτὸν

2071 1641 2377 1712 ¹ᾑρημένου.
2436 1640 2503 1693 '0
2527 1639 2572 1693 δ’
2597 1637 2788 1705 ἐλθὼν,
2829 1639 2938 1711 ἰδίᾳ
2968 1637 3076 1692 τῶν
3134 1637 3311 1692 ἄλλων
3358 1632 3655 1690 ἀπολαϐὼν

1997 1724 2046 1788 Β
2073 1735 2166 1787 τὸν
2194 1733 2392 1804 Ἰηοῦν,
2434 1733 2514 1796 ὡς
2551 1733 2616 1804 δή
2642 1750 2697 1786 τι
2725 1733 2895 1799 λέξων
2931 1731 3082 1803 αύτῷ
3117 1729 3549 1802 μυστικώτερον,
3573 1729 3656 1792 είς

2065 1829 2128 1881 τὸ
2160 1829 2409 1898 ταμιεῖον
2441 1826 2645 1890 είσδὺς,
2691 1824 2753 1879 τὸ
2802 1825 2983 1880 ἔλαιον
3041 1824 3271 1895 κατέχεε
3325 1822 3429 1894 τῆς
3483 1821 3654 1875 αὐτοῦ

2067 1921 2331 1990 κεφαλῆς,
2395 1919 2575 1990 φήσας
2626 1919 2903 1990 αἱρεῖσθαι
2953 1919 3046 1973 τὸν
3105 1917 3238 1972 Θεὸν
3290 1916 3370 1980 είς
3425 1915 3655 1988 βασιλέα

2068 2013 2255 2079 αὐτὸν,
2297 2012 2367 2065 ἵν’
2389 2013 2632 2085 ἀφανίσῃ
2652 2014 2712 2065 τὸ
2768 2013 2927 2081 γένος
2954 2011 3047 2065 τοῦ
3072 2009 3303 2082 Ἀχαά6.
3343 2010 3456 2063 Καὶ
3493 2010 3521 2062 ὁ
3555 2009 3655 2078 μὲν

2067 2105 2184 2177 ἅμα
2216 2124 2274 2159 τε
2301 2102 2443 2169 εἷπε,
2504 2108 2597 2160 καὶ
2640 2107 2705 2160 ἐκ
2741 2106 2836 2160 τοῦ
2886 2105 3136 2177 ταμιείου
3195 2104 3504 2168 σπουδαίως
3545 2100 3658 2167 ἐξέ-

2069 2203 2266 2273 δραμε.
2302 2200 2733 2271 Ιίυνθανομένων
2764 2199 2819 2254 δὲ
2846 2199 2955 2253 τῶν
2984 2200 3082 2252 σὺν
3120 2197 3288 2268 αύτῷ,
3320 2196 3371 2250 τί
3398 2198 3466 2252 ἂν
3530 2196 3657 2266 βού·

2068 2291 2214 2346 λοιτο
2254 2295 2281 2346 ὁ
2315 2293 2558 2356 καλέσας
2585 2292 2882 2356 αύτδν,καὶ
2912 2293 3179 2362 μεμηνότι
3206 2290 3657 2362 παρεικαζόντων

2069 2387 2305 2439 ἐκεῖνον·
2359 2368 2573 2453 Ὀρθῶς
2605 2385 2903 2453 ἐκρίνατε,
2942 2384 3068 2455 ἔφη,
3105 2384 3234 2438 ἐπεὶ
3279 2384 3378 2438 καὶ
3427 2386 3656 2453 λόγους

2065 2496 2169 2548 μοι
2219 2479 2490 2548 μεστοὺς
2542 2480 2768 2548 μανίας
2830 2476 3219 2547 ἀπήγγειλεν.
3284 2477 3491 2547 Είρηκε
3542 2477 3656 2546 γὰρ

2073 2572 2300 2645 βασιλέα
2335 2589 2401 2642 με
2436 2574 2760 2642 χειροτονεῖν
2796 2570 2887 2624 τὸν
2907 2572 3063 2624 Θεόν.
3092 2575 3199 2624 Καὶ
3223 2574 3250 2624 ό
3290 2571 3443 2635 λαὸς,
3483 2567 3655 2623 ἀκού‹

2077 2681 2175 2728 σας
2204 2664 2401 2730 ταῦτα,
2440 2662 2717 2726 σαλπίζων
2745 2665 3050 2734 ἀνηγόρευε
3084 2663 3305 2735 βασιλέα
3330 2663 3422 2717 τὸν
3451 2662 3652 2735 Ἰηοῦν.

2084 2759 2143 2812 '0
2171 2758 2252 2825 δὲ,
2290 2758 2492 2812 αὐτίκα
2535 2758 2665 2817 τοὺς
2705 2758 2938 2826 λογάδας
3000 2760 3109 2811 τῶν
3142 2758 3353 2823 ἱππέων
3395 2756 3651 2828 παραλα-

2072 2853 2205 2916 ϐὼν,
2244 2852 2592 2923 ἐξώρμησεν,
2624 2851 2696 2905 ἵν’
2729 2851 2925 2923 ἀθρόον
2976 2852 3180 2924 ἐπέλθῃ
3217 2854 3330 2913 τοῖς
3388 2853 3656 2922 περὶτὰ)

2085 2943 2313 3015 Ἰωράμ.
2367 2943 2474 2996 Τοῦ
2508 2945 2563 2996 δὲ
2620 2941 2828 2996 σκοποῦ
2882 2941 3200 3013 τῴΊωράμ
3251 2944 3436 3005 ἱππεῖς
3494 2942 3654 3013 ἥκειν

392 3046 547 3118 103
574 3048 829 3105 Juramus
851 3054 1080 3107 territus
1117 3053 1301 3124 fugam
1333 3055 1592 3125 capessit.
1627 3055 1767 3111 Tum
1794 3058 1964 3114 Jchus

2075 3037 2374 3106 φήσαντος,
2427 3034 2638 3088 ἕστειλέ
2693 3048 2819 3088 τινα
2876 3036 3083 3095 ἐκεῖνος
3138 3034 3431 3103 ἐρωτῶντα
3495 3036 3545 3087 τί
3585 3033 3653 3088 ἂν

388 3138 604 3195 intento
635 3157 768 3198 arcu
805 3159 932 3198 eum
964 3144 1115 3208 ferit,
1145 3157 1207 3202 ut
1233 3163 1403 3202 curru
1435 3147 1696 3219 delapsus
1722 3166 1966 3206 morere-

389 3240 497 3286 tur.
530 3232 619 3288 Sic
655 3234 710 3288 in
745 3233 1014 3292 Nabuthis
1060 3255 1255 3309 agrum
1287 3250 1374 3296 est
1420 3243 1722 3311 projectus,
1773 3259 1967 3314 quem-

391 3322 691 3378 admodum
764 3327 909 3383 Elius
961 3329 1188 3386 Achabo
1251 3333 1606 3403 praedixerat.
1669 3333 1969 3391 Ochoziam

387 3413 520 3470 item
552 3415 855 3488 fugientem
890 3422 1090 3493 sagitta
1129 3424 1226 3480 icit
1255 3425 1447 3494 Jchus,
1490 3443 1556 3483 ex
1590 3443 1703 3499 quo
1738 3429 1968 3485 vulnere

388 3516 436 3557 ts
468 3519 690 3574 quoque
740 3509 907 3578 paulo
947 3520 1070 3580 post
1098 3523 1182 3568 est
1219 3525 1493 3582 mortuus,
1524 3531 1648 3572 cum
1684 3532 1854 3571 unum
1882 3532 1970 3573 re-

386 3604 608 3663 gnasset
660 3609 890 3655 annum.
929 3599 1150 3658 Jezabel
1204 3612 1388 3660 autem
1437 3605 1506 3661 de
1552 3607 1691 3661 turri
1737 3623 1965 3678 prospe-

387 3692 567 3751 ctans,
595 3687 871 3757 exquisite
903 3692 1073 3754 culta.
1110 3704 1170 3748 ut
1211 3695 1509 3766 gratiosior
1540 3710 1687 3755 esset
1719 3715 1736 3752 :
1764 3697 1964 3765 Bonus,

387 3777 593 3848 tnquit,
644 3796 824 3835 servus
869 3783 962 3854 qui
1014 3784 1285 3840 dominum
1331 3803 1486 3842 suum
1526 3788 1763 3847 sustulit.
1795 3789 1968 3847 Jehus

385 3879 572 3924 autem
601 3873 873 3928 eunuchis
911 3876 1133 3932 mandat
1176 3889 1236 3932 ut
1278 3894 1399 3934 eam
1435 3896 1676 3952 superne
1708 3884 1969 3955 praecipi-

389 3970 592 4026 tarent,
629 3978 661 4019 e
691 3980 801 4035 quo
832 3983 959 4022 casu
999 3974 1305 4027 cruentatis
1326 3973 1635 4044 parietibus
1656 3975 1749 4029 illa
1776 3977 1964 4046 periit.

387 4053 565 4118 Quam
599 4069 725 4108 cum
769 4055 942 4113 Jehus
972 4059 1043 4113 ob
1081 4076 1257 4130 genus
1296 4063 1508 4133 regium
1555 4065 1776 4135 sepeliri
1802 4067 1974 4137 jube-

387 4151 493 4209 ret,
524 4142 761 4200 ministri
790 4158 996 4217 praeter
1044 4165 1168 4207 ossa
1211 4152 1353 4208 nihil
1395 4165 1741 4225 repererunt.
1790 4157 1970 4213 Canes

386 4237 535 4292 enim
560 4254 682 4294 eam
714 4241 1116 4312 dilaceraliant,
1144 4257 1204 4301 ut
1231 4247 1381 4303 Elias
1411 4249 1764 4317 praedixerat.
1794 4251 1970 4308 Erant

386 4332 615 4387 Acbabo
675 4334 937 4393 Samaria:
987 4341 1337 4411 septuaginta
1394 4340 1514 4397 ﬁlii.
1571 4343 1745 4400 Jchus
1798 4345 1970 4417 igitur

2073 3129 2368 3200 βούλοιντο.
2436 3127 2608 3196 Ἰηοῦς
2650 3128 2728 3196 δὲ,
2791 3128 2956 3199 μηδὲν
3005 3127 3347 3198 ἀποκριθεὶς,
3418 3128 3653 3183 ἕπεσθαι

2068 3225 2222 3294 αύτῷ
2290 3223 2686 3293 προετρέπετο.
2742 3218 2876 3275 Εἶτα
2931 3223 3026 3275 καὶ
3082 3222 3335 3293 δεύτερον
3388 3222 3649 3276 ἔστειλενο

2067 3317 2177 3372 οὐδ’
2211 3316 2424 3370 ἐκείνου
2449 3316 2505 3369 δὲ
2538 3314 3009 3387 ἀναστρέψαντος,
3044 3315 3204 3379 αὐτὸς
3233 3319 3261 3368 ὁ
3291 3318 3527 3388 Ἰωρὰμ,
3549 3317 3646 3370 τοῦ

2073 3411 2323 3482 ἅρματος
2361 3410 2582 3475 ἐπιϐὰς,
2611 3410 2708 3464 σὺν
2733 3409 2980 3481 Ὀχοζίᾳ,
3014 3410 3222 3463 ἐλθόντι
3254 3412 3390 3480 πρὸς
3420 3413 3647 3464 ἐπίσκε-

2068 3507 2163 3576 ψιν
2206 3504 2375 3559 αὑτοῦ
2434 3503 2672 3573 ἀδελφῆς
2712 3505 2880 3557 αὐτοῦ
2916 3496 3029 3558 ὄντι
3060 3506 3181 3575 υἱῷ,
3217 3507 3550 3578 συνήντησεν
3588 3508 3648 3562 ἐν

2067 3599 2224 3669 ἀγρῷ
2280 3598 2565 3652 Ναϐουθαὶ
2616 3596 2695 3668 τῷ
2757 3596 2923 3667 Ἰηοῦ.
2976 3599 3085 3651 Καὶ
3137 3600 3303 3671 ἤρετο
3373 3601 3501 3670 περὶ
3549 3600 3646 3670 τῆς

2076 3695 2358 3764 στρατιᾶς,
2391 3693 2538 3756 ὅπως
2578 3691 2711 3762 ἔχει.
2748 3692 2805 3743 '0
2841 3692 2897 3744 δὲ
2931 3692 3282 3761 βλασφημίας
3315 3692 3482 3745 αὑτοῦ
3515 3710 3648 3746 κατ-

2068 3785 2245 3857 έχεεν.
2273 3784 2479 3855 Ἰωρὰμ
2511 3785 2564 3838 δὲ
2595 3787 2853 3853 στραφεὶς
2881 3782 3246 3852 ἀπεδίδρασκε
3287 3782 3496 3844 δεδιώς.
3536 3783 3647 3835 Καὶ

2086 3879 2283 3950 Ἰηοῦς,
2316 3878 2377 3931 τὸ
2425 3877 2579 3945 τόξον
2630 3877 2892 3944 ἐντείνας,
2951 3876 3134 3948 βάλλει
3192 3878 3376 3937 αὐτόν.
3414 3878 3523 3931 Καὶ
3553 3876 3645 3931 τοῦ

2072 3975 2320 4044 ἅρματος
2351 3968 2605 4025 ἐκπεσὼν
2656 3971 2914 4041 τέθνηκε.
2946 3970 3042 4023 καὶ
3066 3969 3266 4042 ἐρρίφη
3298 3971 3379 4035 εἰς
3433 3970 3525 4026 τὸν
3552 3970 3646 4024 τοῦ

2069 4064 2355 4120 Ναίὶουθα)⁴
2413 4061 2607 4134 ἀγρὸν,
2649 4061 2795 4115 κατὰ
2847 4061 2947 4131 τὴν
2991 4063 3299 4133 πρόρρησιν
3333 4061 3542 4129 Ἠλιοῦ,
3584 4063 3649 4133 ἢν

2070 4157 2208 4228 πρὸς
2231 4153 2440 4227 Ἀχαάϐ
2475 4155 2794 4226 ἐποιήσατο.
2831 4155 2939 4206 Καὶ
2980 4155 3235 4223 Ὀχοζίαν
3285 4154 3342 4208 δέ
3376 4154 3650 4226 φεύγοντα

2075 4241 2364 4315 ἐτόξευσεν
2400 4247 2599 4320 Ἰηοῦς,
2641 4249 2737 4300 καὶ
2783 4249 2847 4301 ὲκ
2893 4247 2992 4317 τῆς
3027 4245 3240 4317 πληγῆς
3266 4248 3408 4317 μετὰ
3452 4249 3651 4321 μικρὸν

2071 4343 2451 4414 ἐτελεύτησεν,
2491 4343 2587 4395 ἕνα
2631 4340 2960 4413 βασιλεύσας
3017 4343 3288 4396 ἐνιαυτόν.
3316 4341 3562 4406 Ἰεζάὄελ
3606 4344 3650 4396 δ’

387 4422 799 4492 magistratibus
829 4426 1198 4484 Simaritanis
1229 4441 1286 4486 et
1312 4447 1615 4502 puerorum
1641 4435 1963 4491 educatori-

2072 4439 2136 4490 ἐκ
2163 4435 2258 4489 τοῦ
2285 4434 2497 4506 πύργου
2534 4432 2951 4504 προκύπτουσα,
2986 4433 3481 4505 κεκαλλωπισμένη
3512 4434 3654 4505 πρὸς

386 4514 490 4568 bus
518 4516 729 4581 scribit,
768 4518 1108 4588 signiﬁcans,
1159 4532 1220 4578 ut
1269 4527 1790 4593 praestantissimum
1837 4529 1963 4584 illo-

384 4622 510 4661 rum
566 4625 746 4678 regem
806 4623 1080 4671 crearent.
1142 4615 1201 4671 Id
1251 4626 1437 4672 autem
1493 4620 1743 4675 tentandi
1789 4621 1964 4691 gratia

383 4696 642 4754 faciebat.
683 4702 761 4755 Illi
795 4705 1109 4760 rescribunt
1151 4723 1277 4762 eum
1315 4724 1437 4765 esse
1461 4724 1622 4766 suum
1653 4713 1961 4770 dominum.

385 4791 662 4847 Rescribit
710 4795 876 4865 igitur
903 4796 1098 4864 Jchus,
1128 4799 1174 4853 si
1212 4815 1272 4854 se
1307 4817 1495 4857 servos
1521 4818 1654 4860 suos
1679 4821 1799 4860 esse
1829 4806 1966 4863 fate-

382 4896 600 4951 rentur,
637 4890 817 4957 capita
859 4891 1106 4945 omnium
1149 4890 1390 4947 ﬁliorum
1437 4895 1642 4951 Acbabi
1674 4899 1961 4956 allaturos.

384 4977 781 5050 Exscquuntur
829 4983 907 5037 illi
956 4985 1132 5054 jussa.
1188 4986 1305 5042 Rex
1342 4989 1522 5057 capita
1570 4997 1699 5044 ante
1746 5003 1963 5061 portam

384 5071 541 5124 urbis
590 5071 809 5127 duobus
850 5073 978 5143 poni
1016 5074 1150 5129 locis
1186 5076 1366 5145 jubet,
1405 5094 1581 5148 eoque
1630 5080 1776 5136 facto
1834 5099 1966 5152 pro-

384 5182 604 5237 gressus
634 5184 648 5220 :
686 5165 818 5238 Ego,
855 5167 1055 5237 inquit,
1092 5185 1263 5239 regem
1296 5172 1485 5226 sustuli
1519 5189 1537 5227 :
1570 5176 1657 5228 isti
1676 5178 1966 5230 secundum

382 5262 647 5331 propheta:
687 5262 1080 5333 pratdictionem
1116 5266 1409 5333 perierunt.
1432 5266 1501 5320 Et
1529 5282 1723 5322 onmes
1754 5268 1963 5324 Acitabi

382 5363 649 5423 cognatos
679 5355 1025 5426 conquisitos
1054 5367 1237 5411 necat.
1282 5358 1586 5413 Samariam
1614 5370 1797 5416 autem
1834 5377 1964 5430 pro-

381 5444 720 5500 ﬁeiscentem
770 5445 971 5501 Jelium
1019 5447 1363 5514 Jonadabus,
1414 5450 1634 5504 obviam
1682 5465 1962 5521 egressus,

383 5538 660 5592 collaudat
691 5538 762 5593 ob
789 5541 1147 5610 exstirpatam
1172 5542 1379 5595 Achabi
1409 5541 1693 5596 familiam.
1724 5542 1806 5597 Ne
1834 5544 1966 5612 quis

382 5640 570 5685 autem
619 5631 1326 5716 pseudoprOphetarum‘ct
1384 5634 1566 5688 Baalis
1606 5634 1960 5688 sacerdotum

384 5722 581 5783 lateret
609 5725 802 5797 Jebus,
832 5743 890 5784 se
924 5728 1210 5798 magniﬁce
1239 5712 1525 5782 iacturum
1576 5712 1699 5783 csse
1732 5742 1848 5783 rem
1879 5726 1965 5782 di-

2069 4530 2129 4582 τδ
2163 4527 2608 4596 ἐπαγωγότερον,
2662 4525 2935 4597 Ἀγαθός,
2972 4522 3117 4593 εἷπε,
3165 4528 3407 4594 δοῦλος,
3441 4527 3510 4595 ὃς
3540 4531 3652 4584 τὸν

2067 4617 2378 4684 δεσπότην
2424 4615 2687 4670 ἀνεῖλεν.
2715 4614 2893 4680 Ἰηοῦς
2934 4614 2990 4667 δὲ
3031 4614 3240 4668 ἄνωθεν
3274 4615 3446 4688 αὐτὴν
3490 4617 3652 4689 ῥίψαι

2066 4710 2179 4772 τοῖς
2208 4706 2489 4779 εὐνούχοις
2506 4706 2830 4773 προσέταξε.
2860 4707 2966 4759 Καὶ
2978 4708 3433 4779 καταφερομένης
3452 4712 3652 4781 αὐτῆς,

2069 4800 2449 4873 περιεῤῥάνθη
2492 4799 2554 4852 τὸ
2586 4801 2763 4870 τεῖχος
2800 4798 2874 4870 τῷ
2911 4799 3126 4869 αἵματι.
3176 4800 3240 4853 Ἦ
3275 4801 3333 4853 δὲ
3358 4802 3652 4873 τέθνηκεν.

2083 4891 2228 4962 Ἰηοῦ
2257 4892 2314 4945 δὲ
2361 4895 2601 4962 ταφῆναι
2636 4890 2806 4959 αὐτὴν
2838 4892 3249 4962 προστάξαντος
3280 4892 3368 4945 διὰ
3397 4895 3456 4947 τὸ
3492 4897 3655 4963 γένος

2068 4985 2244 5054 αὐτῆς
2280 4985 2342 5036 τὸ
2377 4982 2667 5052 βασίλειον,
2725 4985 2775 5036 οἱ
2813 4984 3217 5052 προπαγέντες
3249 4983 3433 5056 Δοὐδὲν
3492 4980 3657 5056 εὗρον

2068 5081 2135 5133 ἐκ
2197 5078 2291 5132 τοῦ
2340 5079 2593 5146 σώματος
2648 5076 2887 5147 αὐτῆςῆ
2943 5077 3079 5147 μόνα
3137 5076 3291 5130 ὀστᾶ.
3360 5078 3498 5131 Ὑπὸ
3539 5081 3654 5151 γὰρ

2068 5170 2247 5225 κυνῶν
2263 5170 2657 5238 διεσπάρακτο,
2679 5167 2755 5231 ὡς
2782 5169 2966 5221 Ἠλιοῦ
2998 5171 3434 5238 προεφήτευσεν.
3461 5166 3654 5225 Ἦσαν

2067 5265 2125 5319 δὲ
2158 5267 2215 5317 ἐν
2241 5262 2529 5335 Σαμαρείᾳ
2567 5261 2642 5333 τῷ
2666 5262 2879 5332 Ἀχαὰῦ
2913 5264 3019 5315 υἱοὶ
3074 5262 3477 5331 ἐϐδομήκοντα.
3521 5265 3653 5341 Ἐπ-

2072 5358 2316 5411 έστειλεν
2338 5352 2432 5410 οὖν
2459 5354 2635 5426 Ἰηοῦς
2661 5357 2774 5420 τοῖς
2801 5356 3029 5427 ἄρχουσι
3058 5356 3393 5428 Σαμαρείας,
3414 5358 3510 5410 καὶ
3538 5363 3653 5421 τοῖς

2068 5451 2437 5518 παιδαγωγοῖς
2464 5448 2573 5501 τῶν
2592 5448 2725 5501 υίῶν
2759 5447 2988 5519 Ἀχαὰῦ,
3036 5448 3214 5519 δηλῶν
3253 5448 3343 5501 τὸν
3411 5450 3653 5519 κρείττω

2066 5544 2277 5597 τούτων
2317 5541 2639 5613 βασιλεῦσαι
2664 5542 2885 5606 αὐτούς.
2923 5540 3270 5613 Πειρώμενος
3321 5541 3378 5595 δὲ
3409 5540 3522 5593 τῶν
3557 5542 3653 5595 ἀν·

2067 5637 2210 5707 δρῶν
2262 5635 2472 5707 ἔγραψε
2512 5634 2712 5691 ταῦτα.
2768 5638 2831 5690 0i.
2876 5637 2934 5689 δὲ
2973 5635 3133 5689 αὑτὸν
3178 5633 3325 5705 ἔχειν
3377 5633 3651 5703 δεσπότην

2071 5728 2448 5800 ἀντέγραψαν.
2480 5727 2591 5784 Καὶ
2614 5725 2774 5793 αὖθις
2796 5728 3110 5783 ἐπέστειλεν
3140 5726 3316 5797 Ἰηοῦς
3339 5725 3434 5779 καὶ
3470 5725 3653 5779 είδον-
