3980 6246
326 225 428 289 2‘1

1592 223 1999 284 A‘NALIUM
2039 222 2184 283 LIB.
2225 221 2283 282 ll

3477 225 3584 295 202

323 340 478 389 λειαν
517 333 878 406 ὁμολογοῦσιν
933 331 1103 403 αὐτῷ,
1133 329 1230 394 τὰς
1261 328 1503 400 κεφαλάς
1551 330 1773 384 πάντων
1796 329 1904 382 τῶν

2019 329 2194 383 rinam
2242 323 2553 390 denuntiat,
2587 325 2907 384 sacerdotes
2953 337 3010 385 et
3057 329 3352 401 prophetas
3390 348 3583 391 omnes

325 428 536 480 παίδων
565 427 660 479 τοῦ
686 425 895 497 Ἀχαάδ
917 426 1168 494 κομίσειν
1190 423 1363 494 αὐτῷ.
1393 425 1654 478 Κάκεῖνοι
1693 423 1754 475 τὺ
1783 424 1906 475 ἑπι-

321 517 522 586 ταχθὲν
555 518 954 586 πεποιήκασιν.
1003 515 1063 569 Ὀ
1101 514 1161 568 δὲ
1201 513 1310 582 πρὸ
1337 513 1438 583 τῆς
1471 511 1648 583 πύλης
1682 516 1782 582 τῆς
1811 515 1908 566 πό-

324 610 460 671 λεως
482 608 709 679 τεθῆναι
733 609 832 671 τάς
863 605 1106 676 κεφαλὰς
1143 607 1202 659 ὲν
1237 606 1360 662 δυσὶ
1387 606 1578 670 τόποις
1625 605 1903 660 ἐκέλευσε.

322 698 436 752 Καὶ
472 700 666 751 τούτου
722 698 1017 766 γενομένου
1053 695 1356 766 προελθὼν,
1393 691 1544 762 Ἐγὼ
1593 691 1730 761 μὲν,
1759 687 1904 757 εἶπε,

322 790 434 842 τὸν
453 786 726 852 ,βασιλέα
760 787 1056 855 ἀνῄρηκα,
1108 781 1274 840 οὗτοι
1293 783 1363 836 δὲ
1409 781 1560 838 κατὰ
1577 782 1696 850 τὴν
1725 782 1908 850 πρόῤ-

314 876 508 944 pnetr-
536 874 645 928 τοῦ
668 875 984 944 προφήτου
1013 873 1331 928 ἀπώλοντο
1365 888 1378 902 ⁸
1443 872 1540 925 καὶ⁵
1575 873 1786 934 πάντας
1853 871 1912 924 δὲ

321 969 448 1030 τοὺς
489 972 776 1034 συγγενεῖς
819 964 1023 1036 ’Δχαὰϐ
1050 966 1349 1036 ἐρευνήσας
1385 965 1707 1020 ἀπέκτεινεν
1737 962 1902 1029 Ἰηοῦ.

335 1062 581 1116 Ἀπιόντι
609 1061 667 1114 δὲ
701 1063 852 1126 αὐτῷ
883 1063 962 1124 είς
990 1060 1328 1131 Σαμάρειαν,
1351 1059 1592 1128 συναντᾷ
1627 1055 1906 1121 Ἰωναδάὸ,

325 1156 424 1208 καὶ
456 1151 780 1222 προσειπὼν
833 1153 1130 1222 εὐλόγησεν
1185 1153 1372 1216 αὐτὸν,
1424 1151 1508 1205 ὄτι
1545 1149 1911 1219 ὲεωλόθρευσε

324 1245 384 1296 τὸ
443 1245 599 1310 γένος
646 1245 743 1298 τοῦ
780 1245 1012 1316 Ἀχαάό.
1063 1241 1199 1300 Εἶτα
1231 1246 1316 1298 ἵνα
1360 1246 1433 1315 μή
1477 1261 1561 1305 τις
1620 1242 1758 1312 λάθῃ
1805 1241 1914 1296 τῶν

2011 421 2206 474 adesse
2231 421 2410 490 jubet,
2449 429 2682 475 mortem
2721 420 2773 476 ei
2803 420 3192 488 comminatus,
3223 424 3319 493 qui
3349 439 3460 480 non
3493 443 3587 483 ve-

2010 510 2201 564 nisset.
2239 511 2374 565 Cum
2404 511 2817 576 convenissent,
2859 521 3043 568 vestes
3094 516 3178 569 eis
3217 517 3329 582 dat,
3389 527 3444 572 et
3475 534 3588 578 una

2013 601 2273 669 templum
2299 601 2800 672 Baalisiugressus,
2827 602 3014 667 edicit,
3041 620 3112 659 ne
3153 605 3280 674 quis
3327 606 3467 660 alius
3518 609 3592 664 iis

2016 692 2441 748 admiscerctur.
2503 695 2607 761 Qui
2654 709 2781 748 cum
2833 695 3114 750 neminem
3167 696 3336 751 alium
3395 698 3592 754 adesse

2017 784 2310 847 dixissent,
2339 786 2612 842 militibus
2641 788 2736 857 qui
2769 787 2903 842 foris
2953 788 3208 843 astabant
3231 790 3492 848 mandat.
3531 801 3598 847 ut

2020 891 2214 930 omnes
2252 878 2376 932 illos
2415 879 2758 946 occiderent,
2810 888 2867 936 et
2894 881 3158 950 templum
3209 881 3593 948 incenderent,

2021 975 2077 1021 et
2108 969 2279 1037 ipsa
2339 979 2576 1023 statuam
2626 988 2641 1028 :
2691 980 2955 1027 caeterum
3010 987 3212 1028 aureos
3250 973 3452 1028 vitulos
3486 991 3595 1029 nun

2019 1061 2272 1115 sustulit.
2331 1061 2591 1118 Promisit
2644 1075 2828 1118 autem
2879 1065 2932 1119 ei
2990 1065 3156 1130 Deus,
3209 1082 3336 1122 cum
3388 1068 3599 1124 Achabi

2021 1148 2245 1204 domum
2297 1151 2612 1217 excidisset,
2669 1170 2901 1225 regnum
2961 1171 3131 1226 penes
3174 1156 3318 1213 ﬁlios
3365 1161 3488 1229 ejus
3529 1162 3600 1216 ad

2022 1252 2284 1312 quartum
2324 1261 2498 1315 usque
2538 1262 2714 1316 genus
2747 1263 3192 1317 permansurum.

321 1337 811 1412 ψευδοπροφητῶν,
855 1337 950 1392 καὶ
989 1338 1099 1395 τῶν
1152 1337 1344 1406 ἱερέων
1384 1335 1478 1388 τοῦ
1515 1334 1686 1397 Βάαλ,
1729 1335 1924 1388 θυσίαν
1964 1335 2201 1406 ἐκήρυξε
2275 1337 2492 1407 μέλλειν
2532 1335 2692 1393 θῦσαι
2749 1342 3036 1412 πολυτελῆ,
3077 1344 3172 1397 καὶ
3233 1345 3436 1410 πάντας
3477 1350 3603 1410 τοὺς

325 1410 493 1501 ἱερεῖς
543 1432 638 1485 τοῦ
682 1433 828 1490 Βάαλ
857 1433 1099 1494 καὶτοὺς
1152 1433 1442 1503 προφήτας
1478 1433 1738 1501 παρεῖναι
1787 1428 2098 1483 ἐκέλευσεν.
2171 1431 2235 1484 Et
2302 1432 2360 1484 δέ
2404 1450 2487 1494 τις
2521 1433 2597 1504 μὴ
2665 1436 2892 1505 παρείη,
2922 1410 3156 1489 θάνατον
3209 1435 3348 1492 εἷναί
3385 1443 3437 1494 οῖ
3498 1443 3604 1516 εφη

321 1522 383 1580 τὸ
437 1526 743 1595 ἐπιτίμιον.
781 1525 1142 1597 Ἀθροισθεῖσι
1201 1524 1258 1577 δὲ
1284 1524 1562 1594 ἐνδύματα
1630 1523 1782 1586 δοὺς,
1849 1522 1949 1575 καὶ
1983 1523 2123 1592 μετά
2167 1524 2340 1577 ταῦτα
2380 1527 2461 1589 είς
2506 1531 2598 1578 τὸν
2635 1524 2784 1581 οἷκον
2827 1529 2947 1598 μετ’
2978 1529 3164 1582 αὐτῶν
3227 1532 3478 1588 ἀπελθὼν
3502 1539 3603 1592 τοῦ

323 1617 495 1682 Βάαλ,
545 1622 770 1688 μήτινα
831 1620 1015 1680 αὐτοῖς
1069 1617 1256 1688 ἕτερον
1306 1615 1688 1687 ἀναμεμίχθαι
1758 1615 2117 1686 προσέταξεν.
2175 1616 2298 1670 Τῶν
2341 1617 2399 1672 δὲ
2457 1620 2663 1690 μηδένα
2720 1624 2978 1692 παρεῖναι
3044 1625 3335 1694 φησάντων
3383 1627 3598 1699 ἓτερον.

320 1712 666 1784 στρατιώτας
701 1712 1068 1783 περιέστησεν
1120 1711 1248 1776 ἔξω,
1292 1710 1558 1773 κελεύσας
1623 1711 1943 1764 ἀποκτεῖναι
1983 1711 2110 1773 τοὺς
2151 1710 2321 1765 ἔνδον.
2361 1713 2425 1765 Ol
2458 1713 2700 1777 ἐκείνους
2723 1731 2781 1767 τε
2807 1717 3021 1778 πάντας
3052 1718 3288 1781 ἀνεῖλον,
3345 1721 3439 1774 καὶ
3505 1722 3605 1777 τὶν

315 1802 464 1864 οἷκον
484 1805 579 1859 τοῦ
617 1805 764 1860 Βάαλ
811 1807 1142 1876 ἐνέπρησαν.
1177 1806 1272 1858 καὶ
1316 1804 1416 1874 τὴν
1463 1805 1668 1876 στήλην
1719 1801 1910 1858 αὐτοῦ.
1953 1805 2064 1868 Ta;
2116 1805 2172 1858 δὲ
2217 1807 2426 1876 χρυσᾶς
2458 1807 2725 1878 δαμάλεις
2779 1811 2842 1863 οὑ
2899 1813 3192 1881 περιεῖλεν.
3262 1814 3324 1866 ’0
3370 1813 3426 1868 δὲ
3475 1815 3604 1875 Θαὶς

315 1899 465 1970 αὐτῷ
508 1901 908 1969 ἐπηγγείλατο,
943 1900 1036 1953 τὸν
1093 1895 1248 1952 οἷκον
1288 1897 1676 1967 ἐξαφανίσαντι
1703 1895 1912 1966 Ἀχαάδ
1951 1897 2044 1950 ἐπὶ
2101 1900 2372 1969 τετάρτην
2438 1900 2632 1969 γενεάν
2681 1903 2791 1955 τῶν
2839 1904 3048 1956 παίδων
3097 1905 3266 1958 αὐτοῦ
3297 1906 3604 1976 διαρκέσειι

317 1999 417 2068 τὴν
460 1997 748 2066 βασιλείαν
779 1997 968 2052 αὑτοῦ.

389 2088 492 2144 ιθ’.
533 2089 692 2143 Οὕτω
737 2090 838 2159 μὲν
880 2088 974 2142 οὖν
1045 2105 1108 2144 το
1165 2105 1322 2158 γενος
1387 2087 1762 2158 ὲξωλοθρεύθη
1816 2086 1911 2139 τοῦ

2086 2083 2228 2139 XIX.
2274 2083 2368 2139 Sic
2409 2083 2618 2139 Achabi
2665 2084 2869 2140 familia
2899 2086 3202 2156 exstirpata
3231 2097 3337 2142 est.
3365 2087 3437 2143 At
3465 2087 3602 2143 f-liao

319 2179 554 2250 'Alaa6.
607 2180 671 2233 Ἦ
698 2180 756 2232 δὲ
801 2180 1053 2252 θυγάτηρ
1088 2182 1302 2234 ἐκείνου
1330 2180 1576 2246 Γοθολία,
1609 2181 1644 2252 ἠ
1692 2178 1911 2249 Ὀχοζίᾳ

2025 2175 2154 2247 ejus
2182 2174 2462 2242 Gotbolia,
2503 2184 2627 2244 post
2676 2177 2892 2232 obitum
2923 2177 3182 2233 Ochoziae
3209 2179 3395 2233 mariti
3435 2181 3604 2250 potita

321 2271 555 2342 συνῴκει
610 2272 690 2343 τῷ
744 2277 845 2345 τῆς
920 2273 1279 2345 Ἰερουσαλὴμ
1330 2272 1566 2343 βασιλεῖ,
1661 2271 1911 2333 θανόντος

2021 2285 2214 2340 regno,
2250 2269 2410 2342 104
2453 2270 2673 2326 Davidis
2703 2281 2760 2326 et
2779 2272 2896 2340 ipsa
2927 2286 3101 2340 genus
3130 2271 3438 2340 exstirpare
3468 2285 3595 2326 cou-

318 2365 557 2430 ὲκείνου,
601 2367 698 2435 τῆς
723 2364 1007 2435 βασιλείας
1035 2365 1209 2420 Ἰούδα
1234 2364 1511 2434 ἐγκρατὴς
1542 2361 1702 2426 οὖσα,
1745 2362 1911 2416 σπού-

2021 2362 2219 2427 teudit,
2279 2377 2500 2433 unoque
2559 2374 2792 2434 excepto
2848 2363 3134 2419 interfecit
3193 2377 3411 2418 omnes.
3466 2362 3603 2417 Nam

317 2457 500 2527 δασμα
531 2458 684 2512 ἔθετο
719 2462 815 2513 καὶ
837 2459 976 2529 αὑτὴ
1006 2458 1238 2526 τὸγένος
1268 2455 1656 2527 ὲξολοθρεῦσαι
1709 2455 1772 2508 to
1817 2455 1911 2509 τοῦ

318 2550 508 2607 Δαϐίδ.
538 2551 648 2603 Καὶ
682 2551 850 2621 χωρὶς
897 2550 1018 2612 ἑνὸς
1065 2550 1393 2603 ἀπέκτεινεν
1426 2547 1708 2611 ἅπαντας·
1743 2550 1775 2618 ἡ
1805 2548 1913 2620 γάρ

320 2644 528 2716 ἀδελφὴ
555 2643 827 2715 Ὀχοζίου,
853 2644 1111 2698 Ίωσαὸεὲ
1136 2644 1469 2714 καλουμένη,
1507 2643 1914 2714 ἀναιρουμένων

323 2737 428 2790 τῶν
471 2735 607 2792 υἱῶν
639 2737 733 2790 τοῦ
764 2737 997 2808 ἀδέλφου
1037 2738 1230 2807 αὐτῆς.
1281 2736 1522 2812 ἠδυνήθη
1573 2737 1669 2790 ἕνα
1718 2737 1915 2806 νήπιον

319 2828 469 2891 ὅντα,
504 2829 678 2899 ενομα
722 2829 900 2894 Ἰωάς,
956 2830 1299 2901 ἀποκρύψαι,
1336 2832 1430 2883 καὶ
1463 2829 1694 2900 ἔτρεφεν
1751 2826 1915 2879 αὐτὸν

322 2921 414 2974 ἐπὶ
444 2920 546 2991 ἔτη
585 2920 646 2984 ἒξ
687 2919 1012 2991 λεληθότως.
1043 2921 1133 2974 Ἐν
1169 2921 1226 2975 δὲ
1275 2921 1354 2991 τῷ
1391 2921 1629 2992 ἑϐδόμῳ,
1671 2917 1856 2973 ’Ῑωδαὲ
1888 2917 1916 2969 ὀ

324 3011 641 3082 ἀρχιερεὺς.
672 3007 717 3079 ᾧ
765 3011 1001 3082 συνῴκει
1051 3014 1085 3084 ή
1131 3010 1407 3076 Ἰωσαὸεὲ,
1460 3008 1917 3081 προσκαλεσάμε-

324 3108 412 3168 νός
473 3121 632 3168 τινας
679 3105 787 3158 τῶν
850 3105 1295 3176 ἑκατοντάρχων,
1357 3103 1637 3168 ὑπέδειξεν
1682 3103 1915 3169 ἐκείνοις

321 3196 411 3253 τὸν
438 3196 618 3254 Ὶωάς.
647 3197 741 3252 xal.
759 3195 1288 3266 κοινολογησάμενος
1315 3197 1428 3258 τοῖς
1454 3194 1705 3266 ἀνδράσι,
1737 3195 1917 3250 πείθει

323 3293 388 3358 τῇ
417 3293 517 3360 μὲν
546 3289 773 3360 Γοθολία
804 3289 1202 3358 ἐπαναστῆναι,
1234 3287 1312 3358 τῷ
1347 3289 1406 3341 δὲ
1472 3289 1626 3342 παιδὶ
1683 3288 1782 3360 τὴν
1820 3306 1912 3342 πα»

323 3383 504 3451 τρῴαν
536 3381 818 3452 βασιλείαν
857 3379 1342 3439 ὲπανασὼσασθαι.
1376 3380 1440 3434 Οἳ
1481 3381 1576 3434 καὶ
1606 3380 1792 3450 ὅρκοις
1816 3381 1918 3442 τὰς

323 3475 620 3544 ὁμολογίας
662 3473 1066 3538 πιστώσαντες,
1095 3472 1364 3542 ἀπῆλθον,
1404 3473 1501 3527 καὶ
1552 3472 1917 3542 συνήθροισεν

323 3570 452 3632 τοὺς
509 3569 678 3639 ίερεῖς
707 3569 801 3627 καὶ
845 3569 1079 3628 Λευῖτας
1137 3569 1233 3621 καὶ
1267 3566 1578 3636 φυλάρχους
1641 3566 1778 3637 πρὸς
1824 3566 1916 3623 τὸν

326 3659 534 3716 Ἰωδαέ.
571 3661 631 3714 '0
686 3662 743 3714 δὲ
797 3664 985 3726 αὐτοῖς
1030 3662 1124 3716 τὸν
1175 3661 1332 3722 Ἰωάς
1381 3659 1668 3729 ἐνεφάνισε
1716 3658 1911 3726 λέγων·

330 3749 520 3818 Οὗτος
543 3752 690 3822 ὑμῖν
715 3754 1020 3820 ,βασιλεὺς
1080 3755 1149 3808 ἐκ
1179 3751 1525 3822 σπέρματος
1555 3752 1662 3806 τοῦ
1711 3751 1910 3804 Δαϐίδ.

327 3845 435 3902 Καὶ
462 3845 523 3896 τὸ
559 3845 704 3914 ἱερὸν
730 3845 1138 3915 περιεκύκλωσε
1170 3844 1247 3915 τῷ
1266 3844 1402 3914 λαῷ⁹
1441 3829 1608 3914 μέσον
1629 3843 1686 3896 δὲ
1711 3844 1914 3912 στήσας

328 3936 418 3991 τὸν
447 3937 626 3999 Ὶωὰς,
656 3937 898 4008 διάδημά
919 3955 979 3990 τε
1015 3938 1164 4008 αὑτῷ
1216 3937 1520 4007 περιέθετο,
1570 3939 1665 3989 καὶ
1700 3938 1763 3989 τὸ
1814 3937 1915 4006 τῆς

333 4030 565 4098 χρίσεως
595 4029 776 4088 ἔλαιον
807 4031 1081 4101 καταχέας
1111 4029 1304 4096 αὐτοῦ,
1357 4029 1584 4099 βασιλέα
1638 4028 1911 4092 ἀπέδειξε,

334 4120 476 4173 καὶὸ
531 4120 660 4184 λαὸς
705 4121 1086 4192 ἐπευφήμησε.
1137 4121 1249 4189 Τῆς
1296 4120 1352 4173 δὲ
1426 4120 1555 4191 βοῆς
1599 4121 1632 4188 ἡ
1689 4118 1914 4171 Γοθολία

336 4212 634 4275 ἀκούσασα,
670 4213 778 4266 τῶν
829 4213 1117 4283 βασιλείων
1168 4212 1581 4284 τεθορυϐημένη
1640 4211 1911 4284 ἐξέθορεν,

336 4301 607 4372 ἑπομένης
643 4304 782 4374 αὐτῇ
817 4303 914 4357 καὶ
951 4303 1053 4373 τῆς
1093 4304 1376 4372 στρατιᾶς.
1420 4301 1714 4356 Ἐλθοῦσαν
1747 4303 1804 4356 δὲ
1831 4304 1912 4365 είς

334 4396 390 4443 τὸ
418 4395 582 4463 ἱερὸν,
635 4394 732 4465 τὴν
760 4395 860 4464 μὲν
893 4395 1040 4457 ἐντὸς
1092 4395 1142 4447 οι
1193 4395 1357 4464 ἱερεῖς
1403 4393 1760 4458 εἰσεδέξαντο,
1799 4396 1914 4455 τοῖς

335 4483 389 4536 δὲ
410 4487 537 4556 περὶ
563 4485 734 4557 αὐτὴν
761 4487 823 4538 τὸ
853 4485 1058 4556 πλῆθος
1111 4485 1338 4556 ἀπεῖρξε
1396 4485 1497 4554 τὴν
1545 4485 1770 4540 εἴσοδον.
1848 4486 1912 4538 Ἦ

334 4576 388 4628 δὲ
442 4577 529 4628 τὸν
564 4578 732 4634 παῖδα.
771 4577 1108 4647 ἐστεμμένον
1161 4577 1366 4641 ἰδοῦσα,
1429 4576 1731 4648 ἠπείλησεν
1786 4578 1911 4640 τοὺς

335 4672 428 4740 τὴν
453 4671 630 4741 ἀρχὴν
685 4671 860 4738 αὐτῆς
915 4669 1126 4726 ἀνελεῖν
1166 4670 1676 4742 ὲπικεχειρηκότας.
1730 4671 1913 4727 ’Ῐωδαὲ

335 4763 385 4818 δὲ
421 4767 531 4826 τοῖς
560 4762 991 4832 ἑκατοντάρχαις
1035 4761 1357 4832 ἐπέτρεψεν,
1393 4761 1499 4826 ἔξω
1526 4761 1626 4833 τὴν
1653 4761 1910 4816 Γοθολίαν

333 4856 668 4918 ἑλκύσαντας
691 4855 1058 4926 ἀναιρεῖσθαι.
1093 4857 1203 4909 Καὶ
1226 4855 1275 4908 οἱ
1305 4855 1403 4923 μὲν
1419 4853 1593 4919 οὕτως
1624 4856 1908 4926 ἐποίησαν.

346 4947 522 4999 Ίωδαὲ
556 4947 613 5000 δὲ
638 4947 728 5002 τόν
762 4964 820 4999 τε
853 4946 1080 5016 βασιλέα
1101 4947 1196 4999 καὶ
1217 4946 1310 4999 τὸν
1345 4946 1472 4999 λαὸν
1497 4945 1725 5016 ὥρκωσε
1746 4947 1912 5016 τιμᾷν

332 5043 415 5095 τὸ.
432 5042 587 5102 Θεὸν,
617 5041 855 5103 καὶτοὺς
877 5040 1080 5110 νόμους
1096 5043 1309 5111 τηρεῖν.
1335 5039 1447 5092 Καὶ
1470 5038 1795 5101 ἐπελθόντες
1814 5041 1912 5091 αὖ-

333 5135 457 5189 τίκα
486 5133 564 5202 τῷ
589 5133 685 5187 τοῦ
721 5134 867 5192 Βάαλ
893 5134 1026 5203 ναῷ,
1053 5133 1412 5202 κατέσκαψάν
1437 5149 1496 5192 τε
1517 5132 1703 5199 αὐτὸν,
1733 5133 1829 5188 καὶ
1845 5135 1915 5186 ta

337 5226 630 5297 ἰνδάλματα
649 5226 745 5278 τοῦ
772 5226 917 5279 Βάαλ
955 5225 1306 5298 συνέτριψαν,
1341 5229 1436 5280 καὶ
1475 5226 1566 5280 τὸν
1590 5228 1742 5299 ίερέα
1770 5229 1910 5282 ἁπέ-

339 5334 569 5372 λτειναν.
587 5320 693 5373 Τὸν
724 5319 779 5371 δὲ
800 5319 1024 5388 βασιλέα
1047 5321 1442 5389 ἑγκαθιστᾶσιν
1458 5321 1538 5383 εἰς
1559 5320 1629 5372 τά
1643 5319 1912 5389 βασίλεια,

339 5409 570 5481 latas-:7)
599 5412 722 5466 τότε
740 5413 1101 5481 τυγχάνοντα.
1131 5413 1222 5483 Τῷ
1248 5413 1306 5466 δὲ
1334 5415 1586 5484 ἀρχιερεῖ
1608 5413 1792 5468 Ἰωδαὲ
1813 5414 1912 5478 τήν

340 5517 396 5554 τε
431 5504 563 5573 πρὸς
598 5504 660 5558 τὸ
699 5504 858 5558 Θεῖον
895 5507 1078 5560 πίστιν
1113 5507 1402 5579 τηρεῖσθαι
1435 5509 1533 5562 καὶ
1554 5509 1684 5572 τοὺς
1709 5509 1911 5580 νόμους

343 5594 704 5660 φυλάττεσθαι
721 5599 925 5670 σφόδρα
943 5600 1230 5670 ἐμέλησεν.
1249 5600 1490 5671 Ἣϐήσας
1511 5603 1734 5674 μέντοιό
1753 5603 1910 5672 βασι-

341 5685 478 5756 λεὺς,
497 5691 591 5744 καὶ
605 5693 875 5758 γυναῖκας
895 5695 1132 5762 ἠγάγετο
1156 5696 1272 5750 δύο.
1300 5697 1406 5748 Τοῦ
1427 5697 1482 5757 δὲ
1499 5697 1629 5750 ναοῦ
1651 5698 1914 5770 καθαιρε-

609 5775 883 5846 ΡΛτιιοι..
915 5789 1030 5848 Gn.
1078 5790 1421 5856 CXXXIV.

1942 4810 1989 4868 D

2019 2455 2217 2513 Josabe
2243 2453 2499 2511 Ochoziae
2531 2471 2710 2522 soror,
2745 2473 2871 2512 cum
2920 2455 3019 2511 ﬁlii
3052 2456 3246 2512 fratris
3279 2455 3599 2512 occideren-

2023 2554 2135 2613 tur,
2172 2563 2340 2602 unum
2382 2547 2650 2606 infantem
2682 2548 2908 2602 nomine
2937 2549 3096 2604 Joam
3142 2545 3432 2610 sulfurata,
3463 2547 3606 2602 clam

2021 2640 2088 2696 ad
2121 2643 2442 2695 sexennium
2490 2640 2649 2696 aluit.
2703 2641 2864 2696 Anno
2909 2653 3092 2696 autem
3126 2641 3365 2710 septimo
3402 2639 3604 2697 Joades

2021 2731 2288 2801 pontifex,
2344 2733 2431 2787 cui
2465 2732 2666 2788 Josabe
2698 2743 2871 2804 nupta
2918 2743 3062 2799 erat,
3092 2732 3424 2803 quibusdam
3469 2747 3599 2788 cen-

2023 2825 2336 2880 turionibus
2370 2825 2676 2892 advocatis,
2709 2825 2864 2881 Joam
2910 2833 3204 2892 monstrat,
3233 2840 3604 2894 sermoneque

2024 2917 2216 2972 habito
2255 2957 2270 2981 ,
2322 2918 2620 2987 persuadet
2696 2927 2758 2972 ut
2817 2935 2846 2973 a
2899 2917 3156 2974 Gotholia
3232 2917 3604 2974 desciscentes

2024 3025 2254 3083 regnum
2315 3011 2430 3066 lea!
2476 3021 2771 3081 paternum
2829 3013 3209 3067 restituerent.
3259 3011 3337 3066 Illi
3397 3027 3462 3066 ea
3509 3025 3607 3080 pa-

2024 3107 2208 3161 ctione
2246 3105 2610 3177 jurejurando
2644 3104 2878 3165 flrmata,
2909 3103 3245 3168 sacerdotes,
3291 3102 3508 3157 Levilas
3545 3111 3605 3160 et

2026 3199 2278 3254 tribunos
2338 3199 2408 3254 ad
2461 3199 2694 3255 Jodaem
2743 3208 3074 3253 convocant.
3141 3197 3254 3260 llle,
3309 3195 3406 3250 Joa
3449 3211 3606 3249 mon-

2025 3302 2197 3346 strato
2231 3309 2243 3344 :
2283 3291 2402 3354 Hic,
2432 3291 2634 3362 inquit,
2668 3307 2760 3346 τινας
2785 3300 2954 3346 vester
2985 3299 3082 3356 est,
3117 3305 3181 3345 ex
3204 3291 3402 3345 semine
3445 3288 3604 3343 Davi.

2026 3385 2161 3440 dico.
2215 3387 2530 3457 Populoque
2568 3387 2775 3441 circum
2810 3386 3074 3455 templum
3105 3385 3418 3447 feollocato,
3443 3381 3600 3438 10am

1945 3460 1988 3517 (ἶ
2027 3479 2080 3532 in
2108 3479 2292 3534 medio
2321 3481 2536 3544 statuit,
2573 3479 2893 3536 diademate
2933 3480 3125 3550 cingit,
3164 3479 3444 3534 unctionis
3479 3476 3603 3532 oleo

2018 3571 2322 3641 perfundit.
2363 3588 2548 3643 regem
2605 3573 2869 3639 declarat,
2919 3573 3125 3642 populo
3175 3572 3317 3627 laetis
3367 3570 3601 3625 vocibus

2018 3666 2375 3720 acclamante.
2408 3664 2688 3728 Gotholia,
2739 3664 2980 3719 clamore
3029 3663 3218 3718 audito
3248 3704 3262 3726 ,
3313 3663 3597 3732 trepidans

2018 3760 2169 3828 regia
2211 3759 2477 3828 erumpit,
2514 3765 2782 3826 sequente
2829 3756 3098 3811 exercitu.
3161 3756 3450 3826 Templum
3505 3757 3592 3809 iu-

2017 3865 2265 3921 gressam
2313 3850 2630 3903 sacerdotes
2678 3849 2997 3911 admittunt,
3025 3847 3121 3902 sed
3166 3848 3431 3902 satellites
3477 3849 3598 3916 ejus

2017 3941 2317 3996 multitudo
2349 3941 2499 3996 aditu
2528 3940 2840 4010 prohibuit.
2870 3941 2967 3994 Illa
2999 3956 3235 4010 puerum
3269 3949 3593 3994 coronatum

2015 4036 2348 4106 conSpicata.
2405 4050 2598 4089 necem
2647 4033 3016 4088 comminatur
3066 4033 3134 4087 iis
3193 4032 3287 4102 qui
3362 4048 3594 4103 regnum

2016 4142 2176 4183 suum
2250 4125 2617 4181 invasissent.
2676 4125 2878 4180 Jodaes
2933 4132 3118 4179 autem
3177 4123 3597 4178 centurionibus

2017 4219 2259 4280 mandat,
2293 4228 2350 4273 ut
2379 4216 2696 4272 Gotholiam
2730 4206 2880 4271 for’as
2911 4223 3245 4287 protractam
3290 4213 3594 4270 trucident.

2017 4313 2138 4379 Quo
2170 4312 2334 4376 facto,
2389 4325 2573 4380 regem
2607 4319 2664 4364 et
2694 4309 2961 4380 populum
3001 4306 3369 4379 jurejurando
3401 4306 3594 4378 adigit,

2017 4413 2082 4458 ut
2112 4404 2282 4458 Deum
2312 4410 2672 4463 venerentur,
2713 4410 2769 4456 et
2799 4400 2948 4469 leges
2977 4408 3219 4456 servent.
3269 4397 3465 4454 Statim
3496 4399 3598 4469 igi-

2017 4503 2108 4547 tur
2139 4492 2316 4547 Baalis
2337 4489 2511 4546 aedem
2543 4489 2790 4545 demoliti
2830 4498 2983 4554 sunt,
3018 4491 3252 4561 ejusque
3301 4489 3596 4543 simulacra

2017 4585 2518 4648 comminuerunt,
2570 4583 2860 4638 sacerdote
2909 4582 3244 4647 interfecto,
3299 4596 3596 4651 regemque

2018 4687 2338 4747 scptenncm
2369 4685 2484 4730 tum
2520 4675 2575 4728 in
2610 4674 2813 4744 regiam
2848 4673 3449 4729 introducunt..lodaes
3475 4688 3590 4728 ma-

2017 4749 2182 4839 guum
2223 4768 2417 4822 habuit
2450 4766 2719 4828 studium,
2757 4773 2819 4819 ut
2849 4765 2987 4820 fides
3017 4781 3144 4837 erga
3190 4765 3360 4820 Deum
3406 4776 3462 4820 ct
3501 4779 3596 4837 pa-

2021 4863 2137 4916 trim
2161 4863 2309 4931 leges
2335 4870 2712 4915 servarentur.
2751 4859 2867 4914 Rex
2901 4874 3026 4913 cum
3076 4859 3427 4924 adolevisset,
3455 4860 3594 4913 duas

2019 4969 2221 5010 uxores
2260 4955 2440 5016 duxit,
2503 4965 2560 5010 et
2582 4963 2770 5025 partes
2793 4953 2997 5022 templi
3029 4954 3292 5029 quasdam
3324 4969 3352 5006 a
3383 4953 3592 5007 Gotlm-

2015 5049 2087 5102 lia
2122 5049 2336 5105 dirutas
2381 5049 2818 5108 instauraturus.
2870 5048 3040 5103 ledae
3089 5050 3382 5115 accersito,
3433 5063 3590 5110 man-

2019 5142 2134 5204 dat,
2167 5150 2226 5194 ut
2259 5157 2358 5212 per
2414 5150 2583 5196 totam
2621 5140 2965 5211 provinciam
3019 5141 3340 5204 dimitteret,
3390 5140 3484 5209 qui
3523 5139 3593 5194 ad

2022 5236 2289 5306 templum
2339 5233 2720 5289 renovandum
2770 5233 2826 5286 in
2877 5232 3091 5304 singula
3127 5232 3306 5301 capita
3351 5231 3470 5286 sicli
3503 5246 3594 5286 se-

2020 5329 2243 5383 missem
2274 5329 2582 5399 exigerent.
2610 5325 2811 5382 Jodaes
2842 5338 2994 5388 vero,
3030 5324 3123 5392 qui
3151 5323 3202 5377 id
3236 5323 3440 5393 populo
3475 5323 3593 5380 fore

2021 5437 2186 5490 grave
2237 5423 2593 5492 intelligeret,
2632 5421 2792 5476 aliam
2843 5417 3101 5487 cogendae
3145 5417 3399 5486 pecuniae
3431 5419 3595 5473 ratio-

2024 5529 2145 5567 nem
2188 5516 2480 5586 excogitat.
2543 5515 2805 5571 Cistulam
2853 5515 3098 5584 undique
3155 5511 3421 5576 clausam,
3472 5529 3596 5585 qua

2022 5621 2260 5675 superne
2284 5605 2526 5662 foramen
2555 5609 2789 5663 habebat
2808 5649 2820 5668 ,
2850 5607 3010 5677 juxta
3043 5603 3308 5674 templum
3337 5603 3592 5667 collocat,

2024 5701 2080 5755 in
2117 5715 2282 5771 quam
2337 5711 2602 5772 quantum
2643 5702 2877 5772 quisque
2931 5699 3112 5760 vellet,
3164 5697 3232 5752 ad
3274 5697 3460 5768 templi
3513 5698 3598 5759 inr

3203 5795 3242 5858 ’τ
