3980 6246
284 433 373 497 9ης)

1526 432 1932 496 ANNALIUM
1974 434 2122 496 LIB.
2158 434 2245 497 II.

3410 432 3527 499 210

284 547 430 601 ὁτῶν
465 546 824 618 Ἰσραηλιτῶν
855 546 1109 618 βασιλεὺς
1138 548 1316 602 Φακεέ
1363 547 1834 619 συμπνεύσαντες,

1961 563 2048 602 mn
2068 547 2299 618 quidem
2330 545 2455 603 aliis
2479 545 2711 602 urbibus
2741 542 2973 618 petitus,
2999 543 3217 600 civibus
3239 543 3519 611 abductis,

284 639 625 717 ἐπολιόρκουν
654 642 818 694 αὐτὸν
843 644 902 695 ἐν
943 641 1304 711 Ἰερουσαλὴμ
1334 643 1427 694 ἐπὶ
1458 643 1695 713 μακρόν,
1729 642 1840 695 Καὶ

282 731 309 782 6
342 731 428 801 μιν
472 732 727 786 Ῥαασὼν
758 734 971 788 πόλεων
1014 734 1220 807 ἐτέρων
1254 717 1554 806 κρατήσας,
1588 736 1713 798 τοὺς
1744 734 1839 787 αὐ-

282 824 377 876 τῶν
418 824 715 895 οἰκήτορας
759 825 992 888 ἀνελὼν,
1033 827 1133 879 καὶ
1182 825 1390 895 Σύρους
1444 827 1839 893 ἐγκατοικίσας

284 916 478 979 αὑταῖς,
509 916 820 987 ἐπανῆλθεν
854 920 937 981 εἰς
988 919 1303 990 Δαμασκόν.
1341 920 1520 988 ’Λχαζ
1560 918 1640 981 δὲ,
1676 917 1840 988 μόνου

286 1007 716 1076 περιλειφθέντας
750 1009 844 1063 τοῦ
888 1011 1086 1077 Φακεὲ,
1120 1010 1402 1081 συμμίξας
1440 1009 1590 1081 αὐτῷ
1615 1010 1840 1082 ἥττητο,

283 1100 471 1153 δώδεκα
506 1101 780 1172 μυριάδας
818 1102 1116 1156 ἀποϐαλὼν
1144 1103 1239 1157 τοῦ
1281 1104 1412 1157 λαοῦ
1433 1144 1447 1167 ,
1482 1106 1575 1156 καὶ
1610 1103 1842 1168 πολλοὺς

284 1192 384 1244 τῶν
426 1194 739 1263 ἐπισήμων,
771 1195 870 1247 καὶ
910 1195 1000 1249 τὸν
1052 1196 1191 1249 υἱόν.
1235 1194 1412 1248 illatrat
1455 1194 1512 1248 δὲ
1549 1194 1842 1260 ἀνέζευξεν

287 1284 360 1347 εἰς
387 1283 695 1355 Σαμάρειαν
725 1286 891 1350 αὐτὸς
931 1286 1026 1340 καὶ
1062 1288 1096 1358 ἡ
1133 1287 1364 1356 στρατιὰ
1410 1285 1598 1351 αὐτοῦ,
1635 1289 1843 1355 αἰχμα-

287 1372 458 1426 λώτων
494 1373 699 1443 πλῆθος
734 1376 870 1430 πολὺ
903 1379 984 1439 είς
1026 1377 1124 1445 τὴν
1156 1376 1369 1430 ἐαυτῶν
1402 1375 1839 1446 μετοικίσαντες.

288 1466 572 1537 Προφήτης
620 1467 679 1521 δέ
738 1485 822 1533 τις
877 1471 936 1522 ἐν
980 1471 1270 1543 Σαμαρείᾳ
1327 1469 1434 1540 πρὸ
1486 1469 1594 1524 τῶν
1648 1469 1844 1541 τειχῶν

288 1557 590 1628 ὑπαντήσας
621 1560 830 1626 αὐτοῖς,
852 1562 927 1625 ὡς
959 1567 1244 1634 συγγενεῖς
1269 1564 1728 1637 αἰχμαλωτίσασι,
1752 1564 1846 1616 καὶ

289 1647 662 1702 συνεϐούλευεν
684 1651 1057 1723 ἐλευθερῶσαι
1085 1653 1305 1716 αὐτούς.
1328 1656 1390 1708 Oi
1421 1654 1478 1707 δὲ
1503 1652 1842 1717 πεισθέντες,

287 1736 496 1806 ἀφῆκαν
515 1738 648 1803 τοὺς
672 1741 1082 1812 αἰχμαλώτους.
1106 1742 1285 1814 ’Δχαζ
1309 1744 1367 1797 δὲ
1394 1744 1504 1798 τῶν
1540 1743 1847 1813 Ἀσσυρίων

289 1827 502 1898 βασιλέα
542 1831 698 1899 ἠξίου
730 1835 1093 1905 συμμαχῆσαι
1127 1835 1280 1907 αὐτῷ
1310 1837 1455 1891 κατὰ
1486 1838 1598 1891 τῶν
1634 1836 1845 1911 Σύρων,

288 1920 371 1972 καὶ
395 1921 503 1973 τῶν
537 1923 916 1996 Ἰσραηλιτῶν.
959 1927 1017 1980 Ὀ
1061 1927 1106 1980 δ’
1141 1924 1277 2001 ἧκε·
1311 1930 1406 1984 καὶ
1434 1930 1540 1997 τήν
1569 1947 1630 1984 τε
1658 1928 1844 2003 χώραν

287 2009 385 2063 τῶν
412 2011 605 2084 Σύρων
632 2015 936 2087 ἐπόρθησε,
981 2018 1077 2071 καὶ
1123 2019 1223 2088 τὴν
1246 2019 1542 2089 Δαμασκὸν
1581 2014 1718 2085 εἷλε,
1750 2020 1848 2075 καὶ

290 2107 371 2161 civ
408 2104 660 2160 Ῥαασὼν
696 2107 901 2171 ἀνεῖλε,
936 2108 1033 2163 καὶ
1058 2108 1161 2179 τὴν
1197 2109 1308 2165 τῶν
1339 2110 1697 2183 Ἰσραηλιτῶν
1731 2112 1845 2184 χώ-

293 2216 380 2271 ραν
400 2200 793 2270 καταδραμὼν,
815 2203 1106 2269 πλείστους
1125 2204 1509 2277 αἰχμαλώτους
1529 2208 1844 2278 ἀπήγαγεν.

296 2291 352 2344 '0
383 2291 438 2346 δὲ
470 2293 647 2364 ’Δχαζ
678 2295 918 2367 ἀμοιϐὴν
944 2297 1087 2369 ὑπὲρ
1125 2299 1331 2354 τούτων
1360 2300 1438 2373 τῷ
1462 2302 1851 2374 Θαιγλαφαλα-

287 2382 381 2453 σὰρ
415 2383 544 2447 τούς
584 2402 645 2438 τε
691 2385 1015 2457 βασιλικοὺς
1043 2389 1248 2445 δέδωκε
1280 2391 1594 2465 θησαυροὺς
1621 2396 1718 2449 καὶ
1747 2397 1851 2451 ὅσα

284 2474 352 2546 τῷ
378 2476 508 2548 ίερῷ
534 2478 922 2538 ἐναπέκειντο.
964 2483 1055 2548 Ἐς
1091 2484 1352 2539 τοσοῦτον
1374 2486 1421 2541 δ’
1453 2488 1749 2559 ἠσέϐησεν,
1772 2489 1851 2554 ὡς

289 2570 356 2638 μὴ
388 2571 552 2640 μόνον
589 2573 717 2637 τοὺς
756 2575 865 2629 τῶν
910 2575 1233 2646 ἀλλοφύλων
1273 2579 1459 2635 σέϐειν
1500 2581 1680 2646 θεοὺς,
1712 2582 1853 2638 ἀλλὰ

287 2663 484 2717 καὶτὸν
509 2665 640 2720 ναὸν
666 2667 1020 2737 ἀποκλεῖσαι,
1048 2673 1142 2725 καλ⁵
1175 2671 1408 2744 συλῆσαι
1432 2674 1504 2729 τὰ
1529 2676 1697 2730 αὐτοῦ
1720 2678 1853 2734 ἀνα-

287 2752 520 2822 θήματα.
541 2756 699 2813 Οὕτω
714 2759 772 2813 δὲ
801 2758 951 2830 βιοὺς
975 2762 1334 2836 ἐτελεύτησεν
1357 2766 1417 2832 ἐξ
1436 2769 1531 2821 καλ⁵
1552 2768 1854 2840 τριάκοντα

212 2926 227 2939 χ
290 2841 455 2939 ζήσας
510 2848 631 2917 ἐτη,
681 2851 1014 2921 βασιλεύσας
1059 2855 1106 2909 δ’
1149 2856 1461 2926 ἑξκαίδεκα,
1507 2860 1728 2935 Ἐζεκία
1774 2863 1854 2934 τῷ

289 2936 385 3006 υἱῷ
432 2940 534 3008 τὴν
570 2940 855 3011 βασιλείαν
898 2946 1096 3004 λιπών.
1132 2949 1341 3021 Συνέϐη
1383 2951 1441 3006 δέ
1481 2954 1572 3007 καὶ
1600 2954 1712 3008 τῶν
1754 2957 1852 3010 Ἰσο

288 3032 556 3123 ραηλιτῶν
631 3035 860 3123 βασιλέα
929 3040 1054 3123 τᾷτε
1127 3042 1312 3097 θανεῖν
1372 3046 1495 3100 κατ’
1563 3046 1857 3122 ἐπιϐουλὴν

299 3121 474 3192 Ὠσηὲ.
510 3126 619 3177 Καὶ
649 3120 807 3192 οἶτος
836 3120 1075 3201 πονηρὸς
1105 3127 1194 3202 ἦν.
1229 3131 1322 3186 Διὸ
1357 3134 1454 3188 καὶ
1482 3120 1856 3207 στρατεύσαν-

1937 649 1995 695 et
2026 638 2183 711 Syris
2208 639 2266 695 in
2303 654 2401 696 eas
2419 639 2728 706 collocatis,
2770 639 3099 694 Damascum
3123 635 3308 692 rediit.
3333 637 3516 692 Acha-

1940 748 2039 788 zus
2074 741 2258 789 autem
2302 748 2426 789 cum
2466 734 2588 790 solo
2607 734 2823 789 Phaeca
2852 746 3203 804 congressus,
3243 730 3515 794 vincitur,

1939 834 2159 881 centum
2190 826 2380 897 viginti
2428 827 2677 883 millibus
2717 825 2957 891 amissis,
3010 833 3178 896 atque
3227 824 3373 880 inter
3419 839 3518 881 eos

1941 918 2128 974 multis
2166 918 2300 972 viris
2340 918 2671 985 illustribus,
2722 927 2782 974 et
2830 917 2963 974 ﬁlio.
3013 917 3257 973 Phaceas
3302 917 3521 972 exerci-

1944 1019 2056 1065 tum
2100 1010 2346 1075 reducit,
2388 1020 2444 1066 et
2492 1027 2746 1082 magnum
2800 1010 3143 1081 captivorum
3199 1024 3516 1065 numerum.

1944 1101 2049 1157 Sed
2098 1103 2367 1173 propheta
2416 1103 2644 1174 quidam
2693 1103 3077 1160 Samaritanus
3127 1109 3256 1156 ante
3315 1103 3518 1157 riiccnia

1942 1211 2297 1266 progressus,
2332 1197 2416 1252 eis
2454 1197 2774 1268 persuadet,
2821 1204 2881 1251 ut
2914 1196 3164 1266 captivos
3207 1193 3356 1265 quod
3419 1209 3519 1248 co-

1942 1288 2092 1357 gnati
2125 1288 2240 1344 sint
2280 1289 2482 1345 missos
2539 1288 2767 1344 faciant.
2807 1286 3152 1360 Assyriorum
3197 1294 3380 1341 autem
3425 1300 3520 1338 rex

1943 1380 2014 1433 ab
2053 1379 2273 1435 Achazo
2316 1391 2511 1437 contra
2546 1380 2716 1454 Syros
2740 1392 2799 1436 et
2837 1380 3114 1436 lsraelitas
3146 1380 3202 1434 in
3254 1377 3520 1434 auxilium

1945 1480 2225 1539 evocatus,
2275 1482 2333 1529 et
2372 1473 2586 1546 Syriam
2626 1483 2824 1537 vastat,
2858 1472 3110 1528 Raasone
3152 1485 3315 1531 caeso,
3363 1478 3416 1524 et
3466 1468 3525 1522 in

1945 1564 2315 1621 lsraeiitarum
2360 1568 2639 1637 regionem
2677 1562 3098 1621 incursionibus
3143 1562 3320 1623 factis,
3355 1559 3530 1631 pluri-

1945 1672 2068 1712 mos
2093 1656 2345 1727 captivos
2377 1656 2623 1713 abducit.
2651 1656 2825 1724 Quem
2858 1655 3112 1712 Achazus
3142 1659 3526 1709 remuneratus

1947 1756 2032 1804 est
2064 1748 2208 1804 datis
2239 1749 2515 1805 thesauris
2559 1749 2747 1820 regiis,
2783 1755 2841 1803 et
2883 1744 3153 1817 quidquid
3211 1744 3268 1799 in
3321 1742 3527 1811 templo

1949 1841 2253 1911 repositum
2282 1849 2404 1896 erat
2436 1856 2452 1895 :
2483 1856 2553 1897 eo
2582 1854 2911 1912 progressus
2939 1836 3263 1909 impietatis,
3302 1842 3363 1890 ut
3413 1849 3541 1888 non.

1952 1942 2165 1990 tantum
2198 1933 2408 1989 alienos
2447 1933 2585 1988 deos
2616 1933 2845 1996 coleret,
2871 1930 2967 1986 sed
2992 1938 3048 1985 et
3081 1928 3350 1998 templum
3375 1926 3529 1981 ωυ-

1951 2026 2130 2091 deret,
2166 2033 2224 2080 et
2268 2025 2517 2080 donariis
2557 2024 2841 2095 spoliaret.
2889 2021 3041 2078 Obiit
3089 2020 3201 2076 vita
3247 2018 3328 2076 sic
3369 2026 3525 2083 acta,

1956 2131 2104 2172 anno
2135 2116 2314 2172 astatis
2345 2116 2624 2172 tricesimo
2672 2124 2849 2180 sexto,
2883 2111 3038 2184 regni
3088 2111 3303 2167 decimo
3349 2114 3524 2171 sexto,

1957 2210 2149 2265 relicto
2186 2222 2359 2279 regno
2389 2207 2602 2264 Ezeciae
2649 2206 2781 2264 tilio.
2819 2206 2941 2273 Quo
2977 2214 3223 2275 tempore
3259 2201 3532 2259 Israelita»

1955 2318 2079 2357 rum
2113 2316 2333 2372 quoque
2359 2316 2456 2356 rex
2492 2299 2710 2356 insidiis
2736 2298 2894 2357 Oscae
2934 2298 3120 2370 periit,
3163 2296 3262 2367 qui
3300 2308 3425 2348 cum
3471 2302 3541 2349 et.

1956 2400 2075 2468 ipse
2130 2397 2417 2468 improbus
2464 2405 2653 2461 esset,
2691 2411 2723 2452 a
2760 2395 3140 2450 Salmanasare
3186 2388 3530 2463 Assyriorum

1954 2504 2088 2561 rege
2154 2489 2453 2554 subactus,
2506 2503 2692 2544 annua
2725 2486 2933 2543 tributa
2975 2484 3256 2557 pensitare
3305 2488 3540 2538 coaetus

1956 2585 2158 2640 luerat.
2186 2581 2454 2639 Ezechias
2481 2587 2668 2636 autem
2697 2580 2784 2635 vir
2815 2578 2937 2650 pius
2959 2587 3017 2634 et
3039 2578 3241 2647 justus,
3264 2575 3547 2631 concione-

1956 2675 2243 2742 advocata,
2276 2673 2601 2731 sacerdotes
2640 2681 2703 2728 et
2741 2671 2962 2727 Levitas
3001 2668 3263 2738 templum
3313 2666 3534 2737 aperire

1953 2768 2140 2840 jussit,
2167 2777 2225 2824 et
2254 2767 2324 2824 de
2349 2782 2503 2823 more
2530 2779 2685 2844 saera
2707 2764 2910 2829 facere,
2940 2762 3315 2833 populumque
3344 2758 3534 2814 divino

1958 2864 2111 2918 cultu
2148 2860 2290 2916 nihil
2323 2858 2530 2915 habere
2578 2856 2883 2928 antiquius.
2931 2854 3079 2910 Misit
3125 2855 3295 2908 etiam
3332 2851 3428 2922 qui
3465 2866 3555 2906 ex.

1961 2961 2080 3010 toto
2126 2968 2297 3025 regno
2343 2949 2604 3007 homines
2627 2957 3014 3007 oonvocarent-
3039 2944 3353 3002 ad=festum
3390 2943 3533 3015 Asy-

1959 3062 2178 3104 morum
2214 3045 2376 3117 109
2402 3042 2820 3106 celebrandum,
2863 3042 3025 3112 longo
3071 3050 3321 3110 tem-pore
3345 3037 3418 3094 ob
3449 3052 3537 3092 re-

1963 3140 2463 3211 gum-iniquitatem
2492 3136 2864 3192 intermissum
2893 3151 2911 3201 ;
2940 3133 3215 3190 lsraelitas
3239 3131 3404 3188 etiam
3439 3144 3537 3185 eoo

285 3231 369 3280 τος
395 3219 518 3270 κατ’
550 3219 719 3273 αὐτοῦ
760 3221 858 3275 τοῦ
911 3225 1020 3277 τῶν
1068 3224 1375 3297 Ἀσσυρίων
1415 3227 1678 3297 βασιλέως
1716 3232 1855 3286 Σαλ-

1963 3232 2236 3298 hortatus,
2268 3239 2330 3287 ut
2377 3229 2615 3301 patrium
2668 3228 2988 3298 Deum-pro
3026 3224 3200 3281 veteri
3237 3230 3538 3279 consuetu-

289 3311 560 3383 μανασὰρ,
617 3314 894 3388 ἐδουλώθη
953 3317 1123 3389 αύτῷ,
1168 3319 1369 3390 φόρους
1404 3322 1583 3377 τελεῖν
1624 3327 1855 3394 ἐτησίως

285 3397 619 3472 ἐπιταχθείς.
667 3405 915 3471 Ἐζεκίας
962 3408 1020 3463 δὲ
1072 3410 1305 3481 εὐσεϐὴς
1354 3412 1430 3467 ὢν
1479 3415 1577 3469 καὶ⁹
1621 3416 1854 3485 δίκαιος,

285 3490 663 3563 ἐκκλησιάσας
711 3498 839 3562 τοὺς
877 3499 1044 3571 ἱερεῖς
1101 3504 1198 3557 καὶ
1247 3504 1503 3572 Δευῖτας,
1550 3508 1764 3573 ἀνοῖξαι
1796 3510 1858 3564 τὺ

288 3583 431 3652 ἱερὸν
474 3587 804 3656 ἐνετείλατο,
850 3591 948 3645 καὶ
1004 3592 1154 3648 θύειν
1185 3593 1262 3658 ὡς
1310 3596 1476 3668 νόμος
1507 3600 1712 3666 αὐτοῖς,
1763 3605 1859 3657 καὶ

284 3676 372 3727 τὸν
402 3676 531 3730 λαὸν
574 3680 742 3750 μηδὲν
779 3683 879 3753 τῆς
900 3684 994 3737 τοῦ
1025 3685 1183 3741 Θείου
1209 3691 1378 3759 τιμῆς
1407 3690 1630 3743 ἐκέλευε
1664 3709 1859 3764 προτι-

288 3766 419 3836 μᾷν.
460 3769 715 3825 Ἔστειλε
759 3774 949 3843 μέντοι
989 3780 1084 3831 καὶ
1129 3778 1268 3850 πρὸς
1308 3782 1495 3835 πᾶσαν
1518 3784 1621 3854 τὴν
1648 3783 1856 3858 χώραν,

291 3864 770 3955 μετακαλούμενος
802 3869 1053 3933 ἅπαντας
1083 3872 1184 3944 τὴν
1221 3873 1331 3928 τῶν
1374 3876 1626 3948 Ἀζύμων
1664 3881 1860 3955 ἑορτὴν

291 3951 672 4024 ἑορτάσοντας,
724 3961 815 4014 ἐπὶ
853 3964 1065 4035 μακρὸν
1120 3965 1195 4037 μὴ
1226 3967 1577 4025 τελεσθεῖσαν
1628 3951 1736 4027 διὰ*
1762 3951 1862 4040 τάς

295 4044 400 4095 τῶν
428 4049 780 4118 κρατούντων
806 4057 1177 4127 παρανομίας.
1212 4059 1324 4113 Καὶ
1353 4065 1465 4125 τοῖς
1496 4064 1863 4135 Ἰσραηλίταις

300 4139 673 4232 ⁵ιιρούτρὲπετο
714 4145 807 4199 τὸν
850 4149 1110 4220 πατρῷον
1153 4151 1337 4205 σέϐειν
1377 4154 1531 4221 θεὸν,
1577 4159 1721 4212 κατὰ
1761 4159 1863 4232 τὴν

307 4227 462 4282 πάλαι
495 4232 809 4305 συνήθειαν.
855 4237 920 4289 Οἱ
967 4238 1025 4291 δὲ
1060 4239 1162 4293 οὐκ
1190 4240 1548 4314 ἐπείσθησαν,
1597 4247 1733 4302 ἀλλὰ
1767 4227 1864 4304 καὶ

232 4351 238 4354 ‹
302 4322 425 4380 τοὺς
481 4326 777 4394 προφήτας
825 4328 1003 4382 ταῦτα
1061 4331 1468 4401 παραινοῦντας
1540 4338 1859 4408 ἐφόνευσαν.

304 4408 453 4476 Τινὲς
493 4415 550 4469 δὲ
596 4420 920 4485 πεισθέντες
970 4424 1385 4496 μετηνέχθησαν
1425 4430 1505 4492 εἰς
1552 4432 1861 4500 εὐσέϐειαν,

305 4506 394 4556 καὶ
436 4512 513 4573 εἰς
565 4511 928 4587 Ἰερουσαλὴμ
980 4519 1316 4591 συνέδραμον
1361 4523 1442 4587 είς
1494 4528 1865 4598 προσκύνησιν

1964 3323 2094 3379 dine
2122 3329 2543 3377 venerarentur.
2573 3319 2678 3387 Qui
2722 3318 3019 3375 adeo-neu
3058 3315 3537 3385 obtemperavere.

1966 3425 2025 3471 ut
2054 3423 2106 3470 et
2132 3414 2514 3485 prophetas,-a
2541 3413 2745 3484 quibus
2758 3410 3159 3473 «mouebantur,
3196 3404 3563 3462 occiderent..

1963 3507 2436 3563 Nonnulli-tamen
2472 3505 2539 3561 ad
2573 3520 2758 3560 veram
2787 3503 3110 3574 religionem
3149 3498 3380 3562 reversi,
3407 3497 3557 3552 Hie»

1968 3601 2238 3671 rosolyma
2287 3598 2354 3653 ad
2407 3598 2583 3653 Deum
2624 3595 2967 3651 adorandum
3001 3597 3386 3647 aeeurrerunt.
3424 3589 3556 3642 Rem

1966 3707 2093 3748 cum
2124 3691 2310 3762 populi
2336 3689 2688 3761 principibus
2715 3687 2982 3756 templum
3009 3685 3310 3755 ingressus.
3332 3680 3551 3736 hostias

1967 3782 2285 3854 magniﬁcas
2334 3796 2435 3852 per
2483 3778 2803 3836 sacerdotes
2851 3775 3179 3839 immolavit,
3234 3781 3290 3827 et
3336 3770 3544 3842 populo

1968 3875 2170 3931 multas
2196 3873 2436 3946 pecudes
2468 3872 2521 3927 in
2552 3869 2980 3926 viscerationem
3005 3866 3179 3932 dedit,
3201 3873 3260 3920 et
3288 3861 3565 3919 sacerdo-.

1971 3970 2121 4026 tibus
2160 3965 2478 4028 mandavit,
2512 3972 2575 4019 ut
2606 3962 2890 4035 regionem
2926 3960 3128 4031 passim
3170 3955 3558 4028 piacularibus

1970 4059 2260 4119 sacriﬁciis
2306 4059 2628 4115 lustrarcnt.
2675 4053 2883 4110 Deinde
2921 4051 3190 4108 barbaros
3230 4063 3544 4120 aggressus.

1971 4154 2142 4209 urbes
2196 4166 2389 4207 eorum
2446 4150 2613 4220 cepit.
2681 4147 2855 4203 Oseas
2919 4152 3103 4200 autem
3164 4135 3289 4198 cum
3341 4140 3565 4196 Sobam-

1970 4245 2188 4318 Egypti
2216 4258 2397 4315 regem
2442 4248 2635 4297 contra
2665 4238 2917 4310 Assyrios
2946 4236 3018 4291 ad
3051 4235 3180 4291 belli
3225 4234 3563 4289 societatem

1970 4350 2277 4404 evocasset,
2318 4337 2672 4392 Salmanasar
2709 4348 2772 4388 ea
2809 4347 2869 4387 re
2902 4338 3201 4400 comperta.
3226 4329 3419 4391 iratus,
3449 4326 3573 4381 Se-A

1974 4433 2201 4487 mariam
2249 4445 2349 4499 per
2398 4425 2695 4482 triennium
2743 4424 2993 4488 obsedit,
3043 4421 3182 4478 urbe
3223 4421 3431 4492 potitus
3463 4434 3552 4474 re-

1975 4538 2141 4594 gnum
2189 4521 2429 4584 delevit,
2481 4517 2745 4590 populum
2781 4532 2892 4571 una
2925 4530 3049 4570 cum
3108 4529 3235 4585 rege
3289 4513 3431 4568 Osca
3492 4512 3553 4566 in

304 4598 391 4649 τοῦ
430 4600 582 4659 Θεοῦ.
616 4603 726 4658 Καὶ
760 4606 793 4657 ὁ
832 4607 1082 4675 βασιλεὺς
1121 4610 1374 4675 Ἐζεκίας
1422 4619 1558 4684 μετὰ
1596 4619 1701 4672 τῶν
1729 4623 1855 4691 ἡγε-

1972 4629 2128 4669 suam
2180 4610 2531 4683 provinciam
2570 4607 2848 4679 captivum
2894 4606 3145 4668 abduxit,
3179 4614 3236 4660 et
3273 4603 3408 4660 alias
3438 4618 3553 4660 sua

307 4690 478 4755 μόνων
515 4696 611 4749 τοῦ
648 4697 784 4751 λαοῦ
835 4700 1092 4754 ἀπελθὼν
1139 4705 1220 4765 είς
1259 4705 1320 4758 τὸ
1371 4707 1543 4775 ἱερὸν,
1581 4690 1865 4769 ἔθυσεδιὰ

304 4782 409 4871 τῶν
439 4786 627 4855 ἱερέων
652 4790 846 4854 θυσῖας
869 4793 1206 4860 πολυτελεῖς,
1233 4796 1329 4850 καὶ
1355 4798 1429 4866 τῷ
1451 4799 1563 4869 λαῷ
1595 4803 1866 4871 μετέδωκε

307 4868 460 4932 ζώων
485 4882 619 4950 πρὸς
651 4883 891 4952 εὐωχίαν
921 4884 1128 4939 πολλῶν
1150 4903 1164 4919 ο
1199 4890 1292 4941 καὶ
1323 4892 1434 4952 τοῖς
1470 4868 1707 4963 ἱερεύσω
1727 4894 1869 4960 ἐξελ-

306 4966 421 5021 θεῖν
456 4976 535 5037 εἰς
570 4973 670 5047 τὴν
697 4977 911 5048 χώραν,
944 4980 1040 5031 καὶ
1079 4980 1302 5046 ἁγνίσαι
1342 4981 1512 5054 αὐτὴν
1537 4986 1865 5044 ἐνετείλατο.

311 5058 441 5114 εἶτα
466 5067 605 5121 κατὰ
642 5068 759 5122 τῶν
790 5069 1102 5140 ἀλλοφύλων
1124 5072 1362 5138 πόλεμον
1397 5070 1522 5145 ἦρε,
1557 5077 1655 5132 καὶ
1684 5078 1870 5145 πόλεις

307 5146 451 5208 εἷλεν
475 5160 673 5214 αὐτῶν.
709 5161 771 5215 '0
798 5162 857 5216 δὲ
887 5163 996 5215 τῶν
1036 5164 1392 5236 Ἰσραηλιτῶν
1425 5167 1678 5237 βασιλεὺς
1707 5171 1870 5244 Ὠσηὲ

308 5245 386 5307 εἰς
427 5253 742 5322 συμμαχίαν
795 5254 1244 5325 προσεκαλέσατο
1292 5257 1450 5309 Σωϐὰ
1497 5257 1588 5310 τὸν
1643 5259 1870 5328 βασιλέα

308 5336 578 5405 Αἰγύπτου
616 5346 758 5399 κατὰ
820 5345 931 5399 τῶν
977 5345 1306 5418 Ἀσσυρίων.
1344 5350 1411 5402 Ὃ
1452 5351 1611 5417 γνοὺς
1650 5352 1870 5423 Σαλμα-

306 5435 482 5503 νασαρ
507 5436 771 5509 ὠργίσθη,
816 5439 911 5491 καὶ
941 5440 1035 5492 ἐπὶ
1066 5441 1246 5511 τρισὶν
1291 5442 1472 5495 ἔτεσιν
1511 5443 1871 5516 ἐπολιόρκησε

312 5520 412 5589 τὴν
443 5525 772 5599 Σαμάρειαν,
824 5532 920 5582 καὶ
965 5529 1202 5599 κατέσχε
1249 5531 1350 5601 τὴν
1398 5532 1587 5599 πόλιν,
1630 5536 1726 5587 καὶ
1770 5534 1872 5602 τὴν

321 5611 586 5681 βασιλείαν
615 5623 874 5692 ἠφάνισε,
903 5626 998 5678 καὶ
1030 5606 1282 5680 τὸνιλαὸν
1310 5626 1716 5696 αἰχμαλωτίσας
1742 5643 1874 5698 μετ-

318 5703 512 5773 ῴκισεν
553 5715 626 5778 είς
672 5717 771 5786 τὴν
813 5717 1020 5771 οἰκείαν
1058 5716 1265 5789 χώραν,
1305 5719 1401 5771 καὶ
1448 5718 1610 5772 αὐτὸν
1647 5720 1742 5773 τὸν
1774 5719 1873 5791 βαε-

321 5800 470 5854 σιλέα
501 5805 602 5859 τῶν
637 5809 994 5879 Ἰσραηλιτῶν
1046 5811 1228 5881 Ὠσηέ.
1276 5812 1388 5864 Καὶ
1431 5810 1874 5880 μεταναστεύσας

334 5890 397 5945 ιι
426 5893 517 5965 τῆς
538 5900 735 5966 οἰκείας
777 5901 959 5973 χώρας
995 5903 1156 5975 ἔτερα
1198 5902 1324 5973 ἔθνη
1366 5903 1476 5956 ἀπὸ
1521 5918 1661 5967 ravo;
1704 5904 1870 5958 τόπου

1976 4706 2207 4762 ditionis
2251 4714 2469 4776 gentes,
2505 4718 2629 4773 quae
2656 4717 2685 4755 a
2716 4701 2843 4756 loco
2867 4701 3106 4769 quodam
3134 4698 3317 4755 Cltuto
3350 4712 3554 4768 cogno-

1977 4815 2100 4854 men
2127 4797 2357 4859 habent,
2399 4795 2703 4850 Samariam
2737 4802 2793 4848 et
2841 4792 2898 4847 in
2931 4793 3212 4859 regionem
3257 4791 3554 4857 circumia-

1974 4899 2194 4951 centem
2243 4888 2504 4944 traduxit.
2535 4888 2734 4942 Decem
2766 4885 2935 4956 igitur
2989 4882 3302 4940 lsraeiiticae
3351 4882 3548 4943 tribus,

1977 4981 2136 5036 annis
2163 4980 2459 5052 nongentis
2486 4979 2844 5051 quadraginta
2877 4988 3124 5051 septem,
3173 4987 3298 5049 post
3342 4976 3550 5031 exitum

1975 5091 2044 5130 ex
2072 5071 2325 5144 Egypto,
2391 5072 2646 5129 ducentis
2681 5071 3044 5144 quadraginta
3110 5069 3394 5126 mensibus
3429 5081 3555 5136 sep-

1978 5176 2121 5230 tem,
2174 5177 2467 5237 postquam
2535 5166 2730 5222 relicto
2812 5167 3097 5222 Roboamo
3158 5160 3564 5217 Jerohoamum.

1980 5260 2315 5329 peculiarem
2353 5259 2458 5314 sibi
2491 5272 2678 5330 regem
2710 5260 3036 5329 elegerant,
3072 5254 3348 5310 translata:
3399 5263 3553 5309 sunt.

1978 5351 2252 5407 C:cterum
2309 5350 2664 5406 Cltutaeorum
2724 5350 2970 5420 quinque
3020 5346 3207 5418 populi
3272 5362 3302 5400 a
3353 5346 3605 5402 Persia}-

1979 5443 2123 5507 loco,
2153 5443 2209 5497 in
2236 5458 2348 5513 quo
2372 5443 2762 5505 consederant,
2790 5442 2862 5495 ita
2887 5438 3281 5510 cognominati,
3307 5438 3574 5494 Samaria.

1980 5544 2271 5604 occupata,
2325 5549 2457 5589 suos
2506 5534 2770 5605 pristinos
2823 5531 2976 5589 deos.
3012 5537 3075 5584 ut
3124 5529 3272 5586 soliti
3315 5530 3556 5595 fuerant,

1983 5628 2296 5681 coluerunt.
2340 5627 2484 5681 Deus
2517 5634 2702 5679 autem
2731 5663 2746 5687 ,
2794 5631 2855 5676 ut
2891 5629 3124 5692 quartus
3167 5621 3312 5677 liber
3350 5622 3559 5693 Regum

1982 5719 2165 5785 docet,
2200 5719 2390 5773 leones
2421 5717 2702 5778 excitavit,
2727 5731 2756 5770 a
2782 5714 2985 5785 quibus
3017 5729 3208 5769 eorum
3237 5714 3394 5768 multi
3426 5728 3561 5782 per-

1985 5813 2189 5875 ierunt,
2238 5820 2334 5864 aut
2370 5810 2454 5881 (ut
2505 5809 2781 5878 Josephus
2844 5808 3051 5879 narrat)
3084 5806 3398 5879 pestilentia
3428 5820 3564 5860 conn

1986 5906 2276 5969 ﬂictantcs,
2306 5919 2429 5957 rum
2455 5902 2535 5957 ira
2572 5901 2819 5959 Numinis
2856 5918 2911 5956 sc
2936 5900 3113 5973 premi
3140 5898 3564 5967 intellexissent;
