3980 6246
471 455 579 530 215
1752 460 2078 522 IOANNIS
2112 462 2434 523 ZONARJ‘Z
3623 463 3721 524 216

473 583 575 652 σῆν
638 582 990 654 ἐχειρώσατο.
1043 584 1101 636 '0
1140 581 1196 637 δέ
1237 582 1418 645 συνεὶς
1477 580 1671 636 ἐαυτὸν
1703 579 1804 648 τῆς
1869 581 2158 648 συμφορᾶς
2225 581 2423 645 αἴτιον,
2482 582 2770 637 ἀπέκλινεν
2810 583 2890 646 είς
2923 581 3236 654 μετάνοιαν,
3280 581 3374 634 καὶ
3409 579 3620 635 ἱκέτευε
3639 581 3722 633 τὸν

471 678 604 732 θεὸν
634 677 796 734 λύσαι
853 680 903 734 οἱ
949 680 1018 734 τά
1051 680 1312 752 δυσχερῆ.
1366 680 1478 734 Καὶ
1542 681 1569 733 ὁ
1598 677 1732 741 Θεὸς
1768 675 2084 740 ἐπακούσας
2122 677 2311 743 αὑτοῦ,
2340 679 2459 732 λύει
2483 696 2541 732 τε
2590 681 2687 749 τῆς
2721 677 3100 749 αἰχμαλωσίας
3135 676 3317 738 αὑτὸν,
3353 675 3450 731 καὶ
3512 676 3594 738 είς
3631 675 3722 745 τὴν

473 770 754 843 βασιλείαν
809 773 1271 844 ἀποκαθίστησιν.
1311 769 1662 826 Ἐπανελθὼν
1700 768 1760 824 δέ
1806 771 2037 832 ἐκεῖνος,
2079 768 2366 823 εὐσέϐειαν
2387 772 2548 835 αὐτός
2595 789 2653 826 τε
2705 770 2918 843 μετῄει,
2986 771 3084 826 καὶ
3134 769 3230 822 τὸν
3273 768 3406 822 λαὸν
3479 767 3721 837 μετιέναι

467 863 783 919 ἀνέπειθεν.
824 865 980 920 Οὕτω
1003 865 1060 920 δέ
1094 866 1286 936 ζήσας,
1315 864 1558 936 ζηλωτὸς
1581 864 1800 934 ἐγένετο
1855 861 1946 915 διὰ
2009 860 2110 929 τὴν
2151 862 2456 929 εὐσέϐειαν,
2522 866 2620 918 καὶ
2670 865 3010 932 ἐτελεύτησε,
3050 862 3378 934 βασιλεύσας
3440 863 3722 923 ἐνιαυτοὺς

467 959 630 1010 πέντε
670 956 806 1025 πρὸς
854 957 1220 1027 πεντήκοντα,
1286 958 1490 1027 βιώσας
1539 957 1597 1010 δὲ
1649 957 1777 1020 τοὺς
1829 955 2040 1014 πάντας
2079 951 2346 1023 ἑξήκοντα
2377 960 2472 1012 καῖ
2504 959 2668 1014 έπτάο

539 1048 729 1104 XXIV.
765 1049 1011 1119 Regnum
1040 1049 1106 1104 ad
1155 1049 1325 1103 tilium
1357 1050 1475 1120 ejus
1507 1047 1769 1103 Amosum
1802 1045 2043 1101 devolvi-

2218 1049 2344 1105 KA'.
2400 1052 2465 1104 Ἢ
2519 1053 2767 1123 βασιλεία
2799 1052 2856 1106 δέ
2902 1053 3040 1125 πρὸς
3097 1052 3276 1122 Ἀμὼς
3320 1049 3574 1121 μετῆλθε,
3631 1047 3719 1100 τὸν

463 1150 575 1205 tur,
612 1142 705 1210 qui
740 1140 1126 1196 adolescentiae
1162 1149 1402 1211 paterna:
1443 1140 1705 1205 imitator,
1740 1155 1887 1194 anno
1911 1145 2046 1193 arta-

462 1234 533 1288 tis
578 1233 843 1288 vicesimo
883 1241 1113 1303 quarto,
1164 1233 1316 1303 regni
1381 1233 1626 1288 secundo
1674 1247 1772 1304 per
1817 1231 2047 1287 insidias

461 1323 738 1377 occiditur
759 1342 771 1376 :
797 1324 863 1377 de
883 1324 1038 1392 cujus
1057 1324 1478 1393 percussoribus
1510 1324 1784 1394 supplicio
1801 1333 2042 1393 sumpto,

461 1415 700 1484 pepulus
727 1415 898 1498 filium
929 1417 1048 1484 ejus
1075 1415 1280 1471 Josiam
1297 1431 1473 1471 annos
1492 1425 1617 1472 octo
1649 1427 1836 1471 natum
1862 1431 2044 1487 regem

459 1507 724 1576 appellat.
761 1506 813 1562 Is
851 1507 975 1577 pius
1014 1508 1139 1572 fuit,
1184 1518 1241 1564 et
1271 1509 1532 1579 populum
1583 1510 1650 1563 ad
1703 1508 1796 1564 Dei
1832 1509 2042 1564 cultum

461 1599 802 1665 cohortatus,
831 1610 1193 1670 susceptaque
1225 1601 1414 1671 templi
1460 1599 1782 1665 refectione,
1832 1602 2046 1656 monuit

460 1705 556 1746 eos
582 1691 675 1760 qui
715 1691 964 1757 aderant,
1003 1701 1063 1748 ut
1107 1707 1210 1748 suo
1238 1694 1472 1764 quisque
1505 1693 1776 1748 arbitratu
1809 1694 1877 1748 ad
1903 1709 2045 1764 opus

460 1782 670 1853 aliquid
733 1783 1026 1839 conferret.
1079 1785 1159 1839 Eo
1219 1793 1402 1855 pacto,
1441 1785 1674 1854 pecunia
1722 1793 1930 1849 coacta,
1987 1794 2045 1840 et

463 1875 732 1944 templum
787 1875 1151 1929 instauratum
1205 1883 1311 1941 est,
1343 1887 1399 1931 et
1434 1891 1555 1945 quze
1589 1875 1956 1946 superfuerat,
1988 1876 2042 1930 in

463 1976 727 2033 crateres,
763 1968 996 2035 calices,
1021 1977 1079 2023 et
1127 1968 1336 2038 phialas
1371 1968 1566 2024 collata
1595 2009 1610 2032 ,
1649 1969 1868 2024 Chelcia
1906 1983 2043 2038 pon—

461 2059 607 2115 tllice
641 2060 1088 2117 administratore
1123 2062 1256 2132 ;qui
1282 2062 1410 2116 dum
1441 2063 1728 2131 pecuniam
1750 2078 1817 2117 ex
1849 2062 2045 2117 aerario

460 2153 756 2222 depromit,
775 2167 964 2208 sacros
997 2153 1170 2208 libros
1183 2152 1350 2208 Musis
1385 2151 1739 2209 temereilluc
1764 2153 2046 2222 conjectos

461 2245 674 2300 invenit
705 2260 768 2300 ac
800 2261 896 2315 per
918 2246 1155 2300 scribam
1192 2245 1305 2314 regi
1341 2245 1530 2300 mittit.
1560 2245 1689 2312 Qui,
1728 2244 1884 2300 lectis
1913 2243 2043 2310 illis,

461 2346 643 2392 Vestes
687 2352 815 2392 suas
847 2337 1072 2401 lacerat,
1107 2345 1165 2391 et
1205 2335 1484 2391 Chelclam
1533 2335 1872 2390 sacerdotem
1918 2349 2043 2390 cum
2078 2393 2120 2448 Β

467 2429 578 2448 -l!!_
613 2429 674 2448 -J
711 2427 894 2448 AIJ-,,_
935 2429 1200 2448 94.919--.»
1257 2427 1538 2448 -..--Ιε---ι.-
1575 2427 1781 2448 a-l.--_!
1819 2443 2038 2448 _-_-_-__.

461 2429 584 2484 aliis
609 2429 676 2484 ad
709 2427 901 2484 Oldam
933 2429 1206 2484 fatidicam
1255 2427 1543 2483 mulierem
1575 2427 1783 2483 Selumi
1819 2443 2044 2482 uxorem

462 2523 674 2586 mittit,
737 2531 931 2592 petens
980 2531 1041 2576 ut
1098 2522 1268 2576 Deum
1317 2521 1514 2590 placet.
1578 2520 1672 2574 Illa
1730 2521 2042 2590 respondet,

460 2616 676 2671 Numen
704 2612 816 2688 jam
849 2614 1172 2686 suffragium
1201 2614 1392 2668 tulisse
1420 2621 1613 2668 contra
1655 2614 1960 2683 regionem,
1990 2623 2047 2670 et

461 2707 725 2778 papulum
764 2707 982 2762 violata:
1027 2706 1314 2778 religionis
1363 2720 1541 2770 reum,
1576 2711 1757 2759 tamen
1797 2703 1868 2759 ob
1903 2704 2046 2775 regis

456 2800 723 2872 justitiam
769 2800 953 2855 clades
1002 2813 1112 2854 non
1139 2813 1261 2854 esse
1300 2812 1448 2852 nunc
1493 2796 1910 2852 immissurum:
1947 2796 2044 2851 sed

460 2898 648 2946 amoto
671 2891 783 2954 illo.
810 2900 926 2947 tum
952 2891 1172 2946 demum
1204 2890 1531 2946 sententiam
1563 2889 1726 2944 latam
1748 2895 2044 2943 exsecuta.

461 2997 608 3043 rum.
680 2985 815 3050 Rex,
869 2985 956 3039 his
1033 2983 1257 3049 auditis,
1327 2982 1590 3052 populum
1667 2979 2044 3052 Hierosolyma

460 3087 750 3146 convocat,
810 3086 867 3134 et
915 3092 1101 3133 sacros
1148 3077 1321 3134 libros
1376 3075 1730 3132 audientibus
1785 3074 2044 3129 omnibus

463 3171 778 3226 recitandos
831 3181 1004 3226 curat.
1074 3170 1280 3226 Deinde
1332 3169 1694 3241 jurejurando
1748 3167 2044 3238 obstringit

461 3277 674 3327 omnes,
711 3272 771 3317 ut
819 3263 965 3334 leges
1001 3271 1243 3329 servent,
1277 3272 1332 3318 et
1365 3261 1582 3318 Numen
1613 3261 1818 3315 colant.
1863 3259 2043 3326 Quare

458 3357 695 3426 populus
736 3355 1017 3411 sacrificiis
1060 3355 1235 3426 placat
1297 3355 1494 3411 Deum.
1531 3353 1661 3409 Post
1714 3352 1830 3408 imo
1868 3352 2042 3408 simu-

458 3451 735 3506 laetorum
805 3450 1035 3506 donaria
1117 3446 1385 3514 incendit,
1459 3461 1651 3502 eorum
1712 3445 2042 3514 jsacerdotes

2150 1144 2315 1197 παῖδα
2341 1145 2532 1208 αὐτοῦ,
2566 1147 2950 1216 μιμησάμενον
2979 1147 3048 1199 τὰ
3095 1146 3195 1214 τῆς
3248 1143 3499 1210 νεότητος
3528 1140 3622 1194 τοῦ
3648 1141 3722 1192 οξ-

2147 1239 2298 1291 κείου
2359 1239 2601 1310 πατρός-
2666 1239 2906 1294 ἀπέθανε
2955 1239 3012 1292 δὲ
3062 1236 3495 1298 ἐπιϐουλευθεὶς,
3550 1232 3722 1302 ζήσας

2146 1330 2427 1394 ἐνιαυτοὺς
2457 1330 2552 1385 ἐπὶ
2579 1332 2874 1402 τέσσαρσιν
2918 1331 3126 1395 εἴκοσι,
3151 1329 3245 1383 δύο
3279 1329 3336 1382 δέ
3375 1325 3722 1398 βασιλεύσας.

2146 1421 2284 1482 Τοὺς
2312 1421 2368 1475 δὲ
2398 1423 2564 1475 αὐτὸν
2586 1422 2879 1486 ἀνελόντας
2901 1421 3286 1491 ἐτιμωρήσατο
3307 1419 3341 1488 ἠ
3376 1416 3611 1486 πληθὺς,
3633 1415 3725 1466 καὶ

2146 1511 2379 1583 βασιλέα
2406 1513 2500 1567 τὸν
2549 1514 2666 1566 υἱὸν
2713 1513 2928 1566 ἐκείνου
2963 1510 3240 1575 ἀνέδειξεν
3273 1507 3507 1571 Ἰωσίαν,
3540 1505 3724 1570 ὃγδοον

2143 1607 2244 1676 τῆς
2271 1606 2489 1676 ἡλικίας
2513 1605 2746 1660 ἀνύοντα
2771 1606 2983 1675 χρόνον,
3017 1605 3076 1668 ὃς
3105 1602 3335 1665 εὐσεϐὴς
3364 1601 3604 1666 ἐγένετο,
3632 1597 3726 1650 καὶ

2143 1702 2237 1754 τὸν
2266 1701 2394 1755 λαὸν
2451 1701 2740 1756 ἀνέπειθεν
2791 1701 3060 1755 εὐσεὸεἶν.
3095 1697 3492 1754 Ἐπισκευάσαι
3515 1695 3573 1749 δέ
3607 1693 3728 1763 βου-

2145 1792 2332 1863 ληθεὶς
2361 1793 2454 1846 τὸν
2497 1795 2642 1857 ναὸν,
2664 1792 2898 1863 παρῄνει
2921 1793 3035 1854 τοίς
3069 1791 3176 1844 ὑπὸ
3219 1790 3376 1859 χεῖρα
3405 1785 3609 1838 διδόναι
3649 1785 3727 1846 εἰς

2145 1887 2242 1956 τὴν
2272 1886 2594 1957 ἐπισκευὴν,
2631 1887 2756 1940 ὅσον
2803 1885 3036 1947 ἕκαστος
3094 1882 3366 1952 βούλεται.
3421 1878 3533 1933 Καὶ
3583 1875 3727 1930 οὕτω

2148 1978 2528 2050 συναχθέντων
2551 1978 2874 2049 χρημάτων,
2903 1979 2931 2031 ὅ
2963 1994 3024 2029 τε
3059 1976 3187 2039 ναὸς
3223 1969 3598 2039 ἀνεκαινίσθη,
3632 1973 3727 2023 καὶ

2146 2076 2261 2137 τοῖς
2284 2071 2710 2143 περιττεύσασιν
2739 2072 2819 2132 είς
2847 2070 3152 2141 κρατῆρας,
3190 2068 3284 2121 καὶ
3315 2064 3594 2127 σπονδεῖα,
3627 2063 3726 2116 καὶ

2146 2164 2349 2234 φιάλας
2395 2165 2687 2234 ἐχρήσατο,
2745 2162 2839 2215 τοῦ
2890 2160 3190 2232 ἀρχιερέως
3238 2156 3472 2212 Χελκίου
3511 2155 3725 2216 τούτοις

2145 2254 2585 2317 ἐπιστατοῦντος·
2609 2253 2666 2317 ὃς
2686 2252 3006 2322 ἐντυγχάνει
3029 2253 3147 2312 ταῖς
3169 2251 3341 2319 ἱεραῖς
3363 2245 3458 2300 τοῦ
3476 2245 3724 2308 Μωσέως

2149 2351 2354 2422 βίϐλοις
2377 2351 2436 2402 ἐν
2457 2348 2534 2418 τῷ
2550 2347 2770 2416 ἐξάγειν
2800 2345 2894 2400 τοῦ
2923 2343 3072 2416 ίεροῢ
3094 2341 3318 2411 ταμείου
3349 2339 3410 2394 τὸ
3432 2338 3722 2410 ἀργύριον,

2148 2441 2543 2512 ἀποκειμέναις
2597 2441 2735 2504 ἐκεῖ,
2803 2438 2901 2493 καὶ
2957 2436 3166 2491 στέλλει
3225 2433 3434 2497 ταύτας
3485 2430 3577 2484 διὰ
3626 2427 3724 2482 τοῦ

2145 2533 2522 2605 γραμματέως
2549 2532 2626 2603 τῷ
2651 2529 2881 2602 βασιλεῖ.
2916 2529 3008 2592 Ὠς
3033 2527 3078 2580 δ’
3103 2524 3528 2595 ἀνεγνώσθησαν
3549 2519 3720 2588 αὐτῷ,

2144 2629 2243 2700 τὴν
2271 2627 2472 2698 ἐσθῆτα
2499 2623 2774 2697 διέρρηξε,
2802 2623 2896 2677 καὶ
2919 2622 3059 2694 πρὸς
3080 2620 3179 2691 τὴν
3198 2619 3488 2690 προφήτην
3530 2613 3724 2668 Ὀλδᾶν

2144 2723 2379 2790 γυναῖκα
2413 2719 2644 2789 Σελοὺμ,
2675 2715 2890 2787 έπεμψε
2922 2715 3012 2768 τὸν
3062 2713 3329 2785 ἀρχιερέα
3354 2709 3593 2764 Χελκίαν
3625 2708 3724 2760 καὶ

2145 2814 2361 2875 ἄλλους,
2401 2810 2735 2864 ῑλεώσασθαι
2766 2809 2858 2862 τὸν
2888 2807 3022 2862 Θεὸν
3053 2804 3222 2870 ἀξιῶν
3247 2803 3440 2872 αὑτήν.
3475 2800 3544 2853 Ἥ
3573 2796 3629 2852 δὲ
3661 2797 3724 2850 τὸ

2148 2909 2246 2980 μὲν
2272 2907 2426 2958 Θεῖον
2449 2904 2552 2975 ἠδη
2579 2903 2761 2973 ψῆφον
2786 2896 2941 2954 εἷπεν
2974 2898 3281 2965 ἐξενεγκεῖν
3313 2893 3455 2948 κατά
3496 2893 3597 2962 τῆς
3615 2886 3724 2958 xci»

2145 3017 2266 3071 ρας,
2298 3000 2390 3052 καὶ
2418 2996 2512 3049 τοῦ
2566 2994 2699 3049 λαοῦ
2736 2992 3128 3062 ἀσεϐήσαντος,
3154 2988 3242 3042 διὰ
3267 2986 3323 3041 δὲ
3352 2985 3442 3040 τὸν
3491 2982 3724 3054 βασιλέα

2142 3093 2350 3146 δίκαιον
2380 3089 2530 3154 ὄντα,
2564 3087 2666 3140 οὐκ
2701 3084 2923 3150 ἐπάξειν
2956 3082 3052 3137 νῦν
3086 3083 3153 3136 τά
3183 3079 3351 3137 κακὰ.
3379 3075 3546 3130 αὐτοῦ
3575 3092 3722 3144 παρ.

2143 3185 2415 3248 ελθόντος,
2449 3181 2748 3252 γενήσεται
2793 3177 2859 3231 τά
2906 3173 3274 3245 ἐψηφισμένα.
3319 3171 3379 3224 '0
3416 3169 3472 3222 δὲ
3511 3167 3721 3221 τούτων

2141 3276 2406 3338 ἀκούσας,
2453 3273 2730 3342 συνήγαγε
2771 3271 2864 3323 τὸν
2917 3267 3048 3323 λαὸν
3099 3267 3177 3329 είς
3217 3261 3592 3335 Ἰεροσόλυμα,
3621 3259 3722 3312 καὶ

2143 3371 2222 3433 είς
2263 3370 2498 3439 ἐπήκοον
2538 3365 2757 3418 πάντων
2787 3361 2884 3424 τὰς
2918 3361 3074 3433 ἱερὰς
3107 3356 3322 3429 βίδλους
3365 3351 3723 3420 ἀναγνωσθή-

2141 3481 2230 3520 ναι
2281 3461 2604 3530 πεποίηκεν.
2656 3452 2791 3510 Είτα
2819 3456 3017 3526 ὅρκους
3071 3454 3136 3504 ἐκ
3181 3451 3398 3503 πάντων
3442 3445 3720 3515 ἀπήτησε,

459 3544 685 3608 occidit,
745 3553 803 3598 et
854 3541 1469 3614 pseudoprophetarum
1538 3553 1659 3595 ossa
1720 3539 1776 3594 in
1831 3553 1894 3594 ea
1945 3553 2041 3593 ara

457 3645 702 3700 cremat,
762 3650 926 3707 quam
970 3634 1330 3690 Jeroboamus
1389 3640 1734 3688 exstruxerat
1779 3649 1792 3686 :
1844 3645 2041 3702 quem-

457 3727 752 3785 admodum
793 3727 1063 3800 propheta
1109 3725 1201 3782 illc
1233 3727 1283 3782 ei
1337 3725 1638 3780 immolanti
1689 3723 2034 3794 praedixerat,

2145 3746 2209 3800 τὰ
2235 3738 2562 3813 ἀναθήματα
2596 3739 2704 3793 τῶν
2751 3735 3005 3802 εἰδώλων,
3063 3734 3157 3787 καὶ
3199 3733 3326 3794 τοὺς
3390 3730 3555 3798 ἱερεῖς
3614 3727 3719 3780 αὑ-

454 3821 575 3877 l'ore
619 3821 822 3877 Josiam
851 3819 1141 3891 quemdam
1193 3833 1224 3872 e
1270 3819 1590 3889 posteritate
1633 3816 1911 3881 Davidica,
1943 3817 2036 3887 qui

2145 3839 2249 3893 τῶν
2277 3837 2613 3895 ἐθανάτωσε,
2652 3831 2746 3885 καὶ
2794 3829 2864 3882 τὰ
2893 3828 3001 3882 τῶν
3060 3823 3524 3897 ψευδοπροφητῶν
3580 3819 3720 3872 ὀστᾶ

457 3916 552 3970 illa
609 3915 857 3969 facturus
921 3923 1068 3969 esset
1115 3911 1342 3983 :idque
1407 3913 1612 3968 factum
1681 3920 1802 3983 post
1865 3926 2039 3966 annos

2145 3932 2274 4004 πυρὶ
2345 3930 2686 3985 κατέκαυσεν
2762 3924 2855 3978 ἐπὶ
2911 3920 3008 3976 τοῦ
3068 3917 3252 3992 βωμοῦ
3287 3959 3303 3986 ,
3361 3916 3420 3970 ὃν
3483 3915 3720 3984 ἀνέστηο

458 4018 735 4064 trecentos
784 4007 1062 4077 sexaginta
1097 4019 1289 4060 unum.
1335 4005 1480 4060 Idem
1523 4005 1688 4060 etiam
1740 4005 2036 4071 lsraelitas,

2145 4033 2229 4076 σεν
2290 4018 2598 4090 Ἰεροϐαάμ,
2657 4016 2799 4070 κατά
2847 4014 2948 4085 τὴν
3013 4010 3108 4064 τοῦ
3140 4008 3422 4080 προφήτου
3467 4004 3720 4075 πρόρρη-

457 4102 554 4172 (Ῐυί
605 4102 980 4171 οθριίνίῑθιθίη
1023 4097 1352 4168 εαυεθηιηιυ
1412 4097 1647 4161 morm“:
1697 4105 1758 4152 ιη
1801 4097 2037 4167 Ρθιτίηπι
2139 4134 2245 4179 σιν,
2298 4114 2356 4174 ὃς
2406 4111 2724 4174 θυσιάζοντι
2775 4104 3084 4178 προσῆλθεν
3108 4101 3322 4170 ἐκείνῳ,
3353 4099 3450 4152 καὶ
3486 4099 3724 4166 προεῖπε

459 4191 630 4249 Deum
660 4193 925 4255 colerent,
953 4199 1008 4245 et
1030 4189 1179 4260 leges
1205 4189 1565 4244 observarent
1591 4204 1608 4241 :
1633 4197 1687 4242 et
1717 4188 1952 4242 sublatis
1972 4203 2038 4242 ex

2145 4210 2315 4264 ταῦτα
2373 4207 2624 4275 ποιήσειν
2683 4201 2952 4271 ἀπόγονον
3003 4198 3096 4252 τοῦ
3129 4195 3293 4249 Δαϐὶδ
3329 4191 3542 4246 Ἰωσίαν
3578 4187 3724 4260 μετά

457 4287 609 4342 omni
646 4284 928 4357 provincia
957 4281 1288 4341 simulacris,
1319 4279 1631 4350 populoque
1659 4277 2033 4351 Hierosolyma

2145 4299 2429 4373 τριακόσια
2479 4297 2574 4368 ἔτη
2600 4293 2698 4350 καὶ
2725 4293 2989 4364 ἐξήκοντα
3012 4290 3148 4362 πρὸς
3172 4287 3272 4342 ἐνί.
3293 4285 3404 4341 Καὶ
3431 4282 3571 4355 πρὸς
3592 4283 3726 4346 τοὺς

463 4380 622 4451 113
657 4385 1006 4446 congregato,
1041 4376 1367 4445 Azymorum
1407 4371 1629 4438 festum,
1659 4371 1804 4441 quod
1832 4371 2041 4426 Pascha

2152 4393 2494 4464 Ἰσραηλίτας
2525 4391 2582 4443 δὲ
2621 4386 2908 4458 πορευθεὶς
2939 4385 3178 4446 Ἰωσίας,
3229 4383 3344 4435 ὅσοι
3377 4377 3476 4448 τὴν
3512 4377 3724 4445 αἰχμαο

459 4483 680 4537 vocant,
713 4469 1034 4533 celebravit,
1087 4484 1151 4523 ac
1171 4470 1280 4522 vita
1315 4464 1605 4535 tranquilla
1639 4473 1779 4529 acta,
1820 4466 2037 4520 tandem

2145 4485 2342 4538 λωσίαν
2371 4483 2651 4550 διέφυγον,
2697 4476 2790 4529 τὸν
2833 4475 3066 4544 πάτριον
3120 4470 3353 4542 παρῄνει
3385 4465 3728 4538 θρησκεύειν

459 4567 817 4640 sagittaictus
855 4563 1010 4618 obiit.
1039 4562 1173 4616 Nam
1207 4575 1302 4614 rex
1326 4557 1708 4629 Egyptiorum
1765 4558 2037 4622 Nechaus,

2145 4575 2294 4636 Θεὸν,
2325 4573 2420 4626 καὶ
2465 4573 2610 4625 κατά
2660 4569 2862 4639 νόμους
2915 4564 3084 4636 βιοῦν.
3140 4565 3250 4616 Καὶ
3287 4563 3344 4626 ἐξ
3369 4562 3591 4628 ἀπάσης
3618 4555 3726 4622 τῆς

459 4660 663 4716 bellum
707 4657 877 4713 Medis
912 4655 1186 4720 illaturus,
1227 4667 1352 4708 cum
1399 4649 1631 4706 transitu
1672 4665 1770 4721 per
1793 4651 2037 4708 Judaaam

2145 4665 2323 4738 χώρας
2363 4663 2634 4733 ἀφανίσας
2688 4664 2756 4714 τα
2814 4660 3034 4725 εἴδωλα,
3093 4657 3174 4718 εἰς
3241 4651 3605 4724 Ἰερουσαλὴμ
3656 4645 3727 4698 τὸ

459 4772 489 4808 a
556 4752 706 4808 Josia
783 4748 1191 4819 prohlberetur,
1255 4743 1505 4814 quamvis
1580 4743 1700 4798 sine
1769 4743 2038 4800 maleficio

2145 4759 2347 4830 πλῆθος
2383 4757 2682 4826 συνήγαγε,
2713 4757 2808 4808 καὶ
2837 4754 2936 4825 τὴν
2964 4752 3072 4804 τῶν
3109 4749 3367 4818 Ἀζύμων
3404 4746 3622 4815 ἑορτὴν,
3652 4743 3726 4813 ἦν

460 4847 818 4901 ιηηείῑυτυπι
895 4839 1262 4912 Nomium“:
1337 4850 1573 4908 Pugnam
1636 4837 1861 4892 Ῐηείτυίι
1888 4878 1902 4903 ι
1982 4846 2040 4893 εἴ
2139 4852 2332 4920 Πάσχα
2359 4847 2634 4912 καλοῦσιν,
2664 4845 2929 4918 ἐώρτασε.
2965 4845 3089 4897 Βίον
3119 4841 3175 4895 δὲ
3206 4838 3484 4911 είρηνικδν
3523 4836 3731 4901 διαγα-

458 4937 627 5015 Josia,
666 4936 797 4990 dum
849 4935 1024 4989 aciem
1063 4932 1368 4995 ordinaret,
1399 4929 1594 5000 sagitta
1648 4929 1779 4996 leto,
1829 4930 2036 4985 bellum

2145 4940 2273 5010 γὼν,
2298 4939 2576 5006 τοξευθεὶς
2605 4938 2697 4990 ἐπὶ
2727 4937 2890 4998 τέλει,
2939 4936 3030 4987 τὸν
3059 4933 3174 5004 βίον
3219 4927 3614 4997 κατέστρεψεν.
3656 4924 3725 4976 '0

459 5031 644 5089 solvit.
698 5030 816 5084 ite:
865 5024 1238 5097 Hierosolyma
1293 5038 1549 5078 reversus
1600 5023 1837 5092 decedit,
1891 5040 2035 5079 anno

2145 5036 2248 5105 γὰρ
2277 5035 2388 5087 τῶν
2415 5030 2730 5098 Αἰγυπτίων
2759 5028 3013 5100 βασιλεὺς
3053 5027 3250 5096 Νεχαὼ
3290 5024 3515 5092 Μήδους
3562 5029 3728 5072 πολε·

461 5123 616 5196 regni
634 5119 914 5178 tricesimo
935 5117 1136 5188 primo,
1156 5115 1300 5186 quod
1316 5130 1489 5170 annos
1513 5125 1638 5170 octo
1657 5127 1820 5171 natus
1844 5131 2031 5172 susce-

2145 5127 2334 5197 μὴσων
2359 5125 2546 5196 ἀπῄει,
2573 5122 2722 5194 εἶργε
2761 5123 2820 5176 δέ
2850 5123 3010 5175 αὑτὸν
3045 5120 3255 5180 Ἰωσίας
3282 5117 3369 5171 διά
3398 5117 3500 5187 τῆς
3531 5112 3728 5185 χώρας

464 5223 641 5288 perat.
666 5212 780 5269 Sub
802 5212 909 5266 hoc
943 5209 1047 5264 fuit
1076 5208 1339 5278 prOpheta
1368 5206 1654 5269 Jercmias,
1700 5209 1794 5276 qui
1821 5207 2032 5262 cladem

2145 5217 2302 5272 αὑτοῦ
2336 5216 2648 5284 παρελθεῖν.
2717 5214 2779 5266 '0
2831 5212 2890 5265 δέ
2945 5211 3021 5283 μὴ
3055 5211 3140 5263 ἐπ’
3194 5210 3358 5263 αὑτὸν
3394 5207 3724 5278 στρατεύειν

461 5303 854 5377 Hierosolymis
883 5301 1260 5357 imminentem
1297 5299 1645 5366 vaticinatus,
1686 5299 1802 5354 fore
1835 5301 2038 5370 praedi-

2145 5311 2327 5381 ἐδήλου
2355 5309 2523 5381 αὐτῷ.
2554 5309 2768 5372 Ἰωσίας
2799 5307 2856 5360 δὲ
2889 5306 2950 5358 οὐ
2989 5304 3226 5375 μεθίετο.
3275 5303 3415 5371 Ἤδη
3459 5301 3552 5354 οὖν
3580 5315 3730 5368 παρ-

461 5400 561 5466 xit,
623 5409 683 5453 ut
737 5397 807 5452 ab
837 5395 1072 5465 Assyriis
1092 5404 1441 5464 caperentur.
1484 5394 1674 5464 Neque
1723 5392 1811 5448 hic
1834 5395 2036 5459 solum,

2145 5404 2426 5456 ετάσσοντο
2495 5401 2885 5472 μαχεσόμενοι,
2947 5400 3040 5452 καὶ
3097 5396 3313 5450 Ἰωσίαν
3345 5397 3726 5449 διατάσσοντα

461 5491 560 5548 sed
603 5503 659 5546 et
706 5487 960 5545 Ezechiel
997 5489 1203 5558 primus
1238 5487 1325 5542 his
1373 5487 1440 5542 de
1483 5487 1649 5542 rebus
1679 5485 1817 5542 duos
1865 5486 2038 5541 libros

2145 5496 2230 5547 τιν
2253 5497 2453 5548 οἰκεῖον
2503 5492 2631 5547 λαὸν
2661 5492 2924 5557 τοξεύσας
2969 5490 3291 5558 Αἰγύπτιος,
3338 5488 3432 5540 τὸν
3479 5487 3730 5558 πόλεμον

465 5583 706 5653 reliquit,
781 5589 1010 5652 uterque
1089 5594 1156 5635 ex
1227 5579 1371 5633 tribu
1457 5577 1806 5634 sacerdotali.
1890 5578 2038 5633 Josia

2145 5587 2346 5643 ἔλυσεν.
2392 5587 2450 5640 Ὀ
2479 5586 2536 5639 δὲ
2565 5585 2819 5656 βασιλεὺς
2851 5583 3154 5649 ἀναζεύξας
3192 5583 3272 5644 είς
3335 5582 3724 5651 Ἰεροσόλυμα,

461 5677 746 5738 defuncto,
801 5676 1102 5731 Joachasus
1149 5673 1293 5728 ﬁlius
1325 5675 1445 5743 ejus
1492 5687 1667 5726 annos
1693 5672 1882 5742 viginti
1929 5681 2039 5726 tres

2145 5682 2384 5750 τελευτᾷ,
2423 5679 2749 5750 βασιλεύσας
2784 5678 2878 5747 ἐτη
2907 5676 3206 5747 τριάκοντα
3235 5674 3371 5746 πρὸς
3405 5677 3509 5736 ἐνὶ,
3539 5675 3724 5744 ζήσας

459 5779 644 5834 natus,
687 5785 916 5840 regnare
953 5767 1166 5836 incipit,
1207 5765 1373 5820 homo
1422 5764 1646 5834 impius,
1673 5779 1835 5833 quem
1868 5763 2034 5833 Egy-

2145 5771 2189 5824 Βὲ
2220 5772 2324 5840 πρὸ
2360 5771 2460 5840 τῆς
2509 5771 2786 5838 βασιλείας
2833 5768 2997 5823 ὀκτώ.
3049 5767 3174 5820 Ἐπὶ
3203 5767 3396 5820 τούτου
3438 5766 3724 5837 Ἱερεμίας

458 5864 540 5938 pti
587 5880 682 5922 rex
719 5879 750 5919 a
809 5863 954 5920 bello
997 5874 1272 5924 reversus,
1330 5858 1386 5912 in
1407 5857 1628 5912 vincula
1661 5856 1918 5926 conjecit,
1972 5872 2036 5912 ac

2145 5855 2198 5933 ἦν
2222 5863 2250 5914 ὁ
2285 5863 2593 5932 προφήτης,
2633 5860 2690 5924 ὃς
2719 5860 2813 5916 καὶ
2835 5860 2904 5914 τὰ
2932 5859 3314 5932 συμϐήσεσθαι
3345 5859 3608 5930 μέλλοντα
3635 5862 3720 5931 τῇ

460 5967 687 6033 regnum
719 5958 920 6017 seniori
959 5955 1113 6012 fratri
1146 5951 1412 6010 Eliacimo
1454 5949 1625 6021 dedit,
1660 5959 1870 6008 mutato
1914 5952 2036 6024 ejus

2145 5953 2508 6027 Ἰερουσαλὴμ
2532 5953 2682 6008 δεινά
2707 5953 3106 6027 προηγόρευσε,
3130 5953 3226 6009 καὶ
3251 5950 3350 6028 τὴν
3377 5952 3485 6009 ὑπὸ
3512 5952 3721 6008 Ἀσσυ-

2143 3556 2437 3630 φυλάττειν
2473 3553 2602 3615 τοὺς
2639 3550 2864 3620 νόμους,
2900 3547 2996 3601 καὶ
3027 3543 3283 3598 σέϐεσθαι
3309 3542 3398 3595 τὸν
3426 3539 3584 3593 Θεόν.
3609 3538 3724 3590 Καὶ

2143 3652 2288 3706 θύων
2315 3653 2343 3704 ὁ
2392 3647 2520 3711 λαὸς
2554 3644 2828 3713 ἐξιλεοῦτο
2857 3642 2949 3695 τὸν
2979 3641 3132 3694 Θεόν.
3175 3638 3480 3709 Ἑνέπρησε
3528 3633 3587 3687 δὲ
3618 3631 3720 3687 καὶ
