3980 6246
294 363 418 437 217

1605 374 2010 439 ANNALIUM
2045 380 2194 441 LIB.
2240 381 2322 441 II.

3475 373 3586 441 €13

296 488 449 560 ρῖων
483 485 658 557 αὐτῆς
698 483 903 541 ἅλωσιν
941 478 1079 557 (69).
1112 483 1187 539 Οὐ
1232 481 1394 555 μόνος
1442 485 1499 539 δὲ
1552 479 1710 551 οὗτος
1767 490 1892 558 περὶ

2002 504 2223 547 nomine
2247 509 2299 547 ιιι
2321 492 2696 548 Joachimum:
2727 490 3102 562 imperataque
3129 488 3334 563 regioni
3360 502 3581 548 centum

291 582 521 633 τούτων
545 578 918 650 προέγραψεν,
952 579 1087 634 ἀλλά
1110 579 1206 632 καὶ
1240 579 1505 649 Ἰεζεκιὴλ
1523 581 1737 651 πρῶτος
1764 581 1898 651 περὶ

295 672 525 727 τούτων
567 672 662 726 δύο
715 666 895 743 βιϐλία
934 672 1227 726 κατέλιπεν
1253 686 1266 701 '
1322 662 1464 744 ἦσαν
1504 673 1559 726 δὲ
1602 673 1772 744 ἄμφω
1798 675 1897 744 τῆς

302 764 610 839 ἱερατικῆς
658 767 856 836 φυλῆς.
914 768 1350 837 Τελευτήσαντος
1379 767 1435 821 δὲ
1474 768 1702 834 Ἰωσίου,
1742 763 1896 822 ’1ωά-

297 862 425 930 Xa:
455 862 483 913 ό
508 863 634 923 παῖς
663 859 831 914 αὐτοῦ
858 848 1046 931 ἧρξεν,
1077 856 1279 914 εἴκοσιν
1309 861 1400 914 ἐπὶ
1425 863 1601 932 τρισὶν
1634 862 1898 916 ἐνιαυτῶν

295 954 413 1015 ὢν,
457 953 670 1022 ἀσεϐής
719 953 996 1020 γεγονώς⁸
1034 952 1092 1005 ὃν
1127 954 1234 1005 ἀπὸ
1256 947 1350 1006 τοῦ
1388 947 1624 1023 πολέμου
1670 950 1898 1019 ἀναζευδ

297 1048 447 1115 γνὺς
478 1049 504 1098 ὁ
528 1036 639 1098 τῶν
668 1046 983 1113 Αἰγυπτίων
1015 1045 1291 1115 βασιλεὺς,
1318 1049 1498 1117 ἔδησε,
1536 1047 1628 1100 καὶ
1654 1047 1753 1119 τήν
1794 1046 1897 1117 μὲν

299 1139 599 1210 βασιλείαν
621 1132 698 1211 τῷ
717 1136 1077 1209 πρεσϐυτέρῳ
1096 1135 1311 1212 ἀδελφῷ
1336 1139 1620 1209 Ἐλιακεὶμ
1640 1140 1893 1206 δέδωκεν,

302 1229 575 1299 Ἰωακεὶμ
618 1231 998 1302 μετονομάσας
1025 1231 1210 1296 αὐτὸν,
1238 1233 1330 1284 καὶ
1362 1232 1712 1304 είσφορὰν’τῇ
1740 1232 1896 1304 χώρα

299 1323 579 1389 ἐπιτάξας
632 1323 828 1375 έκατδν
882 1323 1152 1393 ἀργυρίου
1185 1324 1446 1392 τάλαντα,
1479 1318 1538 1379 ἓν
1581 1325 1637 1379 δὲ
1663 1326 1892 1396 χρυσοῦ.

300 1416 418 1468 Τὸν
444 1415 503 1469 δὲ
552 1401 804 1486 Ίιικὶχαιζ⁵
827 1417 1121 1487 ἀπήγαγεν
1162 1418 1241 1484 είς
1300 1419 1396 1490 τήν
1428 1413 1723 1485 Αἴγυπτον,
1759 1414 1893 1474 ὅπου

302 1508 412 1561 καὶ
435 1506 816 1577 ἐτελεύτησεν.
861 1508 918 1563 '0
949 1508 1005 1563 δὲ
1041 1510 1232 1582 χρόνος
1265 1504 1365 1582 τῆς
1405 1511 1686 1583 βασιλείας
1726 1509 1892 1568 αὐτοῦ

299 1603 463 1671 τρεῖς
522 1589 666 1671 ἦσαν
722 1593 894 1671 μῆνες
955 1596 1047 1654 ἐπὶ
1087 1597 1222 1657 δέκα
1253 1604 1515 1675 ήμέραις.
1546 1600 1805 1677 Ἰωακεὶμ
1837 1604 1896 1658 δὲ

303 1687 504 1746 ἀσεϐεῖ
555 1710 615 1745 τε
645 1692 781 1755 ὄντι,
811 1695 906 1746 καὶ
963 1693 1283 1765 κακούργῳ,
1334 1691 1454 1759 ἔτος
1487 1693 1590 1767 ήδη
1612 1698 1710 1768 τῆς
1740 1695 1897 1768 βασι-

302 1783 463 1849 λείας
493 1786 691 1853 ἠνύετο
713 1786 992 1857 τέταρτον,
1030 1786 1125 1839 καὶ
1174 1785 1273 1858 τὴν
1310 1787 1672 1860 Βαϐυλωνίων
1715 1788 1891 1860 ἀρχὴν

305 1870 791 1949 Ναϐουχοδονόσορ
822 1877 1222 1950 περιεζώσατο.
1277 1873 1448 1946 Οὗτος
1471 1858 1564 1936 τδν
1593 1858 1889 1950 Αίγύπτιον

308 1963 509 2038 Nexsz
546 1969 779 2034 νικήσας
831 1970 991 2023 πολίί
1003 1971 1173 2043 μέρος
1219 1971 1318 2041 τῆς
1340 1972 1524 2042 χώρας
1551 1973 1719 2027 αὑτοῦ
1750 1991 1892 2047 παρ-

311 2058 610 2112 έσπᾱσατο.
651 2058 741 2110 Ἐν
767 2058 937 2128 ὀγδόῳ
966 2058 1012 2112 δ’
1039 2059 1266 2129 έτειτῆς
1296 2059 1573 2125 Βασιλείας
1604 2062 1889 2131 Ἰωακεὶμ,

315 2151 697 2220 ἐπιστρατεύει
752 2151 830 2221 τῷ
858 2152 1095 2224 Ἰουδαία
1136 2152 1275 2223 μετὰ
1330 2154 1558 2226 βαρείας
1587 2155 1888 2224 δυνάμεως.

325 2240 580 2316 Ἶωακεὶμ
599 2244 659 2298 δὲ
684 2244 890 2309 δείσας,
924 2245 1201 2317 ὕπόφορον
1255 2242 1409 2300 ἔθετο
1455 2246 1532 2318 τῷ
1560 2247 1891 2317 Βαϐυλωνίῳ

312 2339 409 2407 τὴν
434 2338 623 2409 χώραν
651 2333 749 2410 τὴν
779 2336 998 2403 ἑαυτοῦ,
1027 2340 1121 2392 καὶ
1144 2342 1295 2410 τρισὶ
1330 2336 1431 2411 μὲν
1461 2338 1610 2395 ἔτεσι
1643 2344 1891 2413 προσῆγε

313 2431 438 2495 τοὺς
460 2430 683 2499 φόρους.
713 2427 845 2483 Εἶτα
864 2432 990 2495 τοὺς
1013 2431 1343 2497 Αίγυπτίους
1364 2430 1602 2497 ἀκούσας
1632 2434 1775 2488 κατά
1798 2429 1891 2489 τού

317 2519 663 2574 Βαϐυλωνίου
696 2522 919 2594 χωρεῖν,
946 2525 1148 2597 ἐπέσχε
1180 2524 1279 2596 τὴν
1298 2526 1408 2578 τῶν
1442 2526 1626 2595 φόρων
1654 2524 1893 2583 καταϐο-

315 2613 430 2684 λὴν,
474 2613 656 2669 καίτοι
716 2614 812 2668 τοῦ
863 2616 1145 2687 προφήτου
1210 2615 1480 2689 Ἰερεμίου
1530 2620 1892 2691 προλέγοντος

315 2706 411 2776 τὴν
441 2707 547 2759 ὑπὸ
574 2707 668 2759 τοῦ
703 2707 1046 2763 Βαϐυλωνίου
1070 2711 1170 2778 τῆς
1195 2710 1403 2775 πόλεως
1427 2713 1649 2782 ἅλωσιν,
1677 2720 1772 2768 καὶ
1791 2717 1892 2787 τήν

316 2797 407 2851 τοῦ
442 2796 714 2869 βασιλέως
745 2796 1006 2869 Ἰωακεὶμ
1036 2800 1342 2872 ἀναίρεσιν,
1391 2803 1486 2857 καὶ
1514 2805 1575 2858 οὐ
1628 2806 1788 2874 μόνον
1817 2809 1894 2861 εί-

317 2891 529 2954 πόντος,
561 2891 701 2945 ἀλλὰ
730 2892 824 2945 καὶ
866 2893 1201 2965 γράψαντος,
1236 2895 1329 2949 καὶ
1384 2897 1466 2960 είς
1516 2899 1751 2968 ἐπήκοον
1794 2898 1889 2954 τοῦ

316 2983 550 3052 πλήθους
597 2985 924 3055 ἀναγνόντος
977 2986 1079 3058 τὴν
1134 2992 1500 3058 συγγραφήνο
1543 2991 1610 3060 ἢν
1630 2991 1890 3058 λαϐόντες

314 3077 359 3132 oi
389 3079 681 3150 ἡγεμόνες,
704 3080 781 3149 τῷ
809 3080 1021 3152 βασιλεῖ
1047 3083 1453 3153 προσήνεγκαν.
1500 3080 1559 3141 ’0
1581 3085 1637 3139 δὲ
1664 3087 1755 3140 ἐπὶ
1778 3088 1892 3150 τοῖς

2002 588 2233 655 argenti,
2266 597 2321 641 et
2353 588 2517 642 unius
2542 586 2660 641 auri
2693 586 2955 640 talentum
2981 585 3210 650 tributo,
3249 585 3581 640 Joaehasum

2001 679 2055 732 in
2103 676 2395 749 Egyptum
2426 676 2673 739 abduxit,
2707 676 2799 731 ubi
2819 685 2876 731 et
2920 684 3171 730 mortuus
3193 685 3297 730 est.
3342 676 3585 745 Tempus

2002 773 2153 843 regni
2182 772 2302 841 ejus
2332 770 2354 824 Γ
2356 785 2484 824 uere
2522 778 2631 824 tres
2655 785 2869 824 menses
2893 779 2949 824 et
2979 768 3166 823 decem
3192 769 3330 823 dies.
3363 769 3587 824 Joacbi—

2001 880 2123 919 mus
2158 874 2341 917 autem
2364 863 2448 917 vir
2473 862 2673 932 impius
2692 872 2749 917 et
2775 862 3140 926 facinorosus,
3166 877 3290 916 cum
3316 871 3576 931 quartum

1992 958 2104 1028 jam
2137 967 2339 1010 annmn
2360 957 2669 1025 imperaret,
2693 954 3199 1009 Nabuchodonosor
3222 952 3579 1026 Babylonium

2000 1050 2290 1119 imperium
2343 1049 2590 1118 suscipit.
2676 1041 2953 1101 Nechaum
3013 1044 3328 1117 [Egyptium
3376 1048 3580 1098 victum

1998 1154 2192 1213 magna
2228 1146 2382 1212 parte
2421 1140 2718 1212 provinciae
2766 1139 2959 1193 multat
2992 1157 3003 1190 :
3041 1154 3185 1193 anno
3221 1136 3490 1193 Joachimi
3517 1152 3581 1189 o-

1997 1245 2157 1291 ctavo
2208 1249 2331 1290 cum
2388 1233 2598 1304 magnis
2644 1232 2817 1301 cepiis
2861 1227 3101 1286 Iudaeam
3153 1231 3451 1300 ingressus,
3507 1228 3581 1283 ita

1997 1326 2279 1380 hominem
2301 1323 2699 1394 perterrefacit,
2721 1331 2781 1377 ut
2802 1336 2955 1376 suam
2979 1321 3256 1390 regionem
3283 1319 3581 1390 Babylonio

1999 1413 2348 1472 tributariam
2420 1413 2699 1477 redderet,
2754 1428 2818 1468 ac
2883 1412 3086 1466 tributa
3119 1420 3216 1481 per
3270 1409 3573 1463 triennium

1996 1506 2179 1566 solvit.
2209 1510 2367 1573 Post,
2428 1518 2554 1562 cum
2614 1503 3191 1574 audiissetAZgyptios
3248 1501 3581 1556 rebellantes

1995 1601 2357 1676 Babylonium
2430 1602 2741 1663 invasuros,
2823 1613 2887 1653 ea
2981 1595 3256 1651 inhibuit:
3327 1593 3580 1663 quamvis

1993 1690 2261 1753 Jeremias
2306 1692 2578 1765 propheta
2609 1689 2975 1762 pra-dixisset,
3004 1687 3130 1743 fore
3158 1695 3220 1741 ut
3241 1685 3578 1757 Babylonius

1995 1796 2051 1842 et
2101 1785 2298 1841 urbem
2338 1792 2581 1855 caperet,
2610 1791 2666 1838 et
2707 1781 3052 1837 Joacltimum
3091 1779 3353 1834 tolleret:
3399 1792 3580 1846 neque

1996 1879 2338 1951 prazdixisset
2378 1878 2580 1940 solum,
2629 1874 2725 1931 sed
2753 1875 2920 1929 etiam
2947 1872 3281 1942 scripsisset,
3334 1871 3580 1940 scriptu-

1994 1987 2223 2042 ramque
2266 1970 2470 2042 populo
2523 1968 2782 2025 audiente
2835 1966 3140 2028 recitasset,
3185 1979 3349 2034 quam
3408 1964 3579 2017 duces

1995 2065 2109 2134 regi
2137 2064 2481 2119 obtulerunt.
2528 2061 2625 2117 ille
2652 2075 2783 2116 vero
2802 2060 2974 2114 iratus
2994 2059 3224 2123 exussit,
3252 2056 3576 2127 prophetam

1992 2165 2049 2214 ct
2070 2157 2381 2213 Baruchum
2409 2156 2646 2212 scribam
2672 2157 2793 2225 ejus
2820 2154 2888 2209 ad
2921 2151 3250 2222 supplicium
3277 2165 3530 2220 quaerens
3559 2165 3576 2203 ι

1992 2250 2088 2308 sed
2145 2251 2221 2306 illi
2271 2250 2396 2320 iuga
2439 2249 2574 2303 iram
2615 2249 2735 2318 ejus
2776 2246 3143 2302 declinarunt.
3183 2244 3371 2314 Neque
3404 2244 3578 2296 multo

1996 2348 2118 2415 post
2152 2344 2354 2399 bellum
2381 2342 2546 2397 infert
2576 2339 2926 2414 Babylonius,
2956 2349 3012 2394 et
3039 2354 3067 2393 a
3092 2338 3375 2395 Joachimo
3398 2337 3576 2390 otiose

1994 2437 2048 2493 in
2071 2438 2267 2493 urbem
2295 2436 2589 2499 admissus,
2642 2443 2698 2490 et
2720 2434 2920 2490 civium
2962 2437 3232 2502 optimum
3275 2443 3573 2500 quemque.

1993 2538 2050 2588 et
2096 2533 2273 2602 ipsum
2308 2541 2491 2601 regem
2538 2528 2764 2591 occidit,
2795 2535 2852 2582 et
2885 2523 2988 2580 tria
3022 2525 3191 2578 millia
3239 2520 3575 2579 formosissi¢

1994 2639 2209 2679 morum
2262 2622 2476 2693 captiva
2537 2621 2779 2687 abducit,
2842 2619 2986 2674 inter
3037 2631 3175 2688 quos
3231 2624 3286 2671 et
3311 2613 3575 2685 propheta

1993 2712 2247 2771 Ezechiel
2303 2715 2427 2778 fuit,
2484 2710 2644 2786 114
2697 2725 2838 2783 puer
2894 2707 3096 2766 adhuc.
3147 2708 3344 2764 Filium
3389 2714 3576 2761 autem

1992 2810 2139 2880 regis
2173 2806 2471 2869 interfecti,
2503 2807 2595 2878 qui
2630 2815 2687 2862 et
2727 2806 2842 2875 ipse
2888 2799 3207 2860 Joachimus
3252 2798 3575 2859 vocabatur,

1991 2901 2304 2959 Iudaeorum
2331 2915 2513 2969 regem
2548 2898 2803 2968 appellat.
2832 2896 2929 2951 ilic
2965 2895 3091 2950 linis
3119 2891 3387 2950 Joachiml
3428 2889 3526 2944 fuit
3557 2924 3574 2954 ,

1997 3006 2121 3048 cum
2139 2991 2367 3053 vixisset
2388 3004 2560 3044 annos
2577 2988 2798 3059 triginta
2817 3002 2933 3049 sex,
2954 2986 3276 3056 imperasset
3295 2981 3571 3037 undecim.

1994 3082 2061 3138 At
2089 3080 2445 3155 Babylonius,
2480 3079 2690 3134 veritus
2729 3093 2795 3133 ne
2824 3076 2970 3132 illius
2999 3086 3239 3146 paterna:
3262 3072 3428 3127 caedis
3459 3085 3577 3124 me-

316 3176 724 3265 γεγραμμένοις
779 3175 1059 3246 χολωθεὶς,
1098 3179 1234 3248 πυρὶ
1280 3177 1341 3230 τὸ
1373 3178 1715 3252 σύγγραμμα
1749 3200 1887 3237 κατ-

1995 3192 2114 3230 mor
2167 3175 2520 3237 descisceret,
2584 3172 2767 3226 missis
2819 3170 2995 3240 cepiis
3038 3182 3161 3224 eum
3207 3164 3442 3221 obsedit.
3471 3161 3574 3228 Qui

313 3264 586 3338 ῃθάλωσε,
618 3267 711 3320 τὸν
739 3266 795 3320 δὲ
824 3268 1113 3338 προφήτην
1153 3270 1247 3323 καὶ
1269 3265 1486 3342 Βαροῦχ
1513 3272 1604 3325 τὸν
1628 3286 1894 3343 γραμμα-

313 3357 406 3410 τέα
455 3355 628 3410 αὐτοῦ
668 3356 898 3411 κολάσαι
937 3356 1162 3429 ἐζήτει·
1195 3360 1313 3414 ἀλλ’
1362 3363 1410 3415 oi
1469 3362 1569 3432 μὲν
1626 3360 1893 3433 φυγόντες

315 3449 595 3516 ἐξέκλιναν
635 3450 733 3521 τὴν
773 3449 944 3522 ὀργὴν
984 3451 1172 3507 αὐτοῦ.
1221 3451 1359 3508 Μετ’
1404 3453 1466 3508 οὐ
1503 3456 1639 3511 πολὺ
1673 3457 1729 3510 δὲ
1772 3453 1892 3512 κατ’

315 3539 473 3596 αὐτοῦ
509 3541 802 3611 στρατεύει
832 3545 860 3595 ό
894 3543 1258 3605 Βαϐυλώνιος.
1302 3540 1565 3613 Ἰωακεὶμ
1604 3546 1662 3600 δὲ
1714 3549 1893 3620 ἀπρα-

313 3634 526 3709 γμόνως
557 3634 723 3690 αὐτὸν
777 3638 856 3702 είς
887 3637 986 3708 τὴν
1015 3637 1172 3693 πόλιν
1201 3636 1524 3711 εἰσδέχεται.
1598 3637 1658 3696 Ὀ
1684 3641 1741 3696 δὲ
1762 3640 1888 3709 τούς

312 3747 367 3784 τε
398 3731 686 3799 κρείττους
724 3729 835 3782 τῶν
876 3730 1136 3795 πολιτῶν,
1184 3733 1279 3786 καὶ
1331 3733 1497 3787 αὐτὸν
1530 3734 1626 3788 τὸν
1657 3734 1885 3805 βασιλέα

312 3819 594 3889 ἐφόνευσε.
628 3814 979 3889 Τρισχιλίους
1001 3818 1059 3872 δὲ
1097 3821 1223 3882 τοὺς
1246 3820 1570 3884 καλλίστους
1601 3821 1882 3889 αἰχμαλώ-

1995 3280 2120 3323 cum
2152 3267 2344 3322 urbem
2396 3280 2494 3320 sua
2542 3279 2706 3319 causa
2753 3260 3050 3334 periclitari
3110 3258 3302 3322 nollet,
3334 3270 3393 3311 se
3451 3267 3575 3309 cum

1994 3359 2320 3415 necessariis
2350 3373 2418 3412 eo
2446 3366 2606 3427 pacto
2664 3356 2741 3412 illi
2787 3354 2961 3420 dedit,
3007 3363 3066 3407 ut
3096 3366 3199 3405 nec
3228 3348 3423 3404 urbem
3474 3359 3578 3399 nec

1994 3452 2145 3523 ipsos
2174 3452 2446 3507 violaret:
2487 3461 2596 3520 quo
2622 3464 2730 3503 non
2765 3448 2913 3503 stetit
2955 3443 3128 3499 hostis
3172 3459 3187 3496 :
3220 3441 3314 3496 sed
3355 3448 3573 3493 omnem

1995 3545 2194 3615 pubem
2226 3543 2487 3607 civitatis,
2526 3549 2583 3597 et
2629 3539 2867 3596 artiﬁces
2917 3537 2983 3592 ad
3016 3551 3074 3591 se
3112 3530 3344 3605 perduci
3389 3528 3575 3600 jussit,

1994 3651 2231 3708 quorum
2290 3651 2555 3692 numerus
2602 3634 2858 3688 inventus
2905 3638 2990 3686 est
3043 3629 3112 3683 ad
3164 3627 3354 3682 decem
3422 3620 3577 3675 mille

1995 3731 2308 3799 octingenta
2353 3736 2410 3783 et
2440 3725 2660 3797 triginta
2694 3726 2827 3779 duo.
2877 3722 3218 3779 Joachimum
3247 3730 3372 3772 cum
3401 3719 3577 3767 matre

1993 3829 2049 3876 et
2081 3820 2274 3875 amicis
2302 3820 2357 3874 in
2381 3817 2629 3874 custodia
2658 3816 2875 3871 habuit.

309 3923 429 3978 τους
455 3916 774 3984 ἀπήγαγεν,
808 3918 864 3968 ὲν
892 3908 973 3977 οἷς
1000 3909 1068 3985 ἦν
1096 3915 1238 3977 καὶὸ
1271 3916 1562 3987 προφήτης
1601 3909 1886 3985 ’Ῑεζεκιὴλ.
1930 3915 2061 3977 παῖς
2120 3914 2219 3979 ὢν,
2283 3913 2377 3967 τὸν
2420 3908 2478 3967 δὲ
2508 3912 2621 3966 υἱὸν
2645 3911 2739 3964 τοῦ
2768 3907 3095 3966 κτανθέντος
3124 3900 3386 3974 βασιλέως
3423 3899 3575 3951 Ἰωαο

312 4005 433 4074 κεὶμ
456 4003 863 4075 ὀνομαζόμενον
893 4007 985 4058 καὶ
1011 4006 1194 4070 αὐτὸν,
1227 4005 1512 4072 ἀναδείξας
1545 4005 1773 4074 βασιλέα
1828 4007 1927 4075 τῆς
1970 4005 2252 4067 Ἰουδαίας.
2286 4004 2445 4060 Οὕτω
2505 4000 2603 4073 μὲν
2655 4001 2811 4064 τέλος
2854 4001 3014 4069 ἔσχεν
3056 3997 3336 4065 Ἰωακεὶμ,
3387 3995 3574 4047 ἐνιαυ-

310 4099 428 4162 τοὺς
452 4097 659 4169 βιώσας
687 4097 748 4163 ἒξ
768 4098 864 4150 καὶ
882 4097 1197 4170 τριάκοντα,
1230 4096 1635 4167 βασιλεύσαςδὲ
1697 4098 1915 4152 ἕνδεκα.
1967 4099 2026 4152 Ὀ
2089 4098 2148 4152 δὲ
2201 4097 2546 4160 Βαϐυλώνιος
2601 4095 2955 4157 ὑποπτεύσας
3020 4090 3431 4162 μνησικακῆσαι
3482 4087 3575 4141 τὸν

312 4189 417 4242 υίδν
445 4192 683 4255 ἐκείνου,
708 4191 797 4244 διὰ
828 4192 922 4244 τὸν
953 4192 1113 4259 φόνον
1135 4191 1228 4245 τὸν
1261 4190 1353 4244 τοῦ
1389 4191 1615 4262 πατρός,
1676 4193 1771 4246 καὶ
1826 4193 2236 4263 ἀποστατῆσαι,
2294 4191 2522 4262 πέμψας
2550 4189 2860 4260 ἐπολιόρκει
2881 4189 3065 4242 αὐτόν.
3110 4180 3170 4238 Ὃ
3201 4184 3255 4236 δὲ
3296 4183 3370 4253 μὴ
3403 4179 3574 4233 θέλων

312 4282 400 4353 τὴν
432 4285 588 4338 πόλιν
610 4283 680 4339 δι’
702 4283 866 4338 αὑτὸν
903 4285 1270 4348 κινδυνεῦσαι,
1300 4285 1670 4354 παραδίδωσιν
1691 4286 1885 4339 ἑαυτὸν
1924 4288 2018 4340 καὶ
2075 4287 2202 4349 τοὺς
2263 4287 2649 4357 προσήκοντας
2677 4282 2828 4351 αὐτῷ
2853 4284 2964 4344 τοῖς
2993 4279 3298 4349 πολεμίοις,
3328 4278 3422 4330 ἐπὶ
3446 4289 3575 4326 συν·

312 4382 498 4451 θήκαις
528 4384 605 4456 μή
631 4401 684 4437 τι
704 4383 958 4437 κακῶσαι
975 4382 1074 4452 τὴν
1098 4380 1304 4454 πόλινῆ
1337 4382 1566 4448 αὐτούς·
1586 4384 1651 4446 ἃς
1678 4383 1894 4455 παρέϐη
1936 4386 1964 4437 ό
2023 4382 2392 4448 Βαϐυλώνιος,
2451 4380 2717 4444 κελεύσας
2752 4379 2849 4451 τὴν
2879 4380 2936 4431 ὲν
2968 4379 3037 4450 τῇ
3074 4375 3226 4429 πόλει
3252 4375 3435 4426 πᾶσαν
3463 4373 3574 4425 νεό.

309 4492 431 4544 τητα
486 4477 584 4529 καὶ
625 4478 749 4539 τοὺς
777 4474 1028 4545 τεχνίτας
1080 4475 1397 4543 ἀπαγαγεῖν
1428 4476 1564 4547 πρὸς
1604 4475 1790 4541 αὐτὸν,
1837 4475 1887 4529 οἳ
1927 4476 2066 4548 πρὸς
2125 4473 2472 4539 ὀκτακοσίοις
2526 4475 2820 4544 τριάκοντα
2884 4472 2978 4525 δύο
3026 4474 3106 4534 είς
3155 4469 3287 4524 δέκα
3328 4466 3604 4538 χιλιάδας·

311 4567 628 4639 ἠρίθμηντο.
655 4566 761 4619 Τὸν
806 4565 1064 4637 Ἰωακεὶμ
1102 4566 1159 4619 δὲ
1191 4568 1287 4621 καὶ
1320 4566 1419 4639 τὴν
1488 4563 1704 4638 μητέρα
1753 4567 1921 4622 αὑτοῦ
1962 4569 2058 4620 καὶ
2122 4568 2249 4632 τοὺς
2306 4568 2492 4637 φίλους
2544 4565 2839 4636 καθείρξας
2890 4561 3180 4635 ἐφύλαττε,
3225 4562 3399 4633 μῆνας
3425 4560 3574 4632 τρεῖς

312 4661 637 4732 βασιλεύσας
666 4657 764 4711 καὶ
788 4657 1002 4728 ἡμέρας
1040 4656 1196 4712 δέκα.
3519 4649 3529 4657 ’

371 4746 501 4809 KE'.
534 4752 648 4822 Τὴν
677 4750 735 4803 δὲ
779 4749 883 4819 τῆς
921 4748 1286 4822 Ἰερουσαλὴμ
1342 4749 1622 4821 βασιλείαν
1655 4748 1734 4823 τῷ
1781 4750 1876 4805 τοῦ

2054 4748 2222 4806 XXV.
2330 4748 2578 4820 Regnum
2676 4741 3231 4820 Hierosolymitanum
3329 4745 3573 4805 Sedecite

318 4848 574 4914 Ἰωακεὶμ
603 4840 972 4915 πατραδέλφῳ
1012 4838 1090 4915 τῷ
1125 4844 1356 4915 Σεδεκίᾳ
1382 4840 1726 4917 παρέδωκεν,
1751 4846 1884 4916 ὀμό-

1995 4839 2253 4900 ioachimi
2286 4849 2483 4912 patruo
2516 4840 2764 4907 tradidit,
2794 4841 3341 4912 quemjurejurando
3366 4841 3569 4912 adegit,

309 4954 458 4990 σαντι
485 4935 562 5006 μὴ
593 4935 876 5005 εὐνοήσειν
903 4936 1013 4998 τοῖς
1027 4936 1374 5002 Αἰγυπτίοις,
1403 4933 1521 4990 ἀλλ’
1542 4937 1690 5008 αὐτῷ
1714 4935 1888 5009 φυλά-

1995 4952 2055 4991 ne
2087 4936 2334 4993 studeret
2362 4937 2656 5011 IEgyptiis,
2694 4938 2789 4993 sed
2822 4939 3161 5009 provinciam
3213 4938 3314 5009 ipsi
3341 4951 3573 4991 conser~

310 5029 333 5094 ξ
367 5048 412 5083 ιν
442 5032 542 5099 τὴν
569 5026 777 5098 χώραν.
814 5026 873 5080 ’0
900 5025 959 5079 δὲ
989 5025 1105 5089 νέος
1139 5025 1216 5080 ὢν
1250 5029 1460 5095 (εἰκοσι
1493 5029 1604 5098 γὰρ
1632 5030 1730 5082 καὶ
1766 5026 1885 5093 ἐνὸς

1995 5039 2157 5085 varet.
2183 5026 2235 5085 Is
2297 5045 2430 5086 vero
2500 5031 2869 5102 principatum
2922 5030 3174 5102 adeptus,
3250 5029 3572 5084 adolescens

306 5115 367 5191 ἧν
397 5118 535 5172 ἑτῶν
573 5119 662 5172 ὅτε
714 5116 994 5187 παρέλαϐε
1038 5117 1139 5189 τὴν
1183 5118 1398 5189 ἀρχὴν)
1434 5119 1527 5171 καὶ
1565 5116 1885 5189 ὑπερόπτης

1995 5132 2147 5177 natus
2169 5134 2341 5179 annos
2369 5139 2540 5179 unum
2565 5131 2622 5180 et
2644 5122 2860 5192 viginti,
2896 5123 3035 5179 fastu
3067 5125 3265 5185 elatus,
3294 5122 3571 5192 aequitatis

307 5211 397 5265 τοῦ
431 5211 648 5264 δικαίου
673 5225 731 5263 τε
763 5211 859 5263 καὶ
890 5208 984 5262 τοῦ
1017 5204 1248 5274 δέοντος,
1286 5210 1641 5281 παραινοῦντι
1669 5209 1748 5280 τῷ
1781 5206 1881 5263 Ἰε-

1995 5224 2036 5271 et
2056 5214 2218 5270 ollicii
2247 5216 2394 5272 nulla
2418 5217 2630 5274 ratione
2660 5216 2844 5272 habita
2865 5257 2879 5280 ,
2905 5214 3152 5273 Jeremim
3188 5215 3257 5269 ab
3290 5215 3572 5285 impietate

313 5305 474 5375 ρεμίᾳ
502 5303 602 5366 τὶις
633 5301 892 5366 ἀσεϐείας
918 5303 1015 5356 καὶ
1043 5301 1143 5365 τὰς
1166 5302 1516 5373 παρανομίας
1537 5302 1738 5367 λιπεῖν,
1780 5302 1882 5356 οὐκ

1995 5311 2039 5361 et
2075 5307 2290 5377 injuriis
2321 5309 2634 5365 dehortanti
2675 5325 2855 5380 neque
2889 5310 3092 5380 paruit,
3118 5318 3297 5378 neque
3329 5309 3570 5364 credidit
3614 5300 3618 5304 ’

311 5395 577 5462 ἐπείθετο,
608 5394 717 5448 οὐδ’
750 5394 1006 5447 ἐπίστευε
1037 5394 1251 5462 λέγοντι
1284 5393 1385 5458 τὰς
1431 5394 1729 5464 μελλούσας
1757 5395 1877 5446 ἔσε-

1995 5415 2074 5454 3as
2104 5395 2209 5454 sibi
2235 5404 2291 5456 et
2320 5403 2522 5472 populo
2541 5402 2725 5459 clades
2745 5406 3048 5465 imminere,
3075 5418 3210 5472 quas
3235 5406 3290 5456 el.
3314 5401 3567 5460 Ezechiel

315 5488 434 5543 σθαι
484 5488 773 5561 συμφορὰς
806 5487 956 5560 αὐτῷ
997 5504 1056 5540 τε
1087 5489 1181 5542 καὶ
1210 5484 1287 5559 τῷ
1314 5486 1455 5558 λαῷ,
1490 5484 1556 5551 ἃς
1595 5488 1691 5542 καὶ
1715 5486 1872 5550 Ἰεζε-

1995 5491 2263 5566 Babylone
2286 5496 2612 5566 praedicens.
2646 5497 2847 5551 litteris
2878 5495 3162 5551 mandatas
3195 5496 3567 5570 Hierosolyma

1493 5645 1697 5707 Variae
1733 5644 2039 5709 lectiones
2083 5655 2145 5710 et
2194 5656 2387 5711 notua.

353 5770 788 5856 ⁹(69)1ςαέ“τ.ξν;
842 5771 973 5856 eius
1023 5771 1337 5856 :‘Ifmyafwr
1380 5771 1571 5841 αι’-τῆς
1627 5771 1878 5829 ἅλωσιν.

1995 5774 2235 5845 gendum
2282 5773 2425 5831 haud
2482 5773 2648 5831 dubie
2711 5775 2818 5829 ὑπὸ
2857 5777 3160 5845 Χαλδαίων,
3203 5784 3297 5831 aut
3364 5775 3559 5828 ’.ισσυ-

317 5839 461 5915 pium,
492 5851 587 5900 aut
618 5839 996 5896 Βαϐυλωνίων.
1023 5841 1112 5898 W.
