3980 6246
413 304 527 370 219

1728 296 1915 360 ΙΟᾹΝ
1928 296 2054 356 N18
2085 292 2434 357 ZONARJI.

3610 297 3721 363 $20

414 424 659 479 miserat.
692 415 886 474 Neutri
912 424 1099 471 autem
1137 415 1300 471 fidem
1331 414 1606 478 adhibuit.
1655 415 1906 470 fortassis
1931 414 2000 469 ob

2116 412 2231 483 μὴ).
2260 414 2319 466 ὲν
2343 411 2632 467 Βαϐυλῶνι
2665 412 2954 483 προέλεγε,
2974 416 3070 468 καὶ
3093 412 3313 484 γράψας
3343 413 3724 472 ἀπέσταλκεν

414 513 842 569 dissensionem.
866 510 1000 565 Nam
1033 509 1087 562 in
1116 508 1331 563 caeteris
1353 507 1571 577 quidem
1602 508 1998 577 congruebant.

2106 505 2185 566 είς
2219 503 2595 572 Ἱεροσόλυμα.
2666 503 2967 573 Ἢπίστησε
3000 502 3058 558 δὲ
3094 505 3298 573 ἀμφοῖν
3331 507 3458 565 τοῖς
3492 508 3722 575 προφή-

415 609 484 662 de
535 604 762 660 Sedecia
822 611 1003 656 autem
1055 601 1387 654 videbantur
1463 600 1818 669 discrepare,
1874 614 2002 653 cum

2116 612 2227 658 ταις
2249 596 2276 647 6
2304 594 2578 659 Σεδεκίας,
2614 593 2690 659 ὡς
2721 595 2864 665 τάχα
2886 594 3245 666 διαφωνοῦσι.
3281 597 3430 668 Περὶ
3468 599 3576 666 μὲν
3614 598 3723 667 γὰρ

417 697 674 753 Ezechiel
701 712 826 752 eum
858 694 1188 765 Babylonem
1224 709 1333 747 non
1369 692 1615 746 visurum
1643 691 2002 761 praedixisset,

418 790 686 845 Jeremias
763 788 1043 857 captivum
1136 785 1437 840 abductum
1525 783 1591 837 iri
1677 780 1915 854 Babylon
1952 799 2004 837 m

2104 687 2215 741 τῶν
2267 688 2447 744 ἄλλων
2507 687 2874 758 συνεφώνουν,
2934 689 3066 759 περὶ
3126 689 3183 742 δὲ
3242 690 3417 742 αὐτοῦ
3454 691 3722 745 Σεδεκίου

2109 782 2328 836 ἐδόκουν
2360 779 2762 839 ἐναντιοῦσθαι.
2806 782 3069 855 Ἰεζεκιὴλ
3098 784 3197 854 μὲν
3223 784 3332 856 γὰρ
3367 784 3456 854 μὴ
3484 783 3720 853 ὄψεσθαι

420 882 832 938 vaticinaretur.
870 879 976 933 Sed
997 887 1054 934 et
1072 878 1159 932 illa
1176 878 1320 932 inter
1332 892 1389 932 se
1409 875 1858 931 consentiebant:
1878 891 2006 928 nam

2116 875 2209 947 τὴν
2232 875 2530 930 Βαϐυλῶνα
2550 875 2715 929 αὑτὸν
2752 876 3153 947 προεφήτευεν,
3197 877 3488 948 Ἱερεμίας
3537 878 3597 932 δὲ
3635 879 3721 931 δέ-

423 983 658 1033 οιθοειυε
687 973 740 1027 in
776 970 983 1032 Judtea,
1008 979 1064 1023 ct
1081 968 1335 1039 cap=ivus
1363 968 1633 1024 abductus
1671 967 2006 1039 Babylonem

423 1084 535 1123 non
566 1066 725 1121 \idit.
774 1065 877 1120 Hic
909 1061 1167 1118 Sedecias
1203 1059 1518 1131 Babyloniis
1547 1075 1645 1129 per
1684 1069 1809 1115 octo
1835 1075 2009 1115 annos

425 1169 641 1215 servata
661 1157 767 1212 fide
780 1159 848 1211 ad
863 1154 1148 1226 Egyptios
1178 1151 1482 1209 inclinavit.
1503 1151 1617 1217 Qua
1639 1150 1705 1206 de
1723 1166 1885 1205 causa
1900 1150 2010 1205 Na-

423 1244 1494 1317 buchodonosorllierosolymaobscdit,
1526 1244 1831 1316 proﬂigatis
1858 1244 2012 1314 prius

424 1338 715 1412 )Egyptiis,
735 1339 830 1408 qui
853 1337 1351 1406 Judaeissuppetias
1372 1334 1666 1391 veniebant
1687 1353 1700 1390 :
1724 1350 1862 1405 quos
1878 1333 2008 1389 dum

427 1443 876 1504 persequeretur,
933 1429 1206 1500 negabant
1266 1427 1761 1499 pseudopropheta:
1823 1427 2012 1483 hostes

430 1525 621 1581 urbem
657 1536 820 1595 porro
842 1523 1184 1579 obsessuros.
1213 1520 1480 1576 Jercmias
1499 1530 1713 1582 contra,
1731 1527 1787 1574 et
1810 1518 2014 1573 reditu-

431 1634 541 1679 ros.
573 1626 910 1686 etcapturos
946 1617 1160 1677 urbem.
1211 1624 1263 1671 et
1284 1629 1578 1670 eversuros
1604 1612 1929 1679 aﬂirmabat,
1956 1620 2012 1669 et

428 1709 694 1779 templum
724 1708 1069 1772 incensuros,
1100 1717 1156 1762 et
1180 1706 1365 1777 populi
1396 1705 1660 1775 reliquias
1685 1704 1741 1759 in
1770 1703 2010 1775 captivi-

429 1774 596 1856 tatem
640 1801 1001 1863 abducturos.
1043 1800 1136 1855 ubi
1174 1774 1479 1855 serviturus
1520 1774 1669 1855 esset
1700 1774 1878 1854 annos
1919 1811 2011 1852 se-
2046 1774 2085 1831 Β

429 1894 734 1967 pluaginta,
763 1894 938 1950 donec
960 1895 1139 1950 Persae
1160 1892 1356 1949 etllIedi
1379 1890 1803 1963 Babyloniorum
1837 1889 2013 1961 impe-

433 1994 575 2049 rium
609 1992 1014 2048 destruxissent
1035 2011 1048 2047 :
1069 2006 1133 2046 ac
1152 2000 1266 2045 tum
1296 1989 1521 2045 demum
1552 1986 2011 2060 captivosdimis-

429 2101 552 2142 sum
605 2085 694 2149 iri,
722 2095 782 2140 et
825 2084 1088 2155 templum
1141 2093 1308 2153 atque
1359 2081 1552 2138 urbem
1584 2079 2010 2135 instauraturos.

428 2175 723 2232 Jeremiam
759 2176 873 2230 brec
912 2183 1320 2231 asseverantem
1367 2188 1463 2228 rex
1504 2180 1561 2229 et
1607 2172 1773 2233 aulici
1822 2177 2016 2242 proceo

434 2283 523 2321 rcs
580 2266 737 2337 115
783 2266 1219 2323 subsannabant.
1270 2265 1377 2334 Qui
1439 2280 1566 2322 eum
1613 2264 1912 2336 aliquando
1958 2265 2015 2319 in

433 2359 667 2429 patriam
728 2357 1065 2415 Anathotam
1108 2356 1254 2426 iret,
1302 2357 1360 2413 in
1400 2356 1544 2414 vina
1588 2358 1839 2429 principe
1877 2373 2016 2428 quo-

435 2451 561 2506 dam
591 2465 692 2520 pro
728 2450 1010 2523 transfuga
1050 2449 1516 2520 comprehensus,
1560 2451 1629 2506 ad
1665 2449 2017 2522 magistratus

436 2540 601 2596 addut
621 2541 773 2596 itur:
815 2555 846 2595 a
887 2541 1093 2611 quibus
1130 2540 1512 2606 excruciatus,
1558 2540 1626 2598 ad
1681 2540 2016 2612 supplicium

437 2634 843 2690 asservabatur.
890 2635 1051 2689 Anno
1106 2633 1260 2705 regni
1314 2632 1559 2690 Sedecire
1612 2650 1783 2701 nono,
1825 2650 2018 2691 secun-

436 2724 568 2780 dum
598 2726 913 2798 aggreditur
954 2727 1334 2799 Hierosolyma
1360 2724 1692 2796 Babylonius
1732 2744 1746 2783 :
1780 2743 2016 2799 cumque

439 2814 633 2870 urbem
698 2828 915 2868 menses
966 2813 1273 2870 octodecim
1326 2814 1614 2872 obsidione
1675 2818 2013 2887 pressisset,

438 2909 509 2964 ad
542 2907 798 2964 hostilem
838 2915 1045 2963 metum
1084 2906 1257 2964 fames
1288 2918 1344 2964 et
1374 2909 1545 2980 pestis
1587 2911 1839 2967 accessit.
1876 2912 2016 2968 Tum

433 3001 702 3059 Jeremias
748 3002 803 3056 in
854 3017 1077 3059 carcere
1120 3001 1531 3059 multitudinem
1581 3004 1925 3072 adhortatur,
1957 3016 2019 3062 ut

2112 984 2272 1038 σμιον
2303 968 2465 1021 αὑτὸν
2491 968 2812 1039 ἀπαχθῆναι
2861 969 3000 1038 πρὸς
3040 968 3340 1023 Βαϐυλῶνα
3408 971 3720 1039 προέλεγε.

2110 1057 2330 1129 Συνῳδα
2356 1058 2412 1111 δὲ
2436 1060 2550 1123 τοῖς
2579 1058 2895 1130 προφήταις
2918 1059 3015 1113 καὶ
3038 1059 3108 1113 τὰ
3134 1061 3265 1131 περὶ
3288 1062 3502 1116 τούτου
3527 1065 3721 1134 προεί-

2113 1165 2313 1221 ρηντο’
2369 1148 2675 1219 τυφλωθεὶς
2717 1152 2822 1223 γὰρ
2885 1153 2945 1205 ὲν
3002 1152 3256 1226 Ἰουδαία,
3314 1155 3416 1207 καὶ
3486 1155 3722 1225 δέσμιος

2110 1243 2403 1314 ἀπαχθεὶς,
2429 1243 2529 1314 τὴν
2557 1243 2856 1298 Βαϐυλῶνα
2885 1244 2988 1298 οὐκ
3016 1244 3301 1300 ἐθεάσατο.
3341 1240 3532 1310 Οὗτος
3564 1250 3593 1301 6
3624 1249 3720 1301 Σε-

2110 1336 2296 1399 δεκίας
2352 1336 2447 1391 ἐπὶ
2483 1334 2578 1408 ἔτη
2609 1335 2757 1392 ὀκτὼ
2803 1338 3053 1409 τηρήσας
3087 1338 3185 1407 τὴν
3213 1339 3404 1393 πίστιν
3432 1339 3547 1408 τὴν
3582 1340 3721 1410 πρὸς

2112 1428 2203 1482 τὸν
2258 1427 2624 1495 Βαϐυλώνιον,
2689 1428 2828 1500 πρὸς
2873 1424 3006 1494 τοὺς
3032 1431 3370 1499 Αἰγυπτίους
3415 1432 3715 1488 ἀπέκλινε.

2112 1521 2205 1575 Διὸ
2238 1522 2631 1592 στρατεύσαςὸ
2680 1522 3179 1595 Ναϐουχοδονόσορ,
3233 1522 3571 1596 ἐπολιόρκει
3619 1524 3719 1594 τὴν

2127 1613 2505 1686 Ἰερουσαλήμ.
2561 1616 2684 1671 Τῶν
2729 1617 2775 1670 δ’
2842 1617 3161 1685 Αἰγυπτίων
3220 1616 3301 1681 είς
3373 1617 3716 1687 συμμαχίαν
3789 1673 3796 1680 ,

2114 1710 2363 1780 ἡκόντων
2394 1712 2510 1776 τοῖς
2532 1708 2836 1777 Ἰουδαίοις,
2871 1713 3303 1785 προῦπαντήσας
3331 1714 3534 1782 σφίσιν
3560 1717 3589 1767 6
3613 1713 3718 1767 Ba-

2116 1800 2404 1869 ϐυλώνιος,
2462 1803 2558 1857 καί
2597 1802 2944 1874 τρεψάμενος
3004 1805 3205 1870 αὐτοὺς
3258 1804 3484 1859 διώκει.
3551 1808 3617 1861 Ol
3660 1807 3713 1861 δὲ

2114 1895 2582 1970 ψευδοπροφῆται,
2604 1898 2805 1969 μηκέτι
2833 1899 2959 1962 τοὺς
2983 1900 3281 1969 πολεμίους
3309 1900 3714 1971 πολιορκήσειν

2115 1988 2315 2055 αὐτοὺς
2376 1989 2601 2060 ελεγον·
2662 1989 2941 2063 Ἱερεμίας
2978 1993 3057 2058 δὲ,
3094 1992 3191 2048 καὶ
3225 1993 3587 2065 ὑποστρέψαι
3617 1995 3714 2049 αὐ-

2114 2082 2265 2147 τοὺς,
2322 2083 2418 2139 καὶ
2442 2082 2545 2155 τὴν
2572 2083 2732 2138 πόλιν
2764 2085 3013 2155 αίρήσενιν
3056 2085 3150 2138 καὶ
3169 2086 3588 2156 κατασκάψειν,
3622 2086 3713 2138 καὶ

2116 2173 2207 2228 τὸν
2258 2174 2388 2228 ναὸν
2417 2174 2766 2246 ἐμπρήσειν,
2808 2178 2905 2230 καὶ
2958 2176 3049 2229 τὸν
3100 2176 3229 2232 λαὸν
3258 2176 3353 2230 τὸν
3379 2179 3531 2239 τέως
3559 2193 3712 2247 περι-

2116 2263 2549 2337 λειφθησόμενον
2603 2264 2840 2331 ἀπάξειν
2911 2268 3254 2338 προηγόρευε
3318 2267 3709 2340 δορυάλωτον,

2116 2356 2203 2412 ἐπ’
2253 2358 2351 2431 ἐτη
2378 2358 2738 2414 δουλεύσοντα
2770 2358 3183 2429 ἑϐδομήκοντα,
3228 2360 3431 2430 μέχρις
3484 2355 3549 2415 οὗ
3576 2362 3705 2432 Πέρο

2119 2469 2207 2506 σαι
2266 2453 2362 2511 καὶ
2435 2452 2611 2523 Μῆδοι
2673 2452 2771 2523 τὴν
2849 2451 3212 2513 Βαϐυλωνίων
3277 2453 3468 2524 ἀρχὴν
3539 2469 3696 2506 κατα-

2116 2544 2359 2600 λύσουσι.
2425 2544 2560 2598 Τότε
2604 2544 2664 2598 δὲ
2721 2542 2956 2613 λυθῆναι
3005 2546 3105 2617 τῆς
3162 2544 3562 2614 αἰχμαλωσίας
3618 2545 3709 2599 αὑ·

2116 2638 2282 2705 τοὺς,
2345 2635 2574 2691 καὶτὸν
2606 2637 2735 2690 ναὸν
2797 2632 2957 2699 αὖθις
3027 2636 3121 2691 καὶ
3185 2636 3285 2709 τὴν
3347 2637 3514 2689 πόλιν
3561 2637 3707 2691 ἀνοι-

2117 2731 2442 2800 κοδομῆσαι.
2512 2728 2681 2783 Ταῦτ’
2754 2729 2943 2799 ἔλεγεν
3021 2730 3313 2801 Ἱερεμίας.
3398 2731 3462 2784 '0
3511 2730 3570 2783 δὲ
3614 2731 3707 2794 βα-

2118 2822 2300 2887 σιλεὺς
2378 2823 2473 2877 καὶ
2542 2824 2591 2876 ot
2654 2823 2782 2893 περὶ
2851 2821 3015 2877 αὑτὸν
3076 2806 3200 2886 τοὺς
3244 2822 3461 2889 ’λόγους
3536 2819 3702 2877 αὐτοῦ

2117 2913 2508 2986 ὲμυκτήριζον.
2525 2914 2768 2968 Ἀπιόντι
2795 2912 2852 2968 δὲ
2879 2912 2958 2986 τῷ
2980 2915 3239 2988 προφήτῃ
3269 2915 3411 2986 πρὸς
3462 2911 3702 2968 Ἀναθὼθ

2117 3008 2217 3080 τὴν
2270 3007 2526 3080 πατρίδα,
2569 3007 2909 3079 συναντήσας
2969 3025 3052 3071 τις
3095 3006 3205 3061 τῶν
3251 3008 3562 3079 ἀρχόντων,
3614 3003 3703 3060 καὶ

434 3087 794 3161 Babylonium
828 3092 1135 3162 recipiant,
1167 3090 1248 3147 sic
1285 3092 1402 3148 fore
1438 3092 1778 3161 incolumes,
1810 3097 2012 3170 alioqui

2128 3100 2438 3172 κατασχὼν,
2487 3100 2563 3163 ὡς
2600 3098 2898 3171 αὐτόμολον
2934 3100 3111 3172 ήγαγε
3154 3098 3292 3172 πρὸς
3327 3102 3460 3164 τοὺς
3509 3099 3704 3168 ἄρχον-

434 3182 521 3237 vel
582 3181 725 3237 fame
793 3183 878 3238 vel
939 3182 1119 3253 gladio
1170 3184 1447 3253 perituros
1489 3203 1503 3241 :
1544 3188 1640 3258 qui
1699 3196 1882 3246 autem
1946 3191 2018 3248 ad

438 3272 627 3328 hostes
682 3273 1012 3339 transisset,
1072 3282 1305 3330 mortem
1362 3276 1686 3335 vitaturum.
1743 3279 2018 3341 Caeterum

435 3364 717 3435 prophetat
786 3365 951 3420 fidem
1033 3365 1276 3423 habebat
1344 3384 1552 3437 nemo;
1629 3371 1799 3430 duces
1849 3377 2016 3433 etiam

436 3471 620 3528 regem
660 3468 852 3514 contra
898 3475 1027 3515 eum
1077 3460 1413 3530 instigabant
1443 3481 1458 3519 :
1487 3466 1582 3535 qui
1630 3469 1862 3539 tempori
1897 3485 2019 3526 ser-

436 3552 627 3615 viens,
662 3567 790 3607 eum
839 3552 951 3609 illis
976 3554 1173 3617 tradit,
1205 3564 1267 3610 ut
1296 3571 1396 3613 suo
1423 3557 1694 3615 arbitratu
1731 3568 1968 3618 tractent
1998 3579 2014 3618 :

433 3658 600 3713 quem
651 3643 729 3700 illi
778 3645 833 3700 in
878 3647 1058 3701 lacum
1101 3662 1387 3707 caenosum
1441 3652 1814 3725 coniecerunt.
1862 3655 2018 3713 Unde

435 3736 694 3793 Sedecias
740 3748 1047 3794 extractum
1087 3749 1144 3795 et
1183 3741 1325 3797 clam
1383 3746 1711 3802 accersitum
1782 3746 2019 3804 interro-

431 3839 544 3900 gat,
577 3830 709 3900 quid
754 3830 824 3887 de
861 3833 1188 3904 urgentibus
1222 3834 1384 3891 malis
1428 3837 1712 3895 sentiret?
1742 3839 2018 3911 Propheta

434 3924 625 3980 urbem
692 3924 992 3997 Babylonio
1058 3926 1361 3984 dedendam
1433 3939 1623 3988 censet
1651 3972 1666 3996 ,
1716 3948 2017 4005 regemque

433 4023 644 4070 metum
686 4016 841 4073 exitii
895 4027 1210 4074 causantem
1255 4018 1587 4086 conﬁrmat,
1630 4023 1677 4077 si
1720 4023 2010 4093 obtempe-

436 4116 649 4173 rasset,
685 4107 824 4162 nihil
870 4108 922 4163 ei
963 4124 1128 4179 grave
1161 4119 1491 4165 eventurum
1536 4130 1549 4166 :
1587 4113 1774 4184 itaque
1827 4114 2017 4171 dimit-

436 4197 590 4253 titur.
645 4198 716 4255 At
768 4198 1103 4271 Babylonius
1147 4215 1344 4272 magna
1390 4202 1444 4257 vi
1499 4202 1692 4259 urbem
1747 4206 2014 4271 adortus,

434 4291 730 4347 undecimo
789 4292 939 4363 regni
980 4291 1223 4349 Sedeciaa
1269 4308 1417 4349 anno
1455 4293 1622 4365 capit.
1667 4294 1925 4353 Sedecias
1949 4314 2017 4352 ex

436 4384 573 4439 urbe
603 4383 817 4455 fugiens
842 4423 857 4448 ,
885 4383 955 4438 ab
980 4384 1236 4440 hostibus
1277 4400 1402 4441 cum
1432 4385 1623 4442 liberis
1654 4396 1711 4443 et
1750 4389 2015 4447 uxoribus

431 4475 672 4544 capitur,
717 4488 748 4528 a
800 4472 915 4529 suis
965 4472 1202 4529 ducibus
1247 4483 1303 4530 et
1336 4476 1572 4542 amicis,
1601 4478 1726 4534 aliis
1767 4478 1878 4534 alio
1931 4480 2016 4534 di-
2050 4475 2092 4528 D

433 4568 644 4639 lapsis,
704 4566 1027 4622 destitutus.
1082 4566 1414 4638 Babylonius
1485 4569 1553 4624 ad
1616 4586 1674 4625 se
1738 4572 2008 4641 perducto

433 4662 711 4731 ingratum
757 4659 1003 4714 animum
1032 4667 1088 4716 et
1126 4660 1409 4730 perfidiam
1443 4661 1776 4732 exprobrat,
1806 4663 2012 4720 liberos

431 4761 599 4823 atque
647 4752 857 4806 amicos
907 4752 964 4806 in
1014 4751 1134 4823 eius
1183 4760 1481 4822 conSpectu
1531 4753 1771 4824 iugulari
1811 4754 2009 4824 jubet,

433 4847 616 4919 ipsum
646 4844 866 4902 effossis
915 4844 1093 4900 oculis
1122 4845 1365 4899 vinctum
1399 4845 1727 4917 Babylonem
1760 4846 2010 4903 adducit.

433 4938 573 4995 Tum
626 4938 847 4994 demum
901 4938 1102 5003 sensit,
1150 4946 1443 5007 utrumque
1484 4939 1807 5009 prophetam
1843 4940 2011 4997 fuisse

431 5048 708 5090 veracem.
776 5030 877 5087 llic
924 5040 1235 5102 postremus
1295 5029 1400 5085 fuit
1463 5030 1685 5087 familia:
1736 5034 2009 5090 Davidicae

434 5142 648 5199 regum,
676 5125 771 5195 qui
807 5138 1039 5179 numero
1071 5122 1268 5194 viginti
1300 5138 1443 5178 unus
1474 5123 1693 5179 fuerant
1726 5125 1967 5181 universi
1994 5145 2007 5182 :

431 5221 672 5290 elapsis,
710 5234 779 5273 ex
799 5234 910 5289 quo
950 5215 1079 5271 Saul
1122 5231 1350 5287 regnum
1381 5216 1620 5284 inierat,
1662 5219 1821 5274 annis
1849 5221 2014 5289 quin.

432 5313 613 5385 gentis
667 5320 723 5366 et
778 5307 1232 5380 quatuordecim,
1279 5308 1561 5365 mensibus
1631 5325 1765 5377 sex,
1815 5311 2013 5366 diebus

433 5406 732 5465 sexdecim.
762 5402 1123 5461 Nabuzardan
1150 5401 1702 5459 Nabuchodonosoris
1753 5403 2013 5474 magister

434 5513 780 5571 coquorum,
825 5496 982 5568 jussu
1067 5495 1210 5566 regis
1265 5503 1322 5550 et
1372 5496 1635 5567 templum
1697 5503 1755 5550 et
1804 5496 2011 5566 regiam

435 5590 723 5656 incendit,
766 5599 824 5645 et
872 5587 1064 5645 urbem
1117 5588 1352 5652 evertit,
1385 5588 1537 5642 omni
1581 5595 1780 5642 ornatu
1823 5587 2011 5655 templi

434 5683 690 5755 spoliato.
738 5681 1052 5739 Crematum
1101 5686 1187 5736 est
1239 5679 1504 5749 templum
1550 5692 1697 5732 anno
1744 5676 2013 5747 quadrin-

432 5781 739 5850 gentesimo
777 5774 1203 5851 septuagesimo,
1240 5788 1427 5831 mense
1466 5780 1641 5840 sexto,
1672 5770 1762 5828 die
1796 5770 2013 5827 decimo

2118 3212 2238 3261 ταςο
2272 3194 2322 3249 οἳ
2351 3194 2701 3265 αἰκισάμενοι
2722 3192 2887 3248 αὐτὸν
2910 3193 3139 3263 ἐτήρουν
3164 3194 3245 3256 είς
3265 3192 3517 3246 κόλασιν.
3551 3188 3704 3244 Κατὰ

2117 3287 2177 3342 δὲ
2217 3292 2278 3342 τδ
2316 3287 2537 3343 ἔννατον
2589 3286 2708 3350 έτος
2741 3287 2842 3357 τῆς
2878 3284 3155 3356 βασιλείας
3190 3286 3478 3349 Σεδεκίου,
3530 3285 3702 3338 ἔπεισι

2117 3382 2178 3436 τὸ
2209 3381 2462 3453 δεύτερον
2492 3379 2635 3436 κατά
2669 3378 2780 3436 τῶν
2835 3379 3226 3453 Ἱεροσολύμων
3263 3381 3291 3433 6
3328 3377 3697 3442 Βαϐυλώνιος·

2119 3476 2213 3529 καὶ
2257 3474 2455 3545 ἐφ’ἓνα
2486 3473 2627 3545 πρὸς
2659 3472 2738 3543 τῷ
2768 3472 2958 3544 ἡμίσει
2985 3471 3253 3536 ἐνιαυτὸν,
3293 3471 3577 3543 κραταιῶς
3609 3470 3703 3539 τὴν

2118 3567 2274 3621 πόλιν
2314 3566 2617 3638 πολιορκεῖ.
2657 3554 2741 3637 Τῇ
2784 3564 2842 3618 δὲ
2889 3564 3185 3635 πολιορκίᾳ
3229 3564 3326 3617 καλ¹
3372 3563 3534 3635 λιμὸς
3578 3578 3698 3615 συν-

2116 3654 2342 3729 ηνέχθη,
2391 3654 2486 3709 καὶ
2526 3652 2623 3707 ἐπὶ
2666 3653 2894 3718 τούτους
2938 3653 3148 3722 λοιμός.
3198 3651 3473 3725 Ἱερεμίας
3510 3651 3568 3705 δὲ
3610 3649 3700 3703 καὶ

2118 3747 2515 3819 καθειργμένος
2558 3746 2814 3812 δέξασθαι
2865 3746 2958 3800 τὸν
3004 3744 3350 3798 Βαϐυλώνιον
3399 3743 3698 3817 παρεκάλει

2117 3838 2177 3892 τὸ
2204 3838 2429 3908 πλῆθος*
2465 3836 2812 3908 σωθήσεσθαι
2841 3836 2951 3905 γὰρ
2981 3834 3145 3889 οὕτω
3181 3837 3230 3888 εί
3266 3833 3412 3901 δὀὒ,
3444 3835 3700 3906 μένοντας

2118 3928 2437 3983 ἀπολεῖσθαι
2488 3929 2522 3999 ἣ
2569 3927 2713 3999 λιμῷ
2758 3927 2790 3999 ἢ
2842 3928 3088 3999 μαχαίρᾳ
3115 3943 3129 3957 ⁸
3164 3928 3212 3980 εί
3241 3926 3297 3980 δέ
3325 3944 3414 3991 τις
3454 3941 3699 3997 προσχω-

2121 4022 2280 4092 ρήσει
2298 4024 2410 4083 τοϊς
2428 4019 2726 4090 πολεμίοις,
2746 4020 2837 4074 τὸν
2854 4020 3105 4082 θάνατον,
3132 4019 3309 4086 ἔλεγε,
3328 4018 3695 4088 διαφεύξεται.

2118 4111 2308 4167 Οὐδενὶ
2335 4118 2523 4182 μέντοι
2567 4112 2756 4175 πιστὸς
2785 4113 2813 4164 6
2840 4114 3131 4184 προφήτης
3158 4110 3459 4180 λελόγιστο.
3493 4111 3556 4167 Οἱ
3580 4108 3622 4162 δ’
3642 4108 3698 4176 ἠ·

2117 4205 2348 4276 γεμόνες
2374 4206 2472 4259 καὶ
2506 4204 2907 4276 προσηρέθιζον
2932 4204 3054 4258 κατ’
3093 4205 3303 4257 ἐκείνου
3334 4207 3425 4257 τὸν
3458 4199 3692 4274 βασιλέα.

2133 4299 2191 4352 '0
2224 4297 2279 4351 δὲ
2320 4297 2410 4352 διὰ
2454 4296 2547 4350 τὸν
2584 4295 2779 4367 καιρὸν
2824 4296 3022 4359 αὐτοὺς
3070 4294 3412 4365 θεραπεύων,
3439 4292 3696 4345 ἐνέδωκεν

2119 4390 2317 4454 αὐτοὺς
2364 4387 2675 4461 χρήσασθαι
2719 4386 2798 4457 τῷ
2842 4388 3098 4458 προφήτῃ
3129 4387 3205 4449 ὡς
3239 4385 3542 4456 βούλονται.
3590 4380 3687 4434 Κάν

2119 4484 2288 4536 κεῖνοι
2329 4481 2494 4535 αὐτὸν
2535 4482 2616 4545 είς
2650 4480 2854 4534 λάκκον
2890 4478 3202 4549 βορϐορώδη
3236 4477 3512 4531 ἐνέϐαλον.
3550 4472 3679 4526 Σεδε

2121 4577 2244 4638 κίας
2286 4576 2342 4629 δὲ
2384 4575 2545 4628 τοῦτο
2593 4573 2807 4644 μαθὼν,
2838 4571 3240 4642 ἀνελκυσθῆναι
3271 4569 3435 4623 αὑτὸν
3467 4552 3692 4621 ’ἐκεῖθεν

2121 4670 2373 4722 ἐκέλευσε
2396 4685 2409 4699 ο
2458 4668 2552 4722 καὶ
2586 4667 2762 4738 λάθρα
2794 4666 3049 4728 καλέσας,
3097 4666 3263 4735 ήρετο
3297 4664 3349 4717 τί
3390 4678 3525 4732 φησι
3561 4657 3692 4726 πρὸς

2119 4762 2188 4815 τὰ
2234 4762 2480 4830 παρόντα
2534 4760 2720 4825 δεινάς
2767 4758 2826 4813 '0
2891 4759 2950 4811 δὲ
3004 4755 3343 4828 παραδοῦναι
3392 4754 3491 4826 τὴν
3544 4749 3689 4804 πόλιν

2121 4851 2472 4905 συνεϐούλευε
2517 4848 2595 4922 τῷ
2642 4848 2989 4917 Βαϐυλωνίῳ.
3048 4844 3303 4907 Σεδεκίας
3354 4845 3410 4897 δὲ
3467 4839 3688 4896 δεδιέναι

2119 4942 2273 5011 ἔλεγε
2306 4943 2379 5013 μὴ
2419 4941 2701 5013 ἀναιρεθῇ.
2741 4939 2801 4994 '0
2841 4940 2897 4992 δὲ
2943 4941 3230 5009 προφήτης
3266 4936 3478 4999 οὐδενὸς
3532 4928 3687 4983 αὐτὴν

2119 5035 2262 5090 οὕτω
2330 5034 2587 5088 ποιοῦντα
2638 5031 3074 5103 πειραθήσεσθαι
3143 5028 3438 5100 δυσχεροῦς
3491 5019 3687 5091 ἰσχυρί-

2121 5128 2263 5193 ζετο,
2309 5128 2413 5180 Τὸν
2465 5125 2566 5198 μὲν
2613 5124 2706 5178 οὖν
2747 5126 2776 5178 6
2814 5124 3071 5194 βασιλεὺς
3112 5123 3406 5177 ἀπέλυσεν.
3450 5119 3509 5172 '0
3542 5115 3596 5169 δέ
3626 5126 3683 5177 γε

2121 5218 2461 5281 Βαϐυλώνιος
2524 5216 2835 5287 ἐπολιόρκει
2892 5214 2993 5284 τὴν
3050 5214 3206 5267 πόλιν
3263 5212 3399 5284 μετά
3456 5202 3683 5275 σφοδρᾶς

2120 5314 2440 5377 ἐπιθέσεως,
2486 5312 2582 5366 καὶ
2627 5307 2738 5364 εἷλε
2783 5309 2987 5380 ταύτην
3020 5308 3098 5375 τῷ
3144 5307 3419 5375 ἑνδεκάτῳ
3461 5291 3681 5364 ἐνιαυτῷ

2119 5405 2219 5472 τῆς
2263 5404 2436 5476 ἀρχῆς
2475 5400 2750 5456 Σεδεκίου.
2792 5399 3049 5462 Σεδεκίας
3095 5396 3154 5452 δὲ
3204 5396 3343 5468 μετὰ
3371 5394 3476 5448 τῶν
3505 5400 3681 5476 γυναι-

2122 5495 2255 5561 κῶν,
2310 5495 2406 5549 καὶ
2448 5495 2557 5547 τῶν
2588 5493 2821 5560 τέκνων,
2872 5493 2965 5547 καὶ
2998 5491 3106 5545 τῶν
3155 5489 3559 5560 προσηκόντων,
3592 5475 3676 5532 καὶ

2121 5586 2230 5640 τῶν
2264 5585 2434 5655 φίλων
2477 5585 2706 5654 ἔφευγεν
2737 5587 2804 5639 ἐκ
2830 5584 2931 5653 τῆς
2962 5583 3193 5645 πόλεως.
3227 5582 3291 5635 Oi
3341 5581 3396 5633 δὲ
3443 5573 3676 5655 πολέμιοι

2123 5677 2454 5741 κατεδίωξαν
2499 5677 2683 5742 αὐτὸν,
2742 5676 2837 5730 καὶ
2880 5674 3187 5729 κατέλαϐον
3243 5670 3566 5743 μονωθέντα.
3615 5654 3673 5710 οι

2121 5768 2232 5841 γὰρ
2282 5767 2572 5841 ἡγεμόνες,
2622 5766 2716 5823 καὶ
2774 5767 2822 5821 ot
2876 5766 3021 5838 φίλοι
3075 5764 3243 5820 αὐτοῦ
3297 5760 3670 5831 διεσπάρησανο
