3980 6246
136 242 225 306 Ξῖό
1375 240 1696 300 ΛΝΝΑΗΙ

1830 243 1976 305 LIB.
2023 244 2133 306 lll.

3266 251 3374 314 ἓξὲίί

137 362 343 412 δίαιταν.
383 359 658 429 Τέσσαρες
700 357 755 410 δὲ
800 357 907 409 τῶν
957 355 1163 409 παίδων
1199 350 1340 426 ἦσαν
1371 357 1434 408 ὲκ
1473 356 1567 409 τοῦ
1595 355 1695 428 βα·-

1800 357 2018 429 generis
2047 402 2059 423 ,
2101 368 2156 412 et
2183 356 2354 412 forma
2397 367 2451 411 et
2487 357 2721 428 ingeniis
2752 371 3101 432 prr-stantes,
3138 377 3372 432 quorum

137 450 317 504 σιλικοῦ
353 450 639 520 γεγονότες
675 452 889 519 γένους,
913 450 1070 503 καλοὶ
1102 449 1200 512 τὰς
1232 449 1404 521 ὄψεις,
1437 453 1530 504 καὶ
1556 453 1690 520 ἁγα-

135 541 321 604 θοὶτὰς
360 541 587 611 φύσειςο
649 538 724 596 ὢν
774 542 865 592 τὸν
925 540 1022 610 μὲν
1078 540 1277 611 Δανιὴλ
1329 541 1688 612 καλούμενον,

136 635 398 706 Βαλτάσαρ
429 637 457 688 6
489 632 832 697 Βαϐυλώνιος
884 633 1240 703 μετωνόμασε
1260 650 1273 663 ’
1310 634 1402 686 τὸν
1449 634 1506 690 δὲ
1532 634 1693 688 Ἀνα-

133 726 236 778 νίαν
269 725 656 795 ὠνομασμένον
704 725 912 797 Σεδράχ
937 741 950 754 ⁶
1006 724 1226 795 Μισαὴλ
1266 725 1323 778 δὲ
1363 726 1452 778 τὸν
1501 725 1693 798 ἕτερον

133 817 448 886 κεκλημένον
495 819 718 870 Μισὰκο
751 817 844 870 καὶ
871 818 960 868 τὸν
991 816 1477 887 λοιπὸνἈζαρίαν,
1511 819 1696 872 31665-

136 909 268 975 ναγὼ
295 925 308 938 ·
344 907 438 971 οὓς
471 908 565 962 καὶ
613 907 722 961 τῶν
771 908 947 961 ἄλλων
995 903 1130 978 ¹ἷῆγεν
1182 910 1590 980 ἐντιμοτέρους,
1626 911 1694 965 δι’

135 1001 343 1070 εὐφυΐαν
393 999 489 1053 ἐπὶ
543 1000 706 1072 σοφία
740 1000 1169 1070 προκόπτοντας.
1225 995 1388 1054 Οὗτοι
1438 1003 1620 1058 τοίνυν
1645 1005 1693 1056 οἱ

133 1093 325 1145 νεανίαι
346 1089 442 1144 τοῦ
473 1091 818 1159 προεστῶτος
847 1092 1026 1144 αὐτῶν
1060 1091 1315 1167 εὐνούχου
1352 1093 1580 1160 ἐδέοντο,
1619 1095 1692 1166 μὴ

128 1189 227 1247 τοῖς
256 1186 318 1236 ὲκ
345 1184 443 1254 τῆς
476 1185 766 1254 βασιλικῆς
821 1186 1103 1256 τραπέζης
1143 1188 1573 1258 χορηγουμένοις
1599 1190 1696 1242 αὑ-

125 1281 226 1339 τοῖς
280 1277 496 1347 διαιτᾷν
533 1279 695 1345 σφᾶς,
749 1276 866 1329 ἀλλ’
918 1278 1166 1347 ὀσπρίοις
1214 1279 1310 1333 καὶ
1358 1279 1554 1347 φοίνιξι
1603 1283 1695 1332 καὶ

124 1369 372 1429 τοιούτοις
405 1367 606 1429 ἄλλοις.
653 1369 712 1421 ’0
743 1368 821 1430 δὲ,
852 1368 1079 1424 δεδιέναι
1114 1371 1266 1438 ἔλεγε
1303 1371 1400 1442 μὴ,
1431 1371 1694 1434 τοιούτοις

122 1461 466 1530 τρεφόμενοι,
524 1460 844 1514 λεπτωθὼσι
891 1464 957 1514 τὰ
1012 1461 1262 1532 σώματα,
1301 1465 1393 1515 καὶ
1423 1464 1573 1534 παρὰ
1599 1463 1692 1518 τοῦ

121 1553 383 1624 βασιλέως
406 1552 496 1604 διὰ
523 1552 682 1604 τοῦτο
712 1553 874 1616 αὐτὸς
900 1554 1152 1624 κακωθῇ.
1185 1555 1248 1606 Ol
1278 1553 1333 1607 δὲ
1361 1556 1445 1623 ἐφ’
1477 1555 1693 1624 ἡμέρας

116 1645 242 1696 δέκα
265 1642 412 1695 οὕτω
447 1644 718 1714 διαιτῆσαι
748 1644 946 1708 αὐτοὺς
979 1646 1344 1716 παρεκάλουν,
1381 1647 1475 1699 καὶ
1519 1649 1568 1699 εί
1596 1647 1694 1713 μὲν

1795 447 2002 500 Dauicli
2088 447 2462 510 Balthasaris,
2510 448 2737 506 Ananiae
2809 449 3109 514 Sedrachi,
3168 437 3374 509 Misaeli

1793 538 1976 594 Misaei
2003 580 2016 603 ,
2050 539 2259 594 Azarize
2291 540 2570 610 Αίιιίιιιιιιιζὶ
2607 556 2802 594 nomen
2832 542 2962 598 fecit
2997 542 3325 614 Babylonius
3358 585 3374 610 ,

1793 645 1848 689 et
1917 651 2029 703 pra:
2093 636 2303 687 caeteris
2364 635 2628 688 honorem
2701 634 2934 700 habuit,
2992 637 3062 690 ob
3133 637 3372 691 indolem

1796 727 2210 794 disciplinarum
2271 742 2546 794 capacem.
2605 727 2667 780 lli
2738 727 2906 795 igitur
2971 729 3130 800 118
3192 731 3380 784 adole-

1801 827 2022 871 scentes
2057 818 2372 872 eunuchum
2404 819 2488 870 cui
2523 819 2821 887 parebant,
2861 828 3140 888 rogarunt,
3177 837 3242 876 ne
3271 819 3376 874 sibi

1796 908 1956 978 regia:
1993 925 2192 964 mensae
2224 909 2428 964 fercula
2479 908 2881 978 pra-herentur,
2915 911 3009 964 sed
3061 912 3372 982 legumina,

1797 1000 2017 1074 dactyli,
2043 1013 2101 1055 et
2128 1001 2233 1056 alia
2262 999 2312 1053 id
2343 1015 2534 1070 genus.
2565 1000 2657 1054 Ille
2683 1016 2805 1055 cum
2843 1016 2900 1054 se
2933 1004 3108 1056 vereri
3143 1004 3374 1066 diceret,

1796 1103 1864 1141 ne
1922 1088 2013 1142 illo
2045 1089 2170 1142 cibo
2219 1090 2530 1142 extemiatis
2566 1105 2756 1143 eorum
2796 1091 3118 1161 corporibus
3143 1133 3156 1156 ,
3191 1093 3304 1162 ipse
3345 1109 3374 1146 a

1798 1193 1922 1248 rege
1975 1181 2112 1233 male
2172 1188 2714 1244 tracteturztamen,
2769 1182 2953 1250 pueris
3015 1184 3374 1254 petentibus,

1797 1280 1857 1325 ut
1884 1272 2072 1326 decem
2108 1272 2304 1327 diebus
2349 1271 2422 1326 ita
2455 1282 2833 1342 pascerentur,
2877 1275 3021 1346 quod
3059 1275 3102 1327 si
3144 1291 3376 1346 corpora

1795 1378 1893 1419 sua
1947 1380 2053 1418 non
2107 1376 2473 1429 mutarentur,
2506 1367 2576 1419 ita
2624 1377 2877 1435 pergeret
2926 1369 3056 1421 :sin
3089 1369 3374 1423 extenuari

1795 1455 2029 1519 vident,
2068 1457 2362 1528 pristinum
2397 1458 2600 1515 victum
2650 1459 2943 1529 praeberet,
3009 1459 3375 1532 obtemperat.

1793 1545 2042 1616 Cumque
2091 1563 2198 1601 non
2252 1547 2416 1603 modo
2467 1548 2605 1604 nihil
2645 1549 2726 1602 eis
2757 1549 3056 1614 decedere,
3090 1551 3182 1606 sed
3218 1568 3378 1624 vege-

1797 1637 1966 1691 tiores
1998 1637 2163 1693 ctiam
2195 1640 2407 1694 caeteris
2443 1639 2594 1693 reddi
2623 1638 2836 1696 videret
2867 1681 2882 1704 ,
2919 1641 3072 1697 cibos
3110 1643 3380 1700 inanimes

115 1739 185 1807 μὴ
221 1736 619 1807 μεταὸἀλλοιτο
661 1739 693 1807 ή
723 1736 831 1789 τῶν
861 1737 1127 1807 σωμάτων
1155 1737 1268 1803 ἕξις
1301 1740 1506 1803 αὐτοῖς,
1553 1737 1696 1793 οὕτω

1797 1728 1880 1781 eis
1909 1729 2137 1798 praebet.
2178 1730 2254 1784 lla
2301 1732 2682 1789 subtilioribus
2727 1735 2956 1792 redditis
2995 1735 3228 1804 ingeniis
3258 1777 3271 1797 ,
3323 1737 3378 1791 in

113 1832 328 1902 διαιτᾷν
363 1830 562 1894 αὐτοὺς
603 1831 697 1883 καὶ
728 1831 808 1895 είς
839 1830 900 1884 τὸ
931 1831 1058 1902 ἑξῆς
1079 1847 1094 1861 ³
1125 1833 1174 1884 εί
1200 1831 1244 1886 δ’
1283 1833 1381 1885 τδοι
1411 1831 1480 1884 τὰ
1510 1830 1698 1900 σώμα-

108 1941 171 1977 τα
205 1923 394 1976 αὐτῶν
445 1923 850 1992 ίσχναινόμενα,
875 1923 973 1991 τῆς
992 1923 1264 1994 προτέρας
1292 1921 1510 1993 ἔχεσθαι
1563 1922 1700 1976 διαι-

107 2017 342 2086 τήσεως.
379 2015 635 2068 Πείθεται
655 2015 866 2078 τούτοις
898 2017 926 2068 6
951 2014 1060 2068 τῶν
1083 2015 1292 2069 παίδων
1318 2011 1695 2085 προεστηκὼς,

106 2108 200 2160 καὶ
230 2107 381 2160 οὕτω
407 2108 660 2176 ποιήσας,
699 2105 773 2170 ὡς
795 2105 946 2159 οὐδὲν
977 2107 1176 2166 αὐτοὺς
1207 2108 1271 2160 ἐκ
1305 2107 1414 2160 τῶν
1437 2107 1697 2164 τοιούτων

108 2201 330 2270 τροφῶν
361 2200 638 2264 παθόντας
661 2195 790 2264 εἶδε,
832 2198 1034 2269 μᾶλλον
1071 2199 1170 2273 μὲν
1197 2195 1292 2254 οὖν
1332 2200 1428 2255 κα)⁸
1459 2200 1565 2254 τῶν
1598 2199 1695 2252 ἅλ-

110 2293 217 2347 λων
252 2293 665 2364 θαλερωτέρους
695 2291 1010 2362 γεγονότας,
1039 2292 1283 2364 ἀψύχους
1309 2293 1493 2355 αὐτοῖς
1523 2309 1699 2363 προσυ

112 2387 214 2454 ἦγε
271 2386 506 2456 τροφάς.
558 2388 622 2440 Ol
666 2387 721 2440 δὲ
760 2387 1149 2451 λεπτυνθέντος
1194 2389 1374 2452 αὐτοῖς
1409 2387 1504 2441 τοῦ
1558 2388 1695 2451 νοὸς,

120 2479 300 2530 πᾶσαν
320 2478 696 2549 κατώρθωσαν
736 2479 987 2533 παιδείαν
1028 2479 1347 2550 Χαλδαῐκὴν
1376 2479 1472 2533 καὶ
1503 2478 1698 2534 Ἀσσύ-

117 2585 258 2638 ριον.
304 2569 365 2621 '0
412 2569 471 2622 δέ
523 2585 586 2638 γε
626 2571 826 2644 Δανιὴλ
860 2573 957 2625 καὶ
1018 2573 1150 2643 περὶ
1205 2575 1419 2644 κρίσεις
1473 2572 1697 2643 ὀνείρων

123 2660 397 2714 κατέτεινε
422 2660 522 2734 τὴν
552 2662 811 2733 σπουδήν.
842 2661 976 2717 Εἶτα
1019 2663 1269 2720 ἐνύπνιον
1298 2666 1325 2718 6
1359 2662 1698 2733 Ναϐουχοδο⁹

125 2753 280 2823 νόσορ
304 2753 539 2818 ἐξαίσιον
591 2755 950 2825 θεάσαμενος,
1005 2758 1096 2809 καὶ
1137 2757 1236 2826 τὴν
1268 2756 1453 2827 κρίσιν
1505 2754 1696 2808 τούτου

128 2848 264 2899 κατὰ
289 2847 412 2911 τοὺς
447 2846 649 2909 ὕπνους
685 2847 893 2915 μαθὼν,
941 2847 1036 2902 τοῦ
1072 2866 1131 2902 τε
1187 2849 1400 2920 ὀνείρου
1455 2849 1549 2903 καὶ
1599 2847 1698 2914 τῆς

132 2937 357 3004 κρίσεως
391 2939 553 2992 αὑτοῦ
587 2939 906 2996 ἐπελάθετο.
948 2940 1158 2994 Ἐωθεν
1191 2939 1286 2998 οὖν
1333 2939 1698 3012 μεταπεμψά-

135 3043 289 3095 μενος
312 3032 436 3094 τοὶς
461 3032 763 3098 Χαλδαίους
794 3033 889 3087 καὶ
927 3033 1056 3097 τοὺς
1089 3033 1311 3104 μάντεις
1342 3035 1436 3089 καὶ
1461 3036 1692 3106 μάγους,
1718 3075 1764 3136 c

135 3121 323 3190 ἀπῄτει
353 3125 578 3187 τούτους
607 3126 666 3178 τὸ
695 3125 828 3196 ὄναρ
858 3143 918 3180 τε
945 3127 1121 3180 εἰπεῖν
1144 3127 1315 3197 αὐτῷ,
1341 3128 1435 3183 καὶ
1452 3128 1550 3198 τὴν
1578 3129 1694 3182 τού-

135 3228 220 3263 του
247 3215 497 3284 δήλωσιν.
529 3218 593 3270 Ol
625 3217 682 3270 δὲ
714 3218 874 3272 αὐτὸν
909 3218 1101 3289 ἤθελον
1133 3219 1398 3292 πρότερον
1432 3221 1607 3274 εἰπεῖν
1633 3221 1696 3274 τὸ

137 3304 391 3373 ἐνύπνιον,
433 3310 530 3361 καὶ
561 3309 736 3373 οὕτως
771 3311 946 3364 αἰτεῖν
972 3311 1032 3377 ἐξ
1077 3313 1304 3365 ἐκείνων
1334 3311 1394 3364 τὸ
1424 3313 1694 3384 σημαινό-

141 3410 308 3460 μενίν.
335 3398 594 3470 Ὠργίσθη
621 3401 715 3453 ἐπὶ
740 3399 953 3467 τούτοις
982 3404 1010 3456 6
1038 3402 1312 3473 βασιλεὺς,
1343 3406 1437 3458 καὶ
1467 3406 1693 3462 θάνατον

139 3487 374 3543 ἁπάντων
403 3493 836 3562 κατεψηφίσατο,
873 3494 949 3566 μὴ
1003 3495 1262 3549 δύνασθαι
1289 3497 1558 3566 λεγόντων
1607 3501 1696 3551 εὖ·

143 3582 348 3647 ρηκέναι
375 3585 466 3636 τὸν
493 3585 726 3655 ὄνειρον.
761 3585 1007 3651 Τούτοις,
1035 3587 1110 3650 ὡς
1157 3587 1332 3656 σοφοὶ,
1377 3589 1471 3642 καὶ
1495 3591 1696 3663 Δανιὴλ

141 3673 218 3722 καὶ
256 3676 304 3726 oi
353 3679 501 3748 τρεῖς
535 3677 727 3740 παῖδες
759 3680 854 3732 καὶ
887 3678 1294 3750 συνεκλήθησαν
1331 3683 1424 3733 καὶ
1468 3699 1698 3750 συγκατ·

141 3764 432 3834 εκρίϐησαν.
483 3768 740 3839 Πρόσεισι
791 3770 968 3822 τοίνυν
991 3771 1019 3821 6
1053 3769 1250 3840 Δανιὴλ
1283 3769 1360 3842 τῷ
1394 3771 1502 3824 τῶν
1541 3773 1696 3837 βασι-

142 3851 290 3910 λικῶν
319 3861 800 3930 σωματοφυλάκων
831 3860 1136 3937 ὲξᾶρχοντι,
1185 3863 1279 3916 καὶ
1319 3863 1552 3936 ἠξίωσεν
1599 3865 1695 3916 ἐπὶ

147 3949 258 4011 μίαν
291 3953 454 4007 νύκτα
483 3955 582 4025 τὴν
626 3956 906 4026 ἀναίρεσιν
938 3959 1047 4009 τῶν
1079 3957 1429 4026 κατακρίτων
1469 3957 1697 4029 ὑπερτε-

146 4038 310 4109 θῆναι·
327 4047 510 4114 ’ἴσως
527 4048 660 4117 γὰρ,
681 4047 806 4118 ἔφη,
828 4048 902 4102 δι’
932 4050 1124 4117 αὐτῆς
1141 4050 1557 4119 δεηθησόμεθα
1589 4048 1694 4104 τοῦ

147 4127 279 4185 Θεοῦ
313 4136 407 4187 καὶ
459 4138 814 4205 γνωσόμεθα
851 4139 918 4190 τὸ
964 4138 1274 4192 ἐνύπνιον.
1329 4137 1622 4192 Ἐνέεωκεν
1665 4137 1697 4191 6

149 4216 381 4289 βασιλεὺς
415 4229 553 4298 προς
593 4227 693 4298 τὴν
742 4228 978 4298 αἴτησιν.
1016 4230 1127 4283 Καὶ
1167 4231 1617 4302 συμπαραλαϐὼν
1666 4229 1694 4282 6

147 4312 324 4384 Λανιὴλ
345 4321 438 4372 καὶ
470 4320 600 4383 τοὺς
635 4324 783 4390 τρεῖς
811 4320 976 4376 αὐτοῦ
1012 4324 1295 4389 συγγενεῖς
1329 4323 1546 4385 παῖδας,
1577 4321 1692 4374 ἱκέ-

1801 1824 1950 1877 οιηηί
2023 1823 2271 1879 doctrina
2329 1826 2620 1884 Chaldaica
2683 1841 2738 1884 et
2793 1832 3081 1903 Assyriaca
3160 1835 3378 1904 egregie

1799 1915 2173 1989 profecerunt.
2229 1919 2415 1973 Daniel
2494 1922 2658 1974 etiam
2735 1924 2964 1978 somniis
3018 1927 3381 1999 conjiciendis

1799 2009 2040 2063 animum
2104 2010 2362 2064 intendit.
2413 2010 2548 2066 Cum
2619 2022 2800 2068 autem
2868 2016 3379 2073 Nabuchodonosor

1799 2101 2050 2156 mirabile
2084 2103 2357 2156 somnium
2391 2105 2618 2160 vidisset
2651 2147 2663 2169 ,
2695 2122 2818 2161 cum
2871 2109 3116 2178 ejusdem
3153 2125 3379 2162 enarra-

1800 2194 1946 2250 tione
1981 2213 1994 2247 :
2034 2194 2322 2266 utriusque
2355 2196 2590 2260 oblitus,
2621 2214 2777 2252 mane
2805 2199 3092 2254 Chalilseos
3141 2211 3295 2256 vates
3325 2209 3381 2256 et

1799 2300 1984 2355 magos
2011 2287 2241 2340 accersit
2266 2327 2280 2350 ,
2317 2286 2592 2342 somnium
2625 2296 2681 2342 ct
2711 2290 2830 2359 ejus
2860 2293 3281 2361 explicationem
3309 2295 3378 2348 ab

1797 2376 1879 2430 eis
1921 2376 2143 2446 ﬂagitat.
2215 2377 2411 2434 Verum
2465 2379 2574 2433 illis
2624 2382 2937 2454 petentibus
2963 2428 2975 2444 ,
3008 2393 3068 2435 ut
3101 2384 3376 2437 somnium

1799 2469 1950 2542 prius
2003 2482 2320 2534 enarraret,
2375 2487 2438 2525 ac
2479 2481 2592 2529 tum
2645 2471 2872 2531 demum
2928 2476 3377 2547 dijudicationcm

1799 2563 2104 2634 postularet
2141 2581 2154 2618 :
2197 2581 2292 2620 rex
2319 2564 2493 2623 iratus
2517 2607 2531 2630 ,
2561 2565 2707 2638 quod
2738 2569 3010 2641 somnium
3042 2586 3100 2627 se
3133 2572 3377 2644 reperire

1797 2670 1956 2728 posse
1999 2666 2329 2726 negassent,
2369 2673 2562 2717 omnes
2598 2659 2794 2730 capitis
2836 2661 3186 2716 condemnat.
3227 2662 3376 2720 Inter

1799 2745 1901 2800 bos
1928 2755 1984 2801 et
2033 2749 2220 2804 Daniel
2250 2757 2305 2803 et
2348 2759 2460 2804 tres
2504 2751 2661 2820 pueri
2691 2791 2705 2816 ,
2754 2751 3090 2810 uthomines
3122 2754 3322 2812 eruditi
3358 2794 3377 2821 .

1796 2852 1853 2894 et
1885 2840 2062 2894 vocati
2103 2850 2158 2895 et
2207 2857 2315 2895 una
2342 2841 2690 2896 condemnati
2720 2844 2957 2902 fuerant.
2991 2843 3178 2902 Daniel
3213 2847 3379 2918 igitur

1799 2932 2071 3001 regiorum
2116 2933 2415 2987 satellitum
2465 2933 2784 3005 praefectum
2841 2947 3008 3000 orat,
3054 2946 3112 2990 ut
3169 2937 3371 2992 caedem

1798 3019 2176 3076 damnatorum
2255 3038 2418 3078 unam
2484 3034 2701 3079 noctem
2763 3025 3034 3081 differret.
3107 3025 3375 3082 Fortassis

1794 3114 1932 3167 enim
1951 3153 1966 3177 ,
2000 3113 2209 3182 inquit,
2237 3115 2436 3183 precati
2471 3114 2636 3169 Deum
2660 3157 2672 3179 ,
2697 3117 2960 3172 somnium
2987 3135 3371 3190 cognoscemus.

1795 3205 1940 3260 Mora
1975 3205 2259 3275 impetrata
2281 3247 2296 3272 ,
2329 3207 2504 3262 tribus
2536 3209 2780 3279 cognatis
2811 3209 3072 3267 adhibitis
3098 3253 3110 3277 ,
3163 3227 3369 3283 pernox

1794 3308 2048 3370 precatus
2077 3301 2248 3354 Deum
2276 3340 2290 3364 ,
2323 3309 2380 3356 et
2412 3301 2690 3357 somnium
2737 3313 2795 3357 et
2838 3305 2958 3375 ejus
3009 3305 3372 3376 signiﬁcatio-

1795 3404 1920 3443 nem
1951 3391 2234 3459 cognoscit
2264 3407 2277 3444 :
2316 3406 2475 3446 mane
2513 3408 2694 3463 regem
2727 3395 2978 3462 accedit,
3009 3398 3280 3452 somnium
3315 3409 3372 3453 et

1795 3482 1916 3553 ejus
1954 3482 2406 3553 signiﬁcationem
2434 3498 2465 3537 a
2511 3484 2621 3540 Deo
2657 3486 2762 3540 sibi
2796 3489 3086 3542 revelatam
3130 3504 3249 3544 esse
3291 3491 3374 3543 in.

1795 3572 1981 3638 dicat,
2013 3574 2241 3630 miserto
2265 3590 2458 3630 eorum
2485 3615 2501 3640 ,
2535 3577 2634 3646 qui
2687 3586 2978 3648 pr0pterea
3023 3579 3269 3636 insontes
3317 3583 3372 3637 in

1795 3663 1992 3732 capitis
2027 3664 2276 3730 pericqu
2307 3673 2491 3719 essent
2539 3682 2554 3720 :
2600 3679 2704 3720 nec
2751 3667 2935 3721 minus
2978 3666 3151 3737 ipsius
3187 3669 3330 3738 regis
3354 3708 3371 3734 ,

1795 3764 1888 3832 qui
1938 3772 2018 3818 tot
2057 3765 2342 3819 occisurus
2398 3774 2544 3818 esset
2589 3764 2708 3818 sine
2751 3765 2911 3834 culpa
2940 3806 2955 3829 ,
2989 3781 3018 3820 a
3066 3765 3268 3835 quibus
3305 3783 3370 3819 ea

1796 3855 2166 3923 postulasset,
2202 3869 2324 3923 quas
2373 3853 2502 3908 sciri
2550 3853 2618 3908 ab
2651 3855 2731 3908 eis
2765 3869 2871 3908 non
2917 3854 3262 3924 potuissent,
3309 3870 3372 3908 ac

1796 3947 1897 4003 soli
1940 3956 2149 4002 naturas
2197 3946 2394 4001 divinae
2447 3946 2664 4017 cognita
2713 3958 2918 4001 essent.
2971 3947 3051 4001 Ea
3091 3963 3211 4000 vero
3255 3964 3371 4022 qua!

1795 4037 2001 4103 uidisti,
2065 4037 2278 4107 inquit,
2334 4038 2639 4106 huiusmodi
2690 4046 2836 4092 sunt.
2911 4037 3060 4092 Visus
3108 4055 3160 4092 es
3199 4041 3372 4092 videre

1794 4138 2028 4182 statuam
2053 4145 2304 4198 magnam
2331 4130 2555 4183 hominis
2585 4137 2811 4185 stantem
2837 4170 2852 4194 ,
2881 4132 3030 4200 cujus
3056 4139 3211 4201 caput
3240 4142 3370 4184 esset

1795 4235 2052 4282 aureum,
2093 4220 2298 4272 humeri
2339 4229 2388 4272 et
2442 4220 2656 4274 brachia
2701 4229 2984 4290 argentea,
3033 4231 3212 4275 venter
3251 4239 3367 4274 cum

1795 4312 2076 4381 femoribus
2131 4327 2333 4373 aereus.
2388 4327 2544 4365 crura
2604 4321 2649 4364 et
2725 4311 2877 4381 pedes
2924 4314 3118 4381 partim
3175 4313 3365 4382 ferrei,

145 4412 288 4458 τευσε
316 4408 397 4462 διὰ
440 4411 541 4481 τῆς
567 4412 762 4474 νυκτὸς
789 4409 879 4464 τὸν
909 4412 1064 4465 Θεὸν.
1117 4411 1385 4477 Δηλοῦται
1413 4411 1507 4465 οὖν
1544 4411 1693 4482 αὐτῷ

1798 4403 1997 4472 partim
2060 4404 2294 4455 testacei.
2351 4401 2547 4455 Deinde
2591 4402 2728 4472 lapis
2763 4418 2826 4454 ea:
2871 4415 3044 4456 monte
3081 4407 3365 4475 abruptus,

144 4489 333 4566 θεόθεν,
371 4507 468 4558 καὶ
500 4504 564 4558 τὸ
591 4505 864 4568 ἐνύπνιον,
896 4507 991 4558 καὶ
1017 4505 1086 4558 τὰ
1137 4506 1205 4558 δι’
1237 4504 1400 4557 αὑτοῦ
1434 4504 1694 4575 σημαινό-

143 4595 292 4648 μενα,
340 4594 429 4643 καὶ
491 4592 614 4660 μεθ’
644 4591 856 4662 ἡμέραν
893 4592 1058 4664 ἀπῄει
1115 4593 1250 4661 πρὸς
1300 4591 1393 4644 τὸν
1446 4591 1694 4661 βασιλέα.

144 4672 245 4730 Καὶ
277 4685 323 4734 oi
353 4685 503 4756 παρά
551 4685 648 4737 τοῦ
683 4685 817 4738 Θεοῦ
848 4687 953 4753 ἔφη
997 4684 1370 4754 γνωρισθῆναι
1418 4684 1549 4736 αὐτὸ
1597 4683 1694 4738 καὶ

135 4774 196 4820 τῆ
229 4774 374 4842 ὄναρ,
416 4780 509 4830 καὶ
538 4777 640 4846 τὴν
692 4777 855 4829 αὐτοῦ
885 4776 1143 4844 δήλωσιν,
1205 4777 1527 4845 ὲλεήσαντος
1566 4777 1692 4839 τοὺς

135 4859 330 4930 ἀδίκως
357 4869 443 4922 διὰ
476 4867 636 4922 τοῦτο
659 4870 952 4922 ἀποθανεῖν
973 4867 1383 4932 κινδυνεύοντας
1404 4886 1416 4899 ·
1474 4869 1626 4921 οὐδὲν
1646 4868 1691 4920 δ’

131 4952 399 5017 ἠττονκαὶ
429 4961 489 5014 σὲ
503 4962 823 5015 τδνκτεῖναι
847 4960 1067 5014 θέλοντα
1094 4959 1350 5023 ἀναιτίως
1382 4960 1605 5020 τούτους
1636 4958 1695 5024 ἐξ

119 5028 212 5095 (ἓν
237 5050 452 5120 ἀπῄτεις
485 5051 747 5112 ἀδύνατα,
781 5051 817 5104 ἂ
854 5051 992 5123 μόνῃ
1014 5052 1078 5121 τῇ
1103 5049 1221 5119 θείᾳ
1261 5049 1420 5117 φύσει
1452 5047 1690 5115 γνωστά.

125 5125 214 5187 ’.Α
244 5139 292 5189 δ’
317 5141 563 5205 ἐθεάσω,
591 5139 838 5193 τοιαῦτό
889 5141 1067 5193 εἰσιν.
1109 5138 1374 5203 Ἐδόκεις
1409 5134 1558 5204 όρᾷν
1588 5135 1693 5189 ἀν.

115 5215 372 5288 δριάντα
391 5237 586 5300 μέγαν
612 5229 864 5295 ἑστῶτα,
900 5225 974 5284 οὗ
996 5227 1198 5299 χρυσῆ
1219 5228 1336 5296 μὲν
1368 5227 1407 5294 ἠ
1431 5222 1690 5294 κεφαλὴ,

111 5320 200 5366 οι
227 5319 288 5372 δὲ
313 5321 446 5391 ὦμοι
476 5324 579 5376 και
606 5325 662 5376 οι
695 5322 1023 5390 ,βραχίονες
1052 5319 1321 5389 ἀργυροῖ,
1347 5319 1386 5384 ἡ
1413 5318 1480 5372 δέ
1502 5334 1569 5387 γε
1582 5333 1692 5385 γα·
1757 5391 1762 5396 _

108 5410 289 5477 στήρ
306 5416 446 5479 μετὰ
478 5411 599 5466 τῶν
627 5411 838 5481 μηρῶν
881 5413 950 5465 ἐκ
988 5410 1243 5480 χαλκοῦ,
1275 5411 1334 5463 al
1359 5406 1577 5476 κνῆμαι
1624 5405 1694 5459 δὲ

107 5499 242 5575 {rei
267 5507 314 5556 οί
357 5505 534 5572 πόδες
561 5500 730 5575 ἦσαν
759 5504 940 5573 μέρος
960 5503 1077 5572 μέν
1101 5519 1156 5556 τι
1189 5500 1481 5568 σιδήρεα,
1510 5499 1692 5569 μέρος

103 5573 215 5642 δέ
229 5609 274 5646 τι
298 5573 645 5664 ὀστράκινοι.
668 5594 810 5653 Εἶτα
837 5599 1006 5661 λίθος
1023 5595 1090 5659 ἐξ
1114 5595 1289 5664 ὄρους
1308 5593 1689 5662 ἁπορῤαγεὶς,

102 5679 230 5746 τῷ
249 5687 535 5756 ἀνδριάντι
565 5691 779 5754 ἔδοξεν
833 5688 1140 5759 ἐμπεσεῖν,
1200 5690 1297 5741 καὶ
1361 5685 1688 5754 συντρίψω

1795 4494 1934 4547 uisus
1965 4493 2102 4546 illidi
2129 4503 2321 4548 statuta
2339 4535 2354 4560 ,
2379 4509 2598 4564 eamque
2620 4506 2916 4558 conterere,
2947 4507 3103 4567 atque
3132 4515 3320 4552 aurum
3349 4542 3362 4563 ,

1795 4595 2104 4655 argentum,
2147 4601 2252 4645 ωε.
2287 4587 2522 4654 ferrum,
2557 4594 2603 4638 et
2649 4595 2837 4640 testam
2876 4590 2953 4642 ita
2984 4591 3366 4656 comminuere,

1796 4682 1851 4726 ut
1905 4692 1938 4728 a
1994 4685 2144 4728 υεηιο
2206 4677 2605 4744 dissiparentur.
2667 4674 2828 4742 Lapis
2885 4691 3007 4730 vero
3059 4679 3111 4730 in
3162 4685 3365 4731 tantam

1794 4766 1984 4819 molem
2016 4782 2308 4820 exarescere
2328 4809 2341 4830 ,
2368 4776 2424 4820 ut
2452 4783 2659 4821 omnem
2688 4776 2887 4822 terram
2918 4768 3179 4838 impleret.
3210 4770 3368 4838 119

1797 4857 1864 4912 Et
1889 4861 1982 4912 hoc
2008 4861 2272 4912 somnium
2302 4861 2479 4914 vidisti
2498 4903 2512 4925 ,
2558 4876 2675 4913 cum
2701 4861 2766 4914 de
2793 4876 2954 4930 regno
2986 4869 3035 4914 et
3076 4878 3366 4915 successore

1793 4951 2002 5017 imperii
2023 4950 2246 5004 sollicite
2263 4953 2524 5022 cogitares
2545 4969 2563 5005 :
2591 4969 2708 5021 qua:
2734 4968 2854 5006 vero
2885 4969 2942 5006 eo
2967 4953 3359 5023 signiﬁcantur,

1795 5047 1901 5096 haec
1936 5051 2080 5096 sunt.
2119 5044 2350 5096 Aureum
2383 5052 2540 5112 caput
2571 5053 2628 5097 tu
2667 5059 2720 5097 es
2741 5087 2754 5111 ,
2793 5055 2842 5098 et
2869 5047 3042 5099 cwteri
3071 5061 3212 5114 reges
3250 5042 3360 5096 Ba-
3387 5099 3396 5108 κ

1794 5135 2122 5205 byloniorum
2159 5153 2178 5188 :
2231 5151 2357 5188 nam
2423 5153 2616 5190 aurum
2666 5138 2875 5207 imperii
2920 5140 2998 5190 tui
3054 5137 3359 5206 felicitatem

1792 5227 1984 5279 innuit.
2034 5227 2168 5280 Duce
2210 5243 2330 5280 vero
2376 5243 2564 5281 manus
2607 5239 2657 5282 et
2681 5230 2920 5292 humeri,
2951 5229 3054 5281 duo
3088 5244 3248 5296 regna
3280 5242 3362 5278 re-

1794 5325 2148 5387 praesentant,
2179 5333 2211 5369 a
2242 5317 2426 5386 quibus
2461 5328 2630 5372 vester
2669 5322 2992 5390 principatus
3037 5319 3358 5376 destruetur,

1805 5405 1989 5460 Venter
2035 5417 2083 5460 et
2123 5408 2324 5476 femora
2361 5424 2498 5462 terea
2534 5426 2708 5482 regem
2740 5410 3040 5482 signiﬁcant
3063 5426 3168 5464 tere
3202 5411 3361 5462 indu-

1793 5509 1940 5562 tum,
1982 5501 2071 5569 qui
2117 5515 2201 5553 eos
2242 5502 2536 5570 apprimet,
2593 5519 2624 5555 a
2671 5505 2856 5571 quibus
2896 5518 2982 5555 vos
3033 5503 3364 5573 apprimendi

1795 5595 1953 5657 estis;
1984 5591 2131 5645 illius
2165 5609 2321 5662 porro
2359 5609 2574 5664 regnum
2614 5595 2677 5646 ab
2707 5594 2810 5647 alio
2841 5597 3128 5658 potentiore
3153 5597 3361 5648 destru-

1794 5695 1931 5742 etur.
1963 5686 2102 5741 Nam
2129 5696 2177 5740 et
2217 5703 2347 5741 auro
2375 5697 2422 5740 et
2459 5693 2675 5756 argento
2699 5697 2743 5740 et
2775 5703 2878 5741 tere
2906 5689 3104 5757 ferrum
3140 5702 3214 5744 est
3245 5691 3358 5753 du-
