3980 6246
469 218 570 277 231

1773 198 2101 261 JOANNIS
2140 196 2464 257 Z’.)NAR.IE

3631 182 3740 250 2‘2

474 330 560 384 nis
617 331 921 400 principem
971 326 1292 390 constituit,
1345 320 1567 378 nomine
1616 316 1912 371 Baltasaris
1951 312 2053 384 (sic

2163 310 2216 375 ἐξ
2247 306 2314 380 ἧς
2346 311 2374 362 ὁ
2405 306 2586 361 Δαϐίδ.
2623 306 2784 370 Λίθος
2825 305 2880 359 δὲ
2930 307 2959 360 ὁ
3005 306 3258 376 Χριστῗις,
3290 304 3518 376 τμηθεὶς
3553 306 3611 371 ἐξ
3641 311 3742 361 σύ·

474 422 610 475 deus
640 423 758 490 ejus
795 419 1113 487 vocabatur)
1153 416 1350 471 indito.

2155 403 2255 470 τῆς
2286 401 2425 453 κατά
2457 401 2519 452 τὸ
2575 398 2941 468 ἀνθρώπινον.
2981 399 3144 450 ’Λνευ
3175 398 3232 452 δέ
3263 416 3323 464 γε
3372 398 3596 469 χειρῶν,
3659 398 3741 452 ὃτι

479 517 553 586 μὴ
605 517 745 567 κατά
783 517 908 577 τοὺς
945 511 1208 582 φυσικοὺς
1259 507 1495 580 προῆλθε
1551 502 1809 571 θεσμοὺς,
1849 498 1966 552 ἀλλ’
2030 495 2090 560 ἐξ
2123 495 2490 565 ἀπειράνδρου
2551 493 2648 545 καὶ
2725 492 2888 561 ἀγίας
2943 491 3204 561 γαστρός.
3245 493 3341 554 Ὃς
3392 489 3590 560 μικρὸς
3645 490 3743 558 μὲν

475 583 650 662 ἐδόκει
678 609 940 680 πρότερον
986 609 1074 660 διά
1103 607 1204 676 τὴν
1259 605 1421 673 φύσιν
1451 603 1552 670 τῆς
1607 595 2053 667 ἀνθρωπότητος,
2101 589 2309 660 προῖὼν
2368 590 2448 653 δὲ,
2484 587 2582 660 τὴν
2615 586 2945 657 οἰκουμένην
2985 589 3165 644 πᾶσαν
3193 585 3291 654 τῆς
3314 583 3522 647 οἰκείας
3585 583 3746 651 δόξης

475 703 783 771 ἐπλήρωσε,
816 703 910 754 καὶ
939 701 1020 754 ἔτι
1051 700 1252 769 μᾶλλον
1283 692 1736 766 πληρώσειίκατά
1785 689 1886 760 τὴν
1959 685 2261 756 μέλλουσαν
2306 683 2474 735 αὑτοῦ
2535 681 2880 749 ἐπιφάνειαν.

2965 681 3023 734 '0
3077 681 3176 746 μὲν
3199 678 3292 732 οὖν
3332 678 3620 748 προφήτης
3684 675 3747 735 τό

476 814 535 851 τε
568 796 816 847 ἐνύπνιον
847 795 923 863 τῷ
955 792 1429 864 Ναϐουχοδονόσορ
1468 785 1804 857 ἀπήγγειλε,
1833 783 1929 835 καὶ
1995 779 2093 848 τὴν
2134 777 2329 830 τούτου
2359 776 2648 844 σύγκρισιν
2679 774 3044 844 ἀνεκάλυψεν.
3091 773 3151 826 '0
3190 772 3248 825 δὲ
3299 770 3606 840 θαυμάσας,
3652 768 3747 822 ἐπὶ

478 888 770 957 πρόσωπον
818 890 1000 951 ἔπεσε,
1034 888 1125 940 καὶ
1155 888 1234 956 τῷ
1272 882 1471 953 Δανιὴλ
1510 877 1912 949 προσεκύνησε,
1971 874 2069 926 καὶ
2109 869 2258 923 θύειν
2285 867 2434 937 αὐτῷ
2498 867 2801 931 διετάξατο,
2838 867 2939 919 οὐκ
2977 865 3174 934 ἐκείνῳ
3207 864 3306 934 τὴν
3349 863 3571 916 ἆπσσαν
3603 863 3746 914 ἀπο-

478 954 660 1049 νέμων
715 979 880 1049 τιμὴν
921 979 950 1029 ὁ
999 954 1213 1040 ἀλαζὼν
1269 975 1475 1033 ἐκεῖνος
1527 970 1621 1023 καὶ
1682 968 2052 1036 ὑπερήφανος,
2092 961 2230 1015 άλλά
2271 959 2349 1030 τῷ
2390 961 2522 1029 παρ’
2554 961 2766 1011 ἐκείνου
2803 957 3226 1027 θρησκευομὲνῳ
3252 955 3393 1025 Θεῷ.
3432 954 3576 1024 Ἔφη
3609 958 3744 1023 γὰρ.

487 1077 608 1129 ’.ἐπ’
632 1072 929 1142 candelae
947 1075 979 1126 ὁ
1000 1070 1144 1136 Θεὸς
1168 1070 1334 1138 ὑμῶν
1361 1063 1540 1130 οὗτός
1577 1065 1710 1118 ἐστι
1736 1059 1882 1126 Θεὸς
1903 1059 2077 1124 θεῶν,
2119 1057 2219 1110 καί
2245 1057 2459 1124 Κύριος
2494 1054 2827 1118 βασιλέων,
2875 1053 2970 1105 καὶ
3037 1052 3482 1107 ἀποκαλύπτων
3507 1051 3746 1118 μυστή-

469 1186 591 1234 ρια,
624 1168 844 1236 Δόματά
869 1182 928 1217 τε
957 1165 1107 1234 αὐτῷ
1134 1163 1376 1232 παρέσχε
1414 1160 1599 1220 πολλά,
1626 1157 1720 1211 καὶ
1751 1157 1932 1224 πάσης
1954 1154 2056 1222 τῆς
2091 1150 2410 1212 Βαϐυλῶνος
2442 1150 2778 1219 κατέστησεν
2851 1150 3114 1220 ἄρχοντα,
3172 1149 3266 1208 καὶ
3336 1148 3619 1218 Βαλτάσαρ
3645 1149 3747 1200 αὑ-

474 1264 566 1314 τὸν
594 1258 936 1327 ἐπωνόμασε,
963 1254 1062 1326 τὴν
1093 1251 1466 1324 προσηγορίαν
1490 1249 1639 1320 αύτῴ
1688 1248 1916 1318 θέμενος
1943 1244 2038 1298 τοῦ
2081 1245 2284 1296 οἰκείου
2319 1242 2470 1300 θεοῦ.

556 1355 647 1409 IV.
691 1350 898 1406 Deinde
933 1364 1154 1402 auream
1196 1357 1430 1404 statuam
1467 1345 1684 1398 cubitos
1708 1343 1871 1396 altam
1903 1354 2058 1393 sexa-

479 1448 648 1516 ginta,
685 1445 846 1496 latam
881 1457 975 1496 sex
1005 1441 1189 1510 erigit,
1223 1437 1500 1508 principes
1529 1450 1596 1489 ex
1632 1431 1782 1486 omni
1821 1444 1922 1486 suo
1949 1429 2055 1481 im-

479 1539 633 1609 perio
668 1545 957 1598 convocat,
1016 1534 1312 1602 auditaque
1362 1529 1517 1592 tuba,
1557 1533 1866 1596 prostratos
1908 1521 2057 1575 illam

478 1629 731 1688 adorare,
761 1627 855 1695 qui
882 1629 992 1678 non
1018 1623 1349 1693 paruissent,
1376 1620 1431 1672 in
1455 1616 1732 1671 caminum
1760 1609 1901 1681 ignis
1924 1623 2059 1663 con-

2229 1339 2304 1390 A'.
2337 1332 2470 1391 Εἶτα
2504 1336 2734 1406 χρύσεον
2775 1336 3067 1406 ἀνδριάντα
3113 1338 3339 1405 στήσας,
3393 1338 3612 1406 πήχεων
3647 1338 3751 1408 μὲν

2158 1429 2218 1482 τὸ
2269 1427 2402 1498 ὕψος
2451 1429 2744 1498 ἑξήκοντα,
2797 1431 3000 1492 πλάτος
3047 1429 3104 1482 δὲ
3157 1427 3235 1494 ἓξ,
3287 1430 3651 1484 συνεκάλεσεν
3688 1431 3750 1496 ἐξ

2157 1519 2374 1590 ἀπάσης
2414 1520 2580 1574 αὑτοῦ
2614 1522 2713 1590 τῆς
2740 1520 2916 1591 ἀρχῆς
2943 1522 3069 1583 τοὺς
3101 1519 3374 1592 πρώτους,
3409 1522 3745 1590 προστάξας,

2158 1611 2288 1662 ὅταν
2318 1611 2598 1667 ἀκούσωσι
2631 1612 2730 1679 τῆς
2760 1611 3083 1680 σάλπιγγος,
3114 1613 3236 1664 τότε
3270 1613 3536 1675 πεσόντας
3575 1633 3747 1683 προσ.

475 1721 571 1791 jiei
599 1719 774 1789 jubet,
804 1732 966 1786 quem
995 1715 1070 1768 ibi
1099 1727 1354 1782 magnum
1386 1719 1444 1764 et
1465 1708 1844 1762 Vehementem
1875 1701 2059 1754 incen-

2164 1706 2344 1758 κυνεῖν
2395 1705 2486 1758 τὸν
2533 1705 2860 1774 ἀνδριάντα·
2913 1707 3040 1769 τοὺς
3105 1705 3150 1758 δ’
3197 1705 3611 1776 ἀπειθήσαντας
3665 1710 3748 1772 εἰς

482 1812 658 1865 derat.
711 1811 886 1875 Q'nam
931 1823 1056 1860 cum
1087 1804 1382 1859 adorarent
1424 1813 1640 1862 omnes,
1689 1805 1801 1850 tres
1842 1791 2056 1846 adole-

484 1915 726 1968 scentes,
762 1916 902 1971 quos
931 1897 1160 1954 historia
1183 1902 1442 1963 cognatos
1474 1889 1642 1943 fuisse
1670 1884 1912 1942 Dan-ielis
1945 1890 2058 1935 tra-

481 1998 583 2060 dit,
636 1996 816 2065 patria
865 1991 1115 2046 instituta
1160 1987 1365 2042 violare
1397 1984 1669 2046 nolentes,
1723 1993 1832 2032 non
1865 1974 2056 2030 adora-

480 2099 654 2141 runt:
711 2086 893 2153 itaque
937 2081 1121 2137 statim
1170 2078 1225 2132 in
1273 2075 1550 2130 caminum
1618 2069 1854 2140 conjeeti
1905 2072 2052 2121 sunt.

483 2175 862 2245 Verum'ignis
883 2189 981 2227 eos
1015 2187 1124 2224 non
1155 2167 1356 2238 attigit.
1407 2166 1503 2220 sed
1539 2171 1748 2218 stantes
1786 2161 1843 2214 in
1877 2158 2057 2214 medio

492 2271 725 2325 flammae
776 2263 1160 2327 intolerabilis,
1218 2263 1480 2332 hymnum
1539 2258 1862 2313 cecinerunt
1920 2253 2054 2308 Deo.

481 2364 670 2419 Astitit
705 2361 882 2416 tribus
911 2360 1018 2414 illis
1046 2366 1102 2413 et
1129 2363 1378 2426 quartus,
1408 2354 1502 2423 qui
1535 2367 1642 2405 una
1667 2365 1792 2404 cum
1847 2348 1930 2403 eis
1960 2347 2058 2402 dc-

483 2455 864 2516 scenderat,et
891 2447 1342 2504 ardentemillum
1370 2459 1553 2501 aerem
1579 2443 1634 2497 in
1663 2457 1851 2497 auram
1882 2440 2056 2494 rosci-

484 2549 608 2602 dam
635 2544 1028 2601 commutabat.
1068 2542 1194 2597 llaec
1224 2542 1516 2596 immanem
1549 2545 1605 2592 et
1642 2546 1886 2591 atrocem
1915 2533 2058 2602 regis

483 2643 726 2696 animum
764 2641 836 2694 ita
861 2636 1371 2706 obstupefecerant,
1405 2645 1466 2688 ut
1509 2630 1754 2702 seposito
1781 2629 1927 2684 fastu
1960 2641 2056 2682 ac—

484 2733 716 2796 cedens,
740 2732 1120 2786 adolescentes
1143 2725 1465 2783 nominatim
1497 2731 1742 2787 vocaret,
1772 2732 1829 2778 et
1860 2734 2054 2777 eorum

483 2827 596 2881 Deo
646 2823 978 2886 collaudato,
1025 2821 1176 2890 ipsos
1225 2820 1435 2874 honore
1469 2818 1728 2881 alliceret,
1769 2824 1826 2869 et
1859 2810 2058 2884 princio

485 2933 583 2987 pes
610 2915 856 2971 omnium
883 2913 1199 2969 Judaeorum
1220 2911 1315 2982 qui
1338 2909 1612 2980 Babylone
1636 2916 1796 2962 erant
1817 2911 2052 2960 crearet.

483 3007 601 3064 Non
654 3007 827 3060 multo
874 3011 996 3074 post
1064 3002 1209 3057 idem
1268 3001 1528 3071 Assyrius
1579 2997 1732 3054 aliud
1773 2996 2050 3052 somnium

2158 1798 2257 1868 τὴν
2286 1796 2380 1852 τοῦ
2415 1797 2584 1868 πυρὸς
2631 1799 2978 1868 ἐμϐληθῆναι
3008 1799 3241 1869 κάμινον
3261 1839 3276 1866 ,
3305 1800 3372 1872 ἣν
3407 1802 3524 1854 ἐκεῖ
3575 1802 3746 1871 μεγά-

2158 1891 2257 1959 λην
2289 1891 2550 1954 ἐξέκαυσε
2583 1893 2675 1944 καὶ
2703 1891 2959 1963 σφοδράν.
2997 1891 3222 1945 Πάντων
3248 1889 3341 1945 οὗν
3376 1893 3750 1962 προσκυνούνο

2159 1998 2289 2046 των,
2332 1983 2381 2035 οἱ
2416 1984 2563 2052 τρεῖς
2596 1984 2825 2049 νεανίαι,
2879 1982 2974 2045 οὓς
3023 1987 3306 2051 συγγενεῖς
3349 1984 3443 2036 τοῦ
3475 1984 3676 2052 Δανιὴλ
3711 1987 3746 2056 ἡ

2161 2073 2372 2143 ἱστορία
2406 2073 2714 2141 παρέδωκε,
2747 2073 2823 2144 μὴ
2861 2074 3177 2143 παραϐῆναι
3210 2075 3278 2128 τὰ
3323 2076 3530 2146 πάτρια
3561 2076 3750 2131 θέλον-υ

2157 2183 2270 2232 τες,
2318 2166 2378 2219 ού
2412 2165 2852 2236 προσεκύνησαν.
2909 2167 3020 2226 Καὶ
3048 2169 3099 2220 oi.
3133 2169 3232 2237 μὲν
3263 2170 3343 2231 είς
3380 2168 3478 2238 τὴν
3515 2169 3748 2238 κάμινον

2159 2259 2359 2312 αὐτίκα
2392 2259 2703 2331 ἐϐλήθησαν
2727 2275 2740 2290 '
2775 2261 2836 2314 τὸ
2894 2259 2951 2318 δὲ
3006 2260 3118 2332 πῦρ
3167 2261 3392 2314 ἐκείνων
3415 2264 3514 2334 οὐχ
3542 2264 3745 2333 ἥψατο,

2159 2350 2275 2406 ἀλλ’
2305 2353 2542 2415 ἑστῶτες
2567 2353 2626 2404 ἐν
2660 2355 2813 2423 μέσῳ
2851 2355 2950 2424 τῆς
2973 2354 3350 2407 ἀνυποστάτου
3375 2356 3573 2424 φλογὸς
3605 2358 3748 2409 ἐκεί-

2159 2462 2275 2514 νης,
2304 2443 2475 2514 ὕμνον
2501 2446 2820 2516 ἀνέπεμπον
2847 2446 2924 2516 τῷ
2964 2447 3099 2518 Θεῷ.
3160 2449 3512 2519 Συνειστήκει
3547 2451 3603 2503 ὁὶ
3631 2453 3748 2514 τοῖς

2159 2537 2338 2606 τρισὶν
2363 2535 2593 2600 ἐκείνοις
2621 2538 2718 2590 καὶ
2769 2538 3034 2609 τέταρτος
3060 2554 3073 2570 ο
3106 2538 3337 2608 ἄγγελος
3376 2540 3418 2592 δ’
3447 2536 3513 2610 ἦν
3544 2558 3750 2608 συγκαφ

2158 2628 2328 2690 ταδάς
2362 2629 2567 2692 αὐτοῖς,
2594 2628 2688 2684 καὶ
2721 2628 2812 2680 τὸν
2838 2629 3103 2699 φλογερὸν
3137 2631 3345 2688 ἐκεῖνον
3401 2632 3543 2701 ἀέρα
3576 2651 3747 2702 μετα-

2159 2720 2378 2790 τρέπων
2411 2722 2492 2784 εἰς
2524 2718 2702 2791 αὔραν
2750 2720 3017 2791 δροσώδη.
3064 2721 3256 2779 Ταῦτα
3297 2721 3599 2793 ἐξέστησαν
3650 2723 3749 2795 τὴν

2160 2813 2404 2884 θηριώδη
2441 2812 2622 2886 ψυχὴν
2653 2812 2746 2866 τοῦ
2777 2814 3044 2884 βασιλέως
3081 2815 3290 2868 ἐκείνου
3334 2815 3432 2868 καὶ
3474 2817 3752 2887 ἀτεράμον

2158 2923 2249 2973 να,
2279 2907 2372 2959 καὶ
2399 2907 2490 2959 τὸν
2542 2905 2711 2975 τύφον
2759 2909 2918 2977 ἀφεὶς
2951 2909 3226 2978 πρόσεισι,
3261 2911 3355 2961 καὶ
3386 2908 3446 2974 ἐξ
3483 2909 3752 2979 ὀνόματος

2158 3001 2282 3062 τοὺς
2313 2999 2529 3062 νεανίας
2561 3001 2736 3064 καλεῖ,
2772 2999 2987 3053 καὶτὸν
3022 3000 3157 3054 Θεδν
3189 3001 3368 3055 αὐτῶν
3396 3002 3630 3071 εύλογεῖ,
3652 3002 3752 3056 καὶ

473 3091 634 3152 ridet
663 3096 997 3168 hujusmodi.
1054 3094 1232 3153 Arbor
1260 3101 1378 3148 erat
1429 3106 1646 3162 magna,
1681 3087 2056 3145 extremitates

2163 3093 2284 3157 τοὺς
2314 3092 2512 3162 ἄνδρας
2546 3092 2789 3156 ἐκείνους
2813 3093 2976 3162 τιμῆς
3018 3092 3181 3160 ἀξιοῖ,
3211 3096 3305 3147 καὶ
3337 3096 3614 3164 ἡγεμόνας
3637 3097 3750 3150 τῶν

487 3201 650 3246 terra:
695 3189 1053 3258 amplectens,
1099 3186 1247 3241 foliis
1296 3195 1510 3248 ornata,
1558 3192 1614 3239 et
1643 3183 1825 3238 fructu
1852 3181 2057 3252 gravis,

486 3282 589 3335 sub
619 3296 724 3350 qua
756 3281 913 3350 122
941 3278 1128 3333 bestia:
1148 3286 1389 3347 agrestes
1409 3275 1697 3346 degebant,
1723 3282 1778 3329 et
1806 3274 2062 3329 volucres

488 3372 542 3427 in
569 3373 736 3426 ramis
779 3371 899 3440 ejus
941 3367 1318 3423 nidiﬁcabant.
1363 3366 1572 3422 Deinde
1606 3366 1659 3425 Ir
1691 3366 1870 3421 cernit
1923 3365 2062 3420 cmlo

486 3481 792 3535 egressum,
853 3465 946 3534 qui
993 3473 1248 3519 contenta
1293 3477 1425 3519 voce
1477 3461 1779 3516 clamaret:
1823 3460 2062 3514 Excidite

490 3559 750 3622 arborem,
783 3565 831 3610 et
861 3572 1036 3610 ramos
1079 3555 1193 3625 ejus
1224 3553 1446 3617 evellite,
1480 3563 1529 3605 et
1579 3553 1708 3621 [alia
1735 3552 1979 3617 decutite,
2012 3560 2062 3605 et

489 3652 720 3721 fructum
767 3647 879 3718 ejus
907 3649 1188 3716 dissipate:
1229 3661 1407 3702 verum
1439 3645 1655 3717 stirpem
1686 3645 1922 3701 radicum
1951 3647 2063 3715 ejus

490 3740 791 3811 relinquite,
840 3749 888 3793 et
925 3737 1130 3794 vinculo
1161 3738 1328 3810 ferreo
1361 3740 1555 3809 ligate:
1597 3741 1653 3796 in
1691 3739 1852 3793 herba
1881 3748 2060 3803 terrae,

489 3840 536 3890 et
562 3834 616 3887 in
642 3831 971 3887 rore'caelesti
990 3832 1266 3896 habitabit,
1293 3832 1438 3901 deget
1465 3847 1585 3886 cum
1618 3832 1816 3896 bestiis,
1837 3849 1927 3886 cor
1950 3832 2065 3900 ejus

490 3933 554 3990 ab
591 3931 885 3984 hominibus
934 3929 1271 3992 alienabitur,
1321 3935 1368 3980 et
1405 3943 1496 3982 cor
1533 3927 1710 3981 bestia:
1747 3928 1794 3981 ei
1828 3925 2063 3991 dabitur,

493 4033 541 4080 et
578 4031 772 4090 septem
801 4031 1036 4090 tempora
1058 4035 1216 4090 super
1243 4035 1301 4074 eo
1325 4019 1689 4074 mutabuntur.
1712 4019 1824 4074 Hac
1851 4019 2064 4074 visione

491 4122 802 4181 conspecta,
851 4127 1042 4166 rursus
1095 4112 1372 4181 sapientes
1416 4121 1470 4167 et
1517 4127 1702 4182 magos
1737 4111 2066 4182 Babylonios

492 4213 782 4267 convocat,
826 4204 946 4274 ejus
987 4205 1440 4274 signiﬁcationem
1484 4205 1624 4260 scire
1669 4205 1922 4274 cupiens.
1959 4204 2064 4271 Qui

491 4311 615 4349 eum
646 4304 963 4358 aastuarent,
994 4311 1096 4351 nec
1133 4297 1588 4366 signiﬁcationem
1623 4298 1820 4353 somnii
1849 4297 2061 4368 reperi-

493 4396 636 4450 rent,
711 4389 911 4443 iterum
958 4389 1024 4444 ad
1077 4390 1354 4446 Danieletn
1405 4390 1673 4461 confugit,
1729 4399 2063 4459 narratoque

493 4479 726 4545 sonmio,
753 4481 874 4549 ejus
902 4481 1298 4549 expositionem
1335 4482 1600 4551 requirit:
1641 4481 1694 4535 id
1723 4497 1848 4537 eum
1878 4496 2060 4550 posse,

491 4585 616 4624 cum
648 4583 875 4625 sanctus
913 4573 1130 4626 Domini
1161 4573 1402 4643 Spiritus
1444 4573 1499 4627 in
1539 4589 1605 4627 eo
1632 4573 1724 4627 sit.
1758 4572 1896 4625 Tum
1926 4573 2019 4626 ille
2049 4591 2061 4624 :

495 4663 717 4716 Domine
751 4665 820 4716 mi
849 4680 960 4730 rex,
992 4665 1192 4734 inquit,
1226 4666 1490 4719 somnium
1528 4666 1672 4718 istud
1693 4666 1746 4718 in
1775 4681 1860 4718 eos
1891 4673 2066 4718 verta-

493 4765 601 4822 tur,
631 4758 721 4823 qui
745 4767 795 4810 te
830 4759 1072 4812 oderunt.
1102 4758 1308 4812 Deinde
1338 4758 1795 4828 significationem
1827 4756 1879 4811 ei
1905 4771 2063 4824 expo-

491 4850 595 4907 nit.
635 4849 742 4902 hoc
779 4851 981 4904 modo:
1036 4852 1206 4905 Arbor
1238 4867 1456 4920 magna,
1507 4866 1667 4916 quam
1711 4849 1903 4913 vidisti,
1946 4863 2060 4909 rex,

491 4950 547 4994 tu
581 4958 655 5006 es,
695 4943 783 5012 qui
829 4961 1052 5015 magnus
1103 4955 1152 4997 et
1179 4953 1360 5013 potens
1391 4943 1623 5002 evasisti,
1660 4959 1723 4995 ac
1753 4940 2063 5010 magnitudo

491 5042 584 5085 tua
615 5034 801 5086 caelum
841 5036 1073 5104 attingit,
1108 5041 1157 5086 et
1202 5033 1500 5084 dominatus
1537 5039 1655 5082 tuus
1686 5030 1755 5083 ad
1785 5038 1940 5104 terra:
1968 5046 2062 5083 ea:-

491 5127 781 5180 tremitates
832 5128 1161 5196 protenditur
1202 5122 1655 5193 (magnitudinem
1685 5131 1866 5176 autem
1899 5139 2063 5178 voca-

491 5217 564 5273 vit
597 5219 890 5273 elationem
939 5216 1105 5270 animi
1141 5222 1197 5267 et
1229 5215 1481 5281 fastum).
1531 5213 1588 5266 Ir
1621 5225 1798 5268 autem
1825 5224 2059 5280 sanctus,

490 5310 583 5377 qui
611 5309 672 5361 de
695 5309 820 5365 calo
866 5306 1149 5366 descendit,
1185 5313 1259 5356 est
1289 5303 1493 5357 divin-us
1541 5305 1782 5375 angelus.
1828 5305 1966 5360 Nam
2005 5307 2063 5365 Ir

494 5401 688 5454 Crwcis
728 5398 1035 5470 vigilantem
1077 5395 1336 5461 declarat,
1389 5412 1490 5466 quo
1525 5407 1720 5450 natura
1752 5400 2057 5471 incorporea

493 5495 772 5547 innuitur:
816 5507 938 5544 nam
963 5491 1047 5542 cui
1069 5506 1256 5560 corpus
1305 5498 1399 5553 est,
1447 5491 1489 5544 is
1514 5507 1699 5545 somno
1733 5495 2060 5549 succumbit:

495 5584 581 5652 qui
608 5599 733 5644 non,
767 5589 964 5634 natura
999 5593 1073 5634 est
1120 5583 1356 5654 corporis
1390 5593 1621 5653 experte.
1664 5582 1930 5648 Quoniam
1961 5587 2064 5656 igi-

500 5683 583 5734 tur
608 5671 914 5744 vigilantem
944 5673 1098 5728 illum
1125 5674 1443 5730 clamantem
1475 5676 1670 5744 vidisti,
1706 5687 1760 5730 ut
1787 5678 1945 5733 arbor
1976 5694 2063 5732 ea:-

2163 3182 2220 3235 ἐν
2247 3183 2531 3236 Βαόυλῶνι
2561 3184 2782 3238 πάντων
2817 3184 3089 3238 Ἰουδαίων
3128 3184 3476 3256 καθίστησιν.
3523 3187 3581 3240 ’0
3595 3189 3661 3258 ρᾷ
3692 3188 3750 3240 δὲ

2166 3276 2286 3345 μετ’
2305 3276 2486 3344 ὀλίγον
2504 3279 2532 3331 ὁ
2558 3277 2841 3347 Ἀσσύριος
2863 3279 3070 3340 ἐκεῖνος
3093 3278 3348 3336 ἐνύπνιον
3373 3279 3560 3348 ἕτερον
3577 3298 3590 3312 σ
3623 3259 3755 3334 Δὲλζί

2163 3368 2288 3440 ὅρον
2314 3365 2460 3436 ἐώρα
2492 3368 2637 3439 μέγα
2682 3386 2741 3421 τε
2777 3369 2870 3421 καὶ
2915 3371 3010 3439 τῆς
3038 3370 3142 3438 γῆς
3174 3371 3430 3443 περιέχον
3464 3372 3534 3425 τὰ
3570 3375 3750 3443 πέρα-

2162 3476 2250 3525 τα,
2286 3459 2505 3529 φύλλοις
2531 3458 2922 3530 ὠραῖζόμενον,
2977 3462 3071 3516 καὶ
3128 3462 3311 3534 βρίϐον
3354 3465 3571 3536 καρπῷ.
3622 3466 3751 3520 Ὑπ’

2163 3552 2296 3608 αὐτὸ
2325 3552 2380 3606 δὲ
2412 3553 2790 3622 κατεσκήνουν
2824 3553 2892 3606 τά
2918 3553 3083 3624 θηρία
3115 3555 3180 3608 τὰ
3208 3555 3400 3626 ἄγρια.
3434 3556 3620 3610 καὶτὰ
3651 3575 3756 3611 πε.-

2161 3645 2314 3701 τεινά
2346 3647 2402 3698 ἐν
2431 3648 2546 3708 τοῖς
2589 3642 2810 3707 κλάδοις
2841 3644 3082 3717 κατῴκει
3109 3647 3296 3705 αὑτοῦ.
3336 3644 3469 3705 Εἶτα
3504 3648 3582 3719 Ὶρ
3610 3648 3755 3706 εἶδεν

2163 3737 2456 3801 οὐρανόθεν
2491 3737 2736 3805 ἐλθόντα,
2766 3744 2860 3791 καὶ
2895 3741 2954 3791 ἐν
2999 3741 3144 3812 ἰσχύϊ
3184 3735 3756 3812 φωνήσανταοῈκκόέ

2162 3831 2318 3897 grate
2347 3829 2412 3882 τὸ
2441 3828 2718 3897 δένδρον,
2776 3833 2877 3887 καί
2905 3834 3047 3902 τοὺς
3075 3837 3339 3905 κλάδους
3376 3840 3560 3894 αὐτοῦ
3589 3842 3753 3895 ἐκτι-

2162 3924 2330 3985 λατε,
2362 3921 2460 3974 καί
2507 3924 2578 3974 τὰ
2603 3923 2809 3991 φύλλα
2850 3927 3220 3996 ἐκτινάξατε,
3255 3934 3353 3985 καί
3399 3933 3758 4003 διασκορπίο-

2163 4029 2312 4068 σατε
2340 4013 2447 4068 τὸν
2481 4017 2713 4082 καρπὸν
2743 4020 2953 4081 αὐτοῦ,
2991 4023 3162 4089 πλὴν
3198 4023 3419 4078 ἐάσατε
3447 4027 3562 4095 τὴν
3583 4033 3756 4098 φυὴν

2164 4106 2283 4161 τῶν
2305 4106 2485 4175 ρίζῶν
2509 4111 2719 4177 αὑτοῦ,
2744 4113 2841 4165 καί
2885 4115 2954 4167 ἐν
2983 4115 3184 4184 δεσμῷ
3211 4119 3437 4189 σιδηρῷ
3463 4125 3562 4176 καὶ
3588 4127 3658 4179 ἐν
3679 4125 3756 4195 τῇ

2163 4200 2320 4269 χλοῇ
2347 4199 2456 4269 τῆς
2479 4201 2614 4271 τῆς,
2635 4204 2734 4256 καί
2761 4204 2831 4257 ἐν
2877 4205 2950 4274 τῇ
2977 4209 3178 4275 δρόσῳ
3200 4209 3305 4264 τοῦ
3336 4215 3600 4281 οὐρανοῦ
3647 4222 3761 4273 αὺ-

2163 4295 2544 4360 λισθιξσεται,
2572 4296 2670 4350 καί
2694 4298 2848 4366 μετὰ
2875 4299 2996 4353 τῶν
3025 4304 3244 4369 θηρίων
3269 4307 3305 4373 ἡ
3335 4309 3509 4376 μερὶς
3537 4312 3750 4375 αὑτοῦ.

2166 4384 2266 4438 καὶ
2288 4387 2324 4454 ἠ
2353 4387 2566 4454 καρδία
2591 4390 2776 4445 αὑτοῦ
2811 4391 2928 4446 ἀπὸ
2968 4393 3088 4446 τῶν
3124 4394 3453 4464 ἀνθρώπων
3489 4401 3755 4457 dlicta)-

2167 4475 2437 4546 θήσεται,
2469 4479 2568 4532 καί
2607 4481 2819 4549 καρδία
2857 4486 3068 4552 θηρίου
3097 4486 3419 4557 δοθήσεται
3441 4493 3622 4560 αὐτῷ,
3650 4499 3751 4551 καὶ

2169 4569 2320 4623 ἑπτὰ
2367 4572 2560 4638 καιροὶ
2608 4574 3064 4644 ἀλλαγήσονται
3109 4579 3203 4632 ἐπ’
3255 4584 3462 4637 αὐτόν.
3527 4585 3754 4658 Ταύτην

2173 4659 2296 4715 ίδὼν
2327 4663 2425 4732 τήν
2454 4663 2598 4732 ὄψιν,
2625 4667 2886 4732 συγκαλεῖ
2917 4667 3080 4722 πάλιν
3108 4672 3232 4734 τοὺς
3265 4674 3475 4742 μάγους
3505 4677 3752 4744 καὶτοὺς

2171 4754 2369 4818 σοφοὺς
2410 4755 2752 4823 Βαϐυλῶνος,
2792 4760 2886 4812 καὶ
2933 4759 3092 4831 ζητεῖ
3125 4764 3317 4832 μαθεῖν
3366 4769 3434 4820 τὰ
3466 4770 3536 4822 δι’
3579 4773 3752 4840 αὐτῆς

2169 4847 2564 4915 σημαινόμενα.
2596 4849 2873 4919 Ἠπόρουν
2906 4852 2951 4904 δ’
2985 4856 3208 4919 ἐκεῖνοι,
3243 4859 3341 4910 καὶ
3366 4860 3464 4913 οὐκ
3492 4856 3640 4933 εἶχον
3667 4865 3758 4918 λέ-

2163 4955 2284 5006 γειν
2315 4939 2408 4992 τοῦ
2446 4941 2699 4997 ἐνυπνίου
2720 4945 2818 5013 τὴν
2845 4946 3097 5016 δήλωσιν.
3132 4945 3261 5002 Εἶτα
3286 4953 3448 5006 πάλιν
3471 4960 3759 5027 καταφεύο

2166 5049 2254 5099 γει
2281 5033 2375 5085 ἐπὶ
2402 5033 2492 5086 τὸν
2519 5035 2736 5106 Δανιὴλ,
2764 5041 2856 5091 καὶ
2891 5041 3162 5110 διηγεῖται
3198 5044 3347 5114 αὐτῷ
3381 5047 3442 5098 τὸ
3471 5049 3753 5117 ἐνύπνιον,

2166 5126 2262 5178 καὶ
2297 5125 2450 5194 ἠξίου
2477 5126 2661 5195 λέγειν
2691 5130 2752 5182 τὸ
2784 5131 3086 5203 σύγκριμα.
3114 5135 3353 5190 Δύνασαι
3387 5140 3496 5210 γὰρ
3521 5181 3534 5202 ,
3589 5146 3754 5212 φησὶ,

2163 5217 2244 5272 ὅτι
2277 5217 2500 5288 Πνεῦμα
2525 5219 2661 5274 Θεοῦ
2693 5220 2850 5289 ἅγιον
2893 5226 2951 5277 ἐν
3001 5227 3098 5278 σοί.
3148 5228 3206 5282 '0
3252 5230 3332 5294 δὲ,
3385 5233 3565 5300 Κῦριέ
3606 5254 3756 5303 μου,

2166 5310 2632 5378 φησὶ,;βασιλεῦ,
2673 5313 2741 5368 τὸ
2792 5314 3083 5376 ἐνύπνιον
3130 5318 3308 5372 τοῦτο
3341 5321 3464 5387 τοῖς
3492 5327 3764 5392 μισοῦσι

2166 5417 2259 5457 σε.
2298 5401 2430 5457 Εἶτα
2464 5407 2562 5475 τὴν
2619 5406 2896 5477 σημασίαν
2923 5411 3201 5480 ἐξηγεῖται
3235 5414 3408 5486 αὐτῷ,
3443 5416 3540 5469 καί
3580 5435 3756 5488 φησιο

2171 5497 2242 5549 Τὸ
2271 5495 2524 5564 δένδρον
2564 5499 2628 5552 τὸ
2652 5502 2808 5570 μέγα
2859 5502 2889 5555 ὃ
2928 5503 3211 5572 ἑώρακας,
3265 5509 3346 5561 σὺ
3376 5505 3451 5573 εἶ,
3492 5504 3539 5563 ὦ
3561 5511 3759 5574 ,βασι-

2163 5587 2296 5653 λεῦ,
2327 5588 2415 5642 ὅτι
2451 5592 2862 5663 ἐμεγαλύνθης
2892 5601 2989 5650 καὶ
3033 5599 3319 5668 ἴσχυσας,
3352 5601 3451 5655 καὶ
3496 5604 3531 5671 ἡ
3566 5623 3759 5676 μεγα-

2166 5682 2399 5749 ,ιοσὺνη
2453 5698 2572 5738 σου
2614 5685 2884 5758 ἔφθασεν
2941 5693 3029 5759 είς
3078 5694 3187 5748 τὸν
3231 5696 3516 5763 οίῬανὸν,
3568 5701 3668 5753 καὶ
3715 5703 3756 5769 ἡ
