3980 6246
247 381 354 446 233

1513 385 1923 450 ANNALIUM
1966 387 2114 448 LIB.
2159 388 2277 448 ΙΙΙ.

3429 387 3536 452 234

248 494 459 563 κυρειά
487 511 607 550 σου
637 496 724 562 εις
760 493 831 549 τὰ
851 495 1078 564 πέρατα
1118 494 1228 564 τῆς
1271 492 1403 566 τῆς.
1429 489 1821 568 (Μεγαλοσύνηε

1950 497 2295 563 scinderetur,
2326 505 2376 550 et
2393 496 2551 567 stirps
2579 494 2819 549 radicum
2842 495 2954 564 ejus
2984 494 3390 566 relinqueretur,
3421 509 3533 554 etc.

239 585 295 640 δὲ
319 586 417 657 τήν
449 586 548 640 τοῦ
582 587 701 651 νοὸς
735 587 994 642 ἐκάλεσεν
1041 587 1297 658 ἔπαρσιν,
1353 589 1450 643 καὶ
1496 589 1594 644 τοῦ
1631 593 1840 663 φρονή-

245 696 412 749 ματος
433 678 495 732 τὸ
520 676 872 750 ὑπέρογκον.)
893 679 1024 732 Ὅτι
1051 678 1120 732 δὲ
1146 675 1306 746 εἶδες
1329 680 1418 749 Ἳρ
1441 679 1614 752 ἅγιον
1637 682 1706 736 ἐκ
1733 682 1840 737 τοῦ

240 771 506 840 οὐρανοῦ
546 774 990 826 καταϐαίνοντα
1014 809 1030 837 ,
1087 771 1370 826 τουτέστιν
1402 773 1634 842 ἄγγελον
1671 774 1838 830 θεῖον.

245 865 316 920 T6
333 865 444 934 γὰρ
463 866 556 934 Ἰρ
581 864 1154 934 ἐξελληνιζόμενοντ
1173 863 1246 918 ὸν
1261 861 1623 934 ἐγρηγορότα
1641 863 1838 931 δηλοῖ,

237 953 316 1011 δι’
338 951 410 1012 οὗ
437 958 503 1010 τό
534 955 858 1027 ἀσώματον
909 957 1342 1010 ὑπαινίττεται.
1391 956 1457 1010 '0
1499 955 1610 1025 γὰρ
1657 954 1832 1026 σῶμα

239 1049 652 1120 περικείμενος
705 1049 875 1114 ὕπνῳ
929 1049 1284 1104 δουλοῦταιο
1340 1050 1374 1103 ό
1410 1049 1602 1114 τούτῳ
1640 1049 1708 1102 δὲ
1748 1048 1836 1119 μὴ

237 1143 550 1198 δουλεύων
601 1141 923 1212 ἀσώματον
953 1143 1079 1210 ἔχει
1106 1143 1319 1212 φύσιν.
1345 1141 1474 1196 Ὅτι
1494 1142 1704 1196 τοίνυν
1733 1141 1840 1196 τὸν

235 1239 622 1308 ἐγρηγορότα,
654 1235 1091 1306 φησ³ιν,ἐκεῖνον
1121 1232 1280 1301 εἶδες
1314 1233 1707 1305 φωνήσαντα,
1735 1234 1836 1288 ἐκ·

236 1317 506 1401 κοπῆναι
550 1332 618 1385 τὸ
642 1331 920 1400 δένδρον,
948 1330 1200 1398 ἐαθῆναι
1235 1329 1306 1382 δὲ
1342 1328 1458 1394 τὴν
1493 1327 1663 1399 φυὴν
1715 1327 1836 1382 τῶν

225 1424 408 1493 ῥιζῶν
431 1423 620 1480 αὑτοῦ
672 1423 790 1496 (καὶ
819 1423 888 1478 τὰ
909 1423 1121 1494 λοιπὰ),
1151 1421 1354 1484 ἔλπιζε
1383 1421 1492 1492 τῆς
1506 1423 1836 1487 ,ϐασιλείας

227 1517 347 1587 μὲν
382 1515 694 1583 ἐκπεσεῖν,
729 1515 831 1570 καὶ
877 1513 986 1584 τῆς
1025 1514 1176 1585 πρὸς
1220 1514 1576 1586 ἀνθρώπους
1626 1531 1834 1569 κοινω-

231 1609 371 1674 νίας
401 1607 828 1678 ἐκδιωχθῆναι,
857 1609 1091 1678 θηρίοις
1119 1607 1188 1661 δὲ
1223 1605 1833 1674 συναυλίζεσθαι,και

229 1703 456 1772 χόρτον
510 1702 762 1769 ἐσθίειν,
807 1701 896 1772 μὴ
954 1700 1167 1770 μέντοι
1219 1699 1419 1768 πάντη
1466 1699 1834 1768 στερηθῆναι

229 1793 342 1862 τῆς
361 1793 717 1861 βασιλείας,
752 1791 1222 1861 ἐπανασωθῆναι
1271 1788 1340 1846 δέ
1369 1805 1471 1845 σοι
1513 1785 1688 1858 αὖθις
1727 1793 1833 1845 αὐ-

228 1887 364 1954 τήν.
401 1887 627 1945 Τούτου
646 1887 756 1958 γὰρ
801 1881 958 1942 εῖναι
990 1885 1371 1956 σημαντικὸν
1405 1886 1472 1938 τὸ
1512 1881 1630 1952 τὴν
1661 1883 1832 1953 φυὴν

231 1976 350 2033 τῶν
372 1977 554 2048 ῥιζῶν
578 1977 831 2048 ἐαθῆναι
865 1979 971 2034 τοῦ
988 1977 1268 2046 δένδρου.
1306 1975 1577 2047 Τοιαύτην
1607 1975 1685 2047 τῷ
1713 1975 1827 2030 Να-

230 2070 620 2147 ϐουχοδονόσορ
661 2073 691 2126 6
715 2072 914 2144 Δανιὴλ
957 2071 1058 2143 τὴν
1097 2072 1364 2144 ἐξήγησιν
1405 2068 1500 2125 τοῦ
1551 2069 1830 2142 ὁράματος

230 2164 550 2236 ἐποιήσατο,
584 2167 678 2222 καὶ
710 2167 905 2237 γέγονε
935 2165 1116 2219 πάντα
1144 2163 1284 2219 κατὰ
1311 2162 1402 2218 τδν
1433 2162 1576 2217 θεῖον
1608 2178 1830 2234 χρημα·

235 2257 457 2326 σεισμόν.
487 2258 600 2315 Καὶ
632 2259 830 2330 μανίαν
862 2259 1098 2330 νοσήσας
1126 2259 1156 2311 6
1191 2254 1448 2328 βασιλεὺς
1479 2257 1690 2318 ἐκεῖνος
1739 2253 1829 2307 διὰ

1946 590 2188 660 futurum
2221 597 2323 654 est,
2370 597 2428 642 ut
2473 603 2632 660 regno
2663 587 2898 653 excidas,
2944 597 2992 640 et
3019 590 3327 643 commercio
3358 591 3532 644 homi-

1945 699 2072 735 num
2117 681 2326 752 pulsus,
2377 684 2513 735 inter
2551 681 2743 735 bestias
2786 680 2970 750 dryas,
3015 683 3260 750 gramine
3301 698 3531 736 vescens.

1943 773 2183 844 Regnum
2214 781 2393 826 tamen
2423 789 2526 825 non
2564 773 2770 842 penitus
2799 773 3030 835 amittes,
3067 773 3157 826 sed
3184 773 3235 825 in
3264 775 3527 844 integrum

1944 867 2240 930 restitutus,
2296 865 2550 935 recipies:
2613 866 2668 918 id
2733 865 2873 919 enim
2919 853 3286 933 signiﬁcatur,
3365 868 3533 935 stirpe

1944 960 2184 1014 radicum
2220 957 2422 1013 relicta.
2451 957 2544 1012 Sic
2579 957 2747 1029 igitur
2776 957 3045 1012 visionem
3083 958 3531 1013 Nabuchodono~

1940 1051 2054 1106 sori
2103 1051 2291 1106 Daniel
2340 1051 2619 1121 exposuit.
2651 1052 2946 1122 omniaque
2978 1052 3118 1107 facta
3167 1061 3298 1107 sunt
3327 1068 3529 1108 secun-

1940 1141 2072 1197 dum
2137 1141 2384 1197 divinum
2417 1143 2743 1198 oraculum:
2782 1151 2837 1196 et
2887 1159 2980 1198 rex
3029 1143 3217 1199 furore
3259 1145 3527 1214 percitus,

1939 1236 2012 1292 ob
2053 1236 2517 1306 arrogantiamet
2563 1235 2904 1306 superbiam,
2953 1244 3077 1305 post
3109 1246 3316 1308 septem
3352 1254 3526 1293 annos

1940 1330 1996 1384 in
2025 1329 2261 1384 desertis
2287 1338 2530 1395 exactos,
2556 1345 2785 1399 regnum
2814 1330 3024 1385 interea
3055 1347 3083 1385 a
3116 1331 3338 1386 nomine
3363 1348 3526 1387 occu-

1937 1432 2123 1493 patum
2184 1423 2402 1492 recipit,
2453 1422 2672 1492 placato
2726 1422 2874 1478 Deo:
2930 1433 2986 1478 et
3029 1438 3153 1477 cum
3186 1439 3360 1479 annos
3383 1440 3523 1494 qua.

1937 1514 2189 1585 draginta
2238 1522 2349 1569 tres
2395 1520 2716 1584 regnasset,
2777 1513 3033 1567 moritur.
3093 1512 3266 1583 Hujus
3321 1515 3526 1570 multos

1934 1607 2104 1662 etiam
2135 1621 2203 1661 ex
2236 1606 2520 1661 veteribus
2559 1605 2860 1672 historicis,
2906 1606 3194 1669 Berosum,
3227 1607 3526 1662 Metasthc-

1936 1714 2086 1764 nem,
2135 1697 2378 1753 Dioclem
2421 1705 2478 1750 et
2527 1697 2921 1753 Philostratum
2973 1698 3315 1764 meminisse,
3366 1699 3526 1754 Jose-

1936 1791 2080 1862 phus
2118 1789 2306 1846 refert.
2355 1789 2494 1846 Huic
2541 1790 2822 1857 defuncto,
2863 1791 3011 1848 ﬁlius
3039 1801 3169 1846 natu
3197 1797 3370 1863 major
3399 1793 3525 1848 Evi-

1936 1882 2022 1937 lad
2050 1879 2346 1936 Marocbad
2379 1881 2434 1935 in
2464 1881 2700 1952 imperio
2733 1883 3004 1948 succedit,
3033 1881 3128 1953 qui
3180 1897 3362 1952 regem
3394 1881 3524 1938 Joa-

1930 1975 2176 2030 chimum
2221 1975 2392 2043 (idem
2437 1983 2495 2030 et
2548 1974 2846 2030 Jecbonias
2898 1975 3054 2046 123
3104 1976 3458 2046 appellatur),
3493 1992 3523 2030 a

1930 2065 2480 2124 Nabuchodonosore
2532 2066 2590 2121 in
2643 2067 2884 2124 vinculis
2935 2067 3208 2134 habitum,
3247 2068 3430 2133 solvit,
3467 2081 3524 2125 et

1931 2160 2238 2216 honoriﬁce
2271 2168 2492 2224 tractat,
2519 2161 2846 2217 muneribus
2881 2161 3068 2229 allicit,
3102 2171 3158 2218 et
3191 2170 3520 2233 perpetuum

1933 2251 2309 2308 convictorem
2340 2250 2532 2307 habet.

233 2354 295 2408 τὸ
321 2353 644 2419 ἀλαζονικόν
678 2370 739 2408 τε
771 2355 866 2408 καὶ
897 2353 1275 2424 ὑπερήφανον,
1312 2351 1410 2406 καὶ
1439 2350 1537 2404 ἐπὶ
1557 2348 1658 2420 τῆς
1713 2347 1927 2420 ἐρήμου
1989 2342 2280 2414 διατρίψας
2342 2344 2662 2411 ἑπταετίαν,
2688 2345 2904 2410 οὐδενὸς
2969 2345 3296 2418 ἐπιθεμένου
3320 2347 3386 2418 τῇ
3425 2345 3526 2416 βα-

232 2448 409 2520 σιλείᾳ
455 2449 648 2516 αὑτοῦ,
679 2448 846 2503 πάλιν
878 2445 1258 2518 ἀπολαμϐάνει
1284 2445 1478 2516 αὐτὴν,
1535 2442 1906 2513 ἱλεωσάμενος
1973 2441 2068 2494 τόν
2119 2439 2276 2494 Θεόν.
2343 2441 2482 2512 Ἒτη
2506 2440 2561 2494 δὲ
2587 2441 2717 2512 τρία
2751 2440 3084 2512 βασιλεύσας
3112 2442 3209 2496 καὶ
3241 2442 3517 2513 τεσσαρά.

228 2542 675 2615 κοντα,τελευτᾷ.
698 2541 1028 2613 Μεμνῆσθαι
1051 2539 1109 2593 δὲ
1136 2537 1303 2593 αὑτοῦ
1329 2535 1638 2609 όίώσηπος
1701 2534 1850 2604 λέγει
1892 2533 1989 2588 καὶ
2033 2533 2265 2596 πολλοὺς
2298 2531 2407 2587 τῶν
2473 2533 2720 2605 ἀρχαίων
2757 2535 3070 2606 ἱστορικῶν,
3111 2535 3202 2589 τόν
3227 2552 3286 2588 τε
3324 2535 3522 2608 Βηρω-

229 2636 354 2700 σδν,
387 2637 485 2690 καὶ
523 2635 614 2690 τὸν
662 2632 1010 2703 Μεγασθένη,
1041 2631 1253 2685 καὶτὸν
1294 2628 1544 2696 Διοκλέα,
1577 2629 1674 2684 καὶ
1722 2628 1814 2682 τὸν
1851 2627 2239 2699 Φιλόστρατον.
2307 2625 2515 2681 Τούτου
2564 2627 2624 2682 δὲ
2689 2627 3145 2699 τελευτήσαντος,
3177 2631 3377 2685 Εὐῖλὰδ
3399 2633 3523 2686 Μα-

229 2727 415 2800 ρωχάδ
444 2731 472 2780 6
496 2727 612 2791 υἱὸς
662 2724 830 2780 αὐτοῦ
859 2724 888 2778 6
943 2722 1322 2796 πρεσϐύτερος
1360 2721 1462 2792 τήν
1493 2722 1670 2794 ἀρχὴν
1725 2719 2059 2791 διαδέχεται.
2121 2721 2219 2784 Ὃς
2251 2719 2452 2774 αὐτίκα
2507 2719 2626 2774 λύει
2660 2720 2760 2789 μὲν
2793 2721 2902 2776 τῶν
2927 2723 3145 2794 δεσμων
3170 2722 3263 2778 τὸν
3291 2723 3520 2795 βασιλέα

241 2822 529 2890 ἰωακεὶμ,
567 2818 661 2873 τὸν
682 2819 778 2873 καὶ
815 2816 1078 2888 Ἰεχονίαν
1111 2814 1470 2887 καλούμενον,
1531 2815 1592 2870 ὃν
1655 2812 2059 2884 καθειργμένον
2124 2807 2274 2883 εἶχεν
2325 2813 2354 2866 ό
2421 2813 2921 2887 Ναϐουχοδονόσορ,
2972 2817 3070 2871 καὶ
3121 2818 3292 2889 τιμῆς
3325 2820 3513 2884 ἀξιοῖ·

230 2914 418 2970 δίδωσι
467 2913 526 2966 δέ
562 2911 658 2966 καὶ
703 2911 915 2982 δωρεὰς
948 2910 1120 2978 αὐτῷ,
1177 2909 1274 2963 καὶ
1316 2908 1628 2980 ὁμοδίαιτον
1666 2901 1782 2978 εἶχε
1811 2903 2134 2966 διαπαντός.

317 3006 396 3062 Ε’.
448 3006 560 3062 Καὶ
596 3005 785 3060 τούτου
815 3005 872 3058 δὲ
910 3003 1302 3077 παρελθόντος,
1337 3002 1417 3066 εἰς
1455 3000 1548 3068 τὸν
1595 2999 1826 3069 ἀδελφὺν

227 3098 396 3156 αὐτοῦ
432 3096 705 3170 μετῖδλθεν
741 3097 775 3168 ὴ
813 3095 1083 3167 βασιλεία,
1119 3094 1414 3164 Βαλτάσαρ
1441 3090 1777 3164 καλούμενον
1804 3104 1820 3120 ο

1998 2997 2064 3053 ν.
2094 2996 2174 3051 Eo
2206 3011 2426 3068 quoque
2459 3007 2702 3064 mortuo,
2737 3014 2970 3072 regnum
3014 3000 3083 3055 ad
3134 3000 3361 3058 fratrem
3395 3005 3516 3074 eius

1923 3091 2309 3146 Baltbasarum
2357 3091 2576 3156 transit,
2623 3093 2718 3163 qui
2764 3092 2893 3166 Cyri
2949 3094 3118 3149 ductu
3153 3104 3210 3150 et
3248 3097 3515 3167 auspiciis

228 3193 353 3248 καθ’
397 3185 460 3246 οῦ
492 3191 675 3262 Κῦρος
709 3189 850 3261 μετὰ
880 3187 1106 3260 Περσῶν
1149 3205 1209 3242 τε
1247 3187 1345 3242 καὶ¹
1384 3185 1585 3258 Μήδων
1620 3186 1818 3257 ἐστρά-

1926 3199 1955 3239 a
1985 3184 2170 3240 Persis
2202 3192 2259 3238 et
2297 3183 2472 3240 Medis
2503 3193 2588 3240 est
2627 3195 2998 3257 Oppugnatus.
3051 3186 3148 3242 Hic
3187 3189 3514 3258 proceribus

227 3303 448 3342 τευσεν.
496 3279 667 3349 Οῦτος
701 3283 830 3353 γοῦν
867 3283 1031 3336 πότον
1075 3282 1312 3352 ποιήσας
1338 3280 1453 3343 τοῖς
1497 3279 1820 3350 μεγιστᾶσιν

230 3376 424 3443 αὐτοῦ,
449 3375 547 3430 καὶ
582 3374 722 3446 μετὰ
748 3375 858 3428 τῶν
893 3373 1190 3428 παλλακῶν
1206 3371 1609 3442 κατακείμενός
1635 3389 1694 3426 τε
1724 3371 1820 3424 καὶ

235 3467 672 3539 μεθυσκόμενος,
723 3465 1012 3519 ἐκέλευσεν
1070 3463 1355 3535 ἐνεχθῆναι
1411 3464 1479 3517 τὰ
1537 3461 1707 3533 σκεύη
1753 3463 1820 3518 τὰ

233 3558 377 3629 ἱερὰ,
403 3556 440 3612 ἃ
469 3557 532 3622 ἐξ
563 3555 955 3628 Ἱεροσολύμων
979 3557 1006 3609 ό
1031 3553 1506 3624 Ναϐουχοδονόσορ
1532 3553 1815 3624 ἐσύλησεν,

231 3652 324 3704 καὶ
353 3651 468 3714 τοῖς
508 3649 733 3714 οἰκείοις
789 3648 932 3712 θεοῖς
968 3647 1310 3702 ἀνατέθεικε.
1352 3645 1740 3718 Κομισθέντων
1773 3646 1819 3700 δ’

232 3743 479 3809 ἐκείνων,
531 3737 613 3807 οἷς
649 3745 677 3796 6
714 3741 898 3814 πατὴρ
946 3741 1112 3796 αὑτοῦ
1154 3741 1256 3796 οὐκ
1302 3741 1598 3811 ἐχρήσατο,
1655 3739 1819 3804 αὐτὸς

233 3836 507 3907 ἐκέχρητο
533 3833 769 3896 τούτοις.
830 3835 926 3888 καὶ
989 3834 1199 3904 μεταξὺ
1256 3832 1430 3886 πίνων
1474 3831 1818 3903 ἐϐλασφήμει

230 3927 372 3981 κατὰ
400 3926 498 3980 τοῦ
530 3923 689 3980 Θεοῦ.
735 3925 869 3998 ’0ρᾷ
892 3925 1075 3980 τοίνυν
1108 3924 1459 3996 ἀστράγαλον
1487 3927 1553 3978 ἐκ
1587 3923 1681 3978 τοῦ
1709 3924 1818 3977 τοί-

229 4036 324 4089 χου
361 4019 628 4090 προϊόντα
657 4018 843 4090 χειρὸς
875 4018 1249 4090 ἀνθρωπίνης,
1284 4017 1383 4073 καὶ
1417 4018 1696 4088 γράφοντα
1724 4017 1817 4070 ἐπὶ

228 4110 290 4165 τὸ
319 4111 563 4182 κονίαμα
589 4111 684 4165 τοῦ
715 4112 924 4183 τοίχου,
980 4111 1074 4165 καὶ
1125 4111 1345 4181 ἐξέστη,
1404 4111 1501 4164 καὶ⁹
1556 4112 1590 4182 ή
1629 4111 1816 4182 μορφὴ

228 4203 396 4258 αὑτοῦ
418 4204 714 4276 ήλλοιὼθη.
736 4207 845 4260 Καὶ
867 4205 993 4270 τοὺς
1017 4204 1321 4268 Χαλδαίους
1342 4204 1582 4268 καὶτοὺς
1605 4203 1815 4276 μάγους

228 4297 493 4363 καλέσας,
534 4297 636 4369 τὴν
667 4295 776 4352 τῶν
806 4298 1155 4369 γραμμάτων
1191 4297 1391 4370 ἀπῄτει
1429 4298 1685 4369 δήλωσιν,
1721 4294 1814 4350 καὶ

225 4389 466 4459 ἀμοιϐάς
504 4390 751 4459 μεγάλας
800 4390 993 4444 δώσειν
1050 4388 1287 4460 ἐκήρυξε
1336 4389 1416 4462 τῷ
1463 4388 1814 4460 σαφηνίζοντι

223 4483 323 4554 τὴν
353 4483 638 4553 σημασίαν
679 4483 880 4538 αὐτῶν.
927 4481 1070 4536 Ἀλλ’
1109 4478 1251 4554 ἦσαν
1285 4481 1541 4552 ἄγνωστοι
1570 4483 1706 4536 πᾶσι
1744 4480 1814 4534 τὰ

1923 3276 1992 3331 ad
2024 3277 2494 3348 compotationem
2540 3276 2810 3340 invitatis.
2858 3295 2984 3334 cum
3031 3279 3360 3338 concubinis
3397 3284 3512 3337 suis

1923 3370 2283 3434 accumbens.
2309 3377 2477 3441 atque
2512 3369 2840 3436 inebriatus,
2885 3389 3041 3428 sacra
3069 3389 3216 3440 vasa,
3249 3389 3372 3445 qua:
3400 3377 3508 3432 Na-

1923 3461 2356 3520 buchodonosor
2391 3464 2788 3537 Hierosolymis
2814 3467 3052 3538 direpta,
3093 3468 3202 3523 diis
3230 3469 3348 3524 suis
3372 3485 3509 3524 con-

1922 3565 2190 3622 secrarat,
2239 3555 2426 3611 afferri
2474 3557 2651 3628 jubet,
2694 3567 2862 3628 atque
2913 3559 2979 3614 iis
3019 3559 3216 3625 utitur,
3269 3576 3507 3630 quorum

1924 3662 2028 3704 usu
2079 3657 2237 3718 pater
2280 3648 2667 3704 abstinuerat:
2703 3649 2946 3720 dumque
2983 3652 3128 3706 inter
3160 3653 3358 3722 pocula
3389 3654 3510 3709 bla~

1921 3738 2173 3809 sphemat
2216 3739 2413 3806 Deum,
2473 3739 2623 3795 videt
2675 3740 2878 3812 digitos
2931 3743 3184 3800 humana:
3237 3761 3435 3802 manus
3479 3764 3510 3804 ο

1921 3831 2133 3903 pariete
2188 3835 2530 3905 prodeuntes
2581 3834 2640 3889 in
2687 3837 2917 3890 tectorio
2951 3837 3179 3907 parietis
3217 3841 3506 3896 scribere:

1920 3925 2127 3996 quibus
2203 3928 2523 3997 conspectis
2586 3927 3028 3997 obstupefactus,
3105 3939 3220 3986 toto
3274 3948 3507 4005 corpore

1919 4017 2214 4080 cohorruit
2245 4035 2259 4072 :
2285 4025 2341 4073 et
2360 4014 2633 4074 Chaldaeis
2657 4034 2723 4073 ac
2750 4019 2923 4090 magis
2956 4021 3262 4088 accersitis,
3296 4025 3509 4095 magnis

1921 4109 2220 4180 propositis
2247 4110 2596 4175 muneribus,
2625 4110 2959 4165 sententiam
2995 4110 3305 4167 litterarum
3332 4111 3402 4166 ab
3425 4112 3508 4168 eis

1920 4201 2182 4272 requirit.
2223 4199 2331 4257 Sed
2361 4201 2638 4272 scriptura
2686 4202 2778 4256 illa
2827 4202 3012 4274 ignota
3061 4211 3181 4258 erat
3223 4205 3507 4265 omnibus.

1917 4291 2287 4360 Quamobrem
2367 4294 2491 4350 avia
2552 4309 2736 4365 regem
2793 4295 3006 4350 tristem
3057 4296 3394 4366 conSpicata,
3451 4308 3508 4354 et

1918 4385 2328 4456 perturbatum,
2363 4385 2442 4441 ait
2471 4403 2485 4442 :
2523 4384 2580 4442 Si
2612 4385 2900 4442 Baltassar
2927 4385 3154 4444 Iudaeus
3181 4403 3504 4444 accersere-

1918 4493 2028 4548 tur,
2080 4483 2176 4553 qui
2225 4492 2284 4540 ct
2339 4481 2880 4541 Nabuchodonosori
2923 4486 3096 4542 multa
3147 4485 3507 4558 significavit,

223 4576 617 4646 γεγραμμένα.
666 4573 1014 4646 Ἀθυμοῦντα
1045 4574 1102 4628 δέ
1132 4578 1223 4630 τὸν
1262 4573 1489 4646 βασιλέα
1529 4574 1624 4628 καὶ
1653 4590 1810 4627 τετα-

1926 4593 2040 4648 quae
2070 4593 2233 4634 nemo
2280 4578 2424 4635 alius
2468 4579 2746 4650 explicare
2785 4582 3054 4652 potuerit,
3082 4598 3209 4638 eum
3240 4599 3504 4640 arcanum

228 4669 505 4737 ραγμένον
537 4665 722 4722 ἰδοῦσα
744 4669 778 4739 ή
825 4669 1028 4740 μάμμη
1074 4667 1262 4734 αὐτοῦ,
1304 4669 1434 4739 ἐφη,
1461 4667 1537 4732 ὼς
1563 4667 1612 4721 εἰ
1646 4683 1811 4737 μετα-

223 4761 454 4831 πεμφθῇ
485 4760 777 4833 Βαλτάσαρ
806 4763 834 4816 6
857 4761 1134 4827 Ἰουδαῖος,
1158 4761 1216 4827 ὃς
1238 4763 1335 4816 καὶ
1365 4762 1442 4835 τῷ
1471 4760 1811 4830 Ναὸουχοδο-

221 4853 384 4926 νόσορ
444 4851 621 4908 πολλὰ
673 4854 972 4925 ἐσήμανεν,
1004 4853 1041 4909 ά
1089 4855 1277 4925 ἕτερος
1307 4856 1581 4926 ἐκφράσαι
1634 4854 1810 4917 οὐδεὶς

216 4943 481 5014 ἠδύνατο,
543 4945 751 5010 ἐκεῖνός
808 4963 892 5000 σοι
951 4948 1014 5002 τὸ
1067 4949 1381 5020 ἀπόρρητον
1433 4947 1641 5002 τούτων
1699 4946 1808 5000 τῶν

221 5038 510 5092 συλλαϐῶν
541 5041 822 5109 σημανεῖ·
874 5039 993 5094 ἐστι
1043 5041 1153 5112 γὰρ
1194 5042 1421 5112 Πνεῦμα
1476 5041 1634 5110 ἅγιον
1667 5040 1804 5095 Θεοῦ

221 5129 281 5182 ἐν
301 5129 476 5201 αὐτῷ.
495 5129 705 5184 Λύτίκα
726 5131 910 5186 τοίνυν
931 5133 1164 5196 καλέσας
1188 5133 1278 5186 τὸν
1299 5134 1496 5205 Δανιὴλ
1516 5137 1542 5188 6
1564 5135 1804 5206 κρατῶν,

217 5221 370 5291 ήξίου
421 5223 621 5293 δηλοῦν
661 5225 814 5296 αὐτῷ
857 5227 990 5296 περὶ
1019 5227 1128 5280 τῶν
1158 5229 1531 5298 γραμμάτων,
1579 5230 1674 5283 καὶ
1728 5231 1806 5302 μὴ

220 5314 623 5387 ὑποσταλῆναι,
682 5318 788 5374 κᾶν
853 5319 939 5390 εἴη
996 5319 1326 5391 σκυθρωπὸν
1369 5322 1428 5374 τὸ
1485 5322 1577 5376 ὑπ’
1625 5323 1807 5377 αὐτῶν

215 5409 632 5480 σημαινόμενον
662 5425 676 5439 ·
708 5410 804 5464 καὶ
829 5410 998 5483 γέρας
1022 5411 1218 5466 δώσειν
1243 5412 1392 5484 αὐτῷ
1434 5415 1807 5482 ἐπηγγέλλετο

224 5504 519 5576 πορφύραν
545 5504 877 5574 ἐνδεδύσθαι,
905 5509 1000 5560 καὶ
1031 5508 1417 5578 περιαυχένιον
1451 5509 1681 5581 χρύσεον
1713 5510 1808 5564 καὶ

219 5596 282 5650 τὸ
305 5597 489 5668 τρίτον
510 5597 608 5664 τῆς
631 5597 808 5668 ἀρχῆς
835 5599 1021 5670 μέρος.
1049 5599 1250 5672 Δανιὴλ
1274 5598 1330 5653 δὲ
1352 5600 1450 5664 τὰς
1476 5601 1574 5672 μὲν
1595 5601 1807 5672 δωρεὰς

222 5692 540 5760 παρῃτεῖτο,
577 5689 808 5760 μηνύειν
837 5691 882 5744 δ’
927 5690 1116 5760 ἐλεγεν
1170 5691 1320 5763 αὐτῷ
1349 5693 1418 5746 τά
1443 5695 1807 5765 γεγραμμένα

223 5779 317 5832 τοῦ
349 5781 466 5851 βίου
493 5781 905 5853 καταστροφὴν,
952 5783 1035 5836 ὅτι
1069 5783 1194 5853 μηδ’
1229 5777 1310 5846 οἷς
1356 5784 1383 5836 6
1420 5783 1606 5855 πατὴρ
1641 5785 1806 5837 αὑτοῦ

223 5870 294 5928 δι’
320 5875 578 5930 ἀσέϐειαν
609 5873 903 5942 ἐκολάσθη,
925 5875 1304 5947 ἐσωφρονίσθη
1325 5876 1509 5948 αὐτὸς,
1533 5876 1668 5935 ἀλλὰ
1694 5880 1806 5944 τοῖς

345 5963 354 5976 ’
488 5969 764 6032 ΡΑτεοι..
811 5968 933 6032 Gn.
981 5970 1316 6036 CXXXIV.

1918 4670 2254 4742 syllabarum
2297 4671 2514 4727 illarum
2546 4671 2957 4728 declaraturam
2992 4691 3006 4728 :
3041 4689 3163 4730 esse
3193 4676 3342 4732 enim
3378 4692 3507 4732 san-

1915 4771 2066 4817 ctum
2101 4763 2198 4818 Dei
2232 4764 2505 4834 Spiritum
2535 4764 2588 4819 in
2623 4780 2714 4821 eo.
2753 4764 2949 4821 Statim
2982 4767 3152 4838 igitur
3176 4783 3270 4824 rex
3300 4769 3504 4838 Danie-

1913 4857 2020 4912 lem
2053 4858 2264 4914 accersi
2293 4858 2472 4929 jubet.
2515 4857 2770 4930 ﬂagitans
2810 4862 3102 4931 scriptura:
3138 4862 3288 4918 illius
3314 4863 3502 4920 decla-

1912 4948 2212 5014 rationem,
2245 4947 2386 5004 citra
2410 4948 2912 5008 dissimulationem
2945 4966 3188 5019 omnem,
3216 4954 3320 5010 etsi
3344 4955 3501 5010 triste

1911 5041 2123 5111 aliquid
2163 5043 2564 5112 portenderet:
2616 5046 2877 5099 daturum
2919 5044 3198 5116 pollicitus
3224 5046 3502 5118 gestanda:

1911 5150 2174 5205 purpura:
2204 5145 2261 5193 et
2295 5138 2508 5208 torquis
2537 5137 2696 5193 aurei
2732 5138 2844 5209 jus,
2877 5146 2934 5196 et
2965 5140 3184 5196 tertiam
3225 5137 3380 5210 regni
3407 5140 3496 5196 sui

1910 5239 2144 5302 partem.
2179 5231 2369 5287 Daniel
2401 5247 2533 5288 vero
2563 5232 2891 5290 muneribus
2927 5234 3216 5300 recusatis,
3247 5230 3496 5298 dicebat,

1909 5323 2241 5387 scripturam
2265 5324 2315 5379 ei
2347 5324 2560 5380 obitum
2592 5327 2947 5395 portendere,
2983 5326 3130 5397 quod
3162 5339 3231 5381 ne
3253 5335 3499 5396 paterna:

1909 5415 2131 5487 quidem
2190 5417 2493 5488 impietatis
2535 5433 2698 5489 pinna
2742 5419 2922 5475 iactus
2976 5427 3126 5476 esset
3171 5417 3495 5483 modestior.

1910 5505 2006 5560 sed
2045 5505 2248 5562 divinis
2291 5509 2441 5565 vasis
2486 5525 2613 5565 cum
2644 5510 2975 5567 concubinis
3017 5508 3084 5564 ad
3119 5509 3494 5566 ministerium

1909 5609 2058 5655 esset
2089 5616 2242 5657 usus.
2280 5601 2523 5658 Litteras
2548 5618 2681 5658 vero
2708 5603 2784 5658 ita
2819 5602 3080 5674 legebat:
3110 5602 3282 5668 Mani,
3317 5603 3493 5670 Tekel,

1909 5691 2110 5748 Phares
2142 5709 2161 5748 :
2191 5710 2423 5765 quarum
2457 5695 2916 5766 signiﬁcationem
2966 5696 3048 5751 sic
3093 5696 3496 5767 interpretaba-

1911 5794 2001 5840 tur
2029 5803 2042 5841 :
2085 5785 2399 5842 Numeravit
2435 5786 2577 5842 Deus
2602 5795 2804 5859 tempus
2836 5791 2960 5844 vitae
2985 5798 3116 5857 tua',
3148 5801 3307 5861 atque
3328 5791 3494 5857 impe-

1913 5879 1978 5934 rii
2027 5881 2127 5949 tui,
2171 5881 2320 5952 cujus
2359 5897 2644 5956 pet-parum
2688 5891 2948 5954 superest.
2987 5881 3122 5940 Nam
3161 5882 3491 5938 vocabulum

3133 5983 3167 6039 8
