3980 6246
497 373 606 439 235
1823 369 2150 433 JOANNI‘S
2188 368 2508 432 ZONARE
3660 370 3763 442 236

492 488 660 553 Mani,
699 483 909 542 Grmcis
952 494 1039 541 est
1078 488 1384 552 numerus;
1421 483 1597 549 Tekel,
1625 483 1862 555 spatium
1887 500 1898 535 :
1923 481 2073 552 quod

2185 478 2406 535 σκεύεσι
2436 479 2531 536 τοῦ
2564 477 2703 534 Θεοῦ
2737 478 2877 551 μετὰ
2901 480 3013 535 τῶν
3044 461 3452 548 παλλακῶνἐίς
3487 483 3750 542 διακονίαν

497 582 640 637 Deus
673 579 907 635 limitem
933 577 1089 649 regni
1111 579 1230 650 ejus
1253 576 1655 644 constituisset,
1679 576 1827 647 quod
1858 576 2082 646 quidem

2188 574 2479 646 ἐχρήσατο.
2502 573 2583 627 Τὰ
2607 573 2705 645 μὲν
2727 572 2822 628 οῦν
2842 576 3148 647 γράμματα
3173 574 3532 645 ἀνεγίνωσκεν
3553 578 3714 643 οὕτως
3731 597 3747 614 ο

494 674 758 730 deorsum
781 678 1039 742 vergeret
1061 670 1514 743 etirangeretur.
1540 669 1678 725 Nam
1718 669 1871 724 Tekel
1914 669 2082 724 etiam

2186 668 2386 737 Μανὴ,
2435 668 2645 735 eam,
2693 669 2905 739 Φαρές.
2961 670 3077 742 Τὴν
3128 669 3185 724 δὲ
3242 670 3448 725 τούτων
3485 674 3748 743 σημασίαν

495 769 738 840 fragmen
763 763 1039 837 significat
1060 764 1247 835 lingua
1276 764 1486 819 Graeca.
1521 761 1726 820 Phares
1751 761 2082 817 divisionem

2188 758 2512 830 ἑρμηνεύων
2531 759 2717 830 ἔλεγεν
2736 777 2753 793 ο
2795 759 3160 832 Ἠρίθμησεν
3185 765 3220 817 δ
3246 763 3390 830 Θεὸς
3410 762 3517 818 τὸν
3540 767 3752 834 χρόνον

495 861 992 932 interpretabatur,
1029 857 1176 928 quod
1210 872 1440 926 regnum
1484 856 1607 928 ejus
1643 855 1787 911 inter
1817 855 2006 911 Medos
2027 865 2082 914 et

2186 849 2298 920 τῆς
2332 849 2477 920 ζωῆς
2511 866 2654 919 σου,
2691 854 2787 909 καί
2817 854 2931 924 τῆς
2959 854 3156 925 ἀρχῆς
3183 869 3322 924 σου,
3363 858 3462 913 καί
3490 860 3572 926 είς
3609 859 3752 931 ἄγαν

500 950 697 1004 Persas
758 964 788 1002 a
840 948 954 1003 Deo
1005 946 1455 1002 distribuendum
1509 953 1677 1000 esset.
1737 944 2082 1015 Scripturam

2185 941 2383 1011 βραχὺ
2413 942 2838 1014 περιέστησεν.
2883 945 3372 1021 Ἐξελληνιζομόνη
3419 952 3576 1023 καὶή
3618 951 3751 1018 λέξις

499 1044 669 1114 igitur
713 1042 943 1113 parietis
995 1040 1070 1095 ita
1110 1039 1262 1110 legit,
1313 1038 1500 1109 itaque
1546 1038 1787 1110 syllabas
1816 1052 1911 1093 eas
1939 1039 2082 1093 inter

2186 1031 2388 1102 λέγοιτ’
2421 1033 2489 1089 ἂν
2540 1033 2775 1108 ἀριθμός
2803 1049 2821 1072 ο
2876 1036 3021 1092 οῦτω
3072 1039 3174 1110 μὲν
3226 1039 3321 1095 οῦν
3354 1042 3661 1114 ήρμήνευσε
3695 1046 3750 1097 τὸ

498 1150 621 1190 sese
667 1133 1031 1205 comparavit,
1078 1132 1183 1186 hoc
1229 1141 1337 1194 est,
1390 1131 1788 1201 interpretatus
1813 1140 1918 1194 est,
1955 1143 2084 1201 rege

502 1242 741 1283 maerore
791 1227 1010 1289 all‘ccto,
1057 1240 1161 1279 nec
1214 1225 1309 1279 diu
1360 1233 1484 1294 post
1543 1223 1829 1293 propheta
1879 1222 2083 1295 praedi-

500 1323 682 1378 ctione
716 1319 875 1392 125.
915 1330 1116 1374 eventu
1151 1319 1532 1388 comprobata,
1582 1331 1706 1372 cum
1737 1316 1915 1389 Cyrus
1946 1317 2084 1372 Per-

499 1431 684 1472 sarum
723 1431 816 1469 rex
863 1412 1007 1467 bello
1055 1411 1229 1475 illato,
1269 1410 1602 1482 Babylonem
1650 1411 1817 1480 capit,
1865 1410 2085 1465 Baltha-

499 1521 625 1563 sarc
686 1506 740 1559 in
813 1504 1135 1574 captivitate
1194 1503 1350 1559 urbis
1401 1502 1715 1559 interfecto.
1783 1502 1924 1558 Sunt
1987 1502 2082 1573 qui

501 1605 771 1661 asserant,
802 1595 996 1650 eadem
1038 1605 1225 1661 nocte,
1255 1612 1362 1665 qua
1396 1596 1496 1651 visi
1530 1602 1716 1651 essent
1748 1594 1902 1665 digiti
1943 1595 2083 1649 scri-

501 1693 713 1755 bentes,
756 1699 813 1744 et
860 1688 1192 1760 Babylonem
1238 1698 1480 1758 captam,
1528 1697 1586 1743 et
1643 1702 1829 1757 regem
1879 1701 2082 1743 caesum

2183 1125 2382 1194 Μανῆ.
2426 1126 2502 1181 Τδ
2545 1128 2605 1182 δέ
2645 1144 2711 1197 γε
2746 1131 2955 1200 Θεκὲλ,
2995 1132 3285 1203 σημαίνειν
3341 1134 3445 1206 ἔφη
3503 1136 3749 1206 σταθμόν.

2185 1218 2402 1290 Στήσας
2435 1219 2527 1274 οῦν
2555 1222 2650 1276 τὸν
2677 1222 2804 1294 ὅρον
2831 1224 2933 1294 τῆς
2969 1223 3254 1295 βασιλείας
3286 1243 3382 1281 σου
3415 1230 3444 1281 6
3475 1226 3626 1296 Θεὸς,
3662 1245 3753 1281 κα-

2184 1312 2524 1388 ταφέρεσθαι
2598 1315 2805 1387 ταύτην
2884 1316 3038 1387 δηλοῖ
3099 1320 3195 1373 καὶ
3260 1318 3560 1373 κεκλᾶσοαι
3586 1335 3601 1351 ο
3665 1319 3754 1372 καὶ

2185 1409 2411 1479 κλάσμα
2466 1407 2578 1479 γὰρ
2640 1408 2702 1461 τὸ
2761 1408 2950 1463 Θεκὲλ
3016 1410 3277 1482 σημαίνει
3350 1410 3475 1464 καθ’
3544 1410 3755 1465 Ἐλλάδα

2183 1504 2481 1559 διάλεκτον.
2510 1503 2579 1558 Τὸ
2592 1502 2806 1573 Φαρὲς,
2823 1503 3089 1576 διαίρεσιν
3105 1502 3426 1575 ἑρμηνεύων
3443 1506 3471 1557 6
3484 1505 3755 1574 προφήτης

2186 1596 2364 1668 (τοῦτο
2399 1596 2508 1667 γὰρ
2540 1599 2619 1662 είς
2650 1596 2885 1666 Ἕλληνα
2925 1597 3169 1670 φωνὴνή
3225 1596 3374 1662 λέξις
3420 1596 3771 1666 μεταγομένηο

2183 1688 2357 1759 δηλοῖ)
2387 1688 2732 1761 διαιρεθῆναι
2775 1689 2879 1762 τὴν
2920 1689 3204 1761 βασιλείαν
3255 1689 3427 1746 αὐτοῦ
3468 1688 3649 1757 ἔλεγεν
3680 1689 3755 1749 είς

498 1800 642 1842 esse.
670 1784 942 1839 Caeterum
991 1791 1116 1853 post
1168 1782 1325 1837 urbis
1367 1781 1770 1852 captivitatem,
1819 1781 2010 1835 Daniel
2051 1794 2082 1834 a

2186 1781 2406 1854 Πέρσας
2435 1781 2534 1835 καὶ
2575 1782 2799 1854 Μήδους
2842 1782 2997 1851 παρά
3038 1782 3199 1837 Θεοῦ.
3239 1783 3324 1836 Τά
3367 1783 3466 1853 μὲν
3488 1777 3581 1837 οῦν
3605 1781 3660 1833 tv
3685 1777 3754 1848 τῷ

505 1877 666 1932 Dario
712 1876 890 1942 Medo,
932 1842 1026 1945 qui
1075 1884 1132 1931 et
1175 1842 1454 1942 Cyaxares
1499 1842 1917 1940 nominabatur,
1953 1870 2082 1944 Cyri

2187 1842 2355 1947 τοίχῳ
2381 1842 2745 1947 γεγραμμένα
2777 1842 2950 1939 οὕτως
2984 1876 3196 1945 ἀνέγνω
3222 1877 3253 1929 ό
3281 1842 3511 1948 Δανιὴλ,
3542 1876 3632 1928 καὶ
3656 1842 3756 1925 sot-

501 1970 833 2034 avnnculus,
879 1968 1027 2024 illius
1078 1968 1330 2041 Astyagis
1371 1966 1656 2024 Medorum
1685 1966 1851 2038 regis,
1881 1967 1937 2022 in
1967 1966 2082 2021 Me-

502 2061 647 2116 diam
682 2060 1000 2129 translatus,
1034 2060 1184 2115 omni
1223 2059 1435 2116 honore
1470 2057 1835 2114 aﬂlciebatur.
1867 2056 1986 2123 Qua
2013 2056 2083 2113 de

501 2169 668 2210 causa
717 2154 1001 2209 Medorum
1038 2153 1325 2225 principes
1364 2153 1416 2207 ei
1463 2151 1799 2216 invidentes,
1853 2150 2083 2206 insidias

502 2257 695 2320 parant
728 2246 853 2302 vitae
868 2249 1008 2318 ejus.
1046 2245 1178 2299 Nam
1212 2260 1338 2301 cum
1364 2260 1491 2300 eum
1522 2244 1771 2316 quotidie
1806 2253 1889 2299 ter
1908 2244 2081 2298 Deum

500 2342 824 2398 adorantem
868 2340 1149 2404 viderent,
1194 2337 1426 2410 Cyaxari
1468 2338 1585 2394 sive
1622 2337 1788 2392 Dario
1826 2343 2082 2392 auctores

501 2445 632 2491 sunt
679 2433 919 2489 ferenda:
962 2432 1120 2504 legis,
1177 2440 1235 2487 ut
1280 2432 1429 2486 intra
1469 2430 1587 2486 dies
1628 2430 1851 2502 triginta
1900 2445 2081 2499 neque

500 2531 635 2586 deos
681 2527 875 2582 adoret
923 2526 1242 2596 quisquam,
1270 2539 1452 2594 neque
1486 2523 1666 2594 ipsum
1699 2538 1882 2595 regem
1915 2531 2085 2577 oret:

500 2638 664 2696 quam
698 2622 874 2692 legem
909 2619 1003 2690 qui
1042 2619 1328 2684 violasset,
1361 2619 1417 2672 in
1453 2632 1675 2673 caveam
1703 2618 1926 2673 leonum
1952 2631 2079 2672 con-

494 2714 822 2786 jiciendum.
875 2713 990 2767 Rex
1034 2713 1129 2782 qui
1177 2711 1460 2782 ignoraret
1501 2710 1637 2765 illud
1685 2709 1741 2765 in
1780 2710 2082 2780 perniciem

406 2852 411 2861 .
502 2807 743 2863 Danielis
772 2806 953 2871 strui,
999 2806 1246 2860 edictum
1296 2804 1614 2875 hujusmodi
1662 2803 1944 2875 proponit.
2002 2802 2082 2858 Ac

498 2901 716 2956 eieteris
761 2899 1066 2954 secundum
1115 2898 1357 2953 edictum
1405 2898 1845 2967 quiescentibus,
1890 2896 2081 2953 Daniel

494 2996 592 3063 qui
629 2994 698 3047 de
730 3008 884 3047 more
929 2991 1041 3047 Deo
1087 2990 1455 3061 supplicabat.
1501 2990 1717 3045 delatus
1746 3006 1774 3042 a
1820 2989 2082 3060 satrapis,

500 3086 696 3141 bestiis
730 3085 1014 3156 objicitur.
1046 3083 1165 3138 Rex
1193 3082 1399 3153 lapide,
1432 3097 1543 3153 quo
1578 3096 1743 3137 cavea
1781 3081 2081 3136 claudeba-

2190 1965 2363 2037 αὐτην
2412 1967 2513 2038 τὴν
2565 1967 2672 2020 τῶν
2725 1966 3006 2022 συλλαϐῶν
3039 1967 3268 2022 ἐκείνων
3310 1968 3612 2038 ἐποιήσατο
3645 1961 3759 2031 σύγ·

2190 2074 2397 2130 κρισιν,
2425 2060 2527 2131 τήν
2556 2061 2858 2131 ἑρμηνείαν
2879 2060 3108 2133 δηλαδή.
3136 2060 3242 2116 Τὸν
3267 2062 3325 2116 δὲ
3373 2061 3596 2131 βασιλέα
3621 2058 3757 2125 λύπη

2190 2151 2445 2222 κατέσχε.
2480 2151 2595 2206 Καὶ
2630 2151 2749 2223 μετ’
2776 2151 2960 2222 ὀλίγον
2993 2154 3027 2225 ή
3056 2152 3152 2208 τοῦ
3184 2155 3480 2225 προφήτου
3507 2149 3758 2219 ἐκϐέϐηκε

2190 2246 2524 2319 πρόρρησις,
2560 2245 2749 2317 Κύρου
2775 2245 2868 2298 τοῦ
2900 2245 3128 2316 Περσῶν
3158 2245 3438 2316 βασιλέως
3484 2244 3571 2299 ἐπ’
3613 2242 3765 2297 aiier

2189 2339 2504 2409 ἐλάσαντος,
2560 2340 2650 2410 ὑφ’
2704 2335 2767 2395 οῦ
2809 2339 2844 2410 ή
2888 2356 2949 2394 τε
3000 2340 3261 2396 Βαϐυλὼν
3308 2340 3554 2414 ἐλήφθη,
3601 2337 3693 2392 καὶ
3737 2336 3765 2388 ό

2188 2433 2483 2506 Βαλτάσαρ
2529 2435 2589 2487 ἐν
2626 2436 2694 2506 τῇ
2727 2432 2928 2488 ἁλώσει
2957 2433 3221 2506 ἀνῄρητο.
3272 2435 3409 2489 Εἰσὶ
3450 2434 3496 2488 δ’
3538 2432 3588 2488 οἱ
3634 2430 3765 2489 κατᾶ

2189 2528 2289 2602 τὴν
2343 2527 2514 2582 νύκτα
2570 2527 2807 2599 ἐκείνην,
2858 2527 2983 2583 καθ’
3035 2528 3105 2600 ἢν
3138 2528 3232 2582 τὸν
3281 2526 3638 2600 ἀστράγαλον
3680 2522 3765 2574 τὶν

2188 2620 2471 2692 γράφοντα
2502 2620 2788 2687 ἐθεάσατο,
2831 2623 2969 2689 φασὶ
2994 2621 3089 2675 καὶ
3116 2620 3217 2692 τὴν
3256 2620 3427 2676 πόλιν
3469 2617 3762 2691 αἱρεθῆναι.

2188 2715 2444 2767 κάκεῖνον
2471 2711 2854 2784 ἀναιρεθῆναι.
2882 2713 3039 2767 Μετά
3075 2712 3134 2765 δὲ
3172 2713 3275 2784 τὴν
3306 2713 3421 2783 τῆς
3463 2707 3761 2766 Βαϐυλῶνος

2188 2805 2393 2861 ἅλωσιν
2437 2806 2465 2859 6
2508 2808 2798 2877 προφήτης
2835 2804 3030 2876 Δανιὴλ
3074 2806 3225 2875 παρὰ
3262 2806 3505 2875 Δαρείου
3533 2800 3626 2856 τοῦ
3653 2800 3766 2869 Μή-

2187 2896 2305 2963 δου,
2341 2897 2400 2961 ὃς
2434 2897 2533 2951 καὶ
2563 2894 2862 2967 Κυαξάρης
2893 2894 3203 2965 ὠνόμαστο,
3245 2894 3342 2948 καὶ
3404 2889 3763 2967 μητράδελφος

2186 2988 2255 3064 ἦν
2282 2991 2377 3046 τοῦ
2413 2991 2623 3062 Κύρου,
2658 2991 2773 3055 υίὸς
2804 2990 2880 3045 ὢν
2907 2990 3242 3058 Ἀστυάγους
3276 2990 3383 3045 τοῦ
3420 2987 3764 3063 βασιλεύσαν-

2187 3102 2279 3149 τος
2308 3083 2509 3156 Μήδων
2556 3082 2694 3154 (76),
2731 3084 2812 3146 είς
2855 3082 3068 3154 Μηδίαν
3100 3086 3432 3154 μετήνεκτο,
3475 3083 3569 3136 καὶ
3593 3079 3764 3146 πάσης

502 3185 609 3242 tur,
645 3178 883 3246 signato,
929 3174 1205 3230 discedit:
1244 3188 1484 3243 eamque
1511 3184 1732 3229 noctem
1769 3172 2080 3228 insomnem

2189 3175 2407 3248 ἠξιοῦτο
2427 3176 2615 3247 τιμῆς.
2648 3173 2805 3228 Οὕτω
2826 3174 2873 3229 δ’
2902 3174 3064 3245 ἔχων,
3096 3175 3375 3249 ἐφθονήθη
3403 3174 3552 3246 παρὰ
3572 3171 3677 3226 τῶν
3705 3169 3760 3220 ἐν

498 3269 631 3340 agit,
684 3268 952 3323 sollicitus
1002 3275 1057 3321 et
1102 3266 1320 3321 dolens.
1363 3265 1499 3320 Nazn
1550 3265 1657 3321 etsi
1716 3265 2002 3321 Danielem
2048 3279 2080 3320 a

2189 3271 2399 3341 Μήδοις
2421 3268 2823 3341 ὑπερεχόντων,
2847 3271 2939 3322 καὶ
2966 3269 3318 3341 μηχανῶνται
3340 3271 3542 3343 τρόπον
3563 3263 3682 3321 καθ’
3700 3260 3757 3315 όν

500 3362 694 3416 bestiis
722 3376 830 3413 non
867 3359 1055 3413 hesum
1097 3358 1163 3412 iri
1200 3357 1481 3428 sperabat,
1522 3357 1728 3427 quippe
1763 3372 1927 3426 quem
1957 3371 2083 3412 san-

498 3464 589 3510 cto
624 3452 717 3507 Dei
745 3450 955 3520 Spiritu
994 3449 1285 3520 praeditum
1320 3449 1513 3512 sciret,
1566 3462 1678 3502 non
1713 3460 1896 3504 tamen
1930 3459 2082 3504 trau-

501 3547 673 3615 quillo
699 3560 819 3599 esse
840 3546 1025 3599 animo
1052 3552 1287 3614 poterat,
1315 3554 1570 3597 metuens
1601 3557 1671 3596 ne
1695 3541 1827 3612 quid
1851 3542 1903 3597 ei
1932 3542 2082 3597 acci-

500 3641 680 3703 deret,
757 3655 860 3694 nee
909 3638 1006 3693 Dei
1061 3638 1390 3708 potentiam,
1451 3646 1514 3693 ut
1568 3636 1737 3691 homo
1789 3635 2079 3703 barbarus,

500 3733 635 3788 satis
690 3732 1028 3801 intelligens.
1084 3730 1283 3784 Statim
1337 3744 1472 3784 vero
1531 3738 1592 3784 ut
1643 3728 1957 3796 diluxerat,
2012 3729 2081 3785 ad

500 3838 721 3880 caveam
750 3822 975 3876 leonum
1015 3819 1253 3885 accedit,
1297 3820 1581 3875 Danielem
1609 3828 1771 3875 vocat
1802 3838 1815 3876 :
1854 3833 2085 3892 respon-

500 3918 723 3972 dentem
776 3915 991 3970 extrahi
1040 3914 1221 3985 jubet,
1261 3912 1531 3967 intactum
1561 3922 1617 3967 et
1649 3912 1860 3968 salvqu
1888 3914 2085 3969 videns

499 4007 867 4079 obstupescit.
918 4006 1028 4061 Sed
1063 4021 1190 4061 cum
1230 4005 1509 4059 delatores
1551 4005 1846 4069 dixissent,
1892 4006 2086 4061 leones

500 4100 574 4155 ob
622 4100 971 4155 saturitatem
1014 4098 1172 4151 illum
1218 4111 1328 4150 non
1371 4096 1663 4165 attigisse:
1714 4096 2087 4165 improbitatis

2185 3365 2424 3436 ήλπισαν
2456 3363 2725 3417 ἀπολέσαι
2751 3362 2939 3417 αὐτόν.
2993 3361 3267 3435 Ὀρῶντες
3305 3365 3417 3435 γὰρ
3456 3360 3617 3416 αὐτὸν
3639 3355 3752 3427 τρὶς

2183 3458 2284 3528 τῆς
2328 3455 2545 3528 ἡμέρας
2589 3456 3031 3528 προσευχόμενον
3079 3456 3159 3525 τῷ
3195 3455 3338 3528 Θεῷ,
3381 3453 3640 3528 προσίασι
3683 3445 3757 3516 τῷ

2157 3547 2456 3623 -Κυαξάρῃ
2513 3547 2627 3622 (77)
2683 3547 2763 3618 τῷ
2820 3548 2917 3603 καὶ
2976 3549 3211 3623 Δαρείῳ,
3262 3550 3544 3616 ἀξιοῦντες
3599 3540 3754 3596 αὑτὸν

2188 3641 2359 3696 θεῖναι
2399 3643 2585 3712 νόμον,
2622 3640 2711 3696 ἵνα
2744 3640 2838 3695 ἐπὶ
2873 3641 3172 3713 τριάκοντα
3215 3643 3437 3715 ἡμέρας
3482 3640 3557 3711 μή
3595 3650 3676 3697 τις
3722 3629 3756 3699 ἢ

2185 3736 2297 3799 τοῖς
2331 3734 2474 3801 θεοῖς
2514 3734 2958 3806 προσευχόμενος
2982 3734 3093 3806 εἴη,
3124 3734 3253 3807 μήτ’
3282 3734 3454 3789 αὑτοῦ
3476 3730 3572 3786 τοῦ
3608 3727 3756 3798 βασι-

2186 3828 2322 3892 λέως
2347 3826 2623 3898 δεόμενος,
2655 3826 2751 3881 καὶ
2778 3827 2873 3882 τὸν
2903 3826 2978 3899 μὴ
2998 3826 3090 3881 τὸν
3125 3827 3292 3899 νόμον
3327 3824 3642 3898 φυλάξαντα
3686 3817 3761 3875 εἰς

2185 3922 2278 3974 τὸν
2296 3920 2406 3975 τῶν
2431 3919 2662 3973 λεόντων
2683 3920 2890 3975 λάκκον
2920 3920 3310 3990 ἐμϐάλλεσθαι.
3360 3920 3421 3973 ’0
3446 3916 3505 3972 δὲ
3537 3915 3599 3969 τὸ
3628 3906 3761 3965 κατὰ

2186 4011 2282 4065 τοῦ
2336 4010 2538 4081 Δανιὴλ
2597 4010 2733 4082 παρ’
2795 4009 2979 4066 αὐτῶν
3042 4011 3414 4082 τυρευόμενον
3469 4004 3761 4073 ἀγνοήσας.

2189 4102 2546 4173 προύτέθεικε
2562 4102 2927 4174 πρόγραμμα,
2950 4104 3019 4155 τὰ
3035 4103 3158 4174 είρη
3167 4103 3303 4172 μένα
3323 4097 3768 4169 διαταττόμενονσ

502 4194 722 4248 iilorum
755 4191 906 4256 odio,
948 4190 1232 4244 intellecta
1259 4188 1457 4243 fraude
1481 4196 1649 4256 atque
1681 4186 1922 4255 insidiis,
1950 4203 2085 4257 quas

498 4284 788 4352 prepbctze
834 4289 1175 4347 struxerant,
1227 4279 1435 4334 affatim
1485 4279 1692 4334 bestias
1729 4279 1880 4351 pasci
1903 4280 2084 4351 jubet,

503 4375 685 4442 iisque
713 4374 824 4443 jam
866 4373 1081 4427 satiatis
1113 4365 1467 4427 accusatores
1511 4373 1752 4428 Danielis
1793 4373 1982 4445 objici,
2027 4383 2082 4430 ut

2190 4383 2477 4454 Σατράπαι
2532 4382 2798 4434 κατεῖπον
2828 4380 2995 4435 αὐτοῦ
3049 4382 3188 4453 πρὸς
3231 4383 3324 4437 τὸν
3373 4379 3625 4453 βασιλέα.
3675 4370 3768 4425 καὶ

496 4474 953 4535 cognosceretur,
988 4482 1071 4520 an
1118 4467 1306 4521 leones
1338 4467 1410 4520 ob
1448 4467 1793 4522 saturitatem
1830 4468 2082 4522 homines

2192 4474 2337 4528 κατά
2361 4474 2454 4527 τὸν
2500 4473 2667 4543 νόμον
2702 4470 2945 4543 ἀπῄτουν
2975 4475 3053 4538 είς
3105 4475 3197 4529 τὸν
3232 4476 3439 4530 λάκκον
3476 4469 3640 4526 αὐτὸν
3667 4462 3768 4517 τῶν

506 4575 616 4613 non
660 4568 968 4629 tangerent.
1005 4558 1143 4612 Tum
1181 4558 1452 4628 improbis
1496 4558 1606 4613 illis
1644 4559 1831 4614 statim
1874 4560 2082 4615 dilace-

2189 4568 2421 4620 λεόντων
2449 4567 2841 4638 ἐμϐάλλεσθαι.
2881 4567 3181 4639 Βληθέντος
3207 4570 3255 4623 δ’
3286 4572 3406 4625 ἐκεῖ
3429 4566 3526 4622 τοῦ
3561 4558 3770 4633 προφή“’

506 4653 660 4714 ratis,
693 4651 1049 4720 perspicuum
1089 4652 1195 4704 luit
1224 4651 1504 4713 omnibus,
1544 4651 1593 4704 vi
1625 4653 1861 4722 quadam
1896 4654 2082 4709 divina

2189 4677 2305 4727 του,
2328 4662 2421 4713 τὸν
2445 4662 2537 4713 ἐπὶ
2557 4659 2652 4713 τοῦ
2690 4659 2914 4731 στομίου
2934 4659 3082 4715 λίθον
3108 4664 3421 4734 σφραγίσας
3444 4663 3472 4715 ό
3497 4651 3768 4729 βασιλεὺς.

507 4744 788 4800 Danielem
831 4753 1216 4798 censervatum
1257 4759 1402 4807 esse,
1455 4743 1732 4800 obturatis
1778 4746 2082 4802 bestiarum

2192 4753 2562 4823 ἀνεχώρησεν.
2595 4752 2875 4815 Ἀγωνιῶν
2926 4751 2986 4804 δὲ
3045 4754 3140 4807 καὶ
3191 4755 3393 4824 ἀλγῶν,
3443 4753 3650 4806 deum;
3677 4742 3770 4794 τὴν

508 4835 782 4889 faucibus.
836 4835 1029 4905 Itaque
1082 4852 1177 4891 rex
1243 4837 1529 4906 propheta:
1598 4839 1766 4892 Deum
1820 4840 2082 4907 celebrat,

2194 4845 2369 4897 νύκτα
2403 4844 2692 4915 διήγαγεν.
2728 4843 2967 4896 Ἦλπισε
3004 4845 3105 4915 μὲν
3128 4846 3260 4919 γὰρ,
3297 4848 3371 4917 μὴ
3405 4828 3769 4916 βλαϐήσεσθαι

504 4931 670 4999 eique
694 4931 932 5001 majores
959 4930 1126 4983 etiam
1153 4931 1394 4985 honores
1425 4929 1590 4987 habet
1619 4927 1712 4986 :‘et
1737 4936 1841 4986 hoc
1862 4933 2082 5003 quidem

2196 4938 2289 4991 τὸν
2317 4936 2516 5004 Δανιὴλ
2553 4937 2658 4989 ὑπὸ
2687 4935 2796 4990 τῶν
2820 4935 3047 5006 θηρίων,
3077 4938 3234 5002 εἰδὼς
3258 4941 3340 4992 ὅτι
3371 4934 3593 5003 πνεῦμα
3624 4927 3772 5006 ﬁt”?

509 5023 782 5094 Ροεῐέτίυε
818 5023 1037 5079 θϐἀίάίῑ-
2197 5028 2332 5084 Θεοῦ
2361 5030 2510 5082 ἐστιν
2545 5029 2602 5080 ὲν
2639 5027 2808 5098 αὐτῷ.
2842 5004 2986 5081 Ἀλλ’
3006 5030 3156 5100 ὅμως
3189 5030 3402 5085 δειλιῶν
3430 5018 3668 5097 ὴγωνίαυ
3697 5004 3768 5078 μή

506 5142 559 5180 τι
609 5126 761 5197 αὐτῷ
808 5127 1055 5198 συμϐαίη
1094 5114 1300 5197 κακὸν,
1338 5130 1412 5201 μή
1450 5132 1592 5184 πάνυ
1639 5131 1948 5201 γινώσκων,
1999 5130 2088 5188 οἷα
2130 5136 2434 5207 βάρϐαρος,
2494 5136 2595 5204 τὴν
2635 5134 2870 5205 δύναμιν
2916 5133 3011 5186 τοῦ
3059 5130 3218 5184 Θεοῦ.
3263 5131 3426 5199 ’Ἄρτι
3454 5120 3502 5173 δ’
3565 5107 3773 5207 ἡμέρας

507 5222 929 5293 ἀναλαμψάσης,
977 5224 1054 5295 τῷ
1099 5224 1287 5296 λάκκῳ
1343 5227 1571 5299 ἐπέστη,
1613 5230 1709 5282 καὶ
1758 5231 1942 5285 ἐκάλει
1998 5233 2086 5285 τὸν
2156 5204 2358 5305 Δανιήλ
2386 5248 2399 5262 ·
2437 5235 2465 5285 ὁ
2533 5231 2590 5284 δὲ
2633 5231 3009 5303 ἀπεκρίνατο·
3058 5226 3151 5282 καὶ
3191 5227 3219 5279 ό
3256 5221 3516 5298 βασιλεὺς
3551 5204 3770 5305 ἀνελξψ

509 5317 702 5387 σθῆναι
751 5320 845 5373 τὸν
892 5310 1185 5392 προφήτην
1230 5323 1431 5376 αὐτίκα
1466 5324 1746 5392 ἐκέλευσε,
1786 5332 1879 5382 καὶ
1917 5330 2081 5401 ἀΘιγῆ
2122 5330 2312 5384 τοῦτον
2372 5329 2467 5383 καὶ
2524 5326 2665 5379 σῶον
2688 5304 3226 5396 βλέπωννῄέξίστατοο
3258 5324 3380 5376 Τῶν
3400 5317 3459 5372 δὲ
3483 5294 3770 5401 κατειπῗῖ-

508 5429 616 5466 των
656 5412 844 5474 αὐτοῦ.
880 5417 1089 5487 τροφῆς
1127 5418 1566 5487 κεκορεσμένους
1637 5415 1778 5473 εἶναι
1824 5382 2092 5490 λεγόντων
2131 5425 2257 5487 τοὺς
2319 5421 2564 5484 λέοντας,
2612 5382 2708 5474 καὶ
2757 5419 2847 5473 διά
2870 5417 3029 5471 τοῦτο
3077 5416 3154 5489 μὴ
3196 5416 3340 5484 θίξαι
3387 5409 3483 5466 τοῦ
3548 5382 3765 5490 Δαννιὴλ

512 5513 752 5581 μισήσας
802 5513 1001 5577 αὐτοὺς
1045 5514 1146 5585 τῆς
1183 5515 1453 5584 πονηρίας
1492 5516 1519 5567 ὁ
1565 5512 1844 5584 βασιλεὺς,
1890 5488 1987 5569 καὶ
2035 5514 2098 5568 τὸ
2139 5514 2280 5568 κατὰ
2304 5513 2395 5566 τοῦ
2438 5512 2719 5583 προφήτου
2753 5511 3060 5583 μηχάνημα
3122 5488 3334 5564 καὶτὸν
3364 5506 3517 5563 δόλον
3550 5488 3767 5548 ἐκείνων

2187 4198 2252 4254 Oi
2280 4197 2377 4268 μὲν
2404 4193 2498 4251 οῦν
2524 4196 2677 4250 ἄλλοι
2700 4195 2945 4267 ἠρέμουν
2974 4195 3118 4247 κατά
3146 4195 3206 4248 τὸ
3231 4195 3538 4263 θέσπισμαο
3570 4183 3763 4252 Δανιὴλ

2188 4287 2246 4341 δὲ
2301 4286 2443 4340 κατά
2504 4287 2566 4341 τὸ
2624 4285 2746 4350 ἔθος
2778 4284 2945 4339 αὐτοῦ
2974 4284 3178 4357 ηὔχετο
3230 4287 3310 4359 τῷ
3357 4285 3504 4356 Θεῷ.
3557 4283 3666 4337 Καὶ
3721 4273 3767 4329 οἱ

1699 5673 1905 5733 νει-ἕω
1944 5671 2250 5736 lectiones
2296 5679 2357 5734 et
2390 5679 2578 5733 notae.

586 5791 696 5866 (76)
726 5792 853 5867 Υίξις
878 5792 990 5867 τοῦΔ
1014 5794 1379 5866 Ἀστυάγους
1408 5793 1529 5848 τῶν
1555 5796 1777 5865 Μήδων
1796 5796 2082 5863 βασιλεύ-

2260 5793 2375 5867 (77)
2403 5792 2706 5863 Κυαξάρη.
2734 5791 2871 5849 Cod.
2905 5792 3063 5850 Coll).
3099 5793 3398 5863 Ἀστυάγη.

494 5863 754 5930 curtae.
792 5863 917 5922 Haec
943 5864 1143 5920 absunt
1168 5882 1197 5921 a
1228 5863 1354 5923 eod.
1394 5867 1557 5923 Coll).
