3980 6246
302 353 406 418 241
1562 356 1977 418 ANNALIUM
2020 358 2170 418 LIB.
2211 357 2328 418 IlI.
3452 361 3582 424 9’42

317 467 670 538 Ἀλέξανδρος
704 470 792 524 διὰ
821 471 882 524 τὺ
915 470 1219 544 ὀξύρροπον
1253 471 1347 525 καὶ
1390 470 1697 540 εὐκίνητον,
1733 471 1762 524 6
1824 471 1920 524 καὶ
1992 470 2060 524 τά
2108 471 2286 543 πτερὰ
2337 472 2580 544 ἐδήλουν.
2632 473 2694 528 'll
2753 475 2809 528 δὲ
2868 475 3075 530 τούτων
3129 476 3452 546 τετρακτὺς,
3501 479 3572 531 τὰ

303 562 548 634 τέσσαρα
602 567 704 637 τῆς
734 566 1064 638 οἰκουμένης
1093 569 1234 640 μέρη
1271 566 1541 637 ᾐνίττετο,
1589 565 1626 622 ἃ
1679 565 1884 637 πτηνοῦ
1912 563 2094 634 διῆλθε
2132 566 2356 633 τρόπον,
2425 569 2520 622 καὶ
2587 568 2776 638 σχεδὸν
2832 570 3090 624 ἁπάντων
3134 568 3461 639 ἐκράτησεν.
3501 571 3569 623 At

305 653 361 706 δέ
394 671 459 723 γε
486 655 754 728 τέσσαρες
818 657 1054 728 κεφαλαὶ
1091 658 1192 730 τὴν
1235 659 1374 729 μετὰ
1412 658 1642 713 θάνατον
1685 659 1896 712 ἐκείνου
1931 659 2200 728 διαίρεσιν
2258 660 2556 730 ἐσήμαινον
2604 661 2702 732 τῆς
2750 661 2946 732 ἀρχῆς.
3000 659 3094 724 Εἰς
3123 660 3233 730 γὰρ
3292 660 3570 733 τέσσαρας

308 747 643 826 βασιλείαςή
673 755 885 809 ἐκείνου
913 756 1236 826 ἐπικράτεια
1264 754 1490 826 διῄρητο
1516 771 1532 789 ο
1578 755 1675 809 καλ⁸
1696 755 1796 824 τῆς
1855 753 1957 825 μὲν
1995 753 2273 822 Αἰγύπτου
2310 755 2640 826 Πτολεμαῖος
2667 757 2696 809 6
2724 756 2908 823 Λάγου
2939 758 3272 828 κεκράτηκε,
3304 757 3400 810 καὶ
3432 759 3482 810 οἱ
3512 756 3573 822 ἐξ

273 846 517 900 ἐκείνου
566 850 728 920 μέχρι
751 850 853 921 τῆς
883 851 1242 920 Κλεοπάτρας
1274 869 1286 880 ·
1317 851 1417 919 τῆς
1457 850 1514 902 δέ
1565 865 1629 918 γε
1679 848 1882 919 Συρίας
1919 849 2015 903 καὶ
2093 849 2205 903 τῶν
2277 849 2416 922 αὐτῇ
2470 850 2757 922 προσεχῶν
2808 852 2835 903 6
2891 849 3152 912 Σέλευκος
3202 849 3522 920 ἐκυρίευσεν
3551 864 3567 878 ο

321 940 628 1009 ⁹Αντίγονος
656 943 713 996 δὲ
737 941 836 1013 τὴν
861 944 1050 996 Ἀσίαν
1077 943 1168 1012 ὑφ’
1195 943 1387 996 ἑαυτὸν
1414 941 1713 1011 ἐποιήσατο
1744 957 1760 972 ·
1792 941 1889 1010 τῆς
1929 939 1986 994 δέ
2016 941 2354 1006 Μακεδονίας
2373 938 2538 1013 ἧρξεν
2567 942 2946 1011 ’Λντίπατρος,
3007 941 3083 1005 ὡς
3111 941 3169 995 δέ
3207 957 3348 1005 τινες
3420 942 3572 994 ἱστο-

312 1038 523 1106 ροῦσιν,
554 1040 583 1092 6
611 1038 884 1109 Ἀριδαῖος
917 1039 1148 1108 ἀδελφὸς
1173 1039 1505 1111 ἐτεροθαλὴς
1557 1040 1623 1092 ἐκ
1671 1038 1884 1108 πατρὸς
1921 1038 1998 1092 ὣν
2034 1038 2413 1109 Ἀλεξάνδρου.
2459 1040 2598 1110 Φησὶ
2643 1040 2750 1109 γὰρ
2820 1041 2849 1092 ό
2893 1040 3212 1108 Χαιρωνεὺς
3281 1039 3374 1093 τὸν
3422 1040 3565 1110 Περ·

306 1137 524 1201 δίκκαν,
559 1137 699 1207 μετά
725 1135 959 1192 θάνατον
1001 1137 1358 1208 Ἀλεξάνδρου
1400 1138 1460 1190 ἐν
1523 1135 1758 1207 μεγίστῃ
1824 1134 2054 1205 δυνάμει
2094 1134 2247 1199 ὄντα,
2315 1134 2474 1198 εὐθὺς
2519 1135 2612 1189 τὸν
2660 1135 2929 1206 Ἀριδαῖον
2978 1135 3166 1206 ὥσπερ
3208 1133 3570 1205 δορυφόρημα

309 1232 588 1301 βασιλείας
639 1233 998 1300 ἐφέλκεσθαι,
1038 1234 1303 1302 γεγονότα
1353 1233 1454 1302 μὲν
1508 1235 1575 1288 ἐκ
1625 1231 1886 1302 γυναικὸς
1927 1231 2118 1296 ἀδόξου
2179 1232 2270 1285 καὶ
2305 1233 2514 1304 κοινῆς,
2553 1231 2718 1303 ἀτελῆ
2771 1232 2828 1285 δὲ
2864 1233 2965 1303 τὴν
2997 1232 3261 1302 φρόνησιν
3287 1231 3438 1296 ὖντα,
3507 1230 3571 1283 ού

308 1325 468 1393 φύσει
501 1323 746 1377 τοιοῦτον
794 1324 1159 1395 προαχθέντα,
1211 1325 1348 1380 ἀλλά
1402 1325 1505 1396 τῆς
1539 1321 1905 1394 Ὀλυμπιάδος
1945 1323 2258 1393 φαρμάκοις
2287 1324 2684 1394 διαφθειράσης
2719 1322 2988 1394 αὐτῷτὴν
3019 1324 3282 1379 διάνοιαν.

378 1419 454 1476 Ζ¹.
497 1420 606 1473 Τοῦ
636 1420 694 1474 δὲ
721 1421 988 1491 τετάρτου
1035 1420 1228 1492 θηρίου
1256 1420 1396 1484 εἶδος
1427 1422 1525 1492 μὲν
1551 1422 1654 1474 οὐκ
1687 1422 1895 1490 ἐσήμα-

2067 1419 2179 1474 Vll.
2206 1417 2400 1486 Quarti
2425 1419 2681 1475 animalis
2709 1418 2942 1474 formam
2987 1433 3096 1472 non
3133 1417 3406 1488 expressit
3432 1418 3572 1473 Pro-

307 1532 395 1570 νεν
423 1516 453 1567 6
485 1516 794 1584 προφήτης,
835 1515 1072 1587 φοϐερὸν
1100 1515 1148 1569 δ’
1179 1511 1300 1570 εἷπε
1331 1517 1511 1583 τοῦτο,
1546 1517 1639 1570 καὶ
1673 1515 1883 1586 ἔκθαμ-

307 1607 399 1660 6ον
427 1605 726 1677 περισσῶς,
755 1607 976 1672 ὀδόντας
1013 1607 1137 1679 ἔχον
1177 1609 1448 1680 μεγάλους
1477 1611 1574 1664 καὶ
1609 1609 1884 1681 σιδηροῦς,

307 1697 486 1751 ἐσθίον
509 1715 570 1751 τε
603 1699 698 1751 καὶ
723 1697 1120 1763 λεπτῦνον,κα“ι
1145 1701 1213 1754 τὰ
1243 1702 1503 1756 ἐπίλοιπα
1538 1703 1884 1774 συμπατοῦν,

308 1791 401 1846 καὶ
427 1791 490 1845 τὸ
517 1791 776 1863 διάφορον
796 1794 967 1848 αὐτοῦ
989 1796 1128 1865 πρὸς
1157 1795 1224 1850 τὰ
1247 1799 1683 1868 προηγησάμενα
1715 1799 1885 1871 θηρία

309 1885 412 1954 ἔφη
441 1885 733 1954 τυγχάνειν
756 1884 919 1940 mhi.
947 1885 1011 1939 Ἥ
1030 1886 1140 1941 τῶν
1177 1888 1467 1956 Ῥωμαίων
1494 1889 1551 1942 δὲ
1575 1889 1663 1944 διὰ
1690 1891 1884 1945 τούτου

311 1976 558 2048 βασιλεία
607 1978 958 2047 σημαίνεται.
1009 1979 1102 2034 Διὸ
1154 1981 1278 2034 οὐδὲ
1325 1977 1464 2046 εἶδος
1508 1983 1537 2035 6
1596 1987 1886 2056 προφήτης

197 2091 207 2102 -
309 2065 513 2120 τούτων
541 2067 650 2120 οὐδ’
669 2067 840 2138 ὄνομα
870 2067 1041 2123 ἔθετο.
1078 2071 1375 2142 Πολυειδὴς
1403 2075 1513 2144 γὰρ
1543 2078 1575 2145 ἡ
1613 2077 1722 2129 τῶν
1755 2077 1889 2130 Ῥω-

315 2157 492 2225 μαίων
545 2157 712 2229 ἁρχὴ,
759 2158 1028 2230 πρότερον
1082 2160 1182 2230 μὲν
1231 2160 1546 2231 βασιλεῦσιν
1596 2164 1885 2236 ίθυνομένη

313 2247 417 2300 ἀπὸ
464 2247 747 2318 Ῥωμύλου
774 2249 939 2320 μέχρι
977 2251 1087 2304 τῶν
1109 2251 1431 2323 Ταρκυνίων
1455 2269 1470 2284 ·
1502 2253 1605 2323 τῆς
1643 2255 1701 2308 δὲ
1745 2256 1890 2310 ἐκεί-

313 2357 416 2393 νων
473 2341 792 2412 τυραννίδος
835 2342 1261 2414 καταλυθείσης,
1315 2346 1885 2419 ἀριστοκρατουμένη,

311 2431 408 2498 τῆς
460 2431 769 2501 συγκλήτου
823 2430 918 2484 καὶ
965 2432 1075 2486 τῶν
1133 2434 1358 2488 ὑπάτων
1413 2434 1761 2492 διοικούντων
1815 2439 1888 2492 τὰ

314 2521 636 2591 πράγματα.
679 2522 836 2575 Ἐστι
888 2522 936 2576 δ’
969 2523 1060 2576 ὅτε
1105 2524 1201 2577 καὶ
1237 2525 1758 2600 δημοκρατουμένη,
1791 2528 1888 2583 τοῦ

313 2614 486 2683 δήμου
523 2614 784 2678 πολλάκις
815 2614 952 2687 πρὸς
977 2616 1079 2688 τὴν
1113 2616 1423 2689 σύγκλητον
1455 2621 1850 2686 στασιάσαντος
1871 2639 1889 2656 ·⁴

318 2706 613 2774 μετέπειτα
639 2708 684 2760 δ’
709 2707 868 2771 αὖθις
895 2709 977 2772 εἰς
1011 2709 1316 2780 μοναρχίαν
1349 2712 1756 2781 μεταπεσοῦσα,
1779 2715 1890 2768 κάκ

314 2799 518 2868 ταύτης
551 2800 632 2863 εἰς
663 2800 941 2870 βασιλείας
971 2801 1167 2869 κλῆσιν
1201 2805 1673 2876 ἐπανακάμψασα.
1721 2809 1892 2862 Φοόε-
1923 2786 1966 2841 Β

319 2893 410 2962 ρὸν
453 2893 514 2946 δὲ
559 2892 622 2946 τὸ
654 2893 845 2964 θηρίον
881 2895 977 2949 καὶ
1017 2895 1296 2965 ἕκθαμϐον
1334 2892 1510 2961 εἶπεν,
1543 2897 1626 2952 δτι
1656 2899 1896 2955 δυνατω-

317 2983 450 3054 τέρα
499 2985 610 3038 τῶν
663 2984 840 3039 ἄλλων
876 2986 1166 3056 βασιλειῶν
1210 2986 1351 3060 αὕτη
1404 2991 1738 3061 γεγένηται’
1799 2995 1896 3048 καὶ

316 3077 416 3130 ὅσα
443 3079 478 3148 ἡ
516 3078 869 3151 Μακεδονικὴ
899 3083 974 3152 μὴ
1004 3081 1242 3150 ὑπέταξε
1267 3084 1540 3155 βασιλεία,
1573 3087 1666 3157 ὑφ’
1693 3089 1896 3162 ἑαυτὴν

319 3169 455 3241 αὕτη
495 3173 867 3244 ποιησαμένη,
897 3174 998 3245 τὴν
1060 3175 1290 3232 Ἐλλάδα
1339 3179 1541 3253 δηλαδὴ
1567 3183 1771 3248 πᾶσαν,
1796 3184 1896 3255 τὴν

319 3263 646 3334 Καρχηδόνα
683 3265 780 3319 σὺν
807 3269 873 3337 τῇ
907 3267 1106 3339 Λιόύῃ,
1140 3270 1239 3340 τὴν
1271 3272 1543 3340 Σικελίαν,
1574 3274 1672 3346 τὴν
1707 3276 1896 3347 Σαρδώ

318 3371 374 3406 τε
427 3357 521 3410 καὶ
571 3358 770 3428 νήσους
822 3360 1010 3426 ἄλλας,
1060 3361 1152 3414 καὶ
1197 3361 1327 3433 ἔθνη
1379 3366 1615 3436 ἑσπέρια
1660 3368 1897 3441 διάφορα

319 3449 499 3520 ἔτερα,
543 3445 620 3503 ὧν
662 3451 761 3504 οὐκ
802 3447 969 3522 ἦρξεν
1016 3453 1388 3524 Ἀλέξανδρος.
1435 3457 1614 3530 Ἀπερ
1646 3461 1675 3513 6
1706 3461 1896 3530 βουλό-

323 3559 478 3611 μενος
501 3542 843 3610 γνῶναι,τὰς
870 3545 1086 3614 βιόλοὺς
1111 3546 1207 3600 τοῦ
1234 3548 1510 3619 Ῥωμαίου
1534 3551 1736 3616 Δίωνος
1758 3554 1896 3626 (81⁸)

321 3633 638 3703 ἀναγνώτω,
671 3636 768 3689 καὶ
799 3637 868 3690 τὰ
897 3637 993 3691 τοῦ
1033 3639 1297 3693 Πολυϐίου
1333 3643 1767 3714 συγγράμματα.
1799 3648 1898 3699 Φο-

321 3727 477 3798 6ερὺν
523 3727 582 3782 δὲ
636 3729 698 3782 τὸ
744 3728 951 3800 θηρίον,
996 3731 1093 3783 καὶ
1137 3731 1437 3803 ἔκθαμὸον,
1491 3737 1583 3787 καὶ
1640 3737 1896 3807 σιδηροῦς

321 3820 537 3885 ὀδόντας
573 3819 716 3892 ἔχον,
753 3823 830 3887 ὡς
858 3822 959 3891 τῆς
989 3823 1101 3876 τῶν
1145 3823 1436 3895 Ῥωμαίων
1465 3829 1765 3897 ἡγεμονίας
1789 3829 1898 3884 τῶν

321 3913 495 3968 ἄλλων
533 3913 822 3984 βασιλειῶν
855 3917 1084 3972 ἁπασῶν
1112 3899 1560 3992 φρικωδεστέρας
1589 3925 1899 3996 γεγενημέ-

322 4025 434 4078 νης.
480 4010 591 4062 Καὶ
617 4011 676 4063 ὲν
707 4011 774 4081 τῇ
795 4011 967 4064 εικόνι
1006 4012 1114 4084 γὰρ
1147 4016 1213 4085 τῇ
1253 4013 1376 4068 κατ’
1396 4015 1530 4086 ὄναρ
1570 4017 1795 4091 όφθείσῃ
1822 4021 1899 4090 τῷ

1995 1511 2182 1582 pheta,
2218 1512 2313 1567 sed
2345 1511 2696 1567 formidabile
2735 1519 2792 1567 et
2823 1509 3071 1566 terribile
3126 1508 3403 1574 nominat,
3461 1523 3576 1564 ma-

1995 1603 2118 1674 gnis
2147 1603 2343 1659 ferreis
2373 1604 2633 1660 dentibus
2660 1618 2864 1660 vorans
2892 1615 2948 1659 et
2978 1603 3381 1669 comminuens,
3400 1610 3457 1656 et
3484 1617 3574 1657 re-

1993 1698 2143 1768 liqua
2176 1699 2410 1770 pedibus
2452 1699 2806 1766 conculcans,
2848 1713 3047 1768 magno
3080 1696 3400 1752 discrimine
3429 1695 3576 1750 inter

1993 1792 2130 1846 illud
2163 1801 2217 1847 et
2245 1803 2441 1848 caatera
2465 1793 2792 1848 constituto.
2841 1793 3047 1846 Verum
3101 1789 3152 1843 i'd
3197 1789 3574 1843 Romanorum

1992 1876 2289 1948 imperium
2314 1878 2698 1950 innuitzquod
2721 1895 2846 1935 cutn
2885 1879 2958 1934 sit
3007 1878 3221 1933 varium
3283 1884 3340 1931 et
3384 1874 3577 1931 multi-

1993 1969 2191 2038 forme,
2231 1969 2504 2042 Propheta
2533 1987 2713 2042 neque
2731 1987 2931 2026 nomen
2968 1972 3108 2042 ejus,
3141 1985 3320 2040 neque
3343 1969 3573 2023 formam

1995 2064 2198 2134 posuit.
2243 2065 2379 2119 Nam
2413 2081 2444 2120 a
2487 2065 2723 2120 Romulo
2740 2080 2915 2134 usque
2947 2064 3015 2118 ad
3039 2061 3373 2131 Tarquinios
3399 2060 3574 2114 Roma

1996 2159 2223 2228 regibus
2253 2159 2482 2228 paruit:
2519 2175 2754 2228 quorum
2809 2155 3100 2230 tyrannide
3159 2167 3377 2218 eversa,
3427 2150 3574 2222 optir

1997 2259 2193 2316 mates,
2229 2257 2453 2304 senatus
2480 2257 2535 2304 et
2567 2250 2825 2304 consules
2882 2246 3276 2317 rempublicam
3334 2242 3578 2297 admitti—-

1995 2350 2260 2396 strarunt.
2307 2341 2622 2412 Aliquando
2677 2341 2846 2396 etiam
2908 2339 2976 2394 ad
3032 2336 3317 2408 popularis
3355 2331 3573 2403 imperii

1995 2435 2228 2490 formam
2255 2435 2474 2490 redacta
2504 2445 2609 2500 est,
2648 2433 2921 2489 seditione
2971 2431 3149 2503 plebis
3188 2430 3452 2486 adversus
3481 2442 3576 2497 pa-

1997 2538 2129 2593 tres,
2161 2537 2283 2598 post
2315 2529 2512 2582 iterum
2547 2527 2711 2582 unius
2754 2534 3028 2598 potestate
3081 2537 3363 2594 oppressa,
3404 2530 3461 2576 et
3504 2519 3574 2574 ad

1997 2619 2134 2690 regii
2158 2620 2397 2674 nominis
2422 2618 2848 2688 appellationem
2873 2632 3110 2671 reversa.
3143 2615 3379 2669 Bestiam
3409 2625 3591 2681 porros-

1996 2711 2145 2767 illam
2181 2710 2484 2766 terribilem
2515 2719 2571 2765 et
2602 2709 3009 2764 formidabilem
3051 2713 3234 2770 vocat,
3272 2701 3421 2774 quod
3468 2702 3576 2755 Bo—

1995 2820 2216 2859 manum
2239 2803 2533 2874 imperium
2559 2803 2774 2856 caeteris
2794 2801 3075 2871 potentius
3103 2797 3337 2860 exstitit,
3363 2802 3419 2849 et
3451 2809 3574 2866 qua:

1995 2897 2322 2952 Macedones
2347 2911 2455 2950 non
2487 2897 2805 2967 attigerant,
2837 2910 2900 2950 ea
2917 2909 3137 2965 quoque
3163 2891 3400 2962 subegit,
3423 2889 3577 2944 Gne-

1997 2989 2138 3045 ciam
2175 2989 2433 3046 videlicet
2484 2991 2821 3056 universam,
2861 2989 3251 3058 Carthaginem
3303 2999 3431 3041 cum
3482 2983 3574 3037 Li-

1997 3079 2110 3146 bia,
2157 3080 2419 3148 Siciliam,
2477 3081 2808 3147 Sardiniam,
2861 3089 3198 3150 czeterasque
3249 3077 3482 3144 insulas,
3516 3085 3581 3132 et

1997 3174 2310 3243 complures
2342 3184 2532 3244 gentes
2547 3159 2939 3235 occidentales,
2958 3173 3170 3244 quibus
3192 3186 3303 3226 non
3329 3172 3572 3240 impera-

1998 3267 2078 3322 vit
2111 3268 2421 3321 Alexander
2457 3284 2471 3320 :
2506 3283 2627 3336 quae
2658 3267 2748 3321 cui
2772 3267 2912 3321 seire
2941 3265 3123 3321 studio
3152 3273 3259 3329 est,
3307 3264 3354 3319 is
3384 3262 3589 3318 Dionis

2000 3362 2232 3417 Romani
2265 3374 2320 3417 et
2340 3362 2550 3434 Polybii
2601 3363 2744 3433 legat
2773 3363 3050 3417 historias.
3085 3361 3272 3416 Ferrei
3300 3360 3496 3414 dentes
3523 3357 3575 3414 ei

2000 3454 2192 3509 bestiae
2219 3463 2350 3508 sunt
2380 3455 2654 3520 attributi,
2686 3455 2832 3524 quod
2881 3456 3254 3510 Romanorum
3299 3451 3577 3524 principa-

1999 3556 2089 3602 tus
2129 3547 2386 3601 omnibus
2410 3547 2534 3602 aliis
2562 3547 2811 3617 imperiis
2846 3547 3167 3601 horribilior
3196 3545 3304 3599 fuit
3343 3561 3357 3598 :
3411 3553 3577 3613 atque

1999 3644 2168 3699 etiam
2195 3643 2251 3697 in
2288 3641 2524 3712 imagine
2554 3657 2654 3710 per
2681 3640 2955 3697 somnium
2992 3640 3174 3694 oblata
3207 3636 3578 3693 Nabttchodo‘

2000 3735 2209 3800 nosori,
2241 3743 2498 3804 quartum
2523 3750 2750 3804 regnum
2777 3735 2925 3788 ferro
2952 3740 3326 3802 comparatur.
3362 3729 3581 3785 Ferreis

1999 3844 2166 3900 porro
2185 3828 2446 3883 dentibus
2477 3826 2642 3882 edere
2666 3837 2722 3882 et
2757 3825 3134 3896 comminuere
3165 3825 3396 3880 bestiam
3415 3824 3576 3886 dixit,
3672 3839 3677 3842 ·

1999 3928 2056 3975 et
2084 3917 2293 3988 reliqua
2331 3918 2657 3972 coneuleare
2697 3917 2932 3987 pedibus
2961 3934 2974 3970 :
3007 3933 3241 3986 quorum
3292 3915 3478 3986 priora
3509 3915 3579 3970 ad

2002 4011 2340 4066 tributorum
2375 4010 2719 4064 exactionem
2760 4008 3098 4073 referuntur,
3133 4008 3442 4078 graviorem
3471 4023 3577 4063 caa-

324 4100 817 4173 Ναϐουχοδονόσορ,
837 4102 930 4155 τὸν
980 4103 1201 4173 σίδηρον
1237 4105 1453 4159 τέθεικε
1491 4109 1592 4175 τῆς
1625 4109 1895 4183 τετάρτης

2003 4104 2155 4169 teris,
2183 4103 2388 4174 quibus
2413 4118 2568 4174 reges
2597 4103 2841 4164 aluntur,
2864 4115 2919 4156 et
2945 4102 3352 4170 saginantur,et
3373 4099 3581 4156 subditi

326 4191 606 4260 βασιλείας
659 4195 975 4265 εἰκόνισμα.
1037 4196 1164 4260 Τοῖς
1224 4196 1318 4250 οῦν
1377 4199 1622 4270 σιδηροῖς
1683 4201 1899 4258 ὀδοῦσιν

324 4282 526 4337 ἐσθίειν
551 4285 611 4338 τὺ
639 4285 830 4356 θηρίον
859 4282 1007 4351 εἷπε,
1037 4290 1133 4342 καὶ
1179 4287 1487 4354 λεπτύνειν,
1515 4295 1608 4346 καὶ
1634 4299 1706 4348 τὰ
1733 4295 1899 4352 λοιπὰ

327 4378 634 4448 ωμπατείν
661 4379 776 4440 τοῖς
806 4378 952 4432 ποσί.
981 4379 1055 4431 Τὸ
1081 4379 1181 4450 μὲν
1211 4379 1305 4434 οῦν
1336 4381 1546 4436 ἐσθίειν
1574 4386 1668 4439 καὶ
1702 4386 1901 4443 λεπτύ-

323 4481 434 4519 νειν
464 4467 546 4528 είς
568 4453 572 4458 ’
594 4464 695 4534 τὴν
740 4465 852 4519 τῶν
884 4467 1112 4537 δασμῶν
1144 4467 1462 4539 ἐξείληπται
1506 4475 1790 4546 εἰσφορὰν,
1823 4479 1900 4544 ὡς

326 4557 646 4628 βαρυτέρων
690 4560 803 4622 τοίς
856 4559 1123 4629 ὑπηκόοις
1173 4561 1359 4635 φόρων
1407 4564 1796 4634 ἐπιτεθέντων,
1848 4574 1898 4626 οἳ

323 4651 445 4714 τοὺς
479 4649 868 4719 βασιλεύοντας
902 4652 1164 4720 τρέφουσι
1204 4656 1299 4707 καὶ
1346 4657 1649 4722 πιαίνουσι,
1683 4663 1812 4726 τοὺς
1842 4663 1900 4716 δὲ

325 4741 826 4811 εἰσπραττομένους
871 4742 1072 4805 αὐτοὺς
1128 4743 1520 4801 ἐκλεπτύνουσι
1577 4753 1902 4821 πενητεύον-

323 4849 440 4896 τας.
473 4833 536 4886 Οἶ
569 4833 625 4886 δὲ
654 4833 1020 4907 δασμοφορείν
1051 4837 1153 4890 οὐκ
1195 4837 1499 4908 ἠνείχοντο,
1547 4842 1647 4912 τῆς
1686 4844 1901 4899 ἐλευθεσ

328 4927 447 4994 ρίας
475 4929 940 4997 ἀντιποιούμενοι,
965 4929 1191 4994 τούτους
1213 4934 1324 4994 τοῖς
1352 4936 1480 4986 ποσὶ
1515 4937 1810 4990 συνεπάτει
1839 4943 1901 4992 τὸ

325 5018 532 5089 θηρίον,
557 5019 654 5073 καὶ
687 5019 1042 5091 ἐξωλόθρευε.
1070 5024 1170 5076 Διὰ
1204 5023 1314 5076 τῶν
1343 5025 1521 5078 ποδῶν
1555 5027 1611 5079 δὲ
1643 5029 1703 5081 τὸ
1737 5047 1903 5100 στρα-

323 5107 578 5163 τιωτικὸν
628 5108 1030 5174 ύπαινίττεται,
1065 5112 1136 5176 ὡς
1187 5113 1245 5166 ἐν
1278 5113 1455 5185 τούτῳ
1483 5115 1586 5184 τῆς
1620 5119 1903 5187 βασιλείας

327 5201 680 5272 ἐρειδομένης
715 5203 807 5255 καὶ
842 5203 1166 5273 βεόηκυίας,
1195 5206 1287 5259 καὶ
1320 5205 1379 5272 ἐξ
1409 5209 1612 5278 ἐτέρων
1639 5213 1904 5281 μεταϐαι-

329 5290 522 5362 νούσης
573 5291 655 5354 εἰς
695 5292 877 5364 ἕτερα.
923 5295 1036 5347 Καὶ
1066 5295 1274 5366 κέρατα
1325 5297 1371 5350 δ’
1406 5293 1548 5350 εἶναι
1593 5301 1672 5369 τῷ
1726 5300 1903 5372 θηρίῳ

328 5379 456 5434 δέκα
489 5381 681 5452 φησὶν,
714 5382 1094 5454 ὑπεμφαίνων,
1127 5385 1203 5448 ὡς
1251 5389 1330 5448 εἰς
1367 5387 1570 5451 πολλάς
1602 5389 1903 5460 ἡγεμονίας

2001 4202 2360 4252 attenuantur
2371 4207 2424 4251 et
2443 4197 2510 4251 ad
2529 4202 2825 4266 egestatem
2843 4194 3181 4263 rediguntur.
3203 4191 3306 4258 Qui
3323 4209 3456 4247 vero
3481 4194 3582 4246 tri-

2002 4290 2134 4345 buta
2164 4289 2579 4354 detrectabant,
2621 4297 2676 4342 et
2707 4286 3016 4341 libertatem
3057 4283 3459 4351 defendebant,
3487 4301 3584 4340 eos

2003 4379 2360 4434 conculcabat
2377 4379 2575 4440 bestia,
2597 4386 2652 4433 et
2667 4377 3085 4432 exterminabat.
3100 4377 3204 4431 Per
3219 4375 3386 4446 pedes
3401 4387 3580 4433 autem

2005 4470 2389 4540 intelliguntur
2404 4470 2700 4530 exercitus,
2726 4480 2786 4523 ut
2803 4469 3003 4539 quibus
3025 4484 3253 4539 regnum
3285 4469 3500 4524 insistat
3529 4480 3586 4526 et

2004 4561 2292 4625 innitatur,
2314 4571 2368 4615 et
2389 4561 2458 4615 ab
2481 4561 2606 4616 aliis
2620 4561 2686 4616 ad
2719 4561 2823 4615 alia
2852 4561 3012 4630 128
3031 4570 3290 4616 transeat.
3314 4561 3582 4617 Prasterea

2005 4655 2196 4708 decem
2211 4668 2417 4707 cornua
2440 4652 2653 4717 bestiaa,
2689 4652 3022 4722 significant,
3055 4651 3110 4706 id
3148 4652 3443 4721 itnperium
3482 4670 3586 4724 po-

2003 4746 2584 4816 stremistemporibus
2614 4746 2668 4800 in
2701 4747 2869 4800 multa
2891 4761 3008 4800 esse
3026 4744 3582 4816 regnadividendttm.

2005 4840 2065 4895 ln
2111 4839 2293 4894 medio
2332 4855 2500 4909 porro
2543 4840 2734 4894 decem
2779 4855 3072 4905 cornuum,
3105 4856 3333 4910 parvum
3360 4841 3584 4910 prodire

2005 4948 2204 4997 cornu,
2233 4948 2343 5002 quo
2374 4933 2476 4987 tria
2499 4932 2602 4986 alia
2639 4947 2847 4988 cornua
2875 4933 3251 5003 exstirpentur
3273 4949 3286 4986 :
3310 4939 3366 4988 et
3394 4933 3584 4987 oculos

2007 5025 2211 5080 habere
2234 5039 2406 5079 cornu
2436 5023 2595 5088 illud,
2623 5032 2680 5079 et
2705 5039 2768 5079 os
2795 5025 3210 5096 magniloquum
3233 5021 3585 5079 etinfestum—

2007 5117 2230 5174 sanctis.
2277 5116 2391 5171 l-luc
2412 5133 2585 5171 cornu
2619 5117 2842 5186 quidam
2874 5117 3276 5172 Anticltristttm
3308 5116 3584 5183 interpre-

2010 5219 2228 5275 tantur;
2253 5224 2480 5278 parvum
2513 5218 2696 5263 autem
2713 5218 2966 5273 vocatur,
2991 5209 3135 5278 quod
3165 5223 3232 5262 ex
3254 5222 3418 5276 parva
3437 5207 3587 5262 tribu
3665 5227 3668 5231 ·

2010 5303 2369 5357 Hebraeorum
2401 5301 2476 5355 sit
2503 5300 2801 5366 oriturum,
2842 5311 2898 5355 et
2923 5309 3034 5354 tres
3058 5300 3127 5353 de
3147 5299 3337 5354 decem
3363 5299 3586 5371 regibus
3620 5354 3636 5368 ,

2008 5406 2356 5445 eversurum.
2381 5391 2485 5444 Per
2509 5392 2724 5454 oculos,
2753 5390 3164 5459 improbitatem
3193 5391 3334 5461 ejus,
3389 5401 3446 5445 et
3476 5392 3589 5447 cal-

328 5473 411 5526 ἐπ’
440 5473 694 5544 ἐσχάτων
736 5476 768 5526 'i‘
821 5475 1066 5545 βασιλεία
1119 5477 1548 5549 διαιρεθήσεται.
1609 5481 1699 5533 Ἐν
1753 5483 1895 5552 μέσῳ

2009 5483 2283 5538 liditatem
2312 5483 2517 5548 innuit,
2549 5482 2753 5552 quibus
2813 5482 3016 5538 multos
3075 5484 3146 5538 sit
3200 5485 3586 5542 seducturum.

1520 5603 1729 5663 Varia:
1760 5603 2070 5666 lectiones
2113 5584 2177 5666 et
2216 5610 2407 5667 notae.

397 5699 532 5772 (81')
571 5700 684 5772 Τὰς
731 5700 991 5769 ,βίϐλους
1030 5704 1134 5758 τοῦ
1179 5705 1467 5772 Ῥωμαίου
1507 5707 1748 5771 Δίωνος.
1776 5706 1908 5759 Dio-

330 5784 450 5845 nem
489 5770 744 5845 Cassium
788 5771 1029 5845 Nicaeum
1073 5770 1345 5845 intelligit,
1388 5777 1482 5844 qui
1528 5770 1906 5831 Romanorum

332 5840 628 5900 Historiam
659 5841 1013 5915 conscripsit,
1046 5853 1100 5901 ct
1139 5840 1302 5916 quem
1339 5840 1582 5907 Zonaras
1603 5847 1907 5918 integrum,

2015 5722 2124 5761 non
2181 5715 2242 5761 ut
2293 5707 2457 5761 hodie
2505 5715 2703 5780 exstat,
2734 5705 2969 5761 maxima
3011 5709 3096 5764 sui
3136 5718 3290 5780 parte
3331 5708 3600 5763 mutilum.

2015 5779 2172 5844 vidit,
2196 5788 2251 5833 et
2282 5793 2424 5848 saepe
2456 5777 2736 5832 exscribit.
