3980 6246
433 267 540 331 247

1734 265 2061 329 JOANNIS
2101 267 2424 331 ZONARA'.

3589 268 3694 332 248

433 399 560 440 cum
585 383 884 454 imperium
916 384 1164 440 evertit:
1208 398 1335 439 nam
1375 399 1502 440 eum
1545 384 1700 455 prius
1721 383 1886 439 etiam
1941 383 2003 438 ad

2111 382 2171 437 ἐν
2206 382 2481 455 θεωρητὺν
2507 383 2613 438 ἀνὰ
2661 384 2827 454 μέσον
2875 385 2988 440 τῶν
3016 383 3315 454 ὀφθαλμῶν
3343 382 3536 439 αὑτοῦ.
3576 385 3687 440 Καὶ

433 479 606 532 lssum
629 476 964 549 proﬁigarat,
1007 477 1128 549 ejus
1182 492 1374 542 uxore,
1433 476 1672 543 ﬁliabus,
1729 491 1896 534 curru
1951 485 2009 532 et

431 584 563 623 arcu
599 569 825 640 potitus,
857 569 1196 640 direptisque
1228 567 1427 625 castris
1471 569 1730 624 Persicis.
1760 567 1868 624 Sed
1901 568 2006 624 Da-

432 663 549 738 rius
577 661 702 733 fuga
733 663 975 732 elapsus,
1009 670 1066 718 et
1096 663 1404 718 recollectis
1431 662 1626 731 copiis,
1670 677 1852 733 pugna
1879 677 2006 718 cum

371 794 378 799 -
428 756 741 811 Alexandro
771 773 839 810 ex
862 755 1097 827 Egypto
1126 768 1348 810 reverso
1380 752 1447 808 ad
1465 752 1667 808 Arbela
1689 753 2006 819 commissa,

432 851 632 903 iterum
666 859 981 919 superatus,
1012 848 1065 903 in
1099 848 1222 919 fuga
1255 847 1443 918 periit.
1485 842 1798 917 Spectabile
1841 859 2008 916 porro

429 957 602 996 cornu
629 950 807 1006 vocat,
841 951 902 997 ut
949 941 1164 1012 insigne
1219 951 1276 996 et
1329 942 1714 1012 conspicuum,
1771 951 2008 1009 regnum

427 1035 722 1089 Alexandri
760 1049 860 1104 per
891 1033 943 1088 id
967 1034 1294 1103 intelligens.
1326 1035 1392 1088 Et
1416 1034 1470 1088 in
1503 1033 1688 1088 medio
1715 1030 2004 1086 oculorum

429 1122 786 1192 ejuscnatum
819 1137 939 1178 esse
961 1137 1132 1176 cornu
1168 1122 1323 1183 dicit,
1361 1123 1432 1175 ob
1468 1121 1753 1176 solertiam
1791 1127 1846 1174 et
1873 1133 2006 1188 pru—

429 1215 696 1279 dentiam,
733 1231 797 1270 ac
827 1228 1158 1285 generosum
1190 1214 1432 1268 animum
1465 1211 1780 1268 Alexandri.
1815 1210 1886 1264 Et
1914 1225 2004 1264 ve-

429 1309 529 1369 nit,
563 1308 766 1379 inquit,
803 1309 980 1362 hircus
1016 1321 1176 1376 usque
1202 1306 1272 1359 ad
1294 1307 1507 1360 arietem
1552 1306 1906 1375 cornigerum,
1957 1308 2005 1353 et

427 1405 534 1457 ridi
559 1420 674 1458 eum
707 1405 1035 1473 progressum
1067 1401 1138 1454 ad
1171 1403 1407 1462 arietem,
1441 1407 1490 1452 et
1523 1399 1794 1468 eﬂ'eratum
1819 1402 2004 1449 contra

426 1496 580 1549 illum
610 1512 627 1548 :
658 1510 809 1566 quem
835 1510 954 1548 cum
981 1491 1304 1563 perculisset,
1337 1491 1490 1546 ambo
1509 1491 1620 1560 ejus
1652 1505 1852 1542 cornua
1881 1503 2008 1540 con-

429 1588 594 1649 trivit,
620 1594 678 1639 ut
701 1602 878 1639 coram
898 1602 956 1639 eo
986 1585 1270 1638 consistere
1301 1600 1405 1636 non
1432 1590 1620 1651 posset,
1650 1581 1742 1635 sed
1769 1580 1832 1634 ab
1863 1581 2005 1634 hirco

341 1741 348 1747 _
428 1683 722 1746 prostratus
745 1675 892 1729 humi
924 1673 1344 1728 conculcaretur.
1380 1673 1449 1726 Et
1475 1669 1831 1741 sunt,inquit,
1852 1668 2005 1723 ambo

2110 475 2216 538 ἕως
2243 476 2340 529 τοῦ
2373 476 2534 548 κριοῦ
2566 477 2801 546 φθάσας,
2835 476 3147 548 ἐξηγριώθη
3184 476 3320 548 πρὸς
3351 475 3536 540 αὐτον,
3596 478 3688 531 καὶ

2111 567 2339 622 ιπαισεν
2365 569 2548 636 αὑτὸν,
2581 570 2675 623 καὶ
2711 568 3002 640 συνέτριψε
3025 569 3094 623 τὰ
3125 568 3333 640 κέρατα
3366 568 3558 632 αὐτοῦ,
3599 571 3693 624 καὶ

2111 657 2338 732 ἔρριψεν
2366 660 2534 714 αὐτὸν
2581 662 2677 714 ἐπὶ
2701 660 2806 732 τὴν
2831 661 2960 731 γῆν,
2993 660 3088 714 καὶ
3109 660 3489 730 συνεπάτησεν
3509 659 3690 726 αὐτὸν,

2112 754 2205 805 καὶ
2226 753 2326 806 οὐκ
2349 748 2418 825 ἦν
2441 755 2470 806 δ
2506 753 2903 826 ἐξαιρούμενος
2955 755 3049 808 τὸν
3081 753 3236 820 κριὸν
3294 756 3360 808 ἐκ
3387 755 3486 824 τῆς
3513 755 3692 824 χειρὸς

2109 843 2296 906 αὐτοῦ.
2325 845 2439 916 Τὴν
2451 847 2832 918 Μακεδονικὴν
2851 847 3133 918 βασιλείαν
3181 847 3464 901 ὑπτῦπου
3497 849 3525 900 ὁ
3551 847 3686 918 τράο

2109 951 2224 1002 γοςο
2258 935 2516 1008 ὀξύτερος
2543 937 2654 1008 γὰρ
2683 937 2778 992 τοῦ
2803 939 2985 1010 κριοῦ,
3034 941 3130 994 καὶ
3160 940 3364 1012 μᾶλλον
3391 939 3693 1008 εὐκίνητος.

2122 1028 2256 1081 Ἀπὸ
2285 1027 2434 1092 λιῦδς
2477 1029 2522 1081 δ’
2557 1031 2792 1101 ἧρχετο’
2824 1032 2906 1086 ὅτι
2962 1032 3064 1102 τὴν
3102 1032 3383 1101 Δίγςπτον
3429 1033 3695 1103 πρότερον

2110 1120 2200 1188 ὑφ’
2231 1119 2423 1173 ἑαυτὸν
2477 1122 2852 1193 ποιησάμενος
2875 1124 2904 1176 ὁ
2940 1123 3313 1197 Ἀλέξανδρος,
3366 1124 3510 1178 οῦτω
3554 1124 3692 1194 πρὸς

2109 1215 2338 1285 Δαρεῖον
2372 1213 2433 1268 τὸ
2471 1213 2728 1286 δεύτερον
2754 1215 3008 1286 ὥρμησε,
3043 1219 3138 1271 καὶ
3180 1217 3692 1288 κατατροπωσάμε-

2109 1323 2198 1370 νος
2228 1307 2412 1372 αὐτὸν,
2441 1307 2542 1378 τὴν
2590 1308 2701 1362 τῶν
2750 1308 2978 1379 Περσῶν
3037 1308 3324 1380 βασιλείαν
3370 1309 3691 1364 κατέλυσεν.

2121 1399 2210 1452 Ἐν
2240 1398 2398 1469 Ἰσσῷ
2421 1399 2530 1470 γὰρ
2556 1397 2750 1470 πρώην
2781 1399 2882 1470 τῆς
2906 1401 3160 1464 Κιλικίας
3193 1399 3344 1471 αὐτῷ
3374 1401 3695 1471 συμϐαλὼν,

2106 1488 2341 1561 ἥττησεν
2365 1489 2550 1554 αὑτὸν,
2578 1491 2672 1544 καὶ
2699 1489 2797 1561 τὴν
2830 1491 2930 1562 μὲν
2979 1492 3219 1560 γυναῖκα
3252 1491 3349 1546 καὶ
3382 1491 3484 1556 τὰς
3523 1491 3698 1560 θυγα-

2109 1578 2277 1649 τέρας
2307 1578 2477 1632 αὒτοῦ
2508 1581 2604 1633 καὶ
2642 1580 2704 1634 τὸ
2729 1581 2882 1652 ἆρμα
2905 1582 3000 1636 καὶ
3027 1581 3088 1635 τὸ
3121 1583 3280 1650 τόξον
3308 1583 3571 1653 κατέσχε,
3599 1585 3698 1638 καὶ

2107 1671 2378 1740 διήρπασε
2429 1671 2491 1725 τὸ
2535 1673 2903 1743 στρατόπεδον
2943 1674 3006 1726 τὸ
3052 1675 3347 1746 Περσικόν.
3408 1674 3621 1746 Ἐφυγε
3652 1675 3700 1732 δ’

429 1767 608 1820 arietis
634 1782 834 1820 cornua
859 1767 1082 1819 contrita
1102 1765 1165 1818 ab
1186 1765 1329 1819 hirco
1356 1804 1370 1829 ,
1400 1765 1599 1834 impetu
1617 1762 1673 1814 in
1702 1777 1823 1814 eum
1841 1761 2000 1830 facto.

2111 1762 2328 1817 ἐκεῖθεν
2357 1766 2385 1818 ὁ
2412 1765 2658 1835 Δαρεῖος,
2695 1766 2791 1819 καὶ
2830 1762 2990 1831 αὖθις
3022 1769 3283 1838 δυνάμεις
3337 1769 3692 1838 συναγαγὼν,

429 1855 543 1912 lloe
585 1865 691 1922 est,
745 1855 920 1910 ambae
975 1856 1094 1926 ejus
1130 1854 1321 1923 conice,
1368 1852 1601 1908 Persicae
1653 1861 1710 1907 et
1759 1850 2002 1913 Medicin,

429 1950 632 2018 quibus
659 1949 834 2003 fretus
849 1955 988 2002 erat.
1015 1946 1148 2002 Nam
1174 1948 1465 2002 Persarum
1491 1960 1585 2000 rex
1603 1945 1826 2015 utrique
1849 1943 2000 2014 genti

429 2042 755 2111 imperabat,
799 2040 967 2112 Cyro,
1007 2051 1066 2096 ut
1114 2040 1322 2095 dictum
1383 2047 1490 2103 est,
1545 2038 1806 2106 utrinque
1839 2035 1995 2106 131

427 2133 664 2188 ducente
697 2132 988 2204 originem,
1024 2141 1080 2186 et
1136 2142 1373 2201 utroque
1425 2145 1594 2200 regno
1652 2129 1848 2199 potito,
1881 2145 2004 2198 qua:

427 2235 620 2295 gentes
657 2225 832 2280 amba:
859 2225 1205 2295 Assyriorum
1257 2239 1486 2294 regnum
1545 2230 1886 2277 everterunt.
1933 2220 2004 2274 Et

426 2317 600 2370 hircus
621 2315 950 2370 evasitvalde
969 2332 1213 2386 magnus.
1247 2314 1435 2383 Neque
1465 2313 1613 2367 enim
1640 2329 1702 2368 ea
1734 2313 2004 2368 duntaxat

426 2423 549 2477 quae
593 2407 832 2478 Assyriis
872 2417 1193 2478 paruerant,
1229 2406 1328 2461 sed
1377 2406 1482 2460 alia
1549 2423 1769 2476 quoque
1832 2408 2002 2462 multa

428 2501 666 2570 subegit.
703 2501 914 2555 Indiam
934 2515 1243 2571 aggressus,
1268 2497 1472 2553 Porum
1499 2499 1718 2566 devicit,
1750 2509 1804 2555 et
1841 2499 2002 2554 Taxi-

429 2593 534 2647 lem
563 2593 669 2648 sibi
701 2593 1038 2657 conciliavit,
1073 2603 1130 2648 et
1167 2593 1302 2647 alias
1332 2591 1531 2647 Indicae
1557 2591 1797 2663 regionis
1821 2601 2002 2661 partes

426 2686 737 2757 occupavit.
768 2685 975 2741 Deinde
1011 2701 1120 2740 non
1146 2686 1239 2740 diu
1273 2686 1593 2741 duraturam
1629 2687 1749 2756 ejus
1770 2684 2002 2739 felicita-

429 2789 537 2832 tem
570 2779 844 2849 Pr0phcta
872 2778 1209 2850 signiﬁcans,
1245 2779 1534 2851 subjungit
1569 2799 1581 2834 ζ
1625 2777 1696 2830 Et
1730 2779 1869 2832 inter
1888 2779 2004 2830 vin-

426 2873 646 2925 rendam
677 2874 1053 2927 comminutum
1080 2882 1154 2926 est
1183 2888 1347 2926 cornu
1373 2871 1510 2925 illud
1532 2886 1804 2941 magnum,
1834 2877 1884 2922 et
1919 2869 2004 2922 in-

426 2964 511 3032 fra
546 2963 717 3032 ipsum
749 2972 980 3033 quatuor
1009 2979 1207 3018 cornua
1230 2971 1353 3017 sunt
1388 2971 1568 3017 enata.
1600 2961 1735 3017 Nam
1766 2960 1999 3015 Alexan-

2107 1855 2422 1925 ἐμαχέσατο
2449 1855 2526 1925 τῷ
2560 1855 2924 1928 Ἀλεξάνδρῳ,
2946 1856 3004 1923 ἐξ
3020 1857 3302 1928 Αἰγύπτου
3323 1859 3460 1930 πρὸς
3486 1862 3626 1914 ἐκεῖι
3637 1878 3699 1914 ον

2109 1947 2444 2019 ὁρμήσαντι,
2463 1948 2558 2000 καὶ
2592 1948 2760 2002 πάλιν
2786 1949 2992 2020 ἡττήθη
3021 1951 3078 2003 ἐν
3101 1949 3410 2022 Ἀρϐήλοις,
3443 1953 3542 2005 καὶ
3561 1953 3698 2022 φεύ-

2109 2051 2221 2103 γων
2243 2034 2510 2091 ἀπώλετο.
2546 2035 2837 2106 Θεωρητὸν
2858 2037 2914 2091 δὲ
2949 2038 3007 2090 τὸ
3035 2041 3202 2110 κέρας
3225 2041 3411 2110 φησιν,
3443 2043 3566 2095 ἀντὶ
3601 2040 3700 2095 τοῦ

2109 2128 2382 2198 ἐπίσημον
2404 2130 2501 2183 καὶ¹
2531 2130 2900 2199 περίϐλεπτον
2921 2146 2933 2159 '
2964 2133 3067 2202 τὴν
3103 2131 3463 2206 Ἀλεξάνδρου
3508 2134 3567 2188 δὲ
3599 2134 3700 2188 καὶ

2106 2220 2195 2274 διὰ
2231 2221 2419 2274 τούτου
2449 2222 2746 2276 αἰνίττεται
2768 2221 3068 2292 βασιλείαν.
3096 2225 3207 2278 Καὶ
3223 2226 3328 2280 ἀνὰ
3370 2227 3558 2296 μέσων
3586 2227 3700 2280 τῶν

2106 2316 2404 2388 ὀφθαλμῶν
2452 2317 2618 2372 αὐτοῦ
2669 2317 2910 2388 ἐκφῦναι
2957 2318 3016 2372 τὸ
3067 2319 3239 2392 κέρας
3292 2320 3463 2390 λέγει,
3505 2321 3594 2374 διὰ
3636 2319 3701 2374 τὸ

2107 2412 2367 2482 ἀγχίνουν
2399 2416 2494 2466 καὶ
2516 2412 2618 2483 τὴν
2645 2414 2890 2479 σύνεσιν,
2937 2415 3036 2470 καὶ
3061 2414 3124 2468 τὸ
3156 2417 3408 2484 γενναῖον
3438 2414 3532 2469 τοῦ
3563 2431 3703 2486 φρο-

2107 2506 2353 2576 νήματος
2375 2505 2471 2559 τοῦ
2502 2505 2881 2578 Ἀλεξάνδρου.
2926 2507 3041 2564 Kai
3065 2505 3234 2578 ἦλθε,
3259 2507 3450 2578 φησὶν,
3500 2510 3535 2562 ό
3565 2505 3704 2575 τράο

2107 2616 2212 2667 τος
2232 2597 2347 2665 ἕως
2397 2598 2504 2653 τοῦ
2547 2599 2716 2668 κριοῦ
2771 2600 2880 2655 τοῦ
2909 2602 2982 2656 τὰ
3027 2602 3244 2669 κέρατα
3289 2602 3559 2670 ἔχοντος,
3597 2599 3704 2654 και

2105 2689 2272 2746 εἶδον
2285 2690 2474 2745 αὐτὸν
2485 2691 2802 2759 φθάσαντα
2820 2692 2931 2758 ἕως
2946 2693 3052 2747 τοῦ
3072 2691 3263 2761 κριοῦ,
3281 2693 3378 2746 καὶ
3397 2692 3468 2757 ἐξ
3473 2709 3510 2761 η
3518 2692 3690 2762 τριώ-

2105 2787 2178 2852 θη
2201 2785 2352 2852 πρὸς
2379 2785 2590 2850 αὐτὸν,
2622 2785 2720 2839 καὶ
2748 2785 2966 2840 ἔπαισε
3013 2785 3123 2840 τὸν
3151 2786 3346 2855 κριὸν,
3403 2786 3505 2840 καὶ
3545 2803 3702 2842 συν-

2106 2875 2354 2946 έτριψεν
2389 2877 2694 2946 ἀμφότερα
2729 2881 2801 2934 τὰ
2849 2879 3070 2949 κέρατα
3105 2877 3312 2944 αὐτοῦ,
3339 2880 3438 2934 καί
3473 2879 3585 2934 οὐκ
3617 2876 3702 2950 ἦν

2108 2970 2290 3039 ισχὺς
2319 2969 2398 3036 τῷ
2426 2970 2569 3040 κριῷ
2601 2973 2713 3026 τοῦ
2758 2973 2982 3042 στῆναι
3036 2973 3298 3028 ἐνώπιον
3351 2973 3564 3039 αὐτοῦ,
3593 2974 3698 3028 καὶ

424 3053 527 3108 dro
557 3052 707 3108 brevi
739 3062 862 3124 post
893 3069 1182 3110 successus
1215 3055 1340 3112 illos
1371 3063 1614 3119 mortuo,
1659 3055 1782 3126 ejus
1833 3054 2003 3122 impe—

2109 3063 2355 3133 ἕρῤιψεν
2426 3065 2616 3120 αὑτὸν
2669 3068 2759 3133 εις
2837 3064 2953 3137 γῆν
2979 3109 2994 3135 ,
3069 3067 3181 3122 καὶ¹
3261 3067 3702 3135 συνεπάτησεν

425 3148 568 3200 rium
602 3148 655 3200 in
683 3159 865 3218 partes
899 3154 1138 3218 quatuor
1161 3157 1245 3203 est
1265 3148 1500 3202 divisum
1536 3165 1551 3201 :
1587 3156 1647 3201 ut
1669 3148 1781 3218 jam
1814 3146 1868 3200 in
1893 3155 2003 3200 ter-

425 3241 500 3294 tia
528 3239 642 3294 l'cra
672 3241 880 3294 dietum
902 3249 1007 3306 est,
1042 3256 1163 3310 qua:
1193 3241 1248 3294 in
1287 3241 1496 3296 somnis
1522 3239 1732 3294 Danieli
1773 3240 1890 3294 visa
1921 3247 2008 3293 est

423 3349 455 3385 e
487 3333 890 3404 maricgressa,
918 3343 1157 3403 quatuor
1202 3332 1430 3403 praedita
1479 3331 1776 3402 capitibus.
1826 3331 1896 3386 Et
1943 3345 2008 3384 ex

427 3443 529 3480 uno
559 3443 720 3480 cornu
758 3428 954 3481 exstitit
979 3442 1139 3478 cornu
1174 3425 1426 3491 terribile,
1471 3425 1630 3495 idque
1677 3427 1734 3478 in
1779 3426 2007 3480 immen-

423 3537 538 3574 sum
575 3529 886 3575 cstanctum
930 3535 1108 3574 versus
1162 3527 1428 3584 austrum,
1479 3535 1659 3572 versus
1723 3521 2002 3584 orientem,

424 3631 603 3668 versus
656 3614 904 3685 africani,
931 3625 979 3667 et
1019 3629 1197 3667 versus
1249 3612 1607 3666 occidentem:
1633 3621 1682 3666 et
1710 3611 2009 3682 ampliﬁca-

428 3717 537 3762 tum
560 3715 634 3761 est
667 3723 827 3778 usque
856 3706 926 3760 ad
944 3707 1235 3777 potentiam
1265 3705 1400 3772 caeli,
1432 3714 1481 3759 et
1520 3705 2007 3760 cecideruntstella:

422 3801 580 3854 etiam
601 3801 656 3854 in
684 3807 880 3854 terram
909 3815 940 3852 a
988 3800 1223 3870 potentia
1258 3799 1394 3869 ejus,
1425 3806 1475 3851 et
1508 3798 1830 3853 conculcata:
1857 3806 2004 3851 sunt.

425 3892 521 3947 llis
547 3893 730 3948 verbis
764 3891 956 3947 Daniel
981 3908 1044 3948 ea
1069 3891 1365 3962 prtedocet,
1411 3907 1535 3961 quae
1576 3891 1680 3946 sub
1731 3891 2007 3946 Antiocho

430 3985 719 4056 Epipliane
752 3987 1123 4056 contigerunt,
1149 3984 1407 4039 Antiochi
1440 3984 1620 4054 Magni
1652 3982 1788 4052 ﬁlio,
1838 3998 2005 4053 supe-

427 4076 634 4129 riorum
660 4090 848 4147 regum
888 4075 1190 4146 potentiam
1219 4089 1602 4146 supergresso,
1635 4077 1730 4145 qui
1769 4073 2005 4130 Seleuco

425 4179 828 4224 successerant.
861 4167 913 4223 Is
943 4167 1180 4239 )Egypto
1209 4176 1266 4221 et
1287 4167 1412 4221 aliis
1439 4167 1743 4237 provinciis
1771 4168 2003 4236 potitus,

427 4261 683 4330 belloque
709 4258 914 4315 Judaris
963 4258 1138 4324 illato,
1190 4266 1248 4312 et
1295 4257 1672 4329 Hierosolyma
1737 4267 1792 4314 et
1837 4267 2004 4314 totam

425 4362 643 4422 gentem
684 4351 923 4421 subegit,
948 4349 1234 4420 Templum
1256 4350 1513 4421 spoliavit
1540 4360 1596 4405 et
1625 4351 1843 4421 polluit,
1876 4366 2006 4420 por-

2109 3160 2320 3213 αύτόν.
2403 3159 2730 3228 Συνετρίση
2817 3159 2906 3226 δὲ,
2965 3160 3122 3231 φησι,
3207 3159 3306 3215 καὶ
3389 3160 3567 3231 ἄμφω
3620 3161 3702 3214 τὰ

2110 3250 2332 3319 κέρατα
2394 3250 2502 3305 τοῦ
2589 3250 2761 3320 κριοῦ
2840 3252 3340 3321 προσαράξαντος
3392 3253 3504 3307 τοῦ
3555 3253 3700 3323 τρά-

2111 3361 2223 3413 γου
2251 3343 2450 3410 αὐτῷ·
2495 3347 2768 3410 τουτέστι,
2802 3345 2896 3398 καὶ
2935 3345 3106 3415 ἄμφω
3161 3345 3218 3398 αἱ
3270 3345 3536 3416 δυνάμεις
3594 3346 3698 3400 αῦ-

2111 3434 2203 3488 τοῦ
2258 3429 2344 3498 αἷς
2417 3433 2802 3506 ἐπεποίθει,ἧ
2866 3451 2928 3488 τε
2996 3434 3242 3507 Περσική
3309 3439 3404 3490 καὶ⁵
3483 3439 3518 3500 ή
3574 3435 3694 3508 Μη-

2109 3527 2258 3598 δική.
2346 3528 2574 3599 Περσῶν
2634 3527 2746 3598 γὰρ
2813 3527 2909 3580 καὶ⁸
2962 3527 3162 3597 Μήδων
3249 3523 3420 3600 ἦρχον
3484 3529 3535 3582 οἱ
3597 3528 3701 3600 βα-

2110 3620 2278 3682 σιλεῖς
2333 3619 2442 3673 τῶν
2507 3618 2758 3690 Περσῶν,
2813 3619 2890 3683 tit;
2945 3618 3042 3672 τοῦ
3105 3620 3290 3688 Κύρου
3352 3619 3414 3684 ἐξ
3465 3619 3690 3690 ἀμφοῖν,

2105 3711 2183 3776 ὡς
2206 3714 2443 3784 εἴρηται,
2475 3712 2696 3781 φύντος,
2727 3713 2822 3766 καὶ
2851 3711 2952 3781 τὴν
2984 3713 3190 3783 ἀμφοῖν
3221 3711 3502 3783 βασιλείαν
3527 3713 3692 3783 σχόν-

2108 3823 2198 3870 τος
2258 3807 2350 3877 ὑφ’
2395 3805 2611 3870 ἑαυτὸν,
2671 3806 2769 3860 καὶ
2832 3805 3002 3876 ἄμφω
3047 3804 3222 3859 ταῦτα
3268 3805 3336 3858 τὰ
3393 3805 3524 3876 γένη
3587 3803 3701 3860 τῶν

2110 3899 2417 3968 ’Δσσυρίων
2447 3898 2547 3968 τὴν
2580 3897 2864 3966 βασιλείαν
2899 3897 3229 3951 κατέλυσαν.
3257 3896 3365 3950 Καὶ
3414 3900 3447 3950 ό
3482 3895 3702 3966 τράγος

2107 3992 2488 4062 ἐμεγαλὺνθη
2521 3989 2780 4059 σφόδρα.
2815 3990 2890 4042 Οὐ
2928 3989 3038 4060 γὰρ
3070 3988 3210 4058 μόνα
3251 3989 3318 4041 τὰ
3354 3989 3573 4060 ὑπήκοα
3625 3990 3697 4060 τῇ

2109 4085 2220 4138 τῶν
2293 4083 2597 4154 Ἀσσυρίων
2635 4083 2780 4154 ἀρχῇ
2839 4082 2930 4151 ὑφ’
2981 4082 3174 4137 ἐαυτὸν
3213 4083 3523 4151 ἐποιήσατο,
3557 4079 3698 4135 ἀλλὰ

2109 4177 2208 4231 καὶ
2239 4176 2372 4230 ἄλλα
2407 4175 2579 4229 πολλὰ
2616 4174 2976 4246 ἐχειρώσατο.
3021 4176 3101 4246 Τῇ
3141 4191 3201 4229 τε
3222 4175 3331 4246 γὰρ
3369 4174 3534 4245 Ἰνδίᾳ
3557 4190 3699 4244 προ-

2112 4267 2333 4333 σέϐαλε,
2369 4267 2466 4320 καὶ
2512 4267 2606 4320 τὸν
2651 4267 2845 4340 Πῶρον
2903 4267 3148 4340 ἐνίκησε,
3199 4269 3295 4321 καὶ
3335 4267 3427 4321 τὸν
3459 4266 3700 4340 Ταξίλην

2114 4360 2457 4432 ᾠκειώσατο,
2487 4360 2584 4414 καὶ
2609 4360 2746 4414 ἄλλα
2797 4361 2939 4431 μέρη
2986 4360 3086 4430 τῆς
3129 4358 3363 4429 Ἰνδικῆς
3405 4359 3696 4430 κατέσχεν.

426 4448 506 4500 cis
547 4446 599 4499 in
629 4461 695 4500 eo
721 4443 1041 4507 immolatis,
1065 4453 1120 4498 et
1156 4459 1248 4498 ara
1297 4444 1416 4499 ιΙονί
1471 4452 1772 4508 exstructa,
1829 4459 2003 4514 popu-

2111 4450 2246 4507 Εἶτα
2288 4453 2466 4523 δηλῶν
2497 4455 2526 4506 ὁ
2547 4453 2854 4524 προφήτης,
2884 4454 2966 4505 ὅτι
2996 4451 3092 4506 καὶ
3115 4445 3270 4515 οὗτος
3295 4451 3698 4521 εὐδαιμονήσας

427 4542 648 4610 lumquc
675 4538 741 4593 ad
772 4538 1149 4609 paganismum
1194 4537 1396 4608 adegit,
1461 4547 1516 4593 et
1565 4553 1766 4608 pueros
1825 4553 2004 4591 mares

425 4631 752 4688 circumcidi
787 4635 982 4684 vetuit.
1021 4629 1152 4684 Nam
1189 4631 1306 4701 ejus
1337 4632 1579 4685 furorem
1608 4641 1802 4686 contra
1831 4632 2000 4685 Deum

426 4730 516 4782 illa
543 4727 708 4781 verba
746 4725 983 4778 innuunl
1013 4741 1026 4777 :
1062 4722 1126 4776 Et
1152 4726 1322 4776 elatus
1367 4735 1445 4777 est
1475 4742 1639 4794 usque
1673 4726 1742 4778 ad
1770 4724 1886 4779 ειείὶ
1911 4743 2004 4796 ρο-

425 4824 670 4876 tentiam.
705 4821 800 4875 Illa
841 4835 974 4874 vero
1008 4836 1022 4872 :
1071 4819 1385 4872 Ceciderunt
1422 4836 1454 4872 a
1491 4822 1724 4889 potentia
1785 4819 1900 4887 ejus
1955 4832 2002 4871 et

428 4911 595 4967 stella:
623 4915 678 4966 in
705 4921 925 4975 terram,
962 4909 1355 4963 etconculcavit
1395 4927 1505 4973 eas,
1549 4909 1863 4980 signiﬁcant
1909 4926 2004 4964 eos

423 5022 489 5059 ex
515 5005 749 5061 Judaico
779 5002 1006 5073 populo,
1051 5001 1145 5070 qui
1185 5001 1255 5055 ab
1291 5001 1384 5055 illo
1444 5001 1618 5055 coacti
1679 5000 2000 5069 religionem

424 5097 724 5158 violarunt,
756 5104 813 5149 et
870 5103 1104 5164 tyranno
1164 5106 1401 5158 cessere,
1439 5092 1680 5162 legitima
1705 5091 2003 5160 divinaque

426 5189 646 5242 vivendi
679 5189 892 5242 ratione
921 5186 1162 5252 deserta,
1193 5186 1262 5240 ab
1279 5201 1458 5254 eoque
1495 5184 1806 5239 conculcati
1847 5193 1998 5238 sunt.

427 5282 610 5336 Stella:
640 5289 823 5335 autem
852 5291 1144 5343 vocantur,
1189 5262 1286 5334 vel.
1323 5278 1394 5332 ob
1449 5278 1670 5347 pietatis
1705 5280 2000 5346 puritatem

427 5383 482 5425 et
511 5371 908 5440 splendorem:
953 5370 1038 5425 vel
1096 5370 1242 5438 quod
1302 5367 1616 5422 Abrahamo
1674 5368 2000 5436 promiserat

428 5463 667 5529 Deus,jse
692 5466 1006 5534 progeniem
1038 5464 1160 5534 ejus
1188 5462 1468 5517 stellarum
1501 5459 1809 5514 caelestium
1829 5459 2002 5513 instar

428 5558 910 5627 ampliﬁcaturum.
949 5560 1017 5613 Et
1043 5574 1205 5628 usque
1226 5558 1294 5611 ad
1315 5558 1604 5626 principem
1638 5554 1906 5623 copiarum
1927 5558 2000 5606 est

427 5651 616 5722 elatus.
651 5652 852 5707 Contra
876 5654 1054 5723 ipsum
1086 5651 1254 5706 [tcum
1289 5649 1529 5703 furorem
1563 5648 1827 5710 exercuit,
1855 5649 2002 5716 prin-

429 5745 602 5816 cipem
642 5745 944 5801 ccnlcslium
999 5743 1304 5812 copi-wum.
1345 5741 1410 5796 Et
1457 5737 1774 5808 sacriﬁcium
1806 5743 1994 5794 turba-

2113 4545 2332 4616 μικρὸν,
2349 4544 2774 4616 παρελεύσεται,
2793 4545 3038 4614 ἐπήγαγε
3065 4558 3080 4574 ο
3106 4542 3213 4597 Καὶ
3237 4542 3308 4595 ἐν
3333 4539 3414 4607 τῷ
3445 4541 3697 4609 ἰσχῦσαι

2109 4637 2316 4700 αὐτὸν,
2349 4637 2672 4704 συνετρίϐη
2690 4635 2756 4687 τὸ
2789 4633 2966 4702 κέρας
2995 4634 3059 4686 τὸ
3083 4631 3260 4702 μέτα,
3296 4631 3394 4685 καὶ
3426 4631 3697 4699 τέσσαρα

2111 4728 2330 4794 κέρατα
2364 4728 2750 4782 ὑποκάτωθεν
2780 4725 2967 4792 ἐξέφυ
2992 4723 3205 4777 αὐτοῦ.
3231 4722 3339 4775 Τοῦ
3389 4723 3499 4793 γὰρ
3545 4723 3697 4776 Ἀλε-

2112 4819 2340 4889 ξάνδρου
2373 4819 2514 4889 μετὰ
2565 4819 2663 4886 τὴν
2699 4816 2954 4886 εὐτυχίαν
3002 4816 3221 4886 ἐκείνην
3286 4816 3570 4887 συντόμως
3601 4815 3694 4869 θα.

2109 4912 2314 4974 νόντος,
2347 4911 2428 4971 εἰς
2476 4910 2788 4978 τέσσαραή
2852 4908 3064 4962 ἐκείνου
3123 4907 3349 4980 διῃρέθη
3392 4909 3557 4978 ἀρχὴ,
3618 4908 3695 4972 ὡς

2111 5003 2327 5074 εἴρηται
2361 5001 2461 5072 ήδη
2489 5003 2548 5054 ἐν
2593 4999 2672 5071 τῷ
2701 4999 2873 5071 τρίτῳ
2920 4999 3116 5071 θηρίῳ,
3145 5001 3174 5053 ὃ
3199 5000 3278 5069 τῷ
3315 5000 3512 5071 Δανιὴλ
3567 4999 3692 5052 καθ’

2110 5094 2314 5157 ῦπνους
2356 5091 2537 5158 ἔδοξεν
2564 5095 2628 5145 ἐκ
2676 5092 2778 5163 τῆς
2831 5092 3110 5162 θαλάσσης
3165 5091 3512 5164 ἐξέρχεσθαι,
3571 5091 3695 5160 ἐχον

2107 5187 2384 5256 τέσσαρας
2415 5185 2676 5254 κεφαλάς.
2715 5185 2826 5238 Kal
2871 5185 2940 5238 ἐκ
2972 5185 3078 5238 τοῦ
3095 5185 3235 5250 ἐνὸς
3257 5183 3377 5238 τῶν
3430 5183 3694 5251 κεράτων

2109 5278 2332 5346 ἐξῆλθε
2369 5279 2547 5348 κέρας
2585 5277 2857 5348 φοϐερὸν,
2908 5278 3007 5331 καὶ
3049 5278 3426 5346 ἐμεγαλύνθη
3486 5292 3692 5345 περισ-

2110 5369 2235 5435 σῶς
2285 5370 2437 5437 πρὸς
2465 5370 2647 5423 νότον
2696 5368 2978 5436 καὶπρὸς
3019 5367 3350 5434 ἀνατολὴν,
3382 5367 3481 5421 καί
3541 5368 3692 5436 πρὸς

2109 5462 2269 5526 λίόα,
2298 5460 2397 5513 καὶ
2431 5447 2581 5528 ,πρὸς
2615 5459 2730 5527 τὴν
2758 5459 2962 5512 δύσιν.
3009 5459 3118 5511 Καὶ
3171 5457 3547 5527 ἐμεγαλύνθη
3581 5458 3690 5524 ἕως

2111 5551 2220 5619 τῆς
2247 5549 2556 5619 δυνάμεως
2614 5551 2718 5603 τοῦ
2747 5549 3032 5617 οὐρανοῦ,
3063 5548 3158 5602 καὶ
3199 5549 3428 5602 ἔπεσον
3455 5549 3553 5602 ἐπὶ
3579 5549 3691 5614 τὴν

2113 5644 2227 5714 γῆν
2267 5645 2385 5700 ἀπὸ
2414 5643 2524 5710 τῆς
2568 5641 2902 5711 δυνάμεως,
2939 5641 3038 5694 καὶ
3067 5642 3187 5695 ἀπὸ
3233 5638 3353 5692 τῶν
3397 5640 3690 5707 ἀστέρων,

2109 5739 2204 5794 καὶ
2239 5736 2672 5805 συνεπάτησεν
2731 5734 2973 5803 αὐτούς.
3034 5734 3116 5791 Τὰ
3146 5733 3279 5801 περὶ
3313 5732 3410 5787 τοῦ
3455 5733 3702 5813 Ἐπιφαη
