3980 6246
264 277 360 342 249

1516 280 1934 343 ΔΝΝΑΙᾸῙΙΜ
1975 283 2126 346 LIB.
2164 282 2286 347 III.

3410 287 3523 362 950

259 392 375 455 νοῦς
424 388 710 462 Ἀντιόχου
762 387 852 445 διὰ
878 389 1088 447 τούτων
1116 391 1360 463 όΔανιὴλ
1391 391 1833 462 προδιδάσκεται,

1939 405 2049 450 tum
2081 403 2157 449 est
2200 395 2563 457 cadaveribus,
2594 404 2644 450 et
2673 399 2874 468 factum
2895 406 2994 468 est,
3021 415 3089 457 ac
3115 401 3354 456 secundis
3379 402 3532 459 reba‘

257 484 310 547 ός
344 483 623 554 ’Δντιόχου
655 482 755 553 μὲν
806 481 901 536 τοῦ
947 483 1190 554 μεγάλου
1231 485 1344 548 υίὸς
1369 505 1372 509 ·
1395 480 1488 556 ἦν,
1532 484 1736 554 μᾶλλον
1785 485 1843 538 δὲ

262 575 366 628 τῶν
410 575 520 646 πρὸ
550 573 723 627 αὐτοῦ
745 575 1070 643 κρατυνθεὶς
1122 575 1411 646 βασιλέων,
1461 577 1574 630 τῶν
1609 578 1718 632 ἀπὸ
1747 579 1844 630 Σε-

259 665 454 719 λεύκου
501 664 727 736 δηλαδὴ,
799 667 892 720 καὶ
925 667 1026 736 τῆς
1057 666 1355 735 ⁸Αἰγύπτου
1401 669 1704 740 κρατήσας,
1749 669 1843 721 καὶ

258 758 462 827 ἑτέρων
497 757 718 829 χωρῶν,
775 759 871 811 καὶ
905 759 1000 812 ἑπὶ
1039 759 1340 823 Ἰουδαίους
1370 760 1722 832 ἐστράτευσε,
1747 761 1843 814 καὶ

254 849 351 917 τῆς
393 847 505 900 τῶν
545 846 948 918 Ἰεροσολύμων
989 849 1282 920 ἐκυρίευσε
1322 849 1552 914 πόλεως,
1584 849 1724 903 ἀλλὰ
1749 849 1844 902 καὶ

253 939 344 993 τοῦ
381 938 571 1002 ἔθνους
610 938 835 1003 παντός.
882 938 993 993 Καὶ
1029 940 1119 993 τόν
1165 957 1224 992 τε
1282 941 1417 993 ναὸν
1479 940 1714 1009 ἐσύλησε
1747 943 1842 993 καὶ

253 1032 468 1101 ἐμίανε,
526 1031 661 1097 σύας
699 1034 758 1087 ἑν
809 1033 958 1104 αὐτῷ
1000 1033 1190 1101 θύσας,
1246 1037 1342 1090 καὶ
1394 1036 1478 1107 τῷ
1530 1037 1613 1089 Διὶ
1658 1036 1842 1107 βωμὸν

257 1124 637 1196 ιδρυσάμενος,
695 1125 758 1179 τὸ
799 1125 953 1189 ἔθνος
1001 1127 1126 1180 ὅλον
1176 1126 1476 1198 ἑλληνίζειν
1536 1129 1838 1199 ἠνάγκαζε,

255 1217 481 1271 κωλύων
532 1217 731 1283 αὐτοὺς
772 1219 1124 1290 περιτέμνειν
1165 1220 1234 1275 τὰ
1299 1221 1530 1294 ἄρρενα.
1577 1221 1689 1294 Τὴν
1731 1223 1839 1294 γὰρ

254 1310 396 1364 κατὰ
448 1309 544 1364 τοῦ
601 1309 738 1363 Θεοῦ
795 1310 999 1381 μανίαν
1059 1313 1249 1378 αὐτοῦ,
1308 1316 1370 1368 τὸ
1421 1314 1838 1386 Ἔμεγηαλύνθιι

252 1403 362 1469 ἕως
393 1401 506 1471 τῆς
556 1401 866 1472 δυνάμεως
916 1403 1024 1458 τοῦ
1083 1406 1368 1473 οὴρανοῦ,
1437 1408 1835 1462 ὑπαινίττεται.

253 1497 326 1549 Τὸ
353 1496 432 1561 δὲ,
469 1497 740 1549 Ἔπεσον
767 1495 888 1550 ἀπὸ
938 1495 1050 1567 τῆς
1094 1496 1403 1568 δυνάμεως
1431 1499 1529 1553 καὶ
1571 1500 1689 1554 ἀπὸ
1721 1499 1838 1554 τῶν

252 1588 526 1657 ἀστέρων
554 1589 652 1643 ἐπὶ
680 1588 798 1657 τὴν
827 1587 968 1658 γῆν,
997 1591 1095 1643 καί
1130 1592 1566 1659 συνεπάτησεν
1590 1593 1835 1658 αὐτούς·

252 1682 377 1743 τοὺς
407 1683 472 1734 ἐκ
507 1679 603 1734 τοῦ
663 1679 960 1734 Ἰουδαῖκοῦ
1018 1681 1150 1736 λαοῦ
1189 1683 1572 1752 ἀσεϐήσαντας
1623 1684 1712 1737 διὰ
1738 1684 1837 1754 τὴν

250 1773 312 1838 ἐξ
362 1773 578 1827 ἐκείνου
629 1775 980 1845 ἐπαγομένην
1024 1777 1209 1839 αὐτοῖς
1261 1777 1512 1847 ἀνάγκην
1554 1776 1726 1847 δηλοῖ,
1787 1776 1836 1829 οἳ

251 1869 348 1938 τῆς
383 1868 620 1940 νομίμου
661 1869 755 1923 καὶ
779 1868 932 1931 θείας
957 1870 1242 1940 διαγωγῆς
1299 1871 1717 1933 ἑκπεπτώκασι,
1760 1869 1838 1942 τῷ

250 1963 501 2033 τυράννῳ
532 1962 878 2028 ῦπείξαντες,
907 1964 1003 2018 καὶ
1055 1963 1147 2016 ὑπ’
1179 1962 1389 2016 ἐκείνου
1451 1962 1839 2034 συμπατηθέν-

251 2071 364 2118 τες.
416 2053 680 2123 ’Δστέρες
714 2054 763 2107 δ’
791 2054 1124 2126 ἐκλήθησαν,
1160 2055 1248 2109 διὰ
1287 2055 1348 2107 τδ
1403 2055 1505 2123 τῆς
1555 2053 1838 2117 εὐσεϐείας

253 2144 498 2216 καθαρὸν
531 2145 626 2200 καὶ
662 2144 1084 2217 ὑπέρλαμπρον·
1123 2147 1156 2217 ἢ
1184 2147 1266 2200 ὅτι
1288 2146 1366 2217 τῷ
1394 2146 1839 2216 ἈϐραὰμὸΘεδς

251 2237 627 2309 ἐπηγγείλατο
657 2237 928 2308 πληθῦναι
957 2239 1018 2293 τδ
1045 2240 1269 2309 σπέρμα
1287 2237 1454 2292 αὑτοῦ
1482 2239 1558 2303 ὡς
1576 2239 1838 2310 τάνᾶστρα

253 2329 344 2383 τοῦ
367 2328 626 2400 ούρανοῦ.
651 2330 760 2385 Καὶ
787 2330 900 2396 ἕως
929 2330 1036 2384 τοῦ
1055 2331 1360 2400 ἄρχοντος
1394 2330 1508 2401 τῆς
1531 2330 1838 2401 δυνάμεως

256 2423 487 2491 ἱδρύθη.
523 2425 632 2478 Καὶ
660 2425 786 2477 κατ’
809 2423 978 2478 αὑτοῦ
1007 2426 1118 2496 γὰρ
1147 2424 1239 2478 τοῦ
1281 2424 1419 2480 Θεοῦ
1447 2423 1711 2496 ἑλύττησε
1739 2423 1834 2477 τοῦ

256 2516 516 2587 ἄρχοντος
572 2516 684 2570 τῶν
713 2517 824 2570 ἄνω
848 2516 1155 2587 δυνάμεων.
1227 2517 1335 2571 Καὶ
1395 2518 1578 2572 θυσία
1626 2515 1837 2585 ἐταρά-

252 2613 364 2678 χθη
403 2609 694 2677 πτώματι,
748 2609 844 2662 καί
903 2607 1182 2677 ἐγενήθη,
1237 2608 1335 2662 καί
1384 2607 1680 2675 εὐωδώθη,
1740 2607 1838 2661 καί

250 2700 422 2768 ἐδόθη
493 2700 595 2755 ἐπὶ
644 2699 761 2770 τὴν
849 2701 1074 2756 θυσίαν
1125 2701 1405 2770 ἁμαρτία,
1466 2701 1565 2755 καὶ
1626 2702 1837 2770 ἐρρίφη

250 2791 429 2862 χαμαί
507 2793 894 2861 δικαιοσύνη.
960 2792 1418 2864 Ἀπηγορευμένα
1468 2793 1578 2863 γὰρ
1643 2794 1835 2858 θύσας,

252 2883 484 2959 ἐτάραξε
536 2884 636 2954 τὴν
689 2883 904 2952 θυσίαν,
967 2885 1085 2939 ἀντὶ
1137 2883 1258 2951 τοῦ,
1297 2885 1573 2956 συνέχεεν,
1621 2885 1834 2956 ἐμίανε.

257 2977 534 3045 Πτὼματα
578 2977 634 3030 δὲ
683 2977 811 3040 τοὺς
874 2977 1012 3041 σύας
1058 2978 1229 3047 λέγει,
1288 2979 1382 3031 καὶ
1425 2977 1706 3049 ἁμαρτίαν
1744 2977 1837 3030 ἰπὶ

1947 504 2071 542 usus
2093 495 2188 552 est,
2225 496 2273 539 et
2291 487 2477 542 datum
2509 497 2585 542 est
2603 489 2673 543 ad
2694 492 2961 546 victimam
2984 504 3280 563 peccatum,
3309 502 3359 548 ct
3387 496 3533 550 humi

1946 581 2153 650 objecta
2193 589 2268 634 est
2291 581 2527 650 justitia.
2562 582 2698 637 Nam
2734 598 2858 639 cum
2897 587 3189 642 interdicta
3223 589 3533 645 sacriﬁcas-

1946 683 2050 736 set,
2085 675 2325 730 turbavit
2366 675 2720 744 sacriﬁcium,
2779 678 2884 733 hoc
2909 688 3014 742 est,
3057 681 3327 742 confudit,
3369 681 3526 751 132

1945 767 2163 837 polluit.
2207 766 2486 822 Cadavcra
2527 783 2723 837 porcos
2773 770 3021 825 nominat
3062 791 3074 826 :
3134 781 3189 825 et
3236 784 3524 841 peceatum

1944 858 2000 912 in
2034 857 2326 919 sacriﬁcio,
2357 858 2582 913 violatas
2614 860 2682 915 ab
2711 876 2778 914 eo
2810 863 2976 933 leges.
3007 863 3317 934 Projectam
3375 865 3526 919 humi

1933 938 2208 1020 ‘justitiam
2236 949 2391 1016 dicit,
2423 950 2494 1004 ob
2530 960 2843 1022 contempta
2893 954 3145 1009 instituta
3198 957 3392 1025 patria.
3444 955 3530 1012 Si-

1943 1042 2274 1114 gniﬁcantur
2304 1046 2469 1097 etiam
2501 1043 2718 1113 injustze
2748 1045 2923 1099 caedes
2953 1061 3165 1113 eorum,
3186 1049 3279 1116 qui
3321 1049 3389 1104 ab
3421 1050 3528 1104 im-

1942 1133 2146 1203 pietate
2180 1133 2613 1188 abhorruerunt.
2665 1133 2772 1189 Sed
2817 1137 3090 1205 quamvis,
3155 1139 3356 1208 inquit,
3407 1141 3527 1197 haec

1941 1232 2150 1294 ageret.
2194 1233 2409 1293 tamque
2438 1225 2604 1293 impie
2631 1240 2689 1279 se
2712 1236 2931 1295 gereret
2956 1228 3284 1293 Antiochus,
3340 1239 3524 1286 tamen

1942 1317 2110 1372 rebus
2135 1317 2397 1372 secundis
2427 1332 2560 1370 usus
2585 1325 2690 1372 est.
2727 1315 2823 1371 His
2872 1318 3098 1388 subjicit
3151 1320 3340 1375 Daniel
3388 1338 3401 1374 :
3453 1321 3522 1376 Et

1941 1410 2073 1462 dixit
2105 1426 2238 1463 unus
2267 1420 2480 1462 sanctus
2519 1406 2819 1473 Phelmunl,
2858 1407 3085 1473 Quando
3145 1412 3359 1466 tandem
3391 1414 3522 1467 uisio

1941 1501 2352 1555 terminabitur?
2382 1509 2431 1554 et
2457 1499 2727 1554 sublatum
2777 1501 3128 1569 sacriﬁcium,
3160 1513 3210 1556 et
3252 1515 3526 1574 peccatum

1939 1595 2248 1646 vastationis
2283 1607 2591 1645 concessum
2615 1592 2642 1645 1’
2686 1591 2738 1646 Is
2774 1593 2908 1647 dixit
2937 1595 2986 1648 ei
3023 1611 3043 1648 :
3100 1593 3270 1666 Usque
3311 1597 3382 1650 ad
3411 1612 3526 1650 ves-

1940 1700 2122 1754 peram
2152 1692 2200 1735 et
2234 1699 2408 1746 mane,
2439 1684 2548 1737 dies
2589 1684 2664 1738 bis
2694 1684 2840 1738 mille
2871 1694 2919 1738 et
2955 1688 3196 1753 trecenti,
3259 1697 3383 1742 tunc
3442 1705 3528 1741 re-

1941 1774 2256 1847 purgabitur
2284 1785 2548 1830 sanctum.
2579 1775 2662 1829 Ad
2696 1777 3033 1846 Prophetam
3059 1794 3126 1833 ex
3171 1778 3383 1833 visione
3417 1779 3527 1833 sol-

1941 1868 2154 1922 licitum
2192 1868 2488 1922 mittuntur
2521 1869 2722 1938 angeli,
2756 1869 2849 1939 qui
2876 1872 2927 1924 ei
2962 1871 3296 1941 signiﬁcent,
3358 1871 3523 1926 ﬁnem

1938 1975 2312 2014 aerumnarum
2366 1960 2508 2026 fore,
2580 1969 2638 2015 et
2686 1970 2904 2032 tempus
2936 1979 3062 2017 eum
3111 1962 3366 2028 doceant,
3413 1979 3525 2032 quo

1941 2053 2201 2107 desituraa
2224 2052 2355 2106 sint.
2400 2051 2469 2106 Et.
2526 2052 2665 2106 alius
2719 2053 2887 2107 alium
2938 2053 3358 2124 interrogabat:
3393 2069 3520 2108 nam

1939 2145 2254 2210 Plielmuni,
2287 2143 2529 2214 aliquem
2571 2145 2865 2215 signiﬁcat.
2908 2146 3155 2217 Rogabat
3183 2157 3368 2201 autem
3409 2161 3522 2200 non

1939 2246 2001 2293 ut
2029 2238 2276 2309 ignarus,
2309 2236 2406 2292 sed
2448 2245 2509 2293 ut
2555 2237 2745 2293 Daniel
2779 2248 3159 2307 cognosceret.
3213 2237 3318 2305 Qui
3369 2251 3526 2307 roga-

1937 2329 2122 2395 batur,
2163 2325 2508 2398 respondet:
2544 2325 2674 2382 Dies
2713 2326 2800 2381 bis
2820 2327 2970 2381 mille
2999 2325 3229 2380 trecenti
3256 2339 3430 2394 usque
3453 2321 3521 2377 ad

1937 2432 2228 2488 vesperam
2269 2424 2326 2471 et
2375 2430 2558 2480 mane,
2626 2425 2741 2470 tum
2795 2415 3188 2485 repurgabitur
3243 2421 3518 2468 sanctum.

1938 2510 2240 2580 Vesper-am
2268 2511 2437 2582 igitur
2488 2511 2708 2567 vocavit
2742 2510 3076 2580 principium
3119 2507 3522 2571 molestiarum,

1939 2611 2034 2656 aut
2068 2610 2257 2656 totum
2313 2613 2532 2675 tempus
2553 2618 2741 2659 earum
2806 2603 2954 2672 (nam
2998 2599 3265 2655 molestiae
3289 2597 3437 2652 nocti
3465 2605 3524 2652 et

1939 2695 2188 2750 tenebris
2221 2707 2634 2766 comparantur,
2659 2709 2842 2762 mane,
2878 2702 3134 2764 pacatum
3163 2698 3366 2746 statum
3398 2697 3524 2760 post

1939 2786 2298 2843 calamitates.
2329 2787 2507 2844 Verba
2547 2787 2717 2858 igitur
2739 2787 2832 2841 illa
2861 2785 2967 2840 hoc
2989 2785 3202 2838 volunt.
3229 2783 3268 2834 A
3306 2779 3516 2851 princi-

1939 2879 2031 2948 pio
2051 2879 2325 2934 malorum
2353 2895 2528 2951 usque
2546 2881 2612 2936 ad
2633 2894 2827 2935 eorum
2853 2877 3039 2943 ﬁnem,
3065 2883 3276 2930 tantum
3310 2882 3522 2941 tempo-

1939 2971 2020 3028 ris
2051 2973 2320 3029 elabetur.
2361 2973 2487 3029 Dies
2518 2983 2700 3030 autem
2735 2975 2794 3029 in
2831 2987 3005 3028 annos
3060 2969 3291 3033 redacti,
3341 2967 3519 3022 conli-

248 3066 343 3137 τὴν
379 3065 576 3120 θυσίαν
638 3065 740 3137 τὴν
778 3067 868 3121 ἐπ’
907 3069 1046 3139 αὐτῇ
1103 3066 1474 3138 παρανομίαν.
1522 3065 1620 3119 Διὰ
1639 3065 1694 3120 δὲ
1717 3065 1835 3129 τοῦ,

1941 3065 2098 3120 ciunt
2127 3079 2222 3120 sex
2264 3079 2503 3133 menses,
2555 3076 2612 3120 et
2663 3080 2840 3121 annos
2898 3063 3153 3125 totidem,
3205 3058 3514 3116 secundum

248 3148 484 3228 Ἐρρίςρη
505 3159 684 3229 χαμαὶ
708 3157 1047 3230 δικαιοσύνη,
1082 3159 1117 3229 ἡ
1137 3158 1247 3211 τῶν
1279 3157 1527 3228 νομίμων
1551 3156 1826 3228 ἀθέτησις,

1935 3157 2210 3213 calculum
2234 3157 2608 3214 Hebraeorum.
2641 3158 2776 3214 Nam
2816 3156 3009 3212 tandiu
3036 3151 3520 3226 viguitcalamitas

250 3249 342 3301 καὶ
365 3249 417 3302 οἱ
479 3248 659 3303 ἄδικοι
721 3247 876 3320 φόνοι
930 3247 1221 3320 δηλοῦνται
1263 3246 1374 3300 τῶν
1435 3247 1706 3318 ἀσεϐῆσαι
1754 3248 1830 3318 μὴ

1937 3249 2146 3306 Iudaeis
2200 3249 2268 3304 ad
2316 3250 2589 3306 Antiocho
2651 3251 2822 3308 illata.
2873 3249 3000 3304 Haec
3045 3246 3258 3302 Danieli
3307 3241 3516 3300 intelli-

248 3340 731 3411 καταδεξαμένων.
806 3341 972 3396 Ἀλλὰ
1031 3343 1129 3396 καὶ
1179 3339 1354 3396 ταῦτα
1408 3340 1685 3412 πράττων,
1737 3339 1832 3395 καὶ

1937 3355 2066 3411 gere
2087 3341 2358 3412 cupienti,
2418 3357 2450 3397 a
2498 3341 2755 3399 Gabriele
2809 3341 3140 3412 archangelo
3173 3347 3304 3396 sunt
3358 3349 3518 3392 reve-

243 3430 416 3495 οῦτως
473 3431 689 3486 ἀσεϐῶν
725 3432 754 3486 ό
803 3432 1106 3500 ’Δντίοχος,
1157 3431 1444 3496 εὐωδοῦτο,
1471 3432 1660 3501 φησίν.
1704 3431 1832 3484 Ἐπὶ
1935 3433 2068 3487 lata.

242 3523 454 3591 τούτοις
480 3526 676 3595 tum:
701 3527 730 3580 ὁ
763 3525 985 3598 Δανιήλ⁶
1025 3526 1135 3580 Καὶ
1173 3520 1344 3581 εἶπεν
1401 3519 1490 3591 εἷς
1517 3525 1688 3594 ἅγιος
1721 3523 1802 3589 τῷ
1839 3525 2144 3594 Φελμουνί
2178 3541 2193 3555 ’
2229 3526 2382 3590 Ἕως
2458 3527 2603 3582 πότε
2635 3528 2674 3597 ἡ
2715 3528 2924 3596 ὅρασις
2962 3526 3278 3594 στήσεται,
3329 3519 3429 3576 καί
3478 3522 3518 3590 ἠ

243 3619 422 3673 θυσία
455 3621 493 3686 ἡ
520 3619 792 3686 ἀρθεῖσα,
842 3618 942 3674 καὶ
975 3619 1014 3688 ἠ
1052 3618 1308 3688 ἁμαρτία
1329 3616 1438 3686 τῆς
1467 3615 1820 3687 ἐρημώσεως
1861 3618 1900 3685 ἡ
1966 3617 2255 3686 δοθεῖσα;
2312 3621 2420 3675 Καὶ
2445 3617 2618 3674 εἶπεν
2647 3619 2832 3686 αὐτῷ·
2875 3617 3032 3683 Ἕως
3094 3615 3359 3684 ἑσπέρας
3411 3611 3516 3667 καὶ

246 3710 417 3778 πρωῒ,
443 3710 661 3781 ἡμέραι
692 3711 991 3783 δισχίλιαι
1042 3711 1138 3766 καί
1177 3712 1530 3780 τριακόσιαι,
1603 3710 1705 3764 καὶ
1769 3712 2278 3781 καθαρισθήσεται
2347 3714 2414 3767 τὸ
2483 3715 2678 3782 ἅγιον.
2731 3711 3063 3780 Ἀγωνιῶντι
3114 3709 3191 3778 τῷ
3251 3710 3512 3779 προφήτῃ

246 3801 332 3854 διὰ
373 3803 446 3856 τὰ
478 3801 755 3875 ὁρώμενα,
821 3802 1229 3876 ἐπιπέμπονται
1263 3802 1488 3872 ἄγγελοι
1534 3802 1825 3874 δηλοῦντες
1863 3802 2034 3874 αὐτῷ,
2099 3803 2183 3858 ὅτι
2243 3804 2394 3867 τέλος
2419 3803 2603 3870 ἕξουσι
2655 3803 2722 3857 τὰ
2748 3802 3006 3872 δυσχερῆ,
3041 3799 3260 3854 καὶτὸν
3313 3797 3511 3867 καιρὸν

245 3897 595 3963 διδάσκοντες
644 3898 744 3968 τῆς
806 3897 988 3951 αὐτῶν
1040 3897 1446 3968 παρελεύσεως.
1501 3897 1614 3953 Καὶ
1681 3895 1873 3968 ἠρώτα
1911 3897 2098 3968 ἕτερος
2157 3898 2250 3951 τὸν
2279 3898 2487 3969 ἕτερον.
2522 3896 2597 3950 Τὸ
2640 3896 2750 3966 γὰρ
2790 3893 3060 3966 Φελμουνὶ
3090 3889 3509 3962 ἑξελληνιζόμε-

241 4010 351 4059 νον,
383 3991 513 4046 τινὰ
547 3989 828 4062 σημαίνει.
867 3988 1084 4062 Ἦρώτα
1112 3989 1172 4044 δέ
1202 3991 1300 4062 οὐχ
1323 3991 1398 4055 ὡς
1427 3987 1663 4059 ἀγνοῶν,
1698 3989 1816 4043 ἀλλ’
1859 3988 1946 4043 ἵνα
2012 3988 2163 4062 μάθῃ
2222 3990 2250 4044 ὁ
2275 3989 2502 4060 Δανιήλ.
2565 3989 2623 4042 '0
2651 3987 2696 4040 δ’
2737 3985 3093 4059 ἐρωτώμενος
3143 3984 3503 4055 ἀπεκρίνατο·

249 4085 488 4157 Ἡμέραι
529 4083 792 4154 δισχίλιαι
846 4083 940 4136 καὶ
967 4082 1284 4152 τριακόσιαι
1314 4084 1419 4148 ἕως
1454 4084 1697 4154 ἑσπέρας
1764 4083 1860 4138 καὶ
1896 4085 2065 4155 πρωὶ,
2105 4084 2201 4137 καὶ
2270 4082 2742 4154 καθαρισθήσεται
2790 4081 2853 4134 τὸ
2899 4080 3074 4148 ἆγιον.
3106 4077 3382 4148 Ἑσπέραν
3403 4077 3504 4147 μὲν

237 4177 330 4231 οῦν
358 4175 593 4231 ἐκάλεσε
635 4174 735 4244 τὴν
764 4175 940 4247 ἀρχὴν
964 4174 1075 4230 τῶν
1098 4176 1360 4248 ἀνιαρῶν,
1397 4175 1551 4247 ἢκαὶ
1607 4176 1727 4231 ὅλον
1788 4177 1879 4232 τὸν
1917 4178 2110 4248 χρόνον
2143 4177 2326 4232 αὐτῶν
2360 4192 2372 4206 ·
2421 4176 2582 4231 νυκτὶ
2645 4177 2754 4247 γὰρ
2803 4175 2898 4228 καὶ
2956 4175 3131 4244 σκότῳ
3169 4171 3240 4226 τὰ
3291 4171 3514 4242 λυπηρὰ

237 4270 381 4325 ἔοικε
412 4287 427 4302 ο
457 4268 607 4340 πρωῒ
633 4269 692 4323 δέ
726 4269 828 4340 τὴν
865 4270 1004 4341 μετὰ
1056 4271 1156 4335 τὰς
1190 4271 1478 4343 συμφορὰς
1530 4273 1817 4343 εἰρηναῐαν
1855 4273 2217 4329 κατάστασιν.
2267 4271 2440 4325 Τοῦτο
2477 4271 2663 4324 τοίνυν
2716 4271 3000 4342 σημαίνει,
3038 4270 3090 4323 δί
3156 4261 3233 4324 ὧν
3314 4286 3505 4339 φησιν,

235 4364 318 4417 ὃτι
342 4363 450 4418 ἀπὸ
476 4363 581 4432 τῆς
623 4363 732 4416 τῶν
757 4363 946 4417 κακῶν
974 4364 1150 4435 ἀρχῆς
1212 4365 1376 4436 μέχρι
1421 4365 1608 4428 τέλους
1642 4366 1820 4420 αὐτῶν
1858 4368 2017 4430 τόσος
2081 4366 2275 4438 καιρὸς
2337 4365 2756 4438 παρελεύσεται.
2788 4363 3298 4437 Αίδέἡμέραιπρὸς
3323 4365 3509 4418 ἐνιαυ-

236 4455 362 4519 τοὺς
409 4453 819 4526 ἀριθμούμεναι
870 4455 931 4522 ἐξ
968 4456 1294 4511 ἀποτελοῦσι
1331 4457 1533 4528 μῆνας,
1573 4458 1670 4511 καὶ
1703 4457 2028 4529 ἰσαρίθμους
2094 4459 2400 4523 ἐνιαυτοὺς,
2428 4458 2569 4511 κατὰ
2613 4455 2715 4528 τὴν
2789 4457 2898 4511 τῶν
2982 4456 3255 4526 Ἐϐραίων
3301 4455 3506 4526 ψῆφον.

251 4551 373 4604 Ἐπὶ
405 4549 667 4604 τοσοῦτον
717 4550 829 4621 γὰρ
867 4551 901 4620 ἠ
951 4551 1040 4603 ἐπ’
1066 4551 1349 4622 Ἀντιόχου
1400 4554 1513 4614 τοῖς
1548 4551 1828 4615 Ἰουδαίοις
1871 4553 2232 4624 ἐπενεχθεῖσα
2295 4551 2555 4625 συμφορὰ
2576 4550 2946 4624 ἐπεκράτησε.
2979 4549 3166 4603 Ταῦτα
3228 4547 3384 4620 παρὰ
3413 4549 3508 4604 τοῦ

238 4643 585 4715 ἀρχαγγέλου
626 4642 868 4714 Γαϐριὴλ
890 4642 968 4709 τῷ
1004 4644 1259 4716 προφήτῃ
1287 4642 1542 4716 ζητοῦντι
1560 4643 1776 4699 σύνεσιν
1817 4646 2055 4717 ἐμυήθη.

306 4736 385 4791 Θν.
423 4733 563 4790 Εἶτα
601 4735 690 4789 διὰ
749 4736 850 4806 τὴν
911 4736 1020 4790 τῶν
1084 4735 1376 4807 ὁμοφύλων
1419 4737 1820 4809 αἰχμαλωσίαν,

1999 4737 2094 4793 ΙΧ.
2122 4738 2328 4794 Deinde
2348 4737 2551 4792 iterum
2578 4735 2682 4792 sub
2711 4734 2874 4791 Dario
2906 4735 3187 4791 Medorum
3227 4735 3504 4806 principe,

236 4829 330 4882 ἐπὶ
373 4828 609 4899 Δαρείου
647 4828 814 4884 πάλιν
873 4828 970 4882 τοῦ
1025 4830 1230 4900 Μήδων
1293 4831 1576 4902 ἄρχοντος,
1614 4831 1674 4895 ὃς
1732 4833 1828 4886 καὶ

1935 4831 2044 4907 (qui
2071 4841 2126 4887 et
2159 4831 2434 4904 Cyaxares
2459 4840 2517 4886 et
2554 4829 2880 4900 Assuerus,)
2907 4829 3160 4898 Astyagis
3197 4829 3332 4892 ﬁlio,
3364 4830 3504 4884 Pro-

242 4919 544 4989 Κυαξάρης
598 4919 905 4989 ὠνόμαστο,
951 4921 1048 4973 καὶ
1110 4919 1434 4992 Ἀσούηρος,
1495 4921 1828 4991 Ἀστυάγους

1935 4924 2148 4994 phetam
2178 4923 2528 4994 popularium
2575 4937 2802 4978 suorum
2862 4921 3237 4992 captivitatem
3287 4922 3500 4976 lamen-

236 5008 312 5062 ὣν
349 5009 491 5073 υἱὸς,
517 5006 614 5061 τοῦ
664 5008 951 5079 προφήτου
1014 5007 1368 5081 θρηνοῦντος,
1428 5011 1526 5065 καὶ
1558 5012 1654 5066 τοῦ
1689 5012 1825 5067 Θεοῦ

1935 5025 2154 5082 tantem,
2209 5025 2265 5070 et
2294 5015 2471 5070 Deum
2519 5013 2930 5087 deprecantem,
2960 5013 3143 5084 attigit
3168 5013 3250 5066 vir
3275 5011 3498 5080 quidam

233 5101 526 5172 δεομένου,
555 5101 736 5171 ἣψατό
754 5118 841 5164 τις
863 5101 1027 5172 ἀνὴρ,
1046 5094 1090 5169 ᾧ
1106 5101 1277 5172 δνομα
1314 5103 1578 5174 Γαϐριὴλ.
1611 5105 1827 5175 Ἥψατο

234 5193 294 5246 δὲ
323 5192 499 5247 αὐτοῦ
529 5192 668 5246 ὡσεὶ
706 5194 860 5262 ὥραν
889 5190 1082 5257 θυσίας
1103 5193 1420 5265 ἑσπρινῆς,
1452 5195 1485 5266 ἦ
1537 5195 1680 5249 κατὰ
1727 5195 1821 5250 τὸν

237 5287 432 5357 καιρὸν
470 5287 572 5355 τῆς
617 5287 676 5338 ἐν
727 5286 941 5356 ἑσπέρᾳ
993 5285 1272 5358 λατρείας,
1319 5287 1352 5353 ἢ
1411 5287 1506 5341 ἐπὶ
1547 5287 1823 5360 τοσαύτην

234 5375 385 5448 ῶραν
417 5377 505 5446 ἐφ’
550 5378 684 5444 ὅσην
737 5379 770 5446 ή
815 5378 1081 5448 ἑσπερινὴ
1127 5377 1368 5432 ἐτελεῖτο
1411 5379 1681 5450 λατρεία.ῐ
1711 5382 1823 5434 Καὶ

235 5462 356 5520 εἷπε
382 5468 461 5539 τῷ
478 5467 702 5537 Δανιήλο
729 5469 862 5522 Νῦν
882 5469 1147 5537 ἐξῆλθον
1163 5470 1532 5538 συμϐιϐάσαι
1549 5487 1648 5524 σοι
1676 5472 1826 5525 σύν-

233 5577 391 5632 εσιν,
421 5562 522 5615 καὶ
545 5561 898 5632 ἀναγγεῖλαί
929 5579 1050 5628 σοι,
1077 5562 1170 5618 ὅτι
1212 5564 1370 5633 ἀνὴρ
1411 5562 1739 5633 ἐπιθυμιῶν
1772 5559 1833 5618 εἷ

236 5652 476 5728 σύκΚαί
503 5652 830 5720 ἐννοήθητι
847 5653 914 5706 ἐν
929 5652 1010 5718 τῷ
1025 5654 1266 5724 ῥήματι,
1289 5655 1385 5710 καὶ
1404 5656 1594 5720 σύν-ες
1636 5655 1705 5708 ἐν
1749 5654 1824 5724 τῇ

236 5741 515 5813 ὀπτασίᾳ·
533 5744 657 5802 ἀντὶ
681 5743 797 5813 τοῦ,
839 5744 1108 5818 ’Δκριϐῶς
1135 5747 1370 5819 πρόσχες
1423 5749 1537 5811 τοῖς
1594 5746 1825 5818 λεγομέσι

1919 5109 2142 5162 nomine
2176 5106 2421 5162 Gabriel.
2461 5105 2662 5177 Attigit
2697 5112 2883 5159 autem
2912 5104 3015 5159 sub
3047 5113 3262 5172 tempus
3287 5101 3498 5156 sacriﬁ-

1920 5199 1991 5255 cii
2035 5197 2356 5270 vespertini,
2383 5197 2500 5254 sive
2538 5206 2756 5267 tempus
2795 5195 3098 5266 vespertini
3125 5193 3308 5248 cultus
3329 5191 3498 5248 intel-

1918 5293 2140 5362 ligatur,
2184 5292 2302 5347 sive
2350 5300 2561 5346 tantum
2601 5290 2862 5360 spatium,
2918 5294 3124 5356 quanto
3155 5284 3495 5340 sacriﬁcium

1919 5385 2298 5454 vespertinum
2368 5384 2656 5454 peragitur
2709 5401 2724 5436 :
2770 5391 2827 5436 et
2889 5380 2965 5432 ait
3007 5377 3229 5433 Danieli
3276 5393 3292 5431 :
3341 5377 3497 5434 Nunc

1917 5491 2149 5545 egressus
2180 5493 2299 5529 sum
2341 5476 2410 5528 ad
2468 5473 2801 5528 tribuendam
2829 5469 2924 5524 tibi
2949 5469 3385 5539 intelligentiam,
3443 5479 3494 5524 ct

1922 5564 1990 5616 ad
2020 5564 2469 5628 annuntiandum,
2501 5565 2628 5633 quia
2673 5564 2752 5616 vir
2795 5559 3173 5614 desideriorum
3213 5577 3286 5616 es.
3316 5560 3495 5627 Quare

1922 5657 2198 5712 considera
2247 5671 2366 5725 quae
2398 5657 2669 5720 dicuntur,
2704 5663 2754 5706 et
2799 5653 3045 5707 visionem
3083 5652 3316 5724 intellige
3341 5669 3360 5708 .·
3385 5655 3492 5710 hoc

1919 5757 2025 5817 est,
2057 5757 2266 5807 attente
2319 5748 2590 5806 ausculta.
2649 5747 2788 5804 Nam
2827 5744 2993 5804 verba
3045 5746 3285 5807 obscura
3329 5752 3487 5810 sunt,
3555 5799 3558 5802 .
