3980 6246
467 301 567 365 25!

1787 300 2114 363 JOANNIS
2155 300 2472 362 ΖΟΝΑΗᾸΞ

3615 301 3736 367 ’2ῧὲ

469 415 877 488 maximamque
941 413 1224 482 postulant
1297 413 1686 467 attentionem.
1744 411 2056 481 Aliquando

2163 427 2296 474 νοις,
2329 407 2792 479 αίνιγματὼδεσιν
2843 400 2986 473 οὖσι,
3025 413 3117 462 καὶ
3166 409 3409 473 πλείονος
3459 410 3735 482 δεομένοις

468 519 651 566 autem
682 522 774 561 res
807 505 1006 561 divina:
1029 522 1125 575 per
1165 507 1422 574 ambages
1459 505 1789 570 innuunlur,
1831 521 1898 559 ne
1929 520 2048 559 om-

472 606 625 660 nium
659 602 1036 672 intelligentia:
1078 601 1233 670 133
1275 599 1539 670 expositae
1599 609 2049 654 contemnantur.

474 697 567 751 Vir
603 705 783 750 autem
815 695 1222 749 desideriorum
1252 695 1558 762 appellatus
1573 703 1657 747 est
1692 695 1906 756 Daniel,
1937 695 2053 748 sive

472 788 618 858 quod
646 787 831 858 pravis
865 787 1158 841 desideriis
1223 786 1443 842 fortiter
1490 795 1546 840 et
1600 802 1866 856 generose
1912 787 2053 840 resi-

474 890 664 942 steret,
709 883 822 935 sive
847 882 992 950 quod
1051 881 1197 935 scire
1258 880 1623 942 desideraret,
1674 880 1807 950 quid
1849 880 2054 950 populo

473 984 532 1030 ct
571 975 870 1029 tribulibus
904 976 1020 1030 suis
1045 985 1376 1030 eventurum
1429 985 1616 1038 esset,
1653 975 1771 1029 sive
1796 975 1944 1044 quod
1982 975 2054 1030 ob

475 1065 722 1120 studium
752 1067 974 1120 virtutis
1001 1067 1392 1122 desiderabilis
1411 1076 1560 1121 esset
1591 1077 1758 1136 atque
1779 1067 2051 1122 amabilis.

478 1160 683 1215 Deinde
716 1161 938 1230 subjicit
985 1162 1212 1230 angelus
1256 1181 1267 1215 :
1303 1161 1656 1232 Septuaginta
1704 1162 2054 1216 hebdomades

475 1263 760 1309 contracta
785 1262 905 1308 sunt
921 1269 1081 1319 super
1107 1253 1357 1322 papulum
1375 1265 1546 1316 tuum,
1566 1263 1613 1308 et
1635 1271 1793 1325 super
1809 1264 2054 1309 sanctam

476 1347 653 1400 urbem
678 1354 846 1410 tuam,
865 1348 1026 1400 donec
1039 1349 1391 1401 inueterescat
1406 1347 1656 1402 delictum
1678 1359 1726 1402 et
1742 1349 2058 1418 perﬁciatur

477 1449 770 1508 peccatum.
791 1448 840 1492 et
854 1439 1151 1506 obsignetur
1164 1452 1431 1509 peccatum
1447 1451 1496 1495 et
1511 1445 1750 1509 expietur
1767 1443 2054 1511 injustitia,

477 1541 526 1584 et
551 1540 749 1584 (eterna
774 1531 990 1600 justitia
1033 1532 1333 1585 adducatur
1357 1576 1369 1593 ,
1412 1543 1460 1586 et
1500 1535 1802 1602 obsignetur
1831 1536 1958 1587 visio
2009 1543 2058 1587 et

481 1619 780 1688 prophetia,
803 1628 851 1672 et
884 1629 1116 1690 ungatur
1144 1619 1370 1676 Sanctus
1406 1632 1737 1678 sanctorum.
1765 1623 1844 1677 Ad
1887 1625 2056 1677 Deum

480 1710 750 1779 Propheta
782 1711 924 1765 inter
956 1713 1224 1766 orandum
1262 1713 1520 1768 dixerat:
1563 1713 1798 1781 Populus
1852 1726 1975 1769 tuus
2011 1726 2059 1770 et

479 1803 600 1857 urbs
627 1812 719 1857 tua
764 1805 1008 1874 Angelus
1034 1816 1218 1860 autem
1250 1807 1460 1861 Danieli
1507 1808 1584 1860 ait
1618 1824 1633 1861 :
1670 1807 1903 1878 Populus
1937 1818 2058 1862 tuus

477 1907 528 1950 et
587 1899 711 1951 urbs
745 1907 883 1962 tua;
947 1898 1105 1968 quasi
1158 1899 1419 1969 indignus
1465 1907 1632 1964 esset,
1679 1899 1773 1969 qui
1825 1901 2060 1970 populus

480 1990 574 2045 Dei
605 1999 917 2044 vocaretur.
962 1991 1165 2046 Eadem
1198 1992 1460 2062 loquendi
1511 1993 1650 2046 ratio
1690 2002 1746 2047 et
1799 1994 1852 2046 in
1909 1994 2059 2048 Mose

479 2083 778 2150 reperitur,
815 2097 942 2137 cum
978 2083 1244 2138 Israelita:
1288 2085 1460 2138 vitulo
1501 2099 1532 2138 a
1579 2099 1638 2138 se
1675 2084 1819 2138 facto
1850 2085 2060 2138 sacriﬁ-

477 2182 685 2228 carent.
754 2175 889 2230 Nam
957 2185 1072 2229 tum
1129 2176 1296 2230 etiam
1335 2175 1629 2244 Propheta:
1676 2179 1924 2244 precanti
1979 2176 2061 2232 sic

480 2269 779 2337 respondet
810 2269 974 2325 Deus.
1007 2271 1098 2323 Ait
1126 2271 1295 2340 igitur
1317 2271 1545 2340 angelus
1571 2271 1807 2333 Danieli,
1841 2281 1898 2326 et
1932 2271 2060 2327 Hie-

483 2361 757 2429 rosolyma
798 2361 1164 2418 instauratum
1212 2363 1303 2426 iri,
1350 2374 1404 2419 et
1429 2365 1694 2434 populum
1726 2380 1846 2419 esse
1875 2382 2061 2421 rever-

479 2467 694 2516 surum,
732 2463 786 2508 et
814 2454 880 2508 ad
917 2471 1092 2510 annos
1128 2457 1561 2528 quadringentos
1611 2457 1906 2528 nonaginta
1937 2469 2061 2526 per-

478 2559 822 2600 mansurum.
894 2546 1029 2602 Nam
1091 2551 1440 2619 septuaginta
1503 2548 1882 2604 liebdomales
1937 2559 2061 2605 tan-

481 2646 596 2691 tum
671 2638 1020 2708 conﬁciunt,
1083 2640 1316 2711 singulis
1390 2641 1592 2697 diebus
1660 2659 1760 2712 pro
1830 2643 2060 2712 singulis

478 2733 637 2788 annis
709 2735 1036 2803 supputatis.
1132 2734 1484 2802 Contracta,
1567 2736 1671 2791 hoc
1755 2745 1886 2797 est.
1962 2736 2062 2790 de-

481 2831 643 2877 cretae
682 2839 745 2878 ac
792 2826 1073 2894 praeﬁnita:
1129 2837 1278 2882 sunt.
1315 2827 1498 2884 Donec
1535 2829 1900 2883 inveterascet
1962 2829 2059 2884 de-

479 2914 694 2981 lictum,
724 2926 780 2972 et
808 2929 1093 2988 peccatum
1128 2933 1570 2988 consununetur,
1624 2923 1730 2978 hoc
1747 2932 1851 2989 est,
1887 2923 2064 2977 donec

482 3007 698 3065 durarit
729 3020 787 3065 et
829 3021 1052 3067 auctum
1089 3014 1256 3069 fuerit
1299 3024 1622 3084 peccatum;
1676 3017 1780 3071 huc
1809 3016 1956 3071 enim
1989 3017 2062 3070 si-

2158 503 2415 571 σπουδῆς.
2503 502 2708 556 Ἐνίοτε
2783 502 2840 556 δὲ
2903 501 2972 554 δι’
3047 503 3392 570 αἰνιγμάτων
3479 505 3547 558 τά
3619 507 3737 562 θεῖα
3809 545 3814 548 -

2157 597 2436 666 δηλοῦται,
2500 596 2586 648 ἵνα
2646 597 2720 665 μὴ
2787 597 2920 649 πᾶσι
2981 595 3218 664 γίνοιντο
3273 597 3441 666 δῆλα,
3504 599 3600 652 καὶ
3653 599 3739 654 διὰ

2156 691 2316 744 τοῦτο
2376 689 2850 761 εὐκαταφρόνητα.
2898 690 3066 760 Ἀνὴρ
3097 689 3142 743 δ’
3183 691 3486 756 ἐπιθυμιῶν
3530 692 3734 764 ἐκλήθη

2157 786 2185 838 6
2213 784 2436 854 Δανιὴλ,
2471 783 2502 852 ἦ
2535 782 2610 845 ὡς
2647 783 2790 835 κατὰ
2815 782 2923 834 τῶν
2957 783 3238 852 σαρκικῶν
3275 783 3464 836 παθῶν
3493 786 3740 856 ἀνδριζό-

2161 894 2344 946 μενος.
2401 877 2497 930 καὶ
2551 875 2817 944 γενναίως
2870 876 3057 939 αὐτοῖς
3112 876 3544 946 ἀνθιστάμενοςο
3589 879 3622 949 ἢ
3664 880 3739 944 ὡς

2161 968 2454 1036 ἐπιθυμῶν
2487 967 2684 1038 μαθεῖν
2722 969 2790 1022 τὰ
2813 969 2892 1039 τῷ
2916 968 3031 1038 λαῷ
3066 969 3160 1022 καὶ
3185 971 3297 1033 τοῖς
3323 968 3492 1022 αὑτοῦ
3529 987 3742 1040 συμφυ-

2159 1063 2344 1125 λέταις
2370 1064 2634 1133 ἐσόμενα·
2662 1062 2695 1131 ἦ
2722 1064 2805 1116 ὅτι
2837 1062 3177 1133 ἐπιθυμητὺς
3203 1059 3271 1134 ἦν
3295 1065 3388 1118 καὶ
3415 1064 3740 1135 ἐπέραστος,

2161 1157 2229 1208 δι’
2259 1158 2328 1226 ἢν
2367 1158 2676 1227 μετήρχετο
2719 1159 2943 1227 ἀρετήν.
2984 1153 3120 1212 Εἶτα
3156 1160 3355 1227 ἐπάγει
3407 1161 3434 1212 6
3473 1161 3741 1228 ἄγγελος

2173 1249 2617 1318 Ἐϐδομήκοντα
2646 1250 2972 1318 ἐϐδομάδες
3001 1252 3479 1320 συνετμήθησαν
3506 1254 3606 1306 ἐπὶ
3636 1255 3747 1308 τὸν

2159 1342 2315 1394 λαόν
2339 1357 2478 1405 σου,
2505 1342 2604 1395 καὶ
2634 1343 2728 1395 ἐπὶ
2759 1342 2875 1409 τὴν
2905 1345 3092 1396 πόλιν
3115 1342 3230 1410 τὴν
3257 1343 3437 1412 ἁγίαν·
3466 1358 3608 1407 σου,
3635 1345 3748 1410 ἕως

2163 1434 2270 1487 τοῦ
2309 1432 2724 1502 παλαιωθῆναι
2764 1435 2832 1488 τὸ
2867 1437 3256 1504 παράπτωμα,
3298 1435 3394 1489 καί
3441 1436 3548 1491 τοῦ
3579 1441 3748 1492 tele-

2162 1528 2386 1594 σθῆναι
2427 1527 2542 1595 τὴν
2571 1530 2886 1595 ἁμαρτίαν,
2922 1529 3022 1582 καὶ
3051 1529 3158 1582 τοῦ
3193 1533 3526 1599 σφραγίσαι
3562 1532 3748 1601 ἀμαρ-

2163 1621 2321 1683 τίαν,
2384 1621 2480 1672 καί
2538 1621 2644 1674 τοῦ
2695 1621 3102 1685 ἐξιλάσασθαι
3158 1623 3420 1687 ἀδικίαν,
3483 1624 3584 1678 καί
3637 1625 3748 1679 τοῦ

2166 1711 2412 1779 ἀγαγεῖν
2433 1712 2834 1781 δικαιοσύνην
2862 1714 3124 1782 αἰώνιον,
3154 1715 3256 1768 καί
3287 1715 3394 1769 τοῦ
3414 1719 3750 1786 σφραγίσαι

2095 1777 2134 1829 Β
2164 1777 2378 1870 ὅρασιν
2434 1805 2532 1857 καὶ
2575 1777 2917 1874 προφήτην,
2971 1808 3069 1861 καὶ
3110 1777 3236 1863 τοῦ
3288 1777 3515 1878 χρῖσαι⁷
3545 1777 3746 1880 ’Ᾰγιον

2161 1897 2365 1964 ἁγίων.
2410 1897 2472 1950 Ὅ
2511 1898 2610 1968 μὲν
2653 1900 2940 1970 προφήτης
2991 1901 3448 1971 προσευχόμενος,
3499 1902 3554 1955 '0
3595 1905 3750 1972 λαός

2162 2007 2302 2053 σου,
2357 1992 2493 2061 πρὸς
2538 1992 2631 2044 τὸν
2674 1993 2808 2045 Θεὸν
2859 1994 3040 2060 ἔλεγε,
3087 1995 3185 2049 καί
3232 1995 3271 2061 ἠ
3303 1996 3482 2061 πόλις
3517 2011 3680 2050 σου⁹
3723 2000 3754 2051 6

2163 2084 2218 2136 δὲ
2275 2083 2508 2151 ἄγγελος
2570 2084 2706 2154 πρὸς
2751 2084 2842 2137 τὸν
2876 2087 3078 2155 Δανιήλ
3121 2103 3318 2156 φησιν·
3358 2087 3421 2142 '0
3449 2090 3603 2154 ,λαός
3631 2104 3753 2143 σου

2163 2178 2259 2229 καὶ
2294 2176 2332 2240 ἡ
2361 2177 2539 2242 πόλις
2578 2193 2716 2242 σου,
2743 2177 2817 2240 ὼς
2850 2179 2924 2249 μὴ
2961 2179 3114 2243 ἀξίου
3140 2179 3293 2243 ὄντος
3340 2180 3436 2234 τοῦ
3471 2181 3604 2235 λαοῦ
3653 2181 3753 2236 τοῦ

2163 2268 2298 2322 Θεοῦ
2345 2268 2656 2323 καλεῖσθαι.
2702 2270 2948 2342 Εὕρηται
2986 2272 3044 2325 δὲ
3082 2273 3288 2343 ὁμοίως
3327 2274 3424 2328 καὶ
3459 2275 3553 2328 ἐπὶ
3587 2277 3758 2330 Matii-

2167 2361 2325 2425 σέως,
2350 2361 2437 2414 ὅτε
2469 2361 2560 2415 τὸν
2589 2363 2789 2432 μόσχον
2820 2365 3150 2434 ποιήσαντες
3183 2365 3234 2418 οἱ
3257 2365 3623 2437 Ἰσραηλῖται,
3662 2368 3759 2420 θυ-

2167 2455 2289 2506 σίαν
2342 2454 2491 2524 αὐτῴ
2526 2457 2932 2526 προσήνεγκαν.
2963 2459 3071 2510 Καὶ
3096 2458 3220 2511 τότε
3251 2459 3361 2528 γάρ
3401 2459 3496 2513 τοῦ
3538 2461 3759 2530 προφή-

2163 2564 2259 2600 του
2309 2547 2593 2616 δεομένου,
2647 2551 2674 2601 6
2718 2549 2851 2612 Θεὸς
2897 2550 3001 2622 ἐφη
3058 2551 3345 2616 ὡσαύτως.
3390 2554 3561 2622 Φησὶν
3595 2554 3694 2608 οὖν
3723 2556 3759 2608 ὁ

2165 2641 2420 2709 ἄγγελος,
2464 2643 2548 2695 ὅτι
2589 2644 2685 2695 καὶ
2731 2643 2762 2712 ή
2812 2643 3180 2714 Ἰερουσαλὴμ
3229 2645 3757 2718 οἰκοδομηθήσεται,

2166 2736 2259 2787 καὶ
2282 2737 2308 2788 6
2336 2735 2464 2796 λαός
2494 2752 2589 2788 σου
2629 2735 3074 2802 ἐπανελεύσεται,
3110 2738 3206 2790 καὶ
3233 2739 3326 2791 ἐπὶ
3362 2739 3455 2810 ἐτη
3485 2742 3761 2809 τετρακό-

2168 2842 2260 2877 σια
2308 2826 2636 2896 ἐνενήκοντα
2683 2826 3058 2895 διαμενοῦσιν.
3096 2830 3162 2882 Αἱ
3209 2831 3321 2900 γάρ
3365 2830 3758 2902 ἐϐδομήκοντα

2167 2918 2463 2987 ἐϐδομάδες
2519 2920 2597 2980 εις
2647 2918 2905 2972 τοσοῦτον
2972 2921 3420 2990 συμψηφίζονται
3487 2924 3757 2995 ἀριθμὸν,

2167 3010 2409 3080 ἑκάστην
2456 3011 2502 3063 δ’
2543 3012 2758 3082 ἡμέραν
2809 3015 2890 3075 είς
2941 3013 3188 3066 ἐνιαυτὸν
3232 3013 3542 3082 ἐλογίσατο.
3577 3015 3652 3068 Τὸ
3695 3017 3760 3070 δὲ

451 3142 462 3152 .
484 3103 704 3170 gniﬁcat
729 3107 1130 3161 inveterascere
1153 3123 1166 3159 :
1207 3106 1274 3160 iis
1290 3108 1474 3161 verbis
1498 3107 1747 3177 designat
1772 3109 2057 3163 audaciam

2168 3103 2614 3173 συνετμήθησαν,
2635 3105 2756 3157 ἀντὶ
2790 3104 2906 3168 τοῦ,
2945 3106 3249 3176 ἐκρίθησαν
3279 3108 3373 3159 καὶ
3404 3107 3755 3178 ὡρίσθησαν,

482 3194 820 3259 Judteorum,
857 3205 912 3250 et
948 3197 1154 3251 rabiem
1186 3208 1378 3252 contra
1407 3199 1721 3253 Dominum.
1751 3200 1885 3255 Nam
1909 3203 2062 3271 prius

481 3287 650 3340 etiam
686 3289 859 3342 multa
908 3291 1121 3344 scelera
1157 3301 1563 3360 perpetrarant,
1603 3309 1912 3362 eorumque
1949 3311 2062 3364 poe-

483 3393 582 3432 nas
601 3377 890 3440 dederant.
927 3381 1021 3434 sed
1055 3384 1294 3436 revocati
1352 3383 1598 3437 fuerunt.
1636 3385 1933 3454 Postquam
1959 3403 2060 3441 au-

484 3483 595 3526 tem
642 3483 833 3529 contra
887 3476 1237 3532 Servatorem
1290 3479 1656 3546 insanierunt,
1692 3491 1748 3535 et
1785 3482 1852 3535 ad
1906 3499 2060 3536 sum-

483 3581 632 3620 mum
659 3567 1028 3636 improbitatis
1067 3581 1463 3639 pervenerunt,
1497 3584 1901 3644 peccatumque
1927 3592 2061 3630 con-

483 3669 850 3725 summarunt,
885 3674 996 3714 non
1033 3663 1272 3730 amplius
1315 3664 1558 3719 revocati
1592 3675 1743 3721 sunt.
1769 3668 2061 3738 Obsignari

389 3789 395 3794 .
484 3759 794 3818 peccatum,
823 3760 879 3805 et
908 3753 1120 3821 expiari
1160 3755 1520 3824 injustitiam,
1559 3758 1834 3828 signiﬁcat
1869 3760 2063 3813 remis-

481 3843 696 3897 sionem
721 3843 1050 3899 delictorum
1101 3863 1130 3900 a
1163 3848 1394 3903 Domino
1436 3850 1504 3904 iis
1551 3848 1833 3916 donatam,
1871 3852 1966 3921 qui
2011 3852 2062 3906 ei

481 3937 735 3991 credunt.
774 3937 873 3993 ilic
904 3941 1052 3995 enim
1083 3948 1187 4004 est,
1211 3942 1304 4011 qui
1346 3943 1493 3996 tollit
1536 3956 1821 4012 peccatum
1848 3946 2061 4000 mundi.

471 4028 617 4082 “Nam
647 4030 926 4100 obsignari
961 4033 1107 4087 idem
1138 4042 1242 4095 est,
1279 4036 1425 4102 quod
1457 4034 1732 4090 desinere.
1775 4037 2065 4092 Adducere

477 4121 752 4189 justitiam
783 4132 1072 4190 aaternam,
1112 4134 1198 4178 est
1240 4125 1420 4194 ipsum
1456 4108 1648 4180 venire
1682 4129 1738 4180 in
1770 4128 2063 4194 mundum,

485 4215 579 4282 qui
611 4224 697 4269 est
726 4216 958 4284 iustitia,
1008 4216 1319 4285 redemptio
1349 4225 1406 4272 et
1459 4218 1851 4275 sanctiﬁcatio.
1903 4219 2063 4275 Obsi-

484 4307 642 4374 gaari
693 4308 960 4362 visionem
1000 4318 1056 4364 et
1088 4310 1456 4379 prophetiam,
1491 4311 1782 4382 signiﬁcat,
1829 4313 2066 4382 prophe-

485 4399 616 4452 tiam
649 4398 925 4456 desiisse:
959 4401 1078 4456 sive
1127 4403 1276 4472 quod
1331 4418 1396 4458 ea
1418 4419 1542 4473 qua:
1584 4421 1614 4460 a
1667 4407 1958 4476 pr0phetis
1996 4407 2066 4462 de

2167 3199 2368 3249 κεῖται.
2405 3197 2552 3259 ’Ἕως
2589 3195 2683 3249 τοῦ
2719 3197 3102 3269 παλαιωθῆναι
3133 3199 3192 3251 τὸ
3229 3200 3613 3270 παράπτωμα,
3655 3204 3759 3254 καὶ

2169 3287 2265 3341 τοῦ
2309 3289 2632 3359 τελεσθῆναι
2673 3289 2773 3361 τὴν
2817 3291 3116 3361 ἁμαρτίαν,
3141 3293 3447 3359 τουτέστιν,
3501 3294 3607 3358 ἓως
3656 3295 3758 3348 τοῦ

2165 3380 2416 3451 χρονίσαι
2445 3382 2541 3437 καὶ
2567 3382 2893 3454 αὐξηθῆναι.
2925 3385 3096 3438 Τοῦτο
3119 3385 3228 3454 γάρ
3252 3384 3403 3456 δηλοῖ
3423 3386 3484 3439 τὸ
3509 3389 3763 3439 παλαιω-

2169 3467 2350 3539 θῆναι,
2380 3472 2474 3524 καὶ
2500 3473 2720 3525 τελείαν
2752 3474 3008 3542 γενέσθαι
3039 3475 3138 3546 τὴν
3173 3477 3473 3548 ἁμαρτίαν.
3507 3479 3606 3531 Διὰ
3630 3480 3765 3532 τού-

2166 3583 2275 3617 των
2311 3565 2367 3617 δὲ
2393 3565 2494 3634 τήν
2517 3567 2658 3620 κατὰ
2690 3567 2783 3620 τοῦ
2811 3569 3018 3638 Κυρίου
3054 3570 3261 3639 τόλμαν
3291 3571 3385 3624 καὶ
3414 3572 3615 3625 λύτταν
3641 3573 3763 3626 τῶν

2167 3659 2443 3712 Ἰουδαίων
2476 3661 2834 3730 παρίστησιν.
2874 3654 3050 3714 Πολλὰ
3082 3663 3181 3731 μὲν
3213 3662 3322 3731 γὰρ
3355 3664 3450 3716 καὶ
3485 3667 3595 3735 προ
3630 3666 3766 3720 τοὺ-

2165 3769 2259 3805 του
2292 3754 2637 3824 ἡμάρτοσαν,
2669 3753 2768 3807 καλ⁵
2809 3754 2964 3818 δίκας
2993 3755 3201 3820 ἔτισαν,
3227 3757 3344 3810 ἀλλ’
3366 3757 3763 3829 άνεκλήθησαν

2167 3839 2347 3907 αὖθις.
2396 3843 2552 3897 Ἐπεὶ
2596 3845 2655 3898 δέ
2708 3845 2849 3898 κατὰ
2895 3845 2989 3898 τοῦ
3025 3847 3279 3916 Σωτῆρος
3320 3848 3622 3919 ἐμάνησαν,
3654 3850 3764 3919 τὴν

2167 3935 2246 3995 εἰς
2285 3934 2513 4004 ἔσχατον
2539 3935 2742 3997 κακίας
2773 3935 3058 4004 ἀφίκοντο,
3093 3939 3189 3990 καὶ
3215 3939 3402 4006 ἐντελῆ
3432 3939 3533 4009 τὴν
3569 3939 3764 4010 ἁμαρ-

2167 4026 2288 4079 τίαν
2323 4027 2672 4095 είργάσαντο,
2709 4027 2898 4080 οὐκέτι
2941 4027 3296 4096 ἀνακλήσεως
3336 4028 3552 4098 ἔτυχον.
3591 4031 3668 4083 T6
3701 4031 3760 4085 δὲ

2171 4119 2477 4188 σφραγίσαι
2519 4119 2797 4190 ἁμαρτίαν
2848 4120 2943 4173 καὶ
2977 4121 3335 4186 ἐξιλάσασθαι
3377 4118 3619 4185 ἀδικίαν,
3656 4124 3759 4196 τὴν

2167 4212 2366 4280 ἄφεσιν
2398 4213 2553 4282 δηλοῖ
2579 4215 2689 4267 τῶν
2725 4214 3112 4285 πταισμάτων,
3143 4212 3246 4286 τὴν
3290 4217 3442 4284 παρά
3487 4217 3585 4268 τοῦ
3641 4218 3757 4270 Ku-

2170 4307 2294 4375 ρίου
2336 4307 2725 4379 δεδωρημένην
2741 4310 2857 4371 τοῖς
2885 4307 3239 4362 πιστεύουσιν
3269 4309 3348 4370 εἰς
3377 4309 3565 4362 αὐτόν.
3585 4305 3760 4372 οὗτος

2168 4399 2278 4471 γάρ
2309 4400 2462 4452 ἐστιν
2505 4401 2534 4451 6
2588 4400 2767 4470 αἴρων
2813 4399 2914 4468 τὴν
2955 4397 3239 4469 ἁμαρτίαν
3279 4397 3376 4451 τοῦ
3410 4399 3645 4467 κόσμου.
3682 4400 3758 4452 T6

483 4489 706 4544 Christo
761 4493 1019 4561 praedicta
1069 4495 1334 4561 fuerunt,
1385 4499 1696 4563 evenerint,
1745 4499 1862 4553 sive
1913 4498 2058 4569 quod

2171 4496 2279 4565 γὰρ
2325 4495 2628 4564 σφραγίσαι
2693 4492 2788 4547 τοῦ
2840 4493 3119 4550 παυθῆναι
3167 4495 3534 4565 σημαντικόν.
3583 4495 3660 4548 T6
3699 4497 3758 4550 δὲ

481 4584 788 4653 prophetia:
838 4586 1044 4640 donum
1114 4590 1258 4658 apud
1316 4591 1538 4645 Judaeos
1607 4591 1883 4653 desierit,
1947 4593 2065 4647 sive

484 4685 808 4747 utrumque.
849 4680 1008 4751 134.
1035 4682 1168 4736 Nam
1201 4682 1457 4739 Christus
1477 4700 1602 4739 cum
1638 4685 1900 4750 venisset,
1933 4701 2064 4755 pro-

485 4770 703 4840 phetias
725 4772 1053 4843 obsignavit,
1085 4775 1189 4830 hoc
1235 4787 1339 4844 est,
1374 4777 1623 4846 implevit
1657 4789 1713 4833 et
1759 4780 2063 4834 conﬁrma-

483 4863 583 4927 vit,
622 4873 787 4934 atque
817 4867 984 4921 etiam
1023 4869 1360 4924 terminavit.
1391 4869 1580 4939 Neque
1599 4871 1747 4925 enim
1776 4872 1888 4942 jam
1913 4871 2061 4942 apud

475 4971 582 5011 eos
603 4955 864 5028 princeps
886 4967 990 5026 est,
1021 4959 1292 5034 propheta
1321 4973 1416 5016 aut
1451 4962 1584 5016 dux.
1638 4962 1707 5017 Et
1737 4963 1940 5017 adduci
1964 4963 2058 5032 ju-

477 5049 692 5104 stitiam
723 5060 1010 5114 aeternam,
1053 5062 1138 5107 est
1173 5053 1347 5122 ipsius
1378 5055 1595 5108 Domini
1645 5064 1701 5109 et
1749 5055 2060 5110 Servatoris

483 5145 659 5199 nostri
705 5145 976 5200 adventus
1000 5187 1015 5212 ,
1050 5148 1161 5216 qui,
1221 5154 1281 5200 ut
1310 5146 1612 5216 Apostolus
1645 5147 1740 5209 ait,
1774 5149 1932 5201 datus
1983 5156 2059 5201 est

483 5241 629 5294 nobis
652 5241 916 5310 sapientia
946 5258 980 5294 a
1021 5241 1156 5297 Deo.
1201 5243 1414 5312 justitia
1440 5283 1456 5308 ,
1506 5239 1862 5310 sanctiﬁcatio
1902 5247 1951 5295 et
1984 5258 2060 5296 re-

483 5331 712 5403 demptio
753 5333 794 5385 ⁷.
856 5333 1036 5404 Atque
1095 5333 1224 5388 alibi
1289 5335 1357 5388 de
1407 5334 1701 5404 Evangelio
1758 5333 2056 5389 scribens:

485 5423 723 5488 Iustitia,
765 5426 967 5496 inquit,
1027 5427 1082 5479 in
1113 5442 1171 5480 eo
1221 5425 1488 5479 revelatur
1505 5425 1546 5479 ⁸.
1583 5424 1846 5479 Dominus
1889 5439 2058 5496 porro

485 5515 668 5581 docet,
715 5533 944 5587 regnum
997 5519 1093 5573 Dei
1148 5518 1446 5588 petendum
1475 5532 1618 5584 esse,
1678 5527 1736 5572 et
1785 5518 2057 5588 justitiam

481 5605 623 5674 ejus,
658 5621 821 5675 quam
856 5607 973 5678 ipse
1000 5607 1250 5671 adduxit,
1281 5623 1489 5677 suaque
1530 5608 1784 5664 doctrina
1815 5609 2050 5678 aperuit.

491 5829 493 5831 ·
557 5811 578 5842 ⁷
616 5810 634 5865 l
666 5809 792 5868 Cor.
827 5829 865 5875 ι.
900 5815 990 5870 50.
1067 5816 1086 5846 ⁸
1119 5812 1276 5870 Rom.
1317 5814 1469 5877 1,17.

2167 4589 2401 4655 ἀγαγεῖν
2431 4587 2786 4658 δικαιοσύνην
2822 4586 3042 4640 αἰώνιον
3083 4592 3145 4641 τὸ
3188 4587 3360 4641 αὒτὺν
3402 4590 3484 4651 εἰς
3526 4589 3621 4641 τὸν
3667 4591 3762 4643 κό-

2169 4697 2308 4752 σμον
2347 4679 2550 4743 ἐλθεῖν,
2601 4680 2660 4742 ὃς
2712 4681 2830 4733 ἐστι
2865 4679 3184 4750 δικαιοσύνη
3229 4679 3324 4733 καὶ
3369 4679 3757 4751 ἀπολύτρωσις

2163 4777 2258 4828 καὶ
2287 4772 2585 4843 ἁγιασμὸς.
2615 4772 2688 4824 Τὸ
2727 4773 2911 4842 μέντοι
2940 4773 3244 4842 σφραγίσαι
3281 4771 3470 4842 ὅρασιν
3501 4775 3596 4825 καὶ
3619 4792 3756 4844 προ-

2164 4870 2344 4938 φήτην
2382 4868 2443 4920 τὸ
2472 4865 2630 4927 τέλος
2659 4864 2956 4935 ἐσχηκέναι
3009 4866 3107 4928 τάς
3139 4866 3480 4936 προφητείας
3511 4867 3685 4936 δηλοῖ,
3719 4869 3752 4940 ἢ

2165 4964 2250 5016 ὅτι
2297 4962 2364 5015 τὰ
2410 4959 2542 5030 παρ’
2574 4959 2787 5012 ἐκείνου
2841 4958 2973 5030 περὶ
3021 4959 3116 5011 τοῦ
3160 4960 3400 5028 Χριστοῦ
3445 4959 3754 5030 λαληθέντα

2167 5055 2493 5126 ἐκῦἐὸηκεν,
2530 5054 2564 5124 ἢ
2597 5053 2679 5107 ὅτι
2717 5051 2778 5105 τὸ
2817 5051 2917 5122 τῆς
2962 5049 3304 5121 προφητείας
3351 5051 3603 5120 χάρισμα
3636 5054 3753 5115 τοῖς

2167 5146 2447 5207 Ἰουδαίοις
2489 5143 2827 5207 ἐκλέλοιπεν,
2859 5143 2891 5214 ἢ
2933 5145 3028 5196 καὶ
3055 5142 3365 5212 ἀμφότερα.
3397 5141 3603 5194 Ἐλθὼν
3641 5143 3756 5213 γάρ

2168 5242 2198 5293 6
2245 5238 2481 5309 Χριστὸς
2522 5235 2622 5298 τὰς
2666 5235 3004 5307 προφητείας
3057 5235 3412 5304 ἐσφράγισεν,
3453 5233 3752 5305 ἐπλήρωσε

2168 5331 2391 5401 δηλαδὴ,
2439 5329 2533 5381 καὶ
2589 5325 2908 5392 ἐϐεϐαίωσε,
2963 5326 3059 5379 καὶ
3104 5327 3292 5394 μέντοι
3341 5327 3436 5378 καὶ
3487 5326 3752 5379 ἔπαυσεν.

2169 5423 2368 5476 Οὐκέτι
2411 5421 2520 5490 γὰρ
2553 5419 2685 5490 παρ’
2708 5419 2895 5483 αὐτοῖς
2926 5420 3133 5488 ἅρχων,
3176 5419 3271 5471 καὶ
3309 5417 3618 5489 προφήτης.
3654 5418 3752 5470 καὶ

2167 5514 2498 5585 ἡγούμενος.
2541 5513 2652 5566 Καὶ
2709 5513 2936 5579 ἀγαγεῖν
2967 5510 3318 5581 δικαιοσύνην
3348 5509 3589 5576 αἰώνιον,
3625 5510 3749 5580 ἥτις

2167 5607 2330 5670 αὑτός
2357 5607 2508 5659 ἐστιν
2535 5607 2563 5659 ὁ
2593 5603 2796 5677 Κύριος
2826 5604 2987 5676 ἡμῶν
3029 5605 3124 5659 καὶ
3162 5605 3375 5676 Σωτήρ.
3415 5603 3476 5660 Ὀ
3509 5604 3609 5674 μὲν
3639 5603 3750 5674 γὰρ
